1955 3063
227 121 296 150 16ζὸ

458 175 627 204 EPISTOLA
645 175 788 204 LXXVIII.

567 223 671 250 Eidem.

262 269 335 297 Nihil
346 268 489 303 Pentapoli
503 267 599 296 utilius
610 275 674 295 esse
693 271 794 303 potest,
809 275 890 302 quam
906 271 936 295 ut
951 267 1016 295 boni

226 315 277 344 viri
291 315 368 350 juxta
381 335 389 348 ,
406 319 433 342 et
450 314 552 341 milites
574 313 739 348 Unnigardae
754 314 861 341 caeteris
882 313 1016 340 militibus

226 365 440 397 anteponantur,
462 367 519 387 non
539 359 676 395 indigenis
697 359 794 391 modo,
813 359 862 387 sed
879 362 1016 394 quotquot

227 415 348 442 unquam
365 406 516 434 auxiliares
536 404 571 432 ad
587 413 618 433 ea
634 406 694 433 loca
712 405 828 440 profecti
852 409 925 432 sunt.
947 404 1015 431 Nam

225 454 272 481 isti
291 453 377 480 multo
397 452 491 487 plures
506 458 569 479 cum
591 451 771 486 paucioribus
792 451 920 478 hostibus
945 457 1016 478 nun-

225 506 308 534 quam
328 497 459 525 audacter
476 503 587 524 manum
603 500 821 530 conseruerunt;
839 496 879 522 illi
898 503 964 523 vero
988 495 1016 521 in

227 551 313 574 totum
329 544 511 580 quadraginta
529 544 570 571 bis
583 543 640 579 jam
652 563 660 576 ,
689 547 764 570 terve
778 550 841 570 cum
857 542 1016 570 hominibus

227 592 345 626 amplius
369 591 462 622 mille,
486 590 542 618 Deo
556 597 589 617 ac
611 593 639 617 te
652 589 716 617 l'reti
736 589 918 624 imperatore,
935 588 1016 615 dimi-

226 641 324 665 carunt
337 656 343 667 .
363 636 553 671 maximasque
572 639 599 663 et
620 635 744 670 insignes
771 634 903 662 victorias
924 641 1017 669 repor-

227 686 331 710 taruut.
352 682 388 709 Ex
406 682 533 709 barbaris
548 688 613 709 vero
622 681 780 716 quicunque
790 683 1014 715 comparuerant,

227 729 288 757 aliis
304 728 401 760 caesis,
417 728 505 763 pulsis
525 727 587 754 aliis
599 747 606 759 ,
629 727 656 754 in
674 727 757 754 editis
775 726 923 761 provinciae
946 725 1016 754 locis

225 774 376 806 oberrant;
404 777 432 800 et
457 772 625 807 irruptiones
654 773 822 804 observant,
854 779 954 799 canum
987 773 1016 800 in

227 826 330 847 morem
352 826 368 846 e
393 817 481 845 caulis
505 817 694 852 prosilientes,
721 824 756 844 ne
773 816 831 844 fera
854 817 883 844 in
905 823 1015 852 gregem

226 866 356 899 impetum
373 863 467 891 faciat.
493 862 548 890 Sed
570 863 654 898 pudet
672 870 722 890 nos
744 862 918 898 egregiorum
941 862 1015 889 mili-

227 915 284 937 tum
295 929 302 941 ,
318 910 365 944 qui
380 910 407 936 in
424 909 568 937 laboribus
582 908 671 937 nostri
691 915 774 936 causa
786 909 910 936 toleratis
927 908 1016 944 lacry-

227 963 302 983 mare
325 959 471 991 coguntur.
504 954 571 987 Quae
592 954 666 982 enim
693 953 728 982 ad
751 962 803 982 nos
833 954 1015 989 scripserunt,

226 1001 354 1036 equidem
375 1008 431 1028 non
456 999 516 1028 sine
540 999 617 1035 gravi
635 1006 756 1027 maerore
776 1007 840 1027 cum
857 999 1017 1035 legerentur

227 1047 321 1075 audire
336 1045 422 1082 potui,
437 1053 546 1081 aequum
556 1049 650 1074 autem
665 1045 787 1073 arbitror
801 1053 890 1080 neque
904 1045 1016 1073 illorum

227 1102 242 1121 a
257 1099 283 1122 te
304 1100 399 1128 preces
418 1092 530 1128 negligi.
548 1092 572 1119 Α
586 1096 614 1120 te
626 1091 698 1119 enim
715 1099 765 1127 per
788 1099 840 1119 nos
852 1112 860 1124 ,
883 1099 915 1119 ac
929 1099 977 1127 per
991 1095 1016 1119 te

226 1141 262 1168 ab
278 1140 444 1179 imperatore
459 1138 510 1166 hoc
522 1138 680 1174 postulant;
696 1137 770 1173 quod
788 1138 830 1166 vel
844 1137 912 1172 ipsis
926 1141 1018 1165 tacen-

227 1186 302 1214 tibus
314 1185 421 1213 eﬂicere
442 1192 492 1213 nos
505 1184 646 1220 oportuit,
673 1188 703 1211 ut
725 1191 759 1212 ne
773 1185 807 1212 ad
822 1184 1015 1220 indigenarum

226 1239 357 1260 numeros
372 1231 558 1259 ascribantur.
574 1230 641 1258 Tam
658 1230 732 1259 enim
743 1230 815 1263 sibi,
833 1237 915 1266 quam
934 1230 1015 1257 nobis

226 1278 338 1306 inutiles
349 1280 441 1308 erttnt,
458 1277 483 1304 si
497 1277 674 1312 imperatOris
685 1276 835 1304 donatione
848 1276 1014 1311 spolientur;

227 1324 309 1360 224
328 1325 351 1353 si
373 1331 461 1360 neque
482 1330 618 1359 equorum
644 1322 865 1358 supplementum
888 1321 1016 1354 habeant,

227 1378 278 1398 nec
290 1377 431 1397 annorum
444 1373 617 1404 apparatum,
635 1375 686 1395 nec
701 1371 840 1402 sumptum
851 1366 1016 1394 militaribus

227 1414 386 1442 hominibus
402 1417 616 1449 compctentem.
631 1411 670 1440 Ne
680 1431 687 1444 ,
704 1419 814 1447 quasso,
827 1415 857 1439 tu
868 1431 876 1443 .
891 1413 939 1447 qui
953 1419 1015 1439 cum

227 1460 263 1487 iis
272 1459 398 1487 omnium
410 1458 562 1486 fortissime
576 1461 602 1485 te
612 1456 734 1492 gessisti,
748 1464 783 1484 ne
794 1456 896 1483 milites
910 1456 1017 1492 patiare

227 1505 386 1534 inferiorem
407 1504 435 1532 iu
453 1504 578 1533 ordinem
594 1502 734 1539 regradari
745 1521 753 1535 .
773 1501 823 1548 sed
890 1502 1014 1548 praemiis
1028 1519 1049 1548 ο

227 1558 402 1587 nequaquam
424 1549 562 1582 fraudati,
589 1548 695 1584 integra
716 1554 749 1574 ac
772 1547 864 1575 stabili
881 1546 1015 1582 dignitate

227 1598 388 1633 persistant.
403 1595 481 1630 Quod
505 1594 615 1631 quidem
639 1594 684 1621 [iet
696 1613 704 1626 ,
728 1593 752 1621 si
768 1600 802 1621 ex
817 1597 864 1620 tua
882 1592 1015 1620 relatione

227 1642 462 1671 clementissimus
484 1641 638 1676 imperator
649 1639 789 1670 didicerit,
807 1646 889 1674 quant
908 1638 925 1665 ii
942 1637 1014 1665 Pen-

227 1688 313 1724 tapoli
341 1688 425 1716 utiles
451 1685 618 1715 exstiterint.
650 1685 722 1718 Quin
752 1683 827 1711 aliud
853 1683 933 1711 nobis
960 1683 1015 1711 tuis

228 1734 329 1762 litteris
347 1733 382 1761 ab
405 1733 573 1768 imperatore
596 1730 756 1766 postulato.
778 1729 817 1757 uti
843 1736 858 1756 c
879 1733 907 1757 et
930 1736 963 1756 ιι
982 1729 1014 1755 ad

228 1779 413 1816 quadraginta
430 1779 492 1806 illos
505 1777 681 1813 adjiciantur.
699 1775 768 1809 Quis
779 1775 853 1803 enim
871 1783 926 1803 non
936 1795 943 1807 ,
957 1775 1016 1811 opi-

227 1826 334 1853 tulante
358 1824 434 1856 Deo.
458 1823 614 1852 certissimo
628 1822 750 1855 dixerit,
778 1821 912 1849 ducentos
930 1819 1015 1848 Unni-

227 1871 329 1906 gardas
364 1870 456 1898 animo
495 1869 529 1896 iis
559 1875 592 1895 ac
625 1875 708 1895 manu
747 1867 872 1900 similes,
898 1875 1015 1902 quorum

229 1917 364 1952 imprimis
389 1915 586 1943 humanitatem
601 1913 793 1941 eollaudamus
805 1933 813 1946 ,
830 1913 900 1941 duce
916 1918 943 1941 te
963 1914 1015 1941 im-

228 1963 348 1997 peratori
372 1961 406 1988 ad
422 1959 614 1989 debellandum
629 1966 693 1986 cum
711 1958 875 1987 Ausurianis
891 1959 1017 1987 hostibus

228 2009 344 2037 idoneos
379 2007 506 2035 futuros?
526 2005 594 2034 Nam
636 2005 702 2041 quid
739 2005 892 2034 delectibus
921 2006 1017 2034 multis

227 2062 297 2089 opus
325 2057 382 2086 est,
414 2057 442 2082 et
464 2052 565 2080 annuis
596 2051 753 2087 sumptibus
782 2051 812 2079 in
845 2051 928 2087 hujus
964 2053 1018 2081 loci

227 2100 384 2128 exercitus?
397 2099 525 2127 Manibus
537 2097 572 2126 ad
583 2098 687 2127 bellum
703 2105 773 2133 opus
786 2101 839 2131 est,
856 2105 911 2126 non
924 2099 1018 2128 multis

228 2145 398 2172 nominibus.

747 120 881 149 SYNESII
901 119 1136 149 PTOLEMAIDIS
1155 120 1310 149 EPISCOPI

1029 180 1053 207 A

1795 120 1868 148 HM

1331 178 1504 205 EHIETOAH
1527 179 1590 206 OH'.

1355 225 1397 257 Τῷ
1413 224 1494 257 αὐτῷ
1509 225 1574 258 (to).

1102 269 1186 296 Οὐδὲν
1211 269 1246 296 ἂν
1268 270 1372 304 γένοιτο
1395 270 1563 297 Πενταπόλει
1577 270 1801 305 λυσιτελέστερον
1816 270 1866 296 τοῦ

1067 316 1130 347 τοὺς
1140 316 1258 349 ἀγαθοὺς
1274 316 1322 342 καὶ
1338 316 1438 351 ἄνδρας
1452 316 1500 343 καὶ
1526 315 1695 351 στρατιώτας
1709 316 1866 350 υῦννιγάρ-

1066 361 1114 393 δας
1145 362 1362 398 προτετιμῆσθαι
1389 362 1498 389 πάντων
1529 362 1722 397 στρατιωτῶν,
1747 362 1780 388 οὐ
1811 361 1865 388 τῶν

1066 406 1208 441 ἐγχωρίων
1237 407 1392 443 λεγομένων
1409 407 1500 442 μόνον,
1517 407 1585 434 ἀλλὰ
1610 407 1656 435 καὶ
1676 407 1734 434 ὅσοι
1750 406 1864 433 πώποτε

1067 451 1137 478 κατὰ
1154 453 1310 488 συμμαχίαν
1335 453 1375 485 είς
1400 453 1495 480 τούσδε
1518 454 1581 485 τοὺς
1597 453 1696 485 τόπους
1720 453 1864 488 ἀφίκοντο.

1073 498 1188 525 Ἐκεῖνοι
1205 499 1254 533 μὲν
1268 499 1322 535 γὰρ
1334 499 1504 526 οὐδεπώποτε
1523 499 1720 526 πολλαπλάσιοι
1737 499 1797 535 [γρ.
1812 507 1863 525 πο-

1066 543 1220 580 λυπλάσιοι]
1235 544 1358 571 ἐλάττοσι
1375 545 1429 571 τῶν
1443 544 1580 580 πολεμίων
1601 545 1670 579 μετὰ
1684 545 1732 571 τοῦ
1748 545 1863 580 θαρῤεἰν

1067 591 1286 626 συνηνέχθησαν·
1304 588 1377 618 οὗτοι
1400 591 1429 617 δὲ
1453 591 1494 622 δὶς
1515 591 1564 626 ἤδη
1579 591 1627 618 καὶ
1649 591 1710 626 τρὶς
1730 591 1802 625 πρὸς
1818 590 1863 616 άν-

1066 634 1132 670 δρας
1155 634 1225 670 ὑπὲρ
1245 635 1347 670 χιλίους
1361 635 1406 661 τὸν
1420 635 1547 671 ἀριθμὸν,
1572 635 1647 670 μόνοι
1658 634 1864 670 τετταράκοντα

1068 680 1138 715 μετά
1155 679 1202 707 τοῦ
1217 680 1285 707 Θεοῦ
1308 681 1355 707 καὶ
1372 680 1418 707 σοῦ
1438 680 1592 717 στρατηγοῦ
1606 680 1806 716 παρετάξαντο,
1817 679 1862 707 καὶ

1066 725 1146 756 νίκας
1158 724 1209 756 τὰς
1228 725 1360 760 μεγίστας
1377 725 1423 751 καὶ
1437 725 1582 756 καλλίστας
1595 724 1742 751 ἀνείλοντο.
1759 724 1823 750 Τῶν
1836 725 1864 750 δὲ

1066 771 1106 802 είς
1116 770 1178 805 ὄψιν
1196 770 1286 802 αὐτοῖς
1299 770 1429 797 ὲλθόντων
1445 769 1592 805 βαρϐάρων
1610 770 1673 801 τοὺς
1688 769 1738 805 μὲν
1754 770 1863 796 Etme

1066 816 1186 849 λεκότες,
1205 816 1268 848 τοὺς
1282 816 1311 843 δὲ
1334 815 1547 852 ἀπεληλακὸτες,
1567 815 1603 842 τά
1617 824 1647 842 τε
1665 816 1793 850 μετέωρα
1815 816 1864 851 τῆς

1066 861 1159 898 χώρας
1170 861 1211 888 ἔτι
1225 861 1424 896 περινοστοῦσι,
1440 861 1487 888 καὶ
1501 861 1551 893 τὰς
1567 861 1692 892 εἰσϐολὰς
1708 861 1765 887 τῶν
1781 862 1865 888 πολε-

1068 907 1136 943 μίων
1149 908 1339 943 φυλάττουσιν,
1359 908 1453 944 ὥσπερ
1470 907 1604 939 σκύλακες
1623 907 1709 943 αὐλῆς
1725 907 1863 942 προπηδὴ-

1067 963 1173 987 σαντες,
1191 953 1266 989 ὲφίἶ)
1281 954 1374 989 θηρίον
1388 954 1438 981 οὐκ
1459 953 1593 981 ἐναλεῑται
1606 955 1639 989 τῇ
1658 954 1773 988 ποίμνῃ.
1792 952 1863 979 Ἀλλ’

1067 1000 1148 1035 ἡμεῖς
1158 999 1341 1035 αἰσχυνόμεθα
1351 999 1414 1031 τοὺς
1426 1000 1564 1036 ἀριστέας,
1577 1000 1605 1025 ὲν
1618 999 1708 1030 αὐτοῖς
1719 1001 1778 1030 τοῖς
1791 998 1863 1033 ὑπὲρ

1066 1047 1145 1082 ἡμῶν
1163 1046 1255 1082 ἱδρῶσι
1282 1046 1460 1082 δακρύοντας.
1487 1045 1538 1073 Οἷα
1561 1046 1615 1081 γὰρ
1631 1046 1678 1072 καὶ
1702 1045 1863 1080 γεγράφασι

1067 1093 1136 1128 πρὸς
1148 1093 1232 1128 ἡμᾶς,
1247 1092 1303 1127 ἐγὼ
1324 1092 1374 1128 μὲν
1393 1093 1443 1119 οὐκ
1463 1092 1577 1124 ἀπαθῶς
1596 1091 1862 1126 ἀναγινωσκομένων

1067 1138 1173 1172 ἀκήκοα
1193 1147 1200 1153 ·
1215 1137 1284 1170 άξιῶ
1302 1137 1330 1164 δὲ
1349 1137 1417 1173 μηδὲ
1433 1137 1463 1164 σὲ
1481 1138 1532 1172 τὴν
1548 1137 1651 1164 ἱκεσίαν
1676 1137 1768 1163 αὐτῶν
1787 1145 1863 1171 παρ-

1068 1183 1142 1211 ιδεῖν.
1157 1184 1268 1210 Δέονται
1284 1183 1338 1218 γὰρ
1349 1183 1382 1218 δὴ
1395 1182 1441 1210 σοῦ
1459 1183 1508 1218 μὲν
1526 1183 1559 1210 δι’
1571 1182 1661 1218 ἡμῶν,
1680 1182 1818 1217 βασιλέως
1833 1182 1862 1207 δὲ

1066 1230 1111 1257 διὰ
1123 1229 1170 1256 σοῦ
1179 1229 1286 1264 δέησιν,
1300 1230 1333 1265 ῆν
1358 1229 1431 1260 είκδς
1447 1229 1521 1264 ἡμᾶς
1534 1226 1578 1264 ἦν,
1598 1229 1711 1255 ἐκείνων
1737 1229 1863 1255 σιωπών-

1066 1284 1130 1307 των,
1145 1274 1320 1310 ποιήσασθαι,
1337 1275 1374 1311 μὴ
1403 1274 1587 1309 καταλεγῆναι
1604 1275 1668 1306 τοὺς
1683 1275 1785 1310 ἄνδρας
1799 1276 1861 1310 ἀρι-

1067 1320 1144 1356 θμοῖς
1174 1321 1328 1356 ἐγχωρίοις.
1358 1321 1474 1356 ’Δχρεῖοι
1490 1321 1545 1357 γὰρ
1569 1321 1602 1347 ἂν
1627 1321 1734 1352 ἑαυτοῖς
1750 1329 1782 1347 τε
1815 1321 1862 1348 καὶ

1067 1367 1132 1402 ἡμῖν
1155 1366 1286 1401 γένοιντο,
1310 1367 1364 1393 τῶν
1385 1367 1532 1401 βασιλικῶν
1546 1366 1655 1402 δωρεῶν
1673 1367 1860 1402 ἀφῃρημένοι,

1067 1413 1090 1438 εὶ
1110 1413 1178 1447 μήτε
1186 1413 1278 1439 ἵππων
1297 1411 1387 1444 ἕξουσι
1401 1411 1459 1448 [τρ.
1480 1412 1528 1439 καὶ
1541 1412 1605 1448 μήθ’
1619 1413 1711 1439 ἵππων
1736 1411 1859 1448 ἔχοντες]

1066 1458 1207 1494 διαδοχὴν,
1228 1459 1297 1494 μήτε
1323 1458 1414 1485 ὃπλων
1439 1459 1625 1494 παρασκευὴν,
1642 1458 1711 1493 μήτε
1735 1458 1861 1493 δαπάνην

1066 1505 1229 1538 ἀγωνισταῖς
1246 1505 1374 1541 ἀνδράσιν
1399 1504 1547 1540 ἀρκοῦσαν.
1571 1505 1617 1539 Μὴ
1640 1503 1674 1530 σύ
1690 1512 1741 1538 γε,
1757 1501 1780 1530 ὦ
1803 1505 1860 1536 μετ’

1066 1552 1156 1578 αὐτῶν
1178 1550 1290 1587 ἀριστεῦ
1314 1550 1370 1586 [γρ.
1394 1549 1575 1586 ἀριστεύων],
1594 1550 1631 1585 μὴ
1657 1549 1783 1585 περιίδῃς
1798 1550 1860 1581 τοὺς

1067 1596 1235 1633 στρατιώτας
1254 1597 1294 1628 είς
1321 1596 1484 1631 ἀτιμοτέραν
1510 1595 1587 1628 τάξιν
1609 1594 1784 1631 χωροῦντας·
1803 1594 1859 1621 ἀλλ’

1066 1639 1138 1669 οὗτοι
1153 1650 1182 1668 τε
1209 1641 1342 1677 μενόντων
1363 1641 1456 1668 ἄσυλοι
1473 1641 1527 1668 τῶν
1540 1641 1628 1676 γερῶν
1651 1642 1680 1667 ὲν
1695 1640 1800 1676 βεϐαίῳ
1811 1640 1860 1675 τῆς

1066 1688 1199 1724 πρότερον
1216 1687 1305 1720 ἀξίας.
1323 1688 1355 1714 ⁸0
1370 1687 1468 1722 γένοιτ’
1487 1687 1537 1721 ἂν,
1559 1689 1583 1713 εἰ
1600 1687 1644 1714 διὰ
1663 1687 1712 1723 τῆς
1726 1687 1777 1722 σῆς
1792 1687 1862 1713 dva-

1067 1733 1152 1769 φορᾶς
1165 1733 1178 1759 ό
1194 1732 1450 1768 φιλανθρωπότατος
1464 1731 1541 1767 ἡμῶν
1555 1731 1681 1766 βασιλεὺς
1698 1732 1792 1767 μάθοι,
1814 1731 1862 1758 πό-

1067 1787 1113 1806 σον
1125 1779 1221 1813 δφελος
1244 1778 1369 1813 ἐγένοντο
1392 1778 1560 1805 Πενταπόλει
1574 1786 1580 1793 ·
1592 1777 1638 1804 καὶ
1654 1777 1767 1812 δεήθητι
1781 1777 1861 1812 βασι-

1066 1825 1135 1857 λέως
1159 1825 1230 1861 ὑπὲρ
1247 1825 1336 1860 ἡμῶν,
1356 1826 1384 1851 ὲν
1404 1826 1460 1856 τοῖς
1484 1824 1583 1851 σαυτοῦ
1606 1825 1753 1859 γράμμασι
1768 1823 1860 1858 δέησιν

1067 1871 1173 1907 ἑτέραν,
1200 1871 1299 1906 ἄνδρας
1313 1870 1411 1898 ἑκατὸν
1427 1870 1560 1906 ἐξήκοντα
1582 1871 1639 1902 τοῖς
1656 1870 1860 1906 τετταράκοντα

1066 1917 1172 1949 τούτοις
1196 1916 1390 1952 προστεθῆναι,
1411 1917 1488 1944 Μετὰ
1512 1916 1559 1943 τοῦ
1575 1916 1654 1947 Θεοῦ,
1672 1916 1713 1947 τίς
1734 1916 1787 1943 οὐκ
1802 1915 1859 1951 [γρ.

1067 1961 1108 1993 τίς
1123 1961 1168 1997 ἃν]
1185 1961 1218 1988 ἂν
1245 1961 1415 1996 άποφήναιτο
1429 1961 1583 1992 διακοσίους
1601 1960 1800 1995 οὖννιγάρδας,
1815 1962 1861 1986 καὶ

1067 2007 1180 2043 γνώμην
1199 2007 1247 2034 καὶ
1271 2008 1351 2042 χεῖρα
1376 2007 1482 2038 τούτοις
1508 2005 1724 2041 παραπλησίους,
1747 2002 1786 2032 ὥν
1812 2007 1861 2041 οὐχ

1066 2053 1166 2089 ἥκιστα
1182 2052 1348 2088 ἐπαινοῦμεν
1357 2052 1388 2078 τὸ
1404 2053 1490 2088 πρᾶον
1498 2052 1549 2087 τῆς
1559 2051 1681 2087 γνώμης,
1694 2051 1742 2078 σοῦ
1759 2060 1860 2086 στρατ-

1067 2098 1211 2134 ηγοῦντος⁹
1229 2098 1359 2133 ἀρκέσειν
1377 2098 1417 2129 εἰς
1433 2097 1464 2123 τδ
1491 2097 1725 2132 διαπολεμηθῆναι
1753 2096 1789 2131 βα
1796 2097 1862 2123 nisi

1067 2144 1113 2171 τὸν
1134 2144 1293 2179 *Ασυριανὸν
1318 2143 1352 2179 [Ῑ.
1376 2143 1569 2179 Αὑσουριανδν]
1598 2143 1735 2178 πόλεμον;
1762 2143 1821 2169 Καὶ
1835 2142 1861 2168 τί

225 2191 266 2217 δεῖ
286 2190 443 2225 καταλόγων
476 2189 596 2222 πολλῶν,
629 2189 676 2216 καὶ
699 2189 750 2225 τῆς
773 2189 908 2226 φοιτώσης
942 2192 1001 2218 κατ’
1031 2192 1152 2221 ἐνιαυτὸν
1180 2191 1302 2226 δαπάνης
1322 2192 1378 2222 τοῖς
1401 2190 1493 2218 ἐνθάδε
1516 2190 1700 2226 στρατεύμασι
1718 2199 1726 2223 ;
1751 2189 1861 2225 Σειρῶν

226 2239 268 2266 δεῖ
280 2239 318 2274 τῷ
334 2238 454 2274 πολέμῳ,
464 2238 510 2265 καὶ
522 2238 572 2264 οὐκ
588 2237 727 2272 ὀνομάτων
740 2237 854 2265 πολλῶν.

457 2294 622 2323 EPISTOLA
648 2295 767 2323 LXXIX.

542 2351 698 2377 Anastasio.

262 2398 319 2434 Ego
333 2397 402 2425 nihil
430 2396 545 2432 Evagrio
572 2396 734 2432 presbytero
763 2396 896 2432 prodesse
909 2397 987 2432 potui
1006 2405 1012 2422 :

228 2451 290 2471 nam
322 2450 374 2471 nec
409 2441 503 2477 inique
538 2448 733 2477 oppressorum
763 2442 840 2470 alteri
876 2442 1015 2477 cuiquam.

227 2488 333 2516 Etenim
351 2486 511 2515 dominatur
528 2486 601 2521 apud
626 2493 677 2515 nos
697 2486 890 2515 Beronicensis
910 2486 1017 2514 Andro-

226 2534 322 2566 nicus,
340 2531 529 2560 exsecrandus
549 2531 649 2564 homo,
666 2535 694 2560 et
708 2533 830 2559 animum
847 2535 874 2559 et
889 2531 1011 2566 linguam

227 2577 443 2605 consceleratam
462 2583 572 2611 gerens.
602 2575 653 2608 Qui
676 2576 748 2611 quod
775 2576 910 2611 nteipsum
934 2575 1013 2602 nihili

227 2621 302 2655 facit,
317 2622 375 2650 leve
391 2627 418 2650 et
440 2621 672 2649 contemnendum
695 2625 748 2655 est,
767 2622 814 2649 sed
829 2621 933 2656 pudere
949 2629 1012 2648 eutn

1030 2299 1052 2326 Ξ)

1337 2291 1509 2317 ΕΠΙΣΤΟΛΗ
1527 2290 1586 2317 ΟΘ¹.

1363 2347 1559 2378 Ἀναστασίῳ.

1100 2393 1182 2420 Οὐδὲν
1198 2392 1253 2427 ἐγὼ
1272 2393 1371 2427 γέγονα
1390 2393 1524 2428 χρήσιμος
1539 2392 1667 2428 Εὐαγρίῳ
1683 2392 1723 2428 τῷ
1735 2394 1858 2429 πρεσϐυ-

1064 2439 1136 2474 τέρῳ
1148 2447 1155 2455 ·
1183 2439 1244 2466 οὐδὲ
1259 2438 1313 2474 γὰρ
1334 2438 1389 2465 οὐδ’
1404 2439 1490 2474 ἑτέρῳ
1510 2438 1639 2465 τινὶ¹τῶν
1657 2439 1856 2474 ἀδικουμένων.

1067 2483 1163 2519 ’Ἂρχει
1185 2483 1237 2519 γὰρ
1262 2482 1325 2518 παρ’
1345 2484 1411 2518 ἡμῖν
1434 2483 1449 2509 ό
1469 2482 1648 2518 Βερῤονικεὺς
1676 2483 1857 2519 Ἀνδρόνικος,

1066 2529 1192 2565 ἀποφρὰς
1210 2529 1364 2564 ἄνθρωπος,
1388 2527 1562 2563 παλαμναίαν
1581 2527 1651 2563 ἔχων
1671 2529 1720 2556 καὶ
1733 2530 1856 2566 γνώμην,

1067 2575 1113 2602 καὶ
1125 2575 1257 2609 γλῶτταν.
1281 2575 1329 2606 Ὃς
1342 2574 1366 2600 εί
1382 2574 1432 2608 μὲν
1454 2573 1521 2608 ἐμοῦ
1543 2576 1719 2610 καταφρονεῖ,
1742 2577 1857 2611 πρᾶγμα

1066 2620 1152 2647 οὐδέν·
1168 2620 1224 2648 ἀλλ’
1245 2619 1420 2655 αἰσχύνεσθαί
1441 2627 1486 2654 μοι
1508 2619 1582 2646 δοκεῖ
1607 2621 1654 2647 καὶ
1677 2621 1713 2647 τά
1734 2620 1798 2649 θεῖα
1819 2631 1857 2648 n-

843 2707 933 2736 DION.
949 2707 1085 2735 PETAVll
1102 2708 1218 2736 NOTIE.

262 2787 317 2824 (16)
329 2787 369 2814 Ad
386 2788 620 2829 hancmepistolam
637 2788 756 2825 pertinet
782 2789 949 2822 κατᾶστασις
974 2789 1018 2816 illa
1037 2789 1071 2817 de
1099 2788 1306 2827 Pentapolitana
1317 2791 1412 2824 clade;
1429 2791 1476 2819 ubi
1493 2795 1519 2819 et
1545 2791 1640 2827 Anysii
1669 2795 1696 2819 et
1717 2791 1853 2829 Unnigar-

228 2821 323 2850 clarum
338 2823 438 2850 mentio
455 2822 494 2850 lit.
