1955 3063
146 133 215 161 ΙΔ-Εςῧ

701 133 891 162 EPISTOLA‘I.
911 148 946 156 —
960 134 1068 163 EPIST.
1091 133 1209 162 LXXIX.

1705 133 1776 161 me

149 188 234 223 μῆσαι
248 196 255 203 ·
270 185 348 221 οὗτος
371 189 485 225 ἀράσσει
508 190 542 224 τῇ
563 189 667 225 κεφαλῇ
689 190 735 216 τὸν
748 190 872 225 οὐρανόν.
895 189 933 224 Νὴ

989 191 1107 223 videtur,
1123 191 1205 218 ctiam
1223 191 1315 219 divina
1339 193 1471 221 revereri.
1495 191 1545 219 llic
1565 191 1664 219 rmlum
1687 193 1777 225 capite

147 235 196 270 τὴν
209 234 285 270 ἱεράν
297 243 342 261 σου
354 236 400 262 καὶ
410 235 573 271 τριπόθητον
587 236 717 270 κεφαλὴν,
730 236 822 271 σχῆμα
835 236 935 262 Πεντα-

148 282 224 307 πόλει
242 280 373 317 πένθιμον
383 281 563 317 περιτέθεικε,
576 281 774 317 δακτυλήθρας,
794 281 842 308 καὶ
858 281 936 307 ποδο-

149 326 271 362 στράσας
295 327 427 363 ἐξευρὼν,
450 327 498 354 καὶ
513 327 577 360 ξένα
598 327 666 354 ἄττα
690 327 857 362 κολαστήρια
875 327 936 354 κατ’

148 373 255 404 οὐδενὸς
276 374 332 401 τῶν
347 371 511 400 ἀδικούντων
535 373 616 407 (πάνυ
630 373 684 408 γὰρ
699 373 778 399 τονῦν
799 372 886 405 ἔξεστι
898 371 937 407 τῷ

149 418 304 453 βουλομένῳ
319 414 443 448 ἀδικεῖν).
458 419 529 445 κατὰ
541 419 570 445 δὲ
581 418 635 445 τῶν
655 417 852 445 συντελούντων
867 418 936 453 ὑπὲρ

148 465 202 491 τῶν
212 464 321 496 οὐσιῶν,
337 463 385 490 καὶ
394 460 448 490 τῶν
463 465 550 491 ἄλλων
559 464 648 491 ὁτιοῦν
661 464 832 498 ὀφειλόντων.
845 465 937 496 Δεινὺς

148 512 203 545 γὰρ
217 510 289 545 ἀνὴρ
308 509 450 540 ὑποθέσεις
473 510 653 545 ἐξευρίσκειν,
672 511 703 545 τῇ
726 518 756 536 τε
771 510 867 536 ἑαυτοῦ
889 510 937 538 καὶ

148 557 181 590 τῇ
199 556 315 586 Θόαντος
330 555 410 589 φύσει
423 556 581 590 πρεπούσας
594 564 599 570 ·
622 556 651 582 ὃν
666 556 712 582 ἐπὶ
724 555 778 583 τῶν
791 555 937 591 δεσμωτῶν

149 601 223 633 ὂντα,
248 602 306 632 ταῖς
339 600 396 636 [γρ.
412 600 506 633 ἔταξεν
527 602 555 627 ὲν
570 601 642 637 ταῖς]
662 601 842 636 ἀπαντήσεσιν
859 600 937 635 ἔταξε

148 646 195 672 τοῦ
217 645 410 681 στρατιωτικοῦ
425 646 548 681 χρυσίου.
569 646 615 672 τοῦ
637 646 804 681 καλουμένου
824 647 937 681 Τιρωνι-

148 691 207 724 κοῦ,
221 691 268 717 καὶ
284 691 384 726 συνῆψε
399 691 433 717 τὰ
445 690 576 717 αὺλαναῖα
593 690 649 726 (17)
663 700 669 707 ·
685 692 732 718 καὶ
746 692 788 718 ἀεί
803 700 830 718 τι
845 692 937 719 καινὸν

149 736 195 762 ἐπὶ
206 735 312 770 παλαιῷ
329 735 421 767 κακὸν,
437 732 511 770 seu},
524 736 594 763 κατὰ
609 735 679 770 φῦλα
694 736 742 764 καὶ
754 736 856 772 δήμους
870 737 939 764 αίκί⁸

149 782 252 814 ζεσθαι.
276 783 312 809 Οὐ
328 782 381 818 γὰρ
397 782 471 808 ἔστιν
490 782 550 808 οὐδὲ
564 783 621 814 τοῖς
638 782 729 817 ἔχουσι
750 783 798 810 καὶ
810 782 938 810 πλουτοῦ-

150 837 192 854 σιν
209 828 411 863 ὰμαστιγώτοις
425 828 601 864 ἀναχωρῆσαι
614 836 620 844 ·
643 829 701 856 ἀλλ’
713 828 765 861 ἓως
786 829 800 855 ό
816 830 880 861 παῖς
898 828 936 855 ol-

150 874 214 900 καδε
229 874 332 909 βαδίζει
345 875 376 900 τὸ
396 874 506 910 χρυσίον
522 874 616 906 οἴσων,
635 874 650 900 ὁ
664 874 796 909 δεσπότης
811 874 933 910 ὴλόηται,
950 866 971 894 Β

148 919 195 945 καὶ
207 919 271 953 παρ’
283 919 370 950 ἐνίους
385 919 438 944 τῶν
454 918 592 945 δακτύλων
603 918 660 954 (l8)
673 918 791 952 ἐγένετο.
809 918 890 945 Ὂταν
906 917 935 944 δὲ

149 965 311 999 προφάσεως
325 965 413 1000 ἀπορῇ
431 963 582 999 δυναμένης
601 964 682 990 αὑτὸν
696 964 828 996 ἑστιᾶσαι,
846 963 934 995 Μαξι-

150 1012 224 1045 μῖνος
253 1010 301 1037 καὶ
323 1011 447 1042 Κλεινίας
463 1010 519 1046 (l9)
536 1010 653 1046 ἑφεδροι.
671 1010 715 1036 Ἑν
726 1009 840 1041 ἐκείνοις
858 1009 936 1045 χαρί-

149 1056 224 1088 ζεται
238 1055 277 1091 τῷ
297 1056 388 1083 πάθει.
411 1055 491 1082 Ἀλλά
506 1064 550 1091 μοι
567 1055 640 1082 δοκεῖ
654 1054 774 1086 τοιοῦτος
788 1054 837 1086 ὢν,
852 1063 936 1088 πονη-

150 1102 204 1136 ρῶν
216 1101 350 1136 δαιμόνων
365 1101 492 1136 προνοίας
511 1101 665 1136 τυγχάνειν,
688 1100 712 1127 οἶ
734 1100 870 1135 βούλονται
885 1100 935 1135 μὲν

148 1147 328 1178 ἐπαινεῖσθαι,
344 1147 391 1173 καὶ
408 1147 530 1182 εὐτυχεῖν
550 1147 600 1178 τὰς
619 1146 857 1180 παλαμναιοτάτας
877 1144 934 1180 [πρ.

149 1193 323 1228 παλαμναίας
337 1191 450 1227 ταύτᾶς]
475 1192 563 1227 ψυχὰς
574 1213 581 1224 ,
598 1188 642 1223 αἷς
664 1191 789 1227 ὀργάνοις
809 1191 935 1218 δύνανται

149 1237 268 1273 χρῆσθαι
292 1237 360 1273 πρὸς
385 1237 435 1269 τὰς
460 1237 552 1269 κοινὰς
576 1238 728 1273 συμφοράς.
753 1236 818 1262 Ἀπὸ
834 1235 935 1262 τούτων

148 1280 195 1308 οὗν
208 1281 462 1317 παρασκευάζουσιν
474 1281 548 1317 αὑτῷ
560 1282 639 1314 δόξαν
665 1281 702 1313 ὼς
717 1281 795 1317 ἀνδρὶ
809 1281 934 1316 γενναίῳ.

149 1328 245 1354 Καίτοι
260 1327 318 1359 πῶς
340 1327 450 1362 εὕλογην
461 1348 469 1361 ,
486 1329 562 1359 ὅστις
577 1322 739 1363 ὑπερύψωσε
758 1327 804 1354 τὸν
823 1326 934 1362 ὑψηλὸν,

150 1374 196 1399 καὶ
211 1374 256 1399 τὸν
269 1373 395 1400 ταπεινὸν
410 1374 608 1406 ὲταπείνωσεν;
632 1373 688 1407 Ἐφ’
705 1371 735 1400 οὗ
749 1373 804 1404 πᾶς
819 1372 868 1408 μὲν
885 1373 934 1408 μὲ-

148 1417 232 1454 τῖιιος,
250 1419 295 1446 καὶ
312 1420 399 1454 πρᾶος
422 1419 468 1445 τὸν
482 1419 592 1454 τρόπον,
614 1418 643 1444 ὲν
666 1417 756 1453 Καρὸς
771 1418 866 1453 ’μοίρᾳ
887 1417 935 1444 καὶ

148 1464 245 1499 ἄτιμος
257 1473 265 1480 ·
281 1464 406 1491 δύνανται
419 1464 448 1491 δὲ
467 1464 541 1500 μόνοι
559 1464 646 1498 Ζηνᾶς
663 1463 710 1490 καὶ
730 1462 838 1495 Ἰούλιος
850 1471 857 1479 ⁵
879 1464 934 1498 Ζη-

148 1511 196 1542 νᾶς
208 1512 222 1537 ό
236 1510 342 1545 πράξας
355 1510 454 1546 πέρυσι
467 1511 529 1542 τοὺς
542 1509 650 1542 διπλοῦς
665 1509 775 1545 φόρους,
787 1509 815 1541 ὃς
828 1509 934 1536 ἀπειλεί

147 1554 194 1582 τὸν
220 1555 285 1590 ὲμὺν
305 1555 417 1590 ἀδελφὸν
439 1555 611 1582 ’Λναστάσιον
637 1554 861 1590 παραπρεσϐείας
886 1555 933 1582 καὶ

148 1599 301 1632 διώξεσθαι,
316 1600 363 1627 καὶ
376 1600 511 1636 αἱρήσειν.
535 1596 618 1632 Οὗτος
645 1599 738 1635 μέντοι
764 1599 872 1631 ἑκόντος
886 1601 935 1626 αὐ-

147 1646 194 1672 τοῦ
209 1646 319 1673 δύναται
332 1655 339 1662 ·
368 1646 475 1678 Ἰούλιος
489 1646 517 1672 δὲ
531 1646 642 1677 ἄκοντος
664 1654 693 1672 τε
708 1646 755 1672 καὶ
777 1646 914 1677 κλαίοντος
926 1654 933 1661 ’

148 1692 195 1719 καὶ
207 1692 267 1718 κατ’
279 1692 384 1723 οὐδενὸς
398 1692 494 1723 οὕτως,
511 1692 548 1723 ὼς
564 1692 623 1719 κατ’
644 1692 812 1727 Ἀνδρονίκου
825 1692 935 1726 γέγονεν

148 1737 329 1773 ίσχυρότερος.
353 1737 511 1773 Ἐγκραγὼν
525 1738 578 1773 γὰρ
593 1737 667 1772 αὖτῷ
681 1738 721 1769 δίς
736 1746 786 1764 που
802 1737 847 1764 καὶ
862 1738 932 1772 τρὶς,

148 1785 194 1810 καὶ
218 1785 274 1815 τοῖς
299 1783 329 1816 ὲε
353 1783 461 1818 ἁμάξης
491 1783 737 1818 λοιδορησάμενος,
770 1784 817 1810 καὶ
845 1784 934 1810 πάντα

148 1830 404 1864 ὲπανατεινάμενος,
423 1829 552 1865 ἂπερᾲᾶν
575 1829 699 1864 εἰρῆσθαι
723 1829 770 1855 καὶ
787 1829 850 1864 παρ’
865 1828 932 1864 ἐμοῦ

146 1874 194 1902 τοῦ
208 1863 363 1905 παντδςνᾶν
387 1863 560 1909 ἐτιμησάμην
572 1894 580 1904 .
605 1863 730 1906 ἇπέδειξε
749 1874 780 1900 τό
799 1863 932 1909 κάθαρμα

149 1919 202 1955 μῦν
222 1920 283 1946 ἀντὶ
298 1919 403 1951 λέοντος
415 1928 421 1935 ’
447 1921 494 1946 καὶ
518 1919 548 1951 ἐξ
571 1919 675 1945 ἐκείνου
695 1919 792 1955 χρῆται
809 1919 933 1956 καθάπερ

147 1965 323 2001 ἁνδραπόδῳ”
353 1966 471 2001 παρόσον
495 1965 579 1997 ἀδεῶς
604 1965 664 1992 οὐδὲ
687 1966 716 1992 ὲν
738 1967 798 1997 ταῖς
822 1966 934 2000 γωνίαις

147 2010 350 2046 ὑποψιθυρίζειν
373 2011 442 2038 κατὰ
453 2011 501 2037 τοῦ
522 2011 652 2038 δεσπότου
669 2011 756 2046 τολμᾷ
773 2020 780 2026 ·
804 2011 883 2038 τοῦτο
905 2012 933 2038 δὲ

146 2057 280 2092 δήπουθεν
295 2057 382 2089 ἔξεστι
396 2058 451 2088 τοῖς
467 2057 586 2088 οἰκέταις
605 2058 701 2084 ποιεῖν.
723 2057 889 2092 Ἀνδρόνικος
902 2057 932 2084 δὲ

146 2102 205 2128 οὐδὲ
222 2102 308 2128 τοῦτο.
324 2102 360 2128 Τὸ
375 2103 429 2137 γὰρ
443 2102 584 2136 ἀλόγιστον
597 2102 717 2137 ἀνδρεῖον
734 2103 783 2137 μὲν
796 2102 929 2137 οὐδαμοῦ·

147 2147 222 2182 παρὰ
238 2148 266 2173 δὲ
280 2148 344 2179 τοὺς
357 2149 480 2183 καιροὺς.
498 2148 583 2174 δειλόν
597 2157 626 2174 τε
650 2148 696 2174 καὶ
710 2147 796 2183 ορασὺ
816 2148 931 2182 γίνεται,

989 238 1092 264 tundit.
1107 237 1205 267 Testor
1220 246 1329 265 sacrum
1339 243 1416 266 tuum
1432 247 1463 266 ac
1479 244 1520 266 tcr
1534 243 1655 274 optatum
1670 243 1750 272 caput
1764 245 1771 264 :

987 282 1131 317 lugubrem
1159 283 1204 310 ille
1227 283 1369 318 Pentapoli
1400 284 1524 316 cultum,
1551 289 1633 318 atque
1654 283 1775 310 habitum

987 329 1087 356 indixit
1105 337 1112 355 :
1127 329 1275 365 digitorum
1295 331 1433 365 pressoria
1447 350 1455 361 .
1483 338 1515 358 ac
1528 330 1626 365 pedum
1649 329 1775 361 tortoria,

987 376 1094 410 aliaque
1107 376 1309 410 quamplurima
1325 377 1513 410 quarstionum
1528 379 1687 411 argumenta
1703 382 1775 402 com-

987 424 1108 450 mcntus.
1128 428 1183 447 non
1207 420 1240 446 ad
1257 428 1423 455 quemquam
1441 419 1626 446 maleﬁcorum
1646 427 1776 454 premen-

986 465 1051 492 dum
1064 466 1152 499 (nunc
1160 465 1233 492 enim
1250 472 1346 499 magna
1358 465 1472 492 cuilibet
1484 464 1678 492 maleficiorum
1689 464 1776 491 licen-

987 511 1024 536 tia
1037 513 1091 544 est)
1104 519 1112 543 -,
1129 510 1177 537 sed
1189 510 1323 537 adversus
1334 517 1394 539 eos.
1409 510 1455 545 qui
1472 510 1614 544 vectigalia
1631 517 1679 544 pro
1696 509 1776 536 bonis

988 554 1046 582 suis
1059 555 1208 589 pensitant,
1225 559 1271 582 aut
1285 555 1332 590 qui
1350 555 1404 582 alio
1425 555 1524 589 quovis
1543 555 1652 581 nomine
1672 553 1775 588 aliquid

991 600 1102 628 debent.
1117 600 1165 627 Est
1176 601 1248 628 enim
1265 600 1298 627 ad
1313 600 1517 635 investigandas
1533 600 1653 627 rationes
1672 606 1722 627 suo
1748 602 1775 626 et

988 645 1122 674 Thoantis
1138 647 1247 682 ingenio
1273 646 1369 681 dignas
1402 645 1620 678 solertissimus;
1646 652 1726 680 quem
1741 652 1775 671 ex

987 693 1227 720 commentariensi
1241 696 1395 720 coactorem
1408 691 1472 719 fecit
1481 692 1608 718 militaris
1619 691 1690 722 auri.
1701 690 1774 725 quod

988 736 1145 764 Tironicum
1160 741 1279 768 vocant;
1297 741 1324 764 ct
1340 736 1469 764 Aulanaaa
1485 736 1602 768 addidit,
1619 744 1651 762 ac
1666 742 1776 770 semper

988 789 1088 809 novum
1113 782 1224 817 aliquod
1251 790 1283 809 ex
1306 786 1397 810 vetere
1419 782 1520 809 malum
1547 790 1553 808 :
1578 782 1658 816 cujus
1687 781 1774 816 gratia

989 835 1037 862 per
1055 827 1181 854 nationes
1213 826 1384 862 populosqtte
1399 827 1567 854 crucientur.
1586 826 1678 862 Neque
1703 827 1774 853 cnim

985 873 1019 900 iis
1035 873 1127 906 etiam,
1141 873 1189 907 qui
1204 872 1277 900 unde
1290 872 1410 904 solvant,
1423 872 1533 905 habent,
1544 876 1571 900 et
1590 872 1773 907 locupletibus

986 925 1001 944 a
1017 917 1108 953 ﬂagris
1124 922 1228 954 tergum
1242 925 1322 945 suum
1337 918 1400 944 licet
1415 917 1579 951 defendere;
1598 917 1644 945 sed
1662 918 1772 944 interim

985 971 1048 990 cum
1076 971 1173 990 servus
1186 964 1298 991 domum
1328 962 1362 989 ad
1388 969 1486 989 aurum
1512 962 1710 997 deportandum
1725 970 1773 988 va-

986 1008 1036 1040 dit,
1056 1008 1137 1043 225
1152 1008 1236 1036 herus
1246 1008 1371 1040 caeditur,
1388 1012 1414 1035 et
1435 1007 1584 1042 digitorum
1605 1008 1696 1042 aliquo
1719 1012 1774 1034 tor-

987 1059 1099 1090 quetur.
1113 1055 1238 1090 Cumque
1262 1055 1410 1083 occasione
1434 1054 1606 1083 crudelitatis
1622 1053 1772 1089 explendm,

989 1100 1069 1135 quasi
1083 1100 1223 1135 epulandi,
1235 1105 1327 1133 caret;
1344 1100 1508 1128 Maximinus
1536 1105 1563 1128 et
1580 1099 1684 1127 Clinias
1706 1099 1774 1126 sub—

985 1145 1092 1174 sidiarii
1105 1149 1206 1181 praesto
1225 1150 1298 1174 sunt.
1317 1146 1345 1174 In
1363 1146 1397 1174 iis
1420 1145 1507 1173 l‘ur0ri
1527 1145 1688 1180 obsequitur
1710 1151 1771 1171 suo.

986 1191 1040 1219 Sed
1051 1192 1117 1219 mihi
1131 1192 1240 1220 videtur
1259 1192 1315 1224 ille,
1330 1199 1393 1220 cum
1410 1192 1546 1227 ejusmodi
1565 1192 1611 1224 sit,
1635 1191 1770 1218 malorum

986 1237 1140 1265 dzemonnm
1170 1237 1340 1272 providentia
1368 1245 1401 1265 ac
1426 1238 1553 1273 praesidio
1582 1237 1692 1270 fulciri;
1726 1237 1773 1271 qui

985 1283 1066 1310 laude
1077 1282 1229 1315 hominum,
1246 1290 1278 1310 ac
1300 1283 1431 1311 secundis
1453 1283 1537 1310 rebus
1559 1282 1670 1310 allluere
1696 1281 1773 1309 diras

983 1329 1045 1356 illas
1062 1336 1094 1356 ac
1107 1329 1284 1358 detestabiles
1307 1330 1415 1358 animas
1430 1329 1526 1356 volunt
1536 1337 1544 1362 ;
1556 1329 1658 1364 quibus
1672 1328 1707 1354 ad
1723 1335 1773 1362 pu-

984 1375 1072 1402 blicas
1085 1375 1258 1403 calamitates
1269 1375 1441 1403 administris
1451 1375 1491 1402 nti
1504 1378 1614 1409 queant.
1635 1373 1725 1406 Quare
1738 1380 1772 1399 ex

984 1421 1019 1447 iis
1032 1420 1210 1455 gloriamini,
1227 1422 1307 1456 quasi
1329 1421 1393 1448 forti
1422 1420 1493 1452 viro.
1508 1427 1539 1447 ac
1555 1423 1679 1450 strenuo,
1696 1425 1773 1445 com-

984 1471 1093 1500 parant.
1106 1466 1268 1500 Quanquam
1285 1466 1332 1500 qui
1348 1466 1422 1493 istud
1438 1465 1578 1496 convenit.
1594 1472 1655 1492 cttm
1679 1464 1772 1492 excel-

984 1518 1045 1537 sum
1054 1518 1087 1538 ac
1095 1510 1241 1538 sublimem
1252 1511 1391 1543 extulerit,
1404 1514 1432 1538 et
1445 1510 1573 1538 humilem
1589 1517 1621 1537 ac
1634 1509 1771 1544 deiectum

983 1555 1235 1590 depresserit‘lsub
1251 1563 1306 1590 quo
1320 1555 1448 1590 quisquis
1463 1555 1623 1583 moderatus
1639 1562 1672 1582 ac
1686 1554 1773 1589 placi-

983 1601 1026 1629 dis
1042 1601 1164 1629 moribus
1177 1606 1230 1634 est,
1243 1601 1323 1628 Caris
1338 1601 1409 1633 loco,
1426 1606 1508 1635 atque
1520 1599 1630 1627 infamis
1646 1599 1771 1630 ducitur,

984 1647 1035 1674 soli
1050 1655 1114 1674 vero
1128 1647 1199 1681 apud
1213 1654 1276 1674 eum
1295 1651 1411 1681 possunt
1426 1646 1515 1674 Zenas
1530 1650 1558 1673 et
1577 1645 1666 1672 Julius
1679 1653 1686 1672 :
1702 1652 1772 1679 quo-

984 1700 1044 1720 rum
1057 1691 1145 1720 Zenas
1165 1693 1211 1720 ille
1234 1696 1286 1723 est,
1303 1693 1349 1727 qui
1366 1692 1466 1726 duplex
1493 1692 1546 1719 hoc
1568 1698 1640 1718 anno
1654 1691 1771 1726 vectigal

986 1737 1118 1770 extorsit;
1145 1737 1192 1771 qui
1217 1737 1330 1765 fratrem
1350 1745 1440 1765 meum
1458 1736 1635 1764 Auastasinm
1651 1737 1771 1763 minatur

987 1790 1017 1810 se
1028 1782 1104 1810 falsa!
1125 1782 1270 1818 legationis
1302 1787 1496 1810 accusaturum
1518 1791 1550 1810 ac
1573 1783 1770 1810 damnaturum

986 1835 1056 1856 esse.
1067 1828 1155 1863 Atque
1164 1828 1210 1855 ille
1220 1829 1328 1855 volente
1338 1827 1496 1855 Andronico
1505 1828 1654 1862 plurimutu
1667 1832 1767 1862 potest;

985 1872 1076 1900 Julius
1091 1881 1156 1900 vero
1172 1874 1258 1901 invito
1276 1881 1308 1901 ac
1324 1875 1464 1909 plorante;
1482 1881 1534 1901 nec
1559 1874 1586 1900 in
1603 1880 1768 1908 quemquam

987 1919 1095 1950 fortior.
1112 1927 1194 1954 quam
1222 1919 1249 1946 in
1271 1919 1459 1946 Andronicum
1478 1919 1594 1947 exstitit.
1623 1918 1669 1947 Bis
1696 1919 1770 1946 enim

983 1966 1039 1999 jam
1055 1973 1087 1992 ac
1114 1970 1156 1992 ter
1171 1966 1198 1992 in
1232 1965 1307 1992 illum
1334 1965 1501 1998 vociferans,
1530 1969 1558 1992 et
1577 1965 1711 1992 conviciis
1735 1964 1770 1992 de

986 2012 1121 2046 plaustro,
1132 2016 1160 2038 ut
1169 2011 1257 2043 aiunt,
1270 2010 1464 2046 proscindens,
1477 2015 1505 2038 et
1515 2011 1655 2038 intentans
1666 2011 1768 2043 omnia,

984 2064 1044 2092 quae
1060 2056 1133 2083 dicta
1153 2063 1168 2082 a
1183 2063 1226 2083 me
1236 2063 1297 2083 esse
1312 2055 1422 2091 plurimi
1445 2056 1573 2089 facerem,
1593 2057 1683 2084 scelus
1702 2056 1768 2084 illud

984 2110 1090 2129 murem
1106 2110 1138 2129 ex
1152 2102 1232 2129 leone
1248 2101 1378 2129 reddidit.
1394 2102 1484 2137 Atque
1512 2101 1612 2129 exinde
1638 2100 1685 2128 illo
1710 2104 1769 2127 tan-

985 2155 1067 2183 quam
1081 2147 1218 2182 mancipio
1234 2147 1341 2180 utitur;
1363 2147 1473 2183 quando
1488 2155 1521 2176 ne
1546 2154 1643 2176 secure
1659 2146 1769 2183 quidem

764 2226 853 2255 DION.
870 2226 1005 2254 PETAVII
1025 2225 1140 2254 ΝΟΤᾸΕ.

183 2305 299 2340 (17)ζΚαὶ
312 2305 926 2341 erm-ﬁderitabJuraTaAurnmTirouicum.
943 2306 966 2336 ι)
980 2304 1072 2332 Graeca
1087 2313 1142 2333 non
1158 2305 1308 2336 consuluit.
1328 2307 1355 2334 in
1373 2313 1432 2333 eam
1457 2305 1613 2341 opinionem
1637 2305 1767 2333 inductus

146 2345 173 2367 et
197 2340 324 2367 Aul-amca
343 2341 508 2367 tributorum
534 2349 633 2375 gent-ra
657 2340 750 2370 fuisse.
775 2341 863 2367 facilis
887 2344 929 2367 est

147 2375 277 2410 suspicio.
305 2375 344 2402 Ac
360 2375 436 2410 prius
450 2375 559 2410 quidem
584 2383 599 2401 a
613 2375 749 2402 tironibus
765 2375 929 2410 deducitur;

146 2409 219 2444 quod
236 2411 262 2436 in
275 2409 369 2436 eorum
395 2410 559 2445 stipendium
581 2410 750 2444 insumptum
768 2410 817 2445 sit.
830 2409 866 2436 De
881 2418 930 2444 po-

146 2445 254 2472 steriori
269 2445 334 2478 quid
348 2451 397 2479 pro
411 2449 485 2472 certo
501 2445 590 2471 dicam
607 2451 660 2470 non
679 2444 774 2471 habeo.
796 2444 930 2472 Meursius

148 2479 175 2504 in
195 2479 376 2506 Vocabulario
387 2480 441 2505 ἀπὸ
455 2480 504 2514 τῆς
520 2479 768 2514 αὐλῆςιιίοῐὶνιιιυιη
779 2479 928 2510 existimat,

146 2514 220 2546 quod
244 2515 271 2540 in
285 2514 374 2540 aulam
408 2513 570 2548 exigeretur.
601 2513 748 2547 Conjcctor
772 2514 817 2541 ille
835 2513 930 2541 nescio

147 2548 328 2584 quis,7quidc
351 2548 547 2584 suburbicariis
569 2548 712 2584 vindicias
727 2549 847 2582 scripsit,
874 2556 928 2584 non

147 2582 308 2618 liariolantis
323 2590 397 2610 more
411 2583 494 2617 (quod
515 2583 602 2618 ipsum
618 2583 864 2618 lolcrabile‘essst),
881 2582 929 2610 sed

147 2622 276 2650 tanquam
294 2616 407 2652 Pythius
423 2616 532 2678 aliquis
545 2625 560 2644 e
581 2619 687 2644 cortina
710 2617 878 2651 pronuntiat,
895 2617 929 2644 τὰ

147 2651 280 2678 αύΞαναῐα
287 2659 345 2678 esse
353 2653 457 2678 moerin
479 2653 541 2678 icta.
550 2660 596 2678 seu
606 2658 744 2678 atramento
755 2652 929 2678 indicliouum

146 2651 280 2683 αὑξαναῐα
287 2651 345 2678 esse
353 2651 541 2685 superindicta,
550 2660 596 2679 seu
606 2658 744 2686 augmenta
755 2652 929 2678 indicliouum

146 2691 170 2712 et
190 2687 358 2712 incrementa.
372 2686 416 2712 Ita
431 2688 499 2713 enim
519 2695 604 2714 vocem
625 2686 756 2718 αύξαναῖα
775 2691 872 2714 vertere
886 2687 929 2713 de-

147 2722 202 2747 buit
227 2721 366 2754 interpret,
379 2722 416 2747 ait
435 2722 488 2748 ille.
514 2721 566 2748 Sed
586 2722 678 2748 multis
701 2721 789 2749 modis
804 2729 872 2748 vana
888 2726 930 2749 est

146 2763 178 2781 ac
199 2755 341 2790 temeraria
354 2756 406 2782 ista
423 2757 575 2790 castigatio.
593 2756 714 2783 Primum
729 2757 862 2789 αὑξανατα
876 2764 930 2782 non

147 2791 259 2825 legitur“
271 2789 341 2824 apud
355 2789 515 2825 rSynesinui,
531 2791 578 2817 sed
599 2791 740 2821 αὑλαναία,
759 2796 814 2817 tam
830 2791 856 2816 in
871 2791 928 2817 edi-

146 2825 220 2852 tione
239 2823 466 2856 Turncbifanatu
483 2825 509 2852 in
526 2833 590 2854 mss.
605 2825 743 2853 omnibus.
757 2827 790 2852 At
806 2826 868 2857 istc,
881 2826 928 2860 qui

979 2344 1021 2367 est
1041 2341 1101 2367 solo
1118 2349 1211 2369 errore
1226 2341 1431 2376 typographico.
1448 2349 1503 2376 quo
1521 2341 1548 2368 in
1562 2341 1658 2368 Latina
1672 2344 1766 2368 nostra

980 2383 1113 2411 auguria-tr
1129 2384 1178 2410 pro
1192 2377 1314 2403 aulana'a
1331 2376 1448 2411 irrepsit.

1016 2409 1119 2437 Deinde
1129 2409 1171 2437 fab
1191 2418 1234 2441 eo.
1253 2411 1324 2445 quod
1340 2409 1518 2442 οεῐαὺξάνω,
1534 2410 1653 2438 derivari
1668 2409 1703 2445 τᾲ
1718 2411 1768 2436 αὐ-

980 2443 1084 2477 ξαναϊα,
1100 2453 1179 2473 nemo
1191 2443 1283 2472 Graece
1295 2446 1334 2472 vel
1361 2446 1537 2472 mediocriter
1550 2445 1676 2472 eruditus
1688 2444 1766 2472 dixe.

979 2480 1103 2515 ritalloc
1115 2481 1186 2507 enim
1203 2487 1251 2514 per
1269 2480 1341 2515 leges
1356 2480 1541 2515 grammatica
1556 2480 1695 2515 noulicet.

1016 2513 1071 2548 (18)
1085 2514 1137 2540 Kal
1151 2513 1220 2548 παρ’
1233 2513 1331 2546 ὲνΙοὺς
1353 2513 1412 2541 ἰῶν
1425 2514 1590 2541 δακτύλων.
1607 2513 1766 2540 Mutilnume

978 2547 1070 2584 dices;
1089 2555 1122 2575 an
1150 2547 1357 2584 δακτυλήθραις,
1385 2554 1412 2576 et
1431 2549 1458 2576 id
1480 2556 1566 2584 genus
1588 2549 1766 2584 instrumenti

977 2583 1144 2610 carniﬁcina:
1163 2583 1266 2611 tortuni
1282 2583 1313 2610 ac
1331 2584 1424 2619 digitis
1441 2583 1599 2610 retentum?

1012 2629 1068 2664 (l9)
1081 2629 1244 2663 Μαξιμῖνος
1256 2629 1304 2655 καὶ
1319 2629 1458 2662 Κλεινίας
1464 2629 1590 2663 ἕφεδροι.
1604 2628 1678 2655 Nova
1691 2629 1765 2656 vncis

977 2663 1088 2698 ἔφεδρος
1104 2665 1236 2699 acceptio.
1249 2664 1388 2691 Noncnim
1403 2664 1575 2692 crudelitatis
1587 2664 1764 2692 administros

977 2702 1004 2726 et
1020 2698 1100 2733 quasi
1117 2699 1150 2725 de
1164 2698 1253 2733 palma
1270 2703 1409 2726 certantes
1430 2698 1576 2733 significat,
1594 2698 1641 2726 sed
1655 2707 1702 2726 cos
1717 2703 1765 2733 po-

983 2734 1038 2760 tius
1054 2733 1081 2760 in
1089 2740 1160 2767 quos
1176 2733 1365 2760 crndelitatent
1390 2737 1498 2761 exercet
1514 2741 1601 2760 suam.
1619 2733 1674 2760 Nisi
1688 2740 1765 2761 anta-

982 2768 1105 2803 gonistas
1124 2769 1164 2795 sic
1179 2772 1304 2802 usurpat,
1321 2773 1349 2795 ut
1367 2768 1428 2795 leno
1441 2768 1487 2795 ille
1505 2767 1688 2795 Terentianus
1702 2776 1708 2794 :

983 2825 1034 2851 Ille
1053 2824 1221 2858 verberanda,
1235 2833 1280 2859 ego
1291 2824 1450 2859 vapulando,
1461 2825 1537 2852 ambo
1551 2824 1645 2852 defessi
1660 2832 1763 2854 summ.
