1955 3063
230 124 292 152 1451

756 119 887 148 SYNESII
908 117 1140 146 PTOi.EMAlDlS
1154 117 1311 146 EPISCOPI

1801 117 1878 146 "53

226 190 270 209 me
286 180 382 208 eodem
398 184 522 215 tempore
535 179 667 206 omnibus
679 179 820 210 orbatum,
837 186 869 205 ac
884 177 1020 213 despoliat-

1074 173 1093 211 ’ᾧ
1107 176 1372 213 προσανακλᾲεσθαι,
1398 176 1445 203 καὶ
1458 175 1564 203 ’τὰ-κατ’
1578 175 1661 203 αὑτὸν
1673 175 1798 202 ἕκαστον
1814 175 1878 202 ὀλο-

227 231 283 254 tum
298 234 369 254 esse.
391 224 445 253 Sed
458 224 533 260 quod
549 225 685 252 malorum
701 229 744 252 est
759 224 840 259 longe
857 224 1019 255 maximum.

227 271 359 307 quodque
375 271 441 298 mihi
470 271 646 306 desperatam
671 272 756 298 vitam
774 270 849 303 facil,
878 277 1020 304 nunquam

231 321 312 344 antea
328 317 355 343 in
372 315 501 351 precibus
514 315 548 342 ad
560 314 645 342 Deum
657 314 804 342 fundendis
818 313 947 342 frustrari
958 317 1021 341 voto

228 362 335 395 solitus,
349 369 423 389 nunc
438 362 556 397 primum
573 360 676 389 frustra
691 368 734 388 me
747 364 889 396 precatum
905 361 996 388 sentio
1011 369 1019 387 :

226 407 274 442 qui
291 407 422 434 aerumnis
451 413 612 442 oppressam
645 405 776 433 familiam
809 405 911 438 video;
937 409 965 433 et
993 405 1021 432 in

228 453 327 480 afflicta
356 453 445 488 patria
472 452 579 480 versari
597 459 700 487 cogor;
726 455 754 480 et
783 451 913 479 omnibus
931 451 1021 486 palam

228 498 400 533 propositus,
419 505 484 526 suas
500 498 614 533 utapud
633 505 677 525 me
690 497 864 524 calamitates
880 496 1022 532 deplorent

228 552 260 572 ac
275 545 396 580 lugeant,
428 543 618 571 Andronicum
638 543 774 570 malorum
801 542 924 570 omnium
944 541 1022 569 colo-

228 590 345 625 phonem
374 589 408 616 ad
426 596 458 617 ea
484 589 652 616 accessionis
682 588 766 616 habui
795 589 874 621 loco;
912 593 1023 623 propter

229 642 310 670 quem
326 643 360 662 ne
373 637 513 662 momento
528 633 638 669 quidem
653 633 784 661 familiari
800 633 867 661 mihi
885 633 943 661 otio
959 641 1022 669 per-

230 680 284 707 frui
301 679 373 706 licct.
393 678 512 706 Necesse
525 682 617 706 autem
630 682 673 706 est
693 685 749 711 me,
764 686 828 706 cum
840 678 908 705 nulli
923 678 978 705 ulla
994 677 1021 705 in

230 733 260 752 re
299 725 432 760 prodesse
468 725 585 759 possim,
620 724 786 753 adeuntibus
826 724 967 757 omnibus,
995 727 1023 751 et

229 770 446 798 imbecillitatem
480 773 601 797 nostram
631 770 824 805 arguentibus,
847 777 926 805 aequo
959 770 1021 797 ani-

230 823 275 843 mo
290 816 418 843 tolerare.
448 814 490 843 οι»
508 815 565 842 haec
597 815 712 851 supplex
735 823 811 851 rogo,
845 823 1021 851 magnopere,

1071 223 1216 258 φύρεσθαι,
1240 222 1401 259 προσθήκην
1422 221 1502 257 ἔσχον
1525 221 1694 257 Ἀνδρόνικον
1717 221 1768 248 τὸν
1792 222 1875 248 κολο-

1070 269 1147 304 φῶνα
1162 268 1218 296 τῶν
1233 268 1337 302 κακῶν,
1357 267 1393 294 δι’
1409 268 1438 295 ὃν
1455 268 1516 295 οὐδὲ
1530 268 1622 304 ἀκαρῆ
1639 267 1808 303 καρποῦμαι
1823 268 1877 302 τὴν

1071 313 1221 350 σύντροφόν
1244 323 1289 349 μοι
1306 314 1416 350 σχολήν.
1437 313 1507 340 Ἀλλ’
1521 313 1571 349 ἐμὲ
1593 313 1634 340 δεῖ
1659 313 1746 349 μηδὲν
1772 313 1876 348 ὅφελος

1070 359 1135 386 ὅντα
1153 359 1258 394 μηδενὶ,
1284 359 1391 386 πάντων
1405 358 1581 393 προσιόντων,
1597 358 1644 385 καὶ
1656 358 1707 394 τὴν
1720 357 1874 385 ἀσθένειαν

1070 405 1149 440 ἡμῶν
1165 404 1367 440 διελεγχόντων,
1385 404 1541 440 ἀνέχεσθαι.
1556 404 1628 440 Πρὸς
1645 404 1734 431 ταῦτα
1755 404 1872 439 δέομαι,

1070 450 1143 478 πάνυ
1157 450 1260 486 σφόδρα
1282 450 1378 485 δέομαι
1390 451 1493 485 ἀμφοῖν
1511 451 1561 486 μὲν
1575 449 1663 486 ὑμῶν,
1677 449 1873 485 διαφερόντως

1070 496 1099 523 δὲ
1112 496 1160 523 σοῦ
1174 497 1223 531 τῆς
1240 496 1321 532 φίλης
1343 505 1389 531 μοι
1411 496 1544 531 κεφαλῆς,
1558 495 1656 530 ἀδελφὲ
1679 496 1849 523 ’Δναστάσιε
1863 505 1871 511 -

1074 543 1107 569 σὺ
1119 542 1174 578 γὰρ
1187 542 1219 578 δὴ
1232 543 1327 578 φήμην
1342 541 1414 578 ἔχεις
1439 542 1600 578 προστατεῖν
1621 541 1721 577 ἀνδρὸς
1743 541 1871 567 λυσσῶν-

1071 598 1118 621 τος
1134 596 1141 603 ’
1167 589 1194 615 εί
1206 588 1249 620 τίς
1271 597 1313 615 σοι
1334 588 1448 623 δύναμις
1468 587 1620 623 πάρεστιν⁵
1644 586 1716 622 ὑπὲρ
1734 587 1869 613 Sanciae

1071 635 1125 670 γὰρ
1143 634 1254 669 μᾶλλον,
1273 633 1290 668 ἢ
1305 632 1377 668 ὑπὲρ
1395 632 1563 668 Ἀνδρονίκου
1575 632 1744 667 δικαιότερος
1756 633 1794 659 ἂν
1808 632 1871 667 εἴης

1071 681 1140 715 αὐτῇ
1157 679 1297 716 χρώμενος
1310 687 1317 695 ·
1339 679 1494 712 ἀπάλλαξον
1516 679 1668 714 κατηφείας
1689 679 1871 714 Πτολεμαΐδα

1071 724 1120 760 τὴν
1133 723 1267 760 λαχοῦσάν
1283 732 1317 760 με
1330 724 1418 756 πόλιν,
1433 725 1484 751 οὐκ
1497 723 1564 760 ἐμοῦ
1579 725 1606 759 γ’
1619 724 1759 756 ἐθέλοντος
1771 734 1779 741 ·
1797 716 1870 752 (ἐδίν

1071 770 1086 796 ὁ
1100 769 1188 796 πάντα
1202 769 1273 805 ὁρῶν
1285 769 1423 805 ὀφθαλμὸς
1436 769 1483 797 τοῦ
1499 769 1577 797 Θεοῦ.
1592 770 1649 797 Οὐκ
1662 769 1721 797 οἶδα
1738 771 1814 806 ὑπὲρ
1828 772 1870 796 τί·

1071 824 1125 842 νων
1139 815 1237 842 ἐκτίνω
1258 815 1393 848 τοσαύτας
1413 815 1508 847 δίκας·
1524 816 1572 843 καὶ
1586 817 1614 843 εί
1624 825 1675 852 τῳ,
1698 817 1779 852 φησὶ,
1798 817 1869 843 θεῶν

229 862 352 897 inquam,
364 869 443 896 rogo,
455 869 517 888 cum
530 850 679 896 utrumque
692 850 825 893 vestrum,
838 850 1020 889 tumicharum

1074 860 1212 895 ἐπίφθονοι
1240 861 1373 897 πρότερον
1393 859 1482 897 ἦμεν,
1505 850 1687 898 ἀποχρώντως
1705 850 1870 898 τετιμωρή-

231 910 256 934 te
271 905 407 941 imprimis
426 905 493 932 mihi
509 909 603 940 caput,
620 905 705 932 frater
723 905 851 933 Anastasi
869 915 876 932 :
906 910 932 933 te
948 905 1022 933 enim

230 951 303 978 fama
321 954 365 978 est
379 950 406 978 in
423 950 561 978 furiosqu
575 958 608 977 ac
636 950 762 978 rabidum
794 950 932 978 hominem
949 951 1023 986 juris

230 996 362 1023 nonnihil
380 996 498 1029 habere;
526 996 548 1023 si
575 996 639 1031 quid
657 996 684 1022 in
708 1000 734 1023 te
760 996 933 1023 auctoritatis
958 1002 1020 1024 est:

228 1041 334 1075 iustius
350 1042 423 1069 enim
436 1045 479 1069 est
495 1046 521 1068 te
538 1049 570 1069 ea
587 1041 614 1068 in
632 1041 753 1076 Syuesii,
778 1048 859 1075 quam
877 1041 903 1068 in
916 1041 1023 1068 Andro-

228 1087 285 1114 nici
302 1088 418 1122 gratiam
435 1088 472 1115 uti
486 1096 497 1114 ι
521 1087 607 1114 libera
631 1094 749 1114 tumrore
761 1094 793 1114 ac
806 1087 917 1114 tristitia
931 1086 1023 1114 Ptole-

1074 907 1155 942 μεθα.
1182 907 1265 934 Ἀλλά
1280 907 1383 942 ταύτην
1404 916 1437 942 γε
1453 907 1502 943 τὴν
1517 909 1609 943 φωνὴν
1622 907 1697 940 ἀξιον
1714 909 1808 934 είπεῖν
1821 909 1870 934 καὶ

1073 953 1143 989 ὑπὲρ
1159 953 1324 989 Μαξιμίνου,
1337 953 1385 980 καὶ
1398 953 1467 989 ὑπὲρ
1480 953 1615 986 Κλεινίου,
1637 953 1685 986 οὓς
1698 954 1762 989 ἐμοὶ
1776 954 1870 980 δοκεῖν

1074 997 1131 1034 [γρ.
1146 998 1233 1034 δοκεῖ]
1246 998 1278 1025 ἃν
1291 998 1339 1026 καὶ
1349 999 1424 1031 ὅστις
1437 998 1577 1033 ὠμότατος
1587 998 1722 1034 δαιμόνων
1736 999 1868 1033 ἠλέησεν.

1080 1043 1253 1079 Ἐεῃρήσθων
1267 1043 1313 1071 τοῦ
1327 1043 1407 1078 λόγου
1430 1044 1499 1076 Θόας
1513 1052 1543 1070 τε
1565 1044 1612 1071 καὶ
1631 1043 1823 1079 Ἀνδρόνικος,
1842 1044 1867 1070 οἱ

1076 1089 1151 1124 μόνοι
1163 1089 1298 1126 δαιμόνων
1311 1089 1474 1125 ἀμείλικτοι.

230 1131 364 1164 maidem;
381 1139 462 1167 quam
485 1139 537 1167 ego
558 1131 654 1159 urbem
671 1132 788 1159 sortitus
798 1138 875 1163 sum,
889 1131 1015 1166 equidem
1032 1134 1145 1162 minime
1163 1135 1258 1163 volens
1279 1145 1286 1163 :
1303 1135 1379 1163 novit
1402 1136 1494 1162 omnia
1507 1134 1659 1170 pervadens
1686 1133 1790 1161 oculus
1811 1133 1870 1162 [ἰοὶ.

230 1175 337 1209 Quibus
362 1177 396 1203 de
422 1176 516 1203 causis
535 1180 589 1202 tam
618 1182 716 1210 graves
746 1182 842 1210 pwnas
866 1176 1005 1203 exsolvam
1037 1178 1144 1206 nescio.
1163 1178 1196 1206 Et
1212 1180 1235 1208 si
1261 1181 1352 1216 cujus,
1370 1181 1460 1214 aiunt,
1481 1181 1594 1209 deorum
1613 1179 1747 1207 invidiam
1768 1181 1797 1208 in
1819 1188 1871 1208 nos

230 1223 474 1254 concitaverimus,
491 1222 563 1249 satis
593 1228 732 1256 superque
765 1228 909 1256 poenarum
942 1221 1079 1251 dedimus.
1102 1223 1203 1252 Verum
1223 1226 1275 1254 bac
1288 1227 1350 1261 ipsa
1367 1233 1436 1254 voce
1466 1227 1563 1254 merito
1579 1232 1633 1261 pro
1659 1225 1814 1253 Maximino
1843 1229 1872 1254 σι

229 1271 318 1299 Clinia
338 1275 380 1298 est
411 1269 554 1297 utendum.
575 1268 698 1302 Quorum
720 1268 764 1295 vel
793 1267 1000 1296 crudelissimus
1014 1270 1144 1306 quisque,
1163 1276 1191 1299 ut
1212 1273 1321 1307 opinor,
1341 1273 1496 1301 dzemonum
1511 1272 1730 1301 misericordiam
1745 1279 1868 1309 caperet.

231 1319 384 1346 Thoantem
426 1321 452 1343 et
477 1316 665 1343 Andronicum
695 1315 812 1350 excipio,
832 1315 880 1350 qui
894 1315 944 1343 soli
962 1320 1027 1344 sunt
1042 1317 1194 1347 daemonum
1211 1320 1410 1355 implacabiles.

388 1372 472 1407 223
491 1371 662 1399 EPISTOLA
681 1370 789 1401 LXXIX
811 1372 862 1399 bis.

546 1428 704 1462 Theophila.

267 1474 401 1510 Equidem
419 1473 544 1509 paternis
569 1473 708 1500 mandatis
734 1476 762 1499 et
778 1479 902 1504 manum,
929 1476 956 1500 et
973 1479 1022 1501 v0-

235 1522 366 1550 iautatem
384 1519 538 1546 ministram
553 1526 628 1546 eram
640 1518 814 1545 adhibiturus
829 1526 836 1550 ;
850 1518 898 1545 sed
912 1525 946 1545 ne
957 1518 1022 1544 Aut-

1344 1378 1519 1405 ΕΠΙΣΤΟΛΗ
1537 1377 1598 1405 ΟΘ¹.

1282 1433 1417 1467 Θεοφίλῳ
1433 1432 1489 1469 [γρ.
1502 1432 1651 1469 Geor/mp].

1111 1477 1183 1512 Ἐγὼ
1205 1479 1254 1513 μὲν
1267 1475 1322 1510 οἷος
1338 1476 1373 1513 ἦν
1396 1477 1436 1513 τῷ
1455 1478 1581 1515 πατρικῷ
1604 1479 1800 1514 προστάγματι
1814 1479 1863 1506 καὶ

1070 1524 1150 1559 χεῖρα
1160 1524 1208 1550 καὶ
1218 1524 1331 1560 γνώμην
1345 1524 1480 1560 ὑπηρέτιν
1490 1526 1671 1559 εἰσενεγκεῖν*
1689 1525 1748 1552 ἀλλ’
1757 1526 1810 1552 οὐκ
1821 1526 1866 1558 ἂν,

233 1567 334 1602 pelium
348 1564 460 1600 quidem
480 1564 641 1599 diligentius
655 1564 775 1591 arbitror
789 1563 848 1591 suis
865 1563 1021 1591 commodis

1074 1567 1160 1606 οἶμαι,
1171 1564 1287 1598 νκάλλιον
1314 1571 1460 1606 Ἀμπέλιος
1483 1571 1617 1606 ἐσκέψατο
1634 1571 1699 1607 περὶ
1710 1572 1766 1598 τῶν
1778 1573 1866 1607 ἑαυτῷ

232 1611 420 1647 prospexisse,
437 1618 521 1645 quam
542 1609 676 1642 Nicaeum,
707 1613 737 1637 ut
768 1609 828 1637 suis
858 1609 916 1644 ipse
940 1609 1019 1637 bonis

1074 1615 1292 1648 λυσιτελούντων,
1315 1615 1462 1651 ῆΝἱκαιος
1483 1616 1554 1652 ὑπὲρ
1575 1616 1622 1643 τοῦ
1638 1616 1697 1648 πῶς
1717 1616 1868 1653 ἀλλοτριωο

232 1658 382 1686 excideret.
397 1657 464 1684 Nam
482 1665 573 1693 neque
583 1657 650 1693 quid
665 1665 756 1684 causa:
772 1661 852 1684 antea
880 1657 914 1684 ad
937 1658 1021 1692 proli-

233 1703 396 1731 ciscendtsm
413 1703 551 1735 habuerit,
568 1704 635 1731 satis
651 1703 709 1730 scio
723 1712 730 1736 ;
759 1710 848 1737 neque
867 1711 917 1730 cur
930 1702 1022 1730 redie-

232 1749 286 1781 rit;
304 1756 393 1784 neque
422 1757 474 1776 cur
493 1749 591 1776 iterum
609 1756 722 1784 peregre
743 1749 779 1776 sit
798 1748 946 1783 profectus.
969 1749 1021 1782 Qui

232 1794 307 1822 enim
321 1801 441 1827 nossem,
459 1793 521 1822 cuni
542 1802 592 1822 nec
612 1801 674 1822 eum
690 1794 819 1827 viderim,
836 1802 886 1822 nec
902 1795 971 1822 certi
987 1795 1022 1823 de

231 1847 266 1867 eo
280 1840 429 1874 quidquam
444 1839 665 1867 renuntiaretur?
681 1839 751 1873 Quin
779 1847 857 1867 sacra
873 1844 919 1867 tua
939 1847 1021 1867 manu

233 1886 354 1920 scriptas
373 1885 478 1913 litteras
491 1885 567 1912 alius
581 1886 692 1920 quidam
710 1886 801 1912 attulit
812 1905 819 1917 ,
834 1890 862 1913 et
875 1885 926 1913 has
941 1886 1023 1913 vicis-

233 1931 284 1959 sim
299 1931 394 1966 petiit;
409 1931 539 1966 quoniam
555 1931 610 1965 jam
621 1930 733 1958 Nicaeus
747 1939 765 1958 e
778 1935 863 1966 portu
880 1931 1018 1959 solvisset.

232 1977 329 2012 Neque
345 1984 408 2004 vero
433 1977 500 2003 milii
526 1977 636 2011 quidem
653 1977 699 2004 ille
715 1977 793 2004 visus
815 1985 872 2004 non
886 1981 944 2008 est;
964 1977 1020 2004 dux

233 2027 326 2051 autem
345 2026 393 2049 aut
403 2022 485 2055 vidit,
502 2025 550 2048 aut
577 2021 612 2049 de
627 2029 660 2049 eo
674 2022 776 2056 aliquid
800 2021 897 2048 audiit.
919 2021 971 2048 Sed
987 2029 1022 2048 ne

232 2067 279 2094 ille
295 2066 406 2102 quidem
422 2066 500 2099 vidit,
516 2069 563 2092 aut
582 2065 679 2092 audiit.
704 2065 849 2098 Quomodo
874 2066 958 2100 igitur
975 2064 1023 2092 Ni-

232 2118 306 2140 caeus
313 2111 415 2143 vihcat,
433 2110 479 2145 qui
493 2110 521 2137 in
535 2118 601 2145 agro
613 2110 707 2145 procul
723 2110 757 2137 ab
770 2110 802 2137 iis
814 2110 914 2138 ﬁnibus
938 2110 1023 2145 degit,

232 2161 261 2185 et
286 2164 336 2192 pro
362 2164 398 2184 eo
422 2156 630 2184 commoditates
662 2156 818 2191 plurimas,
844 2164 1024 2191 quascunque

233 2201 365 2237 agricolis
400 2204 578 2235 tempestates
606 2200 709 2233 ferunt,
751 2201 889 2236 percipit?
924 2200 1023 2229 Plures

233 2251 324 2275 autem
342 2245 442 2278 forent,
461 2246 485 2273 si
506 2249 629 2273 materna
644 2246 716 2273 bona
733 2247 904 2274 retinuisset.

480 2301 648 2329 EPISTOLA
663 2301 772 2330 LXXX.

460 2358 630 2393 Philosophia
644 2359 795 2394 magistrae.

271 2404 392 2432 Tametsi
404 2411 460 2432 non
474 2405 569 2431 omnia
585 2403 651 2431 mihi
661 2404 770 2438 eripere
784 2403 893 2431 fortuna
915 2407 1022 2440 potest,

232 2452 292 2479 vult
307 2455 398 2478 tamen
413 2456 586 2485 quaecunque
597 2453 688 2485 potest
704 2458 711 2477 :

270 2497 337 2530 Quia
353 2497 424 2524 natis
442 2503 525 2523 meme
539 2495 641 2522 orbavit
656 2495 797 2530 multisque
811 2495 944 2530 bonisque.

232 2542 290 2570 Sed
319 2542 423 2577 optima
453 2548 569 2576 quaaque
595 2540 666 2568 velle
701 2544 729 2568 et
751 2541 854 2575 injuria
882 2539 1024 2575 oppressis

235 2588 343 2620 adesse,
356 2587 423 2614 mihi
441 2594 583 2622 nunquam
600 2586 706 2621 eripiet.
722 2585 801 2613 Absit
819 2586 894 2613 enim
917 2589 948 2612 ut
964 2585 1024 2612 aui-

235 2639 310 2658 mum
327 2640 436 2667 quoque
462 2639 553 2660 meum
567 2631 724 2666 expugnet!
741 2630 792 2658 Odi
816 2630 899 2665 igitur
914 2629 1023 2664 injusti-

234 2676 301 2702 tiam
319 2677 391 2704 :hoc
417 2677 491 2704 enim
519 2677 584 2704 licet
600 2685 607 2710 ;
623 2676 771 2712 prohibere
803 2679 893 2703 autem
924 2675 1022 2702 vellent

234 2721 370 2756 equidem.
391 2721 490 2750 Verum
505 2728 531 2750 et
547 2723 600 2750 hoc
615 2729 648 2749 ex
664 2729 759 2749 eorum
782 2728 881 2756 genere
894 2725 947 2752 est,
961 2728 1022 2755 qua:

235 2766 303 2793 mihi
315 2772 406 2802 erepta
421 2771 486 2794 sunt
503 2777 509 2795 :
527 2771 553 2795 et
575 2773 638 2795 ante
663 2767 764 2795 liberos
779 2773 811 2795 ea
827 2773 857 2794 re
883 2773 945 2794 sum
964 2767 1019 2800 prio

235 2812 324 2836 vatus.

1072 1661 1131 1696 θείη
1146 1661 1199 1688 τῶν
1214 1660 1322 1688 ἑαυτοῦ.
1332 1661 1406 1688 Οὔτε
1421 1661 1476 1697 γάρ
1493 1662 1537 1696 ἐφ’
1552 1659 1594 1694 οἷς
1613 1662 1747 1697 πρότερον
1759 1663 1868 1698 ἀπῆρεν

1071 1704 1129 1733 οἴδα
1142 1706 1234 1739 καλῶς
1245 1715 1253 1723 ·
1265 1707 1325 1734 οὔτ’
1340 1707 1387 1734 ἐπὶ
1398 1708 1473 1734 ττίσιν
1485 1707 1638 1742 ἐπανῆλθεν
1650 1716 1656 1722 ·
1670 1707 1727 1734 οὔτ’
1737 1709 1787 1734 ἐπὶ
1795 1709 1866 1735 τίσιν

1072 1750 1151 1784 αὖθις
1166 1753 1311 1788 ἀποδημεῖ.
1331 1752 1393 1784 Πῶς
1408 1752 1473 1787 γὰρ,
1490 1753 1520 1779 ὃν
1534 1752 1590 1779 οΰτ⁹
1603 1750 1689 1786 εἶδον,
1712 1753 1777 1780 οὒτε
1802 1754 1865 1788 περὶ

1072 1797 1155 1824 αὐτοῦ
1181 1806 1208 1824 τι
1231 1798 1318 1832 σαφὲς
1340 1798 1545 1833 ἀπηγγέλλετο·
1576 1798 1644 1825 ἀλλά
1656 1798 1706 1834 τὴν
1720 1799 1866 1834 ἐπιστολὴν

1071 1841 1122 1876 τῆς
1144 1843 1219 1878 ἱερᾶς
1235 1851 1282 1869 σου
1295 1843 1385 1878 χειρὸς
1398 1843 1492 1878 ἕτερός
1505 1852 1547 1875 τις
1558 1843 1682 1878 ἐκόμισε,
1701 1843 1752 1870 καὶ
1764 1844 1867 1878 ταύτην

1072 1888 1234 1923 ἀντῄτησεν,
1249 1888 1286 1920 ὡς
1299 1889 1350 1923 ήδη
1363 1889 1477 1916 Νικαίου
1493 1889 1624 1921 λύσαντος
1635 1889 1667 1915 τὸ
1677 1891 1866 1925 πρυμνήσιονς

1073 1933 1128 1959 Καὶ
1137 1934 1187 1960 οὐκ
1199 1934 1255 1969 ἐγὼ
1268 1935 1318 1970 μὲν
1332 1935 1382 1961 οὐκ
1394 1933 1464 1962 εῐδον
1476 1935 1556 1962 αὐτόν
1564 1944 1572 1951 ·
1589 1936 1604 1962 ὁ
1617 1936 1639 1962 δ’
1652 1936 1767 1971 ἡγεμὼν
1785 1934 1865 1968 εῐδεν,

1074 1978 1092 2013 ἢ
1106 1978 1235 2013 ἦκουσεν.
1256 1979 1338 2007 Ἀλλά
1359 1981 1484 2013 κάκεῖνος
1507 1981 1563 2008 οὔτ’
1577 1979 1658 2015 εῐδεν,
1679 1981 1738 2008 οὔτ’
1752 1982 1865 2017 ἤκουσε.

1073 2024 1135 2056 Πῶς
1148 2023 1195 2051 οὖν
1209 2025 1267 2052 ἐστι
1282 2025 1395 2053 Νίκαιον
1407 2027 1485 2062 νικᾷν
1498 2027 1642 2063 ὑπερόριον
1657 2027 1688 2054 ἐν
1702 2027 1785 2063 ἀγρῷ
1799 2028 1867 2054 διαι-

1073 2067 1194 2103 τώμενον
1205 2077 1212 2083 '
1240 2069 1298 2096 ἀλλ’
1311 2070 1371 2096 ἀντὶ
1386 2070 1481 2097 τούτου
1504 2071 1589 2098 πολλά
1604 2071 1714 2106 κάγαθά
1724 2092 1732 2104 ,
1756 2073 1805 2099 καὶ
1820 2073 1866 2098 ὅσα

1074 2113 1203 2149 φέρουσιν
1212 2110 1282 2150 ὧραι
1295 2116 1351 2147 τοῖς
1362 2117 1496 2150 γεωργοῖς
1511 2116 1607 2151 ἔχοντα
1618 2125 1626 2151 ;
1642 2116 1732 2144 Ιῐλείω
1743 2117 1767 2144 δ’
1778 2118 1814 2144 ἂν
1823 2115 1866 2153 ἦν,

1074 2159 1098 2186 εί
1114 2160 1162 2186 καὶ
1176 2160 1230 2187 τῶν
1246 2159 1379 2196 μητρῴων
1392 2161 1538 2196 ἐκράτησε.

1352 2305 1525 2332 ΕΠΙΣΤΟΔΗ
1542 2304 1584 2333 η’.

1357 2359 1398 2394 Τῇ
1410 2361 1578 2395 φιλοσόφῳ.

1116 2404 1149 2430 Et
1171 2404 1218 2431 καὶ
1234 2404 1272 2440 μὴ
1294 2404 1384 2432 πάντα
1398 2407 1412 2432 ὀ
1428 2406 1538 2441 δαίμων
1551 2406 1700 2441 ἀφελέσθαι
1717 2416 1771 2443 μου
1788 2409 1864 2436 δύνα-

1071 2457 1124 2481 ται,
1142 2449 1210 2476 ἀλλά
1225 2449 1352 2484 βούλεται
1365 2451 1415 2477 ὅσα
1426 2459 1458 2485 γε
1473 2451 1586 2478 δύναται
1598 2458 1606 2467 ·

1071 2493 1126 2527 ⁸ος
1139 2495 1170 2528 μ’
1182 2494 1256 2522 υἱῶν
1269 2495 1393 2522 πολλῶν
1404 2504 1436 2522 τε
1449 2496 1499 2522 καὶ
1515 2496 1630 2524 ἐσθλῶν
1643 2495 1731 2525 εὖνιν
1745 2499 1862 2532 ἔθηκεν.

1077 2538 1159 2566 Ἀλλά
1174 2539 1204 2566 τό
1218 2548 1250 2574 γε
1265 2540 1458 2577 προαιρεῖσθαι
1471 2541 1506 2568 τά
1522 2541 1657 2576 βέλτιστα,
1678 2543 1727 2570 καὶ
1742 2544 1863 2571 τίθεσθαι

1073 2587 1129 2617 τοῖς
1144 2585 1344 2620 ἀδικουμένοις,
1359 2587 1410 2613 οὐκ
1426 2587 1618 2623 ἀφαιρήσεται.
1641 2588 1687 2623 Μὴ
1701 2589 1759 2624 γὰρ
1773 2589 1806 2625 δὴ
1821 2591 1862 2616 καὶ

1075 2631 1125 2665 τῆς
1138 2629 1249 2665 γνώμης
1268 2630 1346 2666 ἡμῶν
1367 2631 1540 2667 κατισχύσειε
1553 2632 1559 2659 !
1585 2633 1666 2660 Μισῶ
1680 2633 1732 2669 μὲν
1747 2633 1795 2661 οὗν
1807 2636 1861 2662 ἀδι-

1074 2676 1136 2702 κίαν
1148 2683 1156 2692 ι
1179 2675 1267 2708 ἔξεστι
1288 2676 1343 2711 γάρ
1354 2684 1361 2690 ·
1386 2676 1502 2704 κωλύειν
1513 2677 1542 2704 δὲ
1555 2677 1700 2714 βουλοίμην
1717 2680 1779 2714 μὲν,
1800 2681 1861 2707 om

1075 2721 1121 2747 καὶ
1137 2721 1215 2748 τοῦτο
1238 2721 1294 2748 τῶν
1307 2721 1510 2757 ἀφαιρεθέντων
1525 2723 1594 2756 ἐστὶ,
1621 2724 1668 2752 καὶ
1687 2724 1795 2760 οἴχεται
1819 2726 1863 2754 καὶ

1074 2765 1152 2792 τοῦτο
1167 2766 1219 2801 πρδ
1233 2767 1286 2793 τῶν
1301 2767 1425 2794 παιδίων.
