1955 3063
67 198 138 229 I453

156 257 252 285 Πάλαι
265 257 329 284 ποτ’
340 254 421 292 ἦσαν
430 256 550 291 ἄλκιμοι
563 255 715 288 Μιλήσιοι.

66 301 122 331 Ἦν
134 305 179 332 ὅτε
193 303 270 338 κάγὼ
283 303 370 338 φίλοις
385 303 480 338 ὄφελος
492 301 527 338 ἦν
538 311 545 318 ·
572 302 620 329 καὶ
641 301 673 329 σύ
697 310 731 338 με
747 301 854 333 ἐκάλεις

68 349 208 385 ἀλλότριον
225 349 327 382 ἀγαθὸν
343 350 382 381 είς
402 349 513 384 ἐτέρους
528 348 691 375 δαπανῶντα
715 348 764 384 τὴν
783 348 855 384 παρὰ

66 395 121 421 τῶν
137 395 208 430 μέγα
232 394 387 429 δυναμένων
400 394 467 421 αίδῶ
479 402 486 409 ⁸
509 395 556 420 καὶ
570 391 641 430 ἦσαν
655 394 752 421 ἐκεῖνοι
766 392 855 430 χείῖρες

67 440 143 476 ἐμαί.
156 440 223 466 Νυνὶ
240 439 267 466 δὲ
286 440 412 467 ἁπάντων
426 439 527 475 ἔρημος
539 440 731 476 ὑπολείπομαι,
748 440 818 476 πλὴν
831 440 858 466 εἴ

66 494 94 513 τι
113 486 145 512 σὺ
167 485 238 521 ’δύνῃ
251 493 257 500 ·
284 486 331 513 καὶ
354 485 407 521 γὰρ
422 485 454 521 δὴ
472 486 522 512 καὶ
543 486 573 512 σὲ
600 486 669 521 μιτὰ
686 486 735 522 τῆς
755 485 854 521 ἀρετῆς

67 531 168 565 ἀγαθὸν
182 532 279 558 ἄσυλον
295 531 414 567 ἀριθμῶ.
430 532 466 558 Σὺ
481 531 530 567 μὲν
542 530 588 558 οὖν
604 532 648 559 ἀεὶ
664 532 712 558 καὶ
721 531 797 567 δύνῃ.
808 531 856 558 καὶ

67 578 159 606 δύναιο
180 578 312 605 κάλλιστα
328 580 456 615 χρωμένη
472 577 511 613 τῷ
524 578 664 606 δύνασθαι.
692 578 803 608 Νίκαιος
825 578 855 605 δέ

68 623 115 650 καὶ
129 623 255 655 Φιλόλαος
268 624 292 650 οἱ
309 623 386 650 καλοὶ
402 624 517 658 κάγαθοὶ
529 623 632 651 νεανίαι
647 623 693 651 καὶ
703 625 854 659 συγγενεῖς,

67 669 141 701 ὅπως
159 669 331 696 ἐπανέλθοιεν
349 669 404 696 τῶν
427 669 499 696 ἰδίων
517 669 656 705 γενόμενοι
671 669 770 706 κύριοι,
787 670 855 697 πᾶσι

70 715 173 751 μελέτω
197 712 253 748 τοῖς
273 715 309 743 τὰ
332 715 366 743 σὰ
388 716 489 752 τιμῶσι
516 716 564 744 καὶ
590 716 709 749 ἰδιώταις
732 716 779 744 καὶ
804 716 855 752 ἄρ-

68 769 156 797 post.

334 904 505 934 ΕΠΙΣΤΟΛΗ
525 907 587 935 ΠΔ’.

369 963 412 997 Τῷ
425 963 556 999 ἀδελφῷ.

104 1008 171 1037 Τίνα
186 1009 235 1045 μέν
247 1018 299 1042 τοι,
313 1009 374 1037 τίνα
394 1009 472 1045 παρὰ
490 1009 544 1037 τῶν
557 1006 613 1041 οἷος
625 1009 708 1041 αὐτὸς
723 1006 758 1043 εἴ,
773 1018 858 1045 προσ-

70 1057 133 1092 ήχει
157 1055 361 1091 θαυμάζεσθαις
385 1055 437 1083 Τδν
452 1055 578 1091 σώφρονα
588 1075 596 1089 ,
611 1056 657 1083 τὸν
671 1056 787 1092 ἐμμελῆ,
811 1057 858 1084 τὸν

71 1102 197 1134 παιδείας
209 1099 330 1137 ἐταῑρον,
351 1101 397 1136 τὸν
419 1101 623 1138 προσανέχοντα
639 1101 678 1137 τῷ
699 1101 760 1137 Θεῷ
773 1102 858 1129 καθά-

73 1147 138 1181 παξ,
160 1147 206 1174 τὸν
228 1144 283 1179 οἷός
300 1147 359 1174 ἐστι
381 1147 532 1182 Γερόντως.
549 1147 642 1182 Ἔχεις
656 1144 703 1174 οὖν
715 1147 761 1174 τὸν
774 1147 858 1183 ἄνδρα

74 1193 143 1228 μετὰ
156 1194 207 1228 τῆς
221 1193 376 1230 ἐπιστολῆς,
388 1189 411 1227 ᾧ
422 1193 609 1229 χρησάμενος,
622 1193 694 1229 ἐρεῖς
710 1194 741 1220 οὐ
756 1193 859 1229 φαῦλον

73 1240 217 1275 ἐπαινέτην
232 1239 292 1275 ἐμέ.

341 1338 514 1366 ΕΠΙΣΤΟΔΗ
532 1338 595 1366 IlB'.

412 1395 517 1430 Χρύσῃ
522 1415 529 1422 .

109 1441 165 1476 Οὐχ
180 1441 221 1468 ὅτι
235 1449 280 1476 μοι
294 1440 348 1468 τῶν
361 1440 476 1468 παιδίων
490 1441 623 1476 συγγενής
639 1441 712 1468 ἐστι-ν
728 1442 743 1468 ὁ
755 1440 861 1476 θαυμα-

75 1487 136 1519 στδς
152 1487 302 1522 Γερόντιος,
319 1487 463 1522 συνίστημι
473 1486 520 1514 τὸν
534 1486 674 1514 νεανίσκον
687 1488 720 1523 τῇ
735 1487 811 1522 φιλίᾳ
827 1487 860 1522 τῇ

75 1533 109 1568 σῇ
122 1541 129 1548 ·
154 1533 201 1559 καὶ
221 1532 300 1560 τοῦτο
324 1532 374 1568 μὲν
387 1532 442 1568 γάρ
454 1540 462 1549 ·
479 1532 538 1560 ἀλλ’
554 1533 596 1560 ὅτι
610 1533 726 1569 πρέπων
739 1533 798 1560 ἐστὶ
812 1533 861 1560 τοῦ

76 1579 175 1614 χρυσοῦ
190 1579 298 1615 Χρύσου
309 1580 365 1611 τοῖς
378 1579 498 1615 τρόποις,
516 1579 541 1606 εί
554 1579 594 1606 δεῖ
610 1579 645 1614 μέ
660 1588 688 1606 τι
701 1579 747 1606 καὶ
759 1579 862 1615 ψυχρὸν

76 1603 172 1651 ἓῖτέέτζί
182 1603 498 1660 ,ἔιὶ”ιξιζρὶ(ὶέτοζο”ζᾶὦῖ
517 1603 747 1660 aliis?
763 1603 862 1660 Lais
875 1603 899 1635 ο

76 1670 151 1698 ἐστιν
172 1670 271 1707 ἀληθὲς
285 1671 382 1704 εἰπεῖν,
405 1670 436 1698 σέ
452 1668 524 1698 ιῐναι
547 1670 657 1706 ἁπάσης
671 1671 771 1706 ἀρετῆς
787 1671 862 1703 τίσω,

77 1716 184 1744 καὶτὸν
198 1716 304 1744 διδόντα
326 1725 367 1744 σοι
387 1717 438 1753 τὴν
457 1716 613 1753 ἐπιστολὴν,
633 1715 781 1751 ἀξιώτατον
794 1716 864 1743 ἀπο-

78 1760 169 1790 λαύειν
184 1770 230 1790 σου
246 1762 298 1798 τῆς
314 1762 468 1794 συνουσίας.

345 1861 520 1890 ΕΠΙΣΤΟΛΗ
537 1862 600 1889 III".

381 1917 424 1951 Τῷ
435 1916 566 1952 ἀδελφῷ.

114 1962 210 1998 Μῆκος
222 1962 365 1998 ἐπιστολῆς
378 1963 565 1998 ἀνοικειότητα
577 1963 724 1999 κατηγορεῖ
744 1961 790 1990 τοῦ
806 1963 865 1991 δια-

79 2009 248 2045 κομίζοντος.
276 2009 345 2035 Ἀλλ’
359 2009 373 2035 ὸ
389 2008 544 2044 θαυμαστὸς
567 2008 719 2044 Γερόντιος,
743 2005 797 2035 οἵδε
816 2008 866 2044 μὲν

79 2055 131 2082 ὅσα
146 2055 221 2090 κάγώ
234 2063 242 2070 ο
263 2055 287 2081 εί
301 2054 329 2081 δέ
347 2055 385 2090 μὴ
400 2054 469 2090 πρὸς
489 2054 521 2081 τὸ
533 2053 629 2089 ψεῦδος
645 2054 786 2087 ἀνοικείως
798 2052 866 2090 εἶχε,

79 2101 230 2136 διηγήσατο
253 2099 286 2127 ἂν
313 2100 360 2126 καὶ
380 2096 417 2126 ὧν
439 2099 573 2135 ἠπίστατο
585 2099 706 2131 πλείονα,
726 2099 765 2135 τῷ
780 2099 867 2134 φιλεῖν

81 2145 142 2179 ἐμὲ,
158 2145 205 2171 καὶ
221 2143 259 2178 τῷ
271 2144 392 2178 γλῶτταν
407 2143 480 2179 ἔχειν
495 2143 633 2178 ἀρκοῦσαν
645 2145 679 2179 τῇ
692 2143 798 2180 γνώμῃ.
820 2145 867 2171 Ὃν

81 2190 116 2217 ἂν
134 2189 302 2225 ἴδῃςήδέως,
317 2187 385 2220 εἶδες
397 2189 434 2220 ὡς
449 2188 505 2223 ἐγὼ
523 2189 662 2225 βούλομαι.

350 2332 524 2359 ΕΠΙΣΤΟΛΗ
541 2332 604 2360 ΠΔ’.

410 2387 451 2421 Τῷ
462 2388 554 2421 αὐτῷ.

117 2434 213 2468 Δέδεξο
231 2433 300 2470 μετὰ
313 2434 362 2469 τῆς
376 2433 498 2469 ἐμψύχου
513 2434 561 2460 καὶ
578 2433 628 2469 τὴν
641 2433 745 2469 ἄψυχον
762 2434 870 2461 ἐπιστο-

82 2481 133 2517 λήν
145 2489 152 2496 -
169 2481 236 2515 μετὰ
248 2479 294 2506 τοῦ
309 2479 466 2514 θαυμαστοῦ
479 2479 631 2514 Γεροντίου,
641 2479 728 2506 ταῦτα
737 2480 771 2507 τὰ
781 2480 870 2516 γράμ-

85 2534 169 2560 ματα,
185 2525 260 2559 νόμῳ
275 2524 305 2550 τὸ
320 2524 401 2550 πλέον
416 2523 433 2558 ἢ
452 2525 486 2558 τῇ
506 2523 586 2559 χρείᾳ
606 2522 654 2550 τοῦ
668 2525 826 2560 προσειπεῖν
839 2533 869 2551 σε

82 2570 226 2605 γενόμενα.
241 2569 301 2595 Ὅτι
313 2569 367 2604 γὰρ
379 2568 459 2604 ἡμεῖς
473 2568 598 2604 ωξῶμεν
610 2569 645 2604 τῇ
661 2569 726 2605 περὶ
739 2569 787 2596 σοῦ
804 2570 871 2605 μνή-

85 2625 135 2652 μῃ,
156 2615 260 2650 μυρίων
281 2613 429 2640 ἐπιστολῶν
454 2613 553 2650 μακρῷ
577 2613 832 2651 μεγαλοφωνότερον
855 2616 870 2641 ὁ

84 2661 226 2692 νεανίσκος
240 2659 273 2687 ἂν
285 2660 454 2695 διηγήσαιτο.

610 195 802 224 ΕΡΙΒΤΟΙΛΕ.
816 209 850 220 -ι
865 193 976 225 EPIST.
997 195 1139 224 LXXXIV.

1623 196 1691 226 M5!

1056 254 1152 283 Fortes
1168 255 1274 288 [uerunt
1289 255 1413 290 primitus
1429 254 1540 284 Milesii.

944 300 1007 328 Fuit
1024 305 1132 336 tempus
1144 300 1227 333 illud,
1243 308 1306 328 cum
1331 308 1383 336 ego
1397 302 1495 329 amicis
1513 302 1581 330 meis
1601 309 1694 333 essent

908 348 995 382 utilis,
1011 353 1038 376 ct
1050 353 1078 376 ιι
1092 356 1134 376 me
1144 349 1265 377 alienum
1282 348 1385 376 bonum
1406 349 1571 385 appellares,
1597 355 1695 386 potent

908 393 1009 421 tiorum
1025 394 1132 422 scilicet
1145 394 1173 422 in
1189 402 1233 422 me
1245 394 1416 422 observantia
1441 396 1474 423 ad
1486 396 1603 424 aliorum
1618 405 1695 425 com-

908 440 1020 467 modum
1035 440 1192 468 abutentem
1209 450 1215 468 :
1230 448 1300 476 quos
1320 449 1371 477 ego
1386 441 1426 469 sic
1441 446 1572 477 tanquam
1595 451 1694 471 manus

908 486 1054 514 habebam.
1068 486 1147 514 Nunc
1159 487 1287 515 omnibus
1299 487 1448 516 destitutus
1463 488 1623 523 relinquor;
1640 489 1694 517 nisi

909 531 932 558 si
953 534 982 558 tu
999 531 1139 567 quidpiam
1166 536 1253 567 potes.
1268 531 1336 560 Nam
1360 537 1387 560 et
1415 536 1442 560 te
1456 540 1520 560 cum
1542 533 1645 562 virtute
1666 535 1694 562 in

908 576 990 605 bonis
1004 577 1114 613 deputo,
1131 585 1192 613 quae
1214 578 1317 606 auferri
1345 584 1504 614 nequeunt;
1523 586 1556 608 ac
1583 583 1612 607 tu
1629 587 1696 608 sane

909 629 1018 657 semper
1043 627 1069 650 et
1089 627 1167 658 potes
1196 624 1355 659 plurimum,
1382 628 1409 652 ct
1428 625 1530 659 possis.
1559 629 1697 659 potestate

909 669 1012 704 optime
1041 674 1121 697 utens
1148 674 1206 697 tua.
1233 669 1341 698 Nicaeus
1369 677 1460 698 autem
1486 676 1514 699 et
1542 671 1696 704 Philolaus,

908 714 1129 749 prmslantissimi
1142 714 1268 750 juvenes,
1281 720 1309 743 et
1325 716 1448 751 cognati,
1465 716 1696 751 quemadmodum

909 768 1000 788 rerum
1015 768 1125 789 suarum
1139 761 1244 789 domini
1256 767 1440 796 revertantur,
1459 770 1534 791 cura:
1551 764 1587 791 sit
1608 763 1697 791 omni—

909 805 972 838 Irus.
988 806 1036 841 qui
1065 811 1091 835 te
1112 807 1277 841 observant,
1300 812 1328 836 et
1351 808 1467 844 privatis
1493 813 1521 837 et
1549 808 1697 845 magistra-

910 852 993 880 tibus.

1099 939 1104 946 ,
1148 910 1317 940 EI’ISTOLA
1337 911 1455 940 LXXXI.

1250 967 1355 996 Fratri.

943 1011 1065 1048 Ecquem
1078 1021 1153 1048 vero,
1162 1022 1276 1050 ecquem
1293 1016 1466 1044 admirationi
1476 1024 1538 1045 esse
1553 1016 1636 1052 229
1647 1024 1697 1053 par

907 1062 960 1091 est,
970 1059 1042 1094 apud
1055 1060 1097 1087 tui
1111 1060 1231 1088 similes?
1241 1061 1307 1088 Eum
1317 1069 1424 1097 nempe,
1435 1063 1482 1098 qui
1496 1067 1524 1091 et
1532 1063 1602 1098 frugi
1614 1063 1697 1091 homo

908 1101 954 1134 sit,
965 1107 992 1129 et
1005 1103 1128 1138 elegans.
1143 1109 1171 1131 et
1185 1104 1339 1141 disciplina;
1349 1107 1452 1140 socius,
1465 1111 1493 1135 et
1505 1107 1598 1135 divino
1609 1107 1698 1135 cultui

908 1145 1017 1174 deditus
1035 1151 1093 1179 :et,
1108 1153 1138 1175 ut
1153 1156 1210 1176 uno
1233 1149 1316 1177 verbo
1335 1150 1436 1184 dicam,
1451 1152 1498 1186 qui
1523 1151 1648 1180 Gerontii
1662 1152 1700 1180 sit

909 1189 1019 1219 similis.
1038 1190 1129 1219 Habes
1145 1193 1230 1227 igitur
1250 1201 1314 1221 cum
1339 1194 1438 1222 litteris
1467 1195 1616 1228 hominem,
1642 1203 1700 1231 quo

909 1243 972 1263 cum
1000 1244 1067 1265 usus
1101 1237 1199 1271 fueris,
1230 1247 1287 1267 non
1317 1240 1420 1267 malum
1450 1249 1495 1269 me
1526 1241 1700 1271 laudatorem

909 1281 936 1309 di
941 1283 1022 1310 xeris.

1140 1341 1310 1370 EPISTOLA
1335 1342 1465 1370 LXXXII.

1241 1399 1360 1436 Chryrte.

946 1442 1006 1471 Non
1020 1444 1094 1479 quod
1108 1444 1258 1474 liberorum
1274 1453 1398 1474 meorum
1415 1451 1549 1483 cognatus
1563 1453 1606 1476 est
1627 1456 1699 1484 pm-

911 1489 1003 1517 clarus
1020 1489 1179 1523 Gerontius,
1197 1490 1302 1519 idcirco
1318 1492 1522 1522 adolescentem
1537 1497 1590 1522 tua;
1606 1495 1702 1522 amici«

912 1534 957 1563 tia:
968 1536 1189 1564 commendatum
1202 1537 1277 1570 volo,
1292 1538 1402 1566 tametsi
1423 1538 1451 1566 id
1469 1547 1581 1575 quoque
1604 1547 1701 1568 verum

910 1585 972 1609 est:
988 1580 1037 1609 sed
1053 1581 1128 1616 quod
1143 1582 1220 1610 aurei
1236 1582 1349 1618 Chrysa:
1365 1584 1488 1612 moribus
1508 1584 1650 1620 congruit,
1676 1585 1702 1613 si

915 1626 982 1661 quid
996 1625 1125 1661 frigidum
1143 1627 1235 1655 dicere
1250 1635 1303 1660 me,
1326 1631 1354 1655 et
1369 1627 1476 1664 Gorgia:
1493 1636 1548 1656 non
1567 1629 1702 1657 dissimile

914 1675 1033 1706 oportet.
1051 1670 1153 1699 Verum
1168 1671 1274 1699 caeteris
1286 1671 1360 1700 istud
1374 1672 1502 1700 omnibus
1517 1672 1597 1707 longe
1608 1672 1702 1701 verius

915 1716 1041 1748 dixerim,
1055 1720 1083 1743 te
1097 1717 1168 1744 intra
1184 1724 1271 1752 genus
1287 1725 1368 1745 omne
1381 1718 1492 1747 virtutis
1507 1726 1570 1747 esse
1596 1719 1703 1747 consti-

915 1764 1027 1794 tutum;
1042 1768 1171 1796 eumque,
1190 1762 1237 1798 qui
1250 1762 1284 1790 ad
1299 1767 1327 1790 te
1354 1762 1438 1791 hasce
1471 1763 1576 1792 litteras
1603 1763 1702 1798 defert,

915 1810 963 1834 tua
979 1814 1041 1835 esse
1057 1806 1248 1835 familiaritate
1273 1807 1479 1843 dignissimum.

1145 1863 1316 1891 EPISTOLA
1339 1862 1481 1892 LXXXIII.

1246 1915 1351 1944 Fratri.

952 1959 1081 1994 Epistolas
1091 1960 1236 1995 longitudo
1247 1960 1366 1989 alienum
1377 1969 1440 1989 esse
1453 1969 1528 1994 eum,
1545 1969 1560 1989 a
1569 1970 1626 1997 quo
1643 1970 1705 1998 per-

917 2005 1033 2037 feratur,
1052 2005 1153 2040 arguit.
1179 2003 1332 2033 Pmclarus
1351 2010 1442 2034 autem
1458 2005 1606 2035 Gerontius
1629 2007 1705 2035 novit

916 2051 1028 2086 quidem
1045 2050 1151 2083 eadem,
1169 2058 1232 2086 quae
1247 2058 1308 2086 ego,
1319 2051 1431 2085 omnia;
1448 2051 1498 2079 sed
1514 2052 1568 2080 nisi
1584 2052 1619 2080 ab
1629 2053 1704 2080 omni

917 2095 1062 2123 mendacio
1080 2100 1154 2123 esset
1165 2095 1285 2128 alienus,
1302 2096 1385 2123 etiam
1400 2096 1436 2124 iis
1451 2104 1512 2132 qua:
1533 2097 1611 2125 novit
1626 2097 1705 2132 plura

918 2141 1038 2175 diceret;
1054 2148 1104 2176 pro
1120 2148 1154 2168 eo
1168 2141 1245 2176 quod
1261 2148 1305 2169 me
1324 2145 1418 2176 amat,
1432 2145 1460 2170 et
1483 2142 1603 2178 linguam
1623 2143 1705 2171 habet

918 2187 953 2215 ad
966 2187 1080 2214 intimos
1090 2187 1174 2215 animi
1185 2195 1284 2216 sensus
1297 2187 1462 2223 aperiendos
1472 2188 1610 2217 idoneam.
1618 2188 1706 2222 Quem

919 2231 942 2258 si
956 2234 986 2257 tu
999 2230 1117 2258 libenter
1129 2231 1247 2267 videbis,
1263 2232 1370 2261 videbis
1380 2240 1458 2266 sane,
1476 2233 1705 2269 quemadmodum

883 2272 905 2300 Β
919 2277 1003 2305 videri
1022 2277 1072 2305 abs
1092 2281 1119 2305 te
1132 2277 1225 2313 cupio.

1139 2330 1310 2360 EPISTOLA
1333 2331 1477 2361 LXXXIV.

1249 2386 1354 2416 Eidem.

952 2432 1054 2467 Accipe
1063 2439 1128 2459 cum
1141 2432 1263 2459 animata
1280 2432 1363 2460 etiam
1380 2432 1478 2460 animae
1491 2437 1630 2468 expertem
1650 2432 1708 2468 epi-

919 2477 1030 2508 stolam.
1050 2485 1113 2505 cum
1130 2478 1243 2513 egregio
1259 2477 1402 2510 Gerontio,
1416 2485 1488 2513 quas
1505 2478 1540 2505 ad
1563 2482 1590 2505 te
1608 2477 1707 2513 scripsi

919 2524 1027 2551 litteras
1042 2531 1131 2558 :quas
1146 2524 1200 2558 legi
1219 2523 1328 2551 cuidam
1344 2523 1448 2559 potius,
1470 2531 1551 2558 quam
1571 2523 1707 2551 salulandl

920 2568 961 2596 tui
976 2568 1135 2597 necessitati
1156 2568 1250 2595 tribui.
1269 2567 1339 2595 Nam
1364 2575 1416 2595 nos
1442 2575 1504 2595 cum
1533 2568 1645 2595 assidua
1667 2567 1707 2595 tui

919 2613 1111 2642 recordatione
1130 2613 1234 2646 vivere,
1252 2613 1341 2641 multo
1352 2613 1469 2641 inlinitis
1485 2613 1585 2642 litteris
1601 2613 1708 2641 eviden.

919 2659 975 2687 tius
994 2660 1157 2687 adolescens
1173 2659 1228 2688 iste
1241 2659 1405 2687 narraverit.

682 2747 774 2777 DION.
791 2747 929 2776 PETAVII
943 2747 1060 2776 NOTE.

123 2839 180 2872 (25)
193 2838 317 2873 Ψυχρὸν
328 2837 431 2869 εἰπεῖν,
443 2837 672 2873 καὶῗΓορτιιιῗον.
684 2825 785 2873 Contra
798 2837 870 2871 apud

88 2872 283 2902 Philostratqu
313 2873 395 2908 epist.
428 2873 473 2913 ἰᾷ,
493 2872 651 2912 Γοργιάζειν
672 2875 715 2899 est
737 2872 856 2932 16.91510

89 2909 188 2932 δεύειν.
208 2913 300 2932 ornate
308 2916 339 2932 ac
355 2907 482 2932 rhetorice
496 2906 591 2932 dicere.
607 2907 661 2932 Καὶ
677 2905 739 2932 οὕτε
752 2915 791 2932 τω
824 2914 856 2932 oo

89 2909 188 2946 ρεύειν,
208 2913 300 2936 ornate
308 2905 339 2935 ac
355 2907 482 2935 rhetorice
496 2905 591 2934 dicere.
607 2907 661 2933 Καὶ
677 2905 739 2933 οὔτε
752 2905 871 2941 τῷτορ-

922 2835 970 2873 χίᾳ
980 2836 1094 2873 παρίησι
1123 2836 1154 2862 τὸ
1177 2836 1274 2864 ἑαυτοῦ
1296 2837 1409 2873 ἄμεινον
1433 2835 1604 2873 Γοργιάζιιν,
1617 2835 1657 2864 ait
1675 2834 1710 2864 de

858 2886 871 2901 -.
882 2896 888 2901 ς
924 2865 1038 2900 Platone
1055 2865 1181 2907 loquens.
