1955 3063
227 176 297 204 H55

463 227 630 257 I-.I’ISTOLA
645 225 774 253 LXXXV.

568 272 671 299 Eidem.

264 324 382 352 Litteras
393 322 427 350 ad
438 327 548 350 sacrum
565 322 655 350 tuum,
668 316 790 352 mihique
813 314 949 350 imprimis
962 320 1012 348 op-

229 378 316 400 tatum
330 373 423 405 caput,
445 366 577 403 praeclaro
597 364 729 392 Gerontio
751 360 898 394 commisi;
914 359 1014 396 quibus

229 417 310 454 primi
330 404 372 444 illi
399 414 433 441 ad
452 418 480 440 te
500 412 590 439 aditus
620 409 730 437 occasio
753 407 917 443 praebeatur.
937 404 1014 432 Tunc

229 451 301 491 enim
311 462 388 490 illum
399 465 460 487 mea
472 464 556 485 causa
572 456 686 483 forsitan
697 453 858 481 honorabis.
866 451 1014 486 Postquam

229 514 296 534 vero
314 504 466 541 periculum
496 501 558 536 ejus
579 499 688 531 feceris,
708 498 797 534 ipsius
820 497 905 526 etiam
930 502 1016 524 causa

231 553 347 579 alterum
364 547 532 584 quempiam.

458 591 625 620 EPISTOLA
643 589 787 618 LXXXVI.

519 637 600 672 230
616 635 718 662 Eidem.

265 686 316 714 Cui
330 686 400 714 hanc
419 683 562 720 epistolam
575 681 715 711 commisi.
740 679 923 706 Dalmatarum
942 675 1019 704 ordi-

233 731 276 759 nis
290 733 410 766 quaestor
429 733 482 761 est,
503 731 531 755 et
555 733 673 753 annona:
699 723 858 760 przefectus.
879 721 935 756 Ego
951 728 1019 748 vero

233 777 372 804 Dalmatas
383 782 490 805 omnes,
502 771 618 809 perinde
628 778 661 798 ac
675 769 746 798 ﬁlios
756 777 842 799 meos.
852 767 1017 802 amplector.

234 822 353 857 Populus
368 820 441 848 enim
458 818 535 846 urbis
549 817 610 852 ejus
625 820 701 847 sant,
717 822 779 850 qua:
795 821 839 841 me
855 812 954 841 sortita
965 815 1018 839 est.

234 868 292 895 Iloe
309 874 394 894 unum
411 864 567 900 signillcare
586 861 638 889 tibi
652 860 746 888 debui.
761 858 851 886 Tuum
870 858 922 885 erit
938 857 1018 884 talem

234 918 261 941 te
276 919 340 948 erga
357 917 444 942 meos,
461 908 569 944 qualem
586 913 649 941 erga
662 909 737 936 tuos,
752 902 884 938 praebere.

445 949 615 980 EPISTOLA
635 946 791 976 LXXXVII.

543 993 701 1030 Pylazmeui.

270 1048 339 1075 Cum
356 1052 406 1080 ego
421 1050 519 1072 vernas
531 1049 564 1069 ex
579 1039 697 1067 Thracia
718 1038 825 1065 litteras
842 1033 1021 1069 accepissem,

236 1094 413 1128 cptstolarmu
434 1087 597 1116 fasciculum
613 1085 659 1112 diu
673 1084 845 1117 multumque
862 1079 980 1112 versavi,
999 1078 1022 1105 si

237 1123 283 1167 cui
300 1138 369 1165 forte
386 1134 548 1171 praeclarum
570 1129 735 1167 Pylamenis
758 1134 858 1155 nomen
882 1128 956 1153 esset
981 1123 1023 1150 in-

239 1183 371 1219 seriptum
381 1169 396 1215 ξ
404 1180 477 1216 quod
495 1177 573 1214 neIas
587 1176 717 1204 ducerent
733 1172 838 1209 aliquid
861 1172 938 1207 prius
954 1169 1024 1198 scri-

238 1215 316 1264 ptum
329 1215 476 1262 attingere.
492 1223 545 1252 Sed
563 1222 634 1250 nihil
648 1227 764 1256 usquam
789 1218 878 1264 visum
902 1220 955 1244 est.
972 1215 1024 1242 lla-

239 1260 292 1310 que
308 1273 332 1301 si
346 1260 457 1307 quidem
473 1269 572 1296 absens
594 1275 635 1299 es.
654 1272 738 1301 prope
758 1263 841 1293 diem.
858 1260 1026 1293 feliciterque

239 1305 387 1345 devertere.
400 1315 450 1342 Sin
462 1318 519 1341 tum
533 1318 656 1347 praesens
667 1309 778 1340 aderas,
786 1314 848 1335 eum
864 1305 920 1332 noti
931 1310 1025 1330 omnes

241 1361 351 1389 Zosimo
368 1360 473 1386 litteras
485 1357 520 1384 ad
536 1364 579 1384 me
592 1355 695 1383 dabant
708 1375 716 1388 ,
737 1360 804 1380 sane
823 1351 924 1379 mirum
943 1347 1027 1376 fuerit

243 1412 411 1443 quemquam
424 1411 467 1432 mo
491 1403 578 1438 magis
597 1408 660 1429 esse
672 1398 858 1430 recordatum,
874 1402 955 1431 quam
973 1393 1026 1429 Py-

242 1454 396 1481 lzemenem.

454 1492 622 1522 I‘ZPISTOLA
639 1488 810 1518 LXXXVIII.

583 1537 688 1564 Fratri.

278 1589 416 1618 Hactenus
429 1594 473 1614 res
485 1587 587 1613 nostra!
600 1582 673 1611 felici
689 1581 717 1609 in
728 1584 801 1609 statu
817 1579 936 1606 fuerant.
951 1575 1028 1608 Inde,

243 1636 318 1665 velut
333 1634 475 1669 reciproco
488 1630 608 1666 quodam
622 1627 755 1656 ﬂuctuum
769 1626 882 1660 impetu,
900 1627 928 1651 et
939 1621 1031 1658 publi-

244 1688 277 1709 ca
290 1679 368 1711 mihi,
383 1667 411 1705 et
425 1677 537 1713 privata
555 1680 702 1702 maerorem
722 1671 849 1698 afferunt.
868 1668 936 1696 Vivo
958 1667 1030 1695 enim

246 1727 276 1754 in
290 1725 390 1753 infesta
406 1712 535 1751 hostibus
549 1719 660 1756 regione
673 1717 785 1745 minime
800 1715 933 1751 privatus,
951 1712 1031 1740 mihi-

247 1779 301 1808 que
315 1770 486 1806 singulorum
506 1766 677 1794 calamitates
689 1761 863 1798 deplorandae
892 1763 979 1792 sunt;
1005 1762 1033 1785 et

246 1802 276 1844 in
295 1802 390 1843 mense
411 1812 511 1848 saepius
531 1810 565 1837 ad
584 1806 790 1845 propugnacula
812 1802 1010 1840 prosilieudum
1023 1821 1032 1834 ,

247 1862 327 1898 quasi
344 1860 377 1887 ad
396 1858 501 1887 militiae
526 1855 697 1885 societatem,
726 1860 781 1880 non
811 1851 845 1878 ad
879 1848 1033 1877 fundendas

247 1894 344 1945 preces
356 1905 508 1934 conductus
522 1901 632 1930 fuerim.
647 1899 747 1927 Tribus
761 1905 797 1926 ex
820 1896 942 1924 maribus
959 1894 1032 1926 ﬁliis,

249 1938 321 1981 I.nus
335 1951 425 1979 adhuc
449 1947 516 1976 mihi
533 1949 670 1981 superest.
698 1943 740 1970 Tu
766 1949 832 1970 vero
857 1940 882 1969 si
912 1938 1034 1968 secundo

251 2001 331 2027 vento
345 1995 469 2031 naviges,
491 1992 665 2026 feliciterque
680 1989 774 2021 vivas;
790 1995 845 2015 non
861 1985 972 2022 penitus
985 1985 1035 2012 ad-

249 2050 329 2072 versa
345 2041 453 2070 fortuna
473 2038 673 2066 conflictamur.
830 2066 835 2070 ι

472 2081 640 2111 EPISTOLA
665 2077 810 2107 LXXXIX.

568 2125 723 2160 Theophila.

286 2177 397 2205 Sublata
412 2182 446 2203 ex
461 2171 619 2201 hominibus
631 2169 741 2205 iustitia
757 2172 810 2196 est.
823 2166 996 2194 Andronicus
1009 2169 1036 2192 et

757 167 891 196 SYNESII
911 163 1142 194 P'I‘OLEMAIDIS
1163 162 1316 191 EPISCOP‘I

1785 155 1860 184 “56

1330 217 1503 244 ΕΠΙΣἸῸΔΗ
1522 216 1584 243 ΠΕ’.

1380 262 1426 296 Τῷ
1439 261 1529 295 αὐτῷ.

1104 311 1265 347 Ἐπιστολὴν
1279 311 1404 346 ἐπέθηκα
1417 309 1456 345 τῷ
1469 307 1617 345 θαυμαστῷ
1631 307 1771 344 Γεροντιῳ
1787 306 1861 342 πρὸς

1063 360 1114 395 τὴν
1131 359 1208 394 ἱεράν
1223 366 1271 385 σου
1297 357 1346 384 καὶ
1358 355 1521 392 τριπόθητον
1534 354 1664 390 κεφαλὴν,
1679 353 1731 389 τῆς
1744 353 1863 389 πρώτης

1064 404 1210 438 ἐντεύξεως
1226 402 1396 439 παρέξουσαν
1411 402 1556 438 πρόφασιν.
1582 400 1649 427 Τότε
1673 399 1725 435 μὲν
1739 399 1798 435 γὰρ
1812 401 1862 426 αὺ-

1064 450 1111 478 τὸν
1121 451 1187 482 ἴσως
1198 450 1232 476 δι’
1242 449 1293 485 ἐμὲ
1306 449 1443 484 τιμήσεις,
1455 447 1526 483 μετὰ
1537 447 1566 474 δὲ
1576 446 1627 481 τὴν
1639 447 1752 482 πεῖραν,
1763 446 1862 481 ἕτερον

1066 503 1128 522 τινα
1142 495 1175 522 δι’
1190 493 1283 522 αὐτόν.

1329 582 1503 610 ΕΠΙΣΤΟΛΗ
1520 581 1597 615 11¢-

1393 628 1436 661 Τῷ
1448 625 1540 660 αὐτῷ.

1103 671 1139 710 *ῼ
1153 674 1257 702 δέδωκα
1272 673 1322 709 τὴν
1348 672 1504 708 ἐπιστολὴν,
1520 671 1624 707 ταμίας
1638 670 1698 698 ἐστὶ
1719 670 1769 698 καὶ
1793 678 1865 697 σιτο-

1068 721 1148 755 δάτης
1160 719 1208 747 τοῦ
1230 719 1378 755 Δαλματῶν
1394 718 1542 753 τάγματος.
1559 717 1667 748 Πάντας
1687 716 1709 743 δ’
1727 715 1786 750 ἐγὼ
1800 715 1865 746 τώς

1070 766 1224 799 Δαλμάτας,
1239 765 1285 792 ῐσα
1299 764 1347 792 καὶ
1362 759 1424 796 τοῦς
1438 764 1514 795 υἱέας
1527 763 1609 798 τιμῶ.
1624 762 1716 798 Δῆμος
1733 760 1792 796 γάρ
1812 761 1865 787 εἱσι

1069 811 1204 847 λαχούσης
1219 819 1253 847 με
1275 810 1387 842 πόλεως.
1407 808 1480 836 Μάνα
1500 806 1535 843 ἦν
1549 807 1636 834 ταῦτα
1658 805 1782 842 μηνῦσαι
1796 804 1866 839 πῖδς

1072 858 1111 884 σέ.
1128 857 1176 884 Σὺν
1189 857 1217 884 δὲ
1228 857 1284 889 τοῖς
1299 857 1375 892 ἐμοῖς
1387 855 1426 887 ὡς
1440 853 1540 882 σαυτοῦ
1554 853 1717 889 χρήσασθαι.

1333 941 1507 969 ΕΠΙΣΤΟΛΗ
1528 940 1596 968 ῐΙΖ’.

1371 986 1552 1021 Πυλαιμένει
1557 1006 1564 1013 .

1113 1034 1224 1071 Ἦρινὰς
1237 1033 1292 1061 ἀπὸ
1305 1032 1416 1068 Θρᾴκης
1427 1031 1571 1063 ἐπιστολὰς
1586 1030 1785 1066 κομισάμενος,
1796 1030 1866 1064 ἠνώ-

1073 1081 1161 1117 χλησα
1176 1079 1214 1115 τῷ
1229 1078 1339 1114 φακέλῳ
1358 1077 1414 1105 τῶν
1429 1077 1610 1113 γραμμάτων,
1624 1076 1700 1103 εἵπου
1717 1084 1762 1107 τις
1779 1077 1823 1110 εἴη
1839 1074 1867 1101 τὺ

1073 1127 1180 1154 κλεινὸν
1195 1124 1423 1160 ἐπιγεγραμμένη
1435 1123 1621 1159 Πυλαιμὲνους
1636 1122 1723 1158 ὄνομα
1736 1130 1744 1138 ·
1764 1121 1806 1154 ὡς
1819 1123 1869 1148 οὐκ

1074 1174 1147 1207 ἄξιον
1163 1173 1248 1209 ἑτέρῳ
1263 1172 1357 1208 βιὸλίῳ
1373 1171 1559 1207 προεντυχεῖν.
1589 1169 1659 1196 Ἀλλ’
1673 1167 1708 1205 ἦν
1725 1169 1807 1196 οὐδὲν
1822 1169 1868 1195 οὗ-

1074 1218 1170 1254 δαμοῦ.
1183 1219 1215 1245 El
1230 1218 1278 1254 μὲν
1287 1215 1333 1244 οὖν
1345 1216 1488 1252 τυγχάνεις
1500 1215 1660 1250 ἀποδημῶν,
1677 1214 1738 1241 ἀλλ’
1752 1214 1870 1241 ἐπανέλι

1076 1265 1132 1297 θοις
1148 1264 1253 1299 ταχέως
1278 1271 1308 1289 τε
1331 1262 1378 1290 καὶ
1390 1262 1491 1294 καλῶς.
1511 1261 1543 1288 ει
1560 1261 1582 1287 δ’
1604 1260 1763 1296 ἐπεδήμεις,
1789 1260 1870 1295 ἡνίκα

1076 1311 1177 1342 πάντες
1191 1310 1216 1336 οἱ
1231 1308 1366 1345 γνώριμοι
1381 1308 1499 1343 Ζωσιμῳ
1512 1307 1563 1339 τὰς
1584 1306 1730 1338 ἐπιστολὰς
1745 1306 1868 1333 ἐπεδίδο-

1078 1365 1136 1388 σαν,
1151 1355 1224 1383 τοῦτ’
1240 1355 1273 1382 ἂν
1286 1355 1329 1390 εῐη
1344 1354 1375 1381 τδ
1390 1353 1559 1390 παράδοξον,
1580 1353 1608 1381 εῐ
1620 1361 1663 1385 τις
1675 1353 1790 1388 ἐγένετο
1807 1352 1870 1388 περὶ

1077 1403 1127 1440 ἐμὲ
1145 1402 1331 1438 Πυλαιμένους
1348 1410 1401 1437 μνη
1405 1400 1597 1437 μονικώτερος.

1346 1491 1522 1519 ΕΠΙΣΤΟΔΗ
1536 1491 1604 1519 IIII'.

1386 1537 1429 1570 Τῷ
1438 1535 1571 1571 ἀδελφῷ.

1115 1585 1191 1617 Τέως
1212 1585 1261 1621 μὲν
1281 1583 1453 1620 ἐπράττομεν
1469 1580 1512 1611 εὖ.
1537 1581 1596 1609 Εἴθ’
1617 1581 1714 1617 ὥσπερ
1737 1580 1873 1617 ῥεύματος

1080 1631 1336 1667 ἀνθυπενεχθέντος,
1354 1631 1401 1657 καὶ
1420 1629 1456 1656 τὰ
1478 1629 1557 1656 κοινὰ
1576 1628 1666 1661 λυπεῖ,
1683 1627 1734 1655 καὶ
1755 1627 1794 1654 τὰ
1810 1627 1872 1654 [δια.

1081 1678 1125 1706 Ζῶ
1140 1687 1170 1705 τε
1185 1679 1239 1714 γὰρ
1252 1679 1303 1705 οὐκ
1317 1677 1424 1713 ιδιιὶιτης
1438 1677 1467 1704 ἐν
1477 1676 1557 1712 χώρᾳ
1571 1674 1765 1711 πολεμουμένῃ
1777 1682 1786 1690 ·
1803 1674 1874 1708 κάμὲ

1081 1724 1121 1750 δεῖ
1135 1723 1228 1759 κλάειν
1244 1723 1288 1751 ἀεὶ
1299 1723 1349 1759 τὴν
1363 1723 1477 1750 ἑκάστου
1492 1721 1635 1757 συμφοράν
1646 1728 1652 1735 ·
1669 1720 1718 1747 καὶ
1728 1720 1779 1747 τοῦ
1793 1719 1875 1755 μηνὸς

1082 1768 1213 1801 πολλάκις
1236 1768 1283 1795 ἐπὶ
1304 1768 1355 1799 τὰς
1369 1766 1497 1800 ἐπάλξεις
1513 1766 1611 1802 πηδᾷν.
1635 1765 1673 1798 ὡς
1688 1765 1733 1800 ἐφ’
1746 1761 1771 1799 ᾧ
1783 1773 1817 1799 γε
1831 1773 1875 1790 συ-

1085 1813 1284 1848 στρατεύσομαι
1302 1812 1520 1848 μεμισθωμένον,
1535 1813 1586 1839 ob:
1602 1811 1645 1845 ἐφ’
1658 1807 1681 1844 ᾧ
1701 1819 1737 1844 γε
1755 1810 1875 1846 προσεύ-

1084 1858 1174 1894 ξομαι.
1192 1858 1283 1894 Τριῶν
1298 1858 1421 1894 ἀρρένων
1439 1857 1469 1884 ἓν
1483 1857 1525 1884 ἐτι
1548 1865 1593 1893 μοι
1618 1856 1756 1884 λείπεται.
1784 1857 1824 1883 Σὺ
1848 1855 1876 1883 δὲ

1084 1904 1132 1931 ἐὰν
1144 1904 1174 1936 ἐξ
1185 1904 1280 1939 οὺρίας
1294 1903 1390 1939 πλέῃς,
1404 1903 1452 1931 καὶ
1464 1901 1514 1938 ζῇς
1528 1902 1624 1938 ἡδέως,
1643 1901 1675 1929 οὐ
1687 1902 1783 1929 πάντα
1805 1902 1878 1937 ἡμᾶς

1082 1951 1098 1978 ὸ
1110 1950 1214 1986 δαίμων
1227 1949 1316 1978 λυπεῖ.

1350 2083 1525 2111 ΕΠΙΣΤΟΛΗ
1543 2082 1591 2111 ΠΘ
1599 2103 1606 2112 .

1407 2130 1551 2164 Θεοφίλῳ.

1121 2175 1232 2213 ὓῐχεται
1246 2176 1276 2203 τὸ
1291 2176 1395 2204 δίκαιον
1413 2176 1443 2209 ἐξ
1461 2175 1622 2211 ἀνθρώπων.
1645 2175 1823 2211 ’Δνδρόνικος
1836 2177 1879 2203 καὶ

252 2227 331 2251 antea
357 2220 485 2252 faciebat,
511 2221 539 2245 et
561 2215 642 2243 modo
669 2213 772 2249 patitur
803 2211 944 2246 injuriam.
967 2210 1029 2237 Sunl

1088 2210 1218 2258 πρότερον
1231 2222 1329 2257 ἠδίκει,
1343 2221 1391 2248 καὶ
1402 2221 1450 2248 νῦν
1463 2210 1596 2248 ἀδικεῖται
1608 2219 1667 2256 {11).
1680 2210 1820 2256 πρότερον
1832 2221 1877 2256 μὲν

252 2273 345 2297 autem
361 2264 491 2293 Ecclesiae
504 2268 595 2290 mores
615 2259 764 2295 ejusmodi,
780 2262 809 2285 ut
828 2257 976 2292 depressos
990 2264 1037 2283 ex-

252 2314 332 2342 tollat
344 2333 352 2345 ,
366 2312 454 2340 elatos
467 2308 614 2345 deprimat.
640 2305 720 2333 Hune
743 2305 826 2340 igitur
849 2302 1037 2330 Andronicum

252 2360 349 2387 oderat
360 2357 470 2393 quidem
490 2357 582 2385 antea,
604 2352 640 2379 ob
656 2351 703 2378 illa
724 2357 787 2385 quae
803 2348 996 2384 perpetrabat;
1011 2351 1038 2375 et

254 2405 359 2433 ideirco
373 2392 377 2393 ν
392 2401 468 2429 illum
488 2405 609 2434 eousque
633 2403 715 2432 passa
742 2399 786 2423 est
811 2393 942 2422 recidere.
960 2392 1039 2420 Nunc

254 2449 378 2486 ejusdem
394 2447 551 2477 miseretur,
566 2445 640 2479 quod
662 2443 739 2470 illum
764 2439 963 2475 imprecatione
975 2445 1039 2473 gra-
1057 2463 1060 2468 γ

255 2484 331 2524 viora
344 2492 470 2530 quaedam
485 2494 627 2526 expertum
643 2487 755 2516 sentiat.
773 2485 867 2521 Itaque
883 2484 1040 2520 potentibus

254 2542 338 2569 etiam
352 2529 419 2567 viris
429 2538 491 2572 ejus
511 2535 599 2572 gratia
622 2533 778 2561 molestiam
805 2531 930 2559 Iecimus.
958 2529 1038 2565 231

255 2587 403 2615 Enimvero
418 2583 546 2612 acerbum
566 2580 633 2608 illud
645 2583 699 2612 est.
714 2578 738 2607 si
754 2584 896 2613 nunquam
915 2584 966 2604 nos
977 2583 1039 2603 cum

257 2630 383 2658 felicibus
405 2636 437 2656 ac
448 2626 610 2655 florentibus
629 2625 785 2656 stabimus;
801 2623 850 2651 sed
869 2630 931 2650 cum
950 2621 1040 2649 flenti-

258 2676 309 2702 bus
325 2678 458 2709 perpetuo
474 2672 612 2700 flebimus.
624 2670 716 2703 Quare
734 2676 784 2696 nos
798 2668 843 2696 hic
853 2674 915 2695 eum
933 2675 948 2694 ε
962 2666 1042 2694 fune-

259 2723 303 2747 sto
318 2718 448 2745 tribunali
463 2716 645 2747 detraximus,
663 2722 696 2742 ac
710 2714 817 2742 caeteris
846 2713 874 2740 in
896 2712 979 2740 rebus
1001 2712 1042 2739 le-

258 2764 349 2791 viores
361 2763 401 2790 illi
426 2763 511 2792 multo
533 2761 706 2789 calamitates
725 2759 907 2787 reddidimus.
924 2757 1002 2790 Quod
1018 2758 1041 2784 si

259 2816 313 2844 qua
329 2812 374 2835 tua
389 2809 465 2835 illum
485 2807 571 2841 pictas
585 2813 651 2833 cura
682 2812 714 2832 ac
738 2804 924 2833 sollicitudine
946 2803 1043 2838 digna-

260 2854 343 2887 bitur,
358 2861 456 2888 maguo
470 2853 522 2880 hoc
541 2851 606 2879 mihi
619 2853 782 2885 argumento
798 2850 890 2882 fuerit,
903 2849 1041 2876 hominem

265 2905 282 2925 ι
295 2898 349 2926 Deo
363 2905 417 2925 non
430 2896 542 2924 omnino
555 2902 616 2923 esse
629 2894 798 2922 derelictum.

1087 2267 1130 2302 ὴδ.
1143 2267 1190 2295 νῦν
1200 2267 1228 2293 δὲ
1239 2266 1307 2303 se].
1321 2266 1358 2293 Τὺ
1371 2266 1400 2293 δὲ
1410 2267 1460 2301 τῆς
1471 2266 1636 2301 Ἐκκλησιας
1642 2263 1708 2301 ἦθος
1724 2266 1785 2301 [πο.
1797 2266 1876 2301 ἔθος],

1088 2310 1144 2340 οἷον
1166 2313 1273 2348 ὑψῶσαι
1297 2312 1347 2347 μὲν
1367 2311 1506 2343 ταπεινὸν,
1522 2311 1686 2338 ταπεινῶσαι
1710 2310 1741 2337 δὲ
1765 2311 1875 2346 ὑψηλόν.

1089 2358 1188 2385 Τοῦτον
1201 2357 1234 2393 δὴ
1245 2357 1290 2384 τὸν
1307 2357 1485 2392 Ἀνδρόνικον,
1500 2356 1590 2392 ἐμίσει
1607 2356 1655 2391 μὲν
1668 2357 1712 2390 ἐφ’
1737 2353 1782 2388 οἷς
1792 2356 1876 2383 ἐποίει

1090 2403 1139 2439 (διδ
1148 2404 1196 2430 καὶ
1207 2403 1347 2440 προήκατο
1363 2403 1444 2439 μέχρι
1454 2402 1558 2430 τούτων
1570 2401 1666 2437 ἐλθεῖν)
1675 2409 1682 2416 ·
1694 2401 1769 2428 ἐλεεῖ
1780 2401 1810 2428 δὲ
1822 2401 1875 2432 νῦν,

1089 2449 1131 2484 ἐφ’
1148 2447 1189 2481 οἷς
1203 2449 1254 2484 ἤδη
1279 2450 1335 2481 τοῖς
1351 2449 1421 2484 ὑπὲρ
1436 2448 1558 2484 κατάραν
1577 2447 1716 2482 ὡμίλησεν
1726 2454 1734 2462 ·
1758 2447 1803 2474 ὅτι
1823 2447 1876 2483 [γρ.

1089 2493 1144 2529 ὅτε]
1160 2494 1208 2520 καὶ
1220 2493 1282 2525 τοὺς
1303 2493 1351 2520 νῦν
1367 2493 1396 2519 ἐν
1411 2492 1524 2527 δυνάμει
1538 2492 1572 2519 δι’
1587 2491 1668 2519 αὐτὸν
1689 2491 1875 2527 ἐλυπήσαμεν.

1097 2539 1178 2566 Ἀλλὰ
1198 2539 1296 2572 δεινὸν,
1319 2540 1344 2566 ει
1367 2538 1502 2575 μηδέποτε
1517 2538 1584 2574 μετὰ
1595 2537 1649 2564 τῶν
1669 2538 1877 2573 εὐημερούντων

1093 2585 1261 2622 στησόμεθα,
1294 2585 1352 2617 τοῖς
1373 2585 1402 2611 δὲ
1425 2584 1552 2620 κλάουσιν
1576 2584 1621 2611 ἀεὶ
1645 2583 1876 2619 συνδακρύσομεν.

1096 2633 1192 2668 Ἡμεῖς
1211 2641 1241 2659 τε
1252 2629 1300 2659 οὖν
1313 2630 1430 2659 ἐνταῦθα
1445 2629 1560 2664 στυγνοῦ
1578 2629 1700 2665 βήματος
1713 2629 1798 2657 αὐτὸν
1814 2629 1877 2661 ἐξει-

1090 2679 1203 2714 λόμεθα,
1226 2678 1275 2705 καὶ
1294 2677 1379 2705 τᾶλλα
1400 2675 1527 2708 ἐλάττους
1549 2674 1625 2710 αὒτῷ
1641 2674 1718 2709 παρὰ
1739 2675 1811 2701 πολὺ
1834 2674 1877 2704 τὰς

1092 2723 1235 2760 συμφορὰς
1249 2723 1426 2758 ἐποιήσαμεν.
1441 2721 1500 2749 Κᾶν
1514 2722 1531 2757 ἡ
1546 2721 1580 2756 σὴ
1594 2720 1734 2748 θεοσέϐεια
1742 2719 1879 2755 φροντίδος

1092 2770 1174 2797 αὑτὸν
1189 2769 1303 2804 ἀξιώσῃ,
1327 2768 1407 2794 τοῦτο
1422 2767 1550 2802 μέγιστον
1567 2765 1622 2800 ἐγὼ
1634 2766 1788 2801 τεκμήριον
1809 2764 1879 2796 δέξο·

1094 2824 1153 2851 μαι,
1170 2815 1217 2842 τοῦ
1235 2815 1274 2850 μὴ
1287 2814 1443 2842 παντάπασι
1455 2813 1500 2840 τὸν
1515 2812 1657 2849 ἄνθρωπον
1672 2811 1882 2846 ἀπογνωσθῆναι

1096 2860 1171 2896 παρὰ
1185 2859 1263 2886 Θεοῦ.
