1955 3063
106 127 174 156 1457

386 187 558 215 ΕΠΙΣΤΟᾹΙΙ
578 188 613 222 ιζ.

439 235 564 267 Τρωτλῳ.

143 276 231 302 Πάλαι
249 277 298 312 μὲν
314 277 572 314 ἀπραγμονεστέρας
588 279 737 314 ἐποιούμην
757 279 807 311 τὰς
826 279 894 314 πρὸς

107 322 171 354 τοὺς
179 322 303 357 ἑταίρους
313 322 445 355 ἐντεύξεις
455 323 503 350 καὶ
511 323 605 359 παρὼν
616 324 662 351 καὶ
670 324 791 360 γράφων.
807 325 895 357 Ἐζων

108 367 163 402 γὰρ
179 368 225 394 ἐπὶ
241 367 294 394 τῶν
311 367 432 402 βιϐλίων,
447 369 546 404 τρόπον
562 369 622 396 τινὰ
640 370 807 403 ἀσύντακτος
821 371 895 406 πάσῃ

109 413 186 438 πόλει
198 412 246 439 καὶ
261 413 391 448 πολιτείᾳ.
407 414 476 441 Νυνὶ
492 414 519 441 δὲ
537 415 664 450 (ἐπέταξε
677 416 732 452 γὰρ
745 417 759 443 ὁ
776 416 842 448 Θεὸς
856 417 896 448 είς

108 458 334 493 ἀποδεδειγμένον
347 458 446 495 χωρίον
461 460 556 492 οἰκεῖν,
577 461 622 487 καὶ
638 461 719 488 αὑτὸν
734 461 805 496 ἔχειν
816 462 846 488 ὲν
862 463 895 497 τῇ

110 503 185 529 πόλει
204 502 265 530 τινὰ
278 503 364 536 τάξιν,
383 504 431 531 καὶ
444 504 492 540 ζῇν
512 505 540 531 ὲν
556 505 781 541 διηριθμημένοις
796 505 897 541 ἀνθρώ-

111 549 184 583 ποις)
197 548 343 584 βουλοίμην
358 548 391 576 ἂν
401 546 448 576 οὖν
462 550 557 583 ὄφελος
570 549 639 577 εἶναι
653 552 709 583 τοῖς
724 551 896 587 συλλαχοῦσι,

112 595 158 620 καὶ
172 595 258 620 ποιεῖν
274 594 386 629 ἀγαθὸν,
403 595 416 622 ὃ
430 604 457 622 τι
475 595 618 632 δυναίμην,
641 597 688 623 καὶ
703 597 817 624 ἕκαστον
833 598 896 634 ίδίᾳ,

112 642 159 667 καὶ
171 640 219 676 τὴν
233 640 310 667 πόλιν
325 642 413 676 κοινῇ.
435 641 468 668 ἶν’
481 641 570 677 ὁρῴην
584 651 614 669 τε
626 643 674 669 καὶ
686 642 798 678 ὸρῴμην
812 643 897 678 ἡδέως

113 685 188 721 παρὰ
206 686 270 718 τῶν,
287 686 326 718 ὡς
347 685 380 713 ἂν
402 686 473 713 εἴποι
490 696 543 719 τις,
567 687 697 723 ωμπλιῦν
714 688 762 715 τοῦ
783 689 852 724 βίου.
865 689 899 716 Εἰ

112 740 139 758 τι
152 731 241 758 τοίνυν
253 733 410 769 Μαρτύριος
427 733 517 760 ὄναιτο
533 734 582 769 τῆς
596 734 629 760 δι’
642 734 726 761 αὑτὸν
749 735 898 771 γενομένης

112 778 266 814 ἐπιστολῆς,
285 778 339 805 ἴσθι
358 788 403 814 μοι
420 780 603 815 χαρισάμενος
616 780 645 806 ἐν
665 780 741 817 ἀνδρὶ
757 781 899 816 συνδιημε-

115 825 229 859 ρεύοντι,
251 825 298 852 καὶ
315 826 359 852 ναὶ
377 825 415 861 μὰ
429 827 491 857 τοὺς
512 825 606 860 λόγους
623 826 699 861 τάμὰ
719 825 766 852 καὶ
783 826 817 853 σὰ
835 835 899 853 παι-

685 129 878 158 EPISTOLE.
892 145 924 150 —
943 128 1052 156 EPIST.
1071 129 1152 156 XCII.

1662 131 1730 160 “58

1213 187 1380 216 EPISTOLA
1399 188 1455 216 XC.

1289 235 1389 262 Troilo.

978 279 1049 306 Olim
1077 279 1186 315 quidem
1220 281 1354 307 sccuriori
1381 287 1414 308 ac
1439 279 1554 308 faciliori
1579 280 1730 307 amicorum

944 325 1146 353 consuetudine
1162 325 1334 360 perfruebar,
1351 334 1413 353 cum
1441 333 1562 360 przesens
1579 325 1647 360 ipse,
1673 329 1731 352 tum

945 379 993 406 per
1011 371 1128 400 litteras.
1148 372 1267 400 (Etalem
1285 372 1358 399 enim
1380 372 1406 399 in
1425 372 1501 400 libris
1524 373 1732 404 consumebam,

946 417 980 444 ab
993 417 1068 444 omni
1082 418 1284 452 quodammodo
1292 423 1319 445 et
1335 417 1447 445 civitate
1465 417 1628 449 abhorrens,
1645 422 1672 445 et
1686 417 1732 444 ad-

945 462 1148 490 ministratione
1159 462 1326 497 reipublicae.
1340 461 1400 489 1am
1414 469 1489 493 vero,
1505 462 1634 497 praacepit
1651 462 1733 496 quip-

947 516 979 543 pe
990 508 1055 535 mihi
1072 507 1155 540 Deus,
1171 512 1202 535 ut
1226 508 1254 536 in
1270 507 1330 535 loco
1350 508 1503 534 constituto
1519 501 1656 542 degerem,
1673 515 1732 534 cer.

946 558 1059 588 tumque
1071 553 1099 580 in
1116 553 1227 581 civitate
1243 553 1366 580 ordinem
1390 557 1522 585 teneretur,
1546 558 1573 580 et
1588 561 1651 579 cum
1666 553 1733 581 defi-

947 601 1305 630 nitishominibusaetatem
1329 608 1458 636 agerem;
1486 600 1580 627 vellent
1605 599 1731 635 equidem

947 647 992 678 iis.
1012 647 1177 682 quibuscum
1204 647 1269 674 mihi
1299 646 1444 674 vivendum
1462 650 1513 678 est,
1543 645 1634 680 aliqua
1660 645 1686 671 in
1705 653 1733 672 re

947 693 1140 726 commodare,
1167 693 1292 727 beneque
1318 692 1353 720 de
1375 691 1409 719 iis
1430 699 1595 727 quacunque
1625 699 1733 726 possein

947 739 1056 766 ratione
1073 738 1184 771 mereri,
1201 746 1264 765 eum
1277 745 1442 773 unoquoque
1458 737 1595 772 privatim,
1614 742 1670 764 tum
1685 745 1734 772 pn-

949 782 1019 809 blice
1030 782 1156 809 universa
1172 782 1293 814 civitate,
1310 786 1340 809 ut
1355 786 1382 809 et
1398 782 1490 809 videre
1509 786 1536 809 et
1549 781 1633 809 videri
1653 781 1686 808 ab
1701 782 1735 807 iis

950 827 1065 854 libenter
1080 835 1202 863 possem,
1219 828 1354 862 ejusdem,
1369 832 1397 854 nt
1410 828 1446 855 ita
1461 828 1561 858 dicam,
1578 827 1640 855 vitze
1659 827 1735 853 navi-

112 871 185 902 δικὰ,
208 871 336 903 πολλάκις
361 872 400 902 είς
426 872 457 898 τὸ
477 872 596 898 συνεῖναί
619 880 663 907 μοι
686 872 752 899 πολὺ
780 872 827 899 καὶ
847 872 898 908 τῆς

958 873 1068 908 gationis
1083 873 1176 901 sociis.
1190 872 1281 906 Quare
1296 874 1317 900 si
1330 881 1383 909 qna
1404 874 1431 900 in
1447 882 1475 901 rc
1490 873 1635 909 Mal-tyrio,
1652 880 1733 907 quam

113 915 209 947 νυκτὸς
228 915 310 951 μέρος
324 915 547 952 ὲπιλαμϐάνοντι.

952 927 1001 954 pro
1021 920 1068 946 illo
1083 919 1194 954 scripsi,
1210 920 1327 954 epistola
1343 919 1502 954 adjumento
1517 919 1609 951 fuerit,
1624 919 1693 946 scito
1708 921 1735 944 te

115 959 180 987 mihi
196 960 222 987 in
242 968 274 987 eo
290 960 350 988 viro
365 961 651 996 gratiticaturum,qui
664 969 770 988 mecum
786 961 896 990 assidue
911 968 1052 998 versetur;
1075 965 1188 1000 quique,
1205 968 1292 992 testor
1328 965 1489 999 disciplinas
1515 971 1622 995 omnes,
1662 971 1736 991 nicas

114 1009 231 1042 tuasque
249 1006 374 1040 delicias,
400 1013 472 1041 saepe
495 1007 559 1034 dum
580 1013 676 1035 nostra
701 1007 900 1036 consuetudine
919 1008 1032 1042 fruitur,
1051 1010 1151 1038 bonam
1168 1014 1273 1046 partem
1290 1010 1380 1038 noctis
1394 1011 1516 1038 insumit.

383 1053 555 1081 ΕΠΙΣΤΟΛΗ
574 1055 633 1087 ιιΑμ.

415 1099 457 1132 Τῷ
471 1098 601 1134 ἀδελφῷ.

149 1144 242 1172 Κακὸν
262 1145 293 1172 οὐ
319 1145 416 1181 μικρὸν
436 1145 583 1172 ἀπολαύσω
604 1145 654 1181 τῆς
670 1145 824 1181 ἀγροικίας,
848 1145 903 1172 τῶν

115 1192 222 1226 τρόπων
240 1191 301 1219 λίαν
317 1191 374 1227 [γρ.
392 1191 446 1219 τῶν
459 1191 570 1227 τρόπων
580 1201 587 1208 -
606 1192 677 1228 λίαν]
692 1192 833 1227 ἀληθεύων
844 1191 903 1219 διά-

116 1237 199 1271 θεσιν,
214 1235 244 1265 εὖ
261 1237 315 1265 too;
330 1238 381 1270 ὅτι,
393 1239 440 1265 καί
454 1239 501 1266 ἐπὶ
515 1239 565 1274 τῆς
577 1239 685 1266 Λιϐύων
694 1239 832 1275 ἐσχατιᾶς.

384 1328 557 1356 summa
577 1329 635 1363 ur.

443 1375 585 1411 Ἦσυχίῳ.

159 1420 294 1456 Ἀθηναῖοι
311 1420 495 1456 Θεμιστοκλέα
514 1421 560 1448 τδν
583 1421 733 1453 Νεοκλέους
757 1421 903 1458 ἐπῄνεσαν,

118 1467 169 1500 ὅτι,
185 1467 273 1494 καίτοι
302 1466 443 1503 πολιτικῆς
463 1467 604 1503 δυνάμεως
622 1467 740 1503 ἐραστὴς
757 1468 821 1504 παρ’
834 1469 905 1495 ὁντι-

117 1512 180 1540 νοῦν
189 1513 243 1540 τῶν
253 1513 296 1548 ἐφ’
307 1512 403 1539 ἑαυτοῦ
415 1512 472 1548 [γρ.
483 1512 584 1549 ἑαυτῷ]
595 1513 751 1548 γενόμενος,
763 1513 903 1549 ἀπηύξατο

1216 1057 1387 1085 EPIS'I‘OLA
1406 1056 1473 1084 XCI.

1288 1103 1393 1130 Fratri.

986 1148 1046 1176 Non
1074 1148 1212 1176 mediocre
1228 1148 1295 1175 mihi
1323 1149 1454 1176 damnum
1479 1156 1537 1176 mea
1555 1148 1600 1175 illa
1630 1156 1737 1175 morum

951 1193 1107 1221 rusticitate
1128 1194 1300 1221 consciscam
1325 1202 1332 1221 :
1356 1201 1418 1221 cum
1439 1193 1518 1221 valde
1547 1193 1655 1229 ingenio
1679 1201 1738 1221 meo

953 1244 1112 1276 naturaeque
1126 1239 1256 1274 serviam,
1272 1239 1354 1267 etiam
1373 1240 1400 1267 in
1423 1240 1555 1268 extremis
1577 1239 1633 1267 illis
1649 1239 1740 1275 Libyae

954 1285 1067 1314 finibus.

1214 1329 1384 1358 EPISTOLA
1397 1330 1477 1358 XCII.

1272 1376 1415 1412 Hesycltio.

992 1421 1171 1450 Athenienses
1188 1421 1399 1450 Themistoclem
1416 1421 1526 1449 Neoclis
1544 1421 1627 1449 tilium
1646 1421 1741 1449 lauda-

957 1471 1033 1499 runt,
1053 1466 1137 1503 quod,
1157 1467 1267 1494 tametsi
1286 1474 1342 1502 pra:
1355 1467 1472 1499 caeteris,
1485 1467 1533 1502 qui
1551 1467 1649 1495 iisdem
1671 1472 1741 1495 teni-

957 1513 1069 1548 poribus
1084 1513 1228 1546 vixerunt,
1244 1512 1332 1540 civilis
1351 1513 1479 1547 potentia;
1501 1518 1633 1549 appetens
1652 1513 1740 1546 foret;

119 1559 209 1586 πᾶσαν
229 1558 326 1594 ἀρχὴν,
342 1559 371 1585 ὲν
420 1559 473 1585 τῶν
495 1558 577 1591 ξένων
600 1558 675 1585 οὐδὲν
690 1558 802 1594 ἔμελλον
823 1559 904 1586 πλέον

958 1558 1098 1593 imperium
1116 1563 1206 1587 tamen
1229 1567 1311 1586 onme
1331 1559 1515 1593 detrectabat,
1533 1559 1561 1587 in
1584 1567 1640 1595 quo
1657 1559 1741 1586 nihilo

118 1605 190 1638 ἕξειν
206 1605 230 1631 οί
241 1604 384 1641 γνώριμοι.
395 1605 445 1633 Σοῦ
456 1605 490 1633 δὲζ
498 1605 539 1632 ὅτι
552 1605 601 1640 μὲν
613 1605 771 1640 ἐπέγνωσαν
785 1605 834 1641 τὴν
846 1606 907 1641 ἀρε-

119 1651 169 1687 τὴν
187 1651 211 1678 οἱ
229 1651 331 1687 καιροὶ,
344 1651 391 1678 καὶ
405 1651 448 1678 διὰ
461 1651 492 1678 σὲ
505 1650 642 1686 παρῆλθεν
653 1652 694 1683 είς
705 1651 755 1686 τὴν
771 1651 906 1678 πολιτείαν

121 1698 208 1733 ἀρχῆς
221 1697 315 1733 ὄνομα,
328 1698 375 1724 καὶ
389 1698 507 1734 πρᾶγμα
520 1697 624 1728 καινὸν,
638 1697 726 1732 ἥσθην
740 1697 799 1732 μὲν,
813 1697 907 1733 ὥσπερ

122 1744 194 1775 εἰκὸς
204 1743 328 1780 ἑταίρους
343 1744 381 1770 ὲκ-
392 1743 507 1771 παλαιοῦ
521 1743 678 1778 γεγονότας,
689 1743 738 1779 τῆς
754 1744 829 1779 ἱερᾶς
841 1752 909 1778 γεω-

123 1791 235 1826 μετρίας
247 1790 371 1826 ἀλλήλοις
384 1790 457 1826 ἡμᾶς
468 1789 687 1825 μνηστευσάσης.
699 1789 759 1816 ’Ότι
770 1789 799 1816 δὲ
813 1790 841 1815 ἐν
851 1790 907 1821 τοῖς

123 1837 277 1871 βουλευταῖς
296 1837 343 1863 καὶ
365 1836 420 1862 τὸν,
434 1836 499 1871 ὲμὸν
523 1835 637 1870 ἀδελφὸν
662 1834 749 1867 ἀξιοῖς
769 1834 907 1870 ἀριθμεῖν,

122 1883 180 1910 ἀλλ’
196 1883 247 1909 οὐκ
260 1882 423 1916 ἀπαλείφεις
438 1882 487 1918 τὴν
499 1881 587 1908 οίκεαν
605 1881 659 1908 ἀπὸ
673 1881 719 1908 τοῦ
735 1881 854 1917 πονηροῦ
870 1881 910 1916 βι-

123 1929 209 1960 ϐλίου,
220 1928 271 1956 κᾶν
286 1928 313 1955 εί
328 1937 354 1955 τι
373 1928 443 1955 κατὰ
458 1927 600 1964 συμφορὰν
617 1927 735 1963 ἀρχαίαν
749 1927 909 1963 προειλήφει

122 1975 266 2010 γενόμενον
278 1983 286 1991 ν
302 1973 384 2001 τοῦτο
394 1973 434 2006 δὲ,
456 1974 487 2001 οὐ
503 1974 574 2000 κατὰ
590 1972 775 2008 Θεμιστοκλέα
793 1972 822 1999 σέ
838 1981 909 2008 φημι

123 2021 219 2050 ποιεῖν.
237 2019 299 2047 οὕτε
312 2018 441 2047 δοκοῦντα
456 2019 491 2054 τῇ
507 2017 568 2054 θείᾳ.
587 2017 753 2053 γεωμετρίᾳ.
779 2017 910 2044 Εῡόπτιον

122 2067 177 2102 γὰρ
193 2067 221 2092 ὲν
241 2065 364 2100 ἀδελφοῖς
387 2064 440 2091 ἔδει
462 2063 592 2099 τετάχθαι
614 2065 670 2095 τοῖς
687 2065 754 2095 σοῖς.
776 2064 800 2091 εἰ
823 2063 858 2090 τὰ
871 2063 911 2099 τῷ

123 2112 197 2148 αὑτῷ
211 2112 245 2139 τὰ
259 2111 338 2145 αὐτὰ,
356 2111 403 2139 καὶ
415 2111 540 2147 ἀλλήλοις
552 2109 620 2137 εἶναι
633 2110 677 2137 δεῖ
691 2110 727 2136 τὰ
741 2109 821 2138 αὐτά.
837 2110 911 2137 lii-8t

122 2158 167 2185 διὰ
187 2158 233 2184 τὸν
255 2157 310 2184 τῶν
339 2156 563 2193 περικεχυμένων
587 2155 759 2192 πραγμάτων
777 2155 855 2190 δχλον
881 2155 911 2182 τὸ

123 2204 210 2240 χρεὼν
225 2203 360 2238 ἠμέληται
382 2203 462 2238 μέχρι
475 2202 521 2229 τοῦ
536 2201 596 2233 νῦν,
610 2201 706 2234 δεῖξον,
723 2198 745 2228 ὦ
758 2201 891 2236 θαυμάσιε
901 2208 909 2216 ⁸

956 1605 1017 1639 plus
1044 1604 1100 1632 noti
1129 1605 1231 1641 ignotis
1259 1612 1291 1632 ac
1313 1605 1468 1641 peregrinis
1495 1610 1740 1641 consequerentur:

956 1650 1014 1677 Tua
1029 1658 1096 1678 vero
1110 1651 1210 1683 virtus.
1224 1651 1355 1686 quoniam
1370 1651 1438 1679 iisce
1449 1651 1618 1687 temporibus
1630 1657 1741 1686 experta

956 1700 1009 1728 est,
1025 1703 1057 1723 ac
1072 1701 1182 1731 propter
1196 1700 1223 1724 te
1241 1704 1341 1724 novum
1367 1696 1393 1724 in
1418 1698 1614 1732 rempublicam
1633 1705 1740 1729 nomen.

957 1749 1082 1776 novaque
1099 1749 1144 1769 res
1159 1745 1201 1769 est
1214 1741 1389 1776 introducta;
1403 1742 1514 1777 gavisus
1526 1742 1653 1777 equidem
1665 1751 1742 1776 sum;

958 1787 1029 1822 quod
1049 1787 1137 1815 facere
1157 1795 1206 1822 par
1224 1793 1284 1816 erat
1300 1795 1361 1820 eos,
1379 1795 1450 1822 quos
1465 1791 1544 1816 vetus
1567 1788 1743 1816 necessitudo

957 1833 1149 1867 conjunxerat,
1163 1841 1225 1860 eum
1238 1833 1367 1860 nimirum
1383 1841 1462 1869 sacra
1480 1841 1531 1861 nos
1543 1833 1660 1860 invicem
1680 1842 1744 1868 geo-

958 1879 1055 1906 metria
1070 1878 1257 1906 conciliasset.
1273 1877 1353 1913 232
1370 1877 1449 1911 Quod
1464 1883 1555 1905 autem
1579 1879 1605 1905 in
1635 1882 1744 1906 senato-

959 1931 1019 1950 rum
1035 1931 1179 1950 numerum
1196 1923 1277 1953 etiam
1302 1922 1414 1951 fratrem
1437 1931 1527 1951 meum
1547 1923 1674 1953 ascribis,
1695 1931 1744 1950 nec

959 1969 1021 2004 ejus
1035 1968 1165 1996 familiam
1179 1976 1212 1996 cx
1228 1967 1386 1996 infelicibus
1397 1969 1497 1996 tabulis
1510 1969 1608 1997 eximis
1619 1990 1627 2002 ,
1637 1969 1744 1997 etiamsi

959 2023 1009 2051 pro
1033 2015 1118 2043 veteri
1148 2013 1306 2042 calamitate
1334 2014 1451 2042 antehac
1477 2014 1580 2049 aliquid
1607 2014 1744 2049 ejusmodi

960 2060 1137 2096 contigisset:
1151 2059 1225 2087 istud
1237 2067 1303 2087 vero
1316 2068 1370 2087 non
1383 2059 1439 2094 jam
1452 2059 1645 2088 Themistoclis
1655 2060 1746 2088 simile

960 2107 1019 2135 fieri
1034 2107 1083 2134 abs
1096 2109 1123 2134 te
1139 2106 1212 2140 dico,
1227 2113 1278 2133 nec
1294 2105 1394 2133 divinae
1420 2106 1576 2141 geometria:
1600 2110 1746 2134 consenta-

960 2160 1054 2180 neum.
1079 2152 1224 2187 Evoptium
1248 2151 1322 2179 enim
1336 2151 1384 2179 tibi
1402 2151 1517 2178 fratrum
1546 2156 1657 2179 tuorum
1685 2152 1745 2183 loco

961 2205 1023 2226 esse
1036 2197 1198 2232 oportebat;
1216 2197 1241 2225 si
1254 2204 1316 2232 qua:
1330 2196 1424 2224 eadem
1444 2197 1491 2224 uni
1507 2201 1583 2229 sunt,
1608 2197 1703 2224 eadem
1718 2200 1747 2224 et

124 2238 172 2278 ita!
187 2250 276 2277 λαϐὼν
290 2249 343 2285 τὴν
358 2248 511 2284 ἐπιστολὴν,
528 2248 590 2280 ἄνες
604 2249 652 2283 τὴν
671 2247 814 2282 πενθερὰν.
827 2246 904 2273 αὑτοί

961 2251 1023 2272 esse
1036 2243 1107 2271 inter
1118 2251 1148 2271 se
1162 2250 1277 2271 necesse
1290 2246 1343 2270 est.
1365 2242 1444 2275 Quod
1467 2243 1490 2270 si
1511 2241 1678 2270 amuentium
1696 2250 1747 2271 ne-

123 2297 173 2332 τῆς
187 2296 288 2323 ἀτόπου
301 2294 413 2330 ζημίας,
429 2293 477 2321 καὶ
489 2294 523 2320 τὰ
541 2293 610 2329 μετὰ
623 2293 719 2324 ταῦτα,
735 2292 785 2320 καὶ
795 2292 829 2319 τὰ
845 2299 912 2326 προ-

124 2343 181 2370 τοῦ.
198 2342 252 2370 Καὶ
268 2341 366 2373 ἀπόδος
382 2349 427 2376 μοι
438 2340 483 2367 τὸν
494 2339 606 2374 ἀδελφόν
617 2347 624 2354 ·
637 2340 666 2372 ὃς
686 2340 710 2366 εί
731 2339 781 2375 μὲν
793 2339 827 2366 δι’
845 2337 912 2364 αὐτὸ

124 2389 204 2429 τοῦτο
216 2388 361 2423 ἀποδημεῖ,
378 2386 443 2418 Θεὸς
460 2384 525 2413 οἶδε.
540 2386 612 2421 Πρὸς
623 2386 673 2421 ἐμὲ
685 2385 714 2412 δὲ
730 2386 800 2413 πάνυ
822 2393 911 2429 παρα-

960 2290 1097 2324 gotiorum
1110 2288 1285 2316 multitudine
1297 2288 1452 2319 districtus.
1464 2288 1545 2316 cilicii
1558 2288 1597 2315 tui
1614 2288 1747 2316 rationem

959 2335 1063 2363 nullam
1079 2335 1212 2363 hactenus
1226 2334 1356 2367 habuisti,
1370 2335 1413 2362 fac
1439 2334 1511 2362 istud
1542 2334 1717 2369 comprobes.
1731 2341 1749 2361 o

960 2381 1088 2417 praclare
1100 2381 1160 2414 vir;
1176 2380 1325 2415 statimque
1344 2384 1373 2407 nt
1388 2379 1438 2407 has
1463 2380 1568 2407 litteras
1596 2379 1748 2414 acceperis,

127 2427 226 2470 μυθίας
249 2433 373 2469 δεόμενον
397 2432 443 2459 ἐπὶ
457 2431 578 2464 πολλαῖς,
605 2429 643 2458 ὧν
667 2431 717 2458 οὐκ
739 2431 855 2466 ἀνήκοος
874 2428 904 2463 εἷΣ

959 2434 1068 2455 socrum
1080 2428 1140 2461 ejus
1148 2426 1183 2454 ab
1194 2425 1287 2461 iniqua
1297 2425 1381 2453 multa
1390 2425 1492 2457 exime,
1501 2429 1555 2452 tam
1569 2425 1654 2452 futuri
1667 2432 1748 2460 quam

127 2479 290 2515 συμφοραῖς,
307 2477 383 2504 οὐδὲν
396 2477 490 2512 ἓτερον
508 2475 715 2512 προφασίζεται.

963 2472 1093 2509 praeteriti
1104 2472 1246 2507 temporis.
1259 2471 1299 2498 Ac
1314 2471 1425 2499 fratrem
1438 2479 1528 2498 meum
1543 2471 1608 2498 mihi
1623 2470 1749 2503 reddito;

127 2525 173 2560 qui
190 2529 282 2551 utrum
303 2523 363 2558 ejus
381 2523 418 2550 rei
433 2522 521 2558 gratia
538 2528 651 2557 peregre
665 2521 701 2548 sit
728 2520 880 2556 profectus,
896 2519 972 2547 novit
991 2518 1083 2546 Deus:
1101 2517 1175 2553 apud
1190 2525 1235 2545 me
1253 2517 1375 2552 quidem,
1392 2517 1438 2552 qui
1460 2517 1496 2545 ob
1515 2517 1672 2551 plerasque,
1684 2524 1750 2553 ,qnze

127 2569 228 2597 audita:
256 2569 305 2597 tibi
340 2573 415 2600 sunt.
433 2567 606 2595 calamitates
630 2566 819 2595 consolatione
845 2572 922 2601 egeo,
946 2564 1051 2593 nullam
1076 2563 1160 2591 aliam
1179 2563 1313 2591 absentiae
1324 2570 1380 2590 sua:
1393 2563 1597 2590 excusationem
1615 2561 1748 2597 praetexit.

394 2614 567 2641 ΕΠΙΣΤΟΔΗ
585 2611 642 2646 ιιΓ.

459 2658 593 2692 Ἀνυσίφ.

165 2705 264 2742 Πρώην
285 2705 336 2732 οὐκ
361 2704 465 2740 ἔφθασα
489 2704 539 2739 τὴν
557 2704 669 2740 βαρεῖαν
688 2702 774 2737 ἀκοὴν
797 2701 852 2729 ἀπὸ
866 2701 917 2736 τῆς

129 2752 261 2788 Κυρήνης
281 2750 447 2786 πυθόμενος·
465 2749 544 2784 κάγὼ
562 2749 610 2785 μὲν
631 2748 790 2783 διενοούμην
835 2747 916 2782 τάχος

130 2798 177 2825 ἐπὶ
188 2797 223 2825 τὰ
235 2796 369 2832 Τεύχειρα
385 2795 567 2831 παραπέμψαι
580 2795 630 2831 τὴν
644 2795 749 2830 φήμην,
762 2791 813 2830 ἧκε
831 2794 859 2820 δέ
871 2801 913 2825 τις

132 2844 280 2880 ἀγγέλλων,
296 2843 334 2876 ὡς
350 2843 365 2870 ὁ
378 2841 527 2878 στρατηγὸς
546 2841 596 2878 ἤδη
612 2841 646 2869 τὰ
661 2839 784 2877 μετέωρα
799 2839 848 2875 τῆς
860 2839 914 2874 χώ-

1210 2607 1382 2636 EPISTOLA
1399 2607 1489 2636 XCIII.

1301 2653 1412 2688 Augsio.

999 2700 1092 2737 Nuper
1102 2706 1163 2736 ego,
1178 2699 1261 2727 simul
1278 2703 1360 2734 atque
1370 2698 1516 2726 molestum
1532 2705 1547 2726 e
1556 2697 1664 2733 Cyrene
1678 2705 1749 2724 nun-

965 2747 1033 2774 tium
1051 2745 1231 2780 accepissem,
1248 2748 1411 2778 statueram,
1425 2752 1506 2779 quam
1531 2751 1640 2780 possem
1661 2743 1749 2771 celer-

965 2793 1034 2820 rime
1047 2792 1108 2826 ejus
1118 2791 1157 2819 rei
1173 2791 1272 2819 famam
1284 2791 1319 2818 ad
1329 2790 1465 2818 Teuchira
1479 2789 1675 2818 transmittere,
1684 2795 1747 2815 cum

969 2838 1003 2866 ad
1020 2846 1063 2866 me
1080 2837 1214 2874 perlatum
1240 2841 1294 2870 est,
1323 2836 1420 2864 ducem
1438 2841 1577 2864 extremos
1602 2833 1751 2871 provincia
