1955 3063
208 72 278 104 M39

732 76 865 106 SYNESII
886 78 1121 107 PTOLEMAIDIS
1137 78 1289 107 EPISCOPI

1762 77 1837 105 rm

205 132 275 160 ﬁnes
290 131 433 161 insedisse.
449 133 531 163 Prius
543 135 616 162 enim
644 135 717 164 istud
737 137 826 172 ipsum
849 139 987 167 audieras.

1042 149 1091 176 ρας
1105 140 1279 176 κατείληφεν.
1302 138 1447 174 Ἑφθάκεις
1457 138 1511 174 γὰρ
1531 138 1585 173 ἄρα
1599 137 1760 175 πυῇόμενος.
1778 136 1837 164 Εὕ-

206 175 319 204 Utinam
342 181 425 205 tanta:
452 178 600 214 diligentia:
630 181 771 215 praemium
792 190 807 209 a
836 178 901 214 Deo.
921 188 947 212 et
963 184 992 212 in

207 226 345 256 posterum
365 224 567 257 consequaris!
583 223 640 260 Ego
661 232 738 258 vero,
759 230 786 254 et
808 227 856 261 qui
871 235 903 255 ea
932 227 992 263 ipsa

206 266 405 298 collaudarcnt.
419 272 449 294 et
461 268 487 295 in
501 276 557 302 quo
570 276 645 296 nunc
655 277 731 298 esses
743 275 815 300 statu
829 276 991 307 quaererent,

207 312 279 340 misi.
295 312 361 339 Esse
379 320 444 340 vero
458 317 485 341 te
501 313 527 341 in
546 315 669 342 omnium
690 316 824 344 bonorum
848 318 993 349 abundan-

206 357 244 383 tia
261 358 352 392 cupio.
370 358 469 385 Curam
484 361 568 391 enim,
587 369 693 393 curam.
708 363 829 398 inquam,
850 363 987 398 Pentapo-

207 401 241 428 lis
256 401 354 430 habeo.
370 403 422 436 Qui
437 404 509 431 enim
531 412 588 432 non
619 406 744 437 habeam,
767 415 829 441 quae
857 408 934 441 mihi,
963 413 994 436 ut

205 448 302 477 Cretes
313 449 444 482 dixerint,
460 455 584 478 materna
600 451 704 479 civitas.
723 454 852 480 exstitit?
876 455 993 483 maxime

206 502 271 522 vero
289 494 340 526 tui,
357 495 506 530 gloriaque
519 503 551 523 ac
569 497 713 532 dignitatis
735 502 789 526 tua:
806 507 901 528 curam
916 508 992 536 gero.

206 539 275 567 Nam
293 540 319 567 in
336 549 505 576 unoquoque
521 550 652 571 successu
668 548 731 577 tuo,
746 546 812 574 mihi
828 554 925 574 omnes
936 555 994 582 gra-

205 587 288 614 tulari
303 592 417 615 censent
431 593 570 623 oportere.
598 588 682 624 Igitur
696 590 771 618 velut
792 591 819 619 in
835 596 862 619 te
886 593 994 627 pericli-

207 637 281 665 tans,
297 633 419 660 virorum
441 641 473 662 ae
497 634 598 661 dueum
629 636 747 670 optime,
767 638 866 665 merito
885 643 992 666 tuarum

207 684 299 703 rerum
325 681 427 704 statum
451 686 534 706 nosse
556 680 652 706 debeo.
677 679 808 708 Joannem
833 682 994 711 adhortatus

208 729 279 753 sum,
289 730 369 757 quam
381 723 528 751 fortissime
544 729 575 753 ut.
586 732 616 752 se
627 731 759 759 gereret;
768 734 818 754 nec
837 728 937 763 alioqui
953 728 994 756 in.-

207 773 351 796 strenuum
373 770 498 802 militem,
512 771 594 797 modo
612 772 686 799 illum
703 772 774 800 Deus
787 774 907 808 adjuvet.
922 774 994 801 Prae-

1046 194 1107 221 ραιο
1119 186 1171 221 τῆς
1181 184 1335 222 προθυμίας
1346 185 1463 220 ἀμοιὸὴν
1477 184 1551 219 παρὰ
1562 183 1608 210 τοῦ
1618 182 1697 213 Θεοῦ.
1713 183 1761 209 καὶ
1772 182 1835 213 νῦν.

1043 230 1093 257 καὶ
1110 231 1150 262 είς
1164 230 1269 257 ἔπειτα.
1291 229 1361 263 Ἐγὼ
1381 228 1410 255 δὲ
1434 228 1503 254 αὐτὰ
1524 227 1611 254 ταῦτα
1628 226 1674 254 καὶ
1685 225 1733 252 νῦν
1754 226 1836 252 ἐπαι-

1043 275 1187 311 νεσόμενος
1201 274 1322 310 ἔπεμψα,
1338 274 1385 300 καὶ
1401 273 1567 309 πευσόμενος
1579 273 1607 298 ἐν
1622 270 1662 303 οἷς
1677 271 1737 307 εἴης
1748 280 1756 287 ·
1774 271 1837 305 ετης

1043 322 1072 349 δὲ
1088 322 1117 348 ἐν
1130 321 1231 348 ἅπασιν
1248 320 1370 354 ἀγαθοῖς.
1390 319 1474 346 Μέλει
1491 318 1540 353 μὲν
1550 318 1605 352 γάρ
1621 325 1678 352 μοι,
1697 317 1774 351 μέλει
1785 316 1836 343 καὶ.

1043 365 1235 397 Πενταπόλεως
1252 364 1321 399 (πῶς
1333 363 1387 398 γὰρ
1401 362 1431 390 οὖ
1442 364 1461 396 ;)
1475 363 1523 397 τῆς
1539 370 1571 396 γε
1593 361 1728 397 μητρίδος,
1746 361 1784 392 ὡς
1801 360 1835 387 ἂν

1043 409 1151 445 Κρῆτες
1172 409 1293 435 εἴποιενο
1312 409 1361 444 οὺχ
1375 407 1474 443 ἣκιστα
1493 406 1522 432 δὲ
1538 405 1597 436 σοῦ,
1619 405 1667 432 καὶ
1689 405 1738 439 τῆς
1753 404 1835 439 δόξης

1043 455 1092 489 τῆς
1106 453 1166 488 σῆς.
1187 453 1244 488 Ἐφ’
1260 453 1366 488 ὲκάστῳ
1380 452 1435 487 γὰρ
1455 451 1491 486 δὴ,
1499 451 1553 477 τῶν
1574 449 1629 476 σῶν
1644 449 1755 483 ἀγαθῶν
1771 449 1836 483 ἐμοὶ

1043 499 1143 529 πάντες
1156 498 1261 531 ἀξιοῦσι
1281 497 1450 532 συνήδεσθαι.
1473 496 1516 527 Ὧς
1530 493 1576 523 οὖν
1597 495 1626 521 ὲν
1644 495 1685 521 σοὶ
1701 494 1833 529 κρινόμε-

1043 552 1101 575 νος,
1119 543 1214 578 ἄριστε
1230 541 1334 577 ἀνδρῶν
1349 549 1379 567 τε
1401 541 1448 567 καὶ
1466 539 1635 575 στρατηγῶν,
1650 539 1754 570 δίκαιός
1774 539 1834 572 εἰμι

1043 588 1091 616 καὶ
1106 588 1204 615 εἰδέναι
1219 588 1252 614 τὰ
1273 587 1317 614 σά.
1336 587 1464 621 Ἰωάννην
1479 585 1689 621 προετρεψάμην
1702 585 1739 615 ὡς
1757 584 1834 618 ἐνῆν,

1043 634 1145 669 ἀγαθὸν
1157 632 1242 667 εἶναι,
1253 634 1298 660 καὶ
1313 633 1399 663 ἄλλως
1412 633 1462 659 οὐκ
1472 632 1575 667 ἄθυμον
1591 630 1771 666 στρατιώτην.
1786 631 1834 656 ἐὰν

1043 682 1057 707 ὸ
1073 680 1138 712 θεὸς
1154 679 1226 714 αὐτῷ
1242 679 1361 714 τιθῆται.
1380 678 1428 710 Δὸς
1442 677 1516 713 αὐτῷ
1532 678 1610 712 χεῖρα
1626 676 1670 703 διὰ
1691 676 1736 702 τὸν
1753 675 1836 702 ἀδελ-

1043 725 1104 759 φὸν,
1119 725 1147 756 ὃς
1160 724 1219 751 ἀντὶ
1231 724 1334 750 πολλῶν
1347 723 1525 758 ὑπουργήσει.
1539 721 1629 749 Τοῦτο,
1638 721 1699 756 ἐμοὶ
1715 722 1764 755 μὲν
1777 721 1836 754 ἀρι-

1046 777 1106 797 στον
1123 769 1198 796 δοκεῖ.
1210 769 1354 804 βούλευμα,
1368 769 1406 803 τῷ
1425 769 1474 800 τὸς
1491 768 1587 803 φύσεις
1604 767 1685 794 είδότι
1701 767 1756 793 τῶν
1769 775 1835 794 vsa..-

207 813 241 841 be
268 815 306 842 illi
327 815 464 849 dextram,
490 816 585 844 fratris
602 825 696 850 causa,
709 819 754 853 qui
772 819 821 846 tibi
846 820 991 847 multorum

1045 815 1155 848 νίσκων,
1176 815 1227 841 καὶ
1236 815 1273 845 ὡς
1289 814 1380 850 ἔχουσι
1404 814 1472 849 πρὸς
1495 813 1626 848 ἀλλήλους
1641 813 1741 843 αἰδοῦς.
1760 813 1792 838 Εἰ
1807 812 1835 838 δὲ

206 860 267 887 vice
291 860 471 888 minisu-‘abil-
484 861 541 889 Hoc
558 863 626 890 mihi
640 864 772 897 optimum
789 865 935 892 consilium
952 866 993 893 vi.-

207 912 268 932 sum
286 907 341 937 est,
361 905 407 939 qui
422 905 554 940 juvenum
570 905 678 933 indoles
692 911 852 942 perspectas
866 909 995 941 habeam,

207 957 318 985 quoque
331 950 386 977 sint
402 958 466 986 erga
483 959 512 978 se
539 951 656 979 invicem
678 952 782 987 pudore
807 960 839 980 ac
861 961 995 981 verecun-

205 995 262 1022 dia.
281 995 359 1028 Quod
375 996 398 1023 si
415 996 463 1024 tibi
480 997 561 1024 etiam
576 997 724 1029 videbitur,
743 1002 832 1025 ratqu
856 1003 925 1026 esto.
942 998 995 1026 So-

182 1068 187 1073 ,
205 1040 282 1069 dales
300 1049 359 1074 eos,
373 1042 420 1076 qui
436 1042 565 1074 militant,
584 1050 644 1070 meo
657 1043 769 1071 nomine
779 1044 908 1071 salutato.
919 1044 992 1071 Con-

205 1086 359 1115 tubernalis
376 1087 457 1124 233
471 1096 549 1116 meus
561 1088 616 1116 cito
638 1089 672 1116 ad
690 1097 733 1117 me
759 1089 861 1122 redeat,
881 1090 994 1125 praecla-

205 1136 265 1158 rlm
284 1132 402 1167 aliquem
430 1133 493 1161 belli
525 1133 650 1160 nuntium
681 1138 840 1168 reportans:
862 1135 909 1170 qui
940 1135 993 1163 etsi

205 1175 482 1206 formidolosissimus
497 1182 557 1210 est,
579 1179 630 1208 vite
655 1183 748 1207 tamen
767 1181 941 1208 committere
964 1188 994 1208 se

1042 863 1089 888 xui.
1105 861 1145 887 σοὶ
1170 861 1303 893 φανεῖται,
1331 859 1424 895 κύριον
1447 859 1528 885 ἔστω.
1551 859 1611 885 Τῶν
1634 858 1751 893 ἑταίρων
1770 858 1836 888 τοὺς

1043 906 1271 942 στρατευομένους
1290 905 1346 941 [γρ.
1364 904 1626 940 στρατευσαμένους]
1648 904 1783 930 ἀσπασαι.
1805 904 1835 930 ὐ

1044 951 1190 987 σύν-τροφός
1207 960 1258 986 μου
1279 950 1384 985 ταχέως
1404 950 1573 985 ὲπανηκέτω,
1594 949 1677 976 καλόν,
1689 957 1716 975 τι
1741 949 1835 983 φέρων

1044 997 1109 1033 περὶ
1134 997 1253 1032 πολέμου
1280 997 1416 1032 διήγημα·
1436 996 1465 1028 ὃς
1487 996 1575 1024 καίτοι
1596 995 1747 1025 δειλότατος
1771 994 1831 1025 ῶν,

1044 1044 1180 1078 ἐθάρσησε
1192 1044 1241 1079 τὴν
1254 1043 1322 1075 ὁδὸν,
1337 1043 1392 1070 τῶν
1404 1043 1457 1069 σῶν
1467 1042 1556 1069 ὅπλων
1568 1041 1724 1077 ἔμπροσθεν
1736 1040 1836 1066 ιντων.

1044 1090 1094 1122 Δὸς
1110 1091 1142 1126 τῇ
1159 1091 1271 1126 Κυρήνῃ
1287 1090 1337 1125 τὴν
1350 1090 1485 1125 συνωρίδα
1494 1089 1549 1117 τῶν
1561 1088 1681 1124 ἀδελφῶν
1691 1096 1698 1103 ·
1716 1087 1839 1123 μαχοῦν-

1045 1144 1091 1162 ται
1115 1136 1170 1171 γὰρ
1197 1135 1267 1172 ὑπὲρ
1295 1137 1344 1171 τῆς
1368 1135 1533 1171 ἐνεγκούσης
1555 1143 1585 1162 τε
1604 1135 1653 1162 καὶ
1678 1133 1837 1170 τρεφούσης

1045 1181 1153 1212 αὐτούς.

204 1229 290 1251 ausus
305 1226 357 1256 est,
378 1224 433 1251 tuis
461 1225 546 1252 armis
572 1225 789 1260 protegentibus.
816 1225 853 1252 Da
879 1226 992 1263 Cyrenae
1010 1233 1060 1262 par
1080 1227 1148 1255 illud
1169 1226 1306 1256 fratrum:
1335 1235 1386 1264 pro
1416 1235 1448 1256 ea
1463 1227 1538 1256 enim
1563 1226 1642 1260 urbe,
1678 1234 1740 1262 qua:
1770 1225 1842 1257 illo.

204 1271 328 1304 sustulit,
348 1275 377 1300 et
391 1271 474 1305 aluit,
487 1272 693 1308 depugnabunt.

460 1328 628 1357 EPISTOLA
647 1330 739 1358 XCIV.

547 1383 650 1412 Fratri.

239 1439 319 1473 Quod
334 1443 364 1467 tu
381 1441 518 1472 mandatis
534 1442 589 1470 tuis
601 1442 792 1477 obtemperare
809 1451 861 1471 nos
878 1444 994 1471 arbitra-
1008 1443 1031 1475 C

203 1486 244 1513 ris
255 1505 263 1519 ,
278 1485 317 1513 ita
330 1486 402 1513 enim
418 1487 556 1522 scripsisti
570 1507 578 1520 ,
594 1492 668 1515 recte
682 1487 766 1521 facis,
782 1493 826 1521 et,
844 1492 872 1515 ut
885 1496 992 1524 zequum

203 1535 263 1562 est.
278 1530 312 1558 de
326 1531 406 1559 nobis
421 1533 584 1566 existimas;
599 1537 681 1568 atque
696 1533 756 1568 ejus
773 1534 813 1561 rei
830 1534 918 1569 gratia
934 1535 994 1572 plu-

205 1575 277 1603 rima
303 1576 352 1603 tibi
373 1576 447 1604 bona
468 1577 651 1610 contingant,
679 1578 808 1612 quoniam
834 1579 887 1606 hoc
914 1583 994 1614 pacto

204 1620 288 1647 etiam
309 1628 352 1652 me
372 1621 420 1648 abs
440 1626 467 1647 te
486 1621 602 1656 gratiam
624 1622 765 1656 accepisse
785 1627 850 1657 puto
869 1632 876 1650 :
895 1624 917 1651 si
939 1631 992 1658 qua

202 1666 306 1701 juniori
321 1666 424 1701 majore
437 1667 471 1693 ab
486 1667 569 1693 fratre
581 1667 668 1702 gratia
681 1667 819 1701 debetur;
830 1669 905 1703 quod
916 1669 993 1704 equi-

205 1713 268 1739 dem
294 1720 348 1740 non
373 1713 502 1740 arbitror.
527 1712 612 1741 Nobis
635 1722 700 1741 vero
723 1715 792 1742 satis
813 1719 871 1746 est,
895 1715 921 1742 id
943 1716 992 1743 tibi

205 1757 341 1784 mercedis
361 1758 421 1784 loco
447 1758 610 1793 rependere,
633 1763 662 1785 ut
679 1759 849 1794 propositum
868 1763 992 1787 nostrum

205 1803 362 1838 intelligas;
381 1804 511 1831 nimirum
529 1811 579 1831 nos
593 1811 626 1831 ex
643 1808 669 1832 te
686 1812 740 1831 uno
753 1805 872 1839 pendere
888 1810 991 1832 morta-

204 1844 281 1874 lium.
299 1847 377 1880 Quod
394 1855 458 1874 vero
473 1853 551 1876 certo
562 1848 730 1883 comperisse
747 1854 774 1876 te
787 1849 857 1876 dicis
867 1870 874 1881 ,
888 1848 991 1877 Iulium

204 1892 334 1919 amicitia:
358 1897 460 1920 nostra!
481 1892 619 1921 desiderio
640 1893 747 1926 teneri,
770 1901 825 1921 non
852 1893 903 1921 hoc
926 1894 991 1924 item

203 1938 316 1972 probari
335 1939 474 1966 convenit.
494 1938 580 1966 Valde
599 1939 671 1970 enim
693 1939 744 1966 hoe
768 1939 874 1974 decepti
904 1944 930 1966 tt
956 1940 990 1966 il-
1011 1967 1015 1971 ξ

203 1983 256 2010 iusi
272 1983 392 2011 hominis
402 1988 460 2017 est,
478 1992 531 2012 non
542 1985 615 2012 enim
628 1984 769 2012 illudentis
781 1985 908 2012 dixerim.
922 1984 989 2012 Nam

199 2029 299 2057 eodem
315 2034 437 2064 tempore
450 2033 478 2057 et
493 2033 557 2058 tuas
571 2038 621 2065 ego
635 2030 739 2058 litteras
758 2031 877 2066 legebam
890 2051 896 2063 ,
910 2035 937 2058 et
954 2031 989 2058 ab

203 2074 252 2101 illo
263 2074 380 2109 scriptas
395 2074 464 2102 alius
479 2083 487 2102 :
504 2082 535 2102 ac
549 2079 579 2102 tu
590 2075 699 2110 quidem
711 2075 782 2104 istud
794 2075 834 2102 ais
846 2084 854 2108 ;
867 2075 911 2103 ille
923 2082 988 2103 vero

1315 1331 1490 1359 ΕΠΙΣΤΟΛΗ
1506 1331 1562 1366 ίιΔ’.

1345 1387 1390 1421 Τῷ
1404 1388 1534 1423 ἀδελφῷ.

1082 1444 1142 1470 Ὀτι
1157 1443 1206 1479 μὲν
1224 1445 1296 1479 ἡμᾶς
1309 1445 1393 1472 εἴκειν
1402 1445 1456 1480 ήγῇ
1471 1445 1526 1477 τοῖς
1541 1444 1639 1471 σαυτοῦ
1652 1445 1836 1481 προστάγμα-

1046 1498 1087 1516 σιν
1099 1488 1180 1524 (οὕτω
1191 1489 1245 1525 γὰρ
1256 1489 1420 1526 γέγραφας),
1432 1489 1521 1522 καλῶς
1530 1498 1562 1525 γε
1572 1490 1668 1521 ποιεῖς,
1680 1490 1728 1516 καὶ
1741 1491 1836 1518 δίκαια

1046 1535 1109 1571 περὶ
1123 1535 1202 1570 ἡμῶν
1226 1537 1344 1571 φρονεῖς,
1367 1536 1414 1562 καὶ
1442 1536 1526 1563 πολλὰ
1545 1536 1654 1570 κάγαθά
1674 1545 1720 1564 σοι
1728 1537 1838 1570 γένοιτο

1043 1580 1088 1606 διὰ
1103 1580 1190 1612 τοῦτο,
1207 1580 1244 1612 ὥς
1257 1580 1396 1616 ἀπέχομεν
1409 1589 1441 1616 γε
1453 1580 1501 1616 τὴν
1516 1581 1606 1617 χάριν,
1620 1581 1645 1607 εξ
1655 1581 1686 1616 δή
1702 1590 1745 1613 τις
1760 1581 1836 1616 ὀφεί-

1043 1626 1119 1652 λεται
1138 1626 1184 1653 καὶ
1207 1626 1330 1661 νεωτέρῳ
1349 1626 1415 1662 παρ’
1436 1626 1551 1661 ἀδελφοῦ
1574 1626 1761 1661 πρεσῦυτέρου
1785 1627 1834 1655 τοῦ

1044 1671 1184 1698 πείθεσθαι
1199 1671 1287 1706 χάρις,
1311 1671 1349 1703 ὡς
1359 1672 1408 1698 οὐκ
1424 1671 1512 1706 ἔγωγε
1525 1669 1612 1707 οἶμαι.
1631 1671 1701 1697 Ἀλλ·
1713 1673 1779 1706 ἡμῖν
1793 1673 1834 1703 et;

1043 1717 1176 1744 ἀντίδοσιν
1194 1718 1282 1752 ἀρκεῖ,
1297 1717 1327 1744 τὸ
1343 1717 1382 1753 μὴ
1395 1717 1551 1752 ἀγνοεῖσθαι
1570 1717 1645 1753 παρὰ
1659 1716 1706 1744 σοῦ
1721 1718 1771 1752 τὴν
1790 1717 1835 1743 ἔνο

1044 1770 1137 1788 στασιν
1154 1762 1243 1797 ἡμῶν,
1258 1762 1299 1788 δτι
1319 1762 1390 1797 μόνῳ
1407 1762 1448 1789 σοὶ
1470 1762 1525 1788 τῶν
1541 1762 1648 1793 ζώντων
1671 1761 1832 1796 ἑκκείμεθσμ.

1044 1807 1104 1833 "Ott
1115 1807 1144 1833 δὲ
1158 1807 1210 1842 φῂς
1224 1806 1323 1834 εἰδέναι
1338 1807 1441 1842 σαφῶς,
1456 1807 1493 1839 ὡς
1512 1807 1545 1834 δι’
1560 1807 1641 1842 εὐχῆς
1654 1808 1715 1841 ἄγοι
1729 1807 1763 1833 τὰ
1782 1808 1833 1841 τῆς

1042 1851 1133 1885 φιλίας
1143 1852 1159 1885 ὴ
1164 1851 1222 1886 μῶν
1243 1851 1351 1883 Ἰούλιος
1362 1851 1428 1887 (24),
1445 1851 1523 1878 τοῦτο
1536 1851 1564 1878 δὲ
1575 1852 1662 1878 οὐκέτ’
1674 1851 1748 1883 ἀξιον
1763 1852 1834 1878 ἀπο-

1040 1896 1177 1931 δέχεσθαι.
1202 1896 1269 1923 Δίαν
1288 1897 1341 1932 γάρ
1362 1897 1436 1923 ἐστιν
1457 1897 1551 1932 ἀνδρὸς
1571 1897 1762 1931 ἀπατωμένου,
1793 1897 1831 1932 μὴ

1040 1941 1198 1973 ἀπατῶντος
1216 1949 1248 1975 γε
1261 1942 1377 1976 εἴποιμι,
1395 1942 1479 1977 Ὀμοῦ
1494 1942 1547 1978 γὰρ
1562 1942 1616 1976 ἐγώ
1630 1950 1660 1968 τε
1686 1942 1762 1977 παρὰ
1779 1941 1831 1968 σοῦ

1040 1987 1191 2022 γράμματα
1210 1987 1401 2021 ἀνεγίνωσκον,
1417 1987 1464 2014 καὶ
1484 1988 1578 2024 ἕτερός
1591 1996 1632 2019 τις
1651 1987 1685 2014 τὰ
1700 1987 1766 2022 παρ’
1777 1987 1831 2014 αὺ-

1038 2031 1086 2058 τοῦ
1097 2040 1104 2048 ⁸
1118 2032 1165 2059 καὶ
1177 2033 1209 2059 σὺ
1223 2032 1272 2067 μὲν
1287 2032 1371 2058 ταῦτα
1385 2033 1448 2068 φῂς,
1461 2033 1563 2063 ἐκεῖνος
1579 2032 1608 2058 δὲ
1622 2033 1766 2059 τάναντία’
1781 2033 1831 2060 καὶ

1038 2078 1221 2113 ἀνεγνωκέναι
1237 2078 1283 2105 καὶ
1302 2079 1448 2114 ἀκηκοέναι
1465 2079 1607 2113 λεγῶιτων,
1620 2079 1660 2106 ὅτι
1678 2079 1832 2114 διαλέγοιτο

202 2120 342 2147 contraria
356 2120 461 2152 omnia,
477 2125 530 2147 tam
548 2121 646 2156 legisse
659 2129 741 2156 quam
755 2121 865 2149 audisse
886 2121 932 2156 qui
946 2121 988 2149 di-

1042 2123 1106 2159 περὶ
1121 2123 1200 2158 ἡμῶν
1219 2113 1421 2159 ἀνεπιτηδείους
1444 2123 1549 2156 λόγους.
1565 2122 1628 2149 οὕτ¹
1643 2122 1690 2149 οὖν
1702 2123 1832 2152 ἀπιστεῖν

203 2170 312 2198 eerent.
326 2173 500 2201 nequaquam
511 2166 586 2193 illum
599 2174 735 2202 congruos
748 2166 781 2194 de
791 2167 873 2194 nobis
882 2174 989 2194 sermo—

202 2220 251 2240 nes
268 2219 371 2240 serere.
388 2212 479 2245 Quare
493 2220 581 2247 neque
595 2221 646 2248 ego
668 2213 864 2241 honestissimo
880 2213 939 2240 viro
957 2213 989 2240 [i-

201 2259 264 2286 dem
281 2259 413 2294 derogare
428 2261 572 2293 poteram;
594 2262 622 2286 et
645 2266 708 2285 eum
729 2266 789 2286 eam
812 2259 987 2292 adhiberem,

202 2312 258 2331 non
274 2311 316 2331 me
331 2324 339 2337 ,
356 2311 404 2340 per
419 2304 545 2332 fraternae
559 2308 612 2332 tuae
632 2312 751 2339 memque
773 2305 988 2333 necessitudinis

201 2349 363 2384 praesidem.
381 2349 575 2377 beneﬁciorum
591 2350 739 2384 pmnitebat
751 2369 758 2381 ,
775 2357 837 2385 quas
851 2351 878 2377 in
895 2350 985 2377 homi-

201 2402 265 2421 nem
280 2394 451 2422 contuleram
461 2415 469 2428 ,
484 2401 546 2422 cum
562 2395 651 2429 pridie
666 2399 856 2424 accusatorem
870 2403 919 2431 per
932 2397 986 2423 vim

200 2439 332 2467 amolitus
346 2447 434 2468 essem
449 2459 457 2472 ,
476 2440 524 2475 qui
543 2440 695 2475 maiestatis
715 2441 791 2468 illum
811 2441 985 2474 arcessebat,

201 2490 334 2519 tanquam
355 2485 403 2520 qui
421 2486 594 2520 imperatoris
618 2486 712 2514 domui
727 2486 854 2521 injuriam
870 2486 984 2514 faceret.

201 2529 308 2558 Etenim
318 2551 325 2561 ,
343 2538 390 2565 per
403 2538 514 2558 sacrum
528 2536 611 2566 caput
625 2535 700 2558 tuum
713 2532 786 2566 jure.
801 2531 855 2559 nisi
869 2532 984 2560 inﬁnitis

201 2575 347 2603 conatibus
364 2577 542 2608 restitissem,
561 2578 659 2612 partim
685 2577 775 2604 timori
796 2577 898 2612 judicis
911 2597 918 2610 ,
936 2577 982 2613 qui

795 2665 886 2694 DION.
903 2665 1043 2694 ΡΕΤΑνιι

1037 2165 1110 2203 εἶχον
1127 2168 1205 2204 ἀνδρὶ
1218 2167 1293 2203 καλῷ
1311 2167 1433 2203 κάγαθῷ,
1449 2168 1495 2194 καὶ
1515 2168 1659 2201 πιστεύων,
1675 2169 1705 2195 οὐ
1721 2170 1761 2204 μὰ
1781 2171 1830 2197 τὸν

1036 2214 1164 2250 ὁμόγνιον
1183 2214 1228 2241 τὸν
1241 2215 1308 2250 ἐμόν
1320 2223 1350 2241 τε
1370 2215 1418 2241 καὶ
1433 2214 1488 2246 σὺν,
1508 2213 1539 2241 οὐ
1564 2215 1706 2250 μετενόουν
1729 2216 1772 2250 ἐφ’
1788 2214 1831 2248 οἷς

1037 2257 1067 2287 εὖ
1082 2260 1241 2296 πεποιήκειν
1253 2261 1300 2287 τὸν
1315 2260 1468 2296 ἄνθρωπον,
1482 2262 1550 2296 αὐτῇ
1564 2263 1596 2296 τῇ
1611 2262 1761 2297 προτεραίᾳ
1779 2264 1830 2289 σὺν

1038 2305 1083 2341 βίᾳ
1107 2305 1151 2332 τὺν
1169 2306 1320 2342 κατήγορον
1337 2307 1538 2338 ἀποσκευάσας,
1560 2307 1590 2339 ὃς
1615 2307 1725 2334 ἐδίωκεν
1746 2309 1832 2335 αὑτὸν

1035 2350 1173 2384 ἀσεϐείας,
1187 2351 1225 2383 ὡς
1239 2352 1383 2379 ἀδικοῦντα
1392 2352 1441 2388 τὴν
1453 2352 1583 2387 βασιλέως
1598 2353 1690 2379 ἑστίαν
1716 2353 1759 2387 Νὴ
1772 2354 1827 2388 γὰρ

1034 2396 1084 2432 τὴν
1107 2397 1182 2432 ἱεράν
1201 2405 1249 2423 σου
1265 2397 1394 2432 κεφαλὴν,
1410 2398 1434 2424 εί
1456 2399 1493 2433 μὴ
1509 2399 1571 2429 ταῖς
1592 2400 1701 2432 συχναῖς
1715 2399 1828 2433 πείραις

1034 2441 1262 2476 ἀντέσχον,τοῦτο
1277 2442 1325 2478 μὲν
1334 2443 1367 2478 τῇ
1382 2443 1427 2468 τοῦ
1440 2442 1566 2469 δικαστοῦ
1578 2443 1663 2478 δειλία
1678 2445 1826 2478 μετάνοιαν

1034 2487 1081 2514 ἐπὶ
1104 2487 1232 2523 τοιαύτης
1248 2487 1402 2520 ὑποθέσεως
1424 2488 1454 2514 οὐ
1474 2489 1670 2524 προσιεμένου·
1693 2489 1774 2516 τοῦτο
1798 2491 1826 2516 δὲ

1036 2531 1086 2559 τοῦ
1096 2532 1310 2569 κατηγοροῦντος
1323 2533 1445 2569 ἀπονοίᾳ,
1461 2534 1690 2569 προσποιουμένου
1711 2535 1761 2569 μὲν
1775 2536 1825 2570 τὴν

1036 2579 1170 2614 ἀνάγκην,
1185 2579 1409 2615 προθυμουμένου
1432 2579 1460 2606 δὲ
1480 2579 1577 2615 δράσαι
1590 2585 1619 2606 τε
1636 2580 1720 2607 κακόν
1735 2589 1762 2607 τι
1777 2582 1825 2607 καὶ

1073 2666 1189 2695 NOTAE.

240 2739 296 2773 (ΞΑ)
313 2740 350 2780 Td
364 2740 418 2781 ςῆς
438 2742 540 2781 φιλίας
559 2744 643 2778 ἡμῶν
662 2745 798 2777 Ἰούλιος.
815 2744 878 2773 Fuit
894 2744 949 2777 hic,
962 2748 991 2772 ω

1042 2745 1119 2780 inor,
1128 2745 1222 2775 Julius
1232 2753 1304 2776 unus
1322 2753 1357 2776 ex
1367 2745 1518 2776 Andronici
1538 2746 1731 2780 familiaribus,
1769 2755 1826 2777 cu-

202 2770 248 2813 Itti
263 2770 385 2804 [uetuiuit
393 2770 396 2772 ’
403 2770 482 2811 epist.
496 2770 540 2806 79'.
