1955 3063
104 123 170 151 “6|

674 127 870 157 EPISTOLzE.
890 144 924 149 —
943 129 1052 160 EPIST.
1073 132 1165 162 XCIV.

1663 135 1734 163 “62

104 182 212 214 παθεῖν,
233 181 280 209 καὶ
292 182 414 218 γαμετῆς
429 182 462 210 ἃν
484 183 565 211 αὐτοῦ
582 184 629 211 καὶ
647 185 751 213 παίδων
765 186 852 221 ἥψατο
863 185 893 213 τὸ

946 187 972 214 in
989 189 1124 224 ejusmodi
1140 197 1223 217 causa
1241 189 1349 220 consilii
1369 190 1547 219 mulationem
1564 179 1666 218 nullam
1682 191 1734 218 ad-

103 229 264 260 δεινότατον,
280 229 327 255 καὶ
348 229 487 262 συγγενῶν
506 229 622 265 συχνῶν,
638 231 685 257 καὶ
705 231 776 258 πάνυ
797 231 891 266 φίλων,

106 273 240 301 πλουσίων
253 282 284 300 τε
308 274 354 300 καὶ
367 267 504 309 πενήτων·
520 276 566 302 καὶ
577 275 645 308 ὅλως
658 277 751 303 κακῶν
763 277 796 304 ἂν
815 278 893 309 Ἰλιὰς

105 319 234 356 περιέστη
247 319 296 355 τὴν
310 320 386 346 πόλιν
397 320 485 356 ἡμῶν,
500 321 545 348 ὑπ’
559 322 654 358 ἀνδρὸς
667 323 832 357 ἀπογνόντος
843 324 893 358 τὴν

105 365 252 401 σωτηρίαν,
278 366 327 392 καὶ
348 365 534 398 θανατῶντος·
559 368 668 403 ἐνίκησε
680 368 702 394 δ’
726 369 760 395 ἂν
785 369 894 402 Ἰούλιος

103 411 191 447 νίκην,
212 412 254 447 ἐφ’
303 412 353 448 ζῇν
367 412 417 439 οὐκ
437 412 470 440 ἂν
482 413 592 448 ηῠξατο.
614 414 699 450 Ὑπὲρ
714 412 752 442 ὧν
766 416 893 443 ἁπάντων

103 456 195 492 ᾠήθην
208 457 322 492 ποιητέα
341 466 386 492 μοι
401 457 488 485 ταῦτα
503 457 571 485 εἶναι
592 458 626 486 τὰ
640 461 821 496 γεγενημένα.
837 461 894 496 Τῆς

103 502 132 528 δὲ
145 501 214 537 ἐμῆς
234 501 341 537 φύσεώς
354 511 385 529 τε
402 503 448 530 καὶ
464 505 650 539 προαιρέσεως
676 506 894 542 παραπολαυέτω

104 547 151 574 καὶ
164 547 238 579 ὅστις
257 547 389 583 ἔχθιστος.
405 548 498 585 Πολλῷ
514 549 569 585 γὰρ
582 551 644 585 ἐμοὶ
659 550 766 579 κάλλιον
781 551 848 587 ἔχει,
863 552 894 579 τὸ

104 593 220 625 ἀναξίως
230 594 291 621 τινὰ
302 595 480 631 πεποιηκέναι
490 596 590 629 καλῶς,
602 596 618 632 ἦ
629 597 758 632 περιιδεῖν
769 598 892 631 πολλοὺς,

104 638 164 671 ἐξὸν
178 638 310 672 κωλῦσαι,
333 640 408 675 παρὰ
423 640 473 676 τὴν
495 641 572 673 ἀξίαν
593 642 771 677 πεισομένους
790 644 891 675 κακῶς.

105 685 142 711 Uti
162 684 217 720 γὰρ
240 684 272 720 δὴ
295 685 341 711 καὶ
354 685 403 721 τὴν
425 686 522 722 εὐγενῆ
538 688 655 720 γυναῖκα
682 689 729 715 καὶ
750 688 785 715 τὰ
802 689 894 716 παιδία

104 730 152 757 τοῦ
185 730 330 763 ἀνθρώπου
362 731 444 767 μισῶ.
473 732 603 767 Καίτοιγε
627 734 680 760 οὐδ’
716 735 797 767 αὐτὸς
821 735 894 769 ἄξιός

105 778 178 804 ἐστιν
193 778 238 804 ὲπὶ
257 779 316 809 ταῖς
330 778 389 804 κατ’
408 777 474 814 ἐμοῦ
496 778 641 815 λοιδορίαις
659 780 754 807 παθεῖν
767 790 792 807 τι
811 781 894 807 κακὸν

104 822 162 858 [ῃο.
179 823 282 859 κακῶς]
299 823 345 849 ὑπ’
355 824 423 858 ἐμοῦ
433 832 440 838 ·
461 824 558 851 πολλοῦ
574 833 605 859 γε
624 826 672 852 καὶ
685 826 735 854 δεῖ.
750 827 894 854 Μισείσοαι

105 868 155 902 μὲν
171 868 225 904 γὰρ
239 869 286 895 καὶ
309 869 391 896 πάνυ.
409 870 512 897 Aur:er
526 870 581 906 γὰρ
596 871 719 907 οἰόμενος
733 872 806 907 λέγει
827 873 893 908 (25),
910 859 931 887 Β

104 914 151 940 καὶ
163 913 201 946 ὡς
216 914 361 950 δηξόμενος
377 915 535 950 φθέγγεται.
557 917 590 943 Ἡ
610 917 768 953 προαίρεσις
785 917 831 945 οὖν
845 919 895 946 οὐκ

102 959 259 992 ἀνεῠθυνος,
277 960 334 987 ἀλλ’
356 961 489 994 ὑπαίτιος.
509 963 590 989 Ἰστω
618 963 721 998 μέντοι,
742 965 842 1000 μᾶλλον
865 966 894 993 δὲ

105 1005 143 1040 μὴ
156 1006 239 1033 ἴστων
255 1006 389 1034 παύσαιτο
404 1008 457 1044 γὰρ
473 1007 505 1036 ἃν
521 1006 551 1035 εὖ
569 1009 653 1036 ποιῶν
674 1010 758 1045 ἡμᾶς.
775 1011 811 1038 Σὺ
835 1012 894 1047 μέν-

102 1060 144 1078 ⁴τοι
159 1053 254 1086 σαφῶς
269 1051 322 1079 [σοι
338 1053 368 1079 τδ
383 1054 466 1081 πάλαι.
482 1054 635 1091 λεγόμενον,
657 1055 715 1083 Ὑπ¹
726 1056 842 1092 ἐχθρῶν
854 1058 895 1091 ὼς

102 1098 188 1125 ἔστιν
199 1098 387 1133 ὠφελεῖσθαι,
403 1099 451 1127 νῦν
466 1099 539 1136 ἔργῳ
549 1101 721 1137 φαινόμενον.
734 1103 767 1130 Τί
787 1103 840 1139 γὰρ
855 1105 895 1137 είς

103 1142 227 1171 εὔκλειαν
244 1143 301 1180 (26)
319 1146 333 1172 ὸ
351 1145 421 1182 ἀνὴρ
438 1147 504 1182 ἡμῖν
521 1148 551 1174 οὑ
573 1148 714 1182 συντελεῖς
736 1150 794 1181 Πᾶς
820 1150 895 1182 ὅστις

102 1190 177 1225 ἡμᾶς
202 1190 324 1218 ἐπαινεῖν
350 1191 484 1226 βούλεται,
510 1193 594 1228 μηδὲν
612 1194 705 1230 ἕτερον
731 1194 894 1231 ἐξευρίσκων

103 1237 189 1263 εἰπεῖν
206 1236 263 1273 [γρ.
282 1238 427 1274 ὲπαινεῐνῙ,
444 1238 518 1274 λέγει
541 1239 620 1266 τοῦτο
640 1240 758 1277 πρῶτον,
778 1241 825 1268 καὶ
847 1242 895 1276 μό-

102 1291 159 1314 νον,
181 1283 229 1310 καὶ
251 1283 389 1318 μέγιστον,
402 1285 440 1316 ὠς
465 1285 573 1317 Ἰούλιος
592 1286 673 1313 αὐτὸν
696 1286 822 1322 ἀγορεύει
846 1296 895 1314 κα-

103 1326 169 1359 κῶς.
193 1328 234 1354 ἑνὶ
254 1328 293 1364 If.
316 1329 372 1365 Evt]
395 1329 423 1356 δὲ
445 1330 532 1366 τούτῳ
555 1330 594 1366 τῷ
619 1331 690 1367 λόγῳ
739 1334 814 1364 ποῖος
844 1333 895 1360 οὒκ

104 1373 186 1407 ὲσμδς
198 1374 326 1408 ἀγαθῶν;
340 1375 377 1402 Th
390 1376 444 1411 γὰρ
456 1376 651 1412 ἀντικειμένως
662 1378 733 1413 ἔχειν
747 1378 815 1414 πρὸς
830 1387 895 1405 παν-

102 1419 223 1455 τοδαπὴν
239 1421 381 1456 πονηρίαν,
398 1421 506 1453 οἰκείως
527 1422 601 1450 ἐστὶν
621 1422 692 1458 ἔχειν
707 1423 775 1459 πρὸς
794 1433 892 1451 παντοο

103 1461 191 1498 δαπὴν
203 1463 312 1500 ἀρετήν.
335 1464 408 1500 Ἐγὼ
422 1465 471 1501 μὲν
485 1464 531 1493 οὖν
545 1467 621 1494 οὐδὲν
633 1468 666 1495 ἂν
678 1469 789 1504 ἐμαυτῷ
806 1478 894 1496 συνει-

103 1507 177 1543 δεῐην
190 1508 324 1535 τοιοῦτον
350 1511 453 1543 ἐκεῖνος
468 1511 497 1537 δὲ
513 1520 606 1547 φησιν.
626 1510 673 1545 Οἷς
691 1513 744 1549 γὰρ
764 1514 893 1541 τάναντία

104 1555 181 1589 φησὶ,
195 1554 275 1582 τοῦτο
297 1556 458 1583 πιστοῦται·
479 1556 550 1583 ὥστε
569 1557 616 1584 καὶ
637 1558 717 1593 χάριν
738 1558 771 1586 ἂν
795 1559 894 1595 εἰδείην

103 1597 188 1634 αὐτῷ.
206 1598 248 1634 Νὴ
262 1599 311 1635 τὴν
333 1600 410 1635 ίεράν
425 1609 471 1627 σου
490 1600 623 1637 κεφαλὴν,
639 1603 686 1629 καὶ
699 1602 749 1637 τὴν
762 1603 815 1630 τῶν
829 1611 895 1630 παι-

103 1643 167 1671 δίων
192 1653 244 1680 μου
264 1646 411 1682 σωτηρίαν,
433 1647 483 1675 οὐκ
506 1648 578 1674 ἔστιν
601 1648 615 1674 ὅ
635 1657 662 1675 τι
679 1649 712 1676 ἄν
735 1657 780 1684 μοι
801 1650 895 1685 μεῖζον

106 1688 162 1725 [γρ.
179 1692 303 1726 κρεῖττόν
326 1692 382 1728 μοι]
401 1693 448 1719 τοῦ
469 1692 650 1729 λοιδορεῖσθαι.
672 1695 826 1730 χαρίσαιτο.
841 1696 895 1722 Καὶ

110 1735 158 1771 γὰρ
175 1737 222 1762 καὶ
239 1736 308 1772 πρὸς
322 1736 389 1764 Θεοῦ
405 1737 451 1764 καὶ
470 1737 538 1773 πρδς
553 1737 713 1774 ἀνθρώπων,
730 1740 759 1766 ὲν
778 1739 817 1775 τῷ
830 1739 896 1766 καλ-

105 1780 188 1817 λίστῳ
204 1790 248 1816 μοι
260 1781 381 1809 κείσεται
393 1782 480 1809 τοῦτο.
500 1783 581 1810 Ἀλλά
593 1784 642 1810 καὶ
650 1784 896 1820 τῆς¹προαιρέπεωε

105 1825 186 1853 δώσει
200 1826 279 1859 δίκας
289 1835 297 1842 ο
312 1827 374 1863 ἐμοὶ
390 1827 449 1862 μὲν,
461 1827 491 1854 οὗ
503 1836 510 1842 ·
525 1828 608 1863 τυχὸν
625 1829 674 1864 μὲν
686 1828 740 1865 γὰρ
756 1829 810 1856 οὐδ’
822 1830 855 1857 ἂν
871 1831 899 1857 εῑ

107 1872 250 1908 δυναίμην,
272 1873 441 1909 βουλοίμηνι
451 1874 559 1906 πάντως
578 1874 616 1906 δὲ,
636 1875 691 1901 οὐδ’
703 1875 736 1902 ἂν
749 1877 773 1902 εἰ
794 1876 897 1911 βουλοία

108 1926 173 1953 μην,
196 1918 338 1954 δυναίμην.
357 1919 388 1945 Τί
405 1918 459 1955 γὰρ
475 1919 552 1955 παρὰ
569 1919 615 1947 τὸν
635 1919 682 1946 ὲπὶ
704 1921 800 1956 καιροῦ
816 1921 895 1948 δυνά-

107 1969 176 1997 στην
188 1962 330 1998 ἄνθρωπος
340 1963 427 1995 οὕτως
442 1964 545 1999 ἀτυχὴς
561 1963 615 2000 [γρ.
633 1964 770 2001 εὐτυχὴς],
781 1966 819 1996 ὡς
833 1967 897 1993 ἀλᾶ-

107 2008 169 2035 σθαι
183 2009 292 2043 φεύγων
305 2009 354 2044 τὴν
364 2009 471 2043 ἑαυτοῦ,
488 2010 536 2037 καὶ
550 2011 612 2046 μηδ’
626 2011 735 2043 ἐλπίδας
747 2011 818 2046 ἔχειν
831 2012 898 2039 καϐ-

106 2055 184 2086 ὀδου,
217 2055 269 2082 τῶν
298 2056 436 2091 πολεμίων
470 2057 755 2093 ἐστρατοπεδευκότων
780 2059 809 2085 ὲν
840 2061 897 2091 τοῖς

107 2101 195 2136 ἐμοῖς,
207 2101 341 2133 κάκείνοις
354 2102 531 2138 ὁρμητηηρίοις
547 2102 619 2129 κατὰ
638 2103 767 2139 Κυρήνης
785 2103 896 2139 χρωμέ-

107 2155 177 2180 νων;
190 2147 248 2174 Τίνι
263 2147 364 2183 μέντοι,
373 2148 426 2174 τίνι
437 2148 517 2175 δώσει
529 2148 605 2181 δίκας
615 2158 622 2182 ;
633 2149 705 2185 Δὺτῇ
716 2150 748 2184 τῇ
759 2148 830 2186 δίκῃ.
840 2148 897 2183 Ἐγ-

945 233 1068 261 mittebat
1083 243 1090 267 ;
1107 235 1206 269 partim
1231 233 1384 270 desperata:
1406 236 1576 264 accusatoris
1592 237 1732 274 audaciae,

944 279 989 312 qui
1006 287 1053 314 per
1071 280 1244 309 necessitatis
1264 281 1382 316 speciem
1398 282 1460 309 mali
1475 282 1577 317 aliquid
1599 282 1689 310 facere
1706 287 1735 310 et

945 325 999 359 pati
1025 326 1170 361 cupiebat:
1186 334 1240 354 non
1259 327 1340 354 modo
1357 327 1430 354 illius
1447 335 1561 354 uxorem
1585 334 1617 354 ac
1631 327 1733 355 liberos

944 370 1071 406 pestifera
1086 372 1130 399 illa
1145 373 1221 401 labes
1233 373 1381 401 invasisset
1391 393 1397 405 .
1411 373 1457 400 sed
1470 373 1551 400 etiam
1563 377 1695 409 cognatos
1707 377 1734 401 et

944 417 1048 445 amicos
1064 420 1281 454 quamplurimas
1294 439 1302 452 ,
1322 420 1420 448 divites
1436 427 1514 454 eaque
1535 427 1567 447 ac
1589 427 1731 455 pauperes.

943 461 983 489 Ac
999 470 1112 497 prorsus
1129 465 1264 492 malorum
1280 465 1404 500 quantam
1421 464 1485 492 Ilias
1500 465 1595 492 urbem
1609 469 1732 492 nostram

944 509 1139 545 corripuisset.
1157 511 1240 539 unius
1260 511 1381 539 hominis
1399 518 1482 538 causa
1495 531 1502 543 ,
1517 511 1564 546 qui
1582 511 1669 538 salute
1685 510 1733 538 de-

945 559 1055 589 sperata
1085 555 1112 582 in
1140 556 1256 583 exitium
1287 561 1384 591 sponte
1412 555 1618 591 prmeipitaret:
1645 554 1734 581 Julius

945 606 1026 634 porro
1047 599 1190 627 victoriam
1208 600 1396 632 obtinuisset,
1417 599 1570 627 secundum
1590 607 1672 634 quam
1694 599 1734 625 vi-

944 650 1008 670 vere
1034 651 1206 679 nequaquam
1227 645 1369 672 voluisset.
1399 643 1474 676 Quas
1493 643 1529 671 ob
1545 651 1590 671 res
1611 643 1734 670 facienda

945 687 1027 723 234I
1052 689 1117 716 mihi
1143 696 1176 716 ea
1202 689 1294 716 omnia
1324 689 1432 724 putavi,
1465 696 1636 724 quaecunque
1662 688 1734 715 facta

945 737 1020 760 sunt.
1049 733 1146 768 Capiat
1171 741 1205 761 ex
1224 739 1338 768 natura,
1362 735 1508 769 animoque
1528 741 1588 762 meo
1608 733 1734 761 utilitatis

945 779 1049 813 aliquid
1071 780 1154 806 etiam
1180 779 1390 808 inimicissimus
1415 781 1541 815 quisque.
1568 779 1632 807 Mihi
1661 779 1733 806 enim

946 824 1033 851 multo
1051 824 1233 859 przestahilius
1250 830 1292 854 est
1312 826 1429 861 aliquem
1443 833 1459 852 ιι
1480 833 1522 853 mc
1537 829 1636 860 przeter
1653 824 1735 852 meri-

946 873 1004 896 tum
1022 869 1156 898 beneﬁcio
1171 878 1232 898 esse
1249 871 1404 898 devinctum
1418 891 1425 904 ,
1442 878 1524 906 quam
1541 871 1643 897 multos
1660 870 1715 905 pati
1727 890 1734 901 ,

944 923 1007 942 cum
1027 916 1173 951 prohibere
1189 917 1270 944 liccat
1281 937 1288 948 ,
1305 917 1415 953 indigne
1431 917 1512 945 malis
1526 915 1735 952 quamplurimis

945 962 1026 989 aﬂici.
1039 962 1099 989 Non
1113 963 1187 991 enim
1204 963 1245 990 vel
1260 964 1376 991 nobilem
1390 963 1451 998 ejus
1467 970 1595 994 uxorem,
1609 963 1650 990 vel
1665 961 1736 989 lilios

945 1008 1011 1036 odio
1028 1009 1127 1036 habeo.
1149 1008 1312 1043 Quanquam
1330 1017 1363 1037 ne
1383 1010 1441 1044 ipse
1459 1009 1571 1044 quidem
1589 1008 1624 1036 ob
1641 1007 1735 1036 convi-

944 1053 987 1081 cia
999 1075 1007 1087 ,
1024 1062 1085 1089 qua:
1101 1055 1251 1083 identidem
1272 1056 1299 1082 in
1319 1063 1363 1082 me
1375 1055 1477 1090 jaetat,
1493 1054 1593 1089 dignus
1611 1058 1668 1085 est,
1687 1053 1737 1088 qui

945 1100 1009 1127 mali
1035 1101 1140 1136 aliquid
1163 1109 1178 1128 a
1202 1109 1246 1128 me
1268 1101 1401 1136 patiatur,
1427 1104 1533 1128 tantum
1553 1100 1640 1127 abest.
1666 1099 1735 1127 ΟιΙίι)

944 1152 1011 1173 sane
1027 1146 1137 1180 quidem
1156 1154 1270 1181 prorsus
1283 1151 1326 1174 est
1341 1146 1452 1182 dignus.
1478 1145 1540 1173 llaec
1561 1146 1635 1173 enim
1653 1144 1736 1180 jacti‘

944 1194 985 1218 tat
997 1211 1004 1222 ,
1021 1192 1176 1220 molestiam
1193 1200 1222 1220 se
1239 1192 1306 1220 mihi
1327 1191 1417 1220 facere
1433 1192 1589 1222 arbitrans.
1605 1198 1638 1218 ac
1659 1190 1736 1218 velut

944 1245 1090 1266 maerorem
1119 1239 1238 1266 daturus
1260 1238 1392 1274 loquitur.
1416 1238 1506 1272 Quare
1529 1238 1658 1265 voluntas
1676 1237 1739 1272 ipsa.

944 1284 1161 1319 reprehensione
1182 1292 1237 1312 non
1259 1289 1352 1318 caret,
1379 1284 1427 1312 sed
1443 1285 1528 1312 estin
1552 1284 1642 1318 culpa.
1662 1282 1736 1310 Sciat

945 1330 997 1358 hoc
1011 1331 1057 1358 ille
1074 1335 1165 1358 tamen
1178 1351 1185 1362 ,
1200 1331 1241 1358 vel
1257 1331 1348 1366 potius
1365 1330 1471 1358 nesciat
1486 1341 1491 1357 :
1509 1330 1647 1357 desineret
1662 1328 1734 1356 enim

944 1376 1015 1403 hanc
1032 1383 1140 1403 mecum
1156 1376 1273 1411 gratiam
1287 1376 1376 1409 inire;
1395 1379 1425 1402 tu
1440 1382 1505 1403 vero
1522 1375 1594 1403 scias
1609 1373 1735 1403 omnino.

943 1421 1017 1456 quod
1038 1422 1124 1449 veteri
1142 1421 1288 1457 proverbio
1313 1421 1408 1448 tritum
1430 1425 1488 1452 est,
1507 1420 1656 1447 Utilitatem
1674 1420 1735 1453 capi

942 1475 975 1494 ea:
992 1467 1108 1494 inimicis
1121 1475 1198 1502 posse
1208 1487 1215 1499 ,
1232 1474 1307 1494 nunc
1320 1474 1350 1494 re
1366 1466 1425 1501 ipsa
1439 1473 1501 1494 esse
1508 1465 1735 1501 comprobatum.

944 1513 1014 1547 Quid
1029 1513 1105 1541 enim
1126 1521 1182 1541 non
1200 1513 1235 1540 ad
1251 1513 1368 1548 gloriam
1390 1512 1471 1540 nobis
1492 1516 1575 1547 atque
1592 1511 1735 1539 existima—

945 1560 1047 1587 tionem
1063 1559 1145 1587 homo
1159 1560 1213 1587 iste
1227 1558 1361 1586 confert?
1377 1557 1541 1592 Quicunque
1557 1557 1671 1584 laudare
1684 1562 1736 1584 nos

945 1604 1053 1637 nititur,
1069 1612 1131 1631 cum
1147 1603 1270 1631 invenire
1283 1603 1349 1638 quid
1365 1603 1438 1630 dicat
1452 1602 1526 1630 aliud
1544 1602 1612 1629 nihil
1627 1606 1735 1636 potest,

945 1648 998 1675 hoc
1013 1648 1130 1683 primum
1140 1668 1148 1681 ,
1159 1652 1187 1675 et
1199 1655 1284 1675 unum
1299 1651 1326 1675 et
1337 1648 1487 1675 maximum
1497 1646 1617 1682 profert:
1632 1646 1741 1673 Iulium

945 1694 979 1721 de
995 1694 1041 1720 illo
1055 1692 1212 1721 detrahere.
1230 1692 1288 1720 lloc
1305 1697 1397 1721 autem
1414 1700 1470 1720 uno
1484 1692 1569 1720 verbo
1590 1699 1652 1728 qua.
1678 1699 1734 1719 non

947 1739 1080 1766 bonorum
1098 1739 1177 1774 copia
1191 1738 1374 1766 continetur?
1390 1738 1526 1774 siquidem
1549 1738 1677 1773 nequitiae
1689 1745 1735 1773 ge-

946 1785 1004 1813 neri
1020 1785 1095 1812 omni
1112 1785 1252 1813 adversari
1270 1785 1337 1812 nihil
1354 1785 1427 1812 aliud
1441 1789 1498 1817 est,
1515 1792 1597 1820 quam
1611 1792 1675 1812 esse
1688 1792 1735 1820 ge-

947 1829 1005 1857 neri
1029 1829 1105 1857 omni
1127 1829 1238 1857 virtutis
1259 1829 1378 1857 amnem.
1400 1830 1491 1864 Atque
1506 1837 1557 1864 ego
1578 1837 1646 1857 sane
1665 1829 1735 1856 nihil

946 1873 1080 1909 ejusmodi
1095 1875 1122 1902 in
1137 1883 1180 1903 me
1204 1883 1266 1903 esse
1281 1874 1425 1910 intelligo;
1453 1874 1500 1902 sed
1527 1875 1579 1902 hoc
1605 1875 1651 1902 ille
1676 1875 1735 1909 ipse

946 1920 1024 1947 dicit.
1040 1919 1108 1946 Nam
1122 1920 1186 1946 dum
1205 1920 1343 1947 contraria
1363 1920 1453 1946 omnia
1470 1919 1547 1950 dicit,
1564 1918 1643 1946 iidem
1661 1919 1742 1946 illius.

947 1966 1047 1995 astruit
1061 1976 1074 1994 :_
1087 1965 1156 1994 adeo
1175 1970 1204 1994 ut
1225 1967 1268 1994 vel
1293 1966 1317 1994 ei
1337 1962 1453 2002 gratiam
1473 1966 1599 1993 habeam.
1620 1964 1672 1993 Per
1692 1972 1735 1992 sa-

947 2020 1024 2041 crum
1040 2017 1115 2039 tuum
1141 2016 1223 2048 caput
1245 2016 1273 2040 et
1297 2012 1446 2039 liberorum
1462 2011 1580 2039 salutem
1595 2011 1672 2045 juro,
1692 2011 1735 2037 ni-

949 2061 986 2088 liil
1001 2066 1080 2092 esse,
1097 2059 1126 2086 in
1141 2067 1197 2095 quo
1208 2059 1308 2086 melius
1323 2058 1357 2086 de
1373 2066 1433 2090 me,
1454 2065 1535 2093 quam
1556 2056 1687 2085 conviciis
1703 2064 1741 2084 ac.-

948 2107 1058 2142 probris
1067 2105 1245 2138 lacessendo.
1264 2109 1412 2133 mereatur.
1433 2103 1500 2131 Nam
1519 2107 1549 2131 et
1561 2103 1633 2138 apud
1648 2102 1744 2130 Deum.

947 2158 975 2182 et
998 2153 1071 2189 apud
1085 2152 1212 2180 homines
1233 2151 1395 2186 praeclarum
1412 2151 1465 2178 hoc
1487 2150 1552 2177 mihi
1573 2150 1625 2177 erit
1653 2152 1735 2184 atque

107 2193 217 2229 γυῶμαι
230 2193 285 2228 γὰρ
301 2193 453 2228 ὲγὼ,τοῦτο
467 2194 560 2228 σαφῶς
647 2194 726 2220 τοῦτο
735 2194 840 2229 σαφῶς,
853 2193 895 2231 εὖ]

949 2197 1334 2235 ιιιῐιριίεείιιιιιιιιμριιίιιειίοιιι
1349 2197 1412 2224 mali
1430 2197 1513 2223 animi
1527 2203 1626 2231 pmnas
1640 2195 1715 2227 ddiit
1725 2215 1734 2227 ,

108 2239 206 2265 εἰδέναι
224 2238 320 2266 δοκῶν.
341 2239 540 2266 Μετελεύσεται
555 2240 610 2274 γὰρ
626 2239 708 2266 αὐτὸν
727 2240 797 2276 ὑπὲρ
819 2241 897 2276 ἐμοῦ,

108 2284 214 2319 καὶτῆς
224 2284 318 2320 κοινῆς
330 2285 469 2320 πατρίδος,
477 2286 547 2321 ὑπὲρ
556 2282 589 2320 ἦς
598 2286 728 2312 τάναντία
739 2286 898 2313 πεπολιτεύ-

110 2331 190 2365 paea,
205 2330 253 2357 καὶ
262 2330 297 2357 δι’
310 2329 343 2365 ἢν
358 2330 482 2366 ἀλλήλοις
499 2331 694 2367 ἀπηχθήμεοα.
709 2332 746 2358 οὐ
759 2332 814 2368 γὰρ
828 2333 898 2369 ὑπὲρ

108 2377 163 2405 τῶν
177 2377 296 2412 ἐμαυτοῦ
305 2385 388 2409 τινος,
402 2377 457 2404 οὐδ’
466 2377 500 2404 ἂν
512 2377 593 2409 αὐτὸς
603 2379 690 2404 εἰπεῖν
700 2377 767 2413 ἔχοι.
776 2379 858 2406 Ἀλλά
863 2380 898 2407 τά

110 2423 206 2457 πρῶτα
225 2423 275 2458 μὲν
289 2423 375 2450 ὅτιτὸ
389 2423 583 2458 στρατιωτικόν
597 2432 626 2450 τε
642 2424 689 2451 καὶ
706 2424 738 2451 τὸ
761 2424 901 2459 βουλευτι-

110 2468 157 2495 κὸν
182 2468 285 2505 ἐώρων,
304 2469 343 2501 είς
367 2468 489 2505 θητικὸν,
512 2469 559 2495 καὶ
583 2469 742 2505 ἐπειρώμην
761 2470 896 2506 ἀντέχειν·

948 2245 1015 2273 mihi
1031 2244 1142 2280 quidem
1159 2250 1332 2279 nequaquam
1347 2251 1354 2270 :
1374 2241 1504 2270 fortassis
1525 2241 1597 2268 enim
1615 2248 1668 2267 non
1682 2260 1689 2272 ,
1706 2245 1735 2266 ut

947 2291 1066 2318 maxime
1081 2296 1207 2325 possem,
1224 2288 1320 2316 vellem
1335 2297 1341 2316 :
1360 2287 1474 2315 omnino
1490 2294 1555 2314 vero
1570 2294 1625 2313 non
1641 2286 1664 2313 si
1680 2285 1736 2312 vel-

948 2337 1019 2369 lem,
1040 2342 1161 2372 possem.
1181 2334 1251 2368 Quid
1274 2334 1347 2361 enim
1372 2332 1443 2368 apud
1464 2339 1526 2359 eum
1555 2335 1663 2366 posset;
1688 2330 1742 2365 qui

948 2381 1030 2409 modo
1049 2384 1148 2416 ιιι-αξιοι.
1166 2379 1314 2415 provincia:
1325 2399 1332 2412 ,
1350 2383 1406 2405 tam
1423 2377 1524 2405 infelici
1543 2375 1735 2404 homoeondi-

951 2426 1044 2459 tione,
1073 2426 1170 2461 patriis
1195 2423 1417 2452 ut-alrsedibus
1442 2430 1526 2457 vagus
1548 2429 1580 2448 ac
1604 2420 1739 2456 profugus

951 2477 1024 2502 erret
1036 2492 1043 2504 ,
1059 2479 1109 2499 nec
1124 2470 1229 2499 reditus
1248 2478 1324 2506 spem
1341 2469 1423 2497 ullam
1444 2469 1564 2501 habeat;
1586 2475 1648 2494 cum
1668 2467 1736 2494 meis

709 2537 799 2565 DION.
817 2537 956 2568 PETAVII
987 2539 1103 2568 NOTAE.

146 2599 204 2631 (‘25)
233 2597 347 2625 Λυπεῖν
373 2597 429 2632 γὰρ
455 2598 591 2632 οἰόμενος
609 2597 702 2632 λέγει.
747 2597 793 2624 Sic
828 2598 899 2632 apud

112 2633 253 2660 Platonem
281 2631 408 2661 Socrates
433 2633 460 2659 in
477 2631 607 2666 Apologia
622 2639 632 2658 :
652 2631 713 2659 Καὶ
736 2631 823 2666 ἔγωγε
842 2631 900 2665 τοῖς

111 2667 382 2702 γειταψηφισαμένοις
402 2676 453 2702 μου
466 2667 513 2693 καὶ
527 2668 584 2698 τοῖς
602 2667 766 2702 κατηγόροις
782 2668 812 2693 οὺ
828 2668 898 2694 πάνυ

111 2701 284 2737 χαλεπαίνω’
304 2702 391 2728 καίτοι
404 2701 444 2727 οὐ
464 2702 549 2737 ταύτῃ
563 2703 596 2737 τῇ
612 2701 716 2737 διανοίᾳ
747 2702 899 2737 κατεψηφί-

112 2729 190 2767 Emi-.6
206 2745 270 2772 pou
286 2736 332 2763 καὶ
357 2729 609 2772 κατηγόρουνξ”ἀλ”λ’
633 2729 752 2772 οἰόμενοι
770 2729 898 2772 βλάπτὲιν

112 2781 154 2798 ιιισ
171 2771 249 2799 τοῦτο
268 2772 359 2802 αὐτοῖς
369 2771 444 2806 ἄξιον
462 2771 625 2806 μέμφεσθαι.
635 2771 713 2803 Qut-1
727 2771 762 2798 ita
781 2771 897 2799 Cicerot

115 2807 194 2835 Tusc.
213 2806 365 2842 exprimit;
388 2805 443 2832 Nec
457 2814 515 2842 vero
534 2806 580 2836 iis,
603 2814 619 2832 ο
639 2806 731 2842 quibus
758 2811 897 2842 accusatus

115 2850 183 2875 sum,
198 2840 256 2869 aul'
268 2850 285 2868 ιι
299 2841 393 2876 quibus
419 2841 617 2874 condemnatus,
638 2840 720 2868 habeo
739 2840 808 2876 quod
835 2849 896 2868 su-

948 2606 1088 2630 censeam;
1120 2597 1172 2624 nisi
1200 2595 1269 2631 quod
1290 2595 1356 2622 mihi
1378 2602 1471 2631 nocere
1503 2592 1733 2631 ag_cre_didmm(.

984 2634 1041 2668 (26)
1058 2628 1088 2660 Τί
1167 2628 1212 2668 sic
1224 2631 1372 2668 εὔκλειαν.
1390 2629 1501 2668 Seneca.
1517 2629 1564 2655 lib.
1585 2628 1733 2668 Defemed.

949 2663 1054 2703 fortuit.
1073 2663 1166 2703 :Ma—le
1180 2667 1250 2703 derle
1261 2665 1413 2703 ίςᾳιιιιηιιιν-
1431 2664 1547 2703 Ιιριιιὶηεε
1560 2671 1572 2703 ⁸ί
1590 2663 1634 2689 sed
1650 2663 1733 2703 .mali.

948 2697 1065 2731 Moverer
1076 2703 1100 2729 si
1113 2702 1145 2729 de
1161 2709 1201 2727 nte
1214 2702 1252 2728 M.
1268 2697 1345 2732 Chia,
1359 2700 1383 2726 si
1398 2699 1495 2726 Laalius
1507 2699 1620 2732 sapiens.
1634 2697 1656 2724 si
1668 2697 1736 2724 alter

949 2738 1025 2770 Cato,
1044 2738 1067 2764 si
1085 2737 1138 2763 duo
1156 2736 1292 2770 Scipiones
1306 2735 1358 2770 ista
1373 2735 1547 2770 loqueremur.
1566 2732 1643 2759 Nunc
1656 2732 1735 2770 malis

950 2767 1099 2807 displicere.
1125 2767 1235 2807 laudari
1254 2775 1304 2807 est:
1316 2769 1382 2807 _Non
1399 2767 1481 2807 potest
1493 2768 1576 2807 ullam
1590 2767 1736 2807 auctorita-

951 2803 1002 2835 1εηὶ
1021 2807 1115 2834 habere
1124 2805 1263 2835 adruentia,
1277 2805 1321 2832 ubi
1331 2804 1379 2840 qui.
1387 2804 1553 2831 danmamlus
1562 2808 1599 2830 est
1613 2803 1733 2829 damnat.
