1955 3063
137 145 207 175 94-ῡὸ

719 146 911 175 EPISTOLE.
935 161 965 166 —
985 145 1095 174 EPIS‘I‘.
1116 147 1220 176 XCVII;

1690 148 1767 178 ιιθσς

137 214 218 242 μενον
232 204 318 240 νομέα
332 205 380 232 τοῦ
401 204 470 240 βίου,
490 204 616 240 γενεσθαι
634 205 680 232 καὶ
697 205 746 232 τοῦ
760 205 924 241 νεμηθέντος

978 205 1091 241 posuit;
1120 206 1197 233 illmn
1222 206 1314 240 ipsum
1337 213 1444 241 precor,
1461 206 1509 242 qui
1535 207 1601 234 mihi
1621 207 1761 242 ejusmodi

135 252 308 288 προστάτην
324 252 362 284 ὡς
380 252 417 286 μὴ
431 251 546 286 φανῆναί
562 260 608 287 μοι
622 251 653 278 τὸ
671 252 788 287 πρᾶγμα
813 251 921 286 φιλοσο-

137 299 201 333 φίας
216 299 358 331 ἀπόϐασιν,
369 298 426 325 ἀλλ’
441 298 480 330 εἰς
496 298 581 333 αὐτὴν
595 298 774 326 ἐπανῶασιν.
792 298 866 330 Τέως
882 298 920 331 δὲ,

136 344 230 379 ὥσπερ
243 344 269 370 ετ
280 352 306 370 τι
322 353 366 379 μοι
379 345 433 370 τῶν
447 344 532 380 ἡδέων
549 344 762 376 συνεπεπτώκει,
777 343 923 370 ἐκοινωσά-

137 399 190 425 μην
205 390 237 416 ἄν
251 397 291 416 σοι
301 391 334 425 τῇ
349 390 457 416 πάντων
470 390 582 426 φιλτάτῃ
596 398 640 425 μοι
655 389 777 425 κεφαλῇ’
790 389 861 416 οὕτω
875 389 922 416 καὶ

135 436 189 463 τῶν
204 435 389 471 δυσχερῶνείς
400 436 429 462 σέ
443 436 623 471 παραπέμπω
635 436 684 471 τὴν
697 436 791 471 ἀκοὴν,
804 436 847 463 ῐνα
860 443 922 462 συν-

134 482 226 516 άχθοιό
250 491 289 514 τε,
312 483 358 509 καὶ
374 483 400 509 εί
420 491 446 509 τι
471 483 564 510 δύναιο
586 483 654 518 πρὸς
680 482 728 518 τὴν
745 482 815 518 ἐμὴν
841 481 922 516 φύσιν

134 527 164 552 τ)
188 527 303 562 πρᾶγμα
327 527 466 560 ἐξετάσας.
491 529 652 563 είσηγήσαιο
672 528 796 564 γνώμην,
812 529 827 554 ὅ
841 527 867 554 τι
888 536 922 563 με

134 571 225 607 δεήσει
238 574 334 599 ποιεῖν.
346 573 402 599 Νῦν
413 573 466 608 γὰρ
479 573 535 607 ἐγὼ
544 573 686 609 πόρρωθεν
695 573 766 600 οὓτω
779 572 923 607 διαπειρύ

136 625 185 651 μαι
199 617 246 643 τοῦ
262 617 433 653 πράγματος,
448 618 485 650 ὡς
500 618 612 653 ἕϐδομον
624 618 674 654 ήδη
692 618 763 654 μῆνα
778 618 922 654 γενόμενος

135 663 164 689 ἐν
177 661 216 697 τῷ
231 662 319 698 δεινῷ,
339 663 447 698 μακρὰν
466 663 598 698 ἀποδημῶ
611 663 665 690 τῶν
689 662 840 698 ἀνθρώπων
855 663 921 698 παρ’

135 706 175 740 οἷς
196 708 350 744 ἱεράσομαι,
364 709 417 740 ἓως
434 709 466 736 ἂν
485 709 607 745 ἀκριϐῶς
626 709 716 736 ὁποῖόν
737 709 801 735 ποτέ
816 709 874 735 ἐστι
887 709 922 744 τῇ

135 754 215 788 φύσει
232 755 401 791 κατανοήσω.
416 754 474 781 Κᾶν
489 755 538 789 μὲν
553 755 660 790 ἐγχωρῇ
682 754 751 790 μετὰ
765 754 922 789 φιλοσοφίας

134 802 250 836 ⁴ιτρᾶγμα
264 801 416 836 ἐργάσομαι
429 809 435 816 ·
456 801 481 827 εἰ
497 800 525 827 δέ
540 800 645 827 ἀλλοῖόν
660 801 745 832 ἐστιν,
759 799 775 835 ἢ
790 800 860 827 κατὰ
873 799 926 834 τὴν

134 847 203 882 ἐμὴν
219 847 329 882 ἀγωγήν
343 855 372 873 τε
395 847 442 873 καὶ
454 846 625 882 προαίρεσιν,
638 846 664 873 τί
675 846 750 878 ἄλλο,
764 846 781 880 ἧ
792 845 844 882 τὴν
855 845 920 872 εὐθὺ

208 879 316 928 κλεινῆς
335 893 459 924 Ἑλλάδος
477 879 624 919 -ἀποπλέων
641 879 785 928 οἰχήσομαι
798 901 806 925 ;
820 879 921 919 ⁷’Δπει-
937 879 959 907 Β

135 938 249 974 ’κταμένῳ
262 939 315 974 γὰρ
337 939 387 975 τὴν
410 938 570 974 ἱερωσύνην,
593 938 781 973 ἀπογνωστέον
795 938 853 965 ἐστὶ
875 938 923 965 καὶ

134 985 184 1019 τῆς
198 985 335 1021 πατρίδος,
350 986 375 1011 εί
392 986 428 1021 μή
450 994 483 1020 με
501 985 541 1012 δεῖ
554 985 662 1012 πάντων
676 985 839 1020 ἀτιμότατον
853 983 922 1012 εἶναι

135 1032 183 1058 καὶ
208 1032 420 1067 ἐπαρατότατον,
435 1032 464 1058 ἐν
487 1032 557 1067 ὔχλῳ
585 1032 734 1068 μισούντων
756 1031 925 1068 ἀναστρεφό-

136 1085 227 1114 εεενον.

973 252 1035 279 vitae
1045 251 1191 280 attributor
1204 252 1320 284 exstitit,
1335 260 1397 281 esse
1412 257 1439 281 et
1452 253 1524 288 ejus,
1535 253 1609 288 quod
1620 255 1759 286 attribuit.

974 297 1172 325 moderatorem
1191 305 1224 325 ac
1248 303 1394 333 patronum
1411 308 1418 326 :
1439 307 1474 327 ne
1493 299 1559 327 mihi
1577 307 1622 328 res
1642 301 1693 327 ista
1710 300 1760 328 de-

975 351 1092 371 scensus
1105 351 1122 370 a
1136 343 1320 379 philosophia,
1338 344 1385 372 sed
1399 344 1434 371 ad
1459 345 1534 372 illam
1552 352 1685 374 asaensus
1698 353 1770 373 esse--

972 389 1110 418 videatur.
1137 389 1247 418 Interim
1278 398 1354 423 vero,
1379 391 1609 426 quemadmodum
1643 391 1666 418 si
1693 391 1768 426 quid:

973 435 1040 463 milli
1059 444 1093 464 ex
1108 436 1191 463 animi
1218 437 1353 464 sententia
1376 437 1556 473 contigisset,
1573 436 1622 464 tibi
1637 437 1759 464 omnium

973 480 1140 509 amicissimo
1149 482 1215 509 mihi
1223 481 1484 515 communicassent;
1497 482 1538 510 sic
1545 487 1573 510 et
1580 482 1759 510 moleslorum

973 527 1007 554 ad
1024 531 1051 554 te
1066 528 1253 555 narrationem
1266 528 1486 560 transmitto,uli
1502 532 1530 555 et
1549 528 1697 555 condolcas
1711 528 1759 554 mi-

973 573 1012 605 hi.
1027 577 1054 601 et
1068 574 1091 601 si
1102 575 1168 610 quid
1185 575 1288 610 possis,
1303 583 1333 602 re
1344 575 1377 602 ad
1396 575 1536 610 ingenium
1553 582 1642 602 meum
1660 582 1760 609 expen-

972 627 1015 651 sa,
1027 621 1191 648 sententiam
1205 625 1278 648 tuam
1293 621 1368 649 deeo
1383 620 1521 655 proferas,
1534 619 1599 655 quid
1614 627 1658 647 me
1669 619 1761 646 facere

972 669 1107 700 oporteat.
1123 666 1182 700 Ego
1193 666 1267 694 enim
1285 666 1354 693 adeo
1366 673 1439 693 nunc
1455 673 1470 693 e
1483 665 1632 701 longinquo
1651 665 1690 692 rei
1715 672 1763 699 pe-

973 710 1092 737 riculum
1120 709 1209 742 facio.
1235 714 1265 737 ut
1292 718 1357 737 cum
1384 710 1530 745 septimum
1560 709 1617 744 jam
1638 716 1768 737 Incusent

972 756 1118 784 molestum
1137 760 1164 783 et
1179 756 1299 784 invisum
1330 763 1431 784 munus
1447 757 1588 791 ingressus
1604 755 1655 782 sim
1668 775 1676 787 .
1697 762 1760 790 pro-

972 802 1017 832 cul
1031 802 1127 836 degam
1148 803 1183 830 ab
1203 802 1239 830 iis
1261 802 1333 837 apud
1345 809 1417 837 quos
1431 802 1579 837 episcopus
1592 809 1653 829 esse
1661 801 1760 835 debeo;

972 848 1060 875 donec
1076 855 1138 883 quae
1157 848 1219 882 ejus
1239 848 1280 875 rei
1299 852 1397 875 natura
1423 848 1470 879 sit,
1491 851 1620 875 accurate
1639 847 1761 882 penitus-

972 902 1026 929 que
1049 894 1204 922 didicerim.
1221 894 1300 928 Quod
1315 894 1337 921 si
1354 901 1408 921 una
1425 901 1487 921 cum
1501 893 1672 928 philosophia
1690 892 1761 920 face-

971 947 1001 966 re
1015 939 1090 967 istud
1110 939 1200 971 liceat.
1235 947 1296 967 eam
1312 939 1396 967 obibo
1413 939 1594 967 iunctionem.
1615 938 1664 965 Sin
1675 943 1717 965 es:
1731 941 1762 965 ut

971 985 1121 1014 abhorreat
1141 985 1177 1013 ab
1205 985 1378 1014 institutione
1404 986 1553 1020 animoque
1568 989 1677 1016 nostro,
1693 983 1762 1019 quid

971 1030 1045 1058 aliud
1057 1038 1140 1066 quam
1168 1036 1242 1059 recta
1255 1031 1282 1058 in
1299 1030 1506 1058 celeberrimam
1521 1029 1654 1057 Graeciam
1683 1029 1762 1056 navi-

971 1085 1039 1113 gans
1053 1077 1231 1112 demigrabo?
1240 1077 1347 1104 Etenim
1364 1077 1447 1104 simul
1457 1076 1646 1111 episcopatum
1668 1075 1762 1108 ejura.

136 1131 210 1155 Vero,
226 1121 412 1157 dcsperandus
429 1121 493 1149 mihi
510 1122 606 1156 patriae
628 1125 795 1156 conspectus
809 1124 873 1154 est,
884 1121 940 1150 nisi
959 1129 1003 1150 me
1025 1122 1149 1150 omnium
1170 1123 1445 1151 inbonoratissimum
1461 1126 1489 1151 et
1507 1120 1764 1151 exsecratissimum

134 1174 196 1196 esse
209 1171 344 1203 oporteat,
367 1168 393 1194 in
410 1175 505 1195 eormn
520 1167 599 1194 turba
617 1167 718 1202 quibus
733 1174 794 1195 sum
815 1174 927 1201 exosus,
946 1168 1058 1198 assidue
1070 1173 1236 1197 versantem.

396 1213 568 1240 ΕΠΙΣΤΟΛΗ
587 1212 652 1247 scr.

452 1258 498 1291 Τῷ
515 1258 604 1291 αὐτῷ.

170 1304 225 1340 Τὴν
247 1305 390 1341 ἐπιστολὴν
413 1305 618 1339 ἀναγινώσκων,
635 1305 664 1331 ἐν
721 1304 843 1340 διηγήσω
858 1303 924 1340 περὶ

135 1352 184 1386 τῆς
196 1351 362 1387 ἀρρωστίας,
376 1351 423 1378 καὶ
444 1351 580 1387 ἐφοόήθην
594 1350 753 1386 ἀρχόμενος,
770 1350 818 1377 καὶ
838 1349 924 1377 παυό-

138 1406 216 1432 μενος
235 1397 420 1433 ἀνεθάρρησα.
444 1397 607 1432 Ἀπειλήσας
622 1397 676 1432 γὰρ
690 1396 821 1428 κίνδυνον,
840 1396 922 1431 εὐηγ-

135 1443 234 1476 γελίσω
249 1443 283 1470 τὰ
293 1443 388 1479 λῴονα.
403 1444 471 1479 Περὶ
483 1441 520 1471 ὦν
534 1444 562 1470 δὲ
574 1443 679 1479 ᾔτησας
690 1442 848 1478 πεμφθῆναι
861 1442 927 1478 παρ’

135 1490 214 1526 ἡμῶν
225 1490 241 1525 ἢ
254 1490 430 1525 κομισθῆναι,
440 1489 476 1516 τὰ
485 1489 588 1516 δυνατὰ
600 1489 689 1516 πάντα
701 1488 810 1520 πάντως
825 1487 845 1523 ἢ,
859 1495 927 1522 πεμ-

136 1537 278 1571 φθήσεται,
293 1537 311 1572 ἢ
325 1536 530 1572 κομισθήσεται.
543 1536 611 1563 Τίνα
625 1535 654 1562 δὲ
665 1536 755 1563 αὐτῶν
769 1535 803 1562 τὰ
813 1534 925 1564 δυνατὰ.

136 1584 183 1611 καὶ
198 1583 232 1610 τὰ
256 1583 293 1619 μὴ
314 1582 430 1615 δυνατὰ,
455 1583 584 1618 περιττὸν
604 1582 730 1618 γράφειν.
746 1582 820 1616 Αὐτὴ
835 1581 889 1616 γὰρ
908 1572 961 1615 ἠΰ

135 1629 208 1661 δόσις
228 1628 365 1661 ἐπιδείξει.
387 1629 566 1664 Ἐρρωμένως
582 1629 629 1655 καὶ
642 1627 778 1662 εὐδαίμων
792 1627 923 1661 suam;

137 1675 195 1710 Θεῷ
213 1674 420 1710 κεχαρισμένος,
437 1675 528 1709 ἑταῖρε
552 1674 710 1709 τριπόθητε.
723 1673 830 1700 Γένοιτο
851 1673 924 1708 ἡμᾶς

137 1722 183 1748 καὶ
209 1720 399 1756 συμμίξαντας
410 1721 532 1756 ἀλλήλων
550 1718 628 1752 αὖθις
643 1719 807 1750 ἀπολαῦσαι,
821 1719 868 1745 καὶ
886 1718 923 1753 μὴ

136 1766 309 1802 προεξέλθοις
321 1766 385 1802 πρὶν
401 1765 434 1793 ἂν
450 1765 573 1801 ἀλλήλοις
592 1765 758 1800 ἐντύχωμεν.
771 1765 801 1791 El
814 1764 842 1790 δὲ
858 1763 925 1795 Θεὸς

137 1811 205 1848 ἄλλῃ
225 1821 263 1847 πη
285 1811 468 1846 βεϐούλευται,
487 1812 518 1838 σὺ
533 1811 562 1838 δὲ
582 1811 629 1838 καὶ
647 1811 769 1837 ἀπόντων
782 1809 859 1845 ἡμῶν
876 1810 925 1844 μέ‹

139 1866 234 1892 μνησο.
259 1857 381 1884 Βελτίοσι
397 1857 447 1893 μὲν
461 1857 515 1893 γὰρ
530 1857 655 1884 Συνεσίου
672 1855 782 1892 ἐντεύξῃ
802 1855 924 1887 πολλοῖς

138 1903 244 1939 φιλοῦσι
260 1904 288 1931 δέ
302 1904 417 1940 μᾶλλον,
433 1904 483 1931 οὐκ
499 1904 533 1932 ἂν
548 1903 637 1935 ἄλλοις
650 1902 783 1938 ἐντύχοις.

409 2042 581 2070 summa
598 2041 654 2076 L,Z'.

457 2088 499 2122 Τῷ
517 2087 606 2121 αὐτῷ.

175 2136 237 2168 [Ιῶς
251 2137 301 2164 οῐει
321 2145 355 2172 με
373 2135 493 2171 διψῶντα
507 2136 567 2166 ταῖς
581 2134 704 2169 ἡδίσταις
717 2132 870 2164 ἐπιστολαῖς
884 2133 928 2160 ἐν·

139 2181 333 2217 τετυχηκέναις
347 2181 416 2217 Περὶ
430 2183 493 2208 ποῖα
508 2181 537 2207 δέ
553 2181 623 2216 μέρη
638 2179 691 2207 τῶν
703 2178 853 2206 ἐπιστολῶν
867 2178 928 2213 οὐχὶ

1220 1213 1389 1242 EPISTOLA
1405 1214 1496 1243 XCVI.

1313 1260 1417 1287 Eidem.

1009 1305 1077 1334 Cum
1096 1306 1240 1341 epistolam
1252 1305 1382 1341 legerem,
1398 1305 1426 1332 in
1438 1312 1493 1336 qua
1506 1303 1694 1340 aegritudinem
1716 1309 1763 1329 cs-

974 1352 1097 1387 ponebas
1114 1356 1200 1384 tuam,
1214 1356 1242 1379 et
1260 1351 1340 1378 initio
1355 1351 1461 1378 veritus
1478 1357 1551 1382 sum,
1580 1353 1608 1376 et
1624 1352 1766 1383 postremo

975 1398 1097 1426 animum
1119 1397 1267 1432 resumpsi.
1284 1396 1431 1431 Postquam
1447 1395 1519 1422 enim
1536 1393 1690 1429 periculurn
1710 1391 1764 1420 mi-

974 1449 1057 1472 natus
1069 1452 1111 1477 es,
1121 1444 1233 1471 meliora
1249 1447 1343 1478 postea
1363 1439 1582 1477 signiﬁcasti.De
1596 1439 1698 1475 quibus
1714 1445 1763 1466 ve-

974 1497 1006 1517 ro
1017 1490 1150 1525 postulas,
1161 1493 1190 1516 ut
1202 1497 1216 1515 a
1229 1489 1306 1516 nobis
1317 1493 1363 1515 aut
1373 1487 1516 1514 mittantur
1524 1490 1570 1513 aut
1579 1485 1764 1520 perferantur,

979 1543 1147 1570 quacunque
1159 1535 1186 1562 in
1199 1539 1293 1562 nostra
1303 1539 1385 1562 erunt
1397 1537 1541 1569 potestate,
1557 1531 1648 1559 omnia
1671 1530 1766 1565 utique

977 1582 1120 1609 mittentur
1132 1585 1179 1608 aut
1193 1581 1374 1616 perferentur.
1387 1579 1473 1607 Porro
1485 1585 1547 1613 qua:
1562 1578 1589 1604 in
1601 1580 1695 1604 nostra
1709 1575 1766 1603 sint

975 1631 1109 1662 potestate
1124 1635 1219 1662 quaeve
1239 1634 1293 1654 non
1308 1626 1372 1658 sint,
1393 1625 1513 1653 scribere
1530 1628 1764 1658 supervacaneum

974 1679 1027 1701 est.
1039 1673 1065 1700 Id
1077 1673 1149 1700 enim
1166 1672 1278 1700 donatio
1288 1671 1346 1706 ipsa
1358 1670 1530 1698 monstrabit.
1544 1668 1635 1696 Sanus
1647 1666 1767 1702 felixque

974 1725 1105 1755 perpetuo
1118 1719 1202 1750 vivas,
1222 1718 1335 1753 Deoqne
1351 1721 1490 1752 acceptus,
1503 1724 1520 1743 ο
1534 1715 1636 1743 sodalis
1651 1713 1768 1750 optatis-

975 1765 1056 1793 sime!
1071 1765 1101 1791 ιςι
1111 1765 1212 1792 utinam
1225 1763 1370 1798 aliquando
1382 1767 1479 1789 mutua
1489 1760 1686 1789 consuetudine
1699 1766 1766 1794 gau-

975 1812 1072 1839 dentes
1093 1811 1208 1838 invicem
1230 1809 1284 1836 frni
1309 1809 1404 1840 liceat.
1424 1816 1475 1836 nec
1496 1812 1525 1834 tu
1546 1810 1610 1833 ante
1638 1804 1769 1833 discedas

975 1865 1055 1892 quam
1069 1857 1149 1892 237
1167 1864 1216 1883 nos
1231 1856 1299 1882 inter
1317 1862 1366 1881 nos
1377 1852 1546 1881 viderimus.r
1558 1851 1606 1879 Sin
1621 1850 1695 1878 aliud
1714 1849 1773 1876 Deo

975 1904 1064 1931 visum
1075 1903 1166 1934 fuerit,
1176 1907 1203 1929 tu
1213 1909 1277 1928 vero
1286 1901 1368 1928 etiam
1379 1899 1501 1927 absentis
1509 1897 1595 1925 nostri
1608 1895 1766 1924 recordare.

977 1949 1082 1977 Etenim
1103 1949 1228 1975 meliores
1241 1946 1355 1982 Synesio
1370 1945 1470 1972 niultos
1488 1941 1687 1976 invenies;qui
1703 1947 1771 1968 vero

977 1994 1128 2030 impensius
1138 1994 1264 2028 diligant,
1288 2000 1341 2019 non
1357 1990 1435 2018 facile
1450 1989 1555 2016 multos
1564 1987 1699 2016 invenies.

1228 2036 1397 2065 EPlSTOl.A
1410 2035 1518 2063 XCVII.

1323 2083 1427 2110 Eidem.

1013 2132 1099 2166 Quam
1115 2139 1158 2159 me
1168 2135 1248 2166 putas
1261 2130 1399 2158 sitientem
1410 2128 1590 2156 suavissimas
1607 2125 1711 2160 legisse
1722 2124 1768 2151 lit-

978 2181 1052 2205 teras
1064 2177 1144 2205 tuas?
1157 2176 1244 2209 Quam
1267 2183 1348 2210 porro
1358 2175 1384 2200 in
1403 2180 1500 2200 earnm
1515 2175 1619 2206 partem
1633 2177 1688 2196 non
1708 2169 1770 2195 ani-

140 2216 432 2263 ﬁdoﬁrdtaxuﬁﬁvatrﬁ
445 2227 534 2262 ψυχῇ;
560 2226 618 2261 ’Λφ“
630 2222 668 2252 ὧν
678 2223 760 2261 ἧλοον
774 2225 814 2257 εἰς
830 2224 925 2251 πολλα-

980 2231 1054 2251 mum
1091 2230 1200 2250 omnem
1227 2220 1375 2248 eifndisse?
1404 2220 1440 2247 Ex
1461 2218 1561 2254 quibus
1591 2216 1676 2244 variis
1708 2222 1770 2243 sum

140 2274 256 2301 πλασίαν
268 2274 397 2307 διάθεσιν,
411 2275 459 2301 καὶ
471 2275 521 2301 οὐκ
536 2274 575 2305 είς
596 2273 704 2308 μακρὰν
720 2271 862 2308 προσδοκῶ
878 2271 925 2307 τὴν

980 2270 1068 2298 modis
1087 2269 1226 2302 affectus;
1246 2275 1297 2295 nec
1317 2268 1398 2301 longo
1411 2269 1472 2301 post
1490 2269 1612 2298 tempore
1630 2269 1711 2297 spero
1725 2269 1770 2288 me

147 2320 348 2356 Ἀλεξάνδρειαν
371 2320 486 2355 ἔχουσαν
501 2320 541 2346 ἔτι
558 2320 606 2354 τὴν
628 2319 709 2354 φίλην
722 2317 843 2353 κεφαλὴν
863 2317 928 2351 ὀψε-

142 2367 212 2394 σθαι.
232 2367 285 2393 Καὶ
299 2367 341 2401 ἐφ’
360 2363 400 2397 οἷς
421 2365 475 2400 γὰρ
490 2365 634 2392 Σεκοῦνδον
649 2363 678 2391 εὖ
691 2364 831 2399 ἐποίησας,
853 2363 929 2398 ἡμᾶς

142 2413 275 2450 ἐτίμησας
284 2419 292 2426 '
305 2413 352 2438 καὶ
365 2411 408 2446 ἐφ’
422 2409 461 2443 οἷς
473 2411 544 2438 οὕτω
556 2411 669 2447 γράφων
682 2411 774 2445 τιμᾷς,
789 2410 930 2445 ἐξηρτήσω

142 2459 251 2489 σαυτοῦ,
277 2458 324 2484 καὶ
341 2458 473 2492 ἐποίησας
498 2455 568 2483 εἶναι
595 2456 678 2488 σούς·
702 2457 767 2491 παρ’
790 2455 852 2481 ὅσον
874 2453 929 2480 τῶν

141 2504 228 2539 χαμαὶ
239 2504 394 2540 ἐρχομένων
407 2503 546 2535 δντες,οῡκ
558 2501 773 2537 ἐπιγινώσκομεν
781 2501 831 2537 τὴν
840 2500 930 2532 ἀξίαν,

141 2551 221 2585 διπλῇ
239 2551 399 2586 τιμώμενοι1
414 2551 460 2577 καὶ
474 2549 513 2584 τῷ
537 2549 645 2584 μεγέθει
664 2548 719 2575 τῶν
740 2547 929 2583 γραφομένων,

142 2597 189 2623 καὶ
199 2598 232 2632 τῇ
248 2597 348 2632 σπουδῇ
371 2596 425 2623 τῶν
439 2595 603 2630 γενομένων.
625 2594 670 2629 Τῷ
690 2594 805 2628 δεσπότῃ
829 2601 879 2628 μου
891 2592 931 2628 τῷ

142 2642 250 2677 Κόμητι
264 2642 390 2677 γέγραφα
412 2643 461 2677 μὲν
475 2642 525 2676 ἤδη
542 2641 671 2672 πολλάκις
682 2648 688 2655 ·
704 2640 765 2666 ἐπεὶ
785 2639 812 2665 δὲ
826 2639 854 2665 ἐν
872 2640 932 2670 ταῖς

143 2687 186 2714 διὰ
199 2687 246 2714 τοῦ
264 2688 356 2719 παιδὸς
380 2687 534 2719 ἐπιστολαῖς
549 2687 623 2722 αἰτιᾷ
641 2686 678 2721 μὴ
694 2685 850 2720 γεγραφότα
863 2684 932 2719 πρὸς

143 2733 234 2764 αὑτὸν,
247 2733 370 2767 ἐπέθηκα
381 2733 427 2759 καὶ
441 2732 480 2767 τῷ
493 2733 611 2768 δεσπότῃ
632 2741 682 2766 μου
693 2732 732 2767 τῷ
745 2731 852 2766 ἀδελφῷ
864 2731 932 2766 πρὸς

142 2779 223 2806 αὐτὸν
237 2780 399 2814 γράμματα.
418 2779 588 2814 Ἐῥρωμένος
605 2779 652 2805 καὶ
669 2777 836 2813 εὐδαιμονῶν
846 2777 933 2804 διατέ-

143 2825 183 2851 λει
194 2825 353 2859 φιλοσοφίας
367 2824 436 2860 ἔχων
449 2824 587 2860 φροντίδα,
599 2824 648 2860 ὅση
661 2824 795 2858 προσήκει
812 2822 852 2857 τῷ
864 2822 934 2857 μετὰ

145 2871 223 2898 θείων
240 2871 350 2908 ἐρώτων
362 2870 493 2907 ὴργμένῳ
508 2870 619 2906 ταύτης.
640 2869 707 2901 Ἀπὸ
718 2870 767 2905 τῆς
782 2869 876 2905 κλίνης
892 2877 936 2895 σοι

979 2314 1172 2343 Alexandriam
1194 2313 1312 2340 amicum
1331 2312 1421 2338 adhuc
1433 2311 1499 2338 mihi
1521 2309 1666 2336 habentem
1687 2310 1769 2342 caput

979 2370 1040 2391 esse
1058 2361 1194 2389 visurum.
1214 2359 1282 2386 Nam
1303 2359 1375 2393 quod
1396 2362 1425 2384 tu
1446 2357 1480 2384 de
1498 2355 1626 2383 Secundo
1646 2354 1716 2382 bene
1736 2360 1771 2380 es

980 2409 1104 2441 meritus,
1121 2415 1153 2435 ea
1163 2415 1193 2434 re
1208 2406 1273 2433 mihi
1286 2405 1418 2432 honorem
1435 2402 1567 2433 tribuisti.
1579 2406 1607 2429 et
1619 2400 1692 2436 quod
1704 2399 1774 2426 adeo

981 2453 1132 2481 honoriﬁce
1151 2451 1260 2483 scribis,
1283 2458 1327 2478 tne
1345 2449 1393 2476 tibi
1414 2447 1523 2482 penitus
1546 2446 1718 2475 devinctum,
1739 2451 1772 2470 ac

981 2503 1059 2526 tuum
1072 2497 1227 2530 reddidisti,
1243 2494 1468 2531 quandoquidem
1488 2492 1563 2519 humi
1580 2499 1632 2519 nos
1645 2494 1775 2525 repentes

981 2548 1064 2572 tanta:
1077 2543 1116 2571 rei
1136 2543 1265 2570 meritum
1281 2548 1335 2568 non
1364 2538 1554 2574 agnoscimus.
1572 2544 1635 2565 cum
1654 2535 1771 2570 duplici-

981 2595 1023 2618 ter
1037 2590 1218 2620 honoramur,
1233 2592 1262 2615 et
1275 2594 1372 2615 eorum
1384 2593 1445 2621 quae
1461 2584 1624 2612 scribuntur
1636 2582 1772 2617 magnitu-

982 2636 1056 2668 dine,
1067 2641 1197 2663 eteorum
1212 2641 1273 2670 quae
1292 2633 1362 2660 facta
1378 2635 1443 2660 sunt
1455 2631 1547 2659 studio
1566 2637 1598 2657 ac
1618 2628 1771 2664 diligentia.

982 2682 1099 2710 Domino
1113 2690 1174 2709 meo
1188 2681 1287 2709 Comiti
1298 2679 1397 2715 scripsi
1416 2677 1527 2713 quidem
1546 2680 1574 2704 et
1593 2676 1662 2703 alias
1682 2681 1770 2709 stupe;

983 2729 1032 2758 sed
1046 2729 1177 2764 quoniam
1196 2727 1224 2754 in
1238 2726 1340 2754 litteris
1358 2731 1429 2760 quas
1450 2731 1501 2759 per
1520 2729 1638 2758 puerum
1658 2720 1770 2752 misisti,

983 2782 1097 2803 accusas
1113 2782 1155 2801 me
1167 2772 1239 2808 quod
1257 2771 1324 2799 nihil
1338 2771 1371 2798 ad
1387 2778 1450 2798 eum
1465 2768 1636 2804 scripserim,
1655 2766 1769 2794 domino

985 2829 1046 2849 meo
1058 2820 1137 2848 fratri
1157 2820 1263 2846 litteras
1276 2817 1310 2844 ad
1327 2825 1390 2845 eum
1405 2816 1478 2844 dedi.
1492 2813 1639 2842 Incolumis
1656 2812 1776 2845 beatus-_

985 2873 1040 2902 que
1059 2871 1228 2902 perseveres,
1243 2862 1424 2900 philosophia:
1441 2865 1517 2890 tanto
1530 2858 1657 2888 addictus
1665 2855 1771 2888 studio,
