1955 3063
184 109 252 138 N51

723 107 858 137 SYNSEII
878 107 1108 136 PTOLEMAIDIS
1128 107 1283 136 EPISCOPI

1745 105 1822 136 I463

182 172 320 205 quantum
329 176 379 205 par
392 172 438 196 est
450 175 513 197 eum
531 168 642 203 habere,
658 170 705 206 qui
722 170 809 198 divini
824 170 969 206 cujusdam

1023 169 1158 206 γέγραφα,
1179 169 1257 205 μόλις
1271 168 1434 204 ἀνεχόμενος
1447 168 1491 199 εἰς
1498 166 1645 202 διασκευὴν
1659 167 1714 194 τῶν
1724 175 1822 203 γραμ-

184 216 288 244 amoris
318 215 439 251 impulsu
461 215 537 242 illam
571 216 702 251 attigerit.
724 215 744 242 E
759 216 859 244 lectulo
883 216 917 243 ad
947 221 973 243 te

184 261 296 296 scripsi,
316 261 355 289 ad.
368 261 474 289 litteras
493 261 680 290 conﬁciendas
697 269 769 297 πετο
788 266 970 290 sustentatus.

184 308 226 336 'I‘u
252 309 333 336 nobis
346 315 461 343 precare
475 309 664 344 qunmeptima
674 329 683 343 ,
704 316 766 344 quae
778 308 883 336 scilicet
901 307 973 336 Dens

183 355 287 389 optima
316 361 377 382 esse
405 353 581 389 judicaverit.
605 353 633 382 Si
673 355 851 386 convaluero,
879 354 972 382 statim

183 400 378 428 Alexandriam
407 400 548 434 aspirabo.

424 444 594 473 EIPISTOLA
614 444 730 473 XCVIII.

525 490 630 519 Eidem.

220 535 405 571 Epistolarum
426 543 499 564 nova
518 536 576 564 haec
595 544 610 563 a
631 536 711 564 nobis
732 535 801 564 inita
828 535 901 563 ratio
919 541 972 563 est.

184 579 244 608 Non
259 581 333 608 enim
353 589 387 609 eo
407 581 507 616 scripsi
528 585 558 608 ut
570 581 646 608 illum
666 580 795 608 amicitia:
808 583 862 608 tua:
876 581 973 609 conci-

185 627 300 659 liarem,
327 634 342 653 a
358 634 414 662 quo
437 627 488 654 has
506 626 613 654 litteras
631 626 765 662 accipies.
786 626 835 654 sed
864 631 893 654 ut
910 635 973 654 eum

185 673 236 700 tibi
250 673 373 701 beneﬁcii
392 674 484 708 potius
502 681 534 701 ac
544 673 638 709 gratia:
657 673 720 700 loco
735 673 841 706 darem,
853 674 899 709 qui
917 682 972 701 non

185 717 318 745 mediocri
343 718 415 751 tibi,
436 726 468 746 ac
487 726 587 754 magno
605 718 718 754 Diogeni
738 719 845 747 deliciis
863 720 918 747 tuis
937 720 974 747 sit

185 764 264 791 lucro
277 763 398 792 futurus.
419 765 514 800 Neque
531 772 596 792 vero
611 772 778 793 succensere
792 769 819 793 te
835 766 900 792 mihi
926 774 974 801 par

185 815 238 842 est,
254 811 278 838 si
295 819 350 838 non
381 819 431 839 vos
446 811 601 843 Theotimo,
633 811 681 839 sed
697 810 871 839 Theotimum
896 811 972 839 vobis

1025 217 1127 252 μάτων.
1142 212 1226 249 Εὖξαι
1237 215 1271 241 τὰ
1283 215 1382 250 ἄριστα
1396 215 1474 249 ἡμῖν,
1487 214 1557 248 ἅπερ
1570 213 1627 240 ave
1637 213 1703 244 Θεὸς
1716 213 1822 248 ἄριστα

1022 262 1174 297 δοκιμάσοι.
1198 261 1261 288 Ἐὰν
1286 259 1448 296 ἀνασφήλω,
1471 259 1518 286 ἐπὶ
1542 259 1591 295 τὴν
1612 258 1820 295 Ἀλεξάνδρειαν

1023 307 1104 339 εὐθὺς
1118 308 1205 343 ἵεμαι.

1293 352 1467 380 summa
1487 352 1547 386 ur.

1345 397 1388 430 Τῷ
1405 396 1495 430 αὐτῷ.

1059 445 1160 477 Καινδς
1186 441 1263 476 οὗτος
1297 443 1398 479 τρόπος
1429 442 1618 478 ἐπιτηδεύεται
1651 444 1718 479 παρ’
1748 443 1819 479 ἐμοῦ

1023 491 1117 527 χρείας
1132 490 1291 518 ἐπιστολῶν.
1313 490 1351 516 Οὐ
1371 489 1426 524 γὰρ
1444 489 1489 515 ἵνα
1504 489 1630 525 συστήσω
1644 491 1677 525 τῇ
1693 489 1771 525 φιλίᾳ
1784 491 1818 525 τῇ

1024 537 1057 572 σῇ
1073 536 1119 564 τὸν
1137 535 1289 563 ἐπιδιδόντα
1310 535 1360 571 τὴν
1380 535 1535 571 ἐπιστολὴν.
1555 535 1700 570 γέγραφα·
1724 535 1769 561 ἴνα
1789 535 1819 561 δέ

1023 591 1064 609 σοι
1080 582 1126 609 τὸν
1142 582 1226 618 ἄνδρα
1244 581 1411 617 χαρίσωμαι,
1424 581 1518 617 κέρδος
1531 581 1562 608 οὐ
1578 581 1676 617 μικρὸν
1688 581 1820 616 ἐσόμενον

1023 629 1068 655 σοι
1094 637 1124 655 τε
1146 628 1193 655 καὶ
1211 627 1251 664 τῷ
1265 627 1374 664 μεγάλῳ
1387 627 1506 663 Διογένει
1520 629 1577 660 τοῖς
1593 628 1649 659 σοῖς
1669 627 1816 659 παιδικοῖς.

1024 675 1079 701 Καὶ
1091 674 1127 710 μὴ
1143 674 1297 709 χαλεπήνῃς
1311 674 1335 700 εἰ
1350 673 1444 709 κέρδος
1455 674 1503 708 οὐχ
1514 674 1587 709 ὑμᾶς
1601 673 1735 709 Θεοτίμῳ.
1752 673 1819 700 Θεό-

1022 725 1102 752 τιμον
1113 717 1141 743 δὲ
1158 718 1222 753 ὑμῖν
1237 715 1306 744 εἶναι
1315 717 1467 753 δοκιμάζω,
1478 718 1525 744 καὶ
1539 718 1618 752 λέγω.
1640 717 1722 744 ’Δλλὰ
1736 717 1818 744 τοῦτο

1023 762 1095 796 εἴγε
1119 762 1234 798 ποιητὴς
1250 762 1320 798 ἀνὴρ
1340 763 1394 789 τῶν
1419 762 1467 790 νῦν
1491 762 1656 794 ἑνθεώτατος
1674 763 1819 798 δυνάμεως

1023 808 1124 835 δέοιτο⁸
1149 809 1290 844 δυνάμεως
1314 808 1342 835 δὲ
1368 808 1453 836 δεῖταί
1472 808 1528 844 (28)
1552 817 1593 841 τις
1620 809 1677 845 [γρ.
1701 817 1745 840 τις
1771 808 1816 844 tile

185 857 263 883 lucro
275 857 397 884 I'nturum
413 858 512 890 sentio,
524 862 605 892 atque
617 857 690 885 dico.
707 857 761 885 Sed
778 857 829 885 hoc
842 858 970 884 nimirum

1027 855 1182 890 ποιητικῆς,
1200 841 1244 882 ἵνα
1268 855 1316 882 καὶ
1335 857 1391 887 τοῖς
1416 841 1564 891 petens-tta.
1676 856 1724 882 καὶ
1747 841 1819 891 μηδὲ

186 903 224 930 ita
241 911 271 931 se
282 903 374 936 habet,
394 904 417 932 si
432 908 459 932 et
475 904 516 931 vir
527 904 573 932 ille
593 908 636 932 est
650 905 785 937 omnium,
798 905 845 939 qui
878 904 974 931 vivunt

186 948 278 981 hodie,
294 954 436 984 poetarum
450 950 654 981 divinissimus.
683 955 711 978 et
739 950 852 985 poetica
862 950 887 977 vi
904 958 973 985 opus

185 994 323 1029 quispiam
341 994 432 1027 habet,
451 999 481 1022 ut
497 999 525 1023 ct
546 996 665 1030 posteris
689 996 804 1024 illustris
836 996 972 1028 videatur.

184 1043 256 1066 etne
266 1039 425 1068 absentibus
439 1040 549 1075 quidem
562 1041 599 1068 sit
611 1041 730 1077 ignotus.
740 1041 847 1069 Etenim
860 1042 974 1077 praeclaa

185 1092 215 1112 Ia
223 1092 338 1120 quaeque
348 1085 481 1118 Facinora,
496 1087 519 1114 si
532 1087 666 1115 orationis
681 1087 764 1123 238
775 1092 890 1115 careant»
902 1095 973 1122 prae-

183 1132 275 1165 conio,
291 1139 307 1159 e
319 1132 453 1160 memoria
467 1132 608 1165 excidunt.
621 1137 648 1161 et
675 1134 815 1161 oblivione
831 1133 972 1168 sepeliun-

184 1183 242 1211 tur,
253 1185 303 1213 per
318 1178 345 1206 id
362 1179 464 1211 solum,
490 1187 547 1214 quo
580 1183 728 1215 geruntur,
760 1185 868 1215 tempus
899 1181 970 1215 apud

181 1231 232 1251 cos
250 1223 397 1257 celebrata,
419 1224 466 1259 qui
483 1231 577 1252 coram
602 1225 756 1252 intuentur.
787 1225 971 1258 Quamobrem

183 1273 284 1304 praeter
302 1277 379 1305 spem
409 1270 532 1298 oblatum
549 1270 626 1299 vobis
643 1271 695 1299 hoc
712 1272 890 1300 commodum
914 1279 973 1299 ma-

182 1315 228 1349 gni
244 1314 400 1343 faciendum
415 1321 469 1348 est,
481 1324 513 1344 ac
530 1317 572 1344 vel
594 1318 665 1345 citra
685 1318 881 1346 necessitatem
896 1326 972 1346 sum-

183 1366 229 1388 mo
258 1361 350 1389 studio
368 1362 618 1397 complectendum.
636 1362 703 1390 Nam
728 1364 765 1391 ob
777 1363 916 1392 Musarum
929 1372 972 1392 re-

181 1406 345 1438 verentiam,
358 1414 452 1434 earum
468 1407 552 1434 etiam
566 1408 756 1436 sacerdotibus
769 1416 878 1437 onmem
896 1409 971 1436 adhi-

182 1449 247 1478 bere
261 1450 459 1479 humanitatem
473 1453 602 1480 c0nveuit
617 1461 686 1481 :nec
706 1453 860 1483 inferiores
873 1455 908 1482 iis
918 1455 969 1483 du-

1024 901 1087 933 τοὺς
1101 901 1221 932 ἀπόντας
1239 900 1317 938 λάθῃ.
1337 901 1379 928 Τὰ
1392 901 1447 936 γὰρ
1472 901 1576 936 μεγάλα
1592 901 1646 928 τῶν
1668 901 1768 937 ἔργων.
1783 901 1818 927 ἂν

1026 947 1062 982 μὴ
1079 947 1149 983 τύχῃ
1165 947 1251 980 λόγων
1274 946 1412 982 κηρύκων,
1431 946 1546 982 ἀπορρεῖ
1558 946 1608 982 τῆς
1632 948 1753 982 μνήμης,
1769 947 1818 973 καὶ

1024 992 1107 1029 λήθην
1123 992 1301 1028 ἀμπίσχεται,
1323 992 1388 1028 παρ’
1404 992 1485 1019 αὑτὸν
1501 993 1581 1028 μόνον
1601 992 1647 1019 τὸν
1667 992 1714 1019 τοῦ
1733 992 1819 1028 api-.-

1023 1040 1117 1068 τεσοαι
1134 1040 1229 1076 καιρὸν
1244 1041 1272 1067 ἐν
1294 1041 1351 1072 τοῖς
1369 1040 1470 1076 ὁρῶσιν
1492 1040 1657 1076 ἀνθήσαντα.
1677 1040 1771 1076 Ταύτῃ
1786 1049 1818 1066 τε.

1023 1085 1069 1114 οὖν
1083 1087 1211 1124 τιμητέον
1227 1087 1291 1122 ὑμῖν
1306 1087 1337 1113 τὺ
1350 1087 1476 1122 ἕρμαιον,
1489 1087 1536 1114 καὶ
1549 1087 1609 1114 ἀντὶ
1620 1086 1722 1118 παντὸς
1733 1095 1818 1113 σπου-

1022 1134 1145 1166 δαστέθν,
1160 1134 1206 1161 καὶ
1220 1134 1282 1169 δίχα
1295 1134 1344 1169 τῆς
1355 1134 1460 1170 χρείας.
1474 1134 1550 1161 Αἰδοϊ
1564 1133 1618 1169 γὰρ
1633 1134 1741 1169 μουσῶν
1751 1134 1818 1165 τοὺς

1024 1181 1105 1216 ἱερεῖς
1120 1179 1211 1207 αὐτῶν
1227 1179 1301 1212 ἄξιον
1315 1179 1466 1215 περιέπειν,
1485 1179 1532 1206 καὶ
1550 1179 1588 1215 μὴ
1607 1178 1751 1214 δευτέρους
1774 1179 1818 1204 τί-

1023 1225 1117 1253 θεσθαι
1129 1225 1184 1252 τῶν
1201 1225 1359 1252 κολακεύειν
1374 1225 1425 1257 τὰς
1447 1225 1532 1261 θύρας
1547 1225 1665 1251 εἰδότων.
1682 1224 1819 1259 Προσκεί-

1023 1272 1079 1299 σοω
1095 1272 1142 1298 καὶ
1156 1271 1235 1307 τρίτη
1248 1280 1291 1304 τις
1302 1271 1377 1298 αἰτία
1387 1271 1436 1306 τῆς
1449 1271 1515 1307 παρ’
1526 1270 1603 1306 ὑμῶν
1619 1271 1660 1302 εἰς
1672 1270 1717 1296 τὺν
1731 1269 1818 1304 ἄνδρα

1021 1318 1115 1353 τιμῆς,
1133 1317 1260 1349 Συνέσιος
1276 1317 1407 1351 ἀγασθεὶς
1422 1316 1505 1343 αὐτοῦ
1529 1316 1627 1347 πάντα,
1644 1317 1687 1350 ἐφ’
1709 1313 1750 1346 οἷς
1767 1315 1818 1341 ἁν-

1022 1364 1148 1400 Θρὼπους
1162 1363 1301 1399 ἄνθρωποι
1314 1364 1361 1390 καὶ
1381 1361 1524 1389 ἐπαινοῦσι
1541 1362 1588 1388 καὶ
1604 1360 1817 1397 μακαρίζουσιν.

1028 1410 1116 1446 Ἐρρω
1120 1409 1199 1444 μένος
1210 1408 1339 1444 διασιιξνης
1352 1408 1462 1436 πάντων
1472 1408 1552 1435 ἕνεκα
1560 1408 1622 1443 ἐμοὶ
1635 1408 1722 1442 ripis.
1732 1407 1820 1441 Προσ-

1022 1455 1182 1492 αγορεύουσι
1208 1456 1256 1491 τὴν
1286 1455 1362 1490 ἰεράν
1386 1463 1432 1481 σου
1454 1454 1574 1482 διάθεσιν
1599 1453 1698 1484 πάντες
1717 1453 1742 1479 οἰ
1766 1452 1818 1488 τήν

183 1501 256 1540 cere,
274 1495 322 1530 qui
338 1495 372 1522 ad
387 1495 481 1524 limina
501 1497 658 1533 principum
668 1498 798 1527 adulandi
821 1500 900 1535 periti
927 1508 970 1529 ve«

1023 1501 1106 1537 αὐτὴν
1121 1502 1188 1536 ἡμῖν
1202 1501 1291 1528 οἰκίαν
1301 1500 1438 1532 οἰκοῦντες
1448 1508 1455 1516 ·
1469 1500 1498 1534 ἐξ
1512 1500 1640 1527 ἁπάντων
1653 1499 1681 1526 δὲ
1696 1498 1817 1534 μάλιστα

183 1539 273 1568 aiunt.
286 1541 406 1569 Accedat
416 1545 442 1569 et
459 1543 542 1570 tertia
559 1543 683 1578 quredam
704 1543 818 1573 honoris
830 1552 895 1580 erga
905 1552 967 1573 eum

182 1585 268 1613 vestri
284 1586 365 1620 ratio,
379 1586 510 1623 Synesius
525 1589 601 1616 illum
617 1597 665 1624 per
681 1589 773 1617 omnia
789 1591 918 1625 probans.
941 1595 968 1619 et

183 1632 335 1666 admirans,
353 1633 389 1662 ob
408 1641 474 1669 quae
495 1634 621 1664 homines
637 1635 671 1663 ab
688 1636 849 1664 hominibus
862 1637 968 1664 collau-

1020 1549 1035 1575 ό
1049 1548 1094 1579 σὸς
1117 1547 1220 1574 Ίσίων⁶
1240 1548 1286 1577 καὶ
1306 1547 1388 1582 ἡμεῖς
1412 1547 1476 1578 τοὺς
1493 1546 1552 1581 ἅμα
1571 1545 1628 1572 σοι·
1650 1544 1771 1580 μάλιστα
1787 1544 1816 1570 δὲ

1021 1593 1066 1619 τὸν
1076 1593 1305 1628 ὲμὺνἊὸράμιον.
1318 1592 1364 1627 Τῷ
1371 1591 1523 1627 Κόμητί”τε
1534 1590 1637 1623 δοῦναι,
1646 1590 1664 1617 ἃ
1675 1590 1816 1625 γέγραφα,

1022 1638 1102 1670 αὐτὸς
1116 1637 1285 1673 δοκιμάσεις.
1301 1637 1356 1664 εἴτε
1372 1637 1421 1672 μή.

183 1676 245 1705 dari
266 1685 298 1705 ac
322 1679 465 1713 praedicari
494 1680 593 1708 solent.
608 1679 744 1716 Perpetuo
761 1688 847 1709 sanus
866 1685 894 1709 et
920 1682 1067 1710 incolumis
1095 1681 1190 1717 degas,
1225 1682 1266 1709 vir
1280 1681 1411 1709 omnibus
1444 1681 1478 1709 de
1505 1681 1598 1709 causis
1629 1680 1694 1708 mihi
1717 1680 1817 1715 impri-

182 1726 236 1753 mis
252 1726 432 1754 observande.
452 1727 564 1754 Sacram
584 1728 668 1756 animi
689 1728 728 1755 tui
741 1727 911 1756 ail'ectionem
927 1729 1048 1756 salutant
1058 1736 1166 1761 omnes,
1180 1728 1227 1763 q-ui
1240 1728 1267 1755 in
1280 1727 1374 1755 eadem
1404 1735 1510 1755 mecum
1543 1728 1625 1755 domo
1645 1732 1730 1759 sunt.
1759 1735 1817 1762 pne

181 1771 289 1800 caeteris
303 1779 369 1800 vero
390 1776 452 1800 tuus
471 1771 539 1806 Isio;
558 1774 680 1802 vicissim
697 1778 788 1801 autem
806 1779 833 1802 et
849 1782 899 1801 nos
920 1774 963 1807 iis,
984 1774 1030 1809 qui
1048 1778 1138 1801 tecum
1154 1778 1229 1806 sunt,
1248 1773 1364 1801 salutem
1389 1774 1518 1801 omnibtts
1537 1773 1672 1805 dicimus,
1697 1781 1817 1808 przeser-

181 1818 230 1846 tim
245 1822 334 1846 autetn
346 1818 477 1846 Abramio
489 1826 559 1846 meo.
573 1819 672 1847 Comiti
682 1827 741 1854 quae
758 1820 855 1855 scripsi
867 1820 992 1848 (laudaue
1011 1821 1077 1852 sint,
1095 1826 1192 1852 necne,
1204 1818 1352 1854 jndicaltis.

439 1863 607 1892 EPISTOLA
621 1863 715 1892 XCIX.

498 1910 653 1945 Pylwnmti.

217 1955 267 1983 llic
282 1955 328 1984 ille
342 1960 385 1984 est
400 1956 500 1991 saepius
519 1964 537 1983 av
553 1964 597 1984 me
611 1963 779 1985 memoratus
792 1956 966 1985 Anastasius.

181 2001 236 2029 Sed
253 2005 281 2030 et
296 2001 318 2029 si
336 2001 452 2037 teipsum
472 2002 509 2028 illi
527 2001 722 2037 signiﬁcarem,
733 2002 830 2030 eadem
842 2003 881 2029 tui
899 2011 968 2037 pra-

179 2048 318 2077 dicatione
333 2052 433 2076 uterer.
450 2048 536 2084 Igitur
555 2052 685 2083 tanquam
707 2048 779 2084 apud
793 2057 835 2076 me
861 2048 965 2084 pridem

181 2094 347 2126 consociati,
366 2092 589 2128 coniunctionem
607 2094 683 2121 illam
702 2098 803 2121 mutuae
818 2093 968 2130 agnitionis

181 2141 269 2169 instar
281 2140 424 2173 habentes,
441 2145 537 2166 mutua
551 2147 601 2167 vos
622 2139 793 2167 humanitate
804 2140 970 2175 complecti-

180 2185 266 2218 mini,
286 2188 369 2219 atque
391 2184 443 2211 hoc
460 2183 487 2210 in
508 2184 648 2211 communi
669 2184 767 2218 videte,
787 2185 968 2219 quemadmo-

1292 1864 1465 1891 ΕΠΙΣἸῸΛΗ
1483 1863 1541 1898 te.

1317 1911 1343 1936 Π
1347 1909 1509 1943 υλαιμένει.

1057 1950 1142 1985 Οὗτος
1160 1954 1262 1985 ἐκεῖνος
1275 1953 1290 1980 ὁ
1304 1953 1388 1985 πολὺς
1408 1954 1437 1981 ἐν
1453 1956 1510 1987 τοῖς
1531 1955 1621 1990 λόγοις
1635 1957 1713 1992 ἡμῶν
1736 1958 1816 1985 Ἀνας

1021 2000 1140 2032 στάσιος.
1156 2000 1211 2027 Καὶ
1226 1999 1255 2026 σὲ
1269 1999 1290 2026 δ’
1305 1999 1421 2036 ἂνιαύτῷ
1433 2000 1535 2034 δείξας,
1551 2002 1597 2029 τδν
1611 2002 1693 2030 αὐτὸν
1703 2003 1817 2031 ἔπαινον

1020 2044 1096 2073 εἶπον
1110 2047 1142 2073 ἂν
1162 2046 1226 2081 περὶ
1246 2045 1305 2072 σοῦ,
1322 2046 1428 2082 Ὠσπερ
1443 2045 1491 2074 οὖν
1503 2048 1533 2074 ὲν
1556 2048 1618 2083 ἐμοὶ
1640 2048 1816 2082 συνελθόντες

1022 2093 1117 2124 πάλαι,
1131 2093 1180 2119 καὶ
1187 2092 1237 2128 τὴν
1250 2092 1395 2127 συντυχίαν
1405 2093 1613 2129 ἁναγνωρισμδν
1622 2095 1815 2130 ποιησάμενοι,

1021 2136 1253 2173 φιλοφρονήσασθέ
1264 2145 1294 2163 τε
1308 2136 1450 2170 ἀλλήλους,
1460 2139 1508 2165 καὶ
1521 2140 1602 2175 κοινῇ
1613 2141 1739 2167 σκοπεῖτε
1752 2141 1816 2173 πῶς

1021 2186 1053 2213 ἂν
1065 2184 1169 2219 ἀγαθόν
1175 2184 1202 2211 τ(
1213 2193 1247 2219 με
1261 2185 1499 2220 ποιήσητε.Σχολὴ
1514 2185 1543 2212 δὲ
1557 2186 1686 2221 μέγιστον
1698 2187 1814 2221 ἀγαθόν,

181 2231 245 2258 dum
262 2229 328 2258 boni
357 2229 422 2256 mihi
437 2229 542 2263 aliquid
558 2229 706 2257 conciliare
731 2230 855 2264 possitis.
874 2229 966 2258 Otium

1023 2232 1053 2267 ἣν
1078 2231 1150 2258 εἴποι
1168 2239 1211 2263 τις
1229 2230 1273 2263 ἂν,
1298 2231 1393 2266 ὥσπερ
1413 2230 1505 2266 χώραν
1529 2232 1683 2267 πάμφορον,
1704 2233 1815 2260 ἅπαντα

180 2285 263 2314 porro
285 2276 435 2304 maximum
464 2275 566 2303 bonum
581 2279 637 2309 est;
666 2275 739 2310 quod
767 2276 850 2310 opimi
879 2276 967 2304 instar

179 2327 208 2351 et
227 2322 320 2351 uberis
335 2322 398 2354 soli.
414 2322 549 2350 bonorum
573 2329 673 2357 genera
701 2322 793 2349 omnia
811 2321 971 2358 philosophi.

180 2370 273 2397 animo
300 2368 426 2396 conferre
450 2367 504 2395 dici
535 2375 589 2395 non
614 2368 753 2396 immerito
780 2371 881 2402 potest.
901 2368 968 2395 Otio

179 2421 244 2441 vero
256 2417 313 2440 tum
330 2412 415 2445 fruar,
430 2420 493 2440 cum
503 2412 537 2439 ab
556 2412 676 2440 Romana
691 2412 829 2448 republica
847 2413 967 2441 extricas

177 2460 200 2486 ri
227 2463 363 2494 potuero:
383 2458 455 2493 quod
474 2459 511 2485 ita
530 2458 640 2486 demum
659 2458 776 2490 eveniet,
792 2458 815 2486 si
833 2459 867 2486 ab
884 2466 966 2486 esses

1021 2277 1092 2304 καλὰ
1110 2277 1202 2313 φέρειν
1222 2278 1256 2313 τῇ
1275 2277 1322 2304 τοῦ
1344 2276 1489 2312 φιλοσόφου
1511 2276 1594 2312 ψυχῇ.
1620 2278 1813 2314 Καρπιὶισομαι

1020 2323 1048 2350 δὲ
1064 2323 1172 2359 σχολὴν,
1185 2323 1218 2350 ἂν
1232 2323 1280 2349 τοῦ
1293 2322 1471 2358 συντετάχθαι
1485 2325 1519 2359 τῇ
1529 2324 1652 2360 πολιτεόᾳ
1669 2324 1814 2359 Ῥωμαίων

1020 2368 1211 2404 ἀπαλλαγῆναι
1236 2377 1281 2404 μοι
1297 2368 1421 2404 γένηται.
1442 2369 1528 2396 τοῦτο
1548 2369 1577 2396 δὲ
1595 2369 1741 2405 παρέσται,
1761 2369 1814 2405 τῆς

1019 2413 1190 2450 λειτουργίας
1203 2414 1339 2450 ἀνειμένῳ
1351 2415 1401 2450 τῆς
1416 2415 1570 2450 καταράτου
1579 2424 1587 2431 ·
1601 2413 1636 2451 ἦς
1653 2415 1684 2442 τὸ
1701 2416 1751 2450 μὲν
1766 2416 1814 2442 ἐπὶ

1019 2459 1135 2495 βασιλεῖ,
1155 2461 1255 2495 γέγονα
1279 2460 1375 2493 ἐκτός·
1399 2462 1517 2496 ὲμαυτδν
1536 2462 1560 2488 δ’
1575 2462 1609 2489 ἂν
1630 2463 1811 2498 αἰτιασαίμην

178 2504 281 2532 crando
297 2504 344 2532 illo
357 2504 487 2539 'publicae
511 2503 664 2531 [unctionis
695 2511 778 2532 onere
795 2505 964 2532 vacationem

1023 2504 1138 2537 δικαίως,
1155 2505 1312 2541 αἰσχυνθεὶς
1329 2506 1447 2534 ὄνασθαι
1460 2507 1578 2542 σπουδῆς
1594 2507 1708 2539 οἰκείας.
1731 2508 1812 2534 Ἀπο-

178 2551 330 2583 obtineam,
350 2558 366 2578 a
385 2558 452 2586 qua,
467 2554 600 2586 quantum
613 2550 640 2577 in
653 2550 818 2585 imperatore
833 2550 895 2583 fuit,
912 2551 965 2578 im-

1017 2551 1168 2587 λοτήσομαι
1182 2552 1271 2579 τοίνυν
1287 2552 1368 2584 αὐτὸς
1384 2552 1505 2589 ἐμαυτῷ.
1526 2553 1600 2587 Δόᾷυ
1616 2553 1672 2588 γὰρ
1692 2554 1813 2589 αὐτουρ-

797 2627 890 2656 DION.
910 2628 1049 2657 PETAVII
1067 2629 1185 2657 NOTIE.

216 2696 272 2731 (ξε)
292 2696 449 2732 Δυνάμεῳς
469 2696 504 2723 δὲ
525 2695 629 2732 deﬁat.
646 2696 710 2724 Vitii
731 2696 879 2732 plurimum
891 2696 919 2732 in
934 2703 967 2723 eo

180 2739 241 2758 roco
257 2736 311 2763 est,
327 2739 408 2766 quem
418 2731 455 2758 ita
468 2731 678 2766 concipiendum
689 2736 765 2766 puto.
781 2731 861 2758 ’Δλλὰ
873 2731 965 2758 τοῦτο·

180 2766 206 2793 εἴ
221 2774 252 2799 γε
269 2767 383 2801 ποιητὴς
400 2766 470 2801 ἀνὴρ
484 2766 539 2793 τῶν
557 2766 604 2792 νῦν
628 2766 802 2797 ὲνθεώτατος,
827 2766 968 2800 δυνάμεως

179 2801 207 2829 δὲ
224 2801 309 2829 δεῖταί
323 2810 364 2834 τις
378 2801 533 2837 ποιητικῆς.
552 2801 635 2835 Quasi
652 2801 771 2830 diceret:
787 2801 839 2833 Sed
861 2803 911 2830 hoc
923 2801 967 2828 ni-

1021 2697 1120 2734 mirum
1134 2698 1170 2724 ita
1183 2705 1245 2734 esse
1259 2697 1406 2734 dicrndnm
1420 2702 1473 2731 est,
1492 2706 1555 2726 cum
1571 2703 1598 2726 et
1611 2697 1757 2734 [ιξχχιη
1769 2699 1812 2726 vir

1022 2732 1067 2760 ille
1085 2736 1164 2767 poeta
1176 2733 1212 2760 sit
1231 2733 1353 2760 omnium
1368 2733 1568 2765 divinissimns,
1579 2732 1632 2761 etc.
1643 2733 1705 2760 Haec
1716 2732 1817 2761 autem

1021 2767 1076 2795 duo
1090 2768 1184 2801 verba,
1200 2768 1341 2804 δυνάμεως
1359 2768 1453 2800 δέοιτο,
1472 2767 1652 2805 οιριιιιεοηὰι
1668 2772 1754 2804 stum,
