1955 3063
118 139 186 170 1430

722 138 914 170 EPISTOLA‘Z.
938 156 973 161 —
998 139 1107 168 EPIST.
1123 139 1155 168 (ἰ

1674 141 1749 170 NW

116 200 175 234 τεῖν
183 199 231 235 τὴν
242 199 400 235 πρεσϐείαν.
410 200 494 227 Πάλιν
503 200 557 236 γὰρ
568 201 622 236 ἐμὴ
630 200 737 234 γλῶττα
747 201 902 236 πρεσϐεύει.

962 200 1117 234 nunitatem
1128 207 1189 228 smn
1204 198 1329 234 adeptus.
1349 198 1402 227 Sed
1424 199 1524 226 merito
1540 199 1676 234 meipsnm
1698 207 1744 227 σου

117 245 172 273 Καὶ
187 245 275 277 οὐδεὶς
288 245 396 281 ἀντερεῖ
412 245 465 272 τῶν
477 245 638 282 Πυθαγόραν
650 247 862 279 ἐπαινεσάντων,
877 247 906 279 ὃς

116 289 162 316 τὸν
178 289 253 324 φίλον
267 290 345 318 ἄλλον
361 290 455 317 ἑαυτὸν
465 290 593 326 ὡρίσατο.

958 246 1124 277 cusaverim,
1138 244 1186 280 qui
1212 252 1244 272 ex
1264 245 1374 280 proprio
1390 245 1481 273 studio
1492 253 1592 280 capere
1606 245 1743 272 commodi

958 291 1062 326 aliquid
1084 290 1364 326 erubuerimJtaquc
1382 291 1447 318 mihi
1466 291 1524 326 ipse
1538 291 1742 326 pulrocinabur.

118 334 238 363 Videbor
248 337 323 364 enim
335 344 432 364 rursus
448 344 496 371 per
515 344 558 364 me
569 337 733 372 legationem
749 337 837 365 obire.
851 336 918 364 Nam
937 345 1038 365 rursus
1057 337 1153 372 lingua
1177 345 1236 365 mea
1251 337 1387 372 legatione
1414 337 1548 372 fungitur.
1577 337 1634 364 Nee
1664 337 1744 372 quis-

118 389 200 418 quam
212 389 310 410 eorum
317 382 497 416 contradicct,
510 383 556 419 qui
568 382 752 419 Pythagoram
767 383 895 417 laudant,
915 383 964 419 qui
978 383 1098 411 amicum
1112 383 1198 411 alium
1221 391 1284 411 esse
1296 383 1475 419 semetipsum
1490 383 1624 412 asseruit.

397 428 569 456 ΕΠΙΣΤΟΛΗ
587 430 627 457 Ρ¹.

435 474 477 507 Τῷ
492 474 582 508 αὐτῷ.
849 511 851 513 ι

152 519 313 552 Φυκούντιος
337 519 479 556 ἄνθρωπος
503 521 677 556 (Κυρηναίων
700 521 723 548 δ’
747 521 866 549 ἐπίνειον
889 522 907 559 ό,

117 564 274 601 Φρ[υ]κοῦς)
289 566 409 592 ἐπέδωκὲ
421 574 466 602 μοι
480 567 570 601 φέρων
582 567 726 603 ἐπιστολὴν
738 567 768 594 τὸ
784 567 829 595 σὺν
843 568 904 594 ἐπι-

118 611 313 647 γεγραμμένην
341 612 435 647 ὖνομα.
464 612 571 648 Ταύτην
594 613 716 647 ἀνέγνων
739 613 823 649 ἡδέως
845 614 904 648 ἅμα.

118 657 166 684 καὶ
179 658 335 692 ἀγαμένως.
357 658 493 692 Ὠφείλετο
513 657 567 694 γὰρ
589 659 621 685 τὸ
644 659 705 694 μὲν,
727 661 761 694 τῇ
787 659 904 686 διαθέσει

119 702 167 737 τῆς
181 702 269 737 ψυχῆς
279 710 286 717 °
300 702 330 728 τὺ
344 701 383 734 δὲ,
395 702 434 737 τῷ
448 698 541 729 κάλλει
556 703 605 738 τῆς
619 702 751 738 γλώττης.
769 702 824 729 Καὶ
839 702 907 738 δῆτα

120 747 312 781 παρεσκεύασα
340 755 380 774 σοι
410 747 522 783 θέατρον
546 748 591 774 ἐπὶ
616 747 719 783 Λιϐύης
739 747 906 782 Ἑλληνικὸν,

119 792 286 826 ἐπαγγείλας
310 793 387 828 ἥκειν
404 793 618 828 ἁκροασομένοις
642 793 792 828 ἐλλογίμων
813 801 907 828 γραμ-

121 839 224 872 μάτων.
241 838 294 865 Καὶ
313 838 359 864 νῦν
374 839 402 864 ἐν
416 840 477 870 ταῖς
492 839 557 874 παρ’
572 839 642 873 ἡμῖν
651 837 759 864 πόλεσιν
774 838 788 864 ὁ
804 836 904 864 Πυλαι-

1242 429 1409 457 EPISTOLA
1426 430 1457 457 C.

1288 475 1396 503 Eidem.

994 521 1167 557 Phycuntius
1176 522 1259 549 homo
1267 521 1318 557 (est
1326 525 1416 549 autem
1434 520 1624 556 Cyrenaeorum
1651 520 1750 546 navale

952 565 1070 602 Phycus)
1077 567 1183 594 litteras
1189 566 1271 602 239
1277 566 1311 594 ad
1320 574 1362 593 me
1373 570 1420 593 tuo
1428 565 1538 593 nomine
1545 565 1690 600 inscriptas
1701 564 1748 591 de-

951 611 1030 638 tulit:
1043 619 1114 647 quas
1121 619 1183 639 cum
1192 610 1387 646 jucunde,tum
1395 618 1449 637 non
1461 610 1520 638 sine
1536 614 1648 644 stupore
1659 610 1747 645 perle-

951 656 988 690 gi.
1000 656 1066 684 Illud
1073 657 1145 685 enim
1155 664 1231 684 amor
1239 664 1302 692 erga
1310 660 1334 684 te
1341 663 1429 688 mens,
1438 656 1489 683 hac
1498 655 1633 683 sermonis
1640 655 1749 690 elegan-

953 702 992 729 tia
1003 703 1176 736 merebatur;
1191 703 1338 738 statimque
1347 702 1470 729 Graecam
1486 701 1533 729 tibi
1550 702 1577 728 in
1588 701 1672 737 Libya
1686 709 1749 736 spe-

954 748 1093 775 ctaculum
1111 748 1256 780 constitui,
1267 747 1435 775 denuntians
1446 746 1574 774 omnibus
1590 750 1619 773 ut
1631 746 1664 773 ad
1680 754 1746 774 eru-

956 791 1030 820 ditas
1047 793 1152 821 litteras
1179 793 1328 821 audiendas
1343 793 1530 821 convenirent.
1548 792 1580 820 Et
1602 799 1675 820 nunc
1701 799 1750 827 per

960 838 1044 866 urch
1061 842 1171 866 nostras
1187 838 1214 865 in
1231 846 1280 866 ore
1304 838 1426 865 omnium
1452 837 1581 873 frequens
1601 841 1644 865 est
1664 836 1750 873 Pyla-

122 884 205 918 μένης
221 883 313 915 πολὺς,
329 884 342 910 δ
357 882 521 918 δημιουργὸς
533 883 581 918 τῆς
594 882 740 913 θεσπεσὶας
753 881 905 916 ἐπιστολῆς.

962 891 1064 915 menes,
1080 884 1179 912 divina:
1205 884 1279 912 illius
1305 888 1402 911 auctor
1425 884 1557 918 epistolze.
1582 882 1671 910 Unum
1698 883 1750 910 hoe

123 929 172 954 Ἐν
190 928 269 954 τοῦτο
283 928 384 955 ἄτοπον
397 928 494 962 ἐφάνη,
514 928 560 955 καὶ¹
576 928 651 964 παρά
668 928 747 961 δόξαν
767 928 908 963 ἀπήντησε

120 972 159 1007 τῷ
171 972 277 1007 θεάτρῳ
288 980 294 986 ·
305 973 354 1004 τὰς
367 972 557 1007 Κυνηγετικὰς
572 972 646 1008 ᾔτεις
659 973 707 1004 τὰς
727 972 806 1008 ἐμὰς,
822 973 860 1004 ὡς
876 972 907 1008 δή

121 1026 147 1044 τι
164 1018 308 1045 σπουδαῖον
325 1018 420 1050 αὐταῖς
438 1018 508 1045 ἐνόν.
526 1018 638 1051 Ἔδοξας
655 1017 701 1045 οὖν
721 1018 834 1054 σεσηρὸς
843 1017 909 1054 ἦθος

121 1064 299 1099 παρέχεσθαι,
310 1065 357 1090 καὶ
369 1065 510 1100 εἰρωνείας
525 1065 678 1091 ἀνάπλεων.
698 1065 734 1091 UO
750 1064 804 1100 γὰρ
817 1064 909 1099 ὴξίουν

121 1109 174 1135 τῶν
198 1108 272 1144 παρὰ
297 1109 372 1144 σφίσι
399 1108 444 1135 τὸν
468 1109 634 1142 φαυλὰτατον
653 1109 750 1140 εἰπεῖν,
769 1108 910 1141 ἐξενέγκαι

121 1164 147 1181 τι
170 1154 293 1189 παίγνιον
315 1156 363 1190 τῆς
384 1155 458 1190 παρὰ
482 1155 523 1183 σοὶ
543 1154 661 1189 σπουδῆς
684 1154 770 1186 ἄξιον.
793 1152 863 1188 Ἐγὼ
882 1153 911 1180 δὲ

120 1200 215 1226 τούτου
234 1201 284 1235 μέν
299 1209 330 1227 σε
343 1202 524 1236 παρῃτούμην
533 1200 583 1235 τῆς
601 1199 741 1236 εἰρωνείας
751 1208 758 1215 ·
771 1199 910 1227 ἐδίδασκον

121 1246 160 1277 δὲ,
185 1246 225 1273 ὃτι
250 1245 318 1281 πρὸς
343 1247 398 1278 τοῖς
423 1246 524 1278 ἄλλοις,
551 1245 568 1272 ἃ
588 1253 630 1271 σοι
654 1245 786 1281 πάρεστιν
809 1243 911 1278 ἀγαθὰ,

123 1292 376 1328 φιλανθρωπότατὸς
392 1300 421 1319 t't
440 1292 513 1327 εἴης,
528 1292 578 1321 καὶ
591 1291 648 1318 τῶν
673 1290 818 1326 ἐγκωμίων
837 1290 913 1325 φιλο-

122 1338 284 1374 δωρότατος.
301 1338 405 1365 οὔκουν
429 1338 475 1364 ἐπὶ
493 1337 663 1371 καταγέλωτι
684 1335 850 1371 πεποιῆσθαι
863 1334 912 1370 τὴν

123 1383 251 1420 σίτησιν·
279 1384 336 1412 ἀλλ’
361 1384 405 1411 ἵνα
431 1383 556 1420 ἠδοίμην,
579 1385 612 1419 τῇ
637 1382 711 1418 παρὰ
737 1381 783 1410 τοῦ
809 1380 913 1408 τοιοῦδε

125 1429 263 1466 μαρτυρίᾳ
278 1428 443 1465 τιμώμενος.
461 1429 552 1463 Γράφε
569 1426 616 1454 οὖν
631 1427 725 1459 ἁσάκις
745 1427 778 1455 ἂν
793 1426 912 1461 ἐγχωρῇ,

123 1477 171 1502 καὶ
185 1476 262 1503 ἑστία
275 1475 447 1511 Κυρηναίους
463 1475 502 1511 τῷ
521 1475 592 1509 λόγῳ
602 1483 609 1490 -
625 1474 662 1505 ὡς
678 1473 753 1500 οὐδὲν
774 1472 807 1499 ἂν
823 1473 914 1504 αὐτοῖς

123 1521 197 1557 ἥδιον
209 1521 375 1556 ἀνάγνωσμα
395 1520 497 1554 γένοιτο
511 1519 564 1547 τῶν
579 1518 762 1554 Πυλαιμένους
783 1517 915 1553 γραμμά-

123 1544 193 1600 ily:
210 1544 818 1602 a3;";.;;.,;g..1;.;.desisses;
841 1544 912 1598 ὶὲςυ).
926 1544 950 1576 α

124 1614 236 1645 Πάντως
259 1612 288 1639 δὲ
315 1614 421 1647 συχνοῖς
446 1611 558 1648 ἐντεύξῃ
582 1612 637 1643 τοῖς
652 1610 732 1646 δεῦρο
747 1608 913 1644 ἀφικνουμέ-

123 1668 196 1692 νοις·
213 1660 260 1686 Kal
275 1660 299 1686 sl
318 1659 427 1694 μηδέσιν
444 1658 544 1690 ἅλλοις,
559 1657 627 1685 ἀλλὰ
641 1658 697 1688 τοῖς
714 1655 843 1691 ἄρξουσιν
854 1654 912 1690 [11).

124 1706 249 1742 ἀρξασιν,
265 1705 281 1741 ἢ
299 1705 440 1742 ἄρχουσιν]
453 1705 532 1740 ἡμῶν
549 1705 596 1731 καὶ
608 1704 658 1740 τὴν
671 1703 784 1732 ἐλάττω,
803 1702 851 1729 καὶ
864 1701 914 1736 τὴν

126 1753 210 1789 μείζω
232 1753 300 1787 (50).
317 1751 364 1778 καὶ
377 1751 428 1786 τὴν
443 1750 600 1785 Αἰγυπτίων
621 1749 725 1785 ἀρχήν·
746 1747 793 1780 οὓς
810 1747 860 1774 οὐκ
876 1747 915 1773 εί-

125 1800 172 1830 κδς
194 1796 348 1831 ἀγνοεῖσθαι
363 1796 407 1822 διὰ
430 1796 480 1831 τὴν
505 1794 665 1822 ἀκολουθίαν
685 1793 739 1820 τῶν
756 1792 913 1820 δανειστῶν.

131 1843 207 1870 Ἐπεὶ
220 1843 247 1870 δὲ
262 1842 383 1878 διαφέρει
397 1850 438 1868 σοι
453 1841 528 1876 τάμὰ
541 1841 650 1873 ειδέναι,
664 1837 874 1875 φιλοσοφοῦμεν,
889 1834 913 1864 ὧ

125 1888 210 1922 ’γαθέ,
227 1887 276 1923 τὴν
295 1887 412 1923 ἐρημίαν
436 1886 540 1921 ἀγαθὴν
566 1885 673 1920 ἔχοντες
702 1883 841 1920 συνεργὸν,
867 1883 915 1909 ἀν-

126 1933 243 1970 θρώπων
258 1933 286 1959 δὲ
303 1933 408 1960 οὐδένα.
423 1932 483 1959 οὐδ’
499 1932 573 1958 ἔστιν
589 1932 650 1958 ὅτου
672 1930 737 1956 ποτὲ
750 1930 797 1956 ἐπὶ
813 1928 916 1963 Λιϐύης

126 1980 233 2015 ἀκήκοα
250 1979 342 2014 φωνὴν
353 1979 477 2013 ἀφιέντος
491 1977 644 2011 φιλόσοφον,
665 1976 706 2003 ὅτι
720 1975 757 2011 μὴ
769 1975 820 2010 τῆς
833 1973 916 2009 ὴχοῦς

126 2024 377 2059 ἀντιφθεγγομένης
403 2024 468 2059 ἡμῖν
498 2022 555 2059 [γρ.
581 2020 665 2057 incl].
701 2020 780 2047 Ἀλλὰ
807 2019 915 2054 κόσμει,

127 2071 219 2107 φησὶν,
242 2070 275 2097 ἃν
291 2070 386 2105 ἔλαχες
402 2069 541 2105 Σπάρταν.
563 2067 649 2102 Κάγώ
665 2075 710 2102 μοι
723 2065 794 2094 δοκῶ
815 2064 863 2100 τὴν
876 2065 916 2091 εί-

957 928 1120 959 absnrdum.
1148 937 1181 957 ac
1205 933 1304 964 praeter
1331 934 1487 957 conventus
1515 928 1750 964 exspectationem

958 974 1068 1005 accidit.
1083 973 1157 1009 quod
1181 974 1363 1009 Cynegeticas
1384 981 1460 1001 meas
1478 978 1598 1009 peteres,
1619 978 1750 1008 tanquam

959 1019 1050 1047 studio
1072 1020 1185 1054 dignum
1210 1019 1314 1055 aliquid
1338 1019 1372 1047 iis
1393 1020 1506 1047 inesset.
1522 1019 1668 1047 Videbaris
1686 1027 1751 1054 ergo

960 1064 1099 1100 ingentium
1117 1072 1171 1099 pra:
1188 1070 1214 1092 te
1232 1064 1306 1092 ferre
1324 1064 1500 1092 cavillatione
1526 1071 1558 1092 ac
1575 1064 1751 1092 simulatione

960 1110 1083 1145 plenum.
1096 1109 1156 1138 Non
1173 1110 1245 1138 enim
1262 1111 1319 1138 ﬁeri
1336 1118 1416 1146 posse
1431 1110 1648 1143 arbitrabantur,
1659 1115 1688 1137 ut
1705 1110 1752 1146 qui

960 1155 1032 1191 apud
1049 1164 1080 1183 se
1101 1155 1225 1183 omnium
1239 1160 1313 1184 esset
1333 1156 1366 1183 ad
1383 1155 1530 1184 dicendum
1550 1156 1751 1191 ineptissimus,

966 1201 1102 1228 ludicrum
1120 1201 1223 1236 aliquid
1243 1202 1347 1234 ederet,
1368 1202 1440 1237 quod
1458 1201 1551 1229 studio
1573 1206 1620 1229 tuo
1638 1201 1752 1237 dignum

963 1245 1116 1274 videretur.
1133 1247 1167 1274 At
1183 1255 1235 1283 ego
1260 1247 1312 1274 hac
1327 1247 1438 1282 quidem
1465 1252 1492 1274 te
1508 1246 1695 1274 simulationis
1707 1253 1754 1274 sn-

961 1291 1084 1326 spicione
1107 1291 1255 1319 liberabant
1270 1300 1276 1317 :
1292 1291 1424 1319 docebam
1442 1298 1509 1318 vero
1531 1295 1568 1324 te,
1584 1294 1682 1326 praeter
1699 1298 1753 1318 εαεᾳ

962 1340 1036 1364 teras
1053 1337 1135 1364 animi
1153 1337 1240 1369 dotes.
1257 1337 1336 1373 longe
1351 1337 1579 1364 humanissimum
1593 1344 1665 1368 esse,
1683 1336 1754 1364 etin

963 1383 1100 1410 laudando
1115 1383 1237 1418 apprime
1257 1384 1406 1412 liberalem.
1418 1383 1510 1417 Quare
1525 1391 1578 1411 non
1596 1383 1629 1411 ad
1647 1383 1754 1411 irrisio-

963 1435 1027 1456 nem
1043 1428 1113 1456 hanc
1126 1436 1188 1457 esse
1203 1430 1359 1464 petitionem
1371 1433 1568 1464 comparatam,
1582 1429 1629 1457 sed
1644 1433 1673 1457 ut
1684 1428 1752 1456 mihi

964 1473 1023 1508 ipse
1043 1474 1207 1509 gratularer,
1230 1475 1297 1501 tanti
1316 1474 1365 1501 viri
1393 1475 1553 1503 testimonio
1570 1474 1753 1502 collaudatus.

964 1518 1058 1554 Itaque
1072 1519 1162 1547 Scribe
1177 1520 1285 1555 quoties
1300 1520 1416 1551 licuerit,
1431 1524 1458 1547 et
1472 1520 1605 1547 orationis
1615 1524 1667 1547 tuae
1684 1527 1754 1555 qua-

965 1564 989 1592 si
1001 1564 1096 1599 epulas
1116 1565 1249 1599 quasdam
1271 1565 1474 1600 Cyrenensibus
1502 1565 1603 1600 pra-be,
1621 1566 1754 1600 quoniam

964 1610 1038 1637 nulla
1054 1610 1088 1638 iis
1111 1610 1192 1637 lectio
1206 1609 1356 1645 jucundior
1380 1609 1507 1638 accidere
1521 1614 1610 1645 potest
1624 1609 1756 1646 Pylzeme-

964 1657 1008 1683 nis
1029 1656 1136 1687 litteris,
1157 1656 1204 1690 qui
1230 1656 1341 1691 quidem
1372 1655 1456 1690 hujus
1480 1655 1638 1691 speciminis
1667 1656 1755 1682 admi-

964 1701 1070 1729 ratione
1086 1701 1252 1729 detinentur.
1266 1700 1384 1729 Prorsus
1407 1708 1473 1728 vero
1497 1701 1598 1728 multos
1620 1700 1754 1735 reperies.

964 1748 1010 1782 qui
1040 1747 1092 1774 huc
1115 1747 1337 1782 proficiscantur;
1361 1750 1388 1774 et
1407 1747 1430 1774 si
1455 1747 1546 1774 nullos
1569 1746 1649 1778 alios,
1664 1751 1689 1773 at
1707 1753 1756 1774 eos

964 1793 1073 1824 saltent,
1085 1792 1132 1827 qui
1155 1793 1287 1819 minorem
1303 1796 1351 1819 aut
1374 1791 1504 1827 majorem
1528 1791 1600 1826 apud
1619 1799 1680 1824 nos,
1711 1791 1755 1818 vel

965 1838 1073 1874 Egypti
1089 1838 1278 1873 praefecturam
1300 1838 1438 1869 obierunt,
1455 1845 1526 1872 quos
1540 1845 1572 1864 ex
1587 1837 1754 1865 creditorum

965 1883 1094 1910 comitatu
1122 1890 1202 1910 nemo
1235 1889 1289 1909 non
1327 1882 1406 1909 facile
1432 1881 1599 1916 cognoverit.
1626 1880 1659 1907 Et
1690 1881 1755 1916 quia

965 1935 1057 1956 rerum
1073 1935 1195 1954 mearum
1209 1931 1311 1956 statum
1327 1934 1419 1959 "0858,
1435 1930 1482 1954 ιιιδ
1500 1926 1637 1954 interesse
1662 1931 1754 1961 putas,

966 1973 1200 2008 philosophantur,
1212 1980 1229 2000 ο
1242 1972 1313 2000 bone
1324 1973 1377 2005 vir,
1394 1973 1525 2008 optimam
1544 1973 1577 2000 ad
1597 1973 1623 2000 id
1639 1973 1756 2007 adjutri-

966 2027 1024 2047 cem
1045 2019 1219 2047 solitudinem
1250 2019 1338 2053 nacti;
1357 2019 1499 2047 hominum
1513 2027 1578 2047 vero
1595 2020 1730 2047 neminem
1743 2040 1751 2051 ,

966 2074 1017 2094 nec
1036 2067 1122 2094 ullum
1149 2066 1176 2093 in
1196 2065 1281 2101 Libya
1309 2073 1430 2103 unquam
1455 2065 1557 2099 audivi,
1570 2065 1616 2101 qui
1635 2065 1756 2100 philoso-

130 2117 272 2152 μαρμένην
296 2116 449 2151 ἀγαπήσειν
472 2123 502 2141 τε
520 2114 567 2141 καὶ
591 2113 740 2148 κοσμήσειν
756 2111 806 2147 τὴν
835 2110 911 2142 αὐτὸς

965 2113 1057 2148 phiam
1082 2111 1249 2139 redolentem
1277 2119 1371 2139 vocem
1403 2111 1551 2143 emitteret,
1574 2113 1756 2145 praeterquam

128 2162 259 2197 ἐμαυτοῦ,
278 2162 427 2198 ἡγούμενος
441 2160 585 2195 ἀγώνισμα
601 2158 680 2186 τοῦτο
702 2157 862 2192 προκεῖσθαι
876 2155 911 2191 τῷ

966 2158 1093 2186 fortassis
1104 2158 1182 2190 echo,
1193 2165 1254 2193 qua!
1264 2161 1385 2195 nostram
1395 2157 1518 2185 remittit.
1529 2156 1628 2184 Verum
1640 2164 1718 2187 orna,
1728 2159 1758 2183 ut

129 2208 179 2243 βίῳ
205 2208 250 2234 καὶ
275 2207 400 2242 βάσανον,
424 2207 448 2234 εί
472 2207 539 2242 μηδέ
563 2205 714 2242 ἀτυχοῦσαν
736 2205 911 2240 ἁπολιμπάνοι

967 2210 1009 2232 est
1019 2204 1046 2232 in
1061 2204 1218 2239 proverbio,
1227 2211 1308 2239 quam
1317 2203 1433 2231 sortitus
1444 2210 1475 2230 es
1489 2202 1626 2237 Spartam.
1636 2202 1675 2228 Ae
1687 2201 1754 2228 mihi

129 2255 298 2288 φιλοσοφίαν.
321 2253 399 2289 Ἐμοὶ
422 2253 475 2289 γὰρ
501 2253 526 2279 εἰ
551 2252 644 2287 μηδεὶς
668 2251 746 2282 ἄλλος
772 2250 911 2285 μαρτυρεῖ1

969 2250 1062 2277 videor
1080 2249 1130 2277 hoc
1146 2258 1207 2277 meo
1228 2249 1282 2277 fato
1298 2249 1355 2277 fore
1370 2252 1527 2280 contentus,
1550 2254 1694 2282 meamque
1709 2254 1758 2282 pa-

129 2300 187 2329 ἀλλ’
201 2299 283 2331 αὐτὸς
298 2307 328 2333 γε
345 2299 453 2331 πάντως
469 2299 482 2325 ὁ
497 2298 574 2329 Θεὸς,
593 2297 649 2333 [γρ.
667 2297 777 2328 πάντως
792 2305 824 2330 γε
840 2296 854 2321 ὸ
871 2295 911 2323 Θ.’

964 2296 1045 2323 triam
1070 2300 1230 2327 ornaturus,
1249 2296 1295 2331 qui
1320 2300 1459 2323 certamen
1482 2295 1534 2321 hoc
1561 2293 1622 2320 vitae
1637 2293 1759 2328 proposi-

129 2345 160 2374 οὖ
176 2346 285 2382 σπέρμα
303 2346 316 2372 ὁ
333 2345 395 2376 νοῦς
410 2345 439 2375 ἐς
459 2343 617 2379 ἀνθρώπους
635 2344 708 2378 ἥκει.
730 2342 806 2369 Δοκῶ
826 2342 854 2369 δέ
872 2351 911 2377 μοι

965 2345 1024 2369 tum
1044 2345 1071 2369 et
1088 2342 1304 2377 experimentum
1331 2340 1461 2372 arbitror,
1476 2343 1604 2366 utrumne
1620 2337 1756 2364 infelicent

130 2394 178 2421 καὶ
190 2392 252 2424 τοὺς
266 2391 384 2426 ἀστέρας
395 2390 516 2425 εὐμενῶς
528 2388 689 2420 ἐνατενίζειν
699 2387 756 2424 [γρ.
772 2386 911 2422 ἀτενίζεινῖ

966 2387 1076 2422 quidem
1090 2386 1291 2421 philosophiam
1308 2385 1445 2413 deserant.
1457 2384 1522 2411 Mihi
1540 2384 1625 2416 enim,
1637 2387 1667 2410 ut
1683 2382 1757 2409 omni

130 2440 270 2470 ἑκάστοτε,
286 2438 316 2464 ὃν
332 2438 362 2463 ἐν
375 2437 482 2473 ὴπείρῳ
496 2436 580 2470 πολλῇ
609 2435 689 2469 μόνον
705 2434 789 2470 ὁρῶσι
816 2432 911 2468 θεωρὸν

969 2432 1023 2459 alio
1046 2436 1116 2459 teste
1143 2439 1260 2463 caream,
1285 2430 1357 2457 [lens
1383 2430 1442 2464 ipse
1469 2434 1559 2455 tamen
1589 2427 1667 2455 testis
1695 2427 1757 2458 erit,

131 2485 221 2511 αὐτῶν
247 2485 295 2510 σὺν
322 2471 462 2518 ἐπιστήμῃ
488 2481 640 2516 γινόμενον.
671 2478 802 2511 Σύνευξαι
827 2478 911 2505 τοίνυι1

969 2477 1049 2511 cujus
1071 2484 1165 2504 semen
1185 2475 1321 2511 quoddam
1346 2482 1424 2502 mens
1439 2477 1482 2502 est
1503 2473 1661 2500 hominibus
1678 2471 1760 2507 ιω

133 2531 197 2564 ἡμῖν
222 2531 251 2556 ἐν
275 2527 315 2561 οἷς
340 2529 423 2564 ἐσμεν
447 2525 530 2554 εἶναι·
557 2525 647 2560 σαυτῷ
663 2525 691 2552 δὲ
704 2524 846 2551 ἀπολιπεῖν
867 2523 911 2559 τὴν

970 2523 1063 2550 insita.
1076 2524 1114 2551 Ac
1132 2530 1174 2550 me
1189 2522 1275 2550 stellae
1302 2520 1383 2549 etiam
1398 2520 1464 2556 ipsa!
1480 2519 1596 2554 benigne
1611 2517 1758 2545 identidem

747 2603 837 2632 DION.
853 2601 989 2630 PETAVII
1005 2601 1120 2629 NOTAE.

971 2668 1100 2699 Thebais.
1119 2667 1265 2702 )Egyptus,
1278 2670 1331 2702 etc.
1347 2667 1436 2701 Atque
1457 2664 1521 2702 huic
1541 2663 1673 2702 parebant
1687 2669 1757 2697 pras-

971 2704 1044 2732 sides
1056 2697 1378 2738 earum'prbvinvciarum,
1393 2697 1488 2738 ἰιι-ρει
1500 2700 1530 2738 in_
1541 2697 1632 2738 Notit.
1656 2697 1755 2738 Impar.

973 2739 1087 2769 0n'ent.,
1105 2745 1132 2765 c.
1153 2733 1214 2764 ΠΒ.
1239 2736 1292 2770 Qui
1309 2736 1401 2763 itidem
1417 2735 1479 2762 aliis
1496 2733 1649 2770 minoribus
1667 2733 1756 2770 magi-

971 2765 1104 2801 stratibus
1135 2765 1280 2808 praeerant.
1303 2770 1362 2798 Hoc
1380 2777 1474 2808 sensu.
1502 2769 1610 2808 opinor,
1627 2765 1756 2808 pelcto'ct

970 2809 1072 2835 ἐλάττω
1085 2802 1171 2842 ὰρχῆν
1183 2806 1263 2842 dixit,
1281 2813 1395 2841 eamque
1407 2802 1597 2838 domesticam,
1612 2802 1657 2830 cui
1673 2802 1754 2839 aliam

971 2843 1061 2877 addit,
1073 2841 1120 2878 τὴν
1137 2841 1301 2876 Αἰγυπτίων.

171 2675 227 2709 (29)
246 2674 487 2709 Κατρσχημένοις
511 2673 570 2701 ὑπὸ
593 2673 646 2700 τοῦ
674 2674 842 2707 δείγματος.
863 2671 922 2709 det-

134 2705 238 2747 γματός
267 2715 326 2748 erat
338 2705 392 2748 _'i'nw
401 2705 502 2748 vetcr._
518 2709 644 2748 duobus;
659 2709 685 2735 in
701 2705 766 2748 uno,
792 2705 921 2748 παραδεί-

134 2744 249 2788 γματος.
280 2744 364 2788 ξ’ριῴ
381 2748 443 2778 post
461 2744 516 2776 τοῖς
543 2744 670 2779 ἄρξουσιν
693 2744 863 2770 rcstituimus
888 2748 921 2768 ex

134 2779 230 2810 iisdem
244 2779 396 2807 codicibus.

170 2816 225 2850 (30)
241 2814 298 2851 Καί
308 2814 366 2851 τὴν
374 2813 495 2851 ἐλάττω.
513 2813 562 2840 καὶ
575 2812 633 2846 τὴν
640 2812 739 2851 μετΙςξιιἶ
757 2811 814 2839 Snb
828 2811 921 2851 {Augu-

135 2846 349 2886 stalis'prtefecti
365 2848 544 2883 dispositione
556 2853 624 2881 erat,
637 2846 674 2876 uti
686 2848 815 2880 diximus,
828 2846 921 2881 Libya,
