1955 3063
153 133 168 162 ἱ
175 132 224 162 573

744 129 934 160 EPISTOLIE.
955 147 989 152 —
1010 131 1117 159 EPIST.
1130 130 1196 159 CIII.

1706 133 1718 159 ι
1723 131 1776 159 474

155 198 211 225 γον.
230 189 354 216 Αἰτιᾶται
376 189 408 225 δὴ
431 189 479 224 τὴν
501 189 552 225 τῆς
573 190 701 225 πατρίδος
715 190 864 225 ἀκληρίαν·
892 190 938 217 καὶ

1000 189 1045 217 let.
1060 190 1099 217 Ac
1116 189 1211 225 patria:
1234 189 1280 217 ille
1299 189 1410 224 quidem
1437 187 1625 217 infelicitatem
1650 188 1776 222 incusat;

154 235 244 262 πείθει
256 243 299 266 τις
320 234 400 261 αὐτὸν
419 233 507 268 λόγος,
523 235 560 265 ὡς
586 234 642 260 ἐστι
664 234 881 269 συμμεταϐαλεῖν
903 234 940 268 τῷ

151 280 247 315 ,χωρίῳ
266 279 424 315 τὴντύχην.
445 279 584 313 Ἀφίξεται
607 279 635 306 δὲ
658 281 733 315 παρὰ
756 279 805 315 τὴν
827 280 940 314 ἔχουσαν

155 325 200 350 τὸν
218 324 329 358 βασιλέα
347 324 432 355 πόλιν,
449 324 488 356 ὼς
501 324 568 350 ὅπου
585 324 721 360 βασιλεὺς,
740 325 799 351 ἐκεῖ
811 327 858 352 καὶ
869 325 940 352 πάνυ

155 371 204 405 τῆς
218 370 303 405 τύχης
324 369 417 402 οὔσης,
437 371 485 397 καὶ
506 370 587 405 τυχὸν
610 370 830 406 ὲπιγνωσομένης
849 370 940 398 αὐτόν.

156 416 186 441 Et
203 415 234 450 δή
257 415 299 447 τίς
325 423 365 441 σοι
380 414 505 450 δύναμις,
530 414 686 441 συντέλεσον
707 413 781 449 αὐτῷ
801 413 869 449 πρὸς
887 414 901 440 ὃ
915 422 941 440 τι

157 460 291 495 βούλεται.
316 460 367 487 Eoi}
389 461 444 496 γὰρ
460 459 534 492 ἄξιον
550 460 582 487 τὸ
595 461 641 487 καὶ
657 459 795 492 δύνασθαι,
811 460 858 487 καὶ
879 459 942 491 τοὺς

155 506 301 542 δεομένους
324 507 481 534 συνιστάναι
504 508 538 542 τῇ
556 507 646 543 ἀγαθῇ
668 506 747 544 τύχῃ.
771 506 833 534 Ἐὰν
848 505 942 543 δέηται

156 553 210 580 τῶν
224 561 265 579 σοι
280 553 374 587 φίλων,
388 553 468 586 αὐτὸς
481 553 635 588 προσοίσεις
649 553 740 580 αὐτόν.

388 653 559 681 ΕΠιΣΤΟΔΗ
577 653 627 680 PI"
647 653 712 689 (35).

475 710 519 742 Τῷ
535 710 627 744 αὐτῷ.

193 756 232 783 Οὐ
251 756 289 791 μὰ
305 755 350 782 τὶν
367 755 455 790 φίλιον
471 756 517 782 τδν
531 756 596 791 ἐμόν
611 764 642 783 τε
655 757 701 783 καὶ
717 755 830 789 domoin:
845 757 942 791 ἔγωγε.

157 795 180 828 ὧ
197 801 374 837 Πυλαίμενες,
389 800 542 835 ἀπέσκωψά
563 810 609 827 σου
629 800 679 837 τὴν
695 802 734 832 είς
748 802 798 837 τὴν
817 801 945 835 ἐνεγκοῦ-

988 240 1016 263 ct
1033 235 1163 262 nonnulla
1178 235 1241 262 huic
1261 235 1353 270 opinio
1374 235 1521 270 persuadet
1534 242 1616 270 posse
1640 234 1777 262 fortunam

990 289 1043 313 una
1058 287 1119 308 cum
1140 281 1200 308 loco
1214 281 1326 308 mutari.
1356 280 1446 308 lturus
1466 285 1509 309 est
1532 288 1597 316 ergo
1623 280 1725 315 regiam
1749 279 1777 306 in

983 325 1230 361 civitatem-quasi
1250 325 1298 358 ibi,
1322 326 1367 353 ubi
1388 331 1430 353 est
1452 327 1610 361 imperator,
1622 325 1703 353 etiam
1723 325 1779 352 for-

991 376 1055 398 tuna
1072 371 1131 406 ipsa
1147 372 1286 406 resideat;
1309 375 1336 400 dt
1355 372 1481 400 fortassis
1495 378 1557 400 eum
1583 372 1710 407 agnitura
1730 371 1777 399 sil.

991 416 1019 443 Si
1036 415 1102 451 quid
1118 416 1203 452 igitur
1227 417 1255 444 in
1281 421 1308 444 te
1326 418 1471 453 potestatis
1491 421 1545 449 est.
1564 417 1722 453 adjumento
1741 419 1779 445 sis

990 461 1016 488 ei
1031 463 1064 489 ad
1082 461 1109 489 id
1123 470 1205 490 omne
1219 462 1294 498 quod
1310 463 1436 490 voluerit.
1459 463 1497 491 Te
1519 464 1590 491 enitn
1613 463 1725 498 dignum
1738 467 1781 490 est

990 509 1018 534 et
1032 514 1113 542 posse
1126 507 1284 542 plurimum,
1300 513 1326 535 et
1342 509 1388 543 qui
1409 509 1480 536 istud
1494 509 1660 541 desiderent,
1673 508 1780 536 meliori

992 551 1108 580 fortunae
1121 553 1324 581 commendare.
1339 553 1417 586 Quod
1438 554 1462 582 si
1486 555 1510 582 ei
1533 555 1629 583 amicis
1640 554 1695 582 tuis
1710 561 1781 589 opus

987 601 1045 631 est,
1061 601 1119 626 tute
1133 598 1188 627 illis
1206 598 1295 634 ipsum
1310 599 1418 627 offeres.

1261 648 1430 683 EMSTOLA
1446 656 1513 684 CIII.

1337 709 1440 736 Eidem.

1033 750 1093 781 Non
1103 760 1155 789 per
1162 754 1292 782 amicitiae
1302 759 1355 782 tua:
1365 763 1484 790 meaeque
1495 755 1649 790 praesidem,
1657 762 1712 782 non
1720 762 1781 791 ego,

994 806 1011 828 ο
1030 799 1209 836 Pylaemenes,
1234 807 1308 828 luam
1334 801 1362 828 in
1387 801 1503 836 patriam
1531 801 1692 828 charitatem
1721 809 1782 828 smn

160 858 208 876 σαν
231 849 346 875 εὔνοιαν.
363 849 419 883 Οὐχ
442 847 529 879 οὕτως
552 848 648 878 ἄπολις
670 848 728 883 είμί
747 857 806 880 τις,
821 847 882 875 οὐδὲ
894 848 945 880 ,ἀν-

1000 846 1148 873 cavillatus.
1163 846 1222 873 Non
1238 847 1274 874 ita
1290 855 1350 875 sum
1367 847 1447 881 inops
1463 846 1550 879 urbis,
1567 854 1599 874 ac
1621 847 1678 874 lare
1698 847 1780 874 destih

160 895 263 926 έπτιος-
277 893 344 919 ἀλλὰ
356 893 389 919 σὺ
405 892 498 924 κακῶς
513 892 625 926 ἐξεδέξω
637 892 682 920 τὸν
695 892 756 919 νοῦν
772 893 822 928 τῆς
838 893 945 920 ἐπιστο-

158 940 208 974 λῆς
219 948 225 956 η
243 940 287 965 καὶ
303 938 496 974 κατηγόρηκας
509 939 525 973 ἡ
531 938 589 973 μῶν
606 937 674 965 ἅττα
695 938 745 965 οὐκ
767 938 852 972 ἄξιον,
875 937 947 973 Ἐγὼ

159 986 213 1021 γὰρ
226 985 267 1011 ὃτι
282 985 331 1020 μὲν
348 983 511 1020 Ἡρακλείας
522 984 597 1019 ἐρᾷς,
613 984 660 1011 καὶ
675 983 813 1019 πρόθυμος
822 983 847 1010 εῐ
860 985 947 1012 ποιεῖν

157 1038 185 1058 τι
199 1031 248 1066 τὴν
262 1031 341 1057 πόλιν
355 1030 467 1064 ἀγαθὸν,
484 1029 598 1057 ὲπαινῶ.
617 1030 686 1061 Τοὺς
699 1029 794 1064 λόγους
804 1030 826 1056 δ’
838 1030 946 1057 ἐποιού-

161 1086 214 1112 μην
228 1077 302 1112 ὑπὲρ
323 1076 371 1104 τοῦ
387 1077 443 1103 δεῖν
464 1075 625 1103 ἀνθελέσθαι
646 1075 802 1110 φιλοσοφίαν
816 1076 867 1111 τῆς
882 1077 947 1111 d70-

161 1124 237 1158 ραίου
258 1122 359 1158 ταύτης
375 1121 527 1158 διατριϐῆς.
553 1119 618 1148 Εῐτα
636 1121 668 1148 σύ
694 1130 739 1157 μοι
755 1121 851 1155 δοκεῖς,
869 1123 947 1156 δίκας

159 1167 296 1202 ἀγορεύων
320 1166 378 1203 [γρ.
395 1167 420 1193 εί
435 1166 513 1197 δίκας
530 1165 695 1201 ἀγορεύεις],
712 1165 816 1193 οἴεσθαι
834 1167 944 1201 μᾶλλον,

153 1213 176 1248 ’ἢ
192 1212 356 1247 φιλοσοφῶν,
367 1211 575 1247 ὼφελιμώτερος
583 1211 691 1238 ἔσεσθαι
708 1213 740 1248 τῇ
756 1212 875 1247 πατρίδι.
885 1211 948 1244 Πῶς

159 1258 255 1290 τοῦτο;
271 1258 332 1284 Ὀτι
346 1256 393 1284 τοῦ
410 1256 448 1292 μὴ
472 1256 677 1292 μετατεθεῖσθαί
694 1256 751 1292 [γρ.
772 1256 946 1294 μεταθέσθαι]

160 1312 207 1330 σου
219 1303 268 1338 τὴν
283 1302 453 1337 προαίρεσιν,
468 1302 573 1337 ᾐτιάσω
587 1302 618 1328 τὸ
635 1301 685 1336 τῆς
700 1301 813 1337 γνώμης
833 1301 948 1337 φιλόπα-

159 1357 215 1384 τρι.
231 1347 309 1374 Τοῦτ’
324 1345 372 1374 οὖν
388 1347 550 1382 ἀπέσκωψα,
569 1347 615 1374 καὶ
632 1347 693 1382 οὐχὶ
708 1347 758 1383 τὴν
771 1347 888 1379 εὔνοιαν,
907 1347 948 1374 δτι

160 1394 252 1426 κακῶς
274 1394 326 1420 οῐει
346 1393 486 1430 προῦργου
503 1393 545 1420 σοι
558 1402 585 1419 τι
605 1394 730 1429 ποιήσειν
745 1395 785 1425 είς
799 1393 845 1421 τὸν
866 1393 948 1420 καλὸν

159 1440 252 1467 τοῦτον
268 1440 367 1475 ἔρωτα,
381 1438 411 1465 τὸ
425 1437 618 1474 προσεδρεύειν
633 1440 694 1471 ταῖς
709 1438 809 1471 δίκαις.
824 1439 879 1466 Καὶ
893 1438 947 1474 γὰρ

160 1488 184 1513 εί
199 1486 307 1521 λέγοιμι
329 1485 488 1520 φιλοσοφίαν
511 1484 608 1520 ἱκανὴν
626 1482 695 1511 εἶναι
718 1484 766 1516 τὰς
790 1484 882 1516 πόλεις
901 1484 948 1520 ὀρ-

995 895 1080 918 tuttts.
1099 890 1151 918 Sed
1177 895 1206 918 ttt
1230 891 1300 918 male
1313 891 1435 926 epistola:
1454 898 1565 919 sensum
1586 890 1782 925 interpretatus

994 944 1024 964 es
1037 958 1044 970 ,
1060 944 1156 972 meque
1171 936 1206 964 de
1223 937 1325 972 quibus
1342 937 1453 964 minime
1472 937 1617 972 oportebat
1635 937 1783 963 accusasti.

995 980 1062 1007 Nam
1078 981 1151 1016 quod
1166 980 1325 1009 Heracleam
1342 989 1428 1015 amas,
1439 986 1467 1010 et
1485 990 1594 1017 quoquo
1614 981 1694 1009 modo
1715 981 1785 1009 bene

995 1026 1029 1054 de
1041 1034 1072 1054 ea
1086 1026 1196 1054 civitate
1211 1027 1308 1055 mereri
1332 1027 1436 1060 studes,
1453 1028 1534 1055 laudo
1548 1027 1683 1062 equidem.
1702 1027 1736 1054 At
1756 1026 1784 1054 id

994 1079 1046 1106 ego
1076 1072 1167 1100 verbis
1196 1073 1264 1100 meis
1294 1072 1491 1108 signiticabam,
1513 1081 1573 1101 csse
1597 1073 1696 1100 forensi
1721 1072 1785 1100 huic

996 1117 1168 1152 occupationi
1189 1117 1390 1153 philosophiam
1413 1118 1641 1153 anteponendam.
1658 1118 1699 1145 Tu
1720 1126 1785 1146 vero

996 1163 1063 1190 tuihi
1081 1164 1108 1191 in
1123 1163 1244 1191 animum
1266 1164 1408 1192 induxisse
1423 1164 1541 1198 videris,
1559 1165 1620 1199 plus
1645 1168 1672 1191 te
1688 1171 1786 1192 causa-

997 1216 1058 1236 rum
1079 1217 1112 1237 ex
1134 1209 1242 1237 actione
1262 1210 1366 1245 patrue,
1384 1216 1466 1245 quam
1485 1217 1517 1238 ex
1533 1209 1712 1245 philosophia:
1727 1215 1786 1237 stu-

996 1254 1042 1282 dio
1063 1255 1190 1283 utilitatis
1208 1256 1364 1283 allaturum.
1395 1256 1510 1289 Quinam
1531 1257 1626 1284 istud?
1647 1257 1786 1290 Quoniam

997 1299 1057 1331 tibi,
1070 1300 1142 1335 quod
1165 1300 1328 1328 sententiam
1351 1308 1405 1328 non
1431 1305 1578 1333 mtttasses,
1593 1307 1669 1329 tuum
1695 1302 1721 1328 in
1738 1309 1788 1337 pa-

996 1345 1079 1372 triam
1093 1352 1212 1373 amorem
1226 1353 1337 1374 causam
1353 1353 1415 1374 esse
1431 1346 1536 1375 dixisti.
1553 1346 1610 1374 Hoc
1622 1347 1716 1381 igitur.
1731 1355 1786 1375 non

996 1391 1092 1426 patriae
1104 1392 1276 1424 charitatcm,
1293 1392 1378 1424 irrisi,
1390 1393 1462 1428 quod
1477 1400 1568 1428 operae
1579 1394 1696 1428 pretium
1713 1393 1789 1420 futu-

997 1445 1058 1464 rum
1076 1437 1124 1464 tibi
1141 1437 1175 1464 ad
1187 1437 1324 1472 egregium
1342 1438 1418 1465 illutn
1435 1445 1555 1466 amorem
1573 1438 1666 1474 patriar
1678 1446 1788 1472 censes,

998 1483 1021 1511 si
1041 1483 1151 1511 assidue
1165 1483 1192 1510 in
1206 1483 1300 1511 causis
1311 1483 1452 1512 voluteris.
1468 1483 1535 1511 Nam
1553 1485 1576 1512 si
1588 1484 1788 1520 philosophiam

161 1532 234 1564 Θοῦν,
255 1531 357 1565 ἐλέγξει
374 1540 408 1565 με
431 1530 557 1566 Κυρήνη,
576 1530 689 1566 κειμένη
705 1529 762 1566 (56)
782 1530 849 1557 πολὺ
863 1530 947 1566 δήπου

1001 1529 1126 1557 idoneam
1140 1537 1201 1557 esse
1216 1529 1301 1557 dicam
1316 1530 1349 1557 ad
1363 1529 1491 1557 civitates
1504 1530 1659 1565 eriget-das,
1672 1532 1730 1565 ipsa
1746 1539 1790 1559 me

160 1578 214 1605 τῶν
232 1578 261 1604 έν
276 1577 315 1612 τῷ
336 1577 429 1612 Πόντῳ
452 1576 558 1603 πόλεων
579 1575 785 1612 ἀκριϐέστερον.
817 1576 886 1603 Ἀλλ’
907 1577 946 1603 εί-

161 1631 238 1658 ποιμι
250 1622 299 1658 μὲν
313 1621 356 1653 ἂν,
369 1622 409 1648 ὅτι
423 1620 564 1656 φιλοσοφία
575 1621 622 1647 καὶ
635 1621 792 1656 ῥητορικῆς,
807 1622 855 1648 καὶ
868 1618 948 1658 ἧστι-

161 1677 205 1700 νος
227 1668 318 1704 βούλει
337 1667 384 1694 καὶ
399 1667 507 1702 τέχνης,
522 1666 570 1693 καὶ
584 1667 750 1701 ἐπιστήμης,
774 1666 816 1693 ἆτ’
830 1666 877 1693 ἐπὶ
898 1666 947 1693 πά-

163 1723 222 1746 σαις
241 1711 317 1746 οὖσα,
344 1713 494 1749 παρέχεται
518 1712 564 1739 τὸν
585 1712 682 1747 ἔχοντα
706 1712 754 1738 καὶ
778 1711 879 1749 ἰδιώτῃ,
900 1712 948 1739 καὶ

162 1759 238 1793 οἴκῳ.
254 1759 302 1785 καὶ
323 1757 433 1784 πόλεσιν
448 1756 667 1792 ὠφελιμώτερον.
685 1756 722 1782 Οὐ
748 1756 800 1792 μὴν
823 1751 904 1792 ἀρκεῖ
916 1757 948 1784 τὸ

163 1803 222 1830 καθ’
239 1802 338 1838 ἑαυτὴν
352 1802 455 1836 ἀγαθόν
471 1810 498 1828 τι
512 1802 599 1828 ποιεῖν
613 1801 676 1833 τοὺς
688 1801 857 1837 ἀνθρώπους.
872 1802 947 1837 Ἔχει

162 1848 215 1884 γὰρ
230 1847 326 1879 οὕτως.
342 1843 365 1873 ὦ
381 1846 467 1881 λῷστε
480 1846 663 1881 Πυλαίμενες·
678 1846 713 1872 τὰ
731 1845 801 1872 καλὰ
821 1845 875 1872 τῶν
889 1846 948 1872 ἐπι-

162 1893 338 1929 τηδευμάτων
360 1892 489 1927 δυνάμεις
513 1891 585 1924 τινές
609 1892 674 1924 εισι,
699 1891 746 1918 καὶ
776 1891 948 1926 παρασκευαὶ

161 1940 261 1974 ψυχῆς,
277 1938 323 1965 καὶ
336 1935 392 1965 οἷον
412 1938 477 1965 αὐτὸ
494 1937 574 1973 μόνον
586 1937 616 1964 τὺ
627 1936 768 1972 χρώμενον
778 1944 786 1952 ·
803 1937 894 1972 καιροὶ
908 1936 946 1969 δὲ,

163 1987 210 2013 καὶ
228 1985 308 2020 τύχαι
324 1984 451 2020 φέρουσιν
475 1985 533 2011 ἄνω
548 1983 596 2011 καὶ
612 1983 687 2011 κάτω
710 1983 745 2010 τὰ
768 1983 822 2010 τῶν
845 1983 948 2009 πόλεων

163 2032 323 2067 πράγματα.
344 2030 399 2056 Καὶ
408 2029 455 2056 νῦν
473 2029 522 2065 μὲν
535 2028 621 2062 οὕτως
644 2028 700 2064 ἔχει
710 2049 718 2062 ,
735 2028 783 2056 νῦν
800 2028 822 2055 δ’
836 2028 947 2064 ἑτέρως,
963 2030 971 2043 ν

162 2078 269 2113 ἀνάγκη
284 2076 391 2112 φύσεως
404 2073 439 2111 ἧς
455 2075 611 2110 μετείληφε.
629 2073 770 2106 Φιλόπολις
788 2073 838 2109 μὲν
858 2070 905 2100 οὖν
923 2073 949 2099 εἰ

164 2123 196 2150 σύ
206 2131 212 2138 ·
230 2122 356 2158 τυγχάνω
369 2122 397 2148 δὲ
411 2120 449 2147 ὢν
461 2121 509 2147 καὶ
523 2119 578 2154 ἐγώ
597 2119 653 2155 [γρ.
663 2118 755 2155 αὐτός]
765 2127 772 2134 ·
790 2119 837 2146 καὶ
853 2119 885 2146 σὺ
899 2118 948 2154 μὲν

163 2169 266 2204 ἐργάζῃ
289 2168 455 2203 ῥητορικήν·
482 2166 529 2193 καὶ
554 2166 687 2201 συγχωρῶ
714 2173 756 2192 σοι
784 2164 822 2200 μὴ
846 2165 949 2200 ταύτην

999 1575 1105 1610 Cyrene
1117 1579 1227 1610 arguet;
1241 1582 1301 1610 quae
1324 1575 1411 1609 magis
1427 1583 1508 1610 quam
1528 1576 1580 1603 ulla
1597 1575 1674 1603 Ponti
1693 1576 1790 1605 civitas

998 1620 1078 1655 jacet.
1094 1619 1192 1647 Verum
1214 1621 1264 1648 hoc
1279 1627 1328 1656 ego
1347 1620 1427 1656 242
1443 1621 1568 1654 dixerim,
1589 1621 1789 1657 philosophiam

1000 1673 1054 1692 non
1071 1665 1152 1693 tnodo
1162 1665 1293 1697 oratoria,
1304 1666 1350 1693 sed
1363 1670 1390 1694 et
1405 1666 1457 1693 alia
1468 1667 1542 1694 omni
1557 1671 1616 1695 arte
1627 1668 1788 1700 scientiave,

1003 1715 1096 1745 utpote
1125 1718 1186 1745 qua:
1214 1711 1307 1745 praesit
1333 1711 1471 1743 omnibus,
1492 1711 1628 1740 utiliorem
1653 1720 1715 1740 eum
1741 1713 1789 1748 qui

1002 1755 1154 1791 possideat,
1180 1760 1207 1782 et
1237 1755 1360 1791 privatis,
1388 1761 1416 1784 et
1440 1756 1560 1789 familiis,
1583 1762 1610 1785 et
1633 1759 1790 1786 civitatibus

1000 1805 1142 1836 praestare.
1167 1800 1227 1828 Non
1256 1805 1346 1829 tamen
1370 1810 1420 1837 per
1442 1810 1502 1830 sese
1531 1804 1668 1832 sttlliciens
1691 1809 1743 1835 est,
1759 1809 1790 1831 ut

1005 1846 1067 1873 boui
1085 1846 1186 1881 aliquid
1204 1847 1302 1874 alferre
1321 1848 1408 1882 possit
1427 1848 1593 1876 hominibus.
1609 1848 1655 1877 Sic
1671 1850 1743 1877 enim
1760 1858 1790 1878 so

1001 1899 1046 1920 res
1060 1892 1149 1925 habet,
1158 1892 1259 1927 optime
1273 1892 1441 1929 Pylaemenes
1453 1902 1460 1926 ;
1473 1895 1705 1929 praestantissimae
1719 1903 1791 1930 quie-

1003 1945 1056 1972 que
1077 1938 1227 1972 disciplinae
1251 1937 1393 1966 facultates
1412 1940 1535 1973 quaedam
1560 1943 1634 1972 sunt,
1658 1945 1685 1968 et
1705 1942 1789 1968 animi

1001 1983 1232 2017 cotitparatiottes,
1246 1989 1278 2010 ac
1294 1987 1421 2018 tanquam
1437 1983 1531 2010 utendi
1545 1984 1602 2011 sola
1616 1983 1657 2011 vis
1672 1988 1698 2011 et
1713 1984 1791 2012 habi-

1002 2028 1075 2056 litas.
1096 2027 1264 2063 Temporum
1283 2033 1374 2055 autem
1395 2036 1426 2056 ac
1445 2029 1561 2056 fortuna:
1584 2029 1790 2058 vicissitudines

1002 2081 1103 2109 susque
1128 2073 1215 2109 deque
1240 2081 1284 2101 res
1306 2074 1446 2102 civitatum
1469 2075 1625 2110 impellunt;
1655 2079 1683 2103 et
1708 2077 1790 2104 modo

1003 2119 1039 2146 ita
1067 2126 1138 2151 sese,
1163 2119 1244 2147 tuodo
1258 2119 1336 2147 aliter
1363 2120 1472 2153 habent,
1499 2128 1548 2156 pro
1571 2125 1685 2155 natura),
1708 2130 1789 2157 quam

1002 2164 1106 2192 sortita
1121 2169 1196 2197 sunt,
1210 2165 1380 2193 necessitate.
1395 2164 1435 2192 Tu
1463 2167 1545 2201 igitur
1565 2167 1659 2202 patria:
1680 2168 1789 2203 quidem

163 2201 345 2248 ἐπιτηδειλειν.
359 2201 432 2240 ’ἀλλὰ
449 2211 500 2247 τὴν
520 2212 604 2248 ὀρθὴν
625 2212 672 2239 καὶ
690 2210 816 2246 γενναίαν
832 2210 899 2245 (37),
917 2211 947 2245 ἢν

1003 2217 1098 2237 amans
1112 2217 1142 2238 es
1155 2219 1162 2238 :
1178 2218 1228 2246 ego
1246 2218 1311 2238 vero
1327 2219 1381 2238 non
1397 2212 1487 2240 minus
1502 2212 1553 2239 hoc
1565 2201 1635 2240 idem
1647 2201 1705 2248 ipse
1717 2221 1788 2241 sum.

163 2258 225 2285 οὐδὲ
241 2258 366 2289 Πλάτων,
384 2255 471 2292 οἶμαι,
495 2256 656 2292 διαγράφειν
672 2256 810 2291 πειρᾶται.
832 2254 902 2289 Ἐγὼ
924 2255 953 2281 δὲ

165 2302 322 2337 φιλοσοφίαν
344 2301 416 2336 τιμῶ
436 2309 466 2327 τε
483 2301 531 2328 καὶ
543 2300 597 2327 τῶν
616 2301 667 2327 ὅσα
684 2299 842 2336 ἀνθρώπινα
863 2299 954 2334 ἀγαθὰ

164 2345 300 2381 προτιμῶ.
316 2345 349 2372 Τί
369 2343 416 2372 οὖν
429 2344 516 2381 ταύτῃ
530 2345 595 2380 παρ’
608 2344 686 2379 ήμῶν
706 2344 788 2370 πλέον
801 2345 861 2376 ταῖς
875 2344 953 2372 πόλε-

165 2401 218 2423 σιν,
243 2392 268 2417 εί
294 2391 331 2426 μὴ
359 2391 407 2418 καὶ
426 2388 481 2425 βίοι
501 2390 574 2422 τινὲς
603 2389 781 2425 ὑποϐληθεᾱν
803 2389 952 2425 ἀρκοῦν-τες

163 2439 222 2469 ταῖς
236 2436 428 2472 προαιρέσεσις
442 2437 488 2463 Δεῖ
503 2437 552 2472 μὲν
568 2436 622 2472 γὰρ
636 2435 702 2470 ὕλης
713 2435 869 2471 ἐπιτηδείας
880 2445 887 2452 ·
908 2436 949 2463 δεῖ

1003 2253 1043 2281 'l'u
1063 2257 1212 2283 oratoriam
1228 2256 1366 2291 proﬁteris
1379 2265 1386 2290 ;
1398 2264 1448 2291 ego
1460 2262 1485 2284 te
1503 2258 1529 2285 iu
1542 2265 1573 2285 ea
1592 2258 1719 2294 occupari
1734 2266 1789 2286 non

1002 2301 1079 2334 sino;
1105 2301 1153 2328 sed
1180 2301 1207 2329 in
1235 2302 1363 2337 praeclara
1385 2302 1431 2329 illa
1455 2307 1483 2330 et
1508 2303 1616 2339 egregia
1635 2303 1789 2339 disciplina,

1000 2353 1081 2380 quam
1115 2355 1166 2375 nec
1192 2347 1260 2382 ipse,
1279 2352 1309 2375 ut
1335 2348 1441 2383 opinor,
1470 2348 1546 2375 Plato
1569 2349 1725 2377 describere
1744 2356 1792 2376 co-

1001 2396 1084 2421 natus
1103 2397 1155 2420 est.
1178 2393 1234 2429 Ego
1249 2394 1446 2429 philosophiam
1461 2395 1531 2427 colo,
1548 2395 1718 2430 caeterisqne,
1730 2402 1792 2430 quae

1001 2437 1029 2464 in
1045 2438 1098 2465 vita
1116 2442 1181 2466 sunt
1203 2439 1353 2473 hominum,
1375 2440 1454 2468 bonis
1479 2444 1624 2476 antepono.
1647 2440 1716 2474 Quid
1741 2441 1793 2476 igi-

784 2510 872 2538 DION.
894 2511 1031 2540 PETAVII
1050 2512 1169 2541 ΝΟΤᾸΕ.

202 2593 446 2628 (55)Pylaatuenes.
474 2594 544 2621 lecta
569 2593 675 2628 Syncsii
702 2593 830 2628 epistola,
846 2600 899 2628 qua
915 2592 948 2619 ad

167 2629 366 2663 plnlosophiatn
381 2629 416 2655 ab
430 2630 549 2656 oratoria
568 2628 740 2663 professione
758 2628 949 2663 revocabatur,

157 2662 227 2698 -quae
240 2667 282 2690 est
305 2663 350 2694 99,
365 2663 490 2690 eumdem
509 2662 644 2698 rescripto
668 2663 819 2695 incusabat,
836 2662 950 2698 objicie-

168 2699 278 2732 batqne,
294 2705 348 2732 quo
365 2698 456 2725 minus
475 2698 501 2724 id
515 2698 628 2729 faceret.
646 2705 741 2725 arnore
755 2705 784 2725 se
797 2697 892 2732 patriae
908 2705 952 2723 re-

168 2733 258 2764 tineri,
275 2734 320 2760 cui
338 2732 412 2760 iliius
425 2733 493 2759 artis
515 2732 648 2760 beneﬁcio
663 2732 829 2759 subveniret.
848 2732 952 2766 Quippe

166 2768 263 2795 inutile
278 2767 311 2794 ad
327 2766 353 2793 id
369 2774 431 2794 esse
451 2767 591 2801 sapientia:
615 2767 747 2794 studium.
769 2767 810 2793 Ad
834 2767 891 2794 haec
915 2771 952 2793 tta

167 2803 314 2837 respondet
331 2806 441 2834 noster;
462 2808 491 2828 ut
514 2802 609 2829 charit:
619 2807 672 2828 tem
691 2803 784 2836 patria:
797 2807 877 2836 neget
892 2810 905 2827 ιι
923 2810 953 2827 κει

168 2838 377 2872 reprehensam;
398 2841 455 2864 tum
482 2837 658 2872 philosophia:
673 2844 784 2864 causam
807 2843 839 2863 ac
862 2841 953 2871 patro-

1003 2594 1105 2631 cinium
1119 2596 1261 2631 suscipiat.

1040 2629 1100 2668 (56)_
1117 2629 1245 2668 Ἐλέγῖξει
1253 2641 1293 2666 με
1304 2633 1436 2668 Κυρήνη,
1446 2633 1578 2668 κειμένη.
1587 2632 1646 2661 Jam
1658 2638 1714 2662 tum
1727 2638 1790 2663 ante

1005 2663 1161 2704 Synesium.
1179 2663 1268 2694 Amm‘.
1286 2668 1307 2704 l._
1328 2663 1385 2695 x'xti
1399 2663 1458 2704 ξῚη
1480 2663 1619 2704 Pentapoli
1635 2668 1720 2704 Libyn
1740 2668 1790 2704 Cy-

1005 2707 1065 2740 rene
1077 2700 1165 2740 posita
1188 2706 1249 2740 est,
1262 2702 1327 2740 urbe
1349 2703 1457 2738 antiqua
1468 2703 1543 2740 ,_sct1
1561 2700 1664 2730 deserta
1673 2700 1697 2734 .’
1709 2700 1790 2740 qua?»

1005 2733 1154 2769 Spartanus
1171 2736 1289 2763 condidit
1305 2733 1417 2768 Battus;
1428 2743 1452 2765 et
1471 2737 1624 2769 Ptolemais.
1642 2733 1698 2766 etc.

1040 2769 1208 2807 ($7)__‘A.ud
1223 2772 1280 2806 τὴν
1293 2772 1387 2806 ὀρθὴν
1406 2773 1454 2799 καὶ
1472 2774 1623 2807 γενναίαν.
1640 2774 1709 2802 Vide
1725 2770 1790 2800 Pla-

1005 2805 1078 2831 tonis
1095 2805 1229 2840 Gorgiam.
