1955 3063
193 135 270 169 ὨἸΒ

746 138 879 172 δῪΝΕειι
899 140 1130 174 ΡΤσιΕιιΑιύιε
1149 143 1305 176 EPISCOPI

1757 143 1838 182 me

193 206 243 230 tur
263 201 371 229 tandem
397 202 450 230 hac
482 201 587 229 ratione
608 201 671 230 boni
694 208 843 238 procurare
865 206 964 234 civitati

1015 206 1064 238 λδὲ
1090 208 1214 243 ὀργάνων
1240 208 1279 244 τῷ
1304 207 1422 243 χρῆσθαι
1447 208 1605 245 δυναμένῳ·
1630 207 1659 236 ἰδ
1683 210 1712 237 δὲ
1740 197 1834 238 ταῦτα

194 248 249 276 bus
263 255 418 283 possumus,
435 247 488 275 nisi
507 247 567 275 vitae
584 248 705 282 quaedam
721 254 820 284 genera
836 246 984 284 subjiciat)-

192 296 252 324 tur.
278 300 338 328 quae
354 292 387 320 ad
402 293 567 320 voluntatem
583 299 615 319 ac
639 294 806 328 propositum
833 303 984 330 exsequen-

189 335 258 366 {lum
287 338 438 366 sufﬁciant?
461 338 572 365 Materia
591 339 692 374 quippe
716 340 813 368 idonea
836 348 904 376 opus
921 346 980 374 est;

193 387 262 420 opus
285 385 378 411 itidem
402 384 591 412 instrumentis
615 385 658 417 ei,
684 385 731 420 qui
756 386 795 413 uti
819 388 920 422 possit,
940 391 982 414 at-

193 434 245 465 que
267 431 326 458 haec
349 431 440 458 omnia
466 437 625 465 comparare
647 429 762 458 fortunae
776 433 916 467 proprium
928 437 980 461 est.

190 474 250 503 3am
268 476 292 503 si
307 475 354 503 illo
367 475 500 502 duntaxat
519 475 613 507 modo,
638 475 691 503 hoc
714 480 756 503 est
781 478 865 504 unico
889 478 981 505 rheto-

191 523 256 550 rica:
273 521 398 556 praesidio
415 521 551 548 fortunam
571 521 620 549 tibi
636 521 790 549 adfuturam
809 523 933 558 confidis,
950 526 980 551 ut

191 570 238 594 a'nt
262 567 408 602 aliquando
431 566 621 602 praefecturam
649 567 767 602 aliquam
794 575 910 603 capere,
931 573 978 597 aut

190 620 327 641 summum
343 613 461 648 aliquem
481 613 669 648 magistratum
695 614 803 648 assequi
817 614 877 648 ejus
895 615 978 642 bene-

186 659 253 686 ﬁcio
270 660 359 694 possis
374 668 381 686 :
398 658 463 694 quid
482 659 685 694 philosophiam
707 660 876 688 infelicitatis
892 669 975 689 accu-

191 705 254 732 sas?
269 704 318 732 Sin
335 712 369 732 ex
392 711 469 740 :cquo
490 704 525 732 ab
542 709 656 740 utraque
679 705 785 738 abesse,
807 711 854 733 aut
879 706 974 735 adesse

190 751 241 779 ista
259 751 414 786 contingat;
427 750 492 785 quid
507 753 536 778 tu
548 751 681 779 hactenus
697 758 750 778 non
768 759 802 779 ex
819 753 974 787 apparenti-

188 799 240 825 bus
257 801 285 825 et
309 797 421 825 incertis
444 797 516 832 quod
542 797 798 831 praestantissimum
823 798 859 826 sit
874 798 974 834 eligis?

1038 253 1258 287 παρασκευάζον,
1274 254 1291 290 ὴ
1310 254 1394 290 τύχη·
1418 255 1442 282 εἰ
1466 255 1516 291 μὲν
1531 253 1578 282 οὖν
1601 256 1713 288 ἐκείνως
1732 256 1831 291 μόνον,

1037 299 1160 325 τουτέστι
1183 298 1227 326 διὰ
1248 300 1298 334 τῆς
1311 300 1458 336 ῥητορικῆς
1471 301 1522 328 οίει
1536 310 1577 328 σοι
1592 301 1761 337 παρέσεσθαι
1776 302 1831 337 τὴν

1035 343 1129 378 τύχην,
1149 343 1219 370 ὥστε
1235 344 1315 380 ἄρξαι
1330 346 1395 372 ποτὲ
1412 346 1467 381 (58)
1486 348 1645 382 παρασχεῖν,
1659 343 1679 382 ’ἢ
1701 347 1829 382 ὑπάρξαι

1035 387 1083 422 τὴν
1102 387 1231 423 μεγίστην
1253 389 1350 425 ἀρχὴν,
1373 390 1399 417 τί
1418 391 1593 425 κατέγνωκας
1614 392 1727 427 ἀτυχίαν
1744 392 1827 427 φιλο»

1035 433 1129 468 σοφίας
1142 443 1148 467 ;
1162 434 1197 461 Ἑί
1209 433 1235 460 ’δ’
1258 435 1356 470 ἐπίσης
1369 435 1470 471 ἀμφοῖν
1487 437 1623 473 ἐνδέχεται
1638 439 1686 465 καὶ
1709 438 1824 465 ἀπεῖναι

1033 478 1081 505 καὶ
1096 479 1306 513 παραγενέσθαι,
1321 481 1348 507 τί
1362 481 1400 518 μὴ
1414 482 1482 514 τέως
1500 483 1564 518 αίρῇ
1577 483 1631 510 τῶν
1647 484 1823 519 φαινομένων

1031 523 1062 549 τὸ
1087 524 1218 559 ἄριστονς
1243 525 1309 552 αὐτὸ
1333 526 1383 561 μὲν
1402 527 1456 562 γὰρ
1478 527 1539 554 καθ’
1568 528 1634 555 αὐτὸ
1658 529 1822 564 φιλοσοφίαν

1031 569 1078 596 καὶ
1093 564 1193 606 συφῂς
1212 568 1283 598 εἶναι
1304 571 1406 598 καλλίω
1422 573 1586 608 ῥητορικῆς·
1601 573 1632 599 τὸ
1644 573 1673 599 δὲ
1685 574 1740 601 δεῖν
1755 575 1822 602 ὄνα-

1031 614 1093 642 σθαι
1118 624 1164 643 σου
1181 616 1229 652 τὴν
1253 617 1340 650 πόλιν,
1364 619 1577 654 ἀναγκαιότερόν
1603 628 1644 646 σοι
1668 620 1700 646 τδ
1725 622 1819 656 χεῖρον

1029 660 1116 686 ποιεῖ’
1141 660 1178 692 ὡς
1197 660 1228 697 δὴ
1240 661 1287 688 νῦν
1303 661 1352 697 μὲν
1368 660 1472 694 ἔξεστιν
1495 663 1614 695 ἐλπίζειν
1634 663 1668 691 τὰ
1690 664 1816 699 ἀμείνω·
1853 657 1859 660 ἤ

1028 704 1237 742 φιλοσοφήσαντι
1252 707 1281 734 δὲ
1301 708 1326 734 οἱ
1339 707 1397 734 θεοὶ
1411 708 1511 740 πάντες
1524 708 1626 744 ἐχθροὶ,
1641 709 1690 736 καὶ
1703 709 1754 745 τὴν
1766 709 1816 736 1":-

1027 758 1077 786 χην
1091 749 1301 786 ὲξοχετεύουσιν.
1325 752 1362 785 ὡς
1385 754 1447 790 μηδ’
1461 754 1490 780 ὲν
1510 755 1571 786 ταῖς
1585 754 1691 782 ἐλπίσιν
1711 755 1817 783 ἀπολι-

1025 796 1143 831 λεῖφθαι.
1164 797 1233 832 Ἐγὼ
1251 798 1279 825 δὲ
1292 799 1368 827 οὔπω
1382 800 1429 827 καὶ
1443 801 1561 838 τήμερον
1575 802 1669 829 τοῦτον
1683 802 1817 838 ἀκηκοὼς

186 842 254 870 Nam
267 843 354 878 ipsam
371 850 419 878 per
434 850 494 870 sese
510 842 709 878 philosophiam
733 843 876 871 rhetoricae
894 848 964 872 ante-

1024 839 1082 869 οῖδα
1098 843 1145 870 τὸν
1166 843 1254 878 λόγον,
1272 845 1361 882 ὅτιτῇ
1379 848 1463 883 σεμνῇ
1490 848 1634 883 φιλοσοφίᾳ
1656 848 1729 880 θεῖός
1753 850 1814 876 ἐστι
1848 869 1851 877 ι

186 888 284 915 cellere
303 891 361 915 tute
383 887 440 922 ipse
463 887 575 921 fateris;
594 887 668 923 quod
690 895 755 916 vero
778 889 909 923 prodesse
925 897 964 924 pa‘

1024 889 1124 925 κλῆρος
1137 891 1255 926 ἀτυχεῖν.
1279 892 1360 919 Ἀλλὰ
1376 893 1450 928 μόλις
1467 894 1516 929 μὲν
1528 894 1562 922 ἂν
1583 896 1612 922 ὲν
1630 897 1663 931 τῇ
1681 897 1759 931 κοινῇ
1778 898 1812 932 τῇ

185 933 246 960 triae
262 932 372 965 debeas,
387 933 413 960 id
431 933 481 962 tibi
495 933 568 968 quod
583 933 703 961 deterius
717 937 760 960 est
780 933 865 968 magis
876 941 972 962 neces-

183 979 287 1007 sarium
303 979 400 1006 reddit.
416 977 500 1012 Quasi
520 987 594 1006 nunc
610 979 719 1014 quidem
739 979 850 1007 meliora
861 987 973 1014 sperare

184 1024 265 1053 iiceat
280 1033 288 1051 :
306 1024 396 1052 simul.
412 1032 477 1052 vero
498 1024 683 1059 philosophari
709 1024 836 1060 coeperis,
860 1024 897 1052 dii
922 1025 971 1053 tibi

183 1076 278 1098 omnes
288 1070 392 1097 inimici
410 1070 475 1102 sint,
499 1069 689 1106 fortunamque
703 1077 810 1098 omnem
832 1071 885 1099 alio
899 1071 972 1099 deri-

183 1119 257 1149 veut,
271 1120 301 1143 ut
323 1123 358 1143 ne
379 1116 406 1143 in
426 1123 474 1151 spe
496 1115 606 1151 quidem
631 1115 809 1151 relinquatur.
834 1116 891 1153 Ego
906 1124 971 1145 vero

182 1161 302 1189 nondum
323 1161 351 1188 in
364 1161 435 1189 banc
455 1168 544 1196 usque
559 1161 630 1188 diem
646 1161 741 1188 audire
758 1161 878 1194 memini,
900 1162 970 1190 hanc

181 1213 244 1234 esse
268 1210 370 1234 sanctae
388 1206 568 1242 philosophiae
589 1212 689 1235 sortem
710 1207 840 1235 divinitus
853 1208 969 1236 attribu-

181 1254 249 1284 tam,
264 1255 294 1279 ut
306 1251 400 1279 infelix
415 1255 499 1280 esset.
516 1251 708 1279 Verumtamen
724 1260 796 1288 aegre
812 1253 921 1288 quidem
940 1253 968 1281 in

180 1296 318 1323 communi
342 1297 498 1324 mortalium
519 1300 616 1323 natura
629 1297 670 1324 vis
688 1300 716 1324 et
727 1297 873 1332 prudentia
887 1298 968 1326 simul

180 1341 374 1374 convenerint;
387 1348 583 1376 nonnunquam
594 1345 688 1368 tamen
703 1342 797 1370 ambas
811 1341 883 1370 Deus
902 1350 968 1371 con-

177 1386 309 1421 iunxerit.
327 1385 509 1419 Quamobrem
524 1386 615 1413 licebit
638 1393 673 1413 ex
695 1393 754 1414 mea
770 1387 903 1420 oratione,
925 1387 967 1415 vel

180 1436 293 1458 necesse
313 1430 365 1457 erit
379 1429 460 1465 243
474 1430 565 1465 potius
585 1429 709 1457 eumdem
726 1434 754 1457 et
777 1430 966 1466 philosophum

179 1482 252 1507 esse,
264 1479 292 1502 et
307 1478 442 1502 amantem
458 1475 572 1510 patriae:
586 1482 637 1503 nec
659 1474 795 1502 fortunam
809 1476 964 1510 desperare,

178 1520 226 1548 scd
243 1527 291 1556 pro
305 1520 363 1548 suis
379 1520 461 1547 etiam
476 1520 583 1549 meritis
596 1527 708 1556 sperare
721 1521 844 1548 meliora.
859 1520 964 1549 Etenim

177 1567 230 1594 hoc
254 1574 309 1594 uno
332 1566 503 1601 praesertim,
528 1569 557 1593 ut
579 1566 665 1594 veteri
688 1566 832 1602 proverbio
852 1566 963 1600 dicitur,

178 1611 256 1646 probi
280 1611 368 1639 malos
390 1613 531 1646 superant,
545 1611 617 1639 bona
642 1619 700 1646 spe.
717 1609 860 1646 Quomodo
880 1611 964 1647 igitur

178 1658 299 1685 inferiori
313 1658 376 1686 illos
392 1665 454 1686 esse
470 1657 626 1686 conditione
647 1657 810 1686 fatebimur?
829 1658 962 1686 Necessa-

178 1703 248 1730 rium
260 1707 351 1731 autem
363 1703 389 1730 id
402 1703 465 1736 erit,
481 1703 504 1730 si
517 1703 583 1739 quid
599 1703 719 1738 opinioni
735 1708 786 1731 tua:
798 1704 960 1738 tribuimus;

177 1757 238 1784 qua:
251 1753 278 1776 te
293 1757 326 1776 eo
335 1749 436 1776 erroris
447 1748 569 1781 adduxit,
587 1753 616 1776 ut
625 1748 733 1777 diceres
744 1750 792 1776 tibi
808 1750 962 1785 rcipub!ica:

175 1801 259 1821 causa
272 1793 298 1820 in
317 1798 363 1820 tua
378 1798 436 1821 arte
450 1801 511 1821 esse
523 1793 762 1828 perseverandum.
779 1794 875 1822 Patere
888 1795 960 1823 enim

174 1847 218 1866 me
231 1839 258 1866 in
271 1840 472 1867 accusationem
487 1846 645 1867 convertere
659 1840 732 1868 illius
754 1840 843 1868 cavilli
861 1849 961 1876 purga-

173 1885 285 1917 tionem,
312 1885 358 1919 qui
382 1892 443 1912 cum
467 1885 558 1912 nullus
586 1889 659 1913 esset
680 1886 804 1918 omnino,
826 1887 874 1914 tioi
898 1895 960 1915 esse

174 1930 248 1957 visus
263 1934 306 1957 cst
328 1930 436 1964 aliquis.
458 1929 550 1965 Neque
568 1930 640 1957 enim
655 1930 783 1966 amplius,
798 1931 903 1966 opinor,
919 1933 959 1960 vi-

172 1974 290 2002 debitur.
319 1975 425 2009 Alioqui
450 1974 600 2009 periculum
625 1978 677 2006 est,
703 1983 737 2002 ne
752 1975 824 2010 apud
851 1983 957 2004 sacram

171 2019 293 2052 Cyrenen
320 2023 347 2046 tn
370 2027 413 2046 tne
436 2019 585 2053 praesertim
610 2019 806 2046 amicissimum
829 2023 910 2055 caput
930 2021 957 2048 in

170 2064 274 2092 crimen
287 2063 419 2091 adducas.
431 2063 497 2091 Nam
516 2064 539 2091 si
562 2065 612 2091 hoc
626 2063 782 2092 civitatibus
797 2072 956 2100 persuasum

170 2110 222 2137 orit
242 2109 327 2136 solam
350 2109 497 2136 oratoriam
515 2113 598 2136 artem
616 2110 758 2144 praesentia
786 2110 956 2138 incommoda

171 2161 274 2183 mutare
288 2162 377 2189 pOSSe,
389 2154 470 2189 idque
482 2154 592 2182 unicum
612 2162 707 2182 eorum
726 2163 787 2183 esse
802 2155 896 2189 decus,
907 2155 954 2191 qui

1022 934 1105 971 θνητῇ
1125 935 1204 970 φύσει
1217 937 1366 964 συνέλθοιεν
1379 938 1455 974 ίσχὺς
1468 948 1498 966 τε
1512 939 1558 967 καλ
1574 941 1714 977 φρόνησις.
1732 942 1813 968 Ἐστι

1023 981 1077 1017 μὴν
1087 982 1131 1008 ὅτε
1145 983 1296 1018 συνήγαγεν
1306 984 1391 1016 αὑτὰς
1406 985 1505 1019 όιϐεός.
1522 986 1645 1019 Ἔξεστιν
1660 985 1706 1014 οὖν
1712 988 1747 1014 ὲκ
1761 987 1810 1014 τοῦ

1021 1026 1110 1060 λόγου,
1127 1026 1226 1062 μᾶλλον
1239 1027 1268 1054 δὲ
1285 1029 1360 1056 πᾶσα
1375 1029 1491 1066 ἀνάγκη,
1506 1031 1551 1066 τὸν
1565 1031 1646 1058 αὐτὸν
1662 1030 1743 1065 εἶναι,
1762 1033 1811 1060 καὶ

1020 1071 1230 1106 φιλόσοφον,καὶ
1247 1073 1397 1107 φιλόπολιν,
1410 1062 1456 1101 καὶ
1546 1062 1743 1110 ἀπογινώσκειν
1757 1078 1810 1113 τῆς

1019 1116 1087 1152 τύχη
1092 1125 1114 1148 ς,
1124 1117 1192 1144 ἀλλὰ
1202 1119 1250 1145 καὶ
1264 1119 1416 1155 προσδοκᾷν
1425 1120 1458 1147 τὰ
1467 1120 1581 1157 ἀμείνω,
1589 1121 1633 1148 διὰ
1643 1122 1692 1158 τὴν
1702 1123 1809 1150 οἰκείαν

1019 1161 1108 1193 ἀξίαν.
1126 1163 1182 1199 Οὐχ
1197 1163 1297 1199 ἥκιστα
1323 1165 1378 1201 γὰρ
1404 1167 1477 1202 μόνῳ
1499 1167 1716 1200 πλεονεκτοῦσιν,
1739 1168 1808 1201 ὼςῦ

1019 1209 1133 1242 παλαιὸς
1147 1209 1234 1244 λόγος,
1252 1212 1277 1238 οἰ
1293 1213 1407 1248 χρηστοὶ
1420 1214 1473 1240 τῶν
1495 1215 1631 1250 πονηρῶν,
1655 1216 1716 1247 ταῖς
1733 1216 1807 1250 ἁγα-

1019 1254 1078 1287 θαῖς
1092 1255 1191 1284 ἐλπίσι.
1206 1257 1269 1289 Πῶς
1282 1256 1328 1285 οὗν
1344 1258 1452 1286 ἔλαττον
1463 1260 1561 1292 αὐτοὺς
1574 1260 1645 1296 ἔχειν
1658 1263 1805 1297 συγχωρή-

1019 1309 1116 1336 σομεν;
1141 1301 1259 1339 Ἀνάγκη
1274 1303 1306 1335 δ’,
1322 1305 1347 1330 εί
1362 1305 1431 1340 πρὸς
1444 1306 1490 1332 τὸν
1503 1305 1578 1340 παρὰ
1593 1306 1640 1333 σοῦ
1657 1306 1735 1341 λόγον
1757 1309 1805 1333 ὲν-

1016 1345 1138 1381 δοίημεν,
1155 1347 1185 1379 ὂς
1207 1349 1247 1380 είς
1269 1348 1347 1376 τοῦτό
1372 1359 1402 1377 σε
1422 1352 1579 1386 προήγαγεν
1599 1353 1750 1388 ἁμαρτίας,
1772 1353 1805 1380 τὸ

1018 1389 1074 1426 [γρ.
1091 1391 1173 1428 ὥστε]
1188 1393 1270 1428 φάναι
1282 1394 1334 1430 τῆς
1353 1396 1457 1428 πόλεως
1471 1397 1551 1424 ἕνεκα
1571 1397 1625 1424 δεῖν
1642 1398 1734 1433 μένειν
1756 1399 1807 1425 ἐπὶ

1016 1436 1065 1471 τῆς
1077 1435 1184 1472 τέχνης.
1207 1438 1335 1474 Ἀνάσχου
1353 1441 1407 1476 γάρ
1421 1450 1471 1476 μου
1490 1443 1676 1477 μετατιθέντος
1697 1445 1738 1475 είς
1755 1452 1804 1470 κα-

1014 1481 1145 1517 τηγορίαν
1164 1482 1214 1519 τὴν
1228 1485 1292 1519 περὶ
1315 1485 1361 1512 τοῦ
1385 1486 1550 1522 σκώμματος
1570 1488 1728 1523 ἀπολογίαν,
1740 1489 1755 1516 δ
1767 1490 1802 1524 δὴ

1017 1525 1055 1563 μὴ
1073 1526 1103 1554 ὂν
1115 1528 1203 1561 ἔδοξεν
1218 1527 1287 1557 εἷναί
1299 1538 1341 1557 σοι
1356 1532 1497 1568 πρότερον.
1516 1533 1554 1560 οὐ
1570 1533 1635 1569 γὰρ,
1649 1532 1736 1570 οἶμαι,
1752 1535 1802 1562 νῦν

1015 1572 1055 1600 ἔτι
1068 1573 1152 1601 δοκεῖ.
1171 1574 1246 1602 Ἐπεί
1257 1585 1298 1603 τοι
1308 1577 1453 1605 κινδυνεύω
1466 1578 1513 1605 καὶ
1524 1578 1716 1615 διαϐεϐλῆσθαι
1730 1581 1801 1616 πρὸς

1012 1618 1063 1654 τὴν
1083 1618 1158 1654 ίεράν
1175 1620 1303 1656 Κυρήνην
1317 1621 1370 1648 ὑπὸ
1393 1622 1452 1655 σοῦ,
1477 1623 1524 1650 καὶ
1546 1623 1633 1651 ταῦτα
1654 1625 1703 1660 τῆς
1717 1626 1814 1660 φίλης-

1014 1671 1059 1698 μοι
1071 1664 1201 1701 κεφαλῆς.
1215 1666 1245 1692 Εί
1258 1667 1311 1702 γὰρ
1321 1667 1353 1702 δὴ
1371 1668 1507 1695 πεισθεῖεν
1522 1670 1550 1696 αι
1569 1670 1660 1702 πόλεις
1670 1671 1739 1706 (59),
1757 1672 1799 1698 ὅτι

1012 1709 1143 1745 ῥητορικὴ
1171 1711 1238 1746 μόνη
1263 1712 1374 1740 δύναται
1399 1714 1554 1749 μεταθεῖναι
1577 1716 1627 1747 τὰς
1656 1716 1799 1752 παρούσας

1011 1754 1102 1786 αὐτοῖς
1119 1756 1270 1792 συμφορὰς,
1296 1758 1342 1784 καὶ
1360 1759 1440 1794 μόνον
1460 1760 1615 1787 ἐπὶτοῦτο
1632 1762 1718 1797 γέρας
1740 1763 1797 1790 τῶν

1009 1797 1181 1834 βοηθούντων
1197 1803 1253 1833 τοῖς
1263 1802 1354 1837 έχουσι
1375 1805 1438 1840 περὶ
1453 1805 1623 1840 συμϐολαίων
1642 1807 1692 1839 τὰς
1704 1807 1795 1840 δίκας,

1010 1843 1206 1878 χαλεπανοῦσιν
1221 1847 1287 1881 ἡμῖν
1300 1848 1357 1879 τοῖς
1379 1848 1443 1875 ἄλλο
1462 1858 1490 1876 τι
1513 1850 1711 1885 θεραπεύουσιν
1733 1852 1795 1879 ἀντὶ

1009 1888 1056 1916 τοῦ
1068 1889 1199 1925 βήματος.
1211 1889 1259 1924 Εἷς
1270 1901 1317 1920 ουν
1330 1894 1392 1928 ἐμοὶ
1405 1895 1472 1929 πρὸς
1484 1896 1514 1922 σέ
1526 1905 1557 1923 τε
1571 1897 1618 1924 καὶ
1629 1897 1677 1929 τὰς
1702 1897 1796 1929 πόλεις

1008 1934 1117 1967 ἁπάσας
1132 1936 1201 1972 ὑπὲρ
1214 1937 1369 1973 φιλοσοφίας
1383 1940 1397 1966 ό
1417 1940 1504 1975 λόγος,
1522 1941 1563 1968 ὅτι
1579 1943 1721 1979 παρούσης
1744 1945 1795 1979 μὲν

1007 1979 1101 2016 τύχης,
1117 1982 1164 2009 καὶ
1179 1983 1351 2012 καλεσάντων
1364 1986 1448 2021 αὐτὴν
1466 1987 1512 2013 ἐπὶ
1524 1987 1559 2014 τὰ
1571 1988 1722 2024 πράγματα
1739 1989 1794 2016 τῶν

1007 2027 1120 2061 καιρῶν,
1133 2027 1260 2064 οὐδεμιᾶς
1272 2029 1330 2057 ἐστι
1346 2031 1453 2067 τέχνης,
1468 2032 1526 2059 ἀλλ’
1540 2033 1595 2060 οὐδ’
1608 2033 1666 2069 ἅμα
1684 2035 1792 2066 πασῶν,

1006 2070 1096 2106 ἐρίσαι
1109 2071 1251 2110 φιλοσοφία
1261 2075 1380 2111 περὶτοῦ
1391 2077 1440 2112 τὴν
1451 2080 1650 2114 συντονωτέραν
1660 2081 1791 2116 ἁρμόσαι,

1006 2117 1053 2143 καὶ
1067 2117 1225 2152 μετατάξαι,
1246 2120 1293 2146 καὶ
1312 2119 1409 2155 βελτίω
1422 2123 1478 2154 τοῖς
1501 2124 1656 2158 ἀνθρώποις
1678 2126 1791 2160 ποιῆσαι

1005 2162 1040 2188 τὰ
1052 2162 1212 2198 πράγματα.
1224 2164 1279 2200 Τῆς
1295 2166 1467 2204 εἱμαρμένης
1486 2168 1515 2195 δὲ
1527 2169 1603 2196 οὕπω
1616 2170 1703 2206 ταύτῃ
1718 2172 1792 2206 ρυεί-
1824 2185 1833 2197 κ

169 2201 203 2227 iis
218 2199 396 2234 opitulentur,
411 2199 458 2234 qui
480 2199 513 2226 de
529 2200 716 2227 contractibus
739 2200 800 2227 lites
819 2201 952 2234 habeant;

1015 2215 1066 2242 της,
1080 2208 1142 2234 νοῦν
1158 2208 1215 2244 ἔχει
1231 2199 1314 2237 πολὺν
1325 2199 1537 2247 οἰκειοπραγεῖν,
1550 2214 1618 2241 ἀλλὰ
1637 2215 1676 2251 μὴ
1687 2199 1791 2252 ,παρα-

168 2245 248 2272 nobis
266 2245 319 2272 illa:
334 2245 547 2277 succcnsebunt,
562 2244 635 2280 quod
650 2245 710 2272 aliis
722 2246 859 2278 omnibus.
871 2254 953 2281 quam

167 2290 308 2322 tribunali,
323 2297 421 2317 sumus
439 2290 551 2318 addicti.
567 2289 625 2318 Una
645 2290 727 2325 igitur
742 2291 809 2318 mihi
828 2291 862 2318 ad
879 2296 914 2323 te.
927 2295 954 2320 et

166 2334 293 2362 civitates
317 2342 429 2367 omnes,
458 2343 507 2370 pro
532 2335 703 2370 philosophia
728 2338 870 2371 responsio
890 2341 952 2365 est:

166 2379 286 2408 Fortuna
303 2388 366 2408 cum
387 2379 517 2413 adfuerit,
531 2385 559 2408 ct
579 2381 650 2408 illam
672 2381 707 2408 ad
730 2383 837 2417 negotia
857 2391 954 2419 capes-

165 2426 249 2454 senda
273 2430 423 2461 temporum
444 2426 515 2453 ratio
536 2427 714 2460 revocaverit,
730 2428 832 2456 nullam
850 2433 947 2462 artem,

164 2479 196 2498 ac
220 2479 254 2499 ne
276 2479 371 2500 omnes
391 2472 499 2507 quidem
521 2473 617 2506 simul,
640 2473 674 2501 de
691 2474 844 2502 ordinando
866 2475 948 2504 cilius

162 2521 209 2543 aut
226 2517 396 2545 inunutando
410 2518 564 2553 reipublicae
576 2522 715 2551 statu,aut
725 2521 836 2549 omnino
848 2521 876 2548 in
890 2529 946 2550 me-

162 2561 214 2590 lius
225 2562 422 2592 constituendis
437 2563 579 2592 hominum
594 2565 687 2599 rebus,
699 2574 761 2594 cum
774 2567 945 2603 philosophia

1002 2252 1122 2286 διοικεῑν,
1137 2254 1198 2289 μηδ’
1211 2255 1375 2290 ἀσχημονεῖν
1396 2257 1539 2290 ἀξιοῦντας
1554 2259 1698 2292 ὠθίζεσθαι
1711 2262 1788 2297 παρὰ

1002 2298 1032 2324 τὸ
1043 2298 1089 2324 τοῦ
1099 2299 1185 2331 δεῖνος
1195 2300 1314 2335 ἀρχεῖον,
1322 2300 1363 2333 οἷς
1373 2302 1410 2338 μὴ
1418 2303 1474 2339 [ηρ.
1485 2305 1511 2330 εί
1522 2304 1572 2341 μὴ]
1584 2307 1658 2333 πᾶσα
1667 2307 1786 2342 ἀνάγκη.

1008 2343 1132 2388 ᾎνάτκᾳ
1144 2343 1179 2370 δὲ
1193 2345 1262 2372 οὐδὲ
1285 2347 1356 2380 θεοὶ,
1380 2349 1457 2382 φασὶ,
1479 2349 1636 2385 μάχονται.
1658 2351 1739 2388 Ἥμίν
1757 2354 1787 2380 δὲ

1003 2387 1078 2433 ἔστιν
1093 2387 1159 2414 ἄλλα
1175 2389 1339 2426 σεμνότερα.⁵
1355 2393 1402 2418 καὶ
1418 2393 1482 2420 ὅταν
1497 2394 1512 2420 ὁ
1533 2394 1596 2427 νοῦς
1608 2396 1787 2433 ἁνενέργητος

1002 2431 1100 2479 ᾖΠπερὶ
1113 2433 1148 2460 τὰ
1169 2435 1273 2468 ἐνθάδε,
1294 2437 1358 2472 περὶ
1371 2437 1416 2465 τὸν
1435 2439 1500 2465 Θεὸν
1520 2440 1636 2475 ἐνεργεῖ.
1657 2431 1711 2469 Δύο
1731 2431 1786 2479 γὰρ

1001 2474 1081 2505 αὗται
1103 2479 1210 2515 μερίδες
1227 2481 1394 2516 φιλοσοφίας,
1413 2484 1512 2520 θεωρία
1536 2474 1584 2513 καὶ
1605 2487 1720 2522 πρᾶξις·
1736 2474 1786 2517 ἦν.

999 2523 1067 2558 δῆτα
1088 2524 1135 2550 δύο
1150 2525 1278 2561 δυνάμεις
1300 2529 1418 2564 ἑκατέρα
1439 2532 1503 2567 παρ’
1521 2533 1654 2569 ἑκατέραν
1675 2536 1783 2570 μερίδα,

1001 2570 1091 2604 σοφία,
1107 2571 1153 2597 καὶ
1171 2573 1300 2608 φρόνησις
1311 2582 1319 2589 ο
1334 2575 1404 2611 αὕτη
1421 2577 1470 2612 μὲν
1490 2577 1604 2614 δεομένη
1619 2580 1721 2616 τύχης·
1740 2591 1785 2609 σο-

791 2655 881 2685 DION.
897 2656 1034 2686 PETAVll
1052 2657 1166 2690 NOTAE.

384 2733 467 2776 ποτέ.
482 2733 650 2776 ςτοόὶᾶθςίηι
673 2738 784 2776 verbum
814 2739 894 2776 ᾇρξαι
913 2740 946 2768 de

157 2765 267 2808 {rapiare
275 2765 363 2800 aliqua
384 2769 606 2808 prael’ectnra‘vel
629 2765 789 2806 magistratu
805 2765 944 2808 di'cirjt‘n‘r:

156 2799 237 2841 ἀρξαι
250 2799 284 2841 de
301 2799 333 2827 co
345 2799 392 2836 qui
405 2802 501 2838 majori
517 2804 628 2838 subest;
643 2799 714 2841 qvfud
730 2799 795 2836 olim
808 2799 942 2838 iiiis-iii-

156 2834 334 2870 tcrpretabar.

1011 2739 1247 2791 ςέἒὲξζὲἐηζῗξξξξᾷ
1271 2746 1421 2791 asia???
1436 2749 1467 2790 αξ
1488 2750 1601 2791 «rem;
1621 2748 1781 2791 laetaris

993 2779 1089 2818 risqpe
1101 2779 1252 2811 persuasio,
1272 2780 1551 2818 horninesrsapientize
1568 2779 1659 2813 studio
1669 2779 1781 2815 deditos

991 2815 1170 2855 acturis-rum
1181 2821 1358 2855 Ecquaquam
1384 2815 1496 2855 idoneos
1507 2827 1581 2855 esse.
1596 2819 1636 2855 De
1651 2828 1707 2855 quo
1725 2819 1779 2849 So-

990 2849 1078 2872 crates
1092 2846 1164 2881 apud
1181 2846 1250 2876 Plat.
1269 2846 1365 2880 ΤῚιραξι.
1379 2856 1405 2880 et
1424 2853 1441 2880 Ι.
1459 2861 1484 2882 vt
1500 2854 1536 2882 De
1549 2846 1637 2888 νομαί).
