1955 3063
128 162 140 188 Ι
148 161 198 190 477

715 153 910 182 ΕΡιδτοιηΕ.
934 168 967 173 ——
987 151 1097 180 El‘IST.
1115 150 1183 179 CIV.

1691 149 1762 177 M78

127 220 176 255 φία
192 220 220 246 δὲ
235 218 389 254 αὐτάρκης,
404 216 451 243 καὶ
467 213 605 246 ἀκώλυτος
617 214 634 249 ἡ
646 213 707 240 κατ’
723 212 831 246 ἐκείνην
843 211 919 246 ἐνέρ-

976 217 1053 245 posse
1067 209 1245 237 contendere.
1262 208 1316 236 Sed
1338 215 1399 235 rum
1424 207 1545 237 nondum
1560 214 1593 235 eo
1610 205 1700 235 fatalis
1716 214 1766 235 ne—
1795 234 1798 236 .

127 272 199 299 γεια.

971 255 1089 282 cessitas
1115 253 1288 290 pervenerit,
1316 253 1450 288 sapientis
1471 257 1513 280 est
1539 261 1652 281 suarum
1673 260 1766 280 rerum

127 317 270 348 satagere;
286 319 341 338 non
353 316 495 346 perperam
511 307 585 336 actui
600 314 691 334 rerum
708 306 862 334 immiscere
876 312 916 337 se,
936 312 988 332 nec
1002 309 1101 339 praeter
1133 305 1264 332 decorum
1288 304 1322 332 ad
1345 305 1427 340 hujus
1447 301 1605 339 pnctorium
1615 306 1766 348 "perrum-

128 346 202 395 pere,
219 357 271 385 nisi
288 360 411 385 extrema
430 354 584 383 necessitas
603 353 752 388 impulerit.
775 351 934 378 Nec-cuitali
951 358 1009 377 vero
1024 359 1055 378 ne
1076 351 1115 378 dii
1142 352 1256 386 quidem,
1274 355 1307 378 ut
1330 351 1418 384 aiunt,
1439 352 1595 385 repugnent.
1614 346 1699 374 Nobis
1718 352 1767 372 au-

128 394 181 433 tem
197 404 249 432 alia
264 403 402 431 sanctiora
415 406 480 430 sunt
492 422 499 435 ,
513 408 541 430 et
558 409 620 429 cum
656 401 690 428 ab
723 400 757 428 iis
779 398 959 427 inferioribus
979 403 1057 426 vacat
1070 400 1189 432 animus,
1203 401 1277 426 circa
1299 399 1383 426 Deum
1404 402 1563 433 occupatur.
1588 396 1653 424 Duae
1666 394 1767 429 quippe

128 456 192 479 sunt
207 452 248 478 lue
262 450 441 485 philosophia:
466 452 572 484 partes,
592 446 785 482 contemplatio
797 450 825 474 et
842 445 935 472 actio:
957 451 989 471 ac
1006 445 1117 473 totidem
1139 446 1242 473 idcirco
1269 445 1413 472 facultates
1442 444 1556 479 singulae
1592 441 1707 477 singulis
1724 444 1767 466 at-

128 498 238 525 tributae
255 497 385 532 partium,
410 495 545 529 sapientia
564 498 592 522 et
605 493 770 529 prudentia;
799 492 858 520 haec
879 489 998 519 fortunae
1031 492 1178 528 indigens,
1201 492 1248 519 illa
1271 491 1322 519 sibi
1347 490 1495 522 sufﬁciens,
1527 489 1608 524 cujus
1640 495 1692 515 nec
1715 486 1767 514 iur-

127 545 213 580 pcdiri
231 544 335 572 functio
351 547 450 579 potest.

397 588 569 617 ΕΙΗΣΤΟΛΗ
588 585 647 615 ΡΔ¹.

428 633 471 667 τῷ
487 633 619 668 ἀδελφῷ.

162 683 233 715 Τοὺς
255 682 354 714 αὐτοὺς
371 681 406 709 ἂν
425 681 491 712 ἴδοις
512 681 541 706 ὲν
558 679 607 715 μὲν
632 678 730 714 εἰρήνῃ
752 677 874 712 Θρασεϊς,
891 675 921 702 ὲν

125 729 154 755 δὲ
172 728 283 763 πολέμῳ
297 726 411 758 δειλοὺς,
435 724 573 752 τουτέστιν
595 722 752 758 ἅπανταχοῦ
773 719 919 755 πονηρούς.

128 774 209 801 Ὥστε
223 782 268 809 μοι
279 773 353 800 δοκεῖ
362 771 464 807 ταύτην
474 779 516 802 τις
529 769 641 801 δικαίως
652 769 750 796 εἰδέναι
758 766 797 803 τῷ
808 766 919 801 πολέμῳ
944 780 945 783 η

127 821 218 856 χάριν.
238 819 278 846 ὅτι
295 817 410 854 βάσανός
430 817 488 843 ἐστι
507 815 554 842 τοῦ
568 815 633 850 περὶ
647 814 696 849 τὴν
710 812 825 848 καρδίαν
839 811 920 846 αἷμα-

1245 580 1415 608 EPlSTOLA
1439 578 1507 608 CIV.

1319 626 1423 654 Fratri.

1008 671 1138 700 Homines
1151 672 1263 700 eosdem
1280 672 1373 700 rideas
1397 676 1520 707 tempore
1543 671 1620 707 pacis
1637 671 1765 703 audaces.

973 717 1077 745 militia!
1095 717 1218 752 ignavos.
1248 717 1299 745 hoc
1325 723 1367 745 est
1392 718 1493 753 ubique
1513 718 1662 752 improbos.
1685 716 1768 753 κα

973 761 1051 790 Unde
1067 762 1151 798 hujus
1170 764 1208 791 rei
1227 771 1310 791 causa
1329 763 1452 791 habenda
1473 763 1544 791 bello
1559 763 1649 799 gratia
1669 765 1767 790 merito

973 808 1042 835 milii
1053 808 1171 839 videtur,
1191 809 1263 844 quod
1282 810 1371 843 qualis
1385 809 1458 836 circa
1478 816 1527 836 cor
1538 809 1637 845 cuique
1653 809 1767 844 sanguis

127 855 172 898 τος
188 865 314 901 ἀκριϐὴς,
329 863 377 890 καὶ
397 862 512 898 συχνοὺς
533 860 667 892 ἀλαζόνας
683 858 858 894 παραλαϐὼν,
875 866 920 893 με-

976 855 1019 887 sit,
1035 855 1138 890 optitna
1153 856 1189 883 sit
1209 855 1341 891 probandi
1363 855 1449 887 ratio;
1467 855 1687 890 compluresque,
1698 862 1768 890 quos

127 911 290 948 τριωτέρους
304 911 370 946 ἡμῖν
389 909 561 936 ἀποδίδωσιν.
585 907 622 933 Οὐ
637 906 702 941 γὰρ,
717 903 804 940 οἶμαι,
820 904 851 931 τὺ
866 903 921 930 ἀπὸ

128 958 204 985 τοῦδε
229 957 354 993 σοϐήσειν
376 955 419 982 διὰ
437 955 486 989 τῆς
502 953 605 989 ἀγορᾶς
626 952 753 987 Ἰωάννην
772 951 818 977 τὸν
833 949 923 985 ἁλιτή-

134 1012 201 1039 ριον,
217 1002 281 1029 ὀὐδὲ
305 1002 360 1034 πὺξ
383 1000 516 1031 ἐντενεῖν,
539 998 600 1025 οὐδὲ
623 997 671 1030 λὰξ
691 994 844 1022 ἐναλεῖσθαι
867 994 922 1021 τῶν

130 1048 341 1085 ἐπιεικεστέρων
365 1047 428 1075 τινί.
447 1046 518 1078 Χθές
537 1053 578 1072 τοι
603 1044 674 1070 πάνυ
704 1042 838 1078 λαμπρῶς
865 1049 923 1067 συν-

130 1096 262 1133 ηγορήκει
275 1096 309 1131 τῇ
325 1093 471 1130 παροιμίᾳ,
496 1092 595 1127 μᾶλλον
609 1091 638 1117 δὲ
651 1089 690 1126 τῷ
706 1087 832 1124 χρησμῷ.
852 1088 924 1122 Χρη-
942 1102 945 1103 ν

131 1143 199 1179 σμὸς
215 1141 269 1177 γὰρ
284 1140 425 1177 ἄντικρυς.
440 1138 526 1166 Τοῦτό
539 1146 571 1173 γε
587 1137 697 1169 πάντως
712 1134 801 1166 οἶσθα,
811 1133 851 1166 τὸ,

203 1244 308 1277 Οὐδεὶς
328 1242 473 1278 κομήτης,
487 1241 572 1274 ὅστις
585 1240 622 1267 οῠ
635 1237 798 1274 ψηνιζὲται.

138 1292 260 1328 Ἡμέρας
273 1290 322 1327 μὲν
341 1289 397 1326 γάρ
410 1297 487 1320 τινας
500 1287 565 1322 ἑξῆς
577 1287 602 1313 οῑ
616 1285 740 1321 πολέμιοι
754 1282 925 1319 προσηγγέλ-

134 1339 212 1365 λοντο
223 1345 230 1352 ·
249 1335 334 1371 κάμοί
345 1343 376 1362 τε
391 1333 560 1368 ἀπαντητέον
574 1331 671 1364 ἐδόκει,
688 1330 734 1357 καὶ
755 1329 924 1364 Βαλαγρίτας

136 1381 366 1418 συντεταγμένους
384 1380 480 1415 ἐξῆγεν
494 1380 509 1406 ὁ
530 1378 668 1413 φύλαρχος
682 1376 750 1412 (41).
776 1373 842 1402 Εἶτα
861 1374 926 1408 φθά-

133 1437 229 1460 σαντες
252 1428 293 1459 et;
311 1427 361 1462 τὴν
377 1425 498 1461 πεδινὴν,
522 1423 731 1459 περιεμένομεν.
757 1420 882 1455 Οὑδαμοῦ
897 1419 925 1445 δὲ

132 1473 318 1510 φαινομένων,
347 1472 410 1508 περὶ
434 1470 562 1506 βουλυτὸν
585 1467 783 1504 ἁπεχωροῦμεν
811 1466 926 1497 ἕκαστος

131 1520 221 1548 οῐκαδε
243 1518 300 1556 [113.
317 1517 398 1554 οἴκοι]
411 1539 418 1550 ,
443 1516 601 1551 συνθέμενοι
619 1514 699 1542 πάλιν
719 1513 795 1549 ἥξειν
814 1513 855 1543 είς
876 1511 925 1556 τῂν

132 1553 296 1600 ὑστεραίαν·
320 1564 335 1590 ὁ
359 1563 388 1590 δὲ
413 1561 486 1598 Φρὺξ
514 1560 640 1595 Ἰωάννης
655 1558 711 1594 (42)
733 1557 802 1589 τέως
825 1556 874 1592 μὲν
891 1553 925 1591 ἦν

131 1610 251 1646 οὐδαμοῦ
261 1618 269 1626 ·
283 1609 380 1637 οὔκουν
401 1608 472 1635 ὥστε
484 1607 531 1634 καὶ
548 1605 666 1642 φανερὸς
681 1602 768 1632 εἷναι⁶
784 1604 878 1639 φήμας
899 1602 927 1629 δὲ

132 1657 294 1692 ὑπέπεμπε,
308 1655 357 1682 νῦν
371 1655 420 1690 μὲν
432 1655 470 1686 ὼς
485 1653 628 1686 κατεαγὼς
641 1652 696 1686 εἴη,
710 1650 759 1678 καὶ
771 1649 928 1685 διαπρίεται

132 1703 162 1730 τὸ
176 1702 287 1734 σκέλος·
303 1701 351 1728 νῦν
371 1701 400 1727 δὲ
416 1700 456 1732 ὡς
469 1699 500 1726 τὸ
522 1698 616 1734 ἆσθμα
639 1697 715 1724 νοσεῖ
723 1705 731 1712 ·
746 1695 794 1723 νῦν
809 1695 839 1721 δὲ
863 1694 928 1722 ἄλλο

131 1758 158 1777 τι
174 1748 259 1776 κακὸν
273 1747 391 1781 ἐξαίσιον
410 1745 476 1781 ἔχει.
495 1743 616 1771 Τοιοῦτο(
630 1751 703 1774 τινες
717 1741 832 1776 ἐφοίτων
847 1740 926 1774 λογο-

133 1794 215 1828 ποιοὶ,
228 1793 308 1825 ἄλλος
321 1791 432 1820 ἄλλοθεν
445 1791 523 1826 ἥκειν
536 1790 662 1825 φάμενοι,
677 1787 725 1815 τοῦ
748 1786 816 1822 μηδὲ
839 1786 924 1820 σαφὲς

133 1838 202 1867 εἶναι
215 1841 261 1866 ποῖ
282 1840 333 1874 γῆς
354 1838 480 1872 Ἰωάννης
500 1835 622 1868 δέδυκεν,
645 1833 662 1870 ἢ
679 1833 842 1869 κρύπτεται.
871 1831 925 1858 Με-

133 1886 199 1918 ταξὺ
231 1885 254 1912 δ’
285 1885 319 1912 ἂν
344 1884 517 1920 διηγούμενοι
540 1881 610 1917 πρὸς
639 1880 689 1916 τὴν
720 1878 850 1914 ἀκαιρίαν
875 1875 924 1912 τῆς

134 1931 277 1967 συμφορᾶς
300 1929 488 1965 ἐσχετλίαζον,
518 1927 698 1961 ὑπεδάκρυον.
719 1924 777 1951 Νῦν
801 1923 855 1950 ἔδει
876 1922 923 1949 τοῦ

134 1977 260 2013 γενναίου
282 1977 417 2011 λήματος·
435 1973 484 2001 νῦν
509 1974 564 2001 τῶν
587 1971 692 1999 ἐκείνου
713 1970 821 2007 χειρῶν.
840 1969 872 1995 Τί
892 1969 925 1995 ἂν

136 2023 249 2058 ἐποίησε
261 2031 269 2055 ;
286 2022 312 2049 τί
326 2021 359 2049 ἂν
371 2021 496 2055 ὲγένετο;
519 2019 574 2046 Καὶ
588 2018 635 2045 ἐπὶ
655 2018 748 2048 πᾶσιν,
762 2015 785 2043 ὣ
798 2015 844 2042 τοῦ
870 2014 926 2041 δαί-

137 2069 234 2105 μονοςῐ
262 2068 347 2095 εἰπὼν
375 2067 407 2094 ἂν
428 2066 552 2098 ἕκαστος,
574 2064 622 2092 καὶ
633 2064 672 2090 τὼ
691 2064 767 2098 χεῖρε
792 2060 925 2093 πατάξας,

136 2113 330 2150 ἀπηλλάττετο.
339 2111 430 2139 *Ησαν
442 2112 470 2138 δὲ
485 2107 561 2138 οὗτοι
573 2109 628 2136 τῶν
642 2109 685 2136 ἐπ’
696 2107 785 2135 οὐδενὶ
799 2106 926 2150 χρησίμῳ

137 2160 220 2187 πάλαι
243 2158 495 2195 παρατρεφομένων
520 2156 612 2192 αὐτῷ,
637 2155 756 2191 κομῆται
775 2154 823 2180 καὶ
839 2149 924 2184 οὗτοι,
938 2171 964 2200 D

137 2205 185 2232 καὶ
198 2204 273 2231 οὐδὲν
291 2203 377 2238 ὑγιὲς,

178 2303 286 2339 Ἀρνῶν
299 2302 347 2338 ἠδ’
361 2302 471 2337 ἐρίφων
489 2299 640 2335 ἐπιδήμιοι
654 2298 854 2360 ἀρῆιῗκῖυῆρες.

137 2385 194 2412 Καὶ
206 2384 239 2420 νὴ
257 2383 320 2414 τοὺς
333 2382 422 2414 θεοὺς,
435 2381 509 2408 ἔστιν
523 2381 591 2407 ὅπου
609 2380 657 2407 καὶ
669 2378 818 2414 γυναικῶν.
838 2378 929 2406 Τοιού-

138 2439 201 2462 τους
216 2429 324 2465 λοχίτας
337 2429 369 2454 ὲκ
390 2425 488 2454 πολλοῦ
504 2425 743 2461 παρεσκεύασται·
760 2423 820 2460 μεθ’
833 2420 871 2451 ὧν
888 2421 928 2451 εἵ-

973 907 1134 937 arrogantes
1157 902 1305 937 acceperit,
1331 902 1530 930 moderatiores
1553 902 1632 929 nobis
1655 901 1766 930 elliciat.

971 945 1030 974 Non
1046 947 1119 974 enim
1132 946 1270 982 deinceps,
1279 947 1388 982 opinor,
1398 947 1515 982 superbe
1527 946 1651 974 volitabit
1665 947 1691 974 in
1708 947 1768 974 foro

972 993 1051 1021 dirus
1066 993 1112 1020 ille
1127 992 1264 1025 Joannes;
1288 1000 1339 1020 nec
1364 1000 1456 1028 pugno
1473 993 1586 1028 impctet
1598 1001 1604 1024 ;
1617 1000 1668 1021 nec
1683 993 1769 1020 calci-

972 1039 1024 1066 bus
1044 1039 1071 1066 in
1086 1046 1253 1074 quemquam
1279 1038 1473 1066 modestiorem
1495 1038 1607 1066 insiliet.
1629 1037 1691 1066 ﬂeri
1708 1039 1769 1074 qui-

972 1084 1034 1112 dem
1061 1084 1206 1113 manifeste
1230 1085 1407 1120 proverbium
1436 1085 1502 1112 illud
1527 1085 1704 1121 approbavit,
1727 1085 1768 1113 vel

972 1130 1115 1158 oraculum
1142 1130 1245 1165 potius.
1279 1130 1427 1158 Oraculum
1456 1131 1530 1158 enim
1561 1135 1603 1158 est
1632 1130 1767 1166 profecto,

972 1177 1046 1212 quod
1061 1176 1175 1204 omnino
1193 1180 1222 1203 tu
1236 1183 1317 1204 nosse
1332 1176 1435 1204 debes:

1028 1231 1128 1260 Nullus
1148 1231 1289 1267 capillum,
1304 1233 1367 1268 quin
1381 1232 1498 1260 cinaedus
1513 1233 1560 1265 sit,
1573 1233 1653 1268 fouet.

973 1277 1087 1312 Aliqnos
1101 1277 1173 1305 enim
1192 1278 1251 1305 dies
1263 1279 1394 1306 continuo
1408 1278 1526 1306 hostium
1551 1279 1680 1307 excursio
1695 1286 1770 1307 nun-

974 1322 1111 1354 tiabatur;
1138 1329 1171 1349 ac
1194 1321 1259 1349 mihi
1288 1322 1413 1357 placebat
1436 1322 1544 1349 occurri
1571 1325 1598 1350 et
1620 1321 1771 1358 Balagritas

975 1367 1127 1395 instructos
1142 1367 1272 1394 tribunus
1289 1367 1433 1394 eduxerat.
1450 1367 1516 1395 Post
1529 1368 1587 1395 haec
1600 1368 1627 1395 in
1645 1373 1770 1403 apertum

978 1419 1105 1447 campum
1121 1412 1288 1447 prodeuntes
1311 1412 1529 1447 opperiebamur.
1549 1412 1602 1441 Sed
1619 1421 1680 1441 ctnn
1701 1420 1770 1441 nus-

975 1464 1056 1492 quam
1073 1460 1273 1492 comparerent,
1297 1457 1330 1484 ad
1355 1464 1494 1492 vesperam
1521 1457 1633 1485 domum
1652 1458 1771 1493 quisque

980 1502 1123 1535 rediimus,
1138 1510 1201 1529 cum
1228 1503 1265 1530 ita
1278 1504 1464 1535 convenisset,
1481 1509 1510 1531 ut
1528 1504 1658 1538 postridie
1672 1505 1771 1532 iterum

976 1547 1146 1576 adessemus.
1165 1547 1271 1576 Interea
1289 1549 1381 1584 Phryx
1399 1548 1519 1577 Joannes
1540 1557 1676 1585 nusquam
1699 1554 1770 1584 erat,

978 1596 1008 1618 ut
1025 1599 1054 1619 se
1081 1592 1108 1619 in
1128 1597 1304 1628 conspectum
1328 1594 1405 1620 daret
1429 1594 1587 1628 hominum;
1610 1594 1657 1622 sed
1677 1602 1771 1626 rumo-

978 1644 1023 1665 res
1041 1638 1186 1673 spargebat
1206 1648 1212 1666 :
1229 1639 1364 1666 interdum
1385 1639 1499 1675 fregisse
1515 1647 1592 1673 crus,
1612 1644 1694 1675 atque
1710 1641 1772 1668 ideo

976 1682 1088 1717 praecidi
1112 1691 1119 1709 :
1151 1682 1288 1710 interdum
1317 1683 1500 1718 suspiriosum
1533 1691 1562 1712 se
1592 1691 1676 1718 esse;
1703 1685 1772 1712 alias

979 1727 1082 1762 grande
1108 1727 1218 1761 aliquod
1250 1727 1302 1755 sibi
1329 1728 1431 1755 malum
1458 1729 1602 1756 accidisse.
1629 1728 1772 1763 Ejusmodi

977 1772 1089 1807 quidam
1105 1772 1313 1806 famigeratores
1330 1774 1493 1806 volitabant,
1507 1774 1578 1803 alius
1600 1775 1710 1802 aliunde
1725 1783 1772 1802 ve-

977 1817 1038 1845 nire
1054 1825 1084 1845 se
1106 1819 1274 1852 nuntiantes,
1296 1824 1325 1847 ut
1349 1827 1384 1847 ne
1408 1824 1483 1847 certo
1497 1823 1638 1848 constaret
1651 1828 1771 1855 quonam

979 1867 1114 1890 terrarum
1131 1863 1272 1896 subiisset,
1291 1869 1371 1900 atque
1386 1864 1431 1892 ubi
1446 1864 1542 1892 lateret
1554 1864 1683 1893 Joannes.
1700 1865 1772 1893 inter

978 1909 1145 1937 narrandum
1159 1910 1393 1945 importunitatem
1408 1910 1574 1938 calamitatis
1588 1910 1671 1946 hujus
1683 1911 1772 1947 laci-y-

978 1955 1109 1984 mabundi
1133 1956 1328 1991 querebantur.
1352 1955 1431 1983 Nunc
1464 1957 1560 1984 audaci
1588 1957 1634 1985 illo
1661 1962 1773 1993 pectore

978 2010 1048 2037 opus
1065 2002 1137 2030 foret
1154 2011 1162 2030 :
1177 2010 1251 2030 nunc
1278 2002 1353 2030 illius
1374 2002 1520 2036 manibus;
1547 2003 1612 2039 quid
1639 2004 1773 2032 fecisset?

978 2047 1133 2083 eujusmodi
1161 2047 1278 2076 fuisset?
1299 2049 1339 2075 Ac
1363 2047 1483 2081 demum,
1509 2055 1527 2076 ο
1552 2048 1645 2076 infelix
1667 2048 1770 2077 fatum!

979 2100 1042 2120 cum
1067 2092 1168 2128 singuli
1188 2092 1331 2125 dixissent,
1358 2099 1512 2127 manusque
1543 2093 1770 2128 complosissent;

978 2139 1091 2167 abibant
1114 2146 1130 2166 e
1155 2138 1255 2171 medio,
1270 2141 1298 2166 et
1321 2143 1399 2166 erant
1420 2139 1458 2166 illi
1476 2147 1509 2167 ex
1532 2147 1627 2167 eorum
1645 2147 1770 2172 numero,

978 2185 1026 2220 qui
1051 2184 1119 2213 nulli
1145 2184 1219 2212 bono
1240 2185 1311 2220 apud
1329 2192 1391 2213 eum
1417 2184 1584 2213 alebantur:
1602 2185 1721 2220 capillati
1745 2189 1772 2213 et

978 2231 1043 2266 ipsi,
1059 2230 1201 2267 frugisque
1214 2231 1336 2259 nullius:

1015 2287 1119 2322 Quique
1134 2296 1215 2323 agnos
1230 2287 1369 2324 [tardosque
1383 2288 1473 2323 palam
1487 2293 1593 2324 raptare
1606 2289 1735 2322 solebant,

979 2386 1012 2408 ac
1029 2387 1078 2416 per
1095 2380 1162 2408 deos
1188 2387 1386 2416 nonnunquam
1412 2379 1495 2407 etiam
1521 2380 1660 2408 mulieres.
1689 2380 1770 2414 Ejus-

979 2425 1054 2453 modi
1068 2425 1223 2460 manipulos
1235 2424 1395 2461 jamdudum
1406 2425 1594 2460 comparavit;
1606 2425 1770 2461 quibuscum

773 2504 865 2534 DION.
885 2504 1022 2534 PETAVII
1039 2504 1155 2534 ΝΟΤΛΕ.

177 2587 232 2623 (ιο)
242 2585 369 2623 Joannis,
384 2585 464 2619 cuius
480 2583 593 2623 saepem
604 2582 793 2623 superioribus
805 2581 927 2616 epistolis

140 2617 274 2653 meminit,
298 2617 457 2652 vanitatem.
485 2617 527 2646 ac‘
545 2618 665 2645 fucatam
698 2617 927 2653 ambitiosamque

142 2651 319 2685 stoliditatem
335 2655 538 2689 elegantissime
552 2652 684 2689 depingit.
698 2651 760 2689 qui,
770 2651 835 2678 dum
848 2652 927 2689 abes-

141 2696 183 2719 set
196 2690 358 2726 periculum.
379 2686 513 2726 strenuus
537 2695 568 2726 ac
585 2686 665 2726 fortis
679 2686 838 2726 videbatur;
856 2686 927 2712 idem

142 2720 268 2753 ubi'tuba
277 2724 471 2759 increpuisset,
482 2722 671 2758 turpissimam
684 2730 713 2750 se
722 2722 750 2749 in
761 2720 852 2756 fugam
862 2728 929 2748 con-

144 2761 262 2788 iiciehat.

139 2770 388 2831 ’lcﬁi’r.‘Efn-rer
413 2794 429 2820 ὁ
453 2793 616 2831 φύλαρχος.
645 2790 845 2831 B_alagritarum
873 2790 930 2817 dux

143 2826 278 2868 φύλαρχοξ
298 2826 521 2868 didebglup'quo
533 2826 644 2855 nomine
655 2826 855 2854 Saracenorum
863 2832 930 2860 quo-

144 2839 278 2893 tpuAano;
298 2839 448 2860 utceuatur,

144 2874 197 2901 que
230 2873 294 2894 uces
306 2863 448 2899 appellari.

999 2582 1071 2644 .542)
1092 2581 1199 2623 [L'Xlll]
1221 2583 1252 2609 '0
1268 2582 1301 2609 δὲ
1315 2582 1396 2623 Φρὺξ
1415 2582 1565 2624 Ἰωάννης.
1581 2583 1632 2624 _Vel
1645 2583 1772 2626 (ψει-ἰη-

979 2617 1005 2644 di
1028 2625 1071 2659 ent
1087 2618 1230 2659 oriundus.
1244 2618 1286 2645 vel
1300 2619 1432 2659 qula_hoc
1451 2626 1565 2659 nomine
1582 2627 1671 2654 tgnavi
1688 2623 1771 2646 etiam

981 2652 1162 2687 appellantur.
1179 2652 1251 2680 Hinc
1263 2652 1391 2688 proverb.
1410 2654 1481 2688 apud
1500 2652 1612 2681 Suidatii
1628 2662 1635 2680 :

1497 2708 1577 2741 Φρὺξ
1589 2709 1667 2744 ἀνὴρ

1051 2743 1180 2776 Πληγεὶς
1193 2742 1322 2778 ἀμείνων
1333 2749 1384 2771 και
1398 2744 1637 2778 διηκονέστερος.

982 2787 1207 2856 ῖῖκὲξζῖῗσιν
1222 2788 1367 2824 ἀργότεροι
1383 2789 1431 2816 καὶ
1456 2789 1649 2826 νωχελέστεροι
1667 2789 1693 2816 οἱ
1705 2787 1773 2825 Φρύ-
