1955 3063
180 111 197 140 Ἱ
203 107 254 141 ι’τθ

718 103 859 136 ῈὙΝΕΒΙΙ
879 103 1051 135 PTULEMM
1057 106 1110 136 IIIS
1124 105 1285 136 Ἐιιιεεσφι

1740 110 1824 139 "80

182 171 273 198 virum
289 177 321 198 se
333 169 454 205 praebere
474 177 509 197 ne
527 172 642 196 conatur
654 167 764 203 quidem
783 166 912 195 :dillicile
930 170 971 194 est

1024 175 1067 194 ναι
1082 167 1131 201 μὲν
1147 167 1216 202 ἀνὴρ
1230 167 1285 193 οὐδ’
1296 167 1447 202 ἐπιχει’ρεῖ”
1464 165 1580 201 χαλεπδν
1592 166 1664 202 γάρ’
1681 167 1820 209 σοφιστής

183 216 268 244 enim.
288 215 408 243 Callidus
431 219 521 243 autem
545 218 604 247 est;
626 217 654 241 et
670 213 900 248 quemadmodum
918 219 974 247 pm

182 261 303 294 caeteris.
316 261 362 296 qui
373 261 441 289 tales
461 260 550 295 reipsa
561 264 636 293 sunt,
647 259 717 286 virili
726 266 788 286 esse
796 258 887 285 animo
900 263 974 292 pute-

184 311 239 340 tur,
257 308 360 342 optime
380 307 532 335 consuluit.
550 305 604 334 Sed
627 305 691 332 mihi
716 304 824 332 fortuna
844 305 974 340 praeclare

183 353 258 380 illius
273 353 396 380 consiliis
408 353 548 381 obstitisse
561 351 678 379 videtur.
689 350 820 384 Quintum
834 351 906 378 enim
916 350 972 385 jam

184 398 256 426 diem
265 406 328 426 cum
340 398 424 425 armis
435 396 571 433 progressi
584 396 734 429 fueramus,
749 403 812 423 cum
823 396 913 423 adhuc
925 396 974 423 hoc

177 447 242 472 ‘stes
254 449 393 471 extremos
406 442 552 478 provinciae
566 440 641 469 'lines
655 442 860 477 popularentur,
878 446 934 468 tum
949 441 974 469 is

184 489 219 517 de
236 489 343 516 illorum
360 489 476 515 adventu
490 488 641 523 desperans
652 488 771 522 penitus,
790 487 861 522 quod
874 495 974 523 nequa-

184 541 267 570 quam
287 534 314 561 in
333 533 461 561 interiora
475 537 619 568 penetrare
630 533 724 560 ausuri
739 537 841 566 essent,
865 533 974 560 advolat

176 579 266 616 ξιξ
275 583 302 607 et
315 580 406 606 omnia
424 586 521 606 rursus
538 578 744 614 perturbatione
758 579 887 614 complet.
903 578 972 606 Tum

184 629 276 653 autem
288 624 460 660 aegritudinis
477 624 581 652 mentio
592 624 752 659 nulla,quin
766 632 814 652 eos
830 624 973 656 irridebat,

184 673 231 708 qui
248 672 274 700 id
292 672 387 700 audire
410 673 623 705 sustinuissent;
647 680 676 700 se
692 678 757 699 vero
784 678 800 698 ο
825 669 973 705 longinqua

184 720 300 753 regione
315 719 407 746 nescio
421 725 474 753 qua
497 723 634 745 revertere
659 717 760 745 aiebat.
791 716 840 743 lllo
872 715 973 750 quippe

184 765 280 793 auxilii
297 764 401 792 ferendi
416 764 505 800 gratia
519 765 640 792 excitum
660 771 691 791 se
706 769 782 795 esse;
797 765 824 789 et
842 761 894 788 hac
917 767 972 787 una

185 819 216 839 re
232 818 340 842 eorum.
366 810 414 845 qui
432 813 611 842 vocaverant,
634 816 715 844 σει-οε
741 815 803 836 esse
829 811 972 840 servatos;

180 865 276 893 meque
288 857 361 886 enim
375 844 510 893 irrupisse
524 856 695 888 hostes.sola
709 856 844 884 adventus
856 854 972 884 Joannis
987 844 1008 872 Β

180 903 259 931 fama
276 904 428 938 perculsos.
446 903 538 931 Rebus
550 902 681 937 igiturihi
692 901 861 934 constitutis,
880 900 973 929 statim

178 949 221 976 ‘ad
238 956 297 977 eam
308 949 462 984 provinciae
477 951 595 984 partem,
611 955 672 983 qua:
687 948 850 979 laborasset,
872 953 972 974 accur-

177 993 256 1022 ‘risse
275 993 401 1021 dicebat:
426 993 583 1028 propediem
600 993 672 1021 enim
688 997 848 1028 exspectare
863 1000 893 1020 se
903 999 971 1020 ven-

177 1042 273 1070 'turos.
306 1039 329 1067 si
354 1039 416 1074 ejus
446 1039 590 1074 praesentia
617 1038 770 1071 celaretur,
796 1045 847 1065 nec
872 1045 972 1066 nomen

176 1083 336 1116 'etl‘erretur.
350 1083 474 1119 Repente
489 1084 573 1119 igitur
587 1083 749 1118 perturbare
761 1082 844 1118 coepit
865 1083 971 1114 omnia,

184 1135 247 1156 cum
262 1136 293 1156 se
308 1136 450 1164 perperam
463 1127 554 1156 oﬂicio
569 1127 650 1155 ducis
661 1127 839 1157 immisceret.
852 1134 885 1154 ac
896 1126 972 1154 brevi

184 1173 312 1201 vincendi
332 1177 419 1201 artem
433 1173 600 1201 traditurum
618 1171 777 1208 pollicetur,
797 1172 855 1199 haec
871 1171 972 1199 identi-

181 1219 244 1255 dem
260 1220 451 1253 succlamans,
465 1218 493 1246 in
508 1218 638 1250 frontem,
654 1218 682 1245 in
696 1218 869 1253 phalangem.
884 1221 911 1246 et
937 1217 972 1245 ad

182 1272 272 1293 cornu
284 1265 396 1300 saepius.
410 1268 438 1292 et
453 1263 775 1300 quadratumoblongum
787 1263 970 1299 ingeminans,

183 1309 367 1344 ordinumque
381 1309 520 1344 appellans
535 1308 659 1340 nomina,
684 1315 800 1344 quorum
828 1307 972 1343 ignorabat

183 1361 276 1383 usum.
293 1353 364 1381 Sane
374 1353 538 1389 quibusdam
554 1353 590 1380 oh
599 1353 626 1380 id
641 1353 742 1388 aliquis
755 1360 817 1381 esse
831 1353 907 1381 visus
917 1357 971 1386 est,

178 1399 231 1435 qui
246 1399 306 1434 ejus
325 1399 512 1433 praedicabant
533 1398 666 1430 indolem,
691 1405 724 1426 ac
753 1398 882 1434 discipuli
909 1406 972 1427 esse

182 1445 341 1481 cupiebant.
374 1444 486 1480 Etiam
515 1444 774 1480 advesperascebat,
810 1449 972 1480 tempusque

183 1491 347 1526 irruptionis
361 1490 526 1526 appetebat:
556 1490 649 1525 itaque
674 1490 750 1518 brevi
768 1489 908 1518 montibus
933 1491 973 1518 di-

183 1530 272 1573 gressi
287 1537 366 1571 longe
373 1536 569 1572 processimus.
586 1536 637 1563 Hic
650 1535 842 1564 adolescentes
852 1540 972 1571 quatuor

184 1582 290 1610 rustico
305 1582 412 1616 habitu,
429 1581 612 1610 vociferantes
626 1585 761 1617 quantmn
780 1583 873 1618 capita
902 1583 973 1612 fere-

185 1629 261 1660 bant,
278 1634 363 1654 cursu
381 1626 415 1653 ad
435 1633 485 1653 nos
505 1625 727 1658 contendebant,
740 1630 770 1653 ut
792 1626 893 1653 nemini
912 1630 974 1654 vate

181 1679 254 1707 opus
269 1676 343 1698 esset
369 1671 404 1697 ad
428 1670 608 1697 divinandum
634 1670 729 1698 hostes
757 1671 842 1698 abiis
867 1671 972 1706 metui,

180 1717 368 1752 festinateque
381 1723 430 1744 eos
444 1715 478 1743 ad
504 1723 580 1743 arma
608 1721 701 1744 nestra
719 1722 857 1751 receptum
874 1717 973 1745 habere

183 1763 264 1791 velle.
280 1763 319 1790 Ac
337 1762 500 1798 priusquam
529 1763 638 1798 penitus
656 1762 718 1790 illos
744 1763 842 1791 adesse
866 1763 972 1791 hostem

184 1808 345 1836 nuntiantes
355 1808 560 1840 exaudiremus,
576 1807 693 1836 miseros
717 1807 916 1837 homunciones
943 1809 971 1837 in

183 1853 263 1888 equis
278 1853 479 1889 conspicimus,
498 1853 544 1888 qui
560 1853 625 1880 mihi
643 1853 725 1881 fatuis
741 1853 826 1881 ductu
850 1854 906 1890 regi
929 1855 972 1882 vi«

184 1899 322 1927 debantur
333 1920 340 1933 ,
355 1904 382 1927 et
395 1899 430 1927 ad
443 1904 561 1927 mortem
577 1906 627 1934 pro
643 1899 805 1927 invadendis
824 1900 904 1928 bonis
921 1908 971 1928 no.

179 1945 250 1973 stris
276 1945 432 1973 obeundam
463 1952 526 1973 esse
555 1945 735 1980 paratissimi.
753 1945 804 1979 Qui
838 1953 901 1973 cum
922 1954 972 1975 nos

179 1991 402 2026 conspexissent,
420 1991 618 2026 conspectique
636 1994 740 2023 essent,
761 1995 910 2026 antequam
927 1991 972 2019 in-

183 2039 226 2063 tra
242 2035 288 2063 teli
300 2036 404 2071 iactum
427 2036 569 2064 veniretur
580 2057 588 2070 ,
606 2036 657 2069 illi.
674 2041 704 2064 ut
731 2037 869 2071 solebant,
893 2039 973 2074 cquis

180 2081 287 2116 delapsi
302 2089 333 2110 se
346 2081 384 2109 ad
399 2085 539 2109 certamen
562 2082 762 2118 accingebant:
777 2083 898 2119 mihique
923 2084 973 2112 ho-

183 2126 272 2154 mines
286 2126 386 2154 imitari
400 2126 474 2153 factu
491 2127 626 2162 optimum
644 2135 706 2155 esse
718 2128 880 2156 videbatur:
907 2137 971 2157 nam

181 2171 259 2207 regio
273 2171 331 2206 ipsa
346 2172 482 2207 equitatui
508 2175 663 2207 opportuna
681 2181 736 2200 non
762 2179 832 2201 erat.
865 2173 969 2202 Verum
985 2179 1007 2207 ι)

182 2224 332 2252 generosus
341 2217 387 2245 ille
402 2225 572 2253 nequaquam
584 2225 613 2245 se
629 2218 656 2244 in
669 2219 791 2253 equitum
804 2219 867 2254 jura
878 2228 972 2255 pecca-

183 2267 277 2289 turum
290 2270 352 2291 esse
363 2262 447 2296 dixit,
463 2263 509 2291 sed
524 2267 654 2298 equestre
669 2269 810 2292 certamen
827 2265 968 2294 initurum.

180 2307 253 2340 Quid
271 2313 327 2335 tum
341 2307 442 2343 igitur?
456 2307 543 2336 frenis
556 2308 690 2336 violenter
706 2309 833 2343 detortis,
854 2317 968 2339 aversus

182 2353 251 2388 ipse,
261 2357 364 2388 quanto
378 2357 487 2390 poterat
501 2353 604 2389 impetu
620 2353 752 2390 fugiebat,
767 2363 869 2391 equum
884 2363 968 2383 cruo-

182 2406 212 2427 re
229 2406 362 2434 spargens
373 2419 381 2432 ,
396 2398 492 2427 eﬁ‘usis
504 2399 620 2427 habenis
634 2400 763 2428 omnibus
772 2419 780 2433 ,
792 2401 968 2437 stimulisque

181 2445 310 2472 omnibus
346 2445 492 2473 admotis:
527 2450 584 2472 tum
626 2446 722 2473 crebra
769 2446 904 2479 verbera,
943 2451 971 2475 et

182 2497 234 2518 vox
266 2490 299 2517 ad
341 2490 512 2517 incitandum
543 2490 636 2517 acrius
663 2481 819 2518 insonabat.
858 2490 888 2518 ln
914 2499 969 2527 quo

181 2534 291 2563 diﬁicile
316 2539 360 2563 est
390 2535 477 2568 dictu,
492 2535 574 2572 246
602 2539 692 2563 utrum
715 2536 806 2571 potius
831 2536 971 2568 laudasset

181 2580 330 2615 quispiam,
364 2588 501 2616 equumne
529 2589 563 2608 an
583 2582 713 2617 equitem.
750 2582 819 2610 Nam
847 2583 893 2610 ille
923 2590 972 2618 per

180 2626 296 2653 declivia
323 2627 436 2661 perinde
448 2634 481 2655 ac
508 2635 556 2662 per
585 2629 699 2656 acclivia
739 2636 842 2664 perque
865 2630 972 2657 consita

1024 213 1046 239 δ’
1064 212 1137 242 ἐστὶ,
1154 212 1201 238 καὶ
1217 211 1254 243 ὡς
1278 211 1310 238 ἃν
1334 211 1446 243 δείξειεν
1465 212 1535 247 ἀνὴρ
1560 210 1629 237 εἶναι
1649 211 1726 245 παρὰ
1750 213 1820 242 τοὺς

1023 258 1103 289 ὂντας
1125 257 1235 292 ἄνδρας,
1258 258 1357 293 ἄριστα
1381 257 1538 284 σκέπτεται.
1569 257 1650 284 Ἀλλᾶ
1673 265 1720 292 μοι
1742 257 1823 283 δοκεῖ

1023 303 1114 335 καλῶς
1137 303 1213 338 αὐτῷ
1228 303 1258 329 τὺ
1270 303 1414 338 δαιμόνιον
1432 298 1715 329 ἀντιτυολιτεῦσασθαι.
1739 302 1821 337 Πέμ-

1024 357 1093 384 πτην
1121 348 1170 384 μὲν
1190 348 1244 384 γὰρ
1266 349 1317 384 ἠδη
1342 349 1371 376 ἐν
1389 349 1447 380 τοῖς
1470 348 1563 380 ὅπλοις
1590 348 1679 384 μάτην
1698 348 1818 384 ’προελη-

1023 394 1161 430 λύθειμεν,
1179 394 1220 421 ἐτι
1237 395 1272 421 τὰ
1294 395 1484 430 μετεωρότερα
1509 395 1736 430 κακουργούντων
1760 394 1817 420 τῶν

1024 439 1160 475 πολεμίων
1171 447 1178 455 ·
1194 440 1208 466 ὁ
1225 439 1252 466 δὲ
1269 440 1316 467 καὶ
1330 440 1503 467 παντάπασιν
1520 441 1656 475 ἀπογνοὺς
1668 441 1744 475 ἥξειν
1762 440 1817 467 αὐ-

1022 484 1095 516 τοὺς,
1111 484 1149 516 ὡς
1174 484 1223 511 οὐκ
1238 484 1271 511 ἂν
1285 484 1316 511 τὸ
1332 484 1414 520 βάθος
1429 487 1479 520 τῆς
1503 485 1595 521 χώρας
1614 485 1816 521 θαρρήσαντας,

1024 530 1124 565 παρῆν,
1142 530 1190 556 καὶ
1205 530 1294 557 πάντα
1316 530 1397 562 εὐθὺς
1411 529 1467 565 (45)
1487 530 1624 566 ἀκοσμίας
1647 530 1813 565 ἐμπίπλησι.

1024 577 1079 603 Καὶ¹
1094 577 1237 608 ἀσθενείας
1255 577 1304 612 μὲν
1320 576 1369 603 οὐκ
1386 569 1541 612 ἐμέμνητο·
1566 574 1701 610 κατεγέλα
1720 576 1753 610 γέ
1770 585 1814 603 τοι

1024 623 1071 649 καὶ
1087 622 1281 658 ἀνασχομένων
1295 622 1412 650 ἀκοῦσαι
1421 629 1428 637 ⁸
1447 621 1529 654 αὐτδς
1538 622 1572 649 ’δὲ
1587 623 1667 658 ἥκειν
1678 623 1730 658 ἔφη
1741 623 1814 658 πύρη

1025 667 1121 704 ρωθεν,
1147 668 1198 694 οὑκ
1225 666 1283 694 οῖδα
1306 667 1378 694 ὅθεν.
1411 665 1486 694 Ἐκεῖ
1505 667 1561 703 γὰρ
1591 669 1632 700 είς
1653 668 1815 704 συμμαχίαν

1023 713 1268 749 παρακεκλῆσθαι⁸
1281 714 1346 749 παρ’
1362 713 1376 740 δ
1391 713 1440 741 καὶ
1455 713 1588 740 σεσῶσθαι
1603 714 1667 746 τοὺς
1684 714 1815 741 ἐπικαλε-

1024 759 1158 794 σαμένους
1175 759 1287 796 ἀγρούς.
1304 759 1372 786 Οὐδὲ
1395 759 1450 795 γὰρ
1463 759 1663 795 ἐμὸεὸληκέναι
1684 760 1748 790 τοὺς
1765 769 1816 786 πο-

1023 804 1144 840 λεμίους,
1162 805 1232 840 πρὸς
1245 805 1295 840 τὴν
1319 806 1415 840 φήμην
1439 804 1490 839 τῆς
1517 805 1637 832 Ἰωάννου
1660 805 1816 840 παρουσίας

1023 851 1258 885 καταπλαγέντας.
1282 851 1425 886 ’Δσφαλῶς
1450 851 1479 878 δὲ
1503 851 1584 877 τάκεῖ
1605 852 1818 887 καταστησάμε»

1021 905 1078 930 νος,
1096 896 1164 932 πρὸς
1180 896 1211 923 τὸ
1222 896 1320 924 πονοῦν
1338 897 1390 931 ἔφη
1403 896 1606 932 δεδραμηκέναι
1621 896 1678 932 [γρ.
1694 898 1815 925 καταδε-

1021 942 1118 978 δραμ.]
1129 951 1136 958 ·
1153 943 1350 979 προσδέχεσθαι
1363 943 1418 978 γὰρ
1437 943 1499 969 ὅσον
1522 942 1598 969 οὔπω
1620 943 1684 975 τοὺς
1702 944 1814 979 ἄνδρας,

1021 987 1055 1023 ἢν
1073 987 1142 1023 λάθῃ
1159 987 1264 1024 παρὼν,
1284 989 1332 1015 καὶ
1348 988 1385 1023 μὴ
1395 988 1503 1023 διαδοθῇ
1518 987 1648 1022 τοῦνομα.
1662 988 1752 1017 Εὐθὺς
1766 987 1816 1015 οὖν

1022 1032 1130 1060 ἅπαντα
1142 1033 1278 1069 ἀκοσμίας
1293 1034 1447 1070 ἐμπίπλησι
1461 1039 1702 1072 παραστρατηγεῖν
1713 1037 1814 1070 ἀξιῶν,

1022 1079 1069 1105 καὶ
1087 1079 1117 1106 ἑν
1140 1078 1237 1115 βραχεῖ
1258 1079 1357 1116 τέχνην
1389 1080 1437 1107 τοῦ
1459 1082 1537 1118 νικᾷν
1561 1082 1733 1118 παραδώσειν
1759 1084 1816 1111 ὑπ*

1023 1124 1207 1160 ισχνοιῆιενος,
1226 1125 1294 1160 βοῶν
1314 1126 1361 1153 ἐπὶ
1386 1126 1522 1162 μέτωπον,
1537 1128 1584 1154 ἐπὶ
1600 1129 1738 1163 φάλαγγα,
1765 1130 1815 1157 καὶ

1022 1171 1093 1199 κατὰ
1113 1171 1143 1198 τδ
1163 1171 1247 1207 κέρας
1263 1172 1341 1204 πολὺ,
1367 1172 1399 1199 τὸ
1423 1172 1564 1201 πλαίσιον·
1585 1174 1671 1201 ποιῶν
1691 1176 1816 1211 ὀνόματα

1020 1217 1134 1250 τάξεων,
1150 1214 1187 1244 ὦν
1202 1218 1295 1252 ἠγνόει
1309 1219 1358 1254 τὴν
1373 1219 1479 1254 χρείαν.
1496 1220 1553 1247 Καί
1566 1228 1637 1247 τισιν
1649 1221 1703 1249 ἀπὸ
1716 1221 1814 1248 τούτου

1022 1262 1093 1295 ἔδοξέ
1111 1271 1153 1295 τις
1177 1260 1258 1296 εἶναι,
1279 1265 1327 1291 καὶ
1341 1265 1391 1300 τήν
1411 1273 1442 1299 γε
1459 1266 1540 1300 φύσιν
1561 1265 1753 1304 ὲμακάριζονκ
1766 1269 1817 1294 καὶ

1022 1309 1179 1345 ὲμαθητίων
1201 1310 1304 1338 πολλοί.
1330 1311 1399 1346 Ἤδη
1413 1311 1442 1338 δὲ
1464 1312 1538 1348 δείλη
1557 1319 1588 1339 τε
1611 1310 1646 1348 ἦν
1664 1313 1738 1348 ὀψία,
1765 1312 1816 1340 καὶ

1021 1355 1115 1390 καιρὸς
1128 1356 1223 1390 ἐφόδου
1233 1365 1241 1372 ·
1265 1357 1313 1383 καὶ
1326 1357 1357 1392 δὴ
1379 1357 1473 1393 πρόσω
1487 1359 1538 1393 τῆς
1555 1358 1665 1395 ὀρεινῆς
1678 1358 1816 1388 καταϐαί-

1020 1409 1113 1433 νοντες
1150 1401 1310 1437 ἐγενόμεθα.
1351 1403 1500 1430 Κάνταῦθα
1528 1404 1633 1432 νεανίαι
1668 1406 1815 1442 τέσσαρες,

1021 1445 1184 1482 ἐσταλμένοι
1201 1447 1355 1483 χωριτικῶς
1369 1448 1426 1485 [πο.
1441 1449 1594 1486 κωρικῶς],
1616 1452 1662 1478 καὶ
1681 1453 1815 1488 κεκραγό-

985 1511 1007 1541 c
1022 1500 1067 1523 τες
1077 1492 1138 1518 ὅσον
1148 1491 1269 1528 ἐχώρουν
1281 1493 1309 1519 αί
1321 1493 1448 1527 κεφαλαὶ,
1459 1494 1550 1531 δρόμῳ
1563 1496 1631 1532 πρὸς
1642 1498 1716 1532 ἡμᾶς
1724 1497 1812 1532 ἔθεον,

1021 1537 1059 1569 ὡς
1074 1537 1168 1573 μηδενὶ
1192 1538 1316 1573 μάντεως
1328 1538 1394 1571 δεῖν,
1411 1540 1452 1567 ὅτι
1467 1541 1614 1577 πολεμίους
1628 1543 1811 1579 πφόὸηνται,

1022 1583 1070 1610 καὶ
1085 1583 1245 1611 σπεύδουσιν
1269 1585 1336 1612 εἴσω
1353 1587 1408 1613 τῶν
1428 1587 1519 1615 ὅπλων
1538 1589 1674 1623 γενέσθαι.
1693 1591 1763 1626 Πρὶν
1782 1593 1814 1619 δὲ

1022 1629 1070 1656 καὶ
1085 1629 1173 1662 καλῶς
1189 1631 1279 1658 αὐτῶν
1294 1632 1405 1659 ἐκείνων
1419 1633 1546 1666 ἀκοῦσαι,
1561 1635 1694 1670 λεγόντων
1708 1637 1750 1664 ὅτι
1766 1639 1814 1665 καὶ

1021 1674 1054 1710 δὴ
1081 1675 1220 1710 πάρεισιν,
1240 1676 1349 1712 ὁρῶμεν
1368 1678 1410 1712 ἐφ’
1430 1678 1522 1706 ἵππων
1544 1681 1676 1717 ἀνδράρια
1692 1683 1812 1719 πονηρὰ,

1022 1720 1079 1752 καὶ,
1090 1719 1128 1752 ὡς
1140 1721 1201 1756 ἐμοὶ
1213 1721 1302 1748 δοκεῖν
1382 1722 1477 1759 Sextii],
1491 1724 1544 1751 ὑπὸ
1554 1725 1632 1761 λιμοῦ
1646 1729 1814 1762 στρατηγοὺ-

1023 1774 1092 1801 μενα
1102 1775 1108 1783 ·
1126 1767 1324 1803 προχειρότατα
1336 1768 1359 1794 δ’
1372 1766 1419 1795 οὖν
1436 1769 1506 1805 ὑπὲρ
1519 1770 1572 1796 τῶν
1585 1771 1728 1807 ἡμετέρων
1740 1774 1812 1807 ἁγα-

1019 1810 1077 1838 θῶν
1094 1811 1275 1848 ἀποθνήσκειν
1288 1813 1424 1841 ἐθέλοντα.
1444 1814 1555 1852 Ἐπειδὴ
1574 1816 1596 1842 δ’
1609 1815 1656 1843 οὖν
1673 1816 1743 1844 εῐόον
1764 1820 1814 1846 καὶ

1022 1854 1162 1891 ὤφθησαν,
1175 1857 1240 1893 πρὶν
1253 1858 1318 1884 εἴσω
1332 1858 1426 1893 βέλους
1438 1859 1535 1892 ἐλθεῖν,
1549 1861 1573 1887 oi
1587 1861 1636 1896 μὲν
1645 1862 1812 1895 ἀποϐάντες,

1022 1900 1116 1936 ὥσπερ
1129 1901 1270 1933 εἰώθεσαν,
1282 1901 1337 1929 τῶν
1350 1903 1452 1936 ῐππων,
1464 1904 1505 1936 ὡς
1515 1906 1555 1938 εις
1568 1906 1657 1942 μάχην
1669 1907 1814 1936 διεσκευάο

1022 1946 1116 1978 ζοντο·
1135 1947 1182 1973 καί
1207 1955 1252 1982 μοι
1275 1947 1365 1980 καλῶς
1387 1948 1460 1984 ἔχειν
1482 1950 1569 1978 ἐδόκει
1591 1952 1733 1987 μιμεῖσθαι
1746 1955 1814 1986 τοὺς

1021 1992 1137 2027 ἄνδρας·
1163 1993 1209 2020 καὶ
1231 1994 1285 2029 γὰρ
1303 1994 1414 2029 ἄφιππα
1437 1993 1481 2031 ἦν.
1506 1995 1535 2022 ’0
1559 1996 1588 2023 δὲ
1609 1999 1739 2032 γεννάδας
1761 2001 1814 2027 οὐκ

1022 2037 1074 2073 ἔφη
1094 2039 1303 2074 παρανομήσειν
1317 2040 1357 2071 είς
1370 2039 1420 2075 τὴν
1435 2041 1560 2077 ῑππικήν,
1575 2042 1644 2070 ἀλλὰ
1655 2043 1699 2070 τὸν
1716 2045 1812 2078 ἀγῶνα

1021 2083 1076 2110 τῶν
1096 2083 1187 2110 ἵππων
1209 2085 1343 2120 ποιήσειν.
1367 2085 1401 2111 Τί
1424 2084 1490 2119 οὖν;
1512 2087 1692 2124 Παρενεγκὼν
1717 2090 1765 2127 βίᾳ.
1781 2093 1812 2117 τὴ

1022 2129 1128 2164 ψάλιον,
1155 2131 1202 2157 καὶ
1227 2132 1447 2167 μεταστραφεὶς,
1472 2133 1585 2168 ἔφευγεν
1600 2136 1753 2170 ἁνακρὰτος
1772 2136 1815 2170 ἐξ·

1020 2175 1150 2210 ελαύνων,
1166 2176 1322 2212 ἐξαιματῶν
1335 2179 1381 2204 τὸν
1396 2178 1489 2210 ἵππον,
1505 2179 1614 2207 ἃπασαν
1629 2181 1708 2217 ἡνίαν
1719 2183 1812 2216 ἀφεὶς,

1023 2220 1130 2256 κέντρῳ
1150 2222 1232 2248 παντὶ
1243 2222 1401 2257 χρώμενος·
1421 2224 1468 2250 καὶ
1483 2225 1499 2259 ὴ
1516 2225 1614 2259 μάστιξ
1630 2228 1718 2262 πυκνή
1730 2236 1738 2244 ’
1764 2230 1814 2255 καὶ

1023 2266 1104 2302 ήβοὴ
1121 2267 1152 2293 τὸ
1176 2267 1350 2295 κελευστικδν
1373 2270 1440 2304 ἤχει.
1461 2270 1506 2297 Ἐν
1522 2271 1611 2307 τούτῳ
1628 2272 1656 2299 δὲ
1678 2274 1730 2300 οὐκ
1753 2275 1813 2302 ἔστι

1023 2312 1112 2348 ῥᾴδιον
1132 2313 1228 2345 εἰπεῖν,
1243 2313 1334 2340 ὅντινά
1361 2323 1402 2346 τις
1422 2316 1522 2351 μᾶλλον
1547 2318 1673 2354 ἐπῄνεσε,
1694 2320 1814 2355 πότερον

1021 2357 1066 2384 τὸν
1091 2358 1185 2391 ἵππον,
1207 2358 1284 2394 ἣτδν
1302 2360 1403 2386 ἱππέα·
1430 2362 1444 2387 ὸ
1472 2362 1590 2398 μὲνγὰρ
1612 2365 1714 2399 ὁμοίως
1738 2368 1812 2393 κατα

1021 2403 1141 2439 πρανῶν,
1161 2404 1260 2440 ὁμοίως
1279 2406 1339 2432 κατ’
1360 2407 1459 2442 ὀρθίων
1482 2409 1605 2444 ἐφέρετο,
1631 2410 1679 2436 καὶ
1697 2411 1740 2438 διὰ
1758 2413 1813 2439 τῶν

1017 2448 1134 2481 δασέων,
1158 2450 1205 2476 καὶ
1227 2449 1272 2476 διὰ
1291 2451 1345 2478 τῶν
1364 2452 1459 2486 ψιλῶν,
1475 2453 1550 2490 ῥύμῃ
1572 2456 1622 2489 μιᾷ
1640 2455 1755 2491 διεπήδα
1768 2459 1814 2484 τά-

1019 2502 1113 2529 φρους,
1123 2494 1192 2531 ὑπὲρ
1202 2496 1264 2527 τοὺς
1277 2495 1375 2532 δχθους
1386 2497 1468 2533 ᾔρετο
1478 2507 1485 2514 ·
1502 2500 1517 2525 ό
1535 2499 1574 2530 δὲ,
1584 2500 1627 2527 διὰ
1638 2501 1749 2528 πάντων
1758 2503 1813 2528 τῶν

1019 2540 1127 2575 χοιρίων
1146 2540 1244 2576 ἔποχος
1262 2539 1306 2577 ἦν,
1322 2543 1369 2570 καὶ
1384 2544 1412 2569 ἐν
1432 2544 1519 2571 οὐδενὶ
1531 2546 1580 2580 τῆς
1600 2546 1734 2582 καθέδρας
1754 2548 1814 2573 dini.

1022 2585 1115 2620 σθησε.
1134 2587 1212 2613 Δοκεί
1227 2587 1281 2622 γάρ
1308 2596 1354 2622 μοι
1373 2589 1420 2616 καὶ
1438 2590 1495 2621 τοῖς
1513 2590 1652 2626 πολεμίοις
1674 2592 1744 2627 καλὴ
1764 2593 1813 2619 θέα

1025 2630 1159 2665 γενέσθαι,
1175 2633 1223 2659 καὶ
1240 2633 1278 2666 ὼς
1299 2634 1384 2662 πολλὰ
1397 2635 1430 2663 ἂν
1444 2635 1569 2669 εὔξαιντο
1590 2636 1702 2664 τοιαῦτα
1717 2639 1813 2666 θεάσα-

811 2704 902 2733 DION.
914 2705 1050 2734 PETAVll
1069 2707 1188 2736 NOTAE.

217 2779 272 2815 (t5)
293 2779 406 2814 Παρῆν,
418 2781 467 2807 καὶ
481 2781 579 2818 πάντα
587 2784 687 2816 εὐθύς,
702 2782 899 2818 Dispunximus
913 2784 966 2811 ali-

181 2821 249 2850 quot
270 2823 350 2844 voces
374 2823 515 2851 perperam
536 2817 695 2845 inculcatas.
712 2817 759 2846 Sic
769 2819 840 2846 enim
862 2819 891 2847 in
907 2819 966 2846 vul-

1019 2785 1089 2826 ﬁalis
1109 2787 1210 2821 παρῆν,
1232 2789 1383 2826 καιλπάντα
1403 2791 1577 2826 εἰλημμένος,
1596 2792 1643 2819 καὶ
1662 2793 1754 2820 πάντα
1767 2793 1801 2821 εὖ

1020 2819 1079 2854 θύς,
1091 2819 1155 2856 σμιιέ
1166 2819 1184 2849 a
1198 2824 1337 2852 veteribus
1353 2819 1476 2854 aberant:
