1955 3063
126 171 191 198 “3|

708 158 903 195 EHSTOLE.
923 180 959 186 —
977 158 1087 193 EPIST.
1106 158 1162 211 εν.

1686 167 1758 196 ΗΜ

127 229 199 255 all-at.
217 225 257 254 οὗ
274 226 327 262 μὴν
338 226 369 253 τό
381 225 407 260 γ’
420 225 462 261 ἐφ’
473 225 550 261 ἡμίν,
564 222 644 252 εἶδον.
665 224 736 251 Ἀλλ’
752 224 915 260 ἀθυμότεροι

968 229 1022 250 non
1035 222 1128 251 minus
1154 230 1237 259 quam
1250 217 1324 251 nuda
1339 217 1500 251 ferebatur:
1515 222 1571 251 uno
1589 221 1680 251 fossas
1702 224 1760 251 im-'

127 273 187 307 μὲν,
199 272 238 303 ὡς
256 271 287 298 τὸ
300 270 383 303 εἰκὸς,
397 270 559 305 δγενόμιθα,
573 268 735 305 ψευσθέντες
751 269 829 304 παρὰ
846 268 916 295 πολὺ

126 318 180 345 τῶν
194 318 235 350 εἰς
253 318 300 344 τὸν
315 317 438 352 κομήτην
455 316 581 343 ἐλπίδων.
603 315 773 350 Ἐταξάμεθα
787 314 863 349 γοῦν,
878 314 917 347 ὡς

126 365 153 392 εί
166 373 209 396 τις
227 364 311 396 ἐπίοι,
336 363 475 399 δεξόμενοι
486 369 494 378 ⁸
509 363 587 390 αὐτοὶ¹
610 361 639 389 δὲ
663 362 754 403 μάχης
775 362 871 397 ἄρχειν
884 361 916 388 οὐ

125 410 312 445 διενοούμεθα.
339 410 395 436 Καὶ
420 408 476 444 γὰρ
499 409 575 440 ὅστις
610 407 692 439 αὐτὸς
718 405 836 442 εῠψυχος
868 403 915 441 ἦν,

125 457 236 492 ἠπίστει
258 455 298 491 τῷ
321 456 424 486 πέλας.
450 454 520 490 πρὸς
543 452 719 489 παράδειγμα
746 452 777 479 τὺ
803 451 916 486 γεγονὸς

124 502 207 538 ὁρῶν.
225 501 310 529 Ἔνθα
327 501 403 528 οὐδὲν
417 498 452 536 ἦν
476 499 583 536 αἴσχιον
597 498 698 534 κόμης.
714 497 793 525 Οὕτω
807 498 862 533 γὰρ
881 494 917 534 ἦν

126 549 234 585 πρῶτος
247 544 324 580 οὗτος
337 547 524 581 ὲπιδοξότατος
537 545 605 581 πρὸς
619 545 650 572 τὺ
667 544 817 580 προδώσειν
831 545 915 579 ἡμᾶς.

125 596 164 623 οὐ
180 595 235 630 μὴν
254 594 322 621 ἀλλὰ
335 593 383 621 καὶ
399 594 456 625 τοῖς
478 591 619 627 πολεμίοις
633 590 731 617 ταυτὸν
752 590 817 621 ἴσως
836 589 917 633 τοῦτο

125 642 268 678 παρέστη·
293 640 342 667 καὶ
364 639 512 675 ταξάμενοι
536 637 700 674 περιέμενον
717 637 802 675 ἡμᾶς,
824 636 862 667 ὡς
881 636 916 672 ἢν

125 684 300 720 ἐμϐάλωμεν,
321 682 518 718 ἀμυνούμενοιι
549 680 625 708 Ἐπεὶ
638 679 667 706 δὲ
684 679 749 715 παρ’
766 679 916 714 οὐδετέρων

125 732 305 767 ἐπεχειρεῖτο,
318 729 428 765 πρῶτον
443 728 493 764 μὲν
514 727 591 754 αὐτοὶ
603 726 653 762 τὴν
667 726 714 752 ἐπὶ
731 725 765 753 τὰ
781 725 846 753 λαιὰ
864 725 916 760 φέ-

126 785 237 813 ρουσαν,
249 776 295 802 καὶ
306 775 364 810 μετ’
379 773 499 805 ἐκείνους
509 773 590 808 ἡμεῖς
601 771 651 807 τὴν
665 770 712 797 ἐπὶ
724 770 825 806 Θάτερα
835 771 917 806 ἐτρα-

125 820 245 856 ῆόμεθα,
259 819 314 846 οὐδ’
331 819 418 853 ἕτεροι
435 817 532 844 θᾶττον
554 816 572 851 ἢ
596 816 690 851 βάδην,
709 815 778 842 ἀλλὰ
800 814 917 850 σχολαίῳ

126 867 284 903 βαδίσματι,
301 864 341 900 τῷ
357 864 395 900 μὴ
408 864 497 890 δοκεῖν
516 860 586 890 εἶναι
604 862 693 897 φυγὴν
707 861 756 897 τὴν
770 860 916 896 ἀναχώρη-

126 901 178 939 σιν.
195 910 263 938 Εἷτα
286 910 377 946 μέντοι
394 909 496 944 καίπερ
519 909 549 935 ὲν
563 908 669 939 τούτοις
684 907 771 939 ὅντες,
797 905 916 933 ἐπυνθαο
931 901 952 929 Β

125 959 228 994 νόμεθα
245 959 291 984 ποῖ
303 957 356 992 γῆς
376 956 513 991 Ἰωάννηςι
534 955 562 981 'O
581 954 603 980 δ’
617 954 659 981 ἐν).
679 953 813 988 πνεύματι
828 961 915 980 κατα·

125 1002 217 1032 λαὸὼν
240 1002 294 1038 ἄρα
317 1001 367 1037 τὴν
390 1000 542 1034 Βομόαίαν,
564 999 643 1034 δίκην
664 997 812 1034 ἀρουραίου
836 997 913 1032 μυὸς,

125 1050 275 1077 ἐνεδεδύκει
291 1050 325 1084 τῇ
345 1047 443 1083 πέτρᾳ.
461 1047 544 1081 Ὄρος
556 1045 631 1072 ἐστὶν
645 1046 662 1080 ἡ
677 1043 801 1080 Βομὸαία
815 1043 914 1075 κοῖλον,

125 1094 141 1124 ὃ
163 1095 338 1124 συνελθοῦσαι
352 1094 433 1130 τέχνη
450 1093 497 1120 καὶ
513 1088 594 1128 φύσις
608 1091 771 1127 εἰργάσαντο
785 1087 918 1126 φρούριον

125 1140 317 1180 ἐρυμνότατον.
329 1141 413 1167 Τοῦτο
427 1140 473 1166 καὶ
484 1139 568 1166 πάλαι
578 1138 628 1174 μὲν
638 1137 777 1173 εὐδοκίμει
788 1136 899 1168 δικαίως
907 1144 915 1152 ⁸

125 1189 172 1217 καί
185 1197 258 1220 τινες
272 1186 338 1215 αὐτὸ
352 1186 427 1221 παρὰ
441 1185 491 1217 τὰς
505 1183 657 1219 Αίγυπτίας
675 1181 805 1218 ἐξήταζον
824 1182 918 1218 σύριγ-

125 1242 178 1268 γας
201 1233 273 1268 (ιιι)-
299 1231 359 1258 νυνὶ
379 1230 408 1257 δὲ
429 1229 556 1264 κέκριται
577 1228 612 1255 τὰ
628 1227 767 1264 πανταχοῦ
787 1227 864 1263 τείχη
878 1235 919 1254 νι-

125 1279 188 1315 κᾷν,
205 1277 270 1310 οῐςό
291 1276 366 1312 παρὰ
387 1276 491 1307 πάντας
510 1274 608 1302 ἑαυτοῦ
624 1274 859 1310 προμηθέστατος,
875 1274 918 1301 ἵνα

128 1324 166 1360 μὴ
188 1324 248 1351 λίαν
273 1323 412 1359 ἀγροίκως
432 1323 501 1350 simu
522 1321 687 1353 δειλότατος,
712 1319 778 1347 αὐτὸ
808 1320 839 1346 τὺ
869 1319 917 1346 τοῦ

126 1370 288 1405 πράγματος
299 1366 486 1404 (boum-rodet}:
497 1366 707 1403 παρακάθηται·
717 1366 765 1393 καὶ
775 1365 823 1401 τὴν
835 1365 867 1400 ff.
877 1365 918 1396 εἰς

126 1416 186 1453 τὴν]
208 1415 344 1451 σωτηρίαν
360 1414 542 1450 προὺτίμητε.
556 1412 612 1439 Καὶ
634 1411 688 1446 γὰρ
705 1410 852 1437 εἰσελθόντι
871 1409 919 1436 λα-

125 1461 290 1497 ϐυρινθῶδές
314 1461 383 1492 ἐστι,
407 1460 454 1487 καὶ
478 1458 687 1493 δυσδιεξίτητον,
706 1456 746 1488 ὡς
768 1456 865 1491 μόνους
884 1455 918 1482 ἂν

126 1508 250 1545 χωρῆσαι
263 1507 327 1538 τοὺς
355 1505 479 1533 Ἰωάννου
492 1503 642 1541 δρασμούς.

968 270 1032 302 peto
1058 267 1276 301 transmittebat,
1304 275 1390 303 supra
1414 267 1537 296 tumulos
1559 267 1756 296 attollebatur:

967 312 1013 340 hic
1028 312 1131 348 ubique
1143 312 1282 342 insidebat
1292 320 1375 349 equo,
1391 319 1442 341 nee
1455 319 1571 349 usquam
1585 312 1620 341 de
1633 313 1760 341 sessione

967 358 1113 394 prolapsus
1128 363 1181 387 est.
1213 358 1280 386 Mihi
1312 359 1386 386 enim
1404 363 1433 387 et
1451 358 1578 387 hostibus
1603 359 1761 394 jucundum

967 404 1020 432 hoc
1034 405 1223 441 spectaculum
1239 404 1375 434 accidisse
1386 404 1510 432 videtur:
1530 404 1688 440 cujusmodi
1713 404 1761 432 ins

967 451 1038 478 tueri
1053 458 1134 486 quam
1150 451 1266 486 plurima
1281 451 1404 486 cupiant,
1419 458 1480 486 qua:
1493 454 1597 482 tamen,
1624 455 1760 486 quantum

967 495 996 523 in
1015 495 1097 524 nobis
1113 495 1176 529 fuit,
1192 496 1308 523 minime
1321 495 1463 523 viderunt.
1479 494 1533 523 Sed
1549 495 1653 528 animo,
1670 499 1701 522 ut
1709 501 1760 530 per

968 544 1040 573 erat,
1068 541 1270 569 contractibres
1295 539 1411 573 fuimus,
1439 541 1588 576 plurimum
1618 548 1668 576 spe
1683 541 1761 574 fulsi,

967 594 1051 622 quam
1068 586 1096 614 in
1128 586 1287 614 cincinnato
1304 586 1358 614 isto
1375 586 1533 614 habuimus.
1549 588 1649 622 Itaque
1669 588 1759 616 aciem

967 633 1158 666 instruximus,
1175 636 1308 668 tanquam
1322 633 1444 665 hostem,
1461 633 1484 661 si
1501 633 1580 669 prior
1595 633 1761 670 aggredere-

967 684 1022 713 tur,
1034 679 1190 715 excepturi;
1203 679 1256 715 ipsi
1265 683 1356 707 autem
1368 680 1493 715 praelium
1507 680 1637 708 invadere
1646 679 1761 707 minimo

967 723 1128 751 statuimus.
1147 723 1254 751 Etenim
1267 724 1315 760 qui
1331 724 1529 760 strenuusipse
1542 731 1574 752 ac
1586 724 1666 753 fortis
1674 729 1759 756 esset,

966 769 1044 797 socio
1060 772 1152 796 tamen
1169 768 1321 802 diuidebat,
1339 776 1401 797 cum
1419 769 1454 797 ad
1479 776 1576 798 recens
1600 769 1758 805 exemplum

968 815 1127 850 respiceret.
1147 815 1217 842 Tum
1231 815 1301 843 nihil
1316 823 1381 844 vero
1401 823 1482 843 coma
1510 816 1619 851 turpius
1647 814 1760 843 videba<

966 866 1029 894 tur;
1044 869 1126 897 quam
1141 865 1171 889 ut
1188 861 1306 889 habebat
1323 862 1451 898 quisque,
1467 863 1506 890 ita
1522 864 1628 898 primus
1644 869 1761 890 nosma-

967 907 1040 935 xime
1060 907 1219 943 proditurus
1245 909 1468 938 existimabatur.
1491 909 1592 937 Verum
1613 910 1708 938 nescio
1725 918 1760 937 an

968 955 1040 982 idem
1061 962 1171 990 quoque
1184 955 1310 984 hostibus
1325 956 1353 983 in
1368 957 1462 984 animo
1486 961 1562 985 erat:
1582 964 1644 984 nam
1663 960 1691 984 et
1716 957 1759 984 inv

967 1000 1066 1028 structi
1080 1000 1295 1036 opperiebantur
1318 1009 1380 1035 nos,
1393 1002 1469 1030 velut
1489 1002 1629 1037 repulsuri
1654 1001 1678 1030 si
1711 1008 1761 1029 eos

966 1045 1190 1081 aggrederemur.
1211 1046 1395 1083 Posteaquam
1426 1055 1491 1076 vero
1515 1052 1614 1076 neutra
1633 1056 1667 1076 ex
1682 1052 1761 1083 parte

968 1094 1102 1118 tentatum
1115 1091 1238 1126 puellum
1255 1095 1307 1125 est,
1322 1093 1442 1127 primum
1455 1093 1495 1121 illi
1510 1093 1544 1120 ad
1561 1094 1656 1120 laevam
1669 1114 1676 1127 ,
1697 1094 1761 1121 inde

966 1143 1018 1164 nos
1033 1137 1147 1164 alteram
1168 1137 1201 1164 ad
1219 1142 1326 1173 partem
1342 1139 1430 1166 aciem
1443 1140 1648 1173 convertimus;
1669 1139 1761 1167 neutri

965 1182 1120 1210 accelerate
1133 1183 1220 1218 gradu
1232 1203 1240 1216 ,
1256 1184 1305 1211 sed
1325 1184 1442 1212 lentiore
1456 1192 1618 1220 progressu,
1647 1192 1684 1212 ne
1714 1192 1761 1212 rs-

967 1231 1063 1263 ceplus
1077 1227 1131 1257 iste
1146 1228 1210 1265 iuga
1228 1229 1380 1258 videretur.
1396 1229 1495 1258 Postea
1513 1235 1618 1263 tamen,
1632 1231 1761 1266 quamvis

969 1273 997 1300 in
1015 1273 1091 1301 hisce
1114 1274 1197 1302 rebus
1213 1283 1399 1308 versaremur,
1416 1276 1549 1304 sciscitati
1577 1284 1673 1305 sumus
1704 1277 1763 1305 ubi-

969 1326 1032 1346 nam
1052 1323 1191 1348 terrarum
1213 1327 1290 1349 esset
1318 1320 1450 1350 Joannes.
1466 1322 1502 1349 At
1528 1322 1574 1350 ille
1595 1330 1650 1349 uno
1663 1322 1762 1358 spiritu

968 1364 1122 1393 Bornbaeam
1140 1375 1227 1402 usque
1242 1369 1416 1403 perveniens.
1433 1369 1550 1404 agrestis
1562 1369 1650 1397 muris
1661 1369 1760 1401 instar,

967 1416 1029 1438 sese
1041 1411 1068 1438 in
1084 1419 1179 1447 rupem
1194 1413 1349 1441 abdiderat.
1369 1413 1418 1441 Est
1433 1414 1561 1442 Bombaza
1586 1422 1668 1443 mons
1697 1422 1763 1442 con-

967 1464 1065 1489 cavus,
1078 1465 1159 1493 quem
1176 1466 1221 1487 ars
1237 1463 1265 1487 et
1277 1463 1377 1487 natura
1404 1460 1614 1488 consentientes
1631 1460 1762 1488 munitis-

966 1502 1066 1530 simum
1082 1504 1226 1532 castellum
1245 1504 1436 1533 reddiderunt.
1454 1504 1512 1533 llnc
1538 1505 1594 1539 jam
1616 1505 1682 1532 olim
1703 1512 1763 1533 me-

126 1557 181 1585 rito
198 1554 410 1583 celeberrimum
431 1556 508 1586 erat;
534 1551 715 1587 nonnullique
738 1557 800 1579 cum
816 1549 952 1586 Egyptiis
971 1551 1109 1580 cuniculis
1129 1552 1337 1587 comparabant.
1364 1552 1419 1581 Sed
1438 1561 1513 1581 nunc
1528 1560 1623 1581 muros
1651 1546 1760 1586 omnesi

126 1612 160 1632 ac
178 1602 384 1639 propugnacula
402 1602 524 1629 omnium
544 1600 649 1636 judicio
673 1601 804 1635 superat,
828 1598 1052 1634 quandoquidem
1079 1600 1125 1627 ille
1147 1608 1206 1637 prae
1230 1601 1337 1629 caneris
1362 1602 1404 1629 sui
1425 1601 1701 1637 providentissimus,
1726 1609 1762 1629 ne

126 1651 242 1679 nimium
267 1650 358 1684 inepte
377 1648 491 1677 dixerim
516 1647 806 1678 formidolosissimus,
839 1653 900 1681 qua:
921 1647 1033 1682 propria
1058 1649 1096 1674 rel
1110 1648 1255 1683 appellatio
1277 1654 1336 1682 est,
1369 1649 1396 1677 in
1421 1657 1456 1676 eo
1479 1649 1635 1682 delitescit.
1655 1653 1684 1677 et
1708 1649 1762 1677 hoc

125 1698 161 1726 ad
184 1697 299 1725 salutem
317 1702 396 1724 suum
423 1694 531 1722 caeteris
555 1693 685 1729 praetulit.
706 1691 754 1720 Est
774 1692 847 1719 enim
876 1691 1041 1726 ingredienti
1071 1693 1165 1721 statim
1194 1694 1222 1721 in
1251 1694 1341 1727 ﬂexus,
1370 1698 1397 1722 et
1426 1695 1556 1731 ambages
1575 1694 1712 1729 sinuatus,
1732 1692 1762 1723 et

125 1745 264 1781 explicata
277 1743 407 1773 diilicilis,
430 1746 460 1770 ut
475 1741 561 1770 solam
576 1739 694 1769 Joannis
709 1739 802 1775 fugam
819 1746 918 1774 capere
937 1738 1035 1773 possit.

395 1788 566 1817 ΕΠΙΣΤΟΛΗ
585 1789 647 1815 PE'.

414 1835 456 1868 Τῷ
469 1833 549 1867 αὐτῷ
565 1833 632 1870 (45).

169 1882 294 1917 Ἀνόητος
304 1881 337 1909 ἂν
348 1881 418 1916 εῦην,
431 1881 456 1908 εί
474 1881 512 1916 μὴ
524 1881 623 1916 πολλὴν
639 1880 720 1917 χάριν
739 1879 838 1915 εἰδείην
849 1880 918 1907 Πτο-

126 1928 259 1964 λεμαίοις,
277 1928 317 1954 ὅτι
332 1935 365 1962 με
382 1926 517 1954 τοσούτων
530 1926 661 1959 ἀξιοῦσιν,
675 1928 745 1955 ὅσων
764 1926 825 1952 οὐδὲ
837 1925 918 1957 αὐτὸς

126 1973 256 2009 ἐμαυτόν.
265 1971 335 1999 Ἀλλ’
344 1971 395 1999 οὐκ
404 1971 428 1997 εἰ
442 1971 547 2007 μεγάλα
557 1971 725 2007 χαρίζονται,
741 1971 820 1998 τοῦτο
831 1978 917 2006 προσ-

127 2021 190 2056 ήκει
207 2019 320 2046 σκοπεῖν
330 2024 340 2034 ··
355 2017 413 2045 ἀλλ’
425 2018 450 2045 εί
471 2017 564 2044 λαϐεῖν
587 2016 649 2052 ἐμοὶ
669 2017 779 2044 δυνατά.
804 2016 842 2042 Τὸ
863 2015 917 2052 γὰρ

126 2066 271 2102 ἄνθρωπον
299 2065 374 2098 ὗντα,
404 2063 505 2099 μικροῦ
525 2062 600 2094 θείας
621 2061 793 2096 καρποῦσθαι
815 2061 917 2097 τιμὰς,

125 2111 225 2147 δικαίῳ
241 2111 290 2146 μὲν
299 2110 355 2138 θντι
368 2109 525 2146 τυγχάνειν,
535 2109 644 2144 ἥδιστον
658 2108 699 2140 είς
709 2107 858 2135 ἀπόλαυσιν
869 2106 916 2142 ἐρ-

126 2167 217 2194 χεται·
249 2155 402 2191 λειπομένῳ
425 2155 453 2182 δὲ
479 2154 622 2190 παραπολὺ
640 2154 689 2189 τῆς
711 2153 800 2186 ἀξίας,
819 2153 918 2181 ἐλπίδα

127 2203 230 2238 πικρὰν
245 2202 382 2230 ὑποτείνει
407 2200 454 2227 τοῦ
474 2199 626 2236 μέλλοντος.
657 2199 695 2226 Οὺ
714 2198 767 2234 γὰρ
785 2198 917 2234 νεώτερόν

127 2249 186 2274 ὲστι
200 2247 231 2274 τὸ
246 2247 315 2279 δέος,
331 2245 400 2274 ἀλλὰ
415 2246 462 2273 καὶ
481 2245 540 2271 λίαν
556 2245 678 2280 ἀρχαῖον,
692 2243 733 2275 τὸ,
747 2243 790 2278 μή
807 2252 835 2270 τι
849 2243 916 2277 περὶ

127 2293 205 2321 Θεὸν
215 2291 392 2326 ἀμπλακὼν,
411 2291 497 2325 τιμὰν
517 2290 591 2325 πρὸς
605 2289 769 2324 ἀνθρώπων
790 2288 916 2323 ἐφεύρω.

134 2337 206 2372 Ἐγὼ
223 2337 253 2365 δὲ
277 2335 493 2371 καταμανθάνων
518 2335 644 2371 ἐμαυτὸν,
671 2334 790 2370 εὑρίσκω
812 2334 916 2361 παντά-

127 2391 211 2411 πασιν
227 2382 407 2418 ἐνδεέστερον,
427 2381 444 2416 ἢ
455 2381 493 2413 ὡς
516 2380 635 2416 ἁρμόσαι
646 2382 679 2416 τῇ
702 2380 752 2415 τῆς
768 2380 916 2416 ἱερωσύνης

127 2429 283 2465 σεμνότητι.
302 2429 358 2457 Καὶ
385 2428 454 2463 δῆτα
473 2427 631 2462 διαλέξομαι
654 2426 722 2462 πρὸς
736 2426 766 2454 σὲ
785 2426 916 2462 περὶτῶν

127 2462 179 2509 τῆς
205 2462 326 2509 trimo;
349 2462 439 2508 ψυχῆς
456 2473 624 2508 κινημάτων.
642 2472 679 2499 Οὐ
703 2472 758 2508 γὰρ
780 2472 834 2507 ἔχω
849 2471 916 2507 πρὸς
932 2462 953 2490 D

127 2519 218 2546 ὅντινα
233 2519 311 2546 ἄλλον
326 2519 388 2546 ἀντὶ
397 2518 445 2554 τῆς
461 2518 511 2553 σῆς
527 2518 617 2554 φίλης,
634 2518 682 2547 καὶ
704 2519 852 2554 συντρόφου
870 2527 916 2553 μοι

129 2565 259 2600 κεφαλῆς.
277 2565 312 2592 Σὲ
324 2564 378 2601 γὰρ
405 2564 480 2596 εικὺς
509 2564 556 2591 καὶ
578 2563 702 2599 μετέχειν
717 2573 762 2599 μοι
782 2563 837 2590 τῶν
850 2564 917 2591 ίσων

128 2610 287 2646 φροντίδων,
297 2610 345 2637 καὶ
362 2610 471 2644 νύκτωρ
484 2610 643 2645 ἀγρυπνεῖν,
666 2609 713 2636 καὶ
733 2609 792 2645 μεθ’
808 2609 916 2645 ἡμέραν

127 2656 252 2688 σκοπεῖν,
269 2655 343 2686 ὅπως
357 2654 391 2682 ἂν
415 2654 516 2690 ἀγαθόν
532 2655 559 2681 τί
584 2663 630 2689 μοι
644 2654 768 2689 γένηται,
783 2655 831 2682 καὶ
842 2655 917 2686 ὅπως

1234 1788 1289 1816 EPl
1297 1788 1410 1817 STOLA
1426 1789 1482 1818 CV.

1314 1835 1419 1864 Eidem.

1003 1879 1116 1915 lneptus
1131 1879 1257 1916 profecto
1272 1881 1372 1913 forem,
1387 1881 1411 1908 si
1425 1888 1479 1908 non
1495 1880 1651 1910 Ptolemaeis
1663 1889 1759 1918 Ingen¢

968 1929 1009 1953 tes
1023 1926 1125 1961 gratias
1135 1925 1276 1958 haberem,
1287 1926 1367 1963 247
1380 1926 1454 1961 quod
1469 1935 1512 1955 me
1527 1927 1612 1955 tantis
1623 1928 1706 1956 rebus
1716 1928 1760 1956 dio

968 1975 1099 2005 gnantur,
1116 1971 1228 2006 quantis
1241 1978 1275 1998 ne
1287 1979 1338 2007 ego
1345 1971 1458 2007 quidem
1473 1980 1516 2000 me
1527 1973 1639 2008 dignum
1652 1973 1758 2008 judico.

968 2015 1070 2043 Verum
1088 2024 1144 2044 non
1163 2017 1238 2045 istud
1251 2017 1374 2051 demum,
1390 2024 1474 2053 quam
1492 2025 1591 2053 magna
1621 2018 1758 2052 deferant.

968 2067 1093 2098 spectare
1110 2064 1256 2098 convenit;
1274 2064 1321 2091 sed
1336 2071 1419 2099 quam
1436 2063 1493 2092 sint
1513 2064 1659 2099 ejusmodi,
1684 2071 1700 2091 a
1716 2073 1760 2094 me

969 2114 1000 2136 ut
1020 2109 1107 2145 accipi
1126 2110 1244 2145 possint.
1261 2109 1369 2137 Etenim
1383 2110 1522 2137 hominem
1537 2116 1624 2145 prope
1650 2110 1761 2140 divinos

968 2154 1087 2182 honores
1098 2163 1207 2190 capere,
1221 2155 1244 2183 si
1259 2155 1369 2190 quidem
1387 2155 1486 2190 dignus
1506 2156 1543 2183 sit
1565 2156 1614 2191 qui
1628 2164 1760 2192 assequao

968 2205 1024 2232 tur,
1042 2202 1077 2229 ad
1104 2202 1188 2230 animi
1207 2202 1326 2229 fructum
1355 2202 1456 2229 accidit
1483 2203 1698 2237 suavissimum;
1715 2204 1760 2232 sin

970 2248 1086 2274 multum
1103 2248 1143 2275 rei
1159 2248 1291 2283 dignitate
1310 2248 1347 2275 sit
1361 2247 1485 2281 inferior,
1502 2249 1529 2277 id
1563 2250 1692 2278 acerbam
1719 2250 1759 2278 illi

967 2292 1052 2319 futuri
1068 2301 1142 2328 spem
1151 2293 1256 2328 objicit.
1272 2292 1366 2329 Neque
1379 2295 1451 2323 enim
1466 2303 1560 2323 recens
1573 2296 1619 2323 ille
1627 2295 1693 2323 mihi
1703 2303 1761 2323 me-

967 2341 1014 2364 tus
1033 2342 1086 2370 est,
1103 2338 1150 2366 scd
1160 2346 1221 2365 cum
1233 2338 1328 2373 primis
1339 2339 1482 2374 antiquus.
1496 2347 1528 2366 ne
1538 2346 1591 2373 qua
1602 2339 1663 2366 rein
1675 2338 1760 2366 Deum

967 2391 1090 2418 peccans,
1107 2383 1232 2411 honorem
1248 2384 1281 2410 ab
1293 2383 1444 2411 [luminibus
1456 2392 1614 2420 consequar.
1627 2384 1684 2420 Ego
1694 2392 1760 2412 vero

968 2435 1030 2456 cum
1052 2436 1096 2456 me
1108 2429 1198 2464 ipsum
1215 2430 1374 2463 considero,
1393 2429 1505 2458 omnino
1525 2430 1682 2458 inferiorem
1696 2437 1761 2458 sen-

969 2473 1018 2505 tio.
1033 2481 1114 2508 quam
1123 2478 1152 2501 ut
1170 2474 1319 2510 episcopali
1337 2475 1449 2510 fastigio
1466 2475 1632 2511 respondere
1643 2476 1759 2512 possim.

969 2519 1009 2546 Ac
1029 2519 1094 2547 libet
1114 2520 1196 2547 modo
1213 2521 1266 2548 mei
1281 2521 1330 2547 tibi
1343 2521 1428 2548 animi
1443 2525 1688 2557 motusexponere.
1697 2521 1760 2550 Non

970 2566 1042 2592 enim
1061 2566 1132 2600 apud
1149 2565 1234 2592 alium
1260 2573 1342 2600 quam
1358 2566 1558 2594 amicissimum
1572 2571 1660 2599 tuum,
1689 2575 1760 2595 una—

970 2618 1024 2644 que
1043 2617 1150 2637 inecum
1167 2610 1313 2637 educatum
1330 2614 1425 2645 caput,
1439 2611 1612 2639 commodius
1626 2611 1678 2639 hoc
1697 2619 1761 2646 pos-

972 2663 1033 2684 sum
1053 2655 1150 2684 [ποτε.
1164 2655 1231 2682 Nam
1245 2659 1272 2683 te
1291 2659 1334 2683 est
1347 2663 1455 2691 aequum
1482 2659 1511 2684 et
1527 2656 1684 2685 earumdem
1704 2664 1761 2684 me-

713 2730 804 2760 DION.
819 2730 957 2760 PET-AVII
975 2731 1092 2760 ΝΟΤᾹΞ.

161 2808 218 2844 (ιι)
238 2807 573 2844 παρᾲ,τᾲς,Αιτι›κειας
596 2807 741 2844 ἐξήταζον
762 2809 918 2843 σύριγγας.-

128 2841 224 2871 Deliis
238 2841 300 2870 vide
315 2841 508 2878 Heliodorum,
520 2843 540 2869 l.
555 2850 564 2869 I
580 2843 701 2878 Ethiop.

163 2877 222 2914 (t5)
241 2878 361 2912 Scripsit
379 2877 451 2904 hanc
468 2877 697 2911 epistolam,cutn
710 2885 726 2906 a
741 2877 919 2906 Ptolemaeu-

289 2926 428 2956 PATROL.
449 2924 508 2956 Gn.
524 2925 632 2956 LXVI.

971 2809 1049 2849 sibus
1061 2809 1306 2849 aduepiscopatum
1323 2814 1474 2847 peteretur;
1490 2811 1571 2849 cujus
1584 2812 1716 2849 pleraque
1732 2812 1760 2841 in

972 2844 1078 2880 Synesii
1102 2844 1161 2871 Vita
1177 2844 1370 2873 discussimus.

1580 2924 1621 2957 47
