  <div class='ocr_page' id='page_1' title='image "/cluster/home/n/w/nwhite01/storage/ocr_20150623/66/njp.32101077772695/773.png"; bbox 0 0 1955 3063; ppageno 0'>
   <div class='ocr_carea' id='block_1_1' title="bbox 207 145 272 174">
    <p class='ocr_par' dir='ltr' id='par_1_1' title="bbox 207 145 272 174">
     <span class='ocr_line' id='line_1_1' title="bbox 207 145 272 174; baseline 0 0"><span class='ocrx_word' id='word_1_1' title='bbox 207 145 272 174; x_wconf 68' lang='lat'><strong>“35</strong></span> 
     </span>
    </p>
   </div>
   <div class='ocr_carea' id='block_1_2' title="bbox 204 201 1029 238">
    <p class='ocr_par' dir='ltr' id='par_1_2' title="bbox 204 201 1029 238">
     <span class='ocr_line' id='line_1_2' title="bbox 204 201 1029 238; baseline -0.002 -6"><span class='ocrx_word' id='word_1_2' title='bbox 204 212 268 232; x_wconf 83' lang='lat' dir='ltr'><strong>cum</strong></span> <span class='ocrx_word' id='word_1_3' title='bbox 285 209 414 232; x_wconf 88' lang='lat' dir='ltr'><strong>curarum</strong></span> <span class='ocrx_word' id='word_1_4' title='bbox 429 201 589 238; x_wconf 74' lang='lat' dir='ltr'><strong>participem</strong></span> <span class='ocrx_word' id='word_1_5' title='bbox 606 209 680 235; x_wconf 79' lang='lat' dir='ltr'><strong>esse,</strong></span> <span class='ocrx_word' id='word_1_6' title='bbox 694 207 722 229; x_wconf 89' lang='lat' dir='ltr'><strong>et</strong></span> <span class='ocrx_word' id='word_1_7' title='bbox 736 209 799 230; x_wconf 90' lang='lat' dir='ltr'><strong>cum</strong></span> <span class='ocrx_word' id='word_1_8' title='bbox 817 206 902 230; x_wconf 85' lang='lat' dir='ltr'><strong>noctu</strong></span> <span class='ocrx_word' id='word_1_9' title='bbox 922 203 991 238; x_wconf 81' lang='lat' dir='ltr'><strong>vigi-</strong></span> <span class='ocrx_word' id='word_1_10' title='bbox 1006 207 1029 236; x_wconf 76' lang='grc' dir='ltr'>Α,</span> 
     </span>
    </p>
   </div>
   <div class='ocr_carea' id='block_1_3' title="bbox 207 248 995 284">
    <p class='ocr_par' dir='ltr' id='par_1_3' title="bbox 207 248 995 284">
     <span class='ocr_line' id='line_1_3' title="bbox 207 248 995 284; baseline -0.003 -6"><span class='ocrx_word' id='word_1_11' title='bbox 207 251 275 284; x_wconf 89' lang='lat' dir='ltr'><strong>lare,</strong></span> <span class='ocrx_word' id='word_1_12' title='bbox 294 253 352 278; x_wconf 90' lang='lat' dir='ltr'><strong>tum</strong></span> <span class='ocrx_word' id='word_1_13' title='bbox 374 249 493 277; x_wconf 89' lang='lat' dir='ltr'><strong>interdiu</strong></span> <span class='ocrx_word' id='word_1_14' title='bbox 521 248 657 283; x_wconf 79' lang='lat' dir='ltr'><strong>cogitare.</strong></span> <span class='ocrx_word' id='word_1_15' title='bbox 688 248 923 283; x_wconf 79' lang='lat' dir='ltr'><strong>quemadmodum</strong></span> <span class='ocrx_word' id='word_1_16' title='bbox 948 253 995 276; x_wconf 91' lang='lat' dir='ltr'><strong>aut</strong></span> 
     </span>
    </p>
   </div>
   <div class='ocr_carea' id='block_1_4' title="bbox 200 295 994 330">
    <p class='ocr_par' dir='ltr' id='par_1_4' title="bbox 200 295 994 330">
     <span class='ocr_line' id='line_1_4' title="bbox 200 295 994 330; baseline -0.001 -6"><span class='ocrx_word' id='word_1_17' title='bbox 200 297 272 324; x_wconf 87' lang='lat' dir='ltr'><strong>boni</strong></span> <span class='ocrx_word' id='word_1_18' title='bbox 297 295 366 323; x_wconf 85' lang='lat' dir='ltr'><strong>mibi</strong></span> <span class='ocrx_word' id='word_1_19' title='bbox 396 295 539 330; x_wconf 71' lang='lat' dir='ltr'><strong>conlingat</strong></span> <span class='ocrx_word' id='word_1_20' title='bbox 567 295 683 330; x_wconf 84' lang='lat' dir='ltr'><strong>aliquid,</strong></span> <span class='ocrx_word' id='word_1_21' title='bbox 710 299 758 322; x_wconf 89' lang='lat' dir='ltr'><strong>aut</strong></span> <span class='ocrx_word' id='word_1_22' title='bbox 775 295 838 322; x_wconf 87' lang='lat' dir='ltr'><strong>mali</strong></span> <span class='ocrx_word' id='word_1_23' title='bbox 854 295 994 330; x_wconf 84' lang='lat' dir='ltr'><strong>quidpiam</strong></span> 
     </span>
    </p>
   </div>
   <div class='ocr_carea' id='block_1_5' title="bbox 205 338 995 376">
    <p class='ocr_par' dir='ltr' id='par_1_5' title="bbox 205 338 995 376">
     <span class='ocr_line' id='line_1_5' title="bbox 205 338 995 376; baseline -0.004 -8"><span class='ocrx_word' id='word_1_24' title='bbox 205 341 311 368; x_wconf 87' lang='lat' dir='ltr'><strong>evitare</strong></span> <span class='ocrx_word' id='word_1_25' title='bbox 326 339 441 376; x_wconf 85' lang='lat' dir='ltr'><strong>possim.</strong></span> <span class='ocrx_word' id='word_1_26' title='bbox 457 339 528 367; x_wconf 84' lang='lat' dir='ltr'><strong>Audi</strong></span> <span class='ocrx_word' id='word_1_27' title='bbox 544 338 628 375; x_wconf 74' lang='lat' dir='ltr'><strong>igitur</strong></span> <span class='ocrx_word' id='word_1_28' title='bbox 638 338 685 374; x_wconf 87' lang='lat' dir='ltr'><strong>qui</strong></span> <span class='ocrx_word' id='word_1_29' title='bbox 700 338 737 366; x_wconf 89' lang='lat' dir='ltr'><strong>sit</strong></span> <span class='ocrx_word' id='word_1_30' title='bbox 752 346 874 366; x_wconf 84' lang='lat' dir='ltr'><strong>mearum</strong></span> <span class='ocrx_word' id='word_1_31' title='bbox 902 346 995 366; x_wconf 83' lang='lat' dir='ltr'><strong>rerum</strong></span> 
     </span>
    </p>
   </div>
   <div class='ocr_carea' id='block_1_6' title="bbox 205 383 993 420">
    <p class='ocr_par' dir='ltr' id='par_1_6' title="bbox 205 383 993 420">
     <span class='ocr_line' id='line_1_6' title="bbox 205 383 993 420; baseline -0.004 -6"><span class='ocrx_word' id='word_1_32' title='bbox 205 389 306 419; x_wconf 79' lang='lat' dir='ltr'><strong>status,</strong></span> <span class='ocrx_word' id='word_1_33' title='bbox 328 392 444 420; x_wconf 84' lang='lat' dir='ltr'><strong>quarum</strong></span> <span class='ocrx_word' id='word_1_34' title='bbox 466 384 597 420; x_wconf 87' lang='lat' dir='ltr'><strong>pleraque</strong></span> <span class='ocrx_word' id='word_1_35' title='bbox 609 383 666 418; x_wconf 84' lang='lat' dir='ltr'><strong>jam</strong></span> <span class='ocrx_word' id='word_1_36' title='bbox 685 387 712 411; x_wconf 90' lang='lat' dir='ltr'><strong>te</strong></span> <span class='ocrx_word' id='word_1_37' title='bbox 743 383 863 411; x_wconf 90' lang='lat' dir='ltr'><strong>arbitror</strong></span> <span class='ocrx_word' id='word_1_38' title='bbox 887 390 993 418; x_wconf 71' lang='lat' dir='ltr'><strong>cogno-</strong></span> 
     </span>
    </p>
   </div>
   <div class='ocr_carea' id='block_1_7' title="bbox 206 428 996 466">
    <p class='ocr_par' dir='ltr' id='par_1_7' title="bbox 206 428 996 466">
     <span class='ocr_line' id='line_1_7' title="bbox 206 428 996 466; baseline -0.006 -6"><span class='ocrx_word' id='word_1_39' title='bbox 206 439 294 460; x_wconf 84' lang='lat' dir='ltr'><strong>scere.</strong></span> <span class='ocrx_word' id='word_1_40' title='bbox 308 430 376 459; x_wconf 87' lang='lat' dir='ltr'><strong>Cum</strong></span> <span class='ocrx_word' id='word_1_41' title='bbox 396 430 526 466; x_wconf 74' lang='lat' dir='ltr'><strong>exiguum</strong></span> <span class='ocrx_word' id='word_1_42' title='bbox 548 436 619 457; x_wconf 89' lang='lat' dir='ltr'><strong>onus</strong></span> <span class='ocrx_word' id='word_1_43' title='bbox 643 429 835 464; x_wconf 86' lang='lat' dir='ltr'><strong>suscepissem.</strong></span> <span class='ocrx_word' id='word_1_44' title='bbox 851 428 903 456; x_wconf 85' lang='lat' dir='ltr'><strong>hoc</strong></span> <span class='ocrx_word' id='word_1_45' title='bbox 927 428 996 456; x_wconf 86' lang='lat' dir='ltr'><strong>mihi</strong></span> 
     </span>
    </p>
   </div>
   <div class='ocr_carea' id='block_1_8' title="bbox 204 473 996 509">
    <p class='ocr_par' dir='ltr' id='par_1_8' title="bbox 204 473 996 509">
     <span class='ocr_line' id='line_1_8' title="bbox 204 473 996 509; baseline -0.006 -4"><span class='ocrx_word' id='word_1_46' title='bbox 204 477 339 505; x_wconf 79' lang='lat' dir='ltr'><strong>hactenus</strong></span> <span class='ocrx_word' id='word_1_47' title='bbox 351 475 494 504; x_wconf 82' lang='lat' dir='ltr'><strong>commode</strong></span> <span class='ocrx_word' id='word_1_48' title='bbox 508 474 672 503; x_wconf 72' lang='lat' dir='ltr'><strong>sustinuisse</strong></span> <span class='ocrx_word' id='word_1_49' title='bbox 685 474 788 506; x_wconf 88' lang='lat' dir='ltr'><strong>videor,</strong></span> <span class='ocrx_word' id='word_1_50' title='bbox 796 473 996 509; x_wconf 80' lang='lat' dir='ltr'><strong>philosophiam</strong></span> 
     </span>
    </p>
   </div>
   <div class='ocr_carea' id='block_1_9' title="bbox 202 519 996 556">
    <p class='ocr_par' dir='ltr' id='par_1_9' title="bbox 202 519 996 556">
     <span class='ocr_line' id='line_1_9' title="bbox 202 519 996 556; baseline -0.005 -6"><span class='ocrx_word' id='word_1_51' title='bbox 202 523 348 555; x_wconf 75' lang='lat' dir='ltr'><strong>nimirum.</strong></span> <span class='ocrx_word' id='word_1_52' title='bbox 368 521 421 549; x_wconf 88' lang='lat' dir='ltr'><strong>Pro</strong></span> <span class='ocrx_word' id='word_1_53' title='bbox 441 528 476 550; x_wconf 91' lang='lat' dir='ltr'><strong>eo</strong></span> <span class='ocrx_word' id='word_1_54' title='bbox 500 528 568 548; x_wconf 80' lang='lat' dir='ltr'><strong>vero</strong></span> <span class='ocrx_word' id='word_1_55' title='bbox 591 520 666 556; x_wconf 91' lang='lat' dir='ltr'><strong>quod</strong></span> <span class='ocrx_word' id='word_1_56' title='bbox 694 527 749 547; x_wconf 90' lang='lat' dir='ltr'><strong>non</strong></span> <span class='ocrx_word' id='word_1_57' title='bbox 781 519 891 555; x_wconf 85' lang='lat' dir='ltr'><strong>penitus</strong></span> <span class='ocrx_word' id='word_1_58' title='bbox 913 519 949 547; x_wconf 91' lang='lat' dir='ltr'><strong>ab</strong></span> <span class='ocrx_word' id='word_1_59' title='bbox 963 526 996 547; x_wconf 89' lang='lat' dir='ltr'><strong>ea</strong></span> 
     </span>
    </p>
   </div>
   <div class='ocr_carea' id='block_1_10' title="bbox 207 565 996 600">
    <p class='ocr_par' dir='ltr' id='par_1_10' title="bbox 207 565 996 600">
     <span class='ocr_line' id='line_1_10' title="bbox 207 565 996 600; baseline -0.003 -4"><span class='ocrx_word' id='word_1_60' title='bbox 207 568 339 596; x_wconf 81' lang='lat' dir='ltr'><strong>aberrare</strong></span> <span class='ocrx_word' id='word_1_61' title='bbox 356 566 462 598; x_wconf 86' lang='lat' dir='ltr'><strong>videor.</strong></span> <span class='ocrx_word' id='word_1_62' title='bbox 477 573 493 593; x_wconf 88' lang='lat' dir='ltr'><strong>a</strong></span> <span class='ocrx_word' id='word_1_63' title='bbox 509 566 650 594; x_wconf 85' lang='lat' dir='ltr'><strong>nonnullis</strong></span> <span class='ocrx_word' id='word_1_64' title='bbox 678 565 816 598; x_wconf 81' lang='lat' dir='ltr'><strong>laudatus.</strong></span> <span class='ocrx_word' id='word_1_65' title='bbox 844 565 996 600; x_wconf 82' lang='lat' dir='ltr'><strong>majoribus</strong></span> 
     </span>
    </p>
   </div>
   <div class='ocr_carea' id='block_1_11' title="bbox 205 610 996 648">
    <p class='ocr_par' dir='ltr' id='par_1_11' title="bbox 205 610 996 648">
     <span class='ocr_line' id='line_1_11' title="bbox 205 610 996 648; baseline -0.005 -6"><span class='ocrx_word' id='word_1_66' title='bbox 205 614 305 648; x_wconf 71' lang='lat' dir='ltr'><strong>dignus</strong></span> <span class='ocrx_word' id='word_1_67' title='bbox 324 613 359 640; x_wconf 90' lang='lat' dir='ltr'><strong>ab</strong></span> <span class='ocrx_word' id='word_1_68' title='bbox 372 612 406 640; x_wconf 88' lang='lat' dir='ltr'><strong>iis</strong></span> <span class='ocrx_word' id='word_1_69' title='bbox 415 611 570 644; x_wconf 80' lang='lat' dir='ltr'><strong>existimor,</strong></span> <span class='ocrx_word' id='word_1_70' title='bbox 586 611 634 646; x_wconf 88' lang='lat' dir='ltr'><strong>qui</strong></span> <span class='ocrx_word' id='word_1_71' title='bbox 643 611 728 639; x_wconf 88' lang='lat' dir='ltr'><strong>animi</strong></span> <span class='ocrx_word' id='word_1_72' title='bbox 744 610 902 638; x_wconf 68' lang='lat' dir='ltr'><strong>facultatem</strong></span> <span class='ocrx_word' id='word_1_73' title='bbox 915 610 996 642; x_wconf 82' lang='lat' dir='ltr'><strong>habi-</strong></span> 
     </span>
    </p>
   </div>
   <div class='ocr_carea' id='block_1_12' title="bbox 205 655 995 694">
    <p class='ocr_par' dir='ltr' id='par_1_12' title="bbox 205 655 995 694">
     <span class='ocr_line' id='line_1_12' title="bbox 205 655 995 694; baseline -0.006 -6"><span class='ocrx_word' id='word_1_74' title='bbox 205 660 368 694; x_wconf 80' lang='lat' dir='ltr'><strong>iitatemque</strong></span> <span class='ocrx_word' id='word_1_75' title='bbox 378 658 538 687; x_wconf 83' lang='lat' dir='ltr'><strong>discernere</strong></span> <span class='ocrx_word' id='word_1_76' title='bbox 551 661 701 692; x_wconf 86' lang='lat' dir='ltr'><strong>nequeant.</strong></span> <span class='ocrx_word' id='word_1_77' title='bbox 716 655 819 684; x_wconf 78' lang='lat' dir='ltr'><strong>Vereor</strong></span> <span class='ocrx_word' id='word_1_78' title='bbox 833 660 926 684; x_wconf 89' lang='lat' dir='ltr'><strong>autem</strong></span> <span class='ocrx_word' id='word_1_79' title='bbox 947 663 995 688; x_wconf 81' lang='lat' dir='ltr'><strong>ne,</strong></span> 
     </span>
    </p>
   </div>
   <div class='ocr_carea' id='block_1_13' title="bbox 205 700 996 740">
    <p class='ocr_par' dir='ltr' id='par_1_13' title="bbox 205 700 996 740">
     <span class='ocr_line' id='line_1_13' title="bbox 205 700 996 740; baseline -0.005 -8"><span class='ocrx_word' id='word_1_80' title='bbox 205 704 380 740; x_wconf 69' lang='lat' dir='ltr'><strong>arrogantior</strong></span> <span class='ocrx_word' id='word_1_81' title='bbox 393 703 495 735; x_wconf 87' lang='lat' dir='ltr'><strong>factus,</strong></span> <span class='ocrx_word' id='word_1_82' title='bbox 509 706 538 730; x_wconf 91' lang='lat' dir='ltr'><strong>et</strong></span> <span class='ocrx_word' id='word_1_83' title='bbox 553 709 617 731; x_wconf 87' lang='lat' dir='ltr'><strong>eum</strong></span> <span class='ocrx_word' id='word_1_84' title='bbox 627 702 761 729; x_wconf 84' lang='lat' dir='ltr'><strong>honorem</strong></span> <span class='ocrx_word' id='word_1_85' title='bbox 777 700 937 734; x_wconf 82' lang='lat' dir='ltr'><strong>admittens,</strong></span> <span class='ocrx_word' id='word_1_86' title='bbox 960 700 996 728; x_wconf 88' lang='lat' dir='ltr'><strong>ab</strong></span> 
     </span>
    </p>
   </div>
   <div class='ocr_carea' id='block_1_14' title="bbox 207 747 996 786">
    <p class='ocr_par' dir='ltr' id='par_1_14' title="bbox 207 747 996 786">
     <span class='ocr_line' id='line_1_14' title="bbox 207 747 996 786; baseline -0.006 -8"><span class='ocrx_word' id='word_1_87' title='bbox 207 755 326 786; x_wconf 89' lang='lat' dir='ltr'><strong>utroque</strong></span> <span class='ocrx_word' id='word_1_88' title='bbox 351 749 575 782; x_wconf 81' lang='lat' dir='ltr'><strong>excidam;cum</strong></span> <span class='ocrx_word' id='word_1_89' title='bbox 602 748 719 776; x_wconf 85' lang='lat' dir='ltr'><strong>alterum</strong></span> <span class='ocrx_word' id='word_1_90' title='bbox 734 747 846 782; x_wconf 87' lang='lat' dir='ltr'><strong>quidem</strong></span> <span class='ocrx_word' id='word_1_91' title='bbox 872 750 996 774; x_wconf 89' lang='lat' dir='ltr'><strong>contem-</strong></span> 
     </span>
    </p>
   </div>
   <div class='ocr_carea' id='block_1_15' title="bbox 205 792 994 830">
    <p class='ocr_par' dir='ltr' id='par_1_15' title="bbox 205 792 994 830">
     <span class='ocr_line' id='line_1_15' title="bbox 205 792 994 830; baseline -0.005 -7"><span class='ocrx_word' id='word_1_92' title='bbox 205 803 297 830; x_wconf 84' lang='lat' dir='ltr'><strong>psero,</strong></span> <span class='ocrx_word' id='word_1_93' title='bbox 311 794 425 822; x_wconf 85' lang='lat' dir='ltr'><strong>alterius</strong></span> <span class='ocrx_word' id='word_1_94' title='bbox 442 801 509 822; x_wconf 87' lang='lat' dir='ltr'><strong>vero</strong></span> <span class='ocrx_word' id='word_1_95' title='bbox 522 801 578 822; x_wconf 86' lang='lat' dir='ltr'><strong>non</strong></span> <span class='ocrx_word' id='word_1_96' title='bbox 589 792 669 821; x_wconf 89' lang='lat' dir='ltr'><strong>fuero</strong></span> <span class='ocrx_word' id='word_1_97' title='bbox 695 793 856 828; x_wconf 82' lang='lat' dir='ltr'><strong>dignitatem</strong></span> <span class='ocrx_word' id='word_1_98' title='bbox 880 799 994 820; x_wconf 89' lang='lat' dir='ltr'><strong>assecu-</strong></span> 
     </span>
    </p>
   </div>
   <div class='ocr_carea' id='block_1_16' title="bbox 199 838 995 874">
    <p class='ocr_par' dir='ltr' id='par_1_16' title="bbox 199 838 995 874">
     <span class='ocr_line' id='line_1_16' title="bbox 199 838 995 874; baseline -0.003 -6"><span class='ocrx_word' id='word_1_99' title='bbox 199 845 263 869; x_wconf 79' lang='lat' dir='ltr'><strong>tus.</strong></span> <span class='ocrx_word' id='word_1_100' title='bbox 279 840 326 868; x_wconf 80' lang='lat' dir='ltr'><strong>Sic</strong></span> <span class='ocrx_word' id='word_1_101' title='bbox 337 840 411 869; x_wconf 87' lang='lat' dir='ltr'><strong>enim</strong></span> <span class='ocrx_word' id='word_1_102' title='bbox 431 840 543 868; x_wconf 81' lang='lat' dir='ltr'><strong>habeto.</strong></span> <span class='ocrx_word' id='word_1_103' title='bbox 563 838 676 867; x_wconf 88' lang='lat' dir='ltr'><strong>Duobus</strong></span> <span class='ocrx_word' id='word_1_104' title='bbox 692 839 769 867; x_wconf 85' lang='lat' dir='ltr'><strong>hisce</strong></span> <span class='ocrx_word' id='word_1_105' title='bbox 790 843 898 874; x_wconf 83' lang='lat' dir='ltr'><strong>tempus</strong></span> <span class='ocrx_word' id='word_1_106' title='bbox 916 838 995 867; x_wconf 88' lang='lat' dir='ltr'><strong>iden-</strong></span> 
     </span>
    </p>
   </div>
   <div class='ocr_carea' id='block_1_17' title="bbox 205 877 1033 921">
    <p class='ocr_par' dir='ltr' id='par_1_17' title="bbox 205 877 1033 921">
     <span class='ocr_line' id='line_1_17' title="bbox 205 877 1033 921; baseline -0.004 -7"><span class='ocrx_word' id='word_1_107' title='bbox 205 886 292 914; x_wconf 87' lang='lat' dir='ltr'><strong>tidem</strong></span> <span class='ocrx_word' id='word_1_108' title='bbox 305 885 458 921; x_wconf 71' lang='lat' dir='ltr'><strong>distinguo,</strong></span> <span class='ocrx_word' id='word_1_109' title='bbox 471 884 537 921; x_wconf 83' lang='lat' dir='ltr'><strong>ludo</strong></span> <span class='ocrx_word' id='word_1_110' title='bbox 550 889 631 920; x_wconf 83' lang='lat' dir='ltr'><strong>atque</strong></span> <span class='ocrx_word' id='word_1_111' title='bbox 644 885 754 913; x_wconf 81' lang='lat' dir='ltr'><strong>studiis.</strong></span> <span class='ocrx_word' id='word_1_112' title='bbox 766 885 806 912; x_wconf 81' lang='lat' dir='ltr'><strong>Ac</strong></span> <span class='ocrx_word' id='word_1_113' title='bbox 818 891 882 912; x_wconf 80' lang='lat' dir='ltr'><strong>cum</strong></span> <span class='ocrx_word' id='word_1_114' title='bbox 897 884 925 912; x_wconf 92' lang='lat' dir='ltr'><strong>in</strong></span> <span class='ocrx_word' id='word_1_115' title='bbox 937 887 996 912; x_wconf 87' lang='lat' dir='ltr'><strong>stn-</strong></span> <span class='ocrx_word' id='word_1_116' title='bbox 1009 877 1033 906; x_wconf 72' lang='grc' dir='ltr'>Β</span> 
     </span>
    </p>
   </div>
   <div class='ocr_carea' id='block_1_18' title="bbox 205 929 996 966">
    <p class='ocr_par' dir='ltr' id='par_1_18' title="bbox 205 929 996 966">
     <span class='ocr_line' id='line_1_18' title="bbox 205 929 996 966; baseline -0.003 -7"><span class='ocrx_word' id='word_1_117' title='bbox 205 931 261 960; x_wconf 87' lang='lat' dir='ltr'><strong>diis</strong></span> <span class='ocrx_word' id='word_1_118' title='bbox 274 938 405 966; x_wconf 83' lang='lat' dir='ltr'><strong>occupor,</strong></span> <span class='ocrx_word' id='word_1_119' title='bbox 420 935 478 958; x_wconf 89' lang='lat' dir='ltr'><strong>tum</strong></span> <span class='ocrx_word' id='word_1_120' title='bbox 498 930 565 958; x_wconf 82' lang='lat' dir='ltr'><strong>mihi</strong></span> <span class='ocrx_word' id='word_1_121' title='bbox 581 930 629 958; x_wconf 88' lang='lat' dir='ltr'><strong>uni</strong></span> <span class='ocrx_word' id='word_1_122' title='bbox 643 929 753 958; x_wconf 87' lang='lat' dir='ltr'><strong>deditus</strong></span> <span class='ocrx_word' id='word_1_123' title='bbox 774 937 847 964; x_wconf 88' lang='lat' dir='ltr'><strong>sum,</strong></span> <span class='ocrx_word' id='word_1_124' title='bbox 871 929 903 957; x_wconf 86' lang='lat' dir='ltr'><strong>in</strong></span> <span class='ocrx_word' id='word_1_125' title='bbox 926 929 996 957; x_wconf 86' lang='lat' dir='ltr'><strong>divi-</strong></span> 
     </span>
    </p>
   </div>
   <div class='ocr_carea' id='block_1_19' title="bbox 205 975 996 1012">
    <p class='ocr_par' dir='ltr' id='par_1_19' title="bbox 205 975 996 1012">
     <span class='ocr_line' id='line_1_19' title="bbox 205 975 996 1012; baseline -0.003 -8"><span class='ocrx_word' id='word_1_126' title='bbox 205 976 253 1004; x_wconf 76' lang='lat' dir='ltr'><strong>nis</strong></span> <span class='ocrx_word' id='word_1_127' title='bbox 270 976 434 1012; x_wconf 70' lang='lat' dir='ltr'><strong>praesertim.</strong></span> <span class='ocrx_word' id='word_1_128' title='bbox 447 975 476 1003; x_wconf 80' lang='lat' dir='ltr'><strong>in</strong></span> <span class='ocrx_word' id='word_1_129' title='bbox 493 975 612 1003; x_wconf 90' lang='lat' dir='ltr'><strong>ludendo</strong></span> <span class='ocrx_word' id='word_1_130' title='bbox 624 982 690 1003; x_wconf 84' lang='lat' dir='ltr'><strong>vero</strong></span> <span class='ocrx_word' id='word_1_131' title='bbox 717 975 835 1003; x_wconf 79' lang='lat' dir='ltr'><strong>maxime</strong></span> <span class='ocrx_word' id='word_1_132' title='bbox 854 982 915 1003; x_wconf 80' lang='lat' dir='ltr'><strong>sum</strong></span> <span class='ocrx_word' id='word_1_133' title='bbox 935 981 996 1002; x_wconf 61' lang='lat' dir='ltr'><strong>om»</strong></span> 
     </span>
    </p>
   </div>
   <div class='ocr_carea' id='block_1_20' title="bbox 205 1020 998 1057">
    <p class='ocr_par' dir='ltr' id='par_1_20' title="bbox 205 1020 998 1057">
     <span class='ocr_line' id='line_1_20' title="bbox 205 1020 998 1057; baseline -0.001 -8"><span class='ocrx_word' id='word_1_134' title='bbox 205 1022 288 1052; x_wconf 82' lang='lat' dir='ltr'><strong>nibus</strong></span> <span class='ocrx_word' id='word_1_135' title='bbox 303 1022 456 1057; x_wconf 78' lang='lat' dir='ltr'><strong>expositus.</strong></span> <span class='ocrx_word' id='word_1_136' title='bbox 472 1021 536 1049; x_wconf 84' lang='lat' dir='ltr'><strong>Scis</strong></span> <span class='ocrx_word' id='word_1_137' title='bbox 547 1021 621 1049; x_wconf 89' lang='lat' dir='ltr'><strong>enim</strong></span> <span class='ocrx_word' id='word_1_138' title='bbox 635 1028 690 1053; x_wconf 85' lang='lat' dir='ltr'><strong>me,</strong></span> <span class='ocrx_word' id='word_1_139' title='bbox 704 1028 766 1048; x_wconf 90' lang='lat' dir='ltr'><strong>cum</strong></span> <span class='ocrx_word' id='word_1_140' title='bbox 780 1028 795 1048; x_wconf 88' lang='lat' dir='ltr'><strong>a</strong></span> <span class='ocrx_word' id='word_1_141' title='bbox 811 1021 888 1049; x_wconf 81' lang='lat' dir='ltr'><strong>libris</strong></span> <span class='ocrx_word' id='word_1_142' title='bbox 900 1020 998 1048; x_wconf 87' lang='lat' dir='ltr'><strong>oculos</strong></span> 
     </span>
    </p>
   </div>
   <div class='ocr_carea' id='block_1_21' title="bbox 197 1067 995 1102">
    <p class='ocr_par' dir='ltr' id='par_1_21' title="bbox 197 1067 995 1102">
     <span class='ocr_line' id='line_1_21' title="bbox 197 1067 995 1102; baseline -0.004 -7"><span class='ocrx_word' id='word_1_143' title='bbox 197 1068 333 1101; x_wconf 79' lang='lat' dir='ltr'><strong>~av0cavi,</strong></span> <span class='ocrx_word' id='word_1_144' title='bbox 347 1069 381 1095; x_wconf 88' lang='lat' dir='ltr'><strong>ad</strong></span> <span class='ocrx_word' id='word_1_145' title='bbox 396 1075 479 1096; x_wconf 86' lang='lat' dir='ltr'><strong>omne</strong></span> <span class='ocrx_word' id='word_1_146' title='bbox 491 1067 618 1095; x_wconf 73' lang='lat' dir='ltr'><strong>ludorum</strong></span> <span class='ocrx_word' id='word_1_147' title='bbox 633 1074 719 1102; x_wconf 74' lang='lat' dir='ltr'><strong>genus</strong></span> <span class='ocrx_word' id='word_1_148' title='bbox 730 1074 793 1095; x_wconf 88' lang='lat' dir='ltr'><strong>esse</strong></span> <span class='ocrx_word' id='word_1_149' title='bbox 815 1073 995 1102; x_wconf 76' lang='lat' dir='ltr'><strong>propensum.</strong></span> 
     </span>
    </p>
   </div>
   <div class='ocr_carea' id='block_1_22' title="bbox 168 1111 997 1148">
    <p class='ocr_par' dir='ltr' id='par_1_22' title="bbox 168 1111 997 1148">
     <span class='ocr_line' id='line_1_22' title="bbox 168 1111 997 1148; baseline -0.004 -7"><span class='ocrx_word' id='word_1_150' title='bbox 168 1133 174 1141; x_wconf 82' lang='lat'><strong>.</strong></span> <span class='ocrx_word' id='word_1_151' title='bbox 205 1113 301 1142; x_wconf 83' lang='lat' dir='ltr'><strong>Civilis</strong></span> <span class='ocrx_word' id='word_1_152' title='bbox 320 1120 403 1148; x_wconf 84' lang='lat' dir='ltr'><strong>porro</strong></span> <span class='ocrx_word' id='word_1_153' title='bbox 424 1120 499 1140; x_wconf 75' lang='lat' dir='ltr'><strong>cum</strong></span> <span class='ocrx_word' id='word_1_154' title='bbox 513 1119 546 1140; x_wconf 84' lang='lat' dir='ltr'><strong>ac</strong></span> <span class='ocrx_word' id='word_1_155' title='bbox 571 1111 766 1141; x_wconf 85' lang='lat' dir='ltr'><strong>sollicitudinis</strong></span> <span class='ocrx_word' id='word_1_156' title='bbox 789 1115 817 1139; x_wconf 87' lang='lat' dir='ltr'><strong>et</strong></span> <span class='ocrx_word' id='word_1_157' title='bbox 844 1115 944 1138; x_wconf 88' lang='lat' dir='ltr'><strong>natura</strong></span> <span class='ocrx_word' id='word_1_158' title='bbox 969 1114 997 1139; x_wconf 88' lang='lat' dir='ltr'><strong>et</strong></span> 
     </span>
    </p>
   </div>
   <div class='ocr_carea' id='block_1_23' title="bbox 205 1157 996 1194">
    <p class='ocr_par' dir='ltr' id='par_1_23' title="bbox 205 1157 996 1194">
     <span class='ocr_line' id='line_1_23' title="bbox 205 1157 996 1194; baseline -0.004 -6"><span class='ocrx_word' id='word_1_159' title='bbox 205 1158 297 1188; x_wconf 84' lang='lat' dir='ltr'><strong>studio</strong></span> <span class='ocrx_word' id='word_1_160' title='bbox 310 1166 370 1187; x_wconf 88' lang='lat' dir='ltr'><strong>sum</strong></span> <span class='ocrx_word' id='word_1_161' title='bbox 387 1165 502 1194; x_wconf 86' lang='lat' dir='ltr'><strong>prorsus</strong></span> <span class='ocrx_word' id='word_1_162' title='bbox 515 1165 624 1194; x_wconf 82' lang='lat' dir='ltr'><strong>expers.</strong></span> <span class='ocrx_word' id='word_1_163' title='bbox 645 1158 680 1184; x_wconf 84' lang='lat' dir='ltr'><strong>At</strong></span> <span class='ocrx_word' id='word_1_164' title='bbox 694 1157 856 1193; x_wconf 88' lang='lat' dir='ltr'><strong>episcopum</strong></span> <span class='ocrx_word' id='word_1_165' title='bbox 871 1157 996 1185; x_wconf 89' lang='lat' dir='ltr'><strong>divinum</strong></span> 
     </span>
    </p>
   </div>
   <div class='ocr_carea' id='block_1_24' title="bbox 205 1203 997 1240">
    <p class='ocr_par' dir='ltr' id='par_1_24' title="bbox 205 1203 997 1240">
     <span class='ocr_line' id='line_1_24' title="bbox 205 1203 997 1240; baseline -0.004 -6"><span class='ocrx_word' id='word_1_166' title='bbox 205 1212 268 1234; x_wconf 85' lang='lat' dir='ltr'><strong>esse</strong></span> <span class='ocrx_word' id='word_1_167' title='bbox 285 1205 424 1232; x_wconf 87' lang='lat' dir='ltr'><strong>hominem</strong></span> <span class='ocrx_word' id='word_1_168' title='bbox 441 1208 569 1240; x_wconf 84' lang='lat' dir='ltr'><strong>oportet;</strong></span> <span class='ocrx_word' id='word_1_169' title='bbox 595 1209 691 1239; x_wconf 84' lang='lat' dir='ltr'><strong>utpote</strong></span> <span class='ocrx_word' id='word_1_170' title='bbox 705 1203 751 1239; x_wconf 90' lang='lat' dir='ltr'><strong>qui</strong></span> <span class='ocrx_word' id='word_1_171' title='bbox 778 1204 814 1231; x_wconf 88' lang='lat' dir='ltr'><strong>ab</strong></span> <span class='ocrx_word' id='word_1_172' title='bbox 829 1203 905 1231; x_wconf 89' lang='lat' dir='ltr'><strong>omni</strong></span> <span class='ocrx_word' id='word_1_173' title='bbox 931 1203 997 1231; x_wconf 88' lang='lat' dir='ltr'><strong>ludo</strong></span> 
     </span>
    </p>
   </div>
   <div class='ocr_carea' id='block_1_25' title="bbox 206 1249 997 1286">
    <p class='ocr_par' dir='ltr' id='par_1_25' title="bbox 206 1249 997 1286">
     <span class='ocr_line' id='line_1_25' title="bbox 206 1249 997 1286; baseline -0.001 -8"><span class='ocrx_word' id='word_1_174' title='bbox 206 1258 334 1286; x_wconf 77' lang='lat' dir='ltr'><strong>peraeque</strong></span> <span class='ocrx_word' id='word_1_175' title='bbox 347 1258 379 1278; x_wconf 88' lang='lat' dir='ltr'><strong>ac</strong></span> <span class='ocrx_word' id='word_1_176' title='bbox 390 1250 461 1279; x_wconf 84' lang='lat' dir='ltr'><strong>Deus</strong></span> <span class='ocrx_word' id='word_1_177' title='bbox 476 1250 544 1285; x_wconf 88' lang='lat' dir='ltr'><strong>ipse,</strong></span> <span class='ocrx_word' id='word_1_178' title='bbox 562 1249 669 1278; x_wconf 86' lang='lat' dir='ltr'><strong>alienus</strong></span> <span class='ocrx_word' id='word_1_179' title='bbox 694 1253 723 1277; x_wconf 87' lang='lat' dir='ltr'><strong>et</strong></span> <span class='ocrx_word' id='word_1_180' title='bbox 735 1249 913 1277; x_wconf 79' lang='lat' dir='ltr'><strong>inexorabilis</strong></span> <span class='ocrx_word' id='word_1_181' title='bbox 935 1256 997 1277; x_wconf 85' lang='lat' dir='ltr'><strong>esse</strong></span> 
     </span>
    </p>
   </div>
   <div class='ocr_carea' id='block_1_26' title="bbox 208 1294 997 1331">
    <p class='ocr_par' dir='ltr' id='par_1_26' title="bbox 208 1294 997 1331">
     <span class='ocr_line' id='line_1_26' title="bbox 208 1294 997 1331; baseline -0.003 -7"><span class='ocrx_word' id='word_1_182' title='bbox 208 1295 323 1324; x_wconf 84' lang='lat' dir='ltr'><strong>debeat:</strong></span> <span class='ocrx_word' id='word_1_183' title='bbox 339 1295 386 1331; x_wconf 88' lang='lat' dir='ltr'><strong>qui</strong></span> <span class='ocrx_word' id='word_1_184' title='bbox 406 1302 461 1330; x_wconf 90' lang='lat' dir='ltr'><strong>quo</strong></span> <span class='ocrx_word' id='word_1_185' title='bbox 478 1295 541 1323; x_wconf 65' lang='lat' dir='ltr'><strong>vitae</strong></span> <span class='ocrx_word' id='word_1_186' title='bbox 556 1302 612 1323; x_wconf 69' lang='lat' dir='ltr'><strong>suae</strong></span> <span class='ocrx_word' id='word_1_187' title='bbox 634 1295 803 1330; x_wconf 88' lang='lat' dir='ltr'><strong>propositum</strong></span> <span class='ocrx_word' id='word_1_188' title='bbox 830 1299 935 1328; x_wconf 86' lang='lat' dir='ltr'><strong>teneat,</strong></span> <span class='ocrx_word' id='word_1_189' title='bbox 961 1294 997 1323; x_wconf 90' lang='lat' dir='ltr'><strong>ab</strong></span> 
     </span>
    </p>
   </div>
   <div class='ocr_carea' id='block_1_27' title="bbox 205 1339 997 1374">
    <p class='ocr_par' dir='ltr' id='par_1_27' title="bbox 205 1339 997 1374">
     <span class='ocr_line' id='line_1_27' title="bbox 205 1339 997 1374; baseline -0.004 -5"><span class='ocrx_word' id='word_1_190' title='bbox 205 1340 453 1369; x_wconf 84' lang='lat' dir='ltr'><strong>innumerabilibus</strong></span> <span class='ocrx_word' id='word_1_191' title='bbox 461 1341 550 1368; x_wconf 89' lang='lat' dir='ltr'><strong>oculis</strong></span> <span class='ocrx_word' id='word_1_192' title='bbox 557 1339 722 1373; x_wconf 86' lang='lat' dir='ltr'><strong>custoditur;</strong></span> <span class='ocrx_word' id='word_1_193' title='bbox 731 1347 848 1374; x_wconf 92' lang='lat' dir='ltr'><strong>quorum</strong></span> <span class='ocrx_word' id='word_1_194' title='bbox 857 1344 903 1366; x_wconf 90' lang='lat' dir='ltr'><strong>aut</strong></span> <span class='ocrx_word' id='word_1_195' title='bbox 910 1339 997 1373; x_wconf 88' lang='lat' dir='ltr'><strong>nulla,</strong></span> 
     </span>
    </p>
   </div>
   <div class='ocr_carea' id='block_1_28' title="bbox 207 1384 998 1422">
    <p class='ocr_par' dir='ltr' id='par_1_28' title="bbox 207 1384 998 1422">
     <span class='ocr_line' id='line_1_28' title="bbox 207 1384 998 1422; baseline -0.001 -9"><span class='ocrx_word' id='word_1_196' title='bbox 207 1391 255 1415; x_wconf 87' lang='lat' dir='ltr'><strong>aut</strong></span> <span class='ocrx_word' id='word_1_197' title='bbox 262 1386 409 1422; x_wconf 77' lang='lat' dir='ltr'><strong>perexigua</strong></span> <span class='ocrx_word' id='word_1_198' title='bbox 419 1386 523 1414; x_wconf 86' lang='lat' dir='ltr'><strong>utilitas</strong></span> <span class='ocrx_word' id='word_1_199' title='bbox 535 1385 649 1419; x_wconf 87' lang='lat' dir='ltr'><strong>est,nisi</strong></span> <span class='ocrx_word' id='word_1_200' title='bbox 661 1384 698 1412; x_wconf 91' lang='lat' dir='ltr'><strong>ila</strong></span> <span class='ocrx_word' id='word_1_201' title='bbox 708 1386 744 1412; x_wconf 85' lang='lat' dir='ltr'><strong>sit</strong></span> <span class='ocrx_word' id='word_1_202' title='bbox 751 1385 840 1413; x_wconf 85' lang='lat' dir='ltr'><strong>factus</strong></span> <span class='ocrx_word' id='word_1_203' title='bbox 849 1385 998 1421; x_wconf 86' lang='lat' dir='ltr'><strong>quispiam,</strong></span> 
     </span>
    </p>
   </div>
   <div class='ocr_carea' id='block_1_29' title="bbox 207 1430 995 1465">
    <p class='ocr_par' dir='ltr' id='par_1_29' title="bbox 207 1430 995 1465">
     <span class='ocr_line' id='line_1_29' title="bbox 207 1430 995 1465; baseline -0.003 -6"><span class='ocrx_word' id='word_1_204' title='bbox 207 1436 238 1459; x_wconf 90' lang='lat' dir='ltr'><strong>ut</strong></span> <span class='ocrx_word' id='word_1_205' title='bbox 255 1432 289 1459; x_wconf 91' lang='lat' dir='ltr'><strong>ad</strong></span> <span class='ocrx_word' id='word_1_206' title='bbox 301 1431 461 1459; x_wconf 64' lang='lat' dir='ltr'><strong>maestitiam</strong></span> <span class='ocrx_word' id='word_1_207' title='bbox 477 1431 514 1459; x_wconf 87' lang='lat' dir='ltr'><strong>sit</strong></span> <span class='ocrx_word' id='word_1_208' title='bbox 525 1430 710 1465; x_wconf 83' lang='lat' dir='ltr'><strong>compositus,</strong></span> <span class='ocrx_word' id='word_1_209' title='bbox 721 1434 748 1458; x_wconf 92' lang='lat' dir='ltr'><strong>et</strong></span> <span class='ocrx_word' id='word_1_210' title='bbox 763 1430 797 1458; x_wconf 85' lang='lat' dir='ltr'><strong>ad</strong></span> <span class='ocrx_word' id='word_1_211' title='bbox 811 1431 913 1458; x_wconf 85' lang='lat' dir='ltr'><strong>nullam</strong></span> <span class='ocrx_word' id='word_1_212' title='bbox 943 1437 995 1457; x_wconf 88' lang='lat' dir='ltr'><strong>vo-</strong></span> 
     </span>
    </p>
   </div>
   <div class='ocr_carea' id='block_1_30' title="bbox 208 1475 998 1513">
    <p class='ocr_par' dir='ltr' id='par_1_30' title="bbox 208 1475 998 1513">
     <span class='ocr_line' id='line_1_30' title="bbox 208 1475 998 1513; baseline -0.003 -8"><span class='ocrx_word' id='word_1_213' title='bbox 208 1478 342 1513; x_wconf 80' lang='lat' dir='ltr'><strong>luptatem</strong></span> <span class='ocrx_word' id='word_1_214' title='bbox 360 1476 473 1512; x_wconf 68' lang='lat' dir='ltr'><strong>infringi</strong></span> <span class='ocrx_word' id='word_1_215' title='bbox 503 1481 585 1511; x_wconf 82' lang='lat' dir='ltr'><strong>atque</strong></span> <span class='ocrx_word' id='word_1_216' title='bbox 597 1475 712 1503; x_wconf 85' lang='lat' dir='ltr'><strong>emolliri</strong></span> <span class='ocrx_word' id='word_1_217' title='bbox 727 1477 823 1510; x_wconf 81' lang='lat' dir='ltr'><strong>possit.</strong></span> <span class='ocrx_word' id='word_1_218' title='bbox 843 1475 872 1503; x_wconf 94' lang='lat' dir='ltr'><strong>In</strong></span> <span class='ocrx_word' id='word_1_219' title='bbox 891 1476 925 1504; x_wconf 92' lang='lat' dir='ltr'><strong>iis</strong></span> <span class='ocrx_word' id='word_1_220' title='bbox 949 1483 998 1503; x_wconf 89' lang='lat' dir='ltr'><strong>au-</strong></span> 
     </span>
    </p>
   </div>
   <div class='ocr_carea' id='block_1_31' title="bbox 205 1521 997 1557">
    <p class='ocr_par' dir='ltr' id='par_1_31' title="bbox 205 1521 997 1557">
     <span class='ocr_line' id='line_1_31' title="bbox 205 1521 997 1557; baseline -0.001 -7"><span class='ocrx_word' id='word_1_221' title='bbox 205 1527 261 1550; x_wconf 87' lang='lat' dir='ltr'><strong>tem</strong></span> <span class='ocrx_word' id='word_1_222' title='bbox 272 1530 333 1557; x_wconf 70' lang='lat' dir='ltr'><strong>quae</strong></span> <span class='ocrx_word' id='word_1_223' title='bbox 345 1522 379 1550; x_wconf 88' lang='lat' dir='ltr'><strong>ad</strong></span> <span class='ocrx_word' id='word_1_224' title='bbox 395 1521 479 1550; x_wconf 87' lang='lat' dir='ltr'><strong>Deum</strong></span> <span class='ocrx_word' id='word_1_225' title='bbox 493 1521 640 1557; x_wconf 85' lang='lat' dir='ltr'><strong>pertinent,</strong></span> <span class='ocrx_word' id='word_1_226' title='bbox 652 1529 706 1549; x_wconf 89' lang='lat' dir='ltr'><strong>nou</strong></span> <span class='ocrx_word' id='word_1_227' title='bbox 719 1521 803 1557; x_wconf 61' lang='lat'><strong>25.8</strong></span> <span class='ocrx_word' id='word_1_228' title='bbox 823 1521 869 1549; x_wconf 89' lang='lat' dir='ltr'><strong>ille</strong></span> <span class='ocrx_word' id='word_1_229' title='bbox 883 1521 935 1549; x_wconf 84' lang='lat' dir='ltr'><strong>sibi</strong></span> <span class='ocrx_word' id='word_1_230' title='bbox 950 1521 997 1549; x_wconf 90' lang='lat' dir='ltr'><strong>nni</strong></span> 
     </span>
    </p>
   </div>
   <div class='ocr_carea' id='block_1_32' title="bbox 207 1562 995 1599">
    <p class='ocr_par' dir='ltr' id='par_1_32' title="bbox 207 1562 995 1599">
     <span class='ocr_line' id='line_1_32' title="bbox 207 1562 995 1599; baseline -0.001 -5"><span class='ocrx_word' id='word_1_231' title='bbox 207 1562 323 1599; x_wconf 68' lang='lat' dir='ltr'><strong>vacans,</strong></span> <span class='ocrx_word' id='word_1_232' title='bbox 339 1566 386 1594; x_wconf 85' lang='lat' dir='ltr'><strong>sed</strong></span> <span class='ocrx_word' id='word_1_233' title='bbox 406 1566 650 1594; x_wconf 75' lang='lat' dir='ltr'><strong>comminiscimus</strong></span> <span class='ocrx_word' id='word_1_234' title='bbox 665 1566 787 1594; x_wconf 87' lang='lat' dir='ltr'><strong>omnium</strong></span> <span class='ocrx_word' id='word_1_235' title='bbox 803 1573 865 1594; x_wconf 88' lang='lat' dir='ltr'><strong>esse</strong></span> <span class='ocrx_word' id='word_1_236' title='bbox 887 1565 995 1599; x_wconf 85' lang='lat' dir='ltr'><strong>debeat,</strong></span> 
     </span>
    </p>
   </div>
   <div class='ocr_carea' id='block_1_33' title="bbox 208 1610 997 1647">
    <p class='ocr_par' dir='ltr' id='par_1_33' title="bbox 208 1610 997 1647">
     <span class='ocr_line' id='line_1_33' title="bbox 208 1610 997 1647; baseline 0.001 -8"><span class='ocrx_word' id='word_1_237' title='bbox 208 1616 239 1640; x_wconf 91' lang='lat' dir='ltr'><strong>ut</strong></span> <span class='ocrx_word' id='word_1_238' title='bbox 255 1611 303 1647; x_wconf 91' lang='lat' dir='ltr'><strong>qui</strong></span> <span class='ocrx_word' id='word_1_239' title='bbox 318 1612 408 1647; x_wconf 71' lang='lat' dir='ltr'><strong>legum</strong></span> <span class='ocrx_word' id='word_1_240' title='bbox 421 1611 518 1639; x_wconf 87' lang='lat' dir='ltr'><strong>doctor</strong></span> <span class='ocrx_word' id='word_1_241' title='bbox 531 1612 582 1644; x_wconf 81' lang='lat' dir='ltr'><strong>sit,</strong></span> <span class='ocrx_word' id='word_1_242' title='bbox 593 1616 621 1640; x_wconf 91' lang='lat' dir='ltr'><strong>et</strong></span> <span class='ocrx_word' id='word_1_243' title='bbox 641 1619 703 1647; x_wconf 69' lang='lat' dir='ltr'><strong>qua:</strong></span> <span class='ocrx_word' id='word_1_244' title='bbox 717 1610 823 1647; x_wconf 80' lang='lat' dir='ltr'><strong>legibus</strong></span> <span class='ocrx_word' id='word_1_245' title='bbox 849 1616 997 1640; x_wconf 80' lang='lat' dir='ltr'><strong>consenta-</strong></span> 
     </span>
    </p>
   </div>
   <div class='ocr_carea' id='block_1_34' title="bbox 207 1657 996 1692">
    <p class='ocr_par' dir='ltr' id='par_1_34' title="bbox 207 1657 996 1692">
     <span class='ocr_line' id='line_1_34' title="bbox 207 1657 996 1692; baseline -0.001 -7"><span class='ocrx_word' id='word_1_246' title='bbox 207 1665 261 1685; x_wconf 81' lang='lat' dir='ltr'><strong>nea</strong></span> <span class='ocrx_word' id='word_1_247' title='bbox 293 1661 358 1685; x_wconf 86' lang='lat' dir='ltr'><strong>sunt</strong></span> <span class='ocrx_word' id='word_1_248' title='bbox 376 1657 516 1692; x_wconf 81' lang='lat' dir='ltr'><strong>loquatur.</strong></span> <span class='ocrx_word' id='word_1_249' title='bbox 546 1657 666 1685; x_wconf 84' lang='lat' dir='ltr'><strong>Necesse</strong></span> <span class='ocrx_word' id='word_1_250' title='bbox 682 1665 747 1685; x_wconf 86' lang='lat' dir='ltr'><strong>vero</strong></span> <span class='ocrx_word' id='word_1_251' title='bbox 760 1660 803 1685; x_wconf 92' lang='lat' dir='ltr'><strong>est</strong></span> <span class='ocrx_word' id='word_1_252' title='bbox 823 1657 911 1692; x_wconf 89' lang='lat' dir='ltr'><strong>ipsum</strong></span> <span class='ocrx_word' id='word_1_253' title='bbox 939 1661 996 1684; x_wconf 85' lang='lat' dir='ltr'><strong>tam</strong></span> 
     </span>
    </p>
   </div>
   <div class='ocr_carea' id='block_1_35' title="bbox 207 1702 997 1738">
    <p class='ocr_par' dir='ltr' id='par_1_35' title="bbox 207 1702 997 1738">
     <span class='ocr_line' id='line_1_35' title="bbox 207 1702 997 1738; baseline 0.003 -9"><span class='ocrx_word' id='word_1_254' title='bbox 207 1702 294 1730; x_wconf 83' lang='lat' dir='ltr'><strong>multa</strong></span> <span class='ocrx_word' id='word_1_255' title='bbox 308 1709 392 1730; x_wconf 91' lang='lat' dir='ltr'><strong>unum</strong></span> <span class='ocrx_word' id='word_1_256' title='bbox 405 1702 513 1737; x_wconf 80' lang='lat' dir='ltr'><strong>negotia</strong></span> <span class='ocrx_word' id='word_1_257' title='bbox 530 1702 679 1734; x_wconf 84' lang='lat' dir='ltr'><strong>sustinere,</strong></span> <span class='ocrx_word' id='word_1_258' title='bbox 699 1710 781 1738; x_wconf 86' lang='lat' dir='ltr'><strong>quam</strong></span> <span class='ocrx_word' id='word_1_259' title='bbox 802 1703 886 1731; x_wconf 89' lang='lat' dir='ltr'><strong>multa</strong></span> <span class='ocrx_word' id='word_1_260' title='bbox 905 1702 997 1731; x_wconf 69' lang='lat' dir='ltr'><strong>caeteri</strong></span> 
     </span>
    </p>
   </div>
   <div class='ocr_carea' id='block_1_36' title="bbox 1010 1547 1032 1577">
    <p class='ocr_par' dir='ltr' id='par_1_36' title="bbox 1010 1547 1032 1577">
     <span class='ocr_line' id='line_1_36' title="bbox 1010 1547 1032 1577; baseline 0 0"><span class='ocrx_word' id='word_1_261' title='bbox 1010 1547 1032 1577; x_wconf 78' lang='grc' dir='ltr'><strong>ο</strong></span> 
     </span>
    </p>
   </div>
   <div class='ocr_carea' id='block_1_37' title="bbox 208 1746 996 1783">
    <p class='ocr_par' dir='ltr' id='par_1_37' title="bbox 208 1746 996 1783">
     <span class='ocr_line' id='line_1_37' title="bbox 208 1746 996 1783; baseline -0.001 -8"><span class='ocrx_word' id='word_1_262' title='bbox 208 1747 293 1776; x_wconf 84' lang='lat' dir='ltr'><strong>simul</strong></span> <span class='ocrx_word' id='word_1_263' title='bbox 313 1755 420 1775; x_wconf 89' lang='lat' dir='ltr'><strong>omnes.</strong></span> <span class='ocrx_word' id='word_1_264' title='bbox 439 1746 515 1775; x_wconf 89' lang='lat' dir='ltr'><strong>Unus</strong></span> <span class='ocrx_word' id='word_1_265' title='bbox 530 1747 603 1775; x_wconf 83' lang='lat' dir='ltr'><strong>enim</strong></span> <span class='ocrx_word' id='word_1_266' title='bbox 623 1755 685 1783; x_wconf 71' lang='lat' dir='ltr'><strong>qua:</strong></span> <span class='ocrx_word' id='word_1_267' title='bbox 706 1747 829 1775; x_wconf 90' lang='lat' dir='ltr'><strong>omnium</strong></span> <span class='ocrx_word' id='word_1_268' title='bbox 850 1751 914 1775; x_wconf 87' lang='lat' dir='ltr'><strong>sunt</strong></span> <span class='ocrx_word' id='word_1_269' title='bbox 938 1747 996 1775; x_wconf 82' lang='lat' dir='ltr'><strong>eiii-</strong></span> 
     </span>
    </p>
   </div>
   <div class='ocr_carea' id='block_1_38' title="bbox 207 1792 996 1825">
    <p class='ocr_par' dir='ltr' id='par_1_38' title="bbox 207 1792 996 1825">
     <span class='ocr_line' id='line_1_38' title="bbox 207 1792 996 1825; baseline -0.001 -5"><span class='ocrx_word' id='word_1_270' title='bbox 207 1800 272 1821; x_wconf 84' lang='lat' dir='ltr'><strong>eere</strong></span> <span class='ocrx_word' id='word_1_271' title='bbox 283 1792 365 1820; x_wconf 88' lang='lat' dir='ltr'><strong>debet</strong></span> <span class='ocrx_word' id='word_1_272' title='bbox 377 1812 385 1825; x_wconf 89' lang='lat'><strong><em>,</em></strong></span> <span class='ocrx_word' id='word_1_273' title='bbox 401 1796 450 1820; x_wconf 90' lang='lat' dir='ltr'><strong>aut</strong></span> <span class='ocrx_word' id='word_1_274' title='bbox 465 1793 705 1821; x_wconf 85' lang='lat' dir='ltr'><strong>criminationibus</strong></span> <span class='ocrx_word' id='word_1_275' title='bbox 718 1793 847 1821; x_wconf 88' lang='lat' dir='ltr'><strong>omnibus</strong></span> <span class='ocrx_word' id='word_1_276' title='bbox 861 1793 996 1820; x_wconf 75' lang='lat' dir='ltr'><strong>obnoxius</strong></span> 
     </span>
    </p>
   </div>
   <div class='ocr_carea' id='block_1_39' title="bbox 207 1837 995 1874">
    <p class='ocr_par' dir='ltr' id='par_1_39' title="bbox 207 1837 995 1874">
     <span class='ocr_line' id='line_1_39' title="bbox 207 1837 995 1874; baseline -0.001 -8"><span class='ocrx_word' id='word_1_277' title='bbox 207 1839 244 1867; x_wconf 87' lang='lat' dir='ltr'><strong>sit</strong></span> <span class='ocrx_word' id='word_1_278' title='bbox 260 1842 380 1874; x_wconf 85' lang='lat' dir='ltr'><strong>oportet.</strong></span> <span class='ocrx_word' id='word_1_279' title='bbox 391 1837 534 1871; x_wconf 85' lang='lat' dir='ltr'><strong>Quomodo</strong></span> <span class='ocrx_word' id='word_1_280' title='bbox 549 1838 633 1874; x_wconf 66' lang='lat' dir='ltr'><strong>igitur</strong></span> <span class='ocrx_word' id='word_1_281' title='bbox 650 1846 705 1866; x_wconf 91' lang='lat' dir='ltr'><strong>non</strong></span> <span class='ocrx_word' id='word_1_282' title='bbox 720 1838 839 1874; x_wconf 76' lang='lat' dir='ltr'><strong>ingentis</strong></span> <span class='ocrx_word' id='word_1_283' title='bbox 851 1838 995 1873; x_wconf 86' lang='lat' dir='ltr'><strong>cujusdam</strong></span> 
     </span>
    </p>
   </div>
   <div class='ocr_carea' id='block_1_40' title="bbox 207 1883 996 1920">
    <p class='ocr_par' dir='ltr' id='par_1_40' title="bbox 207 1883 996 1920">
     <span class='ocr_line' id='line_1_40' title="bbox 207 1883 996 1920; baseline -0.005 -7"><span class='ocrx_word' id='word_1_284' title='bbox 207 1890 235 1914; x_wconf 80' lang='lat' dir='ltr'><strong>et</strong></span> <span class='ocrx_word' id='word_1_285' title='bbox 253 1883 475 1920; x_wconf 68' lang='lat' dir='ltr'><strong>praestantissimi</strong></span> <span class='ocrx_word' id='word_1_286' title='bbox 488 1883 542 1910; x_wconf 87' lang='lat' dir='ltr'><strong>erit</strong></span> <span class='ocrx_word' id='word_1_287' title='bbox 557 1883 653 1916; x_wconf 90' lang='lat' dir='ltr'><strong>animi,</strong></span> <span class='ocrx_word' id='word_1_288' title='bbox 671 1886 775 1910; x_wconf 86' lang='lat' dir='ltr'><strong>tantam</strong></span> <span class='ocrx_word' id='word_1_289' title='bbox 793 1889 921 1910; x_wconf 73' lang='lat' dir='ltr'><strong>cunnum</strong></span> <span class='ocrx_word' id='word_1_290' title='bbox 940 1889 996 1909; x_wconf 93' lang='lat' dir='ltr'><strong>mo-</strong></span> 
     </span>
    </p>
   </div>
   <div class='ocr_carea' id='block_1_41' title="bbox 208 1927 994 1966">
    <p class='ocr_par' dir='ltr' id='par_1_41' title="bbox 208 1927 994 1966">
     <span class='ocr_line' id='line_1_41' title="bbox 208 1927 994 1966; baseline -0.004 -8"><span class='ocrx_word' id='word_1_291' title='bbox 208 1931 261 1959; x_wconf 88' lang='lat' dir='ltr'><strong>lem</strong></span> <span class='ocrx_word' id='word_1_292' title='bbox 275 1930 435 1966; x_wconf 74' lang='lat' dir='ltr'><strong>p0ndusque</strong></span> <span class='ocrx_word' id='word_1_293' title='bbox 449 1929 595 1961; x_wconf 87' lang='lat' dir='ltr'><strong>sustinere,</strong></span> <span class='ocrx_word' id='word_1_294' title='bbox 618 1936 669 1956; x_wconf 85' lang='lat' dir='ltr'><strong>nec</strong></span> <span class='ocrx_word' id='word_1_295' title='bbox 685 1929 720 1957; x_wconf 92' lang='lat' dir='ltr'><strong>iis</strong></span> <span class='ocrx_word' id='word_1_296' title='bbox 736 1931 853 1955; x_wconf 87' lang='lat' dir='ltr'><strong>mentem</strong></span> <span class='ocrx_word' id='word_1_297' title='bbox 867 1927 994 1960; x_wconf 84' lang='lat' dir='ltr'><strong>obruere,</strong></span> 
     </span>
    </p>
   </div>
   <div class='ocr_carea' id='block_1_42' title="bbox 209 1972 995 2008">
    <p class='ocr_par' dir='ltr' id='par_1_42' title="bbox 209 1972 995 2008">
     <span class='ocr_line' id='line_1_42' title="bbox 209 1972 995 2008; baseline -0.004 -6"><span class='ocrx_word' id='word_1_298' title='bbox 209 1983 261 2003; x_wconf 87' lang='lat' dir='ltr'><strong>nec</strong></span> <span class='ocrx_word' id='word_1_299' title='bbox 274 1975 301 2002; x_wconf 87' lang='lat' dir='ltr'><strong>in</strong></span> <span class='ocrx_word' id='word_1_300' title='bbox 317 1974 412 2002; x_wconf 85' lang='lat' dir='ltr'><strong>animo</strong></span> <span class='ocrx_word' id='word_1_301' title='bbox 424 1973 585 2002; x_wconf 86' lang='lat' dir='ltr'><strong>restiuctam</strong></span> <span class='ocrx_word' id='word_1_302' title='bbox 603 1973 723 2000; x_wconf 86' lang='lat' dir='ltr'><strong>divinam</strong></span> <span class='ocrx_word' id='word_1_303' title='bbox 738 1972 899 2008; x_wconf 85' lang='lat' dir='ltr'><strong>particulam</strong></span> <span class='ocrx_word' id='word_1_304' title='bbox 910 1972 995 2008; x_wconf 72' lang='lat' dir='ltr'><strong>negli-</strong></span> 
     </span>
    </p>
   </div>
   <div class='ocr_carea' id='block_1_43' title="bbox 207 2018 996 2055">
    <p class='ocr_par' dir='ltr' id='par_1_43' title="bbox 207 2018 996 2055">
     <span class='ocr_line' id='line_1_43' title="bbox 207 2018 996 2055; baseline -0.004 -8"><span class='ocrx_word' id='word_1_305' title='bbox 207 2027 282 2055; x_wconf 73' lang='lat' dir='ltr'><strong>gere,</strong></span> <span class='ocrx_word' id='word_1_306' title='bbox 298 2027 360 2047; x_wconf 87' lang='lat' dir='ltr'><strong>cum</strong></span> <span class='ocrx_word' id='word_1_307' title='bbox 379 2019 471 2055; x_wconf 85' lang='lat' dir='ltr'><strong>ipsum</strong></span> <span class='ocrx_word' id='word_1_308' title='bbox 492 2022 570 2046; x_wconf 86' lang='lat' dir='ltr'><strong>tanta</strong></span> <span class='ocrx_word' id='word_1_309' title='bbox 585 2018 738 2046; x_wconf 88' lang='lat' dir='ltr'><strong>studiorum</strong></span> <span class='ocrx_word' id='word_1_310' title='bbox 759 2019 879 2047; x_wconf 86' lang='lat' dir='ltr'><strong>varietas</strong></span> <span class='ocrx_word' id='word_1_311' title='bbox 898 2018 996 2045; x_wconf 84' lang='lat' dir='ltr'><strong>distra-</strong></span> 
     </span>
    </p>
   </div>
   <div class='ocr_carea' id='block_1_44' title="bbox 208 2063 996 2100">
    <p class='ocr_par' dir='ltr' id='par_1_44' title="bbox 208 2063 996 2100">
     <span class='ocr_line' id='line_1_44' title="bbox 208 2063 996 2100; baseline -0.004 -7"><span class='ocrx_word' id='word_1_312' title='bbox 208 2066 297 2093; x_wconf 81' lang='lat' dir='ltr'><strong>xerit?</strong></span> <span class='ocrx_word' id='word_1_313' title='bbox 320 2064 376 2093; x_wconf 87' lang='lat' dir='ltr'><strong>Nee</strong></span> <span class='ocrx_word' id='word_1_314' title='bbox 399 2072 447 2093; x_wconf 92' lang='lat' dir='ltr'><strong>me</strong></span> <span class='ocrx_word' id='word_1_315' title='bbox 462 2064 595 2100; x_wconf 74' lang='lat' dir='ltr'><strong>praeterit,</strong></span> <span class='ocrx_word' id='word_1_316' title='bbox 623 2064 680 2091; x_wconf 87' lang='lat' dir='ltr'><strong>ﬁeri</strong></span> <span class='ocrx_word' id='word_1_317' title='bbox 698 2063 773 2091; x_wconf 87' lang='lat' dir='ltr'><strong>istud</strong></span> <span class='ocrx_word' id='word_1_318' title='bbox 797 2064 831 2091; x_wconf 85' lang='lat' dir='ltr'><strong>ab</strong></span> <span class='ocrx_word' id='word_1_319' title='bbox 858 2063 996 2098; x_wconf 83' lang='lat' dir='ltr'><strong>aliquibus</strong></span> 
     </span>
    </p>
   </div>
   <div class='ocr_carea' id='block_1_45' title="bbox 206 2108 995 2147">
    <p class='ocr_par' dir='ltr' id='par_1_45' title="bbox 206 2108 995 2147">
     <span class='ocr_line' id='line_1_45' title="bbox 206 2108 995 2147; baseline -0.005 -7"><span class='ocrx_word' id='word_1_320' title='bbox 206 2117 309 2147; x_wconf 86' lang='lat' dir='ltr'><strong>posse;</strong></span> <span class='ocrx_word' id='word_1_321' title='bbox 325 2114 353 2139; x_wconf 91' lang='lat' dir='ltr'><strong>et</strong></span> <span class='ocrx_word' id='word_1_322' title='bbox 370 2110 530 2139; x_wconf 88' lang='lat' dir='ltr'><strong>istiusmodi</strong></span> <span class='ocrx_word' id='word_1_323' title='bbox 544 2109 650 2137; x_wconf 77' lang='lat' dir='ltr'><strong>felicem</strong></span> <span class='ocrx_word' id='word_1_324' title='bbox 672 2108 790 2137; x_wconf 90' lang='lat' dir='ltr'><strong>indolem</strong></span> <span class='ocrx_word' id='word_1_325' title='bbox 808 2108 946 2144; x_wconf 74' lang='lat' dir='ltr'><strong>przsdico,</strong></span> <span class='ocrx_word' id='word_1_326' title='bbox 962 2116 995 2136; x_wconf 79' lang='lat' dir='ltr'><strong>ac</strong></span> 
     </span>
    </p>
   </div>
   <div class='ocr_carea' id='block_1_46' title="bbox 205 2154 994 2191">
    <p class='ocr_par' dir='ltr' id='par_1_46' title="bbox 205 2154 994 2191">
     <span class='ocr_line' id='line_1_46' title="bbox 205 2154 994 2191; baseline -0.003 -8"><span class='ocrx_word' id='word_1_327' title='bbox 205 2157 297 2191; x_wconf 87' lang='lat' dir='ltr'><strong>reipsa</strong></span> <span class='ocrx_word' id='word_1_328' title='bbox 313 2155 422 2183; x_wconf 85' lang='lat' dir='ltr'><strong>divinos</strong></span> <span class='ocrx_word' id='word_1_329' title='bbox 435 2155 497 2182; x_wconf 85' lang='lat' dir='ltr'><strong>illos</strong></span> <span class='ocrx_word' id='word_1_330' title='bbox 505 2162 567 2182; x_wconf 79' lang='lat' dir='ltr'><strong>esse</strong></span> <span class='ocrx_word' id='word_1_331' title='bbox 581 2154 657 2182; x_wconf 87' lang='lat' dir='ltr'><strong>viros</strong></span> <span class='ocrx_word' id='word_1_332' title='bbox 672 2161 784 2187; x_wconf 87' lang='lat' dir='ltr'><strong>censeo,</strong></span> <span class='ocrx_word' id='word_1_333' title='bbox 800 2161 871 2189; x_wconf 86' lang='lat' dir='ltr'><strong>quos</strong></span> <span class='ocrx_word' id='word_1_334' title='bbox 882 2154 994 2182; x_wconf 83' lang='lat' dir='ltr'><strong>assidua</strong></span> 
     </span>
    </p>
   </div>
   <div class='ocr_carea' id='block_1_47' title="bbox 206 2199 995 2228">
    <p class='ocr_par' dir='ltr' id='par_1_47' title="bbox 206 2199 995 2228">
     <span class='ocr_line' id='line_1_47' title="bbox 206 2199 995 2228; baseline -0.001 0"><span class='ocrx_word' id='word_1_335' title='bbox 206 2200 388 2228; x_wconf 76' lang='lat' dir='ltr'><strong>humanarum</strong></span> <span class='ocrx_word' id='word_1_336' title='bbox 398 2207 491 2228; x_wconf 89' lang='lat' dir='ltr'><strong>rerum</strong></span> <span class='ocrx_word' id='word_1_337' title='bbox 510 2200 639 2227; x_wconf 88' lang='lat' dir='ltr'><strong>tractatio</strong></span> <span class='ocrx_word' id='word_1_338' title='bbox 655 2207 671 2226; x_wconf 90' lang='lat' dir='ltr'><strong>a</strong></span> <span class='ocrx_word' id='word_1_339' title='bbox 687 2199 782 2227; x_wconf 81' lang='lat' dir='ltr'><strong>divina</strong></span> <span class='ocrx_word' id='word_1_340' title='bbox 793 2199 995 2227; x_wconf 83' lang='lat' dir='ltr'><strong>consuetudine</strong></span> 
     </span>
    </p>
   </div>
   <div class='ocr_carea' id='block_1_48' title="bbox 205 2244 995 2280">
    <p class='ocr_par' dir='ltr' id='par_1_48' title="bbox 205 2244 995 2280">
     <span class='ocr_line' id='line_1_48' title="bbox 205 2244 995 2280; baseline -0.001 -7"><span class='ocrx_word' id='word_1_341' title='bbox 205 2253 261 2273; x_wconf 87' lang='lat' dir='ltr'><strong>non</strong></span> <span class='ocrx_word' id='word_1_342' title='bbox 268 2249 374 2273; x_wconf 86' lang='lat' dir='ltr'><strong>avocet.</strong></span> <span class='ocrx_word' id='word_1_343' title='bbox 390 2244 445 2273; x_wconf 84' lang='lat' dir='ltr'><strong>Sed</strong></span> <span class='ocrx_word' id='word_1_344' title='bbox 458 2251 508 2280; x_wconf 71' lang='lat' dir='ltr'><strong>ego</strong></span> <span class='ocrx_word' id='word_1_345' title='bbox 522 2244 656 2280; x_wconf 90' lang='lat' dir='ltr'><strong>meipsum</strong></span> <span class='ocrx_word' id='word_1_346' title='bbox 672 2244 793 2279; x_wconf 79' lang='lat' dir='ltr'><strong>intelligo</strong></span> <span class='ocrx_word' id='word_1_347' title='bbox 807 2249 835 2273; x_wconf 86' lang='lat' dir='ltr'><strong>et</strong></span> <span class='ocrx_word' id='word_1_348' title='bbox 849 2245 883 2272; x_wconf 90' lang='lat' dir='ltr'><strong>ad</strong></span> <span class='ocrx_word' id='word_1_349' title='bbox 898 2245 995 2273; x_wconf 85' lang='lat' dir='ltr'><strong>urbem</strong></span> 
     </span>
    </p>
   </div>
   <div class='ocr_carea' id='block_1_49' title="bbox 205 2290 995 2327">
    <p class='ocr_par' dir='ltr' id='par_1_49' title="bbox 205 2290 995 2327">
     <span class='ocr_line' id='line_1_49' title="bbox 205 2290 995 2327; baseline 0 -7"><span class='ocrx_word' id='word_1_350' title='bbox 205 2291 385 2323; x_wconf 84' lang='lat' dir='ltr'><strong>descendere,</strong></span> <span class='ocrx_word' id='word_1_351' title='bbox 410 2294 438 2319; x_wconf 86' lang='lat' dir='ltr'><strong>et</strong></span> <span class='ocrx_word' id='word_1_352' title='bbox 464 2290 500 2318; x_wconf 86' lang='lat' dir='ltr'><strong>ab</strong></span> <span class='ocrx_word' id='word_1_353' title='bbox 529 2292 598 2319; x_wconf 86' lang='lat' dir='ltr'><strong>urbe</strong></span> <span class='ocrx_word' id='word_1_354' title='bbox 623 2290 774 2319; x_wconf 82' lang='lat' dir='ltr'><strong>ascendere</strong></span> <span class='ocrx_word' id='word_1_355' title='bbox 787 2291 887 2324; x_wconf 85' lang='lat' dir='ltr'><strong>solere,</strong></span> <span class='ocrx_word' id='word_1_356' title='bbox 906 2291 995 2327; x_wconf 87' lang='lat' dir='ltr'><strong>iisque</strong></span> 
     </span>
    </p>
   </div>
   <div class='ocr_carea' id='block_1_50' title="bbox 205 2336 995 2372">
    <p class='ocr_par' dir='ltr' id='par_1_50' title="bbox 205 2336 995 2372">
     <span class='ocr_line' id='line_1_50' title="bbox 205 2336 995 2372; baseline 0 -6"><span class='ocrx_word' id='word_1_357' title='bbox 205 2338 289 2367; x_wconf 85' lang='lat' dir='ltr'><strong>rebus</strong></span> <span class='ocrx_word' id='word_1_358' title='bbox 301 2337 436 2372; x_wconf 91' lang='lat' dir='ltr'><strong>implicari</strong></span> <span class='ocrx_word' id='word_1_359' title='bbox 452 2344 515 2372; x_wconf 61' lang='lat' dir='ltr'><strong>qua;</strong></span> <span class='ocrx_word' id='word_1_360' title='bbox 535 2336 571 2364; x_wconf 86' lang='lat' dir='ltr'><strong>ad</strong></span> <span class='ocrx_word' id='word_1_361' title='bbox 599 2341 708 2365; x_wconf 86' lang='lat' dir='ltr'><strong>terrena</strong></span> <span class='ocrx_word' id='word_1_362' title='bbox 735 2341 763 2365; x_wconf 89' lang='lat' dir='ltr'><strong>et</strong></span> <span class='ocrx_word' id='word_1_363' title='bbox 788 2337 881 2365; x_wconf 82' lang='lat' dir='ltr'><strong>infima</strong></span> <span class='ocrx_word' id='word_1_364' title='bbox 904 2338 995 2366; x_wconf 87' lang='lat' dir='ltr'><strong>detra-</strong></span> 
     </span>
    </p>
   </div>
   <div class='ocr_carea' id='block_1_51' title="bbox 204 2381 993 2418">
    <p class='ocr_par' dir='ltr' id='par_1_51' title="bbox 204 2381 993 2418">
     <span class='ocr_line' id='line_1_51' title="bbox 204 2381 993 2418; baseline 0 -8"><span class='ocrx_word' id='word_1_365' title='bbox 204 2383 291 2416; x_wconf 86' lang='lat' dir='ltr'><strong>hant,</strong></span> <span class='ocrx_word' id='word_1_366' title='bbox 305 2385 332 2410; x_wconf 91' lang='lat' dir='ltr'><strong>et</strong></span> <span class='ocrx_word' id='word_1_367' title='bbox 347 2383 458 2417; x_wconf 87' lang='lat' dir='ltr'><strong>quantis</strong></span> <span class='ocrx_word' id='word_1_368' title='bbox 475 2389 556 2410; x_wconf 87' lang='lat' dir='ltr'><strong>nemo</strong></span> <span class='ocrx_word' id='word_1_369' title='bbox 567 2382 669 2410; x_wconf 80' lang='lat' dir='ltr'><strong>dixerit</strong></span> <span class='ocrx_word' id='word_1_370' title='bbox 684 2382 813 2410; x_wconf 85' lang='lat' dir='ltr'><strong>sordibus</strong></span> <span class='ocrx_word' id='word_1_371' title='bbox 842 2381 993 2418; x_wconf 85' lang='lat' dir='ltr'><strong>inquinari.</strong></span> 
     </span>
    </p>
   </div>
   <div class='ocr_carea' id='block_1_52' title="bbox 204 2427 1004 2464">
    <p class='ocr_par' dir='ltr' id='par_1_52' title="bbox 204 2427 1004 2464">
     <span class='ocr_line' id='line_1_52' title="bbox 204 2427 1004 2464; baseline -0.001 -9"><span class='ocrx_word' id='word_1_372' title='bbox 204 2427 272 2455; x_wconf 82' lang='lat' dir='ltr'><strong>Nam</strong></span> <span class='ocrx_word' id='word_1_373' title='bbox 287 2428 322 2456; x_wconf 85' lang='lat' dir='ltr'><strong>ad</strong></span> <span class='ocrx_word' id='word_1_374' title='bbox 342 2427 444 2464; x_wconf 89' lang='lat' dir='ltr'><strong>ipsum,</strong></span> <span class='ocrx_word' id='word_1_375' title='bbox 466 2427 541 2463; x_wconf 89' lang='lat' dir='ltr'><strong>quod</strong></span> <span class='ocrx_word' id='word_1_376' title='bbox 560 2428 673 2463; x_wconf 76' lang='lat' dir='ltr'><strong>privatae</strong></span> <span class='ocrx_word' id='word_1_377' title='bbox 688 2427 756 2455; x_wconf 84' lang='lat' dir='ltr'><strong>mihi</strong></span> <span class='ocrx_word' id='word_1_378' title='bbox 785 2432 813 2455; x_wconf 92' lang='lat' dir='ltr'><strong>et</strong></span> <span class='ocrx_word' id='word_1_379' title='bbox 835 2428 1004 2463; x_wconf 54' lang='lat' dir='ltr'><strong>inveteratas</strong></span> 
     </span>
    </p>
   </div>
   <div class='ocr_carea' id='block_1_53' title="bbox 204 2472 990 2508">
    <p class='ocr_par' dir='ltr' id='par_1_53' title="bbox 204 2472 990 2508">
     <span class='ocr_line' id='line_1_53' title="bbox 204 2472 990 2508; baseline 0 -8"><span class='ocrx_word' id='word_1_380' title='bbox 204 2473 281 2501; x_wconf 87' lang='lat' dir='ltr'><strong>labes</strong></span> <span class='ocrx_word' id='word_1_381' title='bbox 298 2473 472 2505; x_wconf 87' lang='lat' dir='ltr'><strong>inoleverint,</strong></span> <span class='ocrx_word' id='word_1_382' title='bbox 489 2472 621 2508; x_wconf 89' lang='lat' dir='ltr'><strong>quidquid</strong></span> <span class='ocrx_word' id='word_1_383' title='bbox 634 2473 675 2500; x_wconf 83' lang='lat' dir='ltr'><strong>vel</strong></span> <span class='ocrx_word' id='word_1_384' title='bbox 691 2472 835 2499; x_wconf 90' lang='lat' dir='ltr'><strong>minimum</strong></span> <span class='ocrx_word' id='word_1_385' title='bbox 854 2472 990 2508; x_wconf 80' lang='lat' dir='ltr'><strong>adjectum</strong></span> 
     </span>
    </p>
   </div>
   <div class='ocr_carea' id='block_1_54' title="bbox 185 2517 990 2551">
    <p class='ocr_par' dir='ltr' id='par_1_54' title="bbox 185 2517 990 2551">
     <span class='ocr_line' id='line_1_54' title="bbox 185 2517 990 2551; baseline 0 -6"><span class='ocrx_word' id='word_1_386' title='bbox 185 2517 299 2551; x_wconf 83' lang='lat' dir='ltr'><strong>‘fuerit,</strong></span> <span class='ocrx_word' id='word_1_387' title='bbox 315 2518 564 2546; x_wconf 86' lang='lat' dir='ltr'><strong>cumulatissimam</strong></span> <span class='ocrx_word' id='word_1_388' title='bbox 578 2518 766 2545; x_wconf 90' lang='lat' dir='ltr'><strong>accessionem</strong></span> <span class='ocrx_word' id='word_1_389' title='bbox 792 2517 868 2546; x_wconf 88' lang='lat' dir='ltr'><strong>facit.</strong></span> <span class='ocrx_word' id='word_1_390' title='bbox 896 2517 990 2545; x_wconf 74' lang='lat' dir='ltr'><strong>Robur</strong></span> 
     </span>
    </p>
   </div>
   <div class='ocr_carea' id='block_1_55' title="bbox 204 2562 989 2598">
    <p class='ocr_par' dir='ltr' id='par_1_55' title="bbox 204 2562 989 2598">
     <span class='ocr_line' id='line_1_55' title="bbox 204 2562 989 2598; baseline 0 -8"><span class='ocrx_word' id='word_1_391' title='bbox 204 2567 295 2591; x_wconf 86' lang='lat' dir='ltr'><strong>autem</strong></span> <span class='ocrx_word' id='word_1_392' title='bbox 310 2564 419 2592; x_wconf 87' lang='lat' dir='ltr'><strong>nullum</strong></span> <span class='ocrx_word' id='word_1_393' title='bbox 430 2563 497 2591; x_wconf 86' lang='lat' dir='ltr'><strong>mihi</strong></span> <span class='ocrx_word' id='word_1_394' title='bbox 508 2567 568 2597; x_wconf 88' lang='lat' dir='ltr'><strong>est;</strong></span> <span class='ocrx_word' id='word_1_395' title='bbox 581 2570 631 2591; x_wconf 81' lang='lat' dir='ltr'><strong>nec</strong></span> <span class='ocrx_word' id='word_1_396' title='bbox 643 2570 705 2598; x_wconf 82' lang='lat' dir='ltr'><strong>quae</strong></span> <span class='ocrx_word' id='word_1_397' title='bbox 721 2563 798 2591; x_wconf 91' lang='lat' dir='ltr'><strong>intus</strong></span> <span class='ocrx_word' id='word_1_398' title='bbox 815 2567 881 2590; x_wconf 89' lang='lat' dir='ltr'><strong>sunt</strong></span> <span class='ocrx_word' id='word_1_399' title='bbox 911 2562 989 2590; x_wconf 81' lang='lat' dir='ltr'><strong>firma</strong></span> 
     </span>
    </p>
   </div>
   <div class='ocr_carea' id='block_1_56' title="bbox 743 143 1302 173">
    <p class='ocr_par' dir='ltr' id='par_1_56' title="bbox 743 143 1302 173">
     <span class='ocr_line' id='line_1_56' title="bbox 743 143 1302 173; baseline 0.002 -1"><span class='ocrx_word' id='word_1_400' title='bbox 743 143 874 172; x_wconf 84' lang='lat' dir='ltr'><strong>SYNESII</strong></span> <span class='ocrx_word' id='word_1_401' title='bbox 892 144 1124 173; x_wconf 74' lang='lat' dir='ltr'><strong>PTOLEMAIDIS</strong></span> <span class='ocrx_word' id='word_1_402' title='bbox 1143 144 1302 173; x_wconf 76' lang='lat' dir='ltr'><strong>EPISCOPI</strong></span> 
     </span>
    </p>
   </div>
   <div class='ocr_carea' id='block_1_57' title="bbox 1768 146 1845 174">
    <p class='ocr_par' dir='ltr' id='par_1_57' title="bbox 1768 146 1845 174">
     <span class='ocr_line' id='line_1_57' title="bbox 1768 146 1845 174; baseline -0.013 0"><span class='ocrx_word' id='word_1_403' title='bbox 1768 146 1845 174; x_wconf 64' lang='grc'><strong>1684</strong></span> 
     </span>
    </p>
   </div>
   <div class='ocr_carea' id='block_1_58' title="bbox 1042 203 1842 242">
    <p class='ocr_par' dir='ltr' id='par_1_58' title="bbox 1042 203 1842 242">
     <span class='ocr_line' id='line_1_58' title="bbox 1042 203 1842 242; baseline 0.001 -11"><span class='ocrx_word' id='word_1_404' title='bbox 1042 203 1076 231; x_wconf 82' lang='grc' dir='ltr'>ἂν</span> <span class='ocrx_word' id='word_1_405' title='bbox 1094 204 1180 231; x_wconf 82' lang='grc' dir='ltr'>κακόν</span> <span class='ocrx_word' id='word_1_406' title='bbox 1194 213 1221 231; x_wconf 80' lang='grc' dir='ltr'><strong>τι</strong></span> <span class='ocrx_word' id='word_1_407' title='bbox 1238 203 1410 240; x_wconf 78' lang='grc' dir='ltr'><strong>διαφύγοιμι.</strong></span> <span class='ocrx_word' id='word_1_408' title='bbox 1423 205 1523 233; x_wconf 73' lang='grc' dir='ltr'>Ἄκουε</span> <span class='ocrx_word' id='word_1_409' title='bbox 1531 206 1620 233; x_wconf 83' lang='grc' dir='ltr'>τοίνυν</span> <span class='ocrx_word' id='word_1_410' title='bbox 1630 206 1668 239; x_wconf 83' lang='grc' dir='ltr'>ὼς</span> <span class='ocrx_word' id='word_1_411' title='bbox 1679 206 1736 242; x_wconf 74' lang='grc' dir='ltr'>ἔχει</span> <span class='ocrx_word' id='word_1_412' title='bbox 1750 207 1842 241; x_wconf 73' lang='grc' dir='ltr'>τάμὰ,</span> 
     </span>
    </p>
   </div>
   <div class='ocr_carea' id='block_1_59' title="bbox 1046 249 1843 288">
    <p class='ocr_par' dir='ltr' id='par_1_59' title="bbox 1046 249 1843 288">
     <span class='ocr_line' id='line_1_59' title="bbox 1046 249 1843 288; baseline 0.003 -11"><span class='ocrx_word' id='word_1_413' title='bbox 1046 249 1081 277; x_wconf 87' lang='grc' dir='ltr'><strong>τά</strong></span> <span class='ocrx_word' id='word_1_414' title='bbox 1099 250 1184 286; x_wconf 80' lang='grc' dir='ltr'>πλείῳ</span> <span class='ocrx_word' id='word_1_415' title='bbox 1199 251 1222 277; x_wconf 83' lang='grc' dir='ltr'>δ“</span> <span class='ocrx_word' id='word_1_416' title='bbox 1239 250 1273 278; x_wconf 83' lang='grc' dir='ltr'>ἂν</span> <span class='ocrx_word' id='word_1_417' title='bbox 1285 251 1375 277; x_wconf 77' lang='grc' dir='ltr'>αὐτῶν</span> <span class='ocrx_word' id='word_1_418' title='bbox 1392 251 1441 278; x_wconf 78' lang='grc' dir='ltr'>καὶ</span> <span class='ocrx_word' id='word_1_419' title='bbox 1458 252 1568 288; x_wconf 77' lang='grc' dir='ltr'>εἰδείης.</span> <span class='ocrx_word' id='word_1_420' title='bbox 1581 253 1687 288; x_wconf 82' lang='grc' dir='ltr'>Μικρὸν</span> <span class='ocrx_word' id='word_1_421' title='bbox 1701 251 1843 287; x_wconf 77' lang='grc' dir='ltr'>ἀράμενος</span> 
     </span>
    </p>
   </div>
   <div class='ocr_carea' id='block_1_60' title="bbox 1046 295 1843 333">
    <p class='ocr_par' dir='ltr' id='par_1_60' title="bbox 1046 295 1843 333">
     <span class='ocr_line' id='line_1_60' title="bbox 1046 295 1843 333; baseline 0 -11"><span class='ocrx_word' id='word_1_422' title='bbox 1046 295 1168 331; x_wconf 75' lang='grc' dir='ltr'><strong>φορτίον,</strong></span> <span class='ocrx_word' id='word_1_423' title='bbox 1192 295 1283 328; x_wconf 83' lang='grc' dir='ltr'>καλῶς</span> <span class='ocrx_word' id='word_1_424' title='bbox 1307 296 1430 331; x_wconf 70' lang='grc' dir='ltr'>ἐνεγκεῖν</span> <span class='ocrx_word' id='word_1_425' title='bbox 1454 297 1584 332; x_wconf 84' lang='grc' dir='ltr'>μοιδοκῶ</span> <span class='ocrx_word' id='word_1_426' title='bbox 1603 298 1635 324; x_wconf 80' lang='grc' dir='ltr'>τὸ</span> <span class='ocrx_word' id='word_1_427' title='bbox 1656 297 1738 333; x_wconf 77' lang='grc' dir='ltr'>μέχρι</span> <span class='ocrx_word' id='word_1_428' title='bbox 1750 297 1843 327; x_wconf 81' lang='grc' dir='ltr'>τοῦδε,</span> 
     </span>
    </p>
   </div>
   <div class='ocr_carea' id='block_1_61' title="bbox 1047 341 1844 379">
    <p class='ocr_par' dir='ltr' id='par_1_61' title="bbox 1047 341 1844 379">
     <span class='ocr_line' id='line_1_61' title="bbox 1047 341 1844 379; baseline 0.003 -11"><span class='ocrx_word' id='word_1_429' title='bbox 1047 341 1218 376; x_wconf 78' lang='grc' dir='ltr'>φιλοσοφίαν.</span> <span class='ocrx_word' id='word_1_430' title='bbox 1234 342 1285 369; x_wconf 82' lang='grc' dir='ltr'>Διά</span> <span class='ocrx_word' id='word_1_431' title='bbox 1313 342 1342 369; x_wconf 82' lang='grc' dir='ltr'>δὲ</span> <span class='ocrx_word' id='word_1_432' title='bbox 1363 343 1395 369; x_wconf 82' lang='grc' dir='ltr'>τὸ</span> <span class='ocrx_word' id='word_1_433' title='bbox 1409 343 1484 376; x_wconf 82' lang='grc' dir='ltr'>δόξαι</span> <span class='ocrx_word' id='word_1_434' title='bbox 1508 343 1546 379; x_wconf 81' lang='grc' dir='ltr'>μὴ</span> <span class='ocrx_word' id='word_1_435' title='bbox 1561 343 1735 370; x_wconf 72' lang='grc' dir='ltr'>παντάπασιν</span> <span class='ocrx_word' id='word_1_436' title='bbox 1751 343 1844 377; x_wconf 74' lang='grc' dir='ltr'>αὐτῆς</span> 
     </span>
    </p>
   </div>
   <div class='ocr_carea' id='block_1_62' title="bbox 1047 387 1843 424">
    <p class='ocr_par' dir='ltr' id='par_1_62' title="bbox 1047 387 1843 424">
     <span class='ocr_line' id='line_1_62' title="bbox 1047 387 1843 424; baseline 0.001 -11"><span class='ocrx_word' id='word_1_437' title='bbox 1047 387 1226 422; x_wconf 81' lang='grc' dir='ltr'>ἁμαρτάνειν,</span> <span class='ocrx_word' id='word_1_438' title='bbox 1238 387 1445 419; x_wconf 77' lang='grc' dir='ltr'>ὲπαινεθεὶςὺπ¹</span> <span class='ocrx_word' id='word_1_439' title='bbox 1456 387 1546 420; x_wconf 75' lang='grc' dir='ltr'>ἐνίων,</span> <span class='ocrx_word' id='word_1_440' title='bbox 1562 387 1690 424; x_wconf 77' lang='grc' dir='ltr'>ἀξιοῦμαι</span> <span class='ocrx_word' id='word_1_441' title='bbox 1707 387 1843 423; x_wconf 77' lang='grc' dir='ltr'><strong>μειζόνων</strong></span> 
     </span>
    </p>
   </div>
   <div class='ocr_carea' id='block_1_63' title="bbox 1046 432 1841 470">
    <p class='ocr_par' dir='ltr' id='par_1_63' title="bbox 1046 432 1841 470">
     <span class='ocr_line' id='line_1_63' title="bbox 1046 432 1841 470; baseline 0 -10"><span class='ocrx_word' id='word_1_442' title='bbox 1046 433 1124 470; x_wconf 88' lang='grc' dir='ltr'><strong>παρά</strong></span> <span class='ocrx_word' id='word_1_443' title='bbox 1138 432 1192 460; x_wconf 84' lang='grc' dir='ltr'><strong>τῶν</strong></span> <span class='ocrx_word' id='word_1_444' title='bbox 1204 433 1257 460; x_wconf 81' lang='grc' dir='ltr'>οὐκ</span> <span class='ocrx_word' id='word_1_445' title='bbox 1274 433 1384 460; x_wconf 80' lang='grc' dir='ltr'><strong>εἰδότων</strong></span> <span class='ocrx_word' id='word_1_446' title='bbox 1401 434 1492 469; x_wconf 84' lang='grc' dir='ltr'>κρῖναι</span> <span class='ocrx_word' id='word_1_447' title='bbox 1509 433 1598 470; x_wconf 77' lang='grc' dir='ltr'>ψυχῆς</span> <span class='ocrx_word' id='word_1_448' title='bbox 1619 434 1841 469; x_wconf 77' lang='grc' dir='ltr'>ἐπιτηδειότητα.</span> 
     </span>
    </p>
   </div>
   <div class='ocr_carea' id='block_1_64' title="bbox 1045 478 1841 514">
    <p class='ocr_par' dir='ltr' id='par_1_64' title="bbox 1045 478 1841 514">
     <span class='ocr_line' id='line_1_64' title="bbox 1045 478 1841 514; baseline -0.001 -9"><span class='ocrx_word' id='word_1_449' title='bbox 1045 479 1182 514; x_wconf 73' lang='grc' dir='ltr'>Φοϐοῦμαι</span> <span class='ocrx_word' id='word_1_450' title='bbox 1193 478 1222 505; x_wconf 75' lang='grc' dir='ltr'>δὲ</span> <span class='ocrx_word' id='word_1_451' title='bbox 1236 479 1274 514; x_wconf 84' lang='grc' dir='ltr'>μὴ</span> <span class='ocrx_word' id='word_1_452' title='bbox 1294 478 1394 514; x_wconf 74' lang='grc' dir='ltr'>χαῦνος</span> <span class='ocrx_word' id='word_1_453' title='bbox 1414 478 1568 514; x_wconf 81' lang='grc' dir='ltr'>γενόμενος,</span> <span class='ocrx_word' id='word_1_454' title='bbox 1583 478 1632 506; x_wconf 74' lang='grc' dir='ltr'>καὶ</span> <span class='ocrx_word' id='word_1_455' title='bbox 1654 478 1841 514; x_wconf 75' lang='grc' dir='ltr'><strong>προσιέμενος</strong></span> 
     </span>
    </p>
   </div>
   <div class='ocr_carea' id='block_1_65' title="bbox 1044 524 1841 560">
    <p class='ocr_par' dir='ltr' id='par_1_65' title="bbox 1044 524 1841 560">
     <span class='ocr_line' id='line_1_65' title="bbox 1044 524 1841 560; baseline -0.003 -8"><span class='ocrx_word' id='word_1_456' title='bbox 1044 524 1095 560; x_wconf 81' lang='grc' dir='ltr'>τὴν</span> <span class='ocrx_word' id='word_1_457' title='bbox 1117 524 1211 560; x_wconf 76' lang='grc' dir='ltr'>τιμὴν,</span> <span class='ocrx_word' id='word_1_458' title='bbox 1237 525 1338 559; x_wconf 85' lang='grc' dir='ltr'>ἀμφοῖν</span> <span class='ocrx_word' id='word_1_459' title='bbox 1363 524 1517 560; x_wconf 82' lang='grc' dir='ltr'>διαμάρτω,</span> <span class='ocrx_word' id='word_1_460' title='bbox 1540 524 1589 551; x_wconf 83' lang='grc' dir='ltr'>τοῦ</span> <span class='ocrx_word' id='word_1_461' title='bbox 1614 524 1662 560; x_wconf 79' lang='grc' dir='ltr'>μὲν</span> <span class='ocrx_word' id='word_1_462' title='bbox 1692 524 1841 559; x_wconf 80' lang='grc' dir='ltr'>ὑπεριδὼν,</span> 
     </span>
    </p>
   </div>
   <div class='ocr_carea' id='block_1_66' title="bbox 1045 568 1840 604">
    <p class='ocr_par' dir='ltr' id='par_1_66' title="bbox 1045 568 1840 604">
     <span class='ocr_line' id='line_1_66' title="bbox 1045 568 1840 604; baseline -0.003 -8"><span class='ocrx_word' id='word_1_463' title='bbox 1045 569 1093 596; x_wconf 76' lang='grc' dir='ltr'>τοῦ</span> <span class='ocrx_word' id='word_1_464' title='bbox 1104 569 1133 596; x_wconf 76' lang='grc' dir='ltr'>δὲ</span> <span class='ocrx_word' id='word_1_465' title='bbox 1146 569 1196 604; x_wconf 82' lang='grc' dir='ltr'>τῆς</span> <span class='ocrx_word' id='word_1_466' title='bbox 1212 569 1291 602; x_wconf 79' lang='grc' dir='ltr'>ἀξίας</span> <span class='ocrx_word' id='word_1_467' title='bbox 1303 569 1354 595; x_wconf 89' lang='grc' dir='ltr'>οὐκ</span> <span class='ocrx_word' id='word_1_468' title='bbox 1373 568 1544 604; x_wconf 76' lang='grc' dir='ltr'>ἐφικόμενος.</span> <span class='ocrx_word' id='word_1_469' title='bbox 1567 568 1667 596; x_wconf 78' lang='grc' dir='ltr'><strong>Σκόπει</strong></span> <span class='ocrx_word' id='word_1_470' title='bbox 1685 568 1741 604; x_wconf 82' lang='grc' dir='ltr'><strong>γὰρ</strong></span> <span class='ocrx_word' id='word_1_471' title='bbox 1755 568 1840 595; x_wconf 75' lang='grc' dir='ltr'>οὕτω.</span> 
     </span>
    </p>
   </div>
   <div class='ocr_carea' id='block_1_67' title="bbox 1045 612 1841 649">
    <p class='ocr_par' dir='ltr' id='par_1_67' title="bbox 1045 612 1841 649">
     <span class='ocr_line' id='line_1_67' title="bbox 1045 612 1841 649; baseline -0.004 -8"><span class='ocrx_word' id='word_1_472' title='bbox 1045 613 1097 641; x_wconf 83' lang='grc' dir='ltr'><strong>Δύο</strong></span> <span class='ocrx_word' id='word_1_473' title='bbox 1113 613 1219 645; x_wconf 79' lang='grc' dir='ltr'><strong>τούτοις</strong></span> <span class='ocrx_word' id='word_1_474' title='bbox 1234 614 1364 640; x_wconf 77' lang='grc' dir='ltr'>ἑκάστοτε</span> <span class='ocrx_word' id='word_1_475' title='bbox 1378 612 1482 649; x_wconf 73' lang='grc' dir='ltr'>μερίξω</span> <span class='ocrx_word' id='word_1_476' title='bbox 1496 613 1542 641; x_wconf 70' lang='grc' dir='ltr'><strong>τὸν</strong></span> <span class='ocrx_word' id='word_1_477' title='bbox 1555 613 1662 649; x_wconf 77' lang='grc' dir='ltr'>χρόνον,</span> <span class='ocrx_word' id='word_1_478' title='bbox 1670 613 1777 648; x_wconf 83' lang='grc' dir='ltr'>παιδιᾷ,</span> <span class='ocrx_word' id='word_1_479' title='bbox 1793 614 1841 639; x_wconf 82' lang='grc' dir='ltr'>καὶ</span> 
     </span>
    </p>
   </div>
   <div class='ocr_carea' id='block_1_68' title="bbox 1046 657 1842 693">
    <p class='ocr_par' dir='ltr' id='par_1_68' title="bbox 1046 657 1842 693">
     <span class='ocr_line' id='line_1_68' title="bbox 1046 657 1842 693; baseline -0.003 -8"><span class='ocrx_word' id='word_1_480' title='bbox 1046 658 1162 693; x_wconf 81' lang='grc' dir='ltr'>σπουδῇ.</span> <span class='ocrx_word' id='word_1_481' title='bbox 1184 658 1240 685; x_wconf 78' lang='grc' dir='ltr'><strong>Καὶ</strong></span> <span class='ocrx_word' id='word_1_482' title='bbox 1257 657 1415 689; x_wconf 76' lang='grc' dir='ltr'>σπουδάζων</span> <span class='ocrx_word' id='word_1_483' title='bbox 1433 657 1497 689; x_wconf 70' lang='lat' dir='ltr'><strong>usus;</strong></span> <span class='ocrx_word' id='word_1_484' title='bbox 1525 658 1593 693; x_wconf 80' lang='grc' dir='ltr'>ειμι,</span> <span class='ocrx_word' id='word_1_485' title='bbox 1609 657 1728 693; x_wconf 84' lang='grc' dir='ltr'>μάλιστά</span> <span class='ocrx_word' id='word_1_486' title='bbox 1752 665 1784 691; x_wconf 82' lang='grc' dir='ltr'><strong>γε</strong></span> <span class='ocrx_word' id='word_1_487' title='bbox 1805 658 1842 684; x_wconf 70' lang='grc' dir='ltr'>τὰ</span> 
     </span>
    </p>
   </div>
   <div class='ocr_carea' id='block_1_69' title="bbox 1045 700 1841 738">
    <p class='ocr_par' dir='ltr' id='par_1_69' title="bbox 1045 700 1841 738">
     <span class='ocr_line' id='line_1_69' title="bbox 1045 700 1841 738; baseline -0.003 -8"><span class='ocrx_word' id='word_1_488' title='bbox 1045 703 1116 731; x_wconf 84' lang='grc' dir='ltr'>θεῖα.</span> <span class='ocrx_word' id='word_1_489' title='bbox 1131 704 1187 730; x_wconf 80' lang='grc' dir='ltr'><strong>Καὶ</strong></span> <span class='ocrx_word' id='word_1_490' title='bbox 1213 703 1329 735; x_wconf 82' lang='grc' dir='ltr'>παίζων,</span> <span class='ocrx_word' id='word_1_491' title='bbox 1357 702 1522 734; x_wconf 83' lang='grc' dir='ltr'>κοινότατος.</span> <span class='ocrx_word' id='word_1_492' title='bbox 1547 700 1634 729; x_wconf 75' lang='grc' dir='ltr'>Οἶσθα</span> <span class='ocrx_word' id='word_1_493' title='bbox 1648 702 1702 738; x_wconf 77' lang='grc' dir='ltr'>γὰρ</span> <span class='ocrx_word' id='word_1_494' title='bbox 1722 702 1761 734; x_wconf 79' lang='grc' dir='ltr'><strong>ὡς</strong></span> <span class='ocrx_word' id='word_1_495' title='bbox 1774 703 1841 729; x_wconf 77' lang='grc' dir='ltr'>ὅταν</span> 
     </span>
    </p>
   </div>
   <div class='ocr_carea' id='block_1_70' title="bbox 1044 748 1841 785">
    <p class='ocr_par' dir='ltr' id='par_1_70' title="bbox 1044 748 1841 785">
     <span class='ocr_line' id='line_1_70' title="bbox 1044 748 1841 785; baseline -0.003 -8"><span class='ocrx_word' id='word_1_496' title='bbox 1044 749 1176 784; x_wconf 74' lang='grc' dir='ltr'>ἀνακύψαι</span> <span class='ocrx_word' id='word_1_497' title='bbox 1188 749 1242 777; x_wconf 83' lang='grc' dir='ltr'><strong>τῶν</strong></span> <span class='ocrx_word' id='word_1_498' title='bbox 1253 748 1377 784; x_wconf 74' lang='grc' dir='ltr'>βιϐλίων,</span> <span class='ocrx_word' id='word_1_499' title='bbox 1394 749 1547 785; x_wconf 77' lang='grc' dir='ltr'>ὲπιρῥεπής</span> <span class='ocrx_word' id='word_1_500' title='bbox 1567 750 1626 785; x_wconf 83' lang='grc' dir='ltr'>είμι</span> <span class='ocrx_word' id='word_1_501' title='bbox 1644 749 1711 783; x_wconf 81' lang='grc' dir='ltr'>πρὸς</span> <span class='ocrx_word' id='word_1_502' title='bbox 1729 749 1841 775; x_wconf 71' lang='grc' dir='ltr'>ἃπασαν</span> 
     </span>
    </p>
   </div>
   <div class='ocr_carea' id='block_1_71' title="bbox 1046 793 1840 830">
    <p class='ocr_par' dir='ltr' id='par_1_71' title="bbox 1046 793 1840 830">
     <span class='ocr_line' id='line_1_71' title="bbox 1046 793 1840 830; baseline -0.003 -8"><span class='ocrx_word' id='word_1_503' title='bbox 1046 795 1167 823; x_wconf 79' lang='grc' dir='ltr'>παιδιάν.</span> <span class='ocrx_word' id='word_1_504' title='bbox 1186 794 1332 829; x_wconf 78' lang='grc' dir='ltr'>Πολιτικῆς</span> <span class='ocrx_word' id='word_1_505' title='bbox 1353 794 1382 820; x_wconf 84' lang='grc' dir='ltr'>δὲ</span> <span class='ocrx_word' id='word_1_506' title='bbox 1399 794 1540 830; x_wconf 77' lang='grc' dir='ltr'>φροντίδος</span> <span class='ocrx_word' id='word_1_507' title='bbox 1556 793 1665 830; x_wconf 71' lang='grc' dir='ltr'>ἀμοιρῶ</span> <span class='ocrx_word' id='word_1_508' title='bbox 1680 794 1728 821; x_wconf 74' lang='grc' dir='ltr'><strong>καὶ</strong></span> <span class='ocrx_word' id='word_1_509' title='bbox 1745 794 1840 828; x_wconf 71' lang='grc' dir='ltr'>φύσει,</span> 
     </span>
    </p>
   </div>
   <div class='ocr_carea' id='block_1_72' title="bbox 1045 839 1842 877">
    <p class='ocr_par' dir='ltr' id='par_1_72' title="bbox 1045 839 1842 877">
     <span class='ocr_line' id='line_1_72' title="bbox 1045 839 1842 877; baseline -0.003 -9"><span class='ocrx_word' id='word_1_510' title='bbox 1045 841 1094 868; x_wconf 73' lang='grc' dir='ltr'>καὶ</span> <span class='ocrx_word' id='word_1_511' title='bbox 1109 840 1219 877; x_wconf 78' lang='grc' dir='ltr'>μελέτῃ.</span> <span class='ocrx_word' id='word_1_512' title='bbox 1236 840 1288 867; x_wconf 83' lang='grc' dir='ltr'><strong>Τὸν</strong></span> <span class='ocrx_word' id='word_1_513' title='bbox 1305 840 1336 866; x_wconf 74' lang='grc' dir='ltr'>δὲ</span> <span class='ocrx_word' id='word_1_514' title='bbox 1355 839 1441 875; x_wconf 76' lang='grc' dir='ltr'>ἱερέα,</span> <span class='ocrx_word' id='word_1_515' title='bbox 1459 840 1543 875; x_wconf 75' lang='grc' dir='ltr'>ἄνδρα</span> <span class='ocrx_word' id='word_1_516' title='bbox 1564 840 1605 866; x_wconf 81' lang='grc' dir='ltr'><strong>δεῖ</strong></span> <span class='ocrx_word' id='word_1_517' title='bbox 1621 839 1677 875; x_wconf 69' lang='grc'><strong>(46)</strong></span> <span class='ocrx_word' id='word_1_518' title='bbox 1695 839 1842 866; x_wconf 71' lang='grc' dir='ltr'>θεσπέσιον</span> 
     </span>
    </p>
   </div>
   <div class='ocr_carea' id='block_1_73' title="bbox 1045 884 1841 924">
    <p class='ocr_par' dir='ltr' id='par_1_73' title="bbox 1045 884 1841 924">
     <span class='ocr_line' id='line_1_73' title="bbox 1045 884 1841 924; baseline -0.003 -11"><span class='ocrx_word' id='word_1_519' title='bbox 1045 884 1126 919; x_wconf 74' lang='grc' dir='ltr'>εἶναι,</span> <span class='ocrx_word' id='word_1_520' title='bbox 1142 887 1172 914; x_wconf 83' lang='grc' dir='ltr'>ὃν</span> <span class='ocrx_word' id='word_1_521' title='bbox 1179 894 1212 922; x_wconf 84' lang='grc' dir='ltr'><strong>γε</strong></span> <span class='ocrx_word' id='word_1_522' title='bbox 1226 886 1296 924; x_wconf 71' lang='grc' dir='ltr'>πρὸς</span> <span class='ocrx_word' id='word_1_523' title='bbox 1309 886 1358 922; x_wconf 74' lang='grc' dir='ltr'>μὲν</span> <span class='ocrx_word' id='word_1_524' title='bbox 1380 886 1490 913; x_wconf 80' lang='grc' dir='ltr'>παιδιὰν</span> <span class='ocrx_word' id='word_1_525' title='bbox 1504 886 1622 919; x_wconf 74' lang='grc' dir='ltr'>ἃπασαν,</span> <span class='ocrx_word' id='word_1_526' title='bbox 1640 886 1685 912; x_wconf 64' lang='lat' dir='ltr'><strong>tua.</strong></span> <span class='ocrx_word' id='word_1_527' title='bbox 1698 886 1746 913; x_wconf 76' lang='grc' dir='ltr'>καὶ</span> <span class='ocrx_word' id='word_1_528' title='bbox 1769 885 1841 920; x_wconf 77' lang='grc' dir='ltr'>Θεῷ,</span> 
     </span>
    </p>
   </div>
   <div class='ocr_carea' id='block_1_74' title="bbox 1046 930 1842 968">
    <p class='ocr_par' dir='ltr' id='par_1_74' title="bbox 1046 930 1842 968">
     <span class='ocr_line' id='line_1_74' title="bbox 1046 930 1842 968; baseline -0.001 -9"><span class='ocrx_word' id='word_1_529' title='bbox 1046 932 1205 968; x_wconf 81' lang='grc' dir='ltr'><strong>ἀμείλικτον</strong></span> <span class='ocrx_word' id='word_1_530' title='bbox 1216 930 1287 959; x_wconf 70' lang='grc' dir='ltr'>εἶναι</span> <span class='ocrx_word' id='word_1_531' title='bbox 1300 932 1353 968; x_wconf 80' lang='grc' dir='ltr'><strong>χρή</strong></span> <span class='ocrx_word' id='word_1_532' title='bbox 1366 939 1374 947; x_wconf 76' lang='grc'><strong><em>⁸</em></strong></span> <span class='ocrx_word' id='word_1_533' title='bbox 1384 931 1414 964; x_wconf 80' lang='grc' dir='ltr'>ὃς</span> <span class='ocrx_word' id='word_1_534' title='bbox 1426 932 1470 959; x_wconf 63' lang='lat' dir='ltr'><strong>[va</strong></span> <span class='ocrx_word' id='word_1_535' title='bbox 1480 933 1552 968; x_wconf 62' lang='grc' dir='ltr'><strong>¹ιηρίῇ</strong></span> <span class='ocrx_word' id='word_1_536' title='bbox 1566 932 1616 967; x_wconf 77' lang='grc' dir='ltr'>τὴν</span> <span class='ocrx_word' id='word_1_537' title='bbox 1631 931 1773 963; x_wconf 77' lang='grc' dir='ltr'>ὑπόθεσιν.</span> <span class='ocrx_word' id='word_1_538' title='bbox 1787 931 1842 958; x_wconf 76' lang='grc' dir='ltr'><strong>ὑπὸ</strong></span> 
     </span>
    </p>
   </div>
   <div class='ocr_carea' id='block_1_75' title="bbox 1047 974 1843 1014">
    <p class='ocr_par' dir='ltr' id='par_1_75' title="bbox 1047 974 1843 1014">
     <span class='ocr_line' id='line_1_75' title="bbox 1047 974 1843 1014; baseline 0 -10"><span class='ocrx_word' id='word_1_539' title='bbox 1047 977 1153 1013; x_wconf 83' lang='grc' dir='ltr'>μυρίων</span> <span class='ocrx_word' id='word_1_540' title='bbox 1180 977 1311 1014; x_wconf 81' lang='grc' dir='ltr'><strong>ὀμμάτων</strong></span> <span class='ocrx_word' id='word_1_541' title='bbox 1341 978 1500 1013; x_wconf 79' lang='grc' dir='ltr'>φρουρεῖται</span> <span class='ocrx_word' id='word_1_542' title='bbox 1513 986 1521 994; x_wconf 73' lang='grc'><strong><em>⁸</em></strong></span> <span class='ocrx_word' id='word_1_543' title='bbox 1546 974 1584 1005; x_wconf 79' lang='grc' dir='ltr'><strong>ὧν</strong></span> <span class='ocrx_word' id='word_1_544' title='bbox 1601 977 1676 1004; x_wconf 76' lang='grc' dir='ltr'>οὐδὲν</span> <span class='ocrx_word' id='word_1_545' title='bbox 1699 977 1717 1013; x_wconf 81' lang='grc' dir='ltr'>ἢ</span> <span class='ocrx_word' id='word_1_546' title='bbox 1739 977 1843 1013; x_wconf 71' lang='grc' dir='ltr'>μικρὸν</span> 
     </span>
    </p>
   </div>
   <div class='ocr_carea' id='block_1_76' title="bbox 1046 1021 1840 1058">
    <p class='ocr_par' dir='ltr' id='par_1_76' title="bbox 1046 1021 1840 1058">
     <span class='ocr_line' id='line_1_76' title="bbox 1046 1021 1840 1058; baseline 0.001 -10"><span class='ocrx_word' id='word_1_547' title='bbox 1046 1021 1152 1056; x_wconf 76' lang='grc' dir='ltr'>δφελος,</span> <span class='ocrx_word' id='word_1_548' title='bbox 1168 1023 1194 1049; x_wconf 81' lang='grc' dir='ltr'><strong>ει</strong></span> <span class='ocrx_word' id='word_1_549' title='bbox 1214 1023 1251 1058; x_wconf 81' lang='grc' dir='ltr'>μή</span> <span class='ocrx_word' id='word_1_550' title='bbox 1268 1030 1311 1054; x_wconf 83' lang='grc' dir='ltr'><strong>τις</strong></span> <span class='ocrx_word' id='word_1_551' title='bbox 1334 1021 1377 1058; x_wconf 74' lang='grc' dir='ltr'>εἴη</span> <span class='ocrx_word' id='word_1_552' title='bbox 1396 1022 1649 1058; x_wconf 75' lang='grc' dir='ltr'><strong>κατεσκευασμένος</strong></span> <span class='ocrx_word' id='word_1_553' title='bbox 1668 1022 1785 1054; x_wconf 79' lang='grc' dir='ltr'>σύννους</span> <span class='ocrx_word' id='word_1_554' title='bbox 1808 1031 1840 1049; x_wconf 87' lang='grc' dir='ltr'><strong>τε</strong></span> 
     </span>
    </p>
   </div>
   <div class='ocr_carea' id='block_1_77' title="bbox 1045 1066 1842 1103">
    <p class='ocr_par' dir='ltr' id='par_1_77' title="bbox 1045 1066 1842 1103">
     <span class='ocr_line' id='line_1_77' title="bbox 1045 1066 1842 1103; baseline 0.001 -10"><span class='ocrx_word' id='word_1_555' title='bbox 1045 1067 1094 1093; x_wconf 77' lang='grc' dir='ltr'>καὶ</span> <span class='ocrx_word' id='word_1_556' title='bbox 1111 1066 1179 1103; x_wconf 78' lang='grc' dir='ltr'>πρὸς</span> <span class='ocrx_word' id='word_1_557' title='bbox 1191 1066 1300 1094; x_wconf 70' lang='grc' dir='ltr'>ἅπασαν</span> <span class='ocrx_word' id='word_1_558' title='bbox 1321 1066 1511 1102; x_wconf 87' lang='grc' dir='ltr'>γλυκυθυμίαν</span> <span class='ocrx_word' id='word_1_559' title='bbox 1533 1067 1683 1098; x_wconf 82' lang='grc' dir='ltr'>ἀνένδοτος.</span> <span class='ocrx_word' id='word_1_560' title='bbox 1705 1066 1748 1093; x_wconf 85' lang='grc' dir='ltr'><strong>Τά</strong></span> <span class='ocrx_word' id='word_1_561' title='bbox 1767 1067 1797 1094; x_wconf 85' lang='grc' dir='ltr'><em>δέ</em></span> <span class='ocrx_word' id='word_1_562' title='bbox 1808 1075 1842 1100; x_wconf 77' lang='grc' dir='ltr'><strong>γε</strong></span> 
     </span>
    </p>
   </div>
   <div class='ocr_carea' id='block_1_78' title="bbox 1046 1112 1844 1148">
    <p class='ocr_par' dir='ltr' id='par_1_78' title="bbox 1046 1112 1844 1148">
     <span class='ocr_line' id='line_1_78' title="bbox 1046 1112 1844 1148; baseline 0.001 -10"><span class='ocrx_word' id='word_1_563' title='bbox 1046 1112 1115 1148; x_wconf 81' lang='grc' dir='ltr'>πρὸς</span> <span class='ocrx_word' id='word_1_564' title='bbox 1135 1112 1181 1139; x_wconf 79' lang='grc' dir='ltr'><strong>τδν</strong></span> <span class='ocrx_word' id='word_1_565' title='bbox 1205 1112 1281 1145; x_wconf 76' lang='grc' dir='ltr'>Θεὸν,</span> <span class='ocrx_word' id='word_1_566' title='bbox 1309 1112 1360 1139; x_wconf 74' lang='grc' dir='ltr'>οὐκ</span> <span class='ocrx_word' id='word_1_567' title='bbox 1374 1112 1408 1139; x_wconf 80' lang='grc' dir='ltr'>ἂν</span> <span class='ocrx_word' id='word_1_568' title='bbox 1427 1112 1503 1145; x_wconf 84' lang='grc' dir='ltr'>ῑδιος,</span> <span class='ocrx_word' id='word_1_569' title='bbox 1519 1112 1587 1140; x_wconf 79' lang='grc' dir='ltr'>ἀλλὰ</span> <span class='ocrx_word' id='word_1_570' title='bbox 1609 1113 1766 1144; x_wconf 82' lang='grc' dir='ltr'>κοινότατος</span> <span class='ocrx_word' id='word_1_571' title='bbox 1784 1113 1844 1147; x_wconf 73' lang='grc' dir='ltr'>εἴη,</span> 
     </span>
    </p>
   </div>
   <div class='ocr_carea' id='block_1_79' title="bbox 1046 1157 1841 1194">
    <p class='ocr_par' dir='ltr' id='par_1_79' title="bbox 1046 1157 1841 1194">
     <span class='ocr_line' id='line_1_79' title="bbox 1046 1157 1841 1194; baseline 0 -10"><span class='ocrx_word' id='word_1_572' title='bbox 1046 1157 1272 1193; x_wconf 76' lang='grc' dir='ltr'>νομοδιδάσκαλος</span> <span class='ocrx_word' id='word_1_573' title='bbox 1295 1158 1344 1191; x_wconf 81' lang='grc' dir='ltr'>ὢν,</span> <span class='ocrx_word' id='word_1_574' title='bbox 1358 1158 1406 1185; x_wconf 79' lang='grc' dir='ltr'>καὶ</span> <span class='ocrx_word' id='word_1_575' title='bbox 1429 1158 1611 1194; x_wconf 75' lang='grc' dir='ltr'>νενομισμένα</span> <span class='ocrx_word' id='word_1_576' title='bbox 1639 1157 1841 1193; x_wconf 79' lang='grc' dir='ltr'>φθεγγόμενος.</span> 
     </span>
    </p>
   </div>
   <div class='ocr_carea' id='block_1_80' title="bbox 1046 1202 1842 1239">
    <p class='ocr_par' dir='ltr' id='par_1_80' title="bbox 1046 1202 1842 1239">
     <span class='ocr_line' id='line_1_80' title="bbox 1046 1202 1842 1239; baseline -0.001 -10"><span class='ocrx_word' id='word_1_577' title='bbox 1046 1202 1108 1239; x_wconf 82' lang='grc' dir='ltr'><strong>Χρὴ</strong></span> <span class='ocrx_word' id='word_1_578' title='bbox 1121 1203 1149 1230; x_wconf 80' lang='grc' dir='ltr'>δὲ</span> <span class='ocrx_word' id='word_1_579' title='bbox 1160 1203 1241 1230; x_wconf 77' lang='grc' dir='ltr'>αὑτὸν</span> <span class='ocrx_word' id='word_1_580' title='bbox 1268 1203 1315 1230; x_wconf 80' lang='grc' dir='ltr'>καὶ</span> <span class='ocrx_word' id='word_1_581' title='bbox 1331 1203 1482 1239; x_wconf 83' lang='grc' dir='ltr'>πράγματα</span> <span class='ocrx_word' id='word_1_582' title='bbox 1498 1203 1640 1239; x_wconf 81' lang='grc' dir='ltr'>πράττειν,</span> <span class='ocrx_word' id='word_1_583' title='bbox 1658 1203 1709 1230; x_wconf 82' lang='grc' dir='ltr'>ὅσα</span> <span class='ocrx_word' id='word_1_584' title='bbox 1735 1204 1842 1234; x_wconf 76' lang='grc' dir='ltr'>πάντες</span> 
     </span>
    </p>
   </div>
   <div class='ocr_carea' id='block_1_81' title="bbox 1047 1249 1844 1285">
    <p class='ocr_par' dir='ltr' id='par_1_81' title="bbox 1047 1249 1844 1285">
     <span class='ocr_line' id='line_1_81' title="bbox 1047 1249 1844 1285; baseline -0.001 -9"><span class='ocrx_word' id='word_1_585' title='bbox 1047 1250 1116 1284; x_wconf 74' lang='grc' dir='ltr'>ἁμα.</span> <span class='ocrx_word' id='word_1_586' title='bbox 1136 1249 1178 1276; x_wconf 83' lang='grc' dir='ltr'><strong>Τὰ</strong></span> <span class='ocrx_word' id='word_1_587' title='bbox 1190 1249 1246 1285; x_wconf 82' lang='grc' dir='ltr'>γὰρ</span> <span class='ocrx_word' id='word_1_588' title='bbox 1260 1249 1388 1276; x_wconf 80' lang='grc' dir='ltr'>ἁπάντων</span> <span class='ocrx_word' id='word_1_589' title='bbox 1400 1249 1479 1285; x_wconf 86' lang='grc' dir='ltr'>μόνον</span> <span class='ocrx_word' id='word_1_590' title='bbox 1495 1249 1536 1276; x_wconf 81' lang='grc' dir='ltr'><strong>δεῖ</strong></span> <span class='ocrx_word' id='word_1_591' title='bbox 1545 1249 1686 1285; x_wconf 84' lang='grc' dir='ltr'>πράττειν,</span> <span class='ocrx_word' id='word_1_592' title='bbox 1701 1249 1719 1284; x_wconf 78' lang='grc' dir='ltr'>ἢ</span> <span class='ocrx_word' id='word_1_593' title='bbox 1737 1249 1844 1280; x_wconf 78' lang='grc' dir='ltr'>πάσαις</span> 
     </span>
    </p>
   </div>
   <div class='ocr_carea' id='block_1_82' title="bbox 1047 1293 1844 1330">
    <p class='ocr_par' dir='ltr' id='par_1_82' title="bbox 1047 1293 1844 1330">
     <span class='ocr_line' id='line_1_82' title="bbox 1047 1293 1844 1330; baseline -0.001 -9"><span class='ocrx_word' id='word_1_594' title='bbox 1047 1295 1148 1327; x_wconf 85' lang='grc' dir='ltr'>αιτίαις</span> <span class='ocrx_word' id='word_1_595' title='bbox 1160 1294 1308 1330; x_wconf 72' lang='grc' dir='ltr'>ἐνέχεσθαι.</span> <span class='ocrx_word' id='word_1_596' title='bbox 1325 1295 1388 1327; x_wconf 84' lang='grc' dir='ltr'>Πῶς</span> <span class='ocrx_word' id='word_1_597' title='bbox 1399 1293 1445 1322; x_wconf 73' lang='grc' dir='ltr'>οὖν</span> <span class='ocrx_word' id='word_1_598' title='bbox 1455 1295 1505 1322; x_wconf 77' lang='grc' dir='ltr'>οὐκ</span> <span class='ocrx_word' id='word_1_599' title='bbox 1515 1295 1560 1330; x_wconf 72' lang='grc' dir='ltr'><strong>εἴη</strong></span> <span class='ocrx_word' id='word_1_600' title='bbox 1572 1294 1738 1330; x_wconf 72' lang='grc' dir='ltr'>εὐμεγέθους</span> <span class='ocrx_word' id='word_1_601' title='bbox 1748 1294 1844 1329; x_wconf 78' lang='grc' dir='ltr'>ψυχῆς</span> 
     </span>
    </p>
   </div>
   <div class='ocr_carea' id='block_1_83' title="bbox 1047 1338 1843 1375">
    <p class='ocr_par' dir='ltr' id='par_1_83' title="bbox 1047 1338 1843 1375">
     <span class='ocr_line' id='line_1_83' title="bbox 1047 1338 1843 1375; baseline -0.003 -9"><span class='ocrx_word' id='word_1_602' title='bbox 1047 1339 1095 1366; x_wconf 80' lang='grc' dir='ltr'>καὶ</span> <span class='ocrx_word' id='word_1_603' title='bbox 1108 1338 1270 1375; x_wconf 82' lang='grc' dir='ltr'>κρατίστης,</span> <span class='ocrx_word' id='word_1_604' title='bbox 1295 1338 1406 1373; x_wconf 73' lang='grc' dir='ltr'>ἐνέγκαι</span> <span class='ocrx_word' id='word_1_605' title='bbox 1430 1339 1558 1366; x_wconf 81' lang='grc' dir='ltr'>τοσοῦτον</span> <span class='ocrx_word' id='word_1_606' title='bbox 1579 1339 1661 1373; x_wconf 73' lang='grc' dir='ltr'>ὄγκον</span> <span class='ocrx_word' id='word_1_607' title='bbox 1674 1339 1843 1374; x_wconf 82' lang='grc' dir='ltr'>φροντίδων,</span> 
     </span>
    </p>
   </div>
   <div class='ocr_carea' id='block_1_84' title="bbox 1047 1383 1843 1420">
    <p class='ocr_par' dir='ltr' id='par_1_84' title="bbox 1047 1383 1843 1420">
     <span class='ocr_line' id='line_1_84' title="bbox 1047 1383 1843 1420; baseline -0.001 -9"><span class='ocrx_word' id='word_1_608' title='bbox 1047 1384 1095 1411; x_wconf 74' lang='grc' dir='ltr'>καὶ</span> <span class='ocrx_word' id='word_1_609' title='bbox 1109 1384 1147 1420; x_wconf 85' lang='grc' dir='ltr'>μὴ</span> <span class='ocrx_word' id='word_1_610' title='bbox 1160 1383 1329 1412; x_wconf 75' lang='grc' dir='ltr'>κατακλύσαι</span> <span class='ocrx_word' id='word_1_611' title='bbox 1344 1384 1391 1410; x_wconf 81' lang='grc' dir='ltr'>τὸν</span> <span class='ocrx_word' id='word_1_612' title='bbox 1403 1383 1476 1417; x_wconf 78' lang='grc' dir='ltr'>νοῦν,</span> <span class='ocrx_word' id='word_1_613' title='bbox 1494 1384 1541 1411; x_wconf 74' lang='grc' dir='ltr'><strong>καὶ</strong></span> <span class='ocrx_word' id='word_1_614' title='bbox 1556 1383 1598 1420; x_wconf 72' lang='grc' dir='ltr'>μὴ</span> <span class='ocrx_word' id='word_1_615' title='bbox 1606 1383 1843 1412; x_wconf 78' lang='grc' dir='ltr'>κατασδεσθεῖσαν</span> 
     </span>
    </p>
   </div>
   <div class='ocr_carea' id='block_1_85' title="bbox 1047 1429 1846 1466">
    <p class='ocr_par' dir='ltr' id='par_1_85' title="bbox 1047 1429 1846 1466">
     <span class='ocr_line' id='line_1_85' title="bbox 1047 1429 1846 1466; baseline 0 -9"><span class='ocrx_word' id='word_1_616' title='bbox 1047 1431 1077 1458; x_wconf 64' lang='grc' dir='ltr'>ἄν</span> <span class='ocrx_word' id='word_1_617' title='bbox 1094 1431 1132 1466; x_wconf 69' lang='grc' dir='ltr'>τῇ,</span> <span class='ocrx_word' id='word_1_618' title='bbox 1146 1429 1221 1465; x_wconf 77' lang='grc' dir='ltr'>ψυχῇ</span> <span class='ocrx_word' id='word_1_619' title='bbox 1244 1430 1377 1466; x_wconf 76' lang='grc' dir='ltr'>περιϊδεῖν</span> <span class='ocrx_word' id='word_1_620' title='bbox 1398 1431 1448 1466; x_wconf 85' lang='grc' dir='ltr'><strong>τὴν</strong></span> <span class='ocrx_word' id='word_1_621' title='bbox 1478 1432 1576 1466; x_wconf 82' lang='grc' dir='ltr'>μοῖραν</span> <span class='ocrx_word' id='word_1_622' title='bbox 1590 1430 1640 1466; x_wconf 79' lang='grc' dir='ltr'>τὴν</span> <span class='ocrx_word' id='word_1_623' title='bbox 1659 1430 1747 1463; x_wconf 84' lang='grc' dir='ltr'>θείαν,</span> <span class='ocrx_word' id='word_1_624' title='bbox 1769 1430 1846 1457; x_wconf 75' lang='grc' dir='ltr'>οὕτω</span> 
     </span>
    </p>
   </div>
   <div class='ocr_carea' id='block_1_86' title="bbox 1047 1475 1844 1512">
    <p class='ocr_par' dir='ltr' id='par_1_86' title="bbox 1047 1475 1844 1512">
     <span class='ocr_line' id='line_1_86' title="bbox 1047 1475 1844 1512; baseline 0 -10"><span class='ocrx_word' id='word_1_625' title='bbox 1047 1475 1226 1502; x_wconf 80' lang='grc' dir='ltr'>παντοδαπῶν</span> <span class='ocrx_word' id='word_1_626' title='bbox 1241 1475 1467 1511; x_wconf 80' lang='grc' dir='ltr'>ἐπιτηδευμάτων</span> <span class='ocrx_word' id='word_1_627' title='bbox 1487 1475 1684 1510; x_wconf 77' lang='grc' dir='ltr'>ἀπαγαγόντων</span> <span class='ocrx_word' id='word_1_628' title='bbox 1793 1477 1844 1503; x_wconf 76' lang='grc' dir='ltr'>ἀπ-</span> 
     </span>
    </p>
   </div>
   <div class='ocr_carea' id='block_1_87' title="bbox 1048 1519 1844 1556">
    <p class='ocr_par' dir='ltr' id='par_1_87' title="bbox 1048 1519 1844 1556">
     <span class='ocr_line' id='line_1_87' title="bbox 1048 1519 1844 1556; baseline 0 -7"><span class='ocrx_word' id='word_1_629' title='bbox 1048 1520 1181 1556; x_wconf 78' lang='grc' dir='ltr'>αγόντων]</span> <span class='ocrx_word' id='word_1_630' title='bbox 1196 1520 1297 1554; x_wconf 84' lang='grc' dir='ltr'>αὑτόν;</span> <span class='ocrx_word' id='word_1_631' title='bbox 1321 1520 1359 1548; x_wconf 83' lang='grc' dir='ltr'><strong>Εὖ</strong></span> <span class='ocrx_word' id='word_1_632' title='bbox 1383 1519 1442 1548; x_wconf 79' lang='grc' dir='ltr'>οἴδα</span> <span class='ocrx_word' id='word_1_633' title='bbox 1459 1521 1502 1548; x_wconf 82' lang='grc' dir='ltr'>ὅτι</span> <span class='ocrx_word' id='word_1_634' title='bbox 1515 1521 1626 1548; x_wconf 85' lang='grc' dir='ltr'>δυνατὸν</span> <span class='ocrx_word' id='word_1_635' title='bbox 1639 1521 1722 1554; x_wconf 76' lang='grc' dir='ltr'>ἐνίοις</span> <span class='ocrx_word' id='word_1_636' title='bbox 1742 1522 1844 1549; x_wconf 81' lang='grc' dir='ltr'>τοῦτο·</span> 
     </span>
    </p>
   </div>
   <div class='ocr_carea' id='block_1_88' title="bbox 1048 1564 1843 1601">
    <p class='ocr_par' dir='ltr' id='par_1_88' title="bbox 1048 1564 1843 1601">
     <span class='ocr_line' id='line_1_88' title="bbox 1048 1564 1843 1601; baseline 0 -9"><span class='ocrx_word' id='word_1_637' title='bbox 1048 1565 1096 1592; x_wconf 82' lang='grc' dir='ltr'>καὶ</span> <span class='ocrx_word' id='word_1_638' title='bbox 1106 1564 1252 1601; x_wconf 80' lang='grc' dir='ltr'>μακαρίζω</span> <span class='ocrx_word' id='word_1_639' title='bbox 1265 1565 1315 1597; x_wconf 86' lang='grc' dir='ltr'><strong>τὰς</strong></span> <span class='ocrx_word' id='word_1_640' title='bbox 1330 1564 1427 1600; x_wconf 79' lang='grc' dir='ltr'>φύσεις</span> <span class='ocrx_word' id='word_1_641' title='bbox 1440 1564 1546 1598; x_wconf 81' lang='grc' dir='ltr'>αὐτῶν,</span> <span class='ocrx_word' id='word_1_642' title='bbox 1571 1565 1715 1597; x_wconf 76' lang='grc' dir='ltr'>κάκείνους</span> <span class='ocrx_word' id='word_1_643' title='bbox 1728 1565 1843 1601; x_wconf 82' lang='grc' dir='ltr'>ἀληθῶς</span> 
     </span>
    </p>
   </div>
   <div class='ocr_carea' id='block_1_89' title="bbox 1046 1607 1843 1645">
    <p class='ocr_par' dir='ltr' id='par_1_89' title="bbox 1046 1607 1843 1645">
     <span class='ocr_line' id='line_1_89' title="bbox 1046 1607 1843 1645; baseline 0.001 -9"><span class='ocrx_word' id='word_1_644' title='bbox 1046 1607 1115 1636; x_wconf 78' lang='grc' dir='ltr'>εῖναι</span> <span class='ocrx_word' id='word_1_645' title='bbox 1140 1609 1260 1644; x_wconf 79' lang='grc' dir='ltr'>ἠγοῦμαι</span> <span class='ocrx_word' id='word_1_646' title='bbox 1288 1610 1352 1641; x_wconf 81' lang='grc' dir='ltr'>τοὺς</span> <span class='ocrx_word' id='word_1_647' title='bbox 1375 1609 1464 1641; x_wconf 84' lang='grc' dir='ltr'>θείους</span> <span class='ocrx_word' id='word_1_648' title='bbox 1489 1609 1609 1645; x_wconf 78' lang='grc' dir='ltr'>ἄνδρας·</span> <span class='ocrx_word' id='word_1_649' title='bbox 1628 1609 1718 1641; x_wconf 71' lang='grc' dir='ltr'>οὒςτὸ</span> <span class='ocrx_word' id='word_1_650' title='bbox 1733 1610 1843 1645; x_wconf 74' lang='grc' dir='ltr'>ὁμιλεῖν</span> 
     </span>
    </p>
   </div>
   <div class='ocr_carea' id='block_1_90' title="bbox 1046 1654 1841 1691">
    <p class='ocr_par' dir='ltr' id='par_1_90' title="bbox 1046 1654 1841 1691">
     <span class='ocr_line' id='line_1_90' title="bbox 1046 1654 1841 1691; baseline 0 -9"><span class='ocrx_word' id='word_1_651' title='bbox 1046 1655 1117 1682; x_wconf 83' lang='grc' dir='ltr'>πάνυ</span> <span class='ocrx_word' id='word_1_652' title='bbox 1127 1654 1287 1691; x_wconf 83' lang='grc' dir='ltr'>πράγμασιν</span> <span class='ocrx_word' id='word_1_653' title='bbox 1295 1655 1475 1690; x_wconf 84' lang='grc' dir='ltr'>ἀνθρωπίνοις</span> <span class='ocrx_word' id='word_1_654' title='bbox 1486 1654 1741 1690; x_wconf 80' lang='grc' dir='ltr'>μῆ-ἀποκόπ-τειτοῦ</span> <span class='ocrx_word' id='word_1_655' title='bbox 1753 1656 1841 1683; x_wconf 79' lang='grc' dir='ltr'>θείου.</span> 
     </span>
    </p>
   </div>
   <div class='ocr_carea' id='block_1_91' title="bbox 1052 1698 1843 1737">
    <p class='ocr_par' dir='ltr' id='par_1_91' title="bbox 1052 1698 1843 1737">
     <span class='ocr_line' id='line_1_91' title="bbox 1052 1698 1843 1737; baseline -0.001 -9"><span class='ocrx_word' id='word_1_656' title='bbox 1052 1701 1132 1728; x_wconf 81' lang='grc' dir='ltr'>Ἀλλά</span> <span class='ocrx_word' id='word_1_657' title='bbox 1156 1701 1203 1728; x_wconf 56' lang='grc' dir='ltr'><strong>καὶ¹</strong></span> <span class='ocrx_word' id='word_1_658' title='bbox 1229 1700 1312 1728; x_wconf 81' lang='grc' dir='ltr'>αὑτδν</span> <span class='ocrx_word' id='word_1_659' title='bbox 1342 1700 1399 1737; x_wconf 75' lang='grc' dir='ltr'>[γρ.</span> <span class='ocrx_word' id='word_1_660' title='bbox 1429 1701 1558 1737; x_wconf 72' lang='grc' dir='ltr'>ἐμαυτὸν]</span> <span class='ocrx_word' id='word_1_661' title='bbox 1584 1698 1643 1727; x_wconf 81' lang='grc' dir='ltr'>οἶδα</span> <span class='ocrx_word' id='word_1_662' title='bbox 1665 1701 1707 1733; x_wconf 86' lang='grc' dir='ltr'><strong>είς</strong></span> <span class='ocrx_word' id='word_1_663' title='bbox 1724 1701 1796 1728; x_wconf 69' lang='grc' dir='ltr'>ἄστυ</span> <span class='ocrx_word' id='word_1_664' title='bbox 1811 1709 1843 1728; x_wconf 80' lang='grc' dir='ltr'><strong>τε</strong></span> 
     </span>
    </p>
   </div>
   <div class='ocr_carea' id='block_1_92' title="bbox 1046 1746 1844 1782">
    <p class='ocr_par' dir='ltr' id='par_1_92' title="bbox 1046 1746 1844 1782">
     <span class='ocr_line' id='line_1_92' title="bbox 1046 1746 1844 1782; baseline -0.001 -8"><span class='ocrx_word' id='word_1_665' title='bbox 1046 1747 1184 1777; x_wconf 77' lang='grc' dir='ltr'>κατιόντα.</span> <span class='ocrx_word' id='word_1_666' title='bbox 1201 1747 1248 1774; x_wconf 73' lang='grc' dir='ltr'>καὶ</span> <span class='ocrx_word' id='word_1_667' title='bbox 1268 1747 1316 1774; x_wconf 80' lang='grc' dir='ltr'>ἀπ’</span> <span class='ocrx_word' id='word_1_668' title='bbox 1333 1746 1429 1778; x_wconf 72' lang='grc' dir='ltr'>ἄστεος</span> <span class='ocrx_word' id='word_1_669' title='bbox 1446 1746 1572 1778; x_wconf 77' lang='grc' dir='ltr'>ἀνιόντα.</span> <span class='ocrx_word' id='word_1_670' title='bbox 1587 1747 1634 1773; x_wconf 83' lang='grc' dir='ltr'>καὶ</span> <span class='ocrx_word' id='word_1_671' title='bbox 1648 1746 1844 1782; x_wconf 73' lang='grc' dir='ltr'>ἐνειλούμενον</span> 
     </span>
    </p>
   </div>
   <div class='ocr_carea' id='block_1_93' title="bbox 1045 1791 1842 1828">
    <p class='ocr_par' dir='ltr' id='par_1_93' title="bbox 1045 1791 1842 1828">
     <span class='ocr_line' id='line_1_93' title="bbox 1045 1791 1842 1828; baseline 0.014 -18"><span class='ocrx_word' id='word_1_672' title='bbox 1045 1794 1101 1825; x_wconf 70' lang='grc' dir='ltr'><strong>τοῖς</strong></span> <span class='ocrx_word' id='word_1_673' title='bbox 1115 1793 1183 1828; x_wconf 77' lang='grc' dir='ltr'>πρδς</span> <span class='ocrx_word' id='word_1_674' title='bbox 1199 1792 1234 1819; x_wconf 77' lang='grc' dir='ltr'><strong>τὰ</strong></span> <span class='ocrx_word' id='word_1_675' title='bbox 1257 1793 1347 1828; x_wconf 83' lang='grc' dir='ltr'>γεώδη</span> <span class='ocrx_word' id='word_1_676' title='bbox 1376 1792 1537 1828; x_wconf 83' lang='grc' dir='ltr'>μεθέλκουσι</span> <span class='ocrx_word' id='word_1_677' title='bbox 1562 1791 1618 1828; x_wconf 55' lang='lat' dir='ltr'><strong>(rp.</strong></span> <span class='ocrx_word' id='word_1_678' title='bbox 1637 1801 1671 1828; x_wconf 87' lang='grc' dir='ltr'><strong>με</strong></span> <span class='ocrx_word' id='word_1_679' title='bbox 1690 1792 1777 1828; x_wconf 46' lang='grc' dir='ltr'>ἓλκᾼ,</span> <span class='ocrx_word' id='word_1_680' title='bbox 1792 1794 1842 1820; x_wconf 71' lang='grc' dir='ltr'><strong>καὶ</strong></span> 
     </span>
    </p>
   </div>
   <div class='ocr_carea' id='block_1_94' title="bbox 1045 1837 1842 1874">
    <p class='ocr_par' dir='ltr' id='par_1_94' title="bbox 1045 1837 1842 1874">
     <span class='ocr_line' id='line_1_94' title="bbox 1045 1837 1842 1874; baseline 0 -9"><span class='ocrx_word' id='word_1_681' title='bbox 1045 1838 1273 1874; x_wconf 70' lang='grc' dir='ltr'>ἐμπιμπλάμενον</span> <span class='ocrx_word' id='word_1_682' title='bbox 1296 1838 1413 1874; x_wconf 83' lang='grc' dir='ltr'>κηλῖδος,</span> <span class='ocrx_word' id='word_1_683' title='bbox 1430 1838 1481 1865; x_wconf 83' lang='grc' dir='ltr'>οὐκ</span> <span class='ocrx_word' id='word_1_684' title='bbox 1501 1837 1534 1864; x_wconf 84' lang='grc' dir='ltr'><strong>ἃν</strong></span> <span class='ocrx_word' id='word_1_685' title='bbox 1549 1838 1621 1864; x_wconf 80' lang='grc' dir='ltr'>εἴποι</span> <span class='ocrx_word' id='word_1_686' title='bbox 1635 1846 1676 1869; x_wconf 85' lang='grc' dir='ltr'><strong>τις</strong></span> <span class='ocrx_word' id='word_1_687' title='bbox 1697 1838 1774 1873; x_wconf 82' lang='grc' dir='ltr'>ὅσης.</span> <span class='ocrx_word' id='word_1_688' title='bbox 1795 1839 1842 1873; x_wconf 76' lang='grc' dir='ltr'><strong>Τῷ</strong></span> 
     </span>
    </p>
   </div>
   <div class='ocr_carea' id='block_1_95' title="bbox 1045 1882 1843 1920">
    <p class='ocr_par' dir='ltr' id='par_1_95' title="bbox 1045 1882 1843 1920">
     <span class='ocr_line' id='line_1_95' title="bbox 1045 1882 1843 1920; baseline -0.001 -9"><span class='ocrx_word' id='word_1_689' title='bbox 1045 1884 1100 1920; x_wconf 79' lang='grc' dir='ltr'><strong>γὰρ</strong></span> <span class='ocrx_word' id='word_1_690' title='bbox 1114 1884 1230 1916; x_wconf 87' lang='grc' dir='ltr'>οίκείους</span> <span class='ocrx_word' id='word_1_691' title='bbox 1247 1882 1318 1911; x_wconf 76' lang='grc' dir='ltr'>εἷναί</span> <span class='ocrx_word' id='word_1_692' title='bbox 1337 1893 1383 1920; x_wconf 86' lang='grc' dir='ltr'><strong>μοι</strong></span> <span class='ocrx_word' id='word_1_693' title='bbox 1396 1884 1444 1911; x_wconf 75' lang='grc' dir='ltr'>καὶ</span> <span class='ocrx_word' id='word_1_694' title='bbox 1454 1883 1539 1911; x_wconf 86' lang='grc' dir='ltr'>πάλαι</span> <span class='ocrx_word' id='word_1_695' title='bbox 1552 1883 1717 1919; x_wconf 79' lang='grc' dir='ltr'>μολυσμοὺς,</span> <span class='ocrx_word' id='word_1_696' title='bbox 1742 1885 1792 1911; x_wconf 69' lang='grc' dir='ltr'><strong>καὶ</strong></span> <span class='ocrx_word' id='word_1_697' title='bbox 1812 1885 1843 1910; x_wconf 73' lang='grc' dir='ltr'><strong>τὺ</strong></span> 
     </span>
    </p>
   </div>
   <div class='ocr_carea' id='block_1_96' title="bbox 1044 1928 1843 1965">
    <p class='ocr_par' dir='ltr' id='par_1_96' title="bbox 1044 1928 1843 1965">
     <span class='ocr_line' id='line_1_96' title="bbox 1044 1928 1843 1965; baseline -0.003 -9"><span class='ocrx_word' id='word_1_698' title='bbox 1044 1929 1126 1965; x_wconf 84' lang='grc' dir='ltr'>τυχδν</span> <span class='ocrx_word' id='word_1_699' title='bbox 1143 1929 1225 1965; x_wconf 73' lang='grc' dir='ltr'>μέρος</span> <span class='ocrx_word' id='word_1_700' title='bbox 1241 1929 1435 1964; x_wconf 78' lang='grc' dir='ltr'>ἐπιγενόμενον</span> <span class='ocrx_word' id='word_1_701' title='bbox 1449 1929 1489 1961; x_wconf 84' lang='grc' dir='ltr'><strong>είς</strong></span> <span class='ocrx_word' id='word_1_702' title='bbox 1505 1928 1664 1964; x_wconf 82' lang='grc' dir='ltr'>προσθήκην</span> <span class='ocrx_word' id='word_1_703' title='bbox 1677 1928 1752 1963; x_wconf 82' lang='grc' dir='ltr'>μέγα</span> <span class='ocrx_word' id='word_1_704' title='bbox 1770 1937 1843 1964; x_wconf 72' lang='grc' dir='ltr'>συμ-</span> 
     </span>
    </p>
   </div>
   <div class='ocr_carea' id='block_1_97' title="bbox 1045 1974 1842 2014">
    <p class='ocr_par' dir='ltr' id='par_1_97' title="bbox 1045 1974 1842 2014">
     <span class='ocr_line' id='line_1_97' title="bbox 1045 1974 1842 2014; baseline 0.001 -13"><span class='ocrx_word' id='word_1_705' title='bbox 1045 1975 1183 2002; x_wconf 77' lang='grc' dir='ltr'>ϐάλλεται.</span> <span class='ocrx_word' id='word_1_706' title='bbox 1204 1975 1299 2010; x_wconf 84' lang='grc' dir='ltr'>Ῥώμη</span> <span class='ocrx_word' id='word_1_707' title='bbox 1323 1974 1349 2001; x_wconf 83' lang='grc' dir='ltr'>δ’</span> <span class='ocrx_word' id='word_1_708' title='bbox 1364 1975 1414 2002; x_wconf 79' lang='grc' dir='ltr'>οὐκ</span> <span class='ocrx_word' id='word_1_709' title='bbox 1432 1974 1491 2001; x_wconf 81' lang='grc' dir='ltr'>ἔστι</span> <span class='ocrx_word' id='word_1_710' title='bbox 1515 1982 1571 2010; x_wconf 82' lang='grc' dir='ltr'>μοι,</span> <span class='ocrx_word' id='word_1_711' title='bbox 1594 1974 1640 2001; x_wconf 80' lang='grc' dir='ltr'>καὶ</span> <span class='ocrx_word' id='word_1_712' title='bbox 1661 1974 1758 2001; x_wconf 75' lang='grc' dir='ltr'>τᾶνδον</span> <span class='ocrx_word' id='word_1_713' title='bbox 1779 1974 1842 2014; x_wconf 60' lang='grc' dir='ltr'><strong>[πρ.</strong></span> 
     </span>
    </p>
   </div>
   <div class='ocr_carea' id='block_1_98' title="bbox 1044 2019 1843 2057">
    <p class='ocr_par' dir='ltr' id='par_1_98' title="bbox 1044 2019 1843 2057">
     <span class='ocr_line' id='line_1_98' title="bbox 1044 2019 1843 2057; baseline -0.003 -9"><span class='ocrx_word' id='word_1_714' title='bbox 1044 2021 1079 2048; x_wconf 80' lang='grc' dir='ltr'><strong>τά</strong></span> <span class='ocrx_word' id='word_1_715' title='bbox 1091 2029 1121 2047; x_wconf 89' lang='grc' dir='ltr'><strong>τε</strong></span> <span class='ocrx_word' id='word_1_716' title='bbox 1135 2020 1221 2057; x_wconf 77' lang='grc' dir='ltr'>ἔνδον]</span> <span class='ocrx_word' id='word_1_717' title='bbox 1238 2021 1289 2055; x_wconf 80' lang='grc' dir='ltr'><strong>οὐχ</strong></span> <span class='ocrx_word' id='word_1_718' title='bbox 1301 2020 1376 2056; x_wconf 82' lang='grc' dir='ltr'>ὑγιῆ,</span> <span class='ocrx_word' id='word_1_719' title='bbox 1392 2019 1440 2047; x_wconf 78' lang='grc' dir='ltr'>καὶ</span> <span class='ocrx_word' id='word_1_720' title='bbox 1453 2019 1522 2056; x_wconf 76' lang='grc' dir='ltr'>πρὸς</span> <span class='ocrx_word' id='word_1_721' title='bbox 1535 2020 1569 2046; x_wconf 78' lang='grc' dir='ltr'>τὸ</span> <span class='ocrx_word' id='word_1_722' title='bbox 1580 2019 1660 2051; x_wconf 72' lang='grc' dir='ltr'>ἐκτὸς</span> <span class='ocrx_word' id='word_1_723' title='bbox 1676 2019 1774 2055; x_wconf 77' lang='grc' dir='ltr'>ἀρκεῖν</span> <span class='ocrx_word' id='word_1_724' title='bbox 1790 2021 1843 2055; x_wconf 67' lang='grc' dir='ltr'><strong>οὐχ</strong></span> 
     </span>
    </p>
   </div>
   <div class='ocr_carea' id='block_1_99' title="bbox 1044 2063 1846 2100">
    <p class='ocr_par' dir='ltr' id='par_1_99' title="bbox 1044 2063 1846 2100">
     <span class='ocr_line' id='line_1_99' title="bbox 1044 2063 1846 2100; baseline -0.001 -8"><span class='ocrx_word' id='word_1_725' title='bbox 1044 2063 1100 2097; x_wconf 73' lang='grc' dir='ltr'>οἷός</span> <span class='ocrx_word' id='word_1_726' title='bbox 1111 2065 1143 2092; x_wconf 80' lang='grc' dir='ltr'><em>τέ</em></span> <span class='ocrx_word' id='word_1_727' title='bbox 1156 2066 1224 2100; x_wconf 85' lang='grc' dir='ltr'>είμι,</span> <span class='ocrx_word' id='word_1_728' title='bbox 1240 2066 1288 2092; x_wconf 63' lang='grc' dir='ltr'><strong>καὶ¹</strong></span> <span class='ocrx_word' id='word_1_729' title='bbox 1310 2064 1408 2092; x_wconf 85' lang='grc' dir='ltr'>πολλοῦ</span> <span class='ocrx_word' id='word_1_730' title='bbox 1423 2064 1476 2092; x_wconf 81' lang='grc' dir='ltr'><strong>δέω</strong></span> <span class='ocrx_word' id='word_1_731' title='bbox 1503 2064 1553 2100; x_wconf 83' lang='grc' dir='ltr'>τὴν</span> <span class='ocrx_word' id='word_1_732' title='bbox 1570 2065 1602 2091; x_wconf 78' lang='grc' dir='ltr'>ὲκ</span> <span class='ocrx_word' id='word_1_733' title='bbox 1615 2064 1663 2091; x_wconf 80' lang='grc' dir='ltr'>τοῦ</span> <span class='ocrx_word' id='word_1_734' title='bbox 1683 2064 1846 2097; x_wconf 81' lang='grc' dir='ltr'>συνειδότος</span> 
     </span>
    </p>
   </div>
   <div class='ocr_carea' id='block_1_100' title="bbox 1045 2109 1843 2146">
    <p class='ocr_par' dir='ltr' id='par_1_100' title="bbox 1045 2109 1843 2146">
     <span class='ocr_line' id='line_1_100' title="bbox 1045 2109 1843 2146; baseline 0.001 -9"><span class='ocrx_word' id='word_1_735' title='bbox 1045 2110 1138 2145; x_wconf 77' lang='grc' dir='ltr'>φέρειν</span> <span class='ocrx_word' id='word_1_736' title='bbox 1151 2110 1238 2137; x_wconf 88' lang='grc' dir='ltr'>ἀνίαν.</span> <span class='ocrx_word' id='word_1_737' title='bbox 1251 2110 1307 2138; x_wconf 78' lang='grc' dir='ltr'><strong>Καὶ</strong></span> <span class='ocrx_word' id='word_1_738' title='bbox 1326 2110 1422 2142; x_wconf 86' lang='grc' dir='ltr'>όσάκις</span> <span class='ocrx_word' id='word_1_739' title='bbox 1438 2110 1470 2137; x_wconf 73' lang='grc' dir='ltr'>ἄν</span> <span class='ocrx_word' id='word_1_740' title='bbox 1486 2110 1519 2146; x_wconf 79' lang='grc' dir='ltr'>μέ</span> <span class='ocrx_word' id='word_1_741' title='bbox 1534 2118 1576 2142; x_wconf 79' lang='grc' dir='ltr'><strong>τις</strong></span> <span class='ocrx_word' id='word_1_742' title='bbox 1593 2109 1681 2146; x_wconf 74' lang='grc' dir='ltr'>ἔροιτο</span> <span class='ocrx_word' id='word_1_743' title='bbox 1697 2109 1756 2145; x_wconf 61' lang='grc' dir='ltr'><strong>[τῃ.</strong></span> <span class='ocrx_word' id='word_1_744' title='bbox 1776 2111 1843 2146; x_wconf 70' lang='grc' dir='ltr'>ἐρη-</span> 
     </span>
    </p>
   </div>
   <div class='ocr_carea' id='block_1_101' title="bbox 1045 2155 1844 2192">
    <p class='ocr_par' dir='ltr' id='par_1_101' title="bbox 1045 2155 1844 2192">
     <span class='ocr_line' id='line_1_101' title="bbox 1045 2155 1844 2192; baseline 0.001 -10"><span class='ocrx_word' id='word_1_745' title='bbox 1045 2155 1113 2192; x_wconf 63' lang='lat' dir='ltr'><strong>tat],</strong></span> <span class='ocrx_word' id='word_1_746' title='bbox 1123 2155 1212 2190; x_wconf 81' lang='grc' dir='ltr'>λέγειν</span> <span class='ocrx_word' id='word_1_747' title='bbox 1230 2156 1379 2192; x_wconf 71' lang='grc' dir='ltr'>διαρρήδην</span> <span class='ocrx_word' id='word_1_748' title='bbox 1401 2155 1452 2182; x_wconf 83' lang='grc' dir='ltr'>οὐκ</span> <span class='ocrx_word' id='word_1_749' title='bbox 1463 2155 1625 2191; x_wconf 69' lang='grc' dir='ltr'>ἀναδὲομαι,</span> <span class='ocrx_word' id='word_1_750' title='bbox 1644 2155 1683 2187; x_wconf 80' lang='grc' dir='ltr'><strong>ὡς</strong></span> <span class='ocrx_word' id='word_1_751' title='bbox 1694 2156 1743 2182; x_wconf 80' lang='grc' dir='ltr'><strong>τὸν</strong></span> <span class='ocrx_word' id='word_1_752' title='bbox 1763 2156 1844 2191; x_wconf 74' lang='grc' dir='ltr'>ἱερέα</span> 
     </span>
    </p>
   </div>
   <div class='ocr_carea' id='block_1_102' title="bbox 1045 2198 1843 2236">
    <p class='ocr_par' dir='ltr' id='par_1_102' title="bbox 1045 2198 1843 2236">
     <span class='ocr_line' id='line_1_102' title="bbox 1045 2198 1843 2236; baseline 0 -9"><span class='ocrx_word' id='word_1_753' title='bbox 1045 2200 1090 2227; x_wconf 83' lang='grc' dir='ltr'><strong>διὰ</strong></span> <span class='ocrx_word' id='word_1_754' title='bbox 1104 2200 1223 2228; x_wconf 83' lang='grc' dir='ltr'>πάντων.</span> <span class='ocrx_word' id='word_1_755' title='bbox 1250 2201 1429 2236; x_wconf 83' lang='grc' dir='ltr'>Ἀκηλίδωτον</span> <span class='ocrx_word' id='word_1_756' title='bbox 1446 2198 1515 2226; x_wconf 67' lang='grc' dir='ltr'>εἶναι</span> <span class='ocrx_word' id='word_1_757' title='bbox 1538 2201 1672 2236; x_wconf 77' lang='grc' dir='ltr'>προσήκει</span> <span class='ocrx_word' id='word_1_758' title='bbox 1689 2200 1786 2236; x_wconf 77' lang='grc' dir='ltr'>πολλῷ</span> <span class='ocrx_word' id='word_1_759' title='bbox 1802 2201 1843 2236; x_wconf 76' lang='grc' dir='ltr'><strong>τῷ</strong></span> 
     </span>
    </p>
   </div>
   <div class='ocr_carea' id='block_1_103' title="bbox 1047 2245 1841 2281">
    <p class='ocr_par' dir='ltr' id='par_1_103' title="bbox 1047 2245 1841 2281">
     <span class='ocr_line' id='line_1_103' title="bbox 1047 2245 1841 2281; baseline 0.003 -9"><span class='ocrx_word' id='word_1_760' title='bbox 1047 2245 1178 2281; x_wconf 81' lang='grc' dir='ltr'>περιόντι,</span> <span class='ocrx_word' id='word_1_761' title='bbox 1192 2245 1229 2278; x_wconf 85' lang='grc' dir='ltr'>ὥς</span> <span class='ocrx_word' id='word_1_762' title='bbox 1242 2246 1289 2272; x_wconf 75' lang='grc' dir='ltr'>καὶ</span> <span class='ocrx_word' id='word_1_763' title='bbox 1300 2246 1410 2281; x_wconf 81' lang='grc' dir='ltr'>ἑτέρους</span> <span class='ocrx_word' id='word_1_764' title='bbox 1419 2245 1474 2272; x_wconf 78' lang='grc' dir='ltr'><strong>τῶν</strong></span> <span class='ocrx_word' id='word_1_765' title='bbox 1485 2245 1646 2281; x_wconf 83' lang='grc' dir='ltr'>μιασμάτων</span> <span class='ocrx_word' id='word_1_766' title='bbox 1655 2245 1841 2274; x_wconf 79' lang='grc' dir='ltr'>ὲκπλύνοντα.</span> 
     </span>
    </p>
   </div>
   <div class='ocr_carea' id='block_1_104' title="bbox 1046 2291 1843 2328">
    <p class='ocr_par' dir='ltr' id='par_1_104' title="bbox 1046 2291 1843 2328">
     <span class='ocr_line' id='line_1_104' title="bbox 1046 2291 1843 2328; baseline 0.001 -10"><span class='ocrx_word' id='word_1_767' title='bbox 1046 2291 1162 2319; x_wconf 82' lang='grc' dir='ltr'>Κάκεῖνο</span> <span class='ocrx_word' id='word_1_768' title='bbox 1176 2291 1217 2318; x_wconf 86' lang='grc' dir='ltr'>δεῖ</span> <span class='ocrx_word' id='word_1_769' title='bbox 1230 2293 1370 2327; x_wconf 84' lang='grc' dir='ltr'>προσεῖναι</span> <span class='ocrx_word' id='word_1_770' title='bbox 1388 2293 1445 2324; x_wconf 82' lang='grc' dir='ltr'>τοῖς</span> <span class='ocrx_word' id='word_1_771' title='bbox 1462 2292 1533 2327; x_wconf 82' lang='grc' dir='ltr'>-πρδς</span> <span class='ocrx_word' id='word_1_772' title='bbox 1556 2291 1602 2319; x_wconf 72' lang='grc' dir='ltr'>τὸν</span> <span class='ocrx_word' id='word_1_773' title='bbox 1616 2291 1732 2326; x_wconf 78' lang='grc' dir='ltr'>ἀδελφὸν</span> <span class='ocrx_word' id='word_1_774' title='bbox 1744 2293 1843 2328; x_wconf 80' lang='grc' dir='ltr'>γράμ-</span> 
     </span>
    </p>
   </div>
   <div class='ocr_carea' id='block_1_105' title="bbox 1047 2335 1840 2371">
    <p class='ocr_par' dir='ltr' id='par_1_105' title="bbox 1047 2335 1840 2371">
     <span class='ocr_line' id='line_1_105' title="bbox 1047 2335 1840 2371; baseline 0 -8"><span class='ocrx_word' id='word_1_775' title='bbox 1047 2344 1124 2371; x_wconf 87' lang='grc' dir='ltr'>μασι.</span> <span class='ocrx_word' id='word_1_776' title='bbox 1139 2335 1250 2368; x_wconf 80' lang='grc' dir='ltr'>Πάντως</span> <span class='ocrx_word' id='word_1_777' title='bbox 1261 2336 1290 2362; x_wconf 82' lang='grc' dir='ltr'>δὲ</span> <span class='ocrx_word' id='word_1_778' title='bbox 1303 2335 1507 2370; x_wconf 79' lang='grc' dir='ltr'>ἀνατνώσονταε</span> <span class='ocrx_word' id='word_1_779' title='bbox 1518 2335 1664 2371; x_wconf 75' lang='grc' dir='ltr'>συχνοὶτὴν</span> <span class='ocrx_word' id='word_1_780' title='bbox 1677 2335 1840 2371; x_wconf 67' lang='grc' dir='ltr'>ἐπιστολήν.</span> 
     </span>
    </p>
   </div>
   <div class='ocr_carea' id='block_1_106' title="bbox 1045 2380 1841 2416">
    <p class='ocr_par' dir='ltr' id='par_1_106' title="bbox 1045 2380 1841 2416">
     <span class='ocr_line' id='line_1_106' title="bbox 1045 2380 1841 2416; baseline 0.001 -9"><span class='ocrx_word' id='word_1_781' title='bbox 1045 2381 1100 2408; x_wconf 78' lang='grc' dir='ltr'><strong>Καὶ</strong></span> <span class='ocrx_word' id='word_1_782' title='bbox 1114 2380 1169 2416; x_wconf 88' lang='grc' dir='ltr'><strong>γὰρ</strong></span> <span class='ocrx_word' id='word_1_783' title='bbox 1185 2380 1235 2416; x_wconf 80' lang='grc' dir='ltr'><strong>οὐχ</strong></span> <span class='ocrx_word' id='word_1_784' title='bbox 1246 2381 1347 2416; x_wconf 79' lang='grc' dir='ltr'>ἥκιστα</span> <span class='ocrx_word' id='word_1_785' title='bbox 1354 2380 1449 2408; x_wconf 83' lang='grc' dir='ltr'>τούτου</span> <span class='ocrx_word' id='word_1_786' title='bbox 1460 2380 1540 2416; x_wconf 80' lang='grc' dir='ltr'>χάριν</span> <span class='ocrx_word' id='word_1_787' title='bbox 1548 2380 1632 2416; x_wconf 78' lang='grc' dir='ltr'>αὐτὴν</span> <span class='ocrx_word' id='word_1_788' title='bbox 1645 2380 1841 2416; x_wconf 70' lang='grc' dir='ltr'>ὑπηγόρευσα,</span> 
     </span>
    </p>
   </div>
   <div class='ocr_carea' id='block_1_107' title="bbox 1043 2424 1843 2462">
    <p class='ocr_par' dir='ltr' id='par_1_107' title="bbox 1043 2424 1843 2462">
     <span class='ocr_line' id='line_1_107' title="bbox 1043 2424 1843 2462; baseline 0.001 -10"><span class='ocrx_word' id='word_1_789' title='bbox 1043 2425 1091 2453; x_wconf 86' lang='grc' dir='ltr'>τοῦ</span> <span class='ocrx_word' id='word_1_790' title='bbox 1107 2427 1175 2453; x_wconf 77' lang='grc' dir='ltr'>πᾶσι</span> <span class='ocrx_word' id='word_1_791' title='bbox 1187 2426 1343 2460; x_wconf 79' lang='grc' dir='ltr'>καταφανὲς</span> <span class='ocrx_word' id='word_1_792' title='bbox 1365 2424 1435 2453; x_wconf 75' lang='grc' dir='ltr'>εἶναι</span> <span class='ocrx_word' id='word_1_793' title='bbox 1453 2425 1521 2462; x_wconf 69' lang='grc'>(47),</span> <span class='ocrx_word' id='word_1_794' title='bbox 1538 2425 1569 2452; x_wconf 80' lang='grc' dir='ltr'><strong>τὸ</strong></span> <span class='ocrx_word' id='word_1_795' title='bbox 1585 2427 1704 2461; x_wconf 77' lang='grc' dir='ltr'>πρᾶγμα</span> <span class='ocrx_word' id='word_1_796' title='bbox 1721 2426 1819 2458; x_wconf 79' lang='grc' dir='ltr'>δεδιώς</span> <span class='ocrx_word' id='word_1_797' title='bbox 1831 2433 1843 2442; x_wconf 87' lang='grc'><strong>·</strong></span> 
     </span>
    </p>
   </div>
   <div class='ocr_carea' id='block_1_108' title="bbox 1043 2471 1841 2507">
    <p class='ocr_par' dir='ltr' id='par_1_108' title="bbox 1043 2471 1841 2507">
     <span class='ocr_line' id='line_1_108' title="bbox 1043 2471 1841 2507; baseline 0 -9"><span class='ocrx_word' id='word_1_798' title='bbox 1043 2471 1082 2503; x_wconf 85' lang='grc' dir='ltr'><strong>ὡς</strong></span> <span class='ocrx_word' id='word_1_799' title='bbox 1097 2471 1111 2498; x_wconf 84' lang='grc' dir='ltr'><strong>ὃ</strong></span> <span class='ocrx_word' id='word_1_800' title='bbox 1128 2480 1156 2498; x_wconf 87' lang='grc' dir='ltr'><strong>τι</strong></span> <span class='ocrx_word' id='word_1_801' title='bbox 1173 2471 1206 2498; x_wconf 78' lang='grc' dir='ltr'>ἂν</span> <span class='ocrx_word' id='word_1_802' title='bbox 1221 2471 1322 2507; x_wconf 75' lang='grc' dir='ltr'>ἀποϐῇ,</span> <span class='ocrx_word' id='word_1_803' title='bbox 1334 2472 1381 2498; x_wconf 77' lang='grc' dir='ltr'>καὶ</span> <span class='ocrx_word' id='word_1_804' title='bbox 1395 2471 1464 2506; x_wconf 75' lang='grc' dir='ltr'>πρὸς</span> <span class='ocrx_word' id='word_1_805' title='bbox 1480 2471 1560 2504; x_wconf 82' lang='grc' dir='ltr'>Θεοῦ,</span> <span class='ocrx_word' id='word_1_806' title='bbox 1576 2472 1624 2498; x_wconf 78' lang='grc' dir='ltr'>καὶ</span> <span class='ocrx_word' id='word_1_807' title='bbox 1642 2472 1712 2507; x_wconf 78' lang='grc' dir='ltr'>πρὸς</span> <span class='ocrx_word' id='word_1_808' title='bbox 1727 2472 1841 2507; x_wconf 77' lang='grc' dir='ltr'>ἀνθρώ-</span> 
     </span>
    </p>
   </div>
   <div class='ocr_carea' id='block_1_109' title="bbox 1043 2514 1842 2553">
    <p class='ocr_par' dir='ltr' id='par_1_109' title="bbox 1043 2514 1842 2553">
     <span class='ocr_line' id='line_1_109' title="bbox 1043 2514 1842 2553; baseline 0 -10"><span class='ocrx_word' id='word_1_809' title='bbox 1043 2525 1103 2543; x_wconf 86' lang='grc' dir='ltr'><strong>πων</strong></span> <span class='ocrx_word' id='word_1_810' title='bbox 1129 2516 1250 2549; x_wconf 77' lang='grc' dir='ltr'>ἀναίτιος</span> <span class='ocrx_word' id='word_1_811' title='bbox 1277 2514 1311 2550; x_wconf 82' lang='grc' dir='ltr'>ὦ,</span> <span class='ocrx_word' id='word_1_812' title='bbox 1336 2517 1385 2544; x_wconf 82' lang='grc' dir='ltr'>καὶ</span> <span class='ocrx_word' id='word_1_813' title='bbox 1398 2517 1557 2552; x_wconf 79' lang='grc' dir='ltr'>οὑχῆκιστα</span> <span class='ocrx_word' id='word_1_814' title='bbox 1575 2516 1642 2552; x_wconf 79' lang='grc' dir='ltr'>πρὸς</span> <span class='ocrx_word' id='word_1_815' title='bbox 1658 2516 1706 2543; x_wconf 79' lang='grc' dir='ltr'>τοῦ</span> <span class='ocrx_word' id='word_1_816' title='bbox 1733 2518 1842 2553; x_wconf 71' lang='grc' dir='ltr'>πατρὸς</span> 
     </span>
    </p>
   </div>
   <div class='ocr_carea' id='block_1_110' title="bbox 1042 2561 1841 2599">
    <p class='ocr_par' dir='ltr' id='par_1_110' title="bbox 1042 2561 1841 2599">
     <span class='ocr_line' id='line_1_110' title="bbox 1042 2561 1841 2599; baseline 0.001 -11"><span class='ocrx_word' id='word_1_817' title='bbox 1042 2561 1183 2597; x_wconf 79' lang='grc' dir='ltr'>Θεοφίλου.</span> <span class='ocrx_word' id='word_1_818' title='bbox 1200 2562 1291 2594; x_wconf 77' lang='grc' dir='ltr'>Τιθεὶς</span> <span class='ocrx_word' id='word_1_819' title='bbox 1309 2562 1363 2599; x_wconf 84' lang='grc' dir='ltr'><strong>γὰρ</strong></span> <span class='ocrx_word' id='word_1_820' title='bbox 1389 2563 1417 2590; x_wconf 81' lang='grc' dir='ltr'>ὲν</span> <span class='ocrx_word' id='word_1_821' title='bbox 1442 2562 1518 2598; x_wconf 78' lang='grc' dir='ltr'>μέσῳ</span> <span class='ocrx_word' id='word_1_822' title='bbox 1531 2562 1617 2598; x_wconf 80' lang='grc' dir='ltr'>τάμὰ,</span> <span class='ocrx_word' id='word_1_823' title='bbox 1640 2562 1689 2589; x_wconf 74' lang='grc' dir='ltr'>καὶ</span> <span class='ocrx_word' id='word_1_824' title='bbox 1702 2562 1794 2595; x_wconf 77' lang='grc' dir='ltr'>διδοὺς</span> <span class='ocrx_word' id='word_1_825' title='bbox 1811 2563 1841 2596; x_wconf 71' lang='grc' dir='ltr'><strong>ἐξ</strong></span> 
     </span>
    </p>
   </div>
   <div class='ocr_carea' id='block_1_111' title="bbox 802 2646 1187 2677">
    <p class='ocr_par' dir='ltr' id='par_1_111' title="bbox 802 2646 1187 2677">
     <span class='ocr_line' id='line_1_111' title="bbox 802 2646 1187 2677; baseline 0.005 -3"><span class='ocrx_word' id='word_1_826' title='bbox 802 2646 894 2675; x_wconf 72' lang='lat' dir='ltr'><strong>DION.</strong></span> <span class='ocrx_word' id='word_1_827' title='bbox 914 2646 1052 2677; x_wconf 81' lang='lat' dir='ltr'><strong>PETAVII</strong></span> <span class='ocrx_word' id='word_1_828' title='bbox 1069 2647 1187 2677; x_wconf 73' lang='lat' dir='ltr'><strong>NOT/E.</strong></span> 
     </span>
    </p>
   </div>
   <div class='ocr_carea' id='block_1_112' title="bbox 239 2723 990 2759">
    <p class='ocr_par' dir='ltr' id='par_1_112' title="bbox 239 2723 990 2759">
     <span class='ocr_line' id='line_1_112' title="bbox 239 2723 990 2759; baseline 0 -9"><span class='ocrx_word' id='word_1_829' title='bbox 239 2724 366 2759; x_wconf 19' lang='lat'><strong>(186)71‘61</strong></span> <span class='ocrx_word' id='word_1_830' title='bbox 382 2725 408 2751; x_wconf 81' lang='grc' dir='ltr'>δ’</span> <span class='ocrx_word' id='word_1_831' title='bbox 423 2725 501 2759; x_wconf 61' lang='lat' dir='ltr'><strong>lapsa</strong></span> <span class='ocrx_word' id='word_1_832' title='bbox 515 2724 610 2758; x_wconf 77' lang='grc' dir='ltr'>ἄνδρα</span> <span class='ocrx_word' id='word_1_833' title='bbox 623 2724 677 2751; x_wconf 79' lang='grc' dir='ltr'>δεῖ.</span> <span class='ocrx_word' id='word_1_834' title='bbox 689 2723 787 2752; x_wconf 87' lang='lat' dir='ltr'><strong>Isidor.</strong></span> <span class='ocrx_word' id='word_1_835' title='bbox 804 2723 896 2752; x_wconf 86' lang='lat' dir='ltr'><strong>Pelus.</strong></span> <span class='ocrx_word' id='word_1_836' title='bbox 909 2723 956 2751; x_wconf 91' lang='lat' dir='ltr'><strong>lib.</strong></span> <span class='ocrx_word' id='word_1_837' title='bbox 970 2731 990 2757; x_wconf 87' lang='grc' dir='ltr'><strong>ι,</strong></span> 
     </span>
    </p>
   </div>
   <div class='ocr_carea' id='block_1_113' title="bbox 203 2758 991 2793">
    <p class='ocr_par' dir='ltr' id='par_1_113' title="bbox 203 2758 991 2793">
     <span class='ocr_line' id='line_1_113' title="bbox 203 2758 991 2793; baseline 0.001 -10"><span class='ocrx_word' id='word_1_838' title='bbox 203 2765 247 2793; x_wconf 79' lang='lat' dir='ltr'><strong>ep.</strong></span> <span class='ocrx_word' id='word_1_839' title='bbox 264 2758 315 2793; x_wconf 65' lang='grc'><strong>519</strong></span> <span class='ocrx_word' id='word_1_840' title='bbox 333 2768 339 2785; x_wconf 91' lang='lat'>:</span> <span class='ocrx_word' id='word_1_841' title='bbox 361 2759 392 2785; x_wconf 73' lang='lat' dir='ltr'><strong>Et</strong></span> <span class='ocrx_word' id='word_1_842' title='bbox 406 2758 490 2792; x_wconf 83' lang='grc' dir='ltr'>τύπος</span> <span class='ocrx_word' id='word_1_843' title='bbox 505 2759 594 2793; x_wconf 75' lang='grc' dir='ltr'>ἱερεὺς</span> <span class='ocrx_word' id='word_1_844' title='bbox 604 2758 651 2785; x_wconf 81' lang='grc' dir='ltr'><strong>τοῦ</strong></span> <span class='ocrx_word' id='word_1_845' title='bbox 664 2759 800 2793; x_wconf 87' lang='grc' dir='ltr'>ποιμνίου,</span> <span class='ocrx_word' id='word_1_846' title='bbox 813 2759 861 2785; x_wconf 74' lang='grc' dir='ltr'>καὶ</span> <span class='ocrx_word' id='word_1_847' title='bbox 873 2759 931 2793; x_wconf 83' lang='grc' dir='ltr'>φῶς</span> <span class='ocrx_word' id='word_1_848' title='bbox 942 2759 991 2793; x_wconf 85' lang='grc' dir='ltr'>τῆς</span> 
     </span>
    </p>
   </div>
   <div class='ocr_carea' id='block_1_114' title="bbox 209 2792 993 2829">
    <p class='ocr_par' dir='ltr' id='par_1_114' title="bbox 209 2792 993 2829">
     <span class='ocr_line' id='line_1_114' title="bbox 209 2792 993 2829; baseline 0.003 -12"><span class='ocrx_word' id='word_1_849' title='bbox 209 2792 370 2829; x_wconf 70' lang='grc' dir='ltr'>Ἐκκλησίας</span> <span class='ocrx_word' id='word_1_850' title='bbox 383 2792 733 2829; x_wconf 23' lang='grc' dir='ltr'>ὠνομάσθηζλκαὶὺπάρχει,</span> <span class='ocrx_word' id='word_1_851' title='bbox 743 2793 850 2829; x_wconf 77' lang='grc' dir='ltr'>ἀνάγκη</span> <span class='ocrx_word' id='word_1_852' title='bbox 862 2792 919 2824; x_wconf 82' lang='grc' dir='ltr'>τοῖς</span> <span class='ocrx_word' id='word_1_853' title='bbox 931 2792 993 2828; x_wconf 78' lang='grc' dir='ltr'>ἠθε-</span> 
     </span>
    </p>
   </div>
   <div class='ocr_carea' id='block_1_115' title="bbox 205 2826 990 2863">
    <p class='ocr_par' dir='ltr' id='par_1_115' title="bbox 205 2826 990 2863">
     <span class='ocr_line' id='line_1_115' title="bbox 205 2826 990 2863; baseline 0.004 -12"><span class='ocrx_word' id='word_1_854' title='bbox 205 2834 246 2851; x_wconf 89' lang='grc' dir='ltr'><strong>σιν</strong></span> <span class='ocrx_word' id='word_1_855' title='bbox 257 2826 621 2863; x_wconf 50' lang='grc' dir='ltr'>αὑτῄσυνεκτυποῦσθᾳιτὺ</span> <span class='ocrx_word' id='word_1_856' title='bbox 636 2826 771 2863; x_wconf 64' lang='grc' dir='ltr'>ὑπήκοον,</span> <span class='ocrx_word' id='word_1_857' title='bbox 787 2828 826 2858; x_wconf 84' lang='grc' dir='ltr'>ὡς</span> <span class='ocrx_word' id='word_1_858' title='bbox 842 2826 990 2863; x_wconf 71' lang='grc' dir='ltr'>σημάντρῳ</span> 
     </span>
    </p>
   </div>
   <div class='ocr_carea' id='block_1_116' title="bbox 203 2860 985 2898">
    <p class='ocr_par' dir='ltr' id='par_1_116' title="bbox 203 2860 985 2898">
     <span class='ocr_line' id='line_1_116' title="bbox 203 2860 985 2898; baseline 0.001 -10"><span class='ocrx_word' id='word_1_859' title='bbox 203 2860 298 2895; x_wconf 73' lang='grc' dir='ltr'>κηρόν.</span> <span class='ocrx_word' id='word_1_860' title='bbox 312 2861 344 2889; x_wconf 75' lang='grc' dir='ltr'><strong>Εἰ</strong></span> <span class='ocrx_word' id='word_1_861' title='bbox 358 2862 448 2889; x_wconf 79' lang='grc' dir='ltr'>τοίνυν</span> <span class='ocrx_word' id='word_1_862' title='bbox 467 2863 525 2897; x_wconf 84' lang='grc' dir='ltr'><strong>φῶς</strong></span> <span class='ocrx_word' id='word_1_863' title='bbox 539 2860 608 2890; x_wconf 73' lang='grc' dir='ltr'>εἶναι</span> <span class='ocrx_word' id='word_1_864' title='bbox 623 2860 722 2897; x_wconf 79' lang='grc' dir='ltr'>βούλει,</span> <span class='ocrx_word' id='word_1_865' title='bbox 735 2862 808 2896; x_wconf 82' lang='grc' dir='ltr'>μίσει</span> <span class='ocrx_word' id='word_1_866' title='bbox 821 2860 873 2898; x_wconf 78' lang='grc' dir='ltr'>τὴν</span> <span class='ocrx_word' id='word_1_867' title='bbox 880 2860 985 2897; x_wconf 62' lang='grc' dir='ltr'>ἐὑτραξ</span> 
     </span>
    </p>
   </div>
   <div class='ocr_carea' id='block_1_117' title="bbox 1045 2725 1642 2762">
    <p class='ocr_par' dir='ltr' id='par_1_117' title="bbox 1045 2725 1642 2762">
     <span class='ocr_line' id='line_1_117' title="bbox 1045 2725 1642 2762; baseline 0.003 -11"><span class='ocrx_word' id='word_1_868' title='bbox 1045 2725 1150 2762; x_wconf 66' lang='grc' dir='ltr'>πελίαν,</span> <span class='ocrx_word' id='word_1_869' title='bbox 1167 2725 1214 2762; x_wconf 60' lang='grc' dir='ltr'><strong>καὶ</strong></span> <span class='ocrx_word' id='word_1_870' title='bbox 1226 2725 1275 2762; x_wconf 79' lang='grc' dir='ltr'>τὴν</span> <span class='ocrx_word' id='word_1_871' title='bbox 1290 2726 1441 2762; x_wconf 82' lang='grc' dir='ltr'>περιφορὰν</span> <span class='ocrx_word' id='word_1_872' title='bbox 1454 2726 1501 2753; x_wconf 81' lang='grc' dir='ltr'>τοῦ</span> <span class='ocrx_word' id='word_1_873' title='bbox 1514 2726 1642 2762; x_wconf 50' lang='grc' dir='ltr'><strong>⁸ίέλωτιζς.</strong></span> 
     </span>
    </p>
   </div>
   <div class='ocr_carea' id='block_1_118' title="bbox 1080 2759 1838 2796">
    <p class='ocr_par' dir='ltr' id='par_1_118' title="bbox 1080 2759 1838 2796">
     <span class='ocr_line' id='line_1_118' title="bbox 1080 2759 1838 2796; baseline 0.003 -10"><span class='ocrx_word' id='word_1_874' title='bbox 1080 2760 1138 2795; x_wconf 79' lang='lat'><strong>(47)</strong></span> <span class='ocrx_word' id='word_1_875' title='bbox 1159 2761 1216 2788; x_wconf 68' lang='lat' dir='ltr'><strong>T017</strong></span> <span class='ocrx_word' id='word_1_876' title='bbox 1234 2759 1309 2789; x_wconf 79' lang='grc' dir='ltr'>π’ᾶσι</span> <span class='ocrx_word' id='word_1_877' title='bbox 1326 2759 1496 2796; x_wconf 59' lang='grc' dir='ltr'>καταφανὲς</span> <span class='ocrx_word' id='word_1_878' title='bbox 1509 2759 1596 2788; x_wconf 68' lang='grc' dir='ltr'>εἶναι.</span> <span class='ocrx_word' id='word_1_879' title='bbox 1611 2759 1695 2788; x_wconf 77' lang='lat' dir='ltr'><strong>Forte</strong></span> <span class='ocrx_word' id='word_1_880' title='bbox 1708 2769 1838 2796; x_wconf 73' lang='grc' dir='ltr'>καταφα-</span> 
     </span>
    </p>
   </div>
   <div class='ocr_carea' id='block_1_119' title="bbox 1044 2795 1840 2859">
    <p class='ocr_par' dir='ltr' id='par_1_119' title="bbox 1044 2795 1840 2859">
     <span class='ocr_line' id='line_1_119' title="bbox 1044 2795 1840 2859; baseline 0.003 -36"><span class='ocrx_word' id='word_1_881' title='bbox 1044 2795 1149 2859; x_wconf 51' lang='grc' dir='ltr'>ἔέιὲἰθυι</span> <span class='ocrx_word' id='word_1_882' title='bbox 1165 2803 1260 2825; x_wconf 86' lang='lat' dir='ltr'><strong>omnes</strong></span> <span class='ocrx_word' id='word_1_883' title='bbox 1279 2795 1448 2833; x_wconf 72' lang='lat' dir='ltr'><strong>intelligant,</strong></span> <span class='ocrx_word' id='word_1_884' title='bbox 1463 2803 1508 2838; x_wconf 79' lang='lat' dir='ltr'><strong>me</strong></span> <span class='ocrx_word' id='word_1_885' title='bbox 1521 2800 1581 2824; x_wconf 84' lang='lat' dir='ltr'><strong>rem</strong></span> <span class='ocrx_word' id='word_1_886' title='bbox 1595 2795 1670 2824; x_wconf 80' lang='lat' dir='ltr'><strong>illam</strong></span> <span class='ocrx_word' id='word_1_887' title='bbox 1686 2795 1840 2831; x_wconf 74' lang='lat' dir='ltr'><strong>perhorre-</strong></span> 
     </span>
    </p>
   </div>
  </div>
