1955 3063
117 187 195 216 1889
653 199 656 200 ν
694 181 887 212 EPISTOLAE.
901 196 935 201 —
955 180 1066 208 EPIST.
1088 179 1178 208 CVIII.
1689 176 1758 205 M90

115 244 269 272 admodum
283 245 368 279 probe
382 244 475 272 omuia
490 245 565 273 norit
580 244 727 280 perspicue
744 241 813 270 mihi
828 240 1001 277 significans,
1019 240 1056 267 ita
1080 239 1113 267 de
1129 239 1233 274 nicipso
1252 242 1368 266 statuat.
1402 239 1456 266 Aut
1472 239 1546 266 enim
1573 244 1633 264 meo
1655 244 1698 264 me
1731 236 1757 263 in

120 292 183 319 vitae
216 297 291 320 statu
320 293 487 327 persistere,
514 300 549 320 ac
580 299 689 320 mecum
718 289 910 326 philosophari
931 288 1090 323 permittet;
1116 287 1275 321 autjudicii
1305 286 1339 314 de
1361 294 1403 314 me
1424 292 1519 322 posma
1543 285 1658 317 ferendi,
1691 283 1771 315 mei:

114 345 173 372 que
195 338 230 365 ab
253 338 403 373 episcopali
427 339 527 367 ordine
557 337 712 373 deponendi
745 338 836 364 locum
862 334 916 364 sibi
935 334 1042 374 nullum
1066 334 1213 368 relinquet.
1231 332 1299 360 Cum
1321 333 1364 360 his
1381 332 1434 360 alia
1458 332 1552 359 omnia
1588 330 1705 359 consilia
1734 329 1757 357 si

119 389 322 419 comparentur,
352 393 431 421 nugae
456 389 521 413 sunt
540 392 634 412 mene.
657 383 808 411 Veritatem
833 381 908 410 cnim
928 381 988 409 seio
1023 380 1077 408 Deo
1099 379 1235 414 imprimis
1256 383 1395 414 acceptam
1410 386 1481 406 esse.
1505 378 1543 404 Ae
1575 384 1624 412 per
1646 383 1758 404 sacrum

118 435 202 463 caput
217 433 292 456 tuum
309 419 447 464 juro,vet,
472 430 545 465 quod
561 437 595 458 eo
610 429 675 456 mihi
699 428 842 462 antiquius
876 430 929 458 est,
950 433 1000 461 per
1020 425 1144 452 veritatis
1177 424 1320 459 prmsidem
1347 424 1442 454 Deum,
1466 423 1579 450 moleste
1595 421 1621 448 id
1647 419 1756 454 quidem
1774 443 1784 460 J

114 475 186 502 fero.
208 475 261 508 Qui
280 477 354 504 enim
376 484 433 504 non
450 464 575 510 debeam,
595 483 657 502 cum
680 483 724 502 me
748 475 784 502 ab
817 481 873 501 uno
897 472 931 500 ad
951 471 1025 499 aliud
1046 472 1107 499 vita:
1133 478 1221 506 genus
1246 471 1401 505 demigrare
1430 475 1543 495 necesse
1557 467 1612 495 sit?
1647 465 1701 493 Sed
1733 464 1755 491 si

112 525 294 555 posteaquam
325 520 377 549 ista
407 521 554 549 manifesta
579 519 699 552 fuerint.
730 527 792 554 qua:
821 517 907 545 celari
927 517 1040 544 minime
1057 516 1131 550 volo,
1160 516 1187 544 in
1204 517 1395 551 episcoporum
1419 521 1563 541 numerum
1593 520 1643 540 nos
1669 511 1756 539 ascri-

116 566 172 598 bat,
192 565 235 593 cui
252 566 313 601 ejus
326 571 450 602 potestas
464 575 478 594 a
494 566 550 594 Deo
566 566 718 594 commissa
735 570 778 593 est
798 573 806 593 :
823 565 919 592 cedam
940 562 1118 594 necessitati,
1146 570 1178 589 ac
1205 566 1336 597 tanquam
1363 561 1499 600 divinitus
1531 559 1649 586 oblatam
1670 563 1755 585 tesse-

117 618 175 637 ram
195 612 337 647 accipiam.
355 612 395 640 Ita
407 613 480 640 enim
498 613 569 648 apud
581 620 624 640 me
639 612 769 640 existimo
783 620 790 638 :
806 611 829 638 si
862 609 928 645 quid
965 608 1031 636 mihi
1055 613 1102 635 aut
1126 608 1275 643 imperator
1299 598 1450 642 praecipiat,
1473 609 1521 633 aut
1546 604 1640 632 infelix
1659 604 1753 631 nescio

114 657 179 691 quis
194 659 370 693 Augustalis,
387 667 484 694 poenas
501 660 596 695 utique
609 660 682 691 dem,
700 659 755 687 nisi
769 657 909 686 mandatis
926 656 1126 691 obtemperem.
1141 656 1195 683 Deo
1209 660 1300 683 autem
1317 658 1416 690 sponte
1439 651 1684 688 obtemperandum
1701 655 1751 678 est.

110 704 193 736 Quod
209 705 232 732 si
248 705 412 734 administro
428 715 473 734 me
489 707 529 734 uti
548 707 668 735 noluerit
692 706 781 738 Deus,
801 706 843 733 vel
864 705 924 740 ipso
941 704 1035 731 statim
1056 704 1136 731 initio
1154 703 1291 730 bonorum
1309 702 1432 729 omnium
1454 702 1534 736 longe
1550 698 1753 728 divinissimum

111 750 269 778 adamanda
300 753 403 781 veritas
426 757 469 781 est
496 753 588 789 potius
618 761 700 789 quam
727 757 758 780 ut
795 751 937 779 contraria
974 750 1095 777 maxime
1123 750 1242 782 ratione,
1275 748 1430 783 cujusmodi
1461 746 1634 774 mendacium
1652 749 1704 777 est,
1724 745 1752 772 in

116 792 278 823 famulatum
295 797 370 825 illius
384 798 514 833 irrepam.
531 798 715 831 Quamobrem
729 805 795 826 cura
815 801 845 823 ut
864 796 922 823 haec
939 794 1144 823 ascholasticis
1161 794 1360 829 intelligantur,
1379 797 1406 821 ct
1423 792 1456 819 ad
1473 792 1549 819 illum
1568 791 1751 826 perferantur.

376 855 553 883 ΕηιΣΤυΛΗ
573 855 642 890 rq'.

435 902 477 933 Τῲ
497 901 588 934 αὐτῷ.

112 954 117 956 ·
155 943 277 980 Ἠρόμην
288 945 320 972 τὸ
336 945 478 982 μειράκιον
497 947 568 983 ὑπὲρ
583 947 630 974 τοῦ
654 947 770 982 σιλφίου,
793 947 906 982 πότερον

110 989 170 1016 ἀπὸ
182 991 318 1026 γεωργίας
333 993 374 1019 σοὶ
389 993 510 1027 γέγονεν,
526 993 543 1028 ἢ
558 994 644 1028 δῶρον
659 993 762 1025 λαϐὼν,
782 993 844 1020 ἔθου
861 1001 906 1028 με-

111 1035 175 1070 ρίδα
191 1036 285 1071 κάμοί.
308 1037 363 1063 Καὶ
385 1037 453 1072 δῆτα
469 1037 563 1072 μαθὼν
587 1038 626 1069 ὼς
642 1038 672 1064 τὸ
690 1037 906 1072 σπουδαζόμενον

111 1079 168 1105 ὑπὸ
184 1079 230 1106 σοῦ
246 1081 345 1116 κηπίον
358 1082 427 1117 πρὸς
449 1082 535 1109 ἅπασι
556 1083 604 1109 καὶ
623 1082 718 1109 τοῦτον
733 1083 845 1118 ἐκόμισε
861 1083 905 1109 τὸν

113 1125 230 1160 καρπὸν,
243 1126 330 1161 ἥσθην
343 1127 435 1162 διπλῇ.
446 1127 485 1162 τῷ
499 1136 529 1154 τε
542 1128 635 1155 κάλλει
646 1128 693 1155 τοῦ
713 1128 840 1164 λαχάνου,
857 1129 905 1154 καὶ

112 1172 146 1206 τῇ
163 1172 241 1207 φήμῃ
257 1171 304 1205 ’τοῇ
315 1172 408 1199 τόπου.
427 1173 521 1199 Ὀναιο
541 1173 587 1200 τοῦ
616 1174 762 1209 παμφόρου
783 1174 883 1209 χωρίου
895 1182 902 1188 ·

111 1217 161 1242 καὶ
177 1217 245 1252 μήτε
255 1218 287 1244 σὺ
304 1218 403 1254 κάμοις
421 1220 561 1247 ἐπαντλῶν
583 1221 643 1251 ταῖς
668 1219 810 1254 φιλτάταις
832 1228 903 1254 πρα-

110 1264 199 1294 σιαῖς·
215 1264 277 1298 μήτ’
296 1264 398 1291 ἐκεῖναί
414 1274 479 1291 ποτε
495 1265 563 1300 πρὸς
575 1265 624 1297 τὰς
635 1265 732 1296 ὠδῖνας
747 1265 902 1300 ἀπαγορεύ-

110 1318 199 1342 σειαν,
217 1311 250 1337 ἵν’
263 1312 328 1346 ἔχῃς
350 1312 430 1343 αὑτός
448 1321 478 1339 τε
501 1311 634 1348 χρῆσθαι,
647 1313 694 1338 καὶ
709 1313 774 1347 ἡμῖν
786 1311 902 1346 διαπέμ-

109 1361 174 1380 πειν
189 1353 240 1380 ὅσα
248 1354 376 1391 φέρουσιν
391 1353 473 1392 ὧραι.

378 1491 553 1518 ΕΠΙΣΤΟΛΗ
574 1491 633 1518 ΡΖ’.

432 1536 475 1570 Τῷ
492 1537 584 1570 αὐτῷ.

108 1591 111 1594 ’
149 1586 232 1618 Ἦδὺς
248 1584 274 1613 εἴ
286 1586 400 1613 κωλύων
413 1586 483 1621 ἡμᾶς
493 1584 563 1611 δπλα
573 1583 838 1616 κατασκευάζεσθαι,
849 1583 902 1610 τῶν

109 1631 248 1667 πολεμίων
275 1632 324 1667 μὲν
349 1631 510 1666 ἐπεχόντων,
528 1630 576 1657 καὶ
591 1630 666 1656 λείαν
683 1629 792 1656 ἅπαντα
811 1637 903 1656 ποιου-

108 1676 266 1710 μένων,καὶ
274 1676 501 1710 ἀποσφαττὸντων
515 1675 650 1710 ὁσημέραι
658 1675 760 1709 δήμους
776 1673 900 1708 ἁθρόους,

108 1722 284 1756 στρατιωτῶν
297 1723 329 1750 δὲ»
342 1723 392 1749 οὐκ
408 1722 504 1753 όντων,
518 1721 598 1747 ὥστε·
607 1721 656 1748 καὶ
671 1719 823 1755 φαίνεσθαι.
836 1717 903 1745 Εἶτα

107 1767 195 1799 λέξεις
206 1768 244 1799 ὡς
257 1768 308 1794 οὐκ
330 1767 391 1800 ὲξὺν
415 1767 525 1798 ἰδιώτας
550 1766 712 1801 ἀνθρώπους
729 1765 900 1800 ὁπλοφορεῖν,

105 1812 292 1858 ἀποθνήσκειν
305 1813 333 1840 δὲ
345 1813 417 1845 ἐξὸν,
432 1813 511 1848 εἰπερ
528 1813 575 1839 καὶ
598 1813 614 1846 ἡ
636 1811 759 1838 πολιτεία
774 1810 903 1846 χαλεπαί-

106 1864 148 1883 νει
164 1855 221 1893 [ᾑρ.
239 1857 410 1893 χαλεπαίνοι]
426 1857 465 1892 τῷ
480 1856 643 1892 πειρωμένῳ
661 1855 813 1888 σώζεσθαις
832 1855 901 1881 Ἀλλ’

106 1903 132 1929 εἰ
145 1903 228 1938 μηδὲν
245 1902 309 1929 ἄλλο
323 1901 456 1937 κερδανῶ,
466 1902 497 1928 τὸ
512 1901 577 1936 γοῦν
591 1902 656 1933 τοὺς
664 1901 762 1935 νόμους
773 1900 902 1935 γενέσθαι

107 1948 221 1983 κυρίους
233 1947 295 1973 ἀντὶ
305 1946 406 1973 τούτων
414 1946 469 1973 τῶν
477 1947 644 1982 ἀλαστόρων.
654 1946 709 1973 Καὶ
721 1946 803 1972 πόσου
814 1945 901 1976 δοκεῖς

105 1993 187 2020 τοῦτο
197 1992 331 2028 τιμῶμαι,
348 1992 429 2019 πάλιν
443 1993 554 2028 εἰρήνην
579 1992 652 2024 ἰδεῖν,
669 1992 715 2018 καὶ
731 1991 807 2027 βῆμα
822 1999 902 2018 κεκοο

107 2038 259 2074 σμημένον,
283 2039 330 2066 καὶ
354 2039 465 2073 κήρυκα
483 2038 562 2074 σιγὴν
577 2038 775 2071 ὲπιτάττοντα;
796 2037 902 2064 Αὐτίκα

105 2082 245 2119 τεθναίην,
276 2083 307 2111 τὸ
335 2083 445 2120 πρῶτον
470 2084 564 2120 σχῆμα
577 2084 629 2119 τῆς
651 2083 783 2119 πατρίδος
799 2083 901 2110 ἀπολα-

106 2128 218 2164 εούσης.

376 2223 552 2250 ΕΠΙΣΤΟΛΗ
571 2223 635 2250 PH'.

429 2268 471 2302 Τῷ
485 2268 575 2302 αὐτῷ.

147 2314 226 2349 Ἐμοὶ
249 2313 344 2349 λόγχαι
371 2314 421 2349 μὲν
436 2314 487 2349 ἢδη
514 2314 644 2349 γεγόνασι
667 2314 832 2349 τριακόσιαι,
853 2315 901 2341 καὶ

105 2359 216 2391 κοπίδες
225 2359 357 2386 τοσαῦται
371 2359 427 2394 (5‘2)
442 2367 449 2374 ι
469 2359 532 2395 ξίφη
551 2359 580 2386 δὲ
604 2360 720 2396 ἁμφήκη
737 2361 784 2387 καὶ
800 2360 899 2396 πρότε-
924 2386 927 2390 ,

106 2411 153 2438 ρον
167 2400 201 2438 ἦν
217 2403 247 2429 οὐ
260 2403 346 2429 πλείω
363 2403 418 2430 τῶν
432 2403 508 2430 δέκα.
518 2404 586 2439 Παρ⁸
599 2406 666 2440 ἡμῖν
680 2405 709 2431 δὲ
723 2405 753 2431 οὐ
767 2405 900 2440 χαλκεύε-

103 2458 150 2476 ται
160 2449 194 2476 τὰ
208 2449 279 2476 πάνυ
292 2449 422 2485 προμήκη
437 2449 523 2476 ταῦτα
539 2449 659 2485 σιδήρια.
677 2449 747 2476 Ἀλλ’
757 2449 833 2486 οἶμαι
848 2451 898 2483 τὰς

104 2494 218 2526 κοπίδας
235 2494 474 2530 ἐρρωμενέστερον
489 2494 635 2529 ὲμσάλλειν
650 2495 706 2527 τοῖς
722 2495 778 2522 τῶν
792 2496 898 2522 ἀντιτε-

101 2536 249 2571 ταγμένων
265 2535 385 2573 σώμασι.
406 2537 518 2570 Τούτοις
530 2535 577 2564 οὖν
594 2539 763 2574 χρησόμεθα.
781 2541 813 2566 El
827 2549 897 2576 χρη-

104 2581 182 2607 στέον
192 2581 230 2613 δδ,
245 2582 292 2608 καὶ
302 2582 421 2618 κορύνας
440 2582 548 2618 ἕξομεν.
573 2583 684 2618 ’Λγαθοὶ
703 2584 732 2612 δὲ
750 2586 774 2612 οἱ
794 2585 896 2612 κότινοι

103 2627 171 2662 παρ’
186 2627 264 2662 ἡμῖν.
282 2627 380 2660 Ἐνίοις
392 2628 422 2655 δὲ
437 2629 516 2665 ἡμῶν
535 2629 589 2656 εἰσι
604 2630 651 2657 καὶ
668 2630 793 2664 πελέκεις
805 2632 896 2668 ἑτερό-

102 2681 199 2708 στομοι
213 2673 278 2710 περὶ
290 2674 340 2710 τὴν
357 2675 446 2711 ζώνην
462 2676 580 2712 ἑκάστῳ,
599 2674 642 2710 οἷς
656 2677 706 2710 τὰς
717 2678 835 2711 ἀσπίδας
848 2679 897 2706 aia-

1231 852 1401 880 EPISTOLA
1419 851 1485 879 CVI.

1305 898 1409 926 Eidem.

994 945 1030 972 De
1049 945 1193 980 lascrpitio
1205 945 1240 973 ab
1258 945 1433 973 adolescente
1449 943 1574 979 quaesivi,
1588 942 1666 978 251
1685 949 1751 969 num

956 998 989 1018 ex
1011 992 1119 1017 cultura
1148 991 1196 1018 tibi
1227 990 1414 1024 provenisset;
1438 997 1472 1016 an
1503 997 1536 1016 co
1560 989 1609 1015 tibi
1638 994 1752 1014 munere

956 1037 1022 1064 dato
1037 1039 1143 1072 partem
1158 1037 1224 1064 Inibi
1243 1037 1428 1071 seposuisses.
1447 1035 1602 1069 Statimque
1625 1038 1655 1061 ut
1672 1033 1752 1060 intel-

956 1083 1021 1116 lexi,
1035 1083 1175 1110 hortulum
1189 1083 1265 1110 illum
1281 1087 1369 1113 tuum,
1384 1082 1465 1117 cujus
1479 1085 1623 1115 tantopere
1640 1078 1750 1107 studio-

956 1136 1004 1156 sus
1026 1137 1067 1158 es.
1093 1133 1193 1164 praeter
1219 1129 1273 1155 alia
1298 1129 1403 1160 omnia,
1430 1128 1503 1154 hunc
1526 1127 1608 1154 etiam
1630 1124 1749 1152 fructum

955 1173 1083 1200 attulisse
1098 1192 1106 1204 ,
1121 1173 1269 1208 dupliciter
1283 1173 1395 1208 gavisus
1416 1179 1489 1202 sum.
1506 1178 1569 1197 eum
1591 1169 1673 1196 oleris
1689 1169 1750 1204 pul-

955 1219 1123 1251 chritudine,
1143 1223 1198 1246 tum
1223 1219 1275 1245 lori
1301 1219 1375 1246 illius
1395 1218 1477 1245 fama.
1497 1217 1585 1244 Macte
1609 1219 1669 1243 esto
1694 1219 1749 1242 tam

955 1266 1038 1294 fertili
1058 1271 1141 1298 atque
1158 1267 1234 1293 uberi
1251 1266 1353 1300 prmdio
1367 1275 1372 1292 :
1392 1273 1443 1292 nec
1462 1268 1491 1291 tu
1508 1271 1627 1298 unquam
1644 1261 1751 1288 charis-

955 1313 1040 1340 simas
1058 1313 1164 1339 areolas
1184 1312 1301 1347 irrigans
1323 1311 1464 1347 fatigeris;
1482 1317 1532 1337 nec
1553 1310 1604 1336 ilhc
1618 1309 1651 1335 ad
1673 1308 1749 1342 ejus-

955 1357 1029 1385 modi
1046 1362 1142 1392 partus
1166 1357 1245 1384 lassa:
1271 1363 1392 1391 unquam
1418 1355 1560 1389 ell‘etaequc
1583 1354 1649 1384 sint.
1666 1357 1697 1380 ut
1721 1356 1749 1379 et

955 1402 1043 1429 utaris
1058 1402 1128 1436 ipse,
1147 1406 1173 1429 et
1195 1402 1228 1428 ad
1256 1409 1307 1429 nos
1322 1402 1430 1428 mittere
1453 1401 1555 1436 possis,
1576 1406 1748 1434 quaecunque

953 1452 1132 1483 tempestates
1155 1448 1255 1475 ferunt.

1220 1493 1392 1521 EPISTOLA
1407 1492 1486 1520 CVII.

1301 1538 1395 1565 Eidem

990 1584 1134 1613 Jucundus
1144 1593 1187 1617 es,
1198 1593 1261 1612 cum
1275 1593 1326 1612 nos
1337 1591 1412 1612 arma
1425 1591 1586 1619 comparare
1597 1583 1745 1618 prohibes;

953 1629 1082 1658 hostibus
1098 1630 1150 1657 late
1167 1630 1260 1656 omnia
1276 1629 1446 1661 tenentibus,
1471 1629 1622 1662 omniaque
1637 1627 1743 1661 deprae«

954 1674 1095 1705 dantibus,
1115 1678 1197 1708 atque
1214 1674 1241 1700 in
1256 1673 1315 1700 dies
1332 1673 1454 1708 integros
1470 1671 1586 1706 populos
1597 1669 1745 1706 jugulanti—

955 1719 1017 1751 bus,
1030 1727 1091 1746 eum
1104 1726 1193 1753 neque
1210 1719 1289 1746 miles
1304 1719 1376 1746 ullus
1389 1718 1470 1749 adsit,
1486 1717 1534 1752 qui
1546 1716 1654 1751 quidem
1671 1722 1747 1743 com-

954 1768 1057 1799 pareat.
1075 1764 1142 1796 Qua:
1158 1772 1221 1791 cum
1248 1764 1286 1791 ita
1303 1765 1369 1796 sint,
1389 1768 1517 1791 tamenne
1531 1762 1614 1790 licere
1631 1761 1746 1796 negabis

953 1810 1069 1844 privatis
1084 1809 1241 1837 hominibus
1254 1817 1331 1836 arma
1346 1809 1419 1836 ferre
1438 1809 1449 1835 ’Ξ
1465 1808 1532 1836 Mori
1550 1811 1641 1835 autem
1662 1807 1746 1833 licere

952 1857 1042 1888 dices,
1059 1856 1084 1883 si
1109 1856 1144 1883 iis
1168 1856 1215 1891 qui
1240 1855 1322 1882 saluti
1338 1863 1395 1883 sua:
1412 1855 1568 1885 consulant,
1583 1860 1658 1888 resp.
1679 1859 1745 1879 sue-

953 1902 1088 1929 eenscat?
1102 1900 1204 1928 Verum
1220 1900 1244 1928 si
1261 1900 1330 1927 nihil
1348 1900 1436 1933 aliud,
1454 1900 1507 1926 hoc
1517 1899 1614 1927 saltem
1632 1896 1745 1924 lucrifa-

952 1948 1035 1979 cialn,
1053 1950 1082 1973 ut
1102 1954 1151 1981 pro
1174 1945 1355 1974 exsecrandis
1382 1945 1436 1973 illis
1464 1945 1588 1980 pestibus
1619 1944 1692 1977 leges
1710 1949 1743 1970 ac

950 1992 1013 2026 jura
1029 1992 1213 2018 dominentur.
1227 1989 1332 2023 Quanti
1348 1997 1413 2017 vero
1431 1990 1504 2018 istud
1521 1996 1537 2016 a
1551 1996 1596 2016 me
1611 1988 1669 2016 lieri
1691 1995 1742 2022 pu-

952 2042 1006 2071 tas,
1022 2044 1119 2072 pacem
1143 2040 1174 2063 ut
1189 2044 1300 2063 rursum
1328 2036 1446 2069 videam,
1465 2034 1586 2063 tribunal
1600 2038 1742 2065 ornatum,

951 2089 980 2112 et
996 2090 1150 2119 praeconem
1165 2082 1306 2110 silentium
1325 2081 1514 2110 indicentem?
1527 2079 1670 2114 Extemplo
1684 2085 1743 2106 mo-

953 2131 1019 2163 riar,
1035 2129 1081 2156 ubi
1096 2128 1216 2163 primum
1238 2128 1384 2163 pristinam
1409 2128 1526 2155 formam
1550 2125 1640 2161 patria
1664 2131 1744 2152 recu-

952 2175 1067 2212 perarit.

1205 2219 1374 2255 EPISTOLI)
1396 2217 1488 2246 CVIII.

1291 2265 1394 2293 Eidem.

986 2313 1056 2341 Mihi
1072 2313 1127 2349 jam
1142 2317 1273 2341 trecentae
1285 2312 1389 2339 lancea:
1401 2309 1541 2338 fabricata:
1555 2311 1630 2339 sunt,
1644 2311 1671 2335 et
1686 2313 1741 2333 ma-

951 2359 1048 2387 chaerae
1071 2359 1209 2391 totidem;
1229 2357 1364 2392 ancipites
1388 2363 1456 2383 vero
1480 2354 1563 2390 gladii
1576 2354 1632 2389 jam
1660 2356 1740 2380 antea

951 2411 1006 2430 non
1021 2403 1114 2438 plures
1128 2403 1224 2431 decem
1242 2402 1327 2429 fuere.
1341 2400 1421 2436 Apud
1438 2407 1489 2428 nos
1514 2403 1605 2427 autem
1623 2398 1740 2433 oblonga

949 2449 1001 2477 ista
1016 2449 1184 2478 ferramenta
1201 2456 1256 2476 non
1272 2447 1423 2475 cuduntur.
1442 2445 1497 2474 Sed
1512 2445 1662 2473 machreras
1678 2444 1738 2479 opi—

949 2505 1001 2524 nor
1017 2497 1134 2525 validius
1153 2497 1182 2524 in
1201 2503 1318 2532 corpora
1330 2496 1450 2523 hostium
1465 2493 1635 2522 incumbere.
1648 2493 1739 2526 Quare

949 2543 983 2570 iis
999 2547 1120 2571 utemur.
1137 2543 1226 2577 Atque
1236 2542 1319 2570 etiam
1340 2541 1363 2569 si
1381 2541 1415 2568 iis
1429 2547 1499 2576 opus
1518 2540 1564 2571 sit,
1586 2539 1679 2567 clavas
1688 2538 1738 2566 ha-

949 2588 1084 2616 bebimus.
1099 2587 1201 2624 Optimi
1217 2588 1292 2615 enim
1303 2591 1369 2615 sunt
1385 2587 1455 2622 apud
1469 2594 1520 2614 nos
1535 2585 1657 2613 oleastri.
1671 2584 1739 2617 Qui-

949 2635 1012 2661 dam
1031 2639 1159 2662 nostrum
1172 2641 1284 2662 secures
1294 2633 1396 2660 habent
1411 2633 1438 2660 in
1449 2640 1517 2659 zona
1535 2631 1635 2665 singuli
1653 2631 1738 2659 altera

951 2683 1059 2707 tantum
1074 2684 1171 2707 acutas
1187 2684 1280 2715 parte;
1292 2678 1395 2714 quibus
1408 2685 1503 2706 eorum
1521 2681 1600 2705 scuta
1622 2676 1738 2704 tunden-

725 2749 815 2778 DION.
838 2751 976 2780 PETAVII
999 2752 1114 2780 NOTAE.

103 2801 162 2844 Itin,
174 2803 297 2844 actionis
314 2804 421 2844 artibus
430 2806 590 2844 eget-uitato.
604 2806 679 2844 Hier.
691 2806 787 2844 lih.ADe
801 2808 892 2844 script.

99 2838 195 2864 coclea.
210 2839 246 2876 in_
261 2838 403 2876 Serapione
418 2847 426 2866 :
443 2840 496 2873 Qui
514 2841 546 2876 ob
566 2841 724 2876 elegantiam
741 2842 838 2876 ingenii
854 2838 895 2868 ὶθ-

102 2873 384 2914 σγιοητεῃιδειιοίηέὶιίεή
399 2876 505 2914 meruit.
520 2875 555 2903 De
569 2873 620 2903 hae
630 2873 820 2914 appellatione
833 2878 892 2911 plu-

102 2908 181 2936 ribus
193 2908 314 2944 disputat
325 2909 489 2940 Roswcidus
499 2915 591 2940 uoster
602 2911 636 2939 ad
654 2908 727 2939 i’ilas
743 2908 866 2945 Patrum.

983 2809 1040 2842 (52)
1061 2809 1116 2836 Kal
1141 2808 1264 2840 κοπίδες
1287 2807 1442 2835 τοσαῦται.
1466 2806 1578 2834 Curtius
1593 2806 1642 2842 lib.
1664 2813 1736 2834 VIII:

949 2844 1061 2878 Copidas
1077 2849 1169 2870 vocant
1190 2843 1293 2877 gladios
1313 2843 1402 2869 leviter
1416 2847 1548 2872 cumulos,
1569 2841 1683 2875 falcibus
1699 2841 1737 2868 εἰ·

950 2881 1034 2913 milcs,
1050 2879 1122 2914 queis
1138 2879 1291 2913 appetebant
1310 2879 1456 2905 bellicarum
1470 2885 1571 2904 manus.
