1990 3060
222 175 288 204 "9|

757 180 894 210 SYNESII
913 181 1146 213 PTOLEMAIDIS
1166 183 1321 214 EPISCOPI

1791 184 1869 213 ιιεις

221 241 262 265 tes
276 244 356 272 aequo
369 237 514 266 nobiseum
531 238 617 267 Marte
640 239 783 269 deccrlare
804 248 946 277 cogemus,
958 243 1007 279 qui

1060 243 1114 271 τῶν
1130 244 1296 280 ἁλοήσαντες
1320 245 1351 272 ἐν
1377 245 1428 280 ἴσῳ
1454 245 1594 281 στήσομεν
1606 245 1706 276 αὐτοὺς
1729 244 1756 271 οἱ
1775 243 1871 279 μηδὲν

220 284 326 310 nullum
343 291 483 311 armorum
499 285 700 313 munimentum
717 286 862 315 habemus.
879 287 1007 316 Prelium

219 333 311 356 autem
322 349 331 362 ,
346 334 482 364 quantum
507 331 637 366 coniicio.
654 332 788 367 postridie
807 334 1007 362 committetur.

219 373 287 401 Nam
301 382 364 401 cum
381 375 503 402 hostium
521 375 633 411 quidam
651 377 679 405 in
697 378 886 412 speculatores
897 383 1008 408 nostros

219 419 394 454 incidissent,
411 421 536 457 totisque
566 422 673 450 viribus
693 423 811 452 insecuti
839 430 944 458 essent,
961 425 1008 457 ubi

218 467 372 496 velociores
384 475 432 496 eos
449 475 520 500 esse,
536 475 618 504 quam
642 473 672 501 ut
695 470 757 513 capi
781 474 906 506 possent,
924 478 1009 506 agno-

218 516 317 540 verunt
330 533 338 546 ,
357 513 517 541 renuntiare
532 514 611 542 nobis
619 514 778 549 jusserunt,
793 523 854 552 qua:
866 517 1010 553 jucundis‘

219 557 289 584 sima
312 557 394 593 252
411 563 476 586 sunt
490 567 498 591 ;
514 559 539 587 si
561 560 692 588 nimirum
709 569 765 588 non
787 562 907 598 amplius
927 563 1009 595 ober-

219 603 336 630 randum
352 603 433 631 nobis
446 604 511 636 erit.
537 604 571 632 ad
587 612 636 633 eos
661 606 789 636 homines
817 607 1007 642 vestigandos,

218 648 266 682 qui
281 648 310 676 in
323 652 418 677 vastas
432 649 601 677 continentis
613 650 739 686 regiones
754 651 884 679 subeunt.
898 651 1007 680 Manere

219 693 293 720 enim
318 701 380 721 sese
399 694 539 727 dixerunt,
556 695 681 730 vellequc
708 703 885 732 cognoscere,
913 697 1010 732 cujus-

219 739 293 766 modi
308 739 419 767 tandem
439 739 565 768 homines
583 741 683 773 simus,
708 742 755 776 qui
774 745 815 770 tot
838 742 946 770 dierum
965 743 1011 770 iti-

219 793 287 813 nere
303 785 338 814 ab
363 786 466 814 nostris
489 786 602 816 sedibus
621 787 746 816 abstrahi
765 795 821 816 non
841 788 1011 817 dubitaveri-

220 839 291 864 mus,
307 835 337 859 ut
353 838 416 859 eum
433 831 572 862 bellicosis
592 833 750 862 hominibus
768 841 868 863 manus
881 842 1012 864 consere-

220 884 334 910 remus;
352 878 399 912 qui
420 878 545 913 palantes
561 887 594 907 ac
609 880 745 916 segregati
771 880 877 914 vivunt,
898 880 1010 909 eadem-

218 930 273 957 que
292 923 361 958 reip.
377 923 476 958 forma,
486 932 541 960 qua
557 933 608 953 nos
628 926 816 961 expeditionis
831 930 915 963 atque
929 935 1010 955 exer-
1026 919 1048 947 Β

219 968 304 998 citus.
322 973 448 996 utuntur.
457 969 544 1005 igitur
554 974 686 1006 tanquam
701 971 824 999 crastina
837 971 882 999 die
897 971 1009 1000 favente

1058 289 1165 325 ἔχοντες
1184 291 1276 317 ὃπλων
1301 290 1457 326 πρόϐλημα.
1476 291 1506 317 '0
1521 291 1550 317 δὲ
1572 290 1658 325 ἀγὼν,
1674 289 1714 322 ὥς
1736 290 1868 321 εἰκάσαι,

1057 338 1108 372 τῆς
1120 338 1274 373 ὑστεραίας.
1297 338 1361 370 Τοῖς
1376 337 1432 373 γὰρ
1451 339 1563 369 σκοποῖς
1576 337 1657 373 ἡμῶν
1680 337 1867 372 προεντυχόνο

1059 391 1104 417 τες
1115 383 1180 410 ένιοι
1192 383 1248 410 τῶν
1259 383 1324 411 πολε
1329 383 1410 419 μιων.
1424 383 1471 410 καὶ
1482 383 1627 416 διώξαντες
1639 384 1805 419 άνακράτος,
1820 382 1865 414 ὡς

1059 428 1181 463 ἔγνωσαν
1194 428 1334 464 κρείττους
1358 429 1438 461 ὄντας
1461 429 1478 463 ἢ
1499 428 1614 461 ἁλῶναι,
1635 428 1785 455 ἐκέλευσαν
1810 428 1866 463 άγο

1057 475 1166 509 γέλλειν
1178 475 1245 510 ἡμῖν
1257 475 1326 502 am
1339 475 1454 510 ἥδιστα·
1476 475 1500 501 ει
1525 474 1626 516 μηκέτι
1647 475 1739 510 δεήσει
1760 474 1866 502 πλανᾶ-

1060 520 1134 552 σθαι,
1160 520 1312 556 ζητοῦντας
1339 520 1504 556 ἀνθρώπους
1532 520 1710 555 ἐνδυομένους
1742 520 1864 555 ἠπείρου

1059 567 1159 603 πλάτη.
1188 566 1289 594 Μένειν
1303 566 1357 602 γὰρ
1382 567 1496 602 ἔφασαν,
1517 567 1565 593 και
1583 566 1687 594 ἐθέλειν
1713 566 1813 602 μαθεῖν
1821 566 1860 592 οῖ-

1059 621 1131 645 τινες
1156 612 1233 645 ὄντες
1257 613 1370 648 ἡμερῶν
1397 612 1532 640 τοσούτων
1547 612 1607 640 ὁδὸν
1631 612 1792 640 ἀποσπάσαι
1808 612 1864 647 τῆς

1059 659 1151 695 χώρας
1179 658 1384 694 ἐτολμήσαμεν.
1409 658 1454 693 ἐφ’
1477 655 1501 692 ᾧ
1525 658 1661 694 συμμίξαι
1679 658 1862 692 πολεμισταῖς

1059 703 1214 740 ἀνθρώποις
1228 703 1285 738 βίον
1300 703 1368 735 ζῶσι
1382 704 1540 740 νομαδικὸν,
1557 704 1604 730 καὶ
1616 703 1651 730 τὰ
1661 705 1702 735 εἰς
1718 703 1864 730 πολιτείαν

1059 749 1131 776 οὓτω
1139 750 1403 784 καταστησαμένοις.
1411 749 1507 785 ὥσπερ
1514 750 1594 785 ἡμεῖς
1603 749 1639 776 τὰ
1650 750 1696 776 ἐπὶ
1708 749 1759 784 τῆς
1775 757 1864 784 στρα-

1059 796 1131 827 τιᾶς.
1146 795 1189 826 Ὧς
1205 793 1253 822 οὖν
1271 795 1367 831 αὔριον
1382 796 1431 822 σὺν
1451 795 1511 831 Θεῷ
1529 795 1595 827 τοὺς
1619 794 1769 830 πολεμίους
1781 795 1865 830 νική-

1061 846 1126 870 σων,
1141 837 1174 865 ἂν
1193 838 1286 873 μέντοι
1299 839 1348 875 δέῃ
1358 839 1451 871 πάλιν,
1468 839 1589 874 νικήσων
1601 839 1698 875 (μηδὲν
1707 839 1763 874 γὰρ
1772 839 1862 866 ἀπαε-

1062 891 1120 909 σιον
1135 883 1329 919 φθεγξαίμην),
1339 884 1502 919 ἐπισκήπτω
1513 892 1554 911 σοι
1565 884 1620 911 τῶν
1630 884 1747 911 παιδίων
1760 885 1864 920 ἐπιμε-

1061 927 1184 963 ληθῆναι.
1199 929 1373 965 Προσήκειδὲ
1396 929 1453 956 δντι
1468 929 1534 965 θείῳ
1555 929 1597 962 εις
1608 929 1677 957 αὐτὰ
1695 929 1863 965 ἀπομνημο-

1061 971 1156 1000 νεῦσαι
1169 972 1219 1008 τήν
1234 973 1325 1008 χάριν.

220 1012 276 1040 Deo
294 1013 387 1042 hostes
399 1019 597 1050 superaturus;
616 1021 675 1048 aut,
688 1016 713 1044 si
732 1016 770 1044 ita
788 1021 879 1045 tamen
906 1026 1020 1046 necesse
1039 1018 1085 1050 sit.
1104 1027 1216 1046 rursum
1241 1024 1425 1055 superaturus
1444 1020 1534 1055 (nihil
1553 1020 1626 1050 enim
1646 1020 1716 1048 male
1736 1020 1861 1058 ominari

219 1059 301 1086 velim
311 1058 333 1093 ),
350 1059 499 1087 liberorum
518 1068 641 1088 meorum
654 1069 751 1089 curam
769 1067 823 1089 tua:
844 1062 906 1091 ﬁdei
930 1064 1104 1092 commendo.
1119 1063 1158 1092 Te
1172 1065 1258 1098 enim,
1281 1065 1329 1100 qui
1358 1072 1474 1101 patruus
1496 1065 1548 1099 sis,
1570 1073 1638 1095 mea
1654 1066 1729 1102 apud
1747 1071 1775 1095 te
1795 1075 1863 1102 gra-

220 1106 264 1132 tia:
283 1106 443 1134 memoriam
457 1107 484 1134 iu
499 1115 548 1135 eos
565 1107 716 1136 transferre
730 1110 872 1137 convenit.

483 1154 653 1183 EPISTOLA
675 1156 743 1185 CIX.

553 1201 658 1230 Eidem.

258 1245 353 1281 Neque
372 1246 442 1275 asini
460 1248 539 1279 mihi.
564 1256 654 1284 neque
669 1249 747 1282 muli,
766 1254 814 1278 aut
837 1250 900 1284 equi
929 1251 1009 1287 copia

219 1295 273 1324 est,
287 1292 416 1320 omnibus
431 1293 465 1320 ad
479 1293 579 1328 pabula
590 1294 725 1327 dimissis.
738 1296 840 1330 quibus
852 1296 887 1324 ad
904 1300 931 1324 te
944 1297 1010 1324 ami-

219 1336 363 1364 cissimum
378 1338 445 1365 mihi
462 1343 544 1374 caput
563 1347 673 1375 possem
689 1341 868 1370 contendere.
888 1341 1017 1371 Pedibus

219 1389 303 1415 porro
317 1381 370 1409 iter
387 1381 479 1410 facere
493 1383 574 1418 plane
599 1384 712 1419 quidem
727 1385 851 1413 volebam
865 1406 874 1419 ,
892 1393 925 1414 ac
951 1386 1010 1414 ior-

219 1426 303 1454 tassis
311 1426 393 1453 etiam
409 1431 544 1462 poteram;
557 1428 605 1456 sed
617 1429 767 1464 propinqui
780 1430 1009 1459 eommittendmn

219 1472 294 1501 istud
317 1476 472 1507 negarunt,
488 1480 524 1501 ne
547 1473 582 1502 iis
594 1474 643 1509 qui
666 1480 845 1503 occurrerent
868 1477 955 1504 risum
975 1477 1008 1505 de

219 1517 301 1551 nobis
324 1517 520 1552 praaberemus.
537 1518 595 1549 Hos
620 1519 707 1552 enim,
727 1521 935 1556 qualescunque
960 1522 1009 1550 de-

1330 1158 1504 1186 ΕΠΙΣΤΟΔΙΙ
1527 1158 1589 1189 PG'.
1619 1179 1621 1181 ι

1384 1203 1427 1236 Τῷ
1444 1202 1535 1236 αὐτῷ.

1099 1249 1157 1277 Οὐκ
1172 1249 1242 1282 ὄνος,
1254 1249 1304 1285 οὐχ
1320 1249 1446 1285 ήμιονος,
1458 1249 1509 1284 οὐχ
1524 1249 1608 1278 ῐππος
1623 1249 1682 1279 εστι
1698 1257 1756 1285 μοι,
1768 1249 1861 1278 ἁπάν-

1062 1305 1117 1323 των
1135 1296 1284 1331 ἀνειμένων
1295 1296 1335 1328 εἰς
1345 1295 1425 1327 πόαν,
1437 1293 1478 1327 οἷς
1489 1296 1663 1331 χρησάμενος
1674 1295 1708 1325 ἂν
1721 1293 1805 1331 ἦλθον
1815 1295 1860 1328 εῐς

1064 1351 1094 1369 σε
1106 1342 1155 1377 τὴν
1169 1342 1302 1377 φιλτάτην
1321 1351 1367 1377 μοι
1388 1341 1511 1377 κεφαλήν
1529 1341 1585 1377 [γρ.
1603 1342 1644 1374 εις
1667 1340 1715 1368 σοῦ
1729 1342 1779 1377 τῆς
1792 1341 1859 1376 φιλ-

1057 1388 1143 1424 τάτης
1158 1397 1204 1424 μοι
1219 1387 1360 1423 κεφαλῆς].
1373 1387 1495 1420 Βαδιζειν
1508 1387 1538 1414 δὲ
1547 1388 1618 1415 πάνυ
1631 1387 1682 1423 μὲν
1693 1387 1857 1423 ἐϐουλόμην,

1057 1435 1105 1461 καὶ
1119 1434 1200 1469 τυχὸν
1211 1434 1352 1470 ἠδυνάμην
1362 1442 1370 1451 ·
1384 1434 1415 1461 οὐ
1430 1433 1484 1469 μὴν
1496 1433 1602 1468 ἔφασαν
1620 1434 1646 1461 oi
1667 1435 1858 1470 προσήκοντες

1057 1480 1113 1507 δεῖν
1122 1487 1130 1496 ⁸
1149 1479 1194 1507 ἵνα
1210 1479 1248 1515 μὴ
1260 1479 1386 1515 διατριϐὴ
1396 1479 1452 1511 τοῖς
1460 1479 1602 1506 ἀπαντῶσι
1616 1479 1774 1514 γενοίμεθα.
1783 1478 1855 1506 Τού-

1058 1534 1121 1558 τους
1132 1525 1197 1561 γὰρ.
1207 1525 1306 1557 οῐτινες
1320 1525 1354 1552 ἂν
1361 1521 1440 1557 ὦσιν,
1450 1525 1522 1552 οῦτω
1536 1525 1607 1552 πάνυ
1618 1525 1717 1560 σοφοὺς
1726 1525 1855 1560 ἥγηνται.

218 1569 294 1590 mum
313 1562 381 1595 sint.
396 1570 485 1599 usque
498 1564 568 1592 adeo
585 1565 724 1600 sapientes
739 1573 802 1594 esse
816 1571 925 1602 putant,
947 1571 1008 1595 tan-

1061 1569 1109 1597 καὶ
1124 1569 1251 1596 τοσοῦτον
1268 1569 1330 1596 νοῦν
1349 1569 1433 1605 ἔχειν,
1455 1569 1493 1601 ὡς
1512 1569 1627 1599 ἕκαστον
1642 1569 1732 1596 αὐτῶν
1743 1570 1857 1605 ἄμεινον

218 1612 300 1643 taque
315 1609 417 1637 mentis
431 1609 554 1644 solertia,
570 1615 600 1638 ut
617 1611 811 1647 unusquisque
827 1613 928 1642 melius
942 1614 1010 1649 quid

218 1659 264 1679 me
286 1653 391 1686 deceat,
410 1661 493 1689 quam
511 1662 564 1690 ego
594 1655 664 1690 ipse,
685 1656 835 1691 pervideat.
850 1657 889 1686 Ita
917 1658 1010 1686 multis

219 1705 271 1725 nos
291 1698 406 1727 arbitris
423 1699 602 1733 devinciunt;
621 1702 671 1736 qui
699 1709 750 1730 nos
770 1702 913 1730 hominum
930 1703 1010 1732 fama

217 1743 474 1780 existimationique
491 1746 597 1774 servire
615 1751 728 1783 cogunt.
754 1747 899 1777 Pervicere
915 1754 1009 1778 autem

218 1796 274 1816 non
293 1788 469 1819 admonendo
481 1791 626 1826 duntaxat,
640 1793 690 1821 sed
706 1793 811 1828 majore
821 1795 941 1830 quadam
960 1795 1010 1824 ad-

219 1835 307 1864 hibita
333 1836 371 1864 vi.
389 1836 496 1873 Quippe
525 1845 588 1866 cum
607 1846 659 1875 ego
675 1839 878 1875 proﬁciscerer,
897 1841 1010 1876 permit.-

219 1887 277 1910 tere
295 1883 454 1917 noluerunt,
479 1885 528 1914 sed
548 1893 592 1913 me
617 1886 701 1921 pallio
725 1891 911 1916 retraxerunt.
937 1888 1010 1921 Quid

218 1930 305 1966 igitur
319 1931 456 1966 reliquum
471 1932 536 1965 erit,
553 1931 608 1960 nisi
625 1929 655 1959 ut
669 1933 802 1961 vicariam
819 1933 872 1961 mei
890 1934 961 1961 haue
975 1934 1010 1961 ad

218 1981 246 2004 te
260 1977 404 2012 epistolam
422 1978 571 2011 mitterem,
586 1986 642 2014 qua
660 1978 710 2009 tibi
726 1979 843 2008 salutem
860 1979 1004 2014 impertio:

218 2026 275 2049 tum
289 2022 357 2050 illud
373 2023 422 2053 abs
436 2028 463 2051 te
477 2030 583 2058 quaero,
599 2023 732 2059 quidnam
745 2031 762 2052 ο
779 2023 949 2053 Ptolemaide
966 2025 1008 2052 al-

218 2069 304 2095 lutum
317 2070 355 2097 sit
368 2078 376 2096 :
391 2073 517 2097 recentes
530 2070 624 2097 nescio
637 2077 707 2105 quos
714 2077 857 2098 sermones
874 2070 1007 2106 intelligo.

219 2122 290 2149 quos
306 2122 321 2142 e
340 2115 470 2149 prmtorio
490 2120 634 2150 reportare
660 2119 687 2143 te
703 2115 853 2144 verisimile
865 2120 919 2149 est,
937 2123 1008 2151 praes

218 2159 313 2186 sertim
332 2160 398 2194 quid
413 2160 448 2187 sit
465 2160 532 2188 illud
551 2160 743 2196 pervulgatum
758 2168 891 2188 arcanum
903 2169 938 2189 ex
953 2161 1009 2191 0c.-

218 2205 335 2233 cidente.
356 2204 418 2233 Scis
431 2206 505 2233 enim
532 2213 592 2234 mea
607 2206 753 2239 interesse,
768 2206 806 2234 ita
840 2206 953 2239 factum,
970 2214 1005 2234 an

1063 1614 1097 1642 ἃν
1113 1614 1182 1650 ἐμοῦ
1196 1614 1348 1649 σκέψασθαι
1362 1615 1428 1650 περὶ
1436 1614 1491 1642 τῶν
1500 1615 1660 1650 πρεπόντων
1669 1615 1742 1650 ἔμοι.
1754 1614 1855 1649 Tacui,-

1058 1670 1113 1688 των
1127 1661 1201 1695 ἡμᾶς
1218 1660 1354 1696 ἑξαρτῶσι
1365 1660 1477 1696 κριτῶν,
1495 1661 1521 1687 οἱ
1539 1661 1608 1696 πρὸς
1629 1661 1709 1694 δόξαν
1731 1661 1781 1696 τὴν
1803 1661 1857 1693 ἔξω

1058 1706 1109 1742 ζῇν
1124 1706 1333 1740 ἀναγκάζοντες.
1351 1706 1546 1743 Περιεγένοντο
1558 1706 1587 1733 δὲ
1602 1706 1633 1733 οὐ
1653 1705 1854 1738 νουθετοῦντες,

1057 1751 1127 1780 ἀλλὰ
1157 1751 1204 1778 τὸν
1231 1751 1384 1788 βιαιότερον
1401 1752 1513 1788 τρόπσν,
1538 1752 1635 1788 ἐπειδὴ
1653 1751 1780 1787 προῄειν,
1802 1752 1855 1782 οὐκ

1057 1797 1263 1833 ἐπιτρέποντες,
1278 1798 1336 1825 ἀλλ’
1351 1797 1615 1834 ἀντιλαμϐανόμενοι
1637 1798 1684 1826 τοῦ
1696 1797 1854 1834 τριϐωνίου.

1057 1844 1091 1871 Τί
1109 1841 1156 1871 οὖν
1170 1838 1330 1878 ὖπόλοιπον,
1345 1844 1362 1880 ἢ
1376 1844 1426 1880 τὴν
1436 1844 1582 1880 ιπιστολὴν
1592 1844 1649 1871 ἀντ’
1664 1843 1733 1880 ἐμοῦ
1749 1843 1854 1877 στεῖλα-ι

1057 1891 1126 1926 πρὸς
1142 1891 1192 1924 at;
1219 1891 1253 1917 δι’
1271 1888 1306 1927 ἦς
1319 1890 1480 1926 ἀσπάζομαί
1495 1891 1525 1918 τι
1541 1899 1588 1924 σε,
1613 1890 1661 1918 καὶ
1682 1890 1853 1926 πυνθάνομαι

1057 1936 1117 1962 τινα
1126 1936 1161 1963 τὰ
1176 1936 1231 1963 άπὸ
1243 1936 1426 1972 Πτολεμαΐδος
1443 1936 1586 1972 ἀγώγιμα,
1613 1936 1710 1971 λόγους
1730 1936 1852 1969 καινοὺς,

1059 1980 1107 2013 οὓς
1116 1981 1191 2013 εἰκός
1202 1990 1232 2008 σε
1258 1982 1383 2017 κομίζειν
1396 1982 1450 2009 άπὸ
1463 1981 1510 2009 τοῦ
1528 1982 1706 2018 στρατηγίου.
1729 1981 1786 2009 Καὶ
1800 1982 1853 2017 μά-

1060 2025 1141 2053 λιστα
1156 2026 1183 2053 τι
1201 2026 1232 2053 τδ
1245 2026 1445 2062 θρυλλούμενον
1461 2027 1617 2063 ἀπόρρητον
1633 2027 1689 2054 ἀπὺ
1704 2026 1753 2061 τῆς
1771 2026 1854 2054 ἐσπι-

1060 2081 1120 2107 ρας.
1135 2070 1220 2099 Οἶσθα
1228 2073 1282 2108 γὰρ
1291 2074 1331 2100 ὅτι
1340 2073 1410 2100 πάνυ
1423 2082 1469 2108 μοι
1478 2073 1603 2109 διαφέρει
1614 2073 1758 2108 γενόμενον
1769 2073 1850 2106 οὕτω,

1059 2117 1108 2143 καὶ
1121 2117 1159 2153 μὴ
1171 2117 1325 2153 γενόμενον.
1335 2118 1367 2144 Εἰ
1381 2117 1431 2153 μὲν
1444 2115 1490 2144 οὖν
1506 2117 1611 2145 ἕκαστα
1626 2117 1720 2152 σαφῶς
1736 2117 1853 2153 ἔχουσαν

1059 2162 1204 2198 επιστολὴν
1228 2163 1392 2198 ἐκπέμψεις,
1403 2163 1457 2196 ἔξω
1466 2163 1535 2190 κατὰ
1541 2162 1649 2199 χώραν’
1664 2164 1689 2190 ει
1701 2163 1730 2190 δὲ
1739 2163 1790 2199 μὴ,
1805 2163 1854 2190 καὶ

1060 2208 1094 2234 σὺ
1110 2207 1205 2243 μέμψῃ
1222 2208 1287 2244 περὶ
1304 2207 1351 2235 τοῦ
1367 2207 1477 2244 δρόμου.

218 2259 300 2279 secus
318 2252 411 2280 fuerit.
433 2251 527 2288 Itaque
547 2254 571 2281 si
592 2253 702 2288 quidem
721 2253 827 2282 litteras
851 2254 885 2281 ad
919 2262 962 2281 me
977 2254 1123 2290 perspicua
1156 2255 1249 2283 omnia
1280 2255 1471 2291 signiﬁcantes
1501 2255 1624 2290 miseris,
1646 2256 1782 2290 manebo;
1807 2255 1852 2284 sin

217 2299 321 2330 minus,
336 2302 366 2326 tu
383 2307 426 2327 me
442 2300 500 2334 ipse
511 2307 621 2334 quoque
632 2300 666 2327 de
680 2304 810 2335 suscepto
827 2300 861 2327 ad
881 2305 907 2328 Ie
921 2309 1004 2328 cursu
1017 2301 1210 2336 reprehendes.

485 2346 654 2375 EPISTOIA
673 2347 730 2374 CX.

560 2392 664 2421 Eidem.

251 2439 345 2466 Chilas
367 2439 440 2471 leno,
462 2446 544 2474 quem
561 2446 576 2466 a
601 2440 697 2474 paucis
710 2439 831 2476 ignorari
857 2448 914 2475 pra:
940 2441 1008 2469 artis

217 2485 344 2512 claritate
363 2485 513 2513 verisimile
529 2489 583 2513 est.
600 2484 680 2520 253
695 2486 802 2514 Etenim
813 2485 1007 2514 Andromacha

216 2531 313 2562 mima,
341 2538 404 2565 quae
430 2530 645 2565 pulchritudinis
677 2531 759 2559 laude
786 2539 844 2567 prae
877 2531 1007 2560 omnibus

216 2576 308 2603 aetatis
328 2579 432 2604 nostra:
455 2576 620 2605 mulieribus
638 2576 743 2609 ﬂoruit,
761 2577 796 2605 de
812 2577 874 2612 eius
892 2577 1008 2605 cohorte

217 2621 281 2648 fuit.
298 2620 348 2648 llic
363 2621 448 2657 igitur
474 2629 522 2656 per
537 2621 606 2649 adeo
625 2623 756 2657 praeclara
771 2623 862 2651 studia
877 2623 1008 2658 juventu-

218 2671 272 2692 tem
289 2666 452 2698 traducens,
467 2671 600 2694 anteactae
614 2667 678 2695 vita:
689 2668 839 2696 convenire
855 2669 1007 2698 arbitratus

216 2716 269 2745 est,
288 2716 318 2738 ut
337 2712 365 2739 in
389 2717 530 2740 senectute
558 2713 724 2741 militaribus
752 2714 885 2749 gradibus
907 2723 1006 2745 nomen

218 2765 298 2784 suum
313 2757 478 2786 illustraret.
492 2758 585 2793 Nuper
601 2759 685 2794 igitur
698 2759 773 2787 venit
788 2760 1003 2795 fortissimorum

217 2802 456 2830 Marcomanorum
477 2804 670 2838 pml'ecturam
685 2804 720 2832 ab
738 2805 904 2840 imperatore
918 2806 1003 2839 sorti-~

216 2852 281 2880 lus;
297 2856 368 2883 quos
386 2849 517 2883 credibile
528 2855 583 2882 cst,
603 2850 696 2883 nobis,
715 2858 778 2878 cum
797 2855 877 2887 antea
903 2852 1004 2884 milites

216 2894 314 2931 optimi
333 2894 445 2925 fuerint.
457 2895 480 2922 si
492 2894 549 2930 jam
564 2895 692 2924 idoneum
708 2896 808 2926 ducem
820 2897 1002 2936 obtinuerint,

1332 2348 1506 2376 ΕΠΙΣΤΟΛΗ
1521 2350 1574 2376 Pl’.

1379 2394 1423 2427 Τῷ
1437 2394 1528 2428 αὐτῷ.

1095 2439 1194 2472 Χείλας
1211 2441 1226 2467 ὀ
1248 2440 1441 2476 πορνοϐοσκὸς,
1467 2441 1497 2468 δν
1515 2441 1565 2468 οὐκ
1585 2441 1658 2473 εἰκὸς
1674 2441 1727 2467 ὑπὸ
1745 2441 1852 2468 πολλῶν

1058 2486 1224 2520 ἀγνοεῖσθαι,
1238 2486 1282 2513 διὰ
1291 2487 1341 2522 τὴν
1357 2487 1389 2514 ἐκ
1408 2487 1457 2523 τῆς
1473 2487 1571 2522 τέχνης
1588 2487 1778 2523 λαμπρότητα.
1795 2487 1851 2514 Καὶ

1057 2532 1112 2568 γὰρ
1128 2533 1146 2568 ἢ
1162 2534 1244 2568 μῖμος
1265 2533 1446 2568 Ἀνδρομάχη,
1461 2532 1510 2568 τῆς
1521 2532 1616 2560 τούτου
1632 2533 1729 2568 γέγονε
1744 2533 1850 2567 φάλαγ-

1058 2586 1118 2612 γος,
1135 2579 1152 2613 ἡ
1168 2578 1198 2604 τὸ
1208 2577 1352 2605 κάλλιστον
1363 2578 1418 2605 τῶν
1434 2579 1571 2613 γυναικῶν
1585 2579 1615 2606 ὲν
1624 2580 1682 2610 τοῖς
1696 2579 1758 2606 καθ’
1775 2579 1849 2614 ἡμᾶς

1056 2625 1163 2661 χρόνοις
1173 2625 1324 2661 άνθήσασα.
1341 2622 1426 2658 Οὗτος
1447 2626 1578 2657 ἐννεάσας
1596 2626 1652 2658 τοῖς
1669 2625 1741 2652 οὓτω
1756 2625 1849 2658 καλοῖς

1056 2671 1265 2707 ἐπιτηδεύμασι,
1299 2672 1405 2707 πρέπον
1430 2670 1509 2706 ᾠήθη
1538 2672 1595 2703 τοῖς
1616 2671 1848 2706 προϐεϐιωμένοις

1055 2717 1141 2753 αὐτῷ,
1157 2718 1185 2744 ἐν
1197 2718 1270 2753 γήρᾳ
1283 2719 1493 2753 στρατιωτικαῖς
1509 2717 1751 2754 ἑλλαμπρύνεσθαι
1770 2717 1848 2750 τάξε-

1057 2772 1100 2790 σιν
1127 2763 1183 2800 [γρ.
1216 2764 1335 2799 ὲκλαμπ.
1354 2763 1460 2799 apii].
1480 2763 1613 2799 Ἔναγχος
1628 2761 1675 2790 οὖν
1689 2764 1750 2799 ἥκει
1773 2763 1849 2798 παρὰ

1058 2809 1191 2845 βασιλέως
1219 2811 1382 2845 στρατηγεῖν
1398 2809 1548 2845 εὑράμενος
1574 2810 1628 2837 τῶν
1650 2809 1849 2844 γενναιοτάτων

1056 2856 1248 2891 Μαρκομάνων
1260 2864 1267 2871 ·
1277 2855 1323 2887 οὓς
1337 2855 1410 2887 εἰκὸς
1421 2856 1488 2890 ἡμῖν
1502 2856 1562 2882 ἐστι
1577 2855 1624 2882 καὶ⁵
1636 2855 1769 2891 πρότερον
1781 2855 1850 2889 ἁγα-

1057 2899 1119 2932 θσὺς
1133 2899 1302 2935 στρατιώτας
1314 2899 1404 2934 ὄντας,
1423 2899 1471 2929 νῦν
1479 2900 1656 2935 ἐπιτυχόντας
1670 2899 1718 2935 καὶ
1730 2899 1850 2935 πρέπονφ
