1990 3060
190 124 270 158 ’1493

768 129 1004 159 EPISTOLIE.—
1023 129 1132 157 EPIST.
1152 129 1244 158 CXIII.
1257 137 1259 139 ‘

1757 112 1823 161 “ﬁt

199 194 246 217 τος
258 186 422 221 στρατηγοῦ,
443 187 513 222 μέγα
532 195 559 213 τι
572 187 619 213 καὶ
643 187 764 220 γενναῖον
786 187 866 223 ἔργον
885 187 984 214 ἐπιδει-

1039 186 1216 213 memorabile
1229 185 1342 221 aliquod
1368 191 1450 223 atque
1479 187 1619 224 egregium
1638 187 1748 216 facinus
1766 187 1815 215 edi-

197 231 305 263 ξισθαι.
322 231 419 266 Ἔλεγε
434 232 499 266 γοῦν
509 232 632 267 Συριανῷ
643 231 701 267 [γρ.
712 232 880 269 Σερηνιανῷ]
892 241 987 267 συγγε-

197 277 324 311 νόμενος·
347 275 426 303 οἶσθα
449 277 493 303 τδν
514 278 547 304 ὲκ
566 277 695 311 γειτόνων
721 277 767 304 τὸν
781 278 882 312 ἰατρόν.
905 279 939 305 '0
957 279 987 306 δὲ

197 321 328 357 Συριανδς
347 321 404 357 [γρ.
419 322 592 358 Σερηνιανδς]
610 322 760 358 ἀπήγγειλε
776 322 845 358 πρὸς
858 323 941 358 ἡμᾶς.
957 324 988 350 ὲν·

197 365 238 398 οἷς
254 367 396 394 ἀπολείπω
411 367 440 394 τὸ
454 367 524 394 θεῖον
536 368 726 403 στρατόπεδον.
741 368 781 395 Τὰ
792 368 842 404 μὲν
850 366 900 396 οὖν
919 368 987 396 ἄλλα

196 412 224 439 τί
247 413 280 440 ἂν
305 413 360 440 δέοι
384 412 441 449 [γρ.
462 412 564 449 δεήσοι]
579 413 648 449 πρὸς
665 413 695 440 σὲ
715 413 843 449 γράφειν,
859 412 897 441 ὧν
909 414 987 448 κάγὼ

196 457 343 493 παρέργως
358 458 557 494 ἠκροασάμην;
580 459 638 493 Ἐφ’
657 456 697 490 οἷς
717 458 746 485 δὲ
768 458 849 492 αὺτδς
868 459 987 491 ἀκούσας

196 502 284 539 ἥσθην
297 504 455 539 ὑπερφυῶς,
471 504 502 530 σέ
514 512 545 530 τε
563 504 597 531 δι’
612 504 703 531 αὐτῶν
725 504 910 540 εὐφρανθῆναι
924 504 986 540 βού-

197 547 288 584 λομαι,
301 548 364 576 τάδε
379 548 452 576 ἐστίν
464 556 472 565 ·
493 549 523 576 '0
545 549 705 584 θαυμαστὸς
722 549 860 585 Ἰωάννης.
888 549 986 585 μικρὸν

198 595 296 627 εἰπεῖν,
312 595 342 621 ὲν
354 596 410 626 τοῖς
435 594 526 626 αὺτοῖς
544 595 629 627 ἐστιν,
649 595 819 631 ὲπιδιδούσης
833 596 884 631 τῆς
900 597 987 632 τύχης

197 641 227 666 ἐν
244 641 300 672 τοῖς
323 640 429 666 ἐκείνου
454 640 624 675 πράγμασιν,
647 640 708 667 ὅσον
729 641 874 673 ἐπιδόσεως
890 643 985 677 χωρεῖ,

197 686 245 712 καί
263 694 324 712 τινα
337 685 398 712 καθ’
419 685 519 721 ἑαυτὴν
543 686 697 722 ὑπερϐολὴν
721 686 894 723 ἐξευρούσης.
907 687 987 723 Λύτῷ

196 732 227 758 ὅτε
240 732 295 767 γὰρ
308 732 412 759 ἀνεῖται
430 732 465 758 τὰ.
482 731 613 767 βασιλέως
632 729 695 765 ,ὦτα
706 740 712 749 ·
731 733 778 759 καὶ
790 733 842 768 πρὸ
853 732 955 760 τούτων
969 734 986 768 ἡ

196 779 294 813 γνώμη
321 778 439 813 χρῆσθαι
464 778 533 813 πρὸς
551 778 565 804 ὃ
586 786 611 804 τι
632 777 728 805 δέοιτο.
745 778 801 805 Καὶ
818 778 869 805 ὅσα
887 778 988 805 Ἀντιο-

196 832 245 858 χος
259 823 315 859 (53)
331 823 453 857 δύναται,
463 823 574 850 δύναται
585 823 685 859 τούτῳ·
711 823 821 851 δύναται
836 824 865 851 δὲ
890 824 987 851 Ἀντίο-

196 856 244 901 io;
255 856 310 894 ὅσα
323 867 457 902 βούλεται.
479 867 612 903 Ἀντίοχον
622 856 690 903 ἡγοῦ
700 867 737 904 μὴ
744 868 789 895 τὸν
803 869 857 895 ἀπὸ
866 869 937 905 Γρατ
942 878 985 896 ια-
1001 856 1022 884 Β

197 911 256 944 νοῦ,
275 912 306 939 τὺ
322 912 395 948 ἱερὸν
410 913 576 948 ἀνθρώπιον,
590 913 621 940 τὸ
638 914 774 949 βέλτιστον
786 915 835 950 μὲν
847 915 911 948 τοὺς
924 916 986 951 τρό-

195 965 277 989 πους,
299 957 502 993 είδεχθέστατον
522 958 550 985 δὲ
567 959 616 994 τὴν
628 959 699 994 ὕψιν.
724 960 793 986 Ἀλλ’
808 960 901 996 ἕτερός
912 961 985 989 ἐστιν

195 1002 212 1027 ὸ
227 1001 367 1034 νεανίσκος
381 1003 396 1029 ὁ
415 1003 570 1039 πρόκοιλος,
592 1004 607 1030 ὀ
626 1005 722 1041 Ναρσῇ
742 1005 782 1041 τῷ
794 1007 886 1042 Πέρσῃ
901 1011 987 1043 παραὶ

195 1046 391 1080 δυναστεύσας.
425 1047 527 1076 Τοῦτον
548 1049 578 1081 ἐξ
601 1049 705 1077 ἐκείνου
725 1051 806 1086 μέχρι
821 1051 868 1078 νῦν
883 1053 900 1088 ἡ
916 1052 986 1088 τύχη

196 1091 286 1127 μέγαν
298 1094 380 1120 ποιεῖ.
399 1093 507 1121 Τούτων
521 1094 608 1127 οὕτως
629 1095 758 1130 ἐχόντων,
780 1097 854 1129 εἰκός
870 1098 928 1124 ὲστι
940 1106 986 1124 κο-

197 1135 287 1172 ρώνης
297 1137 438 1170 ἐνιαυτοὺς
447 1138 527 1174 ἄρξαι
540 1140 605 1176 παρ’
614 1141 681 1175 ἡμῖν
696 1141 743 1167 τὸν
753 1141 923 1169 δικαιότατον
934 1142 985 1178 ἄρα

195 1190 288 1217 χοντα,
310 1183 357 1211 τοῦ
385 1184 435 1220 μὲν
455 1184 521 1212 ὄντα
546 1186 674 1222 συγγενῆ,
686 1186 732 1214 τοῦ
756 1187 784 1214 δὲ
800 1187 898 1215 οἰκεῖον
910 1187 986 1223 γενό-

196 1235 289 1262 μενον.
859 1239 861 1241 ί

460 1364 634 1391 ΕΠΙΣΤΟΛΗ
652 1363 726 1392 PIA'.

534 1411 658 1444 Τρωΐλφ.

231 1455 356 1491 Πυνθάνῃ
369 1454 436 1490 περὶ
451 1455 608 1491 Διοσκοριου
628 1455 728 1487 πόσους
744 1455 907 1490 ἀπαγγέλλει
924 1455 985 1492 [γρ.

1038 235 1125 258 turos.
1148 229 1204 258 Hoc
1235 231 1307 258 inter
1336 232 1548 268 colloquendqu
1583 233 1700 268 Syriano
1725 233 1820 262 dixit:

1036 275 1109 302 nosti
1132 274 1208 301 illum
1226 275 1260 302 de
1279 275 1380 302 vicinia
1396 277 1543 304 medicum.
1560 276 1697 312 Syrianus
1711 278 1751 305 ad'
1772 285 1823 305 nor

1037 319 1147 353 detulit,
1164 327 1283 355 quonam
1300 320 1328 348 in
1344 324 1417 348 statu
1432 322 1528 350 divina
1559 323 1606 350 illa
1635 328 1727 351 castra
1757 323 1820 351 reli.

1037 367 1154 402 quisset.
1173 367 1279 396 Caetera
1301 375 1383 403 porro
1405 369 1470 403 quid
1496 369 1594 396 attinet
1612 370 1745 401 scribere,
1762 377 1824 405 qua:

1036 419 1086 447 ego
1104 413 1189 441 etiant
1205 413 1294 440 obiter
1310 413 1425 448 accepi?
1453 413 1507 440 Sed
1524 408 1625 448 quibus
1649 415 1751 442 auditis
1769 406 1821 441 mi;

1036 458 1113 485 rifice
1125 466 1187 486 sum
1204 458 1369 491 delectatus,
1387 466 1561 494 quorumque
1583 460 1703 486 laetitiam
1721 460 1823 495 imper-

1037 503 1081 531 tiri
1097 504 1170 536 volo,
1186 511 1219 532 ea
1234 507 1300 532 sunt
1315 504 1450 540 ejusmodi
1462 513 1469 531 :
1483 504 1618 540 Egregius
1631 509 1725 533 noster
1739 506 1824 533 Joan-

1037 555 1099 580 nes,
1113 555 1229 583 parvum
1245 548 1296 576 hoc
1313 548 1386 576 dictu
1402 552 1444 576 est
1455 569 1463 582 ,
1481 548 1508 575 in
1527 548 1624 576 iisdem
1640 557 1746 584 semper
1763 558 1823 576 vcr-

1036 598 1123 626 satur,
1132 601 1193 621 cum
1207 594 1282 622 illius
1294 594 1321 621 in
1332 594 1415 622 rebus
1433 593 1542 621 Iortuna
1555 601 1585 622 se
1601 594 1628 620 in
1646 594 1706 621 dies
1716 594 1821 627 eﬂ'erat,

1036 643 1168 674 quantum
1183 639 1275 667 efferri
1294 644 1405 675 potest;
1438 640 1494 667 imo
1526 647 1592 667 vero
1620 639 1822 667 incrementum

1035 686 1116 713 etiam
1133 686 1176 714 sui
1190 685 1302 721 aliquod
1318 686 1528 721 excogitaverit.
1556 685 1624 712 Nam
1657 685 1697 712 illi
1727 689 1822 720 patent

1037 731 1212 765 imperatoris
1244 739 1337 765 aures,
1366 735 1409 766 et,
1428 731 1502 766 quod
1529 735 1613 766 caput
1630 735 1684 763 est,
1714 731 1824 759 animus

1037 776 1106 811 ipse,
1126 776 1202 811 quod
1215 777 1250 804 ad
1267 785 1299 805 ea
1312 778 1405 804 omnia
1418 785 1479 813 qua:
1492 777 1568 810 velit,
1582 781 1686 804 utatur.
1703 777 1735 804 Et
1746 778 1824 812 quid.

1037 821 1105 856 quid
1121 821 1277 849 Antiochus
1291 822 1437 857 potestatis
1456 822 1548 854 habet.
1568 822 1594 849 in
1612 821 1686 850 illius
1705 829 1825 849 commo-

1035 866 1100 893 dum
1120 866 1222 894 habet:
1238 870 1330 902 potest
1353 871 1444 895 autem
1471 867 1624 895 Antiochus
1649 875 1824 903 quaecunque

1034 911 1114 939 libet.
1130 911 1295 940 Antiochum
1309 913 1383 945 dico,
1401 921 1455 940 non
1474 921 1536 941 eum
1552 912 1600 948 qui
1617 920 1680 940 cum
1691 912 1823 940 Gratiano

1034 957 1098 991 fuit,
1116 962 1242 988 sanctum
1258 958 1482 992 homuncionem,
1499 958 1624 987 moribus
1648 959 1824 994 spectatissi-

1034 1002 1100 1034 mis,
1115 1002 1164 1030 sed
1179 1002 1280 1037 oppido
1294 1002 1457 1031 deformem.
1493 1002 1596 1030 Verum
1614 1003 1686 1031 alius
1711 1003 1823 1038 quidam

1033 1046 1198 1081 estjuvcnis
1211 1051 1371 1079 ventrosus,
1388 1048 1437 1082 qui
1467 1047 1539 1083 apud
1574 1047 1679 1075 Narsen
1711 1047 1822 1075 Persam

1034 1091 1171 1126 praecipua
1197 1092 1224 1119 in
1252 1092 1417 1119 auctoritate
1452 1092 1525 1124 fuit,
1559 1092 1740 1127 eamdemque
1759 1095 1823 1127 post

1034 1144 1097 1164 eum
1119 1137 1245 1164 retinuit.
1259 1138 1300 1165 Ab
1315 1145 1348 1165 eo
1367 1143 1490 1172 tempore
1506 1144 1635 1172 magnum
1649 1137 1726 1164 illum
1755 1137 1822 1164 huc-

1036 1189 1126 1217 usque
1140 1182 1250 1209 fortuna
1266 1182 1365 1210 reddit.
1382 1184 1448 1216 Qua:
1465 1190 1528 1210 cum
1544 1183 1581 1210 ita
1596 1183 1822 1214 sint,consenta-

1035 1233 1118 1253 neum
1132 1230 1174 1253 est
1186 1227 1309 1255 cornicis
1326 1235 1414 1256 annos
1429 1227 1609 1262 prtel‘uturum
1625 1227 1704 1256 nobis
1719 1227 1822 1262 aequis-

1034 1272 1135 1300 simum
1155 1272 1357 1308 magistratum,
1379 1273 1507 1308 quicum
1529 1273 1616 1301 altero
1640 1274 1821 1310 cognatione,

1034 1325 1098 1346 cum
1109 1317 1195 1346 altero
1208 1318 1414 1346 necessitudine
1431 1319 1468 1346 sit
1482 1319 1652 1353 coniunctus

1300 1363 1467 1392 EPISTOLA
1490 1363 1560 1391 CXI.

1379 1409 1485 1437 Troilo.

1072 1453 1180 1487 Quaeris
1197 1454 1232 1482 de
1247 1454 1390 1487 Dioscoro,
1411 1459 1478 1490 quot
1496 1462 1594 1484 versus
1608 1454 1733 1491 quotidie
1757 1462 1823 1490 pro-

194 1500 355 1536 ἀπαγγέλοι]
378 1500 484 1535 στίχους
505 1499 624 1535 ἑκάστης
653 1500 775 1536 ἡμέρας
807 1501 984 1536 πεντήκοντα.

1036 1500 1165 1528 nuntiat?
1178 1500 1391 1535 quinquaginta.
1408 1499 1463 1529 Hos
1478 1500 1590 1536 quidem
1618 1500 1721 1533 reddit,
1744 1500 1822 1528 -niliiI

194 1546 313 1578 Τούτους
339 1545 515 1578 ἀποδίδωσιν,
537 1546 568 1572 οὐ
595 1546 782 1581 προσπταίων,
804 1546 836 1572 οὺ
861 1545 984 1580 διλογῶν,

1036 1545 1176 1578 haesitans,
1192 1545 1261 1573 nihil
1278 1545 1378 1573 iterato
1394 1549 1520 1581 repetens
1534 1565 1543 1579 ,
1560 1553 1648 1581 neque
1673 1545 1822 1573 identidem

193 1592 246 1618 οὐκ
259 1591 436 1627 ἐφιστάμενος
451 1591 494 1626 ἐφ’
509 1588 531 1625 ᾧ
549 1591 599 1626 τὴν
617 1591 769 1627 ἀνάμνησιν
787 1591 911 1627 ἀθροῖσαι
937 1591 985 1618 σὺν

195 1638 296 1673 χρόνῳ·
310 1637 367 1665 ἀλλ’
384 1637 492 1665 ἐπειδὰν
508 1637 624 1673 ἄρξηται
642 1637 742 1672 λέγειν,
756 1637 907 1664 κατατείνει
922 1645 985 1665 συν-

194 1682 266 1718 εχῶς
276 1690 284 1697 ·
300 1683 348 1709 καὶ
361 1683 378 1718 ἡ
391 1681 482 1717 σιωπὴ
498 1682 573 1714 τέλος
588 1682 647 1709 ἐστὶ
656 1683 706 1717 τῆς
720 1682 901 1716 ἀπαγγελίας.

198 1735 202 1737 ·
452 1727 626 1754 ΕΠΙΣΤΟΛΗ
651 1728 725 1755 PIB'.

515 1771 558 1804 Τῷ
576 1771 666 1805 αὐτῷ.

202 1844 204 1847 ,
230 1817 301 1845 θῦτε
317 1819 365 1846 ἐπὶ
380 1819 437 1850 τοῖς
450 1817 542 1849 αὐτοῖς
555 1817 694 1853 ἄνθρωποι
710 1816 817 1852 φιλοῦσι
839 1816 888 1846 καὶ
907 1817 985 1845 ἐπαι-

194 1862 302 1890 νοῦσιν·
319 1862 382 1890 οὔτε
400 1863 449 1899 μία
470 1862 584 1898 δύναμις
600 1862 650 1897 τῆς
665 1861 754 1897 ψυχῆς
770 1861 814 1888 ἐπ’
836 1862 919 1897 ἄμφω
938 1861 984 1889 τὲ-

193 1915 293 1934 τακται
307 1908 405 1936 ταῦτα.
426 1907 508 1934 Ἀλλὰ
525 1907 565 1943 τῷ
580 1907 724 1943 παθητικῷ
739 1908 788 1943 μὲν
799 1907 984 1943 οἰκειούμεθα,

194 1953 243 1980 καὶ
261 1953 489 1990 ἀλλοτριούμεθα·
517 1953 556 1989 τῷ
581 1953 610 1980 δὲ
636 1953 739 1989 κρίνειν
762 1953 913 1990 δυναμένῳ,
935 1953 984 1981 καὶ

193 1999 272 2034 λόγον
286 1999 374 2036 ἔχοντι
393 2000 442 2036 τῆς
453 1999 554 2035 ψυχῆς,
573 1998 738 2034 ἐπαινοῦμέν
757 2007 788 2026 τε
807 1999 853 2027 καὶ
878 1999 984 2036 μεμφό-

195 2044 276 2081 paea.

452 2133 625 2160 ΕΠΙΣΤΟΛΗ
647 2132 720 2160 P1P.

492 2177 536 2210 Τῷ
557 2176 687 2212 ἀδελφῷ.

229 2222 295 2250 Εῐτα
308 2223 370 2256 τοὺς
387 2223 435 2259 μὲν
451 2223 650 2259 κακοδαίμονας
665 2221 776 2254 τούτους
793 2222 900 2259 ὁρῶμεν
916 2222 984 2250 ἁπο-

193 2267 321 2303 θνήσκειν
339 2267 478 2300 ἐθέλοντας
502 2267 573 2303 ὑπὲρ
593 2267 649 2294 τῶν
674 2266 832 2303 ἀλλοτρίων,
853 2268 922 2295 ἅττα
948 2267 983 2295 ἂν

193 2313 269 2340 λείαν
294 2313 542 2348 περιποιήσωνται,
564 2311 612 2339 τοῦ
642 2311 740 2348 μηκέτι
764 2312 896 2348 προέσθαι
926 2313 983 2345 τοῖς

195 2359 300 2394 κυρίοις
318 2358 404 2385 αὑτά·
424 2358 504 2393 ἡμεῖς
524 2358 552 2384 δὲ
576 2358 647 2393 ὑπὲρ
671 2357 773 2394 χώρας,
797 2358 868 2394 ὑπὲρ
891 2358 982 2394 ιερῶν,

193 2405 265 2440 ὑπὲρ
287 2404 386 2440 νόμων,
414 2404 485 2440 ὑπὲρ
499 2403 656 2439 κτημάτων,
682 2400 723 2436 οἷς
745 2404 820 2439 ἡμᾶς
842 2404 857 2430 ὁ
885 2404 981 2440 χρόνος

194 2450 404 2487 συνηθεστέρους
427 2449 565 2485 ἐποίησεν,
583 2449 634 2476 οὐκ
662 2449 844 2485 ἁφειδήσομεν
864 2449 980 2485 ἑαυτῶν,

194 2496 262 2524 ἀλλὰ
287 2495 470 2531 περιεξόμεθα
494 2495 549 2521 τῶν
575 2494 689 2530 ψυχῶν;
714 2495 765 2522 οὐκ
789 2495 843 2530 ἄρα
869 2495 980 2530 δόξομεν

195 2542 290 2578 ἄνδρες
301 2538 384 2568 εἷναιέ
400 2539 478 2575 Ἐμοὶ
492 2539 541 2575 μὲν
556 2537 603 2567 οὖν
619 2539 722 2575 ἰτητέον
737 2539 811 2566 ἐστὶν
827 2539 870 2566 ἐπ’
882 2540 982 2572 αὐτοὺς

1036 1588 1170 1617 insistens
1189 1588 1224 1616 ad
1237 1589 1418 1624 colligendam
1431 1597 1494 1617 cum
1508 1595 1633 1626 tempore
1643 1590 1801 1618 memoriam
1813 1599 1821 1618 :

1035 1634 1083 1662 sed
1100 1639 1246 1670 postquam
1262 1635 1390 1671 coeperit,
1419 1636 1553 1664 continuo
1583 1636 1733 1672 percurrit,
1759 1642 1824 1672 pro-

976 1694 979 1695 ν
1034 1679 1238 1716 nuntiaudiquc
1252 1680 1315 1708 linis
1333 1685 1375 1709 est
1393 1681 1548 1709 silentium.

1248 1725 1331 1762 254
1346 1725 1513 1754 EPISTOLA
1529 1725 1572 1754 CX
1577 1725 1609 1755 II.

1380 1770 1483 1799 Eidem.

1069 1814 1164 1851 Neque
1177 1815 1287 1845 easdem
1303 1816 1338 1844 ob
1365 1823 1467 1846 causas
1493 1816 1615 1853 diligunt
1641 1824 1675 1845 ac
1706 1817 1821 1846 laudant

1034 1860 1177 1894 homines,
1193 1869 1246 1890 nec
1261 1861 1359 1890 eadem
1376 1862 1474 1890 animae
1487 1862 1604 1891 facultas
1623 1863 1747 1898 utrisque
1766 1863 1821 1891 illis

1034 1906 1199 1941 prastandis
1207 1907 1338 1934 attributa
1350 1911 1403 1935 est.
1417 1907 1470 1935 Sed
1483 1915 1516 1935 ea
1532 1907 1643 1942 quidem
1658 1913 1747 1943 parte,
1764 1915 1820 1942 qua

1034 1951 1176 1980 affectibus
1190 1959 1350 1986 movemur,
1379 1953 1571 1986 conciliamur,
1590 1957 1639 1980 aut
1665 1953 1821 1981 alienamur

1033 1998 1149 2026 invicem
1165 2007 1172 2026 :
1187 2005 1249 2034 quae
1265 2006 1330 2026 vero
1342 1999 1484 2034 iudicandi
1498 1999 1522 2027 vi
1538 1999 1649 2034 praedita
1664 2003 1718 2031 est,
1734 2003 1762 2027 ct
1775 2006 1820 2026 ra-

1033 2042 1135 2071 tionem
1149 2042 1284 2077 continet,
1299 2051 1332 2071 ea
1343 2043 1498 2077 laudamus,
1515 2048 1563 2071 aut
1581 2042 1819 2079 reprehendimus.

1286 2132 1457 2161 EPISTOLA
1472 2132 1554 2161 CXIII

1286 2176 1289 2178 ’
1373 2178 1478 2206 Fratri.

1067 2221 1144 2251 Itane
1159 2223 1246 2251 vero?
1260 2223 1378 2251 miseros
1393 2223 1456 2251 illos
1473 2222 1615 2251 videamus
1628 2227 1728 2259 sponte
1744 2230 1818 2251 mor-

1031 2271 1086 2296 tem
1101 2275 1203 2304 cupere
1219 2275 1270 2304 pro
1289 2268 1388 2297 alienis
1401 2268 1484 2297 rebus
1508 2272 1649 2304 oppetere,
1680 2275 1820 2304 quascun-

1030 2321 1085 2350 que
1097 2313 1247 2350 depraedati
1261 2314 1364 2342 fuerint
1377 2322 1385 2347 ;
1401 2321 1436 2342 ne
1450 2321 1559 2342 rursum
1574 2313 1620 2346 iis,
1636 2321 1753 2349 quorum
1764 2314 1819 2342 illa

1030 2363 1107 2393 sunt,
1123 2359 1239 2388 reddere
1256 2363 1413 2396 cogantur:
1432 2367 1483 2388 nos
1504 2367 1554 2395 pro
1570 2359 1685 2388 sedibus
1702 2360 1816 2392 nostris,

1033 2411 1084 2440 pro
1098 2404 1196 2438 sacris,
1212 2412 1263 2440 pro
1279 2405 1397 2440 legibus,
1412 2412 1465 2440 pro
1490 2404 1620 2437 fortunis,
1648 2405 1748 2440 quibus
1766 2413 1818 2435 nos

1032 2449 1121 2485 magis
1144 2449 1276 2484 temporis
1299 2449 1468 2478 diuturnitas
1485 2449 1644 2482 assuefecit,
1671 2457 1726 2477 non
1747 2450 1818 2485 peri-

1033 2494 1104 2521 culis
1115 2493 1243 2522 omnibus
1252 2494 1334 2522 vitam
1352 2502 1530 2530 exponemus,
1545 2495 1593 2522 sed
1607 2495 1705 2522 animae
1716 2501 1818 2523 nostra:

1033 2540 1232 2569 consulemus?
1250 2540 1329 2569 Haud
1340 2548 1408 2569 sane
1421 2541 1472 2569 viri
1491 2549 1554 2569 esse
1567 2540 1732 2569 videbimur.
1750 2540 1816 2568 Mihi

806 2616 895 2645 DION.
915 2617 1054 2647 PETAVII
1072 2617 1186 2647 NOTAE.

231 2686 287 2721 (53)
307 2686 362 2713 Kal.
385 2686 444 2713 ὅσα
466 2686 624 2719 Ἀντίοχος.
649 2684 699 2712 Ilio
721 2685 766 2712 ille
789 2688 841 2718 est,
867 2685 976 2719 opinor,

196 2720 359 2752 Antiochus.
384 2728 464 2756 quem
490 2720 659 2756 lsdegerdes,
681 2725 744 2756 post
765 2724 920 2754 susceptam
943 2727 977 2747 ex

196 2756 306 2783 Arcadii
322 2754 486 2783 testamento
511 2754 657 2782 Theodosii
674 2755 798 2784 tutelam.
821 2758 979 2782 curatorem

198 2792 231 2818 ad
245 2799 306 2818 cum
320 2790 480 2824 destinavit.
496 2790 564 2817 Vide
577 2789 727 2821 Zonaram,
741 2789 857 2824 Gedren.
882 2793 910 2816 et
931 2788 979 2824 Ni-

195 2826 275 2862 Ct'ph.
291 2826 338 2854 lib.
354 2833 412 2860 xxv,
428 2832 454 2854 c.
472 2824 656 2863 ILDcraltero
669 2823 815 2857 Antiocho,
827 2831 909 2860 quem
923 2823 978 2851 ἀπὸ

1030 2685 1181 2717 Γρατιανοῦ
1198 2685 1334 2717 nominat,
1358 2685 1427 2712 nihil
1445 2685 1563 2712 extrico.
1582 2683 1704 2712 Isidorus
1722 2682 1814 2711 Pelus.

1031 2717 1078 2748 lib.
1096 2730 1115 2752 ι,
1132 2721 1214 2756 epist.
1228 2721 1274 2753 56,
1285 2755 1289 2756 ν
1299 2720 1436 2756 Antiocho
1450 2718 1674 2756 cuida_m_scribit
1688 2717 1816 2756 eunucho

1031 2753 1242 2796 palatii;'quem
1264 2755 1340 2783 illum
1357 2755 1446 2790 ipsum
1471 2754 1506 2783 ab
1530 2753 1674 2790 Isdegerde
1697 2753 1814 2781 missum

1030 2798 1093 2820 esse
1107 2797 1242 2826 suspicor.
