1990 3060
205 115 274 144 M99

734 117 868 146 SYNESII
889 116 1121 146 P'I'OLEIIAIDIS
1141 114 1296 144 EPISCGPI

1771 111 1853 140 ιεοο

203 174 259 207 sit,
278 173 422 203 disertius.
447 174 618 204 Marcianum
634 175 848 213 philosophum,
870 179 918 213 qui
941 177 990 205 Pa-

1137 175 1197 202 Κάν
1217 184 1244 202 τι
1266 173 1390 208 δύνηταν
1408 172 1574 207 στοχάζομαι
1591 172 1621 198 δὲ
1642 172 1684 198 ὅτι
1708 170 1833 201 δύναται
1845 192 1853 202 ,

203 220 358 255 plilagonia:
373 220 492 256 praefuit,
517 229 578 249 meo
597 222 710 250 nomine
722 223 828 252 salutes
844 224 936 252 velim.
959 223 994 252 Et

205 265 228 292 si
245 265 384 301 quidpiam
409 270 516 302 potest,
543 267 624 303 257
642 276 724 303 posse
750 273 842 298 autem
858 270 992 306 conjicio,

205 310 279 338 istud
299 311 447 347 prohibere
461 313 628 347 contendat,
642 322 678 343 ne
699 314 724 344 is
743 316 792 351 qui
814 323 921 344 mecum
945 316 994 344 ad<

205 355 316 383 modum
332 358 500 393 cognatione
515 360 681 394 conjunctus
695 365 723 389 et
736 362 921 390 consobrinus
937 366 993 396 est,

204 409 220 427 a
235 401 406 431 delatoribus
432 405 683 439 calumniantibus,
704 407 871 436 certissimis
895 407 993 443 patriae

1043 222 1191 250 κωλυσάτω
1206 221 1324 256 συγγενῆ
1345 228 1396 255 μου
1416 219 1518 255 σφόδρα
1537 218 1699 253 αὐτανέψιον
1718 217 1777 253 [γρ.
1791 217 1853 244 ἁν-

1041 267 1178 304 τανέψιον]
1193 287 1201 300 ,
1226 267 1306 302 ἔργον
1324 265 1450 301 γενέσθαι
1476 264 1652 299 συκοφαντῶν
1681 262 1852 295 ὲνδεικτῶνς

1042 315 1139 342 κοινῶν
1158 314 1315 349 ἀλαστόρων
1329 314 1378 349 τῆς
1394 312 1500 348 χώρας·
1517 312 1548 338 ὃν
1564 320 1606 338 σοι
1631 310 1700 346 μετά
1717 311 1767 346 τῆς
1780 310 1852 336 ἑπι-

1043 361 1140 397 στολῆς
1153 360 1211 388 υἱον
1226 359 1382 396 ἐγχειρίζω,
1392 359 1426 386 δι’
1438 358 1468 386 ὃν
1485 358 1562 390 ὄντες
1573 357 1683 392 ἀδελφοὶ
1696 355 1755 389 δύο,
1765 355 1851 392 τρεῖς

1042 406 1245 443 ἀριθμούμεω.

206 453 308 475 nostrae
329 450 453 484 pestibus
465 471 473 484 ,
499 452 599 480 misere
623 453 786 481 conficiatur
807 462 815 480 :
843 462 925 489 quem
942 455 993 483 tibi
1009 463 1074 483 cum
1097 455 1149 484 hac
1170 452 1290 490 epistola
1303 452 1351 480 lilii
1365 452 1427 481 loco
1439 450 1594 484 committo,
1613 453 1726 486 propter
1743 456 1847 484 quem.

205 501 268 521 cum
280 494 336 523 duo
349 495 485 524 duntaxat
500 496 602 525 fratres
616 498 715 531 simus,
727 503 786 528 tres
801 508 991 529 numeramur.

469 562 641 593 EPISTOLA
655 565 739 594 CXX.

548 632 652 662 Fratri.

241 685 340 714 Medici
364 688 454 716 solent
484 688 520 717 iis
545 690 592 725 qui
617 698 689 726 aegre
727 696 858 719 evomunt
894 691 997 727 tepidae

206 739 286 767 aqua:
306 734 487 763 sorbitionem
505 736 702 771 praescribere,
721 742 751 764 ut
770 738 845 773 quod
861 738 937 766 intus
953 740 997 765 est

206 786 270 806 cmn
297 786 329 807 ea
347 780 430 808 simul
455 782 612 810 extrahant.
633 783 702 812 Volo
723 784 807 820 igitur
831 792 918 812 novos
944 784 993 812 tibi

1317 564 1489 594 ΕΠΙΣΤΟΛΗ
1505 564 1571 591 PK’.

1358 632 1401 666 Τῷ
1412 632 1544 667 ἀδελφῷ.

1081 691 1113 717 υι
1134 689 1330 725 Ἀσκληπιάδαι
1353 690 1409 721 τοῖς
1432 689 1589 724 δυσεμέτοις
1608 687 1703 720 ὓδατος
1727 687 1847 723 χλιαρου

1045 735 1162 763 διδόασιν
1188 736 1363 772 augmen,
1392 736 1436 762 ἵνα
1466 734 1554 770 τούτῳ
1585 733 1848 761 συνεπισπάσωνται

1047 782 1094 809 καὶ
1107 781 1137 808 τὸ
1151 781 1392 817 προαποκείμενον.
1406 780 1541 816 Βούλομαι
1554 780 1585 815 δή
1601 788 1641 806 σοι
1655 778 1732 814 κάγὼ
1746 779 1847 814 φήμας

207 830 333 853 rumores
347 827 475 855 nuntiare
485 847 492 859 ,
507 828 555 863 qui
570 828 604 856 ad
626 837 670 857 me
687 838 773 865 nuper
786 838 819 858 ex
840 831 992 859 continenti

1048 826 1138 858 itath
1153 827 1266 862 ἔναγχος
1277 827 1309 853 ἐκ
1321 826 1372 861 τῆς
1388 826 1502 862 ἠπείρου
1516 825 1736 861 διακομισθείσας
1747 825 1847 858 ἀπαγ-

204 875 271 898 sunt
285 872 381 905 allati,
405 877 436 900 ut
460 873 522 902 illos
546 881 610 902 cum
630 875 724 904 fenore
744 876 811 904 mihi
829 876 950 911 reddas,
970 876 996 905 si

205 915 272 950 quid
289 918 364 946 nosti
381 919 512 954 amplius,
532 919 667 955 adjiciens

459 985 629 1015 EPISTOLA
648 987 743 1016 CXXI.

414 1051 559 1081 Anastasio
579 1053 784 1089 hydrocomeue.

239 1106 354 1142 Ulysses
367 1107 535 1144 Polyphemo
554 1110 689 1144 suadebat
716 1116 747 1139 ut
768 1120 784 1141 e
802 1113 936 1148 spelunca
963 1122 995 1144 se

201 1152 364 1182 dimitteret.
383 1153 529 1184 Veterator
543 1157 616 1184 enim
627 1177 635 1191 ,
651 1157 761 1191 aiebat,
773 1166 824 1194 ego
845 1167 907 1187 sum
920 1179 928 1193 ,
944 1168 994 1196 op»

203 1202 377 1234 portuneque
395 1200 445 1228 tibi
470 1201 620 1229 admodum
644 1202 771 1231 subsidio
797 1203 919 1237 fuerim.
947 1206 993 1233 cui

201 1243 304 1271 marini
325 1251 436 1273 amores
461 1245 501 1274 illi
523 1254 578 1274 non
602 1247 671 1275 satis
685 1255 720 1275 ex
733 1251 797 1276 voto
814 1249 991 1284 respondent.

203 1287 311 1317 Etenim
327 1297 380 1326 ego
392 1291 537 1320 cantiones
551 1292 685 1328 quasdam
700 1292 761 1320 scio
772 1312 781 1325 ,
801 1298 828 1321 ct
841 1301 930 1322 nexus
940 1313 949 1326 .
964 1299 994 1322 et

201 1336 353 1364 amatorias
368 1336 513 1366 illecebras
523 1359 530 1371 ,
553 1338 656 1374 quibus
669 1339 711 1367 vel
725 1339 863 1367 tantillum
877 1339 993 1368 Galatea

203 1380 333 1409 resistere
354 1389 410 1409 non
430 1386 530 1418 potest.
553 1383 611 1412 Hoc
631 1389 660 1411 tu
681 1385 771 1412 solum
792 1385 894 1413 ostium
916 1393 993 1414 amo-

203 1430 266 1454 veto
279 1447 287 1460 ,
302 1427 346 1456 vel
364 1435 462 1456 saxum
485 1429 560 1458 istud
582 1429 680 1466 ingens
700 1431 793 1466 potius
812 1438 820 1458 :
837 1431 905 1458 mihi
918 1432 992 1459 enim

203 1473 245 1500 vel
269 1475 488 1508 promontorium
513 1482 577 1504 esse
601 1475 721 1504 videtur.
745 1476 802 1513 Ego
823 1484 891 1505 vero
913 1477 948 1505 ad
965 1481 993 1505 te

201 1524 337 1552 revertar,
353 1527 417 1548 cum
434 1520 511 1549 dicto
524 1521 608 1549 citius
628 1522 749 1557 puellam
771 1523 900 1559 adegero.
921 1522 992 1556 Quid

201 1564 270 1597 dixi,
280 1564 398 1601 adegero
406 1566 418 1593 ?
426 1566 514 1602 ipsam
527 1567 601 1600 illam
611 1567 704 1597 multis
714 1569 862 1605 pmtigiis
872 1569 993 1597 adductu

203 1609 311 1638 facilem
329 1611 467 1646 praebebo.
481 1612 579 1641 Orablt
589 1617 627 1646 te,
641 1618 669 1642 et
684 1614 863 1644 obsecrabit:
882 1620 913 1644 tu
927 1625 993 1646 vero

201 1655 316 1684 delicias
328 1663 393 1692 ages
403 1677 412 1690 ,
433 1661 461 1685 et
474 1658 583 1687 illudes.
604 1658 801 1689 Verumtamen
817 1662 912 1690 nescio
925 1662 993 1698 quid

1046 872 1145 906 γεῖλαι,
1161 873 1205 900 ἴνα
1223 881 1269 907 μοι
1287 872 1504 904 πολλαπλασίους
1522 871 1607 904 αὑτὰς
1621 871 1739 907 ἀποδῷς,
1755 879 1848 906 προσ-

1047 917 1104 950 θεὶς
1118 919 1144 945 ετ
1160 926 1188 945 τι
1204 918 1285 946 πλέον
1300 918 1378 951 εἰδὼς
1393 919 1549 954 τυγχάνεις.

1299 985 1473 1012 ΕΠΙΣΤΟΛΗ
1491 985 1582 1013 ΡΚΔ’.

1103 1051 1288 1085 Ἀναστασίφ
1302 1052 1498 1087 ὑδροκωμήτῃ
1513 1051 1570 1089 [γρ.
1586 1052 1785 1089 ὐδρομύσηιι.

1095 1107 1230 1140 οδυσσεὺς
1247 1108 1338 1136 ἔπειθε
1361 1109 1406 1135 τὸν
1426 1108 1588 1144 Πολύφημον
1607 1108 1742 1142 διατεῖναι
1759 1109 1844 1136 αὑτὸν

1044 1152 1078 1180 ὲκ
1090 1152 1138 1180 τοῦ
1157 1154 1298 1190 σπηλαίου.
1320 1154 1390 1190 Γόης
1407 1154 1460 1190 γάρ
1484 1155 1552 1190 ειμι,
1567 1154 1614 1181 καὶ
1640 1155 1680 1186 εἰς
1698 1154 1794 1190 καιρὸν
1807 1155 1845 1182 ἂν

1045 1206 1088 1225 σοι
1111 1199 1229 1235 παρείην
1251 1199 1302 1226 ούκ
1325 1199 1483 1235 εὐτυχοῦντι
1506 1199 1542 1226 τὰ
1567 1200 1609 1231 είς
1631 1199 1677 1226 τὸν
1698 1199 1845 1227 θαλάττιον

1044 1243 1145 1279 ἔρωτα,
1165 1244 1235 1271 Ἀλλ’
1251 1245 1308 1279 ἐγώ
1323 1254 1364 1272 τοι
1384 1245 1431 1272 καὶ
1454 1245 1562 1281 ἐπῳδὰς
1586 1244 1655 1277 οἶδα,
1683 1246 1730 1273 καὶ
1754 1254 1844 1272 κατα-

1043 1289 1170 1325 δέσμους,
1191 1291 1239 1318 καὶ
1262 1292 1397 1327 ἐρωτικὰς
1421 1292 1606 1327 γαταιιάγκας,
1628 1289 1672 1324 αἷς
1690 1293 1741 1320 οὐκ
1766 1292 1842 1325 εἰκὸς

1043 1335 1180 1371 ἀντισχεῖν
1204 1337 1266 1364 οὐδὲ
1294 1337 1454 1374 προσϐραχὺ
1487 1338 1538 1375 τὴν
1566 1338 1724 1366 Γαλάτειαν.
1750 1339 1842 1366 Μόνον

1044 1382 1176 1418 ὑπόστηθι
1197 1383 1229 1410 σὺ
1243 1383 1293 1419 τὴν
1315 1382 1401 1419 θύραν
1423 1384 1605 1420 ἀποκινῆσαι·
1622 1384 1722 1419 μᾶλλον
1742 1384 1772 1411 δὲ
1792 1384 1842 1411 τὸν

1043 1428 1140 1464 θυρεὸν
1154 1428 1257 1456 τοῦτον.
1277 1429 1355 1464 Ἐμοὶ
1374 1429 1424 1465 μὲν
1440 1430 1495 1466 γάρ
1514 1430 1562 1457 καὶ
1583 1429 1755 1466 ἀκρωτήριον
1770 1428 1842 1456 εἶναι

1043 1474 1180 1510 φαίνεται.
1199 1475 1271 1509 Ἐγὼ
1284 1475 1313 1502 δὲ
1331 1475 1459 1512 ἐπανήξω
1475 1485 1527 1508 σοι,
1541 1475 1638 1503 θᾶττον
1658 1476 1674 1511 ἢ
1696 1476 1774 1510 λόγος
1789 1476 1842 1512 τὴν

1045 1521 1128 1547 παῖδα
1153 1521 1404 1556 κατεργασάμενος.
1427 1521 1460 1548 Τί
1483 1521 1555 1557 λέγω
1578 1522 1839 1557 κατεργασάμενος

1043 1566 1135 1602 Αὐτὴν
1147 1567 1255 1602 ἐκείνην
1265 1567 1398 1602 ἀποφανῶ
1411 1575 1453 1593 σοι
1462 1567 1542 1604 δεῦρο
1554 1567 1664 1599 πολλαῖς
1679 1568 1750 1602 ἴυγξι
1762 1576 1840 1602 γενο-

1045 1609 1129 1646 μένην
1141 1609 1282 1646 ἀγώγιμον
1291 1619 1298 1626 ·
1314 1611 1362 1638 καὶ
1377 1611 1503 1647 δεήσεταί
1520 1620 1567 1639 σου
1581 1612 1628 1640 καὶ
1647 1612 1817 1648 ἀντιῦολήσει
1829 1619 1837 1627 ”

1044 1655 1078 1682 σὺ
1096 1655 1124 1682 δὲ
1138 1655 1222 1693 ἀκκιῇ
1244 1657 1292 1684 καὶ
1314 1657 1528 1694 κατειρωνεύσῃ.
1541 1658 1626 1694 Ἀτὰρ
1643 1659 1744 1694 μεταξὺ
1761 1658 1794 1693 μὶ
1810 1667 1838 1685 τι

201 1700 313 1731 interim
339 1702 477 1737 ejusmodi
501 1705 662 1740 scrupulum
685 1706 790 1741 injicit;
809 1715 844 1736 ne
859 1708 992 1737 vellerum

1048 1701 1091 1728 καὶ
1105 1702 1224 1729 τοιοῦτον
1237 1702 1345 1738 ἔθραξε,
1359 1703 1398 1738 μὴ
1419 1703 1473 1730 τῶν
1493 1703 1597 1730 κωδίων
1610 1703 1736 1739 ὸιγράσος
1751 1703 1838 1739 ἀηδὴς

200 1748 379 1777 succldorum
414 1749 487 1790 fetor
524 1751 649 1780 delicate
685 1753 783 1788 puellae
799 1773 808 1787 ,
837 1754 993 1790 saepiusque

1048 1746 1155 1782 γένηται
1175 1746 1244 1783 κόρῃ
1268 1747 1419 1783 τρυφώσῃ,
1444 1748 1492 1775 καὶ
1513 1747 1645 1784 λουομένη
1664 1749 1714 1783 τῆς
1732 1747 1838 1783 ἡμέρας

201 1793 238 1821 de
253 1793 299 1823 die
320 1787 421 1824 lavanti
454 1796 579 1833 ingratus
604 1787 721 1826 accidat.
745 1787 885 1828 Consulto
901 1787 993 1837 itaque

1048 1792 1182 1825 πολλάκις.
1208 1793 1297 1821 Καλὸν
1321 1791 1369 1821 οὖν
1389 1794 1414 1820 εί
1440 1793 1529 1821 πάντα
1547 1793 1707 1830 εὐθετήσας,
1722 1793 1838 1829 ἐκκορή-

202 1840 316 1874 feceris,
333 1842 359 1873 sl
380 1842 472 1870 omnia
486 1850 654 1879 componens
669 1851 796 1878 everras.
807 1850 836 1873 et
849 1846 943 1879 elnas,
959 1854 993 1874 ac

1048 1838 1120 1870 βειάς
1130 1847 1160 1865 τε
1185 1838 1234 1866 καὶ
1253 1839 1407 1872 ὲκπλυνεϊς,
1427 1839 1474 1867 καὶ
1495 1839 1688 1875 ὲνθυμιάσειας
1700 1839 1732 1866 τὸ
1744 1839 1838 1875 δωμά-

201 1886 297 1915 suﬂias
314 1887 472 1916 cubiculum
486 1897 494 1917 :
509 1889 652 1926 multoque
664 1889 756 1918 adhuc
776 1891 933 1920 consultius
944 1912 951 1926 ,
968 1892 992 1921 si

1048 1892 1117 1911 ιιονο
1134 1883 1174 1911 ἔτι
1197 1884 1226 1912 δὲ
1246 1884 1366 1919 κάλλιον,
1383 1886 1408 1912 εί
1428 1885 1476 1913 καὶ
1491 1885 1642 1920 στεφάνους
1661 1885 1837 1921 παρασκευά-

201 1937 229 1960 et
246 1940 364 1961 coronas
379 1934 520 1969 paraveris
533 1942 567 1962 ex
584 1935 685 1964 hedera
696 1956 704 1969 ,
721 1940 750 1964 et
764 1937 904 1970 similace,
922 1946 992 1974 quas

1048 1937 1114 1962 rato,
1127 1929 1220 1957 κιττοῦ
1232 1938 1264 1957 τε
1281 1930 1329 1958 καὶ
1349 1930 1465 1966 μίλακος
1485 1930 1542 1967 [γρ.
1563 1930 1662 1967 cum],
1676 1929 1719 1963 οἷς
1738 1930 1837 1958 σαυτόν

202 1978 271 2011 tibi,
297 1979 407 2015 tuisque
433 1979 540 2009 deliciis
567 1981 703 2017 imponas.
733 1982 788 2010 Sed
816 1983 883 2018 quid
908 1985 991 2012 etiam

1048 1983 1072 2002 rs
1097 1975 1144 2002 καὶ
1156 1975 1192 2002 τά
1207 1975 1320 2003 παιδικά
1339 1976 1496 2012 ἀναδήσαιο.
1516 1976 1596 2003 Ἀλλά
1616 1977 1643 2003 τί
1668 1976 1837 2012 διατρίϐεις

200 2024 332 2052 restitas!
353 2025 413 2053 Non
434 2026 490 2062 jam
509 2026 582 2055 fores
597 2028 741 2057 emoliris‘.’
763 2028 805 2056 Ad
825 2029 883 2057 haec
908 2030 992 2066 igitur

1048 2023 1099 2050 υῦκ
1112 2023 1246 2059 ἑγχειρεῖς
1257 2024 1308 2060 ἤδη
1323 2025 1357 2060 τῇ
1371 2024 1441 2061 θύρᾳ
1453 2033 1461 2058 ;
1477 2025 1550 2061 Πρὸς
1561 2023 1608 2052 οὖν
1622 2024 1708 2052 ταῦτα
1724 2026 1738 2052 ὸ
1751 2024 1838 2079 Πολύ-

201 2069 383 2105 Polyphemus
409 2071 574 2099 cachinnum
604 2073 721 2105 extulit.
749 2078 882 2108 quantum
902 2076 992 2110 potuit

1048 2077 1132 2104 ρημος
1145 2069 1313 2105 samum
1330 2078 1361 2097 τε
1376 2070 1438 2098 ὅσον
1448 2070 1562 2106 ἠδύνατο
1578 2070 1718 2106 μέγιστον,
1733 2071 1780 2098 καὶ
1796 2069 1836 2097 τὼ

200 2115 362 2148 maximum,
375 2123 527 2152 manusque
538 2118 693 2153 complosit.
708 2117 742 2145 Et
757 2118 868 2154 Ulysses
880 2116 990 2155 quidem

1048 2115 1116 2150 (εἶρε
1135 2115 1277 2151 ἐκρότησε.
1300 2115 1357 2144 Καὶ
1384 2116 1399 2142 δ
1423 2116 1472 2152 μὲν
1494 2116 1639 2148 Ὀδυσσεὺς
1661 2115 1730 2151 ᾤετο
1755 2115 1836 2143 αὐτὸν

200 2166 256 2194 prae
271 2160 371 2195 gaudio
388 2160 464 2188 illum
481 2162 525 2189 sui
542 2167 695 2197 compotem
713 2171 768 2191 non
790 2171 852 2193 esse
868 2165 988 2194 arbitra-

1048 2159 1094 2186 fmb
1115 2161 1255 2196 χαρμονῆς
1276 2160 1327 2187 οὐκ
1342 2160 1415 2196 ἔχειν
1427 2161 1441 2187 ὃ
1456 2169 1483 2188 τι
1506 2160 1594 2196 ἑαυτῷ
1614 2161 1756 2197 χρήσαιτο,
1769 2169 1835 2208 itar-

200 2205 297 2238 batur,
327 2205 400 2241 quod
422 2214 453 2234 se
476 2207 534 2235 suis
559 2207 665 2236 deliciis
686 2208 837 2243 potiturum
852 2215 986 2245 speraret.

1048 2205 1188 2233 ελπίσαντα
1213 2205 1268 2233 τῶν
1293 2206 1427 2234 παιδικῶν
1450 2206 1634 2242 περιέσεσθαι.
1660 2206 1690 2233 '0
1706 2206 1745 2245 δὲ,
1767 2206 1837 2233 ὑπο-

197 2252 234 2279 Αι
255 2252 300 2280 ille
327 2257 449 2281 mentum
466 2253 527 2288 ejus
549 2253 646 2282 leniter
664 2255 839 2289 demulcens,
855 2256 939 2292 258
964 2257 987 2286 0

1048 2251 1179 2284 νενειάσας
1193 2252 1285 2285 αὑτὸν,
1301 2250 1337 2279 Ὦ
1352 2252 1428 2285 Οὔτι,
1443 2252 1494 2289 ἔφη
1505 2260 1512 2268 ·
1538 2252 1702 2288 δριμύτατον
1723 2252 1774 2288 μὲν
1789 2253 1836 2279 ἀν-

198 2297 304 2326 Nemo!
320 2298 410 2332 dixit,
429 2298 595 2327 vaferrimus
609 2300 756 2328 homuncio
781 2302 849 2329 mihi
872 2303 987 2335 videris.

1048 2296 1156 2332 lpdmtov
1183 2297 1275 2330 ἔοικας
1301 2295 1391 2331 εῖναι,
1418 2299 1465 2325 καὶ
1493 2298 1778 2334 ὲγκατατετριμμένον
1802 2298 1832 2324 ἐν

197 2348 226 2371 et
245 2351 337 2371 rerum
362 2352 414 2372 usu
432 2343 559 2373 detritus.
577 2344 680 2373 Verum
696 2347 770 2375 aliud
783 2347 914 2383 quiddam
928 2355 988 2376 mo—

1048 2343 1205 2378 εράγμασιν.
1218 2343 1300 2371 ’Λλλο
1319 2343 1411 2380 μέντοι
1437 2352 1465 2370 τι
1492 2344 1631 2371 ποίκιλλε·
1654 2343 1760 2370 ἐνθένδε
1778 2343 1833 2379 γὰρ

198 2389 270 2417 lire:
298 2397 349 2417 nec
363 2389 437 2417 enim
457 2390 520 2426 ipse
542 2391 635 2427 fugam
662 2391 725 2420 inde
740 2399 879 2428 capesses.
897 2393 987 2430 Atque

1048 2389 1086 2416 ιύκ
1101 2389 1274 2425 ἀποδράσεις.
1292 2389 1323 2417 '0
1339 2389 1389 2425 μὲν
1402 2387 1449 2417 οὗν
1468 2389 1613 2422 Ὀδυσσεὺς
1630 2389 1766 2425 (ἠδικεῖτο
1779 2389 1834 2426 γὰρ

199 2435 292 2472 Ulyssi
317 2436 429 2471 quidem
460 2436 539 2472 (nam
569 2437 698 2472 injuriam
721 2445 789 2466 sane
813 2439 986 2476 patiebatur)

1048 2435 1134 2470 μντως)
1148 2435 1259 2470 ἔμελλεν
1271 2435 1326 2470 ἄρα
1339 2437 1389 2471 τῆς
1403 2435 1572 2471 πανουργίας
1586 2434 1741 2471 ἡγήσεσθαι.
1756 2435 1790 2462 Σὲ
1804 2435 1833 2463 δὲ

198 2482 248 2510 Sua
263 2489 378 2517 prorsus
393 2486 452 2510 erat
466 2481 612 2517 profutura
628 2482 776 2511 calliditas.
802 2483 840 2512 De
863 2489 890 2512 te
909 2492 986 2520 vero,

1048 2481 1177 2509 (ύκλωπα
1193 2482 1241 2517 μὲν
1252 2481 1317 2508 ὄντα
1335 2483 1369 2517 τῇ
1383 2481 1480 2517 τόλμῃ,
1502 2481 1618 2516 Σίσυφον
1632 2481 1667 2535 δῖ
1672 2482 1729 2512 τοῖς
1735 2481 1832 2535 ⁷ἔγχειῖ

197 2528 244 2557 aui
260 2527 375 2555 audacia
397 2527 561 2563 Cyclopem,
586 2528 666 2557 factis
683 2529 830 2565 Sisyphum
846 2529 965 2558 referres
976 2551 984 2564 ,

1048 2527 1141 2562 ›ήμασι
1153 2526 1214 2562 δίκη
1232 2526 1361 2563 μετῆλθε,
1386 2527 1433 2554 καὶ
1454 2527 1535 2562 νόμος
1554 2526 1708 2562 καθεῖρξεν,
1731 2524 1770 2553 ὧν
1793 2524 1830 2570 pf)

194 2573 301 2607 justitia
316 2580 413 2608 poenas
427 2574 561 2609 sumpsit,
579 2574 677 2609 lexque
692 2574 868 2608 constrinxit,
884 2575 985 2610 quibus

1048 2581 1102 2600 ποτε
1122 2573 1154 2600 σὺ
1170 2573 1394 2607 καταγελάσειας.
1411 2573 1443 2599 El
1456 2572 1485 2599 δὲ
1504 2573 1545 2599 δεῖ
1563 2572 1672 2604 πάντως
1688 2572 1831 2607 ὑπερέχειν

197 2624 338 2651 nunquam
351 2617 456 2644 utinam
476 2617 586 2646 illudas.
605 2617 684 2651 Quod
700 2618 725 2647 si
745 2619 858 2646 omnino
879 2619 986 2655 legibus

1048 2617 1068 2644 τὲ
1082 2617 1136 2645 τῶν
1148 2618 1253 2654 νόμωνο
1268 2617 1336 2645 ἀλλά
1350 2618 1388 2653 μὴ
1404 2617 1491 2652 ἔγωγε
1514 2617 1574 2653 ειην
1586 2617 1601 2644 ὁ
1621 2616 1768 2653 παραλύων
1781 2617 1829 2643 αὑ-

198 2662 368 2696 superiorem
392 2665 419 2689 te
440 2669 503 2690 esse
526 2670 639 2690 necesse
658 2666 700 2691 est
721 2672 729 2691 :
753 2668 781 2691 at
802 2671 853 2699 ego
880 2671 935 2692 non
960 2665 985 2694 is

1048 2664 1111 2697 :obc,
1123 2664 1170 2691 καὶ
1189 2663 1238 2696 τὰς
1259 2663 1344 2700 θύρας
1364 2663 1557 2699 καταῤῥηγνὺς
1577 2662 1623 2700 τοῦ
1647 2662 1694 2689 ἐπὶ
1713 2663 1770 2694 τοῖς
1790 2663 1831 2690 δε-

197 2706 249 2733 sini
283 2705 330 2740 qui
347 2713 394 2734 eas
423 2707 547 2740 solvam,
567 2711 614 2735 aut
638 2708 759 2736 carceris
785 2708 858 2737 fores
888 2709 984 2738 eflrin-

1048 2710 1160 2746 ιμώταις
1175 2710 1333 2745 οἰκήματος.
1346 2709 1402 2737 Καὶ
1413 2709 1469 2744 γὰρ
1486 2709 1511 2736 si
1533 2709 1583 2744 μὲν
1603 2706 1638 2744 ἦν
1660 2708 1706 2734 ἐπὶ
1721 2709 1778 2739 τοῖς
1794 2708 1830 2735 ls-

197 2745 389 2786 g:un.Etenim
412 2753 434 2780 si
456 2753 525 2789 reip.
550 2762 633 2789 penes
651 2755 794 2790 episcopos
810 2758 884 2783 esset
899 2755 985 2784 admi-

1048 2755 1159 2791 ιεῦσινὴ
1179 2754 1310 2786 πολιτεία,
1325 2753 1436 2786 τούτους
1463 2753 1518 2780 ἔδει
1537 2753 1586 2788 τῆς
1602 2752 1734 2788 πονηρίας
1751 2752 1830 2779 κολα.

196 2797 337 2831 uistratio,
365 2798 475 2826 eosdem
503 2799 578 2834 ipsos
605 2805 745 2836 oporteret
766 2801 895 2838 nequitias
923 2809 985 2831 esse

1048 2800 1104 2833 ιτάς
1115 2799 1194 2829 εἶναι.
1211 2801 1256 2834 Ὠς
1275 2800 1333 2828 ἐστι
1350 2808 1382 2835 γε
1398 2801 1428 2828 τὸ
1439 2799 1568 2836 δημόσιον
1587 2799 1664 2834 ξίφος
1675 2798 1724 2834 οὺχ
1737 2796 1828 2835 ἧττον,
