1955 3063
151 181 220 212 150!

719 179 910 210 EPISTOLE.
933 195 969 203 -—
986 179 1098 210 El'lST.
1119 180 1224 210 CXXII.

1715 171 1792 208 iisiis

153 244 170 280 ἢ
190 243 226 271 τὰ
248 243 278 271 ἓν
297 243 353 275 τοῖς
374 241 608 279 προτεμενίσμασι
624 241 681 278 (55)
704 242 827 278 χέρνιϐα,
844 242 948 276 πόλεως

1005 242 1132 270 vindices.
1164 240 1392 276 Quandoquidem
1429 240 1558 277 publicus
1593 240 1700 276 gladius
1735 246 1791 267 non

153 288 349 325 καθαρτήριον.

154 379 237 406 οὕτω
249 379 298 406 καὶ
313 378 372 406 τῶν
387 378 521 413 πρόσθεν
534 379 718 414 επευθόμεθα
732 380 807 407 κλέα
817 381 945 417 ἀνδρῶν.

153 465 247 497 οὕτως
269 466 388 497 ἐποίουν,
411 466 463 498 ἕως
484 466 570 494 ἐδόκει
594 467 675 495 καλὸν
698 466 768 495 εἶναι
794 469 843 496 τὸν
865 469 949 498 αὑτὸν

153 511 281 546 εὔχεσθαί
297 519 327 537 τε
346 511 416 547 ὑπὲρ
431 511 486 538 τῶν
508 512 605 539 κοινῶν
619 512 740 547 ἀγαθῶν,
757 514 805 540 καὶ
817 515 948 550 πράττειν

153 557 227 589 ὅπως
255 557 288 584 ἂν
317 557 508 594 παραγένοιτο.
540 559 596 586 Καὶ
627 559 682 594 γὰρ
710 560 873 594 Αἰγύπτιοι,
901 561 949 588 καὶ

161 603 295 639 Ἐὕραίων
308 603 387 637 γένος
398 603 492 638 χρόνον
506 605 603 639 συχνὸν
614 604 667 631 ὑπὸ
678 605 731 632 τῶν
742 605 839 642 ἱερέων
854 606 948 635 ὲὸασι-

153 649 299 685 λεύοησαν,
318 649 395 676 Ἐπεὶ
413 649 442 676 δὲ
465 649 648 686 διῳκίσθησαν
661 653 685 678 οἱ
705 651 774 687 βίοι,
792 653 839 680 καὶ
860 654 874 680 ό
898 654 949 689 μὲν

155 695 237 731 ἱερὸς,
250 695 302 722 ὀδὲ
314 695 476 734 ἡγεμονικὸς
491 696 647 733 ἀπεδείχθη,
661 697 807 733 τετάχαται
819 698 847 725 δὲ
861 699 950 736 ἕτεροι

155 741 205 777 μὲν
215 741 244 767 ὲν
255 741 311 772 τοῖς
323 741 493 776 πράγμασιν,
506 742 586 777 ἡμεῖς
599 742 628 768 δὲ
642 742 671 769 ὲν
681 744 742 775 ταῖς
757 743 851 779 εὐχαῖς
861 742 931 771 εἶναι
940 753 948 760 ·

154 784 195 819 οἷς
208 787 222 813 ὁ
237 786 320 822 νόμος
342 787 508 823 ἀπαγορεύει
530 789 608 823 χεῖρα
626 788 734 824 ὀρέγειν
752 790 785 824 τῇ
804 789 877 827 δίκῃ,
903 791 950 817 καὶ

155 833 350 863 ἀποκτιννύναι
376 834 422 860 τὸν
448 834 650 870 πονηρότατον·
666 835 724 868 πῶς
745 836 777 863 ἄν
797 844 839 868 τις
859 836 951 870 αὐτοῖς

155 879 327 914 ἐπιτρέψειεν
345 879 423 914 ἀνδρὶ
447 879 594 915 πανούργῳ
612 881 692 915 χεῖρα
709 880 802 915 ὀρέξαι
817 880 889 908 κατὰ
902 881 951 917 τῆς

155 925 251 960 δίκης;
276 924 346 951 Ἀλλ’
362 924 427 959 ἐγὼ,
444 925 475 952 τό
492 933 524 959 γε
547 926 587 956 είς
602 925 652 961 ἐμὲ
674 923 751 961 ἧκον,
766 926 839 953 ἅπαν
863 926 949 953 ποιῶ·

157 969 271 1005 εὔχομαι
284 970 332 997 καὶ
349 970 430 1003 οῐκοι,
442 971 489 997 καὶ
504 971 551 997 ἐπὶ
571 970 626 998 τῶν
650 971 747 998 κοινῶν
768 971 849 1007 ἱερῶν
865 972 950 1008 ὑπερ-

157 1018 231 1051 σχεῖν
245 1017 295 1051 τῆς
308 1017 414 1049 ἀδικίας
426 1016 475 1052 τὴν
491 1017 579 1053 δίκην,
599 1018 648 1045 καὶ
666 1017 798 1053 πονηρίας
815 1017 952 1053 ἐκκαθαρ-

157 1061 236 1098 ίιῆναι
249 1062 299 1098 τὴν
315 1062 403 1095 πόλιν,
416 1062 501 1090 Τοῦτο
511 1063 540 1092 δὲ
554 1062 653 1090 ταυτόν
663 1064 723 1090 ἐστι
742 1062 781 1098 τῷ
799 1062 883 1090 κακὸν
903 1072 952 1091 κα-

157 1107 213 1139 κῶς
227 1107 395 1135 ἀπολωλέναι
407 1108 454 1135 καὶ
475 1108 515 1140 σι,
536 1108 584 1135 καὶ
605 1108 684 1136 ἄλλον
705 1108 779 1140 ὅστις
799 1116 841 1135 σοι
864 1116 952 1143 παρα-

156 1152 280 1188 πλήσιος.
295 1153 426 1190 Ἔστωδή
439 1161 481 1180 σοι
499 1153 578 1181 τοῦτο
593 1155 752 1191 τεκμήριον,
769 1153 812 1186 τίς
837 1153 870 1180 ἂν
891 1154 953 1188 ὲγε-

156 1198 253 1232 νόμην,
273 1198 333 1232 ἐξόν
351 1207 379 1226 τι
402 1200 505 1232 νοοιεῖν,
525 1198 565 1232 ὃς,
579 1199 673 1235 ἐπειδὴ
695 1199 745 1226 οὐκ
765 1198 865 1233 ἔξεστι,
885 1207 952 1226 κατ-

156 1253 277 1281 αρωιιαι-

411 1376 583 1408 ΕΠΙΣΤΟΜΙ
605 1375 694 1405 PKB’.

462 1421 504 1455 Τῷ
518 1421 649 1456 ἀδελφῷ.

193 1467 283 1497 Πολλὰ
305 1467 413 1503 κάγαθὰ
433 1467 539 1502 γένοιτο
559 1469 616 1500 τοῖς
639 1468 757 1503 ίερευσιν
779 1466 954 1503 Λὺξουμιτῶν

158 1514 217 1551 [γρ.
227 1513 396 1550 Δὺξιδιτῶν],
407 1514 432 1541 οἳ
444 1514 498 1541 τῶν
510 1513 682 1549 στρατιωτῶν
693 1513 912 1543 καταδεδυκότων
924 1513 953 1539 ὲν

158 1562 291 1596 χηραμοϊς
303 1560 384 1596 ὀρῶν,
404 1560 451 1589 καὶ
469 1559 617 1593 ἀξιούντων
635 1559 666 1586 τὸ
687 1556 757 1594 αἷμα
775 1559 913 1595 φρουρεῖν,
928 1558 952 1585 οι

159 1605 188 1631 δὲ
200 1604 245 1631 τὸν
263 1605 391 1639 ἀγροῖκον
411 1603 479 1631 λεὼν
496 1604 745 1639 παρακαλέσαντες,
766 1603 820 1631 ἀπὸ
843 1603 899 1631 τῶν
915 1603 952 1633 ιε-

161 1650 216 1692 ρῶν
226 1650 316 1678 αὐτῶν
326 1650 376 1687 τὴν
398 1649 463 1677 εὐθὺ
487 1649 542 1676 τῶν
570 1649 705 1685 πολεμίων
729 1649 881 1685 ήγήσαντω
905 1648 953 1676 καὶ⁵

160 1696 386 1732 προσευξάμενοι,
399 1695 530 1732 τρόπαιον
543 1695 659 1731 ἔστησαν
672 1696 701 1722 ιν
717 1696 750 1731 τῇ
770 1695 953 1731 Μυρσινίτιδι.

158 1742 270 1779 Φάραγξ
291 1742 319 1769 δὲ
336 1742 407 1777 αὕτη
428 1742 574 1778 προμήκης
594 1750 624 1768 τε
647 1741 694 1769 καὶ
717 1741 823 1777 βαθεῖα,
836 1741 885 1768 καὶ
903 1740 954 1777 ὕλη

160 1788 334 1829 συνηρεφής·
347 1788 405 1816 ἀλλ’
420 1788 473 1815 ὑπὺ
484 1787 532 1815 τοῦ
545 1787 626 1823 μηδὲν
639 1788 696 1820 τοῖς
709 1786 859 1823 βαρϐάροις
873 1786 956 1814 ὅπλον

159 1835 291 1870 πολέμιον
305 1833 506 1870 ἀπηντηκέναι,
530 1833 578 1859 καὶ
600 1831 649 1864 τὰς
669 1832 823 1869 δυσχωρίας
839 1831 957 1867 ἐθάρση-

161 1889 222 1907 σαν.
240 1879 373 1914 Ἔμελλον
395 1879 424 1906 δέ
448 1887 500 1905 που
531 1877 578 1905 καὶ
609 1877 789 1914 μελαμπύγου
814 1876 956 1910 τεύξεσθαι

160 1925 283 1952 Φαύστου
303 1924 350 1951 τοῦ
376 1923 501 1952 διακόνου
530 1922 588 1950 τῶν
615 1923 706 1959 ιερῶν.
734 1919 819 1954 οὗτός
842 1922 916 1948 ἐστιν
943 1922 958 1948 ὁ

161 1970 270 2006 πρῶτος
284 1969 404 2001 ὑποστὰς
416 1969 529 2006 ὁπλίτην
543 1968 647 2004 γυμνὸς
656 1988 664 2000 ,
682 1969 729 1996 καὶ
743 1968 844 1999 παίσας
856 1968 890 1994 ἐκ
902 1976 958 2002 χει-

162 2016 209 2052 ρδς
228 2015 294 2051 λίθῳ
307 2015 485 2052 κροταφιαίαν
497 2015 615 2051 πληγὴν,
629 2015 660 2042 οὗ
677 2013 776 2050 βαλὼν,
789 2014 847 2041 ἀλλ’
861 2013 958 2049 ὥσπερ

162 2062 216 2095 πὺξ
232 2061 359 2098 ὲνοορών.
387 2061 508 2088 nam:
533 2061 561 2088 δὲ
583 2061 635 2096 ἢδη
652 2059 798 2096 περιδύσας
819 2059 853 2086 τὰ
876 2058 957 2091 ὅπλα,

162 2107 276 2141 συχνοὺς
292 2106 337 2133 ἐπ’
350 2106 424 2142 αὐτῷ
448 2105 654 2141 κατείργασται.
672 2104 728 2132 Καὶ
749 2105 825 2136 ὅστις
846 2103 875 2130 δὲ
896 2103 956 2130 ἔτει

163 2160 210 2186 ρος
229 2151 299 2187 ἀνὴρ
316 2151 418 2186 ἀγαθὸς
436 2151 525 2184 ἔδοξεν
543 2152 572 2178 ἐν
586 2150 625 2186 τῷ
646 2150 716 2182 τότε,
736 2149 859 2176 Φαῦστον
869 2149 959 2176 αίτια-

162 2197 223 2224 τέον
240 2198 294 2225 τῶν
312 2198 476 2233 γενομένων,
485 2197 534 2224 καὶ
543 2195 585 2229 οἷς
604 2196 702 2230 ἐποίει,
713 2196 760 2223 καὶ
771 2193 812 2228 οἷς
825 2195 900 2231 παρὰ
911 2194 958 2222 τὸν

996 287 1087 314 minus
1115 294 1196 322 quant
1230 286 1354 314 lustralis
1377 294 1465 324 aqua,
1494 294 1555 322 qur
1578 286 1606 314 in
1627 285 1790 324 templorum

995 332 1141 360 vestibulis
1156 332 1319 365 collocatur,
1335 332 1454 361 civitatis
1468 336 1511 361 est
1522 331 1674 368 piaculum.

1037 397 1082 426 Sic
1097 404 1212 426 veterum
1237 398 1316 429 decus
1332 399 1459 427 audimus
1471 419 1481 433 ,
1497 399 1650 436 [annumque
1663 400 1789 428 uirorum.

997 466 1077 494 Hunc
1100 467 1128 494 in
1157 465 1269 494 modum
1295 466 1477 499 factitabant,
1491 467 1582 502 quoad
1602 467 1734 503 optimum
1749 467 1790 495 vi-

997 513 1123 546 debatur,
1146 513 1274 542 eumdem
1301 520 1351 548 pro
1372 513 1510 540 communi
1528 513 1601 540 bono
1612 517 1674 540 vota
1687 513 1790 545 faccre,

998 559 1082 595 idque
1099 559 1188 595 ipsum
1205 558 1246 586 uti
1261 559 1434 594 contingeret
1449 565 1561 593 operam
1583 557 1660 585 dare.
1679 556 1748 585 Nam
1764 563 1790 585 et

997 603 1140 639 Egyptii.
1170 608 1198 632 et
1223 602 1402 632 Hebraorum
1422 610 1526 639 genus,
1557 603 1640 638 longo
1669 607 1793 638 tempore

999 650 1175 679 sacerdotum
1203 649 1320 686 imperio
1343 649 1387 677 usi
1417 653 1491 680 sunt.
1528 647 1582 676 Sed
1610 652 1790 684 posteaquam

1000 696 1144 731 utriusque
1157 696 1218 725 vita
1234 695 1336 725 factum
1348 698 1391 726 est
1404 694 1553 723 divortium
1564 714 1572 726 ,
1585 699 1613 722 et
1628 694 1681 723 alia
1693 692 1791 724 sacris,

1000 742 1054 769 alia
1082 741 1249 777 principatui
1278 744 1322 769 est
1352 741 1507 774 attributa;
1540 739 1643 775 aliique
1674 737 1793 774 negotiis

1000 787 1139 824 gerendis,
1155 795 1208 815 nos
1223 787 1372 815 fundendis
1385 786 1514 823 precibus
1528 784 1667 821 praepositi
1685 790 1792 815 sumus,

1000 833 1102 869 quibus
1117 834 1159 861 lex
1174 836 1248 861 vetat
1272 840 1384 860 manum
1410 835 1540 868 przestare
1557 831 1682 866 legibus,
1703 833 1730 857 et
1750 829 1794 858 vel

1001 880 1244 907 sceleratissimum
1267 878 1422 907 interficere
1440 887 1447 905 :
1465 884 1586 913 quonam
1614 876 1696 904 modo
1716 876 1794 911 quis-

1001 933 1084 962 quam
1112 925 1146 953 iis
1164 925 1354 958 concesserit,
1374 931 1486 952 manum
1512 922 1619 950 homini
1646 921 1794 950 veteratori

1001 976 1099 999 contra
1111 971 1174 1006 jura
1189 971 1349 1006 porrigere?
1363 971 1399 998 At
1411 978 1461 1006 ego
1475 973 1608 1006 quantum
1631 968 1660 996 in
1677 976 1720 997 me
1737 972 1793 1001 est,

1002 1026 1111 1045 omnem
1126 1017 1244 1053 lapidem
1258 1024 1366 1049 moveo,
1383 1015 1468 1052 idque
1482 1020 1506 1043 et
1519 1014 1660 1050 privatim,
1677 1017 1704 1041 et
1717 1021 1794 1041 com-

1002 1063 1132 1090 munibus
1152 1062 1179 1089 in
1195 1062 1285 1090 sacris
1304 1068 1370 1095 oro,
1389 1065 1420 1088 ut
1442 1060 1580 1096 iniustitia
1602 1059 1729 1094 superior
1748 1058 1795 1092 juo

1002 1107 1077 1136 stitia
1095 1107 1132 1135 sit
1143 1127 1151 1140 .
1167 1111 1195 1135 et
1213 1107 1312 1135 civitas
1328 1106 1364 1135 ab
1383 1106 1459 1134 omni
1482 1105 1604 1141 nequitia
1616 1098 1792 1140 repurgetur.

1003 1152 1061 1181 Hoc
1077 1157 1169 1181 autem
1185 1153 1257 1181 idem
1271 1157 1324 1186 est,
1336 1159 1370 1180 ac
1386 1148 1460 1179 male
1473 1151 1574 1178 malum
1590 1150 1696 1186 perire,
1712 1151 1740 1177 et
1756 1154 1794 1181 te,

1002 1203 1030 1227 et
1048 1199 1133 1226 alium
1151 1199 1302 1234 quemlibet
1321 1198 1362 1226 tui
1386 1197 1516 1226 similem.
1532 1196 1566 1224 Et
1580 1196 1633 1225 hoc
1648 1202 1795 1237 argumenf

1002 1249 1062 1272 tum
1078 1244 1126 1272 tibi
1142 1245 1179 1272 sit
1190 1263 1198 1276 ,
1214 1244 1371 1280 qualisnam
1389 1243 1501 1271 futurus
1531 1242 1629 1270 fuerim
1641 1261 1649 1276 ,
1679 1241 1702 1269 si
1728 1239 1795 1276 quid

1003 1290 1072 1318 mihi
1087 1289 1178 1319 facere
1191 1289 1317 1319 licuisset
1326 1311 1335 1324 ,
1349 1289 1397 1325 qui
1411 1310 1418 1323 ,
1438 1288 1513 1325 quod
1525 1288 1595 1316 nihil
1610 1288 1692 1316 liccat
1704 1307 1713 1320 ,
1725 1285 1796 1314 diris

1003 1340 1030 1364 te
1046 1336 1179 1364 devoveo.
1788 1331 1791 1334 ⁴

1245 1379 1414 1409 EPISTOLA
1428 1378 1536 1408 CXXII.

1350 1426 1455 1454 Fratri.

1039 1472 1161 1501 Plurima
1181 1471 1375 1500 Auxiditarum
1387 1469 1580 1510 sacerdotibus
1595 1468 1666 1497 bona
1686 1467 1797 1510 contiI-_

1004 1524 1088 1555 gant,
1113 1519 1183 1554 qui.
1210 1525 1273 1547 cum
1299 1517 1402 1545 milites
1422 1516 1451 1544 in
1474 1515 1607 1544 montium
1622 1522 1652 1543 se
1675 1515 1798 1545 latebras

1005 1562 1200 1595 ahdidisseut,
1228 1569 1366 1597 suumque
1390 1560 1443 1596 ipsi
1467 1559 1628 1596 sanguinem
1656 1561 1798 1589 custodire

1005 1607 1120 1640 vellent,
1143 1607 1275 1635 rusticam
1293 1606 1401 1642 plebem
1423 1609 1611 1633 convocantes
1623 1624 1631 1638 ,
1655 1605 1748 1633 statim
1762 1606 1798 1634 ab

1004 1654 1093 1682 sacris
1112 1653 1199 1688 ipsis,
1222 1656 1299 1680 recta
1326 1651 1361 1679 ad
1376 1651 1471 1679 hostes
1489 1651 1649 1682 duxerunt,
1673 1650 1798 1686 fusisque

1005 1699 1039 1727 ad
1064 1698 1150 1726 Deum
1178 1698 1322 1734 precibus,
1346 1700 1480 1732 tropaeum
1504 1700 1651 1724 erexerunt
1677 1696 1706 1724 in
1723 1696 1799 1733 lyr-

1005 1744 1126 1773 sinitide.
1138 1743 1225 1772 Vallis
1239 1743 1297 1771 haec
1313 1743 1340 1771 in
1349 1741 1432 1778 259
1440 1742 1552 1777 longum
1564 1741 1680 1775 directa,
1691 1745 1720 1770 et
1733 1749 1798 1778 pro-

1005 1790 1106 1824 funda,
1124 1797 1156 1818 ac
1177 1789 1255 1817 silvis
1270 1789 1428 1822 condensa;
1450 1787 1560 1816 barbari
1580 1791 1693 1821 autem.
1721 1787 1797 1823 quod

1005 1835 1074 1864 nihil
1095 1835 1149 1863 sibi
1177 1834 1319 1863 hostilium
1340 1833 1510 1862 occurrisset
1535 1841 1692 1866 armorum,
1714 1833 1797 1862 etiam

1006 1880 1138 1909 audacter
1150 1885 1234 1908 erant
1248 1879 1377 1915 ingressi.
1395 1878 1448 1907 Sed
1464 1878 1596 1906 oil’ensuri
1612 1878 1706 1913 utique
1718 1882 1798 1906 erant

1007 1927 1162 1954 animosum
1192 1934 1226 1953 ac
1243 1929 1388 1953 strenuum
1411 1923 1566 1958 Faustum,
1592 1923 1640 1959 qui
1658 1924 1686 1951 in
1709 1924 1799 1951 sacris

1007 1971 1116 2000 diaconi
1134 1978 1248 2001 munere
1262 1969 1396 2006 fungitur.
1411 1969 1460 1997 llic
1474 1969 1521 1997 ille
1537 1973 1582 1998 est
1605 1969 1652 2004 qui
1673 1969 1800 2005 princeps

1008 2021 1144 2045 armatum
1157 2016 1271 2044 militem
1286 2016 1401 2044 inermis
1414 2015 1522 2050 excepit
1545 2023 1553 2042 :
1573 2022 1655 2050 quem
1669 2014 1799 2042 cominus

1008 2063 1100 2099 lapide
1114 2063 1233 2098 tempori
1260 2062 1333 2090 illiso
1359 2061 1453 2094 feriit,
1481 2069 1536 2089 non
1548 2065 1579 2089 ut
1598 2069 1660 2096 eum
1681 2062 1799 2096 jaceret,

1008 2108 1057 2137 sed
1083 2112 1113 2136 ut
1137 2108 1215 2144 quasi
1236 2107 1336 2144 pugnis
1357 2106 1466 2135 infestis
1480 2107 1608 2135 insiliret.
1636 2107 1697 2140 Quo
1710 2127 1718 2141 ,
1734 2114 1798 2134 cum

1008 2155 1171 2187 cecidisset.
1195 2154 1280 2182 armis
1292 2153 1430 2189 spoliato,
1452 2153 1589 2188 plurimos
1612 2161 1695 2189 super
1721 2153 1799 2180 illum

1009 2200 1171 2236 prostravit.
1188 2199 1227 2227 Ac
1244 2198 1268 2228 si
1285 2198 1349 2235 quis
1372 2199 1443 2227 alius
1460 2198 1488 2226 id
1509 2199 1642 2234 temporis
1666 2198 1745 2227 fortis
1756 2200 1801 2226 vir

162 2244 258 2280 καιρὸν
270 2243 430 2278 ἐφθέγγετο.
445 2243 515 2278 Ἐγὼ
522 2243 551 2270 δὲ
565 2243 611 2270 καὶ
627 2243 747 2274 ἃπαντας
758 2242 821 2274 τοὺς
835 2249 954 2277 παραγε-

1009 2254 1071 2274 esse
1085 2246 1162 2274 visus
1185 2248 1249 2278 est,
1276 2244 1323 2273 uni
1349 2243 1453 2273 Fausto
1475 2245 1515 2273 rei
1538 2245 1624 2273 totius
1646 2245 1733 2280 gloria
1749 2245 1801 2272 tri-

162 2290 291 2324 νομὲνους
300 2289 340 2323 τῷ
351 2290 424 2326 ἔργῳ
429 2289 525 2324 ἥδιστα
531 2288 565 2316 ἂν
578 2288 782 2324 στεφανώσαιμι
797 2288 844 2315 καὶ
854 2288 958 2323 ἀνακη-

164 2335 285 2371 ρὺξαιμι.
299 2334 405 2370 Πρῶτοι
417 2334 472 2371 γὰρ
481 2334 585 2370 ἥψαντο
597 2334 687 2362 καλῶν
696 2335 795 2370 ἔργων,
809 2333 892 2369 δεῖξαι
903 2334 959 2364 τοῖς

164 2381 449 2417 καταπεπληγμένος,
463 2381 504 2408 ὅτι
515 2381 553 2417 μὴ
565 2379 736 2416 Κορύϐαντες
751 2380 814 2411 εισι,
828 2378 894 2414 μηδὲ
904 2377 959 2404 τῶν

164 2428 240 2462 παρὰ
255 2427 305 2463 τὴν
324 2427 402 2455 Ῥέαν
415 2426 560 2462 δαιμόνων,
574 2425 630 2452 ἀλλ’
650 2425 789 2461 ἄνθρωποι
815 2425 862 2451 καὶ
887 2432 953 2458 τρω-

163 2475 216 2506 τοὶ,
231 2474 278 2500 καὶ
291 2473 394 2508 θνητοὶ,
407 2472 534 2508 καθάπερ
548 2473 638 2507 ἡμεῖς.
654 2471 686 2498 Εί
708 2471 736 2498 δὲ
753 2470 802 2497 καὶ
818 2471 898 2505 ἡμεῖς
913 2469 960 2497 ἄν-

164 2519 226 2554 δρες
240 2519 384 2554 γενοίμεθα
398 2519 428 2545 ὲν
445 2519 502 2550 τοῖς
517 2517 659 2549 τοιούτοις,
681 2516 741 2544 οὐδὲ
763 2516 797 2543 τὰ
822 2515 961 2551 δευτερεῖα

165 2565 269 2598 γένοιτο
282 2564 315 2591 ἂν
328 2564 487 2599 ἀφιλότιμα.
504 2563 590 2599 Τυχὸν
606 2563 628 2590 δ’
642 2563 676 2590 ἂν
692 2562 740 2589 καὶ
758 2563 880 2598 πρωτεῖα
896 2569 960 2596 συγ-

166 2610 365 2645 χωρηθείημεν,
380 2611 404 2637 εὶ
419 2609 458 2646 μὴ
482 2609 647 2645 λοχήσαντες
670 2609 700 2636 ἐν
717 2608 840 2644 φάραγγι
861 2615 958 2634 πεντε-

167 2656 281 2683 καίδεκα
297 2656 511 2692 προνομεύοντες
530 2657 735 2692 εὐτυχήσαμεν,
760 2654 827 2683 ἀλλὰ
849 2655 958 2690 νομίμῳ

1007 2291 1116 2320 huenda
1127 2295 1181 2324 est,
1196 2298 1258 2319 cum
1276 2291 1312 2319 oh
1326 2298 1359 2319 ea
1371 2298 1433 2326 qua
1446 2291 1544 2326 gessit,
1558 2294 1616 2318 tum
1630 2290 1667 2318 oh
1690 2298 1722 2318 ea
1737 2298 1800 2326 qua:

1007 2344 1055 2372 per
1072 2341 1180 2371 tempus
1204 2335 1271 2363 illud
1287 2335 1366 2363 dixit.
1381 2335 1436 2371 Ego
1455 2342 1521 2363 vero
1544 2342 1640 2364 omnes
1658 2334 1721 2363 illos
1750 2334 1798 2370 qui

1008 2383 1048 2411 rei
1067 2381 1263 2413 interfuerunt,
1288 2381 1470 2409 libentissime
1491 2388 1665 2414 eoronarem,
1681 2388 1712 2408 ac
1728 2388 1800 2416 prte-

1008 2428 1087 2456 conis
1101 2435 1170 2455 voce
1198 2427 1387 2463 praedicarem.
1414 2426 1500 2453 Primi
1526 2427 1599 2454 enim
1626 2426 1798 2462 egregiorum

1009 2475 1164 2502 facinorum
1183 2478 1309 2502 auctores
1334 2481 1364 2501 se
1388 2473 1580 2508 praebuerunt;
1599 2477 1630 2500 ut
1653 2473 1706 2500 hoc
1728 2476 1800 2499 atto-

1009 2521 1077 2548 nitis
1094 2528 1127 2547 ac
1145 2519 1294 2555 lymphatis
1308 2519 1369 2547 istis
1388 2519 1579 2550 ostenderent,
1604 2525 1660 2546 non
1674 2525 1723 2546 eos
1737 2525 1800 2546 esse

1009 2565 1191 2601 Corybantas,
1210 2572 1299 2600 neque
1310 2571 1343 2591 ex
1361 2563 1443 2591 Rhea:
1457 2563 1554 2590 matris
1570 2563 1684 2591 asseclis
1697 2562 1800 2590 daemo-

1009 2611 1108 2642 nibus,
1138 2610 1186 2639 sed
1217 2610 1344 2638 homines
1362 2617 1440 2645 reque
1465 2616 1498 2636 ac
1520 2616 1571 2636 nos
1586 2608 1747 2636 vulneribus
1767 2615 1800 2635 ac

1011 2656 1094 2684 morti
1109 2655 1255 2684 obnoxios.
1272 2655 1351 2689 Quod
1373 2657 1396 2683 si
1417 2655 1501 2683 etiam
1518 2661 1570 2683 nos
1591 2653 1644 2682 viri
1662 2660 1798 2682 essemus.

785 2749 878 2778 DION.
895 2747 1032 2777 PETAVII
1051 2747 1168 2777 ΝΟΤΙΕ.

203 2825 261 2863 (3‘55)
283 2825 366 2863 Tdrév
381 2825 870 2863 τοῖςπροτερενίσμασιηίζιξτγςοδῑ.
886 2830 958 2863 (πεδί.

168 2861 186 2898 ρ
202 2860 239 2887 De
256 2862 361 2898 pamiL,
381 2864 401 2887 ι.
417 2860 449 2898 Yl
463 2861 528 2898 edit.
542 2860 648 2894 ’SaviII,
671 2870 708 2898 p._
719 2861 770 2888 794
785 2860 792 2889 Ξ
808 2862 868 2898 νΔιὰ
881 2862 960 2898 τοῦτο

167 2892 263 2931 ὥσπερ
297 2897 323 2922 οι
354 2895 482 2933 λουτῆρες
511 2897 606 2928 ὕδατος
642 2892 855 2933 ’πεπληςωμένοι
883 2897 961 2937 ἑστη-

1012 2835 1077 2854 κασι
1102 2826 1155 2885 πρὸ
1180 2825 1285 2862 [LXXX
1292 2824 1324 2860 ν]
1345 2824 1400 2852 τῶν
1415 2823 1505 2866 θυρῶν
1518 2823 1569 2885 της
1584 2820 1741 2884 ἐκκλησίας,
1757 2819 1801 2851 ἵνα

1013 2862 1093 2885 vldmc
1106 2871 1120 2885 τ
1140 2871 1154 2885 ε
1171 2861 1264 2885 νείοάε
1279 2869 1336 2885 aou'
1351 2860 1423 2885 οὕτω
1434 2868 1483 2885 τῇ(
1496 2859 1546 2885 ὲκκ
1563 2857 1642 2885 ησίας
1669 2855 1717 2885 ξω.
1731 2853 1800 2882 καθ’·

1013 2853 1093 2898 νίψῃς
1106 2853 1154 2894 sit;
1171 2853 1264 2897 έξίράς
1279 2853 1336 2888 σού’
1351 2860 1423 2888 οὕτω
1434 2853 1483 2896 τ’ῆς
1496 2853 1642 2894 ἐκκλησίας
1653 2853 1717 2890 ἐξω,
1731 2853 1800 2882 καθ-

1015 2897 1122 2931 έζονται
1137 2898 1163 2926 οι
1177 2897 1302 2933 πένητες.
1380 2902 1384 2905 ’
1476 2901 1478 2905 ·
