1990 3060
169 117 249 151 ποτ

167 180 305 214 ejusmodi
321 181 347 208 iu
366 180 449 209 rebus
459 188 498 209 ne
515 181 642 209 secunda:
663 182 773 216 quidem
795 186 888 217 partes
905 182 954 209 ho-
970 184 992 212 Α

171 233 237 252 uore
248 229 384 253 carerent.
401 225 433 252 Et
447 225 564 258 forsitan
581 226 622 254 vel
641 227 736 261 prima:
758 227 956 259 tribuerentur,

170 270 194 297 si
215 277 279 302 non,
300 270 411 298 insidiis
426 271 454 297 in
469 272 595 299 convalle
627 271 770 306 dispositis
783 291 791 304 ,
823 271 980 306 quindecim

166 315 218 343 sed
229 315 308 351 justo
320 317 471 345 certamine
485 325 517 345 ac
552 317 699 346 manifesto
729 324 860 353 apparatu
880 318 989 346 collatis

415 383 581 412 EPISTOLA
600 385 718 413 CXXIII.

516 430 618 459 Troilo.

205 483 283 524 quod
298 483 423 524 si_Erebo
441 486 494 513 vita
508 486 660 524 functorum
677 487 772 515 oblivia
795 494 921 524 tangant,

206 518 269 546 Illic
287 520 328 546 vel
346 520 421 547 chori
439 518 528 553 potero
547 523 697 550 meminisse
708 524 817 551 sodalis.

206 565 277 593 Sunt
293 565 332 593 illi
344 565 456 601 quidem
474 568 508 594 ab
526 566 644 596 Homero
657 576 755 597 versus
772 570 868 605 scripti
883 579 890 604 ;
909 571 957 598 sed

165 617 266 638 eorum
287 618 388 640 sensus
408 613 503 640 nescio
524 620 558 641 an
575 614 610 641 ab
626 614 731 643 Achille
747 616 840 651 potius
853 617 886 644 de
904 616 955 643 Ρη-

166 655 257 683 troclo
281 663 363 692 quam
381 664 396 684 ι
423 665 467 685 me
482 657 516 686 de
532 663 558 686 te
573 659 758 694 amicissimo,
779 668 812 688 ac
833 662 956 690 beuelico

168 702 274 737 capite,
289 703 417 738 usurpari
436 705 533 732 merito
550 706 649 740 possit.
667 706 906 742 Quandoquidem,
925 712 956 736 ut

168 747 248 774 testis
262 751 309 785 est,
318 748 384 776 mihi
401 748 473 777 Deus
483 770 490 782 ,
504 758 585 785 quem
602 751 774 787 philosophia
789 753 872 787 colit,
885 753 957 780 sacri

167 791 209 820 tui
229 799 263 821 ac
288 795 446 822 suavissimi
464 795 549 823 animi
567 796 677 824 infixam
696 798 842 834 imaginem
866 799 957 827 medio

166 837 195 864 in
211 837 296 866 corde
309 838 498 872 circumfero,
514 844 542 868 et
554 841 668 869 auribus
682 843 833 870 etiamnum
847 844 894 870 illa
913 852 957 872 sa-

164 882 400 916 pientissimorum
427 888 538 913 tuorum
566 894 725 915 sermonum
753 895 806 915 vox
835 888 955 916 insonat.

165 928 234 956 Cum
251 934 341 958 autem
360 937 396 959 ex
416 930 536 967 [Egypto
560 932 587 960 in
609 933 727 968 patriam
742 933 887 962 rediissem
901 955 909 967 ,
924 942 957 962 ac

164 973 284 1001 duorum
306 982 442 1003 annorum
468 977 552 1009 simul
574 978 706 1013 epistolas
728 979 872 1015 legissem,
896 987 955 1007 ma-

165 1026 247 1053 gnam
261 1021 388 1056 equidem
403 1022 430 1049 in
447 1022 554 1050 litteras
570 1024 624 1051 vim
639 1024 821 1060 laerymarum
836 1025 955 1060 profudi.

165 1065 225 1093 Non
245 1069 301 1093 tam
321 1067 396 1095 enim
407 1087 416 1099 ,
438 1068 510 1103 quod
527 1072 552 1096 te
565 1076 615 1104 per
630 1069 737 1098 litteras
752 1071 957 1106 quodammodo

164 1110 280 1144 fruerer,
298 1112 366 1140 mihi
379 1113 548 1149 voluptatem
564 1114 712 1149 alferebat,
727 1124 809 1152 quant
826 1117 894 1144 illud
907 1117 957 1145 do-

164 1158 223 1186 lore
238 1158 390 1193 alliciebat,
404 1160 487 1196 360
505 1168 569 1188 cum
589 1169 623 1190 ex
647 1163 761 1198 scriptis
782 1164 837 1191 tuis
858 1163 956 1192 litteris

163 1209 326 1238 praesentem
341 1213 373 1232 ac
388 1205 477 1233 vivam
492 1206 519 1234 in
535 1207 656 1235 animum
670 1209 899 1237 consuetudinem
915 1218 957 1238 re-

162 1255 313 1284 vocarem;
339 1251 497 1286 cuiusmodi
523 1254 629 1282 scilicet
653 1259 680 1283 et
701 1256 791 1283 amico
812 1256 912 1289 simul,
929 1260 957 1284 et

972 820 993 848 Β

163 1301 229 1323 vere
244 1300 358 1330 parente
372 1298 436 1326 vivo
451 1306 542 1327 essem
566 1300 691 1329 orbatus.
716 1300 848 1330 Libenter
871 1302 957 1338 igitur

162 1341 289 1374 graviora
314 1350 365 1378 pro
390 1345 479 1379 patria
503 1347 657 1373 certamina
681 1346 817 1380 subeam,
833 1348 901 1375 mihi
926 1353 956 1376 ut

160 1385 262 1414 iterum
275 1387 455 1422 profectionis
463 1391 574 1419 occasio
586 1392 751 1426 pnebeatur.
760 1392 830 1420 Num
841 1394 954 1428 quando

160 1435 314 1466 conspectu
332 1435 380 1460 tuo
392 1433 530 1468 perfruar,
545 1433 627 1462 l‘ater
639 1442 703 1463 vere
723 1436 956 1471 germanissimo?

161 1482 228 1503 num
243 1477 354 1512 quando
373 1485 484 1506 sacrum
502 1483 579 1507 tuum
600 1484 684 1515 caput
701 1481 874 1516 amplectar?
889 1488 954 1508 num

161 1521 272 1549 concilii
290 1527 402 1558 propter
428 1528 455 1553 te
475 1525 548 1553 beati
571 1526 709 1561 particeps
731 1527 802 1554 ero?
827 1526 855 1554 Si
879 1526 953 1555 enim

160 1572 194 1593 ea
209 1567 275 1595 mihi
292 1568 421 1598 obtinere
435 1571 601 1606 contigerit,
626 1571 742 1599 emciam
765 1572 907 1606 profecto,
923 1576 954 1599 ut

969 1507 991 1538 ϐ

702 124 836 157 SYNESII
858 121 1092 151 PTOLEMAIDIS
1109 118 1262 148 EPISCOPI

1731 113 1744 140 l
1751 112 1819 139 εἷο-ι

1006 179 1116 215 πολέμῳ
1137 177 1184 204 καὶ
1199 175 1374 212 φαινομέναις
1401 173 1587 209 παρασκευαῖς
1609 170 1708 206 πλήθει
1734 169 1817 204 πρὸς

1010 225 1112 260 πλῆθος
1123 221 1336 258 ἀγωνισαίμεθα.

1017 275 1123 297 tantum
1148 267 1323 304 praedabundi
1351 265 1424 294 fenct
1446 271 1579 292 successu
1604 267 1814 298 pugnaremus,

1005 317 1093 353 copiis
1112 316 1333 344 decerneremus.

1273 382 1445 410 ΕΗΙΣΤΟΛΠ
1462 379 1547 408 PKI".

1343 428 1468 462 Τρωΐλῳ.

1042 487 1074 514 El
1090 486 1124 512 δὲ
1148 485 1302 513 θανόντων
1319 491 1374 518 περ
1390 481 1586 518 καταλήθοντ’
1603 481 1648 518 εῑνς
1667 478 1757 518 ᾀΐὸαο
1769 499 1776 509 ,

1044 521 1144 555 Αὐτὰρ
1158 520 1215 555 ἐγὼ
1234 514 1459 552 κὰκεῖθίφίλου
1477 516 1647 552 μεμνήσομ’
1670 514 1810 547 ἑταίρου.

1050 566 1161 601 Ὁμήρῳ
1177 565 1224 600 μὲν
1237 563 1403 598 ἐποιήθησαν
1420 562 1445 589 οἱ
1465 561 1573 596 στίχοι,
1593 561 1608 586 ὁ
1625 559 1654 587 δὲ
1673 558 1737 590 νοῦς
1754 558 1810 585 αὐ-

1007 612 1062 639 τῶν
1083 612 1132 638 οὐκ
1159 609 1218 638 οἴδα
1239 611 1263 637 εί
1286 609 1404 645 ’Λχιλλεῖ
1427 608 1492 643 περὶ
1517 606 1674 642 Πατρόκλου
1701 605 1810 640 μᾶλλον

1005 657 1079 691 ἄξιος
1108 657 1234 693 εἰρῆσθαι
1259 655 1276 692 ἢ
1298 656 1361 691 ἐμοὶ
1394 655 1458 691 περὶ
1484 653 1531 701 σοῦ
1551 653 1601 701 τῆς
1619 651 1750 687 φιλτάτης
1773 658 1808 701 τε

1006 705 1054 732 καὶ
1069 704 1237 740 εὐεργέτιδος
1259 702 1391 738 κεφαλῆς.
1414 701 1457 733 Ὧς
1475 700 1531 735 ἐγὼ
1560 699 1686 734 μάρτυρα
1709 699 1809 724 ποιοῦ-

1008 761 1057 788 μαι
1071 751 1154 783 Θεὸν,
1179 750 1208 776 ὅν
1235 748 1380 785 φιλοσοφία
1397 747 1543 783 πρεσϐεύει
1555 766 1562 776 ,
1579 745 1629 780 τῆς
1649 744 1725 779 ἱερᾶς
1741 750 1806 774 σου,

1007 798 1056 825 καὶ
1071 797 1201 832 γλυκείας
1213 796 1301 831 ψυχῆς
1323 794 1370 822 ἐπὶ
1388 794 1474 829 μέσης
1489 791 1603 828 καρδίας
1622 790 1734 824 ἄγαλμα
1753 797 1808 814 πε-

1009 844 1124 880 ριφέρω,
1141 843 1188 870 καὶ
1204 841 1338 877 ὲμϐομὸεἶ
1357 849 1408 875 μου
1430 840 1489 870 ταῖς
1508 839 1605 869 ἀκοαῖς
1621 837 1638 872 ἡ
1654 835 1804 870 θαυμαστή

1009 898 1056 916 σου
1069 889 1122 917 τῶν
1138 888 1227 923 σοφῶν
1246 887 1334 921 λόγων
1355 885 1424 922 ὴχὼ.
1440 885 1480 921 Τῇ
1496 883 1602 919 πατρίδι
1616 882 1644 908 δὲ
1664 881 1805 916 ἐπιδημή-

1009 944 1059 967 σας
1075 934 1129 962 ἀπὸ
1144 934 1194 969 τῆς
1214 932 1353 967 Αἰγύπτου
1366 951 1374 964 ,
1389 930 1437 957 καὶ
1451 930 1524 956 δυοῖν
1543 927 1674 955 ἐνιαυτῶν
1691 927 1805 953 επιστο-

1007 981 1056 1013 λὰς
1079 980 1138 1015 ἅμα
1165 977 1348 1014 ἀνεγνωκὼς,
1369 976 1473 1011 πλῆθος
1492 976 1555 1002 ὅσον
1586 973 1713 1010 δακρύων
1734 981 1805 1000 xar—

1007 1027 1122 1054 ἐσπεισα
1142 1026 1197 1052 τῶν
1211 1024 1394 1061 γραμμάτων.
1415 1022 1454 1050 Οὐ
1474 1021 1529 1057 γὰρ
1541 1018 1583 1053 οἷς
1597 1019 1732 1047 ἀπέλαυὸν
1753 1027 1804 1045 σου

1007 1073 1051 1100 διὰ
1061 1073 1114 1100 τῶν
1128 1071 1330 1108 γεγραμμένων
1345 1069 1464 1105 ἡδόμην·
1484 1067 1541 1094 ἀλλ’
1558 1065 1682 1101 ἠνιώμην
1699 1064 1805 1099 ἀναφὲσ

1009 1126 1063 1153 ρων
1074 1117 1128 1144 ἀπὸ
1138 1116 1192 1143 τῶν
1208 1114 1409 1151 γεγραμμένων
1424 1113 1474 1148 τὴν
1495 1111 1617 1148 ἔμψυχόν
1637 1119 1683 1137 σου
1703 1119 1804 1137 συνου-

1008 1163 1068 1190 σίαν
1079 1183 1088 1195 ,
1111 1162 1169 1189 οἴου
1193 1161 1270 1196 φίλου
1286 1168 1316 1186 τε
1333 1159 1392 1195 ἅμα
1415 1158 1463 1186 καὶ
1478 1159 1581 1193 πατρὸς
1598 1157 1683 1188 δντως
1698 1155 1803 1187 ζῶντος

1008 1208 1164 1244 στεροίμην.
1201 1206 1338 1241 Δεξαίμην
1363 1202 1411 1231 οὖν
1436 1204 1471 1231 ἂν
1499 1203 1664 1238 βαρυτέρους
1690 1201 1804 1235 ἀγῶνας

1007 1254 1077 1290 ὑπὲρ
1099 1253 1148 1288 τῆς
1160 1252 1288 1288 πατρίδος
1304 1250 1460 1285 ἐθελοντὴς.
1479 1250 1523 1275 ἵνα
1535 1257 1580 1283 μοι
1595 1248 1701 1282 γένοιτο
1719 1246 1801 1273 πάλιν

1009 1300 1144 1336 πρόφασις
1162 1298 1326 1333 ἀποδημίας.
1340 1294 1416 1332 ’Δρά
1438 1295 1468 1322 σέ
1489 1303 1555 1321 ποτε
1572 1294 1673 1328 ὂψομαι
1684 1312 1692 1324 ,
1709 1292 1799 1326 Πάτερ

1006 1344 1115 1379 ἀληθῶς
1129 1342 1298 1379 γνησιώτατε
1313 1350 1320 1375 ς
1336 1339 1391 1377 ἆρά
1410 1349 1476 1368 ποτε
1489 1339 1539 1376 τὴν
1553 1339 1629 1375 ἱεράν
1650 1347 1696 1365 σου
1713 1347 1795 1372 κειρα-

1006 1390 1056 1425 λὴν
1079 1388 1279 1425 περιπτύξομαι
1294 1397 1301 1421 ;
1322 1385 1377 1422 ἆρα
1395 1386 1501 1422 μεθέξω
1518 1385 1565 1412 τοῦ
1581 1384 1718 1419 συνεδρίου
1728 1403 1736 1415 ,
1751 1382 1795 1409 τοῖ

1005 1434 1051 1462 διὰ
1071 1434 1103 1461 σὲ
1117 1433 1269 1469 μακαρίους
1285 1433 1316 1459 El
1331 1432 1385 1468 γὰρ
1399 1431 1505 1465 γένοιτό
1523 1438 1568 1466 μοι
1582 1429 1684 1456 τούτων
1697 1430 1790 1464 τυχεῖν

1006 1480 1140 1512 ἀποδείξω
1168 1479 1266 1515 μηκέτι
1294 1479 1379 1514 μῦθον
1406 1478 1471 1505 ὂντα
1497 1477 1544 1503 τὸν
1567 1476 1614 1502 ἐπὶ
1645 1475 1736 1502 Δίσονι
1761 1475 1802 1510 τῲ

1006 1525 1133 1560 Θετταλῷ
1154 1524 1249 1559 λόγον,
1266 1524 1295 1551 ὅν
1311 1532 1392 1559 φασιν
1410 1523 1440 1550 αι
1454 1524 1577 1557 ποιήσεις
1596 1521 1637 1553 δἰς
1651 1520 1800 1556 ἀνηϐῆσαι,

1007 1571 1066 1599 νέον
1081 1572 1113 1597 ὲκ
1127 1570 1312 1606 πρεσϐυτέρου
1329 1570 1475 1606 γενόμενον

158 1615 217 1651 jam
231 1611 325 1640 fabula
339 1621 394 1641 non
418 1613 474 1647 sit,
490 1615 564 1650 quod
583 1615 618 1643 de
635 1615 742 1644 IEsone
761 1616 893 1644 Thessalo
915 1616 1036 1649 dicitur;
1052 1622 1133 1650 quem
1149 1615 1192 1643 bis
1222 1615 1354 1650 puberem
1389 1615 1476 1643 fuisse
1508 1618 1652 1650 poetarum
1675 1612 1801 1640 carmini

160 1655 329 1692 pradicant,
355 1667 419 1688 cum
446 1668 480 1688 ex
506 1668 572 1689 sene
601 1667 712 1697 repente
739 1667 813 1690 esset
839 1663 950 1698 juvenis
971 1663 1070 1691 factus.

408 1715 578 1745 EPISTOLA
597 1717 716 1746 CXXIV.

388 1762 566 1797 Philosophiae
579 1764 607 1791 Μ
611 1765 728 1800 agirtrw.

197 1806 275 1841 Quod
291 1808 315 1834 si
332 1805 417 1835 Erebo
432 1808 487 1835 υίια
503 1807 656 1843 functorum
678 1809 775 1838 oblivia
789 1815 916 1845 tangant,

196 1852 231 1879 At
244 1859 296 1887 ego
311 1852 366 1880 illic
375 1852 417 1880 vel
425 1853 517 1880 chara:
530 1858 628 1888 potero
643 1855 804 1883 meminisse
820 1855 952 1890 llypatim.

162 1897 233 1933 Ego,
249 1898 360 1934 inquam
371 1918 379 1931 ,
395 1899 491 1934 patrize
507 1900 589 1928 malis
612 1900 814 1934 circumfusus,
841 1903 955 1938 ejusque

160 1947 312 1978 pertaesus,
334 1951 396 1972 cum
421 1944 535 1973 hostilia
559 1945 587 1973 in
612 1945 672 1974 dies
694 1955 770 1974 arma
794 1947 911 1978 videam.
927 1951 954 1975 ct

161 1989 286 2018 homines
306 1991 442 2026 pecudum
460 1991 547 2019 instar
559 1992 720 2028 jugulatos,
736 2001 881 2028 acremque
899 1999 953 2021 tra-

161 2034 223 2062 ham
239 2043 272 2063 ex
289 2036 352 2064 tabe
367 2044 514 2072 corporum
532 2038 664 2066 iniectum
678 2058 685 2070 .
705 2043 788 2074 atque
807 2040 865 2074 ipse
884 2048 951 2067 con-

160 2081 262 2108 similia
279 2082 402 2117 quaedam
419 2083 579 2118 propediem
595 2089 754 2119 exspectem
766 2093 772 2111 :
784 2085 862 2120 (quis
878 2086 951 2113 enim

160 2124 231 2152 bene
245 2133 356 2160 sperare
366 2131 475 2162 potest,
488 2134 550 2155 cum
563 2131 591 2155 et
601 2129 673 2156 aeris
688 2129 777 2164 ipsius
793 2129 952 2157 tristissima

160 2170 198 2197 sit
219 2170 322 2204 facies,
339 2171 387 2207 qui
416 2172 627 2201 carnivorarum
653 2174 744 2202 avium
769 2175 866 2203 umbra
887 2176 953 2204 sub-

159 2215 304 2253 texitur?)
315 2222 342 2246 et
353 2218 536 2248 nihilominus
552 2220 625 2248 inter
636 2220 693 2248 haec
707 2221 732 2248 ei
748 2221 808 2249 loco
825 2222 877 2249 sim
893 2221 952 2249 alli-

159 2269 222 2290 xus.
238 2262 309 2296 Quid
328 2263 402 2291 enim
420 2272 552 2300 possum,
577 2273 640 2293 cum
663 2265 783 2302 Libycus
802 2268 872 2299 sim,
895 2268 951 2296 illic

159 2306 268 2340 editus,
289 2311 317 2335 et
338 2315 453 2336 avorum
471 2317 525 2337 non
541 2310 672 2345 ignobilia
697 2312 823 2347 sepulcra
848 2312 949 2340 ibidem

159 2353 297 2388 aspiciens
309 2354 322 2381 ?
337 2354 452 2391 Propter
467 2361 493 2384 te
509 2364 591 2384 unam
604 2377 611 2389 ,
630 2358 748 2393 patriam
771 2358 837 2385 mihi
855 2366 951 2394 asper-

159 2403 277 2427 naturus
296 2399 401 2434 videor.
418 2406 445 2430 et
466 2403 672 2438 quamprimum
693 2404 780 2432 otium
805 2409 950 2440 suppetet,

158 2444 377 2481 demigraturus.

412 2500 581 2531 EPISTOLA
599 2503 706 2534 CXXV.

503 2546 609 2576 Fratri.

195 2588 296 2617 Misere
309 2589 363 2618 hoc
379 2591 440 2627 ipso
455 2593 600 2621 nobiscum
622 2594 724 2630 agitur.
739 2596 812 2631 quod
835 2596 952 2626 infelici-

157 2633 211 2662 bus
230 2635 334 2664 uuntiis
351 2636 544 2671 abundamus,
568 2646 639 2674 quos
663 2640 781 2668 invicem
807 2643 950 2670 transmit-

158 2684 261 2708 tamus.
284 2680 357 2710 Ecce
375 2683 449 2710 enim
468 2684 525 2718 jam
547 2684 665 2713 Battiam
685 2686 841 2722 depopulati
862 2693 947 2723 sunt;

158 2731 186 2755 ct
202 2727 231 2755 in
247 2727 404 2763 Aprosylim
418 2736 619 2764 excurrerunt;
644 2739 724 2760 areas
743 2733 945 2768 incenderunt;

159 2780 240 2805 agros
252 2776 410 2808 vastarunt;
424 2775 554 2804 mulieres
568 2776 596 2803 in
610 2777 770 2806 servitutem
783 2780 945 2815 abcgcrunt.

156 2819 369 2849 alaribus-enim
386 2827 560 2857 nequaquam
579 2823 723 2858 parcitur:
741 2826 852 2854 tametsi
867 2830 948 2855 antea

1260 1719 1436 1746 ΕΠΙΣΤΟΛΠ
1454 1718 1541 1745 ΡΚΔ¹.

1292 1764 1332 1799 Τῇ
1343 1765 1502 1799 φιλοσόφῳ

1044 1813 1078 1840 El
1093 1812 1127 1839 δὲ
1138 1813 1290 1840 θανόντων
1307 1818 1362 1843 περ
1377 1809 1575 1842 καταλήθοντ’
1589 1809 1635 1835 εῖν
1650 1809 1746 1836 ἀΐδαο.

1042 1858 1135 1894 Αὐτὰρ
1153 1858 1209 1893 ὲγὼ
1222 1857 1329 1885 κάκεῖθι
1344 1857 1353 1892 ι
1367 1865 1411 1891 πρ.
1430 1856 1510 1882 κάκεῖ
1523 1854 1532 1890 ]
1549 1855 1598 1890 τῆς
1611 1849 1797 1890 φίλης’Ὕπι-

1003 1903 1064 1935 τίας
1091 1904 1277 1939 μεμνήσομαι.
1296 1900 1405 1936 Ἕγωγέ
1421 1909 1461 1927 τοι
1479 1901 1535 1932 τοῖς
1546 1899 1645 1926 πάθεσι
1668 1900 1719 1935 τῆς
1743 1908 1796 1926 πα-

1002 1949 1092 1984 τρίδος
1115 1948 1329 1984 περιεχόμενος,
1354 1946 1402 1974 καὶ
1427 1945 1609 1981 δυσχεραίνων
1631 1945 1735 1980 αὐτὴν,
1752 1945 1795 1979 ἐφ’

1002 1990 1044 2025 οἷς
1063 1993 1120 2029 ὁρῶ
1137 1993 1297 2029 καθημέραν
1311 1991 1383 2019 ὅπλα
1402 1991 1537 2026 πολέμια,
1551 1990 1600 2017 καὶ
1622 1990 1794 2024 ἀποσφαττο-

1004 2039 1101 2074 μένους
1112 2038 1287 2074 ἀνθρώπους,
1308 2037 1403 2073 ὥσπερ
1419 2037 1521 2072 ἱερεῖα,
1545 2036 1593 2063 καὶ
1607 2035 1652 2063 τὺν
1670 2035 1739 2071 ἀέρα
1753 2035 1795 2062 δι-

999 2083 1171 2120 εφθαρμένον
1185 2083 1271 2111 ἕλκων
1279 2083 1333 2110 ἀπὸ
1346 2083 1395 2118 τῆς
1410 2082 1517 2118 σήψεως
1529 2082 1583 2109 τῶν
1594 2082 1737 2118 σωμάτων,
1746 2082 1795 2108 καὶ

1001 2129 1082 2161 αὐτὸς
1100 2129 1182 2166 ἔτερα
1206 2128 1318 2156 τοιαῦτα
1335 2128 1431 2156 παθεῖν
1452 2127 1610 2164 προσδοκῶν
1625 2136 1632 2143 ·
1650 2127 1709 2162 (τίς
1737 2126 1792 2162 γὰρ

1001 2174 1111 2207 εὔελπις
1123 2195 1131 2208 ,
1147 2175 1177 2201 ὲν
1188 2170 1211 2209 ᾧ
1232 2174 1280 2201 καὶ
1296 2174 1327 2200 τὸ
1344 2173 1470 2210 περιέχον
1491 2173 1551 2199 ἐστὶ
1574 2172 1790 2208 κατηφέστατον.

1001 2221 1217 2256 κατειλημμένον
1235 2221 1269 2256 τῇ
1293 2220 1357 2256 σκιᾷ
1375 2219 1430 2246 τῶν
1452 2219 1634 2254 σαρκοφάγων
1653 2217 1790 2253 ὀρνέων;)

1001 2267 1069 2295 ἀλλὰ
1089 2267 1137 2293 καὶ
1150 2266 1195 2293 ἐπὶ
1214 2266 1318 2297 τούτοις
1338 2264 1507 2301 φιλοχωρῶν.
1526 2264 1558 2290 Τί
1576 2263 1687 2300 γὰρκαὶ
1699 2263 1790 2294 πάθω,

1002 2313 1084 2345 Λίϐυς
1099 2312 1148 2344 ὢν,
1162 2312 1209 2339 καὶ
1231 2311 1347 2338 ἐνταῦθα
1359 2310 1505 2345 γενόμενος
1517 2329 1525 2342 ,
1542 2310 1589 2337 καὶ
1600 2309 1654 2336 τῶν
1670 2309 1790 2335 πάππων

999 2358 1063 2389 τοὺς
1090 2357 1191 2392 τάφους
1207 2357 1257 2384 οὐκ
1273 2356 1388 2391 ἀτίμους
1410 2356 1500 2390 ὁρῶν,
1527 2355 1577 2381 Διά
1600 2355 1630 2381 σέ
1650 2364 1695 2390 μοι
1720 2354 1790 2380 δοκῶ

1001 2403 1086 2439 μόνην
1103 2402 1288 2438 ὐπερόψεσθαι
1302 2402 1351 2437 τῆς
1369 2401 1511 2437 πατρίδος,
1525 2400 1576 2428 κᾶν
1586 2401 1713 2437 λάόωμαι
1730 2409 1792 2437 σχο-

999 2449 1049 2484 λῆς
1061 2469 1068 2482 ,
1084 2447 1321 2484 μεταναστεύσειν.

1254 2504 1427 2532 ΕΠΙΣΤΟΛΗ
1456 2503 1544 2531 ΡΚΕ¹.

1300 2550 1342 2584 τῷ
1364 2549 1495 2585 ἀδελφῷ.

1035 2597 1242 2633 Δυστυχοῦμεν,
1254 2594 1296 2629 οἷς
1321 2596 1492 2632 εὐποροῦμεν
1506 2595 1639 2630 πονηραῖς
1660 2592 1790 2629 ἀλλήλους

999 2644 1139 2678 ἀγγελίαις
1160 2643 1333 2679 ἀμείϐεσθαι.
1356 2642 1422 2669 Ἰδοὺ
1445 2641 1500 2676 γὰρ
1520 2641 1568 2668 καὶ
1582 2639 1700 2666 Βαττίαν
1721 2638 1787 2674 [71).

1000 2689 1153 2725 Βαττείαν]
1177 2688 1356 2724 ὲπενείμαντο
1368 2706 1377 2719 ,
1396 2686 1444 2713 καὶ
1464 2685 1654 2721 Ἀπροσύλεως
1673 2683 1787 2719 ἥψαντο,

1000 2735 1047 2761 καὶ
1062 2735 1134 2766 ἅλως
1147 2734 1310 2770 ἐνέπρησαν,
1327 2733 1374 2760 καὶ
1393 2732 1444 2767 γῆν
1458 2730 1622 2768 ὲδῃὼσαντο,
1637 2729 1685 2756 καὶ
1697 2729 1788 2763 γυναῖ-

1000 2787 1052 2810 κας
1077 2779 1315 2814 ἠνδραποδίσαντο.
1337 2776 1472 2813 Ἀῥρένων
1498 2775 1526 2802 δὲ
1553 2774 1668 2810 οὐδεμία
1692 2772 1785 2808 φειδώ.

1001 2825 1098 2853 Καίτοι
1121 2825 1252 2861 πρότερον
1277 2823 1416 2851 εἱώθεισαν
1445 2822 1562 2858 ζωγρεῖν
1587 2820 1623 2848 τὰ
1648 2819 1788 2866 παιδάριαι

1843 375 1862 412 δι
