1990 3060
186 139 257 167 1505

731 137 924 167 EPISTOLE.
942 153 978 160 -—
996 137 1106 168 EPIST.
1124 140 1242 171 CXXVI.
1270 139 1271 143 “

1750 137 1823 178 (τότε

189 199 272 226 Ἀλλά
282 198 342 232 νῦν,
354 197 442 235 οἶμαι,
456 199 501 226 τὸν
510 199 627 235 ἀριθμὸν
642 198 771 231 ἐλάττους
784 200 874 227 ἴσασιν
888 199 965 231 ὄντες

1028 200 1106 248 vivos
1120 208 1220 236 capere
1236 203 1367 237 puerulos
1381 205 1511 234 solerent.
1530 205 1585 235 Sed
1599 214 1675 235 nunc
1687 227 1695 240 ,
1710 207 1818 248 opinor,

183 244 201 280 ᾗ
216 244 288 273 ὥστε
302 245 395 281 νέμειν
415 246 449 281 τῇ
463 245 523 281 λείᾳ
539 245 664 281 φύλακας
676 245 790 281 συχνοὺς
799 266 806 278 ,
820 245 868 273 καὶ
881 246 976 281 ἀρκεῖν

183 291 240 322 τοῖς
263 290 435 326 λιιπομένοις
461 290 499 322 ὡς
530 291 576 317 ἐπὶ
602 290 721 325 πόλεμον
746 291 773 317 εῐ
795 299 838 322 τις
863 290 991 324 ἐπεξίοι.⁴

190 335 284 371 ΊΙμῶν
307 335 336 361 δὲ
360 335 449 366 οὐδεὶς
472 335 635 369 ἀγανακτεῖ·
651 335 709 361 ἀλλ’
729 335 798 361 οἴκοι
820 333 975 370 καθήμεθα,

182 381 233 416 τὴν
250 380 362 416 συκίνην
381 381 541 417 ἐπικουρίαν
565 380 628 412 τοὺς
643 379 811 415 στρατιώτας
827 379 975 415 προσδεχό-

184 434 271 460 μενοι,
285 426 332 452 καὶ
349 425 381 451 τὸ
399 425 552 461 σιτηρέσιον
565 445 572 456 ,
594 425 642 452 καὶ
657 425 707 456 τὰς
727 425 755 452 ὲν
770 425 866 461 εῐρήνῃ
883 425 976 452 πλεον-

182 471 256 503 εξίας
270 471 313 497 διὰ
328 471 461 506 στόματος
474 471 581 506 ἔχομεν·
593 470 688 507 ὥσπερ
701 471 805 503 τούτοις
818 471 975 503 δικάζεσθαι

180 518 240 544 δέον
253 537 260 549 ,
280 517 338 544 ἀλλ’
363 518 415 545 οὐκ
436 517 551 549 ἐκείνοις
578 517 741 553 ἀμύνεσθαι.
760 517 797 543 Οὑ
814 517 975 553 παυσόμεθα

181 563 384 598 φλυαροῦντες;
405 564 436 590 οὐ
450 563 663 600 σωφρονήσομέν
676 571 753 594 ποτε,
768 563 816 590 καὶ
831 563 973 599 γεωργοὺς

181 610 354 644 βωλοκόπους
378 609 555 646 ἀθροίσαντες
573 631 581 642 ,
609 610 693 646 ὁμόσε
722 610 883 646 χωρήσομεν
917 610 974 642 τοῖς

180 655 304 692 ἐχθροῖς,
317 656 387 692 ὑπὲρ
401 655 515 687 παίδων,
533 656 605 692 ὑπὲρ
618 656 757 691 γυναικῶν
767 675 775 688 ,
788 655 859 692 ὑπὲρ
870 655 972 692 χώρας,

181 704 206 730 εί
227 703 256 730 δὲ
285 702 393 738 βούλει,
418 702 466 730 καὶ
490 703 561 738 ὑπὲρ
588 702 679 729 αὐτῶν
701 702 756 729 τῶν
780 702 972 738 στρατιωτῶν;

181 749 271 776 Καλὸν
295 749 350 785 γὰρ
376 749 405 775 ὲν
423 749 519 785 εἰρήνῃ
546 748 684 775 λαλεῖσθαι
698 747 804 780 ταῦτα,
828 747 866 779 ὡς
893 747 974 782 ἡμεῖς

180 793 279 824 αὐτοὺς
304 792 440 828 τρέφομεν
468 801 498 818 τε
524 792 572 819 καὶ
599 792 731 827 σώζομεν.
756 791 827 826 Ἐγὼ
846 792 896 827 μὲν
926 789 973 818 οὖν

182 838 313 871 μονονοὺκ
322 837 419 872 ἔποχος
429 837 466 865 ὢν
478 837 619 873 ἴππῳ,τὴν
630 837 773 873 ἐπιστολὴν
785 837 970 872 ὐπηγόρευσα.

181 882 236 908 Καὶ
259 882 314 918 γὰρ
337 883 448 918 λόχους,
473 883 520 910 καὶ
543 883 674 918 λοχαγοὺς
692 884 724 910 ὲκ
749 882 803 909 τῶν
829 883 971 918 παρόντων

180 929 307 964 ἐποίησα.
329 929 495 963 ’Δοροῐζεται
523 929 552 956 δέ
580 937 625 964 μοι
653 928 701 956 καὶ
721 929 750 955 ἐν
773 929 970 964 Ἀσουσάμαντι

179 974 282 1010 πλῆθος
307 975 413 1010 συχνόν.
440 974 493 1001 Καὶ
517 974 572 1010 γὰρ
599 974 726 1006 Σοέσταις
752 975 876 1010 ἁπαντᾷν
903 974 968 1010 [πθ.

178 1021 328 1052 Δισιθίταις
339 1041 347 1053 ,
363 1020 380 1056 ἣ
393 1019 533 1056 Δηώσταις
546 1020 555 1056 ]
571 1020 617 1046 ἐπὶ
630 1021 679 1056 τὴν
693 1020 872 1056 Κλεοπάτραν
883 1021 970 1056 ἐπήγε

177 1067 266 1102 γειλα.
287 1067 405 1098 Ἐλπίζω
418 1067 446 1093 δὲ
467 1066 576 1093 ἐπειδὰν
593 1066 647 1101 πρὸ
659 1066 721 1093 ὀδοῦ
736 1066 880 1101 γενώμεθα
902 1066 968 1102 [γρ.

178 1112 344 1148 γένωμαι],
361 1111 408 1138 καὶ
433 1110 618 1147 περιαγγελθῇ
646 1111 756 1147 νεανική
782 1120 825 1143 τις
848 1113 969 1139 συστᾶσα

177 1159 244 1195 περὶ
257 1159 308 1193 ἐμὲ
328 1158 444 1194 δύναμις
455 1178 462 1191 ,
479 1157 548 1184 πολὺ
566 1157 675 1189 πλείους
688 1157 797 1184 ἔσεσθαι
810 1158 873 1190 τοὺς
885 1158 970 1193 ἀκλή-

177 1214 251 1237 τους.
265 1203 380 1236 ’Ἦξουσι
407 1203 463 1238 γὰρ
488 1202 677 1237 ἁπανταχόθεν
690 1222 700 1235 ,
714 1203 739 1229 oi
754 1202 885 1238 βέλτιστοι
907 1204 967 1238 μὲν,

175 1250 222 1285 ἐφ’
236 1247 259 1284 ᾧ
283 1251 430 1286 μετασχεῖν
446 1249 527 1285 ἔργου
554 1248 637 1276 καλοῦ
651 1256 658 1264 ο
676 1249 701 1275 οἱ
725 1250 901 1285 πονηρότατοι
926 1249 968 1282 δελ

176 1295 226 1322 καὶ
243 1296 289 1322 ἐπὶ
307 1295 445 1331 διαρπαγῇ
462 1295 602 1330 λαφύρων.

426 1423 600 1450 ΕΠΙΣΤΟΛΗ
623 1421 719 1456 PKq'.

447 1467 694 1501 Ἀσκληπιοδότῳ.

219 1515 302 1550 οἶμοι
312 1515 323 1541 .’
335 1514 363 1541 τί
374 1514 408 1540 δὲ
424 1514 503 1548 οἴμοι
519 1513 591 1548 (56);
605 1512 699 1546 θνητά
709 1522 754 1540 τοι
763 1513 964 1548 πεπόνθαμεν.

218 1560 249 1587 '0
260 1561 351 1596 τρίτος
363 1569 395 1594 γε
419 1560 466 1587 καὶ
484 1559 576 1591 λοιπὸς
589 1559 692 1594 οἴχεται
705 1558 760 1586 τῶν
774 1559 868 1586 υἱέων.
886 1559 966 1587 Ἀλλὰ

176 1606 209 1634 τό
229 1615 260 1641 γε
281 1606 370 1641 δόγμα
393 1605 423 1632 τὺ
440 1605 505 1640 περὶ
529 1604 576 1631 τοῦ
595 1605 677 1640 μηδὲν
693 1602 763 1630 εἶναι
781 1603 836 1631 τῶν
858 1604 908 1631 οὐκ
922 1605 965 1638 ἐφ’

177 1654 243 1688 ἡμῖν
259 1652 371 1686 ἀγαθὸν,
386 1651 403 1686 ἢ
415 1651 509 1684 κακὸν,
518 1650 558 1677 ἔτι
570 1651 633 1686 παρ’
646 1650 708 1686 ἐμοὶ
720 1649 848 1682 σώζεται.
858 1650 966 1677 Μᾶλλον

176 1699 206 1725 δὲ
217 1698 298 1726 πάλαι
311 1698 359 1733 μὲν
369 1696 403 1733 ἦν
415 1697 542 1732 μάθημα,
557 1696 616 1723 νυνὶ
631 1696 660 1722 δὲ
671 1695 767 1730 γέγονε
778 1695 866 1729 δόγμα
876 1695 966 1730 ψυχῆς

177 1743 439 1778 ὲγγεγυμνασμένης
464 1743 524 1773 ταῖς
549 1741 750 1777 περιστάσεσιν.
769 1741 841 1767 Ἔδει
861 1740 891 1767 δὲ
913 1741 967 1775 ἄρα

177 1788 370 1824 χαλεπωτέραν
384 1796 429 1823 μοι
444 1787 571 1821 γενέσθαι
592 1786 639 1812 τοῦ
662 1786 766 1818 πάθους
782 1786 832 1821 τὴν
848 1786 967 1821 προσϐο-

177 1835 225 1870 λήν
233 1843 241 1850 '
255 1835 302 1861 καὶ
313 1833 358 1861 διὰ
370 1833 450 1860 τοῦτο
461 1833 476 1859 ὁ
489 1833 604 1868 δαίμων,
616 1829 638 1866 ᾧ
653 1832 728 1868 μέλει
739 1832 868 1867 βλάπτειν
879 1831 965 1866 τάμὰ,

177 1880 425 1915 προῳκονομήσατο
451 1878 519 1914 μηδὲ
548 1886 578 1904 σε
593 1878 643 1912 τὴν
665 1877 746 1913 φίλην
771 1885 814 1912 μοι
837 1879 965 1912 παρεῖναι

176 1925 307 1960 κεφαλήν.
331 1924 400 1951 Ἀλλ’
417 1922 505 1956 ἔλθοις
524 1923 607 1955 ποτὲ,
628 1923 763 1958 θαυμάσιε
775 1941 782 1954 ,
802 1923 850 1949 καὶ
868 1922 966 1958 τριπό-

177 1971 252 2007 θητε,
268 1971 315 1997 καὶ
331 1969 417 2005 φίλων
430 1969 592 1997 ἀδολώτατε.
606 1968 720 2004 Μάρτυς
733 1969 789 2003 είμὶ
803 1967 841 2004 τῷ
861 1968 967 2003 θαυμαέ

178 2017 233 2052 στῷ
252 2016 379 2051 Μενέλεῳ
405 2016 457 2051 τῆς
481 2015 547 2050 περὶ
573 2015 603 2041 σὲ
628 2014 785 2046 διαθέσεως.
812 2015 862 2041 Διὰ
886 2014 965 2041 τοῦτο

176 2063 306 2094 πολλάκις
322 2062 407 2096 ἡδέως
423 2061 656 2096 συνδιημέρευσα,
674 2061 714 2087 ὅτι
739 2069 768 2087 σε
787 2061 819 2087 δι1
839 2060 967 2095 εὐφήμου

1027 246 1150 275 minores
1166 255 1196 276 sc
1207 256 1270 276 csse
1286 257 1403 278 numero
1417 252 1593 289 intelligunt,
1605 261 1688 290 quam
1705 258 1735 281 ut
1749 246 1820 289 prs:-

1027 294 1069 321 dte
1086 294 1223 328 plurimos
1240 295 1371 323 custodes
1385 297 1544 332 imponere,
1559 303 1587 327 et
1601 299 1654 331 iis,
1671 307 1733 334 quae
1756 298 1805 326 reli

1026 343 1069 366 cta
1085 338 1203 372 fuerint,
1219 346 1235 366 a
1251 340 1322 367 bello
1337 341 1511 370 vindicandis
1521 364 1529 377 ,
1545 345 1569 372 si
1583 345 1645 380 quis
1659 345 1795 380 irrumpat
1807 363 1816 376 .

1026 384 1151 413 suﬁicere
1167 386 1283 421 possint.
1306 386 1438 415 Nostrum
1462 393 1556 417 autem
1581 390 1717 417 neminem
1743 390 1815 418 sttbit

1026 431 1202 467 indignatio;
1229 432 1276 460 sed
1304 433 1380 460 domi
1404 433 1532 462 sedemus
1545 455 1552 465 ,
1569 435 1648 471 26]
1668 436 1815 463 ﬁculneum

1026 476 1180 508 auxilium,
1210 477 1323 505 militem
1348 478 1455 506 scilicet
1482 481 1688 513 praestolantes,
1714 484 1742 508 et
1765 481 1814 508 sti-

1025 521 1173 557 pendium,
1191 522 1355 557 illorumque
1378 531 1427 558 per
1449 523 1525 558 pacis
1541 527 1656 559 tempus
1671 525 1814 553 commoda

1024 566 1052 594 in
1068 574 1117 595 ore
1130 566 1280 599 habemus,
1305 569 1385 602 quasi
1409 576 1471 596 cum
1494 569 1528 597 iis
1549 569 1655 603 judicio
1675 564 1815 606 experiri,

1024 618 1082 639 non
1105 612 1168 640 illos
1192 613 1356 647 propulsare
1382 617 1517 647 oporteat.
1542 613 1602 640 Non
1629 614 1739 642 tandem
1762 615 1815 642 ali-

1023 656 1134 691 quando
1149 657 1246 691 nugari
1259 656 1447 685 desistemus?
1460 665 1514 684 non
1529 665 1626 693 sapere
1638 657 1814 693 incipiemus,

1024 707 1051 730 et
1067 702 1250 738 agricolarum
1270 703 1364 738 glebas
1385 704 1573 731 exercentium
1594 711 1678 731 manu
1703 704 1814 732 comra-

1024 750 1068 774 cta
1078 767 1087 779 ,
1098 747 1224 775 hostibus
1236 755 1286 775 nes
1298 755 1482 783 opponentus,
1497 757 1547 783 pro
1559 749 1654 777 liberis
1665 769 1672 781 ,
1684 757 1733 784 pro
1746 752 1814 777 uxo-

1024 792 1117 826 ribus,
1135 800 1185 826 pro
1201 793 1313 821 sedibus
1328 793 1443 826 nostris,
1465 794 1521 822 imo
1542 795 1625 822 etiam
1645 803 1695 830 pro
1719 796 1814 822 militi-

1024 837 1076 864 bus
1092 837 1182 872 ipsis?
1196 837 1332 865 Przcclara
1346 839 1419 866 enim
1435 838 1510 866 dictu
1528 839 1555 866 in
1571 847 1639 875 pace
1657 841 1711 868 ista
1727 845 1812 869 sunt:

986 873 1073 909 Bnos
1089 882 1162 909 alere
1181 882 1260 916 illos,
1285 890 1317 910 ac
1339 883 1422 910 tueri.
1447 883 1530 919 Atqui
1554 873 1605 920 ego
1629 888 1735 912 tantum
1757 894 1813 914 non

1019 934 1091 962 equo
1112 927 1236 955 insidens
1262 928 1343 955 hasce
1363 929 1471 956 litteras
1493 930 1605 957 dictavi.
1629 930 1696 958 Nam
1718 935 1746 959 et
1766 939 1814 959 co-

1019 972 1115 1000 hortes
1126 993 1135 1005 ,
1151 977 1178 1001 et
1192 974 1386 1006 centuriones,
1404 980 1486 1010 prout
1503 975 1530 1002 in
1547 977 1693 1010 praesentia
1710 984 1812 1012 suppe-

1019 1018 1113 1050 tebat,
1129 1019 1274 1046 constitui.
1290 1019 1356 1046 Mihi
1374 1025 1464 1047 autem
1482 1028 1533 1047 nec
1549 1021 1724 1055 paenitendus
1739 1022 1813 1049 mili-

1018 1066 1077 1090 tum
1099 1071 1233 1092 numerus
1261 1064 1288 1091 in
1312 1064 1496 1093 Asusamante
1521 1066 1649 1101 cogitur:
1675 1066 1811 1101 siquidem

1017 1108 1126 1136 Socstis
1141 1109 1214 1137 diem
1232 1110 1335 1142 indixi,
1352 1118 1408 1145 quo
1422 1111 1455 1138 ad
1470 1110 1644 1146 Cleopatram
1667 1112 1811 1147 adessent.

1017 1154 1106 1189 Spero
1122 1161 1233 1188 autem,
1250 1155 1333 1183 simul
1350 1163 1403 1184 nos
1419 1156 1548 1191 progredi
1566 1157 1749 1192 eruperimus,
1767 1158 1812 1185 id-

1017 1208 1073 1235 que
1089 1201 1256 1236 dissipatum
1273 1201 1346 1233 erit,
1368 1202 1507 1238 egregiam
1531 1202 1607 1230 circa
1628 1211 1679 1231 nos
1698 1209 1811 1232 manum

1016 1254 1080 1275 esse
1093 1247 1235 1274 collectam
1246 1267 1255 1280 ,
1271 1247 1360 1275 multo
1381 1248 1473 1283 plures
1494 1256 1549 1276 non
1569 1253 1683 1278 vocatos
1697 1249 1810 1277 adfutu-

1016 1299 1074 1320 ros.
1092 1291 1218 1327 Undique
1230 1293 1305 1320 enim
1320 1294 1479 1328 conﬂuant;
1498 1294 1593 1329 optimi
1610 1294 1736 1330 quidem,
1752 1301 1812 1329 quo

1017 1337 1143 1373 praeclari
1157 1337 1290 1365 facinoris
1306 1343 1412 1373 partem
1428 1339 1547 1374 aliquam
1560 1339 1709 1374 decerth
1723 1348 1731 1367 :
1747 1347 1811 1375 pes-

1016 1381 1080 1409 simi
1098 1389 1164 1410 vero
1178 1382 1212 1410 ad
1229 1383 1382 1417 diripienda
1399 1384 1498 1418 spolia.

1261 1428 1431 1456 EPISTOLA
1449 1429 1569 1457 CXXVI.

1310 1474 1511 1508 Asclepiodoto.

1053 1518 1112 1545 Ileu
1126 1518 1184 1545 me!
1204 1518 1268 1554 quid
1293 1519 1342 1546 heu
1360 1520 1422 1546 me?
1433 1519 1514 1554 digna
1526 1519 1635 1546 mortali
1651 1519 1718 1554 fero.

1052 1564 1162 1593 Tertius
1169 1572 1201 1592 ac
1209 1569 1365 1600 postremus
1374 1565 1522 1593 liberorum
1531 1566 1662 1593 excessit.
1671 1565 1727 1593 Sed
1738 1565 1807 1594 illud

1015 1611 1169 1644 decretum,
1183 1611 1252 1639 nihil
1263 1618 1371 1644 eorum,
1381 1619 1443 1647 quae
1454 1612 1481 1639 in
1495 1616 1633 1648 potestate
1646 1616 1741 1640 IOstra
1753 1613 1806 1640 sita

1016 1666 1072 1686 non
1088 1658 1155 1689 sint,
1170 1658 1273 1685 bonum
1289 1665 1361 1691 esse,
1375 1658 1419 1686 vel
1433 1658 1533 1686 malum
1544 1679 1552 1692 ,
1569 1659 1660 1686 adhuc
1674 1659 1703 1686 in
1714 1660 1808 1687 animo

1017 1710 1077 1730 meo
1089 1707 1256 1737 perseverat.
1274 1703 1330 1729 Aut
1345 1703 1452 1738 potius,
1467 1704 1532 1731 olim
1552 1704 1662 1739 quidem
1681 1703 1806 1732 doctrina

1017 1755 1032 1775 a
1054 1756 1097 1775 me
1125 1752 1186 1776 erat
1214 1748 1460 1783 comprehensum,
1486 1756 1561 1776 nunc
1593 1748 1692 1783 dogma
1719 1748 1806 1776 animi

1016 1793 1118 1821 factum
1134 1797 1188 1824 est.
1203 1793 1299 1821 multis
1315 1794 1427 1822 casibus
1441 1794 1596 1822 exercitati.
1618 1794 1737 1822 Necesse
1754 1803 1804 1822 au-

1015 1843 1070 1867 tem
1085 1842 1144 1866 erat
1155 1839 1389 1867 vehementiorem
1403 1847 1466 1868 esse
1480 1840 1547 1866 mali
1557 1840 1640 1874 hujus
1657 1841 1805 1875 impetum.

1015 1885 1106 1920 Atque
1117 1885 1188 1912 obid
1204 1885 1310 1913 daemon
1327 1885 1383 1916 ille,
1398 1884 1442 1912 cui
1459 1892 1533 1912 cura:
1545 1889 1587 1912 est
1600 1885 1669 1912 meis
1683 1890 1712 1911 ut
1721 1885 1806 1912 rebus

1015 1933 1125 1962 noceat,
1141 1933 1204 1957 ante
1221 1929 1273 1957 hoc
1293 1929 1426 1965 providit,
1444 1933 1474 1956 ut
1492 1936 1527 1956 ne
1547 1933 1576 1955 lu
1597 1929 1720 1963 quidem,
1735 1929 1804 1954 ami-

1015 1976 1158 2004 cissimum
1178 1976 1246 2003 mihi
1266 1980 1349 2011 caput
1361 1995 1368 2007 ,
1385 1976 1505 2003 adesses.
1522 1974 1575 2002 Sed
1591 1975 1665 2002 adsis
1682 1974 1804 2008 tandem,

1015 2029 1032 2048 o
1048 2022 1189 2056 praeclare,
1209 2027 1236 2049 et
1253 2027 1294 2049 ter
1320 2025 1415 2057 optate
1441 2020 1517 2053 mihi,
1535 2026 1618 2056 atque
1649 2021 1802 2048 amicorum

1015 2067 1137 2094 omnium
1172 2065 1371 2094 sincerissime.
1396 2066 1487 2094 Testis
1514 2074 1574 2094 sum
1606 2066 1717 2101 egregio
1743 2065 1802 2092 Me-

178 2109 289 2144 μνήμης
308 2108 437 2135 διετίθετο
452 2107 507 2143 [γρ.
529 2106 654 2143 ὲτίθετεςι.
668 2106 725 2133 Καὶ
741 2106 826 2133 πολλὰ
837 2108 869 2142 τῇ
890 2106 963 2142 ψυχῇ

177 2154 374 2190 προσκεκυφώς
385 2174 393 2187 ,
413 2154 460 2180 καὶ
483 2155 539 2184 τοῖς
556 2154 713 2189 ὲπιτροποις
728 2153 788 2180 οὐδὲ
813 2153 964 2188 ἀπάγουσιν

1014 2113 1093 2140 neleo
1106 2112 1145 2140 tui
1157 2120 1222 2148 erga
1236 2112 1313 2140 illum
1329 2112 1455 2140 alie-ctus.
1471 2111 1512 2139 0b
1523 2112 1550 2138 id
1567 2112 1668 2145 saepius
1681 2110 1803 2146 jucunde

1014 2166 1075 2186 sum
1091 2166 1154 2186 cum
1174 2166 1206 2186 eo
1220 2163 1346 2186 versatus
1360 2178 1367 2191 ,
1384 2158 1457 2193 quod
1482 2164 1508 2185 te
1524 2155 1802 2185 honorilieenlissima

178 2199 235 2235 [γρ.
251 2199 408 2235 ἐπιτρόποις
422 2198 508 2233 ὰπάγ.
525 2198 593 2234 (57)]
609 2199 689 2225 αὑτὸν
705 2198 769 2225 εὐθὺ
789 2199 942 2235 Τευχείρων
955 2206 962 2214 ·

1019 2204 1208 2233 recordatione
1221 2207 1424 2239 prosequatur;
1439 2202 1578 2237 quodque.
1600 2201 1708 2228 tametsi
1726 2205 1802 2228 totus

177 2246 242 2280 περὶ
255 2245 300 2272 τὸν
318 2246 404 2280 μέγαν
431 2244 653 2279 Ἀσκληπιόδοτον
669 2244 817 2280 εὐγνώμων
839 2243 873 2280 ἦν
885 2265 892 2277 ,
915 2245 964 2271 καὶ

1019 2249 1100 2276 animi
1115 2256 1189 2276 cura:
1204 2249 1240 2275 sit
1254 2247 1361 2280 aliixus,
1382 2254 1414 2274 ac
1437 2246 1669 2277 moderatoribus.
1692 2245 1738 2279 qui
1766 2244 1800 2271 ad

177 2291 355 2326 εὐχαριστῶν,
368 2290 406 2322 ὡς
417 2291 464 2317 ἐπὶ
476 2290 614 2326 μεγίστοις
627 2290 757 2326 εὐεργέτῃ
769 2290 962 2317 διατετέλεκεν.

1019 2295 1152 2322 Teuchira
1165 2298 1237 2321 recta
1254 2293 1330 2320 illum
1350 2292 1508 2324 abducunt,
1532 2295 1638 2327 gratum
1661 2298 1692 2318 se
1709 2294 1800 2317 tamen

178 2337 226 2363 'lv‘
238 2337 343 2372 ἔχωμεν
358 2336 429 2372 ὕδωρ
441 2336 555 2372 ψυχρὸν,
570 2336 664 2371 ὑδρίαν
679 2336 696 2371 ἦ
714 2335 792 2362 πίθον
807 2335 840 2362 ὲκ
851 2335 961 2371 μαρμά-

1019 2340 1043 2367 in
1059 2346 1189 2375 magnum
1216 2336 1440 2372 Asclepiodotum
1466 2336 1596 2372 praebeat,
1623 2336 1713 2370 eique,
1739 2338 1802 2362 tan-

177 2391 224 2420 ρου
242 2383 325 2418 ζητῶ,
340 2383 395 2418 ὅσῳ
410 2382 510 2417 μείζων
522 2382 579 2418 [γρ.
593 2382 699 2418 petitu],
712 2382 831 2417 τοσούτῳ
843 2382 962 2409 κάλλιον.

1019 2393 1097 2421 quam
1110 2385 1143 2413 de
1160 2392 1189 2413 se
1207 2384 1310 2420 optime
1332 2383 1441 2414 merito.
1462 2382 1566 2418 gratias
1583 2389 1663 2417 agere
1678 2381 1799 2409 insistat.

176 2428 304 2455 Κείσεται
319 2428 349 2455 δὲ
371 2428 400 2454 εν
421 2427 577 2463 Ἀσκληπιῷ
598 2426 636 2462 τῷ
650 2428 764 2463 ποταμῷ
777 2436 784 2443 ·
805 2428 871 2463 παρ’
887 2427 962 2462 αὐτῷ

1019 2431 1052 2461 Ut
1067 2432 1146 2459 nobis
1158 2437 1236 2466 aquae
1254 2429 1360 2465 frigidm
1371 2428 1450 2464 copia
1469 2428 1516 2462 sit,
1532 2428 1656 2464 hydriam
1689 2431 1735 2454 aut
1749 2426 1802 2455 do-

791 2497 881 2526 DION.
900 2498 1040 2528 PETAVII
1057 2499 1176 2528 NOTAE.

1015 2559 1141 2587 Obscura
1158 2565 1215 2586 nzec
1231 2561 1258 2585 et
1273 2552 1415 2591 implicita.
1431 2556 1460 2584 In
1477 2556 1582 2584 duobus
1606 2554 1715 2591 scriptis
1733 2555 1802 2589 legi-

1015 2599 1063 2622 tur
1078 2591 1283 2629 ’τιεροιικεκοφόζιξἲ
1295 2599 1357 2629 _no_n
1372 2591 1577 2629 npoaxcxucptig.
1593 2591 1622 2629 In
1638 2599 1693 2618 uno
1708 2591 1801 2617 deerat

1016 2626 1150 2664 particula
1166 2628 1241 2664 οὐδέ.Δ
1252 2626 1345 2654 Yideri
1362 2630 1452 2664 potest
1472 2627 1517 2655 hic
1527 2626 1668 2664 Menelaus
1690 2633 1751 2654 sese
1766 2629 1800 2664 ad

1017 2659 1198 2691 monasticam
1217 2662 1301 2689 vitam
1319 2659 1502 2693 transtulisse,
1527 2662 1553 2688 in
1571 2669 1624 2696 qua
1639 2669 1700 2688 cum
1724 2659 1800 2696 [veni—

1016 2703 1062 2725 tus
1076 2698 1128 2726 sibi
1139 2702 1221 2732 atque
1234 2697 1327 2724 anitno
1342 2703 1394 2732 suo
1405 2699 1566 2732 vacaretLet
1581 2695 1800 2732 moderatoribus

1017 2732 1153 2760 obnoxius
1177 2730 1260 2763 csset,
1285 2730 1473 2765 Asclepiodoti
1494 2731 1674 2758 nihilominus
1696 2737 1801 2765 ntepo-

1017 2767 1085 2794 riam
1101 2771 1129 2794 et
1142 2766 1291 2793 amicitiam
1312 2763 1430 2792 colebat.
1450 2765 1490 2792 Ac
1505 2766 1599 2793 nescio
1616 2773 1649 2792 an
1665 2772 1714 2796 pro
1726 2763 1800 2796 οὐδὲ,

1016 2802 1042 2828 οι
1055 2801 1083 2828 δέ
1100 2801 1242 2836 legendum
1244 2800 1304 2836 _sit,
1319 2804 1351 2836 ut
1377 2799 1564 2836 moderatores
1589 2799 1699 2829 Menelal
1726 2802 1804 2827 dicat

1017 2834 1143 2865 eumdem
1157 2839 1231 2864 recta
1243 2834 1378 2863 Teuchira
1391 2834 1501 2863 ducere.

213 2557 391 2594 (ὕθλοιμοιί
402 2557 444 2594 τί
462 2556 591 2594 δ’λοιμοι.
606 2555 704 2594 [:ysias
717 2556 744 2594 in
757 2556 813 2594 iine
825 2566 831 2584 :
845 2557 964 2594 :Entjra-

177 2590 239 2629 φίόυ
250 2590 330 2629 λιεγοὺ
343 2600 358 2629 '7
370 2591 452 2629 ξΛλλὰ
470 2590 587 2629 γάροθκ
601 2590 648 2618 οἷδ’
662 2592 676 2617 ὅ
690 2599 716 2618 τι
722 2591 767 2629 δεῖ
783 2591 965 2629 τοιαῦτα-ὀλο-

177 2625 322 2664 ιζ’)ίέιρεσθάά1
335 2627 381 2664 ῨΟὺ
400 2627 454 2663 γὰρ
470 2625 656 2664 ἐλανθάνομεν
677 2626 750 2661 ἡμᾶς
764 2627 870 2664 *αὐτοὺς
889 2627 964 2664 ὄντες

178 2635 321 2664 φῡρεσναι.
344 2635 381 2654 υυ
400 2635 454 2663 γαρ
475 2635 656 2687 ελανοανοριεν
677 2635 750 2661 ημοις
772 2635 870 2658 αυτους
889 2635 964 2659 οντες

178 2663 285 2700 θνητόν.
311 2662 393 2700 ’Ὥστε
419 2671 446 2700 τι
467 2662 508 2688 δεῖ
530 2661 556 2700 ἃ.
568 2661 614 2700 πά.
623 2669 651 2700 αι
676 2660 883 2700 προσεδοκῷμεν
905 2663 964 2700 πει-

178 2695 284 2737 σεσθαι,
309 2696 379 2737 ὑπὲρ
400 2696 508 2737 τουτων.
526 2695 574 2736 νῦὶι
600 2695 748 2737 ἄχθεσθαι,
773 2695 791 2731 ἢ
814 2696 874 2737 May
892 2697 964 2737 οξότω

179 2732 285 2769 βαρέῳς
299 2730 392 2769 φέρειν
404 2731 523 2769 ξετεὶ-ταῑς
534 2730 586 2766 τῆς
605 2730 713 2769 φρσεως
729 2732 890 2769 συμφοραῖς,
906 2732 966 2758 ὲπι-

179 2765 328 2802 ἱσταμένους
337 2765 381 2793 ’ὅτι
400 2767 414 2792 ὁ
429 2766 543 2796 θάνατος
565 2765 652 2797 κοινὸς
668 2766 716 2792 καὶ
735 2765 791 2796 τοῖς
806 2765 961 2801 χειρίστοις,

179 2803 228 2829 καὶ
244 2802 301 2833 τοῖς
315 2800 462 2836 βελτίστοις
471 2808 493 2836 ;r
579 2834 583 2836 _
705 2835 709 2836 ν
723 2834 731 2836 _
741 2833 747 2836 _
789 2835 793 2836 ν
836 2834 841 2836 ἒ

199 2808 228 2828 αι
244 2809 301 2833 τοις
315 2808 462 2833 μελτιστοις
471 2808 479 2833 ;

179 2809 228 2829 και
244 2809 301 2833 τοις
315 2809 479 2836 Ρελτιστοις;

219 2836 276 2872 (57)
303 2836 359 2864 Καὶ
393 2835 456 2870 τοῖς
480 2834 652 2869 ἐπιτρόποις
676 2833 751 2863 οὐδὲ
783 2834 962 2870 ἀπάγουσιν.
