1990 3060
219 137 289 169 15H
752 135 892 168 SYNESII
911 138 1144 168 ΠοωιιΑιυιε
1162 139 1319 170 EPISCOPI
1794 143 1878 171 1513

217 200 343 226 nostrain
361 196 430 224 meis
443 199 555 231 aquom
574 199 618 224 est
635 203 650 223 ι
664 195 822 225 clarissimo
842 196 924 226 Patre
942 197 994 226 Pro

1048 227 1050 231 ν
1063 199 1223 226 ἀποστεῖλαί
1237 206 1283 235 μοι
1297 200 1414 235 τάχιστα
1427 199 1462 228 τὰ
1478 199 1579 236 βιϐλια,
1595 199 1670 234 amp
1686 199 1877 232 suum“;

215 242 262 270 elo
279 241 372 274 reddi,
388 246 535 276 postquam
549 244 700 276 octogenos
720 241 784 271 illos
809 249 911 271 aureos
930 251 994 272 accc

1061 244 1137 281 αὐτῷ
1147 252 1155 261 ’
1169 245 1200 272 τὺ
1213 245 1426 281 Νικοστράτειον
1439 246 1472 281 δὴ
1485 246 1569 280 λέγω,
1587 247 1634 274 καὶ
1646 246 1678 273 τὸ
1691 245 1741 273 τοῦ
1764 245 1875 281 Ἀφρο-

216 287 298 324 perit.
317 286 355 314 Da
379 286 463 314 etiam
477 293 591 322 operam
613 291 644 314 ut
662 285 769 316 sodalis
790 295 871 316 meus
887 287 994 317 Troiiut

1061 291 1159 323 δισέως
1177 290 1365 327 Ἀλεξάνδρου.
1386 292 1419 318 ει
1433 292 1477 319 διὰ
1495 293 1545 328 τὴν
1572 292 1650 328 ἱεράν
1667 300 1716 319 σου
1739 292 1874 319 διάθισιν

216 340 288 368 quos
304 336 334 360 tu
345 332 370 360 ei
383 331 543 360 reddideras
554 332 651 364 libros,
671 339 756 365 quam
769 332 905 361 citissime
922 334 956 361 ad
971 343 994 361 ιιι

1062 337 1134 371 φίλοι
1149 338 1214 372 ἡμῖν
1231 338 1254 364 οἱ
1269 337 1397 373 ἄρξοντες
1411 338 1491 374 ήμιῖιν
1505 338 1663 375 ἐπιδημοίεν
1676 357 1685 371 ,
1701 338 1773 373 πρὸς
1785 337 1872 371 φιλο-

215 378 328 411 mittat;
360 377 564 406 Nicostratemn
606 377 682 411 dico,
727 381 754 405 et
788 379 994 413 Aphrodisiensi

1064 381 1159 416 σοφίαν
1180 382 1246 417 ἡμῖν
1264 382 1432 414 συντελέσεις
1446 383 1478 409 τὸ
1494 382 1577 419 μέρος
1589 382 1620 409 τὸ
1633 382 1690 414 σὺν,
1708 382 1772 409 ὅσον
1786 381 1871 409 Πλά-

213 421 376 450 Alexandri.
402 422 432 450 Si
457 431 506 458 per
525 431 636 451 sacrum
656 427 685 452 et
714 424 845 452 eximium
873 425 958 454 animi
973 430 994 453 ιι

1063 435 1117 454 των
1131 428 1239 463 ήγεῖται
1256 428 1331 464 παρὰ
1346 429 1395 464 τῆς
1409 428 1519 464 ἀτιμίας
1532 427 1696 457 κωλύεσθαι.

213 472 342 501 ail'ectnm
370 472 513 501 conciliati
539 472 622 501 nobis
655 472 701 500 hic
726 476 885 505 versentur,
909 474 956 510 qui
983 475 1133 510 provinciae
1160 480 1263 504 nostra:
1287 475 1432 512 praefuturi
1460 481 1536 511 sunt,
1573 477 1690 505 multum
1719 476 1804 505 nobis
1828 476 1866 504 ad

212 523 416 560 philosophiam
432 528 484 559 pro
496 521 570 551 virili
583 526 629 550 tua
643 527 722 558 parte
732 521 885 551 contuleris
899 531 908 557 ;
920 527 1056 558 quantum
1076 524 1184 554 scilicet
1199 524 1350 560 ignominia
1378 529 1407 555 et
1437 529 1598 561 contemptu
1631 524 1762 561 impediri
1799 523 1865 555 exi-

211 572 305 602 elimat
318 570 407 600 Plato.

437 637 608 667 EPISTOLA
627 636 736 667 CXXIX
750 639 770 667 ⁴.

534 695 681 730 Simplicio.

243 744 312 773 Cum
328 752 379 772 nos
394 751 443 780 per
461 743 604 771 Cerealem
629 742 769 775 salutasti,
784 743 838 771 hoc
855 743 879 771 ei
904 748 1004 771 contuo

208 787 277 823 iisti,
293 791 333 818 uti
361 790 484 826 quinque
509 789 570 817 dies
596 789 670 816 illius
697 789 821 824 nequitia
855 789 1003 818 celaretur.

207 834 277 865 Boni
293 837 366 864 enim
377 835 480 872 aliquid
495 836 623 863 civitates
633 835 667 862 ab
675 843 708 863 eo
720 835 832 863 homine
843 840 1002 870 sperarunt,

207 890 290 919 quem
303 881 465 917 Simplicius
478 889 563 909 nosse
575 888 631 908 non
651 885 823 916 gravaretur.
840 881 875 908 At
888 882 932 909 illc
949 881 1005 908 cito
1020 898 1041 926 Β

207 928 355 955 admodum
384 927 489 962 pudore
506 927 608 960 achcit,
639 935 695 954 non
723 931 750 955 te
777 927 890 962 quidem
919 927 1005 963 (absit

206 975 290 1006 enim.
306 980 337 1002 ut
367 977 422 1001 tuae
444 981 489 1001 res
507 973 564 1000 sint
590 981 624 1001 ex
647 974 736 1002 altero
762 973 930 1008 suspensae),
955 974 1004 1002 sed

204 1022 325 1056 seipsum
345 1021 438 1056 potius
454 1026 487 1048 ac
517 1027 598 1048 suum
613 1020 804 1055 magistratum
819 1028 826 1053 ;
843 1024 882 1053 et,
894 1027 930 1048 ne
942 1019 1004 1047 lon-

204 1065 266 1101 gius
278 1065 387 1098 faciam,
397 1064 550 1092 Romanam
565 1065 782 1100 rempublicam;
799 1065 881 1092 homo
901 1065 1002 1100 exiguo

204 1111 294 1146 pretio
314 1111 436 1144 venalis;
452 1109 532 1137 fama:
551 1114 632 1145 atque
647 1109 863 1138 existimationis
876 1114 1003 1137 contem-

204 1163 286 1193 ptor;
302 1158 409 1185 bellica:
423 1157 463 1184 rei
491 1157 657 1192 imperitus;
675 1155 703 1183 in
718 1163 787 1191 pace
811 1156 1001 1190 importunus,

203 1212 258 1239 qua
289 1203 454 1231 brevissimo
484 1206 609 1238 tempore
633 1201 740 1237 potitus
756 1205 810 1229 est.
836 1200 897 1228 Non
925 1201 1000 1228 enim

202 1249 286 1285 longo
301 1256 425 1284 tempore
445 1255 515 1284 opus
546 1248 643 1275 habuit
660 1247 695 1275 ad
717 1247 866 1275 evertenda
891 1252 1001 1283 pertur-

201 1295 348 1330 bandaque
362 1295 466 1322 omnia.
497 1293 566 1321 Nam
583 1293 701 1329 perinde
719 1300 751 1320 ae
770 1293 793 1321 si
819 1293 879 1328 lege
905 1293 998 1328 aliqua

201 1341 320 1369 militum
335 1340 452 1369 fortuna:
463 1339 497 1367 ad
509 1339 607 1367 ducem
621 1339 999 1376 pertinerent,qu:rquisque

200 1386 356 1421 possideret
384 1385 550 1420 accipiens,
582 1385 706 1413 vicissim
738 1385 793 1414 illis
822 1387 997 1414 vacationem

200 1435 229 1459 et
246 1432 450 1460 immunitatem
464 1431 562 1459 ordine
581 1432 720 1460 servando
739 1432 931 1468 largiebatur;
949 1441 998 1461 c0-

200 1476 275 1512 piam
288 1476 418 1504 omnibus
431 1476 538 1504 faciens
555 1483 588 1504 eo
603 1483 633 1503 se
648 1475 821 1509 conferendi,
839 1477 886 1504 ubi
913 1478 950 1504 ali
966 1485 997 1505 se

199 1530 282 1558 posse
293 1526 448 1559 sperarent.
474 1521 540 1550 Hec
554 1530 618 1550 cum
637 1522 775 1559 indigenis
786 1522 910 1557 fecisset,
926 1533 996 1560 quo-

1303 635 1476 666 ΕΠΙΣΊὈΛΗ
1495 638 1599 666 PKQ".

1367 696 1545 730 Σιμπλικίῳ.

1097 743 1233 778 Ἐχαρίσω
1253 742 1395 777 Κερεαλίῳ
1409 762 1415 773 ,
1429 742 1462 768 δι’
1479 740 1563 768 αὐτοῦ
1579 741 1737 776 προσειπὼν
1757 742 1835 778 ήμᾶς
1848 762 1856 774 ,

1056 787 1087 814 τὸ
1101 787 1194 814 λαθεῖν
1209 788 1260 824 ἠμέ
1266 796 1314 823 ρας
1331 788 1411 815 πέντε
1425 787 1543 823 πονηρὸν
1556 787 1631 814 ὄντα.
1645 787 1784 814 Ἦλπισαν
1799 789 1857 824 γαρ

1057 842 1083 860 τι
1099 834 1216 869 χρηστὸν
1239 835 1266 860 αἱ
1285 833 1376 865 πόλεις
1393 834 1458 869 παρ’
1475 833 1586 868 ἀνδρδς,
1607 833 1637 860 ὃν
1657 833 1707 860 οὐκ
1729 833 1856 869 ἀπηξίω-

1059 880 1168 915 σεν(65)
1184 879 1283 906 εἰδέναι
1300 879 1471 914 Σιμπλίκιος.
1484 879 1513 906 ’0
1524 879 1551 906 δὲ
1567 879 1635 914 ταχὺ
1653 880 1725 914 μάλα
1737 880 1854 915 ᾔσχυνε,

1058 927 1087 952 σὲ
1106 925 1156 961 μὲν
1174 926 1205 952 οὓ
1221 926 1278 961 (μὴ
1298 926 1353 961 γάρ
1370 933 1435 952 ποτε
1453 924 1579 960 ὲπ“ᾰλ).ῳ
1601 924 1635 951 τὰ
1663 925 1697 952 σὰ
1711 926 1818 959 γένοιτο
1830 926 1852 959 ),

1055 971 1151 999 ἐαυτὸν
1162 971 1206 1005 δὲ,
1224 972 1271 998 καὶ
1287 971 1337 1006 τὴν
1353 971 1458 1007 ἀρχὴν,
1473 971 1520 997 καὶ
1539 971 1582 997 ἵνα
1597 970 1635 1006 μὴ
1649 971 1780 1006 διατρίϐω
1790 991 1798 1003 ,
1817 971 1854 998 τὰ

1059 1017 1203 1054 Ῥωμαίων
1218 1017 1274 1054 (ϐλῑ)
1298 1018 1450 1054 πράγματα
1463 1037 1470 1049 ,
1497 1017 1577 1049 ὤνιος
1601 1017 1743 1054 ἄνθρωπος
1759 1018 1852 1053 ἐλαχί-

1054 1072 1116 1090 στου
1131 1064 1203 1099 (65),
1217 1063 1296 1099 δόξης
1310 1063 1419 1102 ρμελὴς
1431 1083 1438 1094 .
1453 1064 1606 1100 ἀπόλεμος,
1626 1064 1655 1090 ἐν
1679 1064 1776 1100 εἰρήνῃ
1797 1064 1851 1098 βα-

1054 1110 1122 1146 ρὺς,
1148 1108 1182 1147 ἧς
1209 1110 1277 1146 πρὸς
1302 1110 1471 1147 βραχύτατον
1501 1110 1698 1138 ἀπολέλαυκεν.
1725 1110 1763 1137 Οὐ
1792 1109 1850 1145 γὰρ

1051 1157 1148 1193 ἐδεήθη
1176 1156 1272 1193 χρόνου
1290 1157 1359 1192 πρὸς
1389 1156 1420 1183 τὸ
1447 1157 1537 1184 πάντα
1557 1154 1710 1192 ἀνατρέψαι
1732 1165 1763 1184 τε
1799 1157 1850 1184 καὶ

1052 1202 1176 1238 συγχέαι.
1190 1203 1296 1239 Ὥσπερ
1309 1203 1363 1239 γὰρ
1378 1203 1454 1235 ὄντος
1470 1203 1554 1239 νόμου
1565 1223 1573 1234 .
1591 1203 1626 1232 τὰ
1640 1203 1694 1229 τῶν
1712 1209 1849 1239 στρατιω-

1049 1249 1104 1277 τῶν
1125 1247 1194 1276 εἶναι
1213 1249 1268 1276 τῶν
1283 1249 1446 1285 στρατηγῶν
1459 1269 1466 1282 ,
1492 1249 1511 1277 ἃ.
1536 1249 1636 1281 πάντες
1652 1247 1724 1284 εἶχον
1741 1248 1846 1280 λαϐὼν.

1049 1295 1201 1323 ἀντέδωκεν
1225 1295 1317 1328 αὐτοῖς
1333 1296 1484 1332 ἁστρατίαν
1497 1315 1506 1328 ,
1526 1296 1574 1323 καὶ
1595 1296 1626 1322 τὸ
1655 1295 1692 1332 μή
1714 1296 1846 1323 συντετά-

1049 1341 1130 1376 χθαι,
1148 1341 1265 1376 βαδίζειν
1291 1342 1458 1377 ἐπιτρέψας,
1482 1339 1499 1379 ᾗ
1523 1350 1565 1374 τις
1588 1342 1658 1378 ῷετο
1682 1342 1844 1378 θρέψεσθαι.

1048 1386 1142 1413 Ταῦτα
1158 1387 1222 1418 τοὺς
1241 1387 1406 1424 ἐπιχωρίους
1427 1388 1561 1423 ποιήσας,
1587 1387 1650 1414 ἐπεὶ
1671 1388 1732 1418 τοὺς
1750 1388 1844 1423 ξένους

1047 1432 1098 1458 οὐκ
1126 1430 1160 1468 ἦν
1192 1433 1388 1470 ἀργυρολογεῖν
1402 1453 1411 1466 ,
1429 1433 1650 1470 ἠργυρολόγησεν
1679 1434 1768 1461 αὐτῶν
1792 1434 1844 1466 τὰς

1047 1478 1139 1509 πόλεις
1150 1499 1158 1511 ,
1175 1478 1250 1512 ἄγων
1266 1479 1313 1505 καὶ
1333 1478 1461 1514 μεθιστὰς
1473 1499 1481 1510 ,
1511 1479 1561 1514 οὐχ
1621 1478 1843 1514 λυσιτελέστερον

1045 1521 1090 1559 ἦν,
1104 1521 1193 1561 ἁλλ’ᾖ
1216 1524 1444 1561 κερδαλεώτερον.
1461 1524 1649 1561 Βαρυνόμεναι
1671 1525 1726 1559 γὰρ
1751 1523 1842 1552 αὐτῶν

200 1570 275 1596 niam
288 1577 303 1596 a
317 1568 473 1606 peregrinis
485 1573 630 1604 argentum
658 1569 813 1604 exprimere
826 1569 908 1606 265
939 1577 994 1597 non

1048 1569 1095 1605 τὴν
1119 1569 1254 1606 καθέδραν
1278 1571 1307 1596 αί
1324 1570 1416 1602 πόλεις
1431 1571 1542 1606 χρυσίον
1561 1570 1714 1606 εἰσέφερονι
1729 1570 1841 1597 Τούτων

198 1619 316 1651 poterat,
333 1615 470 1650 expressit
497 1614 532 1642 ab
557 1614 668 1642 illorum
697 1614 867 1648 civitatibus,
898 1617 994 1652 copias

1048 1615 1130 1648 ὀξέως
1145 1615 1259 1651 ᾔσθοντο
1271 1617 1417 1647 Μακέται,
1431 1616 1480 1642 καὶ
1495 1616 1591 1651 γέγονε
1605 1616 1762 1651 διαδόσιμος
1784 1616 1841 1644 ἀπὸ

198 1669 264 1690 snas
279 1669 313 1690 eo
326 1661 476 1693 deducens,
493 1660 745 1697 commigransque,
759 1669 815 1689 non
839 1662 886 1689 ubi
904 1662 993 1696 major

1048 1661 1102 1688 τῶν
1119 1661 1329 1697 μιξοϐαρϐάρων
1350 1662 1390 1694 είς
1406 1663 1470 1694 τοὺς
1487 1661 1642 1697 βαρὸάρους
1658 1662 1675 1697 ἡ
1689 1662 1783 1698 φήμη·

196 1707 398 1743 opportunitas,
425 1706 474 1734 sed
503 1707 550 1734 ubi
581 1707 737 1743 compendii
765 1707 902 1735 uberioris
928 1715 991 1741 spes
1010 1711 1081 1735 erat.
1105 1707 1175 1735 Cum
1194 1708 1270 1735 enim
1298 1707 1359 1743 ejus
1393 1708 1611 1736 commoratione
1633 1707 1761 1736 civitates
1788 1715 1839 1743 op-

197 1756 398 1791 primcrentur,
419 1763 517 1782 aurum
541 1755 767 1783 contribuebant.
784 1754 848 1783 llaec
871 1756 927 1783 cito
944 1754 1055 1783 Macetae
1071 1763 1204 1790 sensere;
1236 1762 1357 1792 moxque
1371 1762 1388 1783 a
1405 1755 1603 1784 semibarbaris
1632 1754 1668 1783 ad
1703 1755 1838 1782 barbaros

195 1802 256 1839 ejus
271 1803 309 1830 rei
330 1803 402 1830 fama
419 1806 568 1838 propagata
585 1806 640 1830 est.

231 1847 314 1879 Hinc,
326 1851 389 1882 quot
403 1855 459 1874 vere
474 1855 539 1874 novo
550 1845 657 1881 frondes
668 1847 810 1882 ﬂoresque,
827 1848 949 1874 ruebant.

231 1893 290 1922 lleu
315 1893 484 1927 iuventutem
516 1893 590 1921 male
617 1900 633 1920 a
661 1893 742 1921 nobis
757 1892 909 1921 amissam!
930 1892 989 1920 Heu

195 1940 305 1976 frugum
328 1947 344 1966 a
358 1939 442 1974 aohis
464 1937 568 1967 frustra
589 1937 716 1974 speratos
741 1939 910 1974 proventus!
937 1939 991 1966 ilo-

194 1986 304 2013 stilibus
325 1984 442 2012 flammis
458 1991 540 2020 agros
562 1985 750 2013 consevimus.
775 1984 920 2020 Plerisque
939 1992 990 2012 no-

194 2036 283 2060 strum
298 2039 366 2067 opes
385 2034 465 2059 erant
490 2032 517 2058 ln
533 2039 642 2067 pecore,
668 2032 696 2059 in
716 2032 849 2061 armentis
869 2032 988 2059 camelo-

194 2085 267 2110 rum,
283 2078 311 2105 in
328 2078 486 2114 gregalibus
495 2078 619 2114 equabus
631 2086 639 2110 ;
650 2077 758 2113 periere
770 2078 881 2111 omnia;
895 2077 987 2105 omnia

193 2128 259 2151 sunt
274 2124 384 2152 abacta.
403 2124 499 2152 Sentio
519 2131 563 2152 me
578 2131 634 2159 pra:
661 2123 757 2151 dolore
775 2132 829 2151 non
855 2131 917 2152 esse
933 2123 987 2151 mei

192 2174 357 2205 compotem.
371 2169 471 2198 Verum
490 2170 613 2205 ignosce,
635 2177 738 2204 quaeso.
759 2169 894 2197 Mmmbus
912 2169 987 2197 enim

192 2221 286 2252 septus
303 2225 386 2250 sum;
404 2221 432 2245 et
445 2217 575 2245 obsessus
603 2215 661 2243 haec
690 2215 792 2246 scribo.
820 2223 869 2250 per
892 2215 986 2242 horam

192 2263 293 2298 saepius
313 2261 388 2291 faces
402 2262 549 2297 aspiciens,
565 2268 668 2296 easque
684 2261 839 2288 accendens
862 2263 889 2288 et
915 2260 984 2295 ipse,

191 2311 220 2335 et
233 2308 260 2335 in
273 2307 381 2343 signum
402 2307 465 2335 aliis
484 2306 631 2335 extollens.
647 2305 734 2334 Porro
755 2306 916 2334 venationes
933 2306 986 2333 illa:

192 2353 358 2388 longinquae,
375 2352 476 2388 quibus
489 2352 581 2379 securi
595 2355 677 2379 antea
695 2355 743 2378 tuo
759 2351 878 2378 maxime
901 2351 985 2378 bene-

1037 1843 1156 1873 'll.100r
1179 1845 1273 1872 ἔπειθ’
1283 1845 1342 1873 ὅσα
1352 1846 1455 1880 φύλλα
1467 1845 1514 1872 καὶ
1523 1844 1614 1873 ἄνθεα
1628 1845 1739 1880 γίνεται
1749 1846 1834 1882 ἦρος.

1071 1891 1124 1918 dmi
1151 1891 1201 1926 τῆς
1222 1891 1359 1926 νεότητος,
1384 1891 1418 1927 ἢν
1443 1891 1676 1926 ἁπολωλέκαμενί
1700 1892 1753 1919 Φεῦ
1779 1893 1835 1921 τῶν

1037 1936 1164 1973 καρπῶν,
1188 1936 1236 1969 οὓς
1264 1937 1355 1972 μάτην
1382 1937 1554 1972 ἠλπίσαμενὶ
1592 1938 1775 1974 Ἑσπείραμεν
1795 1940 1833 1975 τῷ

1039 1982 1163 2018 πολεμίῳ
1178 1983 1255 2018 πυρί.
1283 1983 1347 2015 Τοῖς
1363 1983 1484 2010 πλείοσιν
1504 1982 1584 2019 ήμῶν
1608 1983 1638 2010 τὺ
1663 1984 1790 2011 πλουτεῖν
1805 1986 1834 2013 ἐν

1041 2029 1212 2065 βοσκήμασιν
1233 2027 1277 2064 ἦν,
1303 2030 1332 2056 ἐν
1355 2029 1496 2063 ἀγελαίαις
1521 2030 1665 2065 καμήλοις,
1687 2030 1717 2057 ἐν
1738 2031 1833 2064 ἵπποις

1041 2074 1168 2110 φορϐάσι.
1187 2074 1280 2102 Πάντα
1294 2074 1414 2110 οἴχεται·
1437 2075 1526 2103 πάντα
1541 2075 1680 2110 ἐλήλαται.
1702 2076 1833 2103 Δὶσθάνο-

1042 2129 1092 2156 μαι
1107 2121 1250 2156 γινόμενος
1262 2120 1315 2147 ὑπὸ
1334 2120 1381 2147 τοῦ
1403 2120 1507 2153 πάθους
1521 2121 1646 2157 ἔκφορος.
1670 2121 1750 2148 ’Δλλά
1764 2122 1832 2157 σύγ‹

1039 2166 1134 2200 γνωοι.
1166 2165 1303 2202 Τειχήρης
1334 2166 1390 2201 γάρ
1419 2167 1493 2202 εἰμι,
1528 2167 1574 2194 καὶ
1603 2167 1832 2203 πολιορκούμενος

1039 2213 1148 2248 γράφω,
1166 2212 1214 2247 τῆς
1229 2211 1304 2248 ὥρας
1320 2212 1450 2245 πολλάκις
1463 2213 1598 2248 φρυκτοὺς
1611 2212 1692 2248 ὀρῶν,
1715 2214 1763 2240 καὶ
1783 2214 1831 2241 αὺ-

1003 2248 1026 2276 Ῑ)
1039 2259 1103 2290 τοὺς
1125 2259 1252 2286 ἀνάπτων
1267 2257 1315 2285 καὶ
1325 2258 1416 2291 αὐτὸς,
1431 2260 1478 2286 κσίι
1499 2260 1585 2294 στρων
1601 2261 1657 2292 τοῖς
1673 2260 1763 2293 ἄλλοις
1778 2270 1831 2297 ση-

1041 2305 1114 2340 μεῖα.
1137 2304 1294 2339 κυνηγέσια
1323 2304 1351 2332 δὲ
1375 2306 1465 2333 ἐκεῖνα
1488 2305 1522 2334 τὰ
1538 2306 1650 2342 πρόσω,
1664 2303 1705 2338 οἷς
1717 2306 1775 2344 [γρ.
1794 2307 1831 2335 τὰ

1039 2350 1133 2385 πρόσω
1148 2350 1297 2386 κατανοῶν]
1318 2351 1362 2377 ἐπ’
1388 2351 1512 2384 ἐξουσίας
1539 2352 1686 2389 ἐχρώμεθα
1697 2353 1830 2389 πρότερον

192 2395 256 2424 ficio
271 2395 442 2429 fruebamur,
469 2396 581 2432 penitus
605 2396 743 2423 abierunt.
770 2395 862 2431 Itaque
885 2395 986 2424 identi-

1048 2397 1086 2432 n'ax
1101 2397 1200 2432 ἥκιστα
1217 2396 1262 2423 διὰ
1277 2397 1322 2429 σὲ.
1338 2398 1428 2424 πάντα
1449 2397 1534 2433 ἔρρει.
1554 2399 1609 2425 Καὶ
1631 2398 1761 2434 στένομεν
1779 2408 1829 2434 με-

191 2442 254 2471 dem
270 2442 487 2478 ingemiscimus,
503 2450 567 2470 eum
580 2441 735 2477 juventutis
746 2441 821 2470 illius
835 2441 990 2470 reminisci-

1048 2441 1170 2477 ινημένοι
1183 2441 1256 2477 ἥϐης
1269 2443 1293 2469 τ’
1305 2442 1424 2477 ἐκείνης,
1433 2442 1478 2470 νοῦ
1491 2443 1515 2470 τ’
1528 2443 1633 2470 ἐκείνου
1645 2443 1693 2470 καὶ
1709 2444 1828 2479 φρενῶν.

192 2495 266 2521 mur,
282 2487 415 2525 illiusque
430 2487 531 2516 mentis
545 2494 579 2517 ac
596 2486 760 2523 prudentia}.
767 2487 804 2514 At
814 2494 888 2515 nunc
901 2495 988 2522 equo-

1048 2487 1110 2515 Αλλ¹
1135 2487 1341 2524 tumtum-retur
1359 2487 1416 2525 [γρ.
1443 2489 1605 2525 [nonaput]
1627 2489 1679 2525 μὲν
1701 2489 1826 2522 ἅπαντα.

810 2575 902 2603 DION.
925 2574 1065 2604 PETAVII
1084 2575 1204 2605 ΝΟΤΕ.

229 2655 285 2691 (6'5)
307 2655 362 2682 ὀν
375 2657 431 2683 οὐκ
446 2655 630 2690 ἀπηξίωσεν.
649 2654 701 2683 Din
719 2658 798 2691 antea
817 2655 891 2688 ἅπαξ
904 2655 986 2690 ἠξίω-

193 2690 256 2723 σεν,
277 2691 350 2729 quod
376 2693 404 2718 in
428 2692 539 2719 excusis
562 2694 643 2723 erat,
668 2690 831 2718 mutandum
858 2692 984 2724 conjece-

191 2728 251 2752 ram
278 2726 305 2761 in
330 2725 497 2761 ἀπηξίωσεν.
528 2725 608 2758 Quod
634 2730 730 2761 postea
759 2725 788 2752 in
813 2733 868 2753 uno
894 2730 986 2754 vetere

193 2765 358 2830 Ὓὲἶΐιίαι
372 2795 423 2826 ἵνα
432 2795 475 2830 μὴ
490 2795 637 2830 διατρίϐω,
647 2795 683 2822 τὰ
700 2795 861 2830 Ῥωμαίων.
875 2795 904 2830 Si
917 2802 984 2823 sana

150 2858 155 2862 ,
192 2831 276 2866 lectio
291 2835 349 2866 est,
376 2829 518 2866 referenda
529 2864 534 2866 _
546 2829 604 2858 haec
621 2835 686 2859 sunt
698 2831 732 2858 ad
748 2829 859 2866 ᾔσχυνε.
879 2829 981 2857 Verum

192 2865 276 2893 verba
290 2865 348 2893 haec
368 2864 413 2900 (τὰ
431 2864 573 2900 Ῥωμαίων
589 2864 871 2902 πράγματαγιιικιιιιι,
889 2869 917 2893 et
930 2871 981 2893 suo

1034 2655 1182 2692 locopmota
1199 2663 1263 2685 esse
1280 2663 1402 2690 censeo;
1425 2657 1519 2692 itaque
1534 2661 1597 2692 post
1616 2657 1730 2692 συγχέαι
1743 2665 1825 2692 repo-

1034 2690 1132 2760 mai?)-
1148 2727 1248 2759 Ὦνιος
1267 2726 1423 2760 ἄνθρωπος
1434 2727 1612 2762 ἐλαχίστου.
1626 2725 1686 2753 Non
1702 2705 1834 2754 dubitavii

1033 2765 1128 2788 contra
1144 2766 1267 2790 veterum
1281 2762 1404 2789 omnium
1419 2761 1587 2789 consensum
1603 2765 1665 2796 post
1681 2761 1824 2796 ἐλαχίστου

1032 2796 1238 2824 distinctionem
1254 2796 1384 2830 adjicere.
1401 2800 1431 2823 ut
1448 2797 1482 2824 ad
1496 2796 1576 2827 ὥνιος
1591 2795 1827 2824 τὲῐει-ςιιιιτζΝιιιιι

1034 2832 1130 2868 scripti
1148 2839 1243 2860 omnes
1260 2836 1323 2868 post
1337 2831 1427 2867 δόξης,
1446 2831 1565 2867 στιγμὴν
1579 2831 1692 2859 habent.
