1990 3060
163 113 232 141 1513

719 111 909 140 EPISTULA}.
930 126 965 132 ——
981 110 1091 139 EPIST.
1111 110 1218 138 CXXX.

1715 112 1784 140 15M

162 173 209 198 καὶ
223 170 273 207 τὴν
286 169 377 206 χώραν
403 169 494 205 ἔχουσι
514 168 561 196 νῦν
576 169 600 195 οι
615 168 748 204 πολέμιοι.
771 168 842 202 Ἐγὼ
856 168 884 195 δὲ
899 168 951 195 ὑπὸ

1003 176 1062 194 rum
1083 168 1192 202 ungulis
1205 168 1347 202 pulsantur
1366 167 1469 200 omnia,
1494 175 1657 203 omnemque
1672 169 1725 196 late
1741 177 1785 197 re-

164 216 340 253 μεσοπυργίῳ
354 215 518 250 τεταγμένος
532 214 692 250 ὖπνομαχῶ.

168 307 221 333 Ἔν
234 306 297 340 δορὶ
312 305 370 340 μέν
380 314 431 340 μοι
443 303 517 339 μᾶζα
527 304 711 340 μεμαγμένη,
726 304 761 330 ἐν
775 304 837 338 δορὶ
850 302 933 337 οἶνος

240 339 416 375 Ίάμάρικός·
434 340 510 367 πίνω
523 339 548 366 δ’
563 340 597 366 ὲν
608 339 673 373 δορὶ
685 339 872 373 κεκλιμένος.

163 388 220 414 Οὐκ
232 385 290 414 οἶδα
313 387 337 413 ει
360 386 460 422 μᾶλλον
488 386 636 422 Ἀρχιλόχῳ
658 387 744 413 εἰπεῖν
761 386 848 412 ταῦτα
864 393 950 420 προσ-

163 434 264 468 ἠκοντα
344 432 434 464 Κακὺς
452 433 544 464 κακῶς
559 432 686 458 ἀπόλοιτο
700 430 858 467 Κερεάλιος,
873 432 897 457 εί
913 430 950 466 μὴ

163 479 210 506 καὶ
225 478 401 514 προαπόλωλε
416 478 464 513 τῆς
478 478 548 513 ἀρᾶς
557 485 564 492 '
580 477 618 509 ὡς
632 477 705 509 ἄξιός
716 485 748 511 γε
765 474 798 511 ἦν
812 475 891 511 ἔργον
905 483 951 509 γε·

162 526 268 560 γονέναι
283 525 329 551 τοῦ
347 524 442 561 πρώην
464 523 597 559 χειμῶνος
609 532 615 538 ”
632 522 662 554 ὃς
675 522 768 557 ἐπειδὴ
793 521 843 557 τὴν
859 520 952 556 χώραν

161 569 231 596 εἶδεν
251 571 279 596 ἐν
302 566 324 603 ᾧ
343 569 466 596 κινδύνου
483 568 661 603 κατέστησεν,
675 567 809 602 ὴπίστησε
825 564 952 597 καθάπαξ

162 615 196 649 τῇ
207 615 242 649 γῇ
257 622 264 629 ·
280 614 326 641 καὶ
340 613 372 640 τὸ
395 613 507 648 χρυσίον
532 612 620 644 ἐνθεὶς
644 611 810 647 διαρμενίοις
828 610 951 642 ὁλκάσιν,

162 658 210 684 ἐπὶ
224 658 360 693 μετεώρου
376 657 493 684 σαλεύει.
503 656 559 688 Τὰς
571 656 599 683 δέ
611 656 754 687 ἐπιστολὰς
767 655 849 681 αὑτοῦ
863 663 952 690 παρα-

163 704 241 739 φέρει
254 704 386 739 κελήτιοψ
403 703 490 729 ταῦτα
505 702 564 737 ἃδὴ
578 702 626 728 καὶ
641 700 775 736 ποιοῦμεν
793 700 952 727 ἐπιταττού-

163 759 224 782 σας,
235 749 300 776 εἵσω
310 749 408 784 τειχῶν
418 746 497 781 εἶναι,
511 747 612 783 μηδένα
619 747 759 782 προπηδᾷν
770 746 822 773 τῶν
830 746 951 781 τάφρων,

163 796 233 831 μηδέ
247 795 330 831 ὁμόσε
355 795 453 830 χωρεῖν
472 793 590 828 άμάχοις
602 791 772 827 ἀνθρώποις·
798 791 814 827 ἢ
837 791 952 827 διαμαρ-

1001 214 1108 249 gionem
1121 213 1216 240 hostes
1233 212 1368 240 obtinent.
1396 213 1453 247 Ego
1479 220 1530 248 pro
1551 213 1688 242 moenibus
1715 214 1785 242 inter

1001 263 1094 286 tnnres
1108 258 1258 285 collocatus
1276 265 1374 285 somno
1388 258 1540 286 conﬂictor.

1037 305 1118 332 Maza
1136 305 1200 332 milii
1213 305 1318 332 hastato
1335 306 1478 340 prwbetur,
1496 306 1616 333 Bacchus
1631 306 1659 333 in
1672 306 1754 340 hasta

1075 341 1220 368 Ismaricus
1229 348 1239 367 :
1250 340 1312 366 dum
1326 349 1366 367 me
1378 341 1489 367 sustinet
1504 341 1593 374 hasta,
1610 342 1680 370 bibo.

1000 387 1099 414 Nescio
1115 394 1148 413 an
1170 386 1364 412 Archilochum
1381 386 1467 420 magis
1492 386 1549 413 haec
1568 394 1786 425 usurparc'con-

1001 433 1116 460 vcnircl.
1134 431 1201 458 Male
1218 433 1305 458 malus
1325 435 1418 465 pereat
1440 430 1571 464 Cerealis,
1585 425 1638 459 nisi
1654 437 1716 459 ante
1734 432 1786 463 ini-

1001 479 1189 513 prccationem
1203 478 1334 512 perierit;
1354 477 1421 504 adeo
1432 477 1532 512 dignus
1552 481 1611 505 erat
1624 486 1704 512 quem
1722 485 1786 513 pro-

1001 525 1074 551 xima
1089 528 1237 558 tempestas
1262 531 1279 550 e
1305 523 1394 550 medio
1415 523 1530 550 tolleret.
1563 522 1614 555 Qui
1641 527 1785 558 postquam

1002 569 1196 596 animadvertit
1222 577 1346 604 quaenam
1359 569 1386 596 in
1402 569 1520 604 pericula
1534 569 1702 603 provinciam
1719 576 1785 596 con-

999 615 1120 649 jecisset,
1136 619 1216 642 terra:
1233 615 1342 650 penitus
1354 615 1458 642 dillidit.
1479 614 1572 648 Itaque
1584 622 1651 642 auro
1667 615 1741 641 omni
1758 615 1786 641 in

1002 661 1139 688 actuarias
1152 661 1223 688 binis
1240 661 1306 689 velis
1320 661 1470 688 instructas
1486 660 1627 695 imposito,
1641 660 1668 687 in
1688 660 1746 687 salo
1760 664 1788 686 et

1002 707 1129 735 anchoris
1143 707 1265 734 ﬂuctuat.
1281 707 1390 735 Littera:
1406 714 1470 734 vero
1484 707 1557 734 illius
1572 706 1682 740 parvula
1697 706 1788 733 celoce

1001 753 1165 780 deteruntur
1177 761 1184 780 :
1197 762 1257 788 qua:
1272 754 1355 786 idem,
1371 753 1444 788 quod
1469 760 1520 780 nos
1539 752 1665 782 facimus,
1691 752 1787 786 praeci-

1002 800 1091 834 piunt,
1104 803 1134 826 ut
1150 799 1222 826 intra
1239 807 1333 826 muros
1349 799 1561 832 contineamur;
1580 805 1615 824 ne
1641 797 1786 832 quisquam

162 842 274 878 τύρεται
287 840 405 876 καθαρὸς
419 840 506 871 αἰτίας
517 838 596 865 εἶναι.
610 837 735 869 Φυλακὰς
748 838 776 864 δὲ
792 837 951 865 καθιστάναι

1003 849 1080 873 extra
1098 845 1186 873 fossas
1205 846 1323 878 exsiliat,
1345 853 1413 872 neve
1430 852 1491 872 cum
1510 844 1622 872 invictis
1649 843 1715 871 viris
1731 850 1788 870 ma-

162 887 282 913 διδάσκει
298 886 347 921 τῆς
367 885 463 916 νυκτὸς
483 884 625 919 τέτταρας,
643 883 681 914 ὡς
695 883 724 909 ἐν
738 883 777 918 τῷ
794 883 831 918 μὴ
851 880 951 910 καθεύ-

162 933 218 958 δειν
233 931 319 958 οὐσῶν
333 931 388 957 τῶν
401 929 525 956 ἐλπίδων.
540 930 632 962 Ἐοικε
642 929 696 964 γὰρ
711 926 779 955 εἶναι
793 929 827 956 τὰ
840 928 952 955 τοιαῦτα

164 978 255 1012 σοῳὺς,
275 978 321 1004 ἅτε
335 977 487 1012 ἐπιτήδειος
503 976 611 1010 ἀτυχεῖν
629 975 781 1011 ἄνθρωπος.
795 975 851 1002 Καί
866 975 907 1002 τοί
920 983 952 1009 γε

162 1025 229 1059 ἡμῖν
243 1024 302 1050 οὐδὲ
317 1023 441 1058 μετέχειν
453 1021 591 1057 ἠϐουλήθη
603 1021 658 1047 τῶν
673 1021 829 1057 συμφορῶν.
845 1021 882 1047 Οὐ
897 1020 952 1056 γὰρ

162 1070 228 1104 παρ’
240 1066 356 1102 ἔπαλξιν
368 1068 462 1104 ὥσπερ
476 1067 532 1102 ἐγὼ
548 1067 674 1099 Συνέσιος
690 1068 704 1094 ὁ
718 1067 872 1102 φιλόσοφος,
886 1067 953 1093 ἀλλὰ

163 1115 239 1150 παρὰ
256 1115 351 1150 κώπην
374 1115 388 1141 ὁ
404 1113 554 1149 στρατηγὸς
569 1113 687 1140 ἵσταται.
705 1113 737 1139 El
753 1113 785 1148 δὴ
801 1112 855 1140 τῶν
872 1121 952 1148 ποιη-

164 1161 257 1196 μάτων
281 1161 347 1196 ὲρᾷς
374 1160 445 1195 ἅπερ
462 1160 584 1195 ᾔτησας·
603 1158 650 1185 καί
663 1158 704 1185 τοί
720 1167 753 1191 γε
774 1159 854 1194 ἡμεῖς
875 1158 952 1185 οὐδὲν

161 1206 254 1237 αὐτοῖς
273 1204 401 1239 σύνισμεν
415 1203 527 1237 ἀγαθὸν,
542 1203 583 1230 ὅτι
601 1202 638 1238 μὴ
659 1202 709 1238 τήν
728 1202 871 1229 ὑπόθεσιν*
889 1203 953 1229 σύν-

161 1252 239 1284 ευξαι
254 1249 418 1286 Κυρηναίοις
437 1248 535 1284 μικρὸν
558 1248 612 1275 ἀπὸ
627 1247 682 1275 τῶν
700 1247 790 1275 ὅπλων
811 1248 947 1282 γενέσθαι.

168 1297 213 1328 Ὠς
227 1296 281 1332 γὰρ
297 1295 344 1322 νῦν
360 1295 467 1331 ἔχομεν,
483 1295 533 1321 οὐκ
549 1294 622 1322 ἔστιν
636 1293 691 1321 ἀπὸ
707 1293 841 1321 κιὸωτίων
854 1293 947 1330 ἐξερά-

163 1352 209 1373 σαι
223 1342 279 1378 [γρ.
297 1341 456 1378 ἐξάρασθαι]
473 1341 571 1376 βιϐλία.

1001 899 1065 918 num
1075 899 1266 924 conseramus,
1279 891 1382 926 alioqui
1392 890 1459 918 deos
1467 889 1647 924 hominesque
1659 892 1787 920 testatur,

1001 936 1076 963 omni
1100 943 1130 964 se
1146 936 1226 971 culpa
1246 939 1416 963 vacaturum.
1437 935 1478 962 Ad
1503 935 1561 962 lucc
1576 938 1724 969 quaternas
1740 941 1788 968 per

1001 985 1110 1009 noctem
1124 981 1232 1017 vigilias
1245 981 1378 1009 constitui
1393 980 1488 1015 jubet;
1504 979 1583 1015 quasi
1600 979 1629 1007 in
1653 979 1788 1006 insomnia

1001 1033 1064 1059 spes
1080 1026 1116 1053 sit
1132 1026 1223 1053 omnis
1240 1031 1336 1054 nostra
1364 1027 1464 1062 posita.
1492 1025 1609 1053 Videtur
1622 1026 1695 1053 enim
1713 1024 1789 1052 hiSce

1002 1069 1029 1095 in
1050 1068 1133 1096 rebus
1145 1073 1291 1103 expertus;
1308 1074 1404 1104 utpote
1418 1071 1550 1098 aerumnis
1566 1078 1598 1096 ac
1611 1070 1729 1097 miseriis
1743 1077 1789 1097 as-

1001 1113 1153 1141 suefactus.
1179 1114 1237 1141 Etsi
1257 1122 1291 1141 ne
1308 1115 1452 1142 nobiscum
1470 1115 1582 1150 quidem
1603 1123 1787 1142 aerumnarum

1002 1166 1063 1186 esse
1077 1159 1164 1186 voluit
1178 1159 1327 1195 particeps.
1344 1160 1402 1187 Non
1418 1161 1494 1189 enim
1509 1161 1544 1188 ad
1569 1161 1788 1196 propugnacula,

1002 1202 1084 1238 266
1101 1209 1130 1230 ut
1145 1211 1195 1240 ego
1211 1205 1343 1240 Synesius
1356 1205 1548 1240 philosophus,
1563 1205 1610 1233 sed
1629 1205 1663 1233 ad
1682 1212 1787 1232 remum

1003 1249 1057 1275 dux
1075 1250 1214 1278 consistit.
1230 1251 1321 1284 Quare
1337 1251 1360 1278 si
1378 1255 1506 1286 poemata
1527 1251 1679 1282 desideras,
1695 1257 1756 1285 qua:
1769 1256 1788 1276 α

1003 1302 1048 1323 me
1062 1296 1219 1330 postulasti,
1242 1297 1351 1324 tametsi
1383 1297 1410 1324 in
1431 1297 1466 1325 iis
1483 1297 1563 1329 nihil,
1589 1300 1689 1332 praeter
1708 1303 1790 1331 argu-

998 1347 1120 1369 mentum
1133 1361 1141 1374 ,
1155 1342 1236 1370 tande
1246 1342 1357 1378 dignum
1373 1343 1559 1378 agnoscimus,
1575 1349 1638 1369 cum
1652 1341 1790 1377 Cyrenaais

164 1396 288 1425 precare,
303 1391 333 1415 ut
344 1388 379 1414 ab
390 1387 474 1414 armis
490 1386 627 1421 respirare
643 1385 734 1412 liccat.
750 1384 818 1411 Nam
836 1388 865 1411 ut
879 1392 952 1412 nunc
971 1393 1001 1413 se
1019 1390 1121 1415 nostra:
1131 1395 1175 1415 res
1186 1387 1296 1421 habent,
1314 1387 1400 1415 libros
1413 1395 1429 1415 e
1448 1387 1546 1415 loculis
1572 1394 1684 1424 egerere
1702 1387 1788 1415 otium

164 1440 208 1463 est
224 1434 342 1462 nullum.

412 1484 416 1488 ‘
427 1476 599 1504 ΕΠΙΣΤΟΛΗ
619 1476 680 1502 PA'.

462 1521 654 1556 Πυλαιμένει.

199 1572 269 1602 Τοὺς
286 1569 490 1604 γεωμετρικοὺς
503 1568 582 1603 ὄρους
597 1565 796 1602 ἀληθεστάτους
813 1564 891 1601 ἡγοῦ,
907 1565 954 1591 ὅτε

166 1626 198 1652 γε
215 1617 263 1644 καὶ
277 1617 337 1648 ταῖς
350 1615 443 1646 ἄλλαις
459 1613 622 1648 ἐπιστήμαις
635 1613 751 1648 ὑπάρχει
763 1610 952 1647 σεμνύνεσθαι,

164 1661 216 1688 κᾶν
231 1659 400 1695 καταμικρδν
414 1659 456 1690 εἰς
472 1658 521 1690 τὰς
535 1657 685 1690 ἀποδείξεις
697 1657 787 1684 αὐτῶν
802 1658 834 1683 ἐκ
847 1665 954 1691 γεωμε-

164 1707 242 1742 τρίας
253 1715 280 1733 τι
296 1705 527 1740 συμπορίσωνται.
545 1703 623 1730 Ἔστι
648 1702 734 1737 δήπου
758 1711 801 1733 τις
821 1703 849 1728 ὲν
862 1702 954 1732 αὐτοῖς

164 1754 243 1787 λόγος
259 1750 343 1784 ἀξιῶν
357 1750 392 1777 τὰ
404 1749 443 1785 τῷ
457 1749 531 1784 αὑτῷ
547 1749 581 1776 τὰ
595 1748 675 1780 αὐτὰ,
690 1749 736 1775 καὶ
749 1747 874 1782 ἀλλήλοις
884 1745 953 1774 εἶναι

163 1799 218 1824 δεῖν
236 1797 269 1824 τὰ
292 1796 372 1823 αὐτά,
392 1795 470 1830 Ἐμοὶ
485 1794 516 1830 δὴ
535 1803 564 1820 σε
579 1794 628 1830 μὲν
641 1795 655 1820 ὁ
667 1793 767 1829 τρόπος
784 1792 895 1828 ἐποίησε
910 1793 953 1826 φι-

164 1844 226 1869 λονο
241 1843 287 1869 τὸν
308 1843 338 1869 δέ
355 1841 504 1876 θαυμάσιον
521 1840 644 1875 Διογένη,
665 1840 712 1866 καὶ
727 1840 744 1875 ὴ
762 1839 951 1874 φύσις·ᾶμφω

164 1889 192 1915 δέ
212 1888 270 1919 ἐνός
285 1888 346 1913 ἐστε
360 1887 442 1920 φίλοι.
463 1887 508 1912 Δεῖ
522 1886 553 1920 δὴ
571 1886 617 1912 καὶ
639 1885 762 1920 ἀλλήλων
786 1885 858 1919 ὑμᾶς
872 1885 952 1919 ἐξηρ-

164 1934 279 1968 τῆσθαι,
302 1933 428 1967 καθάπερ
451 1931 518 1966 ἐμοῦ
545 1931 591 1958 τοῦ
615 1931 709 1966 μέσου.
737 1930 866 1957 Συνάπτω
896 1939 953 1956 τοι-

164 1979 266 2014 γαροῦν
286 1979 358 2014 ὑμᾶς
383 1978 506 2013 ἀλλήλοις
531 1977 575 2004 διὰ
597 1978 647 2012 τῆς
671 1977 823 2012 ἐπιστολῆς,
844 1976 902 2011 μεθ’
919 1973 954 2010 ἦς

164 2025 261 2052 ἑαυτὸν
288 2025 338 2059 μὲν
355 2023 482 2050 ἐπιδώσει
501 2023 533 2058 τῇ
560 2022 635 2057 φιλίᾳ
652 2022 702 2057 τῆς
728 2021 778 2056 σῆς
800 2029 951 2057 σεμνοπρε-

165 2069 244 2101 πείας
264 2070 278 2095 6
289 2067 440 2103 θαυμάσιος
455 2068 598 2103 Διογένης·
618 2067 792 2102 ἀντιλήψεται
806 2066 844 2098 δὲ,
861 2064 890 2093 εὖ
902 2065 949 2093 οἶδ’

165 2114 216 2145 ὅτι,
234 2113 278 2140 τὸν
305 2113 369 2148 ἐμὸν
396 2112 566 2148 Πυλαιμένη.
594 2112 691 2138 Καλῶν
717 2112 771 2147 γὰρ
794 2113 871 2147 ἐμὸν,
888 2111 949 2138 οὔτε

1250 1474 1422 1502 EPISTOLA
1441 1475 1538 1503 CXXX
1545 1497 1551 1503 .

1320 1520 1476 1556 Pylwmem‘.

1039 1564 1227 1593 Geometricas
1247 1565 1422 1594 deﬁnitiones
1441 1567 1601 1595 verissimas
1623 1575 1685 1596 esse
1703 1573 1789 1603 puta:

1003 1616 1067 1637 cum
1088 1613 1193 1637 canorae
1208 1611 1290 1638 etiam
1316 1611 1469 1646 disciplime
1496 1613 1658 1647 glorientur,
1682 1615 1790 1649 quoties

1003 1654 1133 1688 exiguum
1151 1655 1255 1690 aliquid
1270 1655 1304 1682 ad
1319 1663 1385 1683 suas
1403 1656 1651 1685 demonstrationes
1666 1666 1699 1686 ex
1725 1667 1790 1694 geo-

1005 1699 1101 1726 metria
1122 1700 1340 1735 corrogaverint.
1370 1700 1418 1728 Est
1442 1705 1533 1729 autem
1560 1702 1688 1730 nimirum
1720 1705 1790 1732 ratio

1005 1744 1129 1778 quaedam
1154 1744 1227 1771 inter
1253 1744 1334 1778 illas,
1359 1753 1420 1780 qua:
1446 1748 1516 1773 ratio
1542 1748 1637 1775 eadem
1663 1748 1734 1776 inter
1761 1758 1791 1777 se

1005 1788 1098 1816 deﬁnit
1113 1796 1174 1817 esse
1194 1794 1332 1825 oportere,
1358 1799 1419 1826 quae
1449 1792 1542 1819 eadem
1570 1799 1632 1820 cum
1664 1802 1720 1822 uno
1744 1802 1792 1823 eo-

1007 1835 1124 1869 demque
1141 1834 1254 1863 fuerint.
1275 1836 1334 1864 Jam
1354 1845 1416 1864 cum
1441 1841 1468 1865 te
1489 1838 1555 1865 mihi
1582 1839 1708 1872 animus,
1735 1848 1791 1868 mo-

1005 1887 1104 1915 resque
1123 1881 1298 1908 conciliarint
1311 1903 1318 1914 ,
1334 1883 1472 1917 egregium
1489 1890 1554 1910 vero
1572 1882 1719 1919 Diogenem
1742 1893 1792 1913 na-

1004 1930 1064 1953 tura
1076 1926 1156 1954 etiain
1173 1927 1243 1962 ipsa,
1266 1928 1347 1955 ambo
1362 1932 1452 1955 autem
1466 1929 1589 1963 ejusdem
1604 1930 1690 1958 amici
1707 1931 1769 1959 sitis
1781 1954 1789 1966 ,

1003 1979 1116 1999 necesse
1134 1976 1173 1999 est
1188 1972 1310 2008 profecto
1332 1974 1449 2001 invicem
1473 1983 1523 2002 vos
1543 1983 1605 2003 esse
1625 1977 1790 2012 devinctos;

1002 2017 1231 2051 quemadmodum
1254 2026 1360 2046 mecum
1383 2020 1460 2052 estis,
1486 2025 1616 2057 tanquam
1641 2030 1703 2050 cum
1734 2031 1792 2051 me—

1004 2063 1050 2090 dio
1064 2084 1072 2097 ,
1097 2064 1227 2099 colligati.
1255 2064 1439 2098 Quamobrem
1465 2073 1514 2094 vos
1531 2074 1582 2102 ego
1605 2067 1722 2096 invicem
1741 2069 1791 2097 hac

1003 2109 1118 2143 cpistola
1133 2109 1288 2145 conjungo;
1303 2119 1356 2145 qua
1373 2119 1434 2139 cum
1450 2113 1570 2147 seipsum
1584 2113 1791 2148 magniﬁcentia

166 2146 392 2194 αἰσχύνεινξοῦτε
408 2146 582 2193 αἰσχύνεσθαι
598 2158 712 2193 φήσαιμ’
730 2146 762 2184 ἂν
774 2158 870 2192 ἔγωγε.
888 2157 949 2184 ’Ὁτι

1003 2159 1055 2182 tua:
1078 2155 1205 2182 amicitiae
1230 2156 1379 2190 praeclarus
1405 2146 1540 2192 Diogenes
1567 2146 1734 2191 committet,
1757 2167 1790 2188 ac

165 2205 193 2230 δὲ
205 2203 249 2230 διὰ
269 2203 316 2230 σοῦ
331 2203 452 2234 καὶτοὺς
467 2202 563 2233 ἄλλους
578 2201 633 2234 ἕξει
644 2202 707 2233 τοὺς
721 2201 772 2236 ἐμὲ
787 2201 950 2235 ἀγαπῶντας

166 2250 267 2284 φίλους,
285 2250 357 2280 ὅσοις
379 2249 408 2275 δὲ
430 2249 543 2284 δύναμίς
565 2249 634 2280 ἐστι,
651 2248 698 2274 καὶ
720 2248 881 2283 χρησίμους,
901 2248 951 2274 οὑκ

165 2296 197 2322 ἃν
212 2296 314 2327 δίκαιος
325 2295 393 2330 εἴην,
409 2295 432 2321 εἰ
447 2295 658 2330 ἀμφιῧάλλοιμι·
679 2293 720 2320 δεῖ
733 2294 762 2320 δὲ
779 2293 854 2328 αὐτῷ
866 2293 952 2328 φίλων

166 2341 319 2377 χρησίμων,
337 2340 417 2375 εἴπερ
437 2349 475 2375 τῳ
492 2340 611 2367 πώποτε.
629 2339 671 2366 Τὰ
691 2339 746 2374 γὰρ
771 2339 832 2365 κατ’
859 2338 950 2370 αὐτὸν,

165 2391 203 2420 ὡς
225 2388 253 2414 ἐν
268 2386 463 2423 βραχυτάτοις,
480 2385 565 2416 οὕτως
586 2385 643 2420 ἔχει
657 2394 664 2400 ·
682 2384 750 2416 Νέος
761 2385 835 2411 ἐστὶν
850 2383 952 2415 ἁπλοῦς

166 2434 212 2460 καὶ
227 2434 361 2468 γενναῖος,
381 2432 535 2467 θυμοειδὴς,
550 2431 597 2458 καὶ
615 2432 712 2466 πρᾷος,
728 2431 800 2462 οἴους
814 2431 828 2457 ὁ
841 2431 954 2457 Πλάτων

166 2479 235 2512 ἀξιοῖ
244 2479 294 2514 τῆς
304 2478 402 2505 ἑαυτοῦ
417 2478 521 2509 πόλεως
535 2478 597 2509 τοὺς
609 2477 730 2511 φύλακας
741 2474 819 2503 εἶναι.
841 2475 954 2511 Ἐστρά-

165 2525 257 2552 τευταί
274 2525 306 2558 γέ
318 2533 359 2550 τοι
379 2525 427 2550 καὶ
441 2520 517 2554 οὗτος
534 2523 631 2558 κομιδῆ
648 2522 790 2557 μειράκιον
806 2521 853 2549 ὢν.
872 2522 954 2556 ’Δρτι

165 2570 194 2596 δὲ
206 2570 236 2601 ἐξ
253 2569 360 2604 ἐφήϐων
373 2566 440 2603 ἦρξε
454 2569 518 2603 παρ’
532 2568 597 2602 ἡμῖν
609 2567 657 2602 τὴν
670 2567 723 2592 τῶν
740 2566 951 2602 στρατευμάτων

166 2614 264 2651 ἀρχὴν,
289 2612 528 2648 παραϐαλλόμενος
549 2612 595 2638 ἐπὶ
622 2611 763 2646 βασκάνων
791 2610 948 2646 μαρτύρων.

166 2659 288 2686 Τοιοῦτοι
304 2658 358 2694 γὰρ
382 2659 407 2684 οι
433 2658 541 2684 πολῖται
571 2657 638 2692 πρὸς
662 2657 735 2684 ἆπαν
754 2656 784 2683 τὸ
807 2654 948 2691 εὐτυχοῦνο

167 2705 224 2732 ἀλλ’
237 2701 313 2735 οὗτος
329 2704 425 2731 ἑαυτὸν
441 2703 561 2739 παρέσχε
577 2702 625 2729 κα)⁹
640 2701 737 2736 φθόνου
751 2700 865 2736 κρείττω
880 2699 947 2735 (66).

1003 2201 1108 2228 deferet
1127 2211 1133 2228 ε
1151 2202 1274 2229 vicissim
1292 2207 1391 2235 autem,
1417 2204 1455 2230 uti
1472 2204 1589 2236 conﬁdo,
1610 2203 1789 2240 Pylaemenem

1004 2253 1094 2272 mcum
1112 2246 1238 2281 accipiet.
1255 2246 1340 2280 Quem
1363 2256 1424 2274 cum
1454 2249 1562 2284 appello
1584 2257 1686 2280 meum,
1702 2257 1791 2286 neque

1004 2291 1044 2317 illi
1062 2291 1193 2325 pudorem
1217 2291 1318 2325 facere,
1333 2300 1422 2326 neque
1441 2293 1512 2320 allici
1530 2300 1584 2325 me,
1603 2293 1734 2321 audacter
1748 2294 1791 2321 di-

1005 2337 1101 2364 xerim.
1118 2337 1173 2365 Sed
1187 2337 1308 2373 reliquos
1323 2338 1446 2373 insuper,
1464 2338 1512 2374 qui
1535 2346 1580 2366 me
1594 2343 1697 2372 ament,
1721 2339 1791 2366 ami-

1001 2390 1061 2414 cos,
1077 2390 1126 2410 eos
1148 2383 1231 2410 etiam
1249 2383 1343 2416 utiles,
1378 2384 1479 2418 quibus
1505 2383 1623 2412 facultas
1651 2388 1788 2419 suppetet,

1002 2436 1050 2462 per
1064 2432 1091 2456 te
1111 2429 1188 2456 illum
1206 2429 1501 2464 liabiturum,iniquus
1527 2429 1579 2457 sim
1603 2429 1627 2457 si
1655 2430 1789 2457 dubitem.

1003 2473 1050 2500 Esi
1070 2478 1160 2502 autem
1178 2474 1243 2509 ipsi,
1259 2475 1283 2501 si
1298 2475 1342 2501 cui
1360 2482 1479 2509 unquam
1494 2474 1586 2508 alteri,
1602 2475 1700 2503 amicis
1719 2482 1790 2510 opus

1004 2520 1129 2547 utilibus.
1145 2519 1170 2548 ls
1185 2520 1258 2547 enim
1274 2523 1325 2551 est,
1351 2524 1381 2546 ut
1410 2520 1505 2554 paucis
1521 2519 1676 2554 expediam,
1698 2527 1788 2548 rerum

1006 2565 1079 2592 illius
1099 2569 1208 2592 status:
1231 2565 1400 2592 Adolescens
1421 2565 1536 2599 simplex
1551 2569 1604 2597 est,
1625 2572 1658 2592 ac
1676 2572 1791 2600 genero-

1004 2617 1063 2640 sus.
1082 2610 1164 2637 animi
1186 2611 1294 2646 plenus.
1311 2615 1394 2645 atque
1417 2609 1500 2642 mitis,
1528 2610 1687 2644 cujusmodi
1711 2609 1791 2638 Plato

1002 2655 1073 2689 reip,
1089 2662 1147 2682 suae.
1163 2655 1293 2683 custodes
1306 2662 1369 2683 esse
1382 2654 1533 2682 desiderat.
1565 2653 1690 2682 Militavit
1709 2662 1791 2690 porro

1001 2705 1029 2728 et
1043 2702 1067 2728 is
1084 2701 1230 2728 admodum
1251 2708 1328 2736 puer.
1348 2701 1445 2727 Statim
1457 2703 1561 2733 autem,
1579 2704 1724 2735 postquam
1741 2708 1792 2728 ex-

779 2745 869 2773 DION.
886 2745 1023 2779 PETAVI]
1044 2745 1160 2773 NOTAE.

203 2797 260 2832 (66)
283 2796 406 2824 Ἑαυτὸν·
418 2795 551 2832 παρέσχε
562 2794 610 2822 καὶ
624 2794 863 2832 φάσω-κρείττω..

168 2828 354 2861 dillicillimnm
375 2833 413 2858 ait
429 2828 463 2857 D.’
477 2828 586 2858 Hieron.
601 2828 634 2856 ad
653 2829 790 2856 Salvinam
806 2839 812 2854 ς
830 2828 949 2863 Diﬂicile,

328 2881 465 2910 Pauca.
488 2879 535 2907 Gn
573 2877 679 2909 LXVI.

1008 2794 1057 2823 ait,
1076 2793 1148 2827 factu
1165 2797 1202 2820 est
1223 2793 1333 2827 gloriam
1348 2793 1443 2819 virtute
1456 2799 1591 2827 superare,
1613 2797 1638 2819 et
1654 2792 1686 2819 ab
1699 2792 1732 2818 iis
1747 2791 1791 2818 dic

1008 2801 1057 2823 all.
1076 2801 1148 2827 [actu
1165 2801 1202 2820 εει
1239 2801 1333 2819 tortam
1348 2801 1443 2819 turture
1456 2801 1591 2825 superare,
1613 2801 1638 2819 ει
1654 2801 1686 2819 an
1699 2801 1732 2818 ικ
1747 2801 1791 2818 αι-

1005 2828 1062 2863 ligi,
1079 2801 1238 2864 [ιχχχγιῖ
1251 2835 1314 2862 quos
1328 2828 1472 2861 praecedat.
1489 2826 1540 2855 Ubi
1556 2828 1625 2855 nihil
1641 2831 1727 2860 muto,
1738 2832 1791 2854 nec

1591 2872 1629 2902 48
