1990 3060
225 96 295 123 €315

749 92 882 121 SYNESll
899 92 1132 120 PTOLEMAIDIS
1151 92 1305 121 EPISCOPI

1800 97 1885 124 f5“

222 155 306 185 cessit
322 161 354 182 ex
370 153 495 189 ephebis.
511 153 583 188 apud
607 160 657 180 nos
687 159 751 180 cuin
773 152 891 188 imperio
924 153 1009 187 copiis

1065 151 1133 187 Περὶ
1151 149 1181 179 οὗ
1197 152 1281 179 πολλὰ
1303 153 1352 188 μὲν
1372 153 1406 180 ἂν
1421 153 1514 189 ἔτερος
1527 151 1613 181 εἶπεν.
1639 154 1711 182 Ἀλλ’
1731 155 1884 190 ἐοίκαμεν

223 199 347 234 praefuit,
363 199 417 228 sub
432 199 537 234 iniquis
553 199 669 226 testibus
697 199 819 234 pericula
847 199 1012 234 suscipiens.

223 245 305 273 Tales
319 245 392 277 enim
426 245 563 272 adversus
593 245 714 272 secunda
739 245 830 272 omnia
858 246 932 273 cives
952 253 1014 273 esse

223 293 323 319 solent.
358 291 459 319 Verum
488 291 534 319 ille
565 292 638 319 omni
661 300 691 318 se
719 292 821 318 invidia
843 291 1013 326 superiorem

222 338 371 374 praestitit;
388 338 423 366 de
443 346 499 373 quo
516 338 595 373 plura
606 338 717 373 quidem
730 338 801 366 alius
816 339 953 373 quispiam
968 338 1013 365 di-

222 383 304 410 xerit.
324 382 378 410 Sed
390 391 442 410 nos
460 383 558 410 eodem
574 382 767 410 aﬂ‘ecti‘modo
780 383 905 410 videmur
920 383 1013 415 ambo,

221 436 273 463 ego
289 427 324 455 ad
344 428 535 462 praedicandas
550 428 656 461 laudes,
674 428 720 456 ille
734 429 768 459 ad
782 428 946 456 audiendas.
959 428 1012 456 Sed

222 479 252 501 ut
272 481 327 501 uno
349 474 435 501 verbo
467 475 569 506 dicam,
599 475 644 502 ille
665 475 750 502 armis
777 475 871 502 hostes
901 474 1012 510 patriae;

221 520 334 554 virtute,
348 520 394 555 qui
411 521 439 547 in
455 528 486 547 ea
507 524 588 547 erant
611 520 729 555 perditi,
749 520 898 555 superavit.
914 519 1013 546 Adulta

218 564 274 598 jam
287 568 368 592 aetate
381 565 532 599 potentiam
555 569 664 596 nactus,
690 564 845 599 philosophi
862 563 1013 591 necessitu-

220 609 285 637 dine
302 609 371 637 nihil
405 610 548 645 indignuin
569 609 691 636 admisit.
725 609 806 644 267
823 609 914 643 Atque
943 609 1014 644 ejus

222 655 296 683 modi
311 663 373 682 cum
392 656 439 687 sit,
460 655 628 682 dilIiciIIiinis
652 656 770 690 negotiis
797 655 962 689 implicatur,
979 655 1014 682 ob

223 701 251 728 id
268 702 387 729 maxime
407 701 480 736 quod
504 701 606 736 probus
624 705 651 728 et
681 702 811 729 honestus
833 706 884 729 est.
901 700 968 728 Nam
985 705 1014 728 ut

221 748 341 783 quisque
355 748 504 780 candidus,
519 755 550 775 ac
563 748 632 774 bene
647 752 770 775 moratus
792 751 844 779 est,
871 748 907 774 ita
923 755 938 774 a
955 755 1015 774 ma-

221 794 305 830 lignis
321 799 347 822 et
364 793 481 830 perditis
499 793 526 821 in
542 794 621 821 lucro
641 793 789 828 deputatur
804 802 810 820 :
823 799 907 828 atque
923 801 956 821 ex
971 794 1012 820 al-

1064 197 1118 232 γὰρ
1129 199 1229 232 ὁμοίως
1244 198 1327 233 ἔχειν,
1344 198 1400 233 ἐγώ
1410 207 1440 225 τε
1454 200 1523 235 πρὸς
1532 201 1562 227 τὸ
1577 201 1711 233 ἐπαινεῖν,
1724 201 1775 227 καὶ
1791 198 1883 233 οὗτος

1065 244 1132 278 πρὸς
1151 245 1181 270 τὸ
1204 245 1383 272 ἐπαινεῖσθαι.
1400 245 1541 272 Συνελόντι
1561 246 1600 279 δὲ,
1617 247 1756 281 ἐνίκησεν,
1772 247 1882 278 ὅπλοις

1066 289 1115 323 μὲν
1139 290 1201 321 τοὺς
1218 289 1267 324 τῆς
1294 290 1424 326 πατρίδος
1440 291 1569 327 ἐχθρούς·
1588 293 1672 327 ἀρετῇ
1687 292 1727 324 δὲ,
1752 293 1827 323 τοὺς
1847 293 1881 319 ἐν

1064 334 1132 370 αὐτῇ
1156 335 1300 370 πονηρούς.
1334 336 1404 367 Νέος
1431 336 1460 363 ἐν
1487 337 1597 372 ἐξουσίᾳ
1623 337 1792 373 γενόμενος.
1821 338 1880 364 οὑκ

1064 379 1164 414 ᾔσχυνε
1179 380 1326 414 φιλοσόςου
1346 381 1514 415 συγγένειαν.
1533 381 1660 414 Τοιοῦτος
1675 381 1714 408 ὣν
1730 382 1879 417 πράγμα-

1065 433 1108 451 σιν
1128 425 1219 460 ομιλεί
1239 426 1393 459 δυσκόλοις,
1407 427 1441 453 δι’
1459 427 1526 453 αὐτὸ
1540 427 1590 462 οὐχ
1611 428 1712 462 ἥκιστα
1730 428 1761 454 τὸ
1783 428 1878 460 καλὸς

1065 472 1112 498 καὶ
1126 471 1226 505 ἀγαθὸς
1244 470 1323 498 εἶναι.
1339 472 1474 508 Ἕρμαιον
1491 473 1546 509 γάρ
1560 475 1616 500 ἐστι
1635 474 1690 500 τῶν
1714 474 1875 510 κακοήθων

1065 519 1137 550 ἄπας
1153 519 1278 553 ἐπιεικής
1288 527 1294 534 ·
1311 518 1358 545 καὶ
1371 520 1387 554 ή
1405 519 1533 554 πρόσοδος
1547 521 1604 552 τοίς
1621 522 1753 556 πονηροῖς
1766 522 1874 556 ἐκτῆς

1065 564 1160 599 ἑτέρας
1192 564 1301 599 μερίδος
1332 565 1523 600 παραγίνεται.
1554 566 1708 602 Ἐνδείκτης
1737 565 1789 594 οὗν
1825 577 1874 600 τις

1065 607 1148 640 diith
1164 608 1381 644 μισθοδοτεῖσῡαι
1398 609 1464 645 παρ’
1477 609 1570 642 αὑτοῦ,
1586 611 1633 637 καὶ
1649 611 1688 646 μὴ
1703 612 1873 646 τυγχάνων,

1064 655 1142 691 δίκην
1153 655 1221 690 πρὸς
1234 655 1316 682 αὑτὸν
1332 655 1438 690 ἔλαχεν.
1459 655 1504 687 Ὧς
1516 655 1546 682 δὲ
1557 656 1587 682 οὺ
1600 656 1757 692 προύχώρει
1773 657 1871 692 ταύτῃ

1063 701 1094 728 τὸ
1107 702 1209 728 σπᾱσαί
1223 710 1250 727 τι
1262 701 1317 728 τῶν
1329 701 1359 728 οὗ
1371 701 1575 737 προσηκόντων,
1593 702 1650 728 ἀλλ’
1663 700 1735 738 ἦσαν
1746 703 1772 729 οἱ
1785 703 1871 736 νόμοι

1066 747 1126 782 μεθ’
1139 747 1228 782 ἡμῶν,
1246 743 1343 782 ἑτέραν
1360 748 1506 782 ἐτράπετο.
1521 747 1576 774 Καὶ
1586 749 1703 775 ποιεῖται
1719 748 1769 784 τὴν
1782 748 1870 783 δίκην

1065 793 1186 827 γραφὴν,
1201 792 1412 828 ἀνατεινάμενος
1425 792 1551 828 ἔγκλημα
1561 792 1608 819 τοῦ
1619 793 1870 830 κατηγορουμένου

219 844 279 867 tera
295 843 374 875 parte
389 840 486 875 ingens
501 840 581 868 malis
597 844 755 875 proventus,
773 843 856 874 atque
881 847 1009 875 compen-

1066 838 1262 874 πρεσϐύτερον,
1279 827 1360 864 Ἦκει
1375 837 1408 873 δὴ
1426 838 1456 864 τὺ
1467 827 1600 874 κλῇθῆναι
1619 827 1736 873 φθάσαςξ
1751 839 1793 866 Οὐ
1810 839 1870 873 γὰρ

219 886 295 913 dium
318 885 418 914 oritur.
435 885 520 921 Igitur
539 886 645 913 delator
666 885 760 913 nescio
776 885 839 920 quis
858 886 1012 912 mercedem

219 933 254 959 ab
270 932 331 967 ipso
359 932 514 966 exprimere
545 932 652 965 volens,
683 931 730 958 ubi
760 930 828 958 nihil
859 936 1011 966 promovet,

219 978 295 1005 litem
316 977 360 1004 illi
382 977 522 1011 intendit;
549 977 597 1005 sed
612 985 674 1004 cum
691 977 779 1004 nihilo
791 977 879 1012 magis
897 976 948 1004 hac
967 984 1012 1004 ra-

221 1025 298 1055 tione
313 1024 462 1059 quidquam
480 1028 573 1058 posset
590 1024 685 1051 alienae
708 1023 747 1051 rei
767 1023 904 1057 pellicere,
920 1030 983 1050 eum
997 1030 1013 1050 a

220 1069 303 1097 nobis
318 1069 381 1104 jura
400 1075 433 1096 ac
462 1069 536 1104 leges
558 1073 660 1101 (δεθείη,
683 1068 738 1095 alio
761 1075 791 1096 se
816 1068 961 1100 convertit,
987 1073 1013 1095 et

218 1115 292 1142 litem
307 1115 333 1142 in
347 1116 554 1142 accusationem
574 1119 726 1142 commutat
738 1133 746 1146 ,
761 1114 867 1141 crimen
893 1121 939 1141 reo
953 1113 1013 1148 ipso

217 1160 359 1195 antiquius
380 1161 534 1188 intentans.
558 1160 630 1195 Ergo
657 1165 720 1188 ante
736 1159 928 1187 vadimonium
952 1167 1013 1187 sese

218 1205 303 1233 sistit.
335 1205 430 1241 Neque
460 1206 533 1233 enim
561 1205 708 1240 desperato
737 1204 929 1233 calumniatori
956 1204 1013 1232 ullo

1065 885 1140 918 ἄξιον
1163 884 1287 912 ἐνδοῦναι
1306 883 1456 911 θανατῶντι
1475 893 1508 919 γε
1530 885 1702 921 συκοφάντῃ,
1728 885 1780 912 καὶ
1797 893 1870 920 πρη-

1067 931 1144 957 έσθαι
1164 930 1200 957 τὰ
1214 930 1330 966 πατρῷά
1351 939 1393 963 τε,
1416 930 1463 956 καὶ
1484 930 1518 957 τὰ
1543 930 1666 966 παππῷα
1691 931 1761 965 μετὰ
1782 930 1869 965 δόξης

1067 977 1192 1012 αἰσχρᾶς.
1209 977 1280 1012 Πρὸς
1302 976 1399 1008 ταῦτα,
1416 976 1501 1002 δεῖται
1518 976 1603 1012 φίλων
1619 977 1732 1008 ἀδόλων,
1750 977 1869 1011 ἀκαπη-

1067 1023 1180 1055 λεύτων,
1197 1022 1258 1049 νοῦν
1273 1023 1402 1057 ἐχόντων,
1418 1019 1474 1054 οἷος
1488 1019 1515 1049 εἴ
1527 1022 1571 1049 σύ.
1587 1022 1662 1055 Ἕξει
1677 1023 1706 1049 δέ
1718 1022 1789 1058 (σὺν
1803 1021 1871 1057 Θεῷ

1068 1070 1127 1104 εἰρῆ
1133 1069 1205 1104 σθω)
1223 1070 1253 1096 σὲ
1266 1069 1316 1104 μὲν
1325 1069 1359 1095 δι’
1371 1069 1450 1104 ἐμοῦ,
1461 1069 1506 1096 διὰ
1521 1069 1567 1095 σοῦ
1580 1069 1608 1095 δὲ
1617 1070 1680 1100 τοὺς
1691 1069 1788 1104 φίλους
1799 1070 1868 1100 τοὺς

1067 1115 1150 1149 ἐμούς
1169 1124 1198 1142 τε
1213 1116 1259 1142 καὶ
1275 1115 1352 1147 σούς·
1375 1113 1413 1142 ὧν
1430 1115 1444 1142 ὃ
1463 1124 1489 1141 τι
1501 1116 1532 1142 ἀν
1545 1123 1588 1147 τις
1601 1115 1708 1149 ’ἀγαθὸν
1720 1116 1762 1146 είς
1779 1115 1870 1142 αὑτὸν

1067 1161 1228 1196 ἐργάσηται,
1251 1161 1347 1188 τούτου
1368 1162 1417 1198 τὴν
1439 1163 1518 1198 χάριν
1543 1163 1660 1197 ὀφείλειν
1681 1163 1738 1197 ἐγὼ
1754 1163 1868 1194 δίκαιός

1066 1207 1134 1241 εἰμι.

217 1251 300 1280 modo
312 1252 480 1284 credendum
496 1256 559 1285 est;
577 1259 668 1287 neque
687 1256 800 1287 paterna
814 1255 842 1279 et
855 1251 928 1278 avita
940 1250 1012 1278 bona
1033 1252 1105 1285 turpi
1118 1260 1180 1279 cum
1201 1252 1337 1283 dedecore
1356 1255 1496 1290 perdenda
1513 1261 1588 1283 sunt.
1608 1256 1648 1283 Ad
1679 1255 1731 1283 hoc
1761 1258 1864 1284 amicis

217 1307 287 1334 opus
302 1300 385 1328 habet
404 1300 534 1332 sinceris,
547 1298 793 1346 minime'l'ucatis,
810 1297 1007 1334 prudentibus.
1029 1299 1185 1333 cujusmodi
1200 1308 1231 1328 es
1248 1305 1277 1328 tu
1291 1310 1298 1333 ;
1317 1302 1425 1330 habebit
1441 1310 1506 1330 vero
1519 1303 1618 1342 (quod.
1639 1302 1695 1329 Deo
1727 1305 1866 1338 prole-nte

218 1345 349 1372 dictuma
363 1353 406 1372 me
419 1345 474 1380 'sit)
490 1349 516 1372 te
540 1345 658 1379 primum
668 1343 759 1379 'opera
775 1350 844 1374 mea,
863 1348 909 1370 tua
932 1351 1010 1375 vero,
1032 1345 1138 1372 amicos
1171 1353 1259 1378 meos,
1291 1350 1431 1382 tuosque:
1469 1355 1586 1383 quorum
1617 1343 1754 1384 quidquid
1787 1351 1864 1379 ullus

218 1391 344 1420 beneﬁcii
360 1392 387 1419 in
404 1392 481 1419 illum
500 1391 660 1423 contulerit,
687 1391 769 1426 hujus
787 1399 829 1418 me
853 1391 948 1426 gratia:
970 1398 1020 1427 par
1038 1397 1081 1418 cst
1096 1392 1245 1420 debitorem
1263 1401 1422 1429 agnoscere.

459 1447 628 1475 EPISTOLA
643 1447 752 1475 CXXXI

565 1493 668 1520 Fratri.

219 1548 222 1550 τ
253 1539 382 1567 Mulieres
402 1539 513 1574 quidem
528 1539 685 1571 vociferari,
709 1547 740 1567 ac
755 1544 851 1574 pectus
871 1540 1011 1574 plangere,

217 1589 246 1613 et
271 1593 379 1613 comam
395 1586 498 1614 vellere
520 1607 528 1619 ,
550 1586 619 1613 visis
641 1590 690 1613 aut
719 1586 856 1615 nuntiatis
872 1586 1027 1621 hostibusu

218 1631 390 1659 tolerabilius
403 1631 490 1659 videri
504 1635 594 1666 potest
606 1641 612 1658 :
626 1638 783 1666 quanquam
798 1639 831 1658 no
841 1631 1011 1659 tolerandum

218 1677 329 1712 quidem
345 1677 488 1705 existimat
502 1676 590 1709 Plato,
610 1677 684 1712 quod
696 1677 783 1704 instar
797 1677 959 1711 gallinarum
976 1678 1009 1703 ad

218 1724 310 1758 pullos
325 1724 466 1758 tegendos,
493 1723 648 1758 cuicunque
662 1723 743 1750 etiam
761 1723 932 1750 validissimo
949 1731 1010 1750 sese

218 1770 307 1796 nolint
330 1777 470 1804 opponere
492 1778 499 1796 :
519 1769 567 1796 sed
597 1769 743 1804 pessimam
766 1768 888 1795 humano
915 1768 1008 1803 generi

219 1813 321 1841 famam
333 1818 496 1849 aspergant;
512 1821 566 1848 pra
576 1813 705 1840 omnibus
716 1812 743 1839 id
754 1820 816 1840 esse
830 1812 925 1839 bestiis
934 1813 1010 1847 igna-

217 1860 372 1888 vissimum.
388 1860 427 1888 Te
442 1867 508 1888 vero
524 1859 619 1887 eadem
636 1859 682 1885 illa
702 1859 887 1890 committere,
909 1862 1008 1885 noctu-

218 1914 271 1941 que
291 1906 472 1941 intemperiis,
485 1913 517 1932 ac
534 1905 685 1932 terroribus
709 1903 818 1937 agitari,
833 1908 861 1930 et
885 1904 1006 1938 exsilire,

217 1956 245 1979 et
260 1951 407 1980 identidem
425 1950 587 1982 vociferari,
621 1949 672 1977 sub
689 1949 756 1984 ipsis
783 1949 902 1984 praesidii
922 1950 1008 1984 portis

217 2002 310 2025 astare
322 1998 470 2025 barbarum
486 1995 633 2032 (ejusmodi
649 1996 722 2023 enim
737 1995 771 2023 de
785 1999 812 2024 te
828 1995 952 2031 quaedam
973 1996 1007 2024 ad

216 2049 262 2068 me
277 2041 380 2076 perlata
398 2040 490 2076 sunt),
514 2040 635 2068 etiamne
657 2039 723 2068 ferri
740 2040 815 2068 istud
830 2044 929 2075 potest,
945 2048 1007 2068 cum

217 2088 245 2115 id
259 2088 392 2115 absonum
408 2087 504 2122 utique
520 2086 661 2118 videatur,
690 2093 753 2113 eum
765 2087 813 2121 qui
830 2086 915 2114 frater
931 2095 1007 2114 meus

217 2133 333 2164 sit,esse
348 2132 576 2160 formidolosum?
589 2131 672 2166 Atqui
687 2138 739 2166 ego
756 2131 844 2166 primo
856 2131 948 2158 statim
963 2132 1006 2159 di-

217 2179 310 2206 luculo
341 2185 424 2213 quam
450 2177 510 2205 ﬂeri
535 2177 695 2212 longissime
718 2178 808 2212 potest
833 2177 1006 2213 obequitans,

217 2224 333 2252 auribus
344 2229 426 2258 atque
438 2223 526 2251 oculis
536 2223 569 2250 de
582 2223 760 2250 abactoribus
775 2223 809 2250 iis
823 2231 883 2258 quae
895 2231 1006 2258 possum

217 2270 338 2305 inquiro.
369 2269 462 2305 Neque
475 2269 547 2297 enim
562 2268 657 2298 hostes
668 2269 873 2303 appellaverim,
899 2270 945 2297 sed
969 2269 1008 2296 la-

216 2321 311 2343 trones
330 2323 363 2342 ac
378 2319 548 2351 grassatores
559 2334 568 2347 ,
590 2318 637 2341 aut
651 2315 675 2341 si
691 2314 762 2349 quod
775 2315 848 2341 aliud
873 2315 1007 2350 abiectius

217 2368 318 2389 nomen
332 2365 393 2393 est,
412 2360 461 2396 qui
475 2360 612 2388 neminem
627 2359 727 2388 fortius
738 2361 911 2387 invadentem
923 2362 1006 2389 susti-

217 2411 318 2440 neant,
336 2408 384 2435 sed
399 2406 511 2434 timidos
533 2413 565 2434 ac
580 2406 710 2435 attonitos
721 2405 854 2434 duntaxat
866 2407 949 2443 268
960 2408 1005 2442 ju-

218 2452 462 2488 gulant,tanquam
475 2451 606 2488 pecudes,
617 2458 650 2479 ac
663 2451 922 2488 despoliant.Noctu
940 2461 1005 2481 vero

1029 1439 1050 1468 C

1026 2117 1046 2144 D

1324 1449 1497 1477 ΕΠΙΣΤΟΔΗ
1515 1451 1601 1478 PAA’.

1367 1495 1408 1527 Τῷ
1418 1495 1549 1530 ἀδελφῷ.

1100 1538 1139 1564 Τὸ
1151 1538 1200 1573 μὲν
1221 1539 1271 1571 τὰς
1285 1541 1419 1574 γυναῖκας
1444 1540 1510 1576 βοᾷν
1532 1541 1579 1568 καὶ
1602 1542 1856 1577 στερνοτυπεῖσθαι,

1065 1584 1112 1610 καὶ
1129 1585 1294 1620 σπαράττειν
1310 1586 1358 1617 τὰς
1379 1587 1484 1621 κόμας,
1498 1587 1694 1621 ἐπιφανέντων.
1715 1588 1731 1623 ἢ
1751 1597 1856 1622 προαγ-

1065 1629 1216 1662 γελθέντων
1232 1631 1378 1666 πολεμίων,
1393 1629 1473 1667 ἦττον
1498 1632 1531 1658 ἂν
1545 1632 1628 1664 δόξειε
1642 1633 1728 1659 δεινόν
1738 1642 1745 1649 ο
1766 1634 1855 1659 καίτοι

1066 1675 1204 1702 καὶτοῦτο
1215 1677 1300 1703 δεινὸν
1310 1678 1324 1703 ὁ
1336 1678 1449 1704 Πλάτων
1460 1678 1516 1712 (G7)
1527 1679 1622 1711 οἴεται,
1637 1678 1667 1704 τὸ
1678 1679 1746 1714 μηδὲ
1758 1679 1854 1714 ὥσπερ

1063 1721 1112 1752 τὰς
1119 1721 1180 1756 ὄρνε
1185 1730 1208 1753 ις
1218 1721 1320 1749 ἐθέλειν
1330 1723 1502 1758 ἀμυνομένας
1511 1724 1582 1758 ὑπὲρ
1591 1724 1645 1751 τῶν
1656 1724 1770 1751 νεοττῶν
1785 1726 1853 1760 πρδς

1063 1766 1151 1793 ὁτιοῦν
1177 1766 1232 1793 τῶν
1250 1767 1448 1802 ἃλκιμωτάτων
1471 1768 1664 1796 ἀνθίστασθαι·
1681 1770 1751 1796 ἀλλὰ
1774 1770 1852 1803 δόξαν

1063 1815 1192 1847 καταχεῖν
1280 1814 1438 1850 κατασχεῖν]
1449 1814 1496 1841 τοῦ
1512 1815 1567 1842 τῶν
1580 1815 1732 1851 ἀνθρώπων
1746 1817 1851 1851 γένους,

1061 1858 1102 1884 ὅτι
1117 1858 1224 1884 πάντων
1237 1857 1338 1893 θηρίων
1351 1859 1533 1894 ἀτολμότατον
1547 1860 1654 1894 γέγονε.
1668 1860 1705 1887 Τὸ
1716 1861 1744 1888 δὲ
1761 1862 1807 1888 καί
1820 1869 1851 1888 σε

1061 1904 1148 1930 ταύτὰ
1163 1904 1280 1936 ἐκεῖναις
1296 1905 1465 1940 πλημμελεῖν
1475 1925 1482 1938 ,
1497 1906 1545 1932 καὶ
1556 1905 1664 1942 νύκτωρ
1677 1907 1853 1942 ἐκδειματυῦ-

1064 1948 1135 1979 σθαι,
1156 1948 1203 1975 καὶ
1225 1949 1428 1982 διανίστασθαι,
1455 1951 1501 1977 καὶ
1524 1951 1589 1986 βοᾷν
1612 1953 1677 1987 παρ’
1694 1953 1778 1988 αὐτὴν
1803 1953 1850 1979 τοῦ

1062 1994 1193 2030 φρουρίου
1203 1994 1252 2029 τὴν
1268 1995 1354 2030 θύραν
1370 1995 1482 2022 ἑστάναι
1494 1996 1630 2032 βάρϐαρον
1640 2005 1647 2012 ·
1669 1998 1781 2025 τοιαῦτα
1795 1998 1849 2034 γάρ

1061 2048 1102 2071 τις
1118 2041 1268 2075 ἀπήγγειλε
1283 2041 1348 2077 περὶ
1369 2041 1416 2068 σοῦ
1427 2051 1434 2058 ·
1449 2042 1506 2074 πῶς
1530 2042 1571 2069 ἐτι
1589 2043 1675 2070 ταῦτα
1689 2044 1782 2070 οἰστά·
1796 2044 1848 2071 κᾶν

1061 2085 1174 2118 ἀλλοίως
1191 2086 1279 2113 ἔοικεν
1297 2083 1381 2119 εἶναι,
1395 2087 1461 2122 ἐμὸν
1476 2087 1588 2122 ἀδελφὸν
1598 2088 1672 2120 ὄντα,
1687 2089 1783 2116 ἔπειτα
1793 2091 1846 2116 δει-

1060 2131 1105 2157 λὸν
1120 2129 1205 2164 εἷναι;
1222 2132 1329 2166 Ἐγωγέ
1343 2141 1384 2159 τοι
1401 2133 1636 2169 παρανατειλάσης
1648 2134 1728 2165 εὐθὺς
1742 2135 1847 2170 ἡμέρας

1059 2177 1290 2212 ἐξιππασάμενος,
1308 2178 1346 2210 ὠς
1359 2178 1471 2205 ἀνυστὸν
1485 2179 1665 2214 πορρωτάτω,
1682 2180 1730 2206 καὶ
1740 2180 1791 2206 ὠσὶ
1802 2181 1846 2206 καὶ

1059 2223 1209 2258 ὀφθαλμοῖς
1235 2223 1269 2250 τὰ
1294 2224 1367 2250 κατὰ
1381 2225 1442 2255 τοὺς
1460 2225 1598 2257 ἀπελάτας
1614 2225 1724 2255 τούτους
1740 2225 1845 2252 ἅπαντα

1060 2269 1290 2304 πολυπραγμονῶ.
1305 2270 1372 2296 Οὐδὲ
1389 2270 1442 2306 γὰρ
1457 2271 1532 2302 ἄξιον
1551 2271 1642 2297 καλεῖν
1658 2271 1755 2302 αὐτοὺς
1769 2272 1845 2297 πολε-

1061 2315 1148 2350 μίους,
1163 2315 1230 2342 ἀλλὰ
1243 2316 1345 2352 λῃστὰς
1357 2316 1373 2352 ἢ
1388 2316 1557 2349 λωποδύτας,
1569 2318 1585 2352 ἡ
1597 2326 1623 2344 τι
1632 2317 1752 2344 τοιοῦτον
1762 2318 1843 2352 ὄνομα

1061 2362 1343 2398 μικροπρεπέστατον,
1363 2362 1387 2388 οἳ
1404 2363 1506 2398 μηδένα
1528 2363 1582 2390 τῶν
1601 2363 1766 2398 ἐρρωμένως
1785 2364 1842 2389 ἐπι-

1059 2408 1216 2442 φερομένων
1228 2408 1397 2442 ὑφίστανται,
1409 2408 1476 2435 ἀλλὰ
1490 2409 1586 2444 μόνους
1595 2409 1657 2441 τοὺς
1669 2409 1843 2443 καταπλῆγας

1059 2453 1290 2488 ἀποσφάττουσιν,
1310 2453 1404 2490 ὥσπερ
1421 2455 1518 2490 ἱερεῖα,
1539 2454 1587 2481 καὶ
1602 2454 1770 2490 περιδύουσι.
1789 2455 1842 2481 Νύ-

841 2520 932 2550 DlON.
948 2520 1087 2548 PETAVII
1109 2521 1227 2549 NOTAE.

216 2577 324 2605 Erasmi
338 2577 525 2612 conjecturam
547 2578 644 2611 probo,
668 2577 716 2611 qui
731 2577 856 2604 invidiam
874 2585 923 2612 pro
940 2577 999 2612 glo-

217 2614 287 2639 riam
303 2611 441 2640 rescribit.
463 2611 529 2638 Nam
545 2613 639 2646 gloriae
662 2613 777 2639 invideri
796 2611 885 2645 solet,
913 2611 1000 2640 virtus

217 2648 349 2682 diligitur.
374 2646 450 2673 Felix
470 2647 570 2680 itaque
596 2652 658 2680 est,
685 2647 732 2681 qui
760 2647 874 2681 gloriam
899 2647 1000 2674 virtute

217 2682 404 2714 transcendit;
432 2682 469 2708 ita
492 2682 564 2709 enim
587 2683 648 2716 plus
668 2681 771 2709 amoris
786 2689 870 2717 quam
894 2682 1002 2710 invidia:

217 2719 349 2743 tueretur.

253 2750 308 2784 (67)
328 2751 382 2777 Kal
405 2759 449 2776 τοι
469 2750 518 2777 καὶ
539 2751 626 2778 τοῦτο
640 2751 740 2777 δεινὸν
756 2752 772 2778 ό
789 2750 922 2777 Πλάτων.
940 2750 999 2778 Lib.

217 2785 256 2812 De
269 2785 318 2819 leg.
333 2793 369 2812 vtl
389 2794 395 2812 :
413 2785 498 2819 Πολλή
522 2795 582 2819 που,
594 2786 677 2812 κακία
688 2786 834 2816 πολιτείας,
853 2785 937 2817 οὕτως
961 2787 1002 2812 αε-

219 2818 311 2855 αχρῶς
333 2820 383 2852 τὰς
406 2818 538 2854 γυναῖκας
562 2818 630 2847 εἶναι
654 2821 856 2856 τεθραμμένας,
877 2820 915 2852 ὡς
937 2821 1000 2856 μηδ’

1054 2578 1148 2615 ὥσπερ
1164 2578 1273 2615 ὄρνιθας
1289 2579 1352 2614 περὶ
1367 2579 1648 2615 τέκνωνήμαχομὲνας
1668 2580 1737 2615 πρὸς
1755 2581 1841 2607 ὁτιοῦν

1053 2613 1108 2639 τῶν
1123 2614 1314 2649 ζαχυρωτάτων
1328 2613 1429 2649 θηρίων
1446 2613 1727 2649 θέλεινᾷποθνήσκέιν
1742 2623 1782 2642 τε.
1797 2617 1840 2642 καὶ

1055 2634 1166 2685 xiv-ra;
1173 2634 1311 2685 κῗνδύνους
1330 2634 1507 2685 κίξᾷυνεύειν,
1529 2648 1587 2685 ἀλλξ
1603 2634 1683 2685 εὐθὺς
1701 2649 1770 2685 πρὸς
1783 2650 1838 2683 ιερὰ

1055 2691 1087 2716 φε
1093 2682 1212 2723 ρομένας
1219 2703 1229 2723 ε
1250 2683 1354 2722 πάντας
1365 2683 1482 2723 ¹βωμούς
1495 2692 1530 2723 ⁵τε
1548 2684 1594 2710 καὶ
1607 2684 1687 2723 ναοὺς
1704 2682 1838 2718 ἐμπιπλα-

1054 2726 1110 2753 ναι,
1125 2717 1323 2753 καῐῖόξανντοῦ
1343 2717 1397 2744 τῶν
1416 2718 1566 2753 ἀνθρώπων
1588 2719 1681 2753 γένους
1703 2717 1836 2752 καταχεῖν,

1054 2751 1092 2788 ᾡς
1108 2752 1215 2788 πάντων
1229 2752 1389 2788 δειλότατον
1402 2751 1482 2788 φύσει
1510 2751 1603 2788 θηρίον
1631 2751 1712 2780 εἶναι.
1738 2751 1838 2788 Sen-{ra

1056 2786 1093 2812 De
1108 2787 1204 2813 remed.
1224 2787 1327 2820 fortuit.
1344 2795 1353 2813 :
1375 2787 1521 2814 Imbecillet
1537 2786 1641 2814 vitatum
1659 2796 1763 2816 smnus.
1786 2787 1840 2814 Χα-

1055 2825 1142 2848 turam
1156 2821 1288 2855 infamare
1301 2821 1391 2848 nolite.
1408 2821 1461 2848 Illa
1475 2822 1556 2856 fortes
1567 2830 1616 2850 nos
1633 2823 1734 2855 qenut't.
