1990 3060
122 149 199 176 Itin

678 149 870 179 EPISTOLVE.
888 165 922 170 —
942 149 1054 180 EPIST.
1073 149 1204 177 CXXXII.

1683 148 1751 175 ISIS

121 211 205 239 κτωρ
220 203 249 230 δὲ
269 204 338 240 μετὰ
356 204 410 231 τῶν
424 205 533 241 ἐφήϐων
550 205 689 240 περιπολῶ
709 205 755 232 τὸν
766 206 856 240 λόφον,
869 206 915 231 καὶ

969 212 1029 232 cum
1055 205 1186 240 juvenum
1215 213 1296 232 manu
1317 205 1414 232 collem
1432 204 1520 236 oheo,
1542 209 1569 231 et
1595 203 1756 232 mulieribus

123 247 243 283 παρέχω
258 249 317 280 ταῖς
333 248 438 282 γυναιξὶ
454 249 500 275 τοῦ
522 248 662 276 καθεύδειν
683 249 784 281 ἄδειαν,
805 251 918 276 ἐπιστα-

124 292 241 326 μέναις,
257 292 298 319 ὅτι
313 293 365 328 πρὸ
375 293 464 319 αὐτῶν
483 302 553 324 τινες
569 293 745 329 ἐγρηγόρασι.
760 295 874 330 Πάρεισι
889 294 917 320 δέ

126 344 176 370 μοι
188 336 235 363 καὶ
252 337 414 372 στρατιῶται
437 337 483 363 τοῦ
499 337 551 363 τῶν
575 337 750 374 Βαλαγριτῶν
768 339 916 374 τάγματος.

124 378 210 408 Οὗτοι
227 382 355 418 πρότερον
370 382 447 418 μὲνῆ
466 383 611 418 Κερεάλιον
627 383 730 418 ἄρχειν,
751 382 821 420 ἦσαν
839 386 918 411 ἱππο-

124 425 252 458 τοξόται·
281 426 374 453 τούτου
408 427 436 452 δὲ
464 427 648 459 καταστάντος
676 429 716 459 είς
742 429 792 464 τὴν
819 429 916 464 ἀρχὴν,

125 470 371 506 ἀπημπολημένων
391 473 481 504 αὐτοῖς
499 472 552 500 τῶν
575 474 675 506 ἵππων,
698 475 819 508 ἐγένοντο
839 476 918 510 μόνον

125 517 254 551 τοξόται·
272 519 332 554 ἐμοὶ
349 519 371 545 δ’
392 517 438 546 οὖν
462 520 602 555 ἀποχρῶσι
626 522 672 547 καὶ
695 521 816 549 ἄνιπποι.
833 523 878 548 Δεῖ
890 522 917 548 δὲ

125 563 235 595 τοξείας
258 565 323 599 ἡμῖν
348 564 417 601 ὑπὲρ
445 565 580 601 φρεάτων,
611 566 680 601 ὑπὲρ
704 567 751 593 τοῦ
777 567 916 602 ποταμοῦ·

127 609 204 645 ὓδωρ
225 610 280 645 γὰρ
296 611 345 637 οὐκ
367 611 464 646 ἔχομεν
486 611 551 638 εἵσω
567 611 613 638 τοῦ
628 612 780 647 περιὸόλου,
803 613 879 640 Ἐπεὶ
892 613 918 639 τί

127 656 235 683 ἐκώλυε
257 657 396 691 διαφέρειν
420 657 468 693 τὴν
493 657 650 694 πολιορκίαν
680 659 862 694 αὐλουμένους
888 669 918 686 τε

127 701 179 727 καὶ
196 701 389 736 κωμάζοντας;
409 702 466 728 Νῦν
481 702 510 729 δὲ
528 702 544 738 ἢ
561 704 670 738 κρατεῖν
687 703 727 729 δεῖ
738 704 916 739 μαχομένους,

127 747 146 781 ἢ
166 747 348 782 ἀποθνήσκειν
363 747 402 778 εἰς
416 749 509 783 χεῖρας
525 748 612 780 ίόντας
625 749 681 780 τοῖς
695 749 843 784 πολεμίοις,
858 750 918 776 ἀντὶ

126 792 179 819 τοῦ
195 792 284 828 διψῆν.
298 791 335 820 Οὖ
351 793 376 819 τί
390 793 422 820 ἂν
442 793 619 829 ἐλεεινότερον
634 793 752 827 γένοιτο;
770 795 850 820 Ὥστε
867 795 918 821 κᾶν

128 838 178 865 ὑπ’
193 839 326 874 ἀνάγκης,
340 838 436 874 ἄνδρες
450 838 547 874 εἴημεν
557 839 663 873 ἀγαθοί.
681 840 735 866 Καὶ
752 840 784 866 σὺ
802 840 833 875 δὴ
851 849 918 875 προ-

128 884 236 920 θυμοῦ,
254 885 301 910 καὶ
324 884 434 919 ἐτέρους
457 885 626 919 παρακάλει,
642 885 688 911 καὶ
709 885 739 911 τὸ
756 874 851 919 ζεῦγος
863 874 918 912 τῶν
935 874 943 900 1

129 930 224 957 ἳππων
240 930 293 956 τῶν
315 930 475 965 ἁδδηφάγων
498 930 551 957 τῶν
570 931 616 956 ἐπὶ
630 930 668 965 τῷ
686 931 761 966 φόρῳ
785 931 918 966 τρεφομέ-

127 985 194 1008 νων,
210 976 323 1010 ἄγεσθαι
337 976 430 1002 κέλευε
444 976 519 1011 παρὰ
537 976 576 1003 σέ.
593 976 695 1008 Παντὸς
710 976 810 1011 μᾶλλον
824 978 852 1003 ὲν
863 978 919 1008 ¹τοῖς

127 1021 261 1053 τοιούτοις
276 1023 381 1057 καιροῖς
406 1022 488 1053 ἵππος
512 1023 561 1048 οὐκ
579 1022 685 1058 ἀχρεῖον
701 1023 732 1049 τὸ
746 1023 848 1058 κτῆμα.
864 1024 919 1050 Καὶ

127 1067 187 1102 γὰρ
205 1067 373 1103 προδραμεῖν
392 1076 422 1093 τε
432 1087 440 1098 .
461 1067 508 1094 καὶ
523 1067 755 1103 κατασκέψασθαι,
768 1069 815 1095 καὶ
827 1069 917 1102 ἀπαγ-

127 1110 219 1146 γεῖλαι
241 1111 274 1139 δι’
301 1111 453 1146 ἐλαχίστου,
477 1112 566 1138 πάντα
594 1112 680 1139 ταῦτα
706 1113 788 1144 ἵππος
809 1112 918 1140 δύναται

130 1157 232 1191 ῥᾳδίως
254 1159 351 1184 ποιεῖν.
371 1157 429 1184 Κᾶν
454 1157 502 1193 δέῃ
524 1165 564 1184 σοι
580 1157 706 1190 τοξοτῶν,
727 1158 917 1194 μεταπέμπου.

129 1202 179 1229 καὶ
193 1202 298 1237 ἥξουσι.
315 1202 385 1234 Τοὺς
401 1202 454 1237 γὰρ
471 1202 581 1234 κωπέας
596 1203 658 1235 τοὺς
672 1203 851 1236 Φυκουντίους
863 1205 917 1230 οὐδ’

129 1247 188 1282 ἐγὼ
201 1247 295 1284 Θαρῤὦ
308 1248 479 1284 συμμάχους,
499 1248 594 1285 ὥσπερ
615 1249 674 1276 οὐδὲ
686 1250 749 1282 τοὺς
767 1250 833 1286 παρ’
856 1251 918 1286 ἐμοὶ

129 1293 288 1328 κηπωρούς.
315 1294 393 1329 Ζητῶ
409 1294 437 1320 δὲ
453 1295 552 1330 ἄνδρας
567 1295 673 1329 ὀλίγους
691 1295 722 1321 οὺ
737 1295 919 1331 ψευδομένους

129 1339 175 1366 τὸν
191 1339 286 1374 ἄνδρα.
304 1339 362 1366 Κᾶν
383 1339 502 1375 ἐπιτύχω
514 1340 654 1373 τοιούτων,
670 1340 718 1367 σὺν
729 1341 789 1376 Θεῷ
798 1341 826 1368 δὲ
842 1342 918 1377 εἰρή-

131 1384 203 1417 σθω,
217 1384 321 1420 θαῤῥῶ.
344 1385 449 1420 Δεῆσαν
471 1385 499 1412 δὲ
526 1385 718 1420 ἀποθνήσκειν.
745 1386 862 1413 ἐνταῦθα
887 1387 918 1413 τὸ

129 1430 288 1465 φιλοσοφίας
304 1431 409 1466 ὕφελος,
430 1431 461 1458 τὸ
479 1432 561 1467 μηδὲν
575 1432 700 1467 ἡγεῖσθαι
714 1432 799 1458 δεινὸν
813 1433 918 1468 ἀναχω-

130 1476 212 1511 ρῆσαι
236 1476 283 1504 τοῦ
305 1476 432 1504 θυλακίου
447 1476 502 1503 τῶν
518 1476 675 1511 κρεϋλλίων.
694 1476 726 1503 El
740 1477 769 1504 δὲ
783 1477 851 1512 πρὸς
867 1478 917 1512 τὴν

967 249 1119 277 dormiendi
1144 250 1319 278 securitatem
1340 250 1467 284 praebeo.
1497 250 1562 276 dum
1585 249 1691 283 aliquos
1707 256 1756 283 pro

968 303 1018 323 sua
1033 296 1121 323 salute
1137 296 1274 323 excubare
1285 295 1451 331 intelligunt.
1471 295 1578 322 Ailsunt
1596 299 1624 322 et
1640 294 1707 321 mihi
1723 302 1756 321 cx

968 340 1167 376 Balagrilariuu
1174 341 1271 368 ordine
1281 341 1382 368 milites
1393 341 1542 376 aliquot.lli
1551 345 1696 376 antequam
1706 341 1758 368 €6-

969 386 1049 414 realis
1060 386 1206 421 provinciae
1219 386 1373 421 praefuisset
1382 406 1388 416 ,
1401 387 1508 421 equites
1519 391 1597 414 erant
1610 387 1756 422 sagittarii.

967 429 1149 465 Posteaquam
1160 431 1338 465 isimperium
1350 435 1392 458 est
1406 431 1531 465 adeptus,
1547 431 1686 459 distracus
1702 431 1755 459 sibi

969 476 1058 511 equis,
1075 476 1110 503 ad
1125 476 1284 511 sagittarios
1304 477 1432 511 rescripti
1450 481 1533 504 sunt:
1552 477 1619 503 mihi
1634 485 1698 504 vero
1714 478 1756 504 vel

969 522 1029 549 sine
1051 521 1130 556 equis
1149 521 1298 549 sufﬁciunt.
1326 521 1508 557 Sagittatione
1522 526 1611 550 autem
1627 530 1697 557 opus
1714 527 1756 550 est

968 566 1048 593 nobis
1062 566 1096 593 ad
1112 571 1272 601 puteorum,
1284 566 1318 593 ad
1334 566 1455 594 [luminis
1469 567 1576 601 copiam
1589 567 1754 594 habendam.

968 610 1053 645 Aquae
1061 611 1134 638 enim
1146 611 1218 638 intra
1230 619 1323 638 muros
1335 612 1402 638 nihil
1415 611 1559 639 habemus.
1570 611 1677 645 Alioqui
1690 611 1756 645 quid

969 663 1028 683 eam
1043 656 1215 684 obsidionem
1235 657 1354 685 tolerare
1370 657 1444 685 tibiis
1461 665 1493 684 ac
1508 657 1756 685 comessationibus

971 701 1143 736 indulgentes
1156 702 1320 736 prohibeat?
1332 701 1391 729 .lam
1406 709 1471 729 vero
1485 702 1527 729 vel
1543 702 1689 737 pugnando
1697 702 1757 728 vin-

969 754 1030 774 cr-re
1045 754 1157 775 necesse
1169 751 1228 779 est,
1249 748 1291 775 vel
1308 756 1390 775 manu
1408 751 1535 775 conserta
1552 755 1613 774 cum
1631 747 1757 775 hostibus

968 797 1096 826 oppetere
1112 795 1216 828 potius.
1237 801 1318 828 quam
1340 794 1385 821 siti
1399 793 1590 821 conﬁciantur.
1617 792 1678 826 Quo
1689 793 1756 828 quid

970 838 1098 866 miserius
1118 843 1211 874 posset
1232 838 1374 866 accidere?
1400 838 1438 866 Ita
1461 839 1502 866 vel
1527 840 1694 867 necessitate
1710 846 1756 866 co-

969 888 1047 911 aetos
1068 885 1142 912 viros
1164 893 1215 918 nos
1236 885 1357 920 praebere
1379 885 1517 913 convenit.
1556 885 1596 913 Ac
1622 889 1651 912 tu
1673 885 1756 913 etiam

969 935 1034 956 cura
1053 932 1083 956 ut
1107 930 1131 957 is
1156 930 1209 961 sis,
1234 930 1360 965 aliosque
1381 930 1545 964 cohortare;
1569 934 1597 958 et
1619 938 1669 965 par
1691 930 1757 957 illud

968 974 1108 1001 voracium
1129 982 1261 1009 equorum
1274 995 1281 1008 ,
1304 975 1351 1009 qui
1374 975 1407 1002 ad
1424 975 1556 1002 tributum
1574 976 1697 1005 aluntur.
1709 976 1758 1003 ad-

969 1018 1031 1045 duci
1049 1018 1083 1046 ad
1097 1023 1124 1046 te
1139 1019 1252 1054 impera.
1283 1019 1363 1046 Nulla
1376 1019 1410 1047 iis
1427 1020 1595 1055 temporibus
1616 1021 1756 1056 possessio

968 1071 1040 1098 equo
1057 1064 1151 1092 utilior
1169 1069 1252 1100 atque
1264 1066 1446 1100 opportunior
1462 1073 1523 1094 esse
1536 1069 1635 1101 potest.
1650 1064 1718 1093 Nam
1730 1070 1758 1094 et

969 1118 1144 1144 procurrere,
1155 1115 1183 1139 et
1194 1111 1342 1146 speculari,
1353 1116 1381 1140 et
1396 1111 1560 1140 brevissimo
1574 1114 1698 1146 tempore
1713 1119 1758 1140 re-

968 1156 1112 1190 nuntiare,
1135 1157 1226 1184 omnia
1247 1157 1304 1185 haec
1320 1157 1398 1185 facile
1413 1158 1552 1192 praestabit
1566 1165 1663 1192 equus.
1678 1157 1756 1190 Quod

969 1202 991 1229 si
1005 1202 1054 1229 tibi
1068 1202 1218 1234 sagittariis
1232 1210 1302 1237 opus
1313 1207 1365 1236 est,
1379 1211 1427 1231 eos
1443 1211 1562 1236 arcesse,
1575 1207 1602 1231 et
1612 1203 1755 1231 confestim

968 1247 1094 1275 aderunt.
1102 1247 1316 1284 Phycuntiorum
1325 1249 1397 1276 enim
1405 1249 1538 1285 remigum
1549 1250 1659 1277 auxiliis
1671 1249 1756 1276 nihilo

968 1294 1055 1329 magis
1069 1293 1188 1325 conlido,
1200 1301 1281 1329 quam
1296 1295 1365 1324 meis
1379 1295 1534 1322 olitoribus.
1545 1295 1651 1324 Paucos
1664 1300 1755 1322 autem

967 1339 1042 1367 viros
1053 1338 1190 1372 desidero,
1202 1340 1248 1374 qui
1264 1340 1337 1367 viros
1354 1348 1407 1369 non
1423 1341 1601 1369 mentiantur.
1614 1342 1653 1368 Ac
1667 1341 1692 1369 si
1705 1341 1755 1368 ali-

967 1391 1038 1419 quos
1056 1384 1190 1418 ejusmodi
1205 1388 1303 1412 nactus
1317 1393 1376 1417 ero,
1387 1385 1461 1420 quod
1477 1393 1541 1413 cum
1552 1385 1608 1414 Deo
1623 1394 1638 1413 a
1654 1394 1700 1415 me
1713 1387 1757 1414 di-

967 1432 1041 1456 ctum
1058 1429 1104 1462 sit,
1120 1429 1192 1457 bono
1205 1430 1296 1457 animo
1311 1438 1383 1458 sum.
1403 1430 1452 1458 Sin
1466 1431 1592 1458 obeunda
1606 1439 1681 1459 mors
1701 1436 1754 1464 est,

967 1481 1024 1502 tum
1044 1482 1109 1503 vero
1133 1475 1208 1506 utilis
1225 1480 1307 1511 atque
1324 1480 1479 1511 opportuna
1498 1477 1674 1512 philosophia
1694 1481 1754 1511 cst;

128 1523 245 1556 γυναῖκα
261 1522 307 1548 καὶ
318 1522 348 1549 τὸ
361 1521 466 1549 παιδίον
482 1522 611 1556 ἄτεγκτος
629 1521 737 1556 ἔσομαι,
751 1521 831 1549 τοῦτο
844 1523 873 1549 δὲ
885 1523 915 1549 οὗ

969 1521 1080 1548 minime
1095 1524 1126 1548 ut
1145 1521 1273 1549 acerbum
1283 1522 1408 1549 videatur
1430 1530 1461 1551 ex
1476 1522 1528 1549 hoc
1542 1523 1755 1551 caruncularum

130 1567 234 1602 σφόδρα
247 1567 425 1603 διεγγυῶμαι.
442 1567 485 1599 Ὦς
498 1567 585 1602 ἔγωγε
596 1567 740 1602 βουλοίμην
753 1567 786 1594 ἃν
796 1568 915 1595 τοσαῦτα

969 1567 1080 1594 sacculo
1098 1566 1251 1594 discedere.
1274 1567 1354 1600 Quod
1372 1571 1462 1595 autem
1488 1568 1620 1596 adversus
1641 1576 1754 1597 uxorem

129 1612 287 1647 φιλοσοφίαν
311 1612 449 1640 δύνασθαι.
480 1612 560 1639 ’Δλλὰ
583 1613 620 1648 μή
635 1612 675 1639 τοί
692 1621 756 1639 ποτε
773 1613 915 1649 διάπειραν

969 1619 1001 1639 ac
1017 1611 1130 1639 ﬁliolum
1143 1612 1226 1640 siccis
1239 1613 1327 1641 oculis
1341 1621 1403 1641 esse
1413 1614 1527 1648 possim,
1542 1622 1713 1649 nequaquam
1727 1614 1756 1642 id

129 1657 249 1693 λάῦοιμι,
265 1658 313 1693 μὴ,
326 1655 348 1685 ὦ
362 1658 460 1694 σῶτερ,
481 1658 530 1693 μὴ.
548 1654 570 1684 ὦ
585 1657 732 1693 ὲλευθέριε.

966 1658 1046 1686 valde
1060 1665 1220 1686 asseverare
1230 1659 1354 1686 audeam.
1370 1659 1449 1693 Quod
1464 1660 1568 1688 utinam
1583 1660 1756 1703 philosophia

129 1703 240 1738 posset!
258 1703 312 1731 Sed
326 1711 466 1739 nunquam
478 1704 538 1737 ejus
552 1703 591 1730 rei
610 1704 761 1738 periculum
780 1704 837 1733 ﬁeri
855 1712 869 1732 a
888 1712 931 1733 me
945 1704 1096 1740 contingat,
1110 1708 1146 1738 te,
1163 1711 1179 1732 ο
1192 1705 1300 1736 salutis,
1316 1713 1334 1733 ο
1346 1706 1480 1734 libertatis
1495 1714 1606 1742 praeses,
1620 1707 1755 1736 obtester.

383 1749 556 1776 ΕΠΙΣΤΟΛΗ
576 1748 660 1776 ΡΛΒ’.

447 1794 607 1829 Ὀλυμπίῳ.

165 1841 235 1872 Χθὲς
250 1840 298 1867 καὶ
314 1840 410 1876 πρώην
427 1840 494 1874 (67’)
522 1840 568 1866 ἐπὶ
590 1840 644 1866 τῶν
665 1839 778 1875 ἔναγχος
793 1840 913 1872 ὑπάτων,

129 1883 168 1914 ὧν
182 1886 277 1921 ἅτερός
300 1885 356 1922 [γρ.
371 1886 385 1912 ὁ
399 1884 506 1921 ἅτερος]
528 1886 601 1911 ἐστιν
629 1885 826 1920 Ἀρισταίνετος
838 1893 845 1901 ⁸
870 1885 915 1912 τὸν

130 1933 183 1968 γὰρ
200 1932 366 1967 συνάρχοντα
391 1930 481 1965 ἀγνοῶ
493 1939 500 1946 ·
518 1931 799 1967 κατασεσημασμένην
819 1933 913 1966 ἐκομι-

132 1978 221 2013 σάμην
245 1977 302 2012 [γρ.
317 1975 463 2012 ἐδεξάμην]
485 1976 639 2011 επιστολὴν,
663 1976 693 2002 τὸ
718 1976 763 2002 σὺν
775 1976 823 2011 τῆς
838 1977 914 2012 ἱερᾶς

130 2023 249 2058 κεφαλῆς
270 2022 513 2058 ἐπιγεγραμμένην
543 2021 638 2057 ονομα.
672 2022 861 2057 Τεκμαίρομαι
886 2022 915 2048 δὲ

131 2069 214 2104 αὐτὴν
229 2066 298 2094 εἶναι
311 2067 494 2103 παμπάλαιον,
514 2066 554 2101 τῷ
565 2074 594 2092 τε
610 2066 821 2101 θριπηδέστατον
835 2075 914 2101 γεγο-

132 2113 215 2145 νέναι,
232 2114 279 2140 καὶ
293 2113 331 2148 τῷ
347 2111 529 2147 συγκεχῦσθαι
544 2112 577 2138 τὰ
591 2112 701 2138 πλείονα
715 2111 768 2138 τῶν
782 2112 913 2147 γραμμά-

131 2169 194 2187 των.
218 2159 288 2194 Ἐγὼ
302 2159 331 2186 δὲ
347 2159 440 2195 ἠξίουν
460 2158 498 2194 μὴ
522 2158 644 2194 καθάπερ
659 2157 760 2193 δασμόν
773 2166 834 2184 τινα
851 2158 914 2193 ἐτή-

1208 1749 1378 1778 EPISTOLA
1393 1751 1522 1781 CXXXII.

1293 1795 1424 1831 Olympio.

1001 1839 1065 1868 Heri
1077 1843 1105 1867 et
1117 1840 1334 1874 nudiustertius,
1350 1842 1481 1877 proximis
1490 1849 1574 1873 coss..
1586 1850 1701 1877 quorum
1716 1843 1755 1871 al-

965 1889 1008 1912 ter
1018 1886 1197 1914 Aristaanetus
1208 1891 1260 1920 est,
1276 1895 1340 1914 nam
1354 1887 1484 1922 collegam
1500 1887 1560 1922 ejus
1579 1888 1687 1923 ignoro,
1705 1889 1754 1916 ob-

966 1932 1088 1966 signatas
1104 1932 1195 1966 accepi
1206 1932 1333 1966 litteras;
1354 1932 1454 1967 quibus
1472 1933 1592 1968 religiosi
1606 1934 1644 1960 tui
1656 1933 1753 1969 capitis

966 1984 1067 2004 nomen
1086 1981 1145 2004 erat
1162 1977 1335 2012 inscriptum.
1359 1978 1429 2005 Esse
1443 1981 1539 2006 autem.
1550 1978 1752 2006 vetustissmas

967 2023 1050 2058 269
1067 2031 1100 2051 ex
1112 2031 1144 2051 eo
1159 2023 1286 2058 conjicio,
1303 2023 1374 2059 quod
1390 2027 1417 2051 et
1432 2030 1449 2050 a
1470 2024 1552 2050 tineis
1573 2031 1691 2051 eorrosae
1710 2032 1754 2052 es.

967 2072 1040 2101 sent,
1057 2069 1248 2096 etlitterarum
1267 2076 1332 2104 pars
1349 2068 1436 2104 major
1451 2069 1624 2096 exolevisset.
1647 2069 1682 2095 At
1703 2076 1754 2104 ego

966 2114 1062 2141 vellem
1080 2122 1134 2142 non
1150 2118 1280 2150 tanquam
1293 2121 1414 2141 annuum
1430 2114 1545 2148 veCLigal
1560 2114 1703 2148 epistolam
1719 2113 1752 2140 ad

967 2166 1010 2186 me
1019 2159 1162 2193 mitteres;
1191 2167 1243 2187 nec
1270 2160 1317 2187 uni
1339 2160 1472 2186 duntaxat
1493 2158 1661 2187 amicissimo
1683 2157 1753 2193 Syro

754 2225 843 2254 DION.
864 2226 1001 2255 PETAVII
1021 2227 1137 2255 NOTAE.

167 2287 232 2322 (67‘)
252 2286 327 2319 Χθὲς
343 2286 392 2314 καὶ
406 2286 518 2322 πρώην.
530 2285 603 2322 Anni
621 2284 773 2322 superioris
787 2285 917 2322 consules
934 2286 955 2314 D
970 2285 1074 2322 tirnque
1089 2293 1170 2313 nosse
1187 2285 1307 2322 potuerit
1330 2284 1481 2322 Synesius;
1506 2283 1661 2322 Qccidentis
1679 2293 1752 2322 _con-

134 2319 279 2356 signiﬁcat,
299 2321 351 2356 quin
368 2321 418 2348 l'uit
432 2320 535 2356 Christi
552 2320 626 2356 40L.
639 2320 748 2356 Collega
765 2327 848 2354 porro
863 2319 915 2356 fuit

133 2354 315 2386 Aristaenetus
335 2355 446 2383 Honorii
472 2355 654 2389 imperatoris.
684 2354 762 2381 Hunc
788 2362 852 2381 vero
879 2355 913 2381 ab

135 2393 249 2428 Synesio
272 2390 540 2428 ignoraripotuisse
566 2390 800 2428 mirum_v_it_letur.
827 2389 912 2428 Cujus

133 2423 190 2455 eam
217 2428 243 2453 in
268 2423 352 2460 priori
367 2423 486 2452 editione
500 2432 610 2451 causam
627 2424 813 2455 reddidimus,
838 2423 910 2460 quod

133 2459 285 2489 consularis
311 2461 398 2487 honos
415 2459 557 2494 principali
588 2460 695 2494 fastigio
708 2479 715 2490 ,
745 2460 818 2485 velut
833 2459 911 2486 stella

134 2498 199 2525 solis
217 2496 319 2523 lumine
333 2493 512 2522 conderetur.
526 2493 602 2521 Unde
621 2493 699 2528 quem
718 2494 911 2528 imperatorem

135 2536 211 2559 norat
233 2530 375 2566 Synesius,
392 2530 429 2566 in_
445 2529 764 2566 Occidente__consulcin
784 2528 910 2556 nescivit.

135 2566 207 2593 llanc
223 2562 345 2592 nostram
369 2564 553 2598 conjecturam
580 2562 708 2590 Nieolaus
733 2563 912 2594 Alemannus,

134 2602 249 2631 amicus,
266 2600 331 2627 dum
354 2599 466 2630 viveret,
493 2602 595 2629 noster.
612 2599 719 2625 elevare
742 2601 857 2624 conatus
871 2601 913 2623 est

135 2637 159 2663 in
182 2636 337 2663 Comment.
364 2633 397 2660 ad
419 2632 543 2667 Procopii
570 2632 722 2662 Ἀνέκδοτα,
742 2633 817 2665 quod
844 2631 912 2662 ludi,

135 2670 313 2700 venationes,
340 2675 451 2695 munera
478 2666 569 2694 statim
594 2667 672 2694 initio
696 2666 854 2693 consulatus
880 2667 914 2692 ab

134 2704 253 2733 llonorio
268 2703 302 2730 de
317 2710 392 2730 more
407 2703 480 2735 data,
495 2702 610 2736 publica:
623 2702 721 2728 tabulae
730 2701 790 2735 ejus
803 2701 913 2736 nomine

134 2740 310 2775 consignatae,
324 2738 465 2775 consulem
481 2735 684 2775 prodidissent.
700 2736 798 2775 Quare
808 2735 912 2762 idcirco

134 2770 389 2811 putat'ignoratum
407 2779 422 2811 ᾳ
441 2770 555 2811 Syilesio
575 2771 710 2811 consulis
723 2770 835 2811 alterius
860 2777 911 2811 no-

134 2804 205 2841 incn,
226 2804 304 2843 quod
323 2804 469 2834 consulum
481 2807 550 2833 alter
575 2806 676 2843 Romae,
690 2804 814 2843 Byzantii
842 2805 911 2831 alter

135 2839 269 2873 ederetur.
288 2841 408 2870 Orientis
423 2846 512 2870 autem
528 2841 668 2869 consulem
684 2839 836 2874 commode,
853 2842 910 2867 sta-

969 2319 1055 2347 sulein
1073 2328 1123 2347 nec
1141 2319 1294 2352 commode,
1310 2319 1363 2347 nec
1377 2320 1480 2347 statim.
1503 2319 1635 2352 Quocirca
1649 2320 1752 2349 tabulis

967 2355 1083 2388 publicis
1097 2355 1231 2388 consulis,
1249 2355 1330 2389 cujus
1343 2362 1441 2382 nomen
1457 2354 1572 2389 latebat,
1591 2354 1632 2381 sic
1648 2356 1751 2383 mentio

967 2387 1058 2420 liebat,
1080 2390 1127 2416 καὶ
1149 2389 1196 2416 τοῦ
1210 2387 1445 2425 δτ-ιλωθησομένουῒ
1471 2387 1535 2425 Haec
1558 2388 1615 2416 ille.
1628 2390 1705 2425 nQuae
1722 2394 1751 2417 ut

965 2431 1029 2451 vera
1043 2428 1118 2456 sunt,
1137 2425 1178 2451 sic
1191 2423 1316 2452 adhunc
1338 2424 1446 2459 Synesii
1470 2423 1560 2459 locum
1578 2423 1654 2450 nullo
1670 2424 1751 2451 modo

984 2459 1122 2487 ertinent:
1149 2460 1204 2486 imo
1220 2467 1285 2486 vero
1301 2467 1350 2487 sua
1360 2458 1396 2485 se
1413 2458 1538 2484 oratione
1561 2459 1658 2485 evertit
1679 2458 1750 2493 ipse.

989 2494 1070 2521 tenim
1084 2495 1156 2520 hanc
1167 2494 1310 2528 epistolam
1326 2493 1438 2528 scripsit
1453 2500 1524 2528 anno
1540 2497 1671 2526 sequente
1689 2499 1751 2527 post

964 2528 1026 2555 illos
1038 2527 1219 2559 consules,’ut
1232 2529 1299 2555 satis
1315 2527 1443 2558 ostendit,
1457 2527 1521 2553 dum
1535 2534 1582 2553 eos
1598 2530 1676 2554 vocat
1686 2528 1750 2558 τοὺς

964 2562 1078 2598 ἔναγχος
1093 2563 1221 2595 ὑπάτους.
1242 2563 1328 2595 Unde,
1345 2565 1376 2598 ut.
1392 2569 1468 2589 suam
1484 2561 1510 2587 in
1524 2561 1600 2588 illum
1616 2562 1748 2589 rationem

966 2597 1172 2633 retin-queamus
1187 2618 1194 2630 ,
1211 2598 1333 2632 quinam,
1348 2597 1473 2633 obse_cro,
1490 2600 1551 2633 post
1564 2603 1666 2633 annum
1677 2603 1749 2633 ncon-

965 2632 1034 2659 sulis
1049 2631 1151 2659 nomen
1179 2631 1286 2659 nescire
1303 2632 1390 2666 potuit
1405 2631 1553 2666 Synesius,
1570 2632 1593 2657 si
1620 2639 1652 2658 ex
1676 2631 1748 2666 ludis

987 2666 1142 2701 ublicisque
1157 2667 1257 2693 tabulis
1280 2665 1391 2693 necesse
1410 2669 1452 2692 est
1475 2665 1615 2701 cognitam
1641 2665 1748 2693 fuisse?

990 2709 1066 2728 erum
1083 2699 1170 2736 neque
1186 2702 1265 2728 ludos
1280 2702 1307 2736 in
1324 2700 1434 2736 Oriente
1448 2703 1495 2725 aut
1513 2699 1629 2736 (Egyth
1645 2708 1747 2736 consu-

964 2736 1036 2763 latus
1055 2734 1164 2763 nomine
1179 2736 1265 2763 edidit
1283 2735 1438 2766 Honorius;
1453 2741 1541 2768 neque
1556 2734 1664 2761 tabulas
1679 2735 1747 2761 istas

963 2771 991 2797 in
1015 2774 1141 2805 promptu
1163 2774 1228 2797 tunc
1250 2770 1367 2797 habebat
1389 2769 1533 2805 Synesius.
1552 2768 1644 2805 Itaque
1660 2769 1745 2805 multo

962 2808 1005 2832 est
1015 2803 1180 2839 ‘conje’ctura
1207 2809 1311 2837 nostra,
1326 2803 1418 2839 quam'
1435 2803 1479 2829 τοῦ
1497 2803 1647 2839 μακαρίτου
1663 2803 1746 2830 amici

963 2840 1048 2867 nostri
1063 2839 1241 2874 probabilior.
