1990 3060
162 197 226 225 1521
707 197 900 227 EPISTOLIE.
918 214 953 220 —

1005 199 1080 228 ’IST.
1099 200 1229 229 CXXXIII
1726 203 1795 231 I523

161 257 244 283 ιππον
258 257 287 282 ὲν
300 256 333 291 τῇ
347 255 501 290 Σελευκείᾳ,
515 254 562 282 τοῦ
573 256 726 292 ναυκλήρου
741 256 786 283 διὰ
797 256 844 284 τὸν
854 257 949 292 καιρὸν

1005 258 1092 292 lingua
1108 259 1272 293 prmdicasti,
1294 259 1387 289 videre
1404 261 1552 290 admodum
1568 260 1771 289 dcsiderassem
1786 261 1797 284 ε

161 302 403 337 παραιτησαμένου
424 301 528 328 τοιοῦτο
549 302 669 338 φορτίον.
700 302 809 338 Ἐπειδὴ
833 303 861 329 δὲ
880 303 948 337 μήτε

1005 311 1089 338 eoque
1105 306 1192 341 magis
1205 306 1278 340 quod
1294 311 1322 333 ιιι
1343 308 1517 343 egregiorum
1533 303 1673 343 pullorum
1688 309 1794 341 patrem

160 348 210 382 τὴν
228 347 299 380 λέξιν
313 348 435 381 ἐπέγνων
450 347 567 382 ἀδελφὴν
581 345 665 375 οὖσαν
676 347 726 383 τῆς
742 347 801 383 σῆς,
818 348 887 382 μήτε
898 347 949 383 τὴν

1005 349 1080 376 illum
1094 351 1291 385 spoponderas.
1308 351 1407 380 Verum
1424 353 1452 380 in
1467 353 1542 380 calce
1556 353 1707 380 litterarum
1724 350 1795 378 infra

158 397 250 431 χεῖρα,
276 395 344 430 μήτε
361 394 410 428 τὴν
425 393 569 428 ἀκρίϐειαν
592 393 642 428 τῆς
665 393 784 429 γραφῆς,
802 393 949 420 ἐδικαίωσα

1005 395 1252 431 subscriptionem,
1283 399 1416 434 scriptum
1442 400 1552 434 reperi:
1581 406 1682 434 equum
1710 398 1794 425 istum

161 441 200 476 μὴ
223 439 376 475 ἀγνοεῖσθαί
401 447 443 466 σοι
464 438 553 466 τοῦτο.
571 438 687 473 Ἀτοπον
702 438 767 474 γὰρ,
791 439 816 466 εί
830 438 952 471 τοιοῦτος

1006 440 1141 469 Seleucia:
1157 444 1276 479 relinqui
1298 445 1466 480 oportuisse,
1482 445 1555 480 quod
1575 444 1742 476 navarchus,
1760 442 1796 471 ob

157 485 198 512 ὢν
212 487 225 513 ὁ
240 486 321 517 ἵππος
337 486 406 520 μήτε
428 485 499 521 ἐμοὶ,
514 485 584 520 μήτε
601 484 643 511 σοὶ
657 483 778 517 αὔξοιτο.

1004 488 1140 522 temporis
1166 489 1353 523 incommoda,
1380 491 1408 518 id
1433 491 1527 520 oneris
1555 494 1721 519 recusasset.
1742 489 1794 517 Sed

159 533 290 568 quoniam
315 537 405 567 neque
424 531 571 559 dictionem
594 532 692 566 ipsam,
713 538 801 566 nequc
825 537 950 562 manum,
970 539 1061 567 neque
1075 540 1200 563 exactam
1217 537 1361 572 scriptum
1391 537 1525 565 rationem
1547 542 1600 565 tute
1637 543 1794 572 germanam

161 578 270 613 agnovi,
284 585 316 605 ac
331 577 460 610 similem,
476 585 585 612 aequum
602 577 696 612 putavi
714 581 740 604 te
756 584 787 604 ea
819 577 853 605 de
883 583 913 604 re
932 583 986 605 non
1007 579 1102 607 celari.
1131 581 1290 610 Absurdum
1319 582 1392 611 enim
1418 587 1461 611 est
1490 583 1571 611 talcm
1597 590 1700 618 equum
1728 581 1796 609 mihi

160 625 238 660 juxta
255 632 287 652 ac
302 624 351 652 tibi
367 624 467 660 perire.

420 671 592 698 ΕΠΙΣΤΟΛΗ
611 671 696 699 PAl".

464 717 652 752 Πυλαιμένεα

201 764 354 800 Ἐδεξάμην
367 763 417 800 τὴν
430 764 584 799 ἐπιστολὴν,
602 765 631 790 ὲν
676 763 757 790 πάλιν
773 763 890 799 ὲμέμψω
903 763 953 798 τὴν

161 811 258 847 τύχην,
280 811 318 843 ὡς
332 810 408 837 οὐδὲν
424 810 489 845 περὶ
506 810 553 836 σοῦ
569 809 787 845 βεϐουλευμένην
802 809 955 844 φιλανθρω-

1239 673 1412 703 EPISTOLA
1431 675 1565 705 CXXXIII

1319 721 1476 757 Pyluzmeni.

1038 762 1140 799 Accepi
1172 765 1371 800 tuaslitteras,
1402 767 1504 802 quibus
1534 767 1634 795 iterum
1657 767 1796 796 fortunam

1003 808 1126 844 incusas,
1143 812 1217 846 quod
1237 812 1325 840 nihilo
1347 813 1396 841 tibi
1413 806 1559 842 humanius
1585 814 1675 842 adhuc
1694 821 1798 843 consu-

161 858 286 892 πότερον.
304 857 350 892 Μὴ
365 857 397 883 σύ
410 864 452 891 γε,
466 853 489 882 ὧ
503 856 612 890 φίλτατε
628 856 754 892 ἑταίρων.
766 856 804 882 Ub
815 856 869 891 γὰρ
880 855 953 888 ἄξιον

1008 855 1099 884 luerit.
1116 856 1305 892 Nequaquam,
1323 865 1339 886 ο
1359 859 1495 887 sodalium
1512 860 1689 894 amicissime.
1704 860 1798 896 Neque

162 903 309 936 ἐγκαλεῖν,
335 902 404 930 ἀλλὰ
443 902 677 938 παραμυθεῖσθαι.
707 902 816 934 Ἔξεστι
847 902 876 928 δὲ
898 902 955 929 ὄντι

161 948 286 984 τοιούτῳ,
299 948 376 982 ἥκειν
391 948 460 981 πρδς
470 949 544 982 ἡμᾶς
557 956 564 963 ·
589 948 703 983 ἀδελφὺν
718 949 846 984 εὑρήσεις
869 946 953 975 οἶκον.

160 994 201 1020 (ιύ
217 991 429 1029 πλουτοῦμεν,ὦ
443 993 530 1028 ’γα6ὲ,
550 994 619 1021 ἀλλὰ
634 995 668 1021 τὰ
682 995 805 1031 παρόντα
816 995 897 1031 ἀρκεῖ
910 995 957 1022 καὶ

162 1041 328 1076 Πυλαιμένει
351 1040 447 1076 κάμοί.
472 1041 503 1068 Et
519 1041 548 1068 δὲ
566 1041 614 1068 καὶ
629 1041 661 1068 σὺ
679 1041 797 1077 παρέσῃ,
812 1041 893 1077 τυχὸν
909 1042 956 1068 καὶ

162 1086 359 1122 τ,λουτήσομεν.
382 1085 447 1112 Ἀπὸ
461 1085 516 1113 τῶν
536 1086 602 1113 ῐσων
617 1085 751 1121 ἀφορμῶν
764 1086 853 1122 ἕτεροι
871 1086 956 1113 πλείω

159 1131 217 1158 τῶν
230 1132 347 1168 μετρίων
359 1131 466 1167 ἔχουσιν
477 1140 484 1146 ·
501 1131 556 1166 ἐγὼ
568 1131 597 1158 δὲ
609 1132 693 1164 κακὸς
705 1133 856 1167 οίκονόμος.
876 1133 956 1159 Ἀλλὰ

158 1178 230 1209 τέως
245 1177 351 1213 ἀντέχει
363 1178 410 1204 καὶ
425 1177 492 1214 πρὸς
503 1177 551 1213 τὴν
563 1177 765 1213 ἀκριϐεστάτην
781 1178 911 1214 ἀμέλειαν
922 1179 956 1206 τὰ

162 1222 289 1258 πατρῷα,
316 1222 334 1249 ἃ
359 1222 391 1258 δὴ
411 1222 523 1249 δύναται
550 1221 657 1257 βόσκειν
680 1223 834 1258 φιλόσοφον.
860 1223 906 1259 Μὴ
923 1224 956 1250 τὰ

160 1269 279 1304 τυχόντα
295 1268 362 1304 ήγοῦ
377 1269 566 1305 προσλαόόντα
578 1269 625 1296 καὶ
638 1269 777 1304 πρόνοιαν.
790 1269 882 1296 Ταῦτα
893 1271 957 1305 περὶ

161 1314 275 1347 τούτων,
292 1314 402 1350 καὶμὴ
422 1314 509 1346 ἄλλως
524 1315 596 1341 ποίει
609 1323 616 1330 ·
643 1316 668 1342 εὶ
685 1316 720 1351 μή
736 1324 762 1341 τι
779 1315 880 1351 μεταξὺ
897 1315 956 1351 βέλ-

161 1369 219 1387 τιον
243 1361 397 1397 πέπρακας,
417 1360 465 1387 καὶ
490 1361 571 1387 πάλιν
595 1360 688 1396 διανοῇ
713 1361 763 1396 τὴν
791 1361 956 1397 Ἡράκλειαν

161 1406 305 1433 ἀνιστάναι
332 1406 472 1442 κειμένην.
501 1406 661 1438 Ἐπιστολὰς
683 1406 714 1433 οὐ
738 1406 866 1442 γέγραφα
887 1408 956 1443 πρὸς

159 1453 209 1486 οὓς
223 1453 316 1486 εἴωθα,
339 1453 383 1481 διὰ
401 1454 447 1480 τὸν
461 1453 558 1489 καιρόν
570 1462 578 1471 ⁵
605 1454 673 1481 ἀλλὰ
696 1454 793 1490 πρώην
808 1455 894 1483 ἅπασι
910 1457 956 1490 γέ-

161 1507 268 1534 γραφα,
282 1499 414 1534 φάκελλον
435 1499 584 1526 ἐπιστολῶν
605 1499 726 1534 Διογένει
740 1500 812 1532 δούς.
834 1501 956 1536 ’Ᾱνεψιός

1007 901 1080 928 enim
1105 902 1246 930 criminari
1272 904 1345 930 illam
1370 905 1478 937 attinet,
1505 906 1553 934 sed
1580 906 1797 934 consolationem

1007 952 1114 980 capere.
1133 945 1209 973 Licet
1224 951 1316 975 autem
1331 948 1468 984 ejusmodi
1490 957 1553 977 cum
1568 951 1617 984 sis,
1634 951 1684 978 tibi
1705 951 1739 978 ad
1755 959 1798 979 me

1007 992 1099 1018 venire
1112 1000 1118 1024 ;
1132 991 1281 1020 fraternam
1299 994 1410 1022 domum
1424 996 1558 1024 invenies.
1572 996 1630 1024 Non
1646 997 1798 1032 locupletes

1007 1045 1115 1071 sumus,
1133 1046 1151 1066 o
1164 1039 1235 1067 bone
1250 1040 1303 1072 vir,
1319 1041 1367 1068 sed
1387 1042 1430 1069 vel
1452 1043 1596 1078 praasentia
1614 1043 1680 1070 mihi
1702 1050 1735 1070 ac
1750 1042 1799 1078 Py-

1007 1083 1112 1111 laemeni
1132 1085 1285 1113 sulficiunt.
1300 1086 1379 1120 Quod
1395 1089 1417 1116 si
1440 1092 1469 1115 tu
1494 1096 1548 1116 una
1569 1096 1676 1116 mecum
1694 1090 1796 1122 aderis,

1007 1128 1126 1157 fortasse
1142 1131 1257 1159 ditiores
1278 1133 1394 1161 erimus.
1418 1133 1460 1161 Ab
1480 1133 1578 1162 iisdem
1596 1135 1635 1162 rei
1654 1135 1798 1163 familiaris

1008 1178 1149 1210 subsidiis.
1173 1179 1220 1206 alii
1240 1187 1325 1214 supra
1348 1180 1503 1208 mediocres
1517 1188 1584 1215 opes
1599 1180 1692 1217 adepti
1710 1185 1796 1210 sunt:

1007 1230 1058 1258 ego
1071 1231 1136 1251 vero
1153 1224 1242 1252 malus
1264 1232 1325 1252 sum
1349 1225 1534 1260 dispensator.
1556 1226 1741 1254 Nihilominus
1757 1231 1799 1253 ιιι-ι

1007 1276 1068 1296 men
1089 1269 1223 1298 hactenus
1244 1271 1286 1298 vel
1306 1276 1401 1299 contra
1424 1273 1571 1300 maximam
1587 1272 1729 1303 incuriam
1750 1281 1798 1308 pa-

1007 1315 1167 1343 trimonium
1187 1316 1281 1350 durat,
1301 1318 1374 1353 quod
1391 1319 1585 1354 philosophum
1606 1320 1679 1347 alere
1701 1321 1798 1355 possit.

1006 1361 1102 1396 Neque
1119 1366 1147 1389 tu
1167 1364 1373 1398 aspernandum
1389 1364 1442 1391 hoc
1459 1365 1614 1397 existimes.
1635 1367 1659 1393 si
1683 1374 1748 1393 cura
1766 1373 1799 1393 ac

1006 1408 1148 1444 diligentia
1169 1410 1328 1437 accesserit.
1357 1410 1414 1438 Hoc
1439 1411 1521 1439 modo
1539 1416 1568 1439 te
1592 1407 1618 1439 i'n
1646 1413 1692 1443 iis,
1708 1419 1799 1446 neque

1007 1455 1086 1481 aliter
1099 1462 1180 1490 gere;
1198 1456 1251 1483 nisi
1268 1455 1333 1491 quid
1354 1456 1426 1484 forte
1444 1457 1552 1484 interim
1573 1458 1671 1485 melius
1690 1457 1799 1486 accide-

1007 1500 1053 1532 rit,
1069 1507 1101 1526 ac
1118 1507 1230 1528 rursum
1246 1501 1385 1536 jacentem
1403 1501 1563 1530 Heracleam
1583 1502 1737 1530 instaurare
1752 1510 1798 1531 co-

160 1546 236 1571 ἐστιν
250 1545 264 1571 6
276 1545 405 1580 Διογένης
419 1545 493 1580 ἐμός.
506 1544 538 1572 Et
556 1545 604 1580 μὲν
615 1543 662 1572 οὖν
675 1545 792 1581 ὲπέτυχέ
805 1554 851 1573 σου
865 1546 953 1582 ζητῶν

1006 1546 1086 1580 gites.
1113 1544 1250 1580 Epistolas
1273 1547 1373 1581 quibus
1404 1547 1481 1575 soleo
1509 1548 1600 1574 millas
1626 1548 1736 1582 scripsi,
1762 1548 1798 1575 ob

161 1591 290 1626 (ἐζήτησε
306 1590 361 1626 γὰρ
371 1587 420 1617 οἷδ’
433 1591 496 1626 ὅτι),
511 1591 558 1618 καὶ
574 1590 606 1626 δὴ
618 1591 664 1618 τὸν
679 1591 812 1626 φάκελλον
828 1592 955 1620 ἐπιδέδω-

161 1646 220 1664 κεν.
235 1636 273 1663 Οὐ
287 1636 342 1672 γὰρ
356 1637 547 1671 ἐπεγέγραπτο
559 1637 626 1673 (71).
649 1637 681 1664 Et
693 1637 722 1664 δὲ
741 1639 790 1674 μὴ,
802 1638 954 1675 ναύκληρον

161 1682 233 1708 αἴτει
250 1681 336 1714 δεῖξαί
350 1690 391 1709 σοι
413 1682 457 1709 τὸν
474 1681 689 1714 νεανίσκονμκαὶ
706 1684 890 1718 κομισάμενος
905 1684 954 1716 τὰς

161 1728 316 1761 ἐπιστολὰς,
332 1728 413 1760 αὐτὸς
426 1728 512 1755 ἅπασι
522 1728 604 1755 δίδου.
620 1728 681 1755 Elui.
695 1729 723 1756 δὲ
739 1729 786 1761 οὓς
799 1730 863 1764 περὶ
876 1730 954 1756 πλεί-

161 1782 227 1800 στου
251 1773 380 1809 ποιοῦμαι
406 1774 472 1809 παρ*
492 1773 560 1809 ἐμοῦ
584 1774 801 1809 προσειρῆσθαι·
829 1775 843 1801 ὁ
863 1775 954 1810 πατὴρ

162 1819 283 1855 Πρόκλος
294 1828 302 1834 ·
315 1819 432 1855 Τρύφων
440 1820 454 1845 ὁ
466 1818 531 1854 παρ’
545 1819 610 1854 ήμῖν
619 1818 704 1854 ἄρξας
713 1827 720 1834 ·
736 1819 896 1854 Σιμπλίκιος
908 1821 955 1847 καὶ

162 1866 244 1901 ἀνὴρ,
260 1865 307 1892 καὶ
327 1866 418 1902 ἄρχων
435 1864 546 1899 ἀγαθὸς.
565 1865 612 1891 καὶ
636 1865 712 1899 φίλος
732 1865 807 1900 ἐμός.
830 1866 954 1898 Ἑπιδοὺς

161 1910 299 1946 αὐτῷτὴν
316 1909 471 1946 επιστολὴν,
489 1911 517 1937 ὲν
538 1907 560 1944 ᾧ
582 1910 699 1946 πάρεστι
723 1910 829 1946 χρόνῳ,
853 1911 952 1947 χρῆσαι

162 1956 265 1992 τάνδρί.
287 1955 376 1983 Καλὸν
390 1955 446 1991 γὰρ
460 1955 507 1982 καὶ
524 1955 688 1991 συσχολάσαι
705 1955 858 1992 στρατιώτῃ
875 1965 955 1992 ποιη-

161 2002 240 2037 τεκῷ.
255 2002 405 2038 Στρουθοίις
420 2001 540 2036 μεγάλας
552 2001 606 2028 ἀπὸ
619 2001 673 2027 τῶν
688 2002 716 2028 έν
732 2002 828 2038 εἰρήνῃ
841 2010 954 2038 κυνηγε-

164 2048 229 2074 σίων
245 2048 364 2083 είχομεν.
387 2047 456 2074 Ἀλλ’
477 2047 527 2074 οὐκ
547 2044 582 2082 ἦν
599 2047 684 2078 αὐτὰς
697 2047 818 2074 στέλλειν
841 2048 888 2074 ἐπὶ
903 2048 953 2075 θά-

162 2095 272 2124 λατταν,
295 2093 340 2120 διὰ
354 2093 409 2120 τῶν
424 2093 513 2120 ὃπλων
531 2093 585 2120 τῶν
600 2093 748 2128 πολεμίων.
766 2094 827 2121 οὐδὲ
840 2095 908 2122 ἄλλο
925 2103 953 2122 τι

161 2140 215 2166 τῶν
230 2139 304 2175 παρὰ
315 2139 363 2171 τὰς
375 2139 460 2171 ἀκτὰς
471 2138 556 2165 ὄντων
569 2138 632 2173 ὲξῆν
643 2139 759 2166 ἐνθεῖναι
771 2141 827 2171 τοῖς
837 2141 953 2173 πλοίοις.

1008 1590 1138 1624 temporis
1154 1589 1361 1624 difficultatem;
1379 1592 1427 1619 sed
1442 1599 1529 1627 nuper
1545 1592 1673 1620 omnibus
1687 1592 1798 1628 scripsi.

1006 1643 1039 1663 ac
1066 1636 1218 1663 litterarum
1243 1637 1406 1664 fasciculum
1437 1637 1551 1673 Diogeni
1579 1639 1717 1666 commisi.
1747 1638 1798 1667 Pa-

1007 1681 1103 1708 truelis
1120 1689 1197 1709 meus
1214 1681 1349 1717 Diogenes
1373 1683 1425 1711 iste
1448 1687 1500 1716 est,
1518 1685 1566 1719 qui
1582 1684 1605 1712 si
1628 1689 1654 1712 te
1672 1692 1799 1720 quaerens

1006 1727 1141 1754 invenerit
1155 1729 1220 1761 (non
1244 1729 1317 1756 enim
1331 1729 1410 1764 271
1428 1730 1524 1757 dubito
1539 1731 1605 1765 quin
1634 1731 1796 1766 quaesierit),

1006 1773 1088 1799 simul
1106 1777 1134 1800 et
1155 1773 1316 1802 fasciculum
1344 1775 1429 1803 dedit.
1444 1775 1504 1804 Non
1517 1777 1590 1804 enim
1614 1782 1674 1804 erat
1696 1777 1798 1805 inscri-

1007 1823 1080 1852 plus.
1104 1818 1152 1845 Sin
1183 1819 1286 1851 minus,
1306 1820 1466 1848 nauclerum
1491 1828 1568 1856 roga,
1581 1825 1611 1848 ut
1629 1821 1678 1848 tibi
1705 1821 1798 1850 adole-

1006 1868 1125 1892 scentem
1143 1864 1244 1892 indicet
1257 1874 1264 1892 :
1278 1873 1397 1901 cumque
1413 1867 1448 1894 ab
1470 1874 1503 1894 eo
1524 1867 1628 1895 litteras
1644 1868 1794 1903 acceperis.

1005 1912 1064 1945 ipse
1085 1911 1213 1938 oumibus
1240 1911 1338 1940 reddas
1366 1912 1457 1939 velim.
1483 1912 1613 1940 Nonnulli
1632 1918 1707 1946 sunt,
1727 1921 1797 1949 quos

1005 1963 1066 1984 meo
1082 1957 1193 1986 nomine
1203 1958 1364 1993 compellari
1379 1965 1554 1993 summopere
1570 1959 1678 1994 cupiam
1695 1969 1702 1988 :
1716 1957 1803 1995 patel’
1829 1954 1832 1955 ν

1004 2001 1140 2036 Proclus;
1159 2002 1280 2039 Trypho,
1297 2004 1344 2039 qui
1366 2003 1515 2039 provinciae
1539 2008 1642 2032 nostrae
1661 2005 1795 2039 praefuit;

1005 2048 1167 2084 Simplicius
1182 2058 1237 2077 non
1255 2050 1348 2078 minus
1364 2051 1417 2083 vir,
1431 2057 1514 2085 quam
1531 2050 1708 2085 magistratus
1722 2051 1795 2086 opti-

1003 2102 1076 2127 mus,
1093 2099 1120 2123 et
1135 2095 1242 2123 amicus
1255 2103 1332 2124 meus
1349 2105 1356 2123 :
1373 2096 1418 2123 cui
1432 2100 1577 2131 postquam
1595 2096 1700 2123 litteras
1715 2096 1796 2123 obtu—

1004 2141 1081 2176 leris,
1113 2141 1234 2177 quandiu
1267 2142 1414 2177 praesentis
1432 2142 1540 2177 copiam
1559 2142 1656 2173 habes,
1684 2142 1795 2170 homine

162 2186 240 2218 Οἴνος
254 2185 301 2213 οὖν
319 2186 399 2221 μόνος
417 2186 474 2213 ἐστὶ
489 2185 519 2213 τὸ
541 2186 660 2221 φορτίον.
691 2186 796 2213 Ἐλαίου
819 2187 848 2214 δὲ
864 2188 894 2214 οὺ
911 2188 949 2223 μὰ

1006 2192 1093 2215 utere.
1124 2187 1291 2216 Praeclarum
1321 2188 1394 2216 enim
1425 2192 1467 2216 est
1499 2196 1562 2216 cum
1580 2188 1667 2216 milite
1688 2188 1793 2216 versari

162 2232 211 2267 τὴν
226 2220 325 2266 τιμίαν
334 2240 381 2257 σου
395 2230 527 2266 κεφαλὴν,
539 2220 599 2258 οὐδὲ
611 2230 710 2261 κύαθον
725 2231 865 2267 ἀγώγιμον
877 2220 953 2268 ἔχου-

1006 2234 1120 2268 poeticze
1142 2232 1279 2262 studioso.
1308 2233 1556 2262 Struthiocamelos
1576 2241 1692 2269 magnos
1709 2234 1794 2261 hahe-

163 2286 205 2305 σιν
218 2286 225 2294 ’
241 2277 338 2304 οὔκουν
348 2277 398 2304 ὅσα
410 2285 442 2311 γε
457 2277 504 2303 καὶ
518 2276 567 2312 ἐμὲ
582 2277 692 2304 ειδέναι.
708 2277 810 2305 Τοσάδε
820 2276 868 2305 οὖν
879 2279 951 2306 οίνου

163 2324 255 2357 εἱστία
268 2324 345 2351 λάῆε.
354 2323 434 2360 Λήψῃ
444 2323 482 2355 δὲ,
498 2323 607 2355 ἐπιδοὺς
620 2323 651 2349 τὸ
665 2324 734 2358 πρὸς
752 2324 861 2352 Ἰούλιον
872 2325 953 2360 πρόσ-

160 2379 265 2406 ταγμα.
289 2370 454 2404 Πρόσκειται
471 2368 500 2395 δὲ
521 2370 555 2403 τῇ
575 2369 714 2405 ἐπιστολῇ,
730 2370 778 2396 τοῦ
795 2370 833 2407 μὴ
857 2371 951 2398 διαπε-

164 2417 219 2443 σεῖν
232 2416 325 2443 ἓνεκα.
341 2414 396 2441 Καὶ
417 2413 456 2449 τῷ
474 2414 560 2449 πατρὶ
577 2414 691 2450 Πρόκλῳ
705 2416 880 2451 γεγράφηκα,
903 2417 951 2444 καὶ

162 2461 248 2489 ταῦτα
262 2461 404 2494 πέπομφα.
421 2459 546 2492 Δεξάσθω
569 2459 617 2486 καὶ
638 2459 688 2494 τὴν
712 2460 854 2496 ἐπιστολὴν
873 2462 949 2498 παρὰ

164 2508 221 2540 σοῦ,
236 2507 283 2534 καὶ
298 2507 344 2534 τὸν
364 2505 435 2534 οἶνον
451 2506 527 2541 παρὰ
551 2506 597 2532 τοῦ
624 2507 745 2536 Ἰουλίου.
768 2508 897 2544 Τρύφωνι
910 2511 949 2546 τῷ

163 2554 255 2590 χρυσῷ
274 2553 323 2589 (δεῖ
335 2553 388 2589 γάρ
401 2561 427 2580 τι
443 2553 490 2580 καὶ
513 2553 542 2578 ἐν
555 2552 660 2584 τούτοις
673 2552 776 2588 ψυχρὸν
798 2555 886 2583 εἰπεῖν
902 2557 949 2583 καὶ

162 2600 324 2636 Γνιργιαῖον),
339 2599 465 2634 Τρύφωνι
478 2598 513 2625 τὰ
526 2598 600 2634 δῶρα
614 2600 871 2636 παρεσκευάσαμεν,
883 2603 950 2629 ὀπὸν

163 2646 268 2680 σιλφίου
282 2645 375 2672 πολύν.
396 2645 497 2671 Βάττου
514 2644 569 2680 γὰρ
581 2644 689 2677 ἀκούεις
702 2647 767 2673 αὐτὸ
780 2647 866 2683 δήπου
879 2656 886 2663 ⁶
902 2650 949 2676 καὶ

162 2692 260 2728 κρόκον
285 2691 405 2727 ἄριστον.
436 2690 549 2725 ’Δγαθδν
571 2690 626 2726 γὰρ
648 2691 669 2726 ἤ
690 2691 803 2728 Κυρήινη
826 2694 881 2730 (72)
904 2696 950 2723 καὶ

1002 2279 1100 2308 bamus
1114 2287 1148 2308 ex
1160 2281 1365 2313 venationibus,
1385 2289 1454 2317 quas
1472 2285 1596 2317 tempore
1622 2281 1699 2315 pacis
1714 2288 1794 2308 exer-

1003 2326 1121 2359 cuimus.
1148 2325 1250 2354 Verum
1275 2326 1384 2354 mittere
1398 2334 1447 2354 eos
1462 2326 1496 2354 ad
1511 2333 1587 2354 mare
1617 2333 1666 2361 per
1693 2324 1794 2353 infesta

1005 2373 1125 2400 hostium
1151 2379 1228 2400 arma
1252 2380 1307 2400 non
1334 2372 1487 2408 potuimus,
1510 2376 1599 2407 neque
1621 2371 1697 2399 aliud
1712 2372 1793 2405 quid-

1003 2426 1086 2454 quam
1098 2425 1207 2450 eorum,
1222 2425 1283 2453 quae
1297 2417 1327 2445 in
1341 2417 1434 2445 littore
1449 2421 1541 2451 erant,
1562 2417 1681 2452 navigiis
1705 2417 1794 2451 impo-

1004 2473 1070 2493 nere
1089 2464 1178 2493 licuit.
1193 2463 1264 2492 Viuo
1279 2464 1363 2500 igitur
1380 2463 1516 2491 duntaxat
1531 2464 1718 2491 oneravimus.
1732 2464 1791 2491 Olci

1003 2519 1078 2544 vero,
1093 2519 1141 2546 per
1167 2511 1361 2539 charissimum
1387 2514 1470 2546 caput
1492 2514 1581 2542 tuum,
1610 2517 1644 2538 ne
1662 2511 1791 2545 cyathum

1003 2558 1113 2593 quidem
1131 2558 1326 2593 importarunt,
1344 2561 1477 2591 quantum
1492 2557 1563 2584 scire
1579 2557 1726 2591 potuerim.
1737 2557 1792 2584 Ac-

1003 2606 1064 2639 (ἦρε
1080 2605 1165 2639 igitur
1179 2604 1236 2631 vini
1260 2603 1374 2631 totidem
1399 2603 1547 2631 sextarios.
1569 2603 1696 2638 Accipies
1712 2611 1790 2635 vero,

1004 2653 1150 2685 postquam
1166 2648 1338 2680 mandatum,
1349 2648 1421 2684 quod
1434 2648 1466 2675 ad
1478 2647 1581 2676 Julium
1597 2649 1728 2684 scriptum
1737 2654 1789 2682 est,

1003 2695 1112 2723 dederis
1125 2703 1131 2722 :
1146 2693 1220 2729 quod
1235 2693 1358 2729 epistola:
1372 2693 1532 2728 adiunctum
1546 2697 1599 2732 est,
1612 2701 1647 2721 ne
1663 2693 1791 2722 excidere

778 2749 868 2778 DION.
889 2751 1024 2781 PETAVII
1039 2751 1156 2781 NOTAE.

197 2807 252 2847 (il)
266 2806 433 2847 ιιέκχχνιι]
447 2807 492 2847 qi:
505 2806 560 2847 γᾴρ
571 2806 782 2847 ρπεηέγραίπτο.
793 2808 859 2847 ΙηιοΔ
872 2811 946 2847 quod

1005 2812 1066 2838 κὺτὸ
1078 2811 1165 2846 δήπου
1178 2810 1225 2847 καὶ
1239 2810 1339 2847 κρόκον
1355 2809 1476 2846 ἄριστον,
1486 2813 1540 2836 etc.
1552 2808 1714 2847 Quanquam
1728 2813 1789 2844 post

162 2843 200 2869 IIII
211 2841 372 2880 inscriptus
381 2841 453 2870 esset
466 2841 624 2880 fasciculus.
640 2841 701 2880 πρε.
718 2843 808 2880 itaque
825 2845 865 2871 σοι
879 2841 944 2880 γάρ.

198 2878 254 2910 (Η)
276 2875 396 2912 Ἀγαθὸν
406 2879 461 2911 γὰρ
473 2875 635 2912 ἡγΚυρήνη.
651 2875 841 2912 Sipplevimus
850 2875 890 2907 ex.
899 2875 938 2907 ve-

163 2914 216 2940 teri
244 2920 326 2941 voces
358 2912 472 2948 aliquot.
494 2911 629 2939 Nimirum
651 2911 754 2940 Βάττου
770 2913 825 2950 γὰρ
839 2915 948 2947 ἀκούεις

998 2847 1084 2881 δήπου
1105 2845 1211 2883 vocula
1226 2845 1357 2883 quzedam
1374 2845 1444 2883 erat,
1460 2845 1651 2883 quamlegere
1676 2852 1789 2883 prorsus

999 2878 1053 2908 nou
1073 2882 1158 2916 potui.
1177 2880 1225 2916 Sic
1235 2878 1327 2916 autem
1341 2879 1447 2914 depicta
1464 2878 1571 2913 fuita‘o‘.
1587 2878 1719 2916 Caeterum
1735 2878 1787 2916 ali-

1002 2912 1147 2951 quid‘aute
1160 2915 1262 2951 ἀγαθὸν
1276 2915 1329 2951 γὰρ
1343 2916 1359 2951 ή
1373 2912 1456 2952 Κυρ.,
1465 2912 1532 2949 etc,
1542 2918 1640 2950 preter
1654 2913 1720 2940 ὀπὸν
1736 2912 1789 2939 σιλ-
