1990 3060
241 200 311 228 i523
769 197 902 227 SYNESII
926 197 1033 226 PTOLE

1086 197 1160 225 .IDIS
1180 196 1334 226 EPISCOPI
1815 198 1891 226 ιδλι

242 262 344 293 posset.
362 256 465 290 Scripsi
497 261 525 285 et
547 258 619 293 patri
639 257 754 290 Proclo,
781 258 932 293 eademque
954 257 1026 285 misi.

1086 257 1172 284 τοῦτον
1197 257 1333 292 ἐκτρέφει.
1353 256 1390 282 Οὐ
1409 257 1463 292 μὴν
1483 257 1621 291 ἐξεγένετο
1637 257 1773 293 πέμπειν,
1797 257 1832 284 τό
1854 265 1889 291 τε

240 304 366 338 Accipiat
378 311 392 330 a
406 308 433 331 te
447 305 563 336 litteras,
573 305 724 339 vinumque
741 305 776 332 ab
788 303 871 331 Julio.
888 303 1033 339 Tryphoni

1086 302 1130 329 νῦν
1142 303 1213 338 ἔχον.
1237 302 1305 329 Ἀλλ’
1321 302 1497 338 ὲκπὲμψομεν
1512 303 1545 330 ἂν
1556 305 1594 335 εἰς
1607 304 1705 340 ἑτέραν
1719 303 1804 335 ναῦν,
1819 303 1889 330 ὅταν

241 357 326 377 aureo
342 350 474 384 (oportet
488 352 561 377 enim
576 351 603 378 in
614 351 648 379 iis
665 350 794 386 frigidum
810 350 914 385 aliquid
925 355 952 377 et
964 349 1031 377 Gor-

1086 350 1130 376 καὶ
1146 351 1210 384 ὑμῖν
1227 349 1286 384 μετ’
1301 349 1382 376 αὑτοῦ
1401 350 1451 386 μὲν
1464 351 1514 383 τὰς
1530 351 1688 386 στρουθοὺς,
1716 351 1888 386 καταμόνας

241 396 292 431 giae
306 395 396 423 simile
413 396 536 432 dicere),
550 395 701 432 Tryphoni,
714 397 839 432 inquam.
855 396 927 423 dona
952 403 1033 429 para-

1086 397 1111 423 δὲ
1127 396 1262 423 τοῦλαιον.

243 440 341 473 vimus,
361 441 459 469 laseris
473 449 600 478 magnam
613 443 731 477 copiam.
745 441 802 469 Hoc
815 442 887 469 enim
904 441 937 468 de
951 441 1028 468 Batto
1047 442 1156 470 scilicet
1176 443 1308 478 accepisti
1333 453 1340 471 :
1362 444 1394 471 ad
1410 443 1469 471 hac
1492 451 1604 472 crocum
1627 444 1774 480 optimum.
1812 443 1884 470 Nam

241 489 265 512 et
288 486 340 513 hoc
355 487 470 522 probum
488 487 604 523 Cyrenis
621 489 756 524 provenit.
773 488 830 516 Hoc
849 492 942 516 tamen
961 488 1070 515 mittere
1104 489 1132 515 in
1158 489 1302 524 praesentia
1319 497 1374 516 non
1391 490 1466 524 potui
1481 498 1487 515 :
1508 491 1566 518 sed‘
1584 491 1611 518 in
1634 491 1750 518 alteram
1782 495 1884 526 postea

242 538 340 560 navem
367 533 538 568 imponetur,
570 539 627 563 tum
653 543 717 563 cum
745 535 780 563 ad
804 543 854 564 vos
881 536 1021 563 mittemus
1054 544 1116 563 cum
1141 536 1188 564 illo
1211 537 1322 572 quidem
1348 537 1603 571 struthiocamelos,
1631 539 1760 574 privatim
1785 542 1883 565 autem

241 580 343 608 oleum.

476 625 646 654 EPISTOLA
664 626 808 655 CXXXIV.

591 672 693 699 Fratri.

278 717 434 746 Ptnmenius
448 719 501 752 hic,
518 727 533 746 a
554 727 610 754 quo
624 719 676 747 bas
696 719 804 747 litteras
821 719 950 754 accipies,
967 719 1036 746 mis-

244 771 292 792 sus
307 769 349 792 est
366 765 400 792 ad
417 773 468 792 nos
482 765 517 792 ab
530 765 710 795 Artabazaco.
727 765 774 800 qui
791 766 872 800 paulo
885 769 948 792 ante
963 765 1037 800 prin-

244 810 364 845 eipatum
381 811 478 843 tenuit,
496 811 629 839 bonorum
649 811 772 839 omnium
790 816 912 842 curator.
929 819 990 846 qua:
1006 811 1033 838 in

244 856 287 883 his
303 856 370 884 locis
385 857 546 892 possideret.
576 856 629 884 Sed
656 857 683 884 in
706 865 740 885 eo
768 865 882 885 munere
906 857 1034 885 obeundo

245 901 443 935 perhumanum
471 909 501 929 se
523 909 555 928 ac
581 901 687 929 facilem
719 903 844 936 praebuit.
871 901 1033 937 Quanquam

243 947 305 980 quis
320 947 390 975 alius
405 947 442 974 ita
459 948 606 975 occasione
626 948 676 976 hac
692 948 837 976 uteretur?
853 948 887 975 At
901 948 1034 975 Poemenii

1342 626 1516 653 ΕΠΙΣΤΟΛΗ
1535 626 1617 654 PAA'.

1389 671 1432 704 Τῷ
1442 671 1574 706 ἀδελφῷ.

1122 716 1265 751 Ποιμένιος
1278 714 1354 749 οὗτος
1370 717 1385 743 ὸ
1398 717 1448 753 τὴν
1462 719 1606 754 ἐπιστολήν
1622 727 1663 745 σοι
1677 719 1765 750 διδοὺς
1777 720 1884 755 ἐστάλη

1087 761 1155 796 πρὸς
1167 763 1242 797 ἡμᾶς
1265 763 1317 790 ὑπὸ
1332 763 1380 790 τοῦ
1399 763 1490 800 μικρῷ
1504 764 1636 800 πρότερον
1649 764 1885 797 δυναστεύσαντος

1093 807 1307 842 Ἀρτασιιζάκου¹
1325 809 1371 836 ἐπὶ
1385 811 1445 841 ταῖς
1458 809 1563 841 οὐσίαις
1575 810 1707 842 ἁπάσαις,
1721 807 1761 837 ὧν
1779 811 1810 837 ὲν
1825 813 1884 843 τοῖς

1086 853 1149 887 τῇδε
1178 853 1272 886 τόποις
1302 855 1422 889 ἐγεγόνει
1455 855 1558 891 κύριος.
1590 855 1659 882 Ἀλλ’
1692 858 1722 883 ὲν
1750 857 1884 883 ὑποθέσει

1085 898 1198 935 τοιαύτῃ
1212 900 1298 934 πρᾷον
1314 900 1410 927 ἑαυτὸν
1424 901 1545 937 παρέσχε
1558 901 1605 928 καὶ
1617 902 1816 938 μετριώτατον.
1828 903 1884 928 Καί

1086 951 1126 970 τοι
1141 945 1182 976 τίς
1194 944 1286 978 ἕτερος
1301 945 1387 978 οὕτως
1402 947 1536 982 ἐχρήσατο
1549 946 1588 983 τῷ
1604 947 1710 983 καιρῷς
1731 948 1882 983 Ποιμενέυυ

243 996 364 1027 potestas
387 993 487 1021 nemini
511 993 627 1029 Libyum
655 994 746 1029 gravis
771 998 798 1020 et
824 1001 940 1021 onerosa
970 992 1031 1020 fuit.

1086 988 1112 1014 δὲ
1124 989 1212 1022 οὐδεὶς
1222 990 1330 1018 Λιϐύων
1347 991 1396 1026 τὴν
1411 992 1471 1019 τότε
1494 991 1608 1028 δύναμιν
1622 993 1781 1028 ἐϐαρύνετο.
1800 993 1884 1026 Μέγα

243 1038 330 1074 Cujus
343 1039 380 1066 rei
396 1047 449 1066 non
472 1039 530 1067 leve
545 1039 597 1066 hoc
610 1043 800 1074 argumentum
819 1043 872 1069 est.
888 1039 960 1074 quod
975 1047 1035 1067 ma-

243 1092 296 1118 gno
321 1084 464 1111 civitatum
492 1083 615 1111 omnium
648 1091 767 1112 marore
793 1083 918 1111 discedit.
945 1085 980 1110 At
1004 1088 1034 1111 tu

243 1129 382 1156 hominem
397 1129 495 1162 amice,
517 1133 598 1164 atque
615 1129 653 1157 uti
677 1137 726 1164 par
747 1133 807 1161 est,
824 1129 968 1165 probitatis
985 1137 1035 1157 no-

243 1175 316 1204 mine
331 1175 498 1204 collaudato.

420 1221 502 1257 ’72
531 1221 700 1249 EPISTOLA
721 1220 855 1249 CXXXV.

585 1267 689 1294 Eidem.

276 1312 407 1340 Fructum
431 1320 464 1341 ex
487 1312 603 1341 Athenis
625 1317 870 1348 quantumcunque
893 1313 970 1347 velis,
989 1320 1035 1340 ca-

243 1360 314 1394 piam
331 1368 338 1386 :
351 1359 419 1386 adeo
439 1358 506 1386 mihi
521 1359 615 1386 videor
626 1349 716 1393 palnio
731 1366 786 1386 uno
800 1365 833 1385 ac
846 1358 931 1393 digito
947 1358 1035 1386 factus

242 1405 358 1433 doctior.
375 1404 450 1432 Licet
465 1409 556 1432 autent
574 1404 693 1431 subinde
718 1404 766 1431 tibi
781 1404 880 1431 divina:
898 1404 971 1431 illius
988 1412 1033 1431 sa—

245 1451 352 1486 pientize
378 1451 528 1486 periculum
552 1450 652 1478 facere.
680 1449 750 1477 Ecce
771 1450 844 1477 enim
869 1458 901 1477 ex
927 1451 1034 1485 Anagy-

244 1499 323 1524 runte
339 1496 371 1523 ad
383 1500 409 1523 te
425 1496 526 1529 scribo,
539 1499 566 1524 et
581 1495 724 1530 Sphettum
737 1495 803 1527 obii,
816 1500 896 1530 atque
907 1495 1032 1528 Thrium,

243 1546 270 1568 et
290 1541 455 1576 Cephesum,
481 1549 514 1569 ac
537 1541 694 1568 Pbalerum.
722 1540 757 1568 Ut
776 1541 821 1568 ille
846 1541 917 1568 male
942 1545 1034 1576 pereat

244 1585 337 1612 infelix
353 1585 511 1616 nauclerus.
528 1585 575 1619 qui
591 1592 634 1612 me
655 1584 709 1612 huc
732 1583 858 1611 advexit:
879 1584 946 1610 nihil
960 1585 1033 1611 enim

242 1630 296 1665 jam
314 1629 425 1657 Athena:
435 1629 608 1664 splendidum
622 1629 732 1660 habent,
744 1632 841 1664 praeter
857 1629 1033 1657 celeberrima

244 1661 366 1703 locorum
396 1661 516 1702 nomina.
540 1676 580 1702 Ac
604 1674 678 1702 velut
704 1661 852 1702 ex-hostéa
872 1679 1033 1709 consumpta
1048 1661 1070 1691 θ

243 1722 302 1749 sola
318 1721 396 1756 pellis
410 1725 547 1756 superest,
563 1720 701 1753 animalis.
714 1721 786 1756 quod
803 1720 870 1747 olim
889 1720 1035 1756 aliquando

245 1768 344 1800 fuerat,
367 1767 498 1795 indicium
518 1776 525 1794 :
545 1766 587 1794 sic
608 1766 672 1794 inde
695 1767 827 1794 translata
849 1766 1034 1801 philosophia,

244 1817 330 1841 restat
342 1817 372 1840 ut
384 1812 537 1841 oberrando
549 1811 723 1839 Academiam
737 1819 769 1839 ac
781 1811 899 1847 Lyceum
911 1811 1034 1839 mireris:

244 1863 326 1893 atque
349 1858 429 1886 etiam
454 1857 557 1884 variam
579 1857 654 1883 illam
679 1857 824 1891 porticum,
841 1864 857 1883 a
879 1863 932 1892 qua
949 1856 1035 1892 Chry-

245 1904 313 1939 sippi
340 1908 414 1931 secta
437 1910 537 1930 nomen
562 1902 685 1939 accepit;
707 1909 768 1937 quae
793 1901 903 1936 quidem
924 1901 1036 1930 minime

245 1958 318 1978 nunc
334 1950 408 1976 varia
421 1954 472 1977 est.
488 1948 556 1975 Nam
571 1948 719 1984 proconsul
733 1949 853 1976 tabulata
868 1948 990 1982 sustulit,
1007 1948 1035 1975 in

244 2003 305 2030 quis
321 1999 407 2021 artem
427 2002 534 2022 omnem
555 2002 632 2021 suam
649 1993 814 2030 Polygnotus
831 1993 948 2021 Thasius
969 2000 1036 2020 con-

245 2041 354 2068 tulerat.
366 2039 444 2066 Nunc
459 2040 550 2074 itaque
565 2043 659 2066 nostra
675 2043 755 2066 aetate
767 2039 815 2066 alit
829 2038 964 2074 Egyptus
975 2047 1036 2074 qua:

244 2086 279 2114 ab
291 2085 403 2121 llypatia
416 2085 554 2119 sapientiae
570 2085 674 2112 semina
689 2085 828 2120 suscepit;
843 2085 955 2112 Athena:
971 2093 1035 2112 vero

244 2131 380 2166 quondam
398 2131 494 2158 civitas
510 2131 569 2163 l'uit,
589 2130 742 2165 sapientum
756 2130 922 2157 domicilium
939 2139 944 2157 :
963 2137 1036 2157 nunc

244 2185 303 2205 eam
322 2177 476 2204 mellalores
490 2177 638 2203 celebrant.
655 2175 760 2209 Quibus
777 2183 825 2210 par
842 2176 908 2203 illud
926 2176 1034 2211 sapien-

245 2227 301 2249 tum
332 2221 556 2249 Plutarcheorum
584 2221 698 2256 adjice;
731 2222 777 2256 qui
797 2229 852 2249 non
880 2222 1034 2249 orationum

245 2275 355 2295 suarum
373 2266 443 2294 fama
463 2267 578 2302 juvenes
597 2268 623 2294 in
641 2267 757 2295 theatris
773 2272 939 2302 congregant
951 2286 958 2299 ,
986 2267 1034 2295 sed

245 2312 333 2340 mellis
345 2319 378 2340 ex
394 2311 518 2348 Hymetto
535 2312 684 2347 amphoris.

1088 1036 1237 1070 τεκμήριον
1249 1044 1255 1050 ·
1268 1036 1349 1063 λυπεῖ
1355 1036 1405 1069 τὰς
1415 1037 1508 1069 πόλεις
1515 1038 1674 1074 ἀναχωρῶν.
1686 1039 1722 1065 Σὺ
1733 1038 1762 1065 δέ
1775 1047 1823 1073 μοι
1835 1038 1883 1064 τὸν

1087 1081 1171 1116 ἄνδρα
1187 1081 1292 1115 φιλίως,
1310 1083 1357 1109 καὶ
1373 1082 1466 1119 ὥσπερ
1481 1083 1564 1117 εἰκὸς,
1577 1084 1720 1111 ἐπαίνεσον
1733 1085 1782 1110 ἐπὶ
1800 1084 1883 1111 καλο-

1088 1127 1176 1161 καγαθ
1181 1127 1218 1163 ίᾳ.

1344 1217 1516 1244 ΕΠΙΣΤΟΔΗ
1536 1218 1620 1244 ΡΛΕ’.

1414 1261 1456 1295 Τῷ
1467 1262 1558 1295 αὐτῷ.

1137 1308 1260 1344 Οναίμην
1272 1308 1328 1335 τῶν
1347 1308 1468 1343 Ἀθηνῶν
1483 1309 1551 1344 (75),
1573 1308 1660 1336 ὁπόσα
1679 1308 1770 1344 βούλει
1782 1317 1789 1324 ·
1808 1310 1882 1336 ὦσσκ

1088 1362 1134 1389 μοι
1146 1352 1217 1379 δοκῶ
1230 1353 1307 1380 πλεῖν
1329 1353 1346 1388 ἢ
1368 1353 1515 1389 παλαιστῇ,
1533 1354 1580 1381 καὶ
1595 1354 1720 1389 δακτύλῳ
1736 1355 1881 1389 γεγονέναι

1088 1398 1250 1434 σοφώτερος.
1269 1399 1378 1432 Ἔξεστι
1392 1399 1420 1425 δὲ
1433 1399 1481 1426 καὶ
1503 1400 1614 1426 αὐτόθεν
1627 1400 1676 1434 τῆς
1693 1400 1768 1432 θείας
1782 1401 1880 1435 σοφίας

1087 1446 1184 1480 πεῖράν
1195 1446 1236 1472 σοί
1251 1454 1312 1473 τινα
1327 1447 1487 1481 παρασχεῖν.
1505 1445 1611 1480 Ἀμέλει
1626 1446 1679 1482 γάρ
1697 1447 1880 1482 Ἀναγυρουν-

1086 1492 1163 1519 τουέν
1180 1500 1221 1518 σοι
1232 1493 1331 1528 γράφω
1344 1500 1350 1506 ·
1370 1492 1417 1518 καὶ
1431 1493 1548 1527 Σφηττοῖ
1561 1492 1670 1526 γέγονα,
1689 1493 1735 1520 καὶ
1759 1493 1877 1528 Θριῶζε,

1088 1538 1135 1564 καί
1159 1538 1321 1573 Κηφισιάσι,
1343 1537 1392 1564 καὶ
1413 1537 1541 1573 Φαληροῖ,
1570 1538 1625 1564 Καὶ
1649 1538 1734 1569 κακὸς
1752 1538 1846 1569 κακῶς
1863 1537 1877 1563 ἐ

1086 1583 1165 1618 δεῦρό
1193 1592 1227 1618 με
1248 1584 1366 1618 κομίσας
1387 1583 1514 1610 ἀπόλοιτο
1541 1583 1714 1618 ναύκληρος·
1736 1583 1775 1615 ὡς
1800 1583 1879 1610 οὐδὲν

1087 1628 1192 1664 ἔχουσιν
1207 1630 1235 1656 αἱ
1250 1628 1298 1656 νῦν
1320 1628 1428 1664 Ἀθῆναι
1443 1629 1551 1664 σεμνὸν,
1564 1629 1620 1656 ἀλλ’
1633 1629 1650 1665 ἦ
1664 1629 1700 1656 τὰ
1713 1629 1806 1656 κλεινὰ
1823 1629 1879 1656 τῶν

1085 1677 1193 1712 χωρίων
1213 1677 1342 1712 ὀνόματα.
1366 1677 1422 1704 Καὶ
1445 1676 1571 1712 καθάπερ
1595 1676 1694 1712 ἱερείου
1725 1676 1878 1712 διαπεπρα-

1085 1723 1187 1758 γμένου
1201 1723 1232 1750 τὸ
1245 1723 1334 1759 δέρμα
1342 1723 1475 1754 λείπεται,
1492 1723 1638 1758 γνώρισμα
1651 1722 1697 1750 τοῦ
1712 1723 1795 1750 πάλαι
1811 1722 1877 1749 ποτὶ

1086 1768 1156 1801 ζῴου
1169 1777 1176 1784 ’
1200 1768 1286 1801 οὕτως
1307 1769 1411 1796 ἐνθένδε
1431 1768 1590 1804 φιλοσοφίας
1605 1768 1802 1804 ὲξῳκισμένης,
1821 1768 1876 1794 λεί-

1085 1823 1166 1842 πεται
1181 1814 1390 1850 περινοστοῦντα
1410 1813 1563 1850 θαυμάζειν
1581 1815 1632 1850 τὴν
1653 1814 1820 1849 Ἀκαδημίαν
1833 1822 1876 1845 τε,

1087 1860 1133 1886 καὶ
1147 1861 1176 1886 τὺ
1189 1859 1313 1892 Λύκειον,
1330 1860 1378 1887 καὶ
1391 1860 1424 1895 νὴ
1439 1860 1488 1886 Δία
1510 1859 1559 1895 τὴν
1574 1859 1699 1894 ποικίλην
1720 1859 1811 1890 στοὰν,
1826 1859 1877 1894 τὴν

1086 1905 1229 1941 ἐπώνυμον
1253 1907 1303 1941 τῆς
1325 1905 1488 1941 Χρυσίππου
1511 1905 1691 1940 φιλοσοφίας,
1715 1905 1762 1932 νῦν
1785 1905 1875 1932 οὐκέτ’

1086 1950 1169 1978 οὖσαν
1184 1951 1319 1986 ποικίλην.
1338 1952 1368 1978 '0
1382 1952 1436 1987 γὰρ
1451 1951 1604 1983 ἀνθύπατος
1618 1951 1667 1983 τὰς
1680 1951 1788 1982 σανίδας
1798 1952 1875 1985 ἀφεί-

1085 1998 1146 2024 λετο
1241 1997 1361 2033 ὑφείλ.],
1384 1995 1428 2029 αἷς
1447 1997 1611 2031 ἐγκατέθετο
1625 1997 1675 2031 τὴν
1689 1996 1786 2031 τέχνην
1807 1996 1822 2022 ὸ
1844 1997 1875 2022 ὲκ

1086 2044 1174 2070 Θάσου
1198 2043 1384 2078 Πολύγνωτος.
1410 2043 1467 2070 Νῦν
1482 2043 1531 2078 μὲν
1547 2040 1593 2069 οὖν
1608 2043 1636 2069 ὲν
1648 2043 1705 2073 τοῖς
1724 2042 1784 2068 καθ’
1801 2043 1875 2077 ἠμῖς

1086 2090 1191 2126 χρόνοις
1204 2090 1342 2124 Αἴγυπτος
1355 2089 1449 2125 τρέφει
1465 2089 1514 2120 τὰς
1535 2088 1667 2120 Ὑπατίας
1678 2087 1814 2122 δεξαμένη
1828 2096 1875 2121 γο-

1085 2137 1152 2168 νάς·
1181 2136 1209 2162 αἱ
1232 2135 1261 2162 δὲ
1282 2135 1403 2170 Ἀθῆναι,
1425 2134 1510 2161 πάλαι
1539 2133 1588 2169 μὲν
1608 2131 1675 2169 ἦνή
1699 2133 1776 2164 πόλις
1798 2133 1876 2159 ἑστία

1086 2181 1185 2216 σοφῶν.
1203 2181 1240 2208 Τὸ
1252 2180 1281 2207 δὲ
1294 2180 1341 2207 νῦν
1357 2180 1428 2216 ἕχον,
1447 2179 1623 2214 σεμνύνουσιν
1641 2179 1726 2210 αὑτὰς
1737 2179 1762 2205 οἱ
1780 2179 1874 2214 μελιτ-

1085 2227 1206 2262 τουργοί.
1224 2226 1306 2253 Ταῦτ’
1320 2226 1374 2261 ἄρα
1395 2226 1443 2252 καὶ
1465 2226 1483 2260 ἡ
1497 2223 1612 2260 ξυνωρὶς
1629 2224 1683 2251 τῶν
1699 2224 1789 2258 σοφῶν
1810 2224 1873 2260 [γρ.

1086 2273 1220 2307 σοφιστῶν
1235 2272 1245 2308 ]
1272 2271 1488 2307 Πλουταρχείων,
1513 2271 1611 2302 οἵτινες
1628 2270 1660 2297 οὐ
1675 2272 1707 2306 τῇ
1726 2271 1804 2306 φήμῃ
1821 2270 1874 2297 τῶν

1050 2328 1072 2356 ι)
1086 2319 1172 2353 λόγων
1186 2318 1341 2354 ἀγείρουσιν
1363 2318 1392 2344 ὲν
1410 2318 1465 2349 τοῖς
1481 2316 1606 2352 Θεάτροις
1623 2316 1687 2348 τοὺς
1700 2316 1789 2350 νέους,
1806 2316 1872 2342 ἀλλὰ

1084 2366 1140 2397 τοῖς
1156 2365 1185 2398 eg
1204 2363 1343 2399 Ὑμηττοῦ
1359 2363 1510 2398 σταμνίοις.

876 2441 965 2471 DION.
986 2441 1122 2469 PETAVII
1140 2440 1256 2469 ΝΟΤΛΕ.

245 2501 307 2536 φίου
322 2500 472 2536 desiderari
487 2508 518 2528 ex
535 2508 567 2528 eo
591 2501 782 2533 convincitur.
798 2501 871 2536 quod
885 2501 918 2529 de
932 2501 1032 2536 silphio

246 2535 359 2577 necesse
368 2543 422 2563 non
440 2535 524 2577 fuerit
533 2537 656 2571 proloqui
673 2535 827 2577 Synesium,
843 2537 932 2577 ipsum
949 2535 1031 2563 etiam

245 2571 359 2611 Cyrenis
386 2579 440 2611 non
459 2572 573 2611 _malum
588 2571 732 2611 provenire
749 2580 755 2597 :
773 2579 835 2598 cum
857 2571 957 2598 ibidem
974 2579 1031 2611 om:

245 2605 321 2632 nium
337 2606 408 2632 haud
420 2605 502 2632 dubie
519 2606 775 2640 prazslantissimum
793 2610 960 2634 nasceretur.
978 2606 1030 2633 Sed

245 2639 280 2675 de
293 2647 375 2675 croco
387 2639 544 2675 ambiguum
554 2645 622 2667 erat.
640 2641 677 2667 De
687 2649 742 2674 quo
750 2640 819 2667 Plin.
832 2641 880 2667 lib.
896 2649 952 2673 ut,
962 2648 985 2667 c.
1002 2641 1030 2672 6,

246 2674 299 2710 Sed
313 2683 358 2701 nec
373 2674 472 2709 ubique
484 2674 624 2709 fecundum
637 2675 682 2710 (de
694 2676 782 2703 sativo
797 2676 940 2710 loquitur).
950 2677 1031 2702 etiam

246 2709 367 2743 Cyrenis.
400 2711 444 2736 ubi
468 2718 568 2743 semper
593 2711 671 2743 ﬂores
699 2710 889 2737 laudatissimt'.
919 2710 1029 2742 Postea,

247 2743 348 2771 Contra
361 2744 506 2778 Cyrenaico
518 2745 619 2775 vitium,
641 2745 709 2778 quod
739 2746 810 2772 omni
829 2753 905 2772 croco
930 2745 1030 2778 uigrius

246 2784 296 2811 ut,
313 2783 337 2814 et
352 2779 485 2814 celerrime
494 2781 640 2806 marcescit.
653 2779 716 2806 Ideo
725 2780 796 2814 apud
812 2780 936 2807 Dioscor.
952 2780 999 2806 lib.
1010 2788 1029 2810 I,

247 2821 308 2848 cap.
315 2813 535 2873 35,0yrenaicus
541 2821 641 2841 crocus
650 2813 774 2841 omnium
781 2815 940 2842 estinﬁmus
950 2823 956 2840 :
964 2815 994 2840 '0
1001 2815 1030 2841 δὲ

247 2848 389 2873 Κυοηναϊκ
405 2856 429 2873 c.
438 2848 452 2873 ὁ
468 2849 500 2873 ὲκ
507 2848 655 2873 Κεντοοίαε
664 2849 772 2873 πάντων
781 2849 834 2873 τῶν
845 2849 915 2873 κατὰ
928 2853 978 2873 τὴν
989 2850 1030 2873 Σε-

246 2848 288 2884 Κυ
293 2848 429 2884 ρηναϊκρς.
468 2849 500 2874 ὲκ
507 2848 655 2884 κεντορίας
664 2849 772 2875 πάντων
781 2849 834 2875 τῶν
845 2849 915 2876 κατὰ
928 2853 978 2884 την
989 2850 1031 2876 Σε-

246 2856 429 2907 ηυρηναικος.
438 2856 452 2873 ο
468 2856 500 2874 εκ
509 2856 655 2884 λεντοριας
664 2856 772 2875 παντων
781 2858 834 2875 των
845 2856 915 2876 κατα
928 2856 978 2884 την
989 2856 1027 2876 u-

246 2882 293 2908 κιλ
305 2890 338 2918 αν
351 2881 466 2918 ἀσθενὴς
481 2881 552 2918 κατὰ
565 2882 688 2917 δύναμιν,
698 2883 860 2918 λαχανώδεις
874 2884 952 2914 ὄντες
964 2884 1027 2910 πάνυ

120 2933 125 2935 Α
143 2914 301 2955 ””“¹νς.
309 2916 376 2949 Quae
388 2914 470 2943 verba
477 2916 564 2944 obiter
572 2914 753 2947 cma‘culuud'a
761 2923 835 2946 sunt.
845 2918 948 2946 Vitituu
956 2919 1029 2946 enim

1085 2502 1112 2528 in
1130 2501 1165 2528 iis
1177 2500 1366 2532 manifestum,
1383 2507 1445 2526 cum
1461 2498 1642 2534 Centuripino
1653 2505 1738 2525 croco
1759 2502 1870 2534 caeteros

1084 2536 1194 2563 Siculos
1212 2536 1341 2570 praeferre
1353 2535 1492 2570 videatur,
1512 2539 1539 2562 et
1551 2532 1672 2560 lierbarii
1690 2537 1783 2570 tamen
1802 2532 1870 2570 Ceu-

1084 2571 1197 2605 turipini
1213 2569 1287 2597 croci
1302 2571 1329 2597 in
1346 2569 1442 2605 Sicilia
1470 2569 1645 2605 nominatim,
1663 2569 1750 2605 quasi»
1764 2569 1868 2605 caeteris

1085 2603 1276 2639 praecellentis.
1296 2604 1485 2632 meminerint.
1496 2604 1542 2631 Sic
1555 2604 1639 2639 igitur
1655 2603 1779 2639 rescribo
1792 2603 1868 2639 rost

1084 2637 1266 2675 Κυρηναῑκὺς,
1284 2642 1298 2667 ὁ
1316 2641 1348 2666 ὲκ
1364 2639 1524 2674 Κεντορίας,
1538 2639 1585 2665 καὶ
1596 2638 1696 2668 πάντες
1711 2638 1812 2664 alica-ci
1822 2637 1868 2671 τὴν

1083 2674 1218 2707 Σικελίαν,
1236 2675 1277 2702 vel
1291 2675 1360 2709 μετὰ
1375 2674 1495 2710 τεάντων.
1518 2708 1528 2710 _
1581 2707 1597 2710 _
1644 2707 1648 2710 _
1673 2707 1678 2710 _
1847 2706 1852 2710 '

1118 2711 1175 2743 (75l
1198 2707 1340 2744 ὀναΙιὶηις
1351 2708 1410 2736 τῶν
1426 2708 1563 2744 Ἀᾷηνῶν.
1581 2707 1619 2734 De
1637 2707 1806 2744 Athenarum
1821 2707 1868 2744 mi-

1082 2741 1144 2772 sera
1157 2750 1232 2772 sorte
1247 2741 1437 2777 videCregor.
1462 2742 1528 2770 Νη.
1550 2747 1619 2769 orat.
1635 2742 1671 2769 ‘20
1685 2743 1710 2768 iu
1723 2741 1756 2777 VS.
1773 2741 1866 2777 Ιξίιεὶί.⁹

1083 2788 1109 2814 p.
1131 2780 1194 2811 5‘29,
1210 2783 1237 2806 et
1250 2779 1365 2806 A‘lneom
1378 2775 1505 2805 Cazzeum
1520 2779 1599 2814 initio
1610 2776 1764 2814 _'_l‘lteophr.
1780 2775 1867 2814 Euna-

1082 2809 1144 2849 pius
1164 2809 1192 2842 ni
1217 2814 1361 2842 Oribatio:
1379 2813 1486 2849 ᾭσπερ
1509 2814 1564 2844 τοῖς
1594 2809 1723 2849 Ἀθῄνῃσι
1746 2809 1869 2849 Imavos:

1085 2846 1155 2876 κατὰ
1167 2850 1231 2881 τοὺς
1247 2849 1342 2882 λόγους
1365 2847 1448 2879 πολὺς
1470 2846 1527 2874 ἄνω
1544 2848 1630 2882 χωρεί
1641 2847 1729 2881 λόγος,
1746 2846 1790 2872 ὃτι
1811 2846 1870 2872 ’Διμ

1084 2885 1145 2919 τικὴ
1162 2885 1261 2920 μοῦσα,
1276 2884 1324 2910 καὶ
1335 2882 1366 2910 τὸ
1381 2882 1481 2916 ἀγαθὸν
1491 2883 1601 2909 οἰκεῖον.
