1990 3060
169 193 242 223 1525

423 259 604 288 ΕΠΙΣΤΟΛΗ
616 261 709 296 {’AG’.

456 317 669 352 Ἐρκουλιανῷ.
938 345 952 350 μ

204 361 236 387 El
249 361 300 396 τῆς
316 361 468 395 Ὀδυσσέως
480 363 584 399 πλάνης
599 364 694 399 κέρδος
708 365 808 401 ἔφησεν
822 366 957 403 Ὅμηρος,

168 404 275 431 πολλῶν
291 406 442 442 ἀνθρώπων
460 407 524 434 ίδεῖν
547 417 578 434 τε
603 409 706 441 ἄστεα,
730 411 777 437 καὶ
791 411 892 446 γνῶναι
912 412 958 439 τὸν

166 450 228 477 νόον
241 459 249 465 ·
269 451 316 477 καὶ
329 451 416 479 ταῦτα
431 453 482 489 τῆς
497 455 706 491 προσορμίσεως
721 457 796 493 αὐτῷ
810 458 960 494 γενομένης

166 497 200 523 οὺ
216 498 284 532 πρὸς
298 498 398 534 ἄνδρας
412 500 567 536 χαρίεντας,
580 502 648 529 ἀλλὰ
665 503 734 539 πρὸς
744 504 958 539 Λαιστρυγόνας,

170 544 218 570 καὶ
242 543 417 577 Κύκλωπας’
444 544 463 582 ἦ
487 556 538 574 που
564 547 727 583 θαυμαστῶς
752 550 786 577 ἂν
811 551 827 586 ἡ
850 551 960 586 ποίησις

169 589 275 625 ὕμνησε
296 590 354 626 [γρ.
374 589 440 628 ᾖσεν
456 593 472 627 ἢ
488 593 556 629 ποί.]
570 594 620 630 τὴν
632 595 702 630 ἐμήν
718 603 747 622 τε
764 595 812 622 καὶ
827 595 875 631 σὴν
891 597 960 623 ἀπο-

169 634 281 669 δημίαν,
298 636 492 671 παρασχοῦσαν
506 638 574 672 ἡμῖν
587 639 628 670 εἰς
639 640 737 674 πεῖραν
750 639 836 666 ἐλθεῖν
849 640 903 667 τῶν
913 640 962 667 καὶ

168 680 214 706 διὰ
228 681 323 716 φήμης
338 682 552 718 ἀπιστουμένων.
567 684 705 712 Αὐτόπται
718 686 823 722 γάρτοι
833 687 880 714 καὶ
895 687 961 713 αὑτ-

169 727 247 762 ήκοοι
265 728 417 763 γεγόναμεν
432 729 482 764 τῆς
500 730 615 765 γνησίας
631 731 819 767 καθηγεμόνος
845 732 898 759 τῶν
916 742 961 767 φι-

170 771 299 806 λοσοφίας
321 772 378 808 [πρ.
395 774 443 809 τῆς
459 774 596 811 φιλοσοφ.]
619 776 729 812 ὀργίων.
751 778 783 804 El
800 778 829 804 δὲ
849 778 896 804 καὶ
913 779 960 805 ἀν-

172 818 311 854 θρωπικαὶ
333 821 423 855 χρεῖαι
444 821 508 852 τοὺς
528 822 745 857 κοινωνήσαντας
763 823 882 850 διαθέσει
900 832 963 850 συν-

170 863 278 892 δέουσιν
289 872 297 879 ·
315 864 390 900 ἡμᾶς
403 865 474 892 κατὰ
488 866 534 892 τῦν
547 866 609 893 νοῦν
618 867 672 893 τῶν
686 868 716 893 ὲν
731 868 797 902 ἡμῖν
811 868 842 895 τὸ
853 869 963 904 ἄριστον

173 910 390 945 συγγενομένους
407 910 478 943 θεῖος
494 912 606 938 ἀπαιτεῖ
618 912 699 948 νόμος
714 913 853 948 τάλλήλων
867 916 960 950 τιμᾷν.

178 954 250 989 Ἐγὼ
273 955 322 990 μὲν
340 953 386 983 οὗν
408 956 455 983 καὶ
472 957 522 992 τῆς
536 957 696 992 σωματικῆς
709 958 853 994 συνηθείας
866 960 964 986 ἀπολε-

172 1001 290 1032 λαυκὼς,
311 1001 379 1038 όρᾷν
392 1011 423 1029 τε
439 1002 542 1030 ἀπόντα
563 1003 650 1036 δοκῶ,
678 1004 709 1031 τὺ
725 1005 886 1032 ὲναποτεθὲν
910 1006 963 1032 ἀπὺ

173 1044 222 1079 τῆς
237 1043 386 1077 διαθέσεως
405 1044 477 1079 εἶδος
499 1048 745 1085 προχειριζομένης
765 1050 817 1084 τῆς
841 1051 963 1086 μνήμης.

171 1090 221 1116 διαὶ
237 1090 371 1126 ὲμῦομσεῐ
385 1101 436 1127 μου
452 1094 512 1125 ταῖς
527 1094 620 1126 ἀκοαῖς
635 1095 651 1130 ἢ
671 1094 836 1130 θαυμαστῶς
848 1096 964 1130 γλυκεῖα

175 1135 228 1163 xiv
243 1136 323 1171 ιερῶν
341 1146 388 1163 σου
404 1137 503 1172 λογίων
525 1138 582 1175 [γρ.
598 1140 698 1176 λόγων]
715 1141 784 1177 ἠχώ,
808 1143 845 1170 Σὺ
858 1143 886 1170 δὲ
899 1144 964 1179 ἡμῖν

170 1181 253 1217 εἴπερ
269 1183 318 1218 οὐχ
332 1182 419 1215 οὓτως
433 1183 515 1219 ἔχεις,
529 1185 631 1218 ἀδικεῖς
645 1193 652 1201 ·
669 1187 693 1213 εί
708 1187 736 1214 δὲ
753 1187 835 1223 έχεις,
849 1189 880 1215 οὐ
893 1190 966 1224 μέγα

173 1228 271 1259 ποιεῖς.
295 1228 441 1261 ’Δποδίδως
463 1230 518 1266 γὰρ
534 1231 681 1264 διαθέσεως
702 1233 822 1270 ὄφλημα.
839 1235 922 1262 Ὅταν
937 1235 965 1262 δὲ

174 1272 243 1307 πρὸς
253 1273 303 1308 τὴν
315 1274 344 1300 ἐν
357 1274 501 1311 φιλοσοφίᾳ
522 1277 664 1304 κοινωνίαν
680 1278 779 1312 ἀπίδω,
796 1279 844 1306 καὶ
857 1280 966 1314 φιλοσο-

175 1318 238 1352 φίαν
250 1319 357 1355 ἐκείνην
372 1322 438 1356 περὶ
453 1320 487 1358 ἧς
499 1322 585 1349 πολλὰ
602 1325 813 1361 συγκεκύφαμεν
824 1333 833 1342 ο
846 1326 965 1353 ἐνταῦθα

175 1365 225 1400 ἠίη
250 1365 297 1392 τοῦ
326 1366 457 1402 λογισμοῦ
483 1369 646 1404 γινόμενος,
673 1370 732 1407 Θεῷ
755 1371 891 1408 βραϐευτῇ
917 1373 966 1408 τὴν

176 1409 321 1445 συντυχίαν
331 1413 348 1446 ἡ
353 1411 412 1447 μῶν
426 1413 583 1450 ἀνατίθημι.
598 1415 636 1441 Οὐ
651 1415 705 1451 γὰρ
721 1416 754 1443 ἂν
767 1417 813 1443 ἀπ’
828 1417 966 1449 ἐλάττονος

174 1455 193 1491 ἢ
214 1455 290 1488 θείας
310 1457 399 1490 αἰτίας
421 1459 563 1492 Συνέσιος,
590 1462 604 1488 ὁ
620 1462 651 1488 τδ
666 1462 782 1498 πρᾶγμα
794 1463 896 1498 ἥκιστα
919 1463 968 1499 δη-

175 1500 320 1536 μοσιεύων,
336 1503 384 1529 καὶ
396 1502 532 1536 πλείστοις
547 1505 597 1540 μὲν
610 1505 708 1539 συνὼν,
723 1507 766 1534 ἐπ’
780 1507 967 1543 ἀνθρωπικαῖς

175 1547 205 1573 δὲ
219 1548 371 1580 κοινωνίαις
386 1549 435 1581 τάς
459 1551 602 1584 συνουσίας
621 1551 792 1588 ποιούμενος,
807 1553 966 1588 φιλοσοφίαν

175 1593 205 1620 δὲ
227 1594 256 1620 ὲν
277 1594 404 1630 ἀρρήτων
422 1595 618 1631 ἀρῤητοτάτοις
634 1597 713 1632 ἔχων,
729 1598 799 1626 οὕτω
813 1599 966 1635 προχείρως

177 1637 295 1672 ἐμαυτόν
317 1646 363 1671 τε,
388 1640 435 1666 καὶ
460 1640 495 1667 τὰ
517 1641 637 1677 ἐμαυτοῦ
659 1643 787 1679 κτήματα
810 1644 967 1680 ἀνεκάλυψα

175 1683 256 1719 ἀνδρὶ
276 1684 434 1721 καταϐραχὺ
456 1686 528 1713 δόντι
546 1696 591 1722 μοι
612 1687 659 1714 καὶ
682 1688 790 1716 λαϐόντι
811 1689 856 1716 τὸν
876 1690 965 1724 λόγον.

185 1728 261 1756 Ἐπεὶ
275 1729 298 1756 δ’
313 1727 360 1757 οὖν
373 1731 468 1765 γέγονέ
482 1741 524 1764 τις
540 1730 627 1764 οὗτος,
644 1733 713 1769 πρὸς
726 1734 755 1760 δν
770 1733 968 1771 ὲξωρχησάμην

177 1775 214 1802 τὰ
223 1776 291 1808 τέως
306 1776 362 1811 (74)
373 1777 542 1809 ἀνέκπυστα,
557 1778 604 1804 καὶ
618 1779 668 1814 τῆς
680 1780 765 1814 σοφῆς
776 1779 822 1806 τοῦ
834 1781 969 1816 Πρωτέως

179 1821 352 1857 ἐπελαθόμην
367 1822 466 1858 τέχνης
477 1832 484 1839 ·
502 1823 534 1849 οὺ
548 1823 602 1858 γὰρ
619 1823 686 1859 ἄλλη
701 1833 743 1856 τις
758 1822 803 1860 ἦν,
820 1825 836 1861 ἢ
851 1827 969 1853 συνεῖναι

180 1867 238 1898 τοῖς
251 1867 402 1903 ἀνθρώποις
415 1869 445 1895 οὐ
461 1868 551 1900 θείως,
569 1869 638 1896 ἀλλὰ
654 1870 800 1902 πολιτικῶς
812 1879 819 1886 ·
843 1871 905 1898 ἐπεὶ
923 1871 970 1906 γέ-

180 1920 245 1946 γονε
268 1913 347 1939 τοῦτο
359 1932 366 1944 ,
386 1914 420 1940 οὐ
438 1914 607 1950 προθεμένης
624 1924 669 1950 μοι
682 1916 734 1951 τῆς
759 1916 891 1952 γνώμης,
912 1917 969 1944 ἀλλ’

180 1959 421 1986 ἀκατασκεύαστον
436 1960 512 1994 ἄφνω
525 1961 659 1997 παρελθὸν
669 1980 677 1993 ,
702 1961 757 1995 ἐγὼ
770 1961 836 1989 Θεὸν
847 1963 970 1998 ἡγεμόνα

178 2004 228 2030 τοῦ
245 2004 397 2040 παραδόξου
418 2005 579 2042 λογίζομαι,
605 2008 670 2042 παρ’
685 2004 716 2034 οὖ
730 2007 806 2039 τέλος
823 2007 970 2043 αἰτήσομεν

180 2049 238 2076 τῶν
251 2050 284 2076 δι’
298 2050 378 2076 αὑτὸν
394 2051 551 2086 ὴργμένων.
574 2052 630 2078 Καὶ
644 2052 701 2088 δοίη
718 2053 777 2088 μετ’
791 2053 913 2089 ἀλλήλων
926 2064 972 2090 φι-

182 2095 317 2130 λοσοφεῖν.
343 2097 374 2122 El
394 2097 423 2123 δὲ
439 2096 476 2132 μὴ
490 2097 580 2130 τοῦτο,
602 2098 710 2130 πάντως
731 2099 895 2134 φιλοσοφεῖν.
927 2100 972 2131 Ὡς

734 201 927 232 EPISTULA}.
943 219 979 224 —
995 205 1104 234 EPIST.
1121 206 1263 235 CXXXVI.

972 269 997 298 Δ

979 953 999 980 Β

979 1619 1002 1649 C

184 2140 271 2175 ἔγωγε
295 2141 403 2173 ἐνόντας
423 2141 467 2177 μοί
483 2150 560 2173 τινας
582 2144 614 2178 τῇ
632 2143 704 2178 ψυχῇ
728 2143 822 2178 λόγους
842 2144 906 2180 περὶ
921 2144 972 2180 τῆς
996 2143 1001 2147 ’

186 2187 359 2219 ὑποθέσεως,
387 2188 420 2223 ἡν
451 2188 719 2224 ἐπραγματευόμεθα
733 2209 740 2222 ,
763 2190 896 2225 καταχέαι
922 2190 972 2226 μὲν

181 2233 271 2259 ὠδίνω
282 2233 331 2268 τῆς
342 2233 485 2268 ἐπιπολῆς
497 2242 504 2249 ν
522 2233 552 2260 οὐ
570 2234 622 2270 μὴν
635 2235 714 2261 τοῦτο
730 2235 846 2270 ποιήσω.
861 2235 907 2262 Σοὶ
917 2235 971 2271 γὰρ

1733 211 1744 238 ί
1751 211 1802 239 526

1235 268 1405 296 EPISTOLA
1431 268 1574 303 CXXXVI.

1322 324 1497 353 llerculiano.

1046 368 1073 394 Si
1090 376 1122 395 ex
1144 367 1252 404 Ulyssis
1281 370 1422 398 erroribus
1449 371 1554 398 lucrum
1582 372 1633 399 hoc
1665 370 1806 399 exstitisse

1010 412 1146 441 Humerus
1158 414 1270 446 cecinit,
1281 415 1431 441 multorum
1444 415 1584 442 hominum
1599 417 1680 443 urbes
1693 415 1805 447 intueri.

1009 467 1156 494 moresque
1172 467 1356 494 cognoscere;
1375 460 1529 494 praesertim
1548 463 1610 488 cu‘m
1637 469 1691 487 non
1707 461 1739 487 ad
1752 468 1804 495 po-

1010 504 1072 531 litos
1098 505 1221 533 homines
1245 506 1405 540 appelleret,
1427 506 1475 534 sed
1505 506 1538 533 ad
1565 506 1755 542 Laestrygonas
1778 510 1806 534 et

1009 551 1163 587 Cyclopas:
1179 553 1276 586 procul
1292 552 1376 579 dubio
1401 552 1532 586 majorem
1557 552 1585 578 in
1604 552 1714 579 modum
1732 558 1806 579 luam

1011 606 1154 632 meamque
1180 597 1425 632 peregrinationem
1442 597 1534 632 poesis
1550 597 1728 629 celebrasset,
1752 604 1806 632 qua

1011 644 1090 671 nobis
1107 643 1256 678 periculum
1273 651 1367 670 eorum
1391 638 1481 671 facere
1498 650 1661 670 conoessum
1677 647 1731 675 est,
1746 650 1807 677 qua:

1013 689 1084 716 fama
1113 689 1206 716 audita
1236 689 1406 717 incredibilia
1439 689 1613 717 videbantur.
1650 688 1703 723 ipsi
1732 689 1806 715 enim

1012 738 1180 770 spectatores
1204 737 1286 768 atque
1309 733 1449 760 auditores
1472 740 1608 768 germana:
1625 731 1808 766 philosophiae

1013 788 1154 808 sacrorum
1173 780 1252 807 ducis
1272 786 1304 806 ac
1323 779 1460 814 magistm
1483 778 1594 806 fuimus.
1611 777 1690 810 Quod
1708 778 1732 804 si
1758 777 1808 804 hu-

1013 833 1093 853 mana
1116 825 1223 860 negotia
1248 832 1343 852 corum
1369 824 1562 852 communione
1587 823 1750 858 conjunctos
1764 822 1807 849 al-

1014 872 1084 899 fectu
1110 872 1180 898 inter
1204 879 1233 899 se
1247 870 1375 906 colligant
1392 877 1424 897 ac
1438 869 1598 898 devinciunt
1613 879 1621 901 ;
1642 876 1692 896 nos
1712 869 1806 903 utique

1014 920 1105 944 mente
1118 916 1304 947 consociatos,
1320 923 1380 948 quae
1403 922 1467 950 pars
1492 918 1534 942 est
1556 915 1642 942 nostri
1659 914 1805 948 przccipua,

1016 961 1117 989 nostris
1134 962 1249 988 invicem
1267 961 1350 988 rebus
1374 961 1484 988 studere
1498 960 1591 988 divina
1609 960 1652 987 lex
1667 959 1804 994 clllagitat.

1016 1006 1147 1041 Equidem
1162 1006 1242 1041 273
1258 1014 1319 1033 cum
1339 1006 1482 1041 praesentis
1499 1012 1615 1040 corpore
1635 1006 1672 1031 tui
1690 1012 1806 1031 consue-

1014 1054 1108 1081 tudine
1120 1061 1180 1080 suni
1195 1061 1261 1081 usus
1274 1053 1432 1088 aliquando,
1451 1053 1591 1081 absentem
1609 1052 1710 1080 intueri
1728 1052 1809 1079 modo

1014 1100 1120 1131 videor,
1137 1091 1254 1134 speciem
1272 1102 1299 1126 et
1316 1098 1462 1135 imaginem
1484 1106 1518 1126 ex
1538 1097 1635 1125 affectu
1650 1104 1807 1132 expressain

1015 1149 1227 1180 repraesentante
1240 1145 1381 1177 memoria,
1397 1152 1430 1172 ac
1449 1144 1518 1172 meis
1532 1144 1643 1171 auribus
1659 1144 1808 1172 etiamnum

1015 1193 1114 1218 mirum
1146 1192 1173 1218 in
1199 1191 1309 1218 modum
1334 1191 1427 1219 suavis
1458 1190 1504 1218 Illa
1531 1197 1673 1218 sacrorum
1699 1193 1808 1217 tuorum

1016 1244 1172 1264 sermonum
1189 1245 1241 1264 vox
1263 1236 1382 1264 insonat.
1399 1235 1439 1262 Tit
1464 1243 1529 1263 vero
1549 1235 1602 1263 nisi
1627 1236 1664 1262 ita
1680 1243 1710 1263 es
1740 1235 1805 1262 alie-

1016 1287 1088 1315 ctus,
1111 1283 1239 1318 injuriam
1266 1282 1350 1313 facis;
1378 1283 1420 1309 sin
1445 1286 1472 1309 et
1496 1281 1628 1313 allectus,
1650 1289 1705 1308 non
1734 1281 1807 1307 mul-

1016 1333 1073 1356 tum
1107 1329 1184 1356 facis.
1211 1329 1320 1356 Amoris
1347 1328 1420 1355 enim
1448 1327 1570 1354 debitum
1600 1327 1739 1362 rependis.
1755 1326 1809 1353 Sed

1016 1381 1078 1400 cum
1101 1372 1135 1400 ad
1157 1373 1230 1399 illam
1254 1373 1286 1400 in
1311 1371 1489 1406 philosophia:
1516 1371 1615 1398 studiis
1639 1370 1811 1398 communio-

1016 1425 1079 1445 nem
1108 1417 1244 1452 respicio,
1275 1417 1404 1451 illamque
1433 1416 1518 1451 ipsam
1539 1415 1759 1450 philosophiam,
1783 1415 1810 1442 in

1016 1470 1098 1498 quam
1115 1462 1162 1493 diu
1177 1470 1209 1489 ac
1223 1462 1340 1488 multum
1356 1461 1551 1489 incubuimus:
1565 1460 1611 1487 ubi
1627 1468 1670 1492 eo,
1687 1460 1809 1495 inquam,

1017 1507 1207 1536 ratiocinando
1233 1508 1355 1542 perveni,
1377 1506 1490 1539 rectori,
1510 1506 1732 1540 moderatorique
1756 1503 1812 1532 Deo

1017 1560 1164 1581 occursum
1179 1553 1251 1580 hunc
1267 1556 1394 1580 nostrum
1409 1550 1531 1579 tribuere
1546 1551 1631 1579 soleo.
1647 1550 1723 1578 llaud
1738 1550 1810 1578 enim

1020 1599 1120 1627 leviore
1135 1598 1236 1633 aliqua,
1251 1606 1332 1633 quam
1349 1598 1442 1625 divina
1459 1588 1587 1625 moliente
1610 1604 1642 1624 ac
1657 1596 1811 1624 destinante

1017 1652 1112 1676 causa,
1127 1644 1272 1680 Synesius,
1287 1644 1334 1678 qui
1354 1651 1411 1671 rem
1427 1644 1561 1678 ejusmodi
1576 1643 1689 1670 minime
1710 1644 1736 1670 in
1751 1643 1810 1670 vul-

1018 1698 1069 1725 gus
1089 1690 1232 1717 enuntiare
1254 1690 1376 1723 soleam;
1399 1690 1500 1724 quique
1518 1689 1571 1717 etsi
1594 1697 1655 1716 cum
1671 1689 1811 1724 plerisque

1019 1734 1190 1761 familiariter
1217 1735 1316 1766 vivam,
1338 1741 1398 1761 eam
1428 1738 1518 1762 tamen
1543 1733 1753 1761 familiaritatem
1775 1733 1811 1760 ob

1019 1779 1166 1806 humanam
1188 1779 1305 1818 aliquam
1329 1779 1549 1807 communionem
1575 1779 1733 1814 suscipiam,
1749 1779 1810 1814 phi-

1020 1825 1171 1859 losophiam
1195 1832 1260 1852 vero
1282 1825 1309 1852 in
1331 1824 1439 1852 arcanis
1471 1831 1502 1851 ac
1529 1825 1641 1851 secretis
1663 1823 1746 1851 rebus
1769 1831 1812 1851 se-

1020 1870 1198 1898 cretissimam
1223 1870 1355 1897 habeam:
1373 1876 1427 1897 tam
1453 1869 1530 1897 facile
1549 1869 1693 1904 meipsum,
1712 1876 1811 1904 meque

1020 1916 1111 1944 omnia
1141 1915 1243 1943 homini
1266 1915 1382 1948 detexi,
1413 1922 1530 1950 quocum
1564 1915 1702 1950 paululum
1740 1915 1811 1942 ultro

1020 1962 1144 1996 citroque
1165 1968 1319 1993 sermonem
1345 1961 1458 1988 contuli.
1485 1959 1539 1988 Sed
1564 1961 1692 1995 quoniam
1712 1961 1811 1996 aliquis

1020 2007 1129 2033 demum
1145 2006 1272 2034 inventus
1285 2009 1338 2039 est,
1355 2006 1426 2041 apud
1444 2013 1523 2040 quem
1540 2005 1661 2033 inaudita
1675 2005 1809 2038 ell‘errem,

1021 2058 1047 2080 et
1061 2052 1203 2087 prudentis
1214 2052 1287 2080 illius
1304 2051 1395 2080 Protei
1411 2051 1519 2079 artiﬁcii
1535 2059 1596 2079 sum
1609 2052 1721 2084 oblitus,
1738 2052 1810 2087 quod

1021 2097 1088 2124 nihil
1102 2096 1174 2124 aliud
1194 2096 1255 2128 fuit,
1269 2104 1350 2131 quam
1373 2103 1434 2124 cum
1462 2096 1619 2124 hominibus
1637 2103 1690 2123 non
1707 2095 1810 2130 divina,

1020 2142 1069 2169 sed
1096 2142 1168 2169 civili
1189 2141 1294 2168 ratione
1316 2140 1429 2168 versari.
1445 2140 1579 2173 Quoniam
1595 2140 1677 2175 igitur
1691 2141 1727 2168 ita
1743 2148 1810 2168 con-

1022 2187 1094 2223 tigit,
1116 2194 1170 2214 non
1201 2187 1273 2222 quod
1305 2190 1368 2214 ante
1395 2186 1601 2214 constituissem
1631 2186 1737 2218 animo,
1763 2186 1811 2214 sed

1022 2232 1095 2267 quod
1113 2233 1181 2259 citra
1201 2232 1320 2259 studium
1333 2240 1348 2259 e
1371 2239 1400 2259 re
1418 2236 1481 2259 nata
1502 2231 1639 2259 succurrit
1662 2241 1668 2258 :
1687 2239 1737 2266 ego
1755 2235 1810 2258 tam

186 2278 219 2305 ἂν
242 2278 313 2305 κατὰ
335 2278 402 2305 Θεὸν
418 2279 522 2312 γένοιτο
545 2279 723 2314 συγγενέσθαι
751 2280 798 2307 καὶ
822 2281 888 2316 ἡμῖν
907 2281 967 2316 περῖ

1023 2277 1155 2313 inopinati
1175 2282 1288 2306 eventus
1303 2274 1399 2305 ducem
1423 2282 1450 2304 ct
1471 2280 1610 2304 auctorem
1633 2276 1718 2304 Deum
1740 2276 1811 2312 apud

182 2324 297 2356 τούτων,
313 2325 360 2351 καὶ
371 2324 477 2356 πολλοῖς
498 2325 608 2360 ἄμεινον
620 2325 727 2352 εἰδόσιν.
748 2326 826 2360 Ἐμοὶ
838 2326 866 2352 δὲ
880 2326 910 2352 οὐ
921 2335 970 2352 κα-

185 2369 239 2401 λῶς
261 2369 318 2404 ἔχει
342 2371 523 2406 γραμματείῳ
541 2370 678 2397 πιστεύειν
698 2370 733 2397 τὰ
751 2371 851 2398 τοιάδε.
867 2371 904 2397 Τὸ
918 2371 972 2407 γὰρ

184 2418 235 2452 τῆς
249 2417 394 2452 ἐπιστολῆς
415 2419 530 2452 πρᾶγμα
554 2418 603 2444 οὐκ
625 2418 756 2453 ὲχέμυθον
771 2427 777 2434 ·
804 2418 872 2445 ἀλλὰ
891 2419 973 2452 φύσιν

187 2463 243 2498 ἔχει
255 2464 294 2499 τῷ
310 2463 481 2499 περιτυχόντι
505 2464 754 2499 προσδιαλέγεσθαι.
777 2465 911 2500 Ἐρῤωσο,
926 2464 974 2491 καὶ

188 2509 339 2544 φιλοσόφει,
361 2510 408 2536 καὶ
431 2509 547 2537 διατέλει
568 2510 599 2536 τὸ
613 2511 642 2536 ὲν
661 2511 728 2546 ἡμῖν
748 2510 974 2546 ἀνακεχωσμένον

185 2554 266 2589 ΰμμα
281 2554 442 2590 ἀνορύττων.
465 2554 502 2580 Τὸ
519 2554 573 2589 γάρ
594 2562 636 2580 τοι
659 2553 732 2588 βιοῦν
756 2554 859 2590 ὀρθῶς,
879 2555 925 2582 ἅτε
943 2554 974 2581 ὃν

189 2598 265 2635 οἶμαι
289 2600 430 2636 προοίμιον
448 2599 494 2626 τοῦ
510 2601 618 2635 φρονεῖν
628 2619 636 2631 ,
654 2600 707 2626 ὑπὸ
721 2600 775 2626 τῶν
789 2600 909 2636 ἀρχαίων
927 2600 975 2626 καὶ

186 2646 329 2681 φρονίμων
345 2645 449 2680 ἀνδρῶν
467 2645 663 2678 σπουδάζεσθαι
678 2645 848 2681 κατεδείχθη.
864 2646 910 2681 Μὴ
924 2654 975 2672 κα-

1024 2331 1067 2350 me
1084 2327 1196 2358 reputo;
1215 2329 1229 2349 a
1245 2330 1299 2357 quo
1324 2322 1429 2350 felicem
1454 2322 1555 2349 exitum
1573 2322 1745 2356 precabimur
1761 2328 1812 2348 eo-

1024 2376 1096 2400 rum,
1111 2375 1172 2403 qme
1189 2375 1238 2402 per
1258 2367 1348 2402 ipsum
1363 2367 1489 2394 inchoata
1508 2370 1581 2394 sunt.
1604 2367 1693 2401 Atque
1707 2367 1812 2393 utinam

1024 2415 1168 2442 nobiscum
1187 2413 1302 2440 invicem
1320 2411 1506 2448 philosophari
1525 2411 1672 2438 concedatl
1695 2410 1743 2438 Sin
1765 2411 1813 2438 mi-

1024 2467 1099 2492 nus,
1127 2462 1155 2485 at
1186 2458 1298 2485 omnino
1326 2458 1420 2484 saltem
1446 2457 1643 2492 philosophari.
1669 2455 1737 2483 Nam
1761 2464 1813 2491 ego

1026 2505 1174 2532 nonnullos
1197 2510 1337 2531 sermones
1357 2503 1391 2530 de
1413 2510 1446 2530 eo
1467 2506 1638 2538 argumento,
1662 2501 1735 2537 quod
1756 2507 1813 2529 tra-

1026 2551 1179 2582 ctabamus,
1207 2552 1383 2576 occurrentes
1409 2548 1500 2575 animo
1519 2555 1599 2580 meo,
1624 2547 1731 2575 tametsi
1755 2547 1814 2582 θρίω

1025 2596 1104 2623 διοιιε
1127 2593 1297 2622 committere
1319 2594 1444 2628 gestiam,
1467 2600 1522 2620 non
1547 2593 1573 2619 id
1593 2597 1684 2620 tamen
1703 2591 1812 2620 faciam.

1027 2641 1141 2668 Dabitur
1157 2641 1230 2668 enim
1254 2638 1401 2674 aliquando
1419 2638 1480 2671 tibi,
1495 2638 1601 2666 favente
1615 2637 1687 2670 Deo,
1707 2644 1812 2666 mecum

805 2722 896 2750 DION.
932 2718 1069 2749 PETAVH
1094 2717 1209 2746 NOTAE.

225 2801 284 2835 Ι(Ἠ)
300 2800 377 2834 Πρὸς
399 2800 434 2826 ὃν
452 2799 670 2835 ἐξωρχησάμην
689 2799 725 2827 τὰ
737 2799 818 2832 τέως.
839 2800 973 2834 Ἐξορχεί-

194 2835 256 2862 σθαι
284 2837 396 2862 verbum
417 2838 467 2870 Vest
500 2835 588 2870 sacris
616 2835 771 2870 retegendis
788 2834 974 2870 aptissimum,

194 2870 268 2904 quod
282 2869 466 2905 ξκπμπεύειν
482 2869 516 2896 τὰ
532 2869 685 2905 μυστήρια,
695 2870 748 2897 alia
764 2869 831 2905 voce
842 2869 912 2905 dixit
926 2869 976 2905 lsi-

1029 2800 1150 2828 deterius
1161 2799 1305 2835 accipitur,
1318 2802 1347 2835 ut
1363 2798 1433 2833 apud
1442 2798 1570 2835 eumdem
1579 2799 1658 2834 epist.
1676 2800 1810 2835 proxima,

1030 2835 1082 2862 hoc
1096 2838 1138 2861 est
1157 2833 1251 2870 A82,_’et
1262 2833 1420 2870 ἀνδρόγυνοι
1433 2834 1564 2870 dicuntur
1581 2835 1627 2861 τὸν
1641 2833 1812 2870 ἀνθρώπινον

1029 2868 1198 2909 ἓξορχεζσθαι
1210 2868 1275 2909 ρίου.
1288 2868 1344 2909 ubi.
1353 2868 1523 2909 ἐξορχεῖσθαι
1541 2873 1608 2903 puto
1624 2868 1767 2897 idem'esse
1778 2875 1812 2895 ac

194 2905 247 2931 dor
282 2903 375 2933 Pelus.
401 2905 421 2932 ι.
438 2912 461 2935 l.
476 2903 557 2934 epist.
576 2903 686 2932 81.13351.
704 2905 750 2933 ubi
767 2904 936 2940 ἐξορχεῖσθαι
951 2904 967 2931 il

1033 2903 1199 2940 prepudiose
1215 2903 1450 2939 ignominioscque
1464 2903 1617 2932 traducere.
