1990 3060
187 157 259 186 ΙΒἮ

717 160 852 189 SYNESII
874 160 1107 189 PTOLEMAIDIS
1127 158 1279 187 EPISCOPl

1753 153 1845 182 [59.3

185 218 260 246 hisce
280 217 315 245 de
338 217 420 245 rebus
446 218 577 254 colloqui,
598 224 702 248 etcum
725 221 798 254 aliis,
812 222 860 257 qui
878 222 976 249 melius

1034 221 1104 257 ἱαρῷ
1120 221 1175 257 γὰρ
1191 219 1312 255 καθαροῦ
1335 216 1502 252 ἐφάπτεσθαι
1516 237 1523 248 ,
1546 216 1632 251 φησὶν
1652 215 1683 241 οὺ
1707 214 1843 249 θεμιτὸν

184 263 237 291 ista
253 263 390 291 noverint.
415 263 479 291 Mihi
505 272 570 292 vero
593 273 765 302 nequaquam
793 268 902 295 consilii
918 276 980 296 esse

185 307 303 341 videtur,
327 312 419 338 tantas
451 318 496 338 res
523 311 645 346 epistolae
677 314 854 342 concredere.
879 313 977 341 Totum

183 354 256 381 enim
271 354 324 382 hoc
339 355 518 390 epistolarum
543 359 682 393 negotium
699 359 813 387 minime
836 364 878 388 est
895 361 979 388 silen-

183 398 214 426 tii
239 403 332 433 tenax,
357 401 404 429 sed
431 402 468 429 ita
492 409 693 439 comparatum,
715 409 746 433 ιιι
769 413 832 433 cum
857 407 980 442 quolibet

184 446 394 474 sermocinetur.
418 446 506 481 Vale,
529 453 556 476 et
587 449 767 485 philosophia
795 458 907 486 operam
931 451 980 477 ad-

184 490 258 524 hibe,
282 491 395 527 jugique
423 493 515 521 studio
541 493 682 522 defossum
707 495 735 522 in
758 496 840 524 nobis
867 496 977 523 oculum

183 536 306 564 extrahe.
326 537 432 574 Quippe
447 543 522 567 recte
549 545 581 567 ut
602 541 685 568 vitam
710 541 897 572 instituamus,
915 549 978 575 per-

185 581 259 614 inde.
285 583 422 618 arbitror,
446 589 477 612 ut
501 586 608 613 initium
639 587 791 622 sapientiae,
814 592 918 614 veteres
946 594 978 613 ac

184 627 321 662 sapientes
334 629 385 656 viri
402 636 576 666 summopere
598 631 802 666 procurandum
819 631 901 666 274
917 639 978 658 csse

184 672 345 701 docuerunt.
366 674 433 703 Nam
455 676 480 703 ei
507 677 553 711 qui
580 677 705 712 impurus
730 677 782 710 sit,
801 684 858 705 rem
880 685 976 711 puram

185 719 320 754 attingere
336 720 414 748 nefas
426 729 498 754 esse,
513 722 605 750 divina
622 731 673 750 vox
691 727 818 750 testatur.
843 721 896 750 Sed
917 722 977 748 vul-

185 772 235 800 gus
254 765 326 792 istud
354 766 456 801 ipsum,
473 772 549 795 recte
564 769 667 801 vivere,
689 777 741 796 non
760 769 793 796 ad
815 768 977 804 sapientiam

1030 269 1047 302 ἡ
1071 267 1201 293 Θεσπεσία
1224 265 1310 300 φωνή.
1326 265 1359 291 Οί
1387 263 1480 290 πολλοὶ
1508 262 1537 289 δὲ
1566 262 1597 288 οὑ
1625 261 1670 288 διὰ
1695 260 1728 286 τὸ
1755 268 1843 296 φρο-

1030 315 1095 345 νεῖν,
1122 312 1180 340 ἀλλ’
1210 311 1276 337 αύτδ
1305 310 1340 336 δι’
1366 308 1442 339 αὐτὸ,
1470 308 1516 334 καὶ
1539 307 1697 342 τελειότητα
1715 305 1843 342 ἀνθρωρ

1031 359 1113 393 πίνην
1135 358 1252 393 ἥγηνται
1267 355 1297 382 τὸ
1320 354 1394 390 βιοῦν
1411 353 1498 388 ὀρθῶς
1510 361 1517 368 ·
1539 353 1589 388 τὴν
1603 352 1661 379 ὁδὸν
1680 352 1731 387 οὐχ
1753 351 1843 384 ὁδὸν,

1031 403 1087 430 ἀλλ’
1111 402 1153 436 ἐφ’
1183 402 1197 428 ὃ
1220 401 1260 428 δεῖ
1283 401 1317 427 δι’
1341 400 1425 434 αὐτῆς
1455 399 1556 433 φθάσαι
1584 398 1753 434 νομίζοντες,
1778 405 1839 423 κα-

1031 449 1087 480 κῶς
1101 447 1272 483 φρονοῦντες.
1289 444 1455 480 Σωφροσύνη
1476 445 1530 480 γὰρ
1544 444 1651 478 ἄλογος,
1669 444 1717 474 καὶ
1733 443 1837 477 ἀπ’)χὴ

1031 492 1212 528 κρεωδαισίας
1228 490 1313 526 πολλὴ
1327 490 1402 525 παρὰ
1423 489 1530 520 πολλοῖς
1548 488 1655 522 ἀλόγοις
1670 488 1771 515 εἴδεσιν
1785 487 1836 513 ὲν-

1030 538 1134 565 δέδοται
1145 537 1221 572 παρὰ
1234 537 1284 571 τῆς
1297 536 1415 570 φύσεως.
1437 534 1507 561 Ἀλλ’
1521 534 1571 560 οὐκ
1585 533 1750 568 ἐπαινοῦμεν
1761 532 1835 559 οὗτε

1031 583 1164 619 κορώνην,
1178 582 1234 609 οὖτ*
1253 582 1316 609 ἄλλο
1330 590 1356 608 τι
1371 581 1425 607 τῶν
1443 580 1602 616 εὐραμένων
1624 579 1741 614 φυσικὴν
1756 579 1833 613 ἀρε-

1030 629 1090 664 τὴν,
1114 629 1155 656 ὅτι
1177 627 1334 663 φρονήσεως
1351 625 1453 661 ἔρημα.
1482 626 1515 652 Ἡ
1536 625 1565 652 δὲ
1585 625 1654 652 κατὰ
1673 625 1735 651 νοῦν
1755 624 1834 658 ζωὴ,

1030 675 1106 706 τέλος
1127 673 1282 710 ἀνθρώπου.
1304 673 1412 707 Ταύτην
1431 672 1567 707 μετίωμεν
1583 680 1591 687 ·
1617 671 1708 698 Θεόθεν
1731 679 1761 697 τε
1782 671 1832 696 αἰ-

1031 721 1140 752 τοῦντες
1153 720 1213 747 θεῖα
1230 721 1349 755 φρονεῖν,
1365 719 1413 746 καὶ
1430 719 1518 749 αὐτοὶ,
1528 718 1573 745 τὸν
1587 718 1698 745 δυνατὸν
1711 717 1833 752 τρόπον,

1032 767 1062 793 τὸ
1076 767 1184 801 φρονεῖν
1203 765 1392 801 ἁπανταχόθεν
1408 764 1593 798 συλλέγοντες.

187 810 303 845 referri,
320 812 368 839 sed
386 813 474 848 ipsum
492 822 540 849 per
557 823 618 842 sese
637 815 797 848 consistere,
814 819 897 850 atque
916 815 1042 842 humanae
1057 813 1118 840 vita:
1137 812 1332 847 perfectionem
1351 812 1494 839 continere
1515 815 1612 846 putat;
1633 810 1685 837 hoc
1702 813 1756 839 cst,
1776 809 1835 835 iter

187 865 240 885 non
260 859 320 891 iter,
335 860 382 888 sed
399 861 425 888 id
449 862 482 888 ad
505 862 577 897 quod
604 870 652 898 per
670 863 734 890 illud
757 863 922 890 contendere
941 865 1059 896 oportet,
1080 868 1142 888 esse
1170 860 1276 892 statuit.
1307 867 1339 886 ac
1356 866 1497 894 perperam
1521 858 1555 885 de
1576 858 1657 885 rebus
1677 858 1835 884 existimat.

187 901 292 933 Etenim
313 908 427 935 rationis
447 910 570 943 quaedam
608 917 705 945 expers
730 910 909 944 temperantia
945 917 971 936 ei
996 917 1011 935 ιι
1029 908 1153 935 carnium
1187 915 1237 935 usu
1259 907 1425 934 abstinentia
1454 907 1591 941 plerisque
1619 909 1661 932 est
1679 904 1835 932 admodum

187 951 292 979 ratione
323 955 480 989 carentibus
506 964 521 983 a
549 963 646 986 natura
680 960 774 986 indita.
813 959 865 987 Sed
896 967 984 993 neque
1018 957 1157 984 cornicem
1200 956 1364 989 laudamus;
1392 963 1442 983 nec
1471 955 1545 982 aliud
1569 954 1706 989 quidpiam
1732 960 1834 979 eorqu

187 1004 247 1031 qua:
270 998 388 1027 nativam
407 1001 477 1029 hanc
500 1004 626 1032 virtutem
649 1007 745 1040 adepta
767 1007 878 1038 fuerint,
899 1006 970 1041 quo-l
991 1004 1141 1040 prudentia
1155 1009 1276 1032 careant.
1290 1003 1350 1030 Vita
1369 1008 1478 1034 autem,
1502 1010 1562 1036 qum
1582 1001 1734 1029 secundum
1749 1009 1834 1033 luen_

187 1046 240 1069 tem
252 1048 304 1076 est,
323 1044 385 1073 ﬂuis
396 1053 438 1075 est
460 1049 591 1078 hominis.
608 1051 684 1079 [lane
700 1061 749 1080 nos
769 1054 843 1080 omni
862 1053 952 1080 studio
970 1058 1147 1086 qua‘ramus;
1175 1054 1202 1077 at
1225 1058 1286 1077 cum
1310 1057 1325 1076 a
1348 1049 1406 1077 Deo
1424 1049 1517 1075 divina
1534 1055 1630 1082 sapere
1645 1047 1832 1082 postulemus,

187 1093 245 1116 tum
276 1090 328 1125 ipsi
343 1099 507 1129 quacunque
535 1098 641 1125 ratione
670 1107 829 1133 possumus,
846 1099 1024 1134 undequnque
1040 1097 1201 1132 sapientiam
1221 1103 1423 1130 comparemus.

414 1140 581 1170 EPISTOLA
600 1144 754 1172 CXXXVII.

525 1188 633 1216 Eidem.

223 1229 322 1258 Audivi
343 1230 492 1267 aliquando
512 1235 667 1269 quempiam
680 1235 826 1268 disertum,
841 1243 873 1263 ac
888 1236 981 1271 copio-

190 1280 250 1300 sum
266 1273 414 1309 hominem,
429 1276 474 1311 qui
490 1277 668 1311 cpistolarum
685 1287 764 1307 usum
781 1281 982 1316 utilitatemque

190 1321 404 1349 commendaret.
423 1321 499 1355 Quod
518 1324 606 1358 ipsum
629 1325 788 1358 multorum,
804 1330 831 1354 et
860 1327 981 1354 admira-

191 1365 286 1392 hilium
303 1373 462 1395 sermonum
480 1373 671 1404 argumentum
688 1371 810 1405 sophista
828 1372 872 1400 ille
901 1372 981 1399 insti-

191 1416 290 1440 tuerat.
311 1412 445 1441 Caeterum
464 1415 524 1449 ejus
536 1416 575 1442 rei
592 1417 760 1450 praeconium
777 1425 840 1444 cum
867 1424 900 1445 ex
920 1417 982 1446 aliis

192 1457 288 1485 multis
302 1458 451 1494 capitibus,
466 1464 524 1486 tum
539 1467 573 1487 ex
598 1460 651 1488 hoc
667 1469 722 1488 uno
741 1462 915 1497 potissimum
935 1471 982 1490 ar-

191 1502 325 1534 cessebat,
346 1504 417 1538 quod
433 1504 577 1539 epistolam
604 1513 686 1541 posse
707 1507 810 1534 diceret
833 1507 981 1535 infelicium

193 1555 316 1575 amorum
336 1556 398 1576 esse
415 1550 556 1583 solatium.
571 1556 600 1578 ut
617 1560 678 1586 quae
690 1560 738 1587 per
753 1553 905 1580 absentiam
918 1562 982 1581 cor-

194 1601 289 1628 porum
304 1596 448 1630 imaginem
465 1598 613 1632 quamdam
632 1598 784 1632 pra'sentiaa
801 1599 924 1631 referret.
935 1607 983 1628 eo-

193 1647 246 1674 que
261 1640 331 1675 ipso,
347 1641 421 1676 quod
434 1642 552 1676 colloqui
568 1643 716 1675 videretur,
737 1644 890 1671 animorum
908 1644 982 1672 desi-

193 1685 301 1713 derium
321 1687 454 1721 expleret.
475 1686 516 1714 0b
528 1687 585 1714 haec
601 1688 685 1723 igitur
697 1689 872 1723 epistolarum
885 1690 982 1717 inven-

194 1731 442 1764 loremlaudabut;
464 1736 546 1767 atque
578 1733 630 1760 hoc
661 1741 763 1761 munus
793 1741 848 1761 non
876 1734 909 1762 ab
927 1735 982 1762 ullo

194 1777 303 1804 homine
325 1777 490 1812 profectum,
521 1779 568 1806 sed
592 1787 606 1805 a
631 1779 684 1806 Deo
710 1780 736 1806 in
767 1779 891 1808 homines
921 1788 982 1808 esse

194 1822 347 1850 derivatum
375 1822 559 1850 existimabat.
600 1823 655 1858 Ego
682 1824 773 1859 itaque
809 1824 903 1852 divino
934 1825 980 1853 illo

195 1867 327 1895 beneﬁcio
343 1867 433 1900 fruor,
450 1873 478 1895 et
493 1868 526 1895 ad
543 1877 605 1896 eum
631 1870 720 1905 ipsum
731 1889 738 1901 ,
761 1877 879 1905 quocum
897 1871 982 1898 collo-

194 1912 242 1947 qui
257 1916 406 1948 oporterct.
423 1913 446 1940 si
467 1913 557 1941 minus
575 1914 693 1948 colloqui
713 1922 836 1949 possum,
852 1917 981 1951 quoniam

196 1959 318 1986 scribere
348 1966 471 1994 possum,
503 1959 604 1993 saepius
632 1959 683 1987 hoc
702 1960 791 1994 facio;
823 1965 860 1993 et,
891 1963 982 1996 quoad

196 2003 255 2031 ﬁeri
275 2011 290 2030 a
306 2012 349 2032 me
365 2008 465 2039 potest,
480 2011 542 2031 cum
562 2013 596 2032 eo
607 2013 712 2039 versor,
729 2007 851 2041 meisque
877 2007 983 2035 deliciis

197 2049 333 2085 perfruor.
348 2049 389 2076 Tu
406 2057 481 2082 vero,
499 2051 551 2078 nisi
566 2051 592 2078 id
611 2051 685 2078 dictu
701 2053 831 2079 acerbum
847 2057 900 2084 est.
926 2053 985 2079 ani-

197 2102 270 2121 mum
287 2101 339 2121 una
358 2101 419 2122 cum
435 2095 495 2123 loco
513 2095 683 2130 disjunxisti.
702 2096 780 2129 Quod
801 2097 824 2123 si
850 2101 876 2124 te
900 2098 933 2124 ab
952 2098 986 2126 iis

196 2140 368 2172 abstrahere.
384 2141 430 2176 qui
445 2140 634 2169 sincerissime
644 2149 675 2168 ac
687 2142 747 2169 sine
761 2142 825 2169 fuco
840 2147 984 2174 amarunt.

195 2193 250 2212 non
268 2185 394 2218 desieris,
409 2185 570 2214 hirundines
588 2186 714 2219 imitaris,
726 2195 787 2222 quae
801 2187 828 2214 in
844 2188 986 2216 hominum

195 2231 270 2258 velut
282 2231 430 2268 amicitiam
450 2239 511 2259 cum
528 2240 594 2260 voce
611 2239 642 2260 ac
657 2232 778 2261 clamore
801 2242 863 2262 sese
891 2235 986 2263 confe-

196 2281 278 2309 runt;
299 2276 410 2305 silentio
429 2284 493 2305 vero
516 2277 680 2313 demigrant.
702 2279 792 2314 Atque
817 2280 881 2313 hoc,
913 2281 984 2316 quod

197 2321 230 2347 ad
245 2321 382 2350 hominem
399 2322 488 2350 adhuc
506 2323 636 2358 pertinet,
653 2323 829 2360 hominisque
848 2327 986 2361 querimo-

196 2368 268 2395 nias.
286 2366 365 2400 ρυοά
380 2368 403 2395 si
418 2376 466 2403 per
495 2368 694 2404 philosophiam
715 2379 776 2406 qua:
794 2371 839 2398 hic
859 2372 985 2406 seiuncta

198 2413 448 2443 sunt,consociasti
461 2422 468 2446 ;
483 2418 509 2440 et
529 2414 645 2440 amicum
661 2414 687 2442 id
712 2423 773 2443 esse
796 2423 893 2450 omne,
912 2418 984 2452 quod

198 2456 343 2485 honestum
353 2461 407 2490 est,
422 2457 503 2492 2⁵15
519 2461 546 2484 et
561 2458 706 2486 honestum
723 2460 794 2487 idem
809 2468 888 2493 esse;
904 2467 985 2497 atque

198 2507 348 2537 utrumque
378 2511 463 2530 unum
495 2511 567 2535 esse,
600 2504 635 2531 de
661 2505 769 2533 dicente
789 2506 864 2534 istud
892 2512 985 2536 mente

198 2548 354 2583 percepisti.
364 2553 441 2576 tuum
455 2549 521 2577 illud
536 2549 570 2576 ad
586 2557 637 2577 nos
652 2551 790 2578 silenlium
799 2560 853 2580 non
865 2554 984 2588 amplius

1282 1141 1457 1169 ΕΠΙΣΤΟΛΗ
1476 1141 1561 1168 ΡΛΖ’.

1357 1186 1400 1220 Τῷ
1412 1186 1503 1218 αὐτῷ.

1069 1235 1196 1261 ’Πκουσά
1208 1242 1256 1260 του
1270 1233 1324 1260 τῶν
1342 1233 1437 1259 δεινῶν
1462 1233 1552 1266 λέγειν
1564 1231 1660 1267 ἁνδρδς
1679 1230 1830 1258 ἐπαινοῦν-

1031 1288 1078 1312 τος
1097 1279 1192 1315 χρείαν
1210 1279 1354 1314 ἐπιστολῆς
1371 1287 1378 1293 ·
1405 1279 1452 1305 καὶ
1465 1278 1539 1304 τοῦτ’
1557 1277 1622 1304 αὐτὸ
1637 1277 1691 1303 τῶν
1707 1276 1828 1307 πολλῶν,

1032 1327 1079 1353 καὶ
1094 1325 1260 1361 Θαυμαστῶν
1276 1325 1364 1359 λόγων
1377 1323 1505 1358 σοφιστὴς
1522 1323 1650 1349 ὑπόθεσιν
1664 1321 1827 1356 ἐπεποίητο.

1039 1371 1212 1406 Ἐχορηγεῖτο
1226 1370 1254 1397 δὲ
1271 1370 1355 1405 αὐτῆς
1368 1370 1399 1396 τὸ
1415 1368 1554 1403 ἐγκώμιον
1572 1368 1691 1403 πολλαχῇ
1711 1368 1762 1402 μὲν
1776 1367 1827 1394 καὶ

1033 1415 1118 1451 ἄλλῃ,
1144 1415 1261 1451 μάλιστα
1275 1415 1304 1441 δὲ
1321 1415 1375 1441 ἀπὸ
1394 1414 1440 1440 τοῦ
1461 1413 1591 1440 δύνασθαι
1610 1413 1660 1448 τὴν
1680 1412 1827 1446 επιστολὴν

1033 1460 1143 1496 ἐρώτων
1167 1460 1219 1487 οὐκ
1244 1460 1431 1495 εὐτυχούντων
1455 1457 1524 1485 εἶναι
1543 1457 1729 1494 παραμυθίαν,
1752 1466 1826 1493 παρ-

1033 1506 1167 1542 εχομένην
1181 1507 1210 1533 ὲν
1229 1506 1349 1541 ἀπουσίᾳ
1367 1506 1502 1541 σωμάτων
1520 1505 1672 1540 φαντασίαν
1687 1504 1736 1539 τῆς
1751 1512 1823 1538 παρ-

1034 1553 1142 1585 ουσίας,
1165 1553 1212 1579 καὶ¹
1231 1552 1270 1588 τῷ
1287 1552 1376 1580 δοκεῖν
1396 1551 1654 1588 προσδιαλέγεσθαι,
1669 1550 1759 1586 ψυχῆς
1779 1551 1827 1576 ὲκ-

1033 1598 1194 1634 πιμπλᾶσαν
1214 1598 1244 1625 τὸ
1265 1598 1417 1633 ὶφιὲμενον.
1439 1597 1532 1624 Ταῦτα
1545 1595 1592 1624 οὖν
1612 1596 1726 1631 ἀνύμνει
1759 1595 1824 1631 [τρ.

1033 1644 1176 1681 ἀνυμνεῖν]
1190 1644 1236 1671 τὸν
1255 1645 1368 1680 εὑρετὴν
1380 1644 1435 1670 τῶν
1450 1643 1622 1679 γραμμάτων
1634 1651 1642 1659 ·
1658 1643 1706 1669 καὶ
1718 1641 1825 1676 ἀνθρώ-

1034 1699 1086 1716 που
1102 1690 1151 1726 μὲν
1165 1690 1272 1722 οὐδενὸς
1283 1690 1372 1724 ⁴ἠξίου,
1388 1688 1455 1715 Θεοῦ
1470 1688 1499 1715 δὲ
1518 1689 1558 1719 εἰς
1574 1687 1734 1723 ἀνθρώπους
1755 1684 1824 1713 εἶναι

1034 1737 1084 1772 τὴν
1100 1736 1185 1764 δόσιν.
1216 1735 1288 1769 Ἐγὼ
1308 1736 1357 1771 μὲν
1371 1733 1417 1761 οὖν
1436 1733 1564 1760 ἀπολαύω
1584 1733 1635 1768 τῆς
1654 1733 1729 1768 ἱερᾶς
1743 1731 1823 1766 τῆσδε

1035 1782 1082 1809 τοῦ
1101 1781 1169 1809 Θεοῦ
1192 1782 1314 1818 χάριτος,
1333 1780 1465 1816 καὶπρὸς
1487 1779 1516 1806 ὃν
1540 1778 1593 1805 ἔδει
1618 1778 1719 1810 λαλεῖν,
1742 1779 1766 1803 εί
1787 1778 1824 1812 μὴ

1035 1829 1153 1864 δύναμαι
1168 1828 1270 1860 λαλεῖν,
1281 1828 1340 1854 ἀλλ’
1355 1827 1448 1862 ἐπειδὴ
1469 1826 1586 1862 γράφειν
1607 1825 1733 1860 δύναμαι,
1751 1825 1825 1860 θαμᾶ

1035 1874 1115 1900 τοῦτο
1127 1873 1198 1900 ποιῶ
1210 1882 1218 1889 ·
1243 1874 1291 1900 καὶ
1312 1873 1382 1900 κατὰ
1403 1873 1434 1899 τὸ
1448 1872 1621 1907 ἐνδεχόμενον
1646 1871 1762 1906 σύνειμι,
1777 1871 1824 1897 καὶ

1036 1918 1165 1945 ἀπολαύω
1178 1918 1232 1944 τῶν
1245 1917 1319 1952 ἐμῶν
1332 1916 1474 1943 παιδικῶν.
1489 1916 1574 1946 Αὐτὸς
1588 1915 1626 1946 δὲ,
1639 1915 1663 1941 εἰ
1679 1915 1716 1950 μὴ
1729 1913 1825 1950 πικρὸν

1037 1963 1134 1996 εἰπεῖν,
1146 1961 1340 1996 συνδιέστησας
1354 1961 1400 1987 καὶ
1416 1960 1456 1995 τῷ
1474 1960 1549 1995 τόπῳ
1561 1959 1611 1994 τὴν
1625 1958 1747 1994 γνώμην.
1766 1958 1824 1985 Κᾶν

1040 2008 1078 2044 μὴ
1093 2007 1186 2043 παύσῃ
1199 2006 1297 2034 σαυτὸν
1307 2006 1434 2040 ἀφέλκων
1448 2005 1501 2032 τῶν
1516 2004 1671 2032 ἀδολὼτατα
1683 2004 1729 2030 καὶ
1742 2003 1825 2038 ἀσκή-

1037 2062 1091 2085 νως
1108 2051 1291 2087 ὴγαπηκότων
1304 2071 1312 2083 ,
1336 2051 1467 2086 ἐμιμήσω
1487 2050 1536 2082 τὰς
1554 2049 1701 2084 χελιδόνας,
1717 2048 1745 2074 αἳ
1767 2049 1825 2077 ταῖς

1035 2099 1089 2126 τῶν
1101 2097 1252 2134 ἀνθρώπων
1266 2094 1322 2124 οἷον
1335 2096 1438 2131 φιλίαις
1450 2094 1625 2126 ὲνοικίζονται
1641 2094 1690 2128 μὲν
1703 2093 1771 2128 μετὰ
1779 2092 1823 2118 τοῦ

1036 2142 1212 2178 φθέγγεσθαι,
1235 2141 1376 2169 σιωπῶσαι
1397 2141 1426 2168 δὲ
1439 2139 1628 2172 ὲξοικίζονται.
1651 2139 1744 2165 Ταῦτα
1758 2137 1822 2173 προς

1035 2188 1179 2224 ἄνθρωπον
1194 2188 1245 2221 ἔτι,
1268 2187 1315 2214 καὶ
1330 2186 1493 2222 ἀνθρωπικὰ
1514 2186 1548 2212 τὰ
1560 2185 1729 2220 ἐγκλήματα.
1748 2184 1778 2210 Εἰ
1795 2183 1821 2209 δὲ

1035 2235 1142 2270 ἧνωσας
1160 2233 1204 2260 διὰ
1219 2232 1376 2268 φιλοσοφίας
1390 2233 1424 2259 τὰ
1437 2231 1521 2267 δεῦρο
1534 2231 1677 2262 διεστῶτα,
1690 2230 1737 2257 καὶ
1750 2229 1822 2264 φίλον

1037 2281 1086 2316 μὲν
1102 2280 1133 2307 τὸ
1149 2279 1241 2312 καλὸν,
1257 2278 1338 2306 καλὸν
1352 2278 1381 2304 δὲ
1396 2277 1427 2304 τὸ
1437 2277 1502 2304 αὑτό
1514 2285 1521 2292 ·
1547 2276 1627 2302 τοῦτο
1639 2275 1668 2302 δὲ
1685 2274 1714 2300 ἓν
1732 2274 1760 2300 ὃν
1779 2273 1823 2300 τοῦ

1035 2326 1081 2352 νοῦ
1095 2325 1150 2362 [γρ.
1164 2325 1223 2361 νῦν]
1232 2325 1356 2359 λέγοντος
1366 2323 1486 2359 ἡκούσας
1500 2323 1557 2357 (75)
1570 2329 1577 2337 ·
1595 2320 1687 2348 οὐκέτι
1699 2320 1822 2355 κρίνομεν

1037 2371 1185 2408 ὑπεροψίαν
1205 2371 1254 2406 τὴν
1273 2370 1341 2404 πρὸς
1353 2369 1426 2404 ἡμᾶς
1443 2368 1558 2403 σιωπὴν,
1575 2366 1644 2394 ἀλλὰ
1659 2365 1822 2401 συνηδόμεθα

1038 2416 1228 2452 φιλοσοφοῦντι
1240 2436 1247 2449 ,
1273 2416 1319 2442 καὶ
1335 2413 1548 2450 παραιτουμένῳ
1567 2412 1616 2447 μὲν
1630 2411 1661 2438 τὸ
1678 2419 1822 2446 μικροπρε-

1039 2463 1181 2494 πεύεσθαι,
1203 2461 1308 2488 συνόντι
1324 2460 1352 2488 δὲ
1365 2460 1404 2495 τῷ
1423 2459 1498 2495 παρὰ
1514 2459 1555 2485 σοὶ¹
1567 2457 1713 2493 κρείττονι,
1727 2457 1782 2488 τοῖς
1795 2457 1821 2482 ὲν

1038 2509 1104 2544 ἡμῖν
1119 2508 1281 2544 κρείττοσιν.
1307 2507 1372 2542 Εῐης
1385 2505 1515 2536 τοιοῦτος,
1533 2503 1637 2538 ἀνδρῶν
1656 2503 1760 2538 ἄριστε,
1779 2502 1822 2528 καὶ

1038 2555 1100 2590 ἐμοὶ
1114 2554 1262 2590 τριπόθητε
1276 2554 1360 2584 ὅντως
1378 2551 1487 2586 ἀδελφέ.

198 2595 334 2630 superbiae
348 2596 451 2630 tribuo,
478 2596 527 2624 sed
542 2597 750 2633 philosophanti
771 2600 820 2628 tibi
845 2601 986 2635 gratulor,
1008 2607 1036 2630 et
1069 2601 1184 2636 objectis
1213 2601 1241 2628 in
1270 2601 1354 2628 rebus
1378 2600 1481 2627 haerere
1518 2597 1698 2630 detrectanti;
1737 2595 1821 2631 idque.

812 2675 902 2703 DION.
924 2677 1060 2706 PETAVII
1079 2678 1194 2706 ΝΟΤᾹΞ.

234 2746 289 2781 (75)
309 2747 364 2786 Tm}
374 2747 431 2774 νοῦ
440 2747 590 2786 ,λέγοντος
604 2748 748 2786 ἤκουσας,
769 2750 904 2786 Suspecta
919 2753 985 2781 mihi

198 2788 252 2821 ναξ
266 2785 308 2809 est
317 2782 375 2823 νού,
388 2789 421 2823 ac
437 2781 584 2823 forte_loco
600 2781 660 2823 ejus
675 2781 832 2823 βεᾴἒςνιδοςξ
844 2788 886 2814 vel
904 2796 984 2823 ποιη-

198 2815 247 2855 seu
263 2816 480 2855 rescribendum.
509 2817 567 2855 lloc
580 2815 655 2855 enim
676 2815 757 2855 istius
776 2815 862 2855 poetae
873 2815 985 2850 carmc'n

199 2853 252 2883 ut,
267 2851 340 2885 quod
361 2849 454 2878 Musas
467 2851 495 2878 in
515 2851 587 2880 Pelei
606 2853 713 2889 nuptiis
729 2849 865 2884 cecinisse
883 2857 932 2891 ait,

1041 2755 1120 2782 Ὄττι
1137 2755 1233 2782 καλὸν
1246 2756 1337 2789 φίλον
1348 2754 1423 2788 ἐστὶ,
1435 2754 1466 2781 τὸ
1480 2753 1506 2780 δ’
1522 2754 1558 2780 οὐ
1573 2753 1669 2780 καλὸν
1683 2753 1787 2822 Ἶιὲσξίξ

1076 2824 1160 2852 Τοῦτ’
1175 2824 1248 2858 ἔπος
1260 2824 1416 2852 ἀθανάτων
1428 2821 1500 2859 ἦλθε
1518 2822 1566 2850 διὰ
1577 2821 1744 2857 στομάτων.

1736 2753 1823 2786 φίλον
