1990 3060
183 180 195 207 1
201 180 253 208 5‘29

755 185 944 215 EPISTOLAE.
960 202 995 208 —
1012 186 1120 216 EPIST.
1137 188 1281 217 CXXXIX.

1741 188 1751 214 I
1758 186 1809 214 530

181 238 255 273 qttod
271 238 298 264 in
316 241 342 265 te
370 239 626 273 praestantissimum
644 244 697 271 est,
714 241 740 268 in
762 242 806 273 iis.
822 251 884 278 quae
907 245 979 278 apud
1017 253 1069 274 nos
1104 246 1332 281 praestantissima
1371 249 1448 279 sunt,
1479 245 1637 282 occupanti.
1667 244 1808 280 Ejusmodi

182 286 287 314 utinam
301 286 350 319 sis,
367 286 507 314 hominum
532 288 645 323 optime.
672 289 875 327 plurimumque
899 293 966 320 mihi
985 295 1105 329 expetite
1118 294 1222 323 fraterl

427 332 605 361 ΕΠΙΣΤΟΛΙΙ
633 335 720 364 ΡΛΗ¹.

503 379 544 413 Τῷ
560 380 640 414 αὐτῷ

219 422 249 449 EI
265 422 391 450 τοσοῦτόν
406 423 464 451 ἐστι
479 425 592 461 κέντρον
609 427 718 460 πειθοῦς
730 429 758 455 ὲν
771 430 826 461 τοῖς
839 429 970 466 γράμμα-

183 474 241 492 σιν·
266 468 290 493 εἰ
314 468 441 496 τοσοῦτον
458 470 486 496 αἰ
505 470 560 497 τῶν
580 471 654 506 ἠθῶν
679 473 782 505 εἰκόνες
806 475 855 510 τῆς
880 474 970 510 ζώσης

181 511 344 546 χηρεύουσαι
358 515 531 550 συμπαθείας
547 517 593 544 καὶ
604 517 714 553 χάριτος
724 539 731 551 ,
744 519 872 555 θέλκτρον
883 521 971 546 ὲνιᾶσι

182 559 239 589 τοῖς
252 558 495 594 ἀναγινώσκουσιν,
511 560 582 598 ἦπου
597 565 713 600 πρᾶγμα
726 565 832 600 ἄμαχον
844 565 876 593 ἃν
887 566 929 601 εἴη
942 566 972 592 τὸ

183 604 404 640 αὐτοπροσώπως
420 607 509 634 αὐτῶν
526 609 727 646 ἐπαφήσασοαι.
746 612 812 646 Ἐμέ
826 612 858 646 γέ
869 621 910 639 τοι
925 612 972 638 καὶ

185 649 279 685 παρὼν
299 651 347 686 μὲν
361 652 438 688 ᾔρεις
451 655 483 689 τῇ
501 654 615 691 γλυκείᾳ
627 657 736 692 Σειρῆνι
752 657 806 684 τῶν
820 658 917 692 λόγων.
934 659 972 685 Οὐ

186 694 239 730 μὴν
256 696 431 732 αἰσχυνθείην
453 699 540 734 ἀληθῆ
565 700 661 734 λέγων,
676 702 714 733 ὡς
728 702 808 738 ἡδίων
827 703 861 730 ἂν
876 704 892 738 ἡ
912 703 973 729 δευ-

183 740 251 776 τέρα
272 749 316 776 μοι
337 745 418 779 πεῖρα
433 745 546 780 γένοιτο.
570 748 607 774 Οὐ
624 748 678 784 γὰρ
693 748 725 774 ἂν
745 749 848 781 γένοιτο
870 749 972 784 ἀγαθοῦ

185 787 337 822 παρόντος,
362 789 455 826 ὥσπερ
477 793 609 825 ἀπόντος,
635 795 674 829 τῷ
699 795 892 831 πεπειραμένῳ
912 805 974 823 συν-

185 832 320 869 αίσθησις.
333 835 385 862 Τοῦ
401 837 450 871 μὲν
463 838 532 874 γὰρ.
550 840 565 874 ἡ
580 839 703 875 συνέχεια
720 841 770 876 τῆς
786 842 972 874 ἀπολαύσεως,

184 879 297 906 κλέπτει
315 881 365 916 τῆς
380 882 549 918 εὐφροσύνης
569 885 618 921 τὴν
644 886 786 921 αἰσθησιν·
807 889 821 914 ὀ
838 888 876 919 δὲ,
903 888 974 914 κατὰ

186 925 284 960 μικρὸν
299 927 442 962 χωρισθεὶς
458 929 511 955 τῶν
531 930 632 966 ἡδέωι,
656 932 736 964 εὐθὺς
752 932 808 968 ἔχει
828 933 974 960 κεντοῦσαν

185 969 218 996 ἐκ
232 971 402 1007 παραλλήλου
417 974 467 1009 τὴν
489 976 601 1011 μνήμην
611 997 618 1009 ,
636 977 699 1004 οἵων
718 978 772 1014 ἄρα
788 979 872 1012 ὅντως
886 980 975 1016 στερί-

185 1024 289 1043 σκεται.
310 1018 418 1051 "axem;
436 1018 492 1052 οὖν,
508 1021 623 1058 φιλτάτη
641 1024 746 1060 κεφαλὴ
757 1045 764 1055 ,
781 1025 827 1052 καὶ
849 1025 973 1060 ἀλλήλοις

186 1062 232 1088 ἐπὶ
251 1063 394 1100 φιλοσοφίᾳ
410 1067 608 1102 συγγενώμεθα
620 1090 627 1101 ,
643 1071 698 1100 tot;
712 1071 889 1106 ὲνηργμένοις
906 1071 973 1107 πρέ-

185 1115 270 1134 ποντα
280 1109 519 1145 ἐποικοδομοῦντες
528 1133 535 1144 ,
546 1114 579 1140 ἵν’
591 1116 623 1141 ἐκ
638 1116 737 1142 τελέων
751 1116 842 1144 τέλεον
868 1118 972 1154 ἐκφανῇ

186 1153 293 1186 κάλλος.
306 1155 372 1182 ἀλλὰ
388 1157 426 1192 μὴ
441 1158 561 1186 κολοϐόν.
576 1161 607 1186 Et
620 1161 659 1193 δὲ,
671 1162 738 1197 ὅπερ
754 1163 920 1198 ἀπεύχεσθαι
934 1163 973 1189 δί-

185 1207 272 1245 καιον,
290 1200 412 1236 ἀλλήλων
427 1203 634 1241 διαμάρτοιμεν,
650 1208 728 1242 δῆλον
744 1209 782 1241 ὡς
796 1210 895 1245 τούμόν
916 1212 973 1238 ἐστι

184 1244 435 1291 τὺλβλαπτόμενον.
461 1250 507 1276 Σοὶ
534 1251 585 1286 μὲν
610 1253 665 1289 γὰρ
690 1254 856 1291 εὐτυχούσης
881 1257 974 1284 ἐνθάδε

186 1289 363 1327 πολυανδρίαν
386 1294 526 1328 παιδείας,
553 1298 710 1326 συνέσονται
733 1301 825 1328 πολλοὶ
847 1302 974 1331 Συνεσιου

185 1337 232 1362 καὶ
248 1337 385 1372 βελτίους,
402 1340 450 1367 καὶ
464 1342 562 1376 ὅμοιοι.
583 1344 613 1370 Ἡ
631 1344 660 1371 δὲ
675 1347 785 1381 πατρὶς,
801 1347 841 1374 ὅτι
858 1349 907 1383 μὲν
926 1359 977 1376 πα-

185 1384 255 1418 τρὶς.
271 1384 333 1420 ἐμοὶ
355 1385 455 1422 τίμιον.
472 1387 544 1423 Πρὸς
565 1389 595 1416 δὲ
614 1390 784 1427 φιλοσοφίαν.
800 1394 851 1421 οὐκ
867 1392 916 1422 οἶδ’
932 1397 977 1422 ὃν-

184 1437 246 1455 τινα
267 1430 368 1466 τρόπον
393 1432 608 1469 ἀπεσκληκότως
633 1435 700 1471 ἔχει.
732 1438 827 1465 Ἔστιν
851 1439 898 1467 οὖν
925 1443 977 1469 οὐκ

185 1476 262 1522 ἀόεὲς
281 1477 424 1513 ἀόοηοήτῳ
441 1479 532 1513 μένειν
543 1500 552 1512 ,
570 1481 620 1508 οὐκ
640 1482 716 1513 ὄντος
732 1483 779 1511 τοῦ
795 1487 980 1522 συγκορυὸαν-

184 1521 308 1554 τιῶντος.
325 1523 356 1549 El
376 1524 403 1550 δὲ
419 1524 451 1560 δὴ
473 1525 520 1552 καὶ
534 1526 646 1562 δοίημεν
662 1525 731 1555 εἶναι
746 1539 834 1563 τινας.

1241 339 1411 369 EPISTOLA
1425 339 1594 369 CXXXVIII.

1358 386 1451 414 Eidem
1457 406 1464 414 .

1057 432 1085 460 Si
1104 437 1196 460 tamus
1211 433 1282 460 inest
1295 432 1388 460 suadae
1401 432 1429 459 in
1441 431 1540 459 litteris
1559 431 1672 458 aculeus
1693 439 1700 458 :
1722 430 1744 457 si
1761 438 1813 456 ex-

1023 486 1124 513 pressae
1135 479 1217 505 animi
1234 486 1266 506 ac
1281 486 1390 506 morum
1405 478 1548 513 imagines,
1562 477 1616 504 vivi
1633 484 1666 504 ac
1698 476 1811 511 spiran-

1023 524 1057 551 tis
1073 524 1187 552 afl'ectus
1212 524 1319 556 inanes,
1352 529 1378 551 et
1405 524 1511 559 gralize,
1542 527 1634 550 tantas
1656 523 1811 557 legentibus

1024 570 1165 598 illecebras
1196 571 1358 602 immittunt,
1377 570 1502 605 profecto
1524 569 1633 597 difﬁcile
1664 568 1808 595 admodum

1023 615 1105 643 fuerit
1119 623 1212 643 coram
1233 616 1288 643 illis
1302 623 1334 642 ae
1351 619 1511 650 praesentem
1537 614 1600 641 frui.
1630 613 1671 641 Me
1687 613 1809 648 quidem,

1025 663 1121 695 fateor,
1143 666 1223 689 antea
1239 662 1405 690 suavissima
1423 661 1559 689 sermonis
1576 661 1613 687 ttti
1633 661 1730 686 Sirene
1743 667 1811 694 prae-

1024 716 1088 737 sens
1115 709 1255 744 capiebas.
1279 708 1465 736 Nihilominus
1492 716 1554 735 vere
1576 707 1627 734 hoc
1661 705 1813 741 piaedicare

1024 764 1078 783 non
1093 757 1220 789 verebor,
1235 757 1352 784 alterum
1389 755 1455 782 mihi
1484 754 1704 789 experimentum
1724 751 1813 778 tnulto

1022 801 1173 835 jucundius
1191 801 1322 828 futurum.
1341 800 1400 828 Non
1417 801 1489 827 enim
1506 799 1649 834 prmseutis
1665 798 1740 826 boni.
1752 804 1814 832 per-

1025 847 1089 874 inde
1104 852 1134 874 ut
1151 847 1285 879 absentis,
1305 847 1329 874 is
1343 847 1389 882 qui
1407 847 1463 881 jatu
1483 845 1653 880 periclitatus
1680 847 1721 870 est
1751 850 1814 870 sen-

1026 901 1087 921 sum
1105 894 1229 928 percipit.
1250 893 1318 920 Nam
1350 893 1389 920 illi
1423 892 1532 919 fruendi
1568 892 1626 926 ipsa
1645 889 1814 925 perpetuitas

1026 940 1172 975 voluptatis
1184 947 1296 967 sensum
1312 939 1419 971 adimit,
1432 938 1476 965 hic
1494 937 1624 973 paulatim
1640 935 1814 970 abjucundis

1026 986 1109 1014 rebus
1125 985 1272 1017 abductus,
1291 984 1384 1013 statim
1414 984 1501 1010 altera
1517 990 1550 1010 ex
1582 985 1660 1017 parte
1686 980 1815 1008 recorda-

1027 1033 1101 1060 tione
1115 1032 1168 1059 ista
1183 1032 1343 1060 stimulatur
1364 1038 1397 1057 ac
1416 1030 1558 1066 pangitur,
1574 1029 1676 1063 quibus
1704 1027 1813 1054 demum

1026 1078 1104 1106 bonis
1120 1078 1274 1107 fraudetur.
1294 1076 1405 1104 Utinam
1423 1083 1490 1110 ergo
1503 1075 1536 1102 ad
1557 1082 1608 1102 nos
1621 1074 1717 1101 venias
1746 1072 1816 1099 ami-

1026 1126 1169 1153 cissimum
1186 1128 1279 1160 caput,
1304 1127 1472 1156 mutuosque
1486 1123 1521 1149 de
1549 1119 1721 1156 philosophia
1748 1125 1816 1145 eon-

1026 1177 1139 1206 gressus
1158 1177 1190 1196 ac
1207 1169 1344 1204 colloquia
1359 1169 1541 1199 celebremus,
1560 1169 1746 1193 consentanea
1769 1163 1814 1194 iis.

1027 1215 1154 1251 quazjam
1172 1215 1299 1242 inchoata
1315 1218 1379 1242 sunt
1409 1217 1574 1243 astruentes,
1594 1214 1624 1237 ut
1639 1217 1672 1236 ex
1687 1209 1817 1244 perfectis

1029 1270 1083 1289 non
1102 1268 1212 1292 manca,
1231 1261 1279 1288 sed
1296 1260 1416 1295 perfecta
1433 1259 1615 1292 absolutaque
1640 1254 1816 1290 pulchritudo

1028 1308 1193 1342 consurgat!
1213 1307 1267 1334 Sed
1285 1307 1318 1339 si,
1335 1306 1408 1340 quod
1431 1305 1573 1340 deprecari
1603 1303 1701 1330 merito
1717 1308 1819 1328 conve-

1028 1356 1079 1387 nit,
1096 1357 1192 1381 mutuo
1205 1354 1346 1381 consortio
1361 1352 1511 1387 privemur,
1527 1350 1599 1377 haud
1615 1349 1740 1378 dubium,
1750 1347 1818 1381 quin

1029 1400 1056 1427 iu
1075 1399 1211 1434 tneipsum
1229 1397 1425 1425 detrimentum
1443 1403 1525 1424 omne
1541 1394 1657 1422 recidat.
1671 1391 1739 1419 Nam
1756 1391 1818 1422 tibi,

1032 1445 1054 1473 si
1072 1445 1127 1471 illic
1135 1443 1470 1478 disciplinaamultitudine
1484 1442 1625 1469 hominum
1635 1437 1819 1468 cﬁloruerint.

1032 1491 1180 1518 multorum
1203 1490 1320 1525 Synesio
1343 1493 1371 1516 et
1389 1488 1534 1516 meliorum
1562 1490 1591 1513 et
1606 1485 1738 1513 similium
1766 1483 1821 1511 erit

1031 1537 1111 1570 copia
1139 1536 1304 1570 quibuscum
1332 1541 1509 1563 consuescas.
1534 1532 1600 1559 Mihi
1629 1538 1694 1558 vero
1719 1529 1819 1564 patria,

186 1573 322 1618 quatenus
338 1571 447 1606 quidem
465 1573 553 1607 patria
569 1579 623 1607 est,
639 1575 719 1612 longe
734 1581 776 1605 est
789 1579 964 1611 charissima.
980 1582 1115 1611 Caeterum
1128 1583 1224 1611 nescio
1245 1591 1300 1618 qtto
1315 1586 1394 1617 pacto
1414 1580 1446 1608 ad
1460 1579 1662 1615 philosophiam
1675 1576 1818 1605 οὺάιιτυίι·

187 1616 277 1649 Quare
304 1618 417 1646 tuinitne
434 1623 522 1647 tutum
542 1624 584 1649 est
612 1623 672 1651 sine
699 1624 818 1659 alicujus
842 1627 945 1654 auxilio
963 1637 1143 1663 permanere,
1161 1630 1183 1658 si
1203 1616 1261 1656 non
1275 1616 1376 1664 sitiqui
1396 1627 1493 1655 iisdem
1517 1625 1601 1654 veluti
1631 1625 1819 1660 Corybantum

187 1664 274 1692 sacris
308 1665 437 1693 insaniat.
475 1669 565 1703 Atque
581 1673 686 1697 utesse
702 1671 809 1706 aliquos
836 1673 944 1706 demus,

223 1712 289 1746 Πῶς
306 1712 345 1740 ἂν
361 1713 452 1740 ἔπειτ’
469 1714 614 1750 Ὀδυσῆος
630 1715 687 1750 ἐγὼ
706 1718 797 1744 θείοιο
815 1720 977 1754 λαθοίμην;

1069 1720 1121 1752 Qui
1148 1718 1253 1746 tandem
1267 1726 1323 1745 esse
1351 1725 1445 1753 qucum
1464 1716 1546 1743 divini
1572 1715 1668 1742 oblitus
1686 1713 1789 1749 Ulysn‘s
1801 1714 1815 1743 2‘

188 1758 256 1794 πρὸς
271 1760 346 1786 ποῖον
359 1760 422 1787 ἄλλο
432 1762 544 1796 πυρεῖον
557 1763 746 1798 παρατριὸεὶς,
761 1765 830 1799 μετὰ
839 1766 887 1800 τὴν
903 1766 978 1802 ἱεράν

190 1813 236 1832 σου
257 1805 357 1841 ψυχὴν,
376 1806 539 1842 ἁποτέκοιμι
554 1808 601 1834 τοῦ
622 1808 667 1835 νοῦ
683 1810 826 1842 φωτοειδὲς
848 1811 976 1846 ἑγγονον;

190 1850 238 1883 Τίς
263 1851 348 1883 οὕτως
373 1850 428 1884 οἷος
452 1853 575 1888 σφοδρῶς
606 1855 742 1890 σπινθῆρα
766 1857 977 1891 κεκρυμμένον,

191 1897 238 1923 καὶ
252 1897 402 1931 ἀγαπῶντα
418 1898 561 1925 λανθάνειν
579 1902 714 1935 μηχαναῖς
731 1902 850 1934 ἁπάσαις
869 1903 980 1930 ἐκκαλέ-

193 1943 302 1972 σασθαι.
325 1944 372 1970 καὶ
394 1943 503 1978 ἐξάψαι,
530 1945 577 1972 καὶ
599 1945 656 1981 πῦρ
679 1945 804 1982 λαμπρὸν
827 1949 978 1981 ἀναδεῖξαι;

192 1988 258 2020 Θεὸς
271 1986 317 2015 οὖν
331 1989 433 2025 ἀμφοῖν
445 1990 546 2017 ἀποῦσί
566 1999 594 2018 τε
605 1992 652 2018 καλ¹
664 1992 772 2019 συνοῦσι
787 1994 897 2029 παρείη·
912 1995 979 2022 Θεοῦ

191 2034 220 2061 δὲ
233 2034 375 2069 παρόντος.
395 2036 468 2063 ἅπαν
492 2036 594 2072 ἄπορον
618 2038 745 2073 πόριμον.
774 2039 909 2075 Ἔρρωσθ,
933 2042 980 2068 καὶ

194 2080 341 2115 φιλοσόφει,
358 2082 446 2108 καὶτὸ
462 2083 492 2109 ὲν
506 2083 597 2119 σαυτῷ
616 2084 685 2111 θεῖον
701 2084 785 2118 ἄναγε
803 2086 848 2112 ἐπὶ
862 2086 893 2112 τὸ
908 2096 981 2123 πρω-

194 2126 301 2159 τόγονον
323 2127 385 2163 [γρ.
408 2129 559 2165 πρόγονον]
589 2129 670 2157 θεῖον.
696 2131 786 2157 Καλὸν
811 2131 862 2158 ἀνὰ
890 2134 981 2159 πᾶσαν

194 2170 264 2205 ἐμὴν
277 2171 430 2207 ὲπιστολὴν,
450 2173 529 2200 τοῦτο
550 2174 614 2209 παρ’
631 2174 699 2210 ἐμοῦ
719 2176 752 2210 τῇ
768 2176 846 2212 τιμία
863 2176 909 2203 σοῦ
928 2178 982 2204 δια-

196 2215 269 2242 θέσει
284 2217 382 2251 λέγειν,
397 2219 411 2244 ὅ
426 2227 492 2253 φασι
506 2219 553 2246 τὸν
567 2220 700 2247 Πλωτῖνον
713 2222 799 2248 εἰπεῖν
812 2223 869 2254 τοῖς
890 2231 978 2258 παρα-

195 2263 361 2298 γενομένοις,
381 2265 529 2292 ἀναλύοντα
542 2266 591 2301 τὴν
605 2266 695 2302 ψυχὴν
712 2267 766 2293 ἀπὸ
781 2267 828 2294 τοῦ
844 2269 980 2303 σώματος.

1032 1765 1142 1792 cuinatn
1170 1764 1249 1791 alteri
1279 1763 1397 1798 igniario
1423 1762 1653 1793 aﬂ'ricatus,eum
1670 1760 1704 1786 ab
1735 1766 1819 1787 sacro

1031 1815 1078 1837 ttto
1091 1811 1182 1837 anitno
1213 1810 1380 1841 discessero,
1411 1808 1533 1835 lucidum
1568 1814 1600 1833 ae
1641 1805 1822 1841 splendidum

1031 1857 1132 1885 mentis
1146 1856 1231 1884 fetum
1254 1855 1397 1891 parerem?
1413 1854 1481 1887 Quis
1492 1857 1548 1881 tam
1564 1853 1741 1880 vehementer
1768 1850 1820 1877 ab»

1029 1903 1123 1933 dium,
1140 1910 1172 1930 ac
1189 1901 1301 1929 latebris
1313 1900 1476 1936 gaudentem
1503 1899 1651 1926 scintillam
1679 1896 1823 1923 machinis.

1031 1948 1160 1975 omnibus
1189 1948 1276 1982 possit
1298 1947 1422 1974 elicere?
1453 1945 1516 1981 quis
1542 1942 1729 1972 succendere?
1759 1943 1830 1976 quis.

1032 1994 1200 2021 luculentum
1230 2000 1263 2020 ac
1289 1993 1434 2028 copiosum
1461 1992 1552 2027 ignem
1570 1989 1694 2018 elﬁcere?
1727 1988 1829 2022 Itaque

1031 2040 1090 2067 sive
1104 2039 1279 2072 absentibus,
1300 2039 1358 2066 sive
1382 2046 1437 2066 una
1466 2036 1627 2072 degentibus
1643 2034 1723 2063 nobis
1752 2033 1830 2061 Deus.

1031 2093 1142 2121 semper
1159 2086 1250 2119 adsit;
1275 2088 1411 2121 praesente
1423 2091 1489 2112 vero
1509 2083 1575 2115 Deo,
1594 2082 1675 2110 etiam
1691 2079 1762 2116 quod
1779 2081 1823 2107 in.-

1031 2132 1193 2160 extricabile
1207 2137 1258 2164 est,
1271 2131 1402 2166 explicari
1416 2130 1494 2157 facile
1510 2132 1613 2165 potest.
1630 2127 1708 2159 Vale,
1722 2131 1749 2153 et
1764 2126 1830 2160 pltim

1033 2178 1273 2214 losophare,276
1281 2185 1312 2205 ae
1320 2177 1392 2212 qttod
1404 2177 1528 2204 divinum
1538 2176 1566 2203 in
1575 2180 1601 2202 te
1609 2177 1651 2201 est
1658 2173 1691 2201 ad
1700 2173 1826 2200 divinum

1033 2224 1100 2251 illttd
1120 2224 1188 2252 effer
1213 2223 1407 2259 primigenium
1436 2227 1464 2250 et
1480 2221 1716 2257 antiquissimum.
1746 2217 1827 2253 Oplh

1037 2278 1111 2297 mum
1128 2274 1171 2298 est
1186 2270 1315 2298 omnibus
1329 2270 1398 2297 meis
1419 2269 1446 2296 in
1465 2268 1564 2296 litteris
1595 2266 1712 2302 egregiae
1741 2263 1827 2293 animi

197 2311 235 2337 tui
253 2311 388 2338 all'et'tioni
407 2312 478 2340 istud
509 2321 523 2340 a
542 2322 584 2341 me
602 2314 668 2346 diei,
699 2315 774 2350 quod
795 2316 828 2342 ad
845 2324 904 2349 eos,
932 2318 979 2352 qui
997 2318 1124 2352 aderant,
1153 2318 1292 2346 Plotinum
1324 2324 1473 2353 usurpasse
1492 2317 1593 2346 ferunt.
1610 2322 1673 2343 cum
1698 2321 1713 2340 a
1731 2321 1826 2348 corpo-

197 2365 226 2384 te
237 2358 359 2384 animum
380 2364 516 2386 avocaret.

447 2405 620 2434 ΕΠΙΣΤΟΛΗ
640 2408 734 2434 PAB”

514 2452 555 2484 Τῷ
576 2453 665 2486 αὐτῷ.

233 2495 294 2523 Τῶν
311 2495 421 2532 ἐρώτων
438 2497 463 2523 οἱ
488 2497 537 2532 μὲν
551 2500 638 2534 χαμαὶ
654 2500 805 2535 ὲρχομένας
820 2503 866 2529 καὶ
882 2502 988 2538 ἀνθρωα

201 2542 284 2573 miti;
298 2542 346 2574 τὰς
361 2543 448 2578 ἀρχὰς
461 2543 578 2579 ἔχοντες,
587 2545 715 2580 ἀπεχθεῖς
725 2547 753 2572 τέ
767 2548 830 2579 εἰσι,
841 2548 886 2575 καὶ
896 2548 987 2584 ἐξίτη-

199 2587 249 2619 λοι,
270 2590 303 2622 τῇ
326 2589 462 2625 παρουσίᾳ
481 2590 549 2626 μόνῃ
566 2591 614 2617 καὶ
636 2591 712 2627 μόλις
733 2593 917 2628 μετρούμενοι.
939 2592 987 2626 οἷς

199 2633 228 2660 δὲ
251 2634 265 2660 ὀ
283 2634 403 2669 ἐφεστὼς
421 2635 547 2670 βραῦεύει
572 2637 656 2670 Θεὸς,
675 2637 747 2664 κατὰ
770 2639 820 2674 τὴν
842 2639 988 2666 θεσπεσεαν

201 2679 344 2711 Πλάτωνος
359 2681 461 2716 φωνὴν,
479 2681 610 2716 συν-τήξας
626 2683 659 2717 τῇ
675 2682 768 2718 τέχνῃ,
781 2683 828 2710 καὶ
844 2684 892 2711 ἕνα
905 2685 989 2719 ἄμφω

202 2727 318 2761 ποιήσας
333 2727 396 2758 τοὺς
411 2727 592 2762 ἀντερῶν-τας,
606 2724 679 2755 οὗτοι
695 2729 743 2756 καὶ
757 2729 863 2765 χρόνου,
881 2731 928 2757 καὶ
942 2730 988 2756 τό-

203 2780 254 2797 που
279 2771 359 2805 φύσιν
378 2771 544 2807 ἐλέγχουσιν.
563 2773 645 2801 Οὐδὲν
667 2774 721 2808 γὰρ
739 2774 866 2810 ἐμποδὼν
889 2775 989 2811 ψυχαῖς

204 2816 361 2851 ἐφιεμέναις
373 2816 495 2852 ἀλλήλων
510 2818 640 2854 ἀρρήτοις
654 2819 772 2852 συνόδοις
787 2819 871 2855 ὁμόσε
891 2822 989 2856 χωρεῖν

206 2863 251 2889 καὶ
277 2863 490 2897 συμπλέκεσθαι.
518 2864 637 2891 Ἐκεῖθέν
653 2864 735 2892 ποθεν
757 2865 890 2901 ἠρτῆσθαι
906 2865 946 2892 δεῖ
959 2866 990 2892 τὸ

206 2908 354 2945 ἡμέτερον,
381 2909 406 2935 εἰ
424 2909 462 2945 μὴ
484 2909 518 2936 τὰ
541 2909 697 2945 φιλοσοφίας
719 2912 831 2947 τροφεῖα
847 2911 989 2948 μέλλοιμεν

1263 2410 1431 2439 EPISTOLA
1450 2409 1584 2438 CXXXIX
1590 2430 1598 2439 .

1384 2456 1487 2484 Eidem.

1074 2501 1104 2530 In
1121 2509 1245 2530 amorum
1264 2510 1365 2538 genere
1384 2502 1431 2538 qui
1445 2510 1478 2529 ex
1492 2501 1654 2533 humilibus,
1679 2499 1824 2528 humanis-

1040 2556 1092 2583 que
1104 2550 1196 2577 causis
1210 2550 1377 2582 excitantur,
1394 2548 1482 2576 odiosi
1496 2552 1571 2579 sunt,
1584 2552 1611 2575 et
1627 2547 1826 2577 exolescentcs.

1041 2602 1109 2630 quos
1134 2596 1192 2623 sola
1209 2596 1364 2630 prtesentia,
1381 2601 1431 2622 nec
1457 2594 1511 2621 nisi
1527 2593 1684 2625 difﬁculter,
1710 2592 1830 2619 metiun-

1042 2646 1095 2668 lur.
1111 2641 1188 2673 Quos
1207 2645 1297 2668 autem
1323 2641 1459 2668 assistens
1474 2639 1581 2667 Numen
1603 2639 1771 2669 moderatur,
1796 2645 1829 2665 ac

1042 2685 1122 2721 regit,
1135 2685 1215 2720 juxta
1230 2684 1354 2712 divinum
1372 2684 1495 2712 Platonis
1509 2684 1663 2716 oraculum,
1680 2683 1751 2710 miro
1760 2690 1830 2717 quo-

1040 2728 1104 2755 dam
1121 2728 1240 2756 artiﬁcio
1254 2728 1420 2763 colliquans,
1441 2735 1581 2762 unutnque
1593 2735 1608 2755 e
1626 2727 1736 2755 duobus
1766 2736 1829 2754 tnu-

1042 2778 1089 2800 tuo
1101 2780 1163 2801 sese
1178 2777 1301 2800 amantes
1318 2772 1460 2800 efﬁciens:
1477 2772 1636 2800 istiusmodi
1651 2776 1679 2799 et
1696 2773 1828 2806 temporis

1041 2822 1069 2846 ct
1098 2818 1150 2846 loci
1179 2824 1307 2846 naturam
1339 2818 1503 2846 imbecillam
1532 2819 1722 2853 comprobant.
1754 2817 1829 2844 Nihil

1040 2864 1114 2891 enim
1132 2864 1242 2892 obstare
1258 2868 1347 2899 potest
1363 2865 1462 2892 animis
1483 2864 1525 2892 stti
1541 2864 1658 2891 invicem
1688 2862 1829 2890 desiderio

1044 2911 1235 2946 ﬂagrantibus,
1252 2911 1400 2946 quominus
1433 2910 1548 2938 secretis
1566 2909 1732 2946 quibusdam
1760 2915 1831 2934 conv
