1990 3060
170 154 236 183 1531

168 221 359 257 gressionibus
373 227 426 248 una
442 221 620 254 conveniant,
628 225 780 258 mutuoque
792 222 956 258 jungantur.
973 224 996 252 Α

170 267 236 295 Inde
250 267 379 294 nimirum
395 267 523 295 alicunde
545 267 700 295 devinctam
731 276 794 296 esse
812 269 963 296 necessitu-

170 313 262 340 dinem
280 317 406 340 nostram
419 318 540 348 oportet,
555 313 580 341 si
594 313 664 342 nihil
685 314 868 350 philosophiae
896 315 963 342 edu-

169 360 278 387 catione
292 359 433 395 indignum
447 360 564 388 velimus
572 360 727 394 admittere,
736 361 864 389 sensibus
875 361 962 394 afﬁxi,

170 409 199 430 ut
219 410 281 430 cum
300 403 352 439 ipsi
377 404 413 431 ab
429 404 563 440 subjectis
579 405 744 440 corporibus
770 414 824 434 non
845 406 962 441 pulsan-

170 451 227 479 tur,
260 448 415 476 animorum
448 457 615 485 respuamus
647 451 833 486 praesentiam.
859 451 963 486 Ecquid

170 493 255 528 Igitur
293 494 456 528 quiritaris?
498 496 562 530 quid
596 496 702 523 litteras
739 499 802 524 tuas
833 496 962 532 lacrymis

171 539 326 575 respergis?
361 539 390 567 Si
418 541 490 568 enim
522 541 608 568 nostri
644 541 885 569 commiseratione
914 542 962 570 ad-

169 584 271 612 ductus
305 585 331 612 id
357 585 436 618 facis,
461 586 535 621 quod
565 586 685 613 nondum
714 587 960 622 philosophantur;

171 629 323 664 praesertim
353 638 416 658 cum
454 631 481 658 id
515 638 595 667 agere
631 632 784 665 videamur,
819 637 847 660 et
879 633 962 668 proﬁ-

170 679 295 703 teantur:
314 683 378 704 vere
406 684 421 703 a
442 680 468 703 te
494 677 634 712 deplorari
658 677 731 705 istud
754 685 886 713 agnosco.
911 678 961 706 Sin

172 721 235 749 ideo
262 723 454 758 conquereris.
481 723 555 758 quod
586 723 765 752 familiaritati
791 729 893 753 nostra:
912 733 961 761 pa-

171 775 234 794 rum
249 775 328 802 aequa
346 776 407 796 sors
423 768 551 803 iniuriam
580 769 676 797 fecerit
705 770 742 805 (id
757 770 831 798 enim
860 771 962 799 littoris

172 813 227 840 tuis
244 814 313 842 velle
328 814 376 841 tibi
387 815 465 843 visus
481 814 535 850 es),
548 815 682 843 muliebre
697 823 776 849 sane,
794 823 826 844 ac
854 817 962 851 puerile

170 865 224 892 est,
244 868 337 888 amare
353 861 417 893 ista,
436 861 463 888 in
481 861 582 897 quibus
606 862 784 890 consiliorum
802 867 960 891 nostrorum

172 906 273 934 ﬁnibus
288 906 400 934 obstare
414 895 497 934 casus
511 907 623 942 aliquis,
636 915 668 935 ac
681 908 840 936 disturbare
861 909 959 944 possit.
976 895 997 922 Β

172 951 228 987 Ego
243 960 308 980 vero
323 961 431 981 sacrum
448 954 515 982 illud
531 959 624 990 caput,
638 954 836 983 Herculianum
847 964 960 984 sursum

172 999 295 1033 aspicere
309 999 418 1031 vellem,
428 1003 571 1036 totumque
584 1001 610 1028 in
625 1009 717 1029 rerum
729 1003 962 1038 contemplatione

171 1052 203 1071 :zc
219 1044 374 1072 mortalium
391 1046 523 1078 omnium,
540 1051 622 1082 atque
637 1048 805 1076 caducorum
818 1049 963 1084 principiis

169 1089 381 1118 considerandis
397 1098 458 1119 esse
480 1092 617 1126 deﬁxum;
650 1094 769 1121 virtutes
783 1101 831 1122 eas
855 1093 962 1128 jamdiu

172 1145 395 1173 supergressum,
416 1146 477 1173 qua:
491 1137 634 1166 adlinﬁma
649 1147 791 1173 conversa:
799 1148 842 1168 res
853 1146 964 1168 nostras

170 1182 337 1218 gubernant.
353 1183 392 1211 Ac
402 1188 531 1219 tanquam
545 1185 569 1212 is
584 1185 721 1220 ejusmodi
738 1187 784 1220 sit,
798 1187 845 1220 ita,
857 1194 920 1214 cum
929 1187 963 1215 ad

170 1237 233 1256 eum
254 1230 357 1262 scribo,
372 1231 549 1259 salutationis
565 1231 615 1260 hac
632 1236 696 1259 utor
720 1231 849 1266 formula,
874 1242 965 1268 sapere

171 1278 294 1307 multum,
316 1284 369 1304 non
383 1277 494 1310 saluere,
507 1282 555 1305 aut
569 1278 684 1313 feliciter
696 1287 782 1314 agere,
800 1281 874 1314 quod
890 1280 965 1307 vide-

172 1324 218 1348 tur
233 1321 412 1349 moderatius.
435 1321 577 1358 Siquidem
595 1324 752 1351 actionibus
769 1324 873 1352 nostris
894 1324 965 1351 infe-

173 1367 230 1394 rior
246 1375 324 1395 mens
340 1368 478 1403 praesidet,
494 1377 578 1404 quam
586 1370 701 1397 minime
710 1370 782 1405 apud
797 1376 823 1397 te
838 1370 965 1398 obrutam

172 1424 204 1445 ac
213 1416 354 1452 defossam
363 1423 425 1444 esse
439 1415 594 1451 cupiebam.
604 1416 663 1449 Qua
671 1416 707 1444 de
721 1424 750 1444 re
763 1417 965 1452 quamplurima

172 1462 244 1498 apud
260 1465 288 1489 te
301 1461 409 1489 duabus
427 1461 567 1496 prioribus
583 1461 708 1496 epistolis
729 1461 864 1493 disserui;
895 1469 964 1497 qua-

173 1516 235 1536 rum
261 1513 387 1535 neutram
420 1506 451 1538 ii,
469 1507 569 1542 quibus
602 1507 740 1538 dederam,
767 1507 815 1534 tibi
843 1507 968 1536 reddide-

699 159 838 189 SYNESII
857 160 1092 190 PTOLEMAIDIS
1108 163 1262 194 EPISCOPI

1739 171 1751 198 1
1757 169 1820 197 532

1009 223 1167 259 αἰσχύνειν,
1183 226 1310 262 αῐσθησιν
1329 227 1505 262 ἀγαπῶντες,
1523 229 1571 256 καὶ
1592 230 1657 257 ὅταν
1674 230 1746 267 αὐτὴ
1770 231 1818 266 μὴ

1014 268 1068 296 ὑπὸ
1092 271 1227 305 σωμάτων
1250 271 1454 308 θυροκοπῆται,
1482 274 1570 312 ψυχῆς
1594 276 1746 311 παρουσίαν
1777 277 1816 303 οὐ

1013 316 1198 351 προσιέμενοι.
1217 317 1251 344 Τί
1267 315 1313 345 οὖν
1328 319 1434 354 ποτνιᾷ,
1449 319 1496 346 καὶ
1511 321 1570 351 ταῖς
1583 320 1739 352 ἐπιστολαῖς
1751 320 1815 347 τῶν

1013 360 1138 397 δακρύων
1152 363 1259 398 ἐγχεϊς;
1277 364 1308 390 Et
1328 364 1377 399 μὲν
1392 365 1446 401 γὰρ
1464 366 1538 401 ἡμᾶς
1554 366 1648 400 ἐλεῶν,
1665 367 1706 394 ὅτι
1723 368 1815 403 μήπω

1014 407 1222 444 φιλοσοφοῦμεν,
1246 410 1294 437 καὶ¹
1316 410 1403 438 ταῦτα
1419 411 1576 446 δοκοῦντες,
1602 414 1650 440 καὶ¹
1670 413 1813 448 λέγοντες,

1013 452 1186 488 ἑπιγινώσκω
1204 455 1251 482 τοῦ
1268 455 1367 492 θρήνου
1383 458 1433 492 τὴν
1450 458 1587 494 ἀλήθειαν.
1608 460 1639 486 Et
1655 459 1677 486 δ’
1696 461 1736 487 ὄτι
1756 460 1812 495 τὴν

1014 500 1157 527 συνουσίαν
1172 500 1251 536 ἡμῶν
1273 501 1402 537 ἠδίκησεν
1423 503 1558 539 ἀγνώμων
1576 505 1593 539 ἡ
1610 504 1695 539 τύχη·
1714 504 1812 541 (τοῦτο

1012 545 1067 581 γάρ
1083 554 1124 573 σοι
1139 546 1194 573 τῶν
1209 547 1357 588 ξπιστολῶν
1373 549 1403 574 τδ
1419 549 1571 585 βούλημα·)
1588 549 1655 585 θῆλυ
1676 550 1723 576 καὶ
1741 559 1811 576 παι-

1012 590 1141 626 δαριῶδες
1155 592 1186 619 τδ
1199 593 1286 620 ταῦτα
1301 593 1421 630 ἀγαπᾷν.
1437 594 1480 629 ἐφ’
1496 592 1534 622 ὧν
1548 595 1660 622 δύναται
1675 595 1810 630 βλάπτειν

1012 637 1026 663 ὁ
1041 637 1146 672 δαίμων
1165 638 1200 665 τὰ
1223 638 1288 673 τέλη
1311 639 1366 666 τῶν
1387 640 1584 675 προαιρέσεων,
1617 640 1686 676 Ἐγὼ
1708 641 1736 668 δὲ
1755 641 1810 676 τὴν

1014 683 1090 719 ίερὰν
1113 684 1246 720 κεφαλὴν,
1279 685 1471 721 Ἐρκουλιανὸν
1496 686 1588 722 ἠξίουν
1611 687 1668 714 ἄνω
1685 687 1807 723 βλέπειν,

1012 730 1060 756 καὶ
1074 729 1134 756 ὅλον
1146 728 1215 757 εἶναι
1227 730 1329 766 θεωρὸν
1340 731 1393 758 τῶν
1406 731 1502 765 ὄντων,
1514 733 1561 759 καὶ
1574 733 1624 768 τῆς
1634 734 1687 760 τῶν
1700 733 1809 769 θνητῶν

1011 773 1100 809 ἀρχῆς
1111 774 1160 806 τὰς
1172 775 1272 810 ἀρετὰς
1281 775 1423 808 διαϐάντα,
1434 777 1481 803 καὶ
1492 777 1575 804 πάλαι
1585 777 1634 809 τὰς
1644 778 1809 814 ἀπεστραμ-

1014 819 1098 854 μένας
1112 821 1160 847 καὶ
1172 821 1327 856 κοσμούσας
1338 822 1372 849 τά
1383 823 1472 859 δεῦρο.
1487 823 1541 849 Καὶ
1552 823 1594 855 ὼς
1600 824 1669 859 πρὸς
1683 824 1808 851 τοιοῦτόν

1014 873 1059 900 μοι
1075 865 1125 901 τῆς
1139 867 1283 903 ἐπιστολῆς
1303 868 1334 894 τδ
1363 868 1511 905 πρόσρημα
1527 868 1594 905 (76)·
1610 870 1710 896 πολλὰ
1730 878 1806 905 φρο-

1011 911 1091 938 νεῖν’
1111 911 1141 938 οὐ
1162 912 1294 947 xit/patr,
1312 913 1373 940 οὐδὲ
1392 912 1426 941 εὖ
1441 905 1592 949 πράττειν,
1608 915 1638 941 τὸ
1657 914 1807 951 μετριώτε-

1013 965 1070 992 ρον,
1097 957 1254 984 Ἐπιστατεί
1271 958 1326 994 γὰρ
1344 959 1459 995 πράξεσι
1476 959 1538 991 νοῦς
1560 959 1688 991 ἐλάττων,
1706 960 1755 995 οὐχ
1774 959 1807 986 ὃν

1012 1002 1104 1036 ἠξίουν
1120 1003 1310 1039 ἀνακεχῶσθαι
1324 1004 1400 1040 παρὰ
1413 1005 1467 1031 σοί.
1486 1005 1553 1040 Περὶ
1569 1002 1599 1032 οὗ
1617 1013 1657 1031 σοι
1673 1005 1721 1031 aut
1733 1005 1809 1039 πάμ-

1013 1048 1098 1075 πολλα
1114 1048 1159 1076 διὰ
1171 1049 1217 1076 δύο
1229 1049 1284 1076 τῶν
1301 1050 1418 1086 πρώτων
1433 1050 1584 1078 ἐπιστολῶν
1597 1050 1745 1086 διελέχθην·
1765 1047 1807 1077 ὦν

1013 1094 1140 1130 οὐδεμίαν
1150 1096 1175 1122 οἱ
1183 1095 1312 1127 λαϐόντες
1322 1095 1527 1123 ὲπιδεόώκασιν.
1536 1096 1612 1122 Ἐπεί
1622 1104 1663 1122 τοι
1676 1095 1805 1131 πέμπτην

1013 1140 1115 1175 ταύτην
1134 1141 1269 1176 ὲκπέμπω
1295 1141 1344 1177 τὴν
1368 1141 1524 1177 ἐπιστολήν.
1547 1140 1616 1167 Ἀλλ’
1632 1140 1687 1167 εἱθε
1704 1141 1740 1176 μὴ
1757 1141 1807 1168 καὶ

1013 1187 1116 1222 ταύτην
1132 1187 1230 1222 μάτην,
1241 1187 1346 1221 γένοιτο
1358 1187 1381 1213 δ’
1392 1187 1425 1214 ἂν
1438 1187 1468 1213 οὺ
1484 1187 1583 1222 μάτην,
1596 1187 1620 1213 εἰ
1635 1187 1741 1222 πρῶτον
1755 1185 1806 1221 μὲν

1015 1233 1161 1268 ἐπιδοθείη.
1177 1233 1215 1260 Τὸ
1231 1232 1260 1260 δὲ
1276 1233 1321 1259 ἐπὶ
1338 1233 1441 1268 τούτῳ,
1457 1234 1504 1259 καὶ
1519 1233 1615 1259 τούτου
1632 1232 1806 1268 σεμνότερον,

1015 1278 1242 1314 κατανουθετήσει
1269 1286 1310 1310 σε,
1339 1279 1386 1304 καὶ
1410 1278 1615 1313 παιδαγωγήσει
1627 1297 1635 1309 ,
1653 1277 1700 1304 καὶ
1715 1277 1807 1302 πείσει

1017 1324 1172 1359 μεταθεῖναι
1191 1323 1240 1361 τὴν
1254 1323 1301 1351 τοῦ
1317 1323 1442 1360 σώματος
1467 1324 1542 1359 ἰσχὺν
1559 1324 1606 1350 ἐπὶ
1621 1323 1670 1358 τὴν
1686 1322 1736 1357 τῆς
1752 1321 1806 1356 ψυ-

1016 1371 1066 1406 χῆς
1080 1370 1200 1406 ἀνδρίαν,
1220 1370 1250 1397 οὗ
1265 1370 1314 1406 τὴν
1338 1371 1371 1397 ὲκ
1388 1370 1437 1405 τῆς
1458 1369 1579 1405 πρώτης,
1599 1369 1646 1395 καὶ
1664 1366 1807 1404 περιγείου

1016 1417 1182 1453 τετρακτύος
1197 1417 1252 1444 τῶν
1273 1416 1395 1452 ἀρετῶν·
1414 1415 1472 1443 ἀλλ’
1492 1416 1539 1442 ἐπὶ
1554 1415 1603 1451 τὴν
1624 1413 1754 1448 ἀνάλογον
1776 1414 1806 1439 ὲν

1016 1463 1122 1498 τρίταις
1135 1461 1200 1498 [πρ.
1215 1460 1355 1498 τρίτταις]
1370 1470 1401 1488 τε
1420 1461 1467 1488 καὶ
1492 1460 1647 1496 τετάρταις.
1671 1458 1771 1492 ’Δψαιο
1783 1456 1807 1482 δ’

1017 1506 1064 1534 οὖν
1081 1508 1176 1542 αὐτῆς,
1196 1507 1260 1534 ὃταν
1279 1506 1361 1542 μηδὲν
1382 1506 1436 1533 τῶν
1457 1504 1633 1540 ἀνθρωπίνων
1653 1502 1807 1538 θαυμάζῃς,

172 1556 248 1580 runt.
265 1551 358 1587 Itaque
383 1551 506 1587 quintam
522 1551 593 1578 hanc
607 1551 642 1578 ad
665 1555 692 1579 te
707 1552 801 1585 mitto;
814 1556 840 1580 et
864 1553 964 1580 utinam

1021 1552 1078 1580 Κᾶν
1096 1556 1179 1588 μὴπω
1196 1560 1238 1579 σοι
1258 1551 1347 1587 σαφὴς
1361 1552 1377 1586 ἡ
1391 1548 1551 1587 διαίρεσιςῇ
1564 1550 1612 1576 τοῦ
1633 1548 1806 1584 λελεγμένου,

173 1608 207 1627 ne
214 1607 274 1627 eam
283 1598 394 1633 quidem
402 1597 505 1625 frustra
515 1598 521 1624 !
533 1598 635 1625 frustra
649 1603 740 1625 autem
750 1599 833 1626 missa
845 1607 899 1627 non
907 1599 964 1627 fue-

173 1647 210 1673 rit
220 1645 313 1680 277,
323 1645 440 1680 primum
454 1644 476 1671 si
485 1644 537 1671 erit
547 1644 662 1671 reddita.
674 1643 787 1676 Deinde,
797 1645 867 1679 quod
878 1645 964 1673 multo

173 1693 283 1726 gravius
294 1695 376 1726 atque
393 1690 536 1725 antiquius
552 1694 606 1722 est,
625 1690 648 1717 si
665 1694 692 1718 te
715 1691 830 1718 monitis
850 1691 964 1719 institu-

174 1743 231 1765 tum
250 1742 333 1772 atque
345 1737 474 1765 edoctum
490 1737 638 1769 dimiserit,
658 1737 884 1772 persuaseritque
900 1745 964 1764 cor-

174 1784 249 1818 poris
261 1783 345 1811 robur
363 1783 397 1810 ad
413 1783 497 1810 animi
516 1781 705 1810 fortitudinem
719 1782 891 1810 transferre:
908 1790 962 1810 non

175 1830 248 1856 illam
262 1829 336 1861 dico,
352 1837 413 1864 quas
426 1828 455 1856 in
471 1828 561 1864 primo
574 1832 602 1856 et
623 1828 719 1855 intimo
743 1829 876 1855 virtutum
893 1836 963 1864 qua-

174 1875 298 1903 ternario
311 1878 451 1906 censetur,
464 1873 512 1902 sed
525 1881 583 1901 eam
596 1874 698 1910 potius,
711 1881 773 1909 quae
788 1874 965 1909 proportione

173 1922 293 1957 quadam
308 1921 337 1948 in
353 1921 452 1952 ternis,
472 1921 672 1955 quaternisque
697 1920 856 1954 respondet.
877 1919 963 1953 Quam

175 1972 232 1995 tum
243 1967 352 1995 demum
368 1966 503 2002 attigeris,
514 1974 575 1994 cum
591 1966 659 1993 nihil
673 1966 856 1993 humanarum
873 1973 963 1993 rerum

175 2014 370 2042 admiraberis.
385 2014 466 2047 Quod
496 2013 520 2041 si
553 2013 674 2040 nondum
692 2013 765 2039 illam
798 2012 870 2046 cjus,
891 2011 965 2047 quod

176 2061 257 2089 modo
270 2060 338 2093 dixi,
353 2059 516 2087 divisionem
535 2058 676 2093 intelligis.
693 2065 754 2092 quae
766 2058 895 2085 videlicet
918 2065 966 2085 an-

175 2108 320 2143 tiquiores,
334 2114 367 2134 ac
381 2106 518 2141 primariae
530 2104 646 2131 virtutes
661 2105 726 2136 sint,
745 2112 840 2139 quaeve
853 2105 880 2132 in
895 2104 966 2132 infe-

177 2154 243 2182 riori
258 2153 355 2181 ordine
370 2153 449 2180 sitm:
465 2159 526 2179 cum
543 2151 570 2178 id
599 2150 715 2185 adeptus
745 2150 842 2183 fueris,
860 2151 964 2178 nullam

177 2199 252 2227 ntob
267 2206 323 2226 rem
341 2198 456 2233 lugeas;
479 2196 526 2224 sed
547 2196 640 2223 inﬁma
667 2196 771 2228 omnia.
801 2200 828 2223 et
845 2196 964 2224 humana

1016 1599 1088 1630 τίνες
1113 1597 1344 1633 ἀρχεγονώτεραι,
1369 1596 1418 1623 καὶ
1440 1597 1513 1628 τίνες
1535 1596 1563 1622 αἱ
1588 1594 1734 1622 πολλοσταὶ
1753 1593 1807 1621 τὼν

1018 1645 1123 1681 ἀρετῶν
1134 1653 1140 1659 ·
1152 1645 1182 1671 τὸ
1193 1645 1239 1670 ὲπὶ
1254 1644 1349 1680 μηδενὶ⁵
1363 1644 1465 1675 κλάειν,
1479 1642 1547 1670 ἀλλὰ
1559 1642 1668 1669 πάντων
1678 1641 1732 1667 τῶν
1743 1639 1808 1675 τῇδε

1017 1691 1046 1717 ὲν
1065 1690 1126 1726 δίκῃ
1142 1691 1332 1725 καταφρονεῖν,
1357 1690 1420 1716 ὅταν
1441 1697 1482 1715 σοι
1507 1687 1706 1723 παραγένηται,
1728 1685 1809 1711 τοῦτο

1018 1736 1090 1764 ἔστω
1113 1745 1154 1763 σοι
1179 1735 1281 1768 κανὼν,
1306 1735 1353 1762 καὶ
1378 1735 1520 1771 κριτήριον
1543 1733 1597 1760 τῶν
1621 1733 1736 1768 πρώτων
1758 1731 1807 1766 τῆς

1017 1781 1144 1813 τεύξεως,
1162 1781 1206 1808 ἴνα
1222 1789 1263 1807 σοι
1280 1780 1327 1806 καὶ
1343 1779 1409 1814 παρ’
1425 1778 1504 1814 ἡμῶν
1519 1777 1548 1805 τὸ
1561 1778 1660 1804 πολλὰ
1674 1775 1807 1811 φρονεῖν,

1017 1829 1047 1854 ὲν
1065 1828 1125 1858 ταῖς
1140 1826 1294 1858 ἐπιστολαῖς
1307 1825 1452 1861 ἐπανέλθῃ.
1475 1823 1653 1860 Ἐῤῥωμένως
1666 1820 1806 1856 διαδιῲης,

1018 1875 1178 1910 φιλοσοφίας
1209 1873 1342 1909 εὐθυμίαν
1365 1871 1586 1907 πρυτανευούσης
1607 1869 1742 1904 ἀκύμονα,
1765 1867 1808 1894 δέ·

1019 1929 1106 1948 σποτα
1133 1919 1292 1954 ἀξιάγαστε.
1314 1918 1345 1944 El
1376 1916 1519 1952 φιλοσοφία
1551 1914 1713 1950 πρεσϐεύειν
1738 1911 1807 1940 οἶδεν

1018 1965 1153 1992 ἀπάθειαν
1165 1964 1260 1999 αὐτὴν,
1274 1963 1302 1989 αἱ
1316 1962 1397 1998 μέσαι
1410 1962 1438 1988 δὲ
1455 1961 1526 1994 ἕξεις
1540 1961 1580 1992 είς
1595 1958 1806 1995 μετριοπάθειαν

1019 2010 1152 2041 ἵστανται,
1175 2009 1225 2044 τὴν
1244 2006 1478 2042 ἀπειροπάθειαν,
1502 2005 1549 2031 καὶ
1564 2004 1595 2031 τὸ
1608 2003 1808 2045 εὐτατιείνωτον

1019 2055 1070 2082 ποῦ
1087 2055 1180 2091 χώρας
1198 2054 1335 2089 τάξομεν;
1350 2050 1394 2088 ἆρ’
1408 2051 1468 2086 οὐχὶ
1482 2050 1577 2087 πόρρω
1592 2048 1757 2085 φιλοσοφίας,
1773 2046 1806 2084 ἦς

1021 2101 1126 2136 μύστην
1146 2099 1272 2133 γενέσθαι
1286 2107 1316 2124 σε
1329 2096 1540 2132 κατηυξάμεθα;
1556 2095 1592 2131 μὴ
1611 2094 1688 2130 δῆτα,
1700 2091 1723 2120 ὦ
1742 2093 1808 2120 πάν-

1018 2156 1072 2174 των
1087 2146 1148 2182 ἐμοὶ
1165 2144 1381 2181 προσφιλέστατε
1393 2151 1401 2159 ·
1426 2142 1483 2169 ἀλλ’
1503 2141 1726 2177 ὰῤῥενωπότερον
1743 2140 1807 2174 ἡμῖν

1018 2193 1064 2220 τὸν
1091 2192 1167 2227 φίλον
1191 2191 1352 2218 ἁποδείκνυε
1375 2190 1432 2225 [γρ.
1456 2187 1557 2223 ὑποδ.].
1576 2187 1689 2214 Ἀπασά
1715 2194 1766 2221 μου
1790 2186 1806 2220 ἡ

176 2244 276 2271 merito
290 2232 474 2270 contemnas:
493 2241 551 2268 haec
566 2241 614 2268 tibi
636 2241 729 2276 regula
748 2242 794 2273 sit,
823 2249 855 2268 ac
880 2242 961 2269 veluti

1016 2239 1089 2266 οίκία
1104 2237 1253 2272 κατεδεήθη
1280 2236 1436 2272 προσειπεῖν
1457 2243 1486 2260 σε
1511 2233 1580 2268 ὑπὲρ
1599 2233 1695 2267 αὐτῆς.
1722 2232 1807 2267 Προσ-

177 2290 279 2324 Lydius
296 2289 376 2324 lapis,
392 2296 447 2323 quo
469 2293 495 2315 te
519 2288 551 2315 ad
576 2287 664 2321 prima
682 2288 843 2322 pervertisse
860 2296 965 2322 cogno-

176 2343 239 2363 scas
253 2344 260 2362 :
275 2339 304 2362 ut
319 2334 368 2361 tibi
387 2341 402 2360 a
418 2341 460 2360 me
475 2332 559 2364 istud,
577 2331 676 2366 Sapere
705 2333 862 2366 plurimum,
881 2334 908 2360 in
924 2334 966 2361 lit-

176 2381 243 2414 teris
260 2380 364 2407 redeat.
388 2378 537 2406 Incolumis
558 2385 698 2411 sanusque
714 2378 798 2404 vitam
822 2379 962 2412 traducas,

1020 2286 1115 2321 είρησο
1143 2282 1189 2310 οὖν
1208 2282 1284 2318 παρὰ
1304 2281 1428 2313 πάντων,
1445 2280 1562 2306 ἑκάστου
1580 2277 1711 2314 μονονοὺκ
1731 2276 1807 2310 ἐγχέ-

1020 2340 1099 2362 αντος
1121 2330 1169 2365 τὴν
1190 2328 1280 2364 ψυχὴν
1311 2329 1344 2362 τῇ
1372 2325 1534 2361 προσρήσει.
1555 2325 1610 2351 Καὶ
1635 2323 1714 2354 αὐτὸς
1738 2323 1806 2358 ὑπὲρ

1018 2377 1097 2414 ἡμῶν
1112 2376 1158 2403 τὸν
1174 2373 1354 2408 ίπποτοξότην
1371 2372 1514 2408 πρόσειπε,
1537 2369 1700 2406 παρακαλῶ.

177 2427 260 2453 nullis
289 2425 419 2452 ﬂuctibus
447 2425 577 2460 agitatam
610 2424 695 2450 animi
721 2424 888 2452 hilaritatem
927 2427 1094 2454 conciliante
1113 2422 1298 2460 philosophia,
1313 2421 1425 2448 domine
1451 2419 1517 2446 mihi
1532 2417 1666 2468 imprimis
1677 2416 1805 2468 amande.

178 2475 205 2502 Si
224 2472 395 2509 philosophia
421 2477 543 2499 motuum
561 2471 684 2498 omnium
709 2472 846 2499 vacuitate
863 2473 955 2507 potius
975 2474 1054 2504 nihil,
1076 2476 1123 2498 aut
1149 2469 1291 2504 antiquius
1321 2467 1424 2499 habet,
1445 2465 1528 2493 medii
1548 2472 1613 2492 vero
1639 2463 1750 2490 habitus
1779 2463 1806 2490 in

177 2526 301 2550 motuum
317 2519 507 2547 mediocritate
521 2518 697 2546 consistunt:
716 2525 835 2552 quanam
856 2519 883 2546 in
917 2520 981 2547 sede
1001 2519 1129 2546 affectum
1160 2515 1244 2543 animi
1284 2513 1493 2544 collocabimus,
1527 2510 1643 2539 inﬁnitis
1667 2509 1807 2562 perturba-—

177 2568 299 2596 tionibus
318 2566 460 2602 agitatum,
477 2565 579 2601 quique
594 2565 675 2599 dcjici
690 2564 768 2592 facile
783 2573 816 2592 ac
832 2567 960 2594 contrahi
981 2565 1091 2601 possit?
1131 2564 1192 2591 Non
1208 2563 1305 2598 procul
1329 2569 1344 2588 a
1363 2559 1536 2609 philosophia
1557 2567 1620 2586 eum
1643 2557 1808 2609 final-“hbi-

179 2622 250 2646 mus,
266 2613 346 2648 cujus
363 2617 388 2640 te
402 2616 518 2648 myslam
533 2618 594 2638 esse
609 2611 738 2638 omnibus
758 2611 829 2638 votis
852 2611 1119 2646 expetimus?Absit
1142 2610 1195 2636 hoc
1220 2616 1235 2634 a
1261 2611 1299 2639 te,
1320 2613 1425 2642 quaeso,
1457 2604 1583 2654 omnium
1610 2604 1678 2654 inihi
1704 2604 1808 2654 charis-

177 2662 257 2689 sime.
272 2660 344 2694 Quin
361 2660 427 2687 mihi
443 2659 532 2694 potius
547 2659 763 2686 constantiorem
780 2666 813 2686 ac
830 2658 970 2687 fortiorem
991 2659 1110 2686 amicum
1129 2657 1239 2685 exhibe.
1255 2655 1312 2682 Mea
1346 2653 1435 2681 omnis
1454 2651 1556 2678 familia
1577 2651 1615 2677 uti
1650 2658 1700 2678 suo
1723 2651 1809 2676 nomi-

179 2715 214 2735 ne
229 2707 348 2735 salutem
362 2706 411 2733 tibi
428 2706 549 2733 dicerem
563 2712 579 2732 a
608 2711 652 2731 me
668 2703 812 2739 ﬂagitavit.
838 2704 967 2732 Omnium
989 2705 1072 2741 igitur
1089 2704 1200 2731 nomine
1214 2702 1330 2729 salutem
1350 2699 1399 2726 tibi
1429 2698 1511 2730 dico;
1544 2697 1571 2724 in
1593 2704 1646 2731 qua
1672 2697 1808 2731 precanda

799 2763 889 2792 DION.
902 2763 1041 2791 PETAVII
1051 2761 1170 2790 ΝΟΤΑΞ.

217 2821 274 2856 (76)
291 2821 428 2857 Τοιοῦτόν
438 2820 559 2857 μοιτῆς
567 2820 736 2857 ἐπιστολῆς
755 2821 787 2848 τὸ
799 2821 964 2855 πρόσρημα.

1023 2829 1078 2847 cere
1094 2819 1144 2847 :Si
1158 2820 1238 2850 uales,
1254 2817 1315 2857 bene
1325 2821 1381 2857 est;
1396 2823 1441 2857 ego
1454 2813 1537 2857 valeo.
1551 2812 1628 2857 R'e’cte

184 2843 744 2890 εοῖζέὲείιῖᾬζἒίζίεῖῗὶέξλιῖἱῖἇιῖἦῆίίιῖε
757 2843 969 2890 ἰίὶιῖἱῖἶιὲἧιὶῒιῖτὶ
1023 2843 1101 2883 Illis}
1114 2843 1378 2890 ἓΐρἰιὶὶόεὶιρίίηνδεί
1405 2843 1466 2876 ὄεηε
1494 2854 1543 2889 est.
1573 2847 1665 2875 Valere
1679 2846 1747 2874 enim
1763 2843 1809 2871 hoc

185 2898 270 2917 meum
286 2895 404 2917 servatus
424 2895 538 2924 wtatem,
556 2892 648 2926 primis
664 2889 780 2925 epistom:
801 2889 884 2918 verbis
900 2890 971 2926 (ιιιῙὶ-
1025 2891 1129 2918 demum
1139 2897 1194 2922 est;
1205 2890 1260 2916 sine
1269 2889 1317 2915 hoc
1333 2894 1399 2922 a'ger
1413 2890 1451 2912 est
1464 2891 1579 2911 animus.
