1990 3060
207 167 278 196 1333

787 171 989 207 lEPISTOLrE.
1005 186 1041 192 —-
1053 171 1161 200 EPIST.
1183 172 1274 200 CXLI.

1765 170 1836 198 £554

206 226 305 260 singuli
319 229 425 254 tantum
445 235 500 254 non
517 228 637 254 animam
655 227 844 257 elfundebant.
883 229 924 257 Tu
944 236 1010 257 vero
1029 229 1152 257 vicissim
1189 231 1311 266 equitem
1338 231 1509 268 sagittarium
1541 235 1638 259 nostro
1661 229 1773 258 nomine
1794 238 1837 257 sa-

206 272 290 300 lutcs.

469 319 642 346 ΕΠΙΣΤΟΛΠ
669 321 735 349 PM'.

196 392 199 397 .
526 363 568 396 Τῷ
584 364 673 397 αὐτῷ.

242 409 287 444 Μὴ
307 408 450 444 θαυμάσης
471 410 496 436 εἰ
519 409 680 446 διακομιστῇ
696 411 769 438 δυοῖν
786 411 936 438 ἐπιστολῶν
956 411 997 438 ἐνὶ

205 456 325 491 χρῶμαι.
349 455 428 482 Ἀλλὰ
445 456 554 491 πρῶτον
570 456 621 490 μὲν
642 457 769 484 αίσθάνου
793 457 871 490 δίκας
888 457 996 492 ὑπέχων

206 501 377 535 ἐγκλήματος
398 502 514 536 ἀκαίρου
526 521 534 534 ,
557 502 605 528 καὶ
624 502 746 538 ἐμφοροῦ
767 504 817 538 τῆς
838 504 997 538 ἀδολεσχίας

206 547 299 582 ήμῶν·
317 544 376 574 εἶτα
392 548 440 574 καὶ
456 547 552 584 χρείαν
568 548 664 584 ἑτέραν
685 548 769 575 ἐθέλω
788 558 833 584 μοι
852 549 996 585 πληρῶσαι

205 593 240 620 τὰ
261 593 376 628 δεύτερα
401 594 564 629 γράμματα.
594 594 666 621 Δίτῶ
693 594 748 630 γὰρ
775 594 808 621 τὸ
832 594 861 622 ὲν
888 595 997 630 ἰάμϐοις

205 640 295 666 ἐκεῖνο
308 640 518 676 συνταγμάτων,
531 641 564 668 δι’
578 638 608 668 οὗ
624 641 692 677 πρὸς
704 642 753 676 τὴν
766 641 856 677 ψυχὴν
869 643 883 668 ὁ
897 650 998 678 γεγρα-

206 684 264 719 φὼς
276 685 440 719 διαλέγεται.
462 687 537 713 Ἐπεὶ
553 687 614 713 τότε
628 687 677 722 μὲν
698 687 776 722 ᾠμην
794 687 848 714 ἀπὸ
861 688 912 722 τῆς
926 688 996 723 μνή-

208 740 262 766 μης
284 731 351 758 αὐτὸ
372 732 569 768 συναθροίσειν.
592 732 648 759 Νῦν
670 733 698 759 δὲ
718 733 870 760 κινδυνεύει
889 734 919 760 τὺ
937 734 995 761 ἀντ’

206 777 311 804 ἐκείνου
331 778 414 813 μηδὲν
431 776 501 805 εἶναι
517 779 586 814 πρὸς
600 779 698 806 ἐκεῖνο.
716 779 785 806 Ἀλλ’
807 779 840 806 ἂν
857 780 997 816 ἐπιτρέψω
1013 790 1015 793 ι

205 823 237 849 τδ
250 824 377 860 γράφειν,
396 824 493 861 γνώμῃ
513 825 612 860 μᾶλλον
629 825 646 860 ἢ
667 826 761 861 μνήμῃ
780 826 924 861 χρήσομαι.
940 827 996 853 Καὶ

208 867 273 900 ἴσως
292 869 341 904 μὲν
355 870 455 904 χεῖρον,
473 869 538 900 ἴσως
559 869 588 895 δὲ
612 870 660 896 καὶ
682 869 798 904 βέλτιον.
824 871 861 896 Οὐ
885 870 938 905 μὴν
957 870 998 896 δεῖ

206 914 308 940 τίκτειν
322 914 362 945 δὶς
372 914 417 941 τὸν
431 914 513 941 αὐτὸν
524 914 613 947 τόκον,
627 914 687 947 ἐξὸν
698 915 769 950 ἔχειν
779 916 809 942 τὸ
819 916 994 951 τετεγμένον.

213 960 391 995 Ἀντίγραφον
407 958 453 986 οὖν
464 959 514 995 τῆς
529 960 656 995 τετράδος
676 961 849 991 ἀπόστειλον,
866 962 933 997 πρὸς
949 962 995 988 αὺ-

205 1007 255 1039 τῆς
333 988 434 1040 ψυχῆς,
449 1005 483 1040 ἢν
493 988 612 1040 ¹κοσμεῖν
628 988 752 1040 βούλεται
765 1005 795 1032 τὸ
809 988 996 1041 βιὲλίὲνῖἀλγ
1013 988 1033 1016 Β

206 1053 280 1084 ὅπως
303 1052 418 1087 τάχιστά
436 1061 465 1079 τε
487 1053 534 1079 καὶ
553 1053 692 1087 ἀσφαλῶς.
718 1052 802 1080 Τοῦτο
822 1053 849 1079 δὲ
866 1054 950 1085 ἐστιν,
973 1054 997 1080 εἰ

207 1098 251 1124 διὰ
266 1097 319 1124 τῶν
335 1097 441 1133 ταχέως
453 1097 501 1124 καὶ
517 1098 626 1129 πάντως
642 1099 698 1134 (77)
712 1098 905 1125 ἀποδωσόντων
918 1099 998 1134 ποιή-

209 1151 275 1175 σεις.
291 1143 337 1178 Τῷ
351 1144 405 1178 γὰρ
429 1143 504 1178 παρὰ
518 1143 631 1178 θάτερον
650 1144 824 1179 διαμαρτεῖν,
842 1144 949 1176 πάντως
967 1144 998 1171 οὐ

208 1189 346 1223 ποιήσεις·
362 1190 415 1216 κᾶν
439 1190 628 1225 σχολαιότερον
650 1189 708 1224 [γρ.
724 1189 916 1226 σχολαίτερον]
931 1191 998 1216 ἀπο-

208 1235 326 1271 στείλῃς,
345 1235 488 1271 ὑπερήσει
503 1235 557 1271 γάρ
576 1244 628 1271 μου
640 1235 690 1270 τῆς
706 1236 864 1271 παρουσίας,
881 1235 931 1263 κᾶν
947 1236 999 1272 δῷς

208 1281 248 1317 τῷ
261 1282 299 1318 μὴ
314 1281 423 1313 πάντως
437 1280 560 1308 δώσοντι.

464 1413 636 1441 ΕΠΙΣΤΟΛΗ
656 1414 744 1441 ΡΜᾹ¹.

533 1459 576 1491 Τῷ
591 1458 681 1491 αὐτῷ.

247 1506 299 1533 Τὸν
312 1506 360 1542 μὲν
381 1505 511 1533 Ὀδυσσέα
526 1505 580 1540 (78)
595 1505 639 1532 διὰ
650 1507 699 1540 τῆς
711 1505 853 1541 ἐπιστολῆς
868 1506 1001 1540 ἐπέγνων,

211 1553 315 1580 πολλῶν
331 1552 518 1586 ὲτιαναγόντων
546 1553 591 1579 ἐπὶ
611 1552 660 1587 τὴν
690 1552 800 1587 μνήμην
824 1552 872 1579 τοῦ
900 1552 1000 1587 ἥρωος·

210 1600 254 1626 τὸν
278 1599 306 1626 δὲ
330 1598 444 1634 Πρωτέα
460 1599 592 1634 ἠγνόησα.
609 1598 644 1624 Σὲ
663 1598 713 1633 μὲν
732 1598 786 1634 γὰρ
805 1598 870 1625 ὄντα
890 1598 1002 1629 τοιόνδε,

1303 323 1469 352 EPlSTOLA
1499 323 1578 352 CXL.

1388 369 1492 397 Eidem.

1082 415 1141 442 Noli
1157 415 1251 442 mirari
1262 415 1335 450 quod
1350 415 1419 443 duas
1432 416 1562 450 epistolas
1583 415 1630 442 uni
1648 413 1750 442 homini
1773 421 1836 448 per-

1047 460 1173 488 ferendas
1188 461 1318 489 dederim.
1337 461 1389 488 Sed
1401 461 1519 496 primum
1534 461 1643 496 quidem
1657 460 1725 487 scito
1740 466 1835 494 poenas

1048 511 1074 534 te
1103 506 1299 541 intempestiva:
1322 506 1523 533 criminationis
1556 505 1725 540 dependere,
1753 509 1837 539 atque

1046 551 1129 579 etiam
1149 555 1242 579 nostra
1257 551 1422 587 loquacitate
1439 551 1556 583 satiare;
1574 550 1673 578 deinde
1686 557 1752 578 vero
1762 549 1836 577 aliud

1047 597 1114 623 mihi
1140 597 1277 632 negotium
1299 597 1435 623 conﬁcere
1452 596 1619 630 posteriores
1641 595 1748 621 litteras
1762 594 1836 621 volo.

1047 641 1215 677 Opuscnlum
1247 643 1319 670 enim
1348 642 1415 669 illud
1453 646 1515 677 pcto
1547 641 1673 668 iambicis
1710 640 1837 667 versibus

1047 688 1190 723 scriptum,
1202 687 1229 715 in
1247 696 1301 723 quo
1312 691 1411 714 auctor
1437 688 1555 714 animam
1579 693 1656 714 suam
1675 685 1836 719 alloquitur,

1046 734 1176 768 quoniam
1200 741 1261 761 cum
1288 733 1353 760 illud
1377 739 1443 760 tunc
1463 740 1478 759 e
1501 731 1635 759 memoria
1653 730 1783 765 colligere
1796 737 1839 757 me

1049 787 1131 814 posse
1144 779 1324 811 conﬁderem,
1337 786 1411 806 nunc
1428 785 1522 805 vereor
1530 785 1564 805 ne
1574 777 1646 811 quod
1657 783 1706 812 pro
1717 776 1764 803 illo
1774 775 1838 803 sub-

1047 825 1189 856 stituatnr,
1207 824 1275 851 nihil
1301 824 1507 859 comparatione
1528 823 1643 852 alterius
1667 822 1714 849 sit.
1740 821 1793 848 Sed
1816 820 1839 848 si

1047 870 1191 906 scriptioui
1220 877 1276 896 rem
1307 871 1488 901 commisero,
1521 868 1628 903 judicio
1659 868 1749 903 magis
1777 871 1840 894 utar

1047 924 1130 952 quam
1144 916 1286 945 memoria.
1304 915 1387 950 278
1399 918 1426 942 et
1440 913 1558 942 fortasse
1575 913 1685 949 quidem
1699 913 1838 944 deterius.

1051 963 1168 991 fortasse
1182 963 1291 990 melius.
1309 961 1368 989 Non
1379 965 1421 989 est
1438 965 1529 988 tamen
1546 960 1621 995 quod
1649 960 1692 988 bis
1713 958 1840 987 eumdem

1047 1009 1132 1037 fetum
1147 1008 1267 1043 pariam;
1284 1015 1346 1034 cum
1366 1006 1518 1042 praesertim
1539 1006 1611 1039 ejus.
1624 1005 1695 1040 quod
1707 1004 1763 1039 jam
1782 1004 1842 1031 edi-

1047 1059 1104 1082 tum
1120 1059 1172 1086 est,
1191 1053 1270 1088 copia
1287 1060 1349 1080 esse
1363 1052 1462 1088 possit.
1481 1052 1559 1078 Mitte
1572 1051 1656 1086 igitur
1668 1050 1702 1077 ad
1715 1057 1758 1077 me
1771 1057 1842 1085 qna-

1048 1100 1159 1128 ternarii
1185 1099 1335 1134 exemplar.
1360 1105 1408 1132 per
1420 1097 1541 1124 animum
1558 1097 1649 1131 ipsum
1667 1103 1744 1131 rogo,
1759 1102 1841 1130 quem

1047 1152 1147 1172 ornare
1162 1144 1270 1171 libellus
1285 1144 1336 1170 iste
1349 1146 1466 1170 conatur
1477 1151 1485 1176 ;
1496 1141 1578 1176 idque
1589 1148 1670 1176 quam
1683 1141 1839 1171 celerrime.

1048 1195 1075 1218 et
1086 1191 1233 1218 tutissime.
1250 1189 1307 1216 Hoc
1322 1194 1412 1216 autem
1433 1188 1496 1220 erit,
1511 1188 1534 1215 si
1550 1195 1598 1222 per
1612 1195 1660 1215 eos
1674 1187 1776 1218 mittas,
1792 1186 1840 1221 qui

1048 1236 1162 1263 omnino
1175 1236 1229 1263 sint
1244 1235 1378 1262 reddituri
1399 1234 1441 1262 :si
1455 1234 1528 1262 enim
1541 1234 1568 1260 in
1583 1234 1716 1260 alterutro
1732 1240 1841 1267 pecces,

1049 1290 1164 1317 prorsus
1192 1281 1218 1308 id
1239 1288 1292 1307 non
1312 1280 1458 1315 perﬁcies;
1487 1279 1545 1307 sive
1582 1278 1691 1306 tardius
1715 1277 1842 1310 miseris;

1050 1336 1093 1355 me
1106 1327 1180 1355 enim
1207 1331 1344 1362 pra-sonte
1368 1333 1424 1353 non
1451 1325 1634 1361 pervenient;
1644 1324 1702 1352 sive
1729 1323 1754 1351 ei
1781 1323 1840 1353 des.

1050 1374 1098 1409 qui
1113 1375 1208 1409 utique
1218 1381 1272 1401 non
1290 1372 1397 1400 reddat.

1311 1417 1479 1445 EPISTOLA
1494 1415 1586 1453 CXLI.

1392 1462 1500 1490 Eidem.

1089 1510 1213 1546 Ulyssem
1228 1509 1339 1545 quidem
1353 1517 1385 1536 ex
1410 1508 1526 1543 epistola
1555 1506 1685 1542 cognovi,
1701 1505 1796 1532 multis
1810 1511 1843 1532 ex

1052 1558 1135 1586 rebus
1146 1556 1181 1584 ad
1198 1555 1289 1584 herois
1317 1556 1478 1582 memoriam
1495 1553 1629 1580 reductus
1646 1561 1652 1580 :
1671 1559 1766 1579 verum
1780 1550 1843 1577 Pro-

1054 1607 1128 1630 teum
1152 1601 1288 1637 ignoravi.
1307 1599 1346 1627 Te
1370 1600 1456 1633 enim,
1471 1599 1518 1634 qui
1543 1596 1679 1633 ejusmodi
1696 1596 1746 1628 sis,
1763 1596 1845 1623 etiam

211 1645 258 1672 mi.
276 1645 398 1680 ἡμιθέων
421 1644 518 1679 ψαύειν
537 1645 587 1671 οὐκ
603 1645 727 1676 ἀπεικός.
748 1644 819 1678 Ἐγὼ
831 1644 859 1671 δὲ
873 1644 936 1672 ἄλλο
952 1645 1001 1680 μέν

1053 1649 1086 1676 ad
1105 1647 1242 1676 semideos
1263 1646 1404 1677 accedere,
1421 1652 1596 1680 nequaquam
1638 1643 1845 1670 dissentaneum

209 1699 237 1717 τι
264 1690 358 1725 σοφός·
374 1690 445 1716 κατὰ
471 1690 499 1716 δὲ
524 1690 554 1716 τὸ
571 1689 700 1722 Δελφικὸν
724 1689 859 1725 γράμμα,
885 1689 1002 1724 ἐμαυτὺν

211 1735 349 1770 ἱγνωκὼς,
370 1735 544 1766 καταδικάζω
561 1735 654 1761 πενίαν
667 1736 717 1769 τῆς
733 1734 850 1768 φύσεως,
870 1736 918 1762 καὶ
935 1735 1004 1762 tino—

211 1780 338 1816 γινώσκω
368 1781 418 1815 τὴν
453 1780 492 1812 εις
520 1780 614 1815 ἥρωας
644 1780 812 1815 οἰκειότητα·
844 1780 914 1815 πλὴν
942 1781 1004 1807 ὅσον

214 1826 335 1863 μιμητὴς
347 1822 418 1852 εἶναι
431 1825 480 1861 τῆς
490 1825 638 1860 ἐχεμυθίας
652 1825 789 1860 ηὐξάμην,
804 1826 838 1860 ἥν
858 1826 906 1852 καὶ
918 1825 1004 1861 αὐτὴν

213 1871 246 1897 σύ
272 1880 317 1906 μοι
340 1870 468 1905 συνέχεας
487 1871 559 1898 κατὰ
581 1870 626 1897 τὸν
651 1871 683 1896 ἐκ
702 1871 828 1906 Σπάρτης
851 1871 1002 1899 Μενέλεων.

214 1918 296 1944 Ὥστε
313 1916 477 1950 κινδυνεύεις
503 1916 629 1952 συνωρίδι
651 1917 800 1952 προσήκειν
820 1917 928 1952 ἡρώων,
954 1918 1005 1945 οὐκ

219 1962 342 1988 Ὀδυσσεί
362 1962 444 1997 μόνῳ.
461 1960 554 1987 Ταῦτα
572 1961 621 1997 μὲν
639 1961 734 1997 ταύτῃ.
753 1962 808 1998 Τὴν
823 1962 852 1988 δὲ
874 1963 1003 1998 ἀνεπιτη-

213 2006 337 2042 δειότητα
359 2006 405 2032 τοῦ
425 2006 541 2042 γράφειν
565 2006 757 2041 μεμψάμενος,
781 2007 831 2033 οὐκ
856 2005 882 2033 εἷ
900 2008 1004 2040 δίκαιος

214 2054 340 2081 ἀπαιτεῖν
365 2053 466 2088 πλῆθος
490 2053 654 2081 ἀνιασόντων
679 2054 849 2088 γραμμάτων
863 2062 869 2069 ·
887 2054 927 2080 διὸ
947 2063 1006 2081 συν-

215 2100 322 2127 έστειλα
346 2099 396 2134 τῆς
418 2098 562 2134 ἐπιστολῆς
580 2099 612 2124 τὺ
630 2100 726 2133 μῆκος,
758 2099 801 2125 ἵνα
822 2099 859 2135 μὴ
884 2099 966 2131 πόνος

216 2146 315 2172 πλείων
325 2144 538 2179 ἀναγινώσκοντι
555 2143 603 2170 πλε
608 2143 676 2171 ίονα.
691 2144 718 2169 Ἐ
722 2144 871 2180 ρῤωμένος,
880 2144 1006 2180 εὐθύμως

214 2190 353 2226 διασιῴης,
370 2190 514 2225 φιλοσοφίᾳ
533 2188 674 2225 χρώμενος
697 2190 737 2219 εἰς
757 2189 787 2216 τὺ
805 2189 875 2216 θεῖον
891 2190 1006 2226 ποδηγε-

215 2236 310 2273 τούσῃ,
325 2235 482 2269 ἀξιὰγαστε·
495 2235 540 2261 τὸν
558 2235 707 2269 θαυμάσιον
719 2234 827 2270 κόμητα
845 2236 900 2271 (Ἱὲ)
920 2237 1006 2272 πρόσ-

216 2290 287 2311 ειπε,
306 2281 374 2317 πρδς
400 2280 429 2307 ὃν
442 2279 663 2315 αὐτοπροσώπως
690 2279 825 2306 ποιεῖσθαι
840 2282 1007 2317 προσρήσεις

1054 1698 1107 1722 est.
1126 1693 1181 1729 Ego
1194 1699 1259 1719 vero
1274 1692 1389 1719 aliarum
1416 1691 1526 1726 quidem
1548 1689 1667 1717 fortasse
1684 1695 1775 1715 rerum
1791 1694 1846 1713 non

1055 1739 1216 1774 imperitus;
1232 1742 1373 1767 caeterum,
1385 1736 1464 1771 juxta
1491 1734 1651 1770 Delphicam
1666 1734 1846 1763 sententiam,

1055 1784 1191 1818 meipsum
1218 1790 1350 1813 noscens,
1368 1785 1495 1808 naturam
1512 1779 1612 1814 inopiae
1632 1785 1665 1805 ac
1679 1776 1847 1812 paupertatis

1055 1831 1219 1862 condemno,
1235 1836 1400 1863 omnemque
1424 1835 1439 1854 a
1455 1834 1499 1854 me
1518 1833 1582 1853 eum
1606 1823 1736 1852 heroibus
1758 1821 1848 1849 allini-

1055 1880 1139 1904 tatem
1154 1875 1297 1911 abiudico;
1312 1874 1366 1902 nisi
1394 1871 1468 1908 quod
1492 1872 1606 1898 illorum
1631 1867 1847 1896 taciturnitatem

1055 1921 1157 1950 imitari
1184 1922 1353 1952 voluissem,
1379 1926 1460 1954 quam
1492 1918 1579 1952 ipsam
1605 1920 1696 1943 tamen
1718 1912 1847 1949 Spartani

1056 1968 1131 1995 illius
1156 1967 1269 1994 Menelai
1299 1968 1387 1993 instar
1416 1964 1481 1991 mihi
1511 1960 1703 1993 conturbasti;
1725 1959 1849 1992 adeoque

1056 2014 1159 2042 videris
1173 2021 1227 2040 non
1242 2012 1275 2040 ad
1292 2011 1418 2047 Ulyssem
1431 2016 1526 2040 unum,
1545 2009 1591 2036 sed
1616 2007 1649 2034 ad
1668 2006 1781 2033 heroum
1796 2011 1846 2038 par

1056 2056 1122 2084 illud
1139 2056 1287 2091 pertinere.
1309 2054 1361 2081 Sed
1380 2053 1415 2080 de
1437 2052 1480 2079 his
1498 2051 1644 2077 hactenus.
1662 2047 1730 2074 Cum
1757 2049 1848 2071 autem

1057 2102 1169 2129 minime
1180 2106 1207 2128 te
1223 2100 1255 2127 ad
1279 2098 1454 2127 scribendum
1473 2096 1603 2123 idoneum
1620 2101 1682 2122 esse
1694 2092 1783 2123 dicas,
1799 2091 1850 2117 im-

1057 2147 1154 2174 merito
1170 2154 1186 2173 a
1199 2154 1243 2173 me
1258 2145 1412 2172 litterarum
1429 2142 1547 2177 copiam,
1560 2147 1621 2175 qua:
1633 2139 1682 2166 tibi
1695 2137 1850 2164 molestiam

1057 2193 1179 2220 allatura:
1194 2195 1270 2223 sunt,
1285 2189 1428 2225 eillagitas.
1455 2188 1559 2214 Idcirco
1584 2185 1710 2221 epistolas
1731 2182 1836 2217 longitu

1057 2239 1148 2266 dinem
1175 2236 1311 2269 contraxi,
1326 2243 1360 2262 ne
1383 2235 1463 2269 plura
1483 2232 1597 2267 legendo
1608 2231 1669 2266 plus
1682 2227 1786 2256 laboris
1805 2234 1851 2253 ca-

1058 2286 1127 2320 pias.
1145 2282 1307 2314 lncolumis,
1328 2280 1479 2314 hilarisque
1494 2277 1637 2313 persistas,
1647 2272 1849 2320 philosophiam

217 2329 322 2359 ὲαυτοῖς
338 2327 389 2353 οὐκ
405 2326 604 2361 ἐπετρέψαμεν.
623 2325 659 2351 Τὸ
675 2325 729 2360 γὰρ
745 2326 776 2352 ἐκ
791 2326 839 2361 τῆς
857 2328 1002 2362 ποιήσεως,

1057 2317 1203 2360 adhibens,
1221 2336 1283 2364 qua:
1294 2331 1321 2354 te
1337 2326 1370 2353 ad
1385 2325 1476 2353 divina
1496 2322 1638 2358 perducat,
1653 2320 1741 2348 amice
1755 2317 1852 2364 impri-

218 2373 270 2401 mis
285 2372 482 2408 amplectende.
498 2371 642 2406 Egregium
662 2371 792 2398 comitem
807 2361 919 2404 saluta,
939 2382 1021 2409 quem
1042 2383 1076 2404 ex
1112 2361 1238 2410 persona.
1255 2373 1362 2408 propria
1390 2371 1521 2402 salutare,
1541 2368 1621 2396 nobis
1642 2365 1710 2402 ipsis
1737 2361 1852 2398 permit-—

218 2425 275 2449 tere
290 2420 440 2448 noluimus.
459 2419 516 2446 Hoc
530 2419 602 2446 enim
622 2427 653 2446 ex
667 2419 740 2453 poesi
758 2419 883 2454 ductum,

291 2470 391 2503 Ἄρχε·
410 2467 450 2494 σὺ
466 2467 521 2502 γὰρ
538 2465 658 2500 γενεῆφι
673 2466 829 2500 νεώτερος·

219 2526 338 2560 πολέμου
356 2525 405 2560 μὲν
420 2524 474 2558 γὰρ
489 2523 536 2550 καὶ
553 2524 673 2554 στάσεως
686 2523 834 2558 ἄρχεσθαι,
850 2525 949 2552 δικαιοῖ
961 2526 1008 2553 τὸν

220 2572 287 2599 νέον·
301 2569 498 2606 φιλοφροσύνης
512 2569 540 2596 δὲ
553 2568 598 2595 τὸν
611 2568 805 2605 πρεσϐύτερον.
833 2571 929 2598 Καίτοι
942 2572 1008 2607 παρ’

1229 2466 1319 2500 Incipe
1333 2473 1341 2492 :
1356 2468 1420 2491 natu
1431 2463 1525 2490 etenim
1537 2466 1565 2488 tu
1573 2460 1686 2495 junior;

1062 2521 1096 2548 ad
1118 2519 1218 2548 bellum
1234 2519 1354 2554 quidem,
1371 2523 1403 2543 ac
1425 2514 1588 2543 seditionem
1613 2512 1711 2547 praeire
1731 2511 1852 2546 junioria

1061 2575 1124 2596 esse
1145 2565 1275 2598 dicit;ad
1291 2561 1469 2591 humanitatis
1490 2564 1580 2587 autem
1602 2557 1703 2591 officia,
1722 2557 1850 2586 senioris.

841 2635 933 2664 DION.
960 2636 1099 2665 PETAVII
1117 2635 1234 2664 NOTE.

258 2707 313 2740 (7'1)
330 2707 380 2733 Διὰ
398 2705 457 2732 τῶν
469 2704 593 2740 ταχέως,
613 2711 661 2729 ua.
682 2703 810 2740 πάντως.
830 2704 857 2731 In
875 2708 928 2732 vel.
946 2705 1008 2732 cod.

221 2747 281 2769 erat
295 2742 397 2776 ταχέως
412 2741 529 2771 πάντως.
556 2739 611 2765 Nos
639 2739 803 2776 particulam
818 2740 864 2766 καί
883 2740 1010 2776 διηυηῇ-

222 2785 295 2806 Inus,
310 2773 391 2811 qiiam
407 2776 542 2802 sententia
558 2773 727 2811 postulabat:
742 2774 781 2811 uti
801 2773 944 2809 sequentia
955 2775 1009 2811 de-

222 2809 339 2838 clarant.
359 2811 496 2838 Duoenim
511 2809 631 2836 cavenda
647 2809 782 2843 praecipit,
794 2817 828 2837 ne
843 2814 889 2836 aut
901 2809 1009 2836 tardius

222 2854 253 2872 ea
267 2847 369 2879 mittat,
389 2850 436 2874 aut
452 2853 500 2881 per
518 2852 580 2873 eum
602 2843 702 2878 mittat,
715 2844 763 2880 qui
776 2844 890 2872 minime
903 2845 940 2872 sit
960 2845 1008 2872 da-

224 2884 314 2909 turus.

1099 2705 1155 2741 (78)
1170 2700 1426 2741 [hXXXYIII]__Tdr
1435 2699 1493 2741 per
1511 2696 1672 2741 ‘Odvtwéa.

1061 2729 1156 2768 rac'ad
1171 2729 1548 2774 LSynesiulnJllerctilianus,
1564 2741 1648 2767 seque
1664 2739 1726 2758 cum
1743 2729 1852 2765 Ulysse,

1061 2784 1123 2803 cum
1135 2772 1234 2801 Proteo
1245 2772 1391 2806 Synesium
1408 2774 1626 2806 comparaverat.
1668 2801 1673 2806 ι
1749 2799 1754 2804 ,

1098 2797 1232 2844 δεῖ)ἧῆῐᾶ
1250 2797 1561 2844 ξὶῖιύγιρσιρζικόᾷιητα.
1585 2801 1724 2830 Paconium
1749 2797 1837 2826 iutclli

1061 2839 1108 2881 git.
1129 2839 1195 2872 Vide
1205 2839 1390 2878 opusc.‘[Ispt
1402 2839 1508 2874 δώρου.
