1990 3060
160 159 231 187 1555

688 157 837 193 SYNESII,
857 155 1091 185 PTOIJEMAIDIS
1119 156 1273 185 EPISCOPI

1721 153 1806 187 1556

160 217 218 244 Etsi
235 224 306 251 apua
321 224 364 244 me
380 223 446 244 sane
460 216 488 244 in
503 216 606 245 honore
621 216 665 245 ille
680 222 732 248 est.
747 223 865 251 eumque
883 223 942 251 per-

995 215 1056 250 ἐμοὶ
1076 214 1164 251 τίμιος
1183 215 1198 241 ό
1217 215 1286 251 ἀνὴρ
1308 215 1356 243 καὶ
1376 215 1478 248 παντὸς
1501 215 1587 250 ἄξιος,
1609 216 1641 249 ὃς
1664 217 1802 244 παιδείαν

159 263 249 297 magni
269 262 350 294 facio,
366 261 412 297 qui
428 262 582 290 doctrinam
601 266 682 298 atque
710 262 834 290 militiam
852 262 948 296 ingen-

159 308 233 334 tibus
257 308 342 342 septis
372 315 386 334 a
414 315 444 335 se
474 308 588 335 invicem
620 308 758 335 disclusas
787 308 893 342 primus
918 306 946 333 in

161 361 245 380 unum
259 352 386 385 adduxit;
400 353 540 387 antiquam
552 354 578 380 in
594 353 721 388 utrisque
736 352 835 380 studiis
852 359 948 386 quam-

159 399 222 426 dam
249 399 477 426 neccssitudinem
492 400 636 427 inveniens
650 408 658 426 :
674 406 793 433 cumque
820 398 946 434 magniﬁ-

159 446 250 472 centia
275 449 349 472 tanta
371 445 502 480 praeditus
525 446 570 478 sit,
589 450 691 480 quanta
720 453 799 472 nemo
824 453 944 480 unquam

159 491 288 518 militaris
304 491 396 524 homo,
413 492 438 518 in
451 491 662 526 magniﬁcentiae
685 491 806 519 conﬁnio
827 492 944 526 positam

158 537 344 572 arrogantiam
356 536 467 564 devitat.
483 537 574 564 Talem
596 538 678 572 igitur
693 538 794 570 virum,
809 538 859 566 etsi
875 538 943 565 nihil

159 582 289 612 scribam.
304 582 463 617 diligo;etsi
480 583 641 618 obsequium
659 584 762 611 nullum
777 583 944 619 impendam,

160 628 263 657 honore
276 636 441 665 prosequor.

359 675 442 710 279
456 674 623 703 EPiS'l‘OLA
640 675 745 704 cxcn.

499 721 602 748 Eidem.

194 766 305 794 Minime
322 774 389 794 vero
421 770 463 799 tu,
491 767 665 800 charissime,
686 767 850 802 promissam
877 768 944 795 mihi

159 812 238 839 ﬁdem
268 812 391 844 exhibes.
412 816 438 840 te
461 821 522 847 qua:
539 813 702 840 occultanda
720 818 824 844 essent.
840 814 943 842 nemini

158 866 278 892 unquam
301 866 363 886 esse
389 859 668 886 communicaturum.
684 859 751 886 Nam
764 868 814 895 ego
826 861 944 888 nonnul-

159 904 199 930 los
210 904 259 931 abs
269 909 295 930 te
303 904 441 938 profectOs
450 904 553 937 audivi,
565 905 610 939 qni
623 905 726 940 aliquot
734 906 816 933 verba
827 915 943 935 comme-

157 954 306 982 morantes,
327 957 438 978 sensum
453 958 547 978 eorum
564 951 618 978 sibi
629 959 642 978 a
658 959 700 978 me
711 952 831 986 pateﬁeri
848 956 943 988 postu-

158 993 258 1019 labant.
273 992 328 1020 Nos
340 998 442 1024 autem.
458 1002 534 1022 more
549 999 656 1028 nostro,
671 1004 759 1031 neque
775 998 943 1026 monimenta

157 1039 235 1065 nul-is
248 1039 298 1066 ista
322 1039 529 1072 vindicavimus,
548 1049 638 1076 neque
651 1049 683 1069 ea
706 1050 873 1078 cognoscere
892 1053 943 1072 nos

155 1082 282 1110 diximus.
295 1083 370 1118 Opus
383 1085 475 1120 itaque
499 1086 535 1113 ibi
553 1087 610 1121 jam
636 1095 690 1114 non
712 1093 807 1116 nostra
822 1097 944 1118 commo-

155 1127 259 1161 nitione
273 1133 332 1162 est;
349 1129 439 1157 minor
466 1135 507 1158 est
523 1132 606 1164 enim,
626 1139 709 1167 quam
734 1137 763 1160 ut
779 1135 945 1168 persuadere

155 1172 205 1199 tibi
217 1174 320 1207 possit;
337 1174 385 1202 sed
408 1174 516 1210 Lysidis
530 1176 693 1212 Pythagorei
708 1178 742 1206 ad
758 1179 942 1215 Hipparchum

154 1218 298 1252 epistolam
313 1227 425 1255 quaere;
444 1228 526 1256 quam
543 1223 632 1250 sicubi
646 1223 793 1258 inveneris,
806 1226 857 1254 hoc
877 1228 944 1255 mihi

154 1264 321 1298 gratiﬁcare,
339 1271 369 1293 ut
394 1275 454 1295 eam
479 1268 579 1302 saepius
598 1269 714 1305 relegas.
735 1271 863 1300 Fortasse
887 1281 943 1301 non

155 1310 250 1338 leviter
263 1315 288 1339 te
305 1319 447 1347 perperam
464 1313 516 1341 ista
531 1315 674 1350 evulgassc
687 1318 829 1352 paeniteat.
841 1318 944 1347 Etenim

153 1356 182 1382 in
206 1356 297 1391 vulgus
312 1358 494 1393 philosctphari
506 1360 554 1395 (ita
583 1362 629 1388 illc
645 1361 744 1391 Dorice
765 1364 879 1398 loquens
895 1367 943 1401 ait)

155 1409 279 1436 magnum
294 1403 320 1429 in
337 1402 472 1431 hominum
496 1413 577 1440 genus
595 1411 771 1442 contemptum
793 1410 944 1438 divinarth

154 1454 243 1473 rerum
254 1447 362 1475 invexit.
382 1448 447 1478 Nam
466 1458 516 1486 ego
541 1458 604 1479 cum
623 1453 761 1488 plerisque
775 1457 877 1483 versari
892 1465 945 1485 me-

154 1491 222 1518 mini
245 1499 298 1519 non
316 1494 396 1521 modo
410 1494 528 1529 pridem,
549 1497 598 1524 sed
615 1501 642 1524 et
662 1505 760 1533 nuper,
775 1500 943 1534 hominibus,

999 262 1046 288 καὶ
1072 261 1215 296 στρατείαν
1235 261 1486 297 διατετειχισμένας
1513 261 1634 297 θριγγοίς
1658 263 1800 298 μεγάλοις

997 306 1052 333 τῶν
1066 307 1109 341 ἐφ’
1119 308 1185 342 ἡμῖν
1200 307 1281 343 μόνος
1295 307 1335 340 είς
1347 308 1444 334 ταυτὸν
1457 308 1545 343 ἤγαγε
1557 307 1613 343 [γρ.
1626 308 1797 344 συνήγαγεῖ,

999 352 1117 379 παλαιάν
1132 361 1194 379 τινα
1210 352 1329 388 ἐξευρὼν
1347 353 1376 379 ὲν
1391 355 1446 385 τοῖς
1465 353 1662 388 ἐπιτηδεύμασι
1681 353 1797 386 τούτοις

999 398 1168 433 συγγένειαν.
1187 398 1372 435 Μεγαλόφρων
1386 399 1414 426 δὲ
1427 399 1475 430 ὢν,
1491 399 1528 432 ὡς
1546 400 1634 432 οὐδείς
1646 409 1690 427 πω
1705 409 1796 436 στρα-

996 445 1106 479 τιώτης,
1120 445 1154 471 ὲκ
1166 445 1294 478 γειτόνων
1311 445 1361 480 τῆς
1385 445 1624 482 μεγαλοφροσύνης
1641 446 1795 481 παροικοῦ-

997 498 1047 517 σαν
1063 490 1112 526 τὴν
1126 490 1284 522 ἀλαζονείαν
1297 490 1437 526 ἐκφεύγει.
1455 491 1507 518 Τδν
1520 490 1567 519 οὖν
1585 491 1718 524 τοιοῦτον,
1733 492 1793 519 κᾶν

997 537 1034 572 μὴ
1048 536 1156 572 γράφω,
1171 537 1240 572 φιλῶ
1251 545 1258 553 ·
1273 536 1324 564 κᾶν
1339 537 1376 573 μὴ
1390 536 1544 572 θεραπεύω,
1558 537 1641 573 τιμῶ.

1241 671 1416 698 ΕΠΙΣΤΟΛΗ
1447 671 1535 698 PMB’.

1311 716 1356 749 Τῷ
1375 716 1465 749 αὐτῷ.

1031 762 1088 789 Οὐκ
1102 761 1229 798 ὲμπεδοῖς
1244 761 1278 788 τὰ
1291 761 1489 796 ὡμολογημένα
1509 759 1577 796 πρὸς
1598 760 1681 794 ἡμᾶς,
1701 758 1724 786 ὦ
1745 768 1791 794 φι-

994 808 1084 843 λότης,
1101 807 1139 843 μὴ
1153 807 1276 834 ἔκπυστα
1295 806 1352 841 [γρ.
1370 806 1490 840 φιλότης,
1507 805 1548 832 ἐκ.
1571 804 1624 840 π.]
1646 806 1734 831 ποιεῖν
1751 805 1790 831 τὰ

994 851 1057 883 ἀξια
1071 850 1252 886 κρύπτεσθαι.
1278 850 1323 881 Ὠς
1339 849 1394 884 ἐγώ
1407 858 1487 876 τινων
1501 850 1605 884 ἥκουσα
1617 849 1671 876 τῶν
1685 849 1788 883 ἀφικο-

996 896 1085 932 μένων
1098 897 1155 932 Ῐτρ.
1170 895 1389 931 ἀφικνουμένων]
1404 895 1479 931 παρά
1496 894 1553 927 σοῦ,
1573 895 1598 921 οἳ
1620 895 1667 921 καὶ
1683 895 1788 928 λέξεων

994 943 1073 969 ἐνίων
1094 942 1273 977 μεμνημένοι,
1289 941 1337 976 τὴν
1359 941 1478 968 διάνοιαν
1502 940 1582 976 ᾔτουν
1603 941 1695 972 αὐτοῖς
1715 940 1786 975 παρ’

993 988 1071 1023 ἡμῶν
1098 986 1346 1014 ἀνακαλύπτεσθαι.
1378 986 1447 1012 Ἀλλ’
1475 986 1554 1022 ἡμεῖς
1579 985 1625 1013 τὸν
1649 986 1787 1021 ἡμέτερον

993 1033 1104 1068 τρόπον,
1131 1032 1179 1059 καὶ
1201 1032 1270 1068 πρὸς
1287 1032 1386 1063 αὐτοὺς
1405 1031 1467 1058 οὔτε
1493 1031 1713 1067 μετεποιήθημεν
1727 1031 1786 1057 τῶν

995 1079 1229 1115 συγγραμμάτων,
1245 1077 1302 1104 οὒτ’
1319 1076 1511 1112 ἐπιγινώσκειν
1524 1077 1594 1103 αὐτὰ
1608 1076 1722 1111 ἔφαμεν.
1737 1077 1787 1103 Δεῖ

993 1127 1024 1162 δή
1048 1134 1089 1152 σοι
1112 1124 1253 1156 νουθεσίας
1267 1123 1356 1151 οὐκέθ’
1373 1124 1520 1159 ἡμετέρας,
1538 1120 1561 1149 ὦ
1575 1123 1639 1158 φίλη
1657 1123 1764 1158 κεφαλή
1775 1129 1785 1138 ’

996 1171 1082 1207 μικρά
1096 1170 1160 1206 γὰρ,
1180 1169 1198 1205 ἦ
1219 1169 1291 1197 ὥστε
1312 1177 1343 1196 σε
1358 1169 1472 1196 πείθεινο
1489 1169 1539 1204 τὴν
1553 1169 1581 1195 δὲ
1599 1168 1713 1200 Λύσιδος
1734 1168 1786 1195 τοῦ

996 1216 1181 1251 Πυθαγορείου
1200 1215 1268 1251 πρὸς
1284 1215 1437 1250 Ἵππαρχον
1447 1214 1591 1249 ἐπιστολὴν
1606 1214 1784 1249 ἐπιζήτησον,

995 1263 1046 1289 κᾶν
1062 1271 1114 1289 που
1132 1261 1292 1298 περιτύχῃς,
1307 1261 1368 1299 ἐμοὶ
1382 1261 1492 1296 χάρισαι
1505 1260 1537 1287 τὸ
1557 1260 1682 1287 πολλάκις
1701 1260 1784 1286 ὲπελ-

995 1310 1060 1337 θεῖν.
1079 1310 1146 1344 Τάχ*
1167 1309 1201 1336 ἂν
1224 1308 1324 1344 ἰσχυρά
1345 1316 1386 1334 σοι
1411 1307 1516 1341 γένοιτο
1534 1306 1664 1342 μετάνοια
1684 1307 1733 1341 τῆς
1752 1307 1783 1333 οὐ

994 1357 1106 1391 δεούσης
1135 1356 1302 1391 έκφάνσεως.
1329 1354 1364 1381 Τὸ
1382 1353 1437 1389 γὰρ
1460 1353 1590 1388 δαμοσίᾳ
1614 1353 1786 1388 φιλοσοφέν

995 1403 1084 1438 (οὕτω
1100 1402 1155 1437 γάρ
1166 1410 1225 1433 πως
1238 1401 1252 1427 ό
1264 1400 1348 1432 Λύσις
1364 1400 1533 1436 ὑποδωρίσας
1543 1400 1640 1434 λέγει’)
1652 1399 1785 1434 μεγάλης

994 1451 1038 1482 εις
1052 1448 1227 1484 ἀνθρώπους
1244 1445 1318 1482 ἦρξε
1336 1445 1396 1473 τῶν
1416 1446 1503 1474 θείων
1520 1446 1782 1480 καταφρονήσεως.

1002 1496 1077 1522 Ἐπεί
1088 1503 1129 1521 τοι
1145 1492 1317 1529 συγγεγονὼς
1331 1491 1387 1527 ἐγώ
1401 1500 1471 1519 τισιν
1481 1489 1549 1524 οἶδα,
1564 1491 1610 1518 καὶ
1625 1491 1707 1518 πάλαι
1722 1491 1782 1526 μὲν,

153 1535 200 1569 qui
218 1536 290 1570 quod
310 1540 414 1565 temere
435 1540 610 1574 angustiores
622 1542 728 1578 aliquot
741 1545 852 1574 voculas
865 1547 942 1574 audi-

995 1543 1065 1578 ἀτάρ
1081 1551 1123 1569 τοι
1139 1541 1187 1569 καὶ
1201 1540 1325 1575 ἔναγχος,
1338 1539 1502 1575 ἀνθρώποις,
1512 1539 1537 1565 οἳ
1554 1538 1598 1566 διὰ
1612 1539 1641 1565 τδ
1659 1539 1785 1574 προάλως

153 1585 260 1614 verant.
277 1583 329 1610 sibi
338 1583 406 1620 ipsis
418 1593 473 1613 non
486 1587 640 1622 crederent,
650 1596 690 1621 se,
702 1590 742 1617 uti
751 1591 841 1626 reipsa
852 1597 940 1627 erant,

153 1628 274 1662 plebeios
286 1634 313 1657 ct
326 1630 468 1665 imperitos
480 1639 552 1664 esse;
562 1641 594 1660 ac
606 1635 736 1669 superbia
748 1636 833 1664 inﬂati
847 1638 939 1666 divina

151 1674 280 1710 dogmata
293 1682 512 1711 corrumperent,
525 1679 586 1713 ejus
603 1680 642 1707 rei
656 1682 846 1716 magisterium
861 1692 942 1712 usur-

152 1719 256 1754 pando,
272 1721 352 1755 cujus
370 1730 508 1757 nunquam
524 1729 604 1751 erant
619 1726 771 1754 rudimenta
788 1731 939 1758 consecuti.

152 1765 244 1799 Atque
263 1766 345 1794 iidem
362 1771 454 1795 tamen
474 1774 529 1796 tres
551 1775 704 1804 quatuorve
723 1773 863 1802 auditores
888 1776 941 1804 sibi

153 1811 376 1846 conciliaverant,
389 1813 448 1849 qui,
469 1816 542 1850 quod
562 1816 595 1844 ad
612 1817 732 1845 animum
746 1820 852 1853 attinet,
868 1822 942 1849 nulla

153 1856 182 1884 in
197 1865 226 1884 re
242 1857 276 1885 ab
287 1859 419 1893 operariis
433 1859 588 1895 diﬁerrcnt;
602 1869 653 1890 nec
665 1871 760 1893 eorum
773 1866 857 1901 aliqui
874 1867 942 1895 libe-

152 1902 257 1930 ralibus
267 1909 345 1931 erant
359 1912 478 1940 unquam
491 1906 646 1942 disciplinis
657 1909 769 1937 exculti.
779 1910 846 1938 Mira
857 1913 942 1946 enim,

151 1954 185 1974 ac
204 1948 318 1976 subdola
335 1950 460 1984 quaedam
480 1955 525 1979 res
540 1957 581 1979 est
598 1960 668 1980 vana
687 1954 721 1982 de
738 1962 787 1982 sua
807 1957 942 1992 sapientia

152 1994 308 2028 persuasio,
325 2002 386 2030 qua
403 1995 473 2024 inter
488 1996 632 2032 imperitos
654 1999 722 2026 nihil
738 2007 857 2034 recusat,
874 2002 942 2030 nihil

153 2047 207 2068 non
224 2039 427 2070 inconsiderate
441 2043 565 2078 suscipit.
582 2044 654 2077 Quid
668 2045 741 2073 enim
759 2046 868 2074 inscitia
881 2055 944 2077 esse

153 2086 399 2121 possitaudacius?
410 2086 437 2114 In
451 2088 476 2115 id
491 2097 542 2123 ego
553 2097 639 2124 genus
654 2093 839 2127 arrogantium
852 2093 942 2121 homi-

152 2139 230 2164 num,
244 2137 372 2167 tanquam
390 2133 468 2161 fucos
479 2136 624 2169 quosdam,
640 2137 777 2171 incidens,
790 2139 836 2174 qui
855 2148 944 2176 noque

151 2176 294 2205 doctrinas
318 2179 447 2211 calleant,
463 2187 553 2216 neque
569 2185 785 2218 concupiscant;
803 2186 941 2213 nationem

992 1587 1140 1623 ἀκηκοέναι
1153 1586 1294 1622 ῥηματίων
1305 1584 1484 1620 σεμνοτέρων,
1499 1585 1655 1620 ἠπίστησαν
1665 1585 1783 1615 ἑαυτοῖς,

991 1634 1060 1668 ὅπερ
1074 1630 1155 1668 ἦσαν,
1173 1631 1292 1662 ίδιώταις
1308 1629 1387 1662 εῖναι,
1404 1630 1451 1657 καὶ
1466 1630 1554 1666 φύσης
1569 1630 1782 1666 ἐμπλησθέντες,

992 1679 1125 1713 ἐμόλυναν
1143 1677 1275 1704 θεσπέσια
1292 1676 1414 1712 δόγματα
1428 1698 1436 1710 ,
1458 1676 1636 1712 μεταποιήσει
1657 1675 1784 1702 διδασκα-

993 1724 1075 1756 λίας-,
1097 1720 1134 1750 ὧν
1153 1723 1204 1750 οὐκ
1226 1723 1379 1759 εὐτύχησαν
1399 1722 1527 1758 μάθησιν.
1546 1722 1601 1748 Καὶ
1623 1722 1720 1756 μέντοι
1736 1723 1784 1749 καὶ

992 1771 1055 1800 τοὺς
1071 1768 1295 1804 θαυμασομένους
1316 1769 1390 1805 τρεῖς
1402 1776 1490 1799 τινας,
1512 1767 1529 1802 ἢ
1547 1767 1689 1803 τέτταρας,
1707 1767 1783 1794 οὐδὲν

993 1815 1156 1846 ἀποδέοντας
1182 1814 1332 1850 βαναύσους
1359 1812 1444 1846 εἶναι,
1473 1813 1504 1840 τό
1531 1822 1562 1848 γε
1587 1814 1658 1841 κατά
1683 1813 1782 1849 ψυχὰς,

993 1862 1192 1897 ἀνηρτήσαντο,
1211 1861 1278 1897 μηδὲ
1300 1860 1343 1887 διὰ
1358 1860 1414 1887 τῶν
1431 1860 1677 1896 προπαιδευμάτων
1696 1859 1784 1892 ἐνίους

993 1907 1140 1942 ἠγμένους.
1159 1906 1249 1933 Δεινδν
1273 1904 1328 1941 γὰρ
1348 1906 1365 1941 ή
1383 1904 1535 1939 δοξοσοφια,
1561 1905 1608 1931 καὶ
1632 1904 1782 1939 ἀπατηλὸν,

993 1954 1022 1980 ἐν
1037 1954 1087 1980 οὐκ
1104 1952 1202 1979 εἰδόσιν
1223 1950 1301 1978 οὐδὲν
1317 1950 1497 1985 ἀναδυομένη,
1517 1950 1566 1976 καὶ
1581 1949 1669 1976 πάντα
1688 1950 1784 1985 ἀπεριι

995 2000 1120 2030 σκέπτως
1135 1997 1272 2034 τολμῶσα.
1290 1997 1323 2023 Τί
1339 1996 1393 2031 γὰρ
1410 1996 1443 2023 ἂν
1459 1995 1581 2031 ἀμαθίας
1597 1996 1701 2030 γένοιτο
1716 1996 1784 2031 θαρ-

996 2046 1177 2082 ραλεώτερονς
1201 2043 1339 2075 Τοιούτοις
1361 2041 1514 2078 ἀνθρώποις
1535 2042 1646 2074 ἀλαζόσι
1672 2050 1784 2076 περιτυ-

994 2091 1049 2127 χὼν
1058 2090 1189 2126 κηφῆσιν,
1203 2088 1265 2116 οὔτε
1279 2089 1420 2115 ἐπαΐουσιν
1434 2087 1531 2122 λόγων,
1545 2087 1607 2114 οὔτε
1620 2088 1782 2122 ἐφιεμένοις,

995 2138 1114 2173 μισήσας
1136 2136 1167 2163 τὺ
1184 2135 1280 2170 φῦλον,
1296 2135 1345 2170 οὐχ
1367 2134 1466 2170 ἑτέραν
1489 2134 1579 2161 αἰτίαν
1599 2134 1718 2168 εὑρίσκω
1734 2133 1783 2168 τῆς

994 2183 1097 2218 τροφῆς
1111 2181 1212 2213 αὐτῶν,
1229 2181 1246 2216 ἢ
1263 2181 1294 2207 τὸ
1309 2181 1469 2214 ἀναγώγως,
1486 2180 1532 2206 καὶ
1545 2179 1598 2215 πρὸ
1611 2179 1686 2214 ὧρας
1702 2179 1783 2214 ἠξιῶ-

158 2223 238 2250 lstam
257 2231 383 2258 perosus.
395 2232 451 2253 non
468 2224 548 2254 aliam
564 2227 736 2257 educationis
752 2230 861 2258 illorum
876 2239 941 2259 cau-

995 2229 1055 2255 σθαι
1075 2228 1124 2264 τὴν
1140 2227 1238 2263 ἀρχὴν,
1252 2228 1318 2258 ἴσως
1333 2226 1378 2260 ὑφ’
1392 2225 1492 2260 ἑτέρων
1507 2225 1618 2260 ὁμοίων,
1629 2225 1667 2256 ὼς
1682 2222 1737 2251 οἷόν
1753 2233 1782 2250 τε

152 2276 210 2295 sam
228 2269 346 2302 invenio.
361 2279 444 2306 quam
459 2272 532 2307 quod
546 2272 647 2309 inepte,
663 2279 745 2310 atque
758 2280 821 2303 ante
835 2280 943 2312 tempus

152 2314 231 2342 initio
245 2315 361 2344 fortasse
373 2321 438 2344 sunt
450 2318 485 2345 ab
499 2320 541 2346 sui
559 2319 696 2348 similibus
707 2320 740 2348 ad
756 2322 941 2356 exquisitissi-

153 2367 258 2387 marum
271 2369 361 2389 rerum
372 2359 541 2391 auditionem
554 2363 679 2392 admissi.
693 2364 734 2392 Ob
749 2365 806 2393 haec
821 2366 943 2400 philoso-

152 2406 222 2442 phia:
232 2415 373 2436 sacrorum
385 2413 479 2437 custos
490 2414 522 2437 οι·
531 2410 590 2445 ipse
605 2411 762 2446 diligentior
773 2420 846 2444 sum,
860 2416 887 2439 et
903 2414 942 2440 uti

151 2461 213 2481 esse
226 2455 303 2487 velis,
315 2456 397 2483 etiam
412 2460 493 2491 atque
508 2457 590 2484 etiam
603 2465 679 2493 rogo.
698 2458 775 2491 Quod
790 2459 862 2486 enim
872 2458 942 2487 ﬂer-

151 2499 261 2527 culiano
273 2501 324 2528 ista
332 2508 454 2536 congrua
463 2502 528 2534 sint.
537 2503 621 2537 probe
631 2503 699 2530 scio.
712 2503 750 2531 Te
760 2508 849 2531 autem
860 2512 941 2539 opor-

152 2548 201 2576 tet,
223 2545 246 2572 si
263 2546 295 2574 ad
314 2547 514 2582 philosophiam
534 2548 643 2576 sincere
659 2550 822 2582 accesseris,
843 2557 940 2578 eorum

152 2591 291 2617 consortia
313 2591 450 2625 devitarc,
465 2593 513 2627 qui
542 2593 577 2620 ab
600 2601 633 2621 ea
658 2597 724 2621 sunt
739 2595 832 2628 alieni,
859 2596 941 2631 280

152 2636 254 2670 quique
270 2636 339 2664 falsa
354 2638 532 2673 usurpatione
546 2646 681 2666 summam
697 2640 770 2668 illius
782 2640 940 2676 dignitatem

153 2681 333 2709 adulterando
360 2688 550 2718 corrumpunt.
577 2684 629 2712 Per
650 2685 776 2713 amicitiae
798 2686 939 2720 prxsidem

154 2727 238 2754 Deum
259 2728 393 2758 obtestor.
409 2737 442 2756 ne
458 2729 485 2756 in
508 2730 569 2757 illos
581 2730 651 2757 hanc
672 2732 815 2766 epistolam
831 2732 939 2760 efferas.

992 2274 1146 2301 πολυτελῶν
1164 2273 1220 2308 (80)
1240 2272 1409 2307 ἀκροάσεων.
1433 2271 1525 2298 Ταῦτά
1545 2279 1586 2297 τοι
1609 2271 1656 2297 καὶ
1674 2279 1782 2305 προμη-

992 2319 1119 2354 θέπερος
1131 2317 1217 2353 φύλαξ
1231 2318 1310 2348 αὑτός
1321 2317 1351 2344 τέ
1367 2317 1441 2352 εἰμι,
1457 2315 1504 2343 καί
1520 2324 1549 2342 σε
1565 2315 1714 2350 παρακαλῶ
1729 2314 1782 2340 τῶν

992 2364 1150 2399 φιλοσοφίας
1164 2363 1263 2398 όργίων
1282 2361 1362 2389 εἶναι.
1377 2363 1437 2388 ’Ὁτι
1458 2362 1507 2397 μὲν
1523 2361 1578 2395 γὰρ
1597 2360 1781 2396 Ἑρκουλιανῷ

994 2413 1133 2448 πρέποντα
1145 2410 1242 2441 ταῦτα,
1254 2410 1310 2445 ἑγὼ
1320 2410 1456 2444 γινώσκω·
1471 2409 1513 2435 δεῖ
1524 2408 1553 2434 δέ
1566 2416 1607 2441 σε,
1621 2408 1699 2442 εἰπερ
1713 2407 1781 2442 αὐτῇ

995 2458 1139 2492 φιλοσοφίᾳ
1154 2457 1271 2492 γνησίως
1284 2455 1497 2491 προσελήλυθας,
1514 2454 1678 2489 ἀφίστασθαι
1691 2463 1781 2480 κοινω-

995 2504 1054 2535 νίας
1068 2504 1117 2538 τῆς
1133 2503 1200 2538 πρὸς
1211 2503 1274 2534 τοὺς
1289 2502 1477 2537 ἁποστρόφους
1490 2500 1585 2535 αὐτῆς,
1601 2500 1648 2527 καὶ
1659 2498 1782 2526 νοθεύον-

993 2559 1041 2581 τας
1059 2551 1092 2585 τῇ
1114 2549 1292 2586 μεταποιήσει
1308 2548 1338 2575 τὸ
1355 2548 1526 2583 ὑπέρσεμνον
1543 2546 1636 2581 αὐτῆς.
1666 2545 1718 2571 Τὸν
1735 2544 1778 2578 ἔφ-

993 2594 1057 2631 ορῶ
1075 2604 1115 2622 σοι
1139 2595 1230 2629 φιλίας
1244 2594 1321 2622 Θεὸν.
1333 2593 1370 2628 μὴ
1388 2593 1534 2627 ἑξενέγκῃς
1553 2591 1621 2626 πρός
1639 2599 1715 2622 τινας
1733 2589 1781 2623 τὴν

994 2639 1146 2675 ἐπιστολήν.
1164 2639 1195 2666 Εἰ
1209 2640 1262 2675 γάρ
1278 2640 1415 2674 ποιήσαις,
1429 2639 1453 2665 οι
1465 2638 1515 2672 τῆς
1530 2636 1630 2668 κακίας
1643 2635 1782 2671 χαρακτῆ-

995 2695 1041 2722 ρες
1059 2686 1150 2718 sinuat
1169 2685 1356 2720 λυπουμένους
1377 2685 1440 2715 τοὺς
1457 2682 1692 2718 έπεγινώσκοντας
1717 2680 1782 2715 παρ’

994 2733 1112 2764 έαιηᾱς,
1129 2731 1146 2767 ἦ
1163 2733 1219 2764 τοῖς
1235 2730 1324 2758 αὐτῶν
1338 2730 1425 2765 φίλοις
1447 2730 1480 2756 τὰ
1498 2728 1629 2764 εἷρημένα
1649 2726 1780 2764 σύμϐολα.

750 2809 838 2838 NON.
852 2810 894 2838 PE
900 2810 990 2839 TAVII
1010 2811 1126 2840 NOTAE.

193 2869 248 2905 (80)
268 2870 315 2902 Ὠς
329 2867 392 2897 οἷόν
413 2880 442 2898 τε
456 2872 640 2910 πολυτελῶξα.
656 2873 738 2903 Forte
753 2875 865 2903 οῑονται.
