1990 3060
221 97 287 124 1557

803 95 998 126 EPISTOLE.
1013 111 1049 117 —
1064 94 1173 122 EPIST.
1191 94 1307 123 CXLIII.

1787 97 1856 124 I538

218 155 256 182 Τὺ
271 156 299 183 δὲ
319 156 414 187 λυπεῖν
429 157 486 184 ἔστι
503 157 553 192 μὲν
571 157 616 184 ὅτε
640 157 735 193 ἄρρεν,
753 159 801 185 καὶ
822 166 890 194 προς
909 157 1008 194 τρόπου

1064 155 1092 184 Si
1104 155 1178 183 cnim
1205 155 1278 183 istud
1293 155 1404 188 feceris.
1421 163 1560 191 expressa:
1583 156 1644 184 ista:
1660 155 1792 191 nequitia:
1809 157 1858 183 IIJ-

219 202 388 237 φιλοσοφίας,
407 203 471 230 ὅταν
487 203 556 238 πρὸς
573 204 708 238 παρόντας
719 212 727 219 ο
743 203 773 230 τδ
785 204 815 231 δὲ
830 204 878 230 καί
891 204 1010 238 γράφειν

219 247 283 282 περὶ
311 247 424 280 τούτων,
457 248 645 283 μικροπρεπὲς
671 248 754 277 δοκεῖ.
786 249 856 275 Ἀλλ’
880 248 952 284 ἆπερ
977 248 1011 275 ἂν

219 293 345 325 Συνέσιος
359 294 427 329 πρὸς
441 294 522 320 αὐτὸν
539 293 704 330 διαλεχθείη,
715 294 801 321 ταῦτα
817 295 864 321 καὶ
881 294 949 329 πρὸς
961 293 1011 330 τὴν

218 339 311 373 τιμίαν
329 339 376 366 σοῦ
397 339 517 375 κεφαλὴν
533 339 699 372 διαλέγεται.
717 340 763 367 τοῦ
784 341 864 376 μόνου
883 341 973 375 φίλου.
991 340 1009 375 ἢ

220 384 290 417 μετὰ
314 384 387 410 δυοῖν
410 384 527 419 μάλιστα
551 385 628 420 φίλου
642 393 650 401 ο
669 386 707 417 ὡς
729 386 790 421 ἐμοί
815 394 848 420 γε
867 386 944 418 ἐκτὸς
962 386 1011 421 τῆς

219 429 343 465 τριττύος
358 430 446 465 ὑμῶν,
457 431 533 457 οὐδέν
544 432 617 458 ἐστιν
631 431 802 467 ἀνθρώπινον
809 432 908 466 τίμιον.
924 433 1011 468 Προσ-

219 476 345 512 κείμενος
362 477 391 503 δὲ
421 477 469 504 καὶ
490 477 582 509 αὐτὸς,
602 477 673 512 τάχα
691 477 844 513 συμπληρῶ
859 478 1011 514 τετρακτὺν

222 523 299 558 ἱερᾶς
317 523 419 558 φιλίας.
442 523 512 550 Ἀλλ’
527 523 704 559 εὐφημείσθω
719 524 770 560 τῆς
786 524 815 551 ὲν
829 524 926 559 ἀρχαῖς
942 525 1012 558 ὁμω-

218 570 305 606 νύμου
328 570 527 606 τετρακτύοςή
553 570 642 605 φύσις.
668 571 712 597 Ἐν
737 570 776 606 τῷ
800 570 932 606 τετραδίῳ
956 570 1011 596 τῶν

220 616 352 651 ἰαμϐείων
366 616 422 650 (81)
436 611 515 650 εὗρον
530 616 576 641 ἐπὶ
595 615 689 647 τέλους
705 615 768 646 τοὺς
785 614 888 641 δώδεκα
903 614 1012 649 στίχους

217 661 376 696 γραφέντας
404 661 473 696 ἄμα,
492 661 530 692 ὡς
552 660 580 687 ἓν
607 659 637 686 ὃν
665 659 839 695 ἐπίγραμμα.
865 659 941 685 Ἐπεὶ
964 656 1011 685 οὖν

219 715 249 733 σε
271 707 343 738 εἰκὸς
364 706 436 742 ἔχειν
457 706 574 738 αὐτοὺς,
590 705 644 732 ίσοι
666 705 704 736 ὡς
719 705 781 732 οὔτε
803 705 831 732 ἓν
850 705 929 736 εἰσιν,
949 703 1010 731 οὔτε

218 752 295 784 ἑνός·
322 751 378 778 ἀλλ’
407 751 432 777 ot
459 751 508 786 μὲν
537 750 609 777 ὀκτὼ
635 750 739 786 πρίιτοι
768 750 827 785 μετ’
854 750 1011 784 ἐπιστήμης

218 795 369 830 γραφέντες
381 795 539 830 ποιητικῆς,
557 795 684 830 μιγείσης
699 795 783 828 ἕξεως
799 795 1009 830 ἁστρονομικῆς,

1062 201 1229 237 scriptiones
1241 209 1360 230 nuerore
1375 202 1439 230 illos
1456 202 1587 234 afficieut,
1605 202 1652 237 qui
1667 202 1739 238 apud
1752 210 1793 235 se,
1808 208 1857 229 aut

1061 247 1166 276 amicos
1183 254 1251 274 suos
1266 252 1484 275 commemorata
1497 256 1512 275 a
1528 257 1570 276 me
1582 248 1686 276 indicia
1698 248 1855 283 deprehen-

1062 292 1163 320 derint.
1179 291 1279 320 Dolore
1298 296 1389 320 autem
1405 292 1515 321 afficere
1527 300 1589 320 cum
1609 292 1749 321 interdum
1766 293 1856 320 virilis

1062 339 1148 366 animi
1173 338 1220 371 sit,
1233 338 1467 374 philosophiaeque
1487 340 1610 368 moribus
1625 341 1854 372 consentaneum,

1061 385 1173 421 quando
1184 386 1250 413 illud
1261 393 1366 418 coram,
1382 390 1410 413 et
1428 385 1499 420 apud
1514 392 1662 421 praesentes
1678 387 1784 422 agitur,
1796 391 1854 414 tmn

1064 431 1202 466 ejusmodi
1219 432 1253 459 de
1262 432 1346 459 rebus
1358 431 1490 464 scribere,
1506 437 1651 467 angustum
1669 440 1701 460 ac
1714 425 1854 460 sordidum

1062 477 1182 505 videtur.
1197 477 1250 504 Sed
1263 485 1323 513 qua:
1335 476 1467 513 Synesius
1483 485 1576 504 secum
1593 478 1651 512 ipse
1661 469 1854 514 disputaverit.

1062 531 1094 552 ea
1109 524 1180 559 apud
1198 529 1224 551 te
1239 523 1319 559 longe
1334 523 1528 551 charissimum
1540 524 1593 551 sibi
1614 528 1698 559 caput
1709 525 1834 560 disputat
1847 535 1853 553 :

1062 570 1185 602 unicum,
1207 570 1328 605 inquam.
1354 573 1400 596 aut
1423 576 1486 596 cum
1513 569 1622 597 duobus
1646 571 1764 598 maxime
1785 571 1856 597 ami-

1062 623 1124 644 cum
1141 625 1148 643 :
1169 616 1298 650 quoniam
1314 619 1391 642 extra
1408 615 1560 642 ternionem
1581 619 1703 643 vestrum
1719 615 1787 642 nihil
1803 616 1856 642 liu-

1062 669 1205 688 manarum
1218 669 1310 688 rerum
1321 661 1566 695 magniadmodum
1580 660 1651 688 facio
1669 669 1676 688 :
1693 660 1794 696 quibus
1807 661 1857 687 ad-

1060 707 1173 742 junctus
1189 714 1239 742 ego
1254 713 1340 733 sacrae
1356 705 1486 733 amicitiae
1502 706 1712 740 quaternionem
1728 706 1856 733 fortassis

1062 751 1168 786 cxpleo.
1185 750 1285 778 Verum
1302 751 1496 786 quaternionis
1513 751 1588 779 illius
1612 755 1728 783 naturae.
1741 751 1788 786 qui
1808 759 1856 777 ca—

1062 796 1123 824 dem
1141 797 1323 832 appellatione
1337 797 1410 825 inest
1434 804 1527 824 rerum
1543 798 1667 824 omnium
1697 797 1854 832 principiis,

218 842 272 868 sici.
284 841 332 867 τοῦ
346 841 393 868 σοῦ
408 841 502 876 φίλου·
518 841 542 868 οῑ
556 841 583 868 δὲ
604 841 753 868 τελευταῖαι
764 841 912 877 τέσσαρες,
930 850 1008 876 ποιη-

1063 843 1154 878 lingua
1172 842 1317 870 favendum
1340 847 1393 870 est.
1411 841 1547 870 Cancrum
1572 842 1600 869 in
1616 843 1795 877 quaternario
1809 843 1857 869 ilio

218 887 296 921 τιχῆς
325 888 377 913 εἰσι
404 886 552 922 τρυφώσης
581 886 672 921 μόνον.
704 886 759 912 Καὶ
788 886 862 912 ἔστιν
886 887 998 922 ἀρχαῖον

225 932 359 967 Ἰἰγοῦμαι
375 932 404 959 δὲ
423 932 601 968 ἀσεϐέστερον
623 931 812 959 ἀποθανόντων
831 931 925 966 λόγους
947 932 993 959 κλέ

218 971 307 1012 πτειν,
322 979 338 1014 ἦ
356 979 494 1014 θοιμάτια,
515 979 529 1005 ὃ
544 978 667 1006 καλεῖται
684 978 883 1014 τυμϐωρυχεῖν.
909 978 1009 1014 Ἔρρω-

221 1026 307 1061 μένως
321 1025 461 1061 διαϐιῲης,
477 1025 584 1060 εὐαγῶς
599 1024 777 1055 καὶλεῦλαϐὦς
791 1024 949 1059 φιλοσοφίας
963 1024 1008 1050 ἀν-

218 1072 414 1106 τιποιούμενος.
429 1071 522 1099 Εἴκοσι
538 1071 584 1098 τοῦ
600 1072 713 1107 Μεσωρὶ
726 1071 832 1106 ἡμέρας
848 1070 1008 1106 συντίθεμαί

220 1127 260 1144 σοι
276 1118 434 1154 περιμένειν
447 1126 488 1149 σε,
504 1117 563 1153 μεθ’
578 1117 611 1149 ἃς
624 1118 672 1144 σὺν
687 1116 747 1153 Θεῷ
761 1117 811 1152 τῆς
826 1116 886 1146 ὁδοῦ
900 1116 1006 1152 ἕξομαι.

218 1165 270 1191 Τὸν
282 1164 456 1198 ἀγαθώτατον
468 1164 575 1199 ἑταῖρον
592 1163 706 1191 πλεῖστά
722 1172 765 1199 μοι
780 1163 922 1199 πρόσειπε·
939 1163 1008 1198 φιλῶ

218 1210 273 1246 γὰρ
290 1209 369 1236 αὐτὸν
379 1230 386 1242 ,
400 1209 466 1236 διότι
480 1217 509 1235 σε
526 1209 596 1236 πάνυ
609 1209 688 1244 φιλεῖ.

1062 889 1255 921 iambicorum,
1276 890 1301 915 in
1328 889 1381 916 line
1400 887 1545 915 duodecim
1562 896 1661 916 versus
1686 888 1767 915 simul
1793 896 1854 923 per-

1060 935 1181 970 scriptos
1210 935 1311 970 reperi.
1342 935 1456 970 perinde
1483 942 1515 961 ac
1532 934 1555 963 si
1581 942 1666 962 unum
1692 940 1768 963 esset
1795 935 1853 969 epi-

1057 987 1195 1014 gramma.
1207 980 1342 1014 Quoniam
1355 988 1420 1016 ergo
1436 981 1586 1009 verisimile
1599 986 1641 1009 est
1655 989 1738 1017 penes
1754 985 1780 1009 te
1792 981 1855 1009 illos

1062 1033 1134 1057 esse,
1153 1025 1223 1053 scito
1238 1033 1327 1060 neque
1353 1033 1438 1052 unum
1459 1026 1542 1061 quid.»
1563 1034 1652 1062 neque
1678 1026 1761 1055 unius
1776 1034 1854 1062 esse;

1063 1071 1109 1098 sed
1128 1076 1190 1098 octo
1203 1071 1312 1105 quidem
1329 1072 1411 1107 primi
1439 1079 1500 1099 cum
1517 1072 1624 1108 poetica
1654 1072 1768 1100 scientia
1783 1073 1854 1100 scri-

1063 1117 1112 1152 pti,
1125 1117 1242 1144 admista
1253 1117 1441 1145 astronomica
1455 1117 1596 1149 facultate.
1617 1117 1698 1145 amici
1709 1118 1748 1145 tui
1766 1122 1832 1145 sunt
1846 1126 1854 1144 :

1064 1163 1194 1197 postremi
1206 1170 1270 1190 vero
1284 1169 1413 1198 quatuor.
1435 1163 1557 1198 poeticos
1567 1163 1655 1191 solius
1670 1158 1853 1193 lascivientis.

1061 1213 1157 1243 estque
1171 1208 1288 1243 idipsum
1299 1209 1453 1244 antiquum.
1464 1208 1549 1244 Magis
1561 1213 1651 1236 autem
1667 1209 1780 1244 impium
1793 1217 1855 1236 esse

219 1257 339 1284 arbitror
366 1260 538 1282 mortuorum
568 1255 785 1288 lucubrationes,
808 1262 890 1289 quam
915 1259 1007 1282 vestes
1036 1255 1220 1293 fur_ari,quod
1237 1254 1366 1290 sepulcra
1387 1254 1532 1290 perfudere
1551 1255 1664 1285 dicitur.
1699 1255 1766 1284 Vale
1790 1264 1854 1291 per-

220 1308 312 1339 petuo.
343 1307 371 1330 et
398 1303 528 1338 religiose
564 1307 645 1338 atque
676 1303 878 1337 circumspecte
905 1303 1109 1338 philosophiam
1150 1305 1250 1329 tracta.
1275 1301 1378 1337 Viginti
1416 1306 1489 1329 totos
1518 1302 1617 1329 Mesori
1643 1302 1703 1331 dies
1732 1310 1775 1330 me
1804 1303 1852 1330 tibi

223 1350 443 1386 praestolaturum
462 1349 590 1386 paciscor
613 1350 739 1385 :quibus
763 1351 877 1381 exactis.
906 1349 1015 1376 favente
1035 1349 1090 1377 Deo
1115 1349 1166 1376 iter
1191 1347 1343 1383 aggrediar.
1363 1347 1473 1383 Optimo
1503 1347 1592 1376 sodali
1615 1348 1763 1384 plurimam
1794 1357 1855 1379 tum

220 1397 331 1424 nomine
354 1396 472 1423 salutent
494 1395 600 1429 dicito;
630 1396 717 1431 diligo
746 1396 819 1423 enim
834 1396 935 1431 ipsum,
959 1400 1104 1430 propterea
1115 1394 1189 1431 quod
1199 1394 1281 1422 etiam
1299 1399 1380 1429 atque
1395 1395 1478 1421 etiam
1498 1398 1523 1421 te
1539 1394 1638 1429 diligit.

475 1443 649 1470 ΕΠΙΣΤΟΛΗ
666 1442 755 1471 ΡΜΓ.

538 1488 581 1521 Τῷ
601 1488 691 1521 αὐτῷ.

254 1534 396 1570 (Τοιεάμων
417 1533 474 1570 [γρ.
490 1533 674 1569 Φοισάμμων]
691 1535 704 1560 ὁ
723 1534 773 1569 τὴν
790 1532 933 1568 ἐπιστολὴν
951 1534 1009 1559 ὲπι-

182 1581 291 1614 ,ποὺς
301 1581 349 1607 καὶ
360 1581 429 1616 ἀνήρ
442 1581 515 1607 ἐστιν
526 1580 637 1614 ἀγαθὸς,
649 1581 696 1607 καὶ
707 1580 794 1615 φίλος,
805 1580 853 1606 καὶ
864 1579 1008 1606 ἀδικεῖται.

220 1626 269 1653 Διὰ
282 1627 370 1653 πάντα
389 1625 435 1653 οὖν
449 1626 523 1662 αὒτῷ
541 1626 721 1653 συλλαῦέσοαι
743 1626 846 1657 δίκαιος
862 1623 896 1655 εἶ,
915 1625 963 1651 καὶ
975 1625 1009 1651 δι’

220 1673 304 1708 ἡμᾶς,
325 1673 372 1700 καὶ
386 1672 428 1699 διὰ
444 1673 490 1698 τὸν
503 1672 621 1707 τρόπον,
641 1672 687 1697 καὶ
707 1670 751 1697 διὰ
772 1670 821 1705 τὴν
838 1669 1008 1705 περίστασιν,

220 1718 305 1745 τοῦτο
333 1719 382 1752 μὲν
406 1717 477 1744 οὕτω
496 1718 626 1751 γενέσθω·
654 1716 701 1743 καὶ
729 1715 784 1751 γὰρ
810 1715 882 1742 ἔοικε
907 1715 1010 1749 σφόδρα

221 1763 364 1790 πιστεῦσαι
386 1764 418 1798 τῇ
437 1763 505 1798 πρὸς
523 1762 653 1797 ἀλλήλους
673 1761 751 1796 ἡμῶν
768 1760 868 1795 εὐνοίᾳ.
890 1759 941 1786 Σοῦ
956 1760 1010 1794 γὰρ

220 1809 357 1843 δεόμενος,
378 1809 421 1834 ἐπ’
447 1807 498 1842 ἐμὲ
521 1807 659 1841 κατέφυγε
672 1825 679 1837 .
702 1804 896 1841 τεθαρρηκὼς,
912 1805 953 1831 ὅτι
974 1804 1009 1830 δι’

221 1854 298 1889 ἰμοῦ,
316 1853 361 1879 σοῦ
382 1852 516 1884 τεύξεται.
536 1852 592 1878 Καὶ
617 1851 775 1886 ὑπεσχόμην
791 1850 867 1885 αὐτῷ
882 1850 929 1876 τδν
950 1851 1010 1885 Ἑρσ

221 1899 369 1929 κουλιανὸν,
383 1899 428 1925 διὰ
440 1898 577 1924 Συνεσίου·
588 1897 618 1923 τὺ
632 1897 659 1924 δὲ
676 1897 754 1932 νικᾷν
769 1897 831 1928 τοὺς
846 1895 1008 1928 λυποῦντας,

220 1945 252 1970 δι’
274 1942 466 1979 Ἐρκουλιανοῠ
479 1942 529 1977 τῆς
545 1941 620 1976 ἱερᾶς
630 1941 677 1968 καὶ
691 1941 783 1976 τιμίας
797 1940 927 1976 κεφαλῆς.
943 1940 1010 1976 Περὶ

220 1990 266 2016 τοῦ
285 1989 404 2024 κόμητος
421 1989 477 2023 (82)
497 1987 661 2024 ἐγεγράφεις
687 1987 720 2014 δι’
740 1987 920 2022 Οὺρσικίνου·
937 1985 1010 2020 λέγω

220 2035 248 2062 δὲ
264 2035 311 2062 τοῦ
327 2035 454 2070 τυχόντος
475 2035 562 2070 ἀρχῆς
581 2035 634 2060 τῶν
650 2034 679 2060 ἐν
698 2035 731 2069 τῇ
751 2033 860 2068 πατρίδι
876 2041 1010 2068 στρατιω-

220 2081 274 2107 τῶν
284 2089 291 2096 ⁸
307 2081 354 2108 καὶ
369 2081 443 2116 ῇτεις
458 2080 618 2115 συνθήματα
629 2080 694 2115 παρ’
708 2079 797 2114 ήμῶν,
811 2077 858 2105 τοῦ
870 2077 1008 2112 γενέσθαι,

222 2126 296 2162 παρὰ
309 2126 363 2152 τῶν
376 2125 532 2161 δυναμένων
548 2125 627 2152 τοῦτο
641 2126 726 2152 ποιεῖν
740 2125 794 2151 σῶν
809 2125 905 2160 φίλων,
920 2125 1010 2161 γράμ-

224 2165 294 2206 [Lacu
313 2171 381 2206 πρός
403 2179 433 2198 τε
454 2170 546 2202 αὑτὸν,
565 2170 611 2198 καὶ
631 2170 699 2206 πρὸς
722 2169 769 2196 τὸν
789 2168 941 2205 ὀρδινάριον
963 2169 1013 2205 ἄρ-

222 2225 313 2251 χοντα.
329 2217 350 2242 'I‘
352 2217 384 2252 ὴν
397 2216 446 2252 μὲν
459 2214 506 2243 οὖν
520 2216 680 2251 προαίρεσιν
692 2215 865 2250 ἀπεδεχόμην
878 2215 926 2241 καὶ
938 2215 1010 2242 τότε⁸

221 2262 251 2289 τὺ
263 2262 290 2289 δὲ
307 2262 396 2297 ἔργον,
409 2261 446 2293 ὡς
461 2261 607 2297 παρέλκον,
619 2260 768 2296 ἠρνούμην,
780 2260 882 2296 γυμνὸν
893 2260 1012 2296 ἐμαυτὸν

221 2308 262 2339 εἰς
277 2307 433 2342 φιλοσοφίαν
452 2308 538 2338 ἱστὰς.
554 2306 611 2333 Νῦν
627 2306 655 2334 δὲ
674 2306 847 2342 ἀδικούμενοι
866 2306 949 2341 φίλοι,
964 2307 1012 2334 καὶ

223 2353 343 2386 ιδιῶται,
364 2353 411 2380 καὶ
436 2353 617 2388 στρατιῶται,
643 2351 780 2388 βιάζονταί
808 2361 842 2388 με
867 2352 1013 2388 βούλεσθαι

1309 1439 1478 1468 EPISTULA
1500 1436 1615 1472 CXLIII.

1407 1485 1513 1513 Eidem.

1094 1531 1275 1562 Phebamon.
1291 1531 1338 1566 qui
1359 1531 1408 1559 tibi
1420 1531 1504 1559 hasce
1521 1530 1627 1558 litteras
1653 1530 1742 1560 offert.
1761 1534 1788 1558 et
1813 1531 1856 1562 vir

1063 1577 1151 1605 bonus
1168 1581 1221 1610 est,
1242 1581 1269 1604 et
1284 1577 1406 1609 amicus.
1421 1581 1449 1604 et
1466 1577 1594 1612 iniuriam
1612 1577 1724 1613 patitur.
1749 1577 1857 1611 Quium

1062 1623 1192 1650 omnibus
1209 1623 1243 1650 de
1268 1623 1360 1650 causis
1380 1630 1487 1658 aequum
1508 1627 1550 1650 est
1570 1623 1646 1649 illum
1660 1623 1710 1650 abs
1724 1627 1750 1649 te
1761 1623 1857 1650 ευιιιθη

1060 1668 1130 1701 vari,
1151 1668 1210 1696 sive
1224 1667 1311 1696 nostri
1332 1676 1431 1702 causa,
1448 1669 1507 1696 sive
1527 1669 1563 1696 ob
1583 1675 1675 1698 mores
1691 1668 1776 1703 ipsos,
1797 1670 1857 1696 sive

1060 1717 1174 1748 propter
1191 1714 1389 1741 calamitatem.
1407 1714 1465 1741 Hoc
1479 1714 1564 1748 igitur
1577 1714 1639 1741 itaa
1655 1719 1682 1741 te
1698 1714 1756 1741 lieri
1769 1715 1852 1741 volo:

1061 1766 1125 1786 nam
1135 1760 1161 1786 in
1174 1763 1269 1786 nostra
1283 1760 1406 1787 amicitia
1420 1760 1528 1786 liducize
1539 1760 1686 1794 plurimum
1702 1760 1856 1791 collocasse

1059 1805 1185 1839 videtur;
1203 1805 1251 1840 qui
1278 1812 1342 1833 cum
1364 1806 1398 1833 de
1421 1809 1448 1833 te
1464 1806 1609 1841 impetrare
1640 1806 1743 1840 aliquid
1759 1807 1855 1840 vellet.

1061 1850 1094 1877 ad
1106 1858 1149 1877 me
1157 1850 1292 1885 confugit,
1305 1854 1383 1878 certo
1395 1850 1537 1878 conlidens
1548 1858 1596 1886 per
1604 1858 1649 1878 me
1663 1855 1738 1878 tuam
1749 1860 1778 1879 se
1790 1860 1855 1879 esse

1060 1897 1175 1931 gratiam
1194 1901 1398 1926 assecuturum.
1411 1897 1502 1931 Atque
1530 1904 1581 1932 ego
1602 1895 1797 1926 Herculianum
1811 1897 1854 1927 illi

1060 1941 1140 1976 281
1161 1948 1210 1976 per
1227 1941 1372 1977 Synesium
1398 1941 1531 1977 promisi;
1559 1942 1594 1970 de
1625 1942 1659 1970 iis
1686 1950 1785 1978 porro,
1803 1943 1854 1978 qui

1061 1987 1112 2015 sibi
1129 1987 1237 2015 molesti
1247 1992 1322 2019 sunt.
1336 1987 1492 2020 victoriam,
1504 1996 1554 2024 per
1567 1987 1851 2022 llerculianum,cha-

1060 2041 1121 2061 rum
1149 2033 1217 2060 illud
1247 2041 1279 2061 ac
1309 2033 1468 2068 religiosum
1486 2037 1580 2069 caput.
1609 2033 1648 2063 De
1677 2035 1777 2062 comite
1803 2043 1855 2070 per

1060 2078 1219 2108 Ursicinum
1238 2078 1414 2113 scripseras:
1444 2087 1506 2106 eum
1530 2084 1621 2107 autem
1649 2080 1783 2115 intelligo,
1803 2081 1852 2115 qui

1061 2125 1179 2153 militum
1207 2125 1235 2152 in
1266 2125 1354 2159 patria
1387 2124 1577 2160 praefecturam
1597 2129 1639 2153 est
1667 2127 1780 2154 sortitus
1797 2136 1803 2154 :
1819 2134 1854 2154 ac

1059 2171 1137 2198 velut
1166 2170 1343 2199 conficiendae
1356 2171 1394 2198 rel
1422 2175 1553 2198 tesseram
1578 2171 1689 2198 anobis
1718 2172 1851 2206 petebas;

1060 2215 1168 2243 litteras
1185 2216 1314 2243 nimirum
1333 2216 1367 2242 ab
1380 2215 1476 2242 amicis
1490 2215 1555 2249 tuis‘,
1568 2216 1615 2250 qui
1631 2216 1656 2243 id
1670 2215 1761 2244 facere
1778 2224 1845 2252 posq

1060 2268 1132 2294 sent.
1161 2267 1217 2290 tam
1235 2263 1268 2290 ad
1287 2264 1389 2298 ipsum,
1404 2271 1487 2298 quam
1510 2263 1544 2290 ad
1567 2264 1744 2291 ordinarium
1764 2265 1850 2298 magi-

1060 2312 1187 2337 stratum.
1197 2309 1285 2343 Atque
1297 2315 1347 2343 ego
1364 2307 1474 2344 quidem
1487 2313 1544 2335 tum
1554 2308 1699 2336 consilium
1715 2309 1828 2344 probavi
1841 2319 1850 2343 ;

1059 2361 1116 2381 rem
1133 2357 1223 2380 autem
1241 2353 1341 2388 ipsam.
1357 2357 1487 2388 tanquam
1508 2361 1749 2388 supervacaneam,
1769 2362 1850 2390 τερος

836 2410 928 2438 DION.
946 2410 1082 2438 PETAVII
1097 2411 1214 2439 NOTAE.

258 2459 312 2494 (8|)
335 2459 383 2485 Ἐν
397 2459 431 2485 δὲ
443 2458 482 2490 τῷ
497 2457 636 2491 τετραδίῳ
660 2457 723 2494 γτῶν
738 2457 885 2494 ἱαμϐείῳν.
901 2456 1005 2484 Versus

179 2496 183 2501 '
221 2495 248 2522 hi
263 2492 413 2521 Iduoderim
428 2497 536 2520 eXstant
552 2502 576 2519 Ill
595 2493 721 2519 oratione
733 2493 801 2526 Περὶ
814 2492 926 2527 δώρου,
936 2499 1005 2527 quo-

223 2537 283 2556 rum
300 2530 406 2564 priores
419 2534 536 2562 quattuor
550 2527 687 2564 Ptoleuuei
711 2533 785 2564 sunt.
802 2527 900 2564 reliqui
917 2526 1006 2563 SYne-

223 2562 307 2592 siaui.
322 2565 368 2598 qui
385 2564 512 2598 leguntur
526 2564 607 2589 etiam
627 2563 656 2598 ini
671 2562 840 2596 Antholugia.

259 2599 312 2632 (8‘2)
330 2596 398 2632 Περὶ
413 2596 464 2626 ἰοῦ
486 2599 623 2632 κόμητος.
641 2597 843 2625 Obscuritatem
860 2596 911 2623 loci
925 2596 1007 2624 istius

222 2631 336 2660 discutit
359 2631 440 2660 breve
466 2631 590 2660 scholiou
615 2633 648 2659 ad
669 2631 735 2665 Reg.
753 2632 815 2658 cod.
853 2631 1006 2665 marginem

223 2670 394 2700 adnotatum,
409 2669 480 2703 quod
498 2668 540 2694 hic
557 2668 661 2702 placuit
673 2702 677 2703 ν
689 2667 846 2703 exscribere
865 2674 879 2703 :_
895 2666 1007 2703 Ἐρκου-

222 2703 312 2734 ληνὸς
328 2701 425 2737 ἐδεήθη
442 2703 488 2729 τοῦ
501 2701 619 2737 κόμητος
633 2702 702 2737 ὑπὲρ
715 2701 850 2737 Συνεᾳίου,
866 2701 940 2732 ὅπως
957 2701 1006 2737 ᾁρ-

223 2739 273 2773 χῆς
285 2746 355 2769 τινος
371 2735 449 2773 τ’ύχη,
461 2738 507 2764 καὶ
521 2735 620 2771 γράφει
634 2737 673 2771 τῷ
688 2735 816 2773 ’Συνεσίῳ
829 2736 873 2773 ἱξνα
889 2737 913 2761 εὶ
928 2735 1007 2773 τουτο

222 2771 389 2808 ἆτὲοδέχοιτο.
405 2771 607 2808 παρασκευάσῃ
627 2773 690 2803 τοὺς
709 2771 792 2808 αὑτοῦ
804 2771 904 2808 Δφίλους
920 2771 1007 2808 γράμ-

227 2816 298 2845 ματα
307 2805 417 2844 ’πέμψαι
439 2805 507 2845 πρὸς
525 2807 570 2834 τὸν
591 2805 707 2844 iditum.
724 2807 771 2833 καὶ
786 2805 831 2833 τὸν
845 2806 1007 2842 ὀρδινάριον.

1058 2458 1095 2484 Τὸ
1102 2457 1131 2485 δὲ
1144 2457 1209 2484 σῶν
1223 2458 1329 2492 φίλων,
1337 2458 1368 2484 ού
1381 2457 1436 2484 τῶν
1445 2457 1492 2484 τοῦ
1500 2455 1702 2492 Ἐρκουλιανοῦ,
1714 2456 1783 2484 ἀλλὰ
1796 2457 1851 2485 τῶν

1059 2493 1107 2520 τοῦ
1123 2491 1261 2520 Συνεσιου.
1280 2492 1359 2519 ’Ἐστι
1371 2492 1399 2519 δὲ
1410 2493 1424 2518 ὁ
1436 2492 1516 2526 λόγος
1531 2491 1584 2518 ὰπὸ
1596 2491 1644 2527 τοῦ
1658 2492 1849 2527 Ἐρκουλιανοῦ

1059 2528 1128 2563 πρὸς
1144 2528 1189 2555 τὸν
1203 2528 1339 2560 Συνέσιον,
1354 2527 1402 2554 καὶ
1422 2527 1587 2563 ὠςνὲκείνου·
1605 2526 1730 2561 λέγοντός
1746 2528 1804 2563 ἐστι
1819 2527 1853 2554 τὸ

1060 2561 1209 2596 σῶν-,θυῖε
1222 2566 1313 2590 tamen
1326 2570 1379 2589 non
1395 2562 1486 2590 omnia
1503 2561 1568 2588 mihi
1584 2563 1746 2596 probantur.
1759 2561 1850 2594 Quare

1060 2598 1101 2625 sic
1113 2598 1241 2625 existimo
1260 2606 1267 2624 :
1285 2597 1432 2632 scripsisse
1450 2597 1646 2624 Herculianum
1664 2596 1790 2631 Syuesio.
1808 2604 1848 2628 se,

1060 2633 1083 2660 si
1105 2633 1216 2668 quidem
1248 2631 1430 2668 permitteret.
1447 2632 1482 2668 ab
1507 2632 1604 2658 amicis
1622 2632 1679 2659 suis
1693 2631 1799 2658 litteras
1813 2631 1849 2668 ad

1061 2667 1188 2695 comitem
1217 2671 1245 2695 et
1274 2667 1445 2695 ordinarium
1473 2667 1693 2702 impetraturum,
1714 2670 1744 2693 ut
1767 2667 1851 2702 magi-

1062 2706 1151 2730 stratu
1168 2703 1298 2738 quopiam
1314 2706 1470 2738 ornaretur,
1495 2701 1568 2738 quod
1587 2709 1786 2738 eorumruuss
1801 2701 1849 2736 qui

1061 2738 1094 2778 ad
1110 2736 1185 2766 sese’
1199 2736 1395 2774 cdnfugiebant
1409 2736 1593 2772 iuvandarum
1613 2736 1747 2776 permittit
1763 2736 1850 2772 Syne-

1061 2780 1131 2801 snus.
