1990 3060
151 109 216 146 2559

676 97 810 127 SYNESII
834 97 1067 126 PTOLEMAIDIS
1083 95 1238 124 EPISCOPI

1705 92 1789 121 1540

144 167 235 199 diavi;
250 163 323 200 quod
345 161 448 190 nudum
471 167 514 188 me
532 159 565 186 ad
583 158 784 194 philosophiam
803 158 934 186 contulis-

994 157 1190 184 ιεταποιεὶσθαι
1218 156 1268 192 τῆς
1294 155 1438 191 πολιτικῆς
1461 154 1622 191 δυνάμεως,
1648 153 1719 189 πρὸς
1744 153 1789 188 ἢν

146 219 214 240 sem.
232 210 309 237 Nunc
324 212 416 235 autem
430 206 517 233 affecti
534 205 635 239 injuria
648 205 776 236 amici,ct
789 204 897 239 privati,
909 207 937 231 et

147 257 247 284 milites
262 258 364 290 cogunt
375 261 428 283 me,
444 257 473 279 ut
490 251 598 278 civilem
614 250 679 277 mihi
693 250 842 285 potentiam
855 257 935 276 assu-

147 308 236 332 mam;
254 300 287 326 ad
300 305 381 334 quam
401 297 513 324 minime
528 303 543 322 a
566 298 664 322 natura
682 299 872 328 comparatum
893 302 936 321 me

146 354 207 374 esse
221 346 280 373 scio
301 354 308 372 :
325 349 406 379 atque
417 343 469 370 hoc
487 348 594 369 mecum
611 340 650 367 illi
672 340 739 367 satis
760 339 935 374 intelligunt;

147 392 195 419 sed
211 395 307 425 suapte
322 397 407 417 causa
423 389 467 416 vel
483 388 598 415 invitum
613 386 754 422 quidpiam
770 394 850 421 agere
864 393 936 413 com-

148 437 263 473 pellunt.
280 436 463 469 Quamobrem
479 435 503 462 si
518 434 555 461 ita
568 433 616 460 tibi
634 431 789 460 faciendum
817 432 935 464 videtur,

149 483 220 510 facio
238 486 409 517 potestatem.
425 480 545 507 Salutem
562 486 623 506 meo
641 478 751 505 nomine
772 477 856 504 dicito
871 478 936 505 reli-

148 528 225 563 gioso
240 527 340 559 sodali,
356 526 484 557 diacono,
502 524 548 560 qui
573 522 682 558 quidem
699 527 794 550 contra
809 523 939 550 adversa-

148 574 219 600 rium
240 573 359 607 equitem
386 575 498 598 strenue
527 576 589 596 sese
615 573 751 596 exerceat.
779 567 887 594 Salutat
912 571 938 594 te

149 619 275 647 universa
291 622 386 645 nostra
406 615 571 648 familia;ad
589 622 670 650 quam
687 613 787 641 lsionis
814 613 937 641 accessio

149 665 222 692 facta
239 667 292 695 est,
304 671 385 698 quem
400 667 427 689 tu
443 661 477 688 ab
493 660 561 688 actis
582 659 761 687 desiderabas
777 668 784 686 ε
799 658 844 693 qui
868 658 936 685 mihi

149 711 253 746 ignavae
276 714 304 737 et
330 708 448 743 indignae
466 705 627 741 philosopho
637 705 790 731 litterarum
804 705 837 730 ad
854 704 939 739 magi-

984 203 1169 237 ἀποπεφυκῶς
1188 200 1264 229 οῖδα·
1284 202 1331 228 καὶ
1353 202 1430 228 αὐτοί
1456 210 1502 236 μοι
1524 200 1603 228 τοῦτο
1623 200 1787 230 συνίσασιν,

984 248 1053 275 ἀλλὰ
1077 248 1214 282 βιάζονται
1229 247 1303 282 σφῶν
1323 247 1404 274 ἕνεκα.
1421 248 1506 273 ποιεῖν
1527 255 1555 272 τι
1575 246 1622 272 καὶ
1637 244 1786 272 ἀκούσιον.

985 293 1041 320 Νῦν
1056 291 1103 320 οὖν
1115 294 1140 319 εί
1154 293 1246 328 δοκοίη
1266 301 1307 319 σοι
1321 292 1402 319 τοῦτο
1415 293 1513 325 ποιεῖν,
1526 291 1677 326 ἐπιτρέπω.
1688 289 1790 325 Πρόσ-

985 339 1045 365 ειπέ
1064 347 1110 374 μοι
1128 339 1173 365 τὸν
1190 339 1263 374 ίερδν
1279 339 1386 374 ἑταῖρον
1402 339 1447 364 τὸν
1460 338 1592 368 διάκονον.
1614 336 1661 363 καὶ
1674 343 1788 370 γυμνα-

987 384 1074 416 ζέσθω
1095 385 1162 420 πρὸς
1184 385 1387 419 ἀνταγωνιστὴν
1408 384 1503 411 ἱππέα.
1522 381 1724 418 Προσαγορεύει
1748 389 1786 407 σε

987 430 1041 461 πᾶς
1059 438 1110 465 μου
1124 431 1137 456 ό
1153 428 1238 463 οἶκος,
1251 429 1471 466 προσγενομένου
1484 428 1558 463 αὑτῷ
1571 428 1618 455 νῦν
1632 428 1679 454 καὶ
1696 427 1788 454 Ίσίω-

986 485 1042 508 νος.
1062 476 1092 502 ὃν
1110 476 1216 509 ἐπόθεις
1234 477 1287 503 ἀπὸ
1302 477 1479 512 διηγημάτων
1498 476 1565 511 (85),
1583 475 1612 506 ὃς
1630 474 1717 506 αἴτιός
1733 482 1785 508 μοι

988 521 1082 556 γέγονε
1097 523 1146 557 τῆς
1161 522 1291 556 ἀγεννοῦς
1303 523 1350 548 καὶ
1361 522 1524 556 ἀφιλοσόφου
1538 521 1594 548 τῶν
1605 520 1785 557 γραμμάτων

989 569 1123 603 αἰτήσεως
1143 569 1211 604 πρὸς
1235 569 1297 601 τοὺς
1318 570 1467 605 ἄρχοντας,
1487 568 1664 603 καταδεηθεὶς
1678 567 1713 594 τὰ
1730 567 1784 603 μὲν

989 613 1200 649 αὐτοπρόσωπος
1220 615 1290 650 ὑπὲρ
1309 615 1428 641 πολλῶν·
1451 614 1486 641 τὰ
1504 614 1532 641 δὲ
1546 614 1580 640 δι’
1596 611 1633 640 ὧν
1651 614 1785 648 ἐκόμισεν

990 659 1148 688 ἐπιστολῶν.
1163 662 1218 688 Καὶ
1235 659 1311 693 οὗτος
1328 659 1375 688 οὖν
1391 670 1420 688 σε
1440 660 1521 697 μέχρι
1539 660 1588 695 τῆς
1604 660 1784 695 διηγορευμέ-

992 714 1041 741 ντις
1054 707 1161 739 εἰκάδος
1172 707 1326 742 περιμένει.

149 761 253 784 stratus
283 754 477 791 postulationis
500 759 613 779 causam
641 752 772 787 praebuit;
801 759 863 778 cum
881 760 924 779 me
944 754 1043 787 partim
1070 761 1163 781 coram
1196 762 1246 790 pro
1268 755 1363 782 multis
1386 754 1582 790 interpellaret,
1607 753 1705 788 partim
1731 759 1782 787 per

150 804 265 836 litteras,
282 810 352 838 quas
368 803 428 837 ipse
441 800 589 828 deferebat.
620 799 653 826 Et
678 799 702 827 is
735 806 844 835 quoque
864 803 891 827 te
908 807 994 835 usque
1009 801 1043 828 ad
1068 802 1225 830 condictum
1258 801 1340 836 dicm,
1356 803 1516 829 vicesimum
1538 805 1688 836 exspectat.

392 859 558 888 EPISTOLA
579 858 694 888 CXLIV.

496 905 602 932 Eidem.

187 954 290 982 Servus
305 952 419 988 quidam
442 959 521 979 meus
540 950 667 986 aufugit,
685 957 740 977 non
761 957 795 977 ex
819 949 942 984 paternis

149 1000 240 1032 meis,
258 1004 305 1026 aut
320 998 368 1034 qui
383 998 438 1025 alia
453 997 560 1025 ratione
577 1004 685 1024 mecum
709 1002 766 1023 una
789 1000 855 1023 sunt
873 995 943 1023 edu-

150 1044 206 1073 cati
224 1055 231 1072 :
248 1045 266 1072 ii
279 1045 351 1072 enim
366 1043 517 1071 liberaliter
539 1042 658 1069 instituti
669 1063 676 1074 ,
692 1049 723 1068 ac
742 1049 827 1076 prope
843 1040 942 1076 aequali

151 1098 260 1118 mecum
274 1090 380 1117 honore
393 1088 498 1121 habiti,
513 1091 646 1122 tanquam
661 1095 694 1114 ex
709 1087 844 1114 electione
859 1087 944 1122 impe-

151 1140 257 1164 rantem
280 1137 374 1162 amant
393 1133 502 1169 potius,
523 1141 606 1168 quam
629 1133 702 1160 velut
722 1140 754 1160 ex
778 1133 836 1167 lege
855 1132 944 1160 domi-

151 1190 217 1210 num
233 1181 433 1213 reformidant;
450 1180 496 1208 sed
513 1179 687 1207 Philoromus
701 1178 771 1213 (hoc
783 1179 855 1206 enim
873 1178 943 1213 fugi-

152 1229 209 1256 tivo
233 1235 333 1255 nomen
349 1226 409 1260 est)
423 1225 597 1253 consobrina:
612 1231 679 1252 mea:
693 1223 790 1251 Amelii
806 1223 868 1250 ﬁlize
883 1231 943 1250 ser-

151 1282 220 1306 vus,
236 1274 283 1309 qui
313 1280 392 1300 meus
414 1272 524 1307 quidem
546 1275 657 1306 propter
680 1270 752 1297 illam
776 1269 865 1297 factus
889 1273 941 1297 est.

153 1320 208 1347 Sed
222 1326 285 1348 cum
302 1319 447 1351 dissolute,
461 1325 492 1345 ac
506 1317 576 1345 citra
590 1317 763 1352 disciplinam
782 1320 855 1344 esset
876 1316 943 1343 edu-

151 1370 243 1398 catus,
262 1364 429 1401 philosopho
448 1363 562 1398 dignum
581 1367 609 1390 et
632 1361 797 1389 Laconicum
819 1362 942 1397 regimen

153 1418 209 1438 non
224 1411 302 1442 tulit;
319 1414 347 1437 et
360 1416 434 1437 nunc
448 1407 665 1436 Alexandrinum
681 1415 731 1442 pro
744 1414 786 1434 me
799 1407 942 1434 dominum

120 1484 124 1489 _
154 1462 265 1489 nactus,
283 1465 347 1484 eum
371 1463 404 1484 eo
427 1454 575 1490 Egyptum
601 1458 739 1490 peragrat.
762 1453 944 1490 llarpocratio

153 1502 266 1538 quidam
280 1508 324 1530 est
338 1500 494 1529 lleracliani
507 1500 669 1534 satellitum,
682 1508 714 1527 ex
727 1507 821 1527 eorum
836 1499 942 1532 ordine,

1256 861 1429 889 ΕΠΙΣΤΟΛῆ
1450 861 1514 888 ΜΔ¹.

1311 907 1354 941 Τῷ
1372 905 1462 940 αὐτῷ.

1027 954 1143 990 Οἰκέτης
1157 954 1222 990 ἐμὸς
1241 954 1449 989 ἐδραπέτευσεν,
1465 953 1496 979 οὐ
1516 952 1570 978 τῶν
1584 951 1717 987 πατρῴων
1725 950 1782 977 τῶν

992 1000 1086 1036 ἐμῶν,
1100 1000 1161 1027 οὐδὲ
1186 1001 1241 1027 τῶν
1267 1000 1354 1031 ἄλλως
1375 999 1580 1034 συντραφέντων
1599 998 1670 1034 ἐμοί.
1694 997 1782 1032 Ἀγω-

992 1047 1045 1082 γῆς
1066 1046 1121 1082 γὰρ
1143 1045 1293 1082 ἐλευθερίου
1318 1045 1515 1081 μετασχόντες,
1533 1044 1580 1071 καὶ
1606 1043 1706 1079 μπκροῦ
1729 1043 1783 1069 δέω

993 1091 1082 1126 λέγειν
1100 1093 1129 1118 ἐν
1147 1092 1289 1127 ὁμοτίμοις
1311 1091 1450 1126 ἀγόμενοι,
1472 1089 1592 1126 φιλοῦσιν
1612 1089 1649 1122 ὡς
1673 1089 1784 1125 αἱρετὸν

993 1137 1110 1172 ἄρχοντα
1135 1137 1245 1172 μᾶλλον,
1266 1137 1282 1172 ἢ
1320 1136 1437 1163 δεδίασιν
1463 1135 1501 1167 ὡς
1528 1135 1602 1170 νόμῳ
1629 1134 1781 1169 δεεπότην·

994 1183 1051 1210 ἀλλ’
1071 1184 1085 1210 ὁ
1099 1182 1255 1218 Φιλόρωμος
1268 1182 1359 1217 (τοῦτο
1375 1182 1428 1218 γὰρ
1440 1183 1524 1217 ὄνομα
1536 1181 1574 1217 τῷ
1593 1180 1725 1217 δραπέτῃ)
1732 1180 1784 1215 τῆς

993 1228 1137 1264 ἀδελφιδῆς
1158 1237 1208 1263 μου
1226 1229 1275 1263 τῆς
1298 1228 1422 1263 ’Δμελίου
1443 1228 1575 1264 θυγατρὸς
1597 1228 1705 1262 οἰκέτης
1732 1226 1782 1258 ὣν,

993 1274 1059 1310 ἐμὸς
1079 1274 1184 1308 γίνεται
1210 1273 1243 1300 δι’
1268 1274 1385 1309 ἐκείνης.
1410 1273 1528 1310 Τραφεὶς
1551 1273 1580 1300 δὲ
1596 1272 1714 1308 ἐκμελὴς
1736 1273 1784 1298 καὶ

993 1320 1150 1354 ἀνάγωγος,
1164 1320 1306 1354 φιλόσοφον
1319 1320 1366 1346 καὶ
1380 1319 1541 1353 Λακωνικὴν
1556 1318 1715 1345 ἐπιστασίαν
1733 1318 1784 1344 οὐκ

993 1367 1092 1401 ἧνεγκε
1108 1373 1117 1381 '
1139 1366 1187 1392 καὶ
1215 1365 1262 1392 νῦν
1290 1365 1348 1392 ἀντ’
1370 1365 1437 1401 ἐμοῦ
1470 1364 1603 1400 δεσπότην
1633 1364 1785 1400 εὑράμενος

1000 1411 1187 1447 Ἀλεξανδρέα,
1208 1413 1361 1448 περινοστεῖ
1379 1412 1436 1447 μετ’
1453 1411 1557 1438 ἐκείνου
1573 1411 1622 1445 τὴν
1637 1411 1783 1445 Αἴγυπτον.

999 1458 1204 1494 Ἁρποκρατίων
1218 1458 1260 1489 τίς
1272 1458 1329 1484 ἐστι
1342 1458 1396 1484 τῶν
1408 1456 1603 1493 Ἡρακλειανοΰ
1616 1457 1783 1492 δορυφόρων,

993 1504 1070 1537 τάξιν
1099 1504 1168 1539 ἔχων
1192 1503 1232 1539 τῷ
1263 1503 1352 1539 βοηθῷ
1384 1503 1502 1539 βοηθεῖν.
1532 1503 1564 1530 'H
1589 1502 1644 1539 γὰρ
1673 1503 1786 1529 σουδα-

153 1548 200 1583 qui
224 1547 366 1582 adjutores
390 1546 532 1581 adjuvant.
558 1545 619 1573 Vox
639 1546 714 1573 enim
737 1545 891 1580 Subadjuua
916 1545 942 1573 id

995 1549 1099 1576 δίουϐα
1131 1549 1203 1582 λέξις
1225 1549 1281 1584 (84)
1311 1548 1391 1575 τοῦεο
1421 1548 1583 1584 ἑρμηνεύειν
1616 1548 1784 1575 πιστεύεται.

154 1594 310 1630 signiﬁcare
334 1593 468 1620 creditur.
490 1591 571 1627 Apud
594 1591 668 1619 hunc
692 1591 867 1619 Philoromus
890 1597 942 1620 est.

155 1639 212 1675 Ego
222 1645 296 1670 vero,
308 1637 382 1673 quod
395 1637 427 1665 ad
441 1644 483 1665 me
497 1637 606 1668 attinet,
616 1636 708 1664 valere
719 1636 795 1662 illum
806 1636 942 1670 juberem.

154 1685 207 1718 Qui
223 1684 296 1711 enim
318 1683 460 1714 convenit,
477 1682 641 1710 deteriorem
662 1681 731 1709 nihil
752 1689 822 1717 opus
842 1681 944 1709 habere

154 1729 335 1757 melioribus:
351 1729 433 1764 282
449 1737 497 1756 eos
512 1735 577 1756 vero
588 1748 596 1760 ,
611 1728 658 1763 qui
683 1735 713 1755 se
734 1727 862 1755 meliores
883 1735 944 1755 esse

155 1775 330 1810 profitentur,
346 1782 416 1810 opus
427 1775 528 1803 habere
542 1773 744 1802 deterioribus?
757 1772 810 1800 Sed
826 1772 944 1800 infelicis

155 1820 232 1848 illius
246 1820 312 1847 hera
327 1819 449 1847 nondum
465 1820 578 1847 omnino
591 1819 690 1847 adduci
703 1823 795 1854 potest
809 1823 839 1847 ut
855 1819 945 1854 philo-

157 1866 306 1901 sophetur;
321 1866 358 1893 ita
375 1870 404 1893 ut
414 1873 445 1893 ea
459 1870 616 1894 contemnat
628 1887 635 1899 ,
649 1873 710 1902 quae
723 1866 836 1893 minime
848 1867 881 1894 ad
894 1875 946 1894 nos

157 1911 370 1939 adhaerescunt:
391 1919 560 1952 summoque
579 1919 594 1938 a
620 1919 663 1940 me
683 1917 767 1947 opere
788 1913 944 1944 contendit,

157 1960 187 1984 ut
202 1957 311 1992 aliquos
327 1957 464 1985 mitterem
474 1978 482 1990 ,
497 1957 544 1992 qui
560 1957 636 1985 illum
653 1965 669 1984 a
683 1957 746 1993 fuga
759 1958 942 1985 retraherent.

156 2001 244 2035 Quam
259 2002 370 2037 quidem
384 2003 555 2037 provinciam
571 2003 598 2030 in
621 2010 651 2030 se
674 2003 778 2038 recepit
796 2003 944 2031 contuber-

156 2047 229 2074 nalis
251 2055 329 2075 meus
343 2047 484 2080 Aithales;
501 2055 581 2083 quem
596 2056 647 2083 ego
662 2052 688 2076 et
701 2049 771 2076 duce
788 2049 842 2076 Deo
857 2048 944 2076 fretus

157 2092 250 2120 dimisi
266 2101 273 2125 ;
288 2097 315 2120 et
328 2093 478 2120 humanum
492 2094 516 2121 ei
532 2101 592 2121 sum
610 2101 624 2120 a
640 2097 667 2121 te
688 2093 841 2121 subsidium
865 2094 943 2129 polli-

995 1594 1089 1630 Τούτῳ
1117 1594 1240 1621 σύνεστιν
1255 1594 1269 1620 ὁ
1296 1594 1461 1629 Φιλόρωμος.
1489 1593 1586 1629 Κάγὼ,
1610 1594 1641 1620 τό
1661 1594 1687 1628 γ’
1707 1593 1783 1629 ἐμὸν,

995 1639 1074 1666 εἴασα
1093 1639 1126 1666 ἂν
1145 1639 1250 1675 χαίρειν
1275 1639 1366 1666 αὐτόν.
1386 1639 1440 1666 Ποῦ
1466 1639 1519 1676 γὰρ
1542 1639 1652 1674 εὔλογον
1674 1640 1718 1666 τὸν
1735 1638 1785 1674 μὲν

994 1684 1079 1720 χείρω
1097 1685 1151 1711 τῶν
1171 1684 1314 1720 βελτιόνων
1333 1684 1370 1720 μὴ
1385 1685 1499 1717 δεῖσθαι,
1518 1686 1580 1717 τοὺς
1599 1685 1626 1712 δὲ
1647 1684 1785 1720 βελτίονας

995 1729 1192 1764 ὁμολογοῦντας
1220 1728 1300 1763 εἶναι,
1318 1729 1421 1756 δεῖσθαι
1441 1729 1488 1756 τοῦ
1516 1730 1654 1765 χείρονοςς
1678 1729 1748 1756 Ἀλλ’
1767 1730 1783 1764 ή

996 1775 1123 1802 δέσποινα
1149 1775 1195 1802 τοῦ
1227 1775 1424 1810 κακοδαίμονος
1456 1774 1532 1801 οὔπω
1557 1775 1681 1801 πείθεται
1713 1774 1784 1800 πάνυ

996 1822 1159 1856 φιλοσοφεῖν,
1175 1822 1244 1849 ὥστε
1261 1823 1441 1857 καταφρονεῖν
1454 1822 1509 1848 τῶν
1522 1821 1571 1848 οὐκ
1585 1821 1784 1856 ἀντεχομένων.

996 1868 1201 1904 καὶκατεδεήθη
1219 1868 1303 1895 πολλὰ
1320 1868 1449 1903 σταλῆναι
1459 1868 1521 1899 τοὺς
1536 1867 1719 1900 ἐπανάξοντας
1735 1866 1786 1894 ab-

995 1914 1051 1940 τόν.
1070 1913 1190 1948 ’Υπέστη
1210 1914 1239 1940 δέ
1254 1915 1304 1949 τὴν
1316 1914 1462 1950 ὐπερεσίαν
1475 1913 1634 1949 αὐθαίρετος
1653 1913 1668 1938 ὁ
1681 1911 1784 1946 σύσκη-

996 1968 1041 1990 νος
1064 1959 1143 1994 ἡμῶν
1168 1959 1318 1995 Ἀειθαλὴς,
1341 1960 1370 1986 ὂν
1389 1958 1443 1993 ἐγὼ
1462 1958 1522 1994 Θεῷ
1546 1967 1575 1984 τε
1593 1957 1705 1993 ἡγεμόνι
1720 1957 1786 1992 eap-

998 2005 1052 2040 ρῶν
1070 2004 1186 2036 ἔστειλα,
1203 2005 1249 2032 καὶ
1270 2005 1443 2040 ἀνθρωπίνην
1461 2005 1620 2039 ἐπικουρίαν
1635 2003 1787 2037 ὑποσχόμε-

998 2059 1042 2081 νος
1050 2050 1098 2086 τὴν
1107 2050 1182 2085 παρὰ
1198 2050 1255 2077 σοῦ.
1272 2051 1322 2086 Εῖη
1337 2059 1378 2077 σοι
1395 2050 1443 2085 τὴν
1458 2050 1603 2085 ἐπιστολὴν
1614 2048 1784 2083 ἐπιδοθῆναι·

998 2094 1033 2121 τὰ
1051 2095 1078 2121 δὲ
1104 2095 1247 2129 ἐντεῦθεν,
1267 2096 1361 2131 ἐπειδὴ
1382 2095 1553 2130 παρείληφας
1573 2094 1621 2129 τὴν
1641 2093 1785 2124 ὑπόθεσιν,

157 2138 239 2166 citus.
265 2137 384 2165 Tantum
412 2138 496 2174 igitur
524 2138 565 2166 his
590 2139 638 2166 tibi
663 2139 692 2166 in
721 2146 820 2166 manus
848 2139 942 2166 littera-

996 2140 1066 2176 Θεῷ,
1083 2141 1130 2167 καὶ
1150 2140 1224 2176 αὐτῷ
1245 2149 1296 2174 σοι,
1315 2141 1363 2167 καὶ
1381 2140 1513 2167 ’Δειθαλεῖ
1534 2140 1657 2175 μελήσει.

158 2182 279 2209 dentur:
313 2187 432 2216 caetera,
462 2187 608 2218 postquam
638 2189 830 2218 argumentum
865 2191 945 2212 omne
979 2186 1145 2221 percepisti,
1181 2186 1253 2218 Deo,
1285 2194 1317 2213 ac
1346 2186 1394 2214 tibi
1423 2186 1492 2221 ipsi,
1518 2190 1545 2212 et
1572 2185 1688 2212 Aitlialis
1713 2190 1787 2210 cura:

160 2228 298 2263 permitto.

401 2271 567 2300 EPISTOLA
587 2272 690 2301 CXLV.

503 2317 608 2344 Eidem.

194 2363 263 2390 Cum
278 2370 328 2398 ego
344 2363 430 2391 multo
443 2367 506 2391 ante
520 2368 646 2391 sanctum
661 2365 781 2392 animum
795 2369 873 2392 tuum
887 2372 949 2392 cor-

159 2408 291 2437 roborare
311 2416 459 2445 cuperem,
480 2409 627 2437 vehemens
649 2410 714 2437 illud
738 2415 816 2438 tuum
831 2418 949 2439 consue-

1254 2274 1425 2300 ΕΠΙΣΤΟΛΠ
1448 2274 1536 2300 PME'.

1320 2318 1363 2352 Τῷ
1379 2319 1470 2352 αὐτῷ.

1042 2364 1231 2400 Ἐπιθυμήσας
1257 2366 1411 2401 ἀρρενῶσαι
1432 2367 1482 2401 τὴν
1499 2367 1573 2402 ίεράν
1589 2375 1635 2393 σου
1649 2367 1738 2404 ψυχὴν
1749 2368 1787 2404 τῷ

1001 2410 1034 2437 δι’
1059 2410 1207 2437 ἐπιστολῶν
1224 2411 1372 2446 ἐπιπλῆξαι
1404 2411 1443 2448 τῷ
1472 2412 1582 2448 σφοδρῷ
1609 2414 1658 2449 τῆς
1683 2415 1723 2446 είς
1739 2415 1786 2451 τὴν

777 2509 868 2536 DION.
889 2508 1029 2538 PETAVII
1044 2508 1161 2538 NOTIE.

194 2596 260 2632 (83),
283 2598 324 2622 Ον
337 2596 455 2632 ἐπόθεις
472 2596 531 2624 ἀπὸ
544 2596 742 2631 διηγημάτων.
765 2596 860 2632 Magna
881 2596 947 2624 mihi

160 2631 280 2665 suspicio
298 2635 340 2658 est
420 2631 596 2672 διηγημάτων
614 2632 694 2672 officii
705 2631 849 2672 modum
862 2640 948 2667 genus

160 2666 383 2699 esse,qnomodo
403 2665 535 2694 Latine'a
558 2667 676 2694 consiliis
696 2665 823 2699 dicimus,
841 2665 949 2693 aicom-

160 2700 311 2737 mentariis,
322 2700 353 2726 ab
362 2702 448 2737 fctis,
462 2702 689 2737 θιβηᾼιηγήματα
702 2702 798 2729 Latine
817 2707 877 2729 acta
888 2709 949 2729 ver-

160 2738 219 2771 tere
231 2735 339 2771 possis.
360 2735 405 2762 Sic
425 2736 496 2771 apud
523 2735 658 2764 Theudor.
680 2737 696 2763 I.
713 2745 730 2764 ιι
754 2737 854 2764 Eccles.
870 2737 946 2768 Irish,

160 2769 316 2804 διηγήματα
333 2778 382 2804 pro
395 2769 463 2798 actis
482 2772 591 2798 consilii
619 2776 775 2799 sumuntur.
798 2771 876 2799 Unde
892 2771 946 2798 ἀπὸ

161 2804 336 2840 διηγημάτων
349 2805 478 2832 dicuntur
497 2810 667 2840 exceptores,
679 2807 725 2841 qui
745 2812 805 2833 aeta
823 2806 943 2842 judicio—

997 2604 1059 2624 rum
1089 2597 1306 2633 praescribebant
1326 2601 1354 2625 et
1370 2597 1533 2634 redigebant
1557 2600 1585 2627 in
1615 2602 1786 2629 memoriam.

996 2632 1060 2672 Fuit
1080 2637 1171 2660 autem
1190 2632 1370 2660 Heraclianus
1394 2634 1436 2660 vir
1455 2635 1786 2672 nobi_lis._et_pra-fectura

997 2667 1088 2706 aliqua
1102 2672 1228 2706 ornatus,
1250 2672 1278 2706 u_t
1297 2675 1332 2706 ex_
1342 2669 1466 2706 sequenti
1481 2670 1596 2706 cpistola
1604 2667 1709 2706 )iquet.

1033 2702 1143 2740 (ὃςιλἩ
1172 2703 1227 2737 γὰρ
1253 2702 1456 2740 Σουόαδίουδα
1479 2702 1574 2740 λέξιςτ
1601 2702 1786 2740 Subadjuvam

997 2736 1281 2777 Justinianusjocat.
1295 2739 1376 2777 quasi
1392 2737 1528 2777 adjutoris
1542 2736 1709 2777 adjutorem'.
1719 2740 1785 2768 Nam

999 2772 1130 2807 magister
1149 2771 1312 2807 olligiorum;
1334 2771 1487 2806 adjutorem
1522 2771 1630 2806 habuit,
1656 2776 1700 2803 cui
1725 2776 1779 2804 3"“

999 2799 1106 2842 adfui-aa
1118 2799 1271 2836 dati.'Vide
1286 2799 1422 2834 Notitiam
1437 2799 1548 2836 Imperi
1559 2799 1662 2837 Orieiu.
