1990 3060
175 119 242 147 1541

730 108 924 138 EPISTOLAE.
946 123 980 129 —
996 106 1104 135 EPIST.
1125 105 1238 134 CXLVI.

1734 104 1806 132 1542

175 177 320 212 συντυχίαν
343 175 422 211 ήμῶν
447 174 614 205 συστάσεως,
632 170 723 205 πολλῷ
746 170 879 206 πρότερον
907 168 964 203 (85]

1019 166 1123 194 tudinis
1143 169 1245 192 nostra:
1258 164 1423 192 desiderium
1438 171 1487 200 per
1499 163 1604 191 litteras
1618 164 1783 199 reilarguens
1795 169 1804 190 :

176 223 228 250 ὑπὸ
242 223 290 249 τοῦ
302 220 494 255 κατακλυσμοῦ
507 219 560 245 τῶν
572 219 601 244 ὲν
619 218 679 248 ταῖς
691 215 847 246 ἐπιστολαῖς
866 214 967 247 ἱΰγγων

175 269 256 300 αὐτὸς
274 266 433 302 ὲθηλύνθην,
451 266 498 292 καὶ
523 264 581 299 εἰμὶ
607 262 654 289 νῦν
677 261 807 302 τοιοῦτος,
826 260 910 294 ὁποίῳ
926 267 967 285 σοι

174 301 336 348 τυγχάνοντι
348 311 479 346 πρότερον
495 309 649 336 ἐνεκάλουν.
663 301 726 343 ’Ἆρ’
737 305 784 333 οὖν
799 305 909 339 ἀγαθῶν
923 313 967 340 μοι

176 359 304 394 μεγάλων
327 357 413 388 αἴτιος
441 357 455 382 ὁ
482 355 633 390 θαυμάσιος
667 351 875 388 Ἐρκουλιανδς,
896 350 967 377 οὓτω

173 405 223 440 τὴν
235 404 303 440 ὲμὴν
321 403 410 438 ψυχὴν
426 402 581 437 ἀναρτήσας
596 398 702 431 ἑαυτοῦ,
715 399 763 425 καὶ
780 396 965 427 καταϐιϐάσας

173 451 220 477 τοῦ
235 449 393 485 φιλοσοφίας
416 447 589 482 ἀξιώματος;
607 445 679 480 Ἐγὼ
695 445 744 480 μὲν
767 444 797 470 οὐ
812 443 845 470 δι’
861 442 926 469 ἄλλο
940 451 967 469 τι

172 495 223 526 τὰς
238 495 369 530 Σειρῆνας
387 493 439 520 ὑπὸ
452 493 506 520 τῶν
527 490 647 527 ποιητῶν
666 490 786 525 ήγοῦμαι
799 489 967 524 βλασφημεῖ-

174 541 248 572 σθαι,
264 541 280 576 ἢ
295 541 336 567 ὅτι
354 540 393 576 τῷ
412 539 532 575 μελιχρῷ
544 538 593 573 τῆς
607 537 698 572 φωνῆς
713 535 864 568 ἀπώλλυον,
881 543 966 570 προσ-

172 585 357 621 αγόμεναιτὸν
372 583 693 612 πιστεύσαντα.Ἦκουσα
705 581 733 608 δέ
746 590 793 608 του
808 580 862 607 τῶν
876 579 966 613 σοφῶν

172 631 221 658 καὶ
232 629 449 666 ἀλληγοροῦντος
471 628 516 655 τὸν
533 627 625 663 μῦθον.
650 626 782 662 Σειρῆνας
803 626 857 661 γάρ
881 625 965 657 αὑτὰς

172 676 340 704 αἰνίττεσθαι
368 676 417 708 τὰς
439 673 640 705 ἀπολαυστικὰς
660 673 767 708 ἡδονὰς,
785 672 814 698 αἲ
840 671 903 702 τοὺς
925 670 965 696 εἴ-

174 722 273 755 ξπντας
286 741 293 754 ,
311 721 358 748 καὶ
380 719 653 756 καταγοητευθέντας
667 717 756 744 αὐτῶν
771 716 811 752 τῷ
837 715 967 752 προσηνεῖ

175 769 244 804 μετὰ
270 767 366 804 μικρὸν
391 766 564 794 ἀπολλύουσι.
586 765 618 792 Τί
641 763 688 791 οὖν
715 763 874 790 ἀποδέουσιν
897 759 965 788 εἶναι

174 813 303 849 Σειρῆνες
319 813 347 839 αἱ
363 811 417 838 τῶν
445 811 499 838 σῶν
524 809 673 837 ἐπιστολῶν
687 808 797 844 ἡδοναὶ,
813 808 849 842 ὑφ
862 805 898 833 ὧν
910 805 966 840 ὲγὼ

1019 220 1092 240 nunc
1108 211 1298 239 illecebrarum
1311 231 1319 244 ,
1333 219 1393 246 qua;
1409 211 1437 238 in
1454 211 1508 238 tuis
1522 210 1623 238 litteris
1637 210 1748 241 insunt,
1762 218 1806 237 re-

1018 258 1159 286 dundante
1182 258 1261 292 copia
1286 258 1390 286 fractus
1414 258 1488 294 ipse,
1513 263 1541 286 et
1561 258 1699 286 emollitus
1722 267 1804 292 smn;

1016 309 1045 332 et
1059 305 1140 332 modo
1155 305 1236 332 talem
1252 312 1294 332 me
1310 305 1418 332 invenio
1429 325 1436 336 ,
1451 306 1540 338 qualis
1556 310 1637 333 antea
1652 315 1713 334 cum
1727 315 1804 334 esses

1017 354 1071 377 tete
1096 349 1337 385 reprehenderant.
1364 350 1433 378 Num
1456 351 1539 387 igitur
1561 352 1713 387 ingentium
1735 353 1804 380 mihi

1016 395 1151 423 bonorum
1173 403 1256 423 causa
1272 396 1399 431 egregius
1413 395 1596 425 IIerculianus
1609 398 1734 429 exstitit.
1755 399 1802 434 qui

1017 441 1139 468 animum
1154 448 1244 468 meum
1260 441 1328 468 adeo
1345 442 1396 468 sibi
1411 441 1580 475 devinxerit,
1600 448 1683 479 atque
1702 452 1717 471 a
1739 445 1804 479 phi-

1017 486 1149 521 losophiae
1163 486 1296 522 dignitate
1315 487 1468 521 dejeeerit?
1491 487 1624 522 Equidem
1646 497 1700 517 non
1720 491 1804 517 aliam

1016 532 1051 559 ob
1068 539 1180 559 causam
1198 532 1317 559 arbitror
1336 532 1450 560 Sirenas
1471 536 1615 567 poetarum
1639 535 1748 569 probris
1771 543 1804 562 ac

1016 577 1170 604 maledictis
1184 577 1317 612 exagitari
1328 597 1335 609 ,
1348 585 1428 612 quam
1444 578 1517 612 quod
1533 577 1635 605 mellita
1651 580 1726 607 vocis
1743 588 1805 607 sua-

1016 621 1098 649 vitate
1114 621 1254 649 interitum
1274 622 1441 653 ail'erebant,
1461 630 1523 649 cum
1547 631 1608 650 cum
1634 623 1803 656 illexissent,

1017 668 1063 703 qui
1089 668 1123 695 iis
1149 667 1228 695 fidem
1253 668 1406 695 habuisset.
1424 668 1534 695 Memini
1561 676 1626 696 vero
1646 677 1689 697 me
1710 671 1803 698 neScio

1016 720 1096 748 quem
1111 713 1175 739 olim
1192 712 1287 740 audire
1301 714 1471 748 Sapientem,
1486 713 1532 748 qui
1550 714 1590 741 sic
1606 713 1706 742 fabula:
1721 715 1804 743 istius

1017 759 1172 793 allegoriam
1188 763 1344 786 enarraret.
1366 758 1474 786 Etenim
1491 759 1604 788 Sirenas
1621 761 1712 788 aiebat
1726 761 1804 788 volu-

1017 809 1107 839 ptates
1121 805 1183 832 illas
1196 805 1366 840 signiﬁcare,
1389 805 1489 839 quibus
1509 804 1645 839 fruimur;
1662 814 1723 841 quae
1738 814 1804 834 suc-

173 859 205 885 τδ
217 846 345 894 ἐμϐριθὲς
355 858 444 893 ἀφεὶς,
459 857 520 888 ὅλος
540 854 732 891 Ἐρκουλιανοῦ
745 854 845 889 γέγονα
861 861 869 886 ;
883 852 962 888 Μάρ-

1017 850 1190 883 cumbentes,
1205 854 1286 884 atque
1304 858 1400 877 earum
1421 851 1564 879 blanditiis
1581 852 1712 881 delinitos
1736 860 1804 888 pau-

172 913 222 936 τυς
231 905 306 936 Θεὸς,
315 904 345 930 οὐ
358 904 433 939 νόμῳ
444 902 491 929 τοῦ
507 902 637 938 γράφειν,
655 901 713 928 ἀντ’
727 900 807 927 ἄλλου
822 899 886 931 τοὺς
900 898 964 934 περὶ

173 950 270 976 τούτου
289 949 441 984 πεποίημαι
462 948 568 982 λόγους,
585 947 618 974 ἵν’
643 946 771 973 ὑπόθεσιν
794 945 848 980 ἔχω
871 952 964 980 γραμ-

176 996 279 1030 μάτων.
298 994 379 1021 Ἀλλά
392 994 447 1021 τῶν
469 994 533 1029 παρ’
550 992 711 1028 Οὑρσικίνου
722 991 848 1018 δοθεισῶν
860 991 966 1017 ἐπιστο-

174 1040 228 1067 λῶν
241 1048 247 1055 ·
261 1037 332 1075 ἦσαν
341 1039 370 1066 δὲ
387 1040 477 1075 τρεῖς·
492 1038 509 1073 ἡ
522 1037 591 1072 μέση
603 1036 674 1062 κατὰ
689 1036 719 1062 τὺ
740 1035 853 1070 μέγεθος
870 1034 964 1069 ἑμϐιόν

174 1095 201 1113 τι
219 1086 307 1121 ψυχῆς
320 1085 407 1117 πάθος
427 1083 554 1116 ὲνέσταξέ
575 1092 619 1118 μοι
636 1083 790 1118 κομίσασα·
808 1081 856 1108 καὶ
865 1081 965 1115 γέγονα

174 1133 225 1167 τῆς
239 1132 268 1158 ἐν
290 1132 346 1163 τοῖς
368 1131 517 1166 γράμμασι
543 1129 689 1160 κολακείας
716 1128 806 1163 ἥττων
827 1127 964 1160 τοσοῦτον,

175 1178 237 1204 ὅσον
251 1177 436 1212 αἰσχύνεσθαι.
451 1176 510 1208 Σὺν
528 1175 641 1210 ἀδελφὸν
666 1175 757 1208 Κύρον
773 1173 829 1208 (86)
851 1173 904 1199 ἔδει
918 1181 965 1199 κο-

177 1223 309 1258 μίσασθαι
322 1221 398 1258 παρά
419 1221 465 1248 σοῦ
479 1221 630 1257 γράμματα
642 1220 706 1255 περὶ
718 1216 755 1246 ὧν
766 1218 913 1254 ἐδήλωσας,
922 1217 966 1244 διὰ

174 1269 221 1295 τὸν
244 1268 277 1294 ὲκ
299 1267 493 1299 Πενταπόλεως
508 1267 627 1302 κόμητα.
644 1266 700 1293 Καὶ
715 1265 795 1300 χάριν
814 1263 863 1299 μὲν
887 1263 966 1298 ἔσχον

174 1315 208 1350 τῇ
233 1314 391 1350 προαιρέσει
412 1313 460 1340 τοῦ
487 1313 670 1348 συστήσαντος
686 1320 694 1328 ⁸
710 1310 842 1338 ἐπελάθου
868 1309 896 1335 δὲ
924 1309 965 1335 ὃτι

175 1360 328 1395 φιλοσοφεῖν
355 1359 505 1395 πειρῶμαι,
534 1359 582 1385 καὶ
607 1357 704 1394 μικρδν
731 1356 853 1391 ἡγοῦμαι
881 1354 965 1390 τιμὴν

177 1405 296 1436 ἃπασαν,
309 1405 333 1431 εί
350 1405 387 1440 μὴ
406 1404 452 1430 ἐπὶ
463 1403 605 1439 φιλοσοφίᾳ
621 1403 737 1438 γένοιτο.
749 1401 849 1435 Δέομαι
862 1398 908 1427 οὖν
921 1400 966 1426 διὰ

175 1450 220 1477 τὸν
245 1450 311 1477 Θεὸν
332 1450 417 1478 οὐδέν.
435 1449 505 1477 Οὔτε
526 1449 581 1485 γὰρ
595 1448 758 1483 ἀδικοῦμεν,
779 1447 840 1474 οὔτε
855 1445 964 1473 ἀδικού·

177 1497 257 1531 μεθα.
271 1496 308 1523 Τὸ
320 1495 352 1532 δὴ
366 1495 496 1528 τοιοῦτον,
513 1495 608 1529 ἐκείνῳ
622 1494 671 1528 μὲν
687 1493 757 1528 ὑπὲρ
768 1491 846 1528 ἡμῶν
861 1491 964 1527 ἔπρεπε

176 1543 263 1569 ποιεῖν
274 1550 282 1558 ·
299 1543 363 1577 ἡμῖν
387 1541 415 1568 δὲ
433 1542 527 1573 αἰτεῖν,
542 1540 572 1567 οὐ
596 1539 711 1575 πρέπον.
726 1539 758 1565 Εἰ
776 1538 830 1573 γάρ
845 1537 899 1564 ἔδει
915 1537 964 1572 ζη-

175 1589 232 1614 τεῖν
253 1587 406 1620 ἐπιστολὰς,
419 1587 504 1614 αἰτεῖν
519 1586 572 1612 ἔδει
589 1585 657 1622 πρὸς
673 1585 722 1620 ἐμὲ
737 1584 880 1619 γενέσθαι·
892 1583 964 1610 οὕτω

175 1633 229 1668 γάρ
245 1631 278 1659 ἃν
295 1632 426 1668 ἐτιμήθην
439 1640 445 1647 ·
456 1632 505 1667 οὐχ
515 1631 586 1667 ὑπὲρ
601 1630 679 1666 ἡμῶν
696 1630 763 1666 πρὸς
774 1630 878 1666 ἕτερον.
902 1630 963 1664 Ἐῥ-

177 1677 298 1713 ρωμένος
323 1677 448 1713 εὐθυμῶν
464 1677 594 1712 διαόιῴης
606 1698 613 1709 ,
629 1676 788 1710 φιλοσοφίαν
805 1675 962 1702 ἀδολώτατα

177 1722 287 1758 μετιών.
305 1723 384 1749 Πᾶσα
405 1722 473 1758 ὁμοῦ
501 1731 532 1749 σε
559 1723 576 1758 ἡ
593 1721 665 1748 οἰκία
677 1741 684 1752 ,
700 1721 803 1756 μάρτυς
825 1720 900 1751 Θεὸς,
917 1719 964 1746 καὶ

176 1768 280 1800 παῖδες.
295 1767 341 1795 καὶ
366 1768 502 1803 γέροντες,
516 1768 564 1794 καὶ
587 1768 725 1801 γυναῖκες,
745 1764 963 1801 προσαγορεύου-

177 1823 228 1840 σιν.
256 1815 335 1845 Ἴσως
357 1813 379 1840 δ’
402 1814 436 1841 ἂν
460 1813 541 1845 αὐτὸς
570 1813 617 1840 καὶ
644 1812 892 1847 φιλοφρονουμένας
913 1810 963 1841 τὰς

176 1861 307 1893 γυναῖκας
332 1859 449 1895 μισοίης.
474 1858 539 1885 Ἰδοὺ
562 1858 589 1885 τί
609 1858 782 1892 πεποίηκας’
798 1857 827 1883 έν
851 1857 902 1892 ὁδῷ
928 1864 962 1891 με

177 1906 241 1932 ὂντα
268 1905 351 1940 ἀπρὶξ
378 1904 526 1939 λαϐόμενος
550 1903 685 1939 κατέχεις.
702 1901 793 1930 Ἦσαν
807 1902 861 1938 ἄρα
880 1903 962 1936 Αἰγύ-

177 1959 249 1977 πτιοι
270 1951 436 1986 φαρμακεῖς,
450 1950 498 1977 καὶ
513 1950 543 1976 οὺ
566 1950 655 1977 πάντα
678 1950 801 1984 ’Όμηρος
823 1947 962 1983 ψεύδεται,

176 1997 220 2023 ὅτε
240 1997 287 2023 καὶ
313 1996 396 2028 αὐτὸς
424 1997 525 2030 ῑΰγγων
547 1995 661 2031 πλήρεις
688 1993 831 2025 ἐπιστολὰς
857 1994 963 2029 ἐκπέμ-

177 2049 238 2072 πεις
266 2041 314 2068 ἀπ’
337 2041 485 2076 Αἰγύπτου.
507 2041 601 2076 Ἑλένῃ
622 2040 670 2076 μὲν
696 2038 742 2067 οὖν
767 2039 798 2066 τὸ
820 2039 964 2075 λαθικηδὲς

177 2086 323 2123 φάρμακον

1016 895 1092 922 latim
1110 895 1268 931 perderent.
1284 896 1419 929 Quidnam
1439 898 1522 932 igitur
1537 898 1632 930 abest,
1656 900 1805 933 quominus

1016 941 1127 970 Sirenes
1141 942 1198 970 sint
1212 942 1336 977 quaedam
1353 942 1508 970 litterarum
1526 949 1634 971 tuarum
1650 945 1804 979 illecebrae,

1016 989 1117 1024 quibus
1130 996 1181 1024 ego
1195 989 1328 1024 gravitate
1348 990 1561 1026 constantiaque
1584 991 1629 1018 illa
1648 992 1737 1027 posita
1758 998 1801 1020 to-

1016 1038 1061 1062 tus
1076 1033 1232 1061 Herculiani
1249 1041 1311 1061 sum
1325 1034 1434 1062 factus?
1446 1028 1536 1064 Testis
1551 1041 1591 1064 est
1605 1036 1677 1065 Deus
1690 1045 1732 1065 me
1745 1046 1802 1064 non

1016 1078 1154 1106 scribendi
1170 1087 1263 1110 more.
1283 1080 1396 1108 alterius
1413 1081 1567 1116 cujuspiam
1585 1082 1660 1114 loco,
1678 1083 1712 1110 de
1727 1090 1758 1110 ea
1773 1091 1806 1110 re

1017 1125 1098 1152 verba
1113 1124 1204 1152 facere
1216 1144 1223 1156 ,
1239 1133 1294 1160 quo
1308 1126 1462 1153 litterarum
1476 1131 1668 1162 argumentum
1691 1128 1802 1163 aliquod

1016 1170 1158 1197 haberem.
1174 1169 1271 1198 Verum
1288 1178 1320 1197 ex
1337 1171 1371 1198 iis
1391 1171 1510 1204 litteris,
1531 1180 1600 1206 quas
1618 1173 1652 1200 ab
1675 1173 1805 1202 Ursicino

1018 1219 1075 1242 tres
1090 1216 1201 1250 accepi,
1217 1223 1276 1250 qua:
1298 1217 1478 1253 amplitudine
1501 1218 1589 1245 media
1612 1224 1688 1252 erat,
1709 1220 1803 1248 vivunt

1016 1260 1082 1287 mihi
1097 1262 1243 1295 quemdam
1257 1261 1398 1288 instillavit
1415 1262 1541 1290 affectum
1561 1263 1646 1291 animi
1659 1272 1666 1291 :
1680 1265 1805 1300 adeoque

1015 1314 1076 1334 sum
1092 1306 1245 1334 litterarum
1261 1307 1420 1336 adulatione
1434 1313 1596 1343 superatus,
1616 1314 1646 1336 ut
1669 1311 1802 1346 meip~um

1016 1352 1141 1387 puderet.
1165 1351 1313 1387 Oportebat
1336 1357 1363 1380 te
1387 1354 1421 1381 ad
1442 1353 1554 1382 fratrem
1572 1355 1672 1391 Cyrum
1693 1357 1728 1384 de
1752 1365 1802 1390 eo,

1015 1397 1089 1433 quod
1100 1398 1278 1433 signiﬁcasti,
1290 1398 1397 1426 litteras
1408 1399 1517 1427 dedisse
1525 1420 1532 1432 ,
1545 1405 1656 1435 propter
1667 1401 1804 1438 Pentapo-

1017 1444 1131 1470 litanum
1150 1443 1291 1470 comitem.
1316 1443 1356 1470 Ac
1381 1443 1512 1471 voluntati
1535 1445 1644 1479 quidem
1663 1454 1803 1474 commen-

1015 1489 1194 1524 dantis283
1203 1488 1306 1523 gratias
1314 1488 1477 1524 egi.\'ideris
1485 1490 1548 1517 mihi
1557 1496 1647 1518 tamen
1655 1491 1725 1519 istud
1735 1493 1805 1519 obli-

1016 1541 1071 1567 tus,
1085 1535 1314 1570 quemadmodum
1325 1536 1511 1571 philosophari
1523 1537 1687 1565 instituerint
1699 1547 1706 1571 ;
1723 1542 1805 1573 atque

1015 1589 1123 1609 omnem
1139 1582 1270 1609 honorem
1284 1583 1360 1617 parvi
1378 1583 1562 1618 pendam,qui
1576 1591 1629 1610 non
1646 1591 1661 1610 a
1681 1584 1805 1618 philoso-

1016 1628 1078 1663 phia
1105 1629 1307 1663 proficiscatur.
1331 1628 1426 1664 Itaque
1444 1629 1512 1656 nihil
1531 1633 1641 1664 propter
1666 1629 1749 1657 Deum
1771 1638 1803 1657 ea

1015 1673 1252 1700 commendatione
1262 1681 1331 1708 opus
1349 1673 1447 1700 habeo.
1465 1673 1559 1708 Neque
1579 1674 1652 1702 enim
1668 1680 1715 1702 aut
1734 1676 1804 1703 facio

1016 1720 1143 1754 cuiquam
1161 1720 1300 1755 injuriam,
1320 1724 1367 1747 aut
1381 1721 1495 1756 accipio.
1515 1721 1607 1755 Quare
1621 1722 1694 1749 istud
1714 1723 1803 1758 ipsum

1017 1767 1045 1793 in
1062 1766 1137 1793 illum
1153 1766 1240 1794 nostri
1254 1773 1339 1793 causa
1355 1766 1480 1794 conferre
1495 1767 1648 1801 oportebat,
1664 1768 1744 1801 nobis
1754 1777 1803 1796 au-

1017 1816 1070 1838 tem
1082 1812 1220 1847 postulare
1231 1819 1402 1847 nequaquam
1415 1812 1625 1847 congruit.Nam
1641 1818 1668 1840 ut
1686 1815 1804 1847 maxime

1016 1858 1113 1885 littera:
1122 1858 1245 1893 petendae
1258 1862 1362 1890 essent,
1371 1858 1403 1886 ad
1413 1866 1456 1885 me
1469 1859 1559 1893 potius
1569 1863 1597 1885 ut
1605 1859 1802 1893 scriberentur,

1016 1905 1218 1939 petideberet,
1236 1904 1274 1931 ita
1292 1904 1364 1931 enim
1378 1903 1442 1931 mihi
1464 1904 1551 1932 honos
1567 1904 1723 1937 haberetur,
1747 1913 1804 1933 non

1016 1958 1067 1986 pro
1082 1950 1160 1978 nobis
1172 1949 1205 1977 ad
1213 1949 1337 1977 alterum.
1355 1949 1500 1977 Incolumis
1509 1954 1639 1986 perpetuo
1652 1950 1805 1986 hilarisque

1016 1996 1109 2030 degas,
1142 1994 1340 2030 philosophiam
1361 1995 1550 2022 sincerissime
1577 1995 1710 2023 ambiens.
1735 1995 1803 2023 Uni-

1015 2049 1094 2069 versa
1115 2046 1139 2068 te
1157 2041 1239 2068 simul
1263 2041 1375 2073 familia,
1395 2041 1473 2068 testis
1487 2044 1529 2068 est
1550 2040 1632 2074 Deus,
1643 2046 1697 2068 tam
1713 2042 1804 2076 pueri.

1016 2093 1097 2121 quam
1117 2092 1207 2116 senes,
1228 2089 1256 2113 et
1272 2084 1400 2111 mulieres
1418 2084 1548 2111 salutant.
1570 2083 1733 2119 Quanquam
1746 2084 1802 2111 for-

177 2134 259 2162 tassis
273 2135 355 2162 etiam
373 2134 556 2167 blandientes,
578 2138 660 2170 atque
678 2134 848 2162 humanitate
867 2137 1062 2169 prosequentes
1082 2133 1210 2161 mulieres
1225 2132 1326 2160 oderis.
1341 2131 1409 2159 Vide
1423 2131 1488 2166 quid
1521 2131 1643 2159 feceris:
1662 2138 1716 2164 me,
1737 2138 1800 2159 cum

177 2180 205 2206 iu
220 2180 263 2207 via
278 2187 378 2213 essem,
398 2181 535 2208 mordicus
548 2182 749 2216 apprehensum
763 2181 878 2208 detines.
908 2179 1036 2208 Profecto
1073 2179 1194 2215 Egyptii
1230 2180 1414 2206 incantatores
1454 2181 1533 2211 sunt;
1549 2185 1599 2205 nec
1616 2178 1707 2205 omnia
1731 2178 1804 2205 falso

178 2225 339 2253 abHomero
350 2230 415 2254 sunt
426 2227 626 2262 proditazcum
639 2231 666 2254 tu
680 2228 967 2262 ipseincantationum
987 2228 1082 2262 plenas
1120 2226 1224 2254 litteras
1245 2225 1282 2254 ab
1311 2225 1430 2261 Egypto
1450 2225 1554 2258 mittas.
1571 2225 1660 2260 Atque
1693 2224 1803 2252 Helena:

178 2271 288 2307 quidem
302 2272 464 2300 obliviosum
481 2275 608 2302 maeroris
618 2275 745 2309 poculum

267 2319 447 2354 Πολύδαμνα
472 2322 545 2355 πόρε
565 2320 664 2353 Θῶνος
682 2321 867 2355 παράκοιτις.

179 2365 224 2391 Σοὶ
245 2365 274 2392 δὲ
291 2365 334 2397 τίς
358 2366 388 2392 τὸ
409 2366 521 2402 ἀνιαρὸν
539 2367 666 2399 δέδωκεν,
679 2364 702 2402 ᾧ
722 2367 818 2403 χρίσας
840 2367 966 2402 ἔπεμψας

177 2410 228 2446 τὴν
238 2410 382 2450 ἐπιστολήν
393 2420 400 2444 ;

425 2457 595 2485 amarum
618 2458 716 2492 ΡΜςι.

515 2503 646 2537 Ἰωάννῃ.

214 2549 298 2588 Οἶμαί
315 2560 345 2578 σε
358 2549 405 2576 καὶ
419 2548 472 2584 πρὸ
484 2547 567 2583 εὐχῆς
586 2546 616 2575 εὖ
634 2548 780 2584 πράττειν,
795 2548 824 2579 ὃς
837 2557 869 2582 γε
883 2548 961 2583 ἀφεὶς

179 2597 242 2629 τοὺς
252 2595 410 2632 ἀνθρώπους
425 2594 510 2630 ἡμᾶς,

1139 2316 1209 2345 dedit
1228 2316 1324 2344 Thom's
1338 2317 1434 2352 conjua:
1446 2316 1626 2351 Polydamna.

1015 2364 1075 2392 Tibi
1092 2371 1156 2391 vero
1175 2364 1238 2399 quis
1265 2364 1391 2391 maeroris
1422 2363 1541 2391 efﬁciens
1564 2363 1631 2390 illud
1646 2362 1734 2396 dedit,
1745 2371 1802 2398 quo

1014 2411 1161 2439 delibutam
1181 2410 1214 2437 ad
1236 2418 1279 2437 me
1293 2409 1437 2445 epistolam
1455 2409 1578 2436 misisti?

1253 2455 1419 2482 EPISTOLA
1439 2454 1557 2482 CXLVI.

1347 2500 1458 2528 Joanni.

1052 2547 1107 2583 Ego
1126 2551 1152 2574 te
1165 2554 1247 2582 supra
1276 2550 1369 2573 votum
1395 2545 1499 2574 felicem
1513 2553 1575 2574 esse
1602 2545 1730 2579 arbitror,
1752 2547 1799 2581 qui

1018 2601 1069 2621 nas
1080 2593 1204 2620 homines
1218 2592 1423 2627 derelinquens,

777 2659 867 2686 DION.
891 2659 1028 2687 PETAVII
1054 2659 1171 2688 ΝΟΤᾸΕ.

216 2729 272 2764 (85)
297 2727 485 2764 Συστάσεως,
504 2724 792 2764 -πολλῷ-πρςξτερον,
808 2725 966 2764 ιᾼεεβηιίοι·

182 2760 370 2791 eruditissimo
384 2763 443 2789 viro
457 2761 590 2789 Federico
608 2761 730 2791 lllorello,
745 2760 792 2794 qui
808 2761 851 2787 hic
871 2761 964 2787 ἐνστά-

184 2807 252 2830 σεως
269 2797 410 2834 legendum
423 2796 631 2834 animadvertit.
652 2795 702 2834 Qui
723 2795 792 2834 addo
806 2796 963 2834 _|egendum

184 2829 308 2868 insuper'
325 2833 355 2859 οὺ
387 2831 476 2868 πολλῷ
502 2831 641 2867 πρότερον.
659 2829 750 2857 Innuit
767 2830 840 2857 enim
860 2838 889 2858 se
909 2838 964 2857 non

1016 2727 1102 2755 multo
1119 2731 1182 2755 ante
1201 2727 1306 2755 litteras
1318 2726 1435 2759 dedisse,
1456 2725 1558 2762 quibus
1572 2726 1721 2754 vehemens
1732 2726 1799 2754 illud

1015 2763 1182 2798 desiderium
1202 2763 1359 2796 castigaret.

1051 2795 1182 2833 (86)'Tdr
1194 2797 1328 2832 ἀδελφὸν
1348 2797 1458 2831 Κύρον.
1476 2795 1545 2824 Vide
1558 2801 1638 2832 epist.
1656 2796 1718 2823 145.
