1990 3060
166 90 235 118 1515

165 195 192 218 et
205 191 232 218 in
246 191 364 219 terrenis
379 190 456 217 curis
468 190 651 219 volut:itos,te
664 196 751 224 supra
766 189 828 215 illas
840 188 960 223 erigens,

165 245 228 266 eum
241 238 286 265 liie
314 237 404 264 adhuc
431 243 520 268 esses,
538 235 689 267 recessisti,
709 242 741 261 ac
756 234 864 261 beatum
882 233 963 260 insti-

167 285 242 311 tuisti
262 284 324 311 vitae
337 290 440 318 genus;
455 282 508 309 nisi
525 281 632 309 amicus
647 284 710 308 tuus
728 279 821 308 Ganus
836 280 863 307 in
880 279 962 307 rebus

167 330 224 357 tuis
241 329 276 356 ad
297 336 348 356 nos
368 327 540 363 perferendis
554 335 586 355 ac
612 327 760 354 narrandis
776 326 962 354 mentiendum

166 374 293 402 nonnihil
306 374 465 401 arbitretur.
482 373 558 400 Solet
573 373 646 400 enim
661 373 805 400 veritatem
827 371 963 406 imprimis

166 421 308 448 occultare
325 419 526 447 benevolentia.
543 419 638 447 Ganus
653 419 738 454 igitur
752 419 804 446 iste
818 417 963 444 monachi-

167 475 230 495 cum
259 467 307 494 tibi
339 467 401 494 vitae
429 465 587 493 institutum
611 465 718 496 tribuit,
737 472 771 492 ac
794 464 845 491 tibi
864 464 963 497 libros,

167 520 319 548 eorumque
339 519 464 545 sensum,
481 511 529 546 qui
544 511 655 546 quidem
674 511 707 538 ad
724 511 889 546 theologiam
904 517 966 545 per-

168 559 251 592 tinet,
263 558 396 586 adeundae
411 558 488 585 urbis
496 558 670 585 occasionem
684 557 794 585 dedisse
804 557 962 585 conﬁrmat.

168 606 246 632 l’ullo
276 610 302 632 te
325 605 439 639 insuper
456 604 586 631 amictum
601 611 664 631 esse
688 603 771 638 pallio
787 603 864 630 dicit.
882 602 965 639 Atqui

168 652 257 680 nihilo
280 651 402 678 deterius
428 654 498 683 erat,
523 650 672 678 candidum
686 650 708 677 si
730 653 814 677 esset.
831 649 965 685 Splendi-

168 699 290 727 dissima:
304 698 404 733 quippe
419 702 524 724 natura:
537 696 660 724 dicatum
673 697 762 732 magis
777 700 804 724 et
819 703 967 724 consecra-

168 751 226 773 tum
242 744 269 772 id
288 744 382 776 fuerit,
397 743 470 779 quod
486 743 513 770 in
526 743 579 776 his,
591 751 652 778 qua:
670 743 862 778 percipiuntur
874 743 965 771 sensi-

167 792 230 824 bus,
245 798 345 826 purum
357 795 409 822 est,
429 789 572 825 magisque
599 789 733 816 lucidum.
753 788 807 817 Sed
825 789 848 817 si
861 789 964 825 pullmn

169 837 230 864 ideo
244 837 364 864 colorem
379 835 513 871 probasti,
534 834 607 870 quod
628 835 655 863 id
673 835 800 868 aliorum,
830 836 877 871 qui
901 840 966 863 ante

168 889 196 911 te
212 886 395 918 usurparunt,
411 881 567 909 imitatione
592 881 692 909 feceris
709 891 715 909 ε
730 881 811 908 laudo
829 881 965 917 quidquid

170 930 217 958 Dei
229 936 314 957 causa
334 929 514 964 suscipiatur.
531 927 614 964 284
627 927 696 955 Nam
717 928 783 955 illud
804 928 907 963 ipsum,
922 936 967 955 cu-

168 977 212 1012 jns
230 977 318 1013 gratia
338 976 377 1009 lit,
395 975 507 1003 facienti
534 975 641 1007 tribuit,
661 980 690 1002 ut
712 975 844 1010 prwclare
865 975 965 1003 sithoc

170 1024 205 1050 ab
220 1031 253 1051 eo
280 1022 384 1050 factum
400 1031 408 1056 ;
435 1022 562 1056 inestque
582 1021 610 1048 in
633 1020 775 1048 voluntate
792 1021 851 1055 ipsa
865 1021 964 1048 virtus.

170 1069 354 1102 Quamobrem
373 1076 424 1096 nos
439 1067 488 1095 tibi
505 1067 686 1102 gratulantur,
702 1067 749 1102 qui
762 1067 795 1094 ad
807 1075 869 1094 eum
886 1066 967 1094 ﬁnem

170 1114 262 1142 subito
274 1113 442 1149 perveneris,
461 1113 541 1149 cujus
556 1119 607 1140 nos
623 1112 727 1147 pridem
744 1113 818 1141 fores
845 1121 918 1149 aegre
939 1118 967 1141 et

169 1168 234 1188 cum
250 1160 344 1187 labore
357 1159 509 1194 pnlsamus.
527 1157 569 1185 Tu
594 1165 660 1186 vero
680 1158 825 1186 nobiscum
841 1166 966 1193 precare,

725 85 859 114 SYNESII
878 83 1110 113 PTOLEMAIDIS
1129 83 1282 111 EPISCOPI

200 147 264 173 Ales
283 145 312 172 in
321 145 417 180 pratis.
434 143 570 171 tenebrosa
588 143 616 170 in
631 147 707 170 nocte
716 148 861 178 vagantes;
970 145 994 174 Α

1738 82 1820 110 l5“

1046 142 1138 175 Ἀτης
1159 142 1195 168 ἐν
1218 141 1342 176 λειμῶνι
1367 140 1443 168 κατὰ
1461 140 1576 168 σκότον
1601 139 1818 175 ἡλάσκοντας,

1013 187 1061 214 καὶ
1074 189 1132 220 ταῖς
1145 187 1264 223 χθονίαις
1285 187 1537 223 ἐγκαλινδουμένοις
1560 186 1709 223 φροντίσιν,
1727 185 1820 217 αὐτὸς

1013 235 1083 269 ὑπὲρ
1109 234 1210 267 ταύτας
1234 235 1336 269 στήσας
1357 234 1464 266 σαυτὸν,
1481 233 1658 269 ἀνεχώρησας
1675 232 1715 259 ἐτι
1729 232 1820 267 δεῦρο

1013 281 1062 313 ὢν,
1074 282 1120 308 καὶ
1134 281 1273 317 μακαρίας
1287 280 1349 316 ἥψω
1365 280 1453 315 ζωῆς·
1472 281 1497 306 εί
1511 279 1548 315 μὴ
1561 279 1637 314 φίλος
1657 278 1694 306 ὣν
1712 279 1818 310 Γάνος,

1014 329 1043 354 ἐν
1057 327 1095 362 τῷ
1108 327 1207 361 λέγειν,
1225 327 1271 353 καὶ
1287 326 1457 361 διαγγέλλειν
1473 325 1509 352 τὰ
1523 327 1557 353 σὰ
1574 326 1643 361 πρὸς
1665 327 1739 361 ἡμᾶς
1755 325 1819 352 οἴε-

1014 383 1058 402 ται
1072 374 1127 401 δεῖν
1137 383 1164 400 τι
1188 374 1235 400 καὶ
1257 373 1413 409 ψεύδεσθαι.
1424 373 1517 399 Δεινὸν
1540 373 1594 409 γὰρ
1607 374 1623 408 ή
1639 372 1730 399 εὔνοια
1749 372 1818 399 χλὲ-

1013 420 1064 455 ψαι
1079 420 1128 456 τὴν
1144 419 1283 455 ἀλήθειαν.
1309 416 1395 451 Οὗτος
1411 417 1457 446 οὖν
1467 420 1481 445 ὁ
1496 419 1581 450 Γάνος
1596 418 1753 454 ὲπεφήμισέ
1769 426 1817 444 σοι

1014 466 1060 493 τὸν
1074 467 1178 502 μονήρη
1198 466 1272 501 βίον·
1290 466 1338 493 καὶ
1360 466 1498 501 πρόφασιν
1525 465 1575 500 τῆς
1602 466 1642 497 εἰς
1658 465 1708 500 τὴν
1732 465 1818 491 πόλιν

1015 513 1117 540 εἰσόδου
1131 513 1232 548 βιϐλία,
1248 513 1296 539 καὶ
1315 513 1361 540 τὸν
1374 512 1437 539 νοῦν
1459 513 1561 545 αὐτῶν,
1585 512 1647 543 ὅσος
1663 513 1703 543 είς
1721 511 1818 538 θεολο-

1015 559 1078 594 γίαν
1101 559 1250 585 συντείνει·
1271 559 1320 586 καὶ
1335 559 1414 594 φαιὸν
1430 558 1574 595 τριϐώνιον
1593 557 1766 593 ἀμπέχεσθαι
1784 557 1818 583 σέ

1016 614 1108 640 φηςιν.
1127 605 1209 632 Οὐδὲν
1233 605 1283 641 μὲν
1300 603 1334 641 ἦν
1358 606 1434 641 μεῖον
1447 626 1455 639 ,
1471 606 1495 632 εί
1518 606 1565 632 καὶ
1584 604 1678 631 λευκὸν
1701 602 1745 639 ἦν.
1770 603 1816 638 τῇ

1016 652 1070 687 γὰρ
1094 651 1233 688 φανοτάτῃ
1246 652 1326 687 φύσει
1353 651 1454 688 μᾶλλον
1471 651 1652 686 ἀνακείμενον
1677 649 1721 686 εἴη
1738 650 1768 676 τὸ
1784 651 1818 676 ὲν

1016 699 1072 730 τοῖς
1083 698 1221 733 αἰσθητοῖς
1235 697 1366 733 καθαρὸν,
1378 697 1425 724 καὶ
1436 697 1673 732 φωτοειδέστερον.
1683 696 1714 723 Εἰ
1725 696 1754 722 δὲ
1765 695 1819 722 καὶ

1017 743 1048 770 τὸ
1063 743 1147 778 μέλαν
1163 744 1310 779 ἐπῄνεσας,
1330 743 1424 781 ἐπειδὴ
1439 743 1513 780 ζήλῳ
1529 744 1609 771 τινῶν
1621 744 1818 780 προλαϐόντων

1018 789 1159 824 ἐποίησας,
1171 789 1274 816 ἐπαινῶ
1290 790 1345 816 πᾶν
1358 790 1389 816 τὺ
1408 790 1455 817 ἐπὶ
1474 790 1513 825 τῷ
1533 790 1599 826 θείῳ
1612 789 1765 825 γινόμενον.
1778 789 1819 815 Τδ

1017 835 1072 872 γὰρ
1086 834 1116 863 οὗ
1133 837 1213 872 χάριν
1226 836 1343 871 γίνεται,
1351 836 1444 864 δίδωσι
1459 837 1610 872 κατορθοῦν
1622 837 1661 872 τῷ
1680 836 1818 868 ποιοῦντι,

1017 884 1064 910 καὶ
1078 883 1263 919 ἡπροαίρεσις
1279 883 1335 918 ἕχει
1346 883 1396 919 τὴν
1411 885 1523 920 ἀρετήν.
1539 884 1635 920 Ἡμεῖς
1649 884 1699 919 μὲν
1711 881 1759 910 οὖν
1773 892 1819 909 σοι

1018 928 1198 964 συνηδόμεθα,
1217 929 1389 965 σχεδιάσαντι
1406 931 1436 957 τὸ
1447 930 1534 962 τέλος,
1545 931 1613 965 ὅπερ
1628 931 1709 965 ἡμεῖς
1729 929 1819 956 πάλαι

1017 975 1066 1002 σὺν
1083 975 1153 1011 πόνῳ
1166 975 1244 1011 μόλις
1255 975 1472 1012 θυροκοποῦμεν.
1490 977 1526 1003 ΣΞ)
1543 977 1572 1003 δὲ
1586 978 1654 1012 ἡμῖν
1674 976 1818 1009 σύνευξαι,

1018 1021 1118 1056 φθάσαι
1133 1022 1199 1048 ποτὲ
1214 1023 1262 1049 καὶ
1284 1023 1388 1056 αὐτοῖς,
1403 1023 1450 1050 καὶ
1464 1023 1593 1058 εὑρέσθαι
1605 1032 1631 1049 τι
1648 1023 1744 1058 κέρδος
1758 1022 1817 1048 ἀπὸ

1018 1067 1067 1102 τῆς
1089 1068 1118 1094 ἐν
1144 1067 1289 1104 φιλοσοφίᾳ
1306 1069 1454 1105 μερίμνης,
1476 1070 1519 1097 ἴνα
1539 1069 1577 1106 μὴ
1600 1069 1724 1105 τηνάλως
1739 1065 1819 1105 ὦμεν

1018 1115 1248 1150 κατατετριφότες
1262 1115 1331 1151 πρὸς
1346 1117 1403 1147 τοῖς
1424 1115 1537 1150 βιϐλίοις
1555 1115 1601 1142 τὸν
1622 1115 1690 1151 βίον.
1711 1115 1819 1150 Ἔρρω-

1023 1160 1112 1195 μένως
1124 1160 1293 1197 εὐδαιμονῶν
1305 1162 1445 1198 διαϐιῴης,
1464 1161 1612 1198 θαυμάσιε.

171 1210 201 1234 ιιι
213 1211 241 1234 et
256 1206 307 1240 ipsi
321 1205 386 1232 olim
407 1211 609 1240 assequamur;
635 1204 761 1238 lucrique
773 1205 900 1232 nonnihil
925 1213 958 1233 ex
976 1206 1158 1242 philosophiae
1170 1208 1256 1241 curis,
1271 1209 1414 1245 acvigiliis
1427 1209 1618 1244 obtineamus;
1648 1217 1684 1237 ne
1707 1209 1816 1238 frustra

171 1253 200 1282 in
215 1252 292 1281 libris
311 1255 420 1280 aetatem
433 1250 630 1278 attriverimus.
646 1250 826 1284 Incolumem,
845 1250 1008 1286 felicemque
1024 1253 1107 1281 vitam
1120 1254 1262 1287 traducas.
1277 1256 1319 1283 vir
1337 1256 1455 1292 egregie.

418 1296 586 1325 EPISTOLA
601 1295 729 1324 CXLVII.

507 1342 642 1378 Olympio.

209 1389 317 1417 Tribnti
334 1384 470 1424 pendendi
483 1393 577 1424 partes
595 1395 680 1420 meas,
694 1395 727 1416 ac
743 1396 844 1416 munus
858 1394 970 1424 praeter-

174 1437 248 1465 misi.
263 1435 333 1470 Quid
350 1436 423 1463 enim
437 1434 566 1468 facerem,
578 1442 642 1462 cum
660 1434 753 1462 nullus
768 1434 906 1467 eGraecis,
921 1436 968 1470 qui

174 1483 287 1519 Libyam
314 1482 450 1514 incolunt,
464 1480 610 1509 onerarias
632 1481 665 1509 ad
679 1488 755 1508 mare
768 1486 894 1509 nostrum
911 1483 973 1508 mit-

174 1535 232 1558 tere
246 1529 326 1556 velit?
342 1529 381 1556 Ae
403 1532 430 1555 te
451 1528 536 1556 etiam
562 1528 638 1555 omni
659 1528 846 1563 pensilatione
873 1528 968 1556 libero.

173 1575 234 1606 Non
250 1575 324 1604 enim
337 1574 416 1611 Syris
428 1582 502 1602 cura:
517 1578 560 1602 est
579 1574 687 1601 navalia
706 1574 911 1614 Cyrenensium
928 1583 973 1610 ap-

175 1621 288 1659 pellere.
312 1619 390 1654 Quod
416 1621 439 1648 si
466 1620 578 1656 quando
608 1620 791 1656 contingeret,
816 1629 860 1648 me
880 1625 972 1648 tamen

175 1669 312 1698 insciente
326 1667 411 1695 fieret.
430 1667 538 1702 Quippe
555 1674 645 1702 neque
661 1666 730 1694 mari
747 1666 904 1702 proximus,
922 1675 972 1694 nec

175 1717 204 1744 in
220 1718 300 1751 portu
319 1714 463 1749 frequens;
480 1712 526 1740 sed
543 1713 576 1740 ad
589 1716 712 1740 austrum
723 1713 750 1740 in
763 1713 894 1740 extremis
910 1721 971 1741 sum

175 1761 374 1797 Cyrenensium
396 1760 467 1787 situs
492 1759 603 1786 finibus.
630 1760 720 1794 Atque
744 1767 759 1786 e
774 1759 866 1787 vicino
892 1760 973 1787 nobis

177 1807 313 1839 habitant,
328 1806 424 1841 quales
447 1805 561 1841 Ulysses
583 1805 610 1831 in
623 1805 717 1832 llliaca
745 1805 853 1832 clavum
876 1809 973 1832 tenens

176 1852 353 1885 quaeritabat,
381 1851 451 1878 iram
474 1850 592 1886 Neptuni
622 1857 654 1878 ex
681 1850 843 1886 praescripto
869 1850 972 1877 oraculi

179 1905 343 1937 procurans,
673 1902 676 1904 ’

565 1941 609 1976 qui
624 1948 670 1967 nec
684 1940 752 1974 freta
770 1946 868 1968 norunt

249 1977 391 2011 Mortales,
409 1976 465 2005 sale
482 1984 528 2004 nec
540 1976 647 2009 condita
664 1976 766 2003 ciharia
782 1977 890 2004 rodunt.

181 2069 235 2096 sed
255 2076 290 2097 ne
301 2073 404 2096 temere
426 2067 498 2096 istud
514 2075 529 2094 a
545 2075 588 2094 me
601 2067 704 2095 dictum
725 2067 878 2100 arbitreris,
896 2075 931 2095 ne
943 2067 976 2095 ad

181 2117 266 2142 salem
280 2115 392 2150 quidem
409 2121 498 2149 nsque
513 2118 624 2141 nostros
640 2114 725 2141 maris
736 2114 776 2141 uti
789 2114 974 2142 commercio:

1276 1302 1450 1330 ΕΠΙΣΤΟΛΗ
1468 1303 1557 1331 ΡΜΖ¹.

1345 1349 1507 1383 Ὀλυμπίῳ.

1066 1392 1210 1420 Ἀπέλιπον
1220 1394 1270 1429 τὴν
1281 1394 1358 1427 τάξιν
1372 1395 1427 1423 τῶν
1439 1396 1539 1432 φόρων.
1555 1396 1589 1423 Τί
1601 1396 1656 1433 γὰρ
1669 1395 1703 1433 ἦν
1718 1399 1819 1430 ποιεῖν,

1022 1439 1129 1471 οὐδενὸς
1155 1440 1288 1475 Ἐλλήνων
1310 1441 1364 1468 τῶν
1379 1441 1429 1478 τὴν
1451 1442 1555 1478 Λιϐύην
1571 1444 1755 1479 ἐπῳκηκότων
1774 1444 1821 1470 θέ-

1024 1485 1114 1518 λοντος
1128 1487 1168 1518 είς
1178 1486 1227 1522 τὴν
1242 1488 1307 1522 παρ’
1321 1488 1395 1523 ἡμᾶς
1415 1487 1549 1515 θάλατταν
1567 1490 1720 1524 ἐκπέμπειν
1738 1490 1822 1516 ὁλκα-

1023 1533 1090 1566 6ας;
1111 1534 1166 1560 Καὶ
1195 1533 1225 1560 σὲ
1242 1533 1270 1560 δέ
1294 1534 1397 1570 ἀφίημι
1421 1535 1470 1569 τῆς
1494 1534 1657 1568 συντάξεως.
1675 1536 1742 1562 Οὐδὲ
1765 1537 1821 1571 γὰρ

1023 1578 1119 1614 Σύροις
1131 1579 1262 1615 ἐπιμελὲς
1275 1580 1416 1616 καταίρειν
1427 1582 1466 1613 εἰς
1477 1582 1511 1608 τὰ
1526 1583 1690 1617 Κυρηναίων
1700 1582 1819 1610 ἐπίνεια.

1023 1624 1107 1652 Λάθοι
1120 1624 1143 1651 δ’
1155 1624 1188 1652 ἄν
1205 1634 1239 1660 με
1258 1625 1337 1652 τοῦτό
1349 1635 1414 1653 ποτε
1426 1627 1474 1654 καὶ
1482 1627 1636 1662 γενόμενον.
1650 1628 1686 1654 Οὐ
1698 1629 1751 1662 γάρ
1762 1629 1822 1663 εἰμι

1023 1669 1121 1702 γείτων
1143 1669 1288 1707 Θαλάττης,
1317 1671 1373 1698 οὐδ’
1395 1671 1556 1707 ἐλλιμενίζω
1574 1673 1676 1708 συχνά·
1704 1674 1762 1700 ἀλλ’
1775 1675 1822 1700 ἁν-

1023 1714 1144 1751 ῲκισμαι
1157 1717 1224 1752 πρὸς
1236 1718 1312 1745 νότον
1324 1718 1435 1754 ἄνεμον,
1451 1720 1616 1755 Κυρηναίων
1630 1720 1742 1755 ἔσχατος
1753 1728 1759 1734 ·
1773 1721 1821 1746 καὶ,

1024 1762 1144 1797 γείτονες
1158 1765 1224 1799 ἡμῖν
1239 1765 1318 1798 εἰσιν,
1336 1766 1409 1798 οἴους
1433 1766 1578 1798 Ὀδυσσεὺς
1595 1767 1666 1794 κατὰ
1689 1766 1737 1802 τὴν
1755 1767 1821 1794 vos.

1024 1818 1076 1845 κην
1092 1809 1123 1836 τὸ
1141 1809 1272 1845 πηδάλιον
1295 1810 1363 1846 ἔχων
1382 1811 1484 1847 ἐζήτει,
1506 1814 1586 1848 μῆνιν
1606 1813 1772 1844 Ποσειδῶνος
1788 1814 1821 1839 ἐκ

1024 1854 1072 1881 τοῦ
1089 1855 1216 1891 χρησμοῦ
1232 1856 1460 1892 παραιτούμενος,

1357 1946 1386 1973 οἳ
1402 1947 1459 1974 οὐκ
1483 1947 1569 1974 leam
1591 1947 1753 1975 θάίησσαν

1031 1979 1156 2014 Ἀνέρες,
1172 1981 1244 2008 οὑδέ
1265 1982 1290 2009 θ’
1306 1981 1417 2010 ἅλεσσι
1435 1983 1619 2018 μεμικιιὲνον
1637 1981 1722 2054 smmi
1736 1984 1822 2011 ἐδου-

1723 2027 1786 2046 σιν.

1034 2062 1115 2089 vim
1135 2062 1172 2098 μὴ
1185 2061 1266 2096 λόγον
1285 2062 1373 2094 ἄλλως
1389 2062 1494 2098 οἰηθῇς,
1509 2064 1539 2090 τὸ
1558 2064 1625 2099 μηδέ
1641 2064 1738 2100 μέχρις
1750 2064 1821 2091 ἀλῶν

1027 2109 1091 2140 τοὺς
1103 2108 1182 2144 δεῦρο
1191 2109 1342 2144 κεχρῆσθαι
1357 2109 1476 2146 Θαλάττῃ
1486 2119 1493 2125 ·
1504 2111 1573 2146 μήτε
1590 2110 1643 2147 μὴν
1658 2111 1762 2138 ᾶναλτα
1780 2111 1821 2138 διὰ

181 2168 271 2197 neque
283 2165 374 2188 tamen
391 2159 505 2188 insulsis
521 2160 556 2187 ob
570 2160 596 2187 id
613 2159 756 2193 carnibus,
767 2163 814 2187 aut
829 2159 892 2188 libis
903 2159 971 2188 vesci

1029 2156 1108 2182 τοῦτο
1125 2155 1280 2182 κατεσθίειν
1299 2155 1367 2192 ἡγοῦ
1383 2156 1418 2183 τὰ
1434 2157 1504 2193 κρέα
1516 2166 1556 2190 τε,
1567 2158 1614 2184 καὶ
1628 2157 1663 2184 τὰ
1679 2158 1820 2193 πέμματα.

183 2195 259 2242 puta.
277 2205 325 2233 Est
338 2205 422 2238 enim,
439 2213 488 2240 per
505 2212 613 2232 sacram
626 2203 738 2232 Vestam
759 2205 834 2240 juro,
848 2209 888 2233 est
904 2204 971 2240 apud

1031 2203 1091 2229 Είσὶ
1116 2203 1148 2238 νὴ
1175 2202 1224 2238 τὴν
1251 2203 1326 2238 ἱερὰν
1348 2204 1472 2236 Ἑστίαν,
1498 2205 1565 2231 εἰσιν
1589 2204 1742 2240 ὴπειρῶται
1759 2205 1822 2240 παρ’

182 2261 234 2283 nos
248 2256 382 2280 terrestre
396 2251 448 2283 sal,
465 2251 538 2286 quod
553 2251 662 2279 minore
676 2251 822 2279 intervallo
837 2252 873 2279 ab
888 2256 982 2279 austro

182 2299 279 2330 distat,
295 2305 377 2333 quam
396 2297 430 2324 ab
449 2297 579 2332 aquilone
596 2304 684 2325 mare.
698 2296 754 2324 Hoc
773 2297 918 2325 Ammonis
943 2297 984 2325 sal

182 2352 205 2374 ar
217 2344 296 2372 nobis
311 2343 475 2379 appellatur.
487 2343 593 2378 Lapide
607 2343 660 2370 hoc
676 2343 779 2371 friabili
795 2343 889 2377 alitur,
902 2347 985 2378 atque

182 2391 285 2425 tegitur
299 2399 306 2423 ;
319 2397 401 2425 quem
417 2394 520 2417 crusta:
544 2390 574 2416 in
600 2389 711 2417 modum
730 2389 895 2418 insidentem
922 2398 984 2417 cum

183 2436 358 2469 detraxeris,
389 2434 465 2462 facili
494 2435 603 2470 negotio
638 2435 767 2463 manibus
799 2442 831 2462 ac
864 2436 981 2463 sarculis

184 2483 268 2510 altius
298 2481 436 2516 proscindi
459 2480 585 2516 subjecta
610 2480 692 2508 tellus
716 2484 817 2515 potest.
845 2480 873 2508 ld
895 2488 981 2516 porro

1031 2250 1096 2285 ἡμῖν
1111 2249 1190 2281 anc,
1215 2250 1364 2285 ἀπέχοντες
1390 2250 1458 2286 πρὸς
1483 2251 1560 2277 νότον
1579 2250 1689 2278 ἐλαττον
1710 2251 1727 2287 ἢ
1755 2252 1822 2287 προς

1032 2295 1186 2330 ἀπαρκτίαν
1201 2296 1216 2331 ἡ
1230 2296 1363 2324 θάλαττα.
1389 2297 1506 2328 Τούτους
1522 2298 1670 2333 Ἄμμωνος
1687 2297 1822 2332 καλοῦμεν

1032 2343 1096 2375 τοὺς
1112 2343 1180 2375 ἃλας
1196 2343 1264 2379 (87).
1289 2344 1381 2379 Πέτρα
1401 2343 1430 2370 δὲ
1457 2344 1555 2375 αὐτοὺς
1567 2343 1684 2380 ψαφαρὰ
1700 2344 1746 2371 καὶ
1763 2343 1823 2380 τρέ-

1034 2399 1090 2424 φει,
1106 2390 1153 2417 καὶ
1182 2390 1315 2426 κρύπτεν
1340 2391 1374 2426 ἢν
1396 2391 1459 2417 ὅταν
1480 2391 1582 2426 ἀφέλῃς
1606 2390 1822 2426 ἐπιϐεϐλημένην

1034 2436 1129 2472 ὥσπερ
1146 2436 1285 2471 ὲφελκίδα,
1302 2437 1426 2473 ῥᾳστώνη
1445 2437 1531 2474 πολλὴ
1543 2437 1590 2464 καὶ
1609 2437 1686 2472 χερσὶ
1701 2436 1748 2463 καὶ
1760 2445 1823 2463 σκα-

1034 2482 1104 2509 λίσιν
1123 2483 1206 2519 ἀροῦν
1225 2483 1256 2510 τὸ
1275 2483 1366 2519 βάθος.
1394 2484 1432 2511 Τὸ
1454 2484 1482 2511 δὲ
1509 2484 1734 2520 ἀναχωννύμενον
1763 2483 1821 2515 ἅλες

790 2547 882 2577 ῡιοΝ.
893 2549 1033 2578 PETAVll
1050 2550 1166 2580 NOTAE.

223 2607 278 2641 (8'1)
304 2607 432 2640 Τούτους
457 2606 609 2640 Ἄμμωνος
627 2605 781 2639 καλοῦμεν
796 2604 867 2641 τοὺς
890 2604 980 2637 ἅλας.

187 2644 258 2671 Plin.
282 2643 298 2668 l.
315 2650 390 2674 sm,
410 2649 435 2669 c.
452 2641 467 2670 7
484 2641 643 2676 :(Iyrenaici
672 2645 773 2676 tractus
804 2640 982 2667 mobilitantur

189 2678 354 2705 ummoniaco
367 2683 391 2704 et
409 2677 476 2710 ipso,
499 2677 561 2710 quia
583 2676 631 2702 sub
648 2683 729 2702 arena
751 2675 911 2707 inveniatur,
934 2683 981 2709 ap-

189 2713 299 2746 pellato.
318 2712 420 2738 Similis
434 2717 472 2738 est
488 2713 574 2737 colare
590 2710 713 2740 alumini,
726 2710 795 2741 quod
805 2710 922 2737 scliislon
935 2718 981 2737 vo-

190 2745 266 2778 rant.
277 2747 362 2782 longis
377 2747 470 2782 glebis,
484 2754 564 2782 neque
575 2745 729 2779 perlucidis,
743 2747 864 2779 ingratus
874 2753 978 2778 sapore,

190 2789 213 2809 ιτι
239 2781 382 2808 medici!th
401 2781 484 2807 utilis.
502 2781 636 2807 Probatur
650 2789 729 2815 quam
745 2782 861 2806 maxime
875 2781 977 2813 perspi-

191 2826 267 2848 cuus,
281 2818 357 2843 reciis
383 2816 517 2843 scissuris.
537 2815 643 2850 Insigne
663 2815 694 2842 de
714 2823 744 2842 eo
757 2815 891 2850 proditur,
907 2815 976 2847 quod

1031 2609 1179 2635 levissimus
1195 2608 1266 2635 intra
1280 2617 1371 2642 specus
1383 2617 1456 2641 suos,
1467 2609 1493 2635 in
1506 2609 1590 2636 lucem
1602 2609 1753 2636 universam
1766 2618 1822 2643 pro-

1030 2643 1102 2670 lutus
1118 2644 1161 2670 vix
1172 2644 1294 2671 credibili
1307 2644 1421 2678 pondere
1432 2645 1607 2678 ingrata-scut.
1626 2645 1750 2671 Dioscor.
1765 2646 1783 2671 Ι.
1798 2653 1822 2678 v,

1029 2687 1053 2706 ο.
1076 2679 1120 2706 26.
1136 2679 1173 2707 De
1188 2681 1245 2707 sale
1262 2679 1369 2706 fossitio
1382 2679 1446 2707 vide
1461 2680 1573 2706 Arrian.
1588 2679 1636 2706 lib.
1656 2687 1686 2706 ιιι
1698 2679 1737 2706 De
1751 2680 1822 2706 rel-us

1029 2714 1106 2750 Alex.
1119 2714 1271 2742 Herodotus
1283 2714 1441 2750 in‘dlelpom.
1453 2715 1553 2742 scribit
1564 2715 1591 2741 in
1602 2714 1686 2750 Libya
1695 2716 1822 2750 interiore

1031 2749 1094 2799 albi;
1104 2750 1241 2782 κυλωνοὺς
1258 2749 1320 2778 esse
1335 2749 1380 2777 διὰ
1396 2750 1465 2777 δέκα
1479 2750 1608 2785 ἡμερέων
1618 2750 1678 2777 ὀδοῦ
1691 2749 1823 2786 usque'ad

1032 2790 1142 2812 ιιοιυιιι.
