1990 3060
201 115 270 144 εει-ι

764 105 898 135 SYNESII
920 101 1151 132 PTOLEMAIDIS
1169 100 1325 130 EPISCOPI

1767 99 1852 127 1548

199 181 307 209 capere.
342 171 454 200 Polenta
484 174 575 198 autem
609 169 746 197 vescimur
774 176 836 195 cum
861 167 888 194 in
911 167 984 195 cibo.

1039 164 1171 198 ἀλφίτοις,
1189 163 1306 198 ἡδίστοις
1321 162 1370 197 μὲν
1383 161 1527 197 ἐμφαγεῖν,
1543 161 1661 196 ἡδίστοις
1673 160 1701 187 δὲ
1715 161 1847 195 ἐμπιεῖν,

199 219 296 247 tumin
313 222 379 254 potu
405 216 588 249 suavissima;
611 215 766 250 cuiusmodi
789 213 896 242 Nestori
920 211 992 247 apud

201 265 347 293 Homerum
369 263 467 291 miscet
491 261 654 289 Hecamede.
672 260 828 289 Secundum
848 259 992 287 vehemen-

199 315 254 340 tem
269 309 455 345 fatigationem
468 309 519 336 ista
536 307 654 336 sorbitio
673 299 761 334 aestivi
782 305 884 332 caloris
904 311 992 332 reme-

199 357 274 384 dium
285 360 339 384 est.
353 355 425 382 Sunt
435 358 462 382 et
477 354 557 382 nobis
569 353 683 388 insuper
695 352 748 379 liba
760 351 879 382 triticea,
890 354 918 378 et
929 349 992 378 edu-

199 402 239 430 ies
260 401 389 429 arborum
423 399 541 431 fruetus,
572 399 673 434 partim
701 396 867 429 domestici,
892 395 991 431 partim

198 451 336 483 agrestes,
350 446 490 473 vernaculi
512 452 619 477 omnes,
643 443 749 471 telluris
767 443 876 478 optima:
891 440 967 470 succi
983 450 989 468 :

195 499 249 521 nec
261 500 342 528 apum
361 491 413 519 favi
430 491 540 521 desunt,
556 495 602 518 aut
618 490 760 524 caprinum
772 489 823 515 lac.
836 487 896 515 Non
918 487 990 515 enim

198 537 322 572 mulgere
344 536 427 564 b0ves
449 535 521 570 apud
543 543 594 562 nos
609 538 747 568 receptum
767 533 886 560 est.Nec
903 532 992 559 mino-

197 590 256 611 rem
282 582 387 609 mensis
413 581 515 608 nostris
540 581 646 615 copiam
669 579 796 614 frequens
827 578 942 605 canibus
964 581 991 605 et

190 628 277 664 'equis
290 631 407 654 venatus
420 626 577 662 suppeditat
591 635 597 653 :
615 633 695 660 quem
716 625 810 652 nescio
825 631 875 651 cur
891 623 991 651 Home~

196 680 247 701 rus
266 673 329 700 viris
347 672 492 708 gloriamur
508 679 562 698 non
584 671 720 706 appellet,
743 678 793 697 nec
818 670 938 696 illustres
962 668 990 696 in

197 725 229 746 ea
249 718 376 745 homines
388 717 446 744 fieri
458 716 559 743 dixerit
574 737 581 747 ,
599 723 661 742 cum
680 722 712 742 eo
740 713 877 749 pneconio
900 713 989 740 forum

195 763 341 793 affecerit,
372 770 405 790 ex
432 770 487 797 quo
513 761 649 796 perfrictis
675 759 774 787 frontis
789 758 989 786 homunciones

197 816 230 836 ac
247 808 409 843 nequissimi
425 807 582 843 prodeunt,
603 814 654 834 nec
675 806 735 833 sani
756 804 916 840 quidquam,
941 802 988 831 sed

1043 209 1061 236 θ.
1075 210 1122 236 καὶ
1137 209 1176 244 τῷ
1188 209 1305 244 Νέστορι
1320 208 1445 244 κίρνησιν
1460 207 1629 242 Ἐκαμήδην.
1641 207 1720 233 Μετὰ
1729 207 1775 233 τὸν
1794 207 1850 233 κό-

1043 265 1094 283 πον
1123 254 1235 291 ἰσχυρὸν
1255 255 1270 280 ὁ
1293 254 1400 281 κυκεὼν
1422 253 1472 288 τῆς
1487 253 1597 288 θερινῆς
1613 252 1689 288 ῶρας
1700 251 1845 287 ἀλέξημα.

1042 301 1099 329 Καὶ
1127 301 1182 336 μήν
1208 301 1283 327 ἐστιν
1307 300 1374 335 ἡμῖν
1401 299 1450 327 καὶ
1475 298 1578 334 πύρινα
1610 298 1743 333 πέμματα
1759 306 1766 312 ·
1790 297 1848 324 καὶ

1041 347 1152 383 τρωκτὰ
1164 345 1324 381 ἀκροδρύων
1333 345 1400 380 (89),
1412 345 1447 372 τὰ
1461 344 1521 380 μὲν,
1532 344 1635 379 ἥμερα,
1651 343 1687 370 τὰ
1702 343 1725 369 δ’
1739 343 1845 379 ἄγρια,

1042 391 1131 418 πάντα
1146 390 1277 426 ἐγχώρια,
1286 390 1338 424 γῆς
1354 389 1469 424 ἀρίστης
1484 388 1634 424 χυμοὶ,καὶ
1648 388 1732 424 κηρία
1746 387 1846 423 μελιτ-

1041 437 1106 469 τῶν,
1132 437 1180 463 καὶ
1204 436 1275 470 γάλα
1297 435 1327 468 ἐξ
1343 435 1439 469 αἰγῶν.
1456 435 1494 462 ού
1517 435 1574 470 γὰρ
1597 435 1746 469 νομίζομεν
1771 434 1844 469 βοῦς

1041 482 1182 517 ἀμέλγειν.
1197 481 1274 508 Ποιεῖ
1287 480 1315 507 δὲ
1331 480 1384 507 οὐκ
1403 480 1508 507 ἐλάττω
1526 479 1576 515 τὴν
1589 479 1720 514 ἀφθονίαν
1736 479 1765 505 ὲν
1774 480 1844 509 ταῖς

1040 528 1202 563 τραπέζαις,
1222 527 1271 554 καῖ¹
1286 527 1304 562 ἡ
1319 526 1364 553 διὰ
1382 526 1436 553 τῶν
1449 526 1538 553 κυνῶν
1552 526 1600 552 καὶ
1613 526 1667 552 τῶν
1678 526 1770 552 ἵππων
1787 525 1844 560 Θή-

1042 580 1089 608 ρα”
1101 573 1136 608 ῆν
1156 573 1207 599 οὐκ
1231 570 1290 599 οἶδα
1303 571 1363 603 πῶς
1388 571 1419 598 οὐ
1444 573 1592 607 προσεῖπεν
1610 571 1733 606 ὀμηρος
1743 570 1843 597 κυδιά-

1040 627 1143 654 νειραν,
1169 618 1230 644 οὐδὲ
1245 617 1420 653 ἁριπρεπέας
1444 617 1496 652 ἔφη
1519 617 1583 648 τοὺς
1598 616 1697 652 ἄνδρας
1713 616 1742 642 έν
1765 616 1841 651 αὐτῇ

1039 663 1200 697 γίγνεσθαι·
1216 662 1264 698 τὴν
1283 662 1312 688 δὲ
1327 661 1432 696 ἀγορὰν
1447 661 1578 696 ἐγκωμίῳ
1597 660 1711 695 τοιούτῳ
1723 660 1842 695 τετίμη-

1040 716 1098 739 κεν,
1113 707 1256 742 ἀνθρώπια
1273 707 1467 742 παρεχομένην
1478 706 1584 741 ἀναιδῆ,
1595 706 1643 733 καὶ
1652 708 1784 741 παμπύνη
1790 714 1841 741 pa,

1040 753 1087 780 καὶ
1105 753 1182 780 οὐδὲν
1206 752 1284 787 ὑγιές
1298 759 1305 767 '
1316 753 1384 779 ἀλλὰ
1401 752 1519 788 λοίδορα,
1530 753 1577 779 καὶ
1591 751 1780 787 κακοῤῥαφεῖν
1796 752 1841 778 εἰ·

1038 799 1121 832 δότα;
1139 799 1198 834 Ἐφ’
1215 796 1256 831 οἷς
1278 799 1326 826 καὶ
1341 799 1466 834 γελῶμεν
1483 794 1582 834 ἡμεῖς.
1594 798 1660 825 ὅταν
1685 798 1750 825 ποτὲ
1766 798 1841 833 ἡμῖν

195 854 388 882 contumeliosi
423 857 451 881 et
480 853 606 881 dolorum
652 851 855 878 machinatores
882 848 988 881 callidi;

1039 845 1181 881 ὀμόρῤοφα
1205 846 1329 881 γένηται.
1348 845 1491 880 Φρίττουσι
1514 845 1570 879 γάρ
1589 853 1629 870 τοι
1657 843 1726 880 πρὸς
1744 843 1779 870 τὰ
1804 844 1840 870 ὲκ

197 907 267 935 quos
290 899 406 927 irridere
435 899 539 934 passim
561 898 693 929 solemus,
718 897 827 932 quoties
843 896 987 923 nobiscum

197 945 294 973 iisdem
311 945 337 972 in
352 944 459 972 aedibus
470 947 627 971 versantur.
644 942 763 970 llorrent
782 942 866 972 enim,
880 948 942 969 cum
955 948 989 968 ex

196 990 306 1017 camino
315 992 454 1024 promptas
470 987 573 1015 ferinas
589 994 688 1014 carnes
704 987 807 1014 vident.
827 986 898 1019 Quid
921 985 989 1013 feri-

197 1042 248 1062 nas
255 1035 317 1062 dico
327 1033 566 1061 ?'Venenumsanc
582 1033 675 1063 citius.
692 1040 775 1068 quam
787 1040 834 1060 eas
854 1031 926 1068 apud
938 1039 990 1060 nos

196 1081 411 1117 degustaverint.
427 1078 527 1108 Vinum
544 1087 626 1116 porro
645 1082 772 1115 quzerunt
785 1078 988 1111 tenuissimum,

197 1127 251 1154 mel
267 1127 484 1159 crassissimum,
510 1130 538 1153 et
552 1125 643 1154 oleum
658 1124 837 1155 levissimum,
866 1123 988 1150 frumen-

196 1175 255 1198 tum
269 1179 334 1198 vero
358 1170 632 1206 ponderosissimum.
660 1168 731 1201 Quin
752 1168 857 1203 patrias
881 1167 988 1195 illorum

196 1217 349 1249 celebrant,
366 1216 498 1252 Cyprum,
521 1219 549 1243 et
566 1214 724 1251 Hymettum
740 1214 836 1242 nescio
851 1221 944 1249 quem,
958 1220 990 1240 ac

197 1261 368 1294 Phoenicem,
382 1265 410 1289 et
435 1261 604 1288 barbariam.
631 1260 704 1295 Ager
726 1266 793 1287 vero
818 1262 924 1289 noster,
937 1258 990 1286 etsi

196 1308 313 1343 singulis
341 1307 422 1334 rebus
452 1307 486 1334 ab
518 1314 615 1334 eorum
647 1312 813 1341 unoquoque
847 1305 989 1337 vincitur,

196 1352 244 1388 qui
268 1359 406 1379 summum
430 1358 524 1378 earum
547 1350 659 1385 frugum
691 1349 830 1385 fastigium
844 1349 989 1381 obtinent;

199 1397 308 1424 ceteris
322 1400 413 1423 tamen
439 1402 662 1429 unumquemque
681 1398 803 1429 superat.
837 1393 925 1428 Atque
946 1392 991 1419 hic

196 1449 231 1470 ex
249 1441 378 1469 secundis
396 1441 568 1476 principatus
584 1444 637 1473 est,
654 1448 735 1474 quem
748 1437 848 1466 Peleus
868 1443 894 1466 et
916 1436 990 1465 Thc-

197 1487 339 1515 mistocles
349 1487 434 1517 nacti,
454 1486 482 1513 in
505 1486 634 1513 omnibus
651 1485 746 1520 oplimi
770 1484 893 1511 omnium
920 1483 992 1510 inter

197 1531 310 1559 Grmcos
324 1531 460 1566 .eelebrati
485 1535 560 1557 sunt.
577 1530 708 1563 Quamvis
733 1534 823 1557 autem
851 1528 924 1556 istud
940 1528 988 1555 de-

196 1585 271 1611 mus,
299 1578 353 1604 mel
383 1580 508 1604 nostrum
535 1575 676 1611 liymettio
706 1574 827 1602 deterius
853 1582 933 1605 esse,
962 1578 990 1601 at

196 1622 337 1657 ejusmodi
351 1627 405 1654 est,
427 1626 456 1649 ut
472 1629 505 1649 eo
520 1624 656 1656 praesente
672 1619 741 1648 nihil
760 1621 797 1648 sit
821 1621 894 1656 quod
912 1628 990 1655 pere-

197 1669 308 1703 grinum
322 1668 455 1702 liquorem
468 1666 671 1694 desideremus.
696 1665 772 1693 Inter
787 1666 840 1693 olei
863 1672 930 1693 vero
944 1673 990 1700 ge-

198 1721 265 1740 nera
280 1712 352 1740 haud
367 1712 451 1739 dubie
464 1715 589 1739 nostrum
605 1710 759 1741 antecellit,
781 1711 804 1738 si
822 1717 876 1737 n0n
896 1710 929 1737 iis
945 1717 989 1736 ar-

198 1759 315 1786 bitrium
329 1758 512 1793 permittatur,
528 1765 644 1793 quorum
661 1756 773 1784 vivendi
788 1757 935 1791 depravata
947 1761 990 1783 est

198 1805 279 1832 ratio.
295 1803 362 1831 Nam
375 1803 401 1830 hi
418 1803 573 1838 appendere
586 1802 652 1830 illud
668 1802 769 1833 solent,
781 1802 899 1837 pondere
910 1801 987 1829 boni-

197 1853 281 1877 tatem
298 1848 459 1880 metientes;
478 1852 506 1876 et
519 1848 685 1883 praecipuam
698 1848 759 1883 ejus
773 1852 864 1875 nolam
877 1848 905 1875 in
923 1848 989 1874 levi-

197 1899 254 1922 tate
271 1894 416 1922 collocant.
431 1893 516 1922 Nobis
527 1893 669 1929 etsizs']
680 1894 761 1921 nulla:
776 1893 809 1920 ad
827 1893 917 1921 oleum
931 1897 989 1919 tru-

199 1939 264 1966 tina:
277 1937 427 1966 cuduntur.
443 1937 520 1971 Quod
535 1939 558 1965 si
575 1939 628 1965 hoc
643 1943 734 1966 tamen
756 1939 868 1966 omnino
886 1938 989 1965 facien-

197 1983 263 2010 dum
279 1987 332 2015 est,
351 1987 458 2010 natura:
481 1987 698 2010 consentaneum
727 1991 789 2011 esse
804 1983 934 2015 dicimus,
959 1988 989 2010 ut

197 2029 226 2056 in
240 2036 273 2056 eo
287 2036 390 2064 genere
401 2029 474 2063 quod
495 2028 679 2064 ponderosius
697 2033 739 2056 est
760 2029 932 2063 praeferatur.
955 2029 988 2056 Et

196 2079 273 2101 certe
292 2075 431 2109 egregium
447 2074 513 2101 illud
523 2074 625 2105 oleum,
641 2082 673 2101 ac
684 2074 780 2101 venale
796 2075 821 2101 in
841 2074 988 2109 ellyeliniis

197 2128 254 2156 pra:
267 2121 426 2147 inﬁrmitate
438 2121 512 2147 alere
538 2119 674 2146 flammam
700 2121 805 2155 nequit.
824 2120 901 2153 Quod
916 2119 987 2154 apud

1038 891 1092 918 τῶν
1117 891 1242 927 καμῐνων
1261 892 1330 927 κρέα
1347 891 1380 918 τὰ
1397 891 1505 925 θήρεια.
1528 890 1581 916 Καὶ
1597 890 1624 916 τί
1648 890 1721 924 λέγω
1733 889 1768 916 τὰ
1785 890 1840 924 θή-

1040 946 1118 973 ρεια;
1143 938 1292 973 Φαρμάκου
1315 938 1342 972 γ’
1363 937 1396 964 ἂν
1413 936 1526 968 θᾶττον,
1544 935 1674 972 ῆτούτων
1689 936 1756 970 παρ’
1767 936 1841 969 ἡμῖν

1039 982 1192 1017 γεύσαιντο.
1206 982 1323 1018 Ζητοῦσι
1335 982 1363 1009 δὲ
1377 980 1449 1008 οῐνον
1463 981 1513 1016 μὲν
1525 981 1570 1008 τὸν
1585 980 1761 1013 λεπτότατον,
1772 981 1839 1016 μέλι

1038 1030 1067 1057 δὲ
1086 1030 1116 1057 τὺ
1139 1029 1306 1065 παχύτατον,
1333 1029 1381 1056 καὶ
1408 1028 1498 1056 ἔλαιον
1527 1029 1576 1063 μὲν
1593 1028 1624 1055 τὸ
1655 1028 1839 1062 κουφότατον,

1040 1075 1126 1110 πυρὸν
1139 1075 1166 1102 δὲ
1179 1075 1226 1102 τὸν
1243 1075 1394 1111 βαρύτατον
1404 1083 1411 1089 '
1425 1075 1472 1101 καὶ
1483 1074 1615 1110 πατρίδας
1629 1074 1720 1100 αὐτῶν
1735 1073 1840 1108 ὑμνοῦ-

1041 1130 1078 1152 σι,
1098 1121 1213 1156 Κύπρον
1229 1121 1277 1148 καὶ
1306 1121 1442 1156 Ὑμηττόν
1466 1128 1545 1152 τινα,
1560 1120 1608 1146 καὶ
1625 1117 1753 1154 Φοινίκην
1764 1139 1771 1151 ,
1785 1119 1838 1145 καὶ

1041 1167 1188 1202 βάρϐαρον.
1207 1166 1289 1201 Ἡμῖν
1302 1166 1331 1192 δὲ
1344 1166 1361 1201 ἡ
1375 1165 1460 1201 χώρα,
1475 1166 1523 1192 καὶ
1545 1166 1568 1192 εί
1589 1164 1650 1191 καθ’
1665 1165 1694 1191 ἒν
1714 1165 1838 1200 ἑκάστης

1039 1213 1153 1248 ἡττᾶται
1167 1212 1219 1247 τῆς
1233 1212 1264 1238 τὸ
1278 1211 1362 1247 ἄκρον
1373 1211 1519 1247 φερούσης,
1532 1211 1587 1242 τοῖς
1596 1210 1699 1242 λοιποῖς
1714 1211 1838 1246 ἑκάστην

1040 1258 1112 1293 νικᾷ.
1127 1258 1183 1284 Καὶ
1196 1257 1269 1284 τοῦτ’
1281 1257 1338 1283 ἐστι
1359 1257 1389 1284 τδ
1407 1258 1439 1283 ἐκ
1451 1256 1584 1292 δευτέρων
1598 1257 1743 1292 πρωτεῖον,
1759 1254 1774 1282 ὃ
1786 1256 1837 1283 καὶ

1041 1303 1148 1338 Πηλεὺς
1170 1303 1216 1330 καὶ
1234 1303 1421 1338 Θεμιστοκλῆς
1445 1303 1604 1338 εὑράμενοι,
1621 1302 1710 1328 πάντα
1724 1303 1836 1328 πάντων

1041 1350 1146 1384 ἄριστοι
1169 1350 1227 1380 τοῖς
1242 1349 1372 1384 Ἕλλησιν
1393 1348 1598 1384 ἐκηρύχθησαν.
1623 1348 1655 1374 Εἰ
1680 1347 1708 1374 δὲ
1730 1347 1762 1382 δὴ
1785 1346 1836 1373 καὶ

1040 1394 1153 1430 δοίημεν
1170 1394 1202 1420 τὸ
1219 1394 1300 1428 δεῦρο
1325 1394 1388 1429 μέλι
1401 1395 1492 1429 χεῖρον
1511 1392 1580 1420 εἶναι
1597 1393 1666 1429 πρὸς
1680 1393 1711 1420 τὸ
1730 1393 1835 1428 Ὑμήτ-

1041 1449 1124 1467 τειον.
1147 1440 1228 1467 Ἀλλὰ
1254 1441 1375 1467 τοιοῦτον
1392 1441 1466 1467 ἐστιν
1477 1461 1486 1473 ,
1503 1440 1560 1467 οἴου
1585 1441 1718 1475 παρόντος
1730 1459 1738 1471 ,
1755 1439 1834 1466 οὐδὲν

1042 1485 1097 1512 δεῖν
1123 1485 1171 1512 τοῦ
1199 1485 1274 1518 ξένου
1302 1486 1403 1521 χυμοῦ.
1427 1486 1537 1513 Ἐλαιον
1560 1486 1653 1521 μέντοι
1681 1484 1774 1519 σαφῶς
1801 1484 1834 1509 τὸ

1041 1531 1178 1566 ἡμεδαπδν
1206 1532 1316 1567 ἄριστον
1330 1553 1338 1564 ,
1356 1532 1390 1567 ἢν
1416 1531 1455 1567 μὴ
1483 1532 1611 1568 κρίνωσιν
1640 1531 1663 1557 οί
1694 1529 1834 1565 διεφθορό-

1040 1585 1085 1608 τες
1101 1576 1150 1612 τὴν
1168 1577 1284 1604 δίαιταν.
1311 1578 1425 1604 Ἐκεῖνοι
1454 1577 1503 1612 μὲν
1530 1577 1584 1611 γὰρ
1611 1577 1677 1603 αὐτὸ
1698 1577 1831 1611 ζυγοστα-

1039 1621 1125 1653 τοῦσι,
1139 1623 1209 1657 ῥοπῇ
1224 1623 1274 1658 τὴν
1288 1623 1389 1658 ἀρετὴν
1403 1622 1586 1655 ἐξετάζοντες,
1599 1623 1646 1648 καὶ
1666 1622 1696 1648 τὸ
1713 1630 1833 1657 μειαγω·

1039 1668 1105 1702 γοῦν
1130 1669 1158 1694 ἐν
1183 1668 1420 1704 πλεονεκτήματος
1451 1669 1534 1704 μοίρᾳ
1558 1668 1720 1702 λογίζονται.
1748 1668 1832 1702 Ἢμῖν

1039 1713 1067 1740 δὲ
1089 1714 1120 1740 οὺ
1146 1713 1322 1749 χαλκεύονται
1344 1716 1394 1749 μὲν
1413 1714 1461 1740 ἐπὶ
1481 1713 1604 1740 τοῦλαιον
1628 1713 1757 1740 τάλαντα·
1771 1721 1831 1747 φα-

1040 1759 1091 1794 μὲν
1113 1760 1158 1791 δὲ,
1183 1760 1262 1795 ειπερ
1293 1759 1360 1786 αὐτὸ
1389 1760 1448 1786 δέοι
1477 1761 1581 1792 ποιεῖν,
1602 1759 1682 1793 φύσιν
1702 1757 1772 1785 εἶναι
1799 1758 1831 1785 ca

1039 1805 1120 1831 πλέον
1133 1805 1212 1832 ἕλκον
1223 1806 1317 1841 τιμᾷν.
1338 1805 1446 1839 Ἀμέλει
1456 1805 1487 1832 τὸ
1501 1804 1657 1839 θαυμαστὸν
1670 1805 1764 1836 αὐτοῖς
1780 1804 1828 1831 καὶ

1039 1849 1117 1876 ὢνιον
1134 1850 1224 1877 ἔλαιον
1239 1852 1267 1877 ὲν
1281 1852 1340 1883 ταῖς
1354 1850 1521 1886 θρυαλλίσιν,
1534 1851 1580 1876 ὑπ’
1596 1850 1732 1881 οὖδενείας
1747 1849 1827 1876 ἀσθε-

1038 1896 1079 1921 νεῖ
1091 1895 1190 1931 θρέψαι
1207 1896 1305 1930 φλόγα.
1329 1897 1366 1923 Τὸ
1377 1896 1405 1922 δὲ
1419 1896 1562 1931 αὑτόχθον,
1578 1896 1630 1922 ὑπὸ
1643 1895 1829 1930 γενναιότητος

1038 1940 1176 1975 πυρκαῑὰν
1195 1941 1259 1976 ὅλην
1281 1941 1417 1976 ἀνίστησι,
1445 1940 1504 1977 κᾷτ’
1530 1941 1639 1968 ἐπειδὰν
1654 1940 1750 1976 λύχνου
1763 1940 1826 1972 δέοι,

1038 1986 1225 2020 χειροποίητον
1235 1985 1340 2021 ἡμέραν
1350 1987 1431 2013 ποιεῖ.
1441 1986 1554 2020 Ἀγαθὸν
1565 1986 1713 2020 δὲλιπῆναι
1723 1984 1810 2020 μᾶζαν
1817 1992 1825 2000 ⁸

1040 2030 1142 2064 ἀγαθὸν
1157 2030 1185 2056 δὲ
1210 2031 1386 2066 σωμασκοῦσι
1407 2031 1504 2067 τρέψαι
1518 2031 1611 2066 νεῦρα.
1645 2031 1726 2065 Ἡμῖν
1738 2030 1766 2056 δὲ
1782 2030 1826 2057 καὶ

1038 2073 1068 2101 τὸ
1093 2075 1224 2110 μουσικῆς
1247 2077 1340 2110 χρῆμα
1360 2075 1505 2111 ἐπιχώριον
1523 2075 1561 2106 ὠς
1579 2075 1654 2101 οὐδὲν
1678 2074 1760 2106 ἄλλο,
1781 2075 1826 2101 καὶ

1038 2119 1112 2146 ἔστιν
1141 2120 1360 2155 ’Δγχεμαχηταῖς
1479 2119 1662 2156 Ἀγεμαχητ.]
1686 2120 1777 2155 λύριόν
1800 2128 1825 2146 τι

197 2173 250 2194 nos
267 2166 402 2196 nascitur,
423 2173 476 2200 qua
491 2169 534 2193 est
552 2166 746 2201 generositate,
768 2173 864 2201 rogum
882 2166 987 2193 excila~

1039 2166 1197 2200 ποιμενικδν
1214 2166 1286 2192 λιτὸν
1310 2166 1357 2192 καὶ
1381 2166 1562 2197 αὑτόσκεοον,
1585 2164 1708 2200 εὖφημόν
1731 2173 1760 2191 τε
1779 2165 1824 2191 καὶ

196 2211 284 2241 verit,
298 2218 330 2238 ac
345 2211 411 2238 dum
430 2211 542 2238 lucerna
562 2218 632 2246 opus
650 2214 703 2242 est,
721 2211 903 2238 manufaetam
918 2218 986 2246 quo-

196 2257 343 2285 dammodo
374 2256 447 2284 diem
471 2255 562 2283 infert.
598 2256 638 2282 Ad
668 2256 726 2283 lucc
752 2255 987 2291 pinguefaciendr

196 2308 282 2328 manu
297 2305 390 2335 aptum
411 2305 472 2328 est:
490 2304 583 2335 aptum
599 2300 664 2327 item
679 2300 713 2327 iis
731 2300 777 2334 qui
793 2306 894 2334 corpus
908 2307 986 2327 exer-

196 2351 271 2377 cent,
287 2346 320 2372 ad
341 2353 443 2373 nervos
459 2345 598 2372 fovendos.
613 2345 666 2372 Sed
681 2349 708 2372 et
722 2345 826 2372 musica
840 2345 898 2380 ipsa
912 2345 983 2380 apud

197 2399 259 2422 nos.
282 2395 312 2418 ut
335 2391 358 2418 si
380 2389 446 2425 quid
470 2390 555 2421 aliud,
577 2389 708 2416 tralatitia
727 2393 790 2416 est:
809 2393 905 2424 estque
930 2390 985 2416 An-

197 2436 386 2463 ehemaclietis
401 2435 548 2471 pastoralis
567 2435 691 2470 quzedam
705 2435 804 2469 exigua
816 2435 889 2470 lyra,
906 2435 984 2462 rudis

196 2485 224 2509 et
239 2481 400 2512 incondita.
420 2481 468 2508 sed
484 2480 573 2508 felicis
589 2484 754 2512 conventus,
777 2484 805 2507 et
822 2480 983 2514 cumprimis

196 2526 305 2557 virilis;
321 2533 383 2560 qua?
394 2533 447 2552 non
466 2525 603 2552 immerito
621 2524 798 2552 instituendis
818 2524 845 2551 in
860 2524 984 2551 Platonis

198 2579 258 2606 rep.
275 2572 373 2600 liberis
399 2570 636 2602 accommodetur,
665 2573 809 2604 propterea
829 2569 906 2604 quod
927 2577 986 2597 mo-

1036 2212 1120 2247 ἄρρεν
1145 2212 1292 2246 ἐπιεικῶς,
1313 2212 1363 2238 οὐκ
1385 2211 1494 2243 ἀνάξιον
1508 2212 1571 2242 τοὺς
1587 2211 1616 2237 ἐν
1635 2212 1670 2246 τῇ
1684 2210 1823 2241 Πλάτωνος

1037 2255 1114 2281 πόλει
1127 2256 1226 2286 παῖδας
1240 2255 1394 2291 ἐκτρέφειν.
1410 2255 1454 2286 Ὠς
1468 2255 1498 2282 οὐ
1514 2255 1650 2288 λογίζεται
1666 2254 1744 2282 τοῦτο
1756 2254 1822 2288 (90),

1035 2299 1096 2326 οὐδὲ
1110 2301 1209 2336 ἀρετὴν
1223 2300 1279 2335 ἔχει
1295 2300 1450 2336 παμφανῶς
1465 2300 1601 2336 ἡρμόσθαι
1616 2308 1621 2312 ·
1643 2299 1683 2335 τῷ
1697 2300 1725 2326 δὲ
1747 2299 1822 2334 ἁπλῷ

1037 2346 1093 2372 τῶν
1107 2346 1220 2381 χορδῶν,
1236 2345 1430 2380 συμϐαίνουσιν
1446 2346 1471 2372 οἱ
1487 2345 1680 2380 προσᾴδοντες.
1715 2345 1752 2371 Οὐ
1769 2345 1820 2379 γὰρ

1038 2391 1202 2418 ἐπιτίθενται
1215 2391 1374 2427 τρυφώσαις
1394 2390 1554 2417 ὑποθέσεσιν
1565 2399 1571 2405 ⁸
1589 2390 1647 2417 ἀλλ’
1668 2390 1741 2416 ἐστιν
1757 2391 1820 2425 ἡμῖν

1038 2436 1119 2463 καλόν
1137 2445 1164 2463 τι
1185 2437 1278 2472 χρῆμα
1290 2436 1374 2472 ᾠδῆς,
1399 2436 1508 2467 ἔπαινος
1523 2435 1634 2470 tv!)pr
1654 2436 1750 2470 κριοῦ,
1777 2436 1820 2462 καὶ

1037 2482 1051 2507 ὁ
1066 2481 1191 2516 μείουρος
1210 2480 1282 2507 κύων
1295 2480 1434 2515 έγκωμίου
1453 2480 1592 2514 τυγχάνει,
1618 2480 1671 2511 ὅτι,
1685 2477 1771 2514 οἶμαι,
1784 2479 1819 2504 δί-

1038 2525 1116 2556 καιός
1129 2525 1198 2556 ἐστι,
1208 2525 1259 2556 τὰς
1271 2525 1365 2556 ὑαίνας
1378 2524 1428 2550 οὐκ
1439 2524 1578 2559 appulsam
1590 2524 1638 2550 καὶ
1650 2522 1819 2558 λαρυγγίζων

1037 2569 1100 2600 τοὺς
1114 2569 1220 2601 λύκους.
1243 2570 1297 2596 Καὶ
1312 2570 1327 2595 ὁ
1340 2569 1493 2604 κυνηγέτης
1502 2568 1551 2604 οὐχ
1559 2568 1661 2603 ῆκιστα
1676 2568 1732 2603 ᾠδὴ
1749 2567 1817 2601 γίνε-

809 2636 899 2664 DION.
919 2636 1055 2665 PETAVII
1075 2637 1190 2666 NOTIE.

234 2693 293 2731 (89)
306 2694 361 2731 Καὶ
374 2694 488 2728 τρωκτὰ
509 2693 729 2731 ἀφοᾶρύιιψηΕ
740 2694 902 2731 glossemate
919 2702 981 2731 esse

1039 2695 1092 2731 sive
1111 2695 1217 2731 fructus
1229 2702 1324 2723 omnes
1334 2695 1442 2731 lignoso
1457 2696 1609 2731 putamine.

198 2729 306 2756 videtur
321 2729 451 2756 alterutra
461 2736 521 2756 vox.
535 2729 650 2763 Τρωκτὰ
661 2729 734 2755 enim
749 2728 819 2756 idem
831 2733 895 2756 sunt
907 2729 979 2763 quod

199 2762 345 2797 ἀκρόδρυα.
366 2763 470 2798 _Suid:e
493 2762 594 2797 quippe
608 2763 642 2798 τὰ
656 2763 779 2790 κατακτὰ
798 2763 852 2789 τῶν
864 2762 980 2798 ὀπωρῶν

199 2794 338 2830 dicuntur,
353 2794 407 2833 οἷον
433 2794 531 2832 κάρυα,
543 2794 595 2824 ’καὶ
617 2797 744 2832 βάλανοι·
762 2805 848 2826 nuces
865 2794 983 2831 scilicet,

1070 2730 1126 2764 (90)
1153 2730 1200 2763 Ὠς
1234 2731 1270 2756 οὐ
1291 2728 1438 2764 lari—{istan
1458 2728 1571 2757 “τοῦτο.
1605 2730 1721 2765 Corrigo
1745 2728 1815 2762 λυγί-

1033 2763 1218 2825 Ξῗῖαι.ιρυοᾱ
1233 2765 1265 2792 ad
1278 2763 1451 2794 inflexionem
1463 2765 1540 2793 vocis
1561 2770 1589 2792 et
1606 2763 1816 2792 moduiationem

1037 2815 1044 2824 ι
1079 2806 1122 2826 Inc
1138 2819 1145 2825 .
