1990 3060
199 126 269 154 1569

753 124 945 153 Εριδτοιέε.
960 140 995 147 —-
1017 125 1128 154 EPIST.
1148 126 1268 154 CXLIX.

1762 130 1832 161 I550

197 192 255 214 ται,
280 185 340 215 ταῖς
367 183 533 218 κατανομαῖς
555 183 665 218 εἰρήνην
690 182 788 213 ποιῶν,
820 185 867 209 καὶ
883 182 990 218 εὖωχῶισ

1045 184 1196 211 tlulationis
1208 184 1381 213 inflexionem
1399 193 1454 213 non
1481 186 1590 222 recipit,
1616 194 1665 214 ncc
1687 187 1722 214 ad
1750 195 1832 216 omne

197 230 272 265 ἡμᾶς
286 229 415 264 πανδεσίᾳ
428 229 516 264 κρεῶν
527 237 534 243 ·
547 229 565 264 ἦ
579 237 608 255 τε
626 228 797 263 διδυμοτόκοξ
812 229 863 260 ὄϊς,
874 230 923 255 οὐκ
938 230 989 255 ἀπ-

199 274 322 307 αξιοῦται
337 273 387 308 τῆς
403 273 498 309 λύρας.
513 273 557 300 ὅτι
569 272 655 299 πλείω
667 273 721 299 τῶν
735 272 803 299 ἐτῶν
814 273 944 308 ἐκτρέφει
956 273 991 299 τὰ

198 319 299 354 ἔγγονα
313 327 319 334 ·
336 319 387 354 τὴν
402 319 431 345 δὲ
449 318 553 354 κράδην
569 318 659 353 θαμὰ,
681 318 728 345 καὶ
745 319 795 353 τὴν
810 319 933 354 ἄμπελον
947 320 990 345 έν-

197 365 335 397 τείναντες
346 365 494 400 ψάλλομεν.
524 365 608 392 Οὐδὲν
630 364 659 391 δὲ
681 365 743 392 ὅσον
758 365 837 400 εὐχαί
850 373 933 398 τινες,
951 364 991 391 ἔτι

198 420 227 438 τε
238 410 323 447 ᾆσμα.
336 411 382 438 καὶ
395 412 516 446 αἰτήσεις
529 410 641 444 ἀγαθῶν
652 409 816 446 ἀνθρώποις,
825 411 873 437 καὶ
886 411 990 445 φυτοῖς,

199 458 246 484 καὶ
266 457 364 492 βοτοῖς.
389 457 482 484 Ταῦτά
503 465 545 484 σοι
572 457 620 484 καὶ
640 457 675 484 τὰ
697 456 810 483 τοιαῦτα
833 456 899 492 παρ’
925 457 992 492 ἡμῖν

198 503 279 537 ὥρια.
293 503 340 530 καὶ
354 504 465 540 ἀρχαῖα,
481 504 527 531 καὶ
547 504 672 539 πενήτων
687 503 789 538 ἀγαθά.
808 503 939 535 Βασιλεὺς
953 503 992 537 δὲ,

198 549 246 577 καὶ
266 549 399 584 βασιλέως
415 550 487 584 φίλοι
501 570 508 582 ,
530 550 578 577 καὶ
604 549 729 585 δαίμονος
743 550 874 586 ὄρχησις,
900 546 945 576 οἶα
960 549 992 585 δὴ

199 595 335 627 συνιόντες
347 595 494 631 ἀκούομεν,
504 596 625 632 ὀνόματά
639 605 701 623 τινα
716 596 842 631 καθάπερ
854 596 883 623 αἱ
894 595 993 630 φλόγες

199 642 245 668 ἐπὶ
271 642 341 677 μέγα
364 642 414 677 τῆς
439 642 519 677 δόξης
543 642 716 678 ὲξαπτόμενα
735 642 783 669 καὶ
807 641 991 676 σϐεννύμενα·

197 687 284 714 ταῦτα
296 687 376 722 δεῦρο
390 687 520 719 επιεικῶς
532 688 641 722 σιγᾶται
651 707 659 719 ,
668 688 716 714 καὶ
727 687 808 723 σχολὴ
822 688 882 719 ταῖς
897 687 993 718 ἀκοαῖς

198 731 326 758 τοιούτων
345 732 539 767 ἀκροαμάτων.
575 732 651 759 Ἐπεὶ
666 731 713 759 καὶ
735 732 872 767 βασιλεὺς,
886 732 927 758 ὅτι
943 732 993 768 μὲν

198 778 231 813 ζῇ
246 787 287 810 τις
301 778 354 810 ἀεὶ,
370 778 442 805 τοῦτ’
458 779 522 810 ἴσως
535 779 695 806 ἐπίστανται
707 778 800 813 σαφῶς
812 786 819 793 ⁸
835 778 992 814 ὑπομιμνη-

199 824 320 859 σκόμεθα
330 824 384 860 γὰρ
395 824 468 852 ἅπαν
479 825 539 851 κατ’
551 824 610 856 ἔτος
623 824 676 851 ὑπὸ
686 825 740 851 τῶν
752 824 916 859 ἐκλεγόντων
929 824 992 857 τοὺς

199 869 406 905 φόρους.”οστις
416 870 445 897 δὲ
455 866 532 902 οὗτός
541 871 662 902 ἐστιν,οὺ
673 870 745 906 μάλα
753 870 794 897 ἔτι
802 870 881 897 τοῦτο
891 871 994 905 σαφῶς.

174 930 186 961 Ξ
204 914 274 941 Ἀλλ’
282 915 335 941 εἶσί
349 923 419 947 τινες
430 916 458 942 ἐν
472 916 548 951 ἡμῖν,
559 916 584 942 οἲ
596 915 677 952 μέχρι
687 915 735 942 καὶ
746 915 792 942 νῦν
799 915 990 950 Ἀγαμέμνονα⁸

199 961 309 996 κρατεῖν
321 961 436 996 ἥγηνται
459 960 504 988 τὸν
525 961 664 996 Ἀτρείδην
676 981 683 992 ,
697 961 743 988 τὸν
756 960 802 987 ἐπὶ
815 959 928 995 Τροίαν,
944 960 989 986 τὸν

200 1006 272 1040 μάλα
287 1005 368 1033 καλόν
380 1014 410 1033 τε
425 1006 473 1033 καὶ
485 1006 597 1040 ἀγαθόν.
616 1005 700 1032 Τοῦτο
718 1006 770 1041 γὰρ
786 1006 913 1033 παιδόθεν
923 1006 989 1042 ἡμῖν

198 1051 236 1082 ὡς
255 1050 394 1085 βασιλικὸν
418 1051 597 1086 παραδέδοται
621 1050 750 1086 τοῦνομα.
780 1051 836 1078 Καὶ
861 1050 990 1078 Ὀδυσσέα

197 1097 260 1125 τινὰ
284 1097 361 1133 φίλον
382 1098 465 1125 αὐτοῦ
480 1097 660 1133 ὀνομάζουσιν
678 1097 704 1123 οἱ
724 1097 840 1132 χρηστοὶ
855 1096 988 1132 βουκόλοι,

199 1144 337 1180 φαλακρὸν
354 1145 403 1179 μὲν
413 1144 566 1180 ἄνθρωπον,
577 1143 645 1171 ἀλλὰ
658 1143 743 1170 δεινὸν
757 1143 887 1179 ὁμιλῆσαι
902 1143 990 1179 πράγ-

200 1197 278 1223 μασι,
305 1189 351 1216 καὶ
375 1190 458 1225 πόρον
479 1190 507 1216 ὲν
525 1189 677 1224 ἀμηχάνοις
692 1189 791 1225 εὑρεῖν.
819 1188 926 1224 Ἀμέλει
943 1196 989 1222 γε·

198 1234 292 1267 λῶσιν,
310 1235 374 1262 ὅταν
388 1235 453 1271 περὶ
463 1234 545 1262 αὐτοῦ
568 1235 683 1269 λέγωσιν
693 1254 700 1266 ,
715 1234 862 1270 ἡγούμενοι
875 1233 990 1270 πέρυσιν

198 1280 419 1315 ὲκτετυφλῶσθαι
438 1280 483 1308 τὸν
499 1280 657 1319 Κύκλωπα·
686 1279 733 1307 καὶ
753 1279 790 1312 ὡς
815 1279 921 1306 εἵλκετο
942 1279 990 1315 μὲν

199 1325 252 1352 ὑπὸ
263 1325 302 1361 τῷ
316 1326 385 1362 κριῷ
396 1326 427 1353 τὺ
439 1326 577 1362 γερόντιον
591 1335 597 1342 ·
614 1326 644 1352 τὺ
657 1326 684 1352 δὲ
699 1325 830 1361 κάθαρμα
844 1325 893 1361 τὴν
905 1319 990 1361 (λύραν

199 1371 302 1406 ἐτήρει,
318 1372 365 1398 καὶ
379 1372 508 1407 οὐραγεῑν
517 1371 585 1407 ᾤετο
601 1371 648 1398 τὸν
660 1371 783 1407 ἡγεμόνα
795 1372 844 1406 τῆς
861 1370 989 1406 ποίμνης,

199 1415 249 1442 οὐκ
259 1416 408 1451 ἀχθόμενον
417 1416 456 1452 τῷ
470 1417 584 1452 φορτίῳ,
596 1418 631 1453 τῇ
643 1416 673 1444 δὲ
686 1417 768 1445 αὑτοῦ
785 1417 914 1452 συμφορᾷ
928 1425 991 1442 συν-

199 1461 357 1496 αχοόμενον.
383 1461 492 1496 Ἐγὲνου
508 1461 594 1497 βραχύ
611 1470 639 1488 τι
651 1461 694 1489 διὰ
709 1462 758 1497 τῆς
771 1461 916 1496 ἐπιστολῆς
931 1460 990 1496 μεθ’

199 1506 279 1541 ἡμῶν
290 1508 324 1541 τῇ
339 1506 434 1542 γνώμῃ
448 1515 456 1522 ο
479 1507 605 1534 τεθέασαι
618 1507 664 1534 τὸν
683 1507 767 1543 ἀγρόν
777 1515 784 1522 υ
802 1505 871 1539 εἶδες
887 1507 991 1542 ἁπλόην

1042 237 1129 264 genus
1144 233 1186 257 est
1203 230 1278 257 vocis
1296 234 1460 266 temperata.
1474 231 1524 259 Cui
1537 231 1648 265 quidem
1663 231 1756 259 fidium
1767 233 1833 260 sitn-

1042 275 1157 309 plicitati
1177 275 1196 301 ii
1211 275 1257 310 qui
1289 275 1418 303 accitmnt
1446 277 1657 305 accommodant
1676 282 1752 306 'sese.
1771 277 1832 306 Non

1041 321 1114 347 enim
1141 320 1225 348 fracta
1255 327 1287 348 ac
1315 321 1408 349 mollia
1433 327 1596 357 argumenta
1622 328 1759 358 tractant;
1784 325 1833 352 sed

1043 366 1173 400 pra-clara
1189 366 1271 394 nobis
1285 367 1423 395 cantionis
1438 368 1543 402 species
1552 373 1595 397 est
1610 370 1724 397 masculi
1738 371 1833 398 arietis

1045 412 1226 445 praeconium,
1243 416 1289 440 aut
1311 412 1398 440 cauda
1424 414 1568 442 mutilatus
1588 416 1666 443 canis
1688 416 1767 443 laude
1783 424 1834 444 sua

1043 456 1172 490 adicitur,
1189 457 1263 492 quod
1280 458 1390 493 opiner,
1405 458 1505 486 merito
1519 459 1546 486 id
1565 460 1591 486 ei
1618 461 1769 494 tribuatur,
1785 463 1831 496 qui

1043 509 1094 529 nec
1113 503 1223 538 hyaenas
1238 503 1376 536 formidet,
1390 509 1417 531 et
1432 503 1510 538 lupos
1528 505 1702 540 strangulet:
1717 514 1750 534 ac
1763 515 1834 542 pra:-

1044 549 1139 577 scrtim
1155 553 1269 576 Venator
1285 557 1317 576 co
1335 549 1459 577 carmine
1471 549 1635 584 celebratur,
1661 552 1773 586 pascuis
1790 559 1834 580 se-

1043 594 1188 621 curitatem
1206 601 1356 630 pacemque
1373 595 1544 629 concilians;
1560 596 1695 631 nobisque
1709 597 1834 625 carnium

1044 641 1156 675 generis
1176 641 1267 668 omnis
1281 641 1429 676 opiparutn
1450 641 1607 668 convivium
1626 642 1761 676 pra‘bens.
1781 642 1836 670 Nec

1044 686 1220 720 gemellipara
1236 686 1295 713 ovis
1311 693 1326 712 a
1342 686 1400 721 lyra
1414 685 1549 720 rejicitur,
1565 687 1640 721 quod
1662 688 1836 715 numerosio-

1044 737 1102 757 rem
1129 729 1209 757 annis
1227 729 1313 757 fetum
1337 731 1469 757 enutriat.
1486 731 1564 766 Saepe
1583 731 1667 758 etiatn
1691 731 1772 759 ficum
1788 736 1837 759 aut

1044 775 1127 802 viletn
1143 774 1170 802 in
1186 783 1318 802 numeros
1341 783 1494 811 versusque
1513 776 1666 810 conjectam
1690 777 1836 810 canimus;

1045 820 1093 848 sed
1109 820 1179 847 nihil
1192 825 1245 848 tam
1262 820 1393 856 frequens
1415 828 1497 856 quam
1519 826 1581 848 vota
1603 822 1749 857 quaedam,
1775 830 1838 851 nec-

1012 875 1032 902 Β
1048 874 1102 894 non
1111 871 1138 894 et
1145 867 1295 900 canticum,
1305 871 1333 894 et
1341 867 1475 894 bonorum
1487 867 1697 902 postulationes,
1704 876 1766 903 qua
1773 877 1836 896 cum

1043 912 1185 939 hominum
1205 912 1272 944 sint,
1292 916 1350 939 tum
1362 913 1490 948 stirpium
1507 913 1698 949 pecudumque
1711 915 1835 949 propria.

1048 956 1111 984 Haec
1121 961 1150 985 et
1160 957 1224 984 talia
1236 961 1302 985 sunt
1311 959 1384 993 apud
1395 966 1446 986 nos
1459 959 1619 994 tempestiva
1629 959 1748 988 simulet
1762 961 1835 987 anti-

1041 1010 1107 1038 qua,
1121 1007 1148 1030 et
1155 1010 1306 1038 pauperum
1318 1004 1402 1031 bona.
1413 1004 1549 1032 Caeterum
1558 1005 1837 1041 imperator,etimpe-

1042 1049 1141 1076 ratoris
1149 1049 1242 1083 amici,
1251 1053 1335 1085 atque
1345 1050 1436 1078 omnis
1451 1051 1498 1078 illa
1513 1051 1596 1079 sortis
1605 1059 1742 1087 cas115que
1750 1052 1835 1081 veluti

1041 1095 1150 1122 saltatio
1156 1094 1325 1130 (cujusmodi
1336 1095 1363 1123 in
1372 1096 1533 1131 quotidiana
1542 1098 1742 1125 consuetudine
1751 1099 1836 1126 nomi-

1041 1148 1075 1168 na
1089 1140 1214 1176 quaedam
1227 1141 1366 1174 audimus,
1375 1141 1547 1170 flammarum
1558 1143 1647 1171 instar
1655 1143 1689 1171 ad
1698 1151 1836 1172 summ-ns

1041 1187 1136 1222 gloriae
1154 1187 1273 1215 excitata
1296 1187 1449 1223 fastigium,
1464 1188 1644 1223 vicissimque
1668 1189 1835 1225 restincta),

1041 1231 1075 1260 de
1083 1232 1266 1268 his,inquam,
1281 1234 1410 1262 omnibus
1426 1234 1513 1261 altum
1525 1234 1598 1269 apud
1617 1242 1669 1263 nos
1684 1235 1837 1270 silentium,

1041 1279 1112 1306 etab
1121 1286 1154 1306 eo
1167 1287 1267 1315 genere
1281 1284 1468 1308 acroamatum
1481 1287 1563 1308 aures
1576 1285 1678 1309 nostra:
1691 1280 1835 1309 feriantur.

1043 1323 1148 1351 Etenim
1164 1325 1358 1360 imperatorem
1373 1333 1483 1360 semper
1497 1325 1616 1361 aliquem
1634 1326 1737 1360 vivere,
1750 1327 1838 1362 probe

1043 1370 1095 1397 hoc
1109 1370 1237 1398 fortassis
1248 1375 1349 1398 norunt
1366 1380 1373 1398 :
1390 1374 1537 1398 revocatur
1547 1371 1621 1399 enim
1636 1371 1715 1400 nobis
1730 1372 1758 1400 in
1777 1379 1835 1400 me-

1042 1414 1159 1441 moriam
1175 1414 1256 1442 annis
1273 1414 1391 1450 singulis
1408 1414 1443 1441 ab
1455 1414 1623 1442 tributorum
1645 1416 1837 1445 exactoribus.

1042 1458 1174 1492 Quisnam
1195 1463 1286 1487 autem
1302 1459 1348 1487 ille
1362 1459 1409 1490 sit,
1434 1466 1489 1487 non
1507 1467 1584 1495 aeque
1612 1460 1685 1488 istud
1709 1465 1839 1489 accurate

1043 1504 1147 1532 sciunt.
1178 1504 1234 1532 Nec
1256 1505 1358 1533 desunt
1373 1505 1445 1533 inter
1460 1513 1511 1533 nos
1524 1506 1572 1541 qui
1601 1505 1738 1542 hodieque
1764 1507 1839 1543 Aga-

201 1551 406 1587 ητολιτευμάτων
415 1560 422 1566 ·
431 1552 476 1579 τὸν
488 1552 535 1579 ἐπὶ
543 1552 605 1579 Νῶε
618 1552 674 1588 βίον
687 1553 770 1587 ἐρεῖς,
786 1553 852 1588 πρὶν
866 1552 990 1586 γενέσθαι

1046 1558 1218 1579 memnonem
1247 1552 1383 1586 imperare
1409 1556 1506 1587 putent
1532 1552 1607 1580 Atrei
1634 1552 1732 1586 ﬁlium,
1754 1553 1840 1589 288

200 1597 250 1632 τὴν
262 1597 340 1633 δίκην
354 1598 383 1625 ὲν
395 1597 511 1634 δουλείᾳ.

1050 1604 1112 1624 eum
1132 1597 1180 1632 qui
1196 1597 1230 1625 ad
1247 1597 1358 1633 Trojam
1373 1597 1515 1633 profectus
1527 1603 1570 1626 est
1581 1619 1588 1632 ,
1602 1599 1743 1633 egregium
1760 1599 1838 1626 illum

207 1647 291 1677 atque
305 1643 438 1678 optintum
453 1643 617 1679 principem.
630 1642 688 1670 Hoc
701 1644 773 1671 enim
785 1647 916 1679 tanquam
929 1643 1033 1679 regium
1048 1649 1148 1669 nomen
1166 1650 1181 1670 a
1196 1643 1313 1678 pueritia
1325 1643 1406 1672 nobis
1418 1643 1548 1671 traditum
1561 1649 1613 1672 est.
1624 1643 1838 1679 llujusamicum

203 1687 330 1724 Ulyssem
345 1689 491 1724 quemdam
510 1689 654 1717 nominant
670 1690 767 1725 optimi
784 1689 905 1722 bubulci,
926 1690 1035 1717 calvum
1051 1689 1200 1723 hominem,
1212 1689 1260 1717 sed
1278 1697 1370 1717 rerutn
1386 1690 1554 1725 agendarum
1573 1697 1606 1717 ac
1615 1689 1838 1718 dillieillimorum

202 1742 375 1770 quorumqtte
386 1734 618 1770 expediendorum
630 1735 758 1770 peritum.
765 1735 846 1763 Certe
855 1735 928 1762 enim
943 1732 1043 1768 rident,
1050 1743 1113 1763 cum
1125 1735 1159 1763 de
1172 1735 1233 1771 ipso
1243 1739 1368 1768 narrant,
1379 1742 1452 1762 anno
1462 1735 1603 1771 superiore
1612 1738 1778 1763 excaecatum
1785 1735 1838 1771 Cy-

206 1782 311 1817 clopem
323 1786 452 1817 putantes
462 1803 469 1815 ,
482 1788 509 1809 et
521 1782 752 1817 quemadmodum
768 1782 822 1810 sub
835 1782 923 1810 ariete
937 1790 1022 1812 senex
1035 1782 1214 1816 trahebatur;
1230 1782 1263 1810 ad
1272 1782 1384 1817 januam
1398 1783 1533 1811 scelestus
1544 1783 1721 1816 observabat,
1732 1784 1779 1818 qui
1790 1783 1838 1811 du-

203 1834 262 1854 cem
275 1827 366 1862 grcgis
376 1827 563 1854 arbitrabatur
577 1835 631 1855 non
648 1835 732 1855 onere
746 1833 957 1863 praegravat-tm,
972 1828 1021 1856 sed
1035 1828 1123 1864 ipsius
1134 1828 1273 1855 dolentem
1288 1827 1451 1860 infortunio,
1468 1835 1565 1863 agmen
1584 1827 1723 1855 claudere.
1738 1828 1838 1855 Paulu-

211 1875 266 1901 lum
286 1875 378 1901 animo
396 1874 538 1901 nobiscum
555 1873 678 1909 epistolae
692 1873 826 1901 beneficio
840 1874 931 1908 fuisti;
947 1882 1043 1910 agrum
1058 1874 1260 1909 contemplatus
1275 1881 1324 1908 es;
1339 1874 1449 1901 vivendi
1464 1875 1618 1910 agendique
1632 1874 1836 1910 simplicitatem

209 1921 314 1949 vidisti.
334 1921 400 1949 Tale
416 1921 480 1948 vita:
487 1928 574 1956 genus
586 1929 648 1949 esse
664 1921 781 1956 dixeris,
795 1922 875 1956 quale
891 1922 943 1949 sub
963 1921 1020 1950 Noe
1034 1921 1150 1954 exstitit,
1167 1925 1314 1957 antequam
1327 1921 1446 1949 servitus
1464 1921 1492 1948 in
1506 1928 1615 1956 pernam
1633 1921 1753 1948 cederet.

452 1986 624 2014 ΕΠΙΣΤΟΛΗ
651 1986 742 2014 ΡΜΗ¹.

530 2041 572 2075 Τῷ
584 2041 673 2074 αὐτῷ.

240 2088 322 2124 Ἡμῖν
332 2089 375 2116 ἀεὶ
389 2089 436 2115 καὶ
448 2087 527 2114 ἀπὼν
543 2088 686 2123 ἐπιδημεῖς
695 2089 729 2124 τῇ
746 2088 852 2125 μνήμῃ.
868 2088 923 2115 Καὶ
936 2087 991 2124 γὰρ

206 2135 260 2163 οὔδ’
273 2135 306 2162 ἂν
322 2136 346 2162 εί
358 2135 429 2161 πάνυ
442 2133 648 2170 βουληθείημεν,
665 2133 841 2160 ἐπιλαθέσθαι
854 2133 992 2169 δυνάμεθα

1275 1986 1442 2015 EPISTOLA
1458 1986 1598 2015 CXLVIII.

1391 2042 1496 2071 Eidem.

1072 2085 1158 2115 Nobis
1166 2086 1247 2114 etiam
1255 2087 1355 2114 absens
1362 2087 1505 2122 semperin
1514 2086 1646 2114 memoria
1654 2085 1836 2115 versaris.Ne-

1045 2138 1099 2166 que
1105 2131 1191 2163 enim,
1201 2135 1230 2158 ut
1241 2131 1358 2159 maxime
1368 2131 1495 2163 velimus,
1505 2131 1698 2159 suavissimum
1711 2131 1834 2158 anlmum

203 2180 254 2216 τῆς
270 2180 441 2215 γλυκυτάτης
464 2188 511 2206 σου
531 2178 638 2214 ψυχῆς,
669 2178 716 2205 καὶ
738 2178 792 2205 τῶν
817 2178 990 2206 ἁδολωτάτων

1047 2181 1125 2204 tuum
1148 2184 1294 2212 moresque
1307 2177 1512 2218 sincerissimos
1524 2177 1650 2205 oblivisci
1673 2184 1833 2212 possumus.

204 2225 288 2260 ἠθῶν,
303 2225 400 2259 ἀδελφὲ
417 2225 460 2252 διὰ
485 2225 574 2251 πάντα
591 2223 737 2259 θαυμάσιε.
770 2223 815 2255 Ὧς
828 2223 904 2250 οὐδὲν
917 2223 949 2250 ἂν
965 2224 990 2250 ἐν

1045 2221 1133 2250 frater
1151 2222 1178 2249 in
1193 2223 1323 2251 omnibus
1336 2223 1510 2256 admirande;
1527 2222 1750 2258 quandoquidem
1765 2223 1834 2250 nihil

204 2272 270 2306 ἡμῖν
289 2271 394 2304 γένοιτο
408 2271 457 2305 τῆς
476 2270 541 2305 περὶ
558 2269 588 2296 σὲ
611 2270 722 2305 μνήμης
742 2269 900 2305 ἱερώτερον,
930 2269 992 2305 ἥτὺ

204 2316 285 2343 πάλιν
306 2315 523 2351 περιπτύξασθαι
543 2315 591 2350 τὴν
615 2314 768 2350 σεὸασμίαν
785 2322 831 2341 σου
849 2314 970 2350 κεφαλήν
983 2322 989 2329 ·

204 2361 218 2388 ὃ
233 2362 291 2397 δοίη
302 2361 367 2388 ποτὲ
381 2361 461 2392 Θεὸς,
488 2361 535 2387 καὶ
557 2361 668 2395 ἦδοιμέν
688 2369 731 2392 σε,
756 2360 804 2386 καὶ
824 2359 991 2395 ἀκούσαιμέν

205 2416 252 2434 σου
267 2407 316 2442 τῆς
340 2406 452 2442 ἡδίστης
473 2405 527 2432 τῶν
543 2406 629 2440 λόγων
644 2404 737 2440 ἠχοῦς.
766 2402 857 2436 Ἧσας
872 2405 901 2431 δὲ
918 2405 992 2440 ἡμᾶς

204 2452 251 2479 καὶ
264 2450 304 2484 οἷς
319 2451 493 2481 ἀπέστειλας.
509 2450 615 2477 ἅπαντα
628 2450 682 2485 γὰρ
694 2449 891 2485 ὲκομισάμεθα.
908 2450 991 2476 Πλέον

203 2498 232 2525 δὲ
245 2498 358 2533 ἠνίασας
369 2497 442 2532 ἡμᾶς
455 2496 495 2533 τῷ
507 2495 640 2531 λογισμῷ,
648 2495 697 2530 τῷ,
707 2495 783 2521 ποίου
795 2495 866 2527 τίνος
881 2495 990 2531 ἑταίρου

205 2542 305 2574 ζῶντος
322 2542 422 2574 ζῶντες
438 2540 611 2577 στεροίμεθα.
635 2539 726 2567 Ἕλθοι
739 2540 770 2574 δή
787 2548 851 2566 ποτε
865 2541 913 2566 καὶ
930 2549 991 2567 συν-

204 2589 300 2624 τυχίας
314 2588 419 2623 καιρὸς,
435 2587 482 2613 καὶ
494 2586 674 2621 εὐτυχήσαιμι
688 2585 766 2611 τοῦτο
779 2583 854 2620 παρὰ
868 2585 946 2612 Θεοῦ.

1045 2268 1072 2295 in
1089 2268 1171 2295 nobis
1187 2275 1248 2296 esse
1259 2273 1350 2304 potest
1364 2269 1402 2296 tui
1421 2268 1614 2296 recordatione
1629 2268 1764 2300 sanctius,
1780 2269 1834 2296 nisi

1045 2312 1115 2340 forte
1124 2316 1153 2339 ut
1162 2312 1260 2340 iterum
1272 2313 1428 2341 venerabile
1440 2318 1516 2340 tuum
1525 2314 1725 2349 amplectamur
1732 2317 1814 2349 caput
1824 2323 1831 2341 :

1044 2358 1116 2393 quod
1132 2359 1236 2386 utinam
1261 2359 1410 2394 aliquando
1425 2359 1534 2387 tandem
1556 2358 1628 2386 Deus
1642 2358 1787 2392 concedat,
1803 2363 1834 2387 ut

1044 2407 1072 2430 et
1089 2408 1116 2431 te
1130 2403 1282 2436 videamus,
1307 2408 1334 2432 et
1349 2405 1543 2433 suavissimam
1563 2405 1701 2437 sermonis
1721 2405 1762 2432 tui
1784 2412 1833 2432 vo-

1046 2455 1106 2476 cem
1120 2448 1284 2476 audiamusl
1300 2450 1436 2478 Caeterum
1451 2450 1486 2477 iis
1504 2458 1565 2485 quae
1580 2450 1691 2482 misisti,
1704 2457 1832 2485 magnam

1044 2495 1125 2522 nobis
1138 2494 1306 2529 voluptatem
1317 2496 1444 2523 attulisti.
1453 2495 1619 2531 Accepimus
1634 2496 1710 2524 enim
1718 2495 1810 2523 omnia
1823 2503 1830 2521 :

1045 2541 1091 2569 sed
1108 2541 1170 2576 plus
1195 2546 1286 2568 tamen
1315 2541 1443 2568 mmroris
1468 2548 1501 2568 ea
1522 2540 1688 2577 cogitatione
1718 2540 1830 2573 dedisti,

1045 2585 1201 2621 cujusmodi
1216 2593 1267 2613 nos
1292 2586 1381 2613 amico
1395 2586 1456 2613 vivo
1468 2593 1500 2613 ac
1513 2586 1635 2621 spirante
1646 2586 1831 2621 privarentur.

206 2635 317 2663 Utinam
335 2634 443 2662 tandem
458 2632 526 2660 illud
540 2636 649 2667 tempus
673 2630 811 2662 adveniat,
827 2637 881 2665 quo
896 2634 990 2659 mutua
1009 2633 1212 2661 consuetudine
1242 2632 1382 2660 fruamur!
1413 2632 1517 2659 utinam
1544 2636 1619 2659 tanta
1645 2633 1711 2659 mihi
1736 2632 1832 2660 divino

204 2680 338 2710 beneficio
354 2679 470 2708 felicitas
482 2677 640 2712 contingat!

454 2734 626 2763 ΕΠΙΣΤΟΛΗ
648 2732 739 2760 ΡΜΘί.

502 2779 692 2814 Πυλαιμένει.

241 2829 307 2858 οὐδὲ
322 2829 371 2864 τὴν
390 2836 437 2863 σην
454 2826 615 2862 Ἡράκλειαν
629 2825 743 2860 ἀνήκοον
761 2821 837 2859 οἶμαι
851 2823 991 2868 γεγονέναι

1278 2730 1444 2759 EPISTOLA
1464 2730 1580 2759 CXLIX.

1358 2776 1514 2812 Pyla'mem'.

1078 2822 1171 2859 Neque
1188 2826 1264 2851 tuam
1279 2823 1438 2852 Heracleam
1456 2827 1523 2858 puto
1540 2823 1574 2851 de
1587 2823 1745 2851 Alexandro
1756 2821 1829 2851 cela-
