  <div class='ocr_page' id='page_1' title='image "/cluster/home/n/w/nwhite01/storage/ocr_20150623/66/njp.32101077772695/807.png"; bbox 0 0 1990 3060; ppageno 0'>
   <div class='ocr_carea' id='block_1_1' title="bbox 189 102 256 131">
    <p class='ocr_par' dir='ltr' id='par_1_1' title="bbox 189 102 256 131">
     <span class='ocr_line' id='line_1_1' title="bbox 189 102 256 131; baseline 0 -1"><span class='ocrx_word' id='word_1_1' title='bbox 189 102 256 131; x_wconf 73' lang='grc'><strong>1551</strong></span> 
     </span>
    </p>
   </div>
   <div class='ocr_carea' id='block_1_2' title="bbox 700 98 1261 129">
    <p class='ocr_par' dir='ltr' id='par_1_2' title="bbox 700 98 1261 129">
     <span class='ocr_line' id='line_1_2' title="bbox 700 98 1261 129; baseline 0 -1"><span class='ocrx_word' id='word_1_2' title='bbox 700 100 835 129; x_wconf 81' lang='lat' dir='ltr'><strong>SYNESII</strong></span> <span class='ocrx_word' id='word_1_3' title='bbox 853 99 1087 129; x_wconf 76' lang='lat' dir='ltr'><strong>PTOLEMAIDIS</strong></span> <span class='ocrx_word' id='word_1_4' title='bbox 1104 98 1261 128; x_wconf 79' lang='lat' dir='ltr'><strong>EPISCOPI</strong></span> 
     </span>
    </p>
   </div>
   <div class='ocr_carea' id='block_1_3' title="bbox 1748 95 1828 124">
    <p class='ocr_par' dir='ltr' id='par_1_3' title="bbox 1748 95 1828 124">
     <span class='ocr_line' id='line_1_3' title="bbox 1748 95 1828 124; baseline -0.025 0"><span class='ocrx_word' id='word_1_5' title='bbox 1748 95 1828 124; x_wconf 65' lang='lat'><strong>{552</strong></span> 
     </span>
    </p>
   </div>
   <div class='ocr_carea' id='block_1_4' title="bbox 189 143 973 195">
    <p class='ocr_par' dir='ltr' id='par_1_4' title="bbox 189 143 973 195">
     <span class='ocr_line' id='line_1_4' title="bbox 189 143 973 195; baseline -0.004 -6"><span class='ocrx_word' id='word_1_6' title='bbox 189 166 244 189; x_wconf 82' lang='lat' dir='ltr'><strong>tam</strong></span> <span class='ocrx_word' id='word_1_7' title='bbox 259 168 332 191; x_wconf 79' lang='lat' dir='ltr'><strong>esse.</strong></span> <span class='ocrx_word' id='word_1_8' title='bbox 363 143 409 195; x_wconf 79' lang='lat' dir='ltr'><strong>qui</strong></span> <span class='ocrx_word' id='word_1_9' title='bbox 434 160 506 194; x_wconf 89' lang='lat' dir='ltr'><strong>apud</strong></span> <span class='ocrx_word' id='word_1_10' title='bbox 534 168 585 188; x_wconf 91' lang='lat' dir='ltr'><strong>nos</strong></span> <span class='ocrx_word' id='word_1_11' title='bbox 610 160 824 195; x_wconf 77' lang='lat' dir='ltr'><strong>philosophatus</strong></span> <span class='ocrx_word' id='word_1_12' title='bbox 844 164 897 190; x_wconf 80' lang='lat' dir='ltr'><strong>est.</strong></span> <span class='ocrx_word' id='word_1_13' title='bbox 918 160 973 186; x_wconf 84' lang='lat' dir='ltr'><strong>viro</strong></span> 
     </span>
    </p>
   </div>
   <div class='ocr_carea' id='block_1_5' title="bbox 1028 143 1833 195">
    <p class='ocr_par' dir='ltr' id='par_1_5' title="bbox 1031 155 1833 195">
     <span class='ocr_line' id='line_1_5' title="bbox 1031 155 1833 195; baseline -0.006 -9"><span class='ocrx_word' id='word_1_14' title='bbox 1031 159 1078 186; x_wconf 90' lang='grc' dir='ltr'><strong>τοῦ</strong></span> <span class='ocrx_word' id='word_1_15' title='bbox 1099 160 1166 195; x_wconf 82' lang='grc' dir='ltr'>παρ’</span> <span class='ocrx_word' id='word_1_16' title='bbox 1188 159 1255 194; x_wconf 79' lang='grc' dir='ltr'>ἡμῖν</span> <span class='ocrx_word' id='word_1_17' title='bbox 1271 158 1500 193; x_wconf 74' lang='grc' dir='ltr'><strong>φιλοσοφήσαντας</strong></span> <span class='ocrx_word' id='word_1_18' title='bbox 1523 156 1710 191; x_wconf 79' lang='grc' dir='ltr'><strong>Ἀλεξάνδρου,</strong></span> <span class='ocrx_word' id='word_1_19' title='bbox 1728 155 1833 191; x_wconf 70' lang='grc' dir='ltr'>ἀνδρὸς</span> 
     </span>
    </p>
   </div>
   <div class='ocr_carea' id='block_1_6' title="bbox 186 205 977 242">
    <p class='ocr_par' dir='ltr' id='par_1_6' title="bbox 186 205 977 242">
     <span class='ocr_line' id='line_1_6' title="bbox 186 205 977 242; baseline -0.005 -7"><span class='ocrx_word' id='word_1_20' title='bbox 186 207 325 242; x_wconf 78' lang='lat' dir='ltr'><strong>ejusmodi</strong></span> <span class='ocrx_word' id='word_1_21' title='bbox 353 207 399 241; x_wconf 90' lang='lat' dir='ltr'><strong>qui</strong></span> <span class='ocrx_word' id='word_1_22' title='bbox 427 206 529 240; x_wconf 86' lang='lat' dir='ltr'><strong>ubique</strong></span> <span class='ocrx_word' id='word_1_23' title='bbox 555 213 654 241; x_wconf 75' lang='lat' dir='ltr'><strong>magna</strong></span> <span class='ocrx_word' id='word_1_24' title='bbox 679 210 720 233; x_wconf 87' lang='lat' dir='ltr'><strong>est</strong></span> <span class='ocrx_word' id='word_1_25' title='bbox 743 212 806 233; x_wconf 83' lang='lat' dir='ltr'><strong>cum</strong></span> <span class='ocrx_word' id='word_1_26' title='bbox 834 205 920 240; x_wconf 75' lang='lat' dir='ltr'><strong>gloria</strong></span> <span class='ocrx_word' id='word_1_27' title='bbox 950 209 977 231; x_wconf 83' lang='lat' dir='ltr'><strong>et</strong></span> 
     </span>
    </p>
   </div>
   <div class='ocr_carea' id='block_1_7' title="bbox 186 253 559 281">
    <p class='ocr_par' dir='ltr' id='par_1_7' title="bbox 186 253 559 281">
     <span class='ocr_line' id='line_1_7' title="bbox 186 253 559 281; baseline -0.005 0"><span class='ocrx_word' id='word_1_28' title='bbox 186 253 391 281; x_wconf 73' lang='lat' dir='ltr'><strong>existimatione</strong></span> <span class='ocrx_word' id='word_1_29' title='bbox 409 257 534 280; x_wconf 88' lang='lat' dir='ltr'><strong>versatus</strong></span> <span class='ocrx_word' id='word_1_30' title='bbox 554 261 559 279; x_wconf 93' lang='lat'>:</span> 
     </span>
    </p>
   </div>
   <div class='ocr_carea' id='block_1_8' title="bbox 222 297 938 333">
    <p class='ocr_par' dir='ltr' id='par_1_8' title="bbox 222 297 938 333">
     <span class='ocr_line' id='line_1_8' title="bbox 222 297 938 333; baseline -0.003 -7"><span class='ocrx_word' id='word_1_31' title='bbox 222 299 314 326; x_wconf 76' lang='lat' dir='ltr'><strong>Mutus</strong></span> <span class='ocrx_word' id='word_1_32' title='bbox 330 299 406 326; x_wconf 84' lang='lat' dir='ltr'><strong>homo</strong></span> <span class='ocrx_word' id='word_1_33' title='bbox 421 303 470 330; x_wconf 76' lang='lat' dir='ltr'><strong>est,</strong></span> <span class='ocrx_word' id='word_1_34' title='bbox 485 299 529 333; x_wconf 83' lang='lat' dir='ltr'><strong>qui</strong></span> <span class='ocrx_word' id='word_1_35' title='bbox 543 306 594 325; x_wconf 84' lang='lat' dir='ltr'><strong>non</strong></span> <span class='ocrx_word' id='word_1_36' title='bbox 609 297 710 325; x_wconf 69' lang='lat' dir='ltr'><strong>Alcide:</strong></span> <span class='ocrx_word' id='word_1_37' title='bbox 723 297 866 324; x_wconf 80' lang='lat' dir='ltr'><strong>admoveri!</strong></span> <span class='ocrx_word' id='word_1_38' title='bbox 880 305 938 324; x_wconf 81' lang='lat' dir='ltr'><strong>ora.</strong></span> 
     </span>
    </p>
   </div>
   <div class='ocr_carea' id='block_1_9' title="bbox 223 341 977 378">
    <p class='ocr_par' dir='ltr' id='par_1_9' title="bbox 223 341 977 378">
     <span class='ocr_line' id='line_1_9' title="bbox 223 341 977 378; baseline -0.004 -8"><span class='ocrx_word' id='word_1_39' title='bbox 223 344 312 378; x_wconf 80' lang='lat' dir='ltr'><strong>Hujus</strong></span> <span class='ocrx_word' id='word_1_40' title='bbox 344 343 416 371; x_wconf 87' lang='lat' dir='ltr'><strong>filius</strong></span> <span class='ocrx_word' id='word_1_41' title='bbox 434 343 616 370; x_wconf 88' lang='lat' dir='ltr'><strong>consobrinus</strong></span> <span class='ocrx_word' id='word_1_42' title='bbox 633 351 711 370; x_wconf 88' lang='lat' dir='ltr'><strong>meus</strong></span> <span class='ocrx_word' id='word_1_43' title='bbox 732 342 783 370; x_wconf 83' lang='lat' dir='ltr'><strong>itas</strong></span> <span class='ocrx_word' id='word_1_44' title='bbox 798 341 849 368; x_wconf 91' lang='lat' dir='ltr'><strong>tibi</strong></span> <span class='ocrx_word' id='word_1_45' title='bbox 871 341 977 368; x_wconf 88' lang='lat' dir='ltr'><strong>litteras</strong></span> 
     </span>
    </p>
   </div>
   <div class='ocr_carea' id='block_1_10' title="bbox 191 387 976 424">
    <p class='ocr_par' dir='ltr' id='par_1_10' title="bbox 191 387 976 424">
     <span class='ocr_line' id='line_1_10' title="bbox 191 387 976 424; baseline -0.004 -7"><span class='ocrx_word' id='word_1_46' title='bbox 191 390 286 421; x_wconf 88' lang='lat' dir='ltr'><strong>dabit,</strong></span> <span class='ocrx_word' id='word_1_47' title='bbox 314 389 361 424; x_wconf 89' lang='lat' dir='ltr'><strong>qui</strong></span> <span class='ocrx_word' id='word_1_48' title='bbox 387 389 420 417; x_wconf 87' lang='lat' dir='ltr'><strong>ad</strong></span> <span class='ocrx_word' id='word_1_49' title='bbox 452 390 537 424; x_wconf 86' lang='lat' dir='ltr'><strong>patris</strong></span> <span class='ocrx_word' id='word_1_50' title='bbox 566 388 768 416; x_wconf 77' lang='lat' dir='ltr'><strong>aemulationem</strong></span> <span class='ocrx_word' id='word_1_51' title='bbox 797 396 852 415; x_wconf 86' lang='lat' dir='ltr'><strong>non</strong></span> <span class='ocrx_word' id='word_1_52' title='bbox 882 387 976 414; x_wconf 86' lang='lat' dir='ltr'><strong>habitu</strong></span> 
     </span>
    </p>
   </div>
   <div class='ocr_carea' id='block_1_11' title="bbox 188 433 977 471">
    <p class='ocr_par' dir='ltr' id='par_1_11' title="bbox 188 433 977 471">
     <span class='ocr_line' id='line_1_11' title="bbox 188 433 977 471; baseline -0.004 -8"><span class='ocrx_word' id='word_1_53' title='bbox 188 436 250 471; x_wconf 74' lang='lat' dir='ltr'><strong>ipso</strong></span> <span class='ocrx_word' id='word_1_54' title='bbox 262 455 269 467; x_wconf 82' lang='lat'><strong>,</strong></span> <span class='ocrx_word' id='word_1_55' title='bbox 289 435 336 463; x_wconf 85' lang='lat' dir='ltr'><strong>scd</strong></span> <span class='ocrx_word' id='word_1_56' title='bbox 354 436 447 463; x_wconf 87' lang='lat' dir='ltr'><strong>animo</strong></span> <span class='ocrx_word' id='word_1_57' title='bbox 461 442 521 462; x_wconf 74' lang='lat' dir='ltr'><strong>sese</strong></span> <span class='ocrx_word' id='word_1_58' title='bbox 544 435 671 462; x_wconf 89' lang='lat' dir='ltr'><strong>contulit.</strong></span> <span class='ocrx_word' id='word_1_59' title='bbox 691 434 777 469; x_wconf 80' lang='lat' dir='ltr'><strong>Igitur</strong></span> <span class='ocrx_word' id='word_1_60' title='bbox 791 433 825 462; x_wconf 84' lang='lat' dir='ltr'><strong>ad</strong></span> <span class='ocrx_word' id='word_1_61' title='bbox 843 433 977 468; x_wconf 85' lang='lat' dir='ltr'><strong>nequissi-</strong></span> 
     </span>
    </p>
   </div>
   <div class='ocr_carea' id='block_1_12' title="bbox 188 479 977 514">
    <p class='ocr_par' dir='ltr' id='par_1_12' title="bbox 188 479 977 514">
     <span class='ocr_line' id='line_1_12' title="bbox 188 479 977 514; baseline -0.003 -6"><span class='ocrx_word' id='word_1_62' title='bbox 188 489 248 509; x_wconf 89' lang='lat' dir='ltr'><strong>mos</strong></span> <span class='ocrx_word' id='word_1_63' title='bbox 264 481 388 508; x_wconf 84' lang='lat' dir='ltr'><strong>homines</strong></span> <span class='ocrx_word' id='word_1_64' title='bbox 402 480 488 512; x_wconf 89' lang='lat' dir='ltr'><strong>vadit,</strong></span> <span class='ocrx_word' id='word_1_65' title='bbox 507 485 537 507; x_wconf 86' lang='lat' dir='ltr'><strong>ut</strong></span> <span class='ocrx_word' id='word_1_66' title='bbox 560 479 688 507; x_wconf 88' lang='lat' dir='ltr'><strong>llcrculis</strong></span> <span class='ocrx_word' id='word_1_67' title='bbox 710 487 787 507; x_wconf 89' lang='lat' dir='ltr'><strong>more</strong></span> <span class='ocrx_word' id='word_1_68' title='bbox 813 479 930 514; x_wconf 86' lang='lat' dir='ltr'><strong>patriam</strong></span> <span class='ocrx_word' id='word_1_69' title='bbox 942 479 977 506; x_wconf 83' lang='lat' dir='ltr'><strong>ab</strong></span> 
     </span>
    </p>
   </div>
   <div class='ocr_carea' id='block_1_13' title="bbox 188 525 976 561">
    <p class='ocr_par' dir='ltr' id='par_1_13' title="bbox 188 525 976 561">
     <span class='ocr_line' id='line_1_13' title="bbox 188 525 976 561; baseline -0.003 -8"><span class='ocrx_word' id='word_1_70' title='bbox 188 527 222 554; x_wconf 89' lang='lat' dir='ltr'><strong>iis</strong></span> <span class='ocrx_word' id='word_1_71' title='bbox 240 529 380 561; x_wconf 73' lang='lat' dir='ltr'><strong>repurgat,</strong></span> <span class='ocrx_word' id='word_1_72' title='bbox 397 525 480 560; x_wconf 75' lang='lat'><strong>289</strong></span> <span class='ocrx_word' id='word_1_73' title='bbox 495 533 559 553; x_wconf 84' lang='lat' dir='ltr'><strong>vero</strong></span> <span class='ocrx_word' id='word_1_74' title='bbox 575 526 692 558; x_wconf 88' lang='lat' dir='ltr'><strong>scilicet,</strong></span> <span class='ocrx_word' id='word_1_75' title='bbox 713 529 742 552; x_wconf 86' lang='lat' dir='ltr'><strong>et</strong></span> <span class='ocrx_word' id='word_1_76' title='bbox 769 525 884 552; x_wconf 88' lang='lat' dir='ltr'><strong>Hercule</strong></span> <span class='ocrx_word' id='word_1_77' title='bbox 906 532 976 559; x_wconf 85' lang='lat' dir='ltr'><strong>opus</strong></span> 
     </span>
    </p>
   </div>
   <div class='ocr_carea' id='block_1_14' title="bbox 189 570 977 606">
    <p class='ocr_par' dir='ltr' id='par_1_14' title="bbox 189 570 977 606">
     <span class='ocr_line' id='line_1_14' title="bbox 189 570 977 606; baseline 0 -8"><span class='ocrx_word' id='word_1_78' title='bbox 189 571 256 603; x_wconf 87' lang='lat' dir='ltr'><strong>fuit;</strong></span> <span class='ocrx_word' id='word_1_79' title='bbox 277 571 325 598; x_wconf 87' lang='lat' dir='ltr'><strong>sed</strong></span> <span class='ocrx_word' id='word_1_80' title='bbox 352 575 378 598; x_wconf 90' lang='lat' dir='ltr'><strong>et</strong></span> <span class='ocrx_word' id='word_1_81' title='bbox 402 571 474 597; x_wconf 93' lang='lat' dir='ltr'><strong>lolao</strong></span> <span class='ocrx_word' id='word_1_82' title='bbox 499 571 575 598; x_wconf 87' lang='lat' dir='ltr'><strong>socio</strong></span> <span class='ocrx_word' id='word_1_83' title='bbox 606 576 687 605; x_wconf 90' lang='lat' dir='ltr'><strong>atque</strong></span> <span class='ocrx_word' id='word_1_84' title='bbox 718 571 858 606; x_wconf 81' lang='lat' dir='ltr'><strong>adjutore.</strong></span> <span class='ocrx_word' id='word_1_85' title='bbox 883 570 977 605; x_wconf 81' lang='lat' dir='ltr'><strong>Itaque</strong></span> 
     </span>
    </p>
   </div>
   <div class='ocr_carea' id='block_1_15' title="bbox 190 616 976 652">
    <p class='ocr_par' dir='ltr' id='par_1_15' title="bbox 190 616 976 652">
     <span class='ocr_line' id='line_1_15' title="bbox 190 616 976 652; baseline 0 -9"><span class='ocrx_word' id='word_1_86' title='bbox 190 616 275 644; x_wconf 86' lang='lat' dir='ltr'><strong>Deum</strong></span> <span class='ocrx_word' id='word_1_87' title='bbox 289 617 398 652; x_wconf 85' lang='lat' dir='ltr'><strong>quidem</strong></span> <span class='ocrx_word' id='word_1_88' title='bbox 416 617 462 644; x_wconf 90' lang='lat' dir='ltr'><strong>ille</strong></span> <span class='ocrx_word' id='word_1_89' title='bbox 477 617 528 645; x_wconf 87' lang='lat' dir='ltr'><strong>sibi</strong></span> <span class='ocrx_word' id='word_1_90' title='bbox 545 617 620 644; x_wconf 88' lang='lat' dir='ltr'><strong>omni</strong></span> <span class='ocrx_word' id='word_1_91' title='bbox 636 625 687 652; x_wconf 81' lang='lat' dir='ltr'><strong>ope</strong></span> <span class='ocrx_word' id='word_1_92' title='bbox 706 624 768 644; x_wconf 88' lang='lat' dir='ltr'><strong>cum</strong></span> <span class='ocrx_word' id='word_1_93' title='bbox 783 617 847 644; x_wconf 60' lang='lat' dir='ltr'><strong>vita:</strong></span> <span class='ocrx_word' id='word_1_94' title='bbox 862 617 976 651; x_wconf 81' lang='lat' dir='ltr'><strong>integri-</strong></span> 
     </span>
    </p>
   </div>
   <div class='ocr_carea' id='block_1_16' title="bbox 188 660 976 697">
    <p class='ocr_par' dir='ltr' id='par_1_16' title="bbox 188 660 976 697">
     <span class='ocr_line' id='line_1_16' title="bbox 188 660 976 697; baseline 0 -9"><span class='ocrx_word' id='word_1_95' title='bbox 188 665 253 693; x_wconf 84' lang='lat' dir='ltr'><strong>tate,</strong></span> <span class='ocrx_word' id='word_1_96' title='bbox 269 665 327 689; x_wconf 91' lang='lat' dir='ltr'><strong>tum</strong></span> <span class='ocrx_word' id='word_1_97' title='bbox 344 662 429 689; x_wconf 85' lang='lat' dir='ltr'><strong>animi</strong></span> <span class='ocrx_word' id='word_1_98' title='bbox 448 662 551 697; x_wconf 80' lang='lat' dir='ltr'><strong>pietate</strong></span> <span class='ocrx_word' id='word_1_99' title='bbox 564 662 723 697; x_wconf 86' lang='lat' dir='ltr'><strong>propitiabit</strong></span> <span class='ocrx_word' id='word_1_100' title='bbox 733 669 764 689; x_wconf 81' lang='lat' dir='ltr'><strong>ac</strong></span> <span class='ocrx_word' id='word_1_101' title='bbox 777 661 877 689; x_wconf 87' lang='lat' dir='ltr'><strong>ﬂectet.</strong></span> <span class='ocrx_word' id='word_1_102' title='bbox 888 660 976 688; x_wconf 87' lang='lat' dir='ltr'><strong>Tuam</strong></span> 
     </span>
    </p>
   </div>
   <div class='ocr_carea' id='block_1_17' title="bbox 188 701 975 743">
    <p class='ocr_par' dir='ltr' id='par_1_17' title="bbox 188 701 975 743">
     <span class='ocr_line' id='line_1_17' title="bbox 188 701 975 743; baseline -0.004 -8"><span class='ocrx_word' id='word_1_103' title='bbox 188 715 255 735; x_wconf 88' lang='lat' dir='ltr'><strong>vero</strong></span> <span class='ocrx_word' id='word_1_104' title='bbox 271 708 308 735; x_wconf 90' lang='lat' dir='ltr'><strong>illi</strong></span> <span class='ocrx_word' id='word_1_105' title='bbox 320 715 368 742; x_wconf 88' lang='lat' dir='ltr'><strong>per</strong></span> <span class='ocrx_word' id='word_1_106' title='bbox 382 708 486 735; x_wconf 89' lang='lat' dir='ltr'><strong>litteras</strong></span> <span class='ocrx_word' id='word_1_107' title='bbox 502 715 552 743; x_wconf 92' lang='lat' dir='ltr'><strong>pro</strong></span> <span class='ocrx_word' id='word_1_108' title='bbox 567 707 631 734; x_wconf 87' lang='lat' dir='ltr'><strong>lolai</strong></span> <span class='ocrx_word' id='word_1_109' title='bbox 649 701 770 734; x_wconf 74' lang='lat' dir='ltr'><strong>anticitia</strong></span> <span class='ocrx_word' id='word_1_110' title='bbox 784 707 975 734; x_wconf 84' lang='lat' dir='ltr'><strong>conciliamus.</strong></span> 
     </span>
    </p>
   </div>
   <div class='ocr_carea' id='block_1_18' title="bbox 187 752 977 788">
    <p class='ocr_par' dir='ltr' id='par_1_18' title="bbox 187 752 977 788">
     <span class='ocr_line' id='line_1_18' title="bbox 187 752 977 788; baseline 0 -8"><span class='ocrx_word' id='word_1_111' title='bbox 187 753 304 780; x_wconf 86' lang='lat' dir='ltr'><strong>Tantum</strong></span> <span class='ocrx_word' id='word_1_112' title='bbox 319 760 400 788; x_wconf 89' lang='lat' dir='ltr'><strong>porro</strong></span> <span class='ocrx_word' id='word_1_113' title='bbox 416 753 489 780; x_wconf 86' lang='lat' dir='ltr'><strong>illius</strong></span> <span class='ocrx_word' id='word_1_114' title='bbox 506 752 710 784; x_wconf 76' lang='lat' dir='ltr'><strong>consuetudini,</strong></span> <span class='ocrx_word' id='word_1_115' title='bbox 724 757 857 788; x_wconf 89' lang='lat' dir='ltr'><strong>quantum</strong></span> <span class='ocrx_word' id='word_1_116' title='bbox 874 756 977 780; x_wconf 61' lang='lat' dir='ltr'><strong>nostra</strong></span> 
     </span>
    </p>
   </div>
   <div class='ocr_carea' id='block_1_19' title="bbox 187 796 977 830">
    <p class='ocr_par' dir='ltr' id='par_1_19' title="bbox 187 796 977 830">
     <span class='ocr_line' id='line_1_19' title="bbox 187 796 977 830; baseline 0.001 -5"><span class='ocrx_word' id='word_1_117' title='bbox 187 797 301 825; x_wconf 82' lang='lat' dir='ltr'><strong>tribues.</strong></span> <span class='ocrx_word' id='word_1_118' title='bbox 314 796 393 830; x_wconf 86' lang='lat' dir='ltr'><strong>Quod</strong></span> <span class='ocrx_word' id='word_1_119' title='bbox 409 797 432 824; x_wconf 94' lang='lat' dir='ltr'><strong>si</strong></span> <span class='ocrx_word' id='word_1_120' title='bbox 445 797 628 825; x_wconf 78' lang='lat' dir='ltr'><strong>adolescentis</strong></span> <span class='ocrx_word' id='word_1_121' title='bbox 640 797 826 825; x_wconf 84' lang='lat' dir='ltr'><strong>familiaritate</strong></span> <span class='ocrx_word' id='word_1_122' title='bbox 838 806 905 826; x_wconf 85' lang='lat' dir='ltr'><strong>usus</strong></span> <span class='ocrx_word' id='word_1_123' title='bbox 918 797 977 826; x_wconf 87' lang='lat' dir='ltr'><strong>fue-</strong></span> 
     </span>
    </p>
   </div>
   <div class='ocr_carea' id='block_1_20' title="bbox 1029 203 1535 240">
    <p class='ocr_par' dir='ltr' id='par_1_20' title="bbox 1029 203 1535 240">
     <span class='ocr_line' id='line_1_20' title="bbox 1029 203 1535 240; baseline -0.004 -8"><span class='ocrx_word' id='word_1_124' title='bbox 1029 204 1186 240; x_wconf 80' lang='grc' dir='ltr'><strong>ἁπανταχοῦ</strong></span> <span class='ocrx_word' id='word_1_125' title='bbox 1202 204 1345 236; x_wconf 76' lang='grc' dir='ltr'>διαϐάντος</span> <span class='ocrx_word' id='word_1_126' title='bbox 1361 204 1430 239; x_wconf 77' lang='grc' dir='ltr'>μετὰ</span> <span class='ocrx_word' id='word_1_127' title='bbox 1446 203 1535 239; x_wconf 79' lang='grc' dir='ltr'>δόξης.</span> 
     </span>
    </p>
   </div>
   <div class='ocr_carea' id='block_1_21' title="bbox 1030 293 1824 330">
    <p class='ocr_par' dir='ltr' id='par_1_21' title="bbox 1030 293 1824 330">
     <span class='ocr_line' id='line_1_21' title="bbox 1030 293 1824 330; baseline -0.004 -7"><span class='ocrx_word' id='word_1_128' title='bbox 1030 296 1134 330; x_wconf 75' lang='grc' dir='ltr'>κωφὸς</span> <span class='ocrx_word' id='word_1_129' title='bbox 1148 295 1236 329; x_wconf 73' lang='grc' dir='ltr'>ἀνὴρ,</span> <span class='ocrx_word' id='word_1_130' title='bbox 1253 294 1287 327; x_wconf 79' lang='grc' dir='ltr'>ὃς</span> <span class='ocrx_word' id='word_1_131' title='bbox 1304 294 1446 328; x_wconf 81' lang='grc' dir='ltr'>Ἠρακλεῖ</span> <span class='ocrx_word' id='word_1_132' title='bbox 1456 296 1553 329; x_wconf 83' lang='grc' dir='ltr'><strong>στόμα</strong></span> <span class='ocrx_word' id='word_1_133' title='bbox 1569 293 1612 328; x_wconf 86' lang='grc' dir='ltr'>μὴ</span> <span class='ocrx_word' id='word_1_134' title='bbox 1626 293 1824 328; x_wconf 73' lang='grc' dir='ltr'>παραϐάλλῃ.</span> 
     </span>
    </p>
   </div>
   <div class='ocr_carea' id='block_1_22' title="bbox 1065 339 1826 375">
    <p class='ocr_par' dir='ltr' id='par_1_22' title="bbox 1065 339 1826 375">
     <span class='ocr_line' id='line_1_22' title="bbox 1065 339 1826 375; baseline -0.004 -7"><span class='ocrx_word' id='word_1_135' title='bbox 1065 341 1167 368; x_wconf 79' lang='grc' dir='ltr'><strong>Τούτου</strong></span> <span class='ocrx_word' id='word_1_136' title='bbox 1184 342 1249 372; x_wconf 82' lang='grc' dir='ltr'>παῖς</span> <span class='ocrx_word' id='word_1_137' title='bbox 1259 360 1267 372; x_wconf 84' lang='grc'><strong>,</strong></span> <span class='ocrx_word' id='word_1_138' title='bbox 1284 340 1349 375; x_wconf 80' lang='grc' dir='ltr'>ἐμὸς</span> <span class='ocrx_word' id='word_1_139' title='bbox 1362 340 1482 375; x_wconf 78' lang='grc' dir='ltr'>ἀνεψιὸς,</span> <span class='ocrx_word' id='word_1_140' title='bbox 1496 339 1620 366; x_wconf 74' lang='grc' dir='ltr'><strong>ἐπιδώσει</strong></span> <span class='ocrx_word' id='word_1_141' title='bbox 1643 348 1684 366; x_wconf 83' lang='grc' dir='ltr'><strong>σοι</strong></span> <span class='ocrx_word' id='word_1_142' title='bbox 1698 339 1748 374; x_wconf 79' lang='grc' dir='ltr'>τὴν</span> <span class='ocrx_word' id='word_1_143' title='bbox 1760 340 1826 366; x_wconf 78' lang='grc' dir='ltr'><strong>ἐπι-</strong></span> 
     </span>
    </p>
   </div>
   <div class='ocr_carea' id='block_1_23' title="bbox 1030 385 1824 422">
    <p class='ocr_par' dir='ltr' id='par_1_23' title="bbox 1030 385 1824 422">
     <span class='ocr_line' id='line_1_23' title="bbox 1030 385 1824 422; baseline -0.004 -8"><span class='ocrx_word' id='word_1_144' title='bbox 1030 386 1136 422; x_wconf 81' lang='grc' dir='ltr'>στολὴν,</span> <span class='ocrx_word' id='word_1_145' title='bbox 1153 387 1199 413; x_wconf 78' lang='grc' dir='ltr'>τὸν</span> <span class='ocrx_word' id='word_1_146' title='bbox 1224 386 1350 421; x_wconf 82' lang='grc' dir='ltr'>πατρῷον</span> <span class='ocrx_word' id='word_1_147' title='bbox 1367 385 1448 421; x_wconf 72' lang='grc' dir='ltr'>ζῆλον</span> <span class='ocrx_word' id='word_1_148' title='bbox 1462 385 1640 416; x_wconf 80' lang='grc' dir='ltr'>ὑπεισελθὼν,</span> <span class='ocrx_word' id='word_1_149' title='bbox 1664 385 1695 411; x_wconf 86' lang='grc' dir='ltr'>οὐ</span> <span class='ocrx_word' id='word_1_150' title='bbox 1714 385 1757 412; x_wconf 73' lang='grc' dir='ltr'><strong>διὰ</strong></span> <span class='ocrx_word' id='word_1_151' title='bbox 1770 385 1824 419; x_wconf 77' lang='grc' dir='ltr'>τῆς</span> 
     </span>
    </p>
   </div>
   <div class='ocr_carea' id='block_1_24' title="bbox 1030 428 1822 466">
    <p class='ocr_par' dir='ltr' id='par_1_24' title="bbox 1030 428 1822 466">
     <span class='ocr_line' id='line_1_24' title="bbox 1030 428 1822 466; baseline -0.004 -8"><span class='ocrx_word' id='word_1_152' title='bbox 1030 432 1137 466; x_wconf 82' lang='grc' dir='ltr'><strong>στολῆς,</strong></span> <span class='ocrx_word' id='word_1_153' title='bbox 1152 431 1221 458; x_wconf 72' lang='grc' dir='ltr'>ἀλλὰ</span> <span class='ocrx_word' id='word_1_154' title='bbox 1232 431 1276 457; x_wconf 70' lang='grc' dir='ltr'><strong>διὰ</strong></span> <span class='ocrx_word' id='word_1_155' title='bbox 1290 431 1339 466; x_wconf 87' lang='grc' dir='ltr'><strong>τῆς</strong></span> <span class='ocrx_word' id='word_1_156' title='bbox 1353 431 1476 465; x_wconf 86' lang='grc' dir='ltr'>γνώμης.</span> <span class='ocrx_word' id='word_1_157' title='bbox 1494 430 1636 457; x_wconf 78' lang='grc' dir='ltr'>Στέλλεται</span> <span class='ocrx_word' id='word_1_158' title='bbox 1650 428 1696 456; x_wconf 84' lang='grc' dir='ltr'>οὖν</span> <span class='ocrx_word' id='word_1_159' title='bbox 1710 429 1756 456; x_wconf 74' lang='grc' dir='ltr'><strong>ἐπὶ</strong></span> <span class='ocrx_word' id='word_1_160' title='bbox 1773 437 1822 455; x_wconf 72' lang='grc' dir='ltr'><strong>ἰω-</strong></span> 
     </span>
    </p>
   </div>
   <div class='ocr_carea' id='block_1_25' title="bbox 1030 475 1826 514">
    <p class='ocr_par' dir='ltr' id='par_1_25' title="bbox 1030 475 1826 514">
     <span class='ocr_line' id='line_1_25' title="bbox 1030 475 1826 514; baseline -0.005 -9"><span class='ocrx_word' id='word_1_161' title='bbox 1030 479 1127 514; x_wconf 81' lang='grc' dir='ltr'>νηροὺς</span> <span class='ocrx_word' id='word_1_162' title='bbox 1147 478 1262 514; x_wconf 77' lang='grc' dir='ltr'>ἄνδρας,</span> <span class='ocrx_word' id='word_1_163' title='bbox 1277 478 1322 504; x_wconf 78' lang='grc' dir='ltr'>τὸν</span> <span class='ocrx_word' id='word_1_164' title='bbox 1350 476 1509 512; x_wconf 81' lang='grc' dir='ltr'>Ἡράκλειον</span> <span class='ocrx_word' id='word_1_165' title='bbox 1526 476 1626 512; x_wconf 79' lang='grc' dir='ltr'>τρόπον</span> <span class='ocrx_word' id='word_1_166' title='bbox 1649 475 1826 509; x_wconf 71' lang='grc' dir='ltr'><strong>ἐκκαθαίρων</strong></span> 
     </span>
    </p>
   </div>
   <div class='ocr_carea' id='block_1_26' title="bbox 1029 521 1825 558">
    <p class='ocr_par' dir='ltr' id='par_1_26' title="bbox 1029 521 1825 558">
     <span class='ocr_line' id='line_1_26' title="bbox 1029 521 1825 558; baseline -0.004 -9"><span class='ocrx_word' id='word_1_167' title='bbox 1029 522 1118 549; x_wconf 80' lang='grc' dir='ltr'>αὐτῶν</span> <span class='ocrx_word' id='word_1_168' title='bbox 1133 522 1182 558; x_wconf 87' lang='grc' dir='ltr'><strong>τὴν</strong></span> <span class='ocrx_word' id='word_1_169' title='bbox 1201 523 1325 558; x_wconf 78' lang='grc' dir='ltr'><strong>πατρίδα.</strong></span> <span class='ocrx_word' id='word_1_170' title='bbox 1356 521 1423 549; x_wconf 82' lang='grc' dir='ltr'><strong>Θεοῦ</strong></span> <span class='ocrx_word' id='word_1_171' title='bbox 1443 522 1471 548; x_wconf 80' lang='grc' dir='ltr'><strong>δὲ</strong></span> <span class='ocrx_word' id='word_1_172' title='bbox 1490 521 1543 548; x_wconf 79' lang='grc' dir='ltr'>ἔδει</span> <span class='ocrx_word' id='word_1_173' title='bbox 1556 522 1643 554; x_wconf 85' lang='grc' dir='ltr'>δήπου</span> <span class='ocrx_word' id='word_1_174' title='bbox 1666 521 1712 547; x_wconf 71' lang='grc' dir='ltr'>καὶ</span> <span class='ocrx_word' id='word_1_175' title='bbox 1736 521 1825 556; x_wconf 86' lang='grc' dir='ltr'>Ἦρα-</span> 
     </span>
    </p>
   </div>
   <div class='ocr_carea' id='block_1_27' title="bbox 1029 567 1825 604">
    <p class='ocr_par' dir='ltr' id='par_1_27' title="bbox 1029 567 1825 604">
     <span class='ocr_line' id='line_1_27' title="bbox 1029 567 1825 604; baseline -0.004 -8"><span class='ocrx_word' id='word_1_176' title='bbox 1029 570 1124 601; x_wconf 80' lang='grc' dir='ltr'>κλέους</span> <span class='ocrx_word' id='word_1_177' title='bbox 1135 578 1142 585; x_wconf 75' lang='grc'><em>’</em></span> <span class='ocrx_word' id='word_1_178' title='bbox 1158 569 1188 596; x_wconf 80' lang='grc' dir='ltr'><strong>ού</strong></span> <span class='ocrx_word' id='word_1_179' title='bbox 1209 569 1262 604; x_wconf 77' lang='grc' dir='ltr'>μὴν</span> <span class='ocrx_word' id='word_1_180' title='bbox 1272 568 1340 595; x_wconf 80' lang='grc' dir='ltr'>ἀλλὰ</span> <span class='ocrx_word' id='word_1_181' title='bbox 1354 568 1402 595; x_wconf 72' lang='grc' dir='ltr'>καὶ</span> <span class='ocrx_word' id='word_1_182' title='bbox 1414 568 1501 595; x_wconf 82' lang='grc' dir='ltr'>Ἰόλεω</span> <span class='ocrx_word' id='word_1_183' title='bbox 1521 569 1665 603; x_wconf 72' lang='grc' dir='ltr'><strong>συμμάχου</strong></span> <span class='ocrx_word' id='word_1_184' title='bbox 1676 567 1721 594; x_wconf 65' lang='grc' dir='ltr'><strong>καὶ</strong></span> <span class='ocrx_word' id='word_1_185' title='bbox 1735 575 1825 602; x_wconf 81' lang='grc' dir='ltr'>παρα-</span> 
     </span>
    </p>
   </div>
   <div class='ocr_carea' id='block_1_28' title="bbox 1030 614 1823 650">
    <p class='ocr_par' dir='ltr' id='par_1_28' title="bbox 1030 614 1823 650">
     <span class='ocr_line' id='line_1_28' title="bbox 1030 614 1823 650; baseline -0.004 -8"><span class='ocrx_word' id='word_1_186' title='bbox 1030 616 1140 642; x_wconf 81' lang='grc' dir='ltr'>στάτου.</span> <span class='ocrx_word' id='word_1_187' title='bbox 1164 615 1268 643; x_wconf 71' lang='grc' dir='ltr'>οὐκοῦν</span> <span class='ocrx_word' id='word_1_188' title='bbox 1285 615 1330 642; x_wconf 79' lang='grc' dir='ltr'><strong>τὸν</strong></span> <span class='ocrx_word' id='word_1_189' title='bbox 1359 616 1408 650; x_wconf 81' lang='grc' dir='ltr'>μὲν</span> <span class='ocrx_word' id='word_1_190' title='bbox 1428 615 1494 641; x_wconf 77' lang='grc' dir='ltr'>Θεὸν</span> <span class='ocrx_word' id='word_1_191' title='bbox 1509 614 1598 649; x_wconf 78' lang='grc' dir='ltr'>ἑαυτῷ</span> <span class='ocrx_word' id='word_1_192' title='bbox 1619 616 1753 649; x_wconf 76' lang='grc' dir='ltr'><strong>ποριεῖται</strong></span> <span class='ocrx_word' id='word_1_193' title='bbox 1775 614 1823 640; x_wconf 73' lang='grc' dir='ltr'>τὸν</span> 
     </span>
    </p>
   </div>
   <div class='ocr_carea' id='block_1_29' title="bbox 1029 659 1823 696">
    <p class='ocr_par' dir='ltr' id='par_1_29' title="bbox 1029 659 1823 696">
     <span class='ocr_line' id='line_1_29' title="bbox 1029 659 1823 696; baseline -0.004 -9"><span class='ocrx_word' id='word_1_194' title='bbox 1029 661 1122 687; x_wconf 83' lang='grc' dir='ltr'>ὲνόντα</span> <span class='ocrx_word' id='word_1_195' title='bbox 1141 661 1258 696; x_wconf 82' lang='grc' dir='ltr'><strong>τρόπον,</strong></span> <span class='ocrx_word' id='word_1_196' title='bbox 1279 660 1327 687; x_wconf 74' lang='grc' dir='ltr'>καὶ</span> <span class='ocrx_word' id='word_1_197' title='bbox 1351 660 1510 694; x_wconf 79' lang='grc' dir='ltr'>προσκλινεῖ</span> <span class='ocrx_word' id='word_1_198' title='bbox 1532 659 1590 694; x_wconf 80' lang='grc' dir='ltr'>βίου</span> <span class='ocrx_word' id='word_1_199' title='bbox 1614 667 1644 685; x_wconf 83' lang='grc' dir='ltr'><strong>τε</strong></span> <span class='ocrx_word' id='word_1_200' title='bbox 1667 659 1750 694; x_wconf 79' lang='grc' dir='ltr'>ἀρετῇ</span> <span class='ocrx_word' id='word_1_201' title='bbox 1773 659 1823 685; x_wconf 81' lang='grc' dir='ltr'>καὶ</span> 
     </span>
    </p>
   </div>
   <div class='ocr_carea' id='block_1_30' title="bbox 1029 705 1824 742">
    <p class='ocr_par' dir='ltr' id='par_1_30' title="bbox 1029 705 1824 742">
     <span class='ocr_line' id='line_1_30' title="bbox 1029 705 1824 742; baseline -0.001 -9"><span class='ocrx_word' id='word_1_202' title='bbox 1029 706 1142 742; x_wconf 84' lang='grc' dir='ltr'><strong>γνώμης</strong></span> <span class='ocrx_word' id='word_1_203' title='bbox 1155 705 1281 741; x_wconf 74' lang='grc' dir='ltr'>εὐσεϐείᾳ</span> <span class='ocrx_word' id='word_1_204' title='bbox 1292 714 1299 721; x_wconf 90' lang='grc'>·</span> <span class='ocrx_word' id='word_1_205' title='bbox 1317 706 1365 741; x_wconf 83' lang='grc' dir='ltr'>τὴν</span> <span class='ocrx_word' id='word_1_206' title='bbox 1380 705 1409 732; x_wconf 81' lang='grc' dir='ltr'><strong>δὲ</strong></span> <span class='ocrx_word' id='word_1_207' title='bbox 1425 705 1473 740; x_wconf 83' lang='grc' dir='ltr'><strong>σὴν</strong></span> <span class='ocrx_word' id='word_1_208' title='bbox 1491 705 1592 740; x_wconf 80' lang='grc' dir='ltr'><strong>φιλίαν,</strong></span> <span class='ocrx_word' id='word_1_209' title='bbox 1602 705 1663 732; x_wconf 76' lang='grc' dir='ltr'>ἀντὶ</span> <span class='ocrx_word' id='word_1_210' title='bbox 1676 705 1824 740; x_wconf 77' lang='grc' dir='ltr'>τῆςΊὸλεω</span> 
     </span>
    </p>
   </div>
   <div class='ocr_carea' id='block_1_31' title="bbox 1030 751 1821 788">
    <p class='ocr_par' dir='ltr' id='par_1_31' title="bbox 1030 751 1821 788">
     <span class='ocr_line' id='line_1_31' title="bbox 1030 751 1821 788; baseline -0.001 -10"><span class='ocrx_word' id='word_1_211' title='bbox 1030 751 1218 788; x_wconf 81' lang='grc' dir='ltr'>μνηστεύομεν</span> <span class='ocrx_word' id='word_1_212' title='bbox 1233 753 1314 787; x_wconf 79' lang='grc' dir='ltr'>ἡμεῖς</span> <span class='ocrx_word' id='word_1_213' title='bbox 1330 751 1403 787; x_wconf 83' lang='grc' dir='ltr'><strong>αὑτῷ</strong></span> <span class='ocrx_word' id='word_1_214' title='bbox 1419 751 1462 778; x_wconf 81' lang='grc' dir='ltr'><strong>διὰ</strong></span> <span class='ocrx_word' id='word_1_215' title='bbox 1476 751 1526 786; x_wconf 80' lang='grc' dir='ltr'>τῆς</span> <span class='ocrx_word' id='word_1_216' title='bbox 1544 751 1698 783; x_wconf 77' lang='grc' dir='ltr'>ἐπιστολῆς.</span> <span class='ocrx_word' id='word_1_217' title='bbox 1715 752 1821 787; x_wconf 74' lang='grc' dir='ltr'>Συνέσῃ</span> 
     </span>
    </p>
   </div>
   <div class='ocr_carea' id='block_1_32' title="bbox 1027 797 1821 834">
    <p class='ocr_par' dir='ltr' id='par_1_32' title="bbox 1027 797 1821 834">
     <span class='ocr_line' id='line_1_32' title="bbox 1027 797 1821 834; baseline 0 -10"><span class='ocrx_word' id='word_1_218' title='bbox 1027 798 1056 824; x_wconf 78' lang='grc' dir='ltr'><strong>δὲ</strong></span> <span class='ocrx_word' id='word_1_219' title='bbox 1068 798 1188 826; x_wconf 86' lang='grc' dir='ltr'>τοσαῦτα</span> <span class='ocrx_word' id='word_1_220' title='bbox 1200 798 1285 834; x_wconf 83' lang='grc' dir='ltr'>αὐτῷ,</span> <span class='ocrx_word' id='word_1_221' title='bbox 1300 798 1351 825; x_wconf 77' lang='grc' dir='ltr'>ὅσα</span> <span class='ocrx_word' id='word_1_222' title='bbox 1370 799 1445 833; x_wconf 85' lang='grc' dir='ltr'>ἡμῖν.</span> <span class='ocrx_word' id='word_1_223' title='bbox 1460 798 1520 824; x_wconf 79' lang='grc' dir='ltr'>Κᾶν</span> <span class='ocrx_word' id='word_1_224' title='bbox 1536 798 1626 834; x_wconf 78' lang='grc' dir='ltr'>χρήσῃ</span> <span class='ocrx_word' id='word_1_225' title='bbox 1638 799 1671 833; x_wconf 82' lang='grc' dir='ltr'><strong>τῇ</strong></span> <span class='ocrx_word' id='word_1_226' title='bbox 1686 798 1760 833; x_wconf 71' lang='grc' dir='ltr'>φιλίᾳ</span> <span class='ocrx_word' id='word_1_227' title='bbox 1772 797 1821 824; x_wconf 86' lang='grc' dir='ltr'><strong>τοῦ</strong></span> 
     </span>
    </p>
   </div>
   <div class='ocr_carea' id='block_1_33' title="bbox 187 842 973 880">
    <p class='ocr_par' dir='ltr' id='par_1_33' title="bbox 187 842 973 874">
     <span class='ocr_line' id='line_1_33' title="bbox 187 842 973 874; baseline 0 -4"><span class='ocrx_word' id='word_1_228' title='bbox 187 842 237 874; x_wconf 88' lang='lat' dir='ltr'><strong>ris,</strong></span> <span class='ocrx_word' id='word_1_229' title='bbox 252 842 364 870; x_wconf 87' lang='lat' dir='ltr'><strong>omnino</strong></span> <span class='ocrx_word' id='word_1_230' title='bbox 375 851 418 870; x_wconf 91' lang='lat' dir='ltr'><strong>me</strong></span> <span class='ocrx_word' id='word_1_231' title='bbox 428 849 481 869; x_wconf 91' lang='lat' dir='ltr'><strong>non</strong></span> <span class='ocrx_word' id='word_1_232' title='bbox 498 842 600 869; x_wconf 88' lang='lat' dir='ltr'><strong>malum</strong></span> <span class='ocrx_word' id='word_1_233' title='bbox 615 843 784 871; x_wconf 85' lang='lat' dir='ltr'><strong>laudatorem</strong></span> <span class='ocrx_word' id='word_1_234' title='bbox 795 842 882 871; x_wconf 89' lang='lat' dir='ltr'><strong>fuisse</strong></span> <span class='ocrx_word' id='word_1_235' title='bbox 891 842 973 871; x_wconf 64' lang='lat' dir='ltr'><strong>dices.</strong></span> 
     </span>
    </p>
   </div>
   <div class='ocr_carea' id='block_1_34' title="bbox 1028 842 1783 880">
    <p class='ocr_par' dir='ltr' id='par_1_34' title="bbox 1030 843 1783 880">
     <span class='ocr_line' id='line_1_34' title="bbox 1030 843 1783 880; baseline -0.001 -9"><span class='ocrx_word' id='word_1_236' title='bbox 1030 844 1183 878; x_wconf 77' lang='grc' dir='ltr'><strong>νεανίσκου,</strong></span> <span class='ocrx_word' id='word_1_237' title='bbox 1199 844 1308 876; x_wconf 82' lang='grc' dir='ltr'>πάντως</span> <span class='ocrx_word' id='word_1_238' title='bbox 1323 845 1395 880; x_wconf 73' lang='grc' dir='ltr'>ἐρεῖς</span> <span class='ocrx_word' id='word_1_239' title='bbox 1409 844 1438 870; x_wconf 94' lang='grc' dir='ltr'>οὺ</span> <span class='ocrx_word' id='word_1_240' title='bbox 1453 843 1553 878; x_wconf 85' lang='grc' dir='ltr'>φαῦλον</span> <span class='ocrx_word' id='word_1_241' title='bbox 1567 843 1711 879; x_wconf 74' lang='grc' dir='ltr'>ἐπαινέτην</span> <span class='ocrx_word' id='word_1_242' title='bbox 1721 843 1783 879; x_wconf 76' lang='grc' dir='ltr'><strong>ἐμέ.</strong></span> 
     </span>
    </p>
   </div>
   <div class='ocr_carea' id='block_1_35' title="bbox 457 896 701 926">
    <p class='ocr_par' dir='ltr' id='par_1_35' title="bbox 457 896 701 926">
     <span class='ocr_line' id='line_1_35' title="bbox 457 896 701 926; baseline 0.004 -2"><span class='ocrx_word' id='word_1_243' title='bbox 457 896 627 925; x_wconf 79' lang='lat' dir='ltr'><strong>EPISTOLA</strong></span> <span class='ocrx_word' id='word_1_244' title='bbox 647 897 701 926; x_wconf 87' lang='lat' dir='ltr'><strong>CL.</strong></span> 
     </span>
    </p>
   </div>
   <div class='ocr_carea' id='block_1_36' title="bbox 528 943 632 970">
    <p class='ocr_par' dir='ltr' id='par_1_36' title="bbox 528 943 632 970">
     <span class='ocr_line' id='line_1_36' title="bbox 528 943 632 970; baseline 0.01 -1"><span class='ocrx_word' id='word_1_245' title='bbox 528 943 632 970; x_wconf 82' lang='lat' dir='ltr'><strong>Eidem.</strong></span> 
     </span>
    </p>
   </div>
   <div class='ocr_carea' id='block_1_37' title="bbox 220 989 974 1024">
    <p class='ocr_par' dir='ltr' id='par_1_37' title="bbox 220 989 974 1024">
     <span class='ocr_line' id='line_1_37' title="bbox 220 989 974 1024; baseline 0 -8"><span class='ocrx_word' id='word_1_246' title='bbox 220 989 291 1016; x_wconf 77' lang='lat' dir='ltr'><strong>Num</strong></span> <span class='ocrx_word' id='word_1_247' title='bbox 307 993 335 1016; x_wconf 94' lang='lat' dir='ltr'><strong>tu</strong></span> <span class='ocrx_word' id='word_1_248' title='bbox 361 990 427 1016; x_wconf 91' lang='lat' dir='ltr'><strong>mihi</strong></span> <span class='ocrx_word' id='word_1_249' title='bbox 451 989 634 1024; x_wconf 85' lang='lat' dir='ltr'><strong>philosophus</strong></span> <span class='ocrx_word' id='word_1_250' title='bbox 663 989 876 1024; x_wconf 86' lang='lat' dir='ltr'><strong>perseverabis?</strong></span> <span class='ocrx_word' id='word_1_251' title='bbox 902 989 974 1016; x_wconf 83' lang='lat' dir='ltr'><strong>Num</strong></span> 
     </span>
    </p>
   </div>
   <div class='ocr_carea' id='block_1_38' title="bbox 186 1033 975 1069">
    <p class='ocr_par' dir='ltr' id='par_1_38' title="bbox 186 1033 975 1069">
     <span class='ocr_line' id='line_1_38' title="bbox 186 1033 975 1069; baseline 0.001 -8"><span class='ocrx_word' id='word_1_252' title='bbox 186 1034 233 1062; x_wconf 89' lang='lat' dir='ltr'><strong>ille</strong></span> <span class='ocrx_word' id='word_1_253' title='bbox 244 1054 251 1066; x_wconf 90' lang='lat'><strong>,</strong></span> <span class='ocrx_word' id='word_1_254' title='bbox 272 1041 354 1069; x_wconf 85' lang='lat' dir='ltr'><strong>quem</strong></span> <span class='ocrx_word' id='word_1_255' title='bbox 374 1034 491 1068; x_wconf 85' lang='lat' dir='ltr'><strong>reliqui,</strong></span> <span class='ocrx_word' id='word_1_256' title='bbox 517 1033 685 1069; x_wconf 58' lang='lat' dir='ltr'><strong>Pylaemenes</strong></span> <span class='ocrx_word' id='word_1_257' title='bbox 697 1053 705 1066; x_wconf 90' lang='lat'><strong>,</strong></span> <span class='ocrx_word' id='word_1_258' title='bbox 722 1041 819 1061; x_wconf 80' lang='lat' dir='ltr'><strong>recens</strong></span> <span class='ocrx_word' id='word_1_259' title='bbox 832 1034 975 1063; x_wconf 84' lang='lat' dir='ltr'><strong>absolutus</strong></span> 
     </span>
    </p>
   </div>
   <div class='ocr_carea' id='block_1_39' title="bbox 185 1078 973 1114">
    <p class='ocr_par' dir='ltr' id='par_1_39' title="bbox 185 1078 973 1114">
     <span class='ocr_line' id='line_1_39' title="bbox 185 1078 973 1114; baseline 0.001 -8"><span class='ocrx_word' id='word_1_260' title='bbox 185 1079 304 1111; x_wconf 81' lang='lat' dir='ltr'><strong>animus,</strong></span> <span class='ocrx_word' id='word_1_261' title='bbox 320 1078 501 1113; x_wconf 82' lang='lat' dir='ltr'><strong>divinumque</strong></span> <span class='ocrx_word' id='word_1_262' title='bbox 515 1079 629 1106; x_wconf 78' lang='lat' dir='ltr'><strong>semen?</strong></span> <span class='ocrx_word' id='word_1_263' title='bbox 643 1078 764 1114; x_wconf 87' lang='lat' dir='ltr'><strong>Tempus</strong></span> <span class='ocrx_word' id='word_1_264' title='bbox 779 1079 847 1107; x_wconf 90' lang='lat' dir='ltr'><strong>illud</strong></span> <span class='ocrx_word' id='word_1_265' title='bbox 864 1087 973 1114; x_wconf 88' lang='lat' dir='ltr'><strong>vereor,</strong></span> 
     </span>
    </p>
   </div>
   <div class='ocr_carea' id='block_1_40' title="bbox 185 1124 974 1160">
    <p class='ocr_par' dir='ltr' id='par_1_40' title="bbox 185 1124 974 1160">
     <span class='ocr_line' id='line_1_40' title="bbox 185 1124 974 1160; baseline 0.004 -10"><span class='ocrx_word' id='word_1_266' title='bbox 185 1124 258 1159; x_wconf 86' lang='lat' dir='ltr'><strong>quod</strong></span> <span class='ocrx_word' id='word_1_267' title='bbox 276 1124 384 1151; x_wconf 84' lang='lat' dir='ltr'><strong>abortu</strong></span> <span class='ocrx_word' id='word_1_268' title='bbox 402 1124 559 1151; x_wconf 84' lang='lat' dir='ltr'><strong>intercessit</strong></span> <span class='ocrx_word' id='word_1_269' title='bbox 575 1133 582 1156; x_wconf 90' lang='lat'><strong>;</strong></span> <span class='ocrx_word' id='word_1_270' title='bbox 598 1124 740 1159; x_wconf 90' lang='lat' dir='ltr'><strong>multoque</strong></span> <span class='ocrx_word' id='word_1_271' title='bbox 756 1125 843 1160; x_wconf 72' lang='lat' dir='ltr'><strong>magis</strong></span> <span class='ocrx_word' id='word_1_272' title='bbox 857 1132 974 1153; x_wconf 88' lang='lat' dir='ltr'><strong>consue-</strong></span> 
     </span>
    </p>
   </div>
   <div class='ocr_carea' id='block_1_41' title="bbox 185 1169 974 1204">
    <p class='ocr_par' dir='ltr' id='par_1_41' title="bbox 185 1169 974 1204">
     <span class='ocr_line' id='line_1_41' title="bbox 185 1169 974 1204; baseline 0.003 -8"><span class='ocrx_word' id='word_1_273' title='bbox 185 1169 307 1197; x_wconf 83' lang='lat' dir='ltr'><strong>tudinem</strong></span> <span class='ocrx_word' id='word_1_274' title='bbox 330 1169 383 1196; x_wconf 87' lang='lat' dir='ltr'><strong>fori</strong></span> <span class='ocrx_word' id='word_1_275' title='bbox 405 1176 519 1199; x_wconf 87' lang='lat' dir='ltr'><strong>vereor.</strong></span> <span class='ocrx_word' id='word_1_276' title='bbox 534 1177 568 1196; x_wconf 87' lang='lat' dir='ltr'><strong>ne</strong></span> <span class='ocrx_word' id='word_1_277' title='bbox 582 1169 777 1204; x_wconf 86' lang='lat' dir='ltr'><strong>multiplicium</strong></span> <span class='ocrx_word' id='word_1_278' title='bbox 794 1177 908 1197; x_wconf 82' lang='lat' dir='ltr'><strong>casuum</strong></span> <span class='ocrx_word' id='word_1_279' title='bbox 920 1189 928 1203; x_wconf 90' lang='lat'><strong>,</strong></span> <span class='ocrx_word' id='word_1_280' title='bbox 943 1177 974 1198; x_wconf 89' lang='lat' dir='ltr'><strong>ac</strong></span> 
     </span>
    </p>
   </div>
   <div class='ocr_carea' id='block_1_42' title="bbox 185 1214 975 1250">
    <p class='ocr_par' dir='ltr' id='par_1_42' title="bbox 185 1214 975 1250">
     <span class='ocr_line' id='line_1_42' title="bbox 185 1214 975 1250; baseline 0.004 -10"><span class='ocrx_word' id='word_1_281' title='bbox 185 1214 360 1250; x_wconf 80' lang='lat' dir='ltr'><strong>negotiorum</strong></span> <span class='ocrx_word' id='word_1_282' title='bbox 389 1214 518 1241; x_wconf 86' lang='lat' dir='ltr'><strong>tractatio</strong></span> <span class='ocrx_word' id='word_1_283' title='bbox 544 1215 750 1242; x_wconf 86' lang='lat' dir='ltr'><strong>sanctissimum</strong></span> <span class='ocrx_word' id='word_1_284' title='bbox 773 1215 904 1250; x_wconf 83' lang='lat' dir='ltr'><strong>templum</strong></span> <span class='ocrx_word' id='word_1_285' title='bbox 933 1217 975 1244; x_wconf 91' lang='lat' dir='ltr'><strong>in-</strong></span> 
     </span>
    </p>
   </div>
   <div class='ocr_carea' id='block_1_43' title="bbox 185 1260 975 1296">
    <p class='ocr_par' dir='ltr' id='par_1_43' title="bbox 185 1260 975 1296">
     <span class='ocr_line' id='line_1_43' title="bbox 185 1260 975 1296; baseline 0.003 -9"><span class='ocrx_word' id='word_1_286' title='bbox 185 1260 300 1295; x_wconf 84' lang='lat' dir='ltr'><strong>quinet;</strong></span> <span class='ocrx_word' id='word_1_287' title='bbox 317 1266 424 1287; x_wconf 78' lang='lat' dir='ltr'><strong>sacram</strong></span> <span class='ocrx_word' id='word_1_288' title='bbox 441 1263 560 1287; x_wconf 87' lang='lat' dir='ltr'><strong>mentem</strong></span> <span class='ocrx_word' id='word_1_289' title='bbox 581 1263 656 1287; x_wconf 87' lang='lat' dir='ltr'><strong>tuam</strong></span> <span class='ocrx_word' id='word_1_290' title='bbox 678 1260 813 1296; x_wconf 73' lang='lat' dir='ltr'><strong>intelligo,</strong></span> <span class='ocrx_word' id='word_1_291' title='bbox 826 1268 908 1296; x_wconf 84' lang='lat' dir='ltr'><strong>quam</strong></span> <span class='ocrx_word' id='word_1_292' title='bbox 924 1268 975 1296; x_wconf 73' lang='lat' dir='ltr'><strong>ego</strong></span> 
     </span>
    </p>
   </div>
   <div class='ocr_carea' id='block_1_44' title="bbox 185 1303 975 1340">
    <p class='ocr_par' dir='ltr' id='par_1_44' title="bbox 185 1303 975 1340">
     <span class='ocr_line' id='line_1_44' title="bbox 185 1303 975 1340; baseline 0.006 -11"><span class='ocrx_word' id='word_1_293' title='bbox 185 1303 212 1330; x_wconf 93' lang='lat' dir='ltr'><strong>in</strong></span> <span class='ocrx_word' id='word_1_294' title='bbox 238 1303 334 1338; x_wconf 87' lang='lat' dir='ltr'><strong>paucis</strong></span> <span class='ocrx_word' id='word_1_295' title='bbox 359 1303 551 1338; x_wconf 76' lang='lat' dir='ltr'><strong>dignissimum</strong></span> <span class='ocrx_word' id='word_1_296' title='bbox 577 1304 625 1333; x_wconf 87' lang='lat' dir='ltr'><strong>Dei</strong></span> <span class='ocrx_word' id='word_1_297' title='bbox 660 1306 888 1340; x_wconf 81' lang='lat' dir='ltr'><strong>conceptaculum</strong></span> <span class='ocrx_word' id='word_1_298' title='bbox 913 1314 975 1334; x_wconf 84' lang='lat' dir='ltr'><strong>esse</strong></span> 
     </span>
    </p>
   </div>
   <div class='ocr_carea' id='block_1_45' title="bbox 185 1350 972 1386">
    <p class='ocr_par' dir='ltr' id='par_1_45' title="bbox 185 1350 972 1386">
     <span class='ocr_line' id='line_1_45' title="bbox 185 1350 972 1386; baseline 0.004 -8"><span class='ocrx_word' id='word_1_299' title='bbox 185 1351 313 1379; x_wconf 86' lang='lat' dir='ltr'><strong>arbitror.</strong></span> <span class='ocrx_word' id='word_1_300' title='bbox 330 1350 439 1378; x_wconf 78' lang='lat' dir='ltr'><strong>Memini</strong></span> <span class='ocrx_word' id='word_1_301' title='bbox 451 1359 495 1379; x_wconf 91' lang='lat' dir='ltr'><strong>me</strong></span> <span class='ocrx_word' id='word_1_302' title='bbox 507 1352 618 1386; x_wconf 88' lang='lat' dir='ltr'><strong>quidem</strong></span> <span class='ocrx_word' id='word_1_303' title='bbox 632 1352 697 1380; x_wconf 89' lang='lat' dir='ltr'><strong>olim</strong></span> <span class='ocrx_word' id='word_1_304' title='bbox 709 1353 738 1380; x_wconf 90' lang='lat' dir='ltr'><strong>in</strong></span> <span class='ocrx_word' id='word_1_305' title='bbox 748 1354 820 1381; x_wconf 80' lang='lat' dir='ltr'><strong>votis</strong></span> <span class='ocrx_word' id='word_1_306' title='bbox 831 1353 972 1385; x_wconf 79' lang='lat' dir='ltr'><strong>habuisse,</strong></span> 
     </span>
    </p>
   </div>
   <div class='ocr_carea' id='block_1_46' title="bbox 185 1396 974 1434">
    <p class='ocr_par' dir='ltr' id='par_1_46' title="bbox 185 1396 974 1434">
     <span class='ocr_line' id='line_1_46' title="bbox 185 1396 974 1434; baseline 0.004 -12"><span class='ocrx_word' id='word_1_307' title='bbox 185 1403 239 1422; x_wconf 87' lang='lat' dir='ltr'><strong>una</strong></span> <span class='ocrx_word' id='word_1_308' title='bbox 255 1400 345 1424; x_wconf 87' lang='lat' dir='ltr'><strong>tecum</strong></span> <span class='ocrx_word' id='word_1_309' title='bbox 359 1396 540 1431; x_wconf 70' lang='lat' dir='ltr'><strong>philosophiae</strong></span> <span class='ocrx_word' id='word_1_310' title='bbox 560 1404 639 1424; x_wconf 86' lang='lat' dir='ltr'><strong>sacra</strong></span> <span class='ocrx_word' id='word_1_311' title='bbox 655 1397 804 1425; x_wconf 88' lang='lat' dir='ltr'><strong>celebrare.</strong></span> <span class='ocrx_word' id='word_1_312' title='bbox 831 1397 884 1425; x_wconf 90' lang='lat' dir='ltr'><strong>Sed</strong></span> <span class='ocrx_word' id='word_1_313' title='bbox 905 1406 974 1434; x_wconf 85' lang='lat' dir='ltr'><strong>quo-</strong></span> 
     </span>
    </p>
   </div>
   <div class='ocr_carea' id='block_1_47' title="bbox 185 1441 974 1478">
    <p class='ocr_par' dir='ltr' id='par_1_47' title="bbox 185 1441 974 1478">
     <span class='ocr_line' id='line_1_47' title="bbox 185 1441 974 1478; baseline 0.004 -11"><span class='ocrx_word' id='word_1_314' title='bbox 185 1441 259 1468; x_wconf 90' lang='lat' dir='ltr'><strong>niam</strong></span> <span class='ocrx_word' id='word_1_315' title='bbox 276 1441 337 1475; x_wconf 81' lang='lat' dir='ltr'><strong>plus</strong></span> <span class='ocrx_word' id='word_1_316' title='bbox 348 1441 420 1475; x_wconf 92' lang='lat' dir='ltr'><strong>apud</strong></span> <span class='ocrx_word' id='word_1_317' title='bbox 435 1445 462 1468; x_wconf 88' lang='lat' dir='ltr'><strong>te</strong></span> <span class='ocrx_word' id='word_1_318' title='bbox 476 1442 571 1475; x_wconf 63' lang='lat' dir='ltr'><strong>patriae</strong></span> <span class='ocrx_word' id='word_1_319' title='bbox 580 1441 702 1469; x_wconf 87' lang='lat' dir='ltr'><strong>charitas</strong></span> <span class='ocrx_word' id='word_1_320' title='bbox 718 1443 824 1477; x_wconf 84' lang='lat' dir='ltr'><strong>potuit,</strong></span> <span class='ocrx_word' id='word_1_321' title='bbox 845 1442 897 1470; x_wconf 88' lang='lat' dir='ltr'><strong>hoc</strong></span> <span class='ocrx_word' id='word_1_322' title='bbox 912 1451 974 1478; x_wconf 60' lang='lat' dir='ltr'><strong>pre.</strong></span> 
     </span>
    </p>
   </div>
   <div class='ocr_carea' id='block_1_48' title="bbox 190 1487 972 1522">
    <p class='ocr_par' dir='ltr' id='par_1_48' title="bbox 190 1487 972 1522">
     <span class='ocr_line' id='line_1_48' title="bbox 190 1487 972 1522; baseline 0.004 -9"><span class='ocrx_word' id='word_1_323' title='bbox 190 1489 271 1513; x_wconf 82' lang='lat' dir='ltr'><strong>catus</strong></span> <span class='ocrx_word' id='word_1_324' title='bbox 287 1493 359 1518; x_wconf 85' lang='lat' dir='ltr'><strong>sunt,</strong></span> <span class='ocrx_word' id='word_1_325' title='bbox 378 1490 408 1513; x_wconf 91' lang='lat' dir='ltr'><strong>ut</strong></span> <span class='ocrx_word' id='word_1_326' title='bbox 432 1493 596 1521; x_wconf 87' lang='lat' dir='ltr'><strong>quacunque</strong></span> <span class='ocrx_word' id='word_1_327' title='bbox 612 1490 692 1514; x_wconf 74' lang='lat' dir='ltr'><strong>terrae</strong></span> <span class='ocrx_word' id='word_1_328' title='bbox 714 1487 741 1513; x_wconf 94' lang='lat' dir='ltr'><strong>in</strong></span> <span class='ocrx_word' id='word_1_329' title='bbox 758 1492 835 1522; x_wconf 78' lang='lat' dir='ltr'><strong>parte</strong></span> <span class='ocrx_word' id='word_1_330' title='bbox 849 1487 972 1522; x_wconf 62' lang='lat' dir='ltr'><strong>deseres,</strong></span> 
     </span>
    </p>
   </div>
   <div class='ocr_carea' id='block_1_49' title="bbox 185 1532 972 1568">
    <p class='ocr_par' dir='ltr' id='par_1_49' title="bbox 185 1532 972 1568">
     <span class='ocr_line' id='line_1_49' title="bbox 185 1532 972 1568; baseline 0.004 -9"><span class='ocrx_word' id='word_1_331' title='bbox 185 1539 235 1568; x_wconf 92' lang='lat' dir='ltr'><strong>pro</strong></span> <span class='ocrx_word' id='word_1_332' title='bbox 248 1532 320 1563; x_wconf 88' lang='lat' dir='ltr'><strong>virili</strong></span> <span class='ocrx_word' id='word_1_333' title='bbox 337 1533 364 1559; x_wconf 91' lang='lat' dir='ltr'><strong>in</strong></span> <span class='ocrx_word' id='word_1_334' title='bbox 378 1533 579 1568; x_wconf 87' lang='lat' dir='ltr'><strong>philosophiam</strong></span> <span class='ocrx_word' id='word_1_335' title='bbox 592 1533 777 1562; x_wconf 83' lang='lat' dir='ltr'><strong>incumberes.</strong></span> <span class='ocrx_word' id='word_1_336' title='bbox 790 1534 972 1568; x_wconf 82' lang='lat' dir='ltr'><strong>Quamobrem</strong></span> 
     </span>
    </p>
   </div>
   <div class='ocr_carea' id='block_1_50' title="bbox 184 1580 974 1617">
    <p class='ocr_par' dir='ltr' id='par_1_50' title="bbox 184 1580 974 1617">
     <span class='ocr_line' id='line_1_50' title="bbox 184 1580 974 1617; baseline 0.005 -11"><span class='ocrx_word' id='word_1_337' title='bbox 184 1586 293 1607; x_wconf 78' lang='lat' dir='ltr'><strong>sacrum</strong></span> <span class='ocrx_word' id='word_1_338' title='bbox 313 1584 390 1606; x_wconf 91' lang='lat' dir='ltr'><strong>tuutn</strong></span> <span class='ocrx_word' id='word_1_339' title='bbox 415 1583 499 1614; x_wconf 85' lang='lat' dir='ltr'><strong>caput</strong></span> <span class='ocrx_word' id='word_1_340' title='bbox 524 1580 631 1612; x_wconf 87' lang='lat' dir='ltr'><strong>saluto,</strong></span> <span class='ocrx_word' id='word_1_341' title='bbox 653 1580 808 1615; x_wconf 91' lang='lat' dir='ltr'><strong>iterumque</strong></span> <span class='ocrx_word' id='word_1_342' title='bbox 827 1589 858 1608; x_wconf 91' lang='lat' dir='ltr'><strong>ac</strong></span> <span class='ocrx_word' id='word_1_343' title='bbox 873 1582 974 1617; x_wconf 59' lang='lat' dir='ltr'><strong>sacpius</strong></span> 
     </span>
    </p>
   </div>
   <div class='ocr_carea' id='block_1_51' title="bbox 186 1623 972 1662">
    <p class='ocr_par' dir='ltr' id='par_1_51' title="bbox 186 1623 972 1662">
     <span class='ocr_line' id='line_1_51' title="bbox 186 1623 972 1662; baseline 0.006 -13"><span class='ocrx_word' id='word_1_344' title='bbox 186 1623 304 1650; x_wconf 74' lang='lat' dir='ltr'><strong>amicum</strong></span> <span class='ocrx_word' id='word_1_345' title='bbox 329 1627 409 1658; x_wconf 87' lang='lat' dir='ltr'><strong>caput</strong></span> <span class='ocrx_word' id='word_1_346' title='bbox 427 1624 518 1651; x_wconf 87' lang='lat' dir='ltr'><strong>saluto</strong></span> <span class='ocrx_word' id='word_1_347' title='bbox 530 1644 537 1656; x_wconf 92' lang='lat'><strong>,</strong></span> <span class='ocrx_word' id='word_1_348' title='bbox 563 1625 621 1652; x_wconf 84' lang='lat' dir='ltr'><strong>sive</strong></span> <span class='ocrx_word' id='word_1_349' title='bbox 638 1629 732 1653; x_wconf 86' lang='lat' dir='ltr'><strong>tacens</strong></span> <span class='ocrx_word' id='word_1_350' title='bbox 745 1646 752 1658; x_wconf 90' lang='lat'><strong>,</strong></span> <span class='ocrx_word' id='word_1_351' title='bbox 770 1626 831 1654; x_wconf 85' lang='lat' dir='ltr'><strong>sive</strong></span> <span class='ocrx_word' id='word_1_352' title='bbox 844 1626 972 1662; x_wconf 89' lang='lat' dir='ltr'><strong>loquens,</strong></span> 
     </span>
    </p>
   </div>
   <div class='ocr_carea' id='block_1_52' title="bbox 186 1667 708 1701">
    <p class='ocr_par' dir='ltr' id='par_1_52' title="bbox 186 1667 708 1701">
     <span class='ocr_line' id='line_1_52' title="bbox 186 1667 708 1701; baseline 0.006 -7"><span class='ocrx_word' id='word_1_353' title='bbox 186 1667 244 1695; x_wconf 79' lang='lat' dir='ltr'><strong>sive</strong></span> <span class='ocrx_word' id='word_1_354' title='bbox 258 1668 394 1701; x_wconf 86' lang='lat' dir='ltr'><strong>scribens,</strong></span> <span class='ocrx_word' id='word_1_355' title='bbox 410 1669 468 1696; x_wconf 86' lang='lat' dir='ltr'><strong>sive</strong></span> <span class='ocrx_word' id='word_1_356' title='bbox 486 1669 554 1696; x_wconf 86' lang='lat' dir='ltr'><strong>nihil</strong></span> <span class='ocrx_word' id='word_1_357' title='bbox 573 1669 708 1697; x_wconf 88' lang='lat' dir='ltr'><strong>scribens.</strong></span> 
     </span>
    </p>
   </div>
   <div class='ocr_carea' id='block_1_53' title="bbox 452 1722 708 1752">
    <p class='ocr_par' dir='ltr' id='par_1_53' title="bbox 452 1722 708 1752">
     <span class='ocr_line' id='line_1_53' title="bbox 452 1722 708 1752; baseline 0.008 -3"><span class='ocrx_word' id='word_1_358' title='bbox 452 1722 622 1751; x_wconf 78' lang='lat' dir='ltr'><strong>EPISTOLA</strong></span> <span class='ocrx_word' id='word_1_359' title='bbox 643 1723 708 1752; x_wconf 78' lang='lat' dir='ltr'><strong>CLI.</strong></span> 
     </span>
    </p>
   </div>
   <div class='ocr_carea' id='block_1_54' title="bbox 530 1777 631 1806">
    <p class='ocr_par' dir='ltr' id='par_1_54' title="bbox 530 1777 631 1806">
     <span class='ocr_line' id='line_1_54' title="bbox 530 1777 631 1806; baseline 0.02 -2"><span class='ocrx_word' id='word_1_360' title='bbox 530 1777 631 1806; x_wconf 80' lang='lat' dir='ltr'><strong>Eidem.</strong></span> 
     </span>
    </p>
   </div>
   <div class='ocr_carea' id='block_1_55' title="bbox 221 1822 974 1862">
    <p class='ocr_par' dir='ltr' id='par_1_55' title="bbox 221 1822 974 1862">
     <span class='ocr_line' id='line_1_55' title="bbox 221 1822 974 1862; baseline 0.007 -12"><span class='ocrx_word' id='word_1_361' title='bbox 221 1822 399 1859; x_wconf 74' lang='lat' dir='ltr'><strong>Pyhemencm</strong></span> <span class='ocrx_word' id='word_1_362' title='bbox 413 1831 456 1850; x_wconf 90' lang='lat' dir='ltr'><strong>me</strong></span> <span class='ocrx_word' id='word_1_363' title='bbox 470 1827 546 1858; x_wconf 88' lang='lat' dir='ltr'><strong>puta,</strong></span> <span class='ocrx_word' id='word_1_364' title='bbox 561 1824 651 1858; x_wconf 90' lang='lat' dir='ltr'><strong>ipsum</strong></span> <span class='ocrx_word' id='word_1_365' title='bbox 667 1826 788 1852; x_wconf 85' lang='lat' dir='ltr'><strong>animum</strong></span> <span class='ocrx_word' id='word_1_366' title='bbox 808 1827 899 1854; x_wconf 85' lang='lat' dir='ltr'><strong>animo</strong></span> <span class='ocrx_word' id='word_1_367' title='bbox 913 1828 974 1862; x_wconf 85' lang='lat' dir='ltr'><strong>ipso</strong></span> 
     </span>
    </p>
   </div>
   <div class='ocr_carea' id='block_1_56' title="bbox 187 1868 973 1908">
    <p class='ocr_par' dir='ltr' id='par_1_56' title="bbox 187 1868 973 1908">
     <span class='ocr_line' id='line_1_56' title="bbox 187 1868 973 1908; baseline 0.005 -12"><span class='ocrx_word' id='word_1_368' title='bbox 187 1869 341 1903; x_wconf 84' lang='lat' dir='ltr'><strong>complecti.</strong></span> <span class='ocrx_word' id='word_1_369' title='bbox 365 1868 469 1896; x_wconf 88' lang='lat' dir='ltr'><strong>Desunt</strong></span> <span class='ocrx_word' id='word_1_370' title='bbox 493 1869 560 1895; x_wconf 89' lang='lat' dir='ltr'><strong>mihi</strong></span> <span class='ocrx_word' id='word_1_371' title='bbox 575 1869 659 1896; x_wconf 87' lang='lat' dir='ltr'><strong>verba</strong></span> <span class='ocrx_word' id='word_1_372' title='bbox 683 1871 783 1908; x_wconf 82' lang='lat' dir='ltr'><strong>quibus</strong></span> <span class='ocrx_word' id='word_1_373' title='bbox 804 1877 909 1906; x_wconf 85' lang='lat' dir='ltr'><strong>quanta</strong></span> <span class='ocrx_word' id='word_1_374' title='bbox 930 1877 973 1901; x_wconf 89' lang='lat' dir='ltr'><strong>est</strong></span> 
     </span>
    </p>
   </div>
   <div class='ocr_carea' id='block_1_57' title="bbox 186 1911 973 1950">
    <p class='ocr_par' dir='ltr' id='par_1_57' title="bbox 186 1911 973 1950">
     <span class='ocr_line' id='line_1_57' title="bbox 186 1911 973 1950; baseline 0.01 -13"><span class='ocrx_word' id='word_1_375' title='bbox 186 1911 335 1938; x_wconf 75' lang='lat' dir='ltr'><strong>voluntatis</strong></span> <span class='ocrx_word' id='word_1_376' title='bbox 353 1911 436 1938; x_wconf 87' lang='lat' dir='ltr'><strong>animi</strong></span> <span class='ocrx_word' id='word_1_377' title='bbox 454 1911 506 1938; x_wconf 91' lang='lat' dir='ltr'><strong>mei</strong></span> <span class='ocrx_word' id='word_1_378' title='bbox 522 1912 564 1939; x_wconf 87' lang='lat' dir='ltr'><strong>vis</strong></span> <span class='ocrx_word' id='word_1_379' title='bbox 578 1912 748 1947; x_wconf 85' lang='lat' dir='ltr'><strong>etfundatur,</strong></span> <span class='ocrx_word' id='word_1_380' title='bbox 766 1916 806 1943; x_wconf 88' lang='lat' dir='ltr'><strong>vel</strong></span> <span class='ocrx_word' id='word_1_381' title='bbox 829 1917 920 1950; x_wconf 89' lang='lat' dir='ltr'><strong>potius</strong></span> <span class='ocrx_word' id='word_1_382' title='bbox 939 1925 973 1945; x_wconf 89' lang='lat' dir='ltr'><strong>nc</strong></span> 
     </span>
    </p>
   </div>
   <div class='ocr_carea' id='block_1_58' title="bbox 187 1956 972 1994">
    <p class='ocr_par' dir='ltr' id='par_1_58' title="bbox 187 1956 972 1994">
     <span class='ocr_line' id='line_1_58' title="bbox 187 1956 972 1994; baseline 0.009 -12"><span class='ocrx_word' id='word_1_383' title='bbox 187 1957 247 1991; x_wconf 84' lang='lat' dir='ltr'><strong>ipse</strong></span> <span class='ocrx_word' id='word_1_384' title='bbox 261 1956 369 1991; x_wconf 87' lang='lat' dir='ltr'><strong>quidem</strong></span> <span class='ocrx_word' id='word_1_385' title='bbox 389 1956 505 1987; x_wconf 72' lang='lat' dir='ltr'><strong>allectus</strong></span> <span class='ocrx_word' id='word_1_386' title='bbox 528 1957 682 1991; x_wconf 86' lang='lat' dir='ltr'><strong>cujusmodi</strong></span> <span class='ocrx_word' id='word_1_387' title='bbox 703 1967 768 1994; x_wconf 84' lang='lat' dir='ltr'><strong>erga</strong></span> <span class='ocrx_word' id='word_1_388' title='bbox 788 1964 814 1988; x_wconf 84' lang='lat' dir='ltr'><strong>te</strong></span> <span class='ocrx_word' id='word_1_389' title='bbox 836 1961 863 1987; x_wconf 92' lang='lat' dir='ltr'><strong>in</strong></span> <span class='ocrx_word' id='word_1_390' title='bbox 880 1962 972 1989; x_wconf 83' lang='lat' dir='ltr'><strong>animo</strong></span> 
     </span>
    </p>
   </div>
   <div class='ocr_carea' id='block_1_59' title="bbox 189 2001 973 2038">
    <p class='ocr_par' dir='ltr' id='par_1_59' title="bbox 189 2001 973 2038">
     <span class='ocr_line' id='line_1_59' title="bbox 189 2001 973 2038; baseline 0.006 -10"><span class='ocrx_word' id='word_1_391' title='bbox 189 2009 249 2029; x_wconf 87' lang='lat' dir='ltr'><strong>meo</strong></span> <span class='ocrx_word' id='word_1_392' title='bbox 263 2002 339 2033; x_wconf 86' lang='lat' dir='ltr'><strong>insit,</strong></span> <span class='ocrx_word' id='word_1_393' title='bbox 356 2001 478 2028; x_wconf 86' lang='lat' dir='ltr'><strong>invenio.</strong></span> <span class='ocrx_word' id='word_1_394' title='bbox 496 2002 548 2028; x_wconf 86' lang='lat' dir='ltr'><strong>Sed</strong></span> <span class='ocrx_word' id='word_1_395' title='bbox 561 2002 644 2030; x_wconf 88' lang='lat' dir='ltr'><strong>homo</strong></span> <span class='ocrx_word' id='word_1_396' title='bbox 653 2004 764 2038; x_wconf 85' lang='lat' dir='ltr'><strong>quidam</strong></span> <span class='ocrx_word' id='word_1_397' title='bbox 780 2005 884 2033; x_wconf 81' lang='lat' dir='ltr'><strong>exstitit</strong></span> <span class='ocrx_word' id='word_1_398' title='bbox 898 2013 973 2033; x_wconf 87' lang='lat' dir='ltr'><strong>ama-</strong></span> 
     </span>
    </p>
   </div>
   <div class='ocr_carea' id='block_1_60' title="bbox 188 2047 972 2081">
    <p class='ocr_par' dir='ltr' id='par_1_60' title="bbox 188 2047 972 2081">
     <span class='ocr_line' id='line_1_60' title="bbox 188 2047 972 2081; baseline 0.009 -9"><span class='ocrx_word' id='word_1_399' title='bbox 188 2047 321 2073; x_wconf 84' lang='lat' dir='ltr'><strong>toriarum</strong></span> <span class='ocrx_word' id='word_1_400' title='bbox 350 2054 443 2074; x_wconf 91' lang='lat' dir='ltr'><strong>rerum</strong></span> <span class='ocrx_word' id='word_1_401' title='bbox 470 2047 594 2081; x_wconf 87' lang='lat' dir='ltr'><strong>peritus,</strong></span> <span class='ocrx_word' id='word_1_402' title='bbox 627 2049 705 2077; x_wconf 87' lang='lat' dir='ltr'><strong>Plato</strong></span> <span class='ocrx_word' id='word_1_403' title='bbox 736 2050 874 2079; x_wconf 83' lang='lat' dir='ltr'><strong>Aristonis</strong></span> <span class='ocrx_word' id='word_1_404' title='bbox 899 2052 972 2080; x_wconf 76' lang='lat' dir='ltr'><strong>(ilius</strong></span> 
     </span>
    </p>
   </div>
   <div class='ocr_carea' id='block_1_61' title="bbox 187 2095 971 2132">
    <p class='ocr_par' dir='ltr' id='par_1_61' title="bbox 187 2095 971 2132">
     <span class='ocr_line' id='line_1_61' title="bbox 187 2095 971 2132; baseline 0.005 -11"><span class='ocrx_word' id='word_1_405' title='bbox 187 2095 362 2123; x_wconf 78' lang='lat' dir='ltr'><strong>Atheniensis</strong></span> <span class='ocrx_word' id='word_1_406' title='bbox 380 2096 406 2122; x_wconf 93' lang='lat' dir='ltr'><strong>in</strong></span> <span class='ocrx_word' id='word_1_407' title='bbox 425 2095 556 2123; x_wconf 86' lang='lat' dir='ltr'><strong>amatoris</strong></span> <span class='ocrx_word' id='word_1_408' title='bbox 578 2100 688 2127; x_wconf 80' lang='lat' dir='ltr'><strong>natura,</strong></span> <span class='ocrx_word' id='word_1_409' title='bbox 706 2103 795 2131; x_wconf 85' lang='lat' dir='ltr'><strong>eoque</strong></span> <span class='ocrx_word' id='word_1_410' title='bbox 809 2098 881 2132; x_wconf 90' lang='lat' dir='ltr'><strong>quod</strong></span> <span class='ocrx_word' id='word_1_411' title='bbox 897 2098 971 2126; x_wconf 87' lang='lat' dir='ltr'><strong>circa</strong></span> 
     </span>
    </p>
   </div>
   <div class='ocr_carea' id='block_1_62' title="bbox 187 2139 969 2176">
    <p class='ocr_par' dir='ltr' id='par_1_62' title="bbox 187 2139 969 2176">
     <span class='ocr_line' id='line_1_62' title="bbox 187 2139 969 2176; baseline 0.005 -9"><span class='ocrx_word' id='word_1_412' title='bbox 187 2139 300 2168; x_wconf 87' lang='lat' dir='ltr'><strong>delicias</strong></span> <span class='ocrx_word' id='word_1_413' title='bbox 311 2148 375 2168; x_wconf 91' lang='lat' dir='ltr'><strong>suas</strong></span> <span class='ocrx_word' id='word_1_414' title='bbox 386 2141 437 2168; x_wconf 89' lang='lat' dir='ltr'><strong>sibi</strong></span> <span class='ocrx_word' id='word_1_415' title='bbox 451 2140 576 2169; x_wconf 85' lang='lat' dir='ltr'><strong>accidere</strong></span> <span class='ocrx_word' id='word_1_416' title='bbox 591 2141 683 2173; x_wconf 87' lang='lat' dir='ltr'><strong>vellet,</strong></span> <span class='ocrx_word' id='word_1_417' title='bbox 697 2141 860 2170; x_wconf 88' lang='lat' dir='ltr'><strong>inveniendo</strong></span> <span class='ocrx_word' id='word_1_418' title='bbox 872 2145 969 2176; x_wconf 86' lang='lat' dir='ltr'><strong>solers,</strong></span> 
     </span>
    </p>
   </div>
   <div class='ocr_carea' id='block_1_63' title="bbox 1290 898 1544 927">
    <p class='ocr_par' dir='ltr' id='par_1_63' title="bbox 1290 898 1544 927">
     <span class='ocr_line' id='line_1_63' title="bbox 1290 898 1544 927; baseline 0 -1"><span class='ocrx_word' id='word_1_419' title='bbox 1290 900 1461 927; x_wconf 76' lang='grc' dir='ltr'><strong>ΕΠΙΣΤΟᾹΗ</strong></span> <span class='ocrx_word' id='word_1_420' title='bbox 1481 898 1544 927; x_wconf 82' lang='lat' dir='ltr'><strong>PN&#39;.</strong></span> 
     </span>
    </p>
   </div>
   <div class='ocr_carea' id='block_1_64' title="bbox 1345 946 1494 978">
    <p class='ocr_par' dir='ltr' id='par_1_64' title="bbox 1345 946 1494 978">
     <span class='ocr_line' id='line_1_64' title="bbox 1345 946 1494 978; baseline 0 -5"><span class='ocrx_word' id='word_1_421' title='bbox 1345 946 1387 978; x_wconf 85' lang='grc' dir='ltr'><strong>Τῷ</strong></span> <span class='ocrx_word' id='word_1_422' title='bbox 1402 946 1494 978; x_wconf 84' lang='grc' dir='ltr'>αὐτῷ.</span> 
     </span>
    </p>
   </div>
   <div class='ocr_carea' id='block_1_65' title="bbox 1060 989 1820 1029">
    <p class='ocr_par' dir='ltr' id='par_1_65' title="bbox 1060 989 1820 1029">
     <span class='ocr_line' id='line_1_65' title="bbox 1060 989 1820 1029; baseline 0 -11"><span class='ocrx_word' id='word_1_423' title='bbox 1060 989 1135 1027; x_wconf 73' lang='grc' dir='ltr'>Ἀρά</span> <span class='ocrx_word' id='word_1_424' title='bbox 1159 1000 1204 1027; x_wconf 89' lang='grc' dir='ltr'><strong>μοι</strong></span> <span class='ocrx_word' id='word_1_425' title='bbox 1229 993 1320 1027; x_wconf 84' lang='grc' dir='ltr'>μενεῖς</span> <span class='ocrx_word' id='word_1_426' title='bbox 1343 991 1406 1028; x_wconf 68' lang='grc' dir='ltr'>[γρ.</span> <span class='ocrx_word' id='word_1_427' title='bbox 1423 993 1530 1029; x_wconf 84' lang='grc' dir='ltr'>μένεις]</span> <span class='ocrx_word' id='word_1_428' title='bbox 1557 993 1721 1028; x_wconf 77' lang='grc' dir='ltr'>φιλόσοφος;</span> <span class='ocrx_word' id='word_1_429' title='bbox 1744 991 1820 1028; x_wconf 72' lang='grc' dir='ltr'><strong>τΛρει</strong></span> 
     </span>
    </p>
   </div>
   <div class='ocr_carea' id='block_1_66' title="bbox 1027 1038 1819 1075">
    <p class='ocr_par' dir='ltr' id='par_1_66' title="bbox 1027 1038 1819 1075">
     <span class='ocr_line' id='line_1_66' title="bbox 1027 1038 1819 1075; baseline 0 -11"><span class='ocrx_word' id='word_1_430' title='bbox 1027 1039 1129 1070; x_wconf 73' lang='grc' dir='ltr'>ἐκεῖνος</span> <span class='ocrx_word' id='word_1_431' title='bbox 1154 1038 1183 1065; x_wconf 79' lang='grc' dir='ltr'>δν</span> <span class='ocrx_word' id='word_1_432' title='bbox 1210 1038 1395 1072; x_wconf 84' lang='grc' dir='ltr'>ἀπολέλοιπα,</span> <span class='ocrx_word' id='word_1_433' title='bbox 1423 1039 1599 1074; x_wconf 80' lang='grc' dir='ltr'>Πυλαιμένης</span> <span class='ocrx_word' id='word_1_434' title='bbox 1613 1060 1620 1072; x_wconf 88' lang='grc'><strong>,</strong></span> <span class='ocrx_word' id='word_1_435' title='bbox 1648 1041 1665 1075; x_wconf 85' lang='grc' dir='ltr'>ὴ</span> <span class='ocrx_word' id='word_1_436' title='bbox 1691 1039 1819 1074; x_wconf 66' lang='grc' dir='ltr'>νεοτελής</span> 
     </span>
    </p>
   </div>
   <div class='ocr_carea' id='block_1_67' title="bbox 1024 1083 1818 1120">
    <p class='ocr_par' dir='ltr' id='par_1_67' title="bbox 1024 1083 1818 1120">
     <span class='ocr_line' id='line_1_67' title="bbox 1024 1083 1818 1120; baseline 0.001 -10"><span class='ocrx_word' id='word_1_437' title='bbox 1024 1083 1108 1119; x_wconf 71' lang='grc' dir='ltr'>ψυχὴ,</span> <span class='ocrx_word' id='word_1_438' title='bbox 1123 1084 1155 1110; x_wconf 79' lang='grc' dir='ltr'><strong>τὺ</strong></span> <span class='ocrx_word' id='word_1_439' title='bbox 1168 1084 1279 1120; x_wconf 83' lang='grc' dir='ltr'>σπέρμα</span> <span class='ocrx_word' id='word_1_440' title='bbox 1287 1084 1318 1110; x_wconf 78' lang='grc' dir='ltr'>τὸ</span> <span class='ocrx_word' id='word_1_441' title='bbox 1331 1084 1402 1111; x_wconf 82' lang='grc' dir='ltr'>θεῖον</span> <span class='ocrx_word' id='word_1_442' title='bbox 1415 1092 1422 1116; x_wconf 91' lang='grc'><strong>;</strong></span> <span class='ocrx_word' id='word_1_443' title='bbox 1446 1085 1581 1120; x_wconf 74' lang='grc' dir='ltr'>Φοϐοῦμαι</span> <span class='ocrx_word' id='word_1_444' title='bbox 1601 1085 1644 1111; x_wconf 79' lang='grc' dir='ltr'>τὸν</span> <span class='ocrx_word' id='word_1_445' title='bbox 1659 1085 1756 1120; x_wconf 75' lang='grc' dir='ltr'>χρόνον</span> <span class='ocrx_word' id='word_1_446' title='bbox 1770 1085 1818 1111; x_wconf 75' lang='grc' dir='ltr'><strong>τὺν</strong></span> 
     </span>
    </p>
   </div>
   <div class='ocr_carea' id='block_1_68' title="bbox 1025 1129 1818 1165">
    <p class='ocr_par' dir='ltr' id='par_1_68' title="bbox 1025 1129 1818 1165">
     <span class='ocr_line' id='line_1_68' title="bbox 1025 1129 1818 1165; baseline 0.001 -10"><span class='ocrx_word' id='word_1_447' title='bbox 1025 1129 1080 1156; x_wconf 81' lang='grc' dir='ltr'><strong>ἀπὸ</strong></span> <span class='ocrx_word' id='word_1_448' title='bbox 1091 1130 1234 1163; x_wconf 80' lang='grc' dir='ltr'>γενέσεως.</span> <span class='ocrx_word' id='word_1_449' title='bbox 1250 1130 1344 1156; x_wconf 81' lang='grc' dir='ltr'>Πλείον</span> <span class='ocrx_word' id='word_1_450' title='bbox 1357 1129 1490 1165; x_wconf 80' lang='grc' dir='ltr'>φοϐοῦμαι</span> <span class='ocrx_word' id='word_1_451' title='bbox 1504 1130 1552 1165; x_wconf 83' lang='grc' dir='ltr'>τὴν</span> <span class='ocrx_word' id='word_1_452' title='bbox 1562 1130 1671 1165; x_wconf 78' lang='grc' dir='ltr'>ὁμιλίαν</span> <span class='ocrx_word' id='word_1_453' title='bbox 1686 1131 1736 1165; x_wconf 85' lang='grc' dir='ltr'>τῆς</span> <span class='ocrx_word' id='word_1_454' title='bbox 1749 1130 1818 1164; x_wconf 84' lang='grc' dir='ltr'>ἀγο-</span> 
     </span>
    </p>
   </div>
   <div class='ocr_carea' id='block_1_69' title="bbox 1027 1175 1817 1212">
    <p class='ocr_par' dir='ltr' id='par_1_69' title="bbox 1027 1175 1817 1212">
     <span class='ocr_line' id='line_1_69' title="bbox 1027 1175 1817 1212; baseline 0.001 -11"><span class='ocrx_word' id='word_1_455' title='bbox 1027 1176 1090 1209; x_wconf 83' lang='grc' dir='ltr'>ρᾶς,</span> <span class='ocrx_word' id='word_1_456' title='bbox 1113 1175 1144 1202; x_wconf 80' lang='grc' dir='ltr'><strong>τὸ</strong></span> <span class='ocrx_word' id='word_1_457' title='bbox 1167 1175 1367 1202; x_wconf 78' lang='grc' dir='ltr'>ὲνειλινδείσθαι</span> <span class='ocrx_word' id='word_1_458' title='bbox 1391 1176 1455 1211; x_wconf 66' lang='grc' dir='ltr'>[πρ.</span> <span class='ocrx_word' id='word_1_459' title='bbox 1474 1175 1613 1212; x_wconf 78' lang='grc' dir='ltr'>ἐγκαλιν.]</span> <span class='ocrx_word' id='word_1_460' title='bbox 1635 1177 1745 1211; x_wconf 84' lang='grc' dir='ltr'>συχναῖς</span> <span class='ocrx_word' id='word_1_461' title='bbox 1763 1176 1817 1211; x_wconf 72' lang='grc' dir='ltr'><strong>ἤδη</strong></span> 
     </span>
    </p>
   </div>
   <div class='ocr_carea' id='block_1_70' title="bbox 1024 1220 1816 1257">
    <p class='ocr_par' dir='ltr' id='par_1_70' title="bbox 1024 1220 1816 1257">
     <span class='ocr_line' id='line_1_70' title="bbox 1024 1220 1816 1257; baseline 0.001 -11"><span class='ocrx_word' id='word_1_462' title='bbox 1024 1220 1120 1255; x_wconf 80' lang='grc' dir='ltr'>τύχαις</span> <span class='ocrx_word' id='word_1_463' title='bbox 1133 1220 1180 1247; x_wconf 76' lang='grc' dir='ltr'>καὶ</span> <span class='ocrx_word' id='word_1_464' title='bbox 1196 1221 1324 1256; x_wconf 76' lang='grc' dir='ltr'>πράξεσι,</span> <span class='ocrx_word' id='word_1_465' title='bbox 1338 1221 1374 1257; x_wconf 79' lang='grc' dir='ltr'>μὴ</span> <span class='ocrx_word' id='word_1_466' title='bbox 1391 1221 1492 1257; x_wconf 80' lang='grc' dir='ltr'>μολύνῃ</span> <span class='ocrx_word' id='word_1_467' title='bbox 1508 1222 1554 1248; x_wconf 85' lang='grc' dir='ltr'>τὸν</span> <span class='ocrx_word' id='word_1_468' title='bbox 1575 1221 1725 1255; x_wconf 80' lang='grc' dir='ltr'>ἁγιώτατον</span> <span class='ocrx_word' id='word_1_469' title='bbox 1736 1221 1816 1255; x_wconf 84' lang='grc' dir='ltr'>νεὼν,</span> 
     </span>
    </p>
   </div>
   <div class='ocr_carea' id='block_1_71' title="bbox 1024 1265 1817 1302">
    <p class='ocr_par' dir='ltr' id='par_1_71' title="bbox 1024 1265 1817 1302">
     <span class='ocr_line' id='line_1_71' title="bbox 1024 1265 1817 1302; baseline 0.001 -10"><span class='ocrx_word' id='word_1_470' title='bbox 1024 1265 1070 1292; x_wconf 86' lang='grc' dir='ltr'><strong>τὸν</strong></span> <span class='ocrx_word' id='word_1_471' title='bbox 1086 1265 1150 1293; x_wconf 83' lang='grc' dir='ltr'>νοῦν</span> <span class='ocrx_word' id='word_1_472' title='bbox 1164 1275 1210 1292; x_wconf 88' lang='grc' dir='ltr'><strong>σου</strong></span> <span class='ocrx_word' id='word_1_473' title='bbox 1224 1267 1270 1293; x_wconf 80' lang='grc' dir='ltr'>τὸν</span> <span class='ocrx_word' id='word_1_474' title='bbox 1293 1267 1380 1302; x_wconf 77' lang='grc' dir='ltr'>ἱερὸν,</span> <span class='ocrx_word' id='word_1_475' title='bbox 1403 1267 1433 1293; x_wconf 78' lang='grc' dir='ltr'>ὃν</span> <span class='ocrx_word' id='word_1_476' title='bbox 1446 1266 1501 1301; x_wconf 78' lang='grc' dir='ltr'><strong>ἐγὼ</strong></span> <span class='ocrx_word' id='word_1_477' title='bbox 1513 1267 1572 1301; x_wconf 83' lang='grc' dir='ltr'>μετ’</span> <span class='ocrx_word' id='word_1_478' title='bbox 1586 1267 1685 1301; x_wconf 83' lang='grc' dir='ltr'>ὀλίγων</span> <span class='ocrx_word' id='word_1_479' title='bbox 1699 1266 1817 1298; x_wconf 82' lang='grc' dir='ltr'>ἀξιώτα-</span> 
     </span>
    </p>
   </div>
   <div class='ocr_carea' id='block_1_72' title="bbox 1024 1313 1817 1351">
    <p class='ocr_par' dir='ltr' id='par_1_72' title="bbox 1024 1313 1817 1351">
     <span class='ocr_line' id='line_1_72' title="bbox 1024 1313 1817 1351; baseline 0.001 -11"><span class='ocrx_word' id='word_1_480' title='bbox 1024 1321 1070 1340; x_wconf 89' lang='grc' dir='ltr'><strong>τον</strong></span> <span class='ocrx_word' id='word_1_481' title='bbox 1084 1313 1204 1348; x_wconf 82' lang='grc' dir='ltr'>ἡγοῦμαι</span> <span class='ocrx_word' id='word_1_482' title='bbox 1216 1314 1278 1349; x_wconf 70' lang='grc' dir='ltr'><strong>[γῬ.</strong></span> <span class='ocrx_word' id='word_1_483' title='bbox 1295 1314 1419 1351; x_wconf 78' lang='grc' dir='ltr'>ἥγημαι]</span> <span class='ocrx_word' id='word_1_484' title='bbox 1432 1314 1511 1349; x_wconf 83' lang='grc' dir='ltr'>δοχέα</span> <span class='ocrx_word' id='word_1_485' title='bbox 1523 1314 1601 1340; x_wconf 84' lang='grc' dir='ltr'>Θεοῦ.</span> <span class='ocrx_word' id='word_1_486' title='bbox 1620 1315 1676 1341; x_wconf 83' lang='grc' dir='ltr'><strong>Καὶ</strong></span> <span class='ocrx_word' id='word_1_487' title='bbox 1688 1313 1747 1341; x_wconf 77' lang='grc' dir='ltr'>οἶδα</span> <span class='ocrx_word' id='word_1_488' title='bbox 1765 1314 1817 1349; x_wconf 83' lang='grc' dir='ltr'>μέν</span> 
     </span>
    </p>
   </div>
   <div class='ocr_carea' id='block_1_73' title="bbox 1024 1360 1816 1395">
    <p class='ocr_par' dir='ltr' id='par_1_73' title="bbox 1024 1360 1816 1395">
     <span class='ocr_line' id='line_1_73' title="bbox 1024 1360 1816 1395; baseline 0.001 -10"><span class='ocrx_word' id='word_1_489' title='bbox 1024 1367 1065 1386; x_wconf 89' lang='grc' dir='ltr'><strong>τοι</strong></span> <span class='ocrx_word' id='word_1_490' title='bbox 1083 1360 1260 1395; x_wconf 75' lang='grc' dir='ltr'>συνεργιάσαι</span> <span class='ocrx_word' id='word_1_491' title='bbox 1275 1369 1317 1386; x_wconf 89' lang='grc' dir='ltr'><strong>σοι</strong></span> <span class='ocrx_word' id='word_1_492' title='bbox 1331 1360 1365 1386; x_wconf 82' lang='grc' dir='ltr'>τὰ</span> <span class='ocrx_word' id='word_1_493' title='bbox 1385 1361 1544 1395; x_wconf 78' lang='grc' dir='ltr'>φιλοσοφίας</span> <span class='ocrx_word' id='word_1_494' title='bbox 1555 1361 1637 1395; x_wconf 79' lang='grc' dir='ltr'>εὐχήν</span> <span class='ocrx_word' id='word_1_495' title='bbox 1658 1368 1723 1386; x_wconf 84' lang='grc' dir='ltr'>ποτε</span> <span class='ocrx_word' id='word_1_496' title='bbox 1735 1369 1816 1395; x_wconf 87' lang='grc' dir='ltr'>ποιη-</span> 
     </span>
    </p>
   </div>
   <div class='ocr_carea' id='block_1_74' title="bbox 1025 1403 1816 1441">
    <p class='ocr_par' dir='ltr' id='par_1_74' title="bbox 1025 1403 1816 1441">
     <span class='ocr_line' id='line_1_74' title="bbox 1025 1403 1816 1441; baseline -0.003 -9"><span class='ocrx_word' id='word_1_497' title='bbox 1025 1404 1151 1440; x_wconf 78' lang='grc' dir='ltr'>σάμενος.</span> <span class='ocrx_word' id='word_1_498' title='bbox 1176 1406 1252 1432; x_wconf 78' lang='grc' dir='ltr'>Ἐπεὶ</span> <span class='ocrx_word' id='word_1_499' title='bbox 1265 1406 1288 1432; x_wconf 85' lang='grc' dir='ltr'><strong>δ’</strong></span> <span class='ocrx_word' id='word_1_500' title='bbox 1299 1403 1345 1432; x_wconf 79' lang='grc' dir='ltr'>οὖν</span> <span class='ocrx_word' id='word_1_501' title='bbox 1359 1406 1491 1440; x_wconf 78' lang='grc' dir='ltr'>κρείττων</span> <span class='ocrx_word' id='word_1_502' title='bbox 1504 1406 1517 1431; x_wconf 84' lang='grc' dir='ltr'><strong>ό</strong></span> <span class='ocrx_word' id='word_1_503' title='bbox 1534 1406 1584 1440; x_wconf 84' lang='grc' dir='ltr'>τῆς</span> <span class='ocrx_word' id='word_1_504' title='bbox 1598 1404 1728 1441; x_wconf 85' lang='grc' dir='ltr'>πατρίδος</span> <span class='ocrx_word' id='word_1_505' title='bbox 1743 1404 1816 1440; x_wconf 76' lang='grc' dir='ltr'>ἔρως</span> 
     </span>
    </p>
   </div>
   <div class='ocr_carea' id='block_1_75' title="bbox 1025 1449 1816 1486">
    <p class='ocr_par' dir='ltr' id='par_1_75' title="bbox 1025 1449 1816 1486">
     <span class='ocr_line' id='line_1_75' title="bbox 1025 1449 1816 1486; baseline -0.003 -9"><span class='ocrx_word' id='word_1_506' title='bbox 1025 1451 1148 1485; x_wconf 72' lang='grc' dir='ltr'>ἐγένετο,</span> <span class='ocrx_word' id='word_1_507' title='bbox 1170 1451 1298 1486; x_wconf 81' lang='grc' dir='ltr'>ηὐξάμην</span> <span class='ocrx_word' id='word_1_508' title='bbox 1319 1451 1386 1477; x_wconf 76' lang='grc' dir='ltr'>ὅπου</span> <span class='ocrx_word' id='word_1_509' title='bbox 1410 1451 1476 1478; x_wconf 83' lang='grc' dir='ltr'>ποτὲ</span> <span class='ocrx_word' id='word_1_510' title='bbox 1497 1451 1549 1485; x_wconf 85' lang='grc' dir='ltr'>γῆς</span> <span class='ocrx_word' id='word_1_511' title='bbox 1569 1451 1637 1486; x_wconf 84' lang='grc' dir='ltr'>εἴης,</span> <span class='ocrx_word' id='word_1_512' title='bbox 1655 1449 1816 1485; x_wconf 81' lang='grc' dir='ltr'>φιλοσοφίαν</span> 
     </span>
    </p>
   </div>
   <div class='ocr_carea' id='block_1_76' title="bbox 1025 1494 1815 1532">
    <p class='ocr_par' dir='ltr' id='par_1_76' title="bbox 1025 1494 1815 1532">
     <span class='ocr_line' id='line_1_76' title="bbox 1025 1494 1815 1532; baseline -0.003 -9"><span class='ocrx_word' id='word_1_513' title='bbox 1025 1495 1189 1532; x_wconf 71' lang='grc' dir='ltr'>ἐργάζεσθαί</span> <span class='ocrx_word' id='word_1_514' title='bbox 1211 1505 1240 1522; x_wconf 87' lang='grc' dir='ltr'><strong>σε</strong></span> <span class='ocrx_word' id='word_1_515' title='bbox 1254 1496 1325 1523; x_wconf 69' lang='grc' dir='ltr'>κατὰ</span> <span class='ocrx_word' id='word_1_516' title='bbox 1338 1496 1463 1531; x_wconf 86' lang='grc' dir='ltr'>δύναμιν.</span> <span class='ocrx_word' id='word_1_517' title='bbox 1493 1496 1644 1532; x_wconf 84' lang='grc' dir='ltr'>Τοιγαροῦν</span> <span class='ocrx_word' id='word_1_518' title='bbox 1655 1494 1815 1530; x_wconf 74' lang='grc' dir='ltr'>ἀσπάζομαι</span> 
     </span>
    </p>
   </div>
   <div class='ocr_carea' id='block_1_77' title="bbox 1023 1541 1814 1578">
    <p class='ocr_par' dir='ltr' id='par_1_77' title="bbox 1023 1541 1814 1578">
     <span class='ocr_line' id='line_1_77' title="bbox 1023 1541 1814 1578; baseline -0.001 -10"><span class='ocrx_word' id='word_1_519' title='bbox 1023 1543 1073 1577; x_wconf 83' lang='grc' dir='ltr'>τὴν</span> <span class='ocrx_word' id='word_1_520' title='bbox 1089 1541 1168 1578; x_wconf 86' lang='grc' dir='ltr'>φίλην</span> <span class='ocrx_word' id='word_1_521' title='bbox 1189 1541 1310 1577; x_wconf 75' lang='grc' dir='ltr'>κεφαλὴν</span> <span class='ocrx_word' id='word_1_522' title='bbox 1322 1564 1330 1575; x_wconf 87' lang='grc'><strong>,</strong></span> <span class='ocrx_word' id='word_1_523' title='bbox 1347 1543 1395 1569; x_wconf 84' lang='grc' dir='ltr'>καὶ</span> <span class='ocrx_word' id='word_1_524' title='bbox 1420 1542 1490 1569; x_wconf 79' lang='grc' dir='ltr'>πάνυ</span> <span class='ocrx_word' id='word_1_525' title='bbox 1508 1542 1636 1573; x_wconf 76' lang='grc' dir='ltr'>πολλάκις</span> <span class='ocrx_word' id='word_1_526' title='bbox 1655 1541 1814 1576; x_wconf 76' lang='grc' dir='ltr'>ἀσπάζομαι</span> 
     </span>
    </p>
   </div>
   <div class='ocr_carea' id='block_1_78' title="bbox 1023 1585 1815 1623">
    <p class='ocr_par' dir='ltr' id='par_1_78' title="bbox 1023 1585 1815 1623">
     <span class='ocr_line' id='line_1_78' title="bbox 1023 1585 1815 1623; baseline 0 -10"><span class='ocrx_word' id='word_1_527' title='bbox 1023 1587 1074 1621; x_wconf 77' lang='grc' dir='ltr'>τὴν</span> <span class='ocrx_word' id='word_1_528' title='bbox 1086 1587 1166 1622; x_wconf 88' lang='grc' dir='ltr'>φίλην</span> <span class='ocrx_word' id='word_1_529' title='bbox 1192 1587 1321 1623; x_wconf 84' lang='grc' dir='ltr'>κεφαλὴν,</span> <span class='ocrx_word' id='word_1_530' title='bbox 1338 1587 1383 1614; x_wconf 76' lang='grc' dir='ltr'><strong>καὶ</strong></span> <span class='ocrx_word' id='word_1_531' title='bbox 1396 1587 1492 1622; x_wconf 82' lang='grc' dir='ltr'>σιγῶν,</span> <span class='ocrx_word' id='word_1_532' title='bbox 1509 1587 1556 1614; x_wconf 75' lang='grc' dir='ltr'>καὶ</span> <span class='ocrx_word' id='word_1_533' title='bbox 1568 1587 1664 1621; x_wconf 86' lang='grc' dir='ltr'>λέγων,</span> <span class='ocrx_word' id='word_1_534' title='bbox 1685 1587 1731 1613; x_wconf 79' lang='grc' dir='ltr'>καὶ</span> <span class='ocrx_word' id='word_1_535' title='bbox 1744 1585 1815 1620; x_wconf 77' lang='grc' dir='ltr'>γρό-</span> 
     </span>
    </p>
   </div>
   <div class='ocr_carea' id='block_1_79' title="bbox 1024 1632 1339 1668">
    <p class='ocr_par' dir='ltr' id='par_1_79' title="bbox 1024 1632 1339 1668">
     <span class='ocr_line' id='line_1_79' title="bbox 1024 1632 1339 1668; baseline -0.003 -9"><span class='ocrx_word' id='word_1_536' title='bbox 1024 1640 1091 1666; x_wconf 85' lang='grc' dir='ltr'>φων,</span> <span class='ocrx_word' id='word_1_537' title='bbox 1106 1633 1154 1660; x_wconf 74' lang='grc' dir='ltr'>καὶ</span> <span class='ocrx_word' id='word_1_538' title='bbox 1167 1632 1204 1668; x_wconf 85' lang='grc' dir='ltr'>μὴ</span> <span class='ocrx_word' id='word_1_539' title='bbox 1217 1633 1339 1667; x_wconf 72' lang='grc' dir='ltr'>γράφων.</span> 
     </span>
    </p>
   </div>
   <div class='ocr_carea' id='block_1_80' title="bbox 1277 1731 1555 1759">
    <p class='ocr_par' dir='ltr' id='par_1_80' title="bbox 1277 1731 1555 1759">
     <span class='ocr_line' id='line_1_80' title="bbox 1277 1731 1555 1759; baseline 0 -1"><span class='ocrx_word' id='word_1_540' title='bbox 1277 1731 1451 1759; x_wconf 78' lang='grc' dir='ltr'><strong>ΕΠΙΣΤΟΛΗ</strong></span> <span class='ocrx_word' id='word_1_541' title='bbox 1466 1731 1513 1758; x_wconf 86' lang='grc' dir='ltr'><strong>ΡΝ</strong></span> <span class='ocrx_word' id='word_1_542' title='bbox 1516 1731 1555 1758; x_wconf 74' lang='grc' dir='ltr'><strong>Α’-</strong></span> 
     </span>
    </p>
   </div>
   <div class='ocr_carea' id='block_1_81' title="bbox 1341 1785 1485 1818">
    <p class='ocr_par' dir='ltr' id='par_1_81' title="bbox 1341 1785 1485 1818">
     <span class='ocr_line' id='line_1_81' title="bbox 1341 1785 1485 1818; baseline -0.007 -6"><span class='ocrx_word' id='word_1_543' title='bbox 1341 1785 1382 1818; x_wconf 84' lang='grc' dir='ltr'><strong>Τῷ</strong></span> <span class='ocrx_word' id='word_1_544' title='bbox 1394 1785 1485 1818; x_wconf 82' lang='grc' dir='ltr'>αὐτῷ.</span> 
     </span>
    </p>
   </div>
   <div class='ocr_carea' id='block_1_82' title="bbox 1059 1830 1811 1867">
    <p class='ocr_par' dir='ltr' id='par_1_82' title="bbox 1059 1830 1811 1867">
     <span class='ocr_line' id='line_1_82' title="bbox 1059 1830 1811 1867; baseline -0.004 -8"><span class='ocrx_word' id='word_1_545' title='bbox 1059 1833 1122 1860; x_wconf 74' lang='grc' dir='ltr'>οἵου</span> <span class='ocrx_word' id='word_1_546' title='bbox 1140 1840 1173 1867; x_wconf 87' lang='grc' dir='ltr'><strong>με</strong></span> <span class='ocrx_word' id='word_1_547' title='bbox 1199 1831 1432 1867; x_wconf 82' lang='grc' dir='ltr'>περιπτύσσεσθαι</span> <span class='ocrx_word' id='word_1_548' title='bbox 1448 1830 1636 1866; x_wconf 83' lang='grc' dir='ltr'>Πυλαιμένην,</span> <span class='ocrx_word' id='word_1_549' title='bbox 1661 1830 1746 1865; x_wconf 72' lang='grc' dir='ltr'>αὐτὴν</span> <span class='ocrx_word' id='word_1_550' title='bbox 1761 1831 1811 1866; x_wconf 79' lang='grc' dir='ltr'>τὴν</span> 
     </span>
    </p>
   </div>
   <div class='ocr_carea' id='block_1_83' title="bbox 1022 1872 1812 1913">
    <p class='ocr_par' dir='ltr' id='par_1_83' title="bbox 1022 1872 1812 1913">
     <span class='ocr_line' id='line_1_83' title="bbox 1022 1872 1812 1913; baseline -0.004 -9"><span class='ocrx_word' id='word_1_551' title='bbox 1022 1877 1126 1913; x_wconf 83' lang='grc' dir='ltr'>ψυχὴν,</span> <span class='ocrx_word' id='word_1_552' title='bbox 1153 1877 1220 1912; x_wconf 70' lang='grc' dir='ltr'>αὐτῇ</span> <span class='ocrx_word' id='word_1_553' title='bbox 1243 1878 1276 1912; x_wconf 81' lang='grc' dir='ltr'>τῇ</span> <span class='ocrx_word' id='word_1_554' title='bbox 1405 1876 1514 1910; x_wconf 81' lang='grc' dir='ltr'>Ἀπορῶ</span> <span class='ocrx_word' id='word_1_555' title='bbox 1530 1875 1617 1909; x_wconf 87' lang='grc' dir='ltr'>λόγων</span> <span class='ocrx_word' id='word_1_556' title='bbox 1634 1872 1673 1906; x_wconf 75' lang='grc' dir='ltr'>οἷς</span> <span class='ocrx_word' id='word_1_557' title='bbox 1688 1875 1812 1910; x_wconf 71' lang='grc' dir='ltr'>ἐκκέοιτο</span> 
     </span>
    </p>
   </div>
   <div class='ocr_carea' id='block_1_84' title="bbox 1024 1921 1812 1957">
    <p class='ocr_par' dir='ltr' id='par_1_84' title="bbox 1024 1921 1812 1957">
     <span class='ocr_line' id='line_1_84' title="bbox 1024 1921 1812 1957; baseline -0.003 -9"><span class='ocrx_word' id='word_1_558' title='bbox 1024 1923 1086 1948; x_wconf 88' lang='grc' dir='ltr'>ὅσον</span> <span class='ocrx_word' id='word_1_559' title='bbox 1105 1922 1163 1948; x_wconf 76' lang='grc' dir='ltr'>ἐστὶ</span> <span class='ocrx_word' id='word_1_560' title='bbox 1179 1922 1228 1957; x_wconf 86' lang='grc' dir='ltr'>τῆς</span> <span class='ocrx_word' id='word_1_561' title='bbox 1246 1921 1359 1956; x_wconf 83' lang='grc' dir='ltr'>γνώμης</span> <span class='ocrx_word' id='word_1_562' title='bbox 1383 1930 1434 1957; x_wconf 85' lang='grc' dir='ltr'><strong>μου</strong></span> <span class='ocrx_word' id='word_1_563' title='bbox 1455 1921 1486 1947; x_wconf 86' lang='grc' dir='ltr'><strong>τὺ</strong></span> <span class='ocrx_word' id='word_1_564' title='bbox 1507 1921 1679 1956; x_wconf 85' lang='grc' dir='ltr'>βουλόμενον·</span> <span class='ocrx_word' id='word_1_565' title='bbox 1710 1921 1812 1955; x_wconf 82' lang='grc' dir='ltr'>μᾶλλον</span> 
     </span>
    </p>
   </div>
   <div class='ocr_carea' id='block_1_85' title="bbox 1019 1965 1811 2000">
    <p class='ocr_par' dir='ltr' id='par_1_85' title="bbox 1019 1965 1811 2000">
     <span class='ocr_line' id='line_1_85' title="bbox 1019 1965 1811 2000; baseline 0 -8"><span class='ocrx_word' id='word_1_566' title='bbox 1019 1966 1051 1992; x_wconf 81' lang='grc' dir='ltr'><strong>δὲ</strong></span> <span class='ocrx_word' id='word_1_567' title='bbox 1074 1966 1134 1993; x_wconf 77' lang='grc' dir='ltr'><strong>οὐδὲ</strong></span> <span class='ocrx_word' id='word_1_568' title='bbox 1161 1966 1226 1992; x_wconf 80' lang='grc' dir='ltr'>αὑτό</span> <span class='ocrx_word' id='word_1_569' title='bbox 1254 1974 1305 2000; x_wconf 91' lang='grc' dir='ltr'><strong>μου</strong></span> <span class='ocrx_word' id='word_1_570' title='bbox 1343 1965 1373 1991; x_wconf 83' lang='grc' dir='ltr'><strong>τὺ</strong></span> <span class='ocrx_word' id='word_1_571' title='bbox 1396 1965 1500 1997; x_wconf 79' lang='grc' dir='ltr'>πάθος,</span> <span class='ocrx_word' id='word_1_572' title='bbox 1529 1966 1543 1992; x_wconf 82' lang='grc' dir='ltr'>ὅ</span> <span class='ocrx_word' id='word_1_573' title='bbox 1557 1965 1583 1993; x_wconf 82' lang='grc' dir='ltr'><strong>τί</strong></span> <span class='ocrx_word' id='word_1_574' title='bbox 1605 1965 1670 1992; x_wconf 83' lang='grc' dir='ltr'>ποτέ</span> <span class='ocrx_word' id='word_1_575' title='bbox 1697 1967 1755 1992; x_wconf 85' lang='grc' dir='ltr'>ὲστι</span> <span class='ocrx_word' id='word_1_576' title='bbox 1779 1965 1811 1992; x_wconf 76' lang='grc' dir='ltr'>τὸ</span> 
     </span>
    </p>
   </div>
   <div class='ocr_carea' id='block_1_86' title="bbox 1022 2009 1810 2045">
    <p class='ocr_par' dir='ltr' id='par_1_86' title="bbox 1022 2009 1810 2045">
     <span class='ocr_line' id='line_1_86' title="bbox 1022 2009 1810 2045; baseline 0 -9"><span class='ocrx_word' id='word_1_577' title='bbox 1022 2010 1087 2044; x_wconf 75' lang='grc' dir='ltr'>περὶ</span> <span class='ocrx_word' id='word_1_578' title='bbox 1110 2011 1140 2036; x_wconf 83' lang='grc' dir='ltr'>σέ</span> <span class='ocrx_word' id='word_1_579' title='bbox 1168 2018 1219 2045; x_wconf 88' lang='grc' dir='ltr'><strong>μου</strong></span> <span class='ocrx_word' id='word_1_580' title='bbox 1241 2010 1292 2044; x_wconf 82' lang='grc' dir='ltr'><strong>τῆς</strong></span> <span class='ocrx_word' id='word_1_581' title='bbox 1322 2010 1411 2045; x_wconf 78' lang='grc' dir='ltr'>ψυχῆς</span> <span class='ocrx_word' id='word_1_582' title='bbox 1441 2009 1600 2045; x_wconf 71' lang='grc' dir='ltr'>ἐξευρίσκω.</span> <span class='ocrx_word' id='word_1_583' title='bbox 1636 2009 1758 2044; x_wconf 81' lang='grc' dir='ltr'>Ἐγένετο</span> <span class='ocrx_word' id='word_1_584' title='bbox 1781 2010 1810 2036; x_wconf 73' lang='grc' dir='ltr'><strong>δέ.</strong></span> 
     </span>
    </p>
   </div>
   <div class='ocr_carea' id='block_1_87' title="bbox 1021 2055 1810 2091">
    <p class='ocr_par' dir='ltr' id='par_1_87' title="bbox 1021 2055 1810 2091">
     <span class='ocr_line' id='line_1_87' title="bbox 1021 2055 1810 2091; baseline -0.001 -9"><span class='ocrx_word' id='word_1_585' title='bbox 1021 2064 1064 2087; x_wconf 88' lang='grc' dir='ltr'><strong>τις</strong></span> <span class='ocrx_word' id='word_1_586' title='bbox 1079 2055 1147 2091; x_wconf 81' lang='grc' dir='ltr'>ἀνὴρ</span> <span class='ocrx_word' id='word_1_587' title='bbox 1166 2055 1251 2087; x_wconf 83' lang='grc' dir='ltr'>δεινὸς</span> <span class='ocrx_word' id='word_1_588' title='bbox 1270 2055 1303 2082; x_wconf 78' lang='grc' dir='ltr'><strong>τὰ</strong></span> <span class='ocrx_word' id='word_1_589' title='bbox 1323 2055 1460 2091; x_wconf 82' lang='grc' dir='ltr'>ὲρωτικὰ,</span> <span class='ocrx_word' id='word_1_590' title='bbox 1484 2055 1597 2082; x_wconf 82' lang='grc' dir='ltr'>Πλάτων</span> <span class='ocrx_word' id='word_1_591' title='bbox 1610 2056 1624 2081; x_wconf 87' lang='grc' dir='ltr'>ὁ</span> <span class='ocrx_word' id='word_1_592' title='bbox 1648 2056 1810 2090; x_wconf 74' lang='grc' dir='ltr'>’Δρίστωνος</span> 
     </span>
    </p>
   </div>
   <div class='ocr_carea' id='block_1_88' title="bbox 1028 2100 1810 2136">
    <p class='ocr_par' dir='ltr' id='par_1_88' title="bbox 1028 2100 1810 2136">
     <span class='ocr_line' id='line_1_88' title="bbox 1028 2100 1810 2136; baseline -0.001 -8"><span class='ocrx_word' id='word_1_593' title='bbox 1028 2100 1180 2136; x_wconf 81' lang='grc' dir='ltr'>’Δθηναῖος,</span> <span class='ocrx_word' id='word_1_594' title='bbox 1206 2101 1320 2136; x_wconf 70' lang='grc' dir='ltr'>εὔπορος</span> <span class='ocrx_word' id='word_1_595' title='bbox 1336 2102 1443 2136; x_wconf 81' lang='grc' dir='ltr'>εὑρεῖν,</span> <span class='ocrx_word' id='word_1_596' title='bbox 1465 2100 1574 2133; x_wconf 77' lang='grc' dir='ltr'>εὔκολος</span> <span class='ocrx_word' id='word_1_597' title='bbox 1588 2102 1674 2128; x_wconf 84' lang='grc' dir='ltr'>εἰπεῖν</span> <span class='ocrx_word' id='word_1_598' title='bbox 1692 2101 1810 2136; x_wconf 87' lang='grc' dir='ltr'>ὲραστοῦ</span> 
     </span>
    </p>
   </div>
   <div class='ocr_carea' id='block_1_89' title="bbox 1022 2147 1812 2182">
    <p class='ocr_par' dir='ltr' id='par_1_89' title="bbox 1022 2147 1812 2182">
     <span class='ocr_line' id='line_1_89' title="bbox 1022 2147 1812 2182; baseline 0 -9"><span class='ocrx_word' id='word_1_599' title='bbox 1022 2147 1114 2181; x_wconf 85' lang='grc' dir='ltr'>φύσιν,</span> <span class='ocrx_word' id='word_1_600' title='bbox 1127 2148 1175 2173; x_wconf 77' lang='grc' dir='ltr'>καὶ</span> <span class='ocrx_word' id='word_1_601' title='bbox 1185 2147 1216 2182; x_wconf 78' lang='grc' dir='ltr'><strong>δὴ</strong></span> <span class='ocrx_word' id='word_1_602' title='bbox 1228 2148 1274 2173; x_wconf 75' lang='grc' dir='ltr'>καὶ</span> <span class='ocrx_word' id='word_1_603' title='bbox 1288 2147 1302 2173; x_wconf 78' lang='grc' dir='ltr'><strong>ὅ</strong></span> <span class='ocrx_word' id='word_1_604' title='bbox 1316 2155 1343 2173; x_wconf 87' lang='grc' dir='ltr'><strong>τι</strong></span> <span class='ocrx_word' id='word_1_605' title='bbox 1356 2147 1429 2182; x_wconf 74' lang='grc' dir='ltr'>αὐτῷ</span> <span class='ocrx_word' id='word_1_606' title='bbox 1444 2147 1569 2180; x_wconf 82' lang='grc' dir='ltr'>γενέσθαι</span> <span class='ocrx_word' id='word_1_607' title='bbox 1582 2147 1688 2182; x_wconf 81' lang='grc' dir='ltr'>περὶτὰ</span> <span class='ocrx_word' id='word_1_608' title='bbox 1698 2147 1812 2173; x_wconf 69' lang='grc' dir='ltr'>παιδικὰ</span> 
     </span>
    </p>
   </div>
   <div class='ocr_carea' id='block_1_90' title="bbox 186 2179 973 2227">
    <p class='ocr_par' dir='ltr' id='par_1_90' title="bbox 186 2185 971 2223">
     <span class='ocr_line' id='line_1_90' title="bbox 186 2185 971 2223; baseline 0.005 -10"><span class='ocrx_word' id='word_1_609' title='bbox 186 2186 215 2213; x_wconf 91' lang='lat' dir='ltr'><strong>in</strong></span> <span class='ocrx_word' id='word_1_610' title='bbox 227 2186 389 2221; x_wconf 82' lang='lat' dir='ltr'><strong>explicando</strong></span> <span class='ocrx_word' id='word_1_611' title='bbox 405 2186 526 2214; x_wconf 86' lang='lat' dir='ltr'><strong>disertus</strong></span> <span class='ocrx_word' id='word_1_612' title='bbox 549 2192 581 2212; x_wconf 89' lang='lat' dir='ltr'><strong>ac</strong></span> <span class='ocrx_word' id='word_1_613' title='bbox 599 2185 698 2214; x_wconf 79' lang='lat' dir='ltr'><strong>facilis.</strong></span> <span class='ocrx_word' id='word_1_614' title='bbox 713 2186 803 2220; x_wconf 85' lang='lat' dir='ltr'><strong>Quare</strong></span> <span class='ocrx_word' id='word_1_615' title='bbox 825 2188 849 2215; x_wconf 92' lang='lat' dir='ltr'><strong>is</strong></span> <span class='ocrx_word' id='word_1_616' title='bbox 864 2196 913 2223; x_wconf 88' lang='lat' dir='ltr'><strong>pro</strong></span> <span class='ocrx_word' id='word_1_617' title='bbox 929 2197 971 2217; x_wconf 81' lang='lat' dir='ltr'><strong>tne</strong></span> 
     </span>
    </p>
   </div>
   <div class='ocr_carea' id='block_1_91' title="bbox 1028 2179 1808 2227">
    <p class='ocr_par' dir='ltr' id='par_1_91' title="bbox 1028 2179 1808 2227">
     <span class='ocr_line' id='line_1_91' title="bbox 1028 2179 1808 2227; baseline -0.001 -9"><span class='ocrx_word' id='word_1_618' title='bbox 1028 2179 1148 2227; x_wconf 61' lang='grc' dir='ltr'>βούλεται</span> <span class='ocrx_word' id='word_1_619' title='bbox 1157 2199 1163 2206; x_wconf 85' lang='grc'><strong><em>“</em></strong></span> <span class='ocrx_word' id='word_1_620' title='bbox 1183 2179 1231 2218; x_wconf 79' lang='grc' dir='ltr'>καὶ</span> <span class='ocrx_word' id='word_1_621' title='bbox 1245 2192 1314 2227; x_wconf 79' lang='grc' dir='ltr'>ὑπὲρ</span> <span class='ocrx_word' id='word_1_622' title='bbox 1332 2191 1400 2226; x_wconf 76' lang='grc' dir='ltr'>ἐμοῦ</span> <span class='ocrx_word' id='word_1_623' title='bbox 1412 2179 1501 2218; x_wconf 77' lang='grc' dir='ltr'>τοίνυν</span> <span class='ocrx_word' id='word_1_624' title='bbox 1518 2179 1673 2226; x_wconf 75' lang='grc' dir='ltr'>ἐξευρηκὼς</span> <span class='ocrx_word' id='word_1_625' title='bbox 1685 2200 1714 2217; x_wconf 89' lang='grc' dir='ltr'><strong>τε</strong></span> <span class='ocrx_word' id='word_1_626' title='bbox 1727 2191 1808 2223; x_wconf 78' lang='grc' dir='ltr'>ἔστω,</span> 
     </span>
    </p>
   </div>
   <div class='ocr_carea' id='block_1_92' title="bbox 185 2235 970 2270">
    <p class='ocr_par' dir='ltr' id='par_1_92' title="bbox 185 2235 970 2270">
     <span class='ocr_line' id='line_1_92' title="bbox 185 2235 970 2270; baseline 0 -7"><span class='ocrx_word' id='word_1_627' title='bbox 185 2235 260 2263; x_wconf 85' lang='lat' dir='ltr'><strong>istud</strong></span> <span class='ocrx_word' id='word_1_628' title='bbox 285 2240 312 2263; x_wconf 93' lang='lat' dir='ltr'><strong>et</strong></span> <span class='ocrx_word' id='word_1_629' title='bbox 337 2236 459 2263; x_wconf 90' lang='lat' dir='ltr'><strong>inveniat</strong></span> <span class='ocrx_word' id='word_1_630' title='bbox 481 2239 509 2262; x_wconf 89' lang='lat' dir='ltr'><strong>et</strong></span> <span class='ocrx_word' id='word_1_631' title='bbox 535 2235 618 2263; x_wconf 87' lang='lat' dir='ltr'><strong>dicat.</strong></span> <span class='ocrx_word' id='word_1_632' title='bbox 639 2236 722 2263; x_wconf 76' lang='lat' dir='ltr'><strong>Vellet</strong></span> <span class='ocrx_word' id='word_1_633' title='bbox 743 2235 838 2270; x_wconf 70' lang='lat' dir='ltr'><strong>igitur.</strong></span> <span class='ocrx_word' id='word_1_634' title='bbox 863 2236 902 2262; x_wconf 88' lang='lat' dir='ltr'><strong>ait</strong></span> <span class='ocrx_word' id='word_1_635' title='bbox 914 2235 970 2268; x_wconf 84' lang='lat' dir='ltr'><strong>ille,</strong></span> 
     </span>
    </p>
   </div>
   <div class='ocr_carea' id='block_1_93' title="bbox 190 2280 972 2316">
    <p class='ocr_par' dir='ltr' id='par_1_93' title="bbox 190 2280 972 2316">
     <span class='ocr_line' id='line_1_93' title="bbox 190 2280 972 2316; baseline 0 -9"><span class='ocrx_word' id='word_1_636' title='bbox 190 2280 303 2308; x_wconf 72' lang='lat' dir='ltr'><strong>Vulcani</strong></span> <span class='ocrx_word' id='word_1_637' title='bbox 314 2281 429 2316; x_wconf 83' lang='lat' dir='ltr'><strong>quadam</strong></span> <span class='ocrx_word' id='word_1_638' title='bbox 443 2286 499 2308; x_wconf 80' lang='lat' dir='ltr'><strong>arte</strong></span> <span class='ocrx_word' id='word_1_639' title='bbox 510 2281 651 2309; x_wconf 78' lang='lat' dir='ltr'><strong>colliauan&#39;</strong></span> <span class='ocrx_word' id='word_1_640' title='bbox 661 2287 685 2308; x_wconf 85' lang='lat' dir='ltr'><strong>et</strong></span> <span class='ocrx_word' id='word_1_641' title='bbox 698 2281 855 2313; x_wconf 74' lang='lat' dir='ltr'><strong>coalescere,</strong></span> <span class='ocrx_word' id='word_1_642' title='bbox 878 2288 972 2307; x_wconf 82' lang='lat' dir='ltr'><strong>unum-</strong></span> 
     </span>
    </p>
   </div>
   <div class='ocr_carea' id='block_1_94' title="bbox 184 2326 516 2361">
    <p class='ocr_par' dir='ltr' id='par_1_94' title="bbox 184 2326 516 2361">
     <span class='ocr_line' id='line_1_94' title="bbox 184 2326 516 2361; baseline 0 -8"><span class='ocrx_word' id='word_1_643' title='bbox 184 2334 234 2361; x_wconf 78' lang='lat' dir='ltr'><strong>que</strong></span> <span class='ocrx_word' id='word_1_644' title='bbox 253 2334 286 2353; x_wconf 71' lang='lat' dir='ltr'><strong>rx</strong></span> <span class='ocrx_word' id='word_1_645' title='bbox 303 2326 430 2353; x_wconf 79' lang='lat' dir='ltr'><strong>ambobus</strong></span> <span class='ocrx_word' id='word_1_646' title='bbox 442 2327 516 2361; x_wconf 75' lang='lat' dir='ltr'><strong>efﬁci.</strong></span> 
     </span>
    </p>
   </div>
   <div class='ocr_carea' id='block_1_95' title="bbox 374 2380 738 2417">
    <p class='ocr_par' dir='ltr' id='par_1_95' title="bbox 374 2380 738 2417">
     <span class='ocr_line' id='line_1_95' title="bbox 374 2380 738 2417; baseline -0.005 -8"><span class='ocrx_word' id='word_1_647' title='bbox 374 2382 455 2417; x_wconf 72' lang='lat'><strong>290</strong></span> <span class='ocrx_word' id='word_1_648' title='bbox 473 2381 641 2409; x_wconf 81' lang='lat' dir='ltr'><strong>EPISTOLA</strong></span> <span class='ocrx_word' id='word_1_649' title='bbox 661 2380 738 2409; x_wconf 86' lang='lat' dir='ltr'><strong>CLII.</strong></span> 
     </span>
    </p>
   </div>
   <div class='ocr_carea' id='block_1_96' title="bbox 522 2427 626 2454">
    <p class='ocr_par' dir='ltr' id='par_1_96' title="bbox 522 2427 626 2454">
     <span class='ocr_line' id='line_1_96' title="bbox 522 2427 626 2454; baseline 0 0"><span class='ocrx_word' id='word_1_650' title='bbox 522 2427 626 2454; x_wconf 83' lang='lat' dir='ltr'><strong>Eidem.</strong></span> 
     </span>
    </p>
   </div>
   <div class='ocr_carea' id='block_1_97' title="bbox 219 2471 968 2507">
    <p class='ocr_par' dir='ltr' id='par_1_97' title="bbox 219 2471 968 2507">
     <span class='ocr_line' id='line_1_97' title="bbox 219 2471 968 2507; baseline -0.004 -7"><span class='ocrx_word' id='word_1_651' title='bbox 219 2472 285 2500; x_wconf 64' lang='lat' dir='ltr'><strong>Tua</strong></span> <span class='ocrx_word' id='word_1_652' title='bbox 300 2473 333 2500; x_wconf 81' lang='lat' dir='ltr'><strong>ad</strong></span> <span class='ocrx_word' id='word_1_653' title='bbox 347 2480 400 2500; x_wconf 90' lang='lat' dir='ltr'><strong>nos</strong></span> <span class='ocrx_word' id='word_1_654' title='bbox 416 2473 515 2500; x_wconf 61' lang='lat' dir='ltr'><strong>litterae</strong></span> <span class='ocrx_word' id='word_1_655' title='bbox 531 2472 679 2507; x_wconf 86' lang='lat' dir='ltr'><strong>quotannis</strong></span> <span class='ocrx_word' id='word_1_656' title='bbox 694 2471 846 2499; x_wconf 74' lang='lat' dir='ltr'><strong>aﬂeruntur</strong></span> <span class='ocrx_word' id='word_1_657' title='bbox 859 2489 867 2502; x_wconf 86' lang='grc'><strong>,</strong></span> <span class='ocrx_word' id='word_1_658' title='bbox 888 2471 968 2506; x_wconf 86' lang='lat' dir='ltr'><strong>quasi</strong></span> 
     </span>
    </p>
   </div>
   <div class='ocr_carea' id='block_1_98' title="bbox 183 2516 968 2553">
    <p class='ocr_par' dir='ltr' id='par_1_98' title="bbox 183 2516 968 2553">
     <span class='ocr_line' id='line_1_98' title="bbox 183 2516 968 2553; baseline -0.004 -7"><span class='ocrx_word' id='word_1_659' title='bbox 183 2517 208 2546; x_wconf 76' lang='lat' dir='ltr'><strong>is</strong></span> <span class='ocrx_word' id='word_1_660' title='bbox 222 2519 258 2546; x_wconf 83' lang='lat' dir='ltr'><strong>sit</strong></span> <span class='ocrx_word' id='word_1_661' title='bbox 273 2518 356 2546; x_wconf 89' lang='lat' dir='ltr'><strong>etiam</strong></span> <span class='ocrx_word' id='word_1_662' title='bbox 374 2522 565 2553; x_wconf 78' lang='lat' dir='ltr'><strong>tempestatum</strong></span> <span class='ocrx_word' id='word_1_663' title='bbox 582 2523 740 2552; x_wconf 85' lang='lat' dir='ltr'><strong>proventus.</strong></span> <span class='ocrx_word' id='word_1_664' title='bbox 758 2517 848 2552; x_wconf 77' lang='lat' dir='ltr'><strong>Atque</strong></span> <span class='ocrx_word' id='word_1_665' title='bbox 869 2521 911 2544; x_wconf 88' lang='lat' dir='ltr'><strong>est</strong></span> <span class='ocrx_word' id='word_1_666' title='bbox 923 2516 968 2543; x_wconf 84' lang='lat' dir='ltr'><strong>ille</strong></span> 
     </span>
    </p>
   </div>
   <div class='ocr_carea' id='block_1_99' title="bbox 182 2562 966 2598">
    <p class='ocr_par' dir='ltr' id='par_1_99' title="bbox 182 2562 966 2598">
     <span class='ocr_line' id='line_1_99' title="bbox 182 2562 966 2598; baseline 0 -9"><span class='ocrx_word' id='word_1_667' title='bbox 182 2563 294 2598; x_wconf 87' lang='lat' dir='ltr'><strong>quidem</strong></span> <span class='ocrx_word' id='word_1_668' title='bbox 311 2563 378 2590; x_wconf 85' lang='lat' dir='ltr'><strong>mihi</strong></span> <span class='ocrx_word' id='word_1_669' title='bbox 395 2563 499 2591; x_wconf 87' lang='lat' dir='ltr'><strong>fructus</strong></span> <span class='ocrx_word' id='word_1_670' title='bbox 515 2563 633 2591; x_wconf 78' lang='lat' dir='ltr'><strong>fortasse</strong></span> <span class='ocrx_word' id='word_1_671' title='bbox 648 2563 806 2597; x_wconf 88' lang='lat' dir='ltr'><strong>jucundior,</strong></span> <span class='ocrx_word' id='word_1_672' title='bbox 823 2569 905 2597; x_wconf 87' lang='lat' dir='ltr'><strong>quam</strong></span> <span class='ocrx_word' id='word_1_673' title='bbox 919 2562 966 2597; x_wconf 89' lang='lat' dir='ltr'><strong>qui</strong></span> 
     </span>
    </p>
   </div>
   <div class='ocr_carea' id='block_1_100' title="bbox 183 2607 966 2643">
    <p class='ocr_par' dir='ltr' id='par_1_100' title="bbox 183 2607 966 2643">
     <span class='ocr_line' id='line_1_100' title="bbox 183 2607 966 2643; baseline 0 -9"><span class='ocrx_word' id='word_1_674' title='bbox 183 2607 320 2634; x_wconf 88' lang='lat' dir='ltr'><strong>mensium</strong></span> <span class='ocrx_word' id='word_1_675' title='bbox 332 2608 531 2640; x_wconf 85' lang='lat' dir='ltr'><strong>vicissitudine,</strong></span> <span class='ocrx_word' id='word_1_676' title='bbox 549 2612 575 2636; x_wconf 87' lang='lat' dir='ltr'><strong>et</strong></span> <span class='ocrx_word' id='word_1_677' title='bbox 593 2609 776 2643; x_wconf 79' lang='lat' dir='ltr'><strong>agricolarum</strong></span> <span class='ocrx_word' id='word_1_678' title='bbox 794 2608 888 2636; x_wconf 84' lang='lat' dir='ltr'><strong>labore</strong></span> <span class='ocrx_word' id='word_1_679' title='bbox 903 2614 966 2642; x_wconf 88' lang='lat' dir='ltr'><strong>pro-</strong></span> 
     </span>
    </p>
   </div>
   <div class='ocr_carea' id='block_1_101' title="bbox 184 2652 968 2688">
    <p class='ocr_par' dir='ltr' id='par_1_101' title="bbox 184 2652 968 2688">
     <span class='ocr_line' id='line_1_101' title="bbox 184 2652 968 2688; baseline 0.001 -9"><span class='ocrx_word' id='word_1_680' title='bbox 184 2652 280 2680; x_wconf 88' lang='lat' dir='ltr'><strong>fertur.</strong></span> <span class='ocrx_word' id='word_1_681' title='bbox 303 2652 344 2680; x_wconf 87' lang='lat' dir='ltr'><strong>Tu</strong></span> <span class='ocrx_word' id='word_1_682' title='bbox 368 2661 434 2681; x_wconf 87' lang='lat' dir='ltr'><strong>vero</strong></span> <span class='ocrx_word' id='word_1_683' title='bbox 464 2654 557 2688; x_wconf 90' lang='lat' dir='ltr'><strong>inique</strong></span> <span class='ocrx_word' id='word_1_684' title='bbox 581 2652 669 2684; x_wconf 85' lang='lat' dir='ltr'><strong>facis,</strong></span> <span class='ocrx_word' id='word_1_685' title='bbox 695 2653 740 2688; x_wconf 87' lang='lat' dir='ltr'><strong>qui</strong></span> <span class='ocrx_word' id='word_1_686' title='bbox 768 2660 863 2680; x_wconf 87' lang='lat' dir='ltr'><strong>earum</strong></span> <span class='ocrx_word' id='word_1_687' title='bbox 888 2652 968 2680; x_wconf 86' lang='lat' dir='ltr'><strong>nobis</strong></span> 
     </span>
    </p>
   </div>
   <div class='ocr_carea' id='block_1_102' title="bbox 183 2697 968 2731">
    <p class='ocr_par' dir='ltr' id='par_1_102' title="bbox 183 2697 968 2731">
     <span class='ocr_line' id='line_1_102' title="bbox 183 2697 968 2731; baseline 0 -8"><span class='ocrx_word' id='word_1_688' title='bbox 183 2698 348 2731; x_wconf 83' lang='lat' dir='ltr'><strong>voluptatem</strong></span> <span class='ocrx_word' id='word_1_689' title='bbox 372 2698 527 2726; x_wconf 86' lang='lat' dir='ltr'><strong>subtrahas.</strong></span> <span class='ocrx_word' id='word_1_690' title='bbox 544 2697 646 2726; x_wconf 83' lang='lat' dir='ltr'><strong>Verum</strong></span> <span class='ocrx_word' id='word_1_691' title='bbox 665 2698 707 2725; x_wconf 90' lang='lat' dir='ltr'><strong>fac</strong></span> <span class='ocrx_word' id='word_1_692' title='bbox 728 2697 891 2724; x_wconf 85' lang='lat' dir='ltr'><strong>sententiam</strong></span> <span class='ocrx_word' id='word_1_693' title='bbox 907 2703 968 2723; x_wconf 85' lang='lat' dir='ltr'><strong>utu-</strong></span> 
     </span>
    </p>
   </div>
   <div class='ocr_carea' id='block_1_103' title="bbox 185 2741 968 2778">
    <p class='ocr_par' dir='ltr' id='par_1_103' title="bbox 185 2741 968 2778">
     <span class='ocr_line' id='line_1_103' title="bbox 185 2741 968 2778; baseline 0 -10"><span class='ocrx_word' id='word_1_694' title='bbox 185 2747 243 2773; x_wconf 86' lang='lat' dir='ltr'><strong>tes,</strong></span> <span class='ocrx_word' id='word_1_695' title='bbox 272 2742 404 2778; x_wconf 87' lang='lat' dir='ltr'><strong>nobisque</strong></span> <span class='ocrx_word' id='word_1_696' title='bbox 430 2743 482 2771; x_wconf 90' lang='lat' dir='ltr'><strong>hoc</strong></span> <span class='ocrx_word' id='word_1_697' title='bbox 510 2744 606 2771; x_wconf 87' lang='lat' dir='ltr'><strong>saltem</strong></span> <span class='ocrx_word' id='word_1_698' title='bbox 622 2749 694 2770; x_wconf 85' lang='lat' dir='ltr'><strong>anno</strong></span> <span class='ocrx_word' id='word_1_699' title='bbox 712 2743 867 2771; x_wconf 85' lang='lat' dir='ltr'><strong>litterarum</strong></span> <span class='ocrx_word' id='word_1_700' title='bbox 890 2741 968 2769; x_wconf 81' lang='lat' dir='ltr'><strong>uber-</strong></span> 
     </span>
    </p>
   </div>
   <div class='ocr_carea' id='block_1_104' title="bbox 185 2787 415 2822">
    <p class='ocr_par' dir='ltr' id='par_1_104' title="bbox 185 2787 415 2822">
     <span class='ocr_line' id='line_1_104' title="bbox 185 2787 415 2822; baseline 0.004 -8"><span class='ocrx_word' id='word_1_701' title='bbox 185 2790 268 2814; x_wconf 71' lang='lat' dir='ltr'><strong>tatem</strong></span> <span class='ocrx_word' id='word_1_702' title='bbox 283 2787 415 2822; x_wconf 66' lang='lat' dir='ltr'><strong>prmbeas.</strong></span> 
     </span>
    </p>
   </div>
   <div class='ocr_carea' id='block_1_105' title="bbox 1022 2235 1809 2273">
    <p class='ocr_par' dir='ltr' id='par_1_105' title="bbox 1022 2235 1809 2273">
     <span class='ocr_line' id='line_1_105' title="bbox 1022 2235 1809 2273; baseline 0 -9"><span class='ocrx_word' id='word_1_703' title='bbox 1022 2238 1069 2264; x_wconf 79' lang='grc' dir='ltr'>καὶ</span> <span class='ocrx_word' id='word_1_704' title='bbox 1091 2237 1221 2273; x_wconf 73' lang='grc' dir='ltr'>εἰρηκώς.</span> <span class='ocrx_word' id='word_1_705' title='bbox 1251 2238 1385 2264; x_wconf 73' lang='grc' dir='ltr'>Βούλοιέ</span> <span class='ocrx_word' id='word_1_706' title='bbox 1399 2237 1437 2264; x_wconf 82' lang='grc' dir='ltr'><strong>ἃν</strong></span> <span class='ocrx_word' id='word_1_707' title='bbox 1460 2235 1533 2270; x_wconf 82' lang='grc' dir='ltr'>οὖν,</span> <span class='ocrx_word' id='word_1_708' title='bbox 1550 2237 1632 2272; x_wconf 82' lang='grc' dir='ltr'>φησὶ,</span> <span class='ocrx_word' id='word_1_709' title='bbox 1648 2237 1809 2271; x_wconf 48' lang='grc' dir='ltr'>Ἠῇαίστου</span> 
     </span>
    </p>
   </div>
   <div class='ocr_carea' id='block_1_106' title="bbox 1020 2282 1811 2317">
    <p class='ocr_par' dir='ltr' id='par_1_106' title="bbox 1020 2282 1811 2317">
     <span class='ocr_line' id='line_1_106' title="bbox 1020 2282 1811 2317; baseline -0.001 -8"><span class='ocrx_word' id='word_1_710' title='bbox 1020 2283 1110 2317; x_wconf 76' lang='grc' dir='ltr'><strong>τέχνῃ</strong></span> <span class='ocrx_word' id='word_1_711' title='bbox 1123 2282 1312 2317; x_wconf 77' lang='grc' dir='ltr'>συντακῆναι</span> <span class='ocrx_word' id='word_1_712' title='bbox 1321 2291 1354 2309; x_wconf 83' lang='grc' dir='ltr'>τε</span> <span class='ocrx_word' id='word_1_713' title='bbox 1363 2283 1413 2309; x_wconf 80' lang='grc' dir='ltr'><strong>καὶ</strong></span> <span class='ocrx_word' id='word_1_714' title='bbox 1425 2282 1613 2317; x_wconf 72' lang='grc' dir='ltr'>συμφυῆναι,</span> <span class='ocrx_word' id='word_1_715' title='bbox 1623 2283 1672 2309; x_wconf 77' lang='grc' dir='ltr'>καὶ</span> <span class='ocrx_word' id='word_1_716' title='bbox 1679 2282 1714 2309; x_wconf 82' lang='grc' dir='ltr'><strong>ἐν</strong></span> <span class='ocrx_word' id='word_1_717' title='bbox 1723 2282 1811 2316; x_wconf 60' lang='grc' dir='ltr'>ἄμφω</span> 
     </span>
    </p>
   </div>
   <div class='ocr_carea' id='block_1_107' title="bbox 1021 2328 1171 2362">
    <p class='ocr_par' dir='ltr' id='par_1_107' title="bbox 1021 2328 1171 2362">
     <span class='ocr_line' id='line_1_107' title="bbox 1021 2328 1171 2362; baseline -0.007 -7"><span class='ocrx_word' id='word_1_718' title='bbox 1021 2328 1159 2362; x_wconf 76' lang='grc' dir='ltr'>γενέσθαι</span> <span class='ocrx_word' id='word_1_719' title='bbox 1164 2347 1171 2354; x_wconf 94' lang='grc'><strong><em>.</em></strong></span> 
     </span>
    </p>
   </div>
   <div class='ocr_carea' id='block_1_108' title="bbox 1270 2384 1545 2412">
    <p class='ocr_par' dir='ltr' id='par_1_108' title="bbox 1270 2384 1545 2412">
     <span class='ocr_line' id='line_1_108' title="bbox 1270 2384 1545 2412; baseline 0.004 -2"><span class='ocrx_word' id='word_1_720' title='bbox 1270 2384 1442 2411; x_wconf 83' lang='grc' dir='ltr'><strong>ΕΠΙΣΤΟΛΗ</strong></span> <span class='ocrx_word' id='word_1_721' title='bbox 1459 2384 1545 2412; x_wconf 84' lang='grc' dir='ltr'><strong>ΡΝΒ’.</strong></span> 
     </span>
    </p>
   </div>
   <div class='ocr_carea' id='block_1_109' title="bbox 1337 2429 1488 2462">
    <p class='ocr_par' dir='ltr' id='par_1_109' title="bbox 1337 2429 1488 2462">
     <span class='ocr_line' id='line_1_109' title="bbox 1337 2429 1488 2462; baseline 0.007 -6"><span class='ocrx_word' id='word_1_722' title='bbox 1337 2429 1381 2461; x_wconf 89' lang='grc' dir='ltr'><strong>Τῷ</strong></span> <span class='ocrx_word' id='word_1_723' title='bbox 1397 2429 1488 2462; x_wconf 84' lang='grc' dir='ltr'>αὐτῷ.</span> 
     </span>
    </p>
   </div>
   <div class='ocr_carea' id='block_1_110' title="bbox 1055 2473 1808 2511">
    <p class='ocr_par' dir='ltr' id='par_1_110' title="bbox 1055 2473 1808 2511">
     <span class='ocr_line' id='line_1_110' title="bbox 1055 2473 1808 2511; baseline 0.004 -11"><span class='ocrx_word' id='word_1_724' title='bbox 1055 2475 1096 2500; x_wconf 81' lang='grc' dir='ltr'><strong>Δι’</strong></span> <span class='ocrx_word' id='word_1_725' title='bbox 1119 2473 1194 2505; x_wconf 71' lang='grc' dir='ltr'>ἔτους</span> <span class='ocrx_word' id='word_1_726' title='bbox 1218 2475 1283 2509; x_wconf 76' lang='grc' dir='ltr'>ἡμῖν</span> <span class='ocrx_word' id='word_1_727' title='bbox 1302 2475 1457 2508; x_wconf 72' lang='grc' dir='ltr'>ἀφικνεῖται</span> <span class='ocrx_word' id='word_1_728' title='bbox 1482 2476 1558 2510; x_wconf 85' lang='grc' dir='ltr'>παρὰ</span> <span class='ocrx_word' id='word_1_729' title='bbox 1581 2475 1627 2502; x_wconf 90' lang='grc' dir='ltr'><strong>σοῦ</strong></span> <span class='ocrx_word' id='word_1_730' title='bbox 1645 2476 1808 2511; x_wconf 83' lang='grc' dir='ltr'>γράμματα,</span> 
     </span>
    </p>
   </div>
   <div class='ocr_carea' id='block_1_111' title="bbox 1020 2519 1810 2556">
    <p class='ocr_par' dir='ltr' id='par_1_111' title="bbox 1020 2519 1810 2556">
     <span class='ocr_line' id='line_1_111' title="bbox 1020 2519 1810 2556; baseline 0.003 -10"><span class='ocrx_word' id='word_1_731' title='bbox 1020 2519 1116 2554; x_wconf 81' lang='grc' dir='ltr'>ὥσπερ</span> <span class='ocrx_word' id='word_1_732' title='bbox 1131 2519 1185 2545; x_wconf 87' lang='grc' dir='ltr'><strong>τῶν</strong></span> <span class='ocrx_word' id='word_1_733' title='bbox 1197 2519 1277 2554; x_wconf 84' lang='grc' dir='ltr'><strong>ὼρῶν</strong></span> <span class='ocrx_word' id='word_1_734' title='bbox 1289 2519 1337 2546; x_wconf 78' lang='grc' dir='ltr'>καὶ</span> <span class='ocrx_word' id='word_1_735' title='bbox 1350 2520 1428 2546; x_wconf 87' lang='grc' dir='ltr'>τοῦτο</span> <span class='ocrx_word' id='word_1_736' title='bbox 1438 2520 1587 2554; x_wconf 83' lang='grc' dir='ltr'>φερουσῶν.</span> <span class='ocrx_word' id='word_1_737' title='bbox 1610 2521 1687 2556; x_wconf 75' lang='grc' dir='ltr'>Ἐμοὶ</span> <span class='ocrx_word' id='word_1_738' title='bbox 1703 2522 1752 2556; x_wconf 79' lang='grc' dir='ltr'>μὲν</span> <span class='ocrx_word' id='word_1_739' title='bbox 1762 2520 1810 2548; x_wconf 87' lang='grc' dir='ltr'>οὖν</span> 
     </span>
    </p>
   </div>
   <div class='ocr_carea' id='block_1_112' title="bbox 1021 2562 1810 2601">
    <p class='ocr_par' dir='ltr' id='par_1_112' title="bbox 1021 2562 1810 2601">
     <span class='ocr_line' id='line_1_112' title="bbox 1021 2562 1810 2601; baseline 0.004 -11"><span class='ocrx_word' id='word_1_740' title='bbox 1021 2565 1087 2596; x_wconf 81' lang='grc' dir='ltr'>ῐσως</span> <span class='ocrx_word' id='word_1_741' title='bbox 1104 2564 1210 2599; x_wconf 78' lang='grc' dir='ltr'>καρπὸς</span> <span class='ocrx_word' id='word_1_742' title='bbox 1229 2564 1311 2599; x_wconf 78' lang='grc' dir='ltr'>ἡδίων</span> <span class='ocrx_word' id='word_1_743' title='bbox 1327 2562 1418 2598; x_wconf 73' lang='grc' dir='ltr'>οὗτος,</span> <span class='ocrx_word' id='word_1_744' title='bbox 1434 2565 1451 2600; x_wconf 87' lang='grc' dir='ltr'>ἢ</span> <span class='ocrx_word' id='word_1_745' title='bbox 1476 2565 1505 2592; x_wconf 73' lang='grc' dir='ltr'>ὃν</span> <span class='ocrx_word' id='word_1_746' title='bbox 1528 2565 1691 2600; x_wconf 74' lang='grc' dir='ltr'>ἐκτρέφουσι</span> <span class='ocrx_word' id='word_1_747' title='bbox 1715 2567 1810 2601; x_wconf 80' lang='grc' dir='ltr'>μηνῶν</span> 
     </span>
    </p>
   </div>
   <div class='ocr_carea' id='block_1_113' title="bbox 1018 2609 1808 2647">
    <p class='ocr_par' dir='ltr' id='par_1_113' title="bbox 1018 2609 1808 2647">
     <span class='ocr_line' id='line_1_113' title="bbox 1018 2609 1808 2647; baseline 0.003 -12"><span class='ocrx_word' id='word_1_748' title='bbox 1018 2609 1127 2641; x_wconf 83' lang='grc' dir='ltr'>κύκλοι,</span> <span class='ocrx_word' id='word_1_749' title='bbox 1143 2609 1190 2635; x_wconf 75' lang='grc' dir='ltr'>καὶ</span> <span class='ocrx_word' id='word_1_750' title='bbox 1206 2609 1334 2644; x_wconf 83' lang='grc' dir='ltr'>γεωργοί.</span> <span class='ocrx_word' id='word_1_751' title='bbox 1362 2610 1398 2636; x_wconf 86' lang='grc' dir='ltr'><strong>Σὺ</strong></span> <span class='ocrx_word' id='word_1_752' title='bbox 1414 2609 1443 2636; x_wconf 80' lang='grc' dir='ltr'><strong>δὲ</strong></span> <span class='ocrx_word' id='word_1_753' title='bbox 1465 2610 1515 2636; x_wconf 79' lang='grc' dir='ltr'>οὐκ</span> <span class='ocrx_word' id='word_1_754' title='bbox 1528 2610 1562 2637; x_wconf 84' lang='grc' dir='ltr'>ἂν</span> <span class='ocrx_word' id='word_1_755' title='bbox 1583 2611 1676 2637; x_wconf 74' lang='grc' dir='ltr'>εἰκότα</span> <span class='ocrx_word' id='word_1_756' title='bbox 1690 2612 1808 2647; x_wconf 81' lang='grc' dir='ltr'>ποιοίης,</span> 
     </span>
    </p>
   </div>
   <div class='ocr_carea' id='block_1_114' title="bbox 1018 2654 1810 2691">
    <p class='ocr_par' dir='ltr' id='par_1_114' title="bbox 1018 2654 1810 2691">
     <span class='ocr_line' id='line_1_114' title="bbox 1018 2654 1810 2691; baseline 0.004 -11"><span class='ocrx_word' id='word_1_757' title='bbox 1018 2654 1068 2689; x_wconf 86' lang='grc' dir='ltr'>τῆς</span> <span class='ocrx_word' id='word_1_758' title='bbox 1082 2654 1128 2680; x_wconf 76' lang='grc' dir='ltr'><strong>ἐπὶ</strong></span> <span class='ocrx_word' id='word_1_759' title='bbox 1141 2654 1245 2687; x_wconf 81' lang='grc' dir='ltr'>τούτοις</span> <span class='ocrx_word' id='word_1_760' title='bbox 1260 2656 1333 2690; x_wconf 78' lang='grc' dir='ltr'>ἡμᾶς</span> <span class='ocrx_word' id='word_1_761' title='bbox 1355 2655 1524 2691; x_wconf 80' lang='grc' dir='ltr'>εὐφροσύνης</span> <span class='ocrx_word' id='word_1_762' title='bbox 1537 2656 1705 2690; x_wconf 80' lang='grc' dir='ltr'>ἀποστερῶν.</span> <span class='ocrx_word' id='word_1_763' title='bbox 1728 2657 1810 2684; x_wconf 77' lang='grc' dir='ltr'>’Δλλὰ</span> 
     </span>
    </p>
   </div>
   <div class='ocr_carea' id='block_1_115' title="bbox 1020 2698 1808 2736">
    <p class='ocr_par' dir='ltr' id='par_1_115' title="bbox 1020 2698 1808 2736">
     <span class='ocr_line' id='line_1_115' title="bbox 1020 2698 1808 2736; baseline 0.003 -11"><span class='ocrx_word' id='word_1_764' title='bbox 1020 2698 1136 2734; x_wconf 80' lang='grc' dir='ltr'>μετάθου</span> <span class='ocrx_word' id='word_1_765' title='bbox 1148 2698 1198 2734; x_wconf 85' lang='grc' dir='ltr'>τὴν</span> <span class='ocrx_word' id='word_1_766' title='bbox 1205 2699 1329 2734; x_wconf 86' lang='grc' dir='ltr'>γνώμην,</span> <span class='ocrx_word' id='word_1_767' title='bbox 1346 2700 1392 2728; x_wconf 82' lang='grc' dir='ltr'>καὶ</span> <span class='ocrx_word' id='word_1_768' title='bbox 1405 2699 1516 2736; x_wconf 82' lang='grc' dir='ltr'>ποίησον</span> <span class='ocrx_word' id='word_1_769' title='bbox 1531 2700 1596 2735; x_wconf 81' lang='grc' dir='ltr'>ἡμῖν</span> <span class='ocrx_word' id='word_1_770' title='bbox 1606 2700 1636 2726; x_wconf 79' lang='grc' dir='ltr'><strong>τὺ</strong></span> <span class='ocrx_word' id='word_1_771' title='bbox 1648 2699 1713 2734; x_wconf 87' lang='grc' dir='ltr'>γοῦν</span> <span class='ocrx_word' id='word_1_772' title='bbox 1725 2700 1808 2736; x_wconf 79' lang='grc' dir='ltr'>τῆτες</span> 
     </span>
    </p>
   </div>
   <div class='ocr_carea' id='block_1_116' title="bbox 1019 2743 1340 2779">
    <p class='ocr_par' dir='ltr' id='par_1_116' title="bbox 1019 2743 1340 2779">
     <span class='ocr_line' id='line_1_116' title="bbox 1019 2743 1340 2779; baseline 0.006 -10"><span class='ocrx_word' id='word_1_773' title='bbox 1019 2743 1162 2779; x_wconf 82' lang='grc' dir='ltr'>εὐετηρίαν</span> <span class='ocrx_word' id='word_1_774' title='bbox 1180 2744 1340 2771; x_wconf 69' lang='grc' dir='ltr'>ἐπιστολῶν.</span> 
     </span>
    </p>
   </div>
  </div>
