1990 3060
185 183 197 211 Ι
204 183 256 211 555

440 239 613 267 ΕΠΙΣΤΟΛΠ
629 238 714 266 PNI".

478 286 516 320 Τῇ
530 286 695 320 φιλοσόφῳ.

217 335 305 370 Τῆτες
316 333 447 368 ἐξήνεγκα
462 332 508 358 δύο
526 331 614 366 βιὸλία
634 332 689 364 (91)
700 351 707 362 ,
725 331 754 356 τὸ
773 329 836 364 μὲν,
851 329 903 355 ὑπὸ
920 328 966 354 τοῦ

180 380 248 407 Θεοῦ
265 379 398 414 κινηθείς·
418 378 448 404 τὸ
461 377 499 409 δὲ,
515 377 567 403 ὑπὸ
584 375 716 411 λοιδορίας
731 375 891 411 ἀνθρώπων.
914 375 967 400 Καὶ

180 427 234 462 γὰρ
249 426 302 452 τῶν
318 426 345 451 ἐν
356 425 462 456 λευκοῖς
476 424 541 450 ἔνιοι
556 423 680 458 τρίόωσι,
698 422 744 449 καὶ
759 422 813 448 τῶν
825 422 853 447 έν
867 422 966 455 φαιοῖς,

179 471 283 505 ἔφασάν
300 479 332 505 με
342 471 508 506 παρανομεῖν
518 471 556 500 είς
571 468 741 503 φιλοσοφίαν,
759 467 888 493 ἐπαΐοντα
900 465 966 492 κάλ-

179 517 241 549 λους
263 518 291 543 ἐν
304 516 408 549 λέξεσι.
436 515 484 542 καὶ
506 514 625 550 ῥυθμοῦ,
652 513 776 548 καὶπερὶ
801 513 922 547 Ὀμήρου
941 520 967 538 τι

179 563 268 597 λέγειν
283 562 425 595 ἀξιοῦντα,
440 561 488 587 καὶ
501 560 554 587 τῶν
574 561 602 586 ἐν
617 561 676 591 ταῖς
691 558 846 594 ῥητορείαις
862 557 968 592 σχημά-

179 618 248 636 των-
262 609 299 640 ὡς
313 609 345 643 δὴ
360 608 404 634 τὸν
418 607 562 642 φιλόσοφον
577 606 718 641 μισολόγον
734 602 804 631 εἶναι
818 604 967 639 προσήκειν

180 655 236 691 [γρ.
256 653 410 690 προσήκει],
421 653 466 680 καὶ
477 653 543 688 μόνα
558 651 787 687 περιεργάζεσθαι
799 650 833 676 τὰ
842 650 967 683 δαιμόνια

181 702 339 735 πράγματα.
357 700 411 726 Καὶ
427 699 503 725 αὐτοὶ
516 698 564 732 μὲν
580 697 677 732 θεωροὶ
688 696 735 723 τοῦ
751 696 845 731 νοητοῦ
858 695 967 729 γεγονό-

178 754 240 776 τες’
257 745 306 779 ἐμὲ
323 745 351 770 δὲ
365 744 394 771 οὐ
413 743 500 777 θέμις.
516 743 581 769 διότι
597 742 671 777 νέμω
687 741 749 768 τινὰ
766 741 862 776 σχολὴν
876 741 907 767 ὲκ
920 740 966 766 τοῦ

179 792 238 826 βίου
252 791 290 825 τῷ
310 791 356 816 καὶ
369 789 417 824 τὴν
435 788 557 822 γλώτταν
569 787 753 823 καθήρασθαι,
774 787 820 813 καὶ
837 786 886 821 τὴν
898 786 967 820 γνώ-

180 846 234 872 μην
248 837 315 873 ἡδίω
327 835 462 870 γενέσθαι.
494 835 589 869 Ἐνῆγε
601 834 655 869 γὰρ
670 833 769 864 αὐτοὺς
784 834 824 864 είς
838 832 868 859 τὸ
884 840 968 858 κατα-

177 883 286 909 δικάσαι
301 891 350 917 μου
366 881 433 916 πρὸς
447 880 530 916 μόνην
546 879 656 906 παιδιὰν
672 878 822 913 ἐπιτήδειον
838 876 918 909 εἶναι,
936 877 967 903 τὸ

177 930 227 961 τὰς
240 927 428 963 Κυνηγετικὰς
452 928 485 953 ἐκ
502 926 553 961 τῆς
566 926 655 956 οἰκίας
676 925 725 952 οὐκ
739 923 786 951 οἷδ’
800 925 873 956 ὅπως
889 923 965 958 διαρ-

179 975 291 1010 ρυείσας
303 995 310 1006 ,
334 973 534 1007 σπουδασθῆναι
555 971 736 1006 διαφερόντως
750 970 801 996 ὑπὸ
819 969 966 996 νεανίσκων

177 1021 269 1052 ἐνίων,
292 1017 332 1051 οἷς
357 1018 535 1054 Ἑλληνισμοῦ
549 1026 578 1044 τε
598 1017 644 1044 καὶ
663 1017 772 1052 χάριτος
794 1015 892 1050 ἑμελε“
919 1015 965 1041 καί

176 1075 237 1092 τινα
249 1065 302 1091 τῶν
314 1065 346 1091 ὲκ
359 1064 502 1099 ποιητικῆς
520 1061 658 1098 ἐπιμελῶς
682 1062 777 1096 ἔχοντα
786 1080 793 1092 ,
817 1061 863 1087 καὶ
875 1068 965 1095 παρα-

176 1111 317 1138 δεικνύντα
331 1119 356 1138 τι
370 1110 418 1145 τῆς
433 1109 550 1145 ἀρχαίας
571 1108 664 1144 χειρός
677 1116 684 1124 ”
712 1109 780 1142 ὅπερ
797 1107 844 1134 ἐπὶ
853 1107 966 1136 τῶν,ἁν-

175 1158 307 1193 δριάντων
331 1157 420 1190 λέγειν
443 1155 589 1191 εἰώθαμεν.
628 1154 699 1181 Ἀλλ’
721 1154 832 1181 ἐκείνων
852 1154 877 1180 oi
903 1153 963 1188 μὲν,

177 1204 294 1239 ἀμαθίας
308 1202 463 1237 ἡγουμένης
476 1203 522 1229 τοῦ
538 1202 666 1236 θράσους,
683 1201 887 1237 προχειρότατοι
898 1199 965 1226 πάν.

175 1257 229 1275 των
240 1248 293 1274 είσὶ
312 1248 373 1281 περὶ
386 1247 433 1273 τοῦ
447 1247 514 1273 Θεοῦ
529 1246 701 1281 διαλέγεσθαι
714 1254 720 1261 '
734 1243 776 1278 οἷς
791 1245 824 1272 ἂν
837 1246 962 1281 ἐντύχῃς,

175 1294 256 1325 εὐθὺς
281 1293 384 1329 ἀκούσῃ
405 1293 466 1320 τινὰ
481 1293 545 1328 περὶ
561 1292 614 1319 τῶν
632 1292 831 1326 ἀσυλλογίστων
844 1291 964 1325 συλλογι-

176 1340 266 1376 σμῶν·
282 1341 328 1366 καὶ
348 1340 385 1375 μὴ
400 1339 534 1374 δεομένων
548 1338 709 1365 ἐπαντλοῢσι
725 1338 779 1365 τῶν
795 1337 892 1372 λόγων,
910 1338 964 1372 ἰδίᾳ

174 1395 200 1412 τι
220 1386 290 1412 δοκῶ
313 1394 356 1420 μοι
381 1385 508 1420 διαφέρον
525 1386 626 1416 αὺτοῖς.
656 1384 722 1411 Ἀπδ
744 1383 799 1419 γὰρ
815 1383 917 1409 τούτων
934 1383 964 1409 ἐν

173 1434 233 1464 ταῖς
259 1432 368 1459 πόλεσιν
391 1433 415 1458 ot
439 1430 662 1466 δημοδιδὲισκαλοι
685 1430 819 1464 γίνονται,
837 1429 963 1456 όταὺτόν

174 1478 235 1513 [γρ.
251 1474 289 1512 ᾧ]
301 1479 358 1503 ἐστι
373 1477 419 1503 καὶ
436 1476 465 1502 τὸ
482 1476 566 1511 κέρας
579 1475 629 1510 τῆς
647 1475 826 1510 ’Δμαλθείας,
845 1471 868 1508 ᾧ
889 1472 963 1501 οὗτοί

172 1533 204 1558 γε
219 1524 274 1551 δεῖν
289 1523 391 1550 οἴονται
408 1521 536 1558 χρῆσθαι.
569 1520 775 1554 Ἑπιγινώσκεις
785 1540 793 1553 ,
808 1518 883 1555 οἶμαι
893 1539 901 1551 ,
932 1520 961 1546 τὸ

765 181 997 210 EI’iSTOL/E.——
1013 183 1121 211 EPIST.
1138 185 1227 213 CLIII.

1736 192 1806 222 I355

1279 240 1444 270 EPISTOLA
1458 243 1546 271 CLIII.

1248 286 1412 322 Philosophia
1432 291 1576 324 magistrae.

1055 330 1127 357 Duos
1154 331 1206 357 hoc
1227 341 1298 358 anno
1327 333 1414 360 libros
1437 335 1531 366 edidi,
1558 337 1674 363 alterum
1703 345 1717 363 a
1738 337 1803 371 Deo,

1019 377 1132 403 alterum
1160 378 1292 404 conviciis
1335 379 1477 406 hominum
1525 381 1668 414 impulsus.
1699 383 1803 410 Etenim

1019 423 1142 449 nonnulli
1176 423 1344 457 candidum,
1370 426 1473 459 pullum
1504 427 1548 453 alii
1575 428 1703 455 amictum
1737 437 1804 464 pra--

1018 468 1179 500 ferentium,
1214 477 1328 504 peccare
1358 479 1401 498 me
1427 471 1454 498 in
1487 472 1686 507 philosophiam
1713 475 1803 508 jacta-

1018 514 1100 544 baut,
1130 515 1203 548 quod
1232 515 1260 542 in
1288 516 1379 543 verbis
1409 521 1579 544 venustatem
1606 526 1804 554 numerumque

1017 565 1211 594 consectarer;
1227 563 1298 596 quod
1312 562 1345 589 de
1358 561 1486 592 Ilomero.
1500 563 1673 598 propriisque
1690 566 1804 592 oratorii

1018 606 1125 632 artilieLi
1152 607 1245 641 ﬁguris
1270 607 1436 635 mentionem
1462 608 1545 634 ullam
1567 607 1684 636 facerem
1700 619 1706 636 :
1725 611 1805 644 quasi

1019 652 1210 686 philosophum
1238 653 1390 680 litterarum
1421 661 1529 681 osorclu
1562 662 1624 682 esse
1657 661 1803 689 oporteat,

1018 698 1132 732 solaque
1145 698 1298 725 divinarum
1312 707 1403 726 rerum
1418 699 1629 734 investigatione
1641 700 1804 727 distentum.

1018 743 1050 769 Et
1062 743 1098 770 illi
1115 744 1225 778 quidem
1252 745 1312 778 ejus
1334 745 1407 780 quod
1424 746 1603 780 intelligentia
1621 748 1805 781 comprehcn-

1017 789 1092 816 ditur
1117 790 1303 824 speculatores
1329 795 1394 818 sunt
1416 799 1422 816 :
1446 791 1511 818 mihi
1536 795 1626 819 autem
1651 792 1728 819 uel'as
1752 798 1804 824 est,

1017 839 1161 870 propterea
1182 836 1253 870 quod
1269 837 1317 863 otii
1339 837 1458 871 aliquam
1481 845 1496 864 ο
1512 837 1566 863 vita
1586 841 1691 871 partem
1716 838 1806 864 exime

1017 881 1050 907 ad
1067 881 1186 915 linguam
1200 881 1415 916 procudendum.
1439 887 1613 917 mentemque
1631 883 1722 917 aliqua
1738 883 1806 910 hila.

1018 926 1098 953 ritate
1112 926 1300 954 recreandum.
1322 927 1385 955 Ideo
1399 932 1490 955 autem
1512 928 1622 955 adducti
1640 934 1706 956 sunt
1721 933 1750 956 ut
1763 938 1805 956 nze

1016 972 1179 1000 adludricra
1200 974 1333 1000 duntaxat
1348 974 1475 1001 idoneuln
1495 982 1556 1001 esse
1571 974 1707 1005 dicerent.
1724 975 1798 1010 quod

1016 1026 1079 1045 cum
1096 1019 1259 1054 Cynegetica
1273 1027 1332 1047 mea
1349 1020 1443 1048 nescio
1458 1020 1597 1054 quomodo
1611 1021 1678 1048 meis
1692 1028 1725 1048 ex
1739 1021 1804 1047 tedi-

1016 1063 1068 1091 hus
1090 1065 1262 1099 erupissent,
1285 1072 1412 1100 magnum
1429 1065 1562 1100 imprimis
1590 1066 1618 1092 in
1638 1066 1805 1100 quibusdam

1016 1110 1238 1138 adolescentibus
1250 1111 1406 1138 excitarunt
1422 1111 1542 1138 studium
1555 1113 1608 1144 sui,
1623 1113 1669 1146 qui
1683 1111 1804 1139 Graecam

1017 1155 1172 1183 facundiam
1194 1161 1221 1184 et
1241 1157 1361 1191 leporem
1380 1156 1560 1190 adamarent;
1584 1159 1775 1193 nonnullaque
1788 1166 1805 1186 a

1015 1202 1124 1237 poetica
1151 1209 1213 1230 cum
1235 1202 1328 1230 studio
1352 1202 1491 1237 profecta,
1512 1208 1539 1230 et
1563 1203 1683 1239 antiquae
1707 1212 1805 1232 manus

1015 1249 1118 1284 aliquid
1138 1256 1194 1283 pra:
1208 1256 1239 1276 se
1254 1249 1368 1275 ferentia
1384 1248 1552 1283 probarent,
1566 1249 1640 1284 quod
1658 1250 1692 1277 de
1705 1250 1806 1277 statuis

1015 1295 1108 1322 dicere
1121 1295 1252 1322 solemus.
1272 1293 1325 1321 Sed
1350 1294 1423 1321 inter
1439 1294 1500 1321 illos
1518 1294 1576 1326 alii,
1593 1295 1702 1322 inscitia
1715 1296 1810 1324 auda-V

1014 1340 1064 1368 ciae
1082 1343 1233 1374 praeunte,
1254 1339 1377 1366 omnium
1401 1342 1466 1366 sunt
1483 1339 1517 1366 ad
1541 1347 1684 1368 sermones
1698 1340 1732 1368 de
1749 1339 1808 1368 Deo

1015 1385 1199 1412 instituendos
1214 1385 1431 1419 promptissimi;
1444 1385 1470 1412 in
1484 1393 1554 1419 quos
1566 1386 1589 1412 si
1601 1385 1718 1417 incidas,
1734 1394 1806 1421 qua:-

1014 1430 1076 1457 dam
1094 1431 1186 1458 statim
1198 1431 1231 1457 de
1245 1438 1387 1464 perperam
1404 1431 1530 1458 collectis
1546 1431 1806 1459 ratiocinationibus

1013 1477 1108 1504 audies
1126 1486 1133 1504 :
1149 1484 1181 1503 ac
1196 1477 1240 1504 vel
1258 1477 1331 1503 aliud
1354 1477 1500 1511 agentibus
1526 1477 1681 1505 istiusmodi
1698 1483 1805 1505 sermo-

1014 1531 1064 1550 nes
1077 1523 1238 1555 itiiundtlnt,
1252 1523 1324 1556 quod
1337 1522 1464 1557 privatim
1482 1530 1543 1553 sua,
1556 1527 1585 1549 ut
1599 1523 1708 1557 opinor,
1723 1523 1804 1550 inter-

173 1573 254 1608 φῦλον
271 1571 348 1598 τοῦτο
359 1569 388 1596 τὸ
402 1568 500 1604 ῥᾴδιον,
513 1568 527 1594 ὃ
535 1568 672 1595 διαϐάλλει
683 1567 810 1601 γενναίαν
820 1567 957 1594 ὑπόθεσιν.

1015 1573 1064 1596 est.
1080 1568 1119 1595 Ex
1131 1568 1166 1596 iis
1179 1569 1252 1596 enim
1268 1569 1481 1596 concionatores
1494 1568 1521 1595 in
1534 1568 1693 1596 civitatibus
1710 1569 1777 1595 ﬁunt
1794 1581 1801 1599 ε

173 1621 246 1656 quod
264 1621 334 1647 idem
358 1623 401 1645 est
424 1623 455 1643 ac
471 1617 494 1644 si
510 1615 659 1642 Amalthea!
682 1622 769 1642 cornu
786 1615 903 1647 dixeris,
930 1622 986 1650 quo
1005 1615 1116 1650 quidem
1138 1615 1269 1643 utendum
1291 1622 1352 1642 esse
1379 1615 1416 1641 illi
1443 1617 1549 1648 putant.
1571 1613 1722 1649 Agnoscis,
1743 1614 1807 1649 ορί-

173 1676 237 1697 nor,
265 1666 371 1692 facilem
399 1671 431 1690 ac
463 1661 611 1697 procliiem
637 1660 778 1687 hominum
807 1660 956 1692 nationem,
976 1666 1037 1695 quae
1065 1667 1228 1695 generosum
1259 1660 1343 1686 animi
1380 1660 1551 1695 propositum
1590 1658 1764 1687 criminatur.

211 1709 292 1738 οὗτοί
318 1718 352 1745 με
379 1708 512 1743 μαθητιᾷν
537 1707 642 1736 ἑαυτοῖς
662 1704 785 1738 ἀξιοῦσι,
810 1705 856 1731 καί
877 1712 958 1738 φασιν

171 1757 319 1790 ἀποφανεῖν
336 1753 411 1784 ἐντὸς
427 1752 517 1786 ὀλίγου
529 1751 563 1776 τὰ
573 1750 636 1784 περὶ
648 1750 715 1775 Θεοῦ
730 1749 956 1783 πάντολμότατον,

171 1803 277 1838 ἡμέρας
291 1801 353 1835 ἑξῆς
370 1799 416 1825 καὶ
435 1798 534 1828 νύκτας
549 1795 690 1830 ἀγορεύειν
705 1795 863 1828 δυνάμενον.
882 1795 959 1820 Ἔτε-

172 1857 215 1883 ροι
226 1848 254 1874 δὲ
267 1848 291 1873 οἱ
310 1845 418 1872 κάλλιον
439 1842 602 1878 ᾐσθημένοι,
619 1840 763 1876 παραπολὺ
786 1840 887 1866 τούτων
905 1839 959 1865 εἰσὶ.

172 1892 443 1927 κακοδαιμονέστεροι
463 1887 603 1922 σοφισταί·
624 1887 671 1913 καὶ
697 1886 833 1921 βούλοιντο
857 1885 904 1920 μὲν
925 1884 959 1911 ἂν

172 1939 218 1966 ἐπὶ
238 1940 293 1969 τοῖς
309 1937 400 1967 αὐτοῖς
417 1935 580 1968 εὐδοκιμεῖνθ
604 1933 661 1959 ἀλλ’
680 1931 822 1966 εὐτυχοῦσι
840 1931 872 1957 τὸ
890 1930 958 1965 μηδὲ

171 1984 250 2010 τοῦτο
262 1981 399 2008 δύνασθαι.
415 1980 469 2006 Καὶ
479 1977 645 2011 οἶσθάτινας
658 1976 687 2001 ἐν
698 1974 878 2009 λογιστηρίοις
892 1974 959 2000 ἀπο-

171 2029 277 2059 δόντας,
291 2027 307 2062 ἢ
323 2027 430 2056 πάντως
444 2025 497 2050 άπὸ
509 2024 572 2054 μιᾶς
586 2022 617 2054 γέ
634 2030 679 2048 του
695 2021 835 2055 συμφορᾶς
848 2020 959 2046 ἀναπει-

173 2074 285 2104 σθέντας
304 2073 332 2098 ὲν
349 2069 506 2106 μεσημϐρίᾳ
521 2067 567 2094 τοῦ
585 2067 641 2102 βίου
663 2066 827 2101 φιλοσοφεῖν,
842 2065 894 2091 ἀπὸ
909 2065 958 2099 μό-

171 2128 218 2146 νου
231 2118 276 2145 τοῦ
287 2118 349 2148 τοὺς
365 2116 441 2146 θεοὺς
455 2114 593 2149 ἀπομόσαι
604 2132 611 2144 ,
627 2113 674 2139 καὶ
688 2111 837 2146 κατομόσαι
853 2111 958 2137 Πλατω-

171 2165 270 2195 νικῶς·
283 2163 330 2194 οὒς
346 2161 474 2196 φθάσειεν
488 2159 521 2186 ἃν
540 2160 557 2194 ἡ
573 2158 637 2186 σκιὰ
660 2157 833 2192 φθεγξαμένη
856 2166 882 2183 τι
903 2157 957 2183 τῶν

171 2208 295 2235 δεόντων.
317 2205 394 2240 Δεινὴ
416 2205 444 2230 δὲ
460 2205 533 2239 ὅμως
549 2204 565 2238 ἡ
580 2203 769 2238 προσποίησις.
789 2202 825 2228 ’Ἠ
849 2210 878 2228 τε
904 2202 957 2238 γὰρ

171 2252 265 2287 ὀφρῦς,
282 2250 363 2285 βαϐαὶ
385 2249 433 2284 τῆς
455 2248 611 2278 ἀνατάσεως
632 2248 672 2279 εἰς
693 2247 754 2273 ὅσον
765 2245 858 2283 ἦρται·
880 2249 926 2274 καὶ
939 2249 955 2282 ἡ

170 2297 231 2332 χεὶρ
246 2295 380 2331 ὑπερείδει
399 2295 428 2321 τὺ
449 2294 561 2328 γένειον.
577 2294 618 2320 Τά
634 2302 665 2320 τε
680 2293 747 2320 ἄλλα
768 2303 958 2329 σεμνοπροσω-

172 2343 267 2369 ποῦσιν
285 2341 356 2376 ὑπὲρ
370 2340 419 2371 τὰς
433 2339 614 2374 Ξενοκράτους
627 2340 744 2371 εἰκόνας.
759 2340 792 2365 Οῖ
808 2348 840 2373 γε
853 2340 899 2366 καὶ
913 2349 957 2366 νο-
972 2333 997 2362 D

172 2388 294 2423 μοθετεῖν
314 2387 379 2421 ἡμῖν
397 2385 517 2417 ἀξιοῦσιν
544 2385 612 2412 ἆττα
637 2384 712 2419 σφίσι
736 2385 955 2418 λυσιτελέστατα,

172 2433 272 2468 μηδένα
288 2432 370 2467 μηδὲν
386 2430 488 2465 ἀγαθὸν
508 2430 595 2457 εἰδότα
611 2430 726 2465 φανερὸν
742 2429 820 2468 εῐναε
838 2431 959 2466 ἡγούμε-

170 2460 210 2505 νοί
225 2460 299 2513 σφῶν
309 2460 398 2504 αὐτῶν
409 2460 528 2512 έλεγχον,
539 2476 567 2503 εί
573 2460 769 2511 ’σις’φιλόσοφος
781 2460 956 2511 εῐθαίδοκίῦν,

170 2524 344 2559 ἐπιστήσεται
352 2522 527 2557 φθέγγεσθαι.
541 2522 622 2548 Αὐτοὶ
638 2521 692 2557 γὰρ
707 2521 740 2548 ἂν
754 2522 807 2548 ὑπὸ
822 2523 854 2558 τῇ
869 2531 955 2558 προσ-

170 2570 277 2605 ποιήσει
301 2569 402 2600 λαθεῖν.
415 2569 461 2595 καὶ
478 2568 552 2601 δόξαι
563 2567 689 2594 τᾶνδοθεν
701 2565 770 2595 εἶναι
787 2568 882 2602 σοφίας
896 2569 958 2597 ἀνά-

171 2615 254 2642 πλεω.
276 2616 376 2649 Ἄμφω
393 2623 427 2649 με
440 2613 527 2641 τούτω
541 2613 580 2640 τὼ
599 2613 664 2648 γένη
681 2613 902 2649 διαϐεϐλήκατον,
919 2615 958 2648 ὡς

172 2663 217 2689 ἐπὶ
230 2663 286 2692 τοῖς
299 2660 403 2692 οὐδενος
420 2660 503 2692 ἀξίοις
517 2659 701 2686 ἐσπουδακότα
711 2667 718 2674 ·
742 2659 772 2686 τὺ
789 2660 849 2694 μὲν,
863 2661 903 2687 ότι
917 2661 956 2697 μὴ

1047 1704 1126 1740 391
1147 1704 1178 1731 Hi
1201 1711 1244 1732 me
1264 1705 1291 1731 in
1309 1713 1387 1732 suam
1408 1705 1498 1732 venire
1512 1705 1686 1740 disciplinam
1707 1708 1803 1739 postu-

1012 1751 1084 1779 lant.
1109 1750 1239 1784 brevique
1256 1751 1468 1785 repromittunt,
1489 1758 1532 1778 me
1550 1750 1577 1777 in
1600 1750 1701 1777 divinis
1722 1750 1804 1778 rebus

1012 1795 1225 1822 audacissimum
1241 1803 1291 1822 sua
1307 1803 1390 1830 opera
1409 1796 1532 1822 futurum
1544 1816 1551 1826 ,
1574 1800 1603 1822 ut
1618 1800 1713 1823 noctes
1728 1796 1804 1823 dein-

1012 1847 1077 1874 ceps
1098 1848 1159 1867 cum
1182 1840 1280 1867 diebus
1306 1840 1476 1875 disputando
1495 1841 1600 1875 possim
1623 1841 1800 1876 conjungere.

1011 1885 1074 1914 Alii.
1090 1885 1137 1919 qui
1151 1885 1248 1913 melius
1259 1886 1391 1915 sentiunt,
1405 1886 1483 1920 longe
1497 1890 1561 1913 sunt
1576 1887 1617 1913 his
1634 1886 1803 1914 infeliciores

1012 1931 1152 1965 sophistae.
1171 1930 1239 1958 Nam
1257 1931 1357 1958 vellent
1378 1931 1395 1958 ii
1419 1931 1528 1966 quidem
1550 1932 1645 1959 eadem
1672 1932 1802 1959 facultate

1011 1975 1124 2007 ﬂorere;
1141 1975 1189 2003 sed
1209 1977 1235 2003 in
1253 1984 1287 2003 eo
1302 1975 1395 2004 felices
1408 1982 1488 2008 sunt,
1507 1977 1579 2010 quod
1598 1984 1632 2004 ne
1648 1977 1674 2004 id
1689 1977 1801 2012 quidem

1012 2026 1203 2056 assequuntur.
1222 2021 1300 2048 Nosti
1314 2022 1421 2057 aliquos
1433 2042 1440 2053 ,
1456 2022 1501 2057 qui
1517 2023 1543 2048 in
1559 2023 1628 2050 aulis
1642 2023 1800 2050 rationariis

1011 2066 1138 2100 spoliati,
1161 2072 1208 2102 aut
1228 2074 1263 2093 ex
1282 2067 1335 2093 alia
1355 2067 1469 2094 omnino
1487 2068 1642 2095 calamitate
1664 2068 1799 2103 compulsi

1011 2116 1092 2141 sunt.
1113 2116 1142 2139 ut
1164 2112 1191 2139 in
1208 2113 1270 2139 vita:
1289 2112 1368 2147 quasi
1388 2113 1504 2140 meridie
1519 2113 1798 2148 philosopharentur,

1011 2157 1064 2184 hoc
1087 2158 1146 2192 ipso
1168 2161 1296 2190 tantum,
1319 2157 1390 2192 quod
1413 2157 1555 2184 Platonico
1581 2165 1658 2185 more
1679 2158 1800 2192 jurando

1010 2203 1092 2235 deos,
1115 2207 1245 2238 negarent
1261 2203 1364 2238 aliquid
1382 2208 1430 2230 aut
1450 2208 1607 2231 assererem
1620 2224 1627 2236 ,
1650 2207 1680 2230 ut
1702 2203 1799 2230 umbra

1011 2250 1086 2284 prius
1110 2249 1176 2276 utile
1196 2253 1280 2284 atque
1301 2254 1487 2284 opportunum
1510 2249 1612 2284 aliquid
1629 2249 1736 2276 dictura
1757 2249 1798 2276 vi-

1010 2294 1117 2321 deatur.
1135 2294 1201 2321 Mira
1213 2294 1391 2321 nihilominus
1403 2294 1542 2321 simulatio
1555 2299 1607 2322 est.
1619 2295 1686 2321 Nam
1701 2301 1798 2329 super-

1010 2340 1121 2371 cilium,
1147 2340 1238 2374 papae!
1260 2345 1430 2375 quantopere
1451 2340 1599 2368 sublatum.
1619 2339 1714 2367 Manus
1737 2340 1796 2374 ipsa

1010 2385 1123 2412 barbam
1146 2384 1277 2412 sutl‘ulcit.
1295 2384 1325 2411 In
1353 2385 1460 2413 caeteris
1477 2384 1639 2412 Xenocratis
1664 2385 1798 2420 imagines

1009 2432 1102 2459 vultus
1121 2433 1256 2466 gravitate
1279 2437 1421 2466 superant.
1446 2432 1498 2464 Qui
1522 2431 1633 2466 quidem
1659 2432 1740 2458 etiam
1763 2439 1796 2459 ea

1010 2478 1089 2505 nobis
1104 2478 1165 2511 jura
1182 2477 1358 2512 praescribere
1374 2476 1560 2508 contendunt,
1576 2485 1637 2512 quae
1653 2477 1720 2512 ipsis
1739 2478 1796 2505 uti-

1010 2524 1114 2552 lissima
1126 2525 1196 2556 sint;
1213 2531 1248 2550 ne
1261 2523 1339 2558 quis.
1351 2523 1399 2558 qui
1414 2523 1478 2550 boni
1490 2523 1592 2557 aliquid
1607 2523 1692 2555 sciat,
1705 2523 1794 2559 palam

1011 2569 1077 2597 illud
1103 2569 1223 2601 habeat;
1252 2568 1294 2596 sui
1319 2568 1444 2603 ipsorum‘
1466 2567 1707 2602 reprehensionem
1731 2575 1794 2595 esse

1009 2614 1079 2645 rati,
1103 2613 1124 2640 si
1140 2613 1301 2648 quisquam,
1317 2611 1364 2646 qui
1380 2611 1560 2646 philosophus
1576 2618 1638 2638 esse
1653 2611 1792 2642 videatur,

1009 2659 1155 2695 eloquendi
1171 2658 1206 2686 sit
1221 2666 1274 2685 non
1286 2657 1408 2693 ignarus.
1426 2656 1551 2684 Ita'enim
1569 2648 1622 2684 sub
1637 2664 1667 2684 ea
1681 2657 1794 2684 simula-

787 2724 877 2755 DION.
898 2728 1036 2758 PETAVII
1062 2727 1178 2758 NOTAE.

207 2795 262 2830 (9|)
279 2797 434 2831 Accusatus
449 2796 484 2823 ab
499 2795 635 2830 imperitis
643 2800 671 2824 et
684 2795 783 2831 ineptis
796 2797 954 2827 hominibus

171 2831 260 2868 fuerat
286 2829 429 2866 Synesius,
455 2829 587 2863 quod’in
617 2829 760 2859 tractanda
784 2832 955 2868 philosophia

170 2865 322 2902 orationem
341 2873 417 2902 suam
432 2869 576 2902 venustate
595 2865 837 2902 sermonisLatque
845 2865 955 2902 elegan-

172 2902 214 2927 tia:
229 2900 320 2935 lepore
337 2901 460 2929 condiret
480 2909 486 2927 :
504 2900 635 2929 adversus
650 2909 719 2936 quos
735 2901 773 2928 De
791 2900 955 2935 Diona—seu

1007 2799 1045 2826 De
1055 2800 1107 2826 vita
1123 2806 1172 2825 sua
1195 2797 1357 2832 inscriptum
1381 2796 1486 2832 librum
1505 2794 1589 2832 edidit
1608 2805 1614 2822 :
1641 2802 1791 2832 quernum!

1006 2842 1068 2861 cum
1082 2834 1177 2865 altero,
1194 2831 1230 2859 De
1254 2829 1404 2864 insomniis,
1425 2834 1453 2859 et
1468 2829 1504 2857 De
1515 2830 1584 2858 dona
1601 2829 1740 2858 astrolabii
1757 2829 1791 2856 ad

1008 2869 1150 2905 Ilypatiam
1167 2867 1261 2894 mittit.
