1990 3060
167 144 234 172 ίῧῢῚ

702 132 704 134 ’
732 146 922 175 srisromz.
952 162 988 167 -
1014 146 1124 175 EPIST.
1154 147 1232 175 CLV.

1727 147 1795 176 £558

165 200 300 236 γράφθαι.
316 201 394 227 Ἔστι
409 200 438 227 δὲ
452 197 483 227 οὗ
498 201 553 228 τῶν
571 200 670 236 λόγων,
684 202 725 235 δίς
747 212 801 232 που
819 204 866 232 καὶ
881 203 942 239 τρὶς
952 223 963 235 ,

1020 204 1074 239 phis
1094 208 1271 239 proponetur.
1292 202 1342 230 llis
1361 203 1438 231 enim
1449 203 1616 238 voluptatem
1628 222 1636 234 ,
1651 203 1798 231 utilitatem

167 245 310 280 ὥσπερτις
317 246 408 280 ἕτερος
418 245 466 279 ὣν,
477 246 597 281 ἐμαυτοῦ
611 247 711 281 γέγονα
726 248 798 284 μετὰ
809 249 864 275 τῶν
877 258 950 285 παρ-

167 291 252 318 όντων
274 291 422 326 ὰκροατής·
447 292 495 318 καὶ
518 291 566 318 νῦν
591 292 687 325 ὁσάκις
703 293 737 320 ἂν
756 294 827 321 enim
841 295 873 321 τδ
889 294 955 330 σύγκ-

169 344 287 371 γραμμα
297 356 304 368 ,
327 336 470 372 θαυμαστή
494 345 536 368 τις
552 337 617 373 περὶ
635 338 685 373 ἐμὲ
700 338 821 371 διάθεσις
837 339 956 373 γίνεται,

170 380 216 407 καί
230 389 270 412 τις
284 381 358 416 ὀμφή
379 389 412 416 με
429 380 488 407 θεία
505 383 658 417 περιχεῖται
679 383 751 410 κατὰ
772 384 821 419 τὴν
838 384 955 419 ποίησιν.

171 427 203 452 Ei
217 426 246 452 δὲ
261 426 298 460 μὴ
317 425 395 461 μόνον
415 426 445 453 τὸ
461 426 546 458 πάθος
561 427 629 460 ἐμοῦ
642 447 649 460 ,
676 428 724 454 καὶ
739 429 804 463 περὶ
824 429 917 464 ἕτερον
935 429 957 456 δ’

169 470 203 497 ἄν
217 470 302 497 ταῦτα
316 471 430 504 γένοιτο,
448 471 481 497 σὺ
495 472 542 498 καὶ
554 472 632 499 τοῦτο
650 472 790 508 μηνύσεις.
809 473 845 499 Σὺ
859 474 912 510 γὰρ
926 474 958 510 δὴ

172 517 231 550 μετ’
247 516 297 550 ἐμὲ
318 515 413 552 πρώτη
429 516 483 543 τῶν
506 517 640 552 Ἐλλήνων
656 517 777 554 ἐντεύξῃ.
797 517 889 545 Ταῦτα
905 519 959 546 τῶν

169 559 239 591 τέως
255 560 405 587 ἀνεκδότων
422 560 579 589 ἀπέστειλα.
597 562 652 589 Καὶ
669 562 712 589 ἵνα
728 562 830 594 τέλειος
845 562 961 598 ἀριθμὸς

1007 249 1064 276 illis
1078 248 1189 280 afferet;
1210 248 1333 279 omnino.
1349 249 1401 276 nisi
1414 256 1429 275 a
1446 254 1482 280 te,
1499 257 1560 283 quae
1570 248 1697 282 judicare
1709 252 1798 283 potes,

1006 293 1143 326 rejectum
1151 297 1234 328 atque
1255 292 1397 320 inductum
1410 293 1503 321 fuerit.
1516 294 1564 321 Sin
1580 294 1628 322 tibi
1639 294 1799 322 Graecorum

1007 339 1120 366 auribus
1143 339 1289 373 indignum
1309 338 1434 366 videatur
1449 360 1456 371 ,
1482 344 1510 367 et
1537 348 1599 367 cum
1628 340 1798 372 Aristotele,

1007 385 1097 412 amico
1110 384 1253 412 veritatem
1263 383 1448 418 antiquiorem
1464 384 1575 415 habeas,
1589 384 1643 411 alta
1653 384 1797 418 densaque

1007 429 1124 465 caligine
1146 429 1326 462 obvolvetur,
1346 436 1399 456 nec
1416 428 1470 456 ulla
1490 428 1561 456 inter
1577 429 1702 456 hmuines
1715 429 1750 456 de
1766 436 1801 456 co

1009 475 1053 502 ﬁet
1065 474 1178 502 mentio.
1199 473 1253 502 Sed
1270 473 1304 501 de
1318 481 1351 502 eo
1367 475 1510 501 hactenus.
1528 473 1651 500 Alterum
1667 481 1737 508 opus
1752 473 1800 500 Dei

1009 520 1138 548 mandato
1146 520 1290 554 scriptum,
1305 523 1334 547 et
1351 519 1385 546 ab
1401 518 1497 546 eodem
1511 519 1707 551 examinatum,
1718 517 1800 552 293

1008 572 1041 592 ac
1063 572 1227 600 perpensum
1246 569 1309 597 est,
1331 564 1404 599 quod
1429 563 1598 599 imaginandi
1622 564 1648 590 vi
1669 567 1800 598 tanquam

170 604 201 641 ᾖ.
216 605 373 641 προσέθηκα
385 606 430 632 τὸν
444 607 509 642 περὶ
527 607 575 633 τοῦ
591 607 679 643 δώρου
695 608 752 643 (92)
762 627 770 638 ,
786 607 872 634 πάλαι
886 608 963 642 γένο-

1020 611 1079 646 ;rati
1094 610 1178 638 animi
1194 618 1294 638 munus
1310 615 1353 638 est
1373 613 1580 637 consecratum.
1594 609 1722 636 instituta
1738 615 1803 635 vero

173 659 252 686 μενον
266 651 302 678 ἐν’
311 652 350 687 τῷ
368 652 457 690 καιρῷ
471 653 520 688 τῆς
537 653 685 689 πρεσϐείας
699 653 768 689 πρὸς
783 653 867 688 ἄνδρα
887 655 963 689 παρὰ

1022 665 1038 684 n
1064 664 1097 684 eo
1116 657 1266 692 disputatio
1287 660 1328 684 est
1351 656 1384 684 de
1406 657 1497 683 anima
1518 655 1676 684 simulacris
1703 654 1801 686 aliixa;

173 694 276 732 βασιλεῖ
287 698 567 734 παραᾶυναστεύονταε
577 699 624 726 καί
634 708 661 726 τι
672 699 719 726 τοῦ
729 699 809 734 λόγου
819 707 848 726 τε
859 699 906 726 καὶ
916 699 962 726 τοῦ

1020 701 1119 736 iliaque
1133 702 1263 728 nonnulla
1280 702 1407 736 dogmata
1425 705 1602 736 promuntur,
1618 700 1653 728 de
1671 699 1772 734 quibus
1787 705 1807 724 ιι

171 742 259 779 δώρου
272 744 394 772 Πεντάπε
408 744 505 772 ὤνατο.

1020 747 1089 775 nullo
1104 746 1238 774 hactenus
1257 746 1414 774 Graecorum
1432 746 1671 781 estdisputatum.
1693 744 1732 772 De
1748 751 1805 778 quo

173 791 238 825 quid
263 791 359 819 attinet
379 793 457 827 plura
481 793 596 821 dicere?
617 792 785 822 Universum
810 802 875 822 vero
898 795 966 823 illud
994 801 1066 830 opus
1085 802 1139 821 una
1168 798 1249 822 nocte
1267 794 1437 822 elaboratum
1459 798 1518 826 est.
1538 802 1586 822 seu
1607 793 1697 821 noctis
1715 791 1806 827 potius

175 836 283 871 reliqua
315 841 415 872 parte,
437 845 486 873 per
510 846 592 873 quam
617 843 645 866 et
663 839 698 866 de
722 847 756 867 eo
780 840 984 868 conscribendo
1021 840 1114 869 oblata
1140 840 1206 867 mihi
1238 840 1309 868 visio
1333 843 1385 868 est.
1413 840 1574 873 Quinetiam
1594 840 1621 867 in
1641 838 1812 874 quibusdam

174 881 308 909 orationis
324 882 448 916 partibus
464 883 506 911 his
521 883 605 912 ferme
621 884 663 912 vel
678 890 729 917 ter,
741 889 874 921 tanquam
889 885 961 914 alius
981 885 1080 917 forem,
1096 885 1155 914 mei;
1164 885 1251 920 ipsius
1271 893 1334 914 cum
1351 886 1386 914 iis
1407 885 1454 921 qui
1480 885 1607 917 aderant,
1629 884 1719 912 factus
1745 890 1809 911 sum

175 926 295 954 auditor.
310 926 343 953 Et
360 935 432 955 nunc
443 928 551 963 quoties
566 935 636 963 opus
654 936 800 963 percurro,
815 932 886 958 miro
899 930 1020 966 quodam
1041 931 1123 958 modo
1133 930 1248 962 aliieior,
1269 934 1297 958 et
1315 939 1368 958 vox
1388 938 1433 959 me
1451 930 1587 965 quaedam,
1604 930 1683 965 juxta
1702 931 1807 966 poetas,

175 972 269 999 divina
285 973 481 1001 circumsonat.
500 974 598 1006 Utrum
613 983 682 1004 vero
693 984 747 1004 non
770 977 806 1003 ita
841 984 892 1012 ego
924 977 1000 1006 solus
1020 977 1141 1010 alliciar,
1170 976 1218 1006 sed
1240 977 1311 1005 idem
1331 978 1412 1006 etiam
1434 978 1495 1005 aliis
1519 978 1677 1012 contingat,
1695 975 1762 1003 mihi
1780 978 1808 1002 et

177 1020 244 1048 illud
261 1020 437 1057 signiﬁcabis.
453 1022 494 1050 Tu
512 1023 586 1050 enim
611 1027 675 1058 post
690 1032 734 1052 me
757 1025 845 1060 prima
873 1025 997 1053 omnium
1015 1033 1049 1053 ex
1068 1025 1172 1053 Grecis
1192 1025 1277 1061 leges.
1298 1025 1361 1053 llaec
1382 1024 1505 1053 nondum
1523 1024 1598 1052 edita
1619 1024 1754 1051 hactenus
1773 1020 1807 1048 ad

177 1071 204 1094 te
224 1068 306 1101 misi;
330 1073 412 1104 atque
433 1074 462 1097 ut
483 1070 620 1105 perfectus
643 1071 679 1098 sit
699 1079 853 1105 numerus,
869 1073 958 1108 adjeci
988 1073 1089 1101 librum
1117 1071 1192 1101 illum
1212 1073 1247 1100 de
1271 1073 1361 1104 dono.
1384 1080 1465 1107 quem
1485 1072 1550 1099 olim
1570 1070 1718 1107 legationis
1737 1072 1808 1096 tem-

178 1121 244 1146 pore
272 1115 305 1142 ad
326 1115 417 1143 virum
440 1117 604 1152 scripseram
631 1118 678 1152 qui
705 1122 763 1146 tum
788 1119 936 1154 plurimum
963 1120 1036 1156 apud
1065 1120 1258 1156 imperatorem
1281 1124 1398 1156 poterat.
1420 1120 1522 1155 Estque
1554 1117 1711 1156 Pentapolis
1737 1123 1806 1146 non:

177 1159 246 1188 nihil
259 1168 293 1188 ex
305 1168 338 1188 eo
355 1161 425 1190 libro
436 1181 444 1194 ,
462 1162 592 1197 donoque
603 1163 732 1193 utilitatis
742 1169 902 1193 consecuta.

436 1208 606 1245 EﬂlZTQAII
624 1209 709 1238 PNA’.

376 1252 542 1286 Δομετιανῷ
558 1254 581 1280 Σ
582 1253 764 1288 κολαστικῷ.

212 1297 286 1327 Πάνυ
304 1298 396 1333 σαφῶς
410 1299 443 1325 δι’
460 1299 549 1326 αὐτῶν
562 1301 804 1336 καταμεμαθηκὼς
815 1302 873 1329 τῶν
879 1302 968 1338 ἔργων

163 1342 227 1377 ’τὴν
242 1343 291 1378 σὴν
307 1340 461 1379 θαυμασίαν
477 1344 598 1381 κεφαλὴν
610 1345 758 1381 χαίρουσάν
772 1355 802 1373 τε
817 1347 970 1383 φιλανθρω-

178 1388 238 1424 πίᾳ,
253 1388 299 1415 καὶ
311 1390 366 1420 τοῖς
377 1388 514 1424 δεομένοις
524 1391 604 1424 χεῖρα
617 1389 783 1426 βουλομένην
793 1390 911 1426 ὀρέγειν·
924 1391 969 1417 ἐπ’

178 1433 244 1463 αὐτὸ
259 1433 292 1468 δὴ
303 1433 381 1460 τοῦτο
396 1434 556 1469 παρακαλῶ,
573 1434 663 1461 ἵππων
677 1435 718 1467 εις
731 1435 833 1467 πεδίον,
845 1435 925 1462 τοῦτο
935 1435 969 1471 δὴ

178 1478 209 1504 τδ
222 1478 269 1506 τοῦ
286 1479 375 1513 λόγου,
387 1480 551 1515 προτρέπειν
562 1480 722 1515 ἡγούμενος.
737 1480 791 1507 Καί
805 1489 847 1507 σοι
857 1481 937 1508 πλέον
951 1481 968 1516 ἢ

179 1523 321 1560 πρότερον,
337 1521 359 1552 ὦ
373 1525 437 1561 φίλη
449 1525 564 1560 κεφαλὴ,
575 1525 624 1553 νῦν
635 1527 685 1562 τὴν
697 1526 901 1562 φιλανθρωπίαν
912 1528 971 1554 ὲπι-

178 1568 309 1602 δεικτέον,
325 1569 380 1604 ὅσῳ
392 1569 439 1596 καὶ
457 1570 488 1596 τὸ
501 1569 645 1606 πρόσωπον
657 1569 837 1606 ὲλεεινὸτερόν
851 1571 910 1597 ἐστι
920 1571 969 1598 νῦν

179 1614 212 1642 τδ
223 1612 253 1641 εὖ
269 1615 440 1650 πεισόμενον.
456 1615 525 1651 Γυνή
541 1624 572 1642 τε
586 1615 642 1651 γάρ
657 1616 730 1642 ἐστιν
742 1615 823 1651 αὕτη,
839 1616 887 1643 καὶ
901 1616 970 1652 γυνὴ

180 1660 371 1696 δυστυχήσασα
386 1660 508 1696 χηρείαψ
527 1659 587 1689 εῐτα
608 1661 656 1688 σὺν
674 1661 784 1697 ὀρφανῷ
798 1661 898 1697 παιδίῳ
918 1670 973 1688 πα-

182 1705 276 1738 θοῦσα,
296 1705 315 1732 ἃ.
331 1705 473 1734 πέπονθεν.
490 1706 585 1738 Ὅστις
599 1706 627 1732 δέ
639 1707 713 1733 ἐστιν
731 1708 745 1733 ό
760 1706 863 1742 ταύτην
877 1707 973 1742 ἀδικήει

182 1759 243 1783 σας,
257 1752 304 1778 καὶ
325 1751 339 1777 ὃ
350 1759 388 1782 τι,
410 1751 457 1777 καὶ
469 1751 553 1783 ὅπως,
569 1751 637 1786 αὐτὴ
649 1750 750 1783 διδάξει
763 1751 812 1786 τὴν
828 1751 876 1787 σὴν
893 1751 972 1781 καλο-

182 1796 327 1831 καγαθίαν.
341 1796 413 1832 Ὅρα
423 1795 524 1828 τοίνυν,
538 1793 720 1831 ὣιθαυμάσιε,
734 1796 807 1828 ὅπως
822 1797 972 1832 ἐπαμυνεῖς

182 1843 216 1877 τῇ
231 1843 340 1876 γυναικὶ
350 1861 358 1873 ,
373 1841 420 1869 καὶ
442 1841 487 1868 διὰ
507 1841 539 1868 τὸ
553 1841 643 1873 καλῶς
665 1841 737 1876 ἔχον,
759 1841 807 1868 καὶ
825 1841 870 1868 διὰ
883 1841 914 1868 τὸ
929 1841 972 1868 σοι⁹

1274 1206 1442 1236 EPISTOLA
1461 1205 1551 1234 CLIV.

1236 1253 1393 1281 Domitiano
1411 1253 1588 1281 Scholutﬁco.

1053 1300 1127 1328 Cum.
1137 1299 1205 1327 illud
1221 1300 1369 1336 perspicue
1383 1308 1417 1327 ex
1431 1300 1515 1327 rebus
1535 1298 1603 1334 ipsis
1617 1297 1754 1333 factisque
1766 1298 1809 1326 di-

1018 1345 1143 1378 dicerint,
1156 1349 1183 1373 te
1195 1346 1336 1380 egregium
1349 1353 1381 1372 ac
1399 1345 1560 1380 praeclarum
1576 1347 1659 1379 caput
1674 1343 1708 1370 ad
1724 1350 1807 1370 omne

1022 1391 1202 1419 humanitatis
1219 1390 1337 1418 oiiicium
1357 1398 1420 1418 esse
1435 1397 1601 1425 propensum
1612 1409 1620 1422 ,
1637 1389 1810 1422 libenterque

1021 1437 1194 1472 supplicibus
1211 1443 1322 1463 manum
1342 1435 1410 1463 velle
1423 1435 1574 1470 porrigere,
1589 1434 1622 1461 ad
1636 1433 1663 1462 id
1677 1433 1767 1468 ipsum
1782 1437 1810 1460 te

1020 1488 1153 1516 provoco,
1169 1487 1283 1516 equum,
1301 1483 1331 1506 ut
1345 1479 1435 1513 aiunt,
1452 1479 1485 1506 ad
1502 1485 1628 1514 campum
1644 1477 1749 1505 hortari
1765 1484 1810 1505 me

1024 1526 1201 1555 existimans.
1214 1525 1276 1553 Tibi
1290 1532 1356 1552 vero
1375 1525 1462 1559 magis
1476 1531 1559 1560 quam
1575 1527 1665 1557 antea,
1685 1522 1728 1550 vir
1738 1522 1809 1550 ami-

1019 1571 1142 1603 cissime,
1155 1569 1333 1606 praebendum
1346 1569 1525 1597 humanitatis
1536 1572 1590 1595 tua:
1598 1568 1740 1603 specimen
1753 1571 1813 1600 est,

1019 1618 1125 1650 quanto
1150 1619 1178 1643 et
1194 1614 1379 1642 miserabilior
1392 1620 1511 1648 persona
1525 1615 1568 1640 est
1584 1612 1611 1639 in
1627 1618 1708 1646 quam
1723 1611 1808 1638 bene-

1020 1661 1113 1689 ﬁcium
1129 1660 1295 1688 contuleris.
1313 1659 1414 1687 Mulier
1427 1660 1530 1695 quippe
1539 1662 1592 1691 est,
1608 1662 1636 1686 et
1646 1657 1680 1685 ad
1691 1657 1810 1685 viduita-

1020 1711 1075 1734 tem
1090 1705 1204 1734 redacta
1224 1706 1323 1733 mulier
1337 1714 1344 1732 :
1358 1709 1417 1732 tum
1433 1712 1466 1733 ea
1481 1712 1564 1740 passa
1577 1711 1640 1731 cum
1658 1703 1764 1739 pupillo
1777 1702 1809 1729 ii-

1021 1751 1070 1784 lio,
1085 1759 1258 1787 quaecunque
1275 1758 1358 1786 passa
1380 1757 1435 1778 est.
1454 1751 1477 1778 A
1491 1757 1610 1785 quonam
1627 1756 1692 1777 vero
1710 1748 1810 1783 injuria

1021 1796 1057 1824 sit
1067 1796 1176 1829 ati'ecta,
1188 1801 1216 1824 et
1226 1803 1281 1832 qua
1295 1797 1325 1824 in
1341 1804 1381 1829 re,
1396 1800 1424 1824 et
1437 1795 1585 1831 quomodo,
1601 1795 1661 1831 ipsa
1676 1798 1730 1821 tuae
1746 1801 1810 1828 pro-

1022 1841 1100 1868 bitati
1117 1841 1279 1869 declarabit.
1294 1841 1489 1875 Quamobrem,
1511 1840 1553 1867 vir
1573 1839 1682 1872 eximie,
1699 1838 1763 1866 vide
1780 1841 1811 1865 ut

184 1883 300 1918 πρέπον,
318 1883 365 1910 καὶ
381 1883 414 1909 δι’
434 1883 498 1917 ἐμέ.Δ
511 1883 625 1915 Μεθέξω
639 1883 694 1919 γὰρ
711 1883 752 1909 ἔτι
767 1891 808 1911 σοι
824 1882 902 1917 κάγὼ
916 1883 966 1910 τῶν

1022 1887 1163 1914 mulierem
1177 1886 1318 1919 defendas,
1328 1894 1390 1914 cum
1404 1893 1453 1921 pro
1465 1893 1499 1913 eo
1512 1885 1584 1919 quod
1597 1885 1744 1912 honestum
1755 1887 1809 1916 est,

183 1928 225 1959 είς
246 1928 330 1963 αὐτὴν
343 1927 502 1962 γινομένων,
521 1927 664 1961 συγγενίδα
680 1936 710 1954 τε
724 1925 806 1954 οὖσαν
822 1928 903 1963 ἐμὴν,
924 1929 966 1955 καὶ

1023 1935 1081 1958 tum
1090 1932 1164 1967 quod
1177 1932 1233 1960 tuis
1242 1932 1365 1959 moribus
1383 1935 1608 1962 consentaneum,
1622 1934 1679 1957 tum
1695 1928 1749 1956 mei
1762 1928 1810 1956 de-

184 1973 377 2009 τεοραμμένην
387 1972 440 1999 ὑπὸ
451 1972 535 2008 μητρὶ
546 1972 648 2008 κοσμία⁵
658 1972 805 2008 σωφρόνως
815 1974 879 2008 παρ’
891 1974 966 2008 ἡμῖν.

1023 1977 1107 2012 nique
1131 1978 1230 2012 gratia.
1261 1977 1315 2004 Ero
1339 1977 1412 2005 enim
1435 1977 1579 2008 omnium,
1600 1983 1667 2011 quas.
1683 1976 1712 2003 in
1734 1975 1810 2002 illam

184 2018 346 2050 contuleris.
361 2017 555 2047 beneﬁciorum
567 2017 724 2053 particeps;
743 2022 885 2052 propterea
900 2018 975 2053 quod
990 2025 1019 2048 et
1031 2021 1198 2057 cognatione
1212 2022 1358 2057 conjuncta
1371 2029 1477 2050 mecum
1489 2025 1548 2054 est,
1556 2026 1584 2049 et
1597 2021 1669 2057 apud
1687 2027 1739 2048 nos
1757 2017 1811 2047 sub

186 2064 299 2095 honesta
320 2069 408 2093 matre
422 2068 498 2093 caste
512 2071 544 2092 ac
557 2063 657 2098 pudice
668 2067 710 2104 est
724 2063 852 2092 educata.

437 2110 608 2140 ΕΠΙΣΤΟΛΗ
631 2108 718 2137 PNE’.

503 2155 545 2189 Τῷ
559 2155 652 2189 αὐτῷ.

224 2200 265 2230 Τὰ
287 2200 379 2229 δίκαια
397 2201 493 2238 χρῄζει
514 2202 675 2237 συμμάχων,
699 2201 748 2231 καὶ
769 2201 879 2236 γένοιντ’
898 2202 932 2229 ἃν
946 2202 975 2231 οἱ,

187 2247 346 2283 βοηθοῦντες
370 2247 461 2278 αὐτοῖς
484 2246 658 2281 εὐδαίμονες,
681 2247 739 2278 τοῖς
770 2245 858 2282 ὀρθῶς
882 2245 973 2281 έχουσι

187 2293 397 2328 συμπονοῦντες.
406 2292 524 2327 Εἱλόμην
531 2292 563 2327 δή
574 2300 604 2319 σε
612 2291 715 2318 τούτων
725 2292 865 2327 πρόϐολον,
875 2291 972 2327 γνώμῃ

186 2347 216 2365 τε
228 2337 366 2373 ἀμύνοντα
380 2338 427 2364 καὶ
441 2337 534 2373 τέχνῃ.
548 2337 585 2364 Τὸ
605 2337 655 2372 μὲν
669 2335 716 2364 οὖν
730 2337 808 2372 ὲμὺν,
825 2337 926 2364 ἅπασιν
942 2336 972 2364 εὗ

187 2384 284 2415 ποιεῖν,
308 2380 349 2414 οἷς
369 2382 404 2410 ἂν
427 2382 560 2418 δύνωμαι.
583 2382 660 2409 Δίδου
682 2382 711 2410 δὲ
731 2383 813 2414 αὐτὸς
833 2383 972 2418 ἀφορμάς.

186 2429 312 2466 Ᾱίσθήσῃ
323 2428 377 2464 γὰρ
396 2427 498 2465 φιλίας,
515 2427 549 2463 ἢν
560 2426 622 2454 οὗτε
643 2427 723 2460 αὐτὸς
738 2428 846 2464 μέμψῃ,
863 2428 973 2463 γελάσει

186 2483 217 2502 τι
235 2476 300 2507 ῐσως
312 2474 410 2506 οὐδείς.

1245 2110 1327 2148 294
1340 2109 1507 2139 EPISTOLA
1519 2110 1599 2138 cev.

1363 2156 1468 2183 Eidem.

1057 2201 1204 2236 Quajusta
1215 2205 1280 2229 sunt
1288 2202 1379 2229 socios
1394 2206 1421 2228 et
1436 2201 1577 2236 adjutores
1592 2199 1763 2232 desiderant,
1772 2205 1810 2228 at-

1023 2254 1076 2282 que
1082 2247 1109 2274 hi
1117 2247 1282 2282 demumqui
1292 2247 1466 2274 iisauxilium
1477 2245 1753 2281 pra-buerintJelices
1760 2245 1809 2272 ha-

1024 2292 1106 2320 bendi
1120 2296 1264 2325 sunt,cum
1277 2300 1326 2327 pro
1341 2292 1468 2326 aequitate
1480 2291 1617 2319 laborent.
1627 2290 1810 2323 Quamobrem

1026 2342 1053 2365 te
1073 2338 1171 2365 horum
1189 2341 1334 2372 patronum
1357 2344 1389 2364 ac
1409 2336 1583 2364 defensorem
1603 2335 1684 2370 elegi,
1704 2335 1753 2369 qui
1781 2339 1810 2362 et

1026 2384 1118 2411 animo
1134 2387 1162 2412 et
1179 2388 1239 2411 arte
1256 2383 1409 2411 subsidium
1427 2382 1537 2410 ali‘cras.
1553 2382 1593 2409 Ac
1617 2381 1691 2416 quod
1710 2381 1745 2407 ad
1767 2387 1810 2407 me

1025 2429 1141 2461 attinet,
1168 2429 1204 2457 de
1224 2429 1436 2464 quibuscuuque
1459 2435 1571 2463 possum
1596 2427 1666 2455 bene
1693 2426 1810 2458 mereri,

1025 2480 1085 2502 sum
1111 2474 1313 2509 paratissimus.
1339 2472 1379 2500 Tu
1402 2480 1469 2499 vero
1491 2472 1666 2500 occasionem
1688 2470 1810 2505 aliquam

188 2523 288 2558 praebe.
307 2521 463 2549 Amicitiam
478 2521 552 2548 enim
570 2521 684 2551 senties,
698 2528 780 2556 quam
801 2529 890 2556 neque
910 2521 969 2556 ipse
988 2520 1148 2548 contemnas
1160 2528 1242 2548 nemo
1255 2528 1320 2548 vero
1334 2520 1461 2548 fortassis
1473 2519 1597 2547 irrideat.

223 2569 361 2595 Numerus
381 2566 432 2594 I56
450 2565 636 2600 Epistolarum
658 2566 821 2600 completur,
841 2573 904 2593 cum
928 2573 956 2600 p.
973 2565 1026 2595 266
1046 2569 1109 2592 nota
1133 2565 1283 2593 uumeraiis
1303 2566 1352 2593 129
1367 2567 1375 2575 ”
1388 2565 1506 2600 legatur.
1529 2563 1630 2599 Pagina
1648 2563 1741 2600 etiam,
1753 2562 1812 2600 228

187 2609 319 2631 numerus
348 2601 381 2628 79
396 2603 403 2612 ‘
426 2596 565 2628 invenitur
589 2596 733 2634 scriptus;-
746 2604 775 2627 at
795 2596 938 2628 deﬁciente
957 2605 1051 2635 postea
1072 2608 1149 2627 num.
1176 2601 1238 2630 ιυι.
1257 2607 1303 2628 res
1318 2601 1387 2628 bene
1403 2596 1493 2635 q'uoad
1513 2596 1648 2635 sum'mam
1669 2605 1700 2625 se
1716 2596 1809 2635 habet,

187 2637 330 2664 Mirabitur
346 2635 416 2663 forte
431 2636 517 2664 lector
541 2631 654 2661 novam'
665 2638 692 2661 et
711 2639 812 2663 rectam
828 2631 1007 2662 numerorum
1022 2635 1119 2662 seriem
1139 2635 1166 2662 in
1181 2635 1304 2663 editione
1319 2642 1389 2662 nova
1408 2631 1463 2662 non
1478 2634 1566 2661 fuisse
1581 2634 1748 2662 institutam,
1763 2631 1812 2658 sed

187 2679 250 2698 cum
266 2671 301 2698 ab
319 2671 447 2697 omnibus
462 2668 622 2705 jamdudum
649 2669 770 2696 citentur
784 2669 891 2705 Synesii
917 2670 1043 2704 epistola:
1055 2669 1133 2704 juxta
1144 2669 1293 2697 editionem
1305 2669 1426 2705 Dionysii
1439 2668 1553 2700 Petavii,
1569 2667 1636 2694 nihil
1651 2666 1811 2705 mutandum

188 2706 358 2766 eenfuimus.
371 2704 412 2733 0b
419 2700 546 2766 Eezamdem
563 2703 708 2737 rationem,
720 2700 881 2740 sequentem
895 2700 1120 2739 epistolam,qu:n
1132 2705 1202 2732 inter
1215 2705 1304 2733 editas
1317 2712 1332 2732 a
1342 2700 1498 2732 P.'Petavio
1514 2710 1569 2730 non
1579 2705 1731 2737 comparet,
1749 2700 1813 2728 aliis

189 2749 238 2766 θος
252 2748 404 2766 posuimus.
442 2747 500 2766 [ΠΤ.

189 2746 404 2776 postposutmus.
419 2746 500 2767 non.

224 2799 279 2834 (9‘2)
297 2799 473 2835 Προσὲθηκα
489 2798 544 2835 τόν
557 2797 624 2835 περὶ
643 2797 696 2835 τοῦ
704 2796 809 2835 δώρου.
820 2797 894 2835 “Qua:
907 2802 966 2825 orat

1020 2806 1152 2834 terpcram
1181 2799 1207 2826 in
1241 2798 1361 2827 editione
1391 2796 1516 2826 Coruarii
1550 2796 1578 2823 iu
1603 2802 1686 2823 censu
1706 2793 1809 2829 episto-

190 2831 277 2862 lar'um
290 2831 389 2869 posita,
406 2831 468 2862 cum
485 2833 553 2861 Ialsa
572 2831 751 2868 inscriptione
763 2831 797 2860 ad
813 2832 906 2861 Orum.
