1990 3060
189 91 260 121 4⁹559
732 92 867 120 δῩΧΕὸἱΙ
886 93 985 122 PTOLI

1037 93 1117 121 uois
1138 93 1300 130 EPISCOPI]
1753 92 1844 120 ssco

546 206 568 235 S
575 206 586 235 ί
593 206 677 236 *[ιρι
683 207 808 236 ΕΜΕΝ
814 207 904 237 TUM
926 209 948 236 ,ιι
955 207 981 236 ι)

1041 207 1107 236 P15
1114 206 1242 236 TOLAS
1271 207 1293 236 S
1301 206 1460 238 YNESIL

450 339 616 367 EPiSTOLA
634 341 721 368 CLVI.

1287 341 1457 368 summa
1476 339 1569 373 PNq'.

193 381 296 418 Synesii
315 385 429 421 epistola
451 385 485 412 ad
502 385 640 419 quemdam
660 386 835 420 [ciiiiliarium
859 387 904 420 qui
921 388 976 421 epi-

226 424 363 455 scopatum
378 419 471 446 absens
488 428 520 446 ea:
537 421 677 455 longinquo
693 422 802 455 petierat
813 441 821 452 .
842 419 901 455 post
916 419 979 449 cen-

226 454 334 481 slitulos
348 455 375 481 in
391 455 508 482 ccclesiis
524 454 676 483 vacantibus
688 454 836 490 episcopos.

228 498 469 534 Sapientissimum
480 501 625 535 scriptum.
638 509 700 528 cum
713 503 789 529 valde
799 502 976 536 concinnum,

192 548 251 571 tum
266 545 344 572 valde
357 545 449 576 breve,
471 548 517 573 sed
533 551 560 573 et
578 547 656 574 valde
674 551 812 582 argutum,
837 548 910 582 quod
929 548 978 576 libi

193 590 307 617 mirilica
323 598 400 618 mens
414 593 528 626 peperit.
551 592 584 619 ad
605 599 655 620 nos
680 593 802 620 delatum
831 592 979 621 delectavit

193 637 322 668 maxime,
338 637 496 672 placuitque
508 637 609 672 duplici
624 638 706 665 simul
720 639 846 673 nomine;
861 639 934 674 quod
952 643 979 667 et

193 681 229 708 ab
247 682 353 716 optimo
364 683 517 718 eodemque
530 683 721 711 laudatissima
739 684 845 716 sodale,
863 689 891 712 et
906 677 980 728 quid
996 680 1003 725 λ

193 733 255 753 cum
268 726 384 760 plurima
396 728 539 754 conditum
555 732 675 755 exstaret
690 730 788 762 gratia.
805 730 876 762 Quin
891 734 918 757 et
934 726 994 765 pe:

193 779 228 799 ne
240 774 399 807 provocavit
409 773 441 801 ad
453 775 525 801 aliud
540 774 604 809 quid
621 775 711 810 majus
721 775 906 810 audaciusque
921 780 978 804 ten-

193 817 318 850 tandum,
336 819 410 853 quod
431 820 534 854 utique,
557 820 608 847 nisi
623 828 700 848 amor
710 825 798 852 vetus.
813 825 908 856 utpote
924 821 979 849 vim

193 860 299 889 habens
319 862 399 898 longe
418 863 515 890 dissita
536 864 720 899 cciijiingendi
743 865 914 900 adversaque
937 867 980 893 in-

193 906 281 934 vicem
296 907 457 944 plerumque
474 910 654 941 conciliandi,
673 911 781 937 veniam
800 910 873 938 facto
884 911 981 946 depre-

195 957 316 986 caretur,
333 961 429 989 parum
445 955 532 982 abluit
550 957 617 990 quin
630 964 680 984 nos
695 957 722 983 in
734 964 829 984 eorum
855 958 980 986 ordinem

1028 388 1176 415 Συνεσίου
1199 387 1344 419 ἐπιστολὴ
1361 386 1428 421 (92')
1442 386 1516 419 πρός
1538 393 1604 412 τινα
1618 385 1677 412 τῶν
1695 385 1835 421 ere/pem

1062 422 1234 455 ἐπισκοπὴν
1251 422 1284 447 ἐκ
1301 419 1452 454 μακρόθεν
1471 422 1652 453 αἰτήσαντα,
1671 420 1746 454 μετὰ
1763 419 1832 452 τὴν

1063 456 1124 483 τῶν
1137 457 1311 483 ἐπισκόπων
1323 455 1580 483 ἀποκατάστασιν.

1063 501 1100 528 Τὸ
1115 502 1267 536 σοφώτατον
1278 501 1404 536 γράμμα,
1415 501 1446 527 τὸ
1458 500 1528 535 μάλα
1543 500 1592 535 μὲν
1602 499 1730 534 ἐμμελὲς,
1746 499 1827 534 μάλα

1028 547 1056 575 δὲ
1074 545 1172 583 βραχὺᾲ
1189 547 1257 574 ἀλλὰ
1270 547 1317 574 καὶ
1333 547 1404 582 μάλα
1420 547 1492 580 λιγὺ,
1507 546 1520 572 ὃ
1533 546 1564 581 δή
1579 554 1620 571 τοι
1634 547 1647 572 ὁ
1661 544 1829 579 Θαυμαστὸς

1029 602 1070 620 σοι
1087 593 1148 625 νοῦς
1168 593 1310 626 ἀπέτεκεν,
1325 593 1391 628 ἡμῖν
1407 591 1536 627 κομισθὲν
1559 590 1648 626 ὤνησέ
1667 598 1695 616 τε
1711 590 1744 616 τὰ
1772 590 1828 624 μέ,-

1029 647 1119 674 γιστα.
1135 639 1182 665 κα)⁸
1196 636 1263 674 ἧσεν
1279 638 1336 674 ἅμα
1350 638 1430 673 διπλῇ
1441 645 1448 652 ·
1467 637 1505 673 τῷ
1520 645 1550 663 τε
1564 636 1630 672 πρὸς
1645 635 1757 671 ἀρίστου
1774 635 1828 661 καὶ

1030 685 1128 721 κομιδῇ
1147 685 1201 712 τῶν
1216 684 1368 711 ἐπαινετῶν
1385 683 1504 719 ἑταίρου,
1519 682 1566 709 καὶ
1579 681 1617 716 τῷ
1634 681 1701 717 μετὰ
1719 680 1828 715 συχνῆς

1029 732 1070 758 ὅτι
1085 729 1318 766 δημιουργηθῆναι
1331 729 1380 763 τῆς
1396 729 1516 763 χάριτος.
1531 728 1567 754 Οὐ
1587 727 1640 762 μὴν
1654 726 1677 752 5’
1691 725 1760 752 ἀλλὰ
1773 726 1826 752 καὶ

1031 777 1098 812 πρὸς
1110 775 1172 803 ἄλλο
1187 784 1212 802 τι
1230 775 1320 810 μεῖζον
1333 775 1444 810 ὴρέϐισέ
1458 782 1508 802 που
1524 774 1570 800 καὶ
1581 772 1795 808 τολμηρότερον,
1809 770 1827 796 ὃ

1029 822 1088 856 τάχ’
1102 822 1145 853 ἂν,
1157 821 1180 847 εί
1195 821 1231 855 μὴ
1245 820 1325 850 πόθος
1336 818 1470 854 δήπουθεν
1483 817 1634 854 παρελθὼν,
1650 817 1691 844 ἆτ’
1704 814 1733 843 εὖ
1749 816 1827 851 ἔχων

1031 868 1077 894 καὶ
1091 867 1124 893 τὰ
1145 866 1239 901 πὸρῤω
1250 864 1385 892 διεστῶτα
1404 864 1559 895 συνάπτειν,
1578 863 1625 889 καὶ
1640 863 1673 889 τὰ
1689 862 1758 897 πρὸς
1773 862 1826 888 ἀλ-

1030 913 1098 948 ληλα
1119 912 1248 942 ἐναντίως
1266 911 1361 945 ἔχοντα
1378 910 1508 941 πολλάκις
1524 909 1684 944 συμφέρειν,
1699 907 1827 942 συγγνώ-

1033 967 1086 993 μην
1102 957 1140 992 τῷ
1159 956 1302 992 πράγμαα
1322 955 1518 991 παραιτήσοιτο
1539 956 1607 990 μετὰ
1630 954 1682 981 τῶν
1702 954 1826 989 νεμεσᾶ-

194 998 333 1033 redigeret
345 999 446 1034 quibus
459 1001 522 1034 jure
538 1001 691 1036 meritoque
702 1006 898 1030 succenseatur
940 1004 981 1032 Ad

1037 1004 1095 1030 σθαι
1110 1003 1220 1030 δικαίων
1230 1002 1260 1028 οὐ
1275 1001 1364 1036 πολλῷ
1376 1001 1466 1036 δεήσει
1479 1000 1526 1027 τοῦ
1541 1001 1613 1036 ἡμᾶς
1627 1001 1734 1034 στῆσαι.
1748 998 1826 1034 Πρὸς

194 1043 336 1078 quidnam.
360 1045 478 1073 fortasse
497 1054 621 1080 qu:cres:
639 1054 736 1081 nempe
760 1047 806 1079 ad,
827 1055 889 1074 cum
907 1052 985 1076 tanto

194 1088 266 1120 viro,
279 1088 352 1117 haud
369 1091 427 1118 scio
439 1098 473 1118 an
496 1099 550 1118 non
568 1092 684 1120 interius
700 1100 781 1127 quam
811 1093 900 1128 quivis
917 1094 986 1121 alter

197 1137 284 1163 Inusls
292 1135 400 1163 initialo
408 1137 499 1171 (quem
508 1138 530 1164 si
540 1137 630 1164 videat
639 1138 833 1166 Demosthenes
844 1139 914 1166 inter
922 1146 984 1171 nos,

197 1179 271 1207 dicat
286 1180 413 1208 Mercurii
429 1182 538 1210 facundi
554 1183 733 1210 simulacrum
748 1185 782 1211 ad
802 1192 854 1211 nos
868 1184 984 1219 venisse)

196 1228 430 1261 comparationem
462 1233 490 1256 et
518 1230 759 1257 commutationem
798 1230 984 1257 attentandam

197 1279 299 1300 nostra;
316 1274 399 1308 hujus
414 1282 495 1310 quam
509 1275 585 1303 vides
603 1276 713 1311 linguas,
728 1284 779 1304 nec
800 1277 864 1303 olim
887 1277 985 1312 exqui-

158 1343 162 1346 .
197 1317 303 1346 sitioris
328 1319 471 1354 elegantiae
497 1321 539 1347 vel
571 1328 617 1354 per
644 1321 744 1348 summi
768 1321 985 1356 explorationem

198 1364 276 1399 digiti
291 1369 373 1399 gustu
388 1365 508 1397 imbutae.
527 1371 554 1393 et
566 1373 639 1394 nunc
654 1366 731 1401 longa
745 1367 924 1394 rusticatione
945 1367 986 1394 sic

199 1412 315 1444 agrestis
340 1411 467 1443 redditae,
488 1415 518 1438 ut
539 1412 585 1438 vix
612 1411 682 1439 sciat
698 1411 830 1446 scapham
856 1411 985 1446 scapham

198 1456 301 1483 dicere.
317 1457 539 1485 Conliteorenim
558 1457 608 1484 tibi
624 1457 718 1484 vitium
739 1457 850 1484 tacitum
870 1460 896 1483 et
916 1457 986 1483 clam

199 1502 227 1528 iu
249 1502 310 1530 sinu
321 1503 456 1535 habitum,
468 1510 542 1530 nunc
555 1503 591 1529 ita
609 1503 780 1530 invalescuns
799 1502 854 1528 lato
868 1502 985 1536 quodam

201 1554 272 1580 meo,
291 1551 322 1576 ut
339 1549 491 1583 periculum
506 1549 542 1575 sit
557 1556 592 1576 ne
608 1549 635 1575 in
652 1549 770 1576 solidum
787 1549 841 1575 mei
856 1549 986 1583 deinceps

200 1591 366 1621 dominetur.
386 1594 476 1622 Habes
491 1593 563 1621 unde
580 1594 772 1629 persuadearis
789 1594 912 1621 miserari
937 1601 986 1621 nos

1036 1051 1120 1080 ποῖον,
1132 1049 1196 1080 ἴσως
1206 1049 1288 1084 ἐρεῖς·
1297 1047 1327 1074 τὸ
1342 1048 1410 1082 πρὸς
1419 1045 1575 1082 τηλικοῦτον
1586 1045 1681 1081 ἄνδρα,
1695 1044 1826 1080 μούσαις,

1035 1095 1085 1121 οὐκ
1094 1092 1142 1120 οἷδ’
1154 1093 1180 1120 εί
1190 1101 1241 1124 τις.
1253 1091 1444 1126 τετελεσμένον
1459 1091 1505 1124 (ὃν
1515 1090 1548 1117 ἃν
1564 1090 1624 1116 ίδὼν
1637 1089 1825 1124 Δημοσθένης,

1037 1140 1096 1175 μεθ’
1111 1139 1191 1175 ἡμῶν
1207 1137 1293 1169 εἴπεν,
1324 1137 1424 1173 Ἑρμοῦ
1446 1136 1536 1171 λογίου
1555 1136 1639 1162 τύπον
1657 1136 1696 1167 εις
1715 1134 1826 1170 ἀνθρὼ-

1036 1195 1104 1218 nou;
1117 1186 1213 1221 ἥκειν)
1226 1184 1349 1219 γλῶτταν
1363 1183 1400 1215 ὡς
1415 1183 1480 1219 ὁρᾷς
1494 1183 1645 1210 ἀντιδοῦναι
1660 1181 1708 1216 τὴν
1723 1180 1826 1216 ἡμετέ-

1038 1241 1098 1267 ραν,
1111 1232 1161 1267 τὴν
1174 1231 1257 1257 πάλαι
1275 1231 1325 1264 μὲν
1338 1229 1392 1256 οὐδ’
1407 1229 1483 1264 ἄκρῳ
1495 1227 1597 1262 λιχανῷ
1609 1227 1655 1254 τοῦ
1669 1226 1827 1262 κρείττονος

1038 1275 1235 1312 μετασχοῦσαν,
1247 1274 1294 1301 νῦν
1305 1274 1334 1301 δὲ
1346 1274 1392 1300 καὶ
1401 1274 1462 1300 λίαν
1473 1273 1698 1308 ὴγροικισμένην,
1712 1271 1730 1306 ἢ
1744 1271 1827 1305 μόγις

1036 1322 1069 1348 ἂν
1087 1319 1141 1348 οἶδε
1162 1321 1210 1348 καὶ
1224 1322 1273 1355 τὴν
1292 1321 1399 1354 σκάφην
1427 1319 1535 1353 σκάφην
1557 1318 1655 1352 λέγειν.
1673 1316 1826 1350 Κοινοῦμαι

1037 1370 1090 1404 γάρ
1104 1377 1144 1395 σοι
1157 1369 1204 1395 καὶ
1218 1367 1300 1399 πάθος
1319 1366 1535 1402 ἐχεμυθούμενον
1551 1365 1623 1396 ἰδίως
1642 1362 1702 1398 ἐμοὶ
1716 1362 1762 1388 καὶ
1776 1360 1826 1387 νῦν

1038 1415 1138 1448 μᾶλλον
1148 1414 1218 1440 οὕτω
1232 1413 1384 1439 κινδυνεῦον
1396 1413 1490 1447 κύριον
1497 1411 1534 1442 ὡς
1546 1410 1660 1445 εἵμαρτο
1672 1406 1825 1442 γίγνεσθαι.

1037 1460 1122 1487 Τοῦτό
1142 1468 1182 1486 σοι
1202 1459 1249 1486 καὶ
1261 1458 1413 1490 ταλανίζειν
1426 1459 1498 1494 ἡμᾶς
1513 1457 1620 1489 αὐτοὺς,
1637 1455 1693 1482 ἀλλ’
1712 1455 1762 1481 οὐκ
1779 1454 1826 1480 εὑ-

1036 1505 1200 1541 δαιμονίζειν
1212 1505 1314 1538 πεῖθον,
1327 1503 1367 1536 οἷς
1380 1504 1440 1531 οὐδὲ
1453 1503 1586 1539 συμμίξαι
1600 1511 1640 1537 τῳ
1655 1501 1749 1535 γέγονε
1764 1499 1827 1533 βελ-

1037 1551 1131 1587 τίστης
1151 1551 1206 1578 bim
1225 1551 1322 1586 μοίρας
1339 1550 1423 1585 ὁποίῳ
1439 1550 1480 1576 σοὶ
1494 1549 1556 1584 (ἵνα
1572 1547 1650 1583 ἡμῶν
1661 1556 1687 1573 τι
1703 1545 1750 1572 τοῦ
1764 1545 1828 1580 βαρ-

1039 1597 1123 1632 ϐάρου
1152 1596 1252 1632 μέρους
1280 1595 1404 1622 ὲντεῦοεν
1424 1595 1504 1629 τυχὸν
1530 1591 1755 1628 ἀποσμιλευοείη,
1779 1589 1826 1616 καὶ

200 1638 294 1672 potius
307 1646 390 1673 quam
402 1639 497 1667 felices
516 1639 676 1674 praedicare,
691 1641 790 1674 quibus
814 1648 848 1667 ne
864 1641 985 1676 contige-

1038 1641 1109 1668 οὕτω
1135 1640 1182 1667 τοῦ
1209 1640 1315 1676 μακροῦ
1338 1640 1440 1676 γράσου
1462 1639 1496 1665 τὰ
1520 1638 1598 1674 ἡμῶν
1620 1637 1731 1671 ἐκσταίη
1757 1635 1827 1662 κατὰ

201 1683 238 1709 rit
252 1683 362 1718 quidem
374 1691 436 1711 cum
451 1691 588 1718 quoquam
604 1692 635 1712 ex
650 1685 754 1720 optimo
766 1685 814 1712 illo
833 1689 929 1713 vestro
942 1674 985 1720 ge-

1039 1687 1144 1722 βραχὺ)
1160 1674 1273 1713 νῦνγὸτιγ
1287 1685 1324 1721 μὴ
1346 1674 1416 1711 κατὰ.
1437 1685 1532 1720 καιρόν
1553 1692 1593 1710 σοι
1615 1683 1644 1709 τὸ
1662 1682 1826 1718 ζητούμενον

201 1735 267 1755 nere
279 1735 312 1756 ac
324 1729 422 1756 ordino
442 1729 674 1764 politissimorum
691 1731 830 1765 congredi,
842 1731 922 1765 cujus
936 1738 986 1758 usu

202 1774 356 1808 attrituque
385 1782 436 1802 nos
460 1783 475 1802 e
495 1775 560 1802 faece
580 1775 762 1802 barbarorum
791 1776 924 1802 abradere
941 1776 989 1802 ali-

202 1819 367 1853 quantulum
382 1827 527 1854 possemus
543 1820 576 1847 de
592 1820 684 1854 pingui
708 1820 759 1847 hoc
771 1821 885 1848 succido
898 1825 990 1855 pastu-

203 1863 259 1891 ritii
272 1864 409 1896 horroris,
426 1872 482 1899 quo
495 1868 618 1892 vestrum
634 1864 750 1892 delicate
770 1865 934 1892 mundorum
949 1865 990 1891 ni-

203 1912 292 1936 torem
308 1909 484 1936 oll'endimus.
504 1909 556 1936 Sed
572 1905 703 1944 majorem
728 1910 780 1936 ista
798 1910 880 1944 priori
905 1909 989 1936 mise-

203 1953 284 1981 randi
304 1959 332 1982 et
350 1953 460 1982 dolendi
474 1962 589 1981 causam
606 1954 712 1986 oll'eret,
724 1954 797 1989 quod
815 1954 896 1981 modo
913 1954 988 1981 acci-

204 1998 266 2031 dit;
284 1999 445 2034 petitionem
462 2000 586 2027 videlicet
605 2003 680 2027 tuam
697 1999 730 2026 ad
748 2004 854 2034 tempus
868 2008 922 2027 non
940 2007 988 2027 oc-

204 2044 337 2072 currisse.
357 2044 424 2071 Nam
441 2045 532 2072 oleum
551 2044 623 2078 quod
638 2048 667 2071 tu
684 2044 755 2079 petis
778 2048 805 2071 ct
826 2052 877 2080 ego
897 2045 988 2076 velim,

205 2094 263 2123 aut,
282 2093 313 2117 ut
337 2097 401 2118 vere
421 2090 521 2121 dicam,
543 2091 570 2118 in
599 2090 670 2118 votis
695 2089 790 2122 habui,
812 2089 845 2116 ad
873 2090 992 2124 aliquem

205 2135 299 2163 isthuc
326 2136 408 2163 talem
430 2136 520 2172 qualis
543 2140 571 2162 tu
596 2143 627 2163 cs
641 2135 772 2166 transire,
793 2136 934 2163 detentum
964 2136 992 2163 in

206 2181 278 2215 loco,
293 2185 376 2216 prout
398 2189 489 2209 rerum
506 2186 606 2208 natura
626 2181 699 2212 tulit.
716 2181 846 2208 collatum
865 2181 892 2208 in
913 2189 992 2208 nsunt

1036 1733 1169 1767 ἀνεφάνη,
1187 1732 1285 1767 μᾶλλον
1296 1731 1343 1757 τοῦ
1359 1730 1490 1765 προτέρου
1501 1729 1655 1760 ταλανὶζειν
1667 1727 1824 1762 παρέχεται.

1043 1779 1072 1805 ’0
1087 1778 1141 1813 γὰρ
1154 1778 1240 1804 ἔλαιον
1251 1797 1257 1807 .
1279 1777 1310 1803 σύ
1325 1784 1353 1802 τε
1371 1775 1465 1807 ἀξιοῖς,
1481 1774 1558 1808 κάγὼ
1574 1773 1713 1808 βούλομαι,
1725 1773 1741 1806 ἢ
1756 1772 1825 1797 τοῦτ’

1037 1822 1134 1854 είπείν,
1148 1820 1181 1847 δι’
1200 1821 1283 1855 εὐχῆς
1296 1817 1379 1854 εἶχον,
1396 1819 1465 1854 πρὸς
1478 1817 1598 1844 τοιοῦτόν
1611 1825 1670 1843 τινα
1689 1816 1824 1850 διαὸἦναι,

1037 1867 1109 1893 κατὰ
1121 1867 1212 1902 χώραν
1232 1865 1396 1900 μεμενηκὸς,
1409 1863 1447 1895 ὡς
1459 1865 1475 1899 ἠ
1491 1863 1546 1890 τῶν
1560 1862 1730 1898 πραγμάτων
1744 1861 1826 1886 ἔδωκε

1043 1912 1133 1946 φύσις,
1147 1911 1194 1938 ἐπὶ
1206 1912 1241 1938 τὰ
1252 1911 1319 1945 πρὸς
1330 1910 1424 1945 χρείαν
1434 1909 1563 1944 κατέστη.
1578 1907 1674 1934 Τοίνυν
1687 1906 1739 1933 οὐδ’
1752 1905 1826 1932 ἐλαία

1042 1965 1083 1988 τις
1097 1956 1169 1982 ἐστιν
1179 1955 1439 1990 ὲνοφθαλμισμάτων
1451 1955 1547 1988 ὲστερη
1553 1953 1619 1988 μένη
1636 1951 1763 1986 (ἀνάσχου
1775 1950 1826 1984 γάρ

1044 2010 1094 2036 μου
1113 2002 1160 2028 καὶ
1178 2001 1276 2036 μικρὸν
1290 2002 1322 2036 τῇ
1344 2000 1419 2034 κοινῇ
1438 1999 1544 2034 γλώττῃ
1567 1995 1765 2033 χαρισαμένου)
1785 1993 1826 2028 Et?”

1042 2044 1113 2084 ᾗπερ
1130 2047 1163 2073 ἂν
1186 2047 1201 2072 ὀ
1221 2046 1285 2081 ἡδὺς
1305 2045 1380 2080 φίλος
1401 2043 1633 2079 ὲγκεντριασθείη.
1651 2040 1826 2075 Πεπλήρωται

1041 2093 1096 2126 γὰρ
1110 2091 1224 2126 ἑκάστη,
1245 2091 1291 2118 καὶ
1307 2090 1484 2127 καρποδοτείν
1497 2089 1535 2121 ὡς
1548 2085 1603 2115 οἷόν
1622 2095 1652 2113 τε
1667 2086 1718 2121 ἠδη
1741 2084 1827 2118 ἀπάρ-

1041 2147 1127 2174 χεται.
1145 2138 1200 2165 Καὶ
1215 2137 1301 2164 ταῦτα
1313 2137 1363 2172 μὲν
1375 2137 1408 2172 δὴ
1426 2135 1523 2162 ταῦτα·
1539 2133 1631 2161 τ’ἆλλα
1645 2132 1673 2158 δὲ
1685 2131 1733 2157 καὶ
1750 2131 1764 2156 ό
1777 2137 1827 2169 πα-

1043 2182 1097 2219 ρὼν
1110 2183 1178 2218 δῆλα
1189 2183 1277 2218 Θήσειο
1291 2182 1338 2209 καὶ
1349 2182 1423 2213 ὅπως
1436 2181 1508 2215 ἅπερ
1519 2180 1622 2215 ᾔτησας
1636 2178 1685 2204 οὐκ
1697 2176 1759 2210 ἔσχε
1770 2183 1828 2201 καιο

204 2231 269 2260 est;
286 2227 409 2262 adeoque
425 2234 476 2254 nec
489 2227 561 2254 oliva
571 2227 628 2261 jam
646 2234 730 2262 super
757 2226 812 2254 ulla
836 2230 890 2258 est,
907 2233 985 2262 supra

1042 2228 1099 2264 ρδν,
1117 2229 1176 2263 τάχ’
1191 2228 1223 2255 ἄν
1243 2236 1283 2254 σοι
1301 2226 1519 2261 διατρανάσαιτο.
1533 2225 1673 2260 Ἔρρωσθ,
1691 2222 1739 2248 καὶ
1751 2219 1825 2246 εὐθύ-

207 2278 290 2306 quam
316 2271 496 2299 inoculationi
519 2271 598 2299 locus
625 2276 704 2298 vacet
729 2271 810 2305 (sine
842 2271 916 2298 enim
948 2279 991 2299 me

1045 2282 1090 2308 μει
1104 2273 1264 2308 φιλοσοφίας
1276 2273 1385 2307 ἁπάσης
1403 2269 1635 2305 ἀντιποιούμενος.

206 2318 335 2352 exiguum
351 2318 418 2352 quid
447 2318 547 2353 lingua;
569 2317 708 2344 communi
731 2316 893 2352 indulgere)
913 2317 957 2344 cui
982 2317 1071 2346 dulcis
1091 2319 1196 2346 amicus
1217 2318 1364 2345 inseratur.
1392 2315 1475 2344 Plena
1491 2315 1565 2342 enim
1587 2319 1757 2348 unaquaeque
1777 2315 1825 2342 cst,

204 2362 318 2398 jamque
330 2363 450 2390 fructum
461 2364 542 2391 edere
555 2371 604 2398 pro
615 2370 644 2390 se
655 2362 769 2397 singulre
782 2362 921 2397 inceptant
932 2363 1002 2398 (93).
1019 2363 1082 2391 Haec
1096 2364 1206 2399 quidem
1225 2364 1378 2396 hactenus;
1393 2366 1489 2390 caetera
1523 2359 1685 2388 tabellarius
1711 2363 1827 2392 praesens
1884 2363 1890 2370 ·

208 2414 342 2444 exponet;
353 2413 380 2437 et
393 2409 531 2444 quomodo
543 2416 604 2443 qua:
616 2406 760 2442 postulasti
771 2409 1004 2442 opportunitatem
1017 2417 1072 2437 non
1084 2408 1248 2442 invenerint,
1260 2407 1356 2443 utique
1366 2406 1399 2434 ad
1412 2406 1549 2442 liquidum
1555 2405 1698 2433 odissem.
1718 2401 1792 2434 Vale,
1802 2404 1827 2428 et

209 2459 283 2486 bono
316 2458 408 2485 animo
427 2457 556 2484 incumbe
567 2457 594 2484 in
606 2455 709 2484 dudum
723 2461 833 2491 captum
845 2455 879 2483 ad
889 2463 997 2484 omnem
1008 2457 1209 2492 philosophiam
1228 2456 1371 2491 impetum.

247 2547 317 2582 (εει)
333 2546 373 2574 Ex
386 2546 481 2576 codice
496 2546 629 2582 Vaticano
639 2545 725 2582 edidit
743 2545 775 2573 P.
789 2544 921 2582 Possinus
932 2545 994 2573 SJ.

212 2582 240 2609 in
252 2580 330 2618 notis
342 2582 377 2618 ad
396 2580 746 2618 Pachymerisilistoriam,
762 2588 790 2615 p.
805 2580 871 2618 M7,
888 2580 991 2618 ﬁomaa,

212 2617 285 2652 typis
304 2615 568 2651 Barberinis,'l666,
582 2616 649 2644 in-i"
660 2617 790 2643 maximo.
805 2615 834 2642 In
849 2615 943 2644 codice
951 2620 995 2644 est

1051 2544 1289 2619 e_p(13:l’3_13u2:iblti:
1293 2553 1412 2619 lslledibus
1425 2577 1519 2619 vacuis
1530 2574 1737 2619 episgopquam
1749 2573 1827 2610 impo-

1049 2611 1118 2645 sitos
1130 2611 1219 2644 tuisse
1237 2615 1410 2652 aenigmatice
1425 2611 1574 2650 signiﬁcat.
1589 2611 1669 2640 Eutr.
