1990 3060
168 147 234 177 ιτει

890 148 1058 178 HOMILIE.

1725 146 1793 175 1562

185 215 1776 233 ἐξω-..δ’-

605 295 918 359 SYNESII
959 296 1343 358 HOMILUE.

447 468 567 494 omam
586 469 615 493 ,ιν
633 469 675 503 (α).

207 513 274 547 (95“)
285 513 321 539 Οὐ
338 513 455 547 θήσομαι
468 513 516 547 τὴν
533 514 685 549 πανήγυριν
696 515 812 549 ἄφωνον.
824 514 890 540 ἀλλὰ
901 513 960 541 οὐδὲ

171 558 262 593 μέντοι
280 558 436 592 πολύφωνον
447 577 453 589 ,
473 560 505 593 τῇ
524 559 572 593 μὲν
583 560 656 594 φωνῇ
673 559 759 594 τιμῶν
772 559 817 586 τὸν
830 559 907 586 Θεόν·
922 560 960 594 τῷ

169 603 197 629 δὲ
214 605 281 638 ταχὺ
300 603 507 638 πεπαῦσθαι,τῇ
518 604 668 639 πανηγύρει
685 605 869 640 χαριζόμενος.
891 605 960 632 Ἀλλ’

169 649 243 680 ὅπως
266 648 314 684 ἔσῃ
333 649 536 684 πανηγυριστὴς
556 650 630 682 ἄξιος
654 650 700 676 τοῦ
723 650 800 682 Θεοῦ,
820 651 857 686 μὴ
885 651 960 678 πόθει

170 695 320 729 τράπεζαν,
335 695 388 720 ἀπὸ
400 695 449 729 τῆς
463 695 594 730 νηστίμου
605 695 653 730 τὴν
664 696 790 731 μέθυσον.
809 696 909 730 Στέψον
921 696 960 731 τῷ

173 739 233 774 Θεῷ
248 741 373 775 κρατῆρα
389 741 519 775 νήφοντος
533 741 681 776 κράματος.
703 741 732 768 Ὀ
746 742 811 774 θεὸς
826 742 904 777 ἡμῶν
918 751 961 769 σο-

172 783 222 817 φίαι
235 786 281 810 καὶ
294 784 371 818 λόγος
384 785 451 811 ἐστί.
467 786 581 821 Κρατὴρ
594 787 607 812 ὁ
620 787 778 822 παρακινῶν
792 787 822 813 τὸ
833 787 958 822 φρονοῦν,

171 830 186 854 ὁ
198 830 338 864 ταράττων
349 830 379 856 τὸ
393 831 575 865 λογιζόμενον,
588 831 664 857 οὐδὲν
679 832 813 867 προσήκει
825 832 863 868 τῷ
878 832 958 868 λόγῳ.

173 876 266 902 Ἔστιν
279 876 369 906 ἄνεσις
384 877 524 912 πρέπουσα
537 877 596 912 Θεῷ
607 885 613 892 ⁸
636 878 683 904 καὶ
699 877 772 904 ἔστιν
788 878 878 910 ἄνεσις
893 878 961 913 πρέ-

172 930 262 948 πουσα
278 922 411 956 δαίμοσιν.
434 922 628 956 Ἀγαλλιᾶσθε
646 922 686 955 τῷ
702 924 798 958 Κυρίῳ
815 924 850 950 ἐν
868 925 958 958 φόϐῳ.

172 967 256 993 Ὅταν
279 967 379 1002 εὑωχῇ,
399 968 475 1003 φησὶ,
492 968 614 1003 μέμνησο
629 968 675 995 τοῦ
695 968 772 996 Θεοῦ.
789 969 854 995 Τότε
878 970 931 1004 γὰρ
946 971 960 997 ό

172 1012 255 1044 πολὺς
273 1013 312 1044 εἰς
334 1013 469 1048 ἁμαρτίαν
483 1013 589 1045 ὖλισθος
611 1015 724 1048 γίνεται.
743 1015 825 1041 Ὅταν
841 1015 958 1051 εὐτροφῇ

173 1057 253 1092 σῶμα.
275 1058 338 1093 περὶ
354 1058 502 1092 σάρκωσιν,
521 1058 685 1094 ἀποστρέφει
706 1059 792 1094 ψυχὴν
816 1060 879 1095 περὶ
894 1060 958 1096 φρό-

172 1110 258 1136 νησιν.
277 1101 424 1136 Ποτήριον
440 1103 474 1129 ἐν
490 1103 565 1137 χειρὶ
586 1104 707 1136 Κυρίου,
725 1103 809 1130 οἴνου
828 1103 958 1137 ἀκράτου

173 1146 285 1180 πλῆρες
305 1147 500 1182 κεράσματος.
524 1148 576 1175 Kal
599 1148 766 1182 sumere;
790 1149 896 1175 τούτου
917 1149 960 1181 εις

172 1191 270 1222 τοῦτο,
299 1191 383 1224 πλὴν
407 1194 423 1218 ὀ
448 1193 570 1226 τρυγίας
589 1192 683 1219 αὐτοῦ
705 1193 760 1219 οὐκ
783 1191 958 1225 ἐξεκενώθη.

178 1236 298 1262 Ἐκείνου
320 1236 365 1263 πίε
381 1237 427 1263 τοῦ
452 1237 593 1272 ποτηρίου,
620 1237 666 1263 καὶ
690 1237 804 1270 γέγονας
826 1237 899 1268 ἄξιος
913 1237 960 1263 τοῦ

173 1282 323 1316 συμποσίου
345 1282 392 1308 τοῦ
417 1283 544 1317 νυμφίου.
570 1282 756 1317 Ἀριστοποιόν
776 1283 850 1308 ἐστιν
874 1283 961 1308 ἐκεῖνο

132 1355 137 1358 ,
172 1327 203 1353 τὺ
218 1327 356 1362 ποτήριον,
372 1327 444 1354 οἴνου
465 1328 578 1363 πλῆρες,
594 1328 640 1362 ὅγε
656 1328 702 1355 καὶ
727 1327 903 1362 μνησθευθὲν,
920 1328 961 1359 εἰς

173 1373 235 1399 νοῦν
248 1374 324 1407 ἡμᾶς
337 1373 406 1405 ἀξιοῖ
421 1373 611 1408 διεγείρεσθαι.
630 1373 683 1399 Καὶ
699 1373 731 1409 δὴ
745 1374 832 1408 σαφὴς
849 1373 962 1399 αὐτόθεν

172 1418 187 1443 ὁ
203 1417 291 1452 λόγος,
306 1418 362 1444 ἀλλ’
376 1419 407 1444 οὐ
423 1419 520 1444 πολλοῦ
537 1419 621 1445 πολλὰ
636 1420 721 1445 δεῖται
738 1419 784 1445 τοῦ
801 1419 856 1445 νοῦ.
874 1418 962 1454 Ποτή-

173 1472 231 1498 ριον
243 1464 272 1489 ὲν
285 1464 347 1498 οἴνῳ
361 1465 471 1499 ἀκράτῳ
487 1465 588 1500 πλῆρες
609 1465 790 1500 κεράσματος,
813 1465 865 1492 Καὶ
880 1465 961 1491 ἐκλι-

172 1516 225 1535 νεν
236 1509 270 1535 ἐκ
286 1510 392 1535 τούτου
404 1511 443 1542 εις
461 1510 558 1536 τοῦτο.
574 1511 604 1536 Εἰ
618 1510 667 1545 μὲν
680 1511 810 1545 ἀκράτου,
823 1510 881 1542 πῶς
895 1510 963 1546 πλῆ-

175 1562 220 1587 ρες
243 1555 413 1589 κεράσματος
425 1564 432 1588 ;
444 1556 474 1581 El
483 1555 510 1581 δὲ
519 1555 557 1587 ἓν,
579 1555 636 1586 πῶς
652 1555 755 1582 ἔκλινεν
768 1557 800 1582 ἐκ
814 1555 909 1582 τούτου
923 1557 962 1587 εἰς

173 1599 253 1626 τοῦτο
262 1608 269 1631 ;
287 1600 461 1627 Παντάπαςιν
469 1602 579 1631 ἀτόποις
589 1601 659 1627 ἔοικε
667 1602 701 1627 τὰ
710 1601 843 1636 λεγόμενα
853 1609 859 1615 ’
869 1602 898 1628 οὗ
910 1602 962 1637 μὴν

173 1645 244 1679 τάγε
253 1646 312 1672 νοού
317 1655 394 1680 μενοι.
402 1647 484 1672 Οὐδὲν
492 1647 566 1682 μέλει
573 1647 612 1681 τῷ
617 1647 677 1680 Θεῷ
684 1647 846 1682 θεοφορήτου
853 1647 961 1678 λέξεως.

175 1689 287 1724 Πνεῦμα
302 1690 372 1716 θεῖον
384 1691 507 1725 ὑπερορᾷ
521 1690 696 1725 μικρολογίαν
712 1691 911 1726 συγγραφικήν.
926 1691 962 1718 Σὺ

173 1735 201 1762 δὲ
221 1735 311 1770 βούλει
325 1735 373 1770 τὴν
389 1737 418 1761 ὲν
433 1737 466 1770 τῇ
481 1735 612 1770 διαφωνία
626 1736 783 1770 συμφωνίαν
798 1736 962 1768 θεάσασθαι;

174 1782 238 1817 περὶ
249 1782 324 1808 ποίου
340 1781 480 1816 ποτηρίου,
493 1781 590 1815 (maia;
605 1782 653 1807 “Ov
668 1782 724 1812 τοῖς
736 1780 889 1815 ἀνθρώποις
904 1780 963 1807 056-

175 1827 220 1852 θεν
236 1826 405 1861 προποθέντα
421 1826 499 1860 λόγον
518 1827 615 1860 ἔχομεν
631 1826 706 1861 παρὰ
718 1826 764 1852 τοῦ
776 1826 853 1858 Θεοῦ,
866 1827 893 1852 ἐν
906 1827 963 1852 Πα-

174 1872 238 1907 λαιᾷ
258 1872 380 1906 Διαθήκῃ
397 1871 444 1898 καὶ
459 1871 525 1906 Νέᾳ.
543 1868 635 1905 Τούτῳ
658 1871 712 1906 γὰρ
735 1871 876 1905 ἀρδεύεται
889 1871 962 1906 ψυχὴ

174 1918 214 1951 τῷ
229 1917 312 1952 ποτῷ.
331 1918 391 1943 ’Ότι
409 1917 458 1952 μὲν
479 1916 556 1950 λόγος
569 1916 652 1947 ἐστὶν.
669 1916 788 1950 ἄκρατός
811 1917 883 1942 ἐστιν
899 1917 959 1942 ἑκὰ-

174 1972 262 1999 τερος.
284 1964 417 1999 Κιρνᾶται
436 1963 489 1998 γὰρ
513 1963 560 1988 καὶ
579 1962 666 1992 διττὸς
681 1961 728 1988 ῶν.
748 1961 796 1988 Ἒν
813 1961 867 1996 γὰρ
882 1962 912 1987 τὺ
933 1962 961 1995 ἐξ

175 2009 276 2043 ἀμφοῖν
303 2009 505 2043 συνιστάμενον,
532 2007 670 2039 τελείωσις
691 2007 828 2041 γνώσεως.
855 2007 886 2033 Ἠ
912 2007 961 2042 μὲν

176 2055 281 2081 Παλαιὰ
292 2055 340 2090 τὴν
354 2055 499 2090 ὑπόσχεσιν
514 2054 601 2089 ἔσχεν·
617 2055 633 2089 ἡ
645 2053 674 2080 δὲ
685 2053 743 2080 Νέα
756 2053 801 2080 τὺν
814 2054 962 2080 ἀπόστολον

176 2100 305 2135 ἐξήνεγκε
317 2109 324 2116 ·
335 2101 365 2127 τὸ
375 2101 414 2132 δὲ,
430 2101 567 2127 Ἕκλινδν
578 2100 611 2126 ἐκ
626 2100 733 2126 τούτου
746 2100 790 2132 είς
802 2100 899 2127 τοῦτο.
913 2100 963 2136 τὴν

175 2146 300 2182 διαδοχὴν
313 2146 368 2172 τῶν
389 2146 556 2173 διδασκάλων
575 2146 732 2177 αἰνίττεται,
747 2145 794 2172 τοῦ
812 2146 895 2180 νόμου
915 2146 961 2172 τοῦ

176 2192 326 2219 Μωσαῖκοῦ
345 2191 455 2219 καὶτοῦ
472 2191 628 2227 Κυριακοῠ·
653 2191 700 2218 καὶ
716 2191 748 2218 τὸ
769 2193 899 2226 ποτήριον
922 2191 962 2218 ἓν.

179 2240 228 2265 Ἐν
241 2239 295 2273 γὰρ
307 2238 420 2265 ἔπνευσε
435 2238 556 2273 Πνεῦμα,
579 2239 625 2264 καὶ
643 2238 684 2269 εις
697 2238 848 2273 προφήτην,
863 2238 908 2264 καὶ
922 2238 963 2269 εἰς

177 2284 336 2310 ἀπόστολον.
352 2283 406 2310 Καὶ
422 2283 493 2310 κατὰ
507 2284 570 2315 τοὺς
582 2283 701 2317 ἀγαθοὺς
721 2282 891 2317 ζωγράφους,
908 2283 962 2309 πά-

177 2329 222 2356 λαι
245 2330 294 2364 μὲν
314 2329 534 2365 ἑσκιαγράῳησεν
546 2349 552 2360 ,
571 2329 666 2355 ἔπειτα
689 2329 780 2363 μέντοι
799 2328 963 2363 διηκρίῆωσε

177 2373 213 2399 τὰ
226 2374 293 2409 μέλη
306 2374 355 2409 τῆς
370 2374 507 2408 γνώσεως·
523 2374 611 2408 Πλὴν
627 2375 644 2401 ὁ
659 2374 778 2409 τρυγίας
797 2373 889 2400 αὑτοῦ
907 2374 963 2400 οὐκ

177 2419 353 2453 ἐξεκενώθη.

1305 466 1447 494 llOMlLlA
1469 465 1489 492 l.

1046 514 1139 551 295.
1155 514 1182 541 In
1197 514 1248 542 hac
1261 522 1312 549 ego
1324 513 1434 548 publica
1451 511 1610 538 celebritate
1629 511 1650 538 si
1666 517 1719 537 non
1732 509 1794 537 nul-

1011 561 1063 592 los,
1078 566 1106 586 at
1123 567 1223 595 paucos
1240 567 1306 586 sane
1321 565 1463 586 sermones
1478 557 1576 583 faciam
1589 575 1596 588 ,
1613 560 1640 583 et
1658 563 1722 583 voce
1735 556 1795 590 qui-

1011 607 1072 633 dem
1086 607 1144 641 ipsa
1157 605 1281 633 divinum
1299 612 1399 632 numen
1412 603 1581 631 venerabor:
1594 602 1795 636 quamprimum

1011 657 1101 679 autem
1115 658 1269 678 sermonem
1284 649 1449 680 desinendo,
1469 647 1623 676 celebritati
1642 646 1796 673 consulam.

1012 697 1064 724 Sed
1079 697 1117 723 uti
1132 696 1187 724 Deo
1203 697 1314 731 dignum
1329 700 1355 722 te
1369 695 1567 722 celebratorem
1580 692 1713 727 praabeas,
1731 699 1766 718 ne
1781 698 1797 718 ιι

1010 743 1100 770 sobria
1114 741 1210 776 jejunii
1228 749 1322 769 mensa
1347 740 1381 767 ad
1396 740 1500 768 ebriam
1519 743 1546 766 et
1556 738 1725 765 vinolentam
1743 741 1798 763 tete

1010 787 1147 814 conferas:
1163 787 1228 822 quin
1247 786 1339 821 potius
1352 789 1486 813 craterem
1504 784 1595 812 sobria
1610 783 1725 810 mistura
1742 781 1798 816 ple-

1010 841 1075 859 num
1093 833 1146 859 Deo
1164 832 1312 859 immortali
1329 831 1441 858 oﬂ‘eras.
1463 830 1536 857 Deus
1552 834 1645 856 noster
1662 827 1798 862 sapientia

1009 882 1036 906 et
1052 878 1166 905 verbum
1179 882 1239 910 est;
1256 877 1384 912 poculqu
1396 883 1472 907 vero,
1486 875 1558 910 quod
1570 878 1712 901 menteme
1726 877 1798 900 statu

1009 930 1061 950 suo
1071 922 1202 952 dimovet.
1212 922 1284 956 quod
1295 920 1378 948 animi
1393 920 1527 947 rationem
1544 918 1678 954 percellit,
1690 924 1705 944 a
1716 917 1800 945 verbo

1008 968 1126 995 alienum
1137 972 1190 995 est.
1201 967 1248 995 Est
1257 967 1329 994 enim
1340 971 1368 994 ut
1378 966 1431 993 Deo
1438 965 1605 993 conveniens
1614 963 1749 999 quaedam,
1759 963 1798 990 sic

1008 1015 1178 1042 daemonibus
1212 1014 1296 1040 altera
1322 1013 1507 1039 consentanea
1536 1010 1618 1037 animi
1651 1009 1798 1037 relaxatio.

1008 1060 1150 1088 Exsulmte
1159 1059 1270 1086 Domino
1285 1058 1311 1084 in
1328 1056 1448 1083 timore'.
1465 1055 1534 1082 Dum
1546 1054 1679 1088 epularis.
1696 1054 1795 1087 inquit.

1010 1106 1056 1134 Dei
1080 1104 1252 1133 memineris.
1279 1103 1420 1138 Siquidem
1435 1107 1500 1128 tunc
1514 1101 1561 1135 qui
1577 1108 1592 1128 e
1608 1099 1685 1135 plebe
1702 1104 1754 1132 est,
1771 1098 1799 1126 in

1011 1155 1154 1188 peccatum
1172 1149 1302 1186 proclivis
1316 1153 1370 1181 est,
1388 1155 1419 1175 ac
1437 1147 1572 1179 lubricus,
1587 1152 1743 1180 corpusque
1758 1145 1800 1178 ip-

1011 1205 1072 1224 sum
1089 1196 1153 1223 dum
1173 1204 1205 1224 ex
1220 1194 1372 1222 fecundiori
1394 1193 1523 1220 alimenia
1538 1191 1640 1226 gliscit,
1664 1194 1691 1217 et
1716 1197 1801 1216 carne

1011 1243 1145 1278 repletur,
1156 1241 1264 1269 aninms
1277 1249 1291 1267 a
1311 1240 1453 1275 sapientia
1465 1237 1559 1266 studio
1574 1240 1728 1263 revocatur.
1746 1234 1801 1262 Ca-

1012 1289 1051 1316 lia:
1061 1289 1087 1315 in
1100 1295 1181 1314 manu
1196 1286 1303 1313 Domini
1321 1286 1374 1312 vini
1388 1285 1464 1316 meri,
1474 1284 1566 1318 plenus
1576 1283 1653 1309 mixto
1664 1286 1704 1312 ;el
1719 1281 1800 1306 incli-

1012 1334 1082 1361 nauit
1099 1341 1131 1359 ea:
1147 1332 1195 1358 hoc
1207 1332 1233 1358 in
1254 1332 1320 1362 hoc;
1335 1335 1513 1357 verumtamen
1534 1328 1587 1362 βυτ
1611 1327 1666 1361 ejus
1684 1334 1734 1352 non
1762 1329 1800 1351 est

1011 1378 1148 1405 exinanita
1163 1377 1186 1403 ¹.
1212 1375 1248 1402 Ex
1270 1375 1321 1402 hoc
1339 1375 1425 1401 calice
1442 1374 1465 1401 si
1485 1373 1607 1403 biberis.
1634 1371 1748 1406 dignum
1776 1374 1802 1396 te

1012 1423 1108 1458 sponsi
1133 1421 1261 1449 convivio
1280 1419 1453 1454 prmstiteris.
1478 1417 1560 1444 Utilis
1582 1417 1609 1443 in
1636 1416 1733 1450 primis
1759 1418 1803 1442 cst

1011 1469 1084 1496 calix
1099 1469 1150 1495 iste
1166 1467 1229 1494 vino
1251 1467 1359 1502 plenus,
1371 1465 1417 1500 qui
1434 1464 1499 1491 dum
1512 1463 1660 1498 appetitur,
1679 1462 1801 1488 animum

1012 1514 1046 1541 ad
1061 1521 1092 1541 se
1115 1513 1204 1540 redire
1223 1517 1304 1547 atque
1326 1511 1442 1538 excitari
1466 1509 1607 1546 postulat;
1633 1511 1715 1542 atque
1738 1507 1802 1533 hinc

1013 1558 1156 1586 manifesta
1179 1557 1288 1592 quidem
1309 1558 1397 1584 oratio
1413 1560 1465 1584 est.
1493 1555 1546 1583 Sed
1572 1554 1750 1588 multiplicem
1771 1559 1802 1579 ca

1013 1612 1125 1632 scnswn
1146 1611 1200 1631 non
1221 1604 1372 1638 postulant,
1388 1610 1450 1637 qum
1471 1599 1633 1634 multiplicia
1649 1607 1680 1625 ac
1695 1600 1802 1624 diversa

1012 1659 1075 1678 esse
1091 1650 1229 1676 videntur.
1241 1649 1315 1675 Calix
1333 1649 1359 1674 in
1376 1649 1439 1675 vino
1454 1654 1531 1673 mero
1546 1646 1628 1673 misto
1644 1646 1752 1680 plenus.
1768 1645 1802 1669 Et

1013 1696 1151 1723 inclinarit
1168 1702 1200 1722 ea:
1215 1695 1264 1721 Ιιοε
1277 1695 1303 1720 in
1324 1694 1382 1720 hoc.
1400 1692 1428 1720 Si
1449 1699 1525 1719 mero
1538 1691 1644 1726 plenus,
1663 1689 1802 1724 quomodo

1015 1742 1097 1767 misto
1116 1748 1176 1767 esse
1194 1740 1302 1774 potest?
1328 1743 1374 1765 aut
1396 1738 1419 1765 si
1447 1745 1517 1764 unus
1533 1740 1595 1768 est,
1613 1735 1750 1770 quomodo
1768 1741 1803 1761 ex

1016 1788 1067 1814 hoc
1088 1789 1114 1813 in
1141 1787 1192 1812 hoc
1215 1784 1383 1812 inclinatur?
1408 1783 1527 1810 Omnino
1540 1782 1658 1809 absurda
1676 1781 1803 1807 videntur

1016 1841 1077 1860 esse
1093 1840 1154 1867 qua:
1169 1832 1310 1863 dicuntur,
1323 1834 1350 1856 at
1366 1838 1420 1856 non
1438 1837 1469 1856 ea
1486 1836 1546 1863 qua:
1569 1829 1620 1855 sub
1645 1828 1678 1854 iis
1700 1826 1802 1853 intelli-

1015 1882 1126 1914 guntur.
1149 1876 1229 1903 Nulla
1253 1877 1307 1903 Deo
1329 1883 1394 1902 cura
1419 1875 1504 1901 divini
1526 1882 1557 1900 ac
1583 1873 1696 1900 numine
1719 1871 1802 1898 alllati

1015 1922 1151 1950 sermonis
1175 1925 1237 1952 est,
1261 1921 1425 1954 anxiamque
1441 1920 1467 1945 in
1493 1918 1608 1945 minutis
1627 1917 1713 1944 rebus
1733 1916 1803 1942 sel'i-

1016 1973 1124 2003 ptorum
1145 1967 1314 2002 diligentiam
1331 1968 1505 1999 aspernatur.
1532 1963 1573 1990 Tu
1590 1969 1672 1997 porro
1691 1961 1732 1988 vis
1747 1962 1803 1988 dis-

1015 2013 1116 2041 cordia:
1129 2012 1211 2047 hujus
1227 2011 1405 2038 concordiam
1422 2007 1621 2044 contemplari?
1637 2008 1670 2034 de
1682 2013 1801 2042 quonam

1011 2059 1096 2086 calice
1110 2058 1251 2093 loquitur?
1263 2058 1295 2085 de
1303 2064 1335 2085 eo
1348 2057 1454 2085 scilicet
1469 2055 1562 2090 verbo,
1576 2054 1648 2090 quod
1667 2054 1694 2080 in
1709 2052 1802 2080 Veteri

1011 2113 1043 2133 ac
1055 2105 1130 2132 Novo
1139 2104 1318 2132 Testamento
1326 2104 1437 2131 coalitus
1450 2110 1464 2129 a
1478 2101 1533 2129 Deo
1543 2100 1699 2128 hominibus
1712 2098 1803 2134 propi-

1012 2156 1104 2178 natum
1117 2151 1264 2184 habemus;
1281 2150 1332 2177 hoc
1341 2149 1414 2176 enim
1426 2152 1490 2183 potu
1503 2147 1610 2174 animus
1628 2148 1722 2172 noster
1737 2143 1800 2170 irri-

1012 2201 1100 2231 gatur.
1112 2196 1146 2222 At
1157 2203 1218 2222 cum
1231 2201 1379 2228 utrumque
1395 2194 1509 2221 verbum
1524 2193 1570 2224 sit,
1586 2191 1668 2226 296
1683 2196 1798 2219 merum.

1017 2239 1077 2266 Ideo
1087 2243 1129 2266 est
1142 2243 1300 2274 utrumque.
1320 2238 1452 2265 Miscetur
1470 2244 1536 2263 voro
1555 2243 1617 2262 cum
1629 2233 1729 2268 duplex
1746 2233 1799 2259 sit:

1017 2290 1100 2309 unum
1118 2283 1192 2309 enim
1203 2285 1255 2314 est,
1272 2282 1345 2316 quod
1355 2289 1388 2308 ex
1404 2280 1538 2308 ambobus
1553 2277 1695 2309 coalescit,
1711 2277 1801 2304 scien-

1016 2328 1061 2356 tia:
1085 2328 1190 2356 scilicet
1215 2327 1437 2362 cognitionisque
1466 2324 1607 2360 perfectio.
1631 2321 1715 2349 Vetus
1738 2320 1802 2362 qui-

1017 2373 1078 2400 dem
1094 2372 1306 2408 promissionem
1327 2371 1423 2399 habuit
1438 2378 1444 2396 :
1461 2377 1548 2397 novus
1568 2376 1634 2395 vero
1651 2375 1710 2395 eum
1725 2357 1772 2400 qui
1785 2372 1801 2391 τι

980 2415 1001 2441 D
1018 2418 1072 2447 De)
1095 2419 1197 2446 missus
1217 2422 1269 2449 est,
1288 2417 1373 2444 dedit.
1397 2416 1455 2444 Hoc
1479 2419 1581 2447 autem,
1602 2413 1635 2440 Et
1663 2411 1801 2440 inclinat-it

177 2475 210 2494 ex
228 2465 275 2494 hoc
299 2467 328 2494 in
347 2467 406 2498 hoc,
422 2466 616 2502 magistrorum
641 2466 845 2493 successionem
882 2465 1031 2501 significat,
1065 2466 1192 2494 Mosaica:
1232 2465 1374 2496 nimirum,
1397 2471 1429 2491 ac
1448 2462 1597 2489 Dominieze
1623 2460 1701 2495 legis.
1723 2458 1801 2485 Culix

179 2514 260 2540 Porro
278 2520 351 2540 unus
364 2516 408 2540 est
425 2520 431 2538 :
461 2520 532 2540 unus
549 2513 620 2539 enim
641 2512 768 2546 idemque
791 2511 907 2546 spiritus
932 2513 1094 2547 prophetam
1107 2532 1114 2544 ,
1140 2516 1221 2546 atque
1237 2519 1310 2541 eum.
1336 2510 1382 2546 qui
1401 2517 1416 2536 τι
1436 2509 1492 2536 Deo
1511 2508 1614 2535 missus
1635 2510 1688 2539 est,
1713 2505 1801 2539 inspi-

178 2559 260 2586 ravit.
282 2558 315 2586 Et
335 2558 407 2593 quod
422 2558 486 2586 boni
503 2558 621 2593 pictores
636 2556 750 2590 faciunt,
764 2557 830 2584 olim
849 2556 962 2592 quidem
981 2557 1144 2584 adumbrate
1159 2556 1324 2590 delineavit;
1348 2559 1444 2592 postea
1468 2561 1533 2582 vero
1552 2552 1675 2588 singulas
1704 2548 1802 2585 cogni-

179 2605 262 2632 tionis
276 2608 368 2640 partes
380 2604 547 2632 elaboravit:
564 2603 745 2630 Verumtamen
762 2603 816 2637 [ιι-ω
833 2603 890 2638 ejus
902 2611 953 2630 non
971 2607 1010 2630 est
1026 2603 1176 2630 exinanita.

232 2663 240 2678 ¹
257 2662 329 2691 Psal.
348 2671 379 2697 ιι,
394 2662 437 2690 Η.
488 2663 499 2678 ¹
515 2661 588 2690 Psal.
607 2661 705 2696 ‘Lxxtv,
724 2662 752 2690 9.

791 2717 880 2746 DION.
906 2716 1045 2744 PETAVII
1067 2715 1182 2744 ΝΟΤΛΕ.
1406 2737 1409 2739 .

215 2767 282 2801 (93‘)
295 2766 323 2794 In
340 2766 797 2802 hacitomiliafostenditﬂSynesius
817 2766 875 2796 dies
898 2766 981 2795 festos
998 2764 1041 2800 pic
1059 2771 1087 2793 ct
1107 2765 1200 2793 sobrie
1215 2763 1404 2797 cclcbrandos,
1426 2767 1508 2798 atque
1524 2771 1606 2790 unum
1624 2764 1803 2798 cutndetthuc

180 2809 240 2830 esse
250 2802 376 2837 spiritum
393 2800 459 2828 Novi
472 2809 504 2828 ac
522 2801 627 2829 Veteris
647 2800 826 2830 Tcstanitetiti.

217 2871 247 2904 ιζ)
269 2871 385 2913 υιυιιξειο
396 2870 499 2896 Pctavio
514 2869 662 2901 interprete.
