1990 3060
214 120 284 148 {SC-5

475 176 548 219 ῌΟΜ
555 177 622 205 ILIA
641 176 662 205 ΙΙ
678 177 746 214 (94).

249 225 330 261 297
346 222 405 252 Nox
420 231 518 258 sacra,
534 232 594 260 qua
617 224 703 252 lucem
725 227 830 251 tantam
854 224 946 251 attulit
964 223 1001 252 iis

214 272 261 308 qui
282 269 417 298 exsecrati
439 274 530 302 erant,
554 274 687 305 quantum
705 270 797 297 nullus
815 277 936 305 unquam
958 269 1003 297 sol

215 316 286 344 diem
304 315 462 344 illustravit.
484 314 539 342 Nec
555 316 627 343 enim
655 315 696 343 fas
713 319 757 343 est
778 314 903 350 proiecto
919 315 1002 350 quid-

215 370 308 398 quam,
321 362 386 389 licet
400 361 521 389 omnium
547 369 608 396 qua:
623 361 651 388 in
666 365 740 388 terra
762 365 826 388 sunt
846 360 1002 396 pulcherri-

216 415 291 435 mum
304 407 351 440 sit,
368 414 430 434 cum
449 407 609 442 praepotenti
622 413 712 434 rerum
723 406 823 441 opiﬁce
840 412 1005 441 comparari-

215 452 281 480 dum
299 459 423 480 censere.
441 450 540 479 Verum
559 458 594 478 ne
606 450 747 486 opificium
761 450 872 486 quidem
891 455 936 479 est
955 450 1004 478 illa

216 491 264 525 lux
283 505 344 533 quze
365 497 502 524 illuminat
523 497 641 529 animos,
665 500 692 524 et
712 496 908 532 aspectabilem
930 497 1007 525 hunc

216 543 302 571 solem
318 543 478 570 illustravit.
493 541 644 577 Agnoscite
664 541 823 569 beatitatem
839 549 900 576 quas
914 541 1005 574 adest,

217 596 334 624 quaeque
357 596 480 623 praesens
507 591 559 615 est.
579 586 609 614 Si
630 587 682 614 hoc
708 587 736 614 in
761 591 833 614 statu
849 586 1006 622 ﬁrmi-per-

217 633 388 665 manseritis,
416 632 608 668 optabiliorem
633 631 710 659 vobis
729 639 762 659 ac
783 631 931 659 feliciorem
958 639 1006 659 so-

218 679 337 707 lemnem
355 679 428 706 hunc
445 679 528 709 diem,
542 677 666 713 quandiu
686 677 770 704 vitam
789 676 942 713 producere
956 677 1007 705 da-

219 723 306 756 bitur.
323 723 516 751 observabitis.
533 721 612 750 Nunc
628 722 738 757 quidem
759 726 836 750 certe
855 723 1007 757 unusquis-

219 776 275 804 que
292 772 413 796 vestrum
428 767 542 802 angelus
557 767 638 795 Deive
656 767 772 794 nuntius
787 767 814 794 in
830 766 900 794 urbe
912 774 1007 794 versa-

733 115 867 146 SYNESII
887 116 1120 149 PTOLEMAIDIS
1140 116 1294 145 EPISCOPI

1790 111 1878 140 ιὸδι

1359 175 1479 202 OMIAIA
1498 176 1534 203 B’.

1089 223 1147 255 Νὺξ
1163 221 1223 258 ιερὰ
1233 221 1310 257 (Μ’).
1325 221 1384 256 φῶς
1403 220 1552 255 ἐνεγκοῦσα
1565 220 1623 252 τοῖς
1636 228 1707 255 κατη
1716 218 1876 254 ραμένοις

1054 270 1116 296 ὅσον
1141 268 1228 299 οὐδεὶς
1252 267 1358 302 ἡμέραν
1376 265 1496 300 ἔλαμψεν
1519 265 1609 300 ἥλιος·
1626 264 1688 291 οὐδὲ
1714 264 1777 298 γὰρ
1806 263 1874 289 οὐδ’

1054 314 1127 340 ὅσιον
1146 310 1323 346 ἐξετασθῆναι
1339 310 1377 345 τῷ
1390 308 1565 345 Δημιουργῷ,
1580 308 1632 335 κᾶν
1651 308 1682 334 τὺ
1705 304 1873 334 κάλλιστον

1053 359 1101 386 ἐπὶ
1112 359 1175 394 γῆς.
1204 357 1274 385 Ἀλλ’
1293 357 1355 384 οὐδὲ
1373 355 1570 391 δημιούργημα
1590 355 1679 381 ἐκεῖνο
1695 353 1727 380 τὸ
1749 352 1834 387 φῶς,
1855 351 1872 378 δ

1056 403 1168 439 φωτίζει
1191 403 1290 439 ψυχὰς,
1308 402 1356 429 καὶ
1377 401 1424 428 τὸν
1448 400 1576 436 αἰσθητὸν
1603 399 1737 434 ἐφώτισεν
1759 398 1867 432 ἥλιον.

1063 449 1207 484 Ὀμολογίᾳ
1219 448 1268 483 τῆς
1280 446 1419 482 παρούσης
1432 446 1621 481 μακαριούσης
1635 444 1866 479 μακαριότητος.

1057 496 1106 522 “Av
1114 495 1185 522 οὕτω
1197 493 1363 528 διαμείνητε,
1373 491 1592 526 εὺζηλωτοτέραν
1603 491 1612 501 ‘
1630 491 1693 525 ὑμῖν
1705 489 1756 524 τὴν
1782 496 1867 523 παρ-

1056 540 1139 567 οῦσαν
1162 540 1208 566 ἐπὶ
1232 538 1279 566 τοῦ
1302 539 1447 574 παρόντος,
1467 537 1518 564 κᾶν
1543 536 1580 571 μὴ
1604 535 1648 562 διὰ
1672 535 1742 569 βίου,
1760 535 1865 568 τηρή-

1060 594 1131 613 σετε.
1148 585 1206 612 Νῦν
1233 585 1281 620 μὲν
1297 584 1411 615 ἕκαστος
1433 583 1510 618 ὑμῶν
1526 582 1640 616 ἄγγελος
1663 582 1692 607 ὲν
1710 582 1744 616 τῇ
1773 580 1864 606 πόλει

1060 632 1221 666 περινοστεῖ.
1238 629 1294 656 Νὖν
1310 629 1418 664 ἡγεῖσθε
1431 627 1496 663 περὶ
1512 628 1588 662 ὑμῶν
1601 625 1670 654 εἶναι
1685 626 1715 653 τὸ
1735 625 1866 659 λεγόμε-

1059 685 1114 708 νον,
1130 677 1176 703 ἐπὶ
1186 676 1237 710 γῆς
1251 675 1336 708 ὅντες,
1348 675 1396 702 καὶ
1407 675 1436 701 ὲν
1448 673 1555 710 οὐρανῷ
1567 674 1596 700 τὺ
1607 673 1759 707 πολίτευμα
1777 671 1863 706 ἕχον-

1058 730 1115 754 τες.
1127 721 1265 757 Φοϐήθητε
1279 721 1329 755 τῆς
1345 720 1423 753 ἀξίας
1439 719 1588 746 ἀποπεσεῖν
1598 727 1605 734 ·
1622 718 1809 745 δυσέκνιπτον
1829 716 1864 742 τὸ

1061 766 1130 801 μετὰ
1142 765 1274 800 κάθαρσιν
1288 764 1421 800 μόλυσμα.

220 821 266 844 tur
291 824 297 842 :
324 819 407 850 atque
427 814 510 842 etiam
539 821 613 842 nunc
643 814 803 842 existimate
828 814 909 848 plane
929 813 1010 843 vobis
1027 821 1181 849 congruere
1203 813 1277 848 quod
1294 812 1398 839 dictum
1421 815 1486 839 est:
1507 811 1533 838 in
1556 810 1638 838 terris
1657 809 1806 844 degentes,
1833 815 1863 835 ct.

220 863 250 891 in
278 862 358 891 caelis
383 861 623 889 conversationem
647 861 792 889 habentes.
819 861 956 889 Caeterum
984 862 1079 889 timete
1108 868 1142 888 ne
1165 859 1301 888 excidatis
1321 860 1356 887 ab
1376 859 1428 886 hac
1454 859 1599 894 dignitate.
1631 857 1738 884 Etenim
1759 857 1861 891 inqui-

221 908 297 937 natio
315 915 377 944 quae
388 912 451 943 post
475 907 672 936 februationem
691 911 719 936 et
733 908 918 943 expiationem
940 908 1054 941 accidit,
1075 907 1212 943 piaculum
1227 911 1270 935 est
1282 906 1353 942 quod
1383 907 1426 933 vix
1456 906 1568 934 eluitur.

221 1011 404 1039 Decreverunt
432 1010 535 1045 aliquid
561 1008 781 1045 Leontopolitani
803 1009 898 1037 mitius
922 1017 1006 1045 quam

221 1057 344 1091 ipsorum
361 1059 458 1083 natura
479 1055 558 1086 ferat,
573 1062 637 1083 cum
648 1062 664 1082 a
681 1062 711 1083 se
732 1055 850 1082 invicem
864 1055 1008 1083 abstinen-

221 1105 274 1133 tes,
290 1101 396 1128 vicinos
405 1101 569 1128 violatarum
584 1101 674 1136 legum
688 1104 864 1129 accusarunt.
877 1100 1008 1134 Quando-

221 1145 331 1181 quidem
340 1145 397 1173 heri
404 1149 431 1173 et
437 1145 538 1172 nudius
546 1144 645 1172 tertius
652 1144 752 1172 fratres
758 1144 889 1172 adversus
897 1144 1008 1178 fratres,

221 1191 327 1220 etlilius
333 1195 429 1219 contra
437 1194 554 1226 patrem,
563 1194 590 1218 et
598 1195 776 1226 patercontra
785 1198 852 1218 suns
858 1191 1010 1219 advocabat

222 1236 393 1265 carniﬁcem.
417 1236 512 1271 Neque
538 1244 623 1272 porro
643 1236 671 1264 id
689 1237 763 1272 quod
793 1244 866 1265 nunc
887 1238 1009 1273 aggressi

222 1286 298 1314 sunt.
319 1282 460 1310 hominum
482 1285 524 1309 est
541 1286 666 1309 mutuam
685 1282 760 1310 illam
776 1283 876 1310 caedem
891 1284 1008 1318 patriam

223 1327 410 1355 amolientinm
425 1336 432 1354 :
446 1335 542 1355 verum
563 1328 692 1362 privatim
716 1328 828 1363 quidem
853 1329 955 1362 singuli
980 1328 1009 1356 in

223 1372 349 1408 singulos
368 1372 500 1407 impetum
515 1372 621 1400 faciunt
637 1382 644 1400 :
662 1373 845 1400 communiter
860 1381 924 1401 vero
941 1374 1009 1402 civi-

223 1421 268 1446 tas
290 1417 461 1453 astygitones
480 1418 642 1449 insectatur.
669 1425 718 1446 eos
741 1418 788 1453 qui
814 1427 868 1446 non
893 1420 1011 1448 feliciter

223 1471 276 1491 nec
291 1464 363 1492 bono
374 1471 426 1492 suo
445 1467 512 1491 sunt
528 1464 605 1492 urbis
617 1464 712 1491 vicini.
728 1464 794 1491 Nam
811 1472 865 1492 non
881 1466 1011 1500 prmelare

224 1517 319 1537 secum
335 1514 425 1537 actum
438 1509 472 1536 iri
489 1509 645 1540 crederent,
661 1509 715 1537 nisi
727 1510 808 1537 etiam
820 1510 929 1545 publice
942 1518 1010 1538 con-

225 1554 353 1582 formatio
370 1554 492 1583 civitatis
515 1555 690 1583 accusatoria
711 1555 792 1586 foret,
817 1559 844 1583 et
859 1556 1012 1583 calumnia-

224 1600 295 1628 toris
306 1600 394 1628 vicem
418 1601 562 1629 subiisset.
582 1599 642 1628 1am
660 1609 724 1628 vero
741 1601 819 1628 nobis
835 1608 866 1628 ea
884 1609 944 1636 quae
966 1609 1012 1629 ac-

224 1646 364 1674 cusatorie
379 1646 561 1680 objiciuntur,
574 1647 663 1674 claras
677 1647 855 1682 probationes
870 1647 1010 1680 exhibent.

226 1696 257 1719 ut
278 1693 381 1720 nemini
405 1692 558 1720 inferamus
577 1692 708 1728 injuriam
723 1701 730 1720 :
746 1693 848 1728 quibus
862 1693 945 1728 judex
964 1701 1013 1728 pa-

225 1736 340 1766 tientem
359 1738 550 1766 accommodat
573 1746 679 1766 aurem.
699 1739 782 1774 Atqui
806 1746 857 1766 nos
880 1746 947 1767 arva
962 1746 1012 1766 co-

225 1782 294 1816 lere,
316 1790 371 1810 non
392 1790 492 1811 causas
517 1783 633 1811 actitare
651 1782 809 1811 didicimus.
826 1783 883 1810 Cur
901 1784 1010 1811 tandem

227 1829 322 1864 igitur,
337 1836 400 1856 cum
415 1829 580 1864 jamdudum
602 1829 660 1857 haec
674 1830 712 1856 ita
731 1837 761 1858 se
775 1830 932 1862 habuerint,
947 1837 1015 1857 con-

226 1874 365 1902 venientia
388 1875 441 1902 sibi
458 1882 572 1903 munera
587 1880 614 1903 et
630 1875 713 1911 298
724 1879 847 1910 tempora
870 1880 1014 1902 transcen-

227 1919 292 1947 dere
314 1927 424 1954 atquum
447 1923 573 1952 censent,
595 1924 623 1948 et
640 1914 774 1948 adversus
794 1928 845 1948 nos
865 1921 1013 1955 prodeunt,

227 1965 275 1999 qui
293 1965 355 2000 plus
377 1972 460 2000 quam
488 1966 540 2000 ipsi
568 1965 764 1994 accendimur?
784 1970 812 1994 et
836 1966 941 2002 majore
967 1967 1014 1995 siti

227 2011 375 2046 correptis,
409 2016 492 2046 atque
521 2011 624 2046 injuria
656 2011 763 2040 atfectis
794 2011 901 2040 ratione
925 2011 1013 2044 situs,

227 2057 309 2084 venui
333 2065 442 2092 semper
456 2062 597 2092 exponunt
617 2058 696 2085 avide
720 2057 749 2084 id
774 2057 848 2092 quod
870 2060 1015 2092 superest?

227 2103 362 2136 Quoniam
386 2107 478 2131 autem
506 2105 556 2131 hoc
583 2111 655 2131 anno
687 2104 792 2139 argenti
818 2104 886 2130 nihil
916 2103 1014 2139 reliqui

228 2149 290 2182 fuit,
312 2149 409 2177 volunt
434 2154 543 2177 nostras
561 2157 698 2177 aerumnas
717 2150 744 2176 in
770 2149 847 2176 lucro
870 2149 1013 2184 deputare.

228 2194 268 2223 Eo
298 2196 428 2222 nimirum
456 2195 572 2223 tendunt
597 2199 723 2222 recentes
758 2195 811 2222 illa:
838 2194 1012 2223 delationes:

1102 1009 1309 1036 Ἐὗουλεύσαντό
1328 1018 1355 1036 τι
1371 1008 1427 1044 (95)
1444 1007 1651 1035 Λεοντοπολῖται
1675 1007 1725 1042 τῆς
1748 1007 1860 1034 ἑαυτῶν

1061 1056 1168 1091 φύσεως
1193 1056 1383 1091 ἡμερώτερον-
1400 1055 1523 1090 ἀλλήλων
1545 1054 1688 1089 ἀφέμενοι,
1707 1053 1772 1085 τοὺς
1798 1054 1860 1088 γεί-

1061 1111 1141 1134 τονας
1154 1102 1322 1138 παρανόμων
1344 1100 1509 1136 ἐγράψαντο.
1531 1099 1607 1126 Ἐπεὶ
1623 1099 1704 1134 μέχρι
1722 1099 1788 1133 χθὲς
1808 1099 1858 1125 καὶ

1061 1147 1157 1184 πρώην
1174 1147 1281 1181 ἀδελφοί
1293 1155 1324 1173 τε
1341 1147 1384 1174 ὲπ⁹
1398 1146 1531 1180 ἀδελφοῖς,
1546 1145 1594 1172 καὶ
1608 1145 1672 1176 παῖς
1693 1145 1739 1171 ἐπὶ
1755 1145 1856 1180 πατρὶ,

1061 1194 1109 1220 καὶ
1123 1193 1215 1229 πατὴρ
1227 1193 1273 1219 ἐπὶ
1286 1191 1324 1228 τῷ
1341 1191 1413 1226 γένει
1427 1191 1576 1226 παρεκάλει
1590 1190 1635 1217 τὸν
1650 1190 1757 1226 δήμιον.
1775 1190 1857 1224 Τάχα

1061 1239 1090 1266 δὲ
1102 1238 1162 1265 οὐδὲ
1178 1239 1208 1265 τὸ
1227 1238 1274 1265 νῦν
1288 1237 1508 1274 ὲγχειρούμενον,
1522 1235 1710 1263 καταλυόντων
1732 1235 1781 1261 ἐπὶ
1804 1235 1856 1270 τὴν

1061 1283 1255 1318 ἀλληλοφονίαν
1269 1283 1319 1318 τὴν
1329 1283 1457 1318 πάτριον·
1475 1282 1532 1309 ἀλλ’
1547 1281 1601 1317 ἰδίᾳ
1613 1281 1663 1316 μὲν
1679 1281 1796 1312 ἕκαστος
1806 1281 1856 1306 ἐπὶ

1061 1329 1107 1355 τδν
1123 1329 1187 1355 ἴδιον
1199 1329 1311 1364 φέρεται
1323 1337 1331 1344 ·
1354 1329 1429 1363 κοινῇ
1444 1327 1474 1354 δὲ
1485 1328 1500 1363 ἡ
1513 1327 1591 1359 πόλις
1610 1327 1657 1354 ἐπὶ
1669 1327 1731 1358 τοὺς
1745 1327 1796 1353 οὐκ
1808 1326 1854 1352 εὖ·

1062 1375 1150 1410 τυχῶς
1170 1374 1373 1409 ἀστυγείτονας.
1387 1375 1424 1401 Οῠ
1446 1374 1500 1408 γὰρ
1516 1372 1629 1400 ἀνεκτὸν
1648 1373 1749 1404 αὐτοῖς,
1773 1373 1798 1398 εί
1815 1371 1853 1406 μὴ

1063 1421 1109 1447 καὶ
1119 1420 1237 1456 δημοσίᾳ.
1250 1420 1281 1446 τὺ
1298 1421 1390 1455 σχῆμα
1405 1420 1454 1454 τῆς
1476 1419 1578 1450 πόλεως
1601 1418 1783 1454 κατηγορικὸν
1796 1417 1850 1452 εἴη,

1064 1467 1111 1493 καὶ
1128 1466 1295 1500 συκοφάντου
1307 1465 1398 1501 χώραν
1413 1465 1651 1492 ὑπεισελεύσεται·
1671 1464 1727 1491 ἀλλ’
1743 1464 1810 1498 ἡμῖν
1819 1471 1851 1497 γε

1064 1513 1104 1544 εἰς
1120 1511 1151 1538 τὺ
1168 1511 1251 1546 μηδὲν
1270 1511 1384 1543 ἀδικεῖν,
1398 1511 1469 1539 αὐτὰ
1480 1511 1514 1538 τὰ
1529 1510 1740 1545 κατηγορημένα
1756 1511 1851 1543 σαφεῖς

1065 1558 1215 1591 ἀποδείξεις
1229 1557 1388 1592 παρέχεται.
1404 1557 1581 1592 εῖιτυχηκὸσιν
1596 1557 1697 1591 ἀκουὴν
1711 1555 1850 1588 δικαστοῦ,

1065 1603 1199 1638 Γεωργεῖν
1218 1603 1247 1629 δὲ
1262 1603 1351 1637 ἡμεῖς,
1366 1603 1416 1629 οὐκ
1437 1602 1579 1638 ἀγορεύειν
1603 1602 1681 1633 δίκας
1703 1601 1848 1636 ἐμάθομεν.

1065 1648 1098 1674 Τί
1114 1648 1173 1674 ποτ’
1187 1646 1233 1675 οὖν
1249 1647 1481 1682 ἀποδεδειγμένων
1503 1648 1594 1679 αὐτοῖς
1614 1647 1698 1674 πάλαι
1717 1647 1764 1674 καὶ
1785 1646 1850 1682 πρόε

1065 1694 1150 1721 παλαι
1167 1694 1222 1721 τῶν
1239 1695 1432 1730 προσηκόντων
1449 1695 1538 1730 μέσων
1549 1694 1724 1730 ὗπερὸαίνειν
1736 1693 1849 1726 ἀξιοῦσι,

1065 1740 1112 1767 καὶ
1125 1740 1167 1774 ἐφ’
1179 1740 1252 1775 ἡμᾶς
1268 1739 1392 1775 ἔρχονται
1402 1741 1466 1772 τοὺς
1479 1740 1548 1775 ὑπὲρ
1559 1741 1656 1772 αὐτοὺς
1672 1738 1829 1771 καιομένους
1840 1746 1848 1771 ;

1065 1785 1254 1821 διψηροτὲροις
1266 1794 1295 1815 τε
1308 1783 1378 1817 οὖσι.
1397 1787 1444 1814 καὶ
1457 1786 1632 1821 ἠδικημένοις
1651 1785 1725 1820 παρὰ
1744 1784 1791 1818 τῆς
1806 1784 1849 1809 θέ-

1066 1840 1147 1863 σεως,
1162 1831 1352 1866 ἀπεμπολοῦσι
1368 1832 1413 1858 ἀεὶ
1427 1832 1459 1858 τὸ
1480 1831 1722 1866 περιγιγνόμενον;
1743 1828 1849 1862 Ἐπειδὴ

1063 1877 1144 1911 τῆτες
1159 1877 1189 1904 οὺ
1203 1877 1384 1912 περιγέγονεν.
1394 1877 1535 1912 ἀργύριον,
1551 1877 1673 1910 ἀξιοῦσιν
1692 1875 1758 1902 αὐτὸ
1777 1873 1849 1908 γενέ-

1064 1923 1127 1950 σθαι
1141 1922 1191 1955 τὰς
1203 1923 1340 1959 ἡμετέρας
1356 1924 1500 1959 συμφοράς
1531 1923 1577 1954 Et;
1594 1922 1674 1952 τοῦτο
1693 1920 1806 1948 τείνουσι
1822 1919 1849 1946 αἱ

1064 1969 1160 2004 πρώην
1178 1969 1295 2004 γραφαὶ,
1311 1969 1358 1996 καὶ
1373 1969 1474 2001 σκοπὸς
1496 1969 1587 1999 αὐτοῖς
1606 1968 1660 1994 τῶν
1671 1966 1848 2002 ψηφισμάτων

1063 2014 1112 2048 οὐχ
1127 2014 1231 2049 ἕτερος.
1251 2014 1427 2049 Ὀμολογοῦσι
1440 2014 1471 2050 δή
1487 2023 1514 2041 τι
1532 2015 1579 2041 καὶ
1595 2013 1730 2048 δεύτερον,
1749 2012 1763 2038 δ
1776 2010 1848 2044 παρὰ

1064 2059 1179 2095 πρώτων
1186 2060 1263 2094 ἡμῶν
1272 2060 1318 2087 καὶ
1328 2060 1416 2095 μόνων
1423 2059 1497 2093 ἄξιον
1505 2059 1643 2095 εἰρῆσθαι,
1652 2056 1847 2093 παραστατικὸν

1064 2105 1093 2131 ὃν
1101 2106 1150 2140 τῆς
1159 2105 1329 2141 ἁδικωτάτης
1339 2106 1430 2133 αὐτῶν
1440 2105 1632 2141 ἐγχειρήσεως.
1645 2103 1788 2139 Πόρρωθεν
1797 2101 1847 2136 γὰρ

1063 2152 1141 2178 αὐτοὶ
1155 2153 1276 2187 κρηπῖδα
1287 2154 1320 2188 τῇ
1333 2153 1500 2187 συκοφαντία
1512 2151 1670 2187 βαλλόμενοι
1681 2149 1752 2183 ὑπὲρ
1762 2147 1847 2178 ἀδείας

1064 2196 1111 2223 τοῦ
1125 2198 1181 2228 τθῖς
1195 2197 1232 2232 μὴ
1245 2199 1430 2233 προσήκουσιν
1445 2198 1522 2224 ὕδασι
1533 2196 1696 2232 χρήσασθαι,
1710 2194 1749 2229 τῷ
1763 2192 1847 2228 σεμνῷ

227 2247 279 2267 nec
301 2239 374 2268 alius
389 2240 457 2275 ipsis
479 2240 541 2269 finis
559 2245 602 2268 est
617 2241 762 2269 sciturum.
785 2240 918 2268 Fatentur
931 2241 1010 2268 etiam

1065 2241 1152 2277 τούτῳ
1163 2241 1332 2278 δικαστηρίῳ
1349 2243 1483 2278 πρόσοδον-
1492 2243 1662 2278 ἐποιήσαντο.

227 2284 331 2319 aliquid
357 2285 491 2317 secundo,
522 2286 596 2321 quod
628 2286 741 2321 dignum
765 2290 809 2313 est
830 2289 861 2312 ut
885 2292 900 2312 a
929 2286 1009 2314 nobis
1033 2287 1131 2322 primis
1155 2290 1183 2314 et
1205 2287 1276 2315 solis
1299 2289 1460 2316 enuntietur
1482 2297 1489 2316 :
1518 2294 1581 2314 cum
1604 2283 1740 2321 ejusmodi
1764 2283 1797 2310 sit
1820 2285 1846 2308 ut

229 2330 348 2358 maxime
376 2331 411 2358 ob
435 2331 531 2359 oculos
558 2335 643 2367 ponat
673 2331 888 2365 injustissimum
913 2331 1036 2366 ipsorum
1063 2333 1232 2363 institutum.
1257 2334 1324 2362 Nam
1348 2341 1411 2362 cum
1435 2334 1492 2368 jam
1513 2333 1578 2361 olim
1592 2331 1737 2359 calumniae
1756 2328 1844 2355 funda-

232 2381 324 2405 menta
337 2378 391 2405 alte
412 2377 529 2412 jecerint
555 2385 606 2413 pro
622 2378 784 2411 securitate,
802 2377 876 2413 quod
888 2385 944 2405 non
961 2379 995 2406 ad
1006 2387 1037 2408 se
1053 2380 1235 2410 attinentibus
1248 2382 1328 2417 aquis
1347 2384 1471 2413 utantur,
1492 2379 1527 2408 ad
1547 2379 1599 2407 hoc
1614 2375 1768 2406 venerabile
1783 2382 1845 2410 pra)-

233 2423 333 2450 torium
346 2423 449 2450 aditum
465 2423 518 2451 sibi
535 2423 672 2451 fecerunt.

838 2491 930 2520 DlON.
955 2490 1093 2520 PETAVII

230 2574 237 2581 θ
261 2539 322 2581 ιω)
342 2539 373 2581 ιιι
394 2539 536 2575 pervigilio
552 2538 658 2568 Natalis
674 2538 794 2567 Domini.
818 2538 883 2567 Fed.
903 2538 1015 2567 Morello

230 2579 391 2608 interprete.

265 2609 333 2643 (94')
351 2608 414 2641 Νὺξ
425 2610 496 2643 ἱερά.
511 2608 590 2644 Falsa
610 2612 653 2637 est
665 2609 811 2644 inscriptio
831 2608 939 2644 batina.
958 2608 1017 2635 NOII

229 2644 303 2670 enim
318 2644 345 2670 in
363 2644 503 2678 pervigilio
512 2643 616 2671 Natalis
631 2643 813 2676 Domini,’sed
832 2643 1021 2671 Resurrectio-

232 2678 275 2705 nis
293 2678 385 2705 habita
404 2678 513 2705 videtur
528 2679 560 2705 ad
575 2679 739 2713 neophytos,
754 2683 822 2706 utea
838 2679 920 2706 verba
935 2678 1021 2713 signi-

625 2692 626 2701 ι
648 2687 739 2710 nvros,
754 2687 822 2706 utea
838 2687 920 2706 verna
935 2687 1021 2713 Signi-

625 2687 646 2741 g
658 2708 791 2749 κάθαρσιν
808 2712 943 2748 μόλυσμα,
959 2713 1021 2748 qui-

233 2713 326 2746 ficant,
343 2712 520 2741 δυσέκνιπτον
530 2713 562 2741 τδ
573 2722 623 2749 μετ

1124 2491 1239 2519 ΝΟΤᾹΕ.

1064 2540 1116 2568 bus
1132 2538 1297 2570 ostenditur.
1313 2541 1438 2565 recentes
1455 2537 1516 2564 illos
1532 2543 1547 2563 a
1561 2537 1697 2571 baptismo
1708 2539 1842 2567 esse;tum

1065 2574 1154 2609 φωτός
1168 2577 1194 2601 et
1215 2572 1357 2609 camena?)
1379 2573 1492 2609 mentio.
1506 2571 1644 2609 Quocirca
1664 2578 1714 2609 pro
1738 2578 1844 2609 κατηρα-

1068 2605 1158 2645 μένοις
1177 2605 1232 2645 non
1263 2605 1357 2645 dubito
1371 2608 1439 2645 quin
1461 2607 1512 2645 legi
1527 2605 1842 2645 όεὺρειικαθηραμένοις.

1103 2643 1160 2678 (95)
1182 2642 1417 2678 Ἐϐουλεύσαντᾴ
1426 2650 1461 2668 τι.
1478 2641 1615 2678 Hactenus
1626 2641 1688 2668 haec
1701 2647 1762 2667 cum
1775 2643 1843 2678 αριστ

1069 2674 1229 2706 cedentibus
1257 2681 1337 2705 erant
1353 2676 1512 2710 conjuncta,
1543 2676 1590 2705 sed
1611 2682 1766 2712 perperam.
1783 2674 1844 2702 Sunt

1070 2713 1144 2741 enim
1157 2712 1272 2741 alterius
1286 2711 1448 2747 argumenti.
