1990 3060
225 119 296 147 1567

764 134 899 163 SYNESII
919 137 1149 168 PTOLEMAIDIS
1168 141 1323 170 EPISCOPI

1791 148 1874 178 i368

224 183 299 212 sunt,
310 179 377 207 citra
397 182 478 210 ullam
491 185 742 220 tergiversationem
759 195 844 226 parati
863 195 895 222 ad
910 201 997 224 nutnn

224 224 396 242 ἰηιιιηι-ηιηιιςε
417 226 548 242 t‘......:....._
577 232 592 242 υ
623 235 628 242 ι
646 234 652 242 .
700 239 706 242 .
795 238 811 242 _

1061 207 1138 234 χεται
1150 208 1157 215 ·
1182 200 1296 236 ἕϐδομον
1310 201 1359 236 μὲν
1375 201 1434 234 ἔτος
1448 203 1499 238 ἤδη
1514 204 1699 240 προπράξασα
1722 207 1871 242 πονηρῶς

224 224 397 259 imperatoris
417 226 559 257 fuerimus.
577 232 628 259 Sed
645 224 778 264 hactenus
793 238 1006 276 Pentapolitanae

223 277 268 296 res
285 271 342 297 heri
364 279 397 298 ac
409 273 609 305 nudiustertius
627 279 653 306 in
668 279 854 311 Romanorum
871 291 1006 320 potestate

223 321 394 349 manserunt,
411 319 457 354 qui
480 320 621 358 deincepS,
637 327 737 355 amissa
754 337 786 356 ea
809 335 899 365 gente,
917 334 943 360 in
962 342 1005 362 re-

222 361 369 389 censendis
400 365 570 398 praefecturis
608 371 666 398 suis
695 372 770 401 illam
802 378 1003 409 printer-ierunt.

222 405 340 434 Prorsus
362 416 435 437 nunc
452 411 486 438 de
508 411 649 449 Pentapoli
670 421 760 445 actum
787 405 846 454 est;
872 422 1005 456 funditus.

221 452 344 487 inquam,
358 454 403 481 illa
414 457 535 484 concidit
552 468 558 486 :
574 467 634 494 quae
649 463 732 490 variis
749 465 859 499 quidem
875 470 1006 497 aerumnis

221 505 323 525 annum
343 500 399 534 jam
424 507 486 529 ante
510 505 658 539 septimum
687 509 839 538 conﬂictari
863 520 1004 548 coeperat:

221 543 268 570 sed
282 545 510 576 quemadmodum
524 549 623 576 animal
636 553 770 585 quoddam
785 563 856 590 aegre
870 559 1005 593 moriens,

221 589 262 615 sic
279 589 325 616 illa
342 591 457 625 spiritus
482 595 524 620 sui
545 595 675 630 reliquias
691 589 912 636 cogebatiatque
937 611 1005 632 con-

220 634 357 662 trahebat.
377 635 450 663 Felix
470 638 506 665 sit
521 638 617 674 Anysii
637 644 777 670 memoria.
790 634 909 680 δοσιε
930 649 1006 676 enim

220 686 321 706 annum
337 680 370 707 ad
394 681 467 709 illius
488 686 594 718 tempus
616 686 726 720 adjecit,
743 696 805 716 cum
823 692 926 726 clypeis
942 693 1005 728 qui-

219 725 279 751 dem
309 726 442 758 omnium.
471 727 690 764 Unnigardarnm
712 741 776 761 vero
799 737 927 766 manibus
955 746 1006 774 op-

219 775 335 802 portune
356 776 487 800 uteretur.
507 774 601 809 Itaque
615 778 740 806 nonnihil
753 779 838 807 dilata
860 783 1005 812 calamitas

218 820 270 842 est.
286 815 380 851 Neque
395 819 468 845 enim
489 821 623 850 confertis
637 825 726 858 copiis
748 827 887 861 regionem
908 837 1005 864 perva-

219 861 274 895 gati
287 867 361 889 sunt.
376 863 416 890 Ad
435 864 578 894 latrocinia
595 876 657 896 sese
672 877 877 906 converterunt,
895 875 1003 911 fugicn-
1019 868 1040 895 Β

218 909 259 932 tes
287 907 455 941 identidem,
483 915 565 946 atque
594 913 785 950 irrumpentes.
821 907 1001 956 Posteaquam

217 958 283 977 vero
307 956 349 978 ter
366 952 501 982 instructa
522 957 582 984 acie
606 959 722 992 prmliati
746 963 892 991 consilium
914 969 1004 993 muta-

217 1001 292 1027 runt.
319 1005 393 1024 nunc
420 1007 533 1035 campos
559 1001 638 1038 longe
667 1004 776 1040 lateque
796 1015 893 1038 omnes
916 1018 1002 1046 eques

215 1041 333 1075 obtinet,
351 1051 424 1071 nunc
439 1044 512 1072 intra
528 1048 629 1076 mcenia
642 1051 767 1079 conclusi
788 1054 888 1083 milites
905 1059 1002 1085 tenen-

216 1089 272 1117 tur.
287 1087 333 1113 alii
350 1088 404 1115 alio
418 1089 556 1125 dissipati.
575 1093 647 1127 quod
669 1095 791 1125 Cerealis
805 1102 928 1134 tempore
943 1110 1001 1130 ma-

216 1131 271 1158 lum
288 1133 404 1167 accidit;
420 1143 471 1162 nec
491 1137 571 1170 utiles
593 1139 645 1166 sibi
660 1148 722 1169 esse
739 1143 856 1172 invicem
872 1153 998 1181 possunt,

214 1178 288 1212 quod
303 1186 359 1206 non
381 1181 489 1208 collecti
513 1183 539 1209 in
557 1191 640 1212 unum
656 1193 687 1214 ac
709 1190 798 1217 coacti
817 1192 881 1219 sint.
899 1192 1000 1226 Quam-

214 1224 308 1251 obrem
333 1225 454 1254 hostium
478 1235 522 1255 res
544 1230 689 1259 luculent-«e
708 1241 740 1261 ac
762 1242 900 1271 prospera:
922 1243 996 1267 sunt.

213 1269 265 1301 Qui
290 1271 364 1299 enim
389 1276 532 1309 superiore
557 1284 630 1304 anno
655 1279 753 1307 velites
779 1287 879 1314 erant,
905 1288 933 1311 et
963 1285 998 1312 ad

212 1313 305 1350 fugam
319 1319 451 1353 expediti,
475 1330 549 1350 nunc
571 1329 774 1358 oppugnatores
788 1313 896 1356 urbium
920 1335 995 1358 sunt.

212 1358 291 1388 Nunc
306 1367 485 1399 posteaquam
503 1375 635 1402 pagorum
652 1377 745 1397 muros
761 1378 930 1407 everterunt,
948 1382 997 1410 op-

212 1405 275 1438 pida
298 1407 358 1442 ipsa
376 1409 453 1444 justo
472 1414 595 1441 exercitu
620 1415 804 1444 circumdant.
828 1418 898 1451 Quid
922 1405 995 1448 enim

212 1456 266 1477 non
286 1451 340 1480 illis
361 1456 515 1484 successit?
536 1458 684 1488 Ausuriani
709 1461 847 1491 Thracum
872 1466 994 1500 equitum

1057 243 1115 270 ἀλλ’
1136 244 1231 280 ὥσπερ
1253 245 1321 277 ζῶον
1345 246 1546 279 δυσθανατοῦν,
1571 249 1686 285 ἀνέφερε
1712 251 1762 277 καὶ
1796 260 1870 277 συν-

1056 289 1165 325 ήθροιζε
1193 290 1240 317 τοῦ
1274 291 1427 327 πνεύματος
1457 294 1490 320 τὺ
1523 294 1694 330 λειπόμενον.
1720 296 1871 331 Εὔφημος

1063 336 1185 362 ’Δνυσίου
1202 338 1295 373 μνήμη
1323 338 1439 374 ἐνιαυτῷ
1461 340 1505 366 τὸν
1534 340 1628 375 χρόνον
1654 341 1741 376 αὐτῆς
1766 343 1868 368 πλείω

1056 381 1200 415 πεποίηκε,
1220 383 1280 413 ταῖς
1296 382 1344 417 μὲν
1359 384 1487 410 ἁπάντων
1510 385 1617 417 ἀσπίσι,
1639 387 1698 417 ταῖς
1719 386 1750 412 δὲ
1769 387 1865 412 Οὑνι-

1056 425 1164 460 γαρδῶν
1190 429 1283 462 χερσὶν
1313 429 1353 459 εἰς
1377 429 1436 455 δέον
1464 431 1647 465 χρησάμενος.
1679 432 1864 467 Τοιγαροῦν,

1056 470 1172 506 ἀναϐολή
1191 480 1232 503 τις
1254 473 1362 506 ἐγένετο
1378 474 1424 500 τοῦ
1446 475 1542 501 κακοῦ.
1558 476 1594 502 Οὺ
1611 477 1666 512 γὰρ
1680 477 1863 512 ἐξεχύθησαν

1056 515 1109 550 ὅλῳ
1126 516 1223 551 πλήθει
1240 519 1311 545 κατά
1324 519 1373 554 τῆς
1387 519 1478 555 χώρας
1490 529 1496 535 ·
1521 522 1560 552 εἰς
1582 521 1716 558 λῃστήρια
1734 524 1863 557 μετετά-

1057 560 1155 592 ξαντο*
1182 562 1331 597 ἀφὴλλοντο
1350 565 1397 590 καὶ
1422 566 1613 601 προσήλλοντο.
1643 568 1719 594 Ἐπεὶ
1733 569 1762 594 δὲ
1790 569 1861 603 τρὶς

1057 606 1293 642 παραταξαμένοις
1314 609 1405 641 αὐτοῖς
1430 611 1606 646 μετεμέλησε,
1629 612 1676 639 νῦν
1695 614 1745 647 μὲν
1765 614 1860 639 ixm-

1056 653 1197 686 κρατεῖται
1215 653 1247 680 τὰ
1267 654 1356 686 πεδία,
1371 655 1418 682 νῦν
1437 657 1461 682 ot
1482 656 1536 692 [ἷσ.
1551 657 1599 684 νῦν
1616 658 1656 693 δὲ]
1680 660 1857 694 στρατιῶται

1055 698 1213 733 τειχήρεις,
1247 699 1326 732 ἄλλος
1359 701 1491 736 ἀλλαχόσε
1516 703 1720 739 διειλημμένοι,
1745 705 1775 730 τὸ
1804 706 1857 732 ἐπὶ

1056 743 1205 778 Κερεαλίου
1225 744 1310 771 κακὸν
1332 746 1400 781 (99),
1422 747 1497 773 οὐδὲν
1512 747 1636 783 ἀλλήλοις
1649 750 1744 783 ὄφελος
1757 751 1853 782 ὅντες,

1056 787 1096 813 ὅτι
1111 787 1148 822 μὴ
1165 789 1376 824 συνετάχθησαν.
1401 791 1550 827 Τοιγαροῦν
1568 794 1603 819 τὰ
1629 794 1683 820 τῶν
1706 796 1853 830 πολεμίων

1056 831 1171 869 λαμπρὰ
1181 835 1206 861 οἱ
1222 835 1336 870 πέρυσιν
1356 836 1478 869 εὔζωνοι,
1498 839 1543 865 καὶ
1558 839 1624 874 πρὸς
1642 840 1672 866 τὸ
1685 843 1781 875 φυγεῖν
1803 843 1853 868 εὐ-

1054 880 1175 912 τρεπεῖς,
1199 880 1246 906 νῦν
1273 881 1462 918 πολιορκηταὶ,
1481 884 1528 910 νῦν
1551 886 1586 911 τὰ
1608 887 1754 921 κωμητιχά
1779 887 1848 922 [γγτ.

1054 923 1177 960 κωμικὰ]
1191 925 1267 960 τείχη
1287 926 1457 959 καθελόντες,
1475 928 1573 955 πλατεί
1589 930 1774 966 στρατεύματι
1798 932 1851 962 τὰς

1052 970 1144 1002 πόλεις
1170 973 1427 1008 περιστοιχίζονται.
1457 975 1489 1001 Τί
1512 976 1566 1010 γὰρ
1590 977 1620 1003 οὐ
1645 977 1849 1013 προύχώρησεν

1053 1016 1164 1050 cossic;
1188 1017 1368 1053 Δὺσουριανοὶ
1388 1020 1452 1052 τοὺς
1469 1021 1524 1047 τῶν
1540 1021 1657 1058 Θρᾳκῶν
1668 1023 1722 1049 τῶν
1737 1024 1849 1050 ἱππέων

1051 1062 1209 1090 ὲνεδύσαντο
1225 1064 1363 1100 θώρακας,
1383 1067 1414 1093 οὐ
1430 1068 1502 1095 κατὰ
1522 1070 1627 1105 χρείαν,
1645 1071 1703 1098 ἀλλ’
1724 1072 1847 1106 ἐπεγγε-

1050 1107 1150 1140 λῶντες
1161 1108 1200 1144 τῷ
1217 1111 1339 1145 σχήματι
1348 1120 1356 1127 ·
1374 1114 1433 1144 ταῖς
1447 1114 1640 1150 Μαρκομανῶν
1653 1117 1778 1150 ἀσπίσιν,
1798 1119 1846 1144 ἐπὶ

1050 1154 1156 1186 τούτοις
1171 1156 1323 1190 ἐχρήσαντο
1336 1165 1342 1172 ι
1363 1158 1403 1189 εἰς
1418 1160 1586 1195 γυμνητικὸν
1603 1161 1709 1188 ἐτέλεσε
1721 1163 1753 1189 τὸ
1774 1164 1846 1190 Ῥω-

1051 1199 1138 1233 μαίων
1153 1199 1303 1233 όπλιτικδν,
1321 1202 1427 1238 ἐχθρῶν
1443 1204 1510 1240 ἐλέῳ
1527 1205 1577 1241 τὴν
1602 1208 1738 1243 σωτηρίαν
1760 1210 1845 1243 εὑρά-

1050 1252 1137 1278 μενοι.
1155 1246 1272 1281 Δαχρύω
1293 1247 1357 1279 τοὺς
1380 1248 1490 1284 ἀνδρας,
1504 1251 1554 1278 οὐκ
1572 1253 1694 1285 ὀνειδίζω
1707 1255 1757 1288 τὴν
1772 1263 1843 1289 συμ-

1048 1291 1143 1326 φοράν.
1159 1292 1191 1318 Τί
1205 1292 1260 1328 γὰρ
1277 1293 1309 1320 ἂν
1323 1295 1454 1330 ἐποίησαν
1469 1297 1508 1328 είς
1525 1297 1710 1326 πολυπλασιω
1725 1301 1840 1335 πλῆθος,

1047 1335 1072 1362 οἱ
1081 1336 1150 1363 κατὰ
1160 1337 1242 1372 μέρος
1252 1338 1306 1373 [γρ.
1313 1340 1403 1375 μένος]
1414 1341 1506 1373 αὐτοῖς
1513 1342 1621 1378 ἀθρόοις
1629 1345 1840 1380 ἐντυγχάνοντες

1047 1381 1208 1417 Οὺνιγάρδαι
1218 1392 1226 1416 ;
1238 1384 1275 1410 Τὸ
1287 1385 1336 1419 μὲν
1350 1387 1395 1412 ὲπὶ
1405 1387 1443 1422 τῷ
1454 1388 1523 1423 Θεῷ,
1540 1390 1586 1415 καὶ
1600 1392 1633 1425 τῇ
1648 1390 1738 1426 ῥώμῃ,
1748 1393 1795 1419 καὶ
1804 1395 1836 1428 τῇ

1046 1426 1100 1453 τῶν
1116 1427 1205 1454 ὃπλων
1219 1429 1356 1466 ἐμπειρίᾳ
1373 1431 1512 1464 σώζονται.
1526 1434 1562 1460 Τὸ
1574 1435 1602 1461 δὲ
1615 1435 1661 1461 ἐπὶ
1673 1438 1705 1471 τῇ
1721 1426 1839 1472 στρατηἰ

1045 1471 1103 1507 γῑᾳ,
1120 1473 1146 1499 τί
1167 1473 1200 1500 ἂν
1224 1474 1271 1501 καὶ
1288 1475 1358 1510 μέγα
1387 1477 1470 1503 κακὸν
1494 1478 1558 1510 τοὺς
1579 1480 1725 1515 πολεμίους
1743 1471 1838 1517 sipri-

211 1494 312 1524 loricas
329 1498 487 1533 induerunt,
500 1510 554 1530 non
569 1505 641 1539 quod
657 1506 691 1534 iis
705 1515 775 1542 opus
790 1509 931 1543 haberent,
946 1513 993 1540 sed

211 1545 241 1561 Ill
267 1548 392 1561 Arn-num
422 1551 502 1561 ..ιη-υ.
532 1549 650 1561 ιαμ-μη,
684 1552 700 1561 -,
725 1554 730 1559 η
745 1554 750 1561 .
824 1560 827 1561 ,
874 1555 891 1561 ..
939 1558 945 1561 .

1051 1494 1103 1507 νγ,
1125 1494 1145 1499 .-
1167 1494 1199 1500 ..ν
1225 1494 1271 1501 η...-
1288 1494 1358 1510 tua“
1387 1494 1470 1503 nul-vv
1494 1494 1556 1510 νιπυυι,
1579 1494 1725 1515 νινυΛτ-μιυυς
1743 1494 1838 1517 ειργα-

1048 1524 1136 1550 σαντο,
1147 1519 1209 1545 καθ’
1221 1516 1259 1546 ὧν
1273 1521 1303 1546 οὐ
1316 1522 1380 1556 παρ’
1392 1523 1508 1549 ἑκόντων
1518 1524 1641 1558 ἀφίενται
1653 1526 1707 1553 τῶν
1717 1528 1838 1561 ἀγόντων

210 1545 242 1567 ιιι
267 1548 393 1572 ornatum
421 1551 502 1582 atque
532 1549 654 1578 habitum
683 1552 842 1582 irriderent.
872 1555 996 1587 Posthac

211 1586 448 1606 llnrnnmmm-n...
466 1593 568 1606 ,δη-με-
595 1597 636 1606 ηκ-
658 1605 661 1606 ,
710 1603 716 1606 .
749 1600 757 1606 .
775 1599 783 1606 .

1130 1545 1135 1550 ’
1236 1545 1240 1546 ν
1277 1545 1298 1546 κγ
1320 1545 1369 1556 νγννι-
1393 1545 1641 1558 -η-ν--ςην-γ-ιινινιυ
1659 1545 1834 1561 υννναιννιωί

1049 1562 1146 1594 αὐτούς
1159 1571 1165 1578 ·
1192 1564 1249 1590 ἀλλ’
1268 1565 1359 1592 εἴποτε
1380 1569 1526 1596 σκυλάκων
1537 1570 1616 1606 δίκην
1629 1572 1834 1606 ἀποδιάσαιντο,

210 1586 448 1631 Marcomanorum
465 1593 569 1629 clypeis
594 1597 638 1624 usi
654 1603 727 1626 sunt.
743 1599 784 1626 Ad
798 1601 894 1630 velites
914 1607 996 1638 atque

493 1625 519 1629 ..
745 1625 759 1626 *'
778 1625 783 1626 ’
805 1625 893 1630 ""“"
914 1625 995 1638 ““l“"

209 1625 351 1668 expeditos
368 1636 555 1668 Romanorum
575 1642 645 1678 legio
661 1644 771 1672 redacta
787 1651 840 1678 est.
863 1648 909 1682 qui
932 1650 995 1683 qui-

209 1678 271 1705 dem
287 1680 463 1712 miseratione
485 1685 604 1714 hostium
623 1689 738 1717 salutem
754 1693 894 1720 consecuti
918 1699 992 1722 sunt.

209 1722 351 1757 Eiusmodi
378 1728 504 1758 [remittes
517 1731 642 1766 deploro,
667 1735 852 1765 calamitatem
872 1747 927 1767 non
945 1748 995 1768 et—

209 1769 322 1802 probro.
339 1772 410 1804 Quid
426 1775 498 1801 enim
515 1777 647 1806 adversus
666 1781 752 1808 multo
767 1783 885 1816 maiores
901 1786 995 1820 copias

209 1815 331 1845 facerent
347 1818 522 1855 Unnigardaa.
535 1824 599 1852 dum
618 1827 752 1856 confertis
770 1830 822 1865 ipsi
837 1832 862 1858 in
879 1832 994 1861 lacinias

208 1862 325 1897 dispersi
350 1869 545 1896 occurrerent?
566 1870 660 1906 Itaque
685 1862 818 1908 quantum
839 1877 865 1904 iu
887 1878 943 1906 Deo
967 1884 994 1907 et

207 1907 308 1936 virtute
336 1915 418 1945 atque
446 1920 584 1942 armorum
606 1907 702 1951 peritia
718 1919 792 1952 fuit,
816 1922 884 1950 salvi
912 1928 993 1959 atque

208 1951 360 1982 incolumes
386 1962 459 1984 sunt.
476 1959 613 1992 Quantum
633 1971 698 1991 vero
722 1966 755 1992 ad
777 1966 860 1994 duces
883 1970 991 2002 attinet,

207 2005 262 2032 quo
286 2001 395 2029 tandem
420 2003 522 2039 ingenti
535 2008 607 2035 malo
627 2009 734 2037 allicere
752 2012 845 2040 hostes
868 2020 990 2049 possent,

208 2043 234 2070 in
254 2052 323 2078 quos
336 2047 383 2080 qui
398 2048 471 2082 ipsos
493 2050 608 2083 ducunt,
624 2061 678 2080 non
691 2055 809 2084 libenter
821 2065 869 2085 eos
891 2059 993 2088 immit-

208 2094 278 2121 tunt,
299 2091 346 2118 sed
371 2092 397 2120 si
419 2098 530 2128 quando
551 2099 706 2126 catulorum
730 2101 816 2128 instar
837 2105 990 2139 eruperint,

205 2134 245 2161 illi
270 2143 379 2164 rursum
406 2139 482 2174 ipsos
507 2146 570 2170 ante
599 2144 752 2180 reducunt;
782 2155 814 2176 ac
841 2155 988 2184 revocant,

205 2187 287 2213 quam
303 2190 364 2210 sese
378 2190 460 2212 cursu
474 2192 506 2212 ac
521 2186 607 2214 ferina
620 2190 694 2218 caade
707 2192 809 2220 satiare
828 2199 988 2228 potuerunt.

205 2223 367 2260 Quanquam
383 2234 502 2257 extremo
516 2232 598 2259 etiam
611 2235 719 2269 agmine
735 2241 809 2265 esset
820 2246 889 2274 opus
904 2240 991 2269 Unni-

204 2272 308 2305 gardis,
333 2273 518 2311 ordinataque
542 2280 678 2307 exercitu.
703 2281 819 2317 Oportet
840 2286 925 2319 enim,
950 2288 989 2315 uti

203 2316 320 2350 opinor,
346 2319 507 2355 phalangis,
525 2324 600 2352 velut
622 2326 704 2353 validi
725 2316 868 2363 cujusdam
896 2316 988 2366 ensis,

205 2361 366 2396 vegetiorem
384 2365 494 2399 quidem
512 2372 617 2401 partem
633 2370 661 2397 in
676 2361 778 2405 fronte,
789 2375 943 2408 graviorem
960 2378 988 2405 in

203 2406 335 2435 subsidiis
354 2409 452 2437 locari.
484 2411 523 2439 Ita
545 2414 618 2441 enim
648 2416 731 2444 altius
748 2406 827 2454 plaga
852 2426 986 2456 penetrat.

202 2450 301 2485 Atque,
322 2457 352 2479 ut
373 2461 428 2481 uno
440 2456 524 2484 verbo
539 2457 640 2487 dicam.
657 2450 809 2490 multitudo
824 2450 914 2494 omnis
927 2467 988 2495 illo-

202 2503 263 2522 rum
287 2493 399 2531 paucior
420 2505 462 2528 est
481 2509 563 2537 quam
589 2508 617 2531 ut
640 2505 739 2535 bellum
760 2508 832 2537 istud
850 2514 987 2542 sustinere

202 2542 301 2574 possit.
316 2543 393 2577 Quod
405 2553 439 2573 ne
451 2546 479 2574 in
490 2553 584 2576 nostra
595 2550 706 2585 quidem
720 2553 831 2589 regione
843 2559 987 2587 commode

1048 1609 1073 1634 ot
1094 1608 1123 1634 δὲ
1149 1609 1230 1636 πάλιν
1255 1608 1342 1645 ἧγξαν
1368 1613 1467 1645 αὐτούς
1482 1615 1540 1648 (1)·
1564 1617 1610 1642 καὶ
1626 1617 1834 1650 ἀνεκαλέσαντο,

1048 1653 1114 1688 πρὶν
1129 1655 1293 1690 κορεσθῆναι
1313 1657 1425 1692 δρόμου,
1446 1660 1493 1685 καὶ
1507 1660 1588 1694 φόνου
1601 1661 1720 1697 θηρείου.
1739 1664 1835 1690 Καίτοι

1047 1700 1094 1727 καὶ
1107 1701 1287 1737 Οὑνιγάρδαις
1308 1703 1440 1738 οὐραγίας
1464 1706 1528 1738 ἔδει,
1553 1707 1601 1733 καὶ
1621 1710 1834 1744 συντεταγμένου

1045 1747 1259 1782 στρατεύματος.
1286 1749 1358 1775 Ἔδει
1381 1750 1445 1785 γὰρ,
1467 1749 1553 1786 οἶμαι,
1570 1753 1719 1788 φάλαγγος,
1741 1755 1834 1790 ὥσπερ

1043 1790 1157 1826 ἐνεργοῦ
1169 1793 1316 1828 μαχαίρας,
1328 1794 1357 1820 τὺ
1369 1795 1418 1829 μὲν
1429 1796 1609 1833 ἀκμαιότερον
1620 1799 1832 1834 προϐεϐλῆσθαι,

1043 1836 1073 1862 τὸ
1092 1836 1119 1863 δὲ
1140 1838 1339 1875 στιϐαρώτερον
1363 1841 1571 1870 ἐπελαύνεσθαι.
1593 1845 1685 1877 Οὖτως
1707 1847 1724 1880 ἠ
1742 1847 1832 1882 πληγὴ

1042 1882 1185 1917 τομωτέρα
1200 1883 1313 1916 γίνεται.
1328 1885 1416 1917 Ὅλως
1431 1887 1460 1913 δὲ
1474 1887 1504 1914 τὺ
1524 1889 1626 1923 πλῆθος
1639 1889 1728 1916 αὐτῶν
1744 1890 1832 1924 ὀλίγον

1047 1927 1106 1952 ἐστὶ
1123 1927 1192 1962 πρὸς
1212 1928 1242 1954 τὸ
1264 1929 1462 1966 διαπολεμῆσαι
1485 1933 1531 1959 τὸν
1555 1934 1682 1969 πόλεμον.
1710 1936 1759 1967 Ὃς
1778 1936 1831 1962 οὐδ’

1046 1971 1080 1998 ἂν
1099 1971 1128 1998 ὲν
1147 1974 1204 2004 τοῖς
1221 1974 1282 2000 καθ’
1296 1975 1370 2009 ἡμᾶς
1392 1977 1484 2009 τόποις
1504 1978 1714 2015 διαπολεμηθείη
1731 1981 1829 2013 καλῶς.

1051 2016 1120 2043 Ἀλλ’
1134 2018 1158 2043 ει
1178 2019 1267 2053 μήτις
1284 2020 1324 2051 είς
1335 2021 1383 2056 τὴν
1396 2022 1507 2050 ἐκείνων
1525 2025 1693 2060 Οὑνιγάρδας
1707 2026 1830 2069 διαὸιεάο

1046 2069 1136 2095 σειεν,
1151 2063 1197 2090 ἐπὶ
1213 2065 1321 2097 τούτους
1341 2067 1382 2094 δεῖ
1405 2068 1524 2103 πλήθους
1546 2071 1716 2098 ἑκατοστύων
1742 2065 1830 2100 τεττά-

1046 2115 1120 2142 ρων*
1148 2109 1247 2143 μᾶλλον
1273 2112 1301 2138 δὲ
1331 2113 1464 2148 πρότερον
1487 2114 1540 2141 ἔδει
1564 2117 1689 2143 τοσούτου
1713 2118 1829 2154 πλήθους

1043 2153 1092 2180 καὶ
1109 2157 1271 2191 στρατηγοῦ,
1284 2158 1348 2193 πρὶν
1363 2159 1437 2194 ἡμᾶς
1452 2160 1572 2195 οἴχεσθαι
1589 2163 1697 2198 κομιδῇ,
1713 2165 1777 2199 πρὶν
1790 2166 1828 2197 είς

1041 2198 1168 2225 τοσοῦτον
1178 2200 1326 2236 αὐξηθῆναι
1340 2205 1396 2235 τοῖς
1409 2205 1546 2240 πολεμίοις
1561 2206 1595 2233 τὰ
1607 2208 1766 2242 πράγματα.
1782 2210 1827 2241 Εἰς

1040 2242 1075 2268 τὰ
1090 2244 1230 2272 τελευταῖα
1243 2246 1339 2280 ταῦτα,
1356 2249 1403 2275 καὶ
1415 2251 1541 2282 γυναῖκες
1553 2254 1824 2288 συνεστρατεύσαντο.

1040 2286 1127 2321 Εἶδον,
1142 2287 1212 2317 εἶδον
1226 2293 1309 2327 συχνὰ
1325 2293 1381 2328 [γρ.
1397 2295 1502 2331 συχνοὶ]
1519 2299 1636 2330 γυναῖκα
1652 2286 1826 2335 ’μαχαιροφό-

1041 2342 1088 2369 ρον
1101 2335 1180 2370 ὁμοῦ,
1199 2337 1245 2364 καὶ
1264 2338 1351 2374 βρέφη
1368 2340 1574 2377 τιθηνουμένην.
1591 2343 1638 2375 Τίς
1649 2344 1679 2370 οὒ
1697 2344 1772 2379 ζηλοί
1783 2346 1826 2373 τὸν

1041 2379 1225 2417 ἀκίνδυνον(2)
1241 2383 1358 2419 πόλεμον
1370 2394 1378 2417 ;
1396 2386 1482 2422 ’Υπὲρ
1496 2388 1614 2422 ἐμαυτοῦ
1627 2390 1824 2425 πεφοϐημένος,

1040 2424 1111 2461 ὑπὲρ
1121 2426 1174 2454 τῶν
1187 2428 1290 2463 καιρῶν
1301 2429 1358 2465 [γρ.
1367 2432 1535 2468 Καισάρων],
1548 2434 1618 2470 ὑπὲρ
1629 2435 1679 2471 τῆς
1690 2424 1824 2469 πολιτείας

1041 2471 1213 2508 αἰσχύνομαι.
1240 2474 1271 2500 Ὤ
1286 2475 1334 2501 τοῦ
1362 2476 1446 2504 πάλαι
1467 2478 1610 2514 Ῥωμαίων
1634 2483 1822 2517 φρονήματοςι

1040 2517 1064 2543 οἱ
1082 2517 1170 2545 πάντα
1195 2521 1332 2556 πανταχοῦ
1353 2523 1496 2556 νικῶντες,
1512 2525 1537 2551 οἱ
1557 2525 1606 2558 τὰς
1618 2527 1748 2563 ἠπείρους
1765 2538 1824 2565 τρο-

1040 2562 1131 2595 παίοις
1213 2566 1357 2603 τροπαίας]
1373 2568 1550 2604 συνάψαντες,
1559 2571 1606 2598 νῦν
1626 2562 1689 2608 [Ισξ
1699 2573 1735 2600 τὰ
1748 2562 1823 2609 ipsat-

802 2620 896 2652 ῡιοΝ.
937 2624 1076 2655 PETAVII
1106 2628 1224 2659 NOTAE.

358 2671 407 2699 ἐπὶ
420 2674 581 2707 Κερεαλίου
595 2678 701 2706 κακόν.
719 2679 757 2708 De
766 2680 873 2710 Cereali
885 2684 947 2713 vide
961 2685 989 2713 in

412 2740 509 2785 15rng
528 2746 648 2785 αὺξρύς.
663 2748 733 2782 Quid
757 2751 780 2778 si
802 2751 887 2785 ῐῦξαν,
903 2753 930 2781 id
947 2759 989 2783 est

203 2771 284 2813 sibilo
293 2771 487 2813 lex-omisi?
505 2771 652 2813 ειυιῆξᾷνς

239 2805 277 2841 (si
292 2809 339 2841 Τίς
355 2811 391 2837 οὐ
404 2811 489 2846 ζηλοῖ
502 2805 554 2840 ὢν
567 2805 740 2847 meum.
757 2819 804 2848 Sic
818 2829 879 2849 cum
896 2823 986 2853 locum

1041 2688 1218 2728 interpretor,
1233 2696 1263 2720 ut
1283 2697 1387 2722 tantam
1402 2695 1430 2723 in
1452 2696 1579 2725 hostibus
1595 2698 1680 2727 fuisse
1698 2699 1821 2728 ﬁduciam

1039 2723 1125 2775 dicat.
1142 2726 1245 2775 ut|iplse
1256 2728 1338 2756 etiam
1351 2723 1579 2771 tnulieres,‘quavsi
1594 2723 1820 2775 aii'e'ertissimam

1040 2765 1102 2775 ηρ»,
1116 2767 1157 2775 η...
1229 2770 1326 2775 ....._..-
1345 2766 1456 2775 “mm”
1542 2768 1547 2773 .

1040 2759 1158 2804 praet-llam
1172 2759 1456 2804 bellumquepericuli
1473 2759 1688 2804 omniscxpers,
1705 2777 1767 2797 cum
1783 2771 1820 2798 in-

1037 2792 1160 2823 fantibus
1173 2792 1353 2831 perrexe'rint:
1410 2792 1429 2793 ﬂ
1442 2792 1456 2793 77
1583 2792 1683 2810 “Tu—‘1
