1990 3060
141 139 214 168 1569

843 143 1068 172 (ἉΤΑΞΤᾹδΙΞ.

1703 148 1772 176 1570

140 199 247 236 ρωτικὰ
263 200 392 236 τρόπαια,
412 200 449 232 ὡς
477 209 552 236 παρα
573 201 610 228 Μ.
627 201 729 236 Τυρίῳ.
752 202 781 229 Δ,
805 201 871 238 κα.]
885 203 935 230 ὑπὸ

989 203 1176 231 administrari
1198 208 1298 240 potest.
1317 206 1397 242 381
1414 206 1467 235 Sed
1477 207 1529 235 nisi
1549 206 1618 234 forte
1633 207 1771 242 quispiam

138 246 284 281 δυστήνου,
309 247 357 272 καὶ
378 246 522 281 νομαδίτου
546 246 640 280 γένους
665 247 848 274 κινδυνεύουσι
875 249 935 280 ταῖς

146 291 283 327 Ἑλληνίσι
302 291 404 324 Λιϐύας
420 291 639 327 προσαποϐαλεῖν
649 313 655 323 ,
670 293 717 320 καὶ
741 293 790 329 τὴν
807 294 871 328 παρ’
886 293 935 320 Δί’-

140 345 248 372 γυπτον
265 337 479 372 ’Δλεξάνόρειαν.
499 337 603 364 Ἐκεῖνο
618 336 709 372 μεῖζον
725 338 765 370 είς
779 337 858 372 λόγον
868 347 936 374 χρη-

142 382 248 417 μάτων,
264 381 342 409 τοῦτο
359 381 387 408 δὲ
399 383 438 413 είς
451 381 573 414 εὐδοξίαν
587 381 636 408 οὐκ
647 381 765 413 ἔλαττον,
774 382 801 408 ετ
815 391 856 414 τις
865 380 936 409 οῖδεν

140 428 329 464 αἰσχύνεσθαι,
347 428 395 455 καὶ
407 427 526 455 ποιεῖταί
539 436 599 454 τινα
618 427 695 462 λόγον
711 427 759 454 τοῦ
774 428 933 463 πρέποντος.

143 476 178 501 Ὢ
197 475 244 501 τοῦ
261 475 444 510 φρονήματος,
463 474 524 509 μεθ’
535 474 598 500 ὅσου
611 473 661 509 τὴν
672 473 763 509 χώραν
775 474 937 509 σεσαγηνεὺο

140 532 208 550 κασι
223 523 230 549 ι
247 522 359 554 Τούτοις
376 522 452 549 οὐδὲν
468 522 530 549 οὔτε
547 523 609 558 ὅρος
626 522 726 550 ἄϐατον
739 523 860 558 γέγονεν,
874 524 936 551 οὔτε

141 568 272 604 φρούριον
284 567 411 603 ἐρυμνόν·
423 568 513 594 πᾶσαν
526 567 675 603 ὑπεξῆλθον
690 568 744 604 [Ian
756 569 864 606 κώμην]
882 571 935 597 πᾶ-

141 623 194 641 σαν
209 615 422 650 διηρευνήσαντο
433 621 442 630 ”
464 614 555 640 πᾶσαν
578 614 687 649 ἡλικίαν
702 614 757 649 [ίσ.
775 615 874 652 οἰκίαν]
889 617 935 650 ﬁv-

140 661 347 696 δραποδίσαντο.
373 660 460 686 Πάλαι
478 660 542 686 ποτὲ
565 660 619 686 τῶν
637 661 702 695 παρ’
719 661 831 696 Ἕλλησι
858 662 936 696 λογο-

140 707 257 742 γράφων
284 706 394 737 ἀκούω,
414 706 590 733 ΙὛΝΛΙΚΑΣ
621 707 681 733 ΚΑΙ
708 707 868 733 ΠΛΙΔΑΡΙΑ
885 707 936 742 (5),

141 753 363 779 ΓΝΩΡΙΣΜΑΤΛ
384 752 451 778 ΤΩΝ
474 751 678 778 ΙΙΟΡΘΗΣΕΩΝ
704 752 935 780 ΥΠΕΛΕΙΠΕΤΟ.

148 798 230 824 Ἀλλὰ
246 797 322 832 παρὰ
346 797 432 824 ταῦτα
462 797 580 832 μάλιστα
598 798 693 832 γέγονε
710 798 887 826 Πενταπόλει.
904 799 937 825 Τί

141 843 198 878 γὰρ
210 843 386 878 Αὐσουριανῷ
395 842 504 869 κάλλιον
517 842 611 878 κτῆμα
623 842 734 877 γυναίου
746 843 792 869 καὶ
807 843 934 879 βρέφους;

143 889 194 915 "Iv"
210 889 238 914 al
254 888 303 923 μὲν
321 888 413 919 αὐτοῖς
437 888 565 920 τίκτοιεν,
591 889 614 914 οί
640 888 686 920 δὲ,
705 888 749 915 ’ίνα
773 889 936 924 αὐξηθέντες

144 933 342 970 στρατεύοιντο.
359 932 438 960 Εὖνοι
454 934 508 969 γὰρ
519 934 578 960 ἀντὶ
588 932 642 960 τῶν
650 933 783 961 τεκόντων
801 935 857 966 τοῖς
873 934 920 970 θρέ
930 949 936 954 -

141 980 210 1014 ψασι
226 979 355 1014 γίνονται.
370 980 402 1006 Ὢ
415 980 537 1015 πονηρᾶς
549 979 678 1011 ἀποικίας
692 979 726 1015 ἢν
738 980 932 1015 ἁποικίζομενί

145 1026 258 1058 Ἀγεται
276 1026 370 1060 νεότης
389 1025 571 1060 αἰχμάλωτος.
587 1025 621 1052 τὰ
643 1025 773 1060 τάγματα
787 1025 841 1052 τῶν
857 1026 936 1052 πολε-

144 1072 213 1106 μίων
228 1071 391 1106 αὐξήσουσα.
405 1071 482 1103 Ἥξει
496 1070 582 1106 δῆμος
594 1071 640 1098 ἐπὶ
649 1071 698 1106 τὴν
711 1071 874 1105 ὲνεγκοῦσαν
887 1079 936 1097 πο-

142 1118 246 1152 λέμιος.
276 1118 360 1152 Κερεῖ
383 1117 492 1148 νεανίας
520 1116 568 1152 τὴν
596 1117 658 1152 γῆν,
677 1118 710 1153 ῆν
735 1117 877 1152 μειράκιον
895 1117 935 1144 ἔτι

144 1164 215 1198 μετὰ
230 1163 278 1190 τοῦ
295 1163 399 1198 πατρὸς
419 1163 605 1198 ἐξειργάσατο.
624 1163 682 1189 Νῦν
697 1164 726 1190 ὲν
738 1163 807 1198 ὸδῷ·
823 1162 870 1189 νῦν
883 1163 936 1189 ἁττ-

143 1211 254 1244 άγεται·
273 1209 321 1236 νῦν
346 1210 386 1236 ἔτι
405 1209 538 1244 δεσμιῖντις
553 1210 570 1244 ἡ
594 1209 788 1241 Πενταπόλεως
810 1209 934 1244 ἑφήϐεια.

149 1257 262 1293 Ἀμύνει
283 1257 312 1283 δὲ
326 1256 424 1288 οὐδεὶς,
447 1256 507 1282 οὐδὲ
531 1255 653 1283 δύναται.
674 1256 770 1282 Καίτοι
783 1256 848 1289 φασὶ
869 1263 936 1290 προσ

126 1302 287 1337 ’θυμεῖσθαι
300 1302 346 1328 τὸν
369 1302 531 1337 στρατηγόν·
550 1300 619 1327 ἀλλὰ
634 1301 664 1327 οὺ
682 1300 736 1336 γὰρ
761 1301 840 1328 ὲῶσιν
862 1300 936 1327 Ἀλε-

143 1347 277 1382 ξανδρέων
293 1348 317 1374 oi
334 1348 406 1382 κακῇ
424 1347 507 1383 μοίρᾳ
524 1347 717 1378 Πενταπόλεως
732 1347 762 1373 ὲν
775 1346 843 1382 αὐτῇ
855 1355 937 1381 στρα-

142 1393 314 1428 τευσάμενοι.
331 1392 432 1427 Τί’γὰρ
448 1392 481 1419 ἄν
496 1401 539 1423 τις
556 1393 709 1419 αίτιάσαιτο
726 1392 771 1418 τὸν
790 1392 910 1419 ἀναίτιον
926 1400 934 1425 ;

142 1435 166 1472 ᾧ
179 1438 227 1465 καὶ
241 1438 329 1474 γῆρας
344 1438 424 1473 βαθὺ,
442 1438 489 1465 καὶ
510 1438 589 1464 νόσου
609 1437 746 1473 καταϐολὴ
759 1437 936 1473 πολυχρόνιος

143 1483 193 1517 τὴν
212 1482 376 1518 συγγνώμην
401 1482 622 1517 ὲμνηστεύσατο;
645 1482 740 1508 Καίτοι
762 1483 860 1518 ῥᾷστον
888 1480 933 1518 ἦν,

143 1528 169 1554 εί
182 1526 341 1562 στρατηγῶν
354 1527 556 1562 ηὑτυχήσαμεν,
573 1526 747 1561 ὑπερήφανον
766 1526 934 1562 στράτευμα,
949 1538 969 1566 c

143 1572 191 1598 καὶ
201 1571 387 1606 προσκεκοφὸς
408 1570 448 1606 τῷ
466 1570 526 1606 Θεῴ
535 1589 542 1600 ,
557 1570 635 1604 δίκην
649 1570 776 1602 ἀσεϐείας
790 1570 936 1605 εἰσπράξαρ

145 1618 217 1644 σθαι.
230 1618 318 1644 Ποίων
332 1617 413 1653 ιερῶν
426 1614 508 1648 οὗτοι,
523 1616 608 1643 ποίων
622 1616 705 1642 ὁσίων
717 1616 876 1650 ὲφείσαντο;
897 1616 934 1642 Οὐ

145 1662 279 1697 πολλαχοῦ
299 1662 345 1688 τοῦ
357 1662 412 1688 τῶν
426 1661 569 1696 Βαρκαίων
581 1661 672 1687 πεδίου
685 1661 718 1687 τὰ
731 1661 869 1696 νεοσκαφῆ
882 1661 935 1688 τῶν

147 1708 296 1743 μνημάτων
315 1707 454 1742 ἀνέχωσαν
467 1715 474 1739 ;
492 1707 530 1733 Οὐ
549 1706 624 1741 παρὰ
640 1706 741 1732 τούτων
757 1707 785 1732 αἱ
796 1706 935 1741 πανταχοῦ

145 1754 195 1788 τῆς
209 1753 253 1788 ὑφ’
272 1753 346 1788 ἡμᾶς
368 1752 556 1787 ’Δμπελίτιδος
577 1751 721 1786 ἐκκλησίαι
745 1751 934 1786 πυρίκαυστοι,

146 1800 194 1825 καὶ
216 1799 341 1834 ὲρείπια;
359 1798 396 1824 Οὐ
419 1797 469 1828 τὰς
492 1797 541 1832 μὲν
554 1796 694 1831 τραπέζας
720 1796 770 1827 τὰς
791 1796 876 1830 ἱερὰς,
898 1796 936 1827 ὡς

149 1844 288 1879 βεϐήλους,
302 1843 351 1869 ἐπὶ
368 1842 519 1878 κρεανομίᾳ
536 1841 699 1876 παρέθεντο·
715 1841 749 1867 τὰ
772 1841 800 1867 δὲ
819 1841 937 1875 μυστικὰ

148 1891 247 1924 σκεύη,
268 1889 303 1915 τὰ
329 1888 570 1923 λελειτουργηκότα
597 1888 630 1922 τῇ
654 1887 836 1922 δημιουργικῇ
860 1894 937 1912 σπον-

147 1936 205 1970 δείᾳ
221 1935 259 1969 (ι)
285 1934 391 1968 τελετῇ,
408 1933 530 1967 δαίμοσιν
545 1933 585 1964 είς
609 1932 658 1966 τὴν
673 1931 806 1966 πολεμίαν
825 1930 936 1965 κομίζε-

148 1990 192 2008 ται
209 1990 216 2014 ;
232 1981 265 2007 Τί
290 1980 391 2007 τούτων
413 1977 524 2005 ἀνεκτὸν
537 1979 577 2009 είς
599 1978 683 2013 ἀκοὴν
707 1977 794 2004 ἐλθεῖν
808 1976 908 2011 εὐσεϐῆ
927 1984 936 2008 ;

150 2027 243 2056 Ὅστις
257 2025 311 2060 γὰρ
327 2024 396 2056 ἀξιοῖ
411 2024 520 2058 μνήμης
532 2022 549 2049 ἃ
562 2022 721 2049 κατέσεισαν
741 2021 867 2057 φρουρία,
887 2021 936 2056 τὴν

151 2070 350 2103 σκευαγωγίαν,
370 2067 404 2093 τὰ
431 2067 533 2093 ἔπιπλα
546 2087 553 2098 ,
568 2066 617 2098 τὰς
634 2065 708 2101 βοῦς,
730 2065 780 2097 τὰς
806 2066 857 2097 big,
875 2065 936 2092 ὅσαι

149 2116 202 2143 τῶν
227 2115 400 2151 βαρϐαρικῶν
424 2114 577 2149 λῃστηρίων
600 2111 671 2150 ἦσαν
695 2112 936 2148 ὲγκαταλείμματα

149 2163 208 2194 ταῖς
234 2161 370 2196 φάραγξιν
386 2159 687 2194 ἐγκατακρυπτόμεναι,
711 2159 741 2185 ιν
767 2158 936 2194 τηλικούτοις

987 249 1014 276 in
1039 249 1149 277 illorum
1172 257 1269 285 agmen
1293 252 1463 288 Unnigardas
1485 255 1625 285 immittat,
1653 259 1773 288 quatuor

986 294 1118 323 adversus
1139 303 1188 323 eos
1213 298 1348 326 centuriis
1368 306 1437 333 opus
1459 305 1520 333 est;
1544 300 1584 328 vel
1601 305 1660 328 erat
1681 301 1771 335 potius

986 343 1065 368 tanto
1089 348 1205 369 numero
1220 349 1299 376 opus,
1322 351 1354 371 ac
1372 345 1450 376 duce,
1474 350 1622 380 antequam
1648 346 1771 374 funditus

986 386 1183 421 periissemus,
1208 393 1353 423 antequam
1377 398 1463 424 usque
1487 392 1555 418 adeo
1580 392 1699 419 hostium
1727 401 1771 420 res

985 435 1073 459 auctae
1084 439 1116 459 ac
1133 432 1302 461 conﬁrmata:
1317 434 1445 461 fuissent.
1469 435 1496 462 In
1513 436 1566 463 hoc
1584 438 1680 464 ultimo
1700 438 1771 466 bello

986 477 1052 512 ipsae
1077 478 1160 506 etiam
1185 479 1315 507 mulieres
1346 481 1380 507 ad
1411 481 1610 516 expeditionem
1643 484 1772 518 profectae

986 528 1061 550 sunt.
1079 523 1152 557 Vidi,
1172 525 1295 560 inquam,
1312 533 1501 561 saepenumero
1517 528 1607 562 gladio
1620 530 1772 558 accinctum

985 569 1140 602 mulierem,
1167 574 1250 606 atque
1272 579 1325 598 una
1350 572 1482 599 infantem
1509 580 1589 600 suum
1615 573 1772 602 laetantem.

986 614 1054 648 Quis
1075 623 1204 643 securum
1221 616 1290 644 adeo
1305 617 1406 644 bellum
1422 625 1476 644 non
1492 617 1661 645 fortunatum
1675 620 1773 654 putet?

988 661 1072 688 Pudet
1095 669 1136 689 me
1163 667 1190 689 et
1216 663 1284 689 mihi
1313 663 1376 697 ipsi,
1393 667 1421 690 et
1451 664 1579 698 tempori,
1609 669 1636 691 et
1666 665 1772 699 reipub.

988 706 1124 735 timuisse.
1140 706 1162 734 0
1174 711 1282 736 veteres
1297 708 1359 736 illos
1379 707 1566 736 Romanorum
1587 710 1709 744 spiritus,
1726 711 1773 745 qui

986 753 1087 788 ubique
1110 754 1202 780 omnia
1238 753 1375 782 debellare
1404 755 1550 786 solebant,
1579 757 1625 790 qui
1659 756 1773 784 dissitas

986 801 1159 827 continentes
1181 801 1293 834 tropaeis
1319 801 1377 828 suis
1404 802 1618 836 conjnnxernnt,
1645 810 1719 830 nunc
1739 803 1774 830 ab

987 844 1087 872 infelici
1103 845 1282 880 dispersaque
1294 850 1374 879 gente
1390 854 1423 873 eo
1439 847 1542 873 redacti
1563 853 1637 879 sunt,
1659 852 1687 874 ut
1702 848 1774 883 peri-

986 890 1078 917 culum
1095 891 1132 918 sit
1146 898 1180 918 ne
1200 895 1298 926 praeter
1314 890 1423 919 Graecas
1447 892 1540 923 urbes,
1561 893 1642 920 etiam
1667 893 1774 920 Africa-

986 944 1048 967 nas,
1069 936 1209 972 ipsamque
1224 937 1303 969 adeo,
1317 945 1379 972 qua:
1401 939 1428 965 in
1453 938 1570 974 Egypto
1583 944 1635 970 est,
1654 939 1774 966 Alexan-

985 981 1074 1007 driam
1097 981 1224 1008 amittant
1239 982 1245 1008 ι
1261 981 1309 1009 Est
1335 982 1402 1009 illud
1418 983 1526 1018 quidem
1545 983 1617 1018 quod
1641 984 1674 1010 ad
1692 991 1774 1018 pecu-

986 1026 1095 1052 niarum
1115 1026 1250 1054 rationem
1276 1027 1384 1058 attinet.
1411 1028 1525 1062 majoris
1548 1029 1677 1056 momenti
1696 1038 1703 1056 :
1721 1030 1773 1057 hoc

985 1077 1050 1097 vero
1072 1069 1106 1096 ad
1133 1071 1307 1105 splendorem
1334 1079 1366 1098 ac
1388 1072 1503 1106 gloriam
1536 1080 1590 1099 non
1614 1073 1723 1104 minus.
1749 1074 1772 1101 si

986 1117 1047 1151 quis
1068 1117 1232 1144 erubescere
1248 1117 1329 1144 modo
1346 1118 1435 1150 novit,
1452 1125 1483 1145 ac
1507 1119 1615 1146 decoris
1637 1119 1771 1146 rationem

986 1161 1070 1187 ullam
1088 1165 1171 1196 atque
1191 1161 1345 1189 honestatis
1368 1162 1461 1189 habet.
1489 1161 1561 1189 Proh
1577 1162 1719 1192 audaciam
1741 1164 1773 1190 il-

986 1205 1051 1237 lam,
1069 1213 1123 1241 qua
1141 1205 1203 1233 t‘reti
1221 1207 1297 1234 velut
1309 1207 1413 1235 retibus
1428 1208 1583 1235 universam
1602 1209 1772 1243 provinciam

986 1252 1104 1288 amplexi
1133 1254 1216 1280 suntl
1231 1252 1329 1281 Nullus
1349 1253 1383 1281 iis
1405 1261 1520 1281 accessu
1553 1261 1633 1281 mons
1658 1254 1771 1286 arduus,

986 1299 1092 1326 nullum
1120 1299 1188 1326 satis
1208 1298 1344 1326 munitutn
1370 1299 1512 1326 castellum
1539 1298 1612 1326 fuit:
1633 1299 1771 1334 regionem

985 1352 1093 1372 omnem
1117 1344 1269 1379 pervagati,
1291 1351 1399 1371 omnem
1419 1345 1585 1379 perscrutati
1611 1349 1685 1375 sunt,
1708 1349 1773 1372 aeta-

986 1393 1097 1424 temque
1108 1397 1216 1418 omnem
1233 1390 1260 1416 in
1282 1390 1444 1418 servitutem
1463 1391 1636 1425 redegerunt.
1653 1390 1723 1418 Olim
1739 1399 1773 1418 ex

984 1435 1180 1462 historicorum
1202 1441 1318 1462 numero
1336 1435 1374 1461 ita
1393 1435 1558 1462 scribentem
1583 1435 1678 1462 nescio
1692 1442 1773 1468 quem

986 1479 1089 1507 audio:
1106 1479 1257 1507 FEMINAS
1281 1479 1325 1506 ΕΤ
1351 1479 1536 1507 ΡυΕηυιυδ
1558 1479 1773 1507 EXCIDIORUH

986 1525 1030 1552 AC
1054 1523 1324 1553 SUBVEKSIONUM
1345 1525 1561 1554 ARGUMENTO
1585 1525 1775 1558 RELINQUE-

987 1571 1088 1598 BANT.
1121 1571 1175 1599 Sed
1201 1572 1281 1606 longe
1300 1571 1374 1598 aliud
1402 1571 1542 1606 Pentapoli
1564 1571 1687 1606 contigit.
1708 1571 1774 1604 Qum

985 1617 1058 1644 enim
1079 1617 1238 1645 Ausuriano
1255 1617 1396 1651 possessio
1414 1616 1586 1644 commodior
1611 1617 1773 1643 muliercula

986 1668 1013 1692 et
1031 1657 1237 1690 infantulo?Ut
1254 1666 1282 1690 et
1306 1663 1358 1690 illa;
1382 1663 1450 1698 ipsis
1467 1663 1586 1698 pariant,
1609 1666 1636 1689 et
1653 1662 1672 1689 ii
1691 1662 1774 1689 simul

987 1713 1068 1742 atque
1083 1707 1263 1739 adoleverint,
1278 1715 1332 1735 una
1349 1707 1383 1734 ad
1398 1708 1524 1735 militiam
1540 1707 1678 1734 ducantur
1703 1706 1774 1734 Sunt

986 1752 1059 1780 enim
1081 1759 1145 1786 erga
1167 1752 1297 1779 nutritios
1320 1752 1413 1787 potius
1433 1759 1515 1786 quam
1534 1757 1662 1786 parentes
1681 1752 1775 1778 animo

988 1797 1128 1831 propensi.
1140 1796 1162 1824 Ο
1174 1797 1301 1824 miseram
1319 1797 1392 1824 illam
1409 1805 1490 1832 quam
1503 1803 1685 1831 propagamus
1700 1797 1776 1824 colo-

987 1842 1078 1869 niam!
1097 1842 1210 1877 Captiva
1222 1842 1353 1876 juventus
1375 1843 1466 1877 agitur
1476 1850 1537 1876 qua:
1555 1842 1675 1869 hostium
1693 1849 1774 1869 exer-

988 1888 1060 1915 citus
1078 1892 1186 1923 augeat.
1205 1887 1302 1915 Veniet
1319 1887 1430 1915 hostilis
1447 1888 1594 1922 aliquando
1615 1891 1712 1915 contra
1728 1895 1775 1922 pa-

989 1935 1068 1961 triant
1095 1934 1224 1969 populus.
1242 1933 1311 1960 Eum
1339 1941 1433 1968 agrum
1457 1933 1599 1968 populahit
1622 1938 1704 1968 atque
1728 1941 1776 1960 ex.

989 1979 1099 2007 scindet
1117 1979 1236 2014 iuvenis,
1250 1986 1345 2013 quem,
1362 1985 1425 2005 cum
1451 1978 1672 2006 adolescentulus
1689 1981 1773 2010 esset,

990 2033 1043 2052 una
1065 2032 1128 2052 cum
1155 2028 1234 2060 patre
1256 2024 1389 2051 coluerat.
1413 2023 1492 2050 Nunc
1512 2023 1540 2050 in
1556 2024 1599 2050 via
1624 2028 1663 2051 est
1680 2031 1775 2050 :nunc

988 2070 1134 2097 abducitur
1153 2078 1159 2096 :
1176 2076 1250 2096 nunc
1268 2069 1294 2096 in
1309 2069 1430 2096 vinculis
1452 2069 1543 2096 adhuc
1564 2068 1774 2104 Pentapolitana

989 2116 1120 2151 pubertas
1136 2119 1193 2147 est;
1208 2122 1259 2142 nec
1275 2117 1318 2142 est
1335 2114 1408 2142 ullus
1425 2115 1471 2149 qui
1487 2114 1520 2141 iis
1537 2121 1615 2148 opem
1632 2113 1711 2145 ferat,
1727 2117 1775 2140 aut

989 2162 1061 2189 ferre
1073 2161 1171 2196 possit.
1182 2161 1262 2196 302
1273 2160 1364 2195 Neque
1378 2160 1450 2187 enim
1463 2160 1535 2187 istud
1548 2160 1643 2187 sinunt
1656 2159 1774 2186 Alexan-

149 2209 243 2239 κακοῖς
256 2206 430 2242 μικρολογίας
442 2205 529 2232 αἰτίαν
541 2205 571 2231 οὺ
581 2205 757 2238 διαπέφευγε.
766 2203 860 2230 Καίτοι
877 2213 935 2230 πεν-

992 2207 1064 2234 drini
1081 2206 1130 2237 illi,
1146 2206 1191 2242 qui
1208 2205 1328 2240 pessimo
1345 2204 1526 2239 Pentapoleos
1543 2203 1600 2231 fato
1616 2204 1643 2231 in
1666 2211 1698 2231 ea
1715 2203 1785 2238 ipsa-

150 2253 330 2288 τακισχιλίαις
345 2253 403 2283 ταῖς
415 2251 548 2285 καμήλοις
562 2249 800 2285 ἐσκευαγώγησαν.
815 2249 937 2285 Ἀριθμῷ

151 2300 177 2326 δὲ
190 2298 334 2326 ἀναλύουσι
355 2296 523 2332 τριπλασίονι
536 2297 569 2330 τῇ
587 2295 641 2321 τῶν
658 2294 837 2330 αἰχμαλώτων
854 2303 939 2329 προσι

152 2346 233 2381 θήκῃ,
254 2344 374 2378 τοσούτῳ
390 2342 497 2373 πλείους
518 2341 665 2376 γινόμενοι.
681 2340 817 2376 Τέθνηκεν
831 2341 938 2376 ἀπέσϐη

152 2393 185 2418 τὰ
192 2390 394 2420 Πενταπόλεως·
403 2388 478 2419 τέλος
487 2387 552 2422 ἔχει’
559 2387 779 2422 διακεχείρισται·
787 2386 937 2413 ἀπόλωλεν·

153 2437 201 2463 οὐκ
215 2437 250 2462 ἔτ’
264 2436 321 2462 ἐστὶ
341 2433 489 2465 παντελῶς,
508 2432 564 2459 οὗθ’
580 2434 653 2467 ἡμῖν,
668 2432 729 2459 οὔτε
744 2432 857 2467 βασιλεῖ.
870 2431 939 2458 Οὔτε

154 2483 206 2518 γὰρ
219 2482 321 2518 βασιλεῖ
337 2482 430 2517 κτῆμα
443 2479 540 2514 γένοιτ’
556 2479 600 2511 ἂν,
617 2478 678 2505 ὅθεν
691 2478 767 2505 οὐδὲν
783 2478 934 2505 ἀποίσεται.

991 2252 1155 2278 militarunt.
1176 2250 1249 2283 Quid
1264 2250 1336 2278 enim
1353 2255 1396 2277 est
1414 2257 1464 2277 cur
1474 2249 1621 2284 quisquam
1642 2249 1775 2277 innocen—

986 2300 1041 2324 tem
1064 2296 1235 2329 criminetur,
1260 2296 1304 2322 cui
1325 2299 1352 2323 et
1374 2295 1471 2323 aﬂ'eeta
1498 2300 1576 2328 aetas,
1597 2299 1625 2322 et
1644 2295 1775 2322 diuturna

987 2342 1078 2370 morbi
1093 2343 1217 2370 accessio
1233 2341 1340 2369 veniam
1357 2341 1498 2368 obtinuit?
1518 2340 1600 2375 Atqui
1614 2340 1774 2367 facillimum

986 2392 1057 2419 erat,
1076 2388 1158 2415 modo
1172 2388 1306 2415 honorum
1329 2387 1429 2414 dttcum
1447 2387 1526 2422 copia
1543 2391 1627 2418 esset,
1646 2386 1680 2413 ah
1697 2387 1774 2413 inso-

987 2433 1054 2460 lenti
1078 2433 1220 2465 cxcrcitu,
1244 2433 1346 2467 quique
1371 2431 1454 2459 Deum
1481 2431 1617 2459 oll‘ensum
1644 2431 1774 2463 haberet,

991 2479 1140 2514 impietatis
1158 2486 1255 2514 pmnas
1272 2483 1406 2514 repetere.
1421 2477 1593 2511 Quibusnam
1610 2477 1650 2506 illi
1673 2477 1786 2510 sacris,-

766 2555 856 2583 DION.
890 2554 1027 2583 PETAVII
1045 2555 1162 2587 ΝΟΤΑΞ.

190 2629 229 2663 (5)
247 2627 397 2659 Γυναῖκας
412 2626 469 2663 ,καὶ
495 2624 646 2658 παιδάρια.
663 2623 875 2663 __(_l_onjecturam
904 2623 937 2663 ad

157 2658 238 2698 huius
257 2664 308 2689 loci
318 2658 545 2698 emendationem
561 2667 615 2688 non
638 2658 937 2698 adliibttisscmusunisi

158 2693 277 2727 ea'foret
300 2696 446 2731 ejusmodi,
476 2694 608 2731 cuivisﬂut
632 2693 743 2731 probari
760 2693 857 2727 possit.
869 2693 938 2726 Quis

158 2735 229 2762 enim
257 2728 323 2759 non'
340 2731 413 2758 videt
442 2737 535 2757 vocem
559 2729 631 2755 illam
650 2728 781 2761 γυναῖκας
796 2735 857 2754 cum
876 2736 939 2754 nat~

159 2769 238 2803 δάρια
247 2774 309 2803 esse
325 2765 570 2803 copulandam?__ut
587 2764 614 2803 in
629 2762 716 2789 cladis
729 2762 858 2803 indicium
879 2770 939 2803 mu:

160 2797 242 2831 lieres
255 2797 388 2828 duntaxat
401 2804 428 2826 et
441 2799 547 2834 pueruli
567 2798 788 2834 relinquerentur
800 2804 806 2821 :
826 2797 852 2823 id
862 2797 938 2834 quod

163 2837 304 2873 sequentia
321 2835 432 2865 omnino
441 2832 622 2865 convincunt,
634 2839 697 2860 cum
712 2833 749 2858 ait
768 2832 938 2860 Ausurianos

989 2633 1024 2652 ne
1039 2625 1168 2652 mulieres
1183 2625 1292 2659 quidem
1318 2631 1349 2651 ac
1363 2624 1492 2658 puerulos
1517 2623 1669 2659 reliquisse.
1690 2622 1775 2651 Porro

989 2667 1040 2693 pro
1053 2667 1086 2687 eo
1115 2658 1263 2693 quod’erat
1289 2663 1380 2689 antea.
1395 2661 1509 2692 γυναῖκα
1524 2659 1612 2693 (quasi
1632 2658 1775 2685 historiam

990 2695 1064 2721 illam
1097 2695 1194 2721 mulier
1222 2695 1345 2728 quaedam
1370 2694 1523 2728 scripserit)
1551 2693 1775 2728 substituendutn

989 2732 1056 2763 puto
1075 2730 1212 2762 γυναῖκες,
1230 2727 1260 2755 ut
1274 2727 1435 2754 ὑπελείπετο
1450 2728 1483 2755 ad
1506 2728 1681 2762 γνωρίσματα
1705 2727 1775 2754 refe-

993 2767 1079 2793 ratur.
1096 2763 1196 2797 aiioqui
1211 2763 1299 2790 active
1316 2767 1448 2790 sumetur.

1027 2798 1065 2831 (4)
1084 2797 1121 2830 Τῇ
1135 2797 1330 2832 δημιοιργικῇ
1345 2797 1501 2830 σπονδείᾳ.
1523 2796 1709 2831 Espttngenda
1724 2803 1775 2824 vox

991 2832 1098 2867 τελετῇ,
1112 2840 1171 2866 qua:
1190 2833 1325 2867 glossema
1337 2832 1408 2867 sapit
1419 2832 1494 2860 vocis
1510 2832 1661 2862 σπονδείας.
