1990 3060
223 119 290 148 {571

745 117 880 147 SYNESII
900 117 1134 147 PTOLEMAIDIS
1153 117 1306 147 EPISCOPI

1791 116 1878 145 1572

222 177 325 213 quibus
338 176 475 211 religiosis
489 176 559 204 locis
576 177 777 212 pepercerunt?
788 177 885 205 Nonne
896 177 924 203 in
939 176 1005 203 mul-

1068 175 1109 207 Γίς
1123 175 1147 202 δ’
1166 175 1309 203 ἃνοῐσεται
1333 175 1408 212 παρὰ
1434 176 1484 211 τῆς
1501 175 1607 212 ἐρήμου
1631 175 1775 211 καρπούς;
1800 174 1878 201 υῡτ*

224 223 260 251 tis
279 222 337 258 agri
353 221 456 249 Barcaei
471 222 540 249 locis
559 222 686 256 sepulcra
699 221 822 249 recentia
838 221 1011 249 effoderunt?

222 267 320 295 Nonne
332 268 367 295 ab
382 266 478 295 iisdem
492 267 560 302 ipsis
576 275 625 302 per
639 267 795 295 universam
808 267 1010 303 Ampelitidem,

223 320 284 348 quae
309 312 420 347 quidem
448 311 501 340 sub
531 318 626 340 nostra
654 316 790 347 potestate
814 318 867 344 est,
888 313 1012 341 ecclesia:

222 365 320 386 omnes
341 363 482 385 succensae
498 360 573 388 sunt,
594 361 677 391 atque
698 357 726 383 in
749 357 850 384 rudera
865 360 892 384 et
917 357 1012 385 ruinas

223 402 361 431 redactae?
377 401 436 429 Non
456 409 549 429 sacras
565 409 677 429 mensas
700 402 815 436 perinde
833 409 866 429 ac
883 402 1013 437 profanas

224 452 258 480 ad
280 449 442 480 dividendas
457 457 557 476 carnes
579 451 787 485 apposucrunt‘.’
799 449 914 485 Mystica
929 456 1013 485 porro

222 506 300 530 vasa,
312 498 415 533 quibus
433 496 466 524 ad
480 496 604 531 publicas
619 503 768 531 sacrasque
788 495 933 523 libationes
953 499 1012 523 ute-

223 545 335 576 bantur.
352 551 445 572 nonne
461 545 494 572 ad
509 542 651 571 obeundas
668 541 821 569 daemonum
833 541 1011 568 caeremonias

223 590 252 618 in
281 591 409 618 hostilem
439 592 579 627 regionem
605 587 738 615 translata
766 586 850 614 sunt?
874 585 1010 619 Quidnam

223 637 321 664 horum
346 635 483 670 religiosis
497 635 612 663 auribus
633 631 776 660 tolerabile
797 631 859 658 est?
873 630 942 658 Nam
962 631 1009 666 qui

1063 221 1125 256 ἐμοὶ
1138 221 1249 257 πατρὶς,
1260 222 1294 256 ἢν
1304 221 1442 256 ἀπολείψω
1451 231 1458 238 ε
1474 221 1551 257 παρὰ
1573 220 1628 257 γὰρ
1642 220 1712 248 ναῦν
1724 221 1785 247 ἐστι
1807 228 1876 255 μοι,

1063 267 1094 294 τὸ
1117 267 1156 302 μὴ
1172 267 1223 294 οὐκ
1249 267 1301 303 ἠδη
1316 267 1446 302 πελάγιον
1465 265 1544 300 εἶναι,
1562 268 1609 294 καὶ
1632 267 1707 302 νήσῳ
1729 275 1877 302 περισκο-

1065 313 1127 340 πεῖν
1138 313 1189 349 (5).
1205 313 1336 349 Αἰγύπτῳ
1349 313 1404 349 γὰρ
1419 314 1528 341 ἀπιστῶ
1539 323 1546 329 ·
1567 314 1648 341 κάκεῖ
1670 313 1784 341 δύναται
1807 312 1875 339 δια-

1065 359 1149 394 ϐῆναι
1158 359 1281 395 κάμηλος
1296 360 1477 395 Αὐσουριανὸν
1487 360 1601 395 ὁπλίτην
1615 359 1787 394 βαστάσασα.
1808 358 1875 393 Νη-

1066 404 1167 440 σιώτης
1193 405 1307 440 οἰκήσω,
1333 405 1419 441 πένης
1441 405 1496 432 ἀπὸ
1516 404 1704 440 κτηματικοῦ·
1721 403 1872 440 μέτοικος·

1065 450 1226 487 ἀτιμότερος
1249 450 1332 478 ἀστοῦ
1359 451 1510 487 Κυθηρίου.
1537 450 1780 486 Πολυπραγμονῶν
1811 448 1872 484 γὰρ

1065 494 1115 530 ήδη
1132 494 1260 530 μανθάνω
1280 494 1394 531 Κύθηρα
1411 495 1441 522 τὸ
1467 496 1553 531 πέραν
1571 493 1640 522 εἴναι
1653 495 1703 531 τῆς
1721 494 1873 522 Πενταπό-

1064 540 1143 573 λεως.
1162 542 1236 568 Ἐκεῖ
1258 551 1292 577 με
1316 543 1398 578 τυχὸν
1420 543 1537 570 οίσουσιν
1559 542 1655 578 ἄνεμοι
1678 543 1767 569 νότοι·
1795 541 1872 576 παρ’

1064 587 1179 620 ἐκείνοις
1202 586 1354 624 βιώσομαι,
1386 588 1472 622 ξένος,
1502 589 1615 625 ἀλήτης.
1647 588 1703 615 Καὶ
1730 587 1766 615 ἂν
1805 587 1872 614 tm-

1064 633 1185 668 χειρήσω
1209 641 1236 660 τι
1265 634 1330 669 περὶ
1351 634 1491 668 εὐγενείας
1517 636 1622 666 εἰπεῖν,
1649 634 1870 669 ἀπιστήσουσιν.

222 689 439 710 commemorare
467 681 533 708 velit
560 682 628 715 quot
655 676 769 705 castella
795 676 920 703 demoliti
949 677 1023 709 sint,
1058 683 1193 713 quantum
1228 679 1413 712 utensilium.
1441 687 1475 708 ac
1502 680 1684 715 supellectilis
1716 679 1869 707 avexerint

223 728 308 756 boves
324 728 388 755 item
404 734 527 759 ovesque
540 733 648 758 omnes,
662 731 723 760 quae
732 723 842 759 quidem
856 730 872 750 e
883 723 1064 750 barbarorum
1095 724 1189 759 praeda
1217 730 1334 753 servatae
1348 726 1472 762 reliquiae
1483 727 1510 754 in
1540 726 1692 762 praeruptis
1723 726 1869 754 montium

221 778 250 802 ct
273 773 398 802 cavernis
425 771 525 800 abditae
549 770 682 798 fuerant:
706 769 731 796 is
758 768 786 796 in
806 769 891 796 tantis
917 767 997 795 malis
1018 775 1072 795 non
1092 770 1153 797 sine
1177 770 1244 797 vitio
1272 770 1364 806 aliquo
1389 771 1505 799 minutis
1525 771 1724 806 persequendis
1744 771 1868 798 nimium

222 820 322 848 anxius
344 819 477 846 videatur.
499 817 664 852 Quanquam
694 815 815 851 quinque
843 814 1013 842 camelorum
1030 814 1153 843 millibus
1183 816 1304 851 praedam
1318 817 1444 845 avexisse
1455 816 1597 845 dicuntur.
1616 816 1736 844 Numero
1770 820 1867 843 autem

221 865 304 901 lriplo
321 865 425 900 majore
436 864 563 897 redeunt,
578 862 738 891 accessione
749 860 921 896 captivorum
933 863 1010 887 tanto
1029 860 1123 896 plures
1133 860 1233 889 effecti.
1248 861 1368 893 Periere.
1380 863 1523 890 exstinctae.
1542 866 1607 889 sunt
1636 861 1864 897 Pentapolitana

221 919 284 942 res,
301 911 335 938 ad
359 911 462 938 exitum
487 912 634 940 venerunt.
653 907 787 936 confecta:
811 909 887 939 Sunt,
907 906 1070 933 occiderunt
1086 915 1093 934 :
1108 915 1200 942 neque
1215 907 1296 936 nobis
1312 908 1427 936 omnino
1453 908 1574 943 amplius
1586 927 1594 939 ,
1624 915 1715 942 neque
1743 907 1868 942 impera‘

220 956 274 982 tori
293 961 452 991 supersunt.
467 955 562 991 Neque
593 954 668 981 enim
698 953 873 989 imperatoris
905 960 937 980 ea
966 953 1106 988 possessio
1134 954 1189 981 dici
1221 958 1324 990 potest,
1348 962 1364 982 e
1384 962 1438 990 qua
1473 955 1543 982 nihil
1573 954 1703 982 utilitatis
1724 956 1865 989 reportet.

224 1006 328 1042 Ecquis
342 1013 407 1033 vero
421 1005 528 1033 fructus
547 1011 581 1031 ex
595 1003 706 1031 deserto
725 1002 854 1035 colligere
868 1000 943 1028 ullus
978 1001 1086 1035 possit?
1107 1001 1201 1036 Neque
1222 1002 1289 1029 Inibi
1323 1003 1411 1038 patria
1445 1007 1584 1037 superest,
1606 1010 1689 1037 quam
1714 1001 1865 1029 deseram:

221 1052 279 1080 sola
303 1051 375 1079 enim
395 1050 472 1078 navis
493 1049 586 1084 inopia
614 1048 691 1080 facit,
720 1052 749 1074 ut
767 1045 890 1074 nondum
908 1045 937 1073 in
958 1046 1013 1073 alto
1051 1047 1189 1082 navigem,
1213 1053 1241 1076 et
1275 1048 1308 1076 ad
1329 1048 1445 1076 insulam
1471 1048 1591 1084 aliquam
1616 1048 1763 1084 appellam.
1792 1046 1866 1074 Nam

221 1098 341 1133 Egypto
355 1096 463 1129 difﬂdo,
479 1099 627 1131 propterea
642 1093 716 1129 quod
737 1100 772 1120 eo
790 1099 901 1128 quoque
932 1092 1055 1120 camelus
1075 1093 1218 1127 pervenire
1238 1097 1330 1129 potest
1343 1094 1530 1122 Ausurianum
1553 1095 1666 1122 militem
1689 1098 1816 1129 gestans.
1833 1092 1863 1121 ln

221 1143 320 1171 insulis
335 1143 425 1177 itaque
441 1141 548 1176 (legam,
565 1140 646 1175 inaps
665 1146 698 1166 ex
722 1138 817 1169 divite,
833 1137 996 1172 inquilinus.
1022 1136 1154 1172 Cytherio
1176 1138 1237 1166 cive
1276 1139 1431 1174 ignobilior.
1463 1138 1542 1167 Nunc
1571 1139 1646 1166 enim
1683 1138 1796 1166 demum
1819 1145 1866 1165 cu.

220 1189 322 1216 riosius
341 1187 484 1222 inquirens
499 1185 582 1213 audio
597 1185 717 1221 Cythera
749 1184 822 1211 ultra
843 1182 1016 1217 Pentapolim
1035 1190 1097 1211 esse
1132 1184 1195 1212 sita.
1229 1183 1297 1212 Illuc
1316 1192 1360 1212 me
1377 1184 1505 1213 fortassis
1522 1185 1612 1212 austri
1633 1184 1769 1216 deferent,
1789 1183 1865 1218 apud

220 1235 282 1262 illos
305 1234 401 1269 degam
429 1233 529 1268 hospes
557 1231 702 1268 profugus.
732 1230 812 1264 Quod
840 1230 865 1258 si
888 1229 956 1266 quid
983 1230 1017 1257 de
1035 1231 1145 1266 generis
1170 1232 1223 1260 mei
1247 1232 1390 1260 nobilitate
1411 1232 1522 1268 |jactare
1540 1233 1675 1265 audeam,
1697 1232 1780 1260 ﬁdem
1801 1231 1864 1259 nul-

220 1282 273 1310 lam
289 1279 469 1307 adhibebunt.

254 1325 334 1361 303
346 1324 404 1353 lleu
418 1324 564 1360 Cyrenem,
580 1324 662 1360 cujus
674 1324 791 1359 publica:
804 1323 904 1351 tabulae
919 1323 953 1350 ad
967 1329 1011 1349 me
1026 1323 1049 1353 Β

220 1379 308 1407 usque
335 1370 430 1405 stirpis
455 1369 597 1398 Herculeae
622 1369 829 1398 successionem
859 1367 1013 1396 deducunt!

219 1416 280 1445 Non
295 1415 369 1444 enim
388 1415 501 1450 ineptus
515 1415 622 1446 videar,
640 1422 704 1442 cum
721 1415 794 1442 inter
809 1414 930 1442 scientes
950 1421 1014 1448 pro-

219 1462 347 1494 pagatam
376 1456 440 1484 inde
469 1456 640 1484 nobilitatem
656 1455 779 1491 deploro.
798 1455 871 1482 Proh
890 1455 1017 1490 sepulcra

220 1503 270 1530 illa
284 1501 397 1534 Dorica,
420 1508 538 1536 quorum
556 1501 694 1536 particeps
710 1507 764 1527 non
779 1501 847 1527 erol
862 1499 920 1527 Heu
945 1499 1017 1527 infe~

220 1549 300 1576 licem
317 1547 530 1580 Ptolemaidem,
546 1546 627 1582 cujus
645 1553 695 1581 ego
713 1549 869 1582 postremus
895 1545 1016 1572 omnium

223 1594 354 1622 sacerdos
369 1593 424 1620 fui!
441 1593 543 1620 Verum
568 1599 600 1620 ea
620 1592 764 1619 calamitas
790 1591 882 1618 animo
897 1598 957 1619 meo
971 1591 1019 1618 ad-

220 1640 359 1669 harescit.
367 1638 440 1666 Nihil
450 1639 542 1666 dicere
555 1638 673 1673 amplius
685 1645 810 1673 possum,
825 1637 954 1673 lacrymae
966 1637 1017 1664 lin-

221 1691 302 1720 guam
326 1691 414 1711 meam
441 1683 705 1718 impediuntztotus
728 1689 790 1709 sum
817 1681 846 1709 in
860 1689 892 1709 ea
916 1681 1019 1716 cogita-

221 1731 297 1758 tione
312 1730 431 1762 delixus,
449 1729 523 1764 quod
540 1728 606 1756 mihi
620 1736 701 1756 sacra
716 1727 933 1763 derelinquenda
952 1728 1017 1755 sint.

220 1775 404 1810 Navigatione
418 1774 529 1810 quidem
549 1774 615 1802 hinc
626 1782 670 1802 me
686 1773 842 1801 subducere
857 1777 996 1808 oporteret
1009 1782 1016 1800 :

220 1820 270 1850 sed
281 1828 343 1849 cum
352 1821 491 1856 ad;navem
507 1819 742 1847 conscendendant
753 1819 889 1854 quispiam
899 1818 1018 1850 vocabit,

220 1866 362 1902 paulisper
392 1871 422 1894 ut
443 1868 586 1901 exspectet
615 1864 650 1892 ab
676 1865 724 1892 illo
752 1869 856 1900 petam.
893 1863 1015 1891 Primum

222 1913 295 1940 enim
315 1912 349 1939 ad
374 1911 421 1939 Dei
443 1911 574 1946 templum
595 1909 724 1938 accedam
745 1918 752 1936 :
778 1913 835 1937 tum
859 1908 945 1936 altare
967 1909 1020 1936 cir-

221 1957 332 1986 cumibo
348 1966 356 1985 :
372 1956 602 1992 pretiosissimum
612 1956 800 1991 pavimentum
810 1954 942 1990 lacrymis
956 1962 1019 1990 νει·-

221 2002 346 2030 fundam.
360 2001 420 2029 Non
440 2002 517 2037 prius
537 1996 696 2032 abscedam,
710 2007 793 2035 quam
814 1999 928 2035 januam
942 1999 1016 2027 illam
1031 1993 1053 2022 C

221 2048 409 2083 thronumque
428 2047 505 2075 illum
529 2047 675 2075 osculatus
700 2045 788 2074 fuero.
806 2045 829 2073 0
843 2045 952 2081 quoties
968 2045 1016 2074 Dei

223 2093 304 2122 fidem
317 2092 473 2129 appellabo,
498 2099 531 2120 ac
546 2092 653 2120 vultum
667 2092 848 2119 convertam!
865 2091 888 2120 0
899 2091 1016 2127 lquoties

222 2139 355 2167 cancellis
370 2145 467 2166 manus
482 2137 614 2173 injiciaml
631 2136 687 2165 Sed
719 2137 871 2165 vehemens
887 2138 1014 2172 quzedam

222 2192 268 2212 res
289 2188 332 2212 est
361 2191 393 2211 ac
414 2183 544 2215 violenta.
573 2182 738 2211 necessitas.
764 2182 853 2218 Cupio
885 2190 1014 2210 somnum

223 2229 314 2257 oculis
329 2229 399 2257 meis
426 2228 502 2256 nullo
529 2228 660 2256 tubarum
684 2228 802 2263 strepitu
832 2228 1015 2264 interruptum

222 2275 385 2303 concedere.
401 2273 462 2307 Quo
477 2274 587 2301 tandem
600 2281 688 2309 usque
703 2275 737 2302 ad
752 2281 895 2303 murorum
913 2283 1016 2312 propu-

223 2321 370 2355 gnaculum
394 2319 494 2348 stabo?
507 2318 657 2354 Quousque
672 2320 791 2348 turrium
806 2321 948 2349 intervalla
963 2329 1012 2350 cu-

224 2367 358 2394 stodiaml
372 2366 503 2394 Defessus
523 2373 585 2394 sum
599 2371 752 2394 nocturnas
765 2366 898 2395 excubias
914 2367 1010 2403 dispo-

224 2421 302 2445 nens,
319 2421 351 2440 ac
367 2414 490 2441 vicissim
520 2416 548 2439 et
570 2412 730 2440 custodiens
750 2412 809 2447 ipse
831 2412 912 2446 alios,
927 2417 956 2440 et
977 2413 1013 2441 ab

225 2460 287 2487 aliis
314 2459 479 2487 custoditus.
494 2458 527 2485 Et
545 2459 593 2494 qui
618 2465 808 2494 saepenumero
833 2458 861 2485 in
887 2463 1012 2487 contem-

225 2505 326 2540 plaudo
341 2505 464 2532 siderum
487 2509 583 2532 exortu
611 2503 771 2539 pervigilem
794 2507 904 2531 noctem
935 2504 1014 2536 duxi,

225 2551 350 2579 eumdem
369 2558 414 2578 me
434 2550 516 2578 modo
539 2549 620 2577 taedet
636 2548 818 2577 observandis
837 2548 957 2576 hostium
970 2549 1015 2577 in-

225 2597 403 2624 cursionibus
428 2595 583 2631 invigilare.
603 2595 645 2623 Ad
660 2602 760 2630 aquam
779 2594 937 2622 demensam
954 2595 1015 2623 dor-

227 2641 353 2669 mimus:
381 2646 463 2677 atque
482 2649 515 2669 ea
544 2641 633 2669 somni
660 2648 736 2676 pars,
753 2647 814 2675 quae
842 2639 908 2667 mihi
939 2645 1014 2669 sorte

1096 1320 1178 1356 ᾯμοι
1197 1321 1346 1357 Κυρήνης.
1370 1319 1404 1357 ἧς
1420 1321 1447 1349 αἱ
1472 1321 1604 1357 δημόσιαι
1629 1321 1742 1358 κύρϐεις
1764 1324 1865 1360 μέχρις

1066 1365 1135 1401 ἐμοῦ
1157 1366 1307 1400 κατάγουσι
1324 1366 1374 1398 τὰς
1401 1366 1449 1401 ἀφ’
1477 1366 1645 1402 ’Ἡρακλέους
1662 1367 1807 1403 διαδοχάςί
1825 1370 1863 1396 οὺ

1066 1411 1122 1446 γὰρ
1141 1411 1174 1438 ἂν
1197 1412 1258 1446 εῐην
1281 1411 1405 1446 ἀρχαῖος,
1422 1411 1451 1437 ὲν
1474 1410 1572 1438 εἰδόσιν
1595 1411 1795 1446 ὀλοφυρόμενος
1812 1412 1864 1447 τὴν

1067 1456 1309 1493 καταϐεϐλημένην
1323 1457 1472 1491 εὐγένειαν.
1492 1457 1574 1492 ᾬμοι
1592 1457 1647 1484 τῶν
1662 1458 1766 1492 τάφων,
1779 1455 1818 1486 ὧν
1831 1460 1862 1486 οὺ

1069 1502 1174 1538 μεθέξω
1193 1502 1247 1529 τῶν
1263 1502 1412 1538 Δωρικῶνι
1433 1503 1514 1538 ᾭμοι
1532 1502 1730 1538 Πτολεμαΐδος,
1757 1501 1792 1539 ἧς
1814 1505 1863 1532 ἀν-

1068 1548 1190 1583 εδείχθην
1204 1548 1320 1580 ὕστατος
1334 1547 1441 1583 ίερεύςί
1462 1548 1542 1575 Ἀλλὰ
1558 1549 1690 1584 πρόσεστί
1707 1558 1754 1585 μοι
1767 1550 1796 1576 τὸ
1807 1550 1862 1576 δει-

1069 1594 1114 1620 νόν
1124 1602 1131 1609 ο
1147 1593 1241 1620 οὐκέτι
1259 1593 1376 1629 δύναμαι
1388 1593 1480 1628 λέγειν
1491 1601 1498 1609 ·
1515 1594 1734 1630 ἐπιλαμϐάνεται
1751 1603 1802 1630 μου
1813 1595 1862 1630 τῆς

1068 1641 1192 1676 γλώττης
1206 1640 1240 1667 τὰ
1252 1640 1366 1677 δάκρυα.
1383 1641 1486 1675 Γέγονα
1499 1641 1569 1676 πρὸς
1584 1640 1633 1675 τὴν
1645 1640 1797 1675 φαντασίαν
1811 1642 1861 1676 τῆς

1068 1686 1123 1713 τῶν
1148 1686 1228 1722 ίερῶν
1247 1686 1426 1721 ἀπολείψεως.
1455 1686 1530 1713 Ἔδει
1558 1686 1609 1721 μὲν
1624 1686 1745 1722 οίχεσθαι
1766 1686 1861 1713 πλέον-

1068 1741 1118 1764 τας
1129 1740 1135 1747 ·
1154 1732 1211 1759 ἀλλ’
1226 1733 1291 1759 ὅταν
1305 1732 1352 1759 ἐπὶ
1367 1732 1432 1759 ναῦν
1446 1741 1488 1764 τις
1502 1732 1583 1768 καλῇ,
1601 1733 1699 1768 μικρὸν
1715 1733 1860 1768 ἀναμεῖναι

1069 1778 1211 1813 δεήσομαι.
1237 1777 1388 1813 Βαδιοῦμαι
1408 1777 1462 1814 γὰρ
1478 1779 1587 1814 πρῶτον
1601 1779 1649 1804 ἐπὶ
1667 1778 1713 1806 τὸν
1729 1778 1798 1805 νεὼν
1813 1778 1858 1805 τοῦ

1069 1823 1137 1849 Θεοῦ
1147 1832 1154 1839 ·
1172 1822 1348 1859 κυκλώσομαι
1362 1823 1393 1850 τὸ
1418 1823 1627 1860 θυσιαστήριον
1643 1824 1758 1859 δάκρυσι
1774 1823 1858 1859 βρέξω

1068 1868 1099 1895 τὸ
1112 1868 1331 1903 τιμαλφέστατον
1353 1868 1460 1904 ἔδαφος.
1485 1869 1543 1896 Ούκ
1565 1869 1777 1905 ἁποδραμοῦμαι
1796 1870 1859 1906 πρὶν

1069 1913 1155 1950 θύραν
1175 1914 1284 1950 ἐκείνην
1311 1915 1357 1942 καὶ
1381 1915 1475 1951 θρόνον
1495 1916 1597 1942 ἐκεῖνον
1619 1915 1804 1943 ἀσπάσασθαι.
1828 1916 1858 1942 ’Ὠ

1070 1959 1186 1992 ποσάκις
1209 1959 1384 1996 θεοκλυτὶμω
1405 1969 1448 1992 τε,
1470 1961 1518 1986 καὶ
1537 1961 1818 1996 μεταστραφήσομαιί
1835 1961 1857 1988 ὣ

1069 2005 1184 2037 ποσάκις
1200 2006 1261 2037 ταῖς
1273 2005 1392 2040 κιτκλίσι
1412 2006 1446 2032 τὰ
1464 2008 1540 2041 χεῖρε
1556 2006 1767 2042 προσμάξομαιί
1790 2007 1857 2033 Ἀλλ’

1071 2051 1181 2086 ίσχυρδν
1194 2050 1302 2085 ἀνάγκη
1318 2051 1445 2086 πρᾶγμα,
1461 2051 1508 2078 καὶ
1524 2051 1622 2086 βίαιον.
1642 2051 1784 2087 Ἐπιθυμῶ
1799 2052 1856 2078 δοῦ-

1069 2105 1114 2124 ναι
1130 2096 1279 2131 ὀφθαλμοῖς
1305 2096 1390 2123 ὕπνον
1415 2096 1658 2132 ἀπερισάλπιστον.
1681 2097 1772 2132 Μέχρι
1795 2098 1856 2124 ποτε

1069 2142 1145 2178 παρὰ
1157 2142 1266 2174 ἔπαλξιν
1283 2143 1416 2178 στήσομαι
1429 2151 1437 2175 ;
1454 2143 1542 2178 Μέχρι
1558 2143 1623 2169 πότε
1637 2143 1751 2178 τηρήσω
1765 2142 1796 2170 τὺ
1811 2152 1856 2178 με-

1069 2187 1238 2222 ταπύργιον;
1266 2187 1444 2222 Ἀπαγορεύω
1457 2187 1580 2222 φυλακὰς
1593 2187 1744 2214 ἐπιτάττων
1765 2197 1856 2215 νυκτε-

1070 2232 1157 2268 ρινὰς,
1169 2232 1216 2259 καὶ
1229 2232 1371 2267 φυλάττων
1382 2233 1411 2259 ὲν
1422 2233 1461 2268 τῷ
1482 2233 1570 2268 μέρει,
1584 2233 1632 2260 καὶ
1649 2233 1855 2269 φυλαττόμενος,

1068 2278 1084 2304 δ
1098 2277 1182 2304 πολλὰ
1198 2278 1330 2314 πρότερον
1343 2279 1521 2313 ἀγρυπνήσας
1535 2278 1584 2305 ἐπὶ
1604 2279 1664 2310 ταῖς
1676 2279 1785 2314 ἄστρων
1798 2280 1855 2306 ἑπι-

1073 2323 1190 2354 στολαῐς.
1211 2323 1408 2358 Ἀποκναίομαι
1421 2322 1469 2349 νῦν
1483 2324 1643 2359 ὲγρηγορῶν
1662 2325 1708 2350 ἐπὶ
1725 2326 1786 2357 ταῖς
1805 2325 1856 2352 τῶν

1073 2368 1210 2404 πολεμίων
1234 2367 1382 2400 ὲπιὸολαίς.
1408 2368 1480 2404 Πρὸς
1505 2369 1760 2405 διαμεμετρημένον
1789 2370 1855 2406 ὕδωρ

1073 2413 1240 2448 καθεύδομεν
1250 2420 1258 2428 ·
1274 2413 1322 2439 καὶ
1335 2413 1366 2439 τὸ
1376 2413 1457 2448 λαχόν
1472 2422 1517 2448 μοι
1533 2414 1615 2449 μέρος
1627 2415 1667 2445 είς
1682 2414 1766 2442 ὕπνον
1779 2415 1856 2449 άφαι-

1076 2460 1161 2495 ρεϊται
1188 2457 1318 2490 πολλάκις
1338 2459 1353 2484 ό
1377 2459 1471 2485 κώδων
1492 2458 1507 2484 ὁ
1531 2459 1715 2494 φυλακτήριος
1734 2460 1783 2495 (ti).
1811 2461 1856 2487 'Av

1067 2505 1096 2532 δὲ
1119 2505 1271 2540 καταμύσω
1298 2504 1414 2540 μικρὸν,
1443 2504 1466 2530 ὦ
1481 2504 1537 2532 τῶν
1561 2506 1696 2532 ἐνυπνίων
1712 2505 1767 2532 τῶν
1792 2514 1854 2532 σκυ-

1068 2551 1201 2587 θρωπῶνε
1218 2551 1258 2582 είς
1274 2548 1318 2577 οἶα
1334 2551 1566 2586 παραπέμπουσιν
1577 2551 1653 2586 ἡμᾶς
1667 2552 1695 2578 αί
1715 2551 1775 2586 μεθ’
1790 2552 1853 2587 ἠμέ-

1070 2604 1119 2631 ραν
1143 2596 1293 2631 φροντίδες.
1321 2596 1358 2622 Τὸ
1385 2596 1465 2631 λῆξαι
1488 2597 1589 2629 πόνων,
1613 2597 1748 2632 ἄρξασθαι
1770 2598 1853 2624 πόνων

1067 2642 1138 2669 ἐστι.
1165 2641 1315 2678 Φεύγομεν,
1334 2642 1515 2677 ἁλισκόμεθα,
1542 2643 1762 2679 τιτρωσκόμεθα,
1788 2643 1854 2670 δεδέ-

854 2694 947 2725 υιυιί.
968 2697 1104 2725 PETAVII
1122 2697 1237 2725 NOTE.

264 2741 302 2779 (5)
317 2741 371 2768 Καὶ
395 2741 480 2779 νήοῖῳ
501 2742 705 2779 περισκοπεῖν.
720 2741 802 2770 Forte
825 2745 1011 2779 προσκωπεῖν,

229 2777 300 2812 ψιορ
317 2782 358 2812 est
374 2777 511 2812 appellere.
524 2777 572 2812 Γρ.
589 2777 681 2811 νῆσον.

264 2810 302 2844 (6)
325 2811 356 2837 '0
378 2811 478 2838 κώδων
501 2813 518 2838 ό
540 2810 754 2846 φυλάκτήριος.
781 2811 938 2841 Istiusmodi
960 2814 1013 2841 κώ-

1065 2744 1159 2776 δωνος,
1173 2751 1228 2779 quo
1244 2745 1340 2779 vigiles
1353 2745 1511 2778 utebantur,
1530 2745 1656 2772 meminit
1672 2745 1812 2773 Plutarch.
1827 2747 1850 2774 in

1066 2779 1150 2821 Arth
1161 2788 1167 2821 ξ
1186 2779 1398 2821 Ἀναϐαινέντων
1405 2779 1499 2821 δεξιῶν
1514 2780 1640 2821 πρώτων
1655 2782 1670 2807 ὁ
1679 2780 1729 2821 τὴν
1742 2781 1852 2817 ἑωθινὴν

1068 2813 1191 2849 φυλακὴν
1207 2814 1370 2850 παραδιδοὺς
1379 2814 1498 2852 ἐφώδευε
1514 2813 1553 2850 τῷ
1564 2814 1683 2851 κώδωνι,
1699 2813 1754 2844 ἑιε.
