1990 3060
172 112 186 138 Ι
195 111 250 139 575

874 115 1112 147 CONSTITUTIO.

1738 123 1804 154 1574

173 170 260 206 μεθα,
276 171 499 206 πιπρασκόμεθα.
525 173 643 204 Ποσάκις
667 173 813 210 ὲξανέστην
835 175 959 209 ἄσμενος,

1020 177 1148 211 contigit,
1164 177 1338 206 cxcubitorio
1356 179 1544 208 tintinnabulo
1561 181 1662 216 saepius
1679 182 1805 217 eripitur.

169 217 218 243 ὅτι
237 217 370 252 δεσπότην
388 218 521 244 ἀπέλιπον
542 219 548 245 !
567 219 687 250 Ποσάκις
704 219 850 255 ἐξανέστη-ιν
866 220 969 256 ὑπέρα-

171 260 273 294 σθμος,
294 261 386 296 ἱδρῶτι
411 262 578 297 ῥαινόμενος,
593 262 661 298 ὁμοῦ
687 263 734 290 τὸν
753 264 835 290 ὕπνον
855 265 903 291 καὶ
923 265 969 292 τὸν

168 306 275 341 ῖρόμον
299 306 451 339 ἀπολιπὼν,
475 308 505 334 ὃν
533 309 696 341 κατατείνας
718 309 833 343 ἔφευγον
854 310 968 345 ὁπλίτην

168 352 305 386 πολέμιον
323 351 331 378 i
349 351 446 384 Μόνοις
471 353 537 388 ἡμῖν
570 353 690 385 Ἡσίοδος
713 354 788 380 οὐδὲν
808 353 893 388 λέγει,
918 355 968 390 τὴν

168 397 269 424 ἐλπίδα
282 399 405 434 τηρήσας
419 398 486 425 εῐσω
499 399 547 425 τοῦ
559 399 648 426 πίοου.
664 400 770 432 Πάντες
781 399 910 436 ἀθαρσείς
920 401 968 427 καὶ

166 443 342 474 δυσέλπιδες·
368 444 383 469 ὁ
413 444 683 479 πεπαροιμιασμένος
709 445 765 479 βίος
789 445 827 480 (7)
851 445 966 478 ἀϐίωτος

166 489 222 523 οὒχ
237 489 330 524 ἕτερός
346 489 431 521 ἐστιν,
447 490 553 525 ἄνδρες,
569 490 626 516 ἀλλ’
645 490 674 516 ὃν
692 490 783 526 ζῶμεν
804 491 896 525 ἡμεῖς.
917 491 938 516 Τ
942 491 966 522 ις

165 536 185 570 ἡ
204 535 347 570 διατρι6ή;
373 536 405 562 Τί
427 536 577 571 μέλλομεν;
608 536 777 572 ’Δπήχοηται
799 536 965 569 Πεντάπολις

165 581 210 616 τῷ
222 581 291 617 Θεῷ.
308 583 416 614 Ποιναῖς
431 582 605 618 ἐκδεδόμεθα.
623 583 655 609 Ἡ
666 583 720 618 γὰρ
735 582 825 618 ἀκρὶς,
842 583 892 609 οὐκ
905 582 964 609 ἐστι

166 628 256 654 κακὸν
270 628 465 664 ἁκριῦἐστερον
477 649 484 660 ,
502 628 530 655 τὺ
542 629 569 655 δὲ
586 627 642 663 πῦρ
656 628 669 654 ὃ
686 627 739 664 πρὸ
755 628 810 654 τῶν
826 627 963 663 πολεμίων

164 674 254 708 τριῶν
279 674 382 700 πόλεων
405 674 569 709 ἐπενείματο
583 674 656 710 λήῖα.
682 675 715 701 Τί
741 674 827 710 πέρας
850 673 961 705 κακῶν;

166 719 201 745 Εἰ
214 718 318 745 τούτων
326 719 438 752 ἄγουσιν
453 719 610 755 ἐλευθερίαν
622 720 650 746 αἱ
660 719 748 755 νῆσοι,
764 719 820 754 ἐγὼ
836 719 886 754 μὲν
898 719 962 745 ὅταν

165 763 311 799 ἁφυῦρίσῃ
323 763 353 790 τὸ
369 763 497 798 πέλαγος,
513 763 692 799 πλευσοῦμαι.
712 763 792 790 Ἀλλὰ
813 762 960 798 φοϐοῦμαι,

166 809 208 844 μὴ
225 809 348 846 προλάὸῃ
371 819 405 845 με
420 810 450 837 τὸ
462 810 558 837 δεινόν.
577 810 692 842 Πελάξει
708 810 762 846 γὰρ
777 811 794 846 ὴ
814 809 895 845 κυρία
909 809 960 845 τῆς

164 855 332 891 προσϐολῆς,
346 856 380 892 ἢν
395 857 428 892 τῇ
445 856 534 889 πόλει,
552 856 644 891 φασὶν,
660 857 675 882 ὁ
699 856 865 892 πτεροφόρος
879 856 959 892 ὴπεί-
973 848 995 875 Β

163 899 259 935 λησεν,
275 902 289 928 ὁ
310 901 358 928 τοῦ
381 902 510 936 πολεμίου
534 901 717 938 ἐξηγούμενος
743 902 958 937 στρατεύματος.

163 947 294 974 Μάλιστα
305 947 336 983 δὴ
355 948 460 984 καιρῶν
477 948 581 980 ἐκεῖνος
596 948 699 984 ἱερεῦσι
720 947 765 974 τὸν
779 947 826 974 ἐπὶ
838 947 888 980 τὰς
906 947 957 974 αὐ-

162 993 215 1024 λὰς
228 992 275 1020 τοῦ
293 993 360 1020 Θεοῦ
373 994 472 1029 δρόμον
486 994 636 1028 ἀναγκαῖον
651 994 796 1028 ἀποφανεῖ,
812 993 846 1020 ἂν
856 994 885 1020 ὲν
899 993 957 1029 χρῷ

161 1038 217 1073 τῆς
230 1039 333 1071 πόλεως
345 1039 359 1065 ὁ
379 1039 500 1071 κίνδυνος
524 1039 648 1074 γένηται.
683 1038 754 1072 Ἐγὼ
777 1038 849 1065 κατά
865 1038 957 1074 χώραν

162 1085 209 1110 ἔπ’
234 1084 382 1120 ἐκκλησίας
409 1085 493 1120 μενῶ.
526 1084 582 1116 Τὰς
607 1084 740 1118 παναγεῖς
765 1084 957 1119 προστήσομαι

161 1129 302 1164 χέρνιϐας.
322 1129 518 1165 Προσφύσομαι
542 1129 598 1156 τῶν
614 1129 712 1156 κιόνων
737 1128 792 1155 τῶν
819 1129 910 1164 ἱερῶν,
927 1129 956 1155 αϊ

161 1173 213 1208 τὴν
227 1174 325 1200 ἄσυλον
343 1174 397 1201 ἀπὸ
415 1174 468 1210 γῆς
484 1174 610 1209 ἀνέχουσι
625 1174 776 1210 τράπεζαν,
812 1173 886 1200 Ἑκεῖ
907 1173 956 1200 καὶ

162 1218 218 1250 ζῶν
232 1219 406 1255 καθεδοῦμαι,
422 1221 469 1247 καὶ
480 1220 623 1247 ἀποθανὼν
637 1220 774 1254 κείσομαι.
790 1219 955 1255 Λειτουργός

157 1267 221 1301 ,εἰμι
236 1266 282 1293 τοῦ
295 1266 374 1299 Θεοῦ,
390 1267 438 1293 καὶ
460 1266 510 1302 τὴν
524 1266 612 1302 ψυχὴν
630 1267 694 1297 ῐσως
707 1264 954 1300 ἀπολειτουργῆσαι

164 1320 200 1346 με
217 1312 267 1338 δεῖ.
283 1311 321 1338 Οὐ
339 1312 392 1348 μὴν
408 1313 422 1339 ὅ
436 1321 468 1347 γε
483 1312 550 1344 Θεὸς
566 1311 727 1346 περιόψεται
741 1310 787 1337 τὸν
804 1309 895 1345 βωμὸν
909 1309 954 1337 τὸν

160 1357 330 1392 ἀναίμακτον
345 1358 439 1394 ἱερέως
452 1358 548 1393 αἵματι
565 1357 748 1393 μιαινόμενον.

1020 222 1099 256 Quod
1113 223 1136 250 si
1151 231 1298 259 parumper
1313 226 1410 255 oculos
1422 227 1558 259 clausero,
1576 228 1645 263 proh
1666 229 1758 257 tristia
1773 237 1807 256 ac

1020 268 1136 297 molesta
1159 270 1278 302 somnia,
1297 279 1359 305 qua:
1388 272 1454 299 mihi
1485 273 1591 300 diurna:
1618 281 1693 301 curae
1722 279 1806 310 atque

1017 315 1195 350 aegritudines
1211 316 1339 351 injiciunt
1351 317 1358 343 l
1371 317 1509 345 Laborum
1528 320 1658 352 cessatio,
1687 321 1805 347 aliorum

1018 360 1086 388 mibi
1098 361 1224 388 laborum
1240 362 1350 390 initium
1364 367 1406 390 est
1420 372 1426 390 :
1444 362 1574 398 fugimus,
1594 366 1805 400 comprehendi-

1017 413 1090 438 mur,
1101 406 1290 438 vulneramur,
1303 407 1451 441 vincimur,
1466 409 1621 437 vendimur.
1635 410 1721 443 Quam
1733 419 1805 446 saepe

1017 451 1135 479 libenter
1147 459 1162 479 e
1173 459 1270 480 somno
1281 453 1415 481 excitatus
1426 461 1499 486 sum,
1509 455 1581 489 quod
1590 455 1730 483 dominum
1740 458 1804 485 reli-

1016 497 1155 532 quissem!
1173 497 1287 531 Quoties
1301 499 1434 527 anhelans
1447 507 1479 526 ac
1496 500 1634 535 palpitans
1643 503 1802 537 expergefa-

1014 547 1076 570 ctus
1092 550 1164 575 sum,
1177 543 1278 571 sudore
1297 547 1370 572 totus
1386 544 1529 578 difﬂuens,
1551 553 1604 572 una
1621 554 1637 573 a
1658 555 1754 575 somno
1774 552 1803 576 et

1014 595 1098 615 cursu
1108 588 1253 622 desinens,
1270 597 1350 624 quem
1363 590 1509 618 intendens
1520 613 1527 624 ,
1541 596 1677 619 armatum
1694 593 1802 621 hostem

1014 632 1150 668 fugiebam
1162 634 1169 661 ἱ
1182 633 1324 662 Nobismet
1336 634 1470 663 Hesiodus
1481 636 1549 663 solis
1563 636 1631 663 nihil
1649 636 1751 664 dixisse
1762 638 1801 665 vi-

1013 683 1061 703 sus
1077 679 1129 709 est,
1143 683 1205 703 cum
1227 684 1302 711 spem
1316 677 1390 704 intra
1414 677 1518 705 dolium
1538 683 1671 711 reservat,
1700 680 1802 715 quippe

1011 724 1108 745 omnes
1119 717 1217 752 trepidi
1227 726 1334 750 sumus,
1342 722 1369 746 et
1379 723 1490 753 speratu
1501 719 1629 747 difﬁciles
1640 730 1646 747 :
1656 720 1738 756 305
1746 721 1800 748 vita

1012 761 1057 790 illa
1072 763 1165 791 minus
1176 763 1279 796 vitalis,
1289 764 1385 799 quaain
1395 765 1570 798 proverbium
1584 765 1662 797 abiit,
1678 773 1732 793 non
1746 766 1799 793 alia

1011 813 1064 841 est,
1083 809 1237 841 auditores,
1251 817 1332 844 quam
1354 817 1385 838 ea
1405 811 1463 845 ipsa
1478 818 1560 845 quam
1572 811 1708 846 degimus.
1726 811 1799 844 Quid

1009 859 1116 890 tempus
1133 855 1341 890 terimus?quid
1358 856 1517 883 moramur?
1528 855 1617 883 Invisa
1632 855 1688 884 Deo
1701 857 1799 884 Penta-

1008 900 1080 935 polis
1092 903 1145 928 est.
1156 899 1248 928 Poenis
1263 908 1296 927 ac
1307 901 1451 936 suppliciis
1463 902 1547 929 dediti
1560 909 1666 930 sumus.
1676 902 1743 929 Nam
1758 902 1798 929 lo-

1007 949 1086 973 custa
1097 953 1270 981 nequaquam
1282 947 1375 974 acrius
1389 950 1431 974 est
1445 951 1472 975 et
1487 948 1598 983 gravius
1614 948 1732 980 malum;
1749 948 1797 976 sed

1007 990 1078 1025 ignis
1092 991 1137 1018 ille
1150 991 1197 1026 qui
1206 996 1269 1019 ante
1277 991 1372 1020 hostes
1382 992 1465 1019 trium
1475 993 1583 1020 urbium
1596 997 1656 1020 sata
1665 993 1797 1028 depastus

1006 1035 1136 1068 est.Quis
1147 1036 1281 1063 malorum
1291 1037 1399 1064 exitus?
1410 1036 1438 1064 Si
1450 1037 1484 1064 ab
1496 1037 1530 1064 iis
1540 1037 1676 1066 immunes
1687 1045 1718 1065 ac
1732 1038 1797 1065 libe-

1007 1088 1045 1108 rae
1055 1085 1119 1109 sunt
1127 1081 1234 1114 insulae,
1251 1082 1378 1118 equidem
1394 1082 1568 1118 simulatque
1582 1091 1656 1111 mare
1667 1083 1796 1112 desmvie-

1007 1125 1054 1157 rit,
1072 1126 1195 1159 solvam;
1213 1127 1260 1155 sed
1282 1135 1380 1155 vereor
1398 1136 1432 1156 ne
1455 1136 1498 1156 me
1512 1129 1611 1156 malum
1630 1133 1793 1157 antevertat.

1006 1169 1074 1197 Nam
1090 1171 1264 1206 impressioni
1281 1177 1309 1200 et
1320 1173 1473 1201 incursioni
1491 1174 1642 1202 constituta
1661 1174 1719 1203 dies
1746 1182 1795 1210 ap-

1006 1216 1183 1252 propinquat,
1196 1225 1278 1252 quam
1294 1218 1367 1251 urbi,
1380 1222 1410 1245 ut
1428 1219 1515 1250 aiunt,
1530 1225 1666 1253 pennatus
1680 1221 1795 1248 nuntius

1004 1263 1189 1291 comminatus
1213 1268 1266 1296 est,
1283 1263 1307 1291 is
1321 1264 1368 1299 qui
1385 1264 1513 1292 hostilem
1528 1265 1682 1293 exercitum
1706 1265 1792 1294 ducit.

1006 1309 1078 1336 Sane
1099 1309 1166 1337 illud
1185 1317 1240 1345 prae
1256 1310 1363 1337 caeteris
1388 1316 1497 1345 tempus
1526 1311 1717 1339 sacerdotibus
1745 1319 1794 1339 ne-

1004 1355 1157 1383 cessarium
1173 1355 1207 1383 ad
1232 1356 1302 1383 atria
1330 1356 1378 1384 Dei
1394 1364 1508 1384 cursum
1529 1356 1642 1390 efﬁciet,
1669 1365 1732 1384 cum
1757 1358 1792 1385 ad

161 1405 249 1439 ipsam
266 1404 361 1432 urbem
390 1413 512 1440 presens
539 1405 690 1440 periculum
717 1403 876 1431 accesserit.
891 1401 949 1438 Ego
966 1401 995 1429 in
1012 1402 1073 1430 loco
1091 1409 1153 1430 meo
1167 1403 1194 1429 in
1210 1402 1330 1431 ecclesia
1353 1403 1532 1438 permanebo.
1560 1403 1695 1432 Lustralis
1728 1409 1792 1433 ante

161 1458 204 1477 me
223 1458 300 1486 aqua:
321 1452 497 1480 sanctissima
520 1459 587 1479 vasa
605 1451 759 1479 collocabo.
783 1449 913 1477 Sacr-atas
938 1449 1084 1477 columnas
1102 1449 1270 1484 amplectar,
1290 1456 1351 1484 quas
1377 1456 1475 1484 puram
1496 1454 1523 1476 et
1547 1449 1791 1477 incontaminatam

160 1503 175 1522 ει
200 1502 271 1523 terra
295 1505 418 1525 mensam
449 1498 589 1525 sustinent
608 1508 614 1526 :
637 1498 695 1525 illic
719 1505 770 1533 ego
791 1500 820 1524 et
836 1495 940 1524 sedebo
963 1496 1053 1529 vivus,
1075 1500 1102 1523 et
1116 1500 1241 1523 mortuus
1262 1495 1371 1531 iacebo.
1393 1495 1442 1523 Dei
1458 1496 1584 1524 minister
1596 1504 1646 1532 ego
1666 1503 1737 1529 sum,
1758 1503 1791 1523 ac

159 1542 313 1575 sacriﬁcus,
336 1551 367 1570 ac
395 1543 512 1571 fortasse
533 1544 654 1571 animam
673 1543 761 1578 ipsam
790 1542 949 1570 sacriﬁcare
969 1541 1007 1569 illi
1028 1549 1072 1569 me
1083 1541 1222 1569 convenit.
1258 1540 1353 1576 Neque
1368 1549 1433 1569 vero
1462 1549 1537 1569 aram
1562 1542 1636 1569 illam
1658 1542 1789 1569 incruen-

160 1596 214 1618 tam
230 1590 300 1618 Deus
316 1590 467 1618 sacerdotis
480 1598 580 1617 cruore
596 1590 729 1625 pollutam
745 1589 877 1625 negliget.

194 1636 268 1671 βίης
285 1636 445 1671 κράτιστος
463 1637 498 1662 ἐν
510 1636 612 1670 λόγοις
628 1636 676 1663 καὶ
694 1635 875 1671 πράγμασιν,

193 1668 230 1707 Ὦ
244 1668 339 1704 ἐτᾶοῖα,
358 1671 512 1702 Ern/letale.
526 1668 645 1697 παιδεία
663 1668 777 1705 πρέπεῖ
792 1670 841 1704 (8).

1099 1631 1224 1659 Sermone
1239 1636 1348 1665 prwsles
1361 1631 1438 1658 rebus
1451 1636 1476 1658 et
1492 1637 1571 1666 gestu
1586 1633 1691 1665 praem

1105 1667 1188 1699 Quem
1204 1671 1309 1699 cuncta,
1321 1666 1463 1699 Thaletwe,
1476 1666 1598 1701 doctrina
1615 1666 1734 1693 addecet.

783 1746 874 1774 DION.
898 1744 1036 1773 PETAV’II
1053 1744 1170 1772 NOTAs.

192 1805 230 1840 (7)
249 1805 281 1831 '0
292 1805 583 1841 πεπαροιμιᾳσμένος
595 1803 676 1841 βίος.
692 1800 883 1841 Quinmodecx
895 1808 943 1827 ve-

158 1837 208 1868 teri
221 1837 377 1874 germanam
394 1837 537 1866 lectionem
549 1838 684 1874 eruimus.
699 1837 786 1863 Antea
804 1837 876 1863 enim
892 1843 942 1861 πε·-

158 1872 395 1910 παρρησιασμένος
409 1880 551 1909 perperam
567 1872 718 1908 legebatur.

167 1977 693 1994 ﬂ

1032 1799 1070 1832 (8)
1084 1799 1157 1831 Ειης
1167 1798 1335 1832 κράτιστος.
1353 1797 1425 1826 Duos
1442 1799 1503 1826 illos
1523 1805 1584 1826 esse
1601 1798 1725 1826 senarios
1736 1798 1785 1826 de-

1016 1834 1202 1869 rehendimus,
1217 1838 1245 1869 et
1259 1833 1370 1861 aliunde
1386 1834 1440 1861 huc
1454 1834 1586 1867 intrusos,
1602 1832 1739 1869 planeque
1749 1834 1786 1862 ab

1016 1841 1202 1864 renenunnus,
1217 1841 1244 1859 et.
1259 1841 1327 1860 anur

996 1841 1047 1895 Eae
1061 1867 1197 1896 Cutaslasi
1212 1868 1327 1895 alienos.

695 1972 1779 1991 m

328 2068 694 2126 ΣΥΝΕΣΙΟΥ
730 2067 1197 2125 ἙΠΙΣΚΟΠΟΥ
1246 2066 1607 2126 ΚΪῬΗΝΗΣ

787 2177 1144 2222 ΚΑΤΑΣΤΑΣΙΣ.

635 2354 923 2412 SYNESII
962 2354 1303 2414 CYREN/El

714 2472 1124 2520 CONSTITUTIO
1149 2470 1208 2519 (³).

187 2637 254 2668 οὔτε
268 2638 426 2674 φιλοσοφίαν
437 2638 612 2666 ἀπολίτευτον
624 2639 814 2675 προελόμενος,
830 2641 876 2668 καὶ
886 2642 936 2678 τῆς

1023 2644 1113 2681 305.
1134 2645 1202 2674 Cum
1227 2646 1348 2675 studium
1372 2647 1512 2682 sapientia:
1538 2655 1593 2676 non
1616 2648 1734 2677 alienum
1756 2656 1772 2677 a

157 2683 406 2720 φιλανθρωποτάτης
419 2683 568 2720 Θρησκείας
578 2685 726 2721 ἐναγούσης
736 2687 776 2718 είς
785 2684 852 2722 ἦθος
862 2688 934 2723 φιλό-

1012 2690 1062 2717 vili
1085 2692 1294 2720 conversatione
1311 2692 1455 2728 elegerim,
1485 2697 1513 2721 et
1531 2693 1623 2722 cultus
1648 2695 1771 2722 omnium

158 2738 247 2757 κοινον·
261 2730 404 2766 ὑπήκουσά
416 2738 443 2757 τε
451 2730 618 2766 καλούμενος
627 2731 672 2765 ὑφ’
686 2731 774 2766 ὑμῶν,
789 2733 836 2760 καὶ
845 2734 933 2769 χαίρω

1012 2737 1206 2766 umanissimus
1221 2737 1317 2766 invitet
1340 2742 1422 2773 atque
1437 2738 1548 2768 inducat
1563 2739 1597 2767 ad
1613 2748 1704 2768 mores
1726 2747 1773 2768 so-

186 2819 222 2856 (a)
239 2819 301 2847 Sive
317 2818 437 2854 Elogium
459 2819 561 2854 Anysii.
584 2818 648 2848 Fed.
679 2819 790 2849 Morello
824 2821 984 2857 interprete.
