1990 3060
218 140 289 168 15τὸ

218 200 326 227 cietatis
341 202 474 231 amantes,
496 198 625 225 obaudivi
641 202 754 226 vocatus
777 206 792 224 a
805 198 891 230 vobis,
903 202 929 225 et
939 204 1005 232 gau—
1019 200 1040 227 Α

217 245 270 272 deo
288 243 361 279 quod
377 243 519 271 didicerim
533 251 587 278 qua
605 244 640 270 de
654 251 735 271 causa
757 243 838 270 urbes
851 250 1002 270 concurre-

219 291 276 318 rint
294 291 366 316 inter
382 297 422 316 se.
440 288 508 316 Nam
531 296 621 323 opera:
643 289 758 323 pretium
783 288 858 322 ipsas
880 287 1002 314 facturas

218 335 335 371 opinor,
359 335 381 361 si
402 338 428 361 et
453 342 526 361 nunc
548 338 576 361 et
595 334 622 361 in
644 339 782 369 posterunt
804 341 868 368 erga
889 340 938 360 eos
955 333 1001 367 qui

219 382 291 408 ultro
311 379 441 407 beneﬁcia
460 380 487 407 itt
506 380 580 414 ipsas
595 379 779 409 contulerunt,
804 383 887 413 grata:
905 381 933 405 et
948 377 1002 405 sint

217 431 244 453 et
262 425 417 453 videamur.
435 425 619 458 Quamobrem
636 432 796 452 communes
814 423 907 459 populi
920 431 1002 451 voces

219 471 401 506 suscepimus,
417 476 443 498 et
463 471 485 498 si
503 471 638 506 quispiam
656 470 783 506 privatim
799 477 940 498 sermones
953 469 1002 496 ha-

218 517 287 549 buit,
307 524 403 544 omnes
420 518 514 551 utique
534 516 660 544 laudibus
674 517 769 543 extuli.
793 517 939 543 Enimvero
954 523 1004 550 par

217 566 260 590 est
273 570 316 589 me
333 569 395 589 esse
414 570 447 589 ex
466 570 560 590 eorum
576 570 690 590 numero
705 563 751 597 qui
766 562 833 589 bene
847 562 929 589 dictis
943 569 1003 589 eer-

218 611 286 634 tant.
306 606 377 640 Quin
392 607 474 634 etiam
497 607 554 634 haec
569 607 602 634 ad
621 615 665 634 me
684 607 772 642 magis
785 614 867 642 quam
882 606 915 634 ad
934 607 1002 634 alios

217 653 343 683 attinent.
357 660 417 688 qua:
431 653 588 680 communia
607 656 670 680 sunt
683 662 690 679 :
705 657 732 679 et
748 653 864 686 gratiam
881 659 930 686 pro
945 653 1002 679 sin-

217 699 298 733 gulis,
317 706 366 732 pro
383 699 441 725 cive
454 703 480 725 et
498 697 617 729 civitate,
636 697 694 732 ipse
708 705 767 724 meo
783 697 892 724 nomine
904 697 1002 724 debere

218 745 252 771 iis
269 744 315 779 qui
334 744 449 779 benigne
465 744 588 774 fecerint.
614 743 754 771 existimo.
773 743 873 775 Quidni
888 743 960 770 enim
979 743 1001 770 is

217 797 300 824 quem
318 797 367 823 pro
378 789 570 816 conuuunibus
587 788 667 815 bonis
681 795 775 823 preces
791 787 904 815 fundere
921 794 1002 822 opor-

218 840 266 867 tet,
282 835 320 862 illi
337 835 451 870 gratiam
469 834 578 867 debeat,
591 834 636 870 qui
655 834 713 869 ipsa
725 839 782 861 tum
796 834 930 865 exercitu,
944 838 1000 860 tum

217 882 270 908 alia
289 888 353 908 cura
379 888 411 907 ac
435 880 619 908 sollicitudine
643 880 771 908 auxerit?
787 879 838 913 Qui
862 887 927 907 vero
946 887 1001 907 non

219 926 319 960 quovis
336 926 439 953 honore
463 925 597 953 aﬂicerem
622 933 684 953 eum
701 925 745 952 cui
767 931 797 952 ut
813 926 868 952 voti
889 933 1001 960 compos

218 972 302 998 forem
319 971 465 999 sudoribus
479 971 610 1006 perfecit?
630 971 759 1007 Equidem
775 978 790 998 a
806 970 860 998 Deo
882 971 948 1006 petii
972 976 1002 999 ut

219 1017 288 1043 male
308 1016 427 1051 perirent
441 1016 503 1042 ntali
519 1020 545 1043 et
565 1016 728 1044 cxsecrandi
744 1016 865 1043 barbari.
878 1015 935 1044 lloc
952 1024 1001 1044 au-

218 1065 271 1088 tem
290 1062 384 1096 Auysii
407 1069 504 1089 manus
520 1061 566 1089 Dei
590 1062 689 1089 virtute
711 1063 892 1097 perfecerunt.
907 1063 946 1090 Ex
967 1063 1001 1091 iis

217 1111 291 1134 certe
307 1107 458 1141 equitibus,
476 1107 522 1142 qui
535 1115 618 1141 supra
638 1107 712 1135 mille
733 1116 820 1143 nuper
839 1109 1000 1144 impressio-

216 1160 278 1180 nem
298 1152 428 1185 l'ecerant,
456 1162 491 1182 ne
512 1154 637 1189 quintam
661 1154 770 1189 quidem
795 1155 917 1182 relictam
940 1163 1001 1184 esse

217 1202 320 1234 partem
344 1199 420 1226 aittnt
441 1203 495 1225 tam
515 1199 552 1226 illi
575 1199 625 1234 ipsi
644 1199 691 1234 qui
713 1199 857 1228 inferiores
879 1200 998 1234 fuerunt,

216 1251 299 1279 quam
311 1245 358 1280 qui
386 1249 540 1280 prostratos
560 1250 800 1279 enumeraverunt,
816 1250 843 1273 et
855 1246 944 1273 adhuc
956 1254 1001 1273 su-

217 1290 345 1325 perstites
371 1296 456 1317 sunt:
474 1291 555 1324 idque
576 1291 681 1326 peregit
705 1299 759 1318 non
788 1292 893 1326 magnis
913 1293 1000 1328 copiis

216 1334 360 1370 praefectus
384 1340 466 1369 atque
490 1336 666 1363 instructus:
694 1336 793 1371 quippe
818 1336 999 1372 quadraginta

216 1383 322 1407 tantum
338 1380 388 1407 viri
406 1389 467 1408 cum
489 1381 549 1416 ipso
564 1381 673 1408 stabant
690 1382 716 1408 in
735 1381 805 1409 acie.
817 1382 898 1418 Atqui
916 1383 950 1410 de
965 1383 1000 1411 iis

216 1424 338 1460 profecto
353 1426 416 1452 mali
441 1427 507 1453 nihil
523 1426 612 1453 dicam
630 1431 686 1453 tam
702 1426 841 1462 equitibus
854 1435 935 1462 quam
953 1436 999 1463 pe-

215 1467 329 1501 ditibus,
343 1470 443 1504 quibus
457 1470 624 1498 frumentum
637 1471 744 1498 damus.
765 1470 863 1499 Verum
886 1473 930 1500 hic
947 1481 981 1507 pu
991 1488 997 1493 -

216 1517 256 1540 tat
272 1513 492 1550 Unuigardarum
509 1523 591 1551 opera
616 1515 648 1542 ad
664 1516 755 1543 omnia
771 1524 833 1544 esse
852 1517 996 1546 utendum:
1012 1523 1033 1552 ο

216 1558 285 1586 istos
299 1567 374 1593 vero,
401 1567 517 1594 quorutn
539 1560 628 1595 major
646 1566 688 1588 est
708 1568 849 1593 numerus.
876 1570 910 1589 ne
934 1563 1000 1590 alie-

215 1612 313 1632 Iorum
328 1605 438 1641 quidem
453 1613 566 1640 operum
581 1610 749 1640 spectatores
765 1606 884 1634 induxit.
915 1607 1001 1635 Unni-

216 1649 308 1686 gardaa
325 1650 412 1686 ipsius
427 1651 514 1678 solius
533 1650 615 1686 306
631 1650 728 1678 bellica
749 1655 810 1678 acta
836 1655 864 1679 et
884 1653 1000 1680 consilia

217 1696 339 1731 capiunt.
363 1696 462 1724 Eorum
480 1700 523 1724 est
540 1696 738 1732 manipularius
757 1701 784 1725 et
806 1697 928 1725 cohortis
951 1697 1001 1725 du-

216 1744 297 1768 ctor:
317 1741 474 1769 eorumdem
489 1741 641 1769 commilito
655 1746 683 1770 et
698 1742 846 1777 imperator
860 1753 867 1771 :
883 1750 945 1770 eum
958 1743 1000 1770 his

216 1787 337 1815 excurrit
358 1795 407 1822 per
426 1795 566 1823 campum,
590 1795 674 1815 cursu
695 1788 721 1815 in
749 1788 834 1817 armis
863 1788 999 1816 confecto.

215 1832 346 1861 Celeriter
367 1833 469 1868 ubique
488 1833 610 1862 locorum
626 1839 690 1862 est:
714 1834 800 1862 vincit
824 1840 913 1862 autem
931 1842 999 1870 quo-

216 1886 324 1913 cunque
343 1879 471 1907 adfuerit.
500 1879 578 1912 Quod
604 1879 627 1907 si
645 1879 672 1906 hi
696 1879 789 1913 plures
805 1884 908 1911 essent,
935 1884 999 1914 puta

216 1928 314 1959 praeter
332 1932 379 1952 eos
397 1932 466 1959 quos
483 1925 623 1958 habemus,
639 1925 762 1957 ducenti,
781 1925 827 1952 Dei
847 1925 932 1953 fretus
948 1933 1000 1960 ope

216 1969 304 1996 audeo
318 1976 476 1996 asseverare
489 1969 561 1996 hune
579 1969 732 1996 animosum
745 1969 873 2003 juvenem
890 1970 916 1997 in
938 1970 1000 1997 bar-

216 2016 345 2043 barorum
364 2020 464 2042 terram
482 2015 582 2042 bellum
609 2016 799 2050 trajecturum.
823 2015 912 2048 Quare
927 2017 1000 2052 Any-

216 2061 258 2088 sio
273 2061 335 2088 duci
354 2060 488 2089 ducentos
509 2060 681 2096 Unnigardas
703 2069 858 2095 poscemus,
877 2062 900 2089 si
924 2062 1000 2097 cogi.

217 2108 306 2132 temus
319 2108 346 2131 et
359 2105 475 2132 velimus
495 2105 715 2139 consanguineos
731 2113 746 2132 a
762 2105 940 2133 barbarorum
956 2114 998 2133 re-

218 2150 298 2184 gione
318 2157 460 2177 revocare.
482 2149 591 2177 Utinam
610 2158 716 2185 possent
735 2150 827 2178 videre
849 2151 997 2185 spoliarunt

218 2203 343 2223 acervum
367 2201 394 2223 et
416 2197 534 2231 prmdam
557 2197 754 2231 mancipiorum
779 2196 997 2229 barbaricorum,

217 2244 296 2275 atque
311 2248 371 2268 eum
387 2241 433 2275 qui
447 2248 534 2276 nuper
555 2240 684 2267 dominus
698 2246 768 2271 erat,
789 2241 910 2267 vicissim
937 2241 999 2268 aliis

216 2285 399 2313 servientem!
420 2285 481 2312 Haec
493 2285 594 2313 nudius
609 2285 717 2320 quidem
736 2286 834 2312 tertius
851 2290 944 2320 optare
961 2285 1000 2312 fa-

215 2330 267 2357 cile
278 2333 336 2356 erat
352 2338 359 2356 :
375 2337 448 2357 nunc
458 2338 523 2357 vero
535 2330 617 2357 etiam
632 2337 743 2364 sperare
752 2330 845 2357 eadctn
862 2331 998 2365 integrum

214 2379 267 2402 est.
288 2374 354 2401 Nam
371 2382 430 2409 quae
445 2375 532 2402 oculis
543 2375 665 2409 subjecta
684 2375 762 2402 ﬁdem
777 2375 891 2407 faciunt,
902 2383 997 2403 eorum

215 2427 274 2455 qua:
289 2423 481 2452 exspectantur
501 2420 612 2454 pignora
632 2419 702 2446 facta
717 2423 797 2452 sunt;
813 2425 998 2447 verumtamen

214 2464 248 2491 ad
257 2464 314 2492 haec
325 2464 471 2491 obtinenda
487 2465 591 2500 Auysio
601 2465 779 2492 dueentorutn
794 2464 921 2500 praefecto
929 2473 999 2500 opus

214 2514 266 2537 est.
283 2509 331 2537 Hic
346 2509 511 2545 Unnigardis
526 2510 618 2537 utendi
635 2515 662 2537 et
678 2510 795 2537 indolem
814 2510 895 2537 habet
908 2515 935 2538 et
952 2519 998 2537 ar-

216 2559 268 2581 tem
286 2563 292 2581 :
313 2558 340 2581 et
357 2554 428 2581 idem
450 2557 540 2589 potest
563 2555 637 2581 viros
654 2561 807 2586 exarmare,
828 2558 997 2586 excastrare,

215 2604 290 2627 etout
316 2599 391 2626 lubet
414 2607 518 2634 regere.
538 2599 699 2634 Unnigarda}
718 2607 780 2626 cum
807 2601 919 2635 Anysio,
944 2600 999 2628 Ro-

217 2651 304 2670 manae
320 2647 384 2672 sunt
399 2651 508 2677 manus,
525 2643 645 2671 Romana
661 2645 769 2672 militia.
784 2644 844 2673 1am
860 2645 920 2673 sine
934 2645 997 2676 isto,

216 2689 406 2725 quadragenos
420 2691 502 2718 etiam
517 2695 663 2726 praesentes
682 2691 793 2718 laudare
807 2691 917 2726 quidem
936 2699 998 2725 pos-

216 2742 277 2762 sum
295 2735 331 2762 ob
350 2735 432 2763 robur
449 2745 456 2763 :
476 2736 522 2764 sed
540 2744 590 2771 pro
613 2736 734 2772 ipsorum
749 2737 841 2764 animo
864 2737 999 2771 spondere

214 2780 307 2807 nolim.
328 2779 436 2807 Relatio
461 2781 610 2809 adornetur
624 2789 684 2816 quae
709 2782 743 2810 de
759 2781 863 2817 Anysio
879 2785 948 2814 oret,
971 2785 998 2808 et

214 2825 317 2854 milites
329 2829 356 2853 et
368 2827 474 2861 tempus
490 2830 586 2862 poscat
603 2830 716 2856 strenuo
738 2827 804 2855 huic
817 2826 888 2855 viro.
913 2826 995 2864 At_in

1017 862 1039 890 Β

1016 2181 1036 2208 D

782 135 917 165 SYNESII
935 136 1165 164 PTOLEMAIDIS
1187 136 1341 164 El’lSCOPI

1776 135 1792 162 ι
1799 135 1862 162 576

1057 197 1151 231 μαθὼν
1165 198 1208 231 ἐφ’
1222 194 1263 228 οἷς
1273 198 1300 224 αἱ
1310 196 1401 228 πόλεις
1416 196 1679 231 συνδεδραμήκατον.
1698 195 1859 231 Προῦργου

1052 242 1107 276 γὰρ
1123 242 1218 273 αὐταῖς
1237 242 1327 276 οῐομαι
1347 243 1394 268 καὶ
1416 242 1464 267 νῦν
1483 242 1528 268 καὶ
1550 242 1707 277 ἐσύστερον,
1728 242 1761 272 ἐς
1781 242 1859 272 τοὺς

1053 287 1226 322 ὑπάρξαντας
1241 288 1328 323 ἔργων
1340 287 1450 321 ἀγαθῶν
1459 288 1636 323 εὐχαρίστους
1650 288 1697 313 καὶ
1712 286 1785 313 εἶναι
1802 287 1858 314 καὶ

1053 333 1206 366 φαίνεσθαι.
1223 334 1278 365 Τάς
1293 343 1322 360 τε
1339 333 1385 360 οὖν
1401 334 1492 365 κοινὰς
1505 333 1677 368 ὑπεδεξᾶμην
1691 333 1739 359 τοῦ
1755 333 1856 368 δήμου

1054 378 1161 412 φωνὰς,
1188 379 1235 405 καὶ
1250 379 1323 410 ὅστις
1351 379 1403 414 ἰδία
1417 379 1495 412 λόγον
1510 379 1621 410 διέθετο,
1642 379 1748 410 πάντας
1773 378 1855 412 ὁμοῦ

1052 425 1109 455 τοῖς
1125 423 1245 456 ἐπαίνοις
1261 424 1390 459 ἐπῄνεσα.
1413 425 1493 451 Ἀλλὰ
1509 425 1581 459 κάμὲ
1595 425 1636 451 δεῖ
1647 424 1773 457 γενέσθαι
1789 424 1854 450 τῶν

1053 469 1244 503 εὐλογοόντων,
1269 471 1352 505 κάμοὶ
1375 470 1508 505 προσήκει
1540 469 1639 504 μᾶλλον
1657 469 1769 504 ἑτέρων,
1797 469 1853 496 καὶ

1052 515 1087 541 τὰ
1100 515 1187 546 κοινὰ.
1211 517 1256 542 καὶ
1271 516 1321 551 τὴν
1341 517 1410 551 ὑπὲρ
1426 516 1541 542 ἑκάστου
1555 516 1645 550 χάριν,
1662 515 1710 541 καὶ
1723 515 1850 545 ἰδιώτου,

1053 561 1099 586 καὶ
1107 560 1209 592 πόλεως
1218 562 1299 593 αὐτὸς
1312 562 1428 595 ὀφείλειν
1439 563 1493 594 τοῖς
1502 561 1531 589 εὖ
1542 571 1568 588 τι
1584 563 1727 596 ποιήσασιν
1737 562 1848 596 οἴομαι.

1055 606 1103 631 ’ον
1116 606 1169 640 γὰρ
1186 606 1254 642 ὑπὲρ
1267 606 1321 634 τῶν
1337 607 1433 633 κοινῶν
1446 607 1556 641 ἀγαθῶν
1571 607 1700 638 εὔξασθαι
1714 606 1767 638 δεῖ,
1782 606 1850 638 πῶς

1051 651 1102 677 οὐκ
1124 652 1236 686 ὀφλήσει
1261 653 1339 687 χάριν
1362 653 1401 688 τῷ
1424 653 1468 680 διὰ
1481 653 1625 688 στρατείας
1645 652 1715 679 αὐτὰ
1727 653 1774 679 καὶ
1792 653 1849 687 τῆς

1052 697 1134 732 ἄλλης
1152 698 1309 732 ἐπιμελείας
1333 699 1495 733 αὑξήσαντι;
1521 699 1582 730 Πῶς
1602 699 1629 725 δὲ
1643 699 1673 724 οὐ
1690 699 1734 725 διὰ
1751 699 1849 733 πάσης

1052 743 1118 769 οίσω
1127 743 1210 778 τιμῆς
1223 743 1278 774 τὸν,
1291 744 1332 770 ἴνα
1345 744 1417 779 τύχω
1425 744 1475 778 τῆς
1485 744 1576 779 εὐχῆς,
1590 744 1680 779 ἱδρῶτι
1691 744 1792 777 διαπρα
1798 743 1849 775 ξά-

1054 796 1150 822 μενον;
1164 789 1272 819 Κακοὺς
1281 789 1374 820 κακῶς
1385 789 1585 816 ἀπολωλεκέναι
1599 790 1661 820 τοὺς
1671 789 1849 824 καταράτους

1054 833 1216 868 βαρϐάρους,
1234 834 1290 868 ἐγὼ
1305 835 1353 869 μὲν
1369 835 1459 870 ᾔτησα
1470 835 1517 861 τὸν
1529 835 1605 862 Θεόν.
1619 836 1651 860 Αἱ
1669 835 1696 864 δὲ
1717 835 1849 861 ’Δνυσίου

1053 879 1142 914 χεῖρες
1161 879 1232 905 κατὰ
1247 878 1313 905 Θεὸν
1337 879 1537 914 ἐξειργάσαντο.
1560 879 1626 905 Τῶν
1635 879 1666 912 γέ
1680 887 1721 905 τοι
1746 878 1848 913 πρώην

1051 923 1266 959 εἰσϐεϐληκότων
1300 925 1420 955 ἱππέων,
1453 925 1522 960 ὑπὲρ
1552 925 1652 958 χιλίους
1679 925 1765 950 ὀντων
1797 924 1847 950 τὸν

1051 969 1176 1006 ἀριθμὸν,
1199 969 1260 996 οὐδὲ
1283 970 1479 1006 πεμπτημόρια
1493 970 1625 1001 λείπεται,
1650 970 1731 1004 φασὶν
1748 970 1774 995 οί
1794 977 1844 995 πε-

1051 1015 1192 1048 πονθότες,
1215 1016 1293 1042 αὐτοὶ
1309 1013 1382 1042 οὗτοι
1396 1015 1462 1048 ζῶσι
1479 1017 1541 1046 τοὺς
1559 1016 1736 1046 πεπτωκότας
1753 1015 1845 1050 διαρι-

1051 1062 1215 1097 θμήσαντες.
1231 1062 1286 1088 Καὶ
1308 1061 1395 1088 ταῦτα
1411 1062 1442 1088 οὐ
1460 1061 1558 1088 πολλοῦ
1577 1061 1779 1096 στρατεύματος
1798 1060 1846 1092 ἐξ·

1049 1107 1200 1141 ηγουμένου
1227 1106 1387 1140 εἴργασται·
1413 1106 1470 1132 ἀλλ’
1499 1106 1593 1140 ἄνδρες
1613 1105 1687 1140 αὐτῷ
1711 1113 1844 1140 συμπαρ-

1052 1151 1195 1178 ετάττοντο
1203 1151 1418 1186 τεσσαράκοντα.
1427 1149 1513 1184 Κάγὼ
1524 1150 1573 1184 μὲν
1584 1149 1659 1176 οὐδὲν
1676 1149 1730 1183 ὲρῶ
1739 1147 1843 1182 φαῦλον

1050 1195 1091 1229 οἷς
1103 1197 1257 1232 σιτοδοῦμεν
1274 1197 1379 1223 ἱππέων
1394 1205 1424 1222 τε
1439 1197 1486 1222 καὶ
1504 1195 1603 1228 πεζῶν.
1619 1195 1717 1221 οὐτοσὶ
1730 1195 1758 1220 δὲ
1771 1194 1843 1221 Obv-

1051 1242 1190 1277 νιγάρδαις
1203 1243 1258 1268 δεῖν
1275 1242 1361 1268 οίεται
1377 1242 1443 1276 πρὸς
1459 1242 1566 1268 ᾶπαντα
1579 1240 1697 1276 χρῆσθαι
1707 1248 1715 1256 ο
1733 1241 1796 1270 τοὺς
1811 1239 1841 1265 δὲ

1050 1288 1163 1318 πολλοὺς
1182 1287 1303 1318 τούτους,
1317 1287 1377 1313 οὐδὲ
1399 1287 1452 1313 τῶν
1469 1287 1616 1321 ἀλλοτρίων
1632 1286 1719 1321 ἔργων
1734 1285 1841 1319 ἐπηγά-

1050 1341 1114 1366 γετο
1132 1333 1239 1364 θεατάς.
1256 1330 1335 1359 Οὗτοι
1356 1332 1489 1367 χωροῦσιν
1509 1331 1591 1358 αὑτοῦ
1610 1331 1691 1366 μόνου
1705 1330 1739 1357 τὰ
1754 1337 1839 1364 στρα-

1049 1379 1205 1414 τηγήματα.
1228 1378 1337 1405 Τούτων
1360 1379 1419 1404 ἐστὶ
1437 1378 1545 1413 λοχίτης
1558 1378 1605 1405 καὶ
1626 1377 1755 1412 λοχαγός·
1774 1375 1837 1402 τούο

1049 1433 1104 1451 των
1118 1425 1177 1450 ἐστὶ
1190 1424 1392 1460 συστρατιώτης
1407 1425 1454 1450 καὶ
1470 1424 1634 1459 στρατηγός·
1654 1423 1722 1457 μετὰ
1733 1422 1839 1448 τούτων

1049 1471 1140 1506 τρέχει
1165 1470 1210 1496 διὰ
1231 1470 1279 1504 τῆς
1305 1470 1396 1505 χώρας
1424 1469 1522 1504 δρόμον
1549 1468 1669 1495 ἔνοπλον.
1692 1468 1767 1502 Ταχὺ
1787 1467 1839 1502 μὲν

1050 1515 1207 1551 ἁπανταχοῦ
1221 1515 1325 1549 γίνεται
1336 1523 1342 1530 ·
1360 1516 1422 1550 νικᾷ
1438 1515 1466 1541 δὲ
1479 1514 1546 1541 ὃπου
1563 1515 1610 1541 καὶ
1626 1513 1739 1547 γένοιτο.
1758 1511 1838 1540 Οὗτοι

1051 1561 1159 1592 πλείους
1174 1562 1198 1587 εί
1210 1561 1341 1595 γένοιντο,
1359 1560 1426 1596 πρὸς
1441 1557 1482 1591 οἷς
1501 1560 1599 1594 ἔχομεν
1612 1559 1752 1590 διακόσιοι,
1769 1559 1838 1594 μετὰ

1050 1607 1098 1634 τοῦ
1108 1607 1176 1633 Θεοῦ
1185 1607 1293 1642 θαρρῶν
1303 1606 1498 1641 ἀποφαίνομαι,
1510 1606 1616 1632 τουτονὶ
1623 1605 1668 1632 τὸν
1678 1606 1787 1632 νεανίαν
1797 1606 1837 1637 είς

1050 1653 1100 1688 τὴν
1113 1653 1224 1679 ἐκείνων
1233 1652 1402 1680 διαϐιϐάσειν
1413 1652 1460 1679 τὸν
1471 1653 1599 1687 πόλεμον.
1620 1652 1734 1687 ’Δνυσίῳ
1753 1660 1836 1687 στρα-

1050 1698 1127 1733 τηγῷ
1139 1698 1292 1730 διακοσίους
1302 1698 1486 1734 Οὐννιγάρδας
1501 1698 1650 1732 αἰτήσομεν
1668 1698 1691 1723 ει
1705 1697 1837 1732 μέλλομεν

1051 1743 1195 1776 ἐπανάξειν
1204 1744 1258 1771 ἀπὸ
1267 1744 1316 1779 τῆς
1328 1743 1465 1780 βαρϐάρου
1477 1744 1538 1774 τοὺς
1555 1745 1706 1777 συγγενεῖς.
1722 1743 1785 1769 Εἴθε
1796 1751 1838 1777 γε-

1051 1789 1147 1824 νοίμην
1157 1789 1284 1824 λαφύρων
1297 1789 1360 1816 ιδεῖν
1373 1789 1468 1824 νομὴν,
1480 1789 1652 1824 ἀνδραπόδων
1664 1788 1836 1823 βαρϐαρικῶν

1050 1834 1096 1860 τὸν
1117 1833 1185 1864 τέως
1211 1834 1343 1868 δεσπότην
1364 1832 1581 1860 ἁντιδουλεύοντα
1602 1833 1608 1858 l
1625 1832 1716 1858 Ταῦτα
1742 1832 1837 1867 πρώην

1052 1880 1100 1913 μὲν
1121 1878 1250 1911 εὔξασθαι
1266 1879 1330 1914 ῥᾷον
1348 1876 1398 1913 ἦν·
1415 1878 1462 1904 νῦν
1483 1878 1511 1904 δὲ
1529 1878 1602 1904 ἐστιν
1618 1877 1686 1904 αὐτὰ
1703 1878 1749 1904 καὶ
1763 1877 1835 1903 ἑλπί-

1051 1933 1106 1951 σαι.
1120 1925 1160 1951 Τὰ
1173 1925 1226 1960 γὰρ
1237 1925 1265 1951 ὲν
1279 1925 1426 1959 ὀφθαλμοῖς
1437 1924 1530 1956 πιστὰ,
1540 1924 1594 1950 τῶν
1607 1923 1836 1958 προσδοκωμένων

1050 1970 1166 2005 ἐνέχυρα
1192 1970 1298 2004 γέγονε.
1316 1970 1387 2005 Πρὸς
1409 1967 1455 1996 οὖν
1478 1969 1564 1996 ταῦτα
1586 1969 1708 1995 Ἀνυσίου
1729 1969 1769 1994 δεῖ
1784 1969 1838 2008 τῶν

1049 2015 1192 2042 διακοσίων
1205 2015 1368 2050 ⁴ἡγουμένου.
1383 2012 1467 2046 Οὗτος
1482 2014 1676 2049 Οὺννιγάρδαις
1687 2014 1835 2049 κεχρῆσθαι

1051 2062 1097 2088 καὶ
1123 2061 1203 2096 φύσιν
1227 2061 1347 2096 ἔχεικαὶ
1372 2062 1480 2096 τέχνην.
1508 2061 1624 2087 Δύναται
1650 2062 1713 2092 τοὺς
1739 2061 1836 2096 ἄνδρας

1049 2105 1237 2139 ἐξοπλίζεσθαι
1249 2106 1297 2132 καὶ
1312 2105 1558 2141 μεταχειρίζεσθαι.
1573 2106 1751 2141 υὺννιγάρδαι
1768 2107 1836 2140 μετὰ

1058 2151 1177 2179 Ἀνυσίου
1198 2150 1350 2186 Ῥωμαϊκαὶ
1377 2151 1468 2186 χεῖρές
1493 2152 1572 2177 εἰσιν.
1599 2152 1678 2178 ’Ἄνευ
1700 2152 1728 2178 δὲ
1742 2152 1834 2178 τούτου

1051 2195 1173 2226 καὶτοὺς
1196 2196 1401 2231 τεσσαράκοντα
1415 2197 1477 2227 τοὺς
1502 2196 1636 2231 παρόντας
1652 2197 1773 2222 ἐπαινεῖν
1788 2197 1836 2231 μὲν

1050 2240 1104 2275 ἔχω
1115 2241 1165 2275 τῆς
1180 2240 1286 2275 ῥώμης,
1300 2240 1486 2275 ἐγγυήσασθαι
1500 2240 1529 2266 δὲ
1541 2240 1590 2274 τῆς
1607 2240 1720 2275 γνώμης
1732 2241 1763 2266 οὐ
1776 2240 1836 2274 βού-

1050 2286 1140 2320 λομαι.
1183 2285 1320 2321 Ἀναφορὰ
1355 2285 1504 2312 στελλέσθω
1544 2286 1608 2320 περὶ
1638 2285 1734 2311 τούτου
1771 2294 1836 2320 πρε-

1050 2331 1200 2362 σϐεύουσα,
1219 2330 1388 2365 στρατιώτας
1404 2331 1452 2358 καὶ
1475 2331 1569 2366 χρόνον
1594 2331 1707 2357 αἰτοῦσα
1722 2331 1761 2366 τῷ
1774 2340 1834 2364 γεν-

1049 2376 1126 2411 ναίῳ.
1149 2376 1204 2402 Καὶ
1233 2375 1306 2402 τᾶλλ’
1332 2377 1423 2407 ὁποῖος
1448 2376 1536 2411 ἀνήρ;
1561 2376 1606 2402 τὸν
1620 2377 1666 2402 ἐπὶ
1682 2377 1793 2411 εἰρήνης
1807 2376 1834 2402 δὲ

1049 2422 1176 2456 πόλεμον,
1199 2422 1244 2447 τὸν
1264 2421 1361 2456 μικροῦ
1384 2421 1429 2447 τοῦ
1456 2421 1621 2456 βαρϐαρικοῦ
1636 2421 1832 2457 χαλεπώτερον,

1048 2467 1094 2494 τὸν
1121 2468 1153 2494 ὲκ
1181 2466 1231 2502 τῆς
1262 2467 1460 2502 στρατιωτικῆς
1490 2467 1603 2499 ἀταξίας
1631 2468 1678 2493 καὶ
1703 2468 1753 2501 τῆς
1781 2468 1833 2494 τῶν

1048 2511 1202 2546 ταξιάρχων
1227 2510 1393 2544 πλεονεξίας,
1417 2511 1466 2546 οὐχ
1486 2507 1563 2542 οὗτος
1585 2512 1599 2537 ό
1621 2512 1728 2542 παύσας
1745 2512 1831 2543 ten-iv;

1055 2557 1112 2590 Ἐφ’
1131 2554 1162 2582 οὒ
1178 2556 1259 2590 μόνου
1284 2564 1316 2589 γε
1328 2556 1383 2582 τῶν
1408 2556 1512 2583 πολλῶν
1538 2556 1699 2591 στρατηγῶν
1730 2557 1832 2592 ἰδιώτης

1048 2602 1222 2637 ἠδικημένος,
1251 2601 1342 2635 μεῖζον
1363 2601 1529 2636 στρατιώτου
1549 2602 1707 2635 φθέγγεται.
1725 2603 1792 2628 Τίνα
1806 2603 1831 2628 δὲ

1049 2645 1137 2678 ἔξεστι
1163 2646 1255 2673 καλεῖν
1279 2646 1465 2681 ἀδωρότατονς
1483 2647 1520 2673 Οὺ
1535 2647 1580 2673 τὸν
1596 2647 1772 2682 ὑπερορῶντα
1791 2649 1832 2674 καὶ

1048 2691 1101 2718 τῶν
1117 2691 1170 2719 ἀπὸ
1186 2691 1233 2718 τοῦ
1247 2692 1330 2727 νόμου
1353 2692 1473 2727 κερδῶν;
1491 2692 1521 2718 '0
1547 2692 1675 2727 θεοσεϐὴς
1691 2693 1719 2719 δὲ
1739 2693 1779 2724 τίς
1802 2694 1832 2720 ἄν

1048 2737 1152 2770 γένοιτο
1178 2736 1294 2772 μᾶλλον,
1317 2737 1335 2772 ῆ
1354 2737 1427 2769 ὅστις
1443 2738 1562 2769 ἅπαντος
1589 2737 1670 2773 ἔργον
1688 2739 1735 2764 καὶ
1758 2738 1831 2771 λόγου

1049 2780 1141 2808 θεόθεν
1153 2782 1293 2817 ’ἀρχεταις
1317 2782 1375 2810 ἀνθ’
1399 2779 1436 2809 ὧν
1465 2782 1592 2809 ἁπάντων
1611 2782 1698 2814 ἔξεστι
1720 2783 1753 2818 δὴ
1769 2785 1831 2809 πᾶσι

1048 2825 1164 2857 κάνθάδε
1187 2827 1387 2864 προσεύξασθαι
1413 2827 1501 2863 γῆρας
1518 2827 1591 2863 αὐτῷ
1609 2828 1677 2863 βαθὺ
1691 2828 1740 2856 καὶ
1755 2828 1831 2856 λιπα-
