1990 3060
171 155 239 182 1577
720 157 764 184 ΒΕ
784 157 874 184 DONO
890 157 962 185 ASTl

1013 158 1099 186 LABIl
1119 160 1246 189 SERMO‘.
1697 199 1699 202 γ
1722 163 1791 191 1578

171 211 219 248 ρδν
243 211 426 247 παραμένειν,
450 212 505 243 τοῖς
524 211 657 246 ἐνιαυτοῖς
681 215 885 251 συμπροῖούσης
907 217 956 252 τῆς

1013 217 1112 244 :teteris
1129 217 1236 252 qualem
1251 225 1282 246 se
1298 219 1432 254 praebuit?
1455 220 1558 249 Bellum
1576 221 1652 257 pacis
1672 225 1794 256 tempore

170 257 281 293 ἀρετῆς.
1010 268 1146 294 exortum.
1161 267 1189 290 et
1202 264 1254 291 hoc
1269 265 1414 294 barbarico
1431 268 1511 302 paulo
1535 267 1677 296 molestius
1695 276 1728 296 ex
1743 271 1794 296 mi-

172 307 251 334 litum
275 307 413 334 incondita
434 307 659 340 tumultuatione,
681 307 806 341 deliciis,
841 313 923 343 alque
952 311 1067 338 avaritia
1089 312 1289 348 insolentiaqtie
1316 315 1416 342 ducum
1441 317 1603 349 excitatum,
1635 326 1725 345 nonne
1748 319 1794 346 hic

171 355 214 379 est
237 352 283 386 qui
302 353 471 387 compescuit
493 357 520 380 et
538 353 695 387 oppressit?
722 353 779 380 Suh
802 361 857 388 quo
877 355 937 382 solo
952 363 967 382 e
988 357 1082 384 multis
1104 357 1233 392 ducibus,
1259 360 1382 394 privatus
1407 361 1506 395 injuria
1529 362 1642 389 affectus
1679 362 1793 390 liberius

170 403 199 425 ct
225 399 307 426 altius
335 399 447 430 clamat,
473 407 555 434 quam
575 400 676 427 miles?
699 400 785 432 Quem
813 408 895 435 porro
929 402 992 429 licet
1012 403 1131 431 alienum
1150 412 1165 430 a
1183 405 1345 433 muneribus
1358 407 1537 441 accipiendis.
1559 413 1584 435 et
1600 408 1793 435 abhorrentem

172 444 254 474 dona.
267 444 382 471 vocare?
392 443 488 472 Nonne
505 452 567 472 eum
583 445 628 479 qui
643 445 760 480 despicit
781 447 863 472 etiam
886 447 962 473 lucra
981 456 1041 482 quae
1054 450 1112 484 lege
1129 451 1297 478 ohveniunt?
1309 451 1475 486 Religiosior
1490 460 1554 480 vero
1585 454 1712 488 quisnam
1746 459 1794 487 po-

171 491 226 518 tius
239 490 309 518 foret
326 499 407 526 quam
436 492 459 519 is
475 493 522 527 qui
541 493 632 519 omnia
654 492 724 520 facta
738 497 766 520 et
781 493 855 520 dicta
874 501 888 520 a
915 493 969 522 Deo
987 496 1117 524 orditur?
1148 497 1201 525 Pro
1225 498 1269 526 his
1293 504 1366 527 certe
1391 500 1521 527 omnibus
1544 500 1584 526 fas
1616 504 1658 527 est
1680 502 1794 526 cunctos

170 536 322 564 etiamnum
332 537 416 565 Deum
427 539 544 573 precari,
556 542 585 565 ut
600 545 728 568 senectus
745 540 833 574 ipsum
848 545 978 575 provecta
997 547 1023 569 et
1046 544 1142 572 viridis
1159 549 1276 578 maneat,
1294 546 1356 580 ejus
1370 546 1470 573 virtute
1504 546 1586 574 simul
1617 553 1680 572 cum
1714 545 1794 572 annis

171 589 346 617 progressum
359 583 485 612 faciente.

181 686 1777 712 mm

455 773 820 831 ΣΥΝΕΣΙΟΥ
865 775 1016 832 ΤΟΥ
1074 776 1515 834 ΚΥΡΗΝΑΙοΥ

855 882 944 908 ΠΡΟΣ
959 882 1125 909 ΠΑΙΟΝΙΟΝ

615 960 713 987 ΥΠΕΡ
731 961 795 987 ΤΟΥ
807 960 928 987 ΔΩΡΟΥ
945 961 1347 988 ΑΣΤΡΟΛΔΒΙΟΥΛΟΓΟΣ.

637 1123 922 1182 SYNESII
992 1124 1335 1181 CYRENAEI

881 1242 922 1263 AD
942 1240 1089 1264 PEONIUM

665 1314 794 1345 SERMO
815 1314 864 1344 DE
885 1315 986 1345 DONO
1007 1314 1236 1345 ASTROLABII

224 1471 335 1500 Δκούων
353 1480 400 1499 σου
413 1472 506 1508 πρώην
521 1471 591 1507 ὑπὲρ
605 1471 762 1506 φιλοσοφίας
779 1471 962 1505 ἀγανακτοῦν-

1050 1471 1130 1507 307
1147 1471 1215 1499 Cum
1227 1479 1282 1498 non
1297 1470 1334 1498 ita
1347 1469 1451 1506 pridem
1468 1474 1496 1498 te
1516 1470 1696 1506 philosophiae
1711 1471 1799 1498 vicem

172 1527 229 1550 τος,
246 1519 270 1545 εἰ
287 1518 370 1553 μηδὲν
386 1517 462 1544 ἔσται
489 1516 575 1551 πέρας
591 1516 743 1552 ἀνθρώποις
760 1517 809 1551 τῆς
822 1518 862 1549 εἰς
876 1517 959 1552 αὐτὴν

1013 1518 1132 1552 graviter
1151 1517 1232 1549 ferre,
1253 1521 1282 1544 et
1306 1517 1437 1552 conqueri
1462 1517 1596 1550 audirem,
1619 1517 1690 1552 quod
1716 1517 1798 1545 ﬁnem

170 1565 311 1598 ἀσεϐείας,
329 1564 375 1590 καὶ
388 1563 446 1599 ἅμα
469 1564 510 1590 ὅτι
526 1563 632 1599 χαλεπῇ
646 1563 734 1598 χρῷτο
750 1562 819 1599 τύχῃ
839 1563 885 1589 καὶ
900 1562 960 1589 λίαν

1013 1563 1116 1590 nullum
1133 1567 1180 1590 aut
1192 1563 1302 1590 modum
1317 1562 1441 1590 facerent
1455 1562 1580 1591 homines
1595 1563 1678 1598 impie
1689 1571 1719 1591 se
1732 1571 1798 1598 erga

174 1609 328 1644 ἀγνώμονι,
351 1609 384 1645 ἣν
407 1611 431 1635 οἱ
456 1609 504 1644 μὲν
528 1608 769 1643 προσποιούμενοι,
793 1608 837 1634 διὰ
862 1609 961 1644 συχνῆς

173 1655 315 1691 τερατείας
341 1654 526 1689 εὐδοκιμοῦσιν
548 1654 625 1689 παρά
649 1662 678 1680 τε
694 1654 837 1685 δυνάσταις
861 1655 908 1680 καὶ
932 1654 960 1680 ἐν

174 1701 230 1731 τοῖς
244 1699 388 1735 πλήθεσιν·
404 1700 427 1726 οἱ
439 1699 468 1726 δὲ
483 1699 660 1734 ἀληθεύοντες
671 1699 857 1730 ἀπιστοῦνται,
873 1699 920 1725 καὶ
933 1699 961 1725 ὲν

174 1746 266 1781 Καρὸς
280 1746 361 1781 μοίρᾳ
375 1745 519 1780 τιμῶνται,
534 1745 583 1779 τῆς
600 1745 648 1779 μὲν
660 1744 748 1779 ὁρμῆς
761 1745 872 1778 ἠγάμην
884 1752 890 1758 ·
907 1744 961 1770 ἀπὸ

176 1792 231 1827 γὰρ
251 1792 321 1818 πάνυ
338 1791 463 1825 γενναίας
476 1791 597 1825 προῆκτο
613 1790 731 1825 φύσεωςε
748 1790 776 1816 οὐ
794 1789 846 1825 μὴν
858 1790 960 1823 ἀγανα-

175 1839 248 1864 κτεῖν
262 1845 322 1863 τινα
335 1837 425 1872 οἴομαι
438 1836 501 1868 δεῖν,
516 1837 579 1863 ὅταν
591 1836 620 1862 τὸ
636 1835 706 1862 κατὰ
720 1835 797 1867 λόγον
814 1834 959 1870 συμϐαίνῃ.

175 1882 293 1916 Εΰλογον
318 1882 346 1908 δὲ
372 1883 458 1917 δήπου
481 1882 628 1916 τυγχάνειν
655 1881 780 1913 ἕκαστον,
807 1877 843 1907 ῶν
870 1881 961 1914 τυχεῖν

175 1928 354 1959 ἐσπούδακεν,
376 1927 422 1953 καὶ
443 1927 507 1964 περὶ
521 1927 539 1953 ἃ
556 1926 814 1961 πεπραγμάτευται·
835 1925 882 1952 καὶ
895 1926 962 1952 ἀπο-

176 1974 319 2009 τυγχάνειν
341 1971 373 1999 αὖ
391 1972 472 1999 πάλιν
489 1972 610 2004 ἐκείνων,
628 1969 665 1998 ὦν
680 1971 741 1998 οὔτε
764 1971 872 2007 ὠρέχθη
886 1970 960 2004 ποτὲ,

175 2018 240 2046 οὔτε
260 2017 417 2054 ἐπεμελήθη
431 2019 504 2049 ὅπως
519 2017 551 2045 ἂν
566 2017 640 2052 αὐτῷ
655 2017 844 2053 παραγένοιτο.
860 2016 890 2042 El
906 2016 961 2042 τοί-

176 2075 223 2094 νυν
236 2067 250 2093 ὸ
265 2067 314 2102 μὲν
327 2067 484 2102 ἐφρόντισεν
498 2065 545 2092 τοῦ
560 2065 685 2100 γενέσθαι
705 2066 795 2100 σοφὸς,
811 2066 824 2092 ὁ
839 2065 867 2092 δὲ
883 2066 962 2100 μόνον

175 2112 223 2139 τοῦ
237 2112 320 2144 δόξαι,
335 2111 464 2148 ἑκάτερος
478 2112 507 2138 τὸ
520 2111 658 2147 προσῆκον
670 2110 785 2146 ἔχουσιν,
798 2111 811 2137 ὁ
822 2112 871 2146 μὲν
886 2111 933 2142 ὢν,
947 2112 962 2137 ὁ

175 2158 204 2185 δὲ
219 2157 287 2185 εἶναι
301 2157 395 2184 δοκῶν.
415 2157 448 2184 Ἢ
464 2157 538 2184 δεινά
553 2159 577 2192 γ’
592 2156 625 2183 ἂν
639 2156 750 2183 πάθοιεν
766 2157 812 2183 καὶ
827 2156 960 2184 δικαιότε-

176 2211 224 2239 ρον
245 2203 432 2238 ἀγανακτοῖεν,
453 2202 477 2228 ot
492 2201 539 2228 διὰ
553 2202 602 2236 τῆς
616 2201 666 2228 οὐκ
680 2200 773 2236 οὖσης,
787 2201 853 2227 ἀλλὰ
868 2209 962 2236 φαινο-

179 2247 263 2283 μένης
287 2247 460 2282 φιλοσοφίας,
487 2246 566 2279 δόξαν
590 2245 760 2281 θηρώμενοι,
789 2245 812 2271 εί
831 2246 887 2276 τοῖς
914 2245 963 2280 μὲν

178 2293 306 2328 ἑκάτερον
317 2292 432 2328 ὑπάρξει
449 2291 563 2326 θατέρου
576 2291 759 2326 φροντίσασιν,
773 2290 846 2324 σφίσι
857 2290 885 2316 δὲ
896 2290 963 2325 μηδ-

178 2338 280 2373 έτερον,
300 2337 394 2364 Καίτοι
420 2337 450 2362 τὸ
470 2338 568 2372 ῥᾷστον
592 2336 622 2362 οὐ
650 2336 684 2362 δι’
705 2335 845 2367 ἐλάττονος
867 2336 964 2370 ἐπιμε-

179 2381 253 2412 λείας
277 2380 530 2416 ὲπιτετηδεύκασιν,
556 2379 696 2414 ἀπατῆσαι
710 2379 772 2410 τοὺς
787 2379 837 2405 οὐκ
858 2379 964 2410 εἰδότας

180 2427 245 2462 περὶ
260 2423 297 2452 ῶν
310 2425 477 2452 ἀπατῶνται.
498 2422 576 2451 Οὗτοι
593 2425 641 2460 μὲν
662 2422 707 2451 οὖν
723 2425 807 2450 ἔστων
828 2424 962 2459 λαμπροὶ,

180 2473 228 2499 καὶ
244 2473 299 2503 τοῖς
315 2471 438 2507 θεάτροις
458 2470 674 2505 στεφανούσθων,
697 2471 721 2496 εἰ
743 2470 891 2505 βούλονται.
909 2470 964 2505 Τῆς

180 2517 235 2553 γὰρ
261 2517 390 2552 ἀληθείας
417 2517 686 2552 παραχωρήσαντες,
711 2515 842 2550 ὀνόματος
874 2516 963 2550 ἡμφια

182 2564 330 2599 σὸήτησαν.
353 2563 432 2598 Ἢμῖν
452 2563 480 2589 δὲ
504 2561 743 2596 ὁλιγωρουμένοις-
769 2561 861 2596 ἐπειδὴ
881 2561 913 2588 σύ
932 2570 965 2597 με

182 2609 271 2644 βούλει
287 2609 341 2640 τοῖς
364 2610 395 2635 ὲκ
410 2607 456 2634 τοῦ
480 2607 592 2634 σπανίου
609 2607 705 2641 γένους
718 2606 902 2641 συναριθμεῖν,
919 2607 966 2634 καὶ

180 2656 231 2690 οὐχ
253 2654 352 2689 ἥκιστα
371 2654 404 2681 δι’
427 2653 477 2688 ὲμὲ
492 2653 541 2688 τὴν
552 2652 711 2687 φιλοσοφίας
723 2652 808 2687 τύχην
820 2652 965 2687 ἐδυσχέρα-

183 2711 246 2734 νας·
271 2703 335 2737 ἡμῖν
361 2698 404 2726 οὖν
429 2699 624 2735 ἀμελουμένοις
651 2697 703 2724 ὑπὸ
733 2697 786 2724 τῶν
814 2697 966 2732 ἀνθρώπων

182 2747 338 2783 ἀγαπητέον
353 2745 401 2781 τὴν
416 2745 504 2778 τάξιν,
515 2746 554 2776 εἰς
567 2744 600 2779 ἣν
612 2744 656 2778 ὑφ’
670 2743 773 2770 ἑαυτῶν
792 2743 946 2779 ἐτάχθημεν
957 2752 964 2759 ·

217 2850 258 2886 (Ι)
277 2851 428 2883 lnterprete
442 2847 506 2874 Fed.
526 2846 648 2874 Morello.

285 2898 421 2925 Ριτιιοι.
442 2895 500 2926 Gn.
527 2894 635 2925 LXVI.

1011 1616 1070 1636 eam
1085 1609 1197 1644 gerendi
1215 1619 1221 1636 :
1237 1612 1295 1636 tum
1311 1608 1382 1643 quod
1399 1613 1454 1635 tam
1479 1608 1552 1635 tristi
1569 1612 1596 1635 et
1614 1607 1719 1635 difﬁcili
1739 1608 1798 1636 for-

1012 1658 1078 1681 tuna
1091 1658 1225 1687 uteretur,
1242 1658 1352 1689 tamque
1376 1653 1471 1688 iniqua
1488 1658 1569 1689 atque
1586 1654 1692 1689 ingrata
1710 1663 1717 1680 :
1733 1661 1797 1680 cum

1009 1700 1058 1734 qui
1084 1700 1154 1727 hanc
1170 1700 1324 1727 simulatam
1347 1699 1487 1732 aﬁ‘ectant,
1501 1700 1537 1727 ob
1552 1700 1666 1728 crebras
1689 1700 1798 1735 praesti-

1012 1745 1081 1779 gias,
1107 1745 1280 1773 celebrentur
1304 1746 1451 1781 magnique
1476 1745 1552 1778 ﬁant,
1572 1750 1626 1772 tam
1648 1746 1721 1781 apud
1739 1753 1800 1780 pro-

1012 1797 1088 1817 ceres
1118 1797 1150 1816 ac
1183 1794 1327 1824 potentes,
1358 1798 1440 1825 quam
1472 1791 1500 1817 in
1535 1791 1653 1826 populo;
1685 1790 1733 1818 sed
1763 1790 1799 1817 iis

1012 1835 1059 1870 qui
1085 1843 1148 1862 vere
1173 1843 1231 1862 eam
1257 1835 1445 1870 proﬁteantur,
1465 1835 1530 1863 ﬁdes
1558 1843 1612 1862 non
1627 1835 1798 1869 adhibeatur,

1013 1888 1063 1908 nec
1093 1881 1179 1915 pluris
1211 1888 1292 1916 quam
1318 1881 1402 1909 Cares
1425 1882 1593 1908 restituentur
1618 1890 1624 1908 :
1650 1881 1800 1908 admiratus

1013 1935 1074 1954 sum
1085 1926 1148 1961 jure
1163 1927 1245 1954 istum
1260 1927 1343 1953 animi
1360 1927 1400 1953 tui
1425 1927 1571 1961 impetum;
1585 1926 1609 1953 is
1620 1927 1692 1953 enim
1708 1929 1799 1954 motus

1013 1980 1027 1999 a
1047 1979 1180 2007 generosa
1204 1972 1283 2007 plane
1305 1976 1402 1999 natura
1431 1970 1490 1998 fuit.
1519 1970 1710 1998 Verumtamen
1736 1979 1799 1998 suc-

1013 2024 1126 2045 censere
1141 2025 1308 2052 qucmquam
1325 2021 1452 2052 oportere
1466 2025 1518 2044 non
1532 2016 1672 2048 existimo,
1684 2017 1708 2044 si
1720 2016 1797 2051 quid.

1013 2067 1043 2089 ut
1058 2063 1128 2089 ratio
1146 2062 1208 2094 l'ert,
1224 2061 1343 2089 eveniat.
1357 2061 1416 2089 lam
1432 2069 1497 2088 vero
1524 2061 1625 2089 rationi
1651 2067 1800 2089 consenta-

1014 2115 1095 2135 neum
1113 2111 1155 2136 est
1172 2115 1395 2142 unumquemque
1416 2114 1448 2135 ea
1466 2107 1597 2142 consequi
1622 2115 1683 2142 quae
1698 2111 1727 2134 ut
1749 2108 1799 2135 ob-

1014 2154 1114 2181 tineret
1142 2153 1302 2186 elaboravit,
1321 2157 1348 2180 et
1369 2153 1396 2180 in
1426 2153 1527 2187 quibus
1553 2158 1703 2189 occupatus
1721 2153 1797 2181 fuit:

1014 2205 1041 2228 et
1054 2205 1150 2227 contra
1165 2206 1218 2226 non
1232 2199 1340 2234 assequi
1360 2206 1392 2226 ea
1404 2207 1464 2234 qua:
1489 2206 1577 2234 neque
1603 2199 1733 2234 appetivit
1747 2207 1800 2226 un-

1014 2253 1106 2280 quam,
1123 2252 1222 2280 neque,
1239 2249 1270 2271 ut
1285 2243 1338 2271 sibi
1355 2244 1494 2276 adessent,
1506 2250 1580 2270 cura:
1595 2243 1700 2270 habuit.
1723 2243 1801 2276 Quo-

1015 2292 1088 2319 niam
1105 2299 1170 2326 ergo
1193 2291 1263 2318 alius
1290 2290 1341 2317 hoc
1368 2289 1473 2318 studuit
1502 2289 1612 2324 egitque
1630 2292 1660 2315 ut
1689 2289 1801 2323 sapiens

1014 2341 1099 2369 esset,
1115 2337 1185 2364 alius
1201 2341 1289 2363 autem
1309 2339 1338 2362 ut
1354 2335 1377 2363 is
1394 2335 1532 2362 videretur
1547 2338 1671 2368 tantum;
1686 2338 1801 2369 uterque

1014 2387 1089 2410 certe
1105 2382 1131 2409 id
1148 2381 1231 2408 habet
1245 2381 1317 2416 quod
1337 2381 1362 2408 ei
1378 2380 1527 2415 competit;
1546 2387 1608 2407 cum
1624 2379 1669 2406 hic
1690 2380 1799 2415 quidem

1014 2436 1045 2456 re
1061 2436 1124 2456 vera
1140 2432 1191 2461 est,
1205 2428 1250 2454 ille
1267 2427 1375 2454 videtur
1390 2435 1459 2454 esse.
1477 2426 1578 2459 Quidni
1600 2434 1666 2454 vero
1682 2427 1720 2454 illi
1739 2435 1802 2462 gra-

1014 2475 1076 2502 vius
1090 2474 1285 2509 ailligerentur,
1301 2473 1438 2508 etjustius
1467 2472 1686 2508 indignarentur,
1705 2473 1752 2507 qui
1767 2480 1799 2499 ex

1015 2527 1048 2547 ea
1063 2527 1124 2554 quae
1137 2527 1232 2554 reapse
1248 2526 1302 2546 non
1314 2522 1357 2546 est
1372 2517 1556 2553 philosophia,
1573 2517 1620 2545 sed
1636 2517 1696 2552 ejus
1710 2517 1798 2544 solum

1016 2564 1135 2599 speciem
1153 2572 1208 2599 pne
1232 2571 1262 2592 se
1291 2563 1361 2594 fert,
1383 2562 1497 2598 gloriam
1528 2566 1711 2596 aucupantur,
1726 2563 1748 2589 si
1766 2562 1799 2590 iis

1015 2609 1126 2645 quidem
1142 2614 1287 2642 utrumque
1315 2609 1453 2642 suppetat,
1466 2605 1513 2640 qui
1530 2605 1564 2632 dc
1587 2605 1673 2631 altero
1693 2609 1799 2631 tantum

1017 2654 1126 2682 solliciti
1144 2653 1256 2680 fuerunt
1267 2658 1284 2679 ':
1300 2651 1367 2686 ipsis
1384 2655 1476 2678 autem
1492 2654 1618 2678 neutrum
1633 2649 1800 2677 succurrat?

1017 2705 1108 2728 tamen
1120 2700 1171 2727 etsi
1187 2700 1210 2727 ei
1226 2698 1299 2734 quod
1316 2697 1476 2725 facillimum
1492 2700 1533 2724 est
1548 2703 1603 2723 non
1618 2695 1723 2722 minore
1734 2702 1800 2731 cura

1017 2744 1184 2777 studuerint,
1202 2749 1282 2779 atque
1297 2741 1482 2774 incubuerint,
1501 2747 1597 2775 nempe
1617 2744 1647 2767 ut
1663 2734 1801 2775 decipiant

1605 2885 1641 2916 50
