1990 3060
219 145 224 150 ’
236 141 307 170 1579

763 145 896 175 SYNESII
923 147 1154 177 RTOLEMAIDIS
1178 149 1333 179 EPISCOPI

1803 157 1882 186 1580

235 206 284 226 eos
310 199 357 234 qui
376 206 408 228 ea
424 207 479 227 non
494 205 596 227 norunt
612 201 640 227 in
664 200 764 236 quibus
787 204 971 239 accipiuntur.
992 206 998 232 l

1050 211 1061 240 ι
1076 207 1122 234 καὶ
1137 207 1168 234 οὐ
1188 207 1332 243 ζηλωτέον,
1346 210 1406 237 οὐδὲ
1421 212 1604 248 μακαριστέον
1615 213 1678 246 τοὺς
1701 215 1880 250 ήμιπαιδεύ-

234 245 318 278 igitur
331 244 466 279 splendidi
478 250 506 272 et
529 246 652 274 illustres
671 254 737 274 sane
751 254 844 281 sunto,
862 254 889 276 et
905 250 931 277 in
943 251 1021 278 thea-

234 290 285 318 tris
311 294 497 323 coronentur,
512 291 536 318 si
559 291 653 318 lubet:
674 299 690 318 a
714 293 828 320 veritate
855 295 927 321 enim
955 303 1019 323 cum

232 335 404 368 deﬂexerint,
422 336 456 364 de
478 337 589 364 nomine
617 338 833 366 controversiam
864 347 1019 370 moverunt.

230 381 316 408 Nobis
331 389 396 409 vero
415 382 463 417 qui
488 383 656 418 despicinmr
669 385 903 419 (quandoquidem
924 391 952 414 tu
975 396 1019 416 me

230 429 271 455 vis
287 428 321 456 iis
342 429 389 463 qui
412 437 426 455 e
447 429 552 456 rariore
569 438 668 464 genere
692 435 757 457 sunt
783 438 978 467 annumerare,
990 438 1017 462 et

228 474 311 509 308
322 479 432 510 propter
445 483 487 503 me
503 476 673 510 potissimum
699 476 732 503 de
745 481 819 504 sorte
837 478 1018 514 philosophiae

1070 260 1133 284 τους
1147 253 1267 286 τούτους,
1284 255 1349 281 ὅταν
1374 256 1427 283 ὑπὸ
1447 257 1502 283 τῶν
1528 259 1668 291 παντελῶς
1692 259 1879 287 ἀπαιδεύτων

1072 299 1204 335 μετέωροι
1224 301 1360 336 φέρονται.
1386 302 1455 330 Οὔτε
1472 303 1527 339 γὰρ
1548 305 1615 340 όρᾷν
1628 305 1719 341 ψυχῆς
1740 307 1877 333 ἐκκεκα-

1070 343 1208 379 θαρμένης
1222 346 1317 378 κάλλος
1338 348 1362 373 οἱ
1379 347 1416 383 μὴ
1432 349 1547 385 καθαροὶ
1564 350 1688 378 δυνατοί·
1705 352 1754 378 καὶ
1771 352 1804 378 τὸ
1823 361 1876 387 κη-

1070 390 1177 425 ρύττειν
1196 392 1300 421 ἑαυτὸν.
1323 394 1370 420 καὶ
1397 394 1486 421 πάντα
1506 397 1593 422 ποιεῖν
1607 397 1678 432 ὑπὲρ
1693 398 1872 430 ἐπιδείξεως,

1068 436 1099 462 οὺ
1121 437 1228 471 σοφίας,
1250 438 1318 465 ἀλλὰ
1348 441 1502 474 σοφιστείας
1528 442 1612 470 ἐστίν.
1640 443 1686 469 Διὸ
1710 444 1763 477 τῆς
1788 444 1871 479 παρὰ

1070 483 1174 510 πολλῶν
1185 485 1364 519 ἁμοιροῦντας
1377 486 1467 518 αίδοῦς
1481 488 1570 521 καλῶς
1584 489 1640 524 ἔχει
1654 489 1757 524 λέγειν’

229 528 398 548 succensens
417 527 587 557 conquestus
607 524 660 556 es),
679 522 760 550 nobis
781 524 865 559 igitur
878 545 886 559 ,
903 526 950 560 qui
972 527 1007 554 ab
1028 527 1188 557 hominibus
1213 533 1428 565 contemnimur,
1444 522 1641 568 amplexandus
1662 522 1741 564 locus
1760 541 1817 569 est,
1839 545 1867 564 III

233 575 314 603 quem
331 568 440 602 ipsimet
468 577 519 596 nos
536 571 732 599 constituimus
750 581 756 598 :
773 580 862 607 neque
882 574 1017 606 annulari,
1036 583 1086 602 nec
1103 577 1197 604 beatos
1215 582 1311 612 putare
1328 580 1390 607 illos
1405 581 1570 610 semidoctus
1603 582 1748 611 debemus.
1784 568 1867 619 quod

226 617 468 651 aplaneindoctis
485 617 512 644 in
537 619 622 645 altum
656 619 817 647 evehantur.
855 620 923 648 Nam
957 625 1114 659 perpurgati
1142 625 1227 653 animi
1257 626 1342 654 decus
1366 632 1393 654 et
1419 629 1648 663 pulchritudinem
1681 617 1866 659 intuerirne-

224 668 327 698 queunt
346 664 392 698 qui
408 664 468 698 puri
491 671 545 691 non
563 668 628 692 sunt
644 675 650 692 :
667 670 695 692 et
707 673 860 701 praeconem
876 667 920 694 sui
940 675 1011 702 esse,
1033 674 1116 705 atque
1129 671 1163 698 ad
1180 673 1392 700 ostentationem
1426 679 1453 701 et
1476 682 1602 710 pompam
1627 677 1718 703 omnia
1752 676 1862 710 facere,

223 717 279 736 non
297 710 440 743 sapientia:
462 715 514 742 ρει,
540 711 588 737 sed
614 712 773 746 sophisticae
795 714 933 741 versutia.
964 714 1100 747 Quocirca
1135 726 1184 745 eos
1211 719 1257 754 qui
1287 727 1302 745 a
1336 721 1418 755 vulgo
1454 721 1584 749 honorem
1616 724 1863 759 reverentiamque

224 765 278 784 non
295 757 430 787 obtinent.
446 759 606 793 praeclarum
625 765 786 796 rectumque
812 761 894 789 fuerit
910 763 1013 796 dicere,

330 847 336 853 .
348 845 354 851 .
366 845 373 853 .
386 847 391 852 .
404 847 409 852 .
420 826 457 852 nil
473 834 561 853 moror
575 827 643 854 hunc
659 835 704 863 ego
723 827 847 855 honorem
862 836 872 855 :
1024 849 1047 878 Β

330 861 393 878 ..ειη
421 866 448 878 ..ι
466 869 539 878 unum
569 862 667 878 ενι-ι...ιέ
683 871 722 878 ...ρ
739 863 841 878 mum“:
856 864 951 878 μην.-.
966 872 972 877 .

270 860 403 895 luppiter,
421 866 448 886 ul
465 869 550 895 spero,
569 860 722 896 ingenti'me
738 863 842 890 ornabit
854 864 951 891 honore
963 872 972 890 :

219 925 350 960 przeclare
377 912 458 952 etiam
485 933 578 953 secum
596 927 638 961 agi
654 926 822 959 existiment,
846 933 873 955 et
894 929 922 956 in
946 929 1008 956 sinu

218 971 367 1006 gaudeant,
384 972 406 998 si
425 979 486 998 eum
503 973 574 998 nacti
596 972 697 999 iuerint
714 973 803 1000 virum
823 975 870 1010 qui
889 975 1009 1010 pruden—

219 1020 282 1044 tiam
317 1017 399 1045 simul
424 1021 452 1044 cl
483 1019 630 1052 potentiam
664 1020 827 1053 possederit.
857 1018 914 1048 Sic'
935 1022 1008 1049 enim

216 1071 306 1098 neque
326 1071 389 1091 cum
411 1063 530 1098 indignis
551 1064 737 1098 versabimur,
769 1073 858 1101 neque
875 1066 1008 1101 ignobiles

216 1115 299 1144 atque
313 1109 422 1144 inglorii
443 1110 557 1136 omnino
570 1111 755 1137 censebimur.

250 1154 306 1182 Cur
323 1162 388 1189 ergo
405 1159 553 1182 cunctarer
569 1155 692 1183 tribuere
712 1156 838 1183 intimqu
855 1156 883 1183 in
914 1158 1006 1184 animo

214 1201 304 1228 locum
330 1200 484 1228 admirabili
499 1200 608 1228 Paconio
634 1206 746 1234 nostro,
770 1203 815 1237 qui
844 1203 925 1238 longo
948 1203 1005 1237 jam

213 1250 336 1282 tempore
351 1246 566 1282 sepimentorum
591 1255 751 1283 magnorum
767 1248 919 1276 intervallis
933 1249 1004 1275 inter

212 1300 243 1320 se
284 1293 432 1321 distinctas
462 1293 664 1328 philosophiam
701 1298 729 1321 et
761 1301 818 1321 rem
857 1295 1003 1321 militarent

211 1347 295 1366 unum
311 1339 338 1365 in
358 1339 446 1366 locum
462 1339 600 1367 adducere
611 1344 638 1367 et
656 1340 728 1367 inter
740 1347 769 1367 se
782 1341 911 1375 copulare
923 1348 1004 1368 orsus

210 1388 262 1414 est,
277 1391 338 1410 cum
355 1384 494 1419 antiquam
514 1384 612 1411 horum
630 1385 784 1412 studiorum
808 1385 1001 1419 cognationem

209 1438 271 1457 esse
288 1433 368 1456 acute
383 1429 579 1456 observasset?
594 1430 629 1456 At
643 1429 715 1457 enim
733 1437 795 1457 cum
825 1429 900 1456 Italia
912 1438 1002 1465 quon-

208 1477 272 1503 dam
298 1475 409 1503 eosdem
428 1475 540 1503 haberet
567 1479 594 1503 et
614 1474 777 1511 Pythagorae
803 1477 954 1508 auditores,
973 1481 999 1503 et

209 1522 349 1548 civitatum
380 1524 513 1552 rectores,
529 1519 624 1556 Magna
654 1520 758 1548 Graecia
785 1521 1037 1555 cognominaba-C

210 1572 253 1593 tur
271 1574 339 1594 :nec
355 1566 380 1593 id
407 1566 528 1600 injuria;
544 1565 645 1600 quippe
662 1573 724 1592 cum
742 1565 815 1600 apud
840 1573 887 1593 eas
905 1571 999 1601 gentes

207 1613 368 1640 Charondas
388 1613 496 1648 quidem
526 1617 553 1639 ct
570 1612 703 1640 Zaleucus
725 1613 798 1648 leges
821 1613 971 1640 conderent
990 1622 996 1639 :

207 1660 342 1686 bellorum
359 1663 450 1685 autem
467 1659 551 1686 duces
569 1663 661 1686 essent
676 1659 803 1693 Archyta).
814 1663 841 1685 et
856 1657 970 1685 Philolai
989 1667 996 1684 :

207 1704 336 1739 princeps
365 1707 455 1730 autem
480 1703 525 1730 ille
553 1707 771 1729 astronomorum
793 1701 911 1728 Timaeus
936 1701 997 1728 urbi

205 1749 400 1784 praeﬁceretur,
424 1753 452 1776 et
476 1749 624 1783 legationes
645 1748 751 1780 obiret,
773 1747 888 1782 aliisque
908 1747 997 1774 civilis

206 1795 455 1822 administrationis
477 1795 639 1822 muneribus
656 1795 813 1828 fungeretur
827 1803 833 1820 :
847 1801 902 1828 quo
913 1793 995 1820 etiam

205 1844 317 1868 auctore
330 1840 405 1867 Plan
422 1841 500 1868 nobis
515 1841 550 1867 de
562 1840 656 1867 mundi
675 1845 772 1867 natura
782 1839 995 1874 disputationem

204 1885 406 1914 instituit.Cu:n
416 1887 497 1922 igitur
505 1886 602 1912 horum
612 1885 673 1914 ﬁdei
689 1893 762 1920 resp.
776 1883 993 1915 creditafuisset,

199 1931 237 1959 ad
264 1939 362 1959 nonam
390 1939 476 1966 usque
497 1939 510 1958 a
530 1931 682 1967 Pythagora
707 1936 824 1961 aetatem.
841 1931 946 1958 beatam
963 1937 995 1957 ac

209 1977 351 2005 ﬂorentem
368 1977 471 2004 italiam
494 1982 703 2005 conscrvarunt.
726 1977 759 2005 Et
780 1982 855 2005 certe
874 1977 993 2004 Eleatica

199 2019 315 2049 Athenis
328 2023 421 2050 schola
437 2023 545 2050 litteras
560 2023 642 2050 simul
656 2028 683 2051 et
693 2031 778 2054 arma,
797 2023 855 2058 pari
872 2023 987 2056 honore,

201 2076 276 2096 curre
291 2069 397 2096 habuit.
413 2069 480 2096 Nam
496 2070 568 2097 haud
590 2069 671 2097 facile
695 2071 885 2098 numeraveris
909 2078 991 2106 quam

200 2116 302 2143 nullas
314 2115 470 2150 tyrannides
488 2115 562 2143 Zeno
577 2116 722 2148 exciderit,
739 2122 842 2143 etcum
861 2116 992 2144 adversus

199 2169 248 2188 eas
264 2162 389 2188 saniores
404 2162 544 2189 civitatum
556 2167 646 2197 partes
654 2163 828 2190 concitasset.
838 2161 990 2197 Xenophon

199 2209 291 2233 autem
303 2205 397 2233 decem
421 2206 535 2233 millium
560 2207 722 2239 exercitum,
740 2208 787 2242 qui
811 2207 864 2235 sub
878 2207 991 2234 calami-
1006 2197 1029 2225 Ῑ)

199 2252 302 2279 tatibus
322 2252 534 2286 desperassent,
562 2258 590 2279 et
613 2253 736 2288 oppressi
759 2253 815 2287 jam
843 2252 991 2280 occubuis-

199 2301 272 2329 sent,
299 2297 333 2324 ab
355 2302 479 2326 extrema
505 2298 582 2332 regni
606 2297 711 2325 Persici
726 2306 775 2326 ora
799 2303 928 2333 acceptos
947 2306 990 2325 re-

197 2342 288 2373 duxit,
308 2342 450 2370 vincentes
464 2350 546 2370 omne
557 2344 630 2379 quod
648 2344 716 2379 ipsis
738 2345 941 2371 adversaretur.
955 2344 990 2370 At

196 2387 279 2423 309
295 2388 358 2423 quid
374 2388 430 2423 jam
452 2388 486 2416 de
502 2388 589 2416 Dione
604 2389 706 2424 aliquis
735 2389 819 2420 dicat,
834 2389 906 2424 quod
922 2389 989 2416 adiit

196 2433 320 2468 Dionysii
345 2434 529 2469 principatum
544 2443 550 2460 :
568 2435 613 2468 qui
627 2434 738 2461 Graecas
758 2435 867 2469 quidem
898 2434 924 2460 in
940 2433 985 2461 Si-

195 2480 258 2506 cilia
276 2479 360 2507 nrbes
378 2481 502 2507 servituti
527 2480 682 2512 addixerat,
704 2489 795 2516 neque
813 2482 934 2515 potentia
959 2485 986 2508 et

195 2526 360 2553 auctoritate
390 2526 518 2553 minimas
541 2533 555 2553 e
585 2525 736 2559 Barharis;
763 2531 818 2554 tum
843 2526 984 2561 Carthagi-

195 2571 321 2598 nensinm
346 2572 447 2598 fastum
463 2571 722 2607 depresserat;jam
748 2579 814 2599 vero
835 2580 924 2607 usque
949 2572 981 2598 ad

194 2624 271 2644 oram
290 2618 455 2644 maritimam
475 2617 560 2645 Italia:
580 2618 780 2653 grassabatur?
795 2620 895 2646 Contra
911 2620 981 2647 hanc

194 2662 381 2688 monarchiam
400 2663 524 2690 collectis
547 2667 724 2690 externorum
743 2664 840 2697 copiis.
859 2665 981 2692 Platonis

193 2707 238 2733 ille
250 2712 364 2739 amator,
392 2712 418 2734 et
435 2716 450 2735 a
472 2708 584 2736 Platone
615 2713 732 2741 amatus,
759 2717 820 2736 cum
845 2710 871 2736 in
897 2719 978 2737 unam

192 2758 299 2782 navem,
314 2757 341 2778 et
355 2753 428 2779 illam
442 2753 551 2788 quidem
567 2753 723 2787 rotundam,
740 2759 825 2781 totum
838 2756 978 2782 sociorum

1323 854 1330 861 .
1380 855 1387 862 .
1399 855 1406 862 .
1417 835 1480 871 οὔτι
1492 845 1530 870 με
1546 837 1656 871 ταύτης

1060 867 1142 901 Χρεὼ
1154 868 1242 903 (ιμῆς
1250 877 1258 885 ·
1273 870 1386 904 φρονέω
1396 870 1430 896 δὲ
1443 867 1616 906 τετιμῆσθαι
1629 867 1695 906 Διὸς
1707 876 1782 911 alvu
1791 885 1800 891 '

1061 935 1170 970 ἀγαπᾷν
1196 944 1226 962 τε
1250 937 1298 963 καὶ
1322 937 1517 972 διασμενίζειν,
1539 939 1661 975 ἐντυχεῖν
1683 942 1763 978 ἀνδρὶ
1783 945 1856 979 (ppo-

1061 989 1138 1015 νησιν
1155 981 1212 1016 ἅμα
1228 984 1275 1009 καὶ
1296 983 1410 1018 δύναμιν
1434 986 1606 1021 κεκτημένῳ.
1625 987 1703 1014 Οὕτω
1721 989 1777 1024 γὰρ
1793 990 1857 1016 οὔτ’

1059 1027 1178 1058 ἀναξίοις
1191 1028 1224 1054 ἂν
1238 1030 1446 1065 συγγενοίμεθα,
1460 1030 1516 1058 οὔτ’
1529 1031 1561 1058 ἂν
1573 1033 1665 1068 ἄτιμοι
1677 1036 1854 1062 παντάπασιν

1059 1071 1247 1106 νομιζοίμεοα.

1092 1159 1155 1192 Πῶς
1170 1158 1217 1187 οὖν
1237 1161 1266 1188 οὐ
1285 1162 1374 1196 μέλλω
1393 1164 1441 1200 τὴν
1462 1165 1549 1201 μέσην
1567 1167 1595 1193 ἐν
1612 1169 1644 1203 τῇ
1664 1168 1737 1205 ψυχῇ
1755 1170 1850 1206 χώραν

1056 1205 1094 1241 τῷ
1108 1206 1257 1242 θαυμαστῷ
1276 1209 1394 1245 Παιονίῳ
1416 1210 1518 1246 νέμειν,
1540 1212 1570 1244 ὃς
1594 1214 1626 1240 ἐκ
1646 1214 1743 1242 πολλοῦ
1760 1205 1850 1243 διατε-

1055 1253 1228 1288 τειχισμένας
1238 1254 1360 1289 θριγκοῖς
1374 1257 1514 1291 μεγάλοις,
1529 1259 1687 1294 φιλοσοφίαν
1702 1262 1750 1287 καὶ
1765 1270 1848 1298 στρα-

1055 1299 1140 1329 τείαν.
1165 1299 1276 1335 ἐξεῦρεν
1297 1302 1479 1336 ἐπαναγαγεῖν
1506 1304 1553 1330 καὶ
1572 1305 1701 1340 συνάψαι,
1725 1307 1846 1334 παλαιάν

1053 1352 1114 1370 τινα
1135 1345 1228 1372 ἐνιδὼν
1253 1347 1309 1378 τοῖς
1327 1348 1525 1383 ἐπιτηδεύμασι
1538 1351 1643 1383 τούτοις
1664 1353 1845 1387 συγγένειαν;

1060 1390 1160 1416 Ἰταλία
1177 1391 1226 1425 μὲν
1245 1392 1298 1428 γὰρ
1315 1393 1399 1419 πάλαι
1422 1396 1484 1426 τοὺς
1506 1396 1604 1428 αὐτοὺς
1630 1397 1728 1432 ἔχουσα
1752 1400 1844 1427 Πυθα-

1053 1433 1136 1468 γόρου
1149 1442 1179 1460 τε
1190 1435 1335 1469 ἁκουστὰς,
1351 1438 1397 1464 καὶ
1408 1438 1462 1464 τῶν
1471 1439 1572 1466 πόλεων
1583 1441 1734 1477 ἁρμοστὰς,
1748 1444 1845 1476 Ἑλλὰς

1052 1480 1080 1525 ήᾲ
1088 1480 1192 1515 μεγάλη
1211 1483 1446 1517 προσηγορεύετο·
1472 1485 1519 1511 καὶ
1538 1486 1610 1520 μάλα
1628 1488 1656 1513 ἐν
1676 1488 1756 1525 δίκῃ·
1774 1491 1843 1525 παρ’

1052 1522 1092 1557 οἷς
1103 1526 1252 1561 Χαρώνδας
1268 1528 1316 1563 μὲν
1337 1529 1501 1564 ἐνομοθέτει,
1515 1532 1562 1558 καὶ
1577 1522 1842 1570 Ζάλευκοςξέστρα-

1050 1571 1150 1616 τήγουν
1166 1572 1195 1598 δὲ
1221 1573 1351 1608 Ἀρχύται
1373 1575 1419 1601 καὶ
1436 1576 1569 1610 Φιλόλαοι,
1594 1579 1608 1604 ὸ
1631 1579 1660 1606 δὲ
1680 1580 1842 1616 ἀστρονομι-

1050 1615 1170 1648 κώτατος
1186 1617 1301 1652 Τίμαιος
1318 1620 1473 1655 ἐπολιάρχει
1486 1621 1541 1656 [γρ.
1556 1624 1739 1661 ἐπολιτάρχει]
1752 1635 1781 1652 τε
1795 1627 1842 1653 καὶ

1048 1660 1208 1696 ἐπρέσϐευε,
1225 1663 1271 1690 καὶ
1283 1662 1367 1691 τᾶλλα
1382 1666 1553 1694 ἐπολιτεύετο
1563 1677 1569 1683 ·
1585 1669 1652 1704 παρ’
1667 1668 1698 1696 οὒ
1712 1660 1759 1697 καὶ
1772 1672 1842 1700 Πλά-

1047 1709 1186 1743 των,ήμίν
1215 1710 1279 1745 περὶ
1302 1710 1405 1745 κόσμου
1426 1713 1533 1746 φύσεως
1556 1714 1722 1750 διαλέγεται.
1757 1718 1840 1745 Ταῦτ’

1046 1753 1101 1788 ἄρα
1123 1754 1222 1789 μέχρις
1242 1756 1340 1791 ἐνάτης
1360 1758 1413 1783 ἀπὸ
1430 1758 1586 1795 Πυθαγόρου
1598 1763 1694 1795 γενεᾶς
1713 1763 1746 1789 τὰ
1763 1764 1840 1791 κοινὰ

1047 1799 1250 1833 πιστευθέντες,
1273 1802 1419 1833 εὐδαίμονα
1441 1805 1490 1840 τὴν
1520 1806 1633 1832 Ἰταλίαν
1659 1807 1837 1843 διετήρησαν·

1046 1845 1093 1871 καὶ
1107 1846 1159 1880 μὴν
1169 1847 1198 1873 τὸ
1217 1847 1384 1875 Ἐλαιατικὺν
1403 1849 1529 1886 Ἀθήνῃσι
1543 1851 1736 1884 διδασκαλεῖον,
1750 1854 1839 1888 λόγων

1044 1898 1073 1916 τε
1089 1891 1147 1926 ἅμα
1171 1893 1217 1918 καὶ
1233 1893 1323 1920 ὅπλων
1348 1896 1485 1930 ὸμοτίμως
1502 1897 1719 1933 ἐπεμελήθησαν.
1744 1900 1838 1935 Ζήνων

1043 1944 1073 1961 τε
1087 1936 1141 1971 γὰρ
1153 1938 1207 1964 οὐδ’
1222 1938 1254 1965 ἂν
1270 1939 1435 1975 ἀριθμήσαις
1457 1941 1555 1976 ῥαδίως
1575 1943 1640 1973 ὅσας
1658 1943 1771 1978 ἐξέκοψε
1787 1953 1836 1970 τυ-

1045 1982 1178 2016 ραννίδας,
1194 1985 1320 2018 συνιστὰς
1331 1986 1374 2011 ἐπ’
1386 1987 1470 2018 αὑτὰς
1482 1986 1539 2022 [γρ.
1551 1987 1656 2023 αὑταῖς]
1669 1989 1699 2014 τὸ
1715 1990 1836 2023 ὑγιαῖνον

1042 2026 1096 2053 τῶν
1123 2028 1235 2056 πόλεων.
1264 2030 1318 2056 Καὶ
1343 2030 1469 2065 Ξενοφῶν
1490 2033 1676 2068 ἀπειρηκότας
1702 2034 1754 2061 ὑπὸ
1779 2035 1835 2062 τῶν

1043 2072 1193 2108 συμφορῶν
1209 2074 1257 2100 καὶ
1272 2074 1446 2107 θανατῶντας
1466 2077 1516 2112 ἤδη
1531 2078 1594 2109 τοὺς
1607 2078 1721 2113 μυρίους
1744 2088 1834 2114 παρα-

1041 2117 1142 2149 λαϐὼν,
1160 2119 1208 2145 ἀπ’
1224 2119 1310 2155 ἄκρας
1324 2121 1374 2156 τῆς
1391 2122 1504 2157 Περσῶν
1520 2123 1696 2158 ἐπικρατείας
1712 2126 1835 2161 κατήγα-

1041 2171 1072 2196 γε
1083 2163 1216 2196 νικῶντας
1230 2164 1303 2192 ἅπαν
1316 2166 1347 2192 τδ
1365 2166 1556 2202 ὑφιστάμενον.
1570 2169 1602 2194 Τί
1616 2169 1639 2195 δ’
1649 2169 1682 2196 ἄν
1697 2178 1738 2201 τις
1750 2171 1832 2204 εῐποι,

1041 2209 1082 2241 τὸ,
1106 2209 1194 2236 Δίωνα
1210 2210 1256 2236 ἐπὶ
1271 2211 1322 2246 τὴν
1335 2212 1471 2238 Διονυσίου
1490 2213 1637 2249 μοναρχίαν
1655 2214 1753 2246 ἐλθεῖν,
1772 2215 1833 2241 δου-

1042 2253 1202 2290 λωσαμένην
1213 2256 1262 2290 μὲν
1273 2256 1322 2288 τὰς
1335 2256 1490 2293 Ἑλληνίδας
1504 2259 1533 2284 ἐν
1548 2258 1656 2295 Σικελίᾳ
1671 2260 1773 2292 πόλεις,
1783 2261 1833 2288 οὐκ

1041 2298 1186 2334 ἐλαχίστας
1206 2301 1234 2327 δὲ
1249 2302 1279 2328 ἐν
1293 2302 1364 2338 ἀρχῇ
1382 2302 1438 2338 lyp.
1455 2304 1535 2339 αὐτῇ]
1551 2304 1596 2331 καὶ
1616 2305 1770 2341 βαρϐάρους
1780 2315 1786 2321 ·
1801 2307 1832 2333 τὸ

1040 2343 1068 2370 δὲ
1081 2345 1276 2380 Καρχηδονίων
1289 2347 1415 2382 φρόνημα
1437 2347 1615 2379 καθελοῦσαν,
1630 2350 1831 2386 ἐπινεμομένην

1040 2389 1068 2415 δέ
1085 2390 1135 2425 ἤδη
1150 2391 1199 2426 τῆς
1222 2391 1336 2424 Ἰταλίας
1349 2392 1399 2428 τὴν
1411 2393 1566 2429 παραλίαν;
1584 2394 1654 2420 Ἀλλ’
1667 2396 1713 2422 ἐπὶ
1729 2396 1830 2431 ταύτην

1039 2435 1219 2471 ξενολογήσας
1235 2437 1249 2462 ὁ
1264 2437 1406 2470 Πλάτωνος
1427 2439 1543 2474 ἐραστὴς
1559 2440 1607 2466 καὶ
1626 2440 1773 2476 ἐρώμενος,
1790 2442 1829 2469 ἑνὶ

1039 2481 1123 2517 πλοίῳ
1147 2482 1193 2508 καὶ
1216 2483 1303 2519 τούτῳ
1329 2485 1486 2521 στρογγύλῳ
1510 2486 1540 2512 τὸ
1565 2487 1739 2521 συμμαχικὸν
1757 2488 1828 2514 ἅπαν

1037 2528 1205 2562 ἐμϐιϐάσας,
1238 2530 1272 2564 τῇ
1304 2529 1413 2565 Σικελίᾳ
1445 2531 1657 2566 προσέπλευσεν.
1690 2532 1744 2558 Καὶ
1776 2533 1828 2559 ἀπο

1036 2573 1086 2608 τῆς
1103 2573 1235 2609 τοσαύτης
1249 2576 1427 2610 παρασκευῆς
1441 2577 1578 2608 Διονύσιος
1594 2577 1643 2612 μὲν
1656 2578 1826 2613 ἐξηλαύνετο,

1034 2620 1084 2654 τὴν
1099 2620 1236 2647 πολιτείαν
1252 2621 1280 2647 δὲ
1293 2621 1363 2648 Δίων
1377 2614 1622 2658 μετεσχημάτιζεν,
1637 2623 1780 2655 ἀποδιδοὺς
1794 2626 1826 2659 τῇ

1034 2665 1089 2691 τῶν
1110 2665 1200 2700 νόμων
1223 2666 1356 2702 ἡγεμονίᾳ
1369 2668 1421 2699 τὰς
1443 2668 1547 2701 πόλεις.
1573 2669 1651 2695 Οὖτω
1675 2669 1759 2696 πάλαι
1780 2670 1826 2704 μὲν

1035 2710 1206 2744 συνεγίνοντο
1229 2713 1372 2747 φιλοσοφία
1404 2714 1450 2740 καὶ
1482 2715 1618 2749 πολιτεία,
1644 2716 1691 2742 καὶ
1719 2715 1826 2742 ἐπειδὰν

1034 2756 1194 2789 συνέλθοιεν,
1214 2757 1325 2784 τοιαῦτα
1339 2759 1508 2794 είργάζοντο.

190 2797 340 2824 exercitum
368 2798 541 2830 collocasset,
567 2800 595 2827 in
626 2799 748 2827 Siciliam
778 2801 959 2836 adnavigavit.
999 2803 1039 2830 Ab
1070 2803 1121 2830 hoc
1150 2803 1233 2837 igitur
1267 2808 1344 2832 tanto
1377 2810 1510 2840 apparatur
1541 2811 1570 2834 et
1600 2808 1746 2843 Dionysius
1777 2816 1825 2834 ex-

190 2844 286 2879 pulsus
300 2844 360 2879 fuit,
377 2849 404 2872 et
419 2850 476 2873 tum
497 2854 583 2881 remp.
603 2847 650 2875 Dio
664 2849 691 2875 in
717 2850 934 2883 prmstantiorem
964 2850 1078 2878 formam
1101 2851 1220 2887 redegit,
1251 2860 1314 2880 cum
1339 2853 1428 2888 legum
1456 2854 1573 2890 imperio
1593 2856 1719 2884 civitates
1747 2858 1826 2885 resti-
