1990 3060
182 118 197 144 1
205 116 256 144 ⁸ί85

724 112 858 140 SYNESH
873 110 1106 139 PTOI.E.\IMD|S
1124 109 1278 137 EPISCOPI

1747 101 1820 130 ιεει

185 172 321 200 Irantihus
338 171 481 201 all-atrati,
503 174 530 198 et
554 169 689 197 Doceliam
706 169 788 197 nobis
811 177 890 196 muro
912 169 970 196 cin-

1025 176 1051 193 τε
1068 167 1122 202 γὰρ
1138 165 1321 200 ὑποϐέϐληται
1336 164 1366 190 τὸ
1383 162 1517 199 μακάριον
1533 160 1649 196 οὐρανοῦ
1670 159 1753 194 σῶμα
1763 169 1770 174 ·
1787 155 1819 186 οὗ

184 224 248 252 gere
263 216 382 251 cmpisti.
399 215 461 242 Hmc
475 215 558 247 igitur
574 223 635 242 cum
652 215 807 250 acceperim
836 215 870 242 de
897 219 923 242 te
938 216 971 240 ab

185 265 219 291 iis
234 263 359 297 quiante
371 269 414 289 me
438 262 466 289 in
485 261 701 288 familiaritatem
726 265 800 288 tuam
825 267 970 291 venerunt.

185 313 212 335 et
227 309 285 344 ipse
298 315 388 343 parvas
417 307 627 335 consuetudinis
643 315 694 334 usu
721 307 970 337 animadverterim,

184 361 252 382 aveo
267 352 470 380 astronomieas
499 353 560 379 illas
589 353 615 379 in
634 353 725 379 animo
743 356 791 378 tuo
822 351 972 379 insidentes

184 399 318 426 scintillas
334 398 490 430 incendere,
506 402 533 426 et
546 398 572 424 iu
591 399 675 424 altum
692 405 740 432 per
754 405 786 425 ea
801 405 862 432 qua
874 397 972 424 adsunt

186 451 272 470 conor
286 451 460 478 exaggerare.
484 443 661 470 Astronomia
676 444 748 470 enim
764 450 871 469 suunne
888 443 972 469 hone—

185 494 226 516 sta
241 494 268 515 et
283 489 436 516 veneranda
450 489 564 516 scientia
578 492 631 519 cst,
649 488 767 516 fortasse
781 488 814 515 ad
833 488 972 523 antiquius

185 534 288 569 aliquid
304 534 443 561 traductio
459 538 486 561 et
503 534 623 562 sublatio
634 542 694 561 esse
710 535 813 568 possit:
828 541 909 568 quam
922 541 973 568 ego

185 580 372 607 continentem
389 581 534 614 quemdam
553 580 698 613 trajectum
714 587 776 607 esse
797 581 896 615 opinor
910 587 972 607 cum

186 626 328 654 recondita
348 626 496 660 theologia.
514 625 582 652 Nam
597 626 748 660 subjcclam
765 626 908 653 materiam
924 627 972 653 ha-

185 672 231 699 bet
247 672 354 698 beatum
370 672 435 698 illud
458 672 522 698 cmli
538 679 649 705 corpus.
680 671 759 704 cujus
773 672 853 699 etiam
871 677 972 699 motum

186 716 284 743 trientis
311 717 489 743 imitationem
513 717 611 743 habere
643 716 779 745 nobilibus
799 723 825 745 et
845 718 928 745 claris
946 720 972 745 in

186 760 357 795 philosophia
379 761 445 787 viris
471 760 587 792 videtur,
612 766 638 787 et
661 761 694 787 ad
723 762 973 790 demonstrationes

186 813 240 832 non
256 811 434 833 controverso
450 806 531 833 modo
546 814 575 833 se
589 806 696 833 confert
714 817 719 833 :
738 807 787 834 sed
803 808 972 837 adminiSIris

186 851 274 878 utitur
296 853 444 887 geometria
459 856 486 878 et
506 852 689 884 arithmetica,
704 861 773 887 quas
789 853 811 880 si
841 854 904 888 quis
928 855 970 881 in-

185 902 324 924 crrantem
352 901 379 923 et
407 905 462 924 non
489 897 626 924 fallcnlem
641 899 764 926 veritatis
781 900 900 934 regulam
923 907 970 935 ap-

185 943 302 976 pellarit,
322 943 533 977 haudquaquam
560 951 575 970 a
593 944 694 971 decoro
716 945 860 972 aberrarit.
883 945 974 973 Oll'ero

1025 213 1071 240 καὶ
1085 213 1134 248 τὴν
1148 213 1267 247 κίνησιν,
1286 210 1331 237 νοῦ
1348 210 1464 245 μίμησιν
1481 206 1562 238 εἶναι,
1583 208 1640 238 τοῖς
1664 213 1819 239 κορυφαιο-

1022 260 1113 290 τάτοις
1133 259 1161 285 ὲν
1186 256 1331 291 φιλοσοφίᾳ
1349 255 1439 283 δοκεῖ·
1466 253 1513 280 καὶ
1526 253 1574 280 ἐπὶ
1589 251 1639 283 τὰς
1660 250 1820 282 ἀποδείξεις

1023 306 1073 332 οὐκ
1103 302 1352 340 ἀμφισϐητησίμως
1387 299 1551 336 πορεύεται·
1579 298 1635 325 ἀλλ’
1667 296 1818 332 ὑπηρέτισι

1023 352 1122 386 χρῆται
1137 349 1295 384 γεωμετρίᾳ
1311 347 1358 374 καὶ
1377 346 1557 381 ἀριθμητικῇ,
1575 344 1608 375 ἃς
1623 342 1750 378 ἀστραδῆ
1767 342 1819 376 τῆς

1024 397 1152 431 ἀληθείας
1167 395 1267 422 κανόνα
1281 402 1322 425 τις
1334 392 1428 423 εἰπὼν,
1442 391 1493 418 οὐκ
1506 390 1538 417 ἂν
1554 390 1671 425 ἁμάρτοι
1683 388 1732 415 τοῦ
1746 387 1816 422 πρέ-

1024 452 1129 474 ποντος.
1156 441 1289 477 Προσάγω
1317 440 1348 474 δή
1377 447 1418 465 σοι
1444 437 1540 472 δῶρον⁹
1569 435 1630 470 ἐμοί
1654 443 1684 461 τε
1709 433 1816 464 δοῦναι,

1025 490 1065 515 σοί
1084 497 1114 514 τε
1134 488 1226 514 λαόεἷν
1246 484 1486 521 πρεπωδέστατον·
1511 481 1630 512 διανοίας
1659 479 1708 515 μὲν
1734 479 1818 514 ἔργον

1024 533 1109 568 ἐμῆς,
1125 534 1175 560 ὅσα.
1197 541 1242 566 μοι
1267 531 1468 564 συνευπόρησεν
1484 529 1500 563 ὴ
1518 526 1730 561 σεδασμιωτάτη
1746 524 1818 551 διδά-

1027 579 1142 610 σκαλος’
1167 578 1257 613 χειρὸς
1284 577 1313 602 δὲ
1331 575 1386 602 τῶν
1405 575 1465 601 καθ’
1483 574 1556 609 ημᾶς
1571 574 1611 604 εἰς
1633 570 1816 607 δημιουργίαν

1024 626 1144 661 ἀργύρου
1159 625 1208 659 τῆς
1221 623 1346 658 ἀρίστης.
1367 622 1434 656 Περὶ
1447 619 1476 648 οὗ
1491 618 1692 655 προδιαλεχθεὶς
1711 616 1817 652 προῦρ-

1024 681 1072 707 γου
1093 681 1119 698 τι
1144 671 1178 698 ἂν
1198 670 1238 704 τῷ
1258 669 1351 703 σκοπῷ
1373 669 1528 702 ποιήσαιμι.
1549 666 1578 692 ὐ
1594 665 1620 692 δὲ
1636 664 1749 695 σκοπὸς,
1764 663 1817 693 τὰς

1025 720 1053 744 ὲν
1068 718 1109 744 σοὶ
1125 716 1242 751 φυσικὰς
1255 716 1320 750 περὶ
1332 713 1490 748 φιλοσοφίαν
1502 712 1590 748 ὁρμὰς
1601 708 1815 737 ἐκκαλέσασθαι.

1025 763 1057 790 Et
1070 763 1123 798 γὰρ
1143 762 1236 796 ἔφεσίς
1257 769 1298 788 σοι
1315 759 1495 794 παραγένοιτο
1511 757 1559 784 τοῦ
1577 755 1749 783 συντείνοντα
1766 754 1816 784 τὰς

1024 809 1099 843 ὄψεις
1112 807 1250 834 ἐπιϐαλεῖν
1264 806 1303 842 τῷ
1314 805 1477 840 φαινομένῳ,
1490 804 1550 830 τότε
1566 811 1607 828 σοι
1621 801 1713 836 μεῖζον
1727 799 1817 834 ὀρέξω

1022 855 1118 890 δῶρον,
1131 854 1166 880 τὰ
1179 854 1243 889 περὶ
1256 853 1305 888 τῆς
1315 852 1471 887 ἐπιστήμης
1484 849 1578 884 αὐτῆς.
1601 847 1671 874 Ἀλλ’
1681 847 1757 876 ὅπως
1768 845 1818 871 καὶ

1024 900 1071 926 νῦν
1096 899 1238 935 προσέξεις
1267 899 1323 929 τοίς
1352 897 1509 931 λεγομένοις
1538 895 1603 930 περὶ
1628 892 1677 920 τοῦ
1705 892 1816 918 δεικνυ-

1028 949 1120 982 μένου.

187 990 271 1023 igitur
294 990 343 1017 tibi
364 998 464 1017 munus
490 991 562 1025 quod
588 995 615 1017 et
643 999 685 1018 me
707 991 782 1024 dare,
803 992 882 1027 311
905 998 929 1021 el
947 998 975 1021 te
1010 996 1135 1029 accipere
1169 994 1288 1020 maxime
1313 992 1428 1019 deceat:
1452 997 1522 1024 opus
1542 987 1652 1023 quidem
1676 983 1817 1019 excogita-

185 1033 270 1060 ιίοηίε
284 1038 396 1065 ηοεῑνίε,
410 1038 544 1068 quantum
560 1034 626 1061 mihi
644 1034 670 1061 in
687 1036 738 1062 hoc
770 1044 868 1070 genere
879 1039 995 1065 contulit
1016 1043 1042 1065 rt
1070 1039 1253 1074 suppeditavit
1273 1036 1501 1065 revcrcndissima
1538 1033 1687 1069 magistra:
1715 1036 1817 1056 manus

185 1083 275 1106 autem
288 1087 321 1106 ex
337 1079 369 1106 iis
384 1087 444 1114 qua:
460 1079 532 1114 apud
550 1087 600 1107 nos
630 1086 694 1108 sunt
725 1081 758 1108 ad
793 1087 950 1117 argenteum
984 1085 1121 1119 opificium
1151 1083 1348 1112 elaborandum
1380 1079 1624 1118 praestantissimae.
1650 1077 1690 1104 De
1716 1083 1771 1110 quo
1793 1074 1817 1101 si

185 1127 316 1161 praefatus
346 1127 450 1162 aliquid
468 1127 556 1160 fuero,
576 1136 665 1163 operte
683 1130 800 1164 pretium
815 1132 887 1165 quod
914 1132 949 1159 sit
972 1133 1004 1160 ad
1023 1134 1148 1160 notitiam
1163 1133 1250 1168 scopi,
1266 1132 1432 1168 prmstitero.
1450 1129 1558 1164 Scopus
1574 1131 1666 1155 autem
1690 1129 1734 1152 est
1764 1130 1816 1149 na-

185 1178 253 1200 tulae
269 1174 296 1200 in
312 1178 338 1201 te
351 1173 384 1200 ad
399 1173 598 1208 philosophiam
611 1175 784 1203 incitationes
799 1177 970 1212 impetusque
990 1186 1149 1213 provocare.
1167 1179 1246 1212 Quod
1265 1179 1287 1206 si
1299 1177 1437 1213 cupiditas
1473 1181 1497 1203 te
1515 1173 1661 1202 incesserit
1690 1173 1817 1198 intentos

185 1221 280 1247 oculos
299 1221 460 1248 admovendi
490 1221 525 1248 iis
539 1229 601 1256 quae
623 1228 766 1257 apparent,
796 1228 860 1251 tunc
879 1226 967 1260 majus
988 1228 1035 1252 tibi
1052 1235 1151 1255 munus
1184 1227 1322 1262 porrigam
1345 1226 1379 1253 de
1416 1225 1451 1252 iis
1470 1231 1530 1258 qua:
1555 1222 1588 1250 ad
1607 1223 1695 1256 ipsam
1721 1220 1814 1247 scien-

185 1268 250 1293 tiam
269 1267 437 1295 referuntur.
455 1267 508 1294 Sed
525 1272 554 1295 ut
564 1277 636 1296 nunc
649 1270 731 1296 etiam
757 1271 882 1298 advertas
899 1277 1016 1298 mentum
1037 1274 1070 1299 iis
1085 1281 1145 1308 quae
1155 1273 1285 1300 dicuntur
1305 1272 1338 1300 de
1351 1279 1384 1299 eo
1399 1271 1472 1306 quod
1490 1269 1717 1300 demonstratur._

220 1314 346 1341 Glohoste
369 1315 523 1349 superliciei
547 1317 797 1350 complanationem
823 1318 851 1345 in
881 1318 973 1354 ﬁgurae

182 1359 346 1386 diversitate
361 1359 485 1387 eamdem
508 1361 642 1388 rationem
668 1367 890 1395 conservantein,
911 1365 974 1391 sub-

182 1405 305 1432 obscure
326 1405 436 1439 quidem
461 1407 566 1433 notavit
591 1406 762 1442 Hipparchus
787 1409 833 1436 ille
857 1410 972 1444 peranti-

181 1457 267 1484 quus,
284 1455 311 1477 et
324 1450 428 1485 primus
440 1451 504 1477 huic
514 1453 740 1487 contemplationi
758 1454 893 1481 incubuit.
917 1455 971 1482 Nos

183 1495 332 1529 vero(nisi
346 1495 416 1523 forte
432 1496 564 1531 grandius
582 1497 632 1524 hoc
647 1498 693 1529 sit,
711 1506 791 1532 quam
808 1505 838 1526 ut
851 1500 877 1526 id
893 1501 971 1528 nobis

179 1541 357 1576 tribuamus)
376 1549 464 1576 usque
480 1542 513 1568 ad
528 1547 677 1570 extremam
694 1543 807 1572 fimbriae
820 1553 896 1572 oram
914 1554 972 1580 per~

1059 1322 1209 1356 Σφαιρικῆς
1218 1319 1378 1354 ἐπιφανείας
1389 1318 1551 1351 ὲξάπλωσιν,
1563 1314 1715 1347 tauro-mm
1726 1313 1817 1346 λόγων

1023 1369 1052 1394 ὲν
1067 1368 1206 1402 ἑτερότητι
1227 1366 1281 1392 τῶν
1304 1365 1452 1400 σχημάτων
1468 1362 1616 1398 τηροῦσαν,
1640 1359 1750 1395 ᾐνίξατο
1765 1358 1816 1393 μὲν

1024 1415 1177 1449 Ἵππαρχος
1190 1414 1204 1439 ὁ
1218 1411 1403 1446 παμπάλαιος,
1418 1409 1465 1436 καὶ
1479 1407 1592 1434 ὲπέθετό
1608 1415 1639 1440 γε
1655 1405 1762 1439 πρῶτος
1774 1403 1816 1438 τῷ

1024 1460 1178 1494 σκέμματι·
1194 1459 1273 1493 ἡμεῖς
1289 1457 1318 1483 δὲ
1338 1457 1379 1490 (εἰ
1397 1455 1434 1490 μὴ
1455 1454 1546 1490 μεῖζον
1567 1453 1583 1487 ἢ
1610 1451 1671 1478 καθ’
1689 1451 1762 1484 ἡμᾶς
1776 1449 1817 1475 εἱ-

1026 1506 1096 1539 πείν)
1116 1502 1289 1539 ὲξυφὴναμὲν
1305 1511 1335 1528 τε
1350 1502 1414 1536 ἄχρι
1430 1500 1484 1526 τῶν
1499 1498 1661 1534 κρασπέδων
1676 1495 1752 1525 αὐτὸ,
1767 1494 1818 1520 καὶ

1026 1550 1235 1584 ὲτελειὼσαμεν,
1255 1548 1283 1572 ὲν
1306 1547 1424 1581 πλείστῳ
1440 1546 1471 1580 δή
1488 1543 1594 1578 τινιτῷ
1611 1541 1713 1577 μεταξὺ
1726 1540 1816 1575 χρόνῳ

182 1586 323 1614 texuimus
337 1591 364 1614 et
385 1587 566 1621 absolvimus,
582 1595 643 1615 eum
669 1590 788 1624 plurimo
814 1591 861 1618 illo
889 1591 971 1619 inter-

1026 1597 1071 1623 τοῦ
1083 1597 1185 1631 προὸλή
1190 1604 1273 1631 ματος
1283 1593 1475 1629 ἀμεληθέντος,
1489 1589 1657 1624 Πτολεμαίου
1670 1587 1716 1614 τοῦ
1732 1588 1815 1618 πάνυ,

182 1633 258 1667 jecto
275 1637 398 1667 tempore
422 1634 560 1668 problems
585 1635 738 1670 neglectum
766 1636 882 1664 fuisset:
899 1639 972 1673 quod

181 1685 310 1706 summus
324 1679 370 1706 ille
396 1678 575 1710 Ptolenueus,
603 1685 629 1707 et
650 1681 772 1708 divinum
800 1682 873 1709 istud
892 1685 973 1711 colle-

184 1725 259 1760 gium
276 1732 472 1752 successorum
487 1725 558 1760 ejus,
578 1726 650 1754 illius
668 1732 772 1754 tantum
788 1736 839 1755 usu
852 1731 973 1757 contenti

187 1771 300 1801 fuerint,
323 1778 403 1804 quem
432 1771 466 1797 ad
491 1777 688 1798 nocturnarum
714 1773 843 1800 horarntn
867 1780 974 1808 specta-

186 1816 288 1842 tionem
302 1815 486 1850 praestandam
504 1817 624 1844 sedecim
652 1818 705 1844 illa:
736 1819 821 1846 stellae
849 1821 974 1855 suppedi-

184 1866 255 1892 tant,
272 1869 339 1895 qnas
355 1863 428 1888 solas
452 1861 625 1896 Hipparchus
642 1862 814 1891 transferens
835 1864 974 1900 disposuit

185 1913 214 1933 ιιι
229 1914 343 1941 organo.
358 1905 443 1933 Venia
456 1912 546 1934 tamen
564 1909 740 1936 concedenda
755 1911 830 1942 viris,
849 1918 910 1938 cum
936 1920 975 1939 eae

186 1960 247 1984 res.
267 1960 328 1987 quae
348 1953 460 1987 majoris
480 1955 610 1980 momenti
625 1955 855 1991 etnulutnentique
877 1963 972 1990 erant,

185 2002 245 2025 tum
267 2002 358 2026 essent
375 1999 552 2032 inabsolutaa;
571 2004 598 2026 et
614 2001 696 2028 veluti
720 2002 810 2029 adhuc
831 2003 866 2030 ab
891 2005 974 2032 ubere

187 2045 308 2079 pendens
329 2049 356 2073 et
379 2046 477 2073 tenella
501 2048 666 2082 geometria,
688 2048 711 2076 si
733 2049 759 2076 in
778 2049 974 2084 hypotbesibus

187 2090 347 2118 laborarint.
362 2090 416 2119 Nos
436 2097 526 2119 autem
554 2099 603 2127 pro
629 2093 772 2121 elaborato
791 2095 974 2130 pulcherrimo

184 2143 302 2170 corpore
326 2138 447 2165 scientiae
469 2138 567 2173 huius.
599 2147 660 2166 cum
683 2140 709 2167 id
728 2141 787 2167 sine
808 2141 864 2168 ullo
882 2142 975 2169 labore

184 2186 282 2211 nostro
304 2183 434 2210 traditum
458 2186 646 2219 acceperimus
663 2206 670 2217 ,
702 2188 816 2221 gratiam
842 2188 974 2215 habemus

184 2228 240 2255 illis
257 2229 302 2263 qui
323 2235 543 2263 praemonuerunt
566 2231 654 2259 beatis
671 2232 757 2259 viris:
774 2241 827 2259 non
852 2237 942 2260 tamen
959 2241 973 2260 ιι

185 2274 356 2308 philosophia
376 2276 496 2302 alienum
520 2277 639 2304 studium
665 2278 805 2308 ducimus,
825 2284 850 2306 et
866 2279 972 2314 expoli-

185 2320 274 2347 tiones
300 2321 440 2354 speciosus
466 2322 545 2348 modo
581 2322 773 2355 introducere,
804 2329 886 2358 atque
913 2329 973 2351 arte

185 2365 273 2392 moliri
291 2365 439 2400 quidpiam,
454 2368 570 2401 amplius
596 2372 677 2401 atque
698 2369 848 2403 elegantius
868 2370 971 2404 aliquid

184 2410 325 2445 perlicere.
337 2411 573 2444 Quemadmodum
589 2414 661 2440 enim
675 2414 756 2440 urbes
769 2423 830 2441 cum
847 2416 972 2442 condun-

183 2460 246 2488 tur,
274 2459 307 2483 ad
333 2460 488 2485 necessaria
511 2463 618 2485 tantum
639 2460 807 2494 respiciunt.
833 2461 971 2495 quomodo

183 2503 342 2530 cottservari
362 2508 389 2530 et
412 2503 513 2530 durare
534 2505 638 2538 possint
662 2514 668 2531 :
687 2510 864 2539 augesccnlcs
878 2510 969 2534 autent

185 2556 238 2575 non
258 2549 373 2584 amplius
395 2551 559 2577 necessariis
583 2551 637 2578 illis
661 2556 795 2578 contenta‘.
814 2556 894 2584 sunt,
922 2552 969 2579 sed

184 2595 302 2621 maxima
315 2602 378 2629 pars
395 2595 593 2629 impendiorum
608 2597 663 2630 jam
676 2598 702 2623 in
721 2598 845 2632 porticus
864 2598 970 2631 specio-

186 2646 231 2665 sas
245 2643 272 2666 et
287 2639 493 2674 gymnasiorum
514 2641 718 2675 amplitudinem
741 2642 920 2674 transfertur,
945 2646 972 2668 et

186 2683 238 2709 fori
261 2684 444 2718 splendorem.
471 2684 508 2711 Ita
531 2686 654 2713 svientize
675 2687 766 2714 aditus
791 2687 919 2714 consistit
944 2688 971 2713 in

185 2728 268 2755 rebus
282 2730 446 2757 necessariis
456 2750 463 2760 .
477 2731 675 2758 incrementth
687 2738 777 2760 autem
795 2732 822 2758 in
836 2732 971 2759 excellen-

184 2774 310 2802 tioribus.
322 2774 396 2802 llanc
410 2783 474 2811 ergo
490 2777 524 2804 de
540 2777 729 2812 explanatione
755 2778 827 2813 globi
845 2778 972 2805 conside-

186 2820 334 2853 rationem,
359 2820 439 2855 312
454 2830 517 2850 cum
532 2823 617 2858 ipsam
633 2831 681 2858 per
704 2831 734 2852 se
749 2823 859 2859 dignam
877 2822 970 2852 studio

1026 1642 1133 1670 καὶτοῦ
1147 1641 1291 1668 θεσπεσίου
1308 1640 1403 1666 Θιάσου
1423 1638 1477 1664 τῶν
1497 1635 1710 1669 διαδεξαμένων,
1731 1632 1816 1667 αὐτὴν

1027 1689 1109 1722 μόνην
1118 1687 1189 1721 ἔχειν
1200 1685 1401 1720 ἀγαπησάντων
1408 1683 1457 1717 τὴν
1472 1681 1575 1717 χρείαψ
1585 1680 1619 1715 ἡν
1629 1678 1766 1714 ἀρκοῦσαν
1774 1678 1816 1707 εἰς

1024 1733 1054 1758 τὸ
1082 1730 1238 1766 νυκτερινὸν
1267 1729 1450 1764 ὡροσκοπεῖον
1474 1727 1498 1753 oi
1529 1724 1676 1751 ἑκκαίδεκα
1701 1722 1816 1756 ἀστέρες

1025 1778 1197 1812 παρείχοντο,
1214 1775 1260 1807 οὒς
1277 1775 1374 1810 μόνους
1390 1774 1541 1808 Ἵππαρχος
1561 1769 1714 1806 μετατιθεὶς
1732 1769 1815 1801 ἐγκα-

1024 1823 1136 1855 τέταξεν
1148 1822 1187 1857 τῷ
1201 1822 1318 1858 ὀργάνῳ.
1340 1821 1394 1847 Καὶ
1410 1819 1557 1853 συγγνώμη
1575 1817 1602 1843 δὲ
1614 1818 1670 1847 τοῖς
1686 1815 1815 1849 ἀνδράσιν

1024 1870 1078 1896 τῶν
1100 1867 1334 1904 προὺργιαιτέρων
1357 1865 1458 1892 ἀτελῶν
1478 1865 1572 1894 ὄντων,
1589 1861 1760 1896 γεωμετρίας
1774 1860 1816 1886 ἔτι

1024 1908 1243 1949 τιθηνουμένης,
1273 1912 1337 1947 περὶ
1369 1912 1418 1943 τὰς
1451 1909 1593 1940 ὑποθέσεις
1619 1906 1813 1943 ἀσχοληθῆναι.

1033 1960 1126 1995 Ἡμεῖς
1150 1959 1178 1984 δὲ
1200 1958 1270 1993 ὑπὲρ
1288 1957 1336 1984 τοῦ
1355 1956 1435 1991 σῶμα
1454 1954 1594 1989 πάγκαλον
1615 1951 1815 1988 ἐξεργάσασθαι

1024 2005 1074 2039 τῆς
1091 2006 1255 2039 ἐπιστήμης,
1272 2004 1379 2034 ἀπόνως
1395 2003 1472 2029 αὐτοὶ
1492 1999 1717 2036 παραδεξάμενοι,
1732 1997 1816 2032 χάριν

1026 2053 1051 2078 to
1055 2060 1103 2087 μεν
1109 2052 1164 2082 τοῖς
1172 2050 1373 2086 προηγορηκόσι
1382 2048 1436 2075 τῶν
1446 2048 1586 2083 μακαρίων
1593 2045 1705 2080 ἀνδρῶν.
1714 2045 1752 2070 Οὐ
1759 2043 1816 2079 μὴν

1025 2097 1186 2132 ἀφιλόσοφον
1211 2095 1364 2130 φιλοτιμίαν
1391 2093 1529 2129 ἡγούμεθα
1545 2093 1576 2119 τὸ
1593 2092 1640 2119 καὶ
1657 2090 1816 2126 ὠραϊσμοὺς

1024 2143 1217 2176 ἐπεισαγαγεῖν
1228 2142 1278 2177 ἤδη
1286 2141 1372 2173 τινὰς,
1381 2141 1429 2166 καὶ
1437 2138 1603 2174 τεχνιτεῦσαί
1619 2147 1656 2169 τι⁹
1665 2137 1710 2163 καὶ
1726 2144 1814 2168 προσ-

1024 2188 1222 2224 εξεργάσασθαι
1229 2186 1473 2223 περιττόν.Ὦσπερ
1481 2185 1535 2220 γὰρ
1541 2185 1569 2211 αἱ
1578 2183 1667 2214 πόλεις
1676 2182 1798 2216 οἰκιζόμε
1804 2196 1816 2202 -

1026 2243 1068 2260 ναι
1080 2234 1146 2269 πρὸς
1155 2233 1188 2259 τὰ
1198 2233 1334 2266 ἀναγκαῖα
1344 2231 1411 2266 μόνα
1420 2230 1528 2266 ὁρῶσιν.
1544 2230 1619 2260 ὅπως
1629 2229 1662 2255 ἂν
1672 2228 1812 2259 σώζοιντο,

1026 2281 1073 2306 καὶ
1090 2280 1164 2310 ὅπως
1179 2279 1211 2305 ἂν
1229 2277 1397 2311 διαγίνοιντο·
1412 2275 1577 2302 ὲπιδιδοῦσαι
1592 2275 1619 2300 δὲ
1633 2274 1682 2301 οὐκ
1697 2274 1734 2300 ἐτ’
1745 2274 1814 2306 ἀγα-

1025 2325 1113 2351 πῶσιν
1128 2324 1158 2350 τὸ
1171 2323 1327 2356 ἀναγκαῖον.
1336 2321 1393 2348 ἀλλ’
1402 2322 1419 2356 ἡ
1433 2321 1539 2354 δαπάνη
1552 2319 1650 2345 πλείων
1663 2319 1759 2349 αὑταῖς
1773 2319 1814 2348 είς

1024 2369 1108 2404 κάλλη
1133 2368 1217 2395 στοῶν
1237 2368 1282 2394 καὶ
1305 2366 1463 2400 γυμνασίων
1486 2364 1615 2400 μετετέθη
1630 2362 1814 2399 μεγέθηξ

1024 2416 1070 2442 καὶ
1078 2415 1259 2449 λαμπρότητα
1268 2414 1380 2448 ἀγορᾶς.
1388 2412 1481 2443 Οὕτως
1493 2411 1647 2445 ἐπιστήμης
1656 2411 1672 2445 ἡ
1685 2410 1733 2444 μὲν
1743 2409 1814 2444 πρό-

1022 2462 1080 2492 οδος
1100 2462 1129 2486 ὲν
1141 2461 1198 2490 τοῖς
1216 2459 1384 2493 ἀναγκαίοις,
1401 2459 1417 2493 ἡ
1435 2458 1463 2484 δὲ
1477 2457 1589 2492 αὔξησις
1604 2457 1632 2482 ἐν
1646 2457 1701 2486 τοῖς
1717 2463 1814 2490 περιτ-

1024 2509 1090 2538 τοῖς.
1103 2507 1139 2532 Th
1149 2507 1175 2532 δὲ
1191 2505 1248 2541 [ψ.
1259 2505 1304 2541 δὴ]
1316 2505 1427 2539 σκέμμα
1441 2504 1471 2530 τὸ
1484 2504 1546 2538 περὶ
1560 2502 1609 2536 τῆς
1622 2501 1814 2533 ἐξαπλώσεως,

1025 2553 1091 2579 αὐτὸ
1107 2553 1140 2578 δι’
1157 2552 1223 2579 αὐτὸ
1244 2551 1382 2586 φροντίδος
1399 2550 1582 2582 ἀξιώσαντες,
1609 2547 1814 2583 ὲξεπονὴσαμέν

1024 2607 1053 2624 τε
1067 2599 1112 2624 καὶ
1125 2598 1292 2632 σύγγραμμα
1305 2595 1502 2631 είργασὰμεθα,
1517 2593 1614 2629 πλήθει
1626 2602 1655 2620 τε
1670 2592 1814 2626 ἀναγκαίῳ

1025 2644 1072 2670 καὶ
1087 2643 1209 2678 ποικιλίᾳ
1231 2642 1416 2676 θεωρημάτων
1439 2641 1505 2667 αὐτὸ
1529 2637 1811 2668 καταπυκνώσαντες”

1024 2689 1071 2715 καὶ
1088 2690 1127 2719 εἰς
1141 2688 1218 2722 ὖλην-
1231 2686 1387 2722 μεταθεῖναι
1411 2686 1474 2716 τοὺς
1496 2685 1591 2718 λόγους
1614 2683 1732 2718 σπουδὴν
1754 2682 1813 2708 ὲθέ‹

1027 2733 1107 2768 μεθα,
1130 2732 1241 2766 ἄγαλμα
1262 2731 1402 2764 πάγκαλον
1418 2731 1463 2757 τοῦ
1482 2729 1613 2764 κοσμικοῦ
1628 2729 1747 2758 πλάτους
1764 2727 1813 2762 δη-

1026 2780 1250 2815 μιουργήσαντες.
1276 2779 1332 2812 Ti;
1355 2778 1383 2804 δὲ
1400 2777 1485 2812 αὐτῆς
1507 2777 1602 2810 ἐφόδου
1621 2774 1670 2802 καὶ
1686 2772 1814 2800 ἐπίπεδον

1024 2823 1194 2858 ἐπιφάνειαν,
1212 2823 1258 2850 καὶ
1279 2823 1328 2857 τὴν
1340 2822 1444 2857 ὁμαλὴν
1460 2821 1553 2857 κοίλην
1573 2822 1613 2852 εἰς
1634 2821 1697 2853 τοὺς
1714 2819 1815 2850 αὐτοὺς
