1990 3060
175 146 244 175 £335

719 150 761 177 DF.
780 151 869 178 DONO
883 151 1090 180 ASTROLABH
1111 154 1237 183 SERMO.

1727 152 1737 178 i
1747 151 1799 178 386

173 203 270 237 λόγους
285 203 393 238 τέμνειν
414 203 549 239 διδούσης.
575 205 788 240 συγγενεστέραν
815 206 960 241 ἡγούμενοι

1029 213 1039 235 t
1063 216 1129 236 cura
1149 211 1359 242 statuissemus,
1377 211 1597 240 elaboravimus,
1619 213 1647 236 et
1668 209 1801 243 scriptum

173 247 222 283 τὴν
233 249 356 275 ὁπωσοῦν
370 248 463 283 κοίλην
476 250 508 284 τῇ
520 248 610 275 τέλεον
626 252 757 286 σφαιρικῇ
770 258 776 265 ·
793 251 963 286 ὑπεμὸολαίᾳ

174 295 205 321 τὸ
220 295 319 326 πλάτος
336 295 524 329 ἐκοιλάναμεν,
549 295 583 321 τά
599 302 627 320 τε
644 294 712 322 ἄλλα
734 296 961 331 ἐπεμελήθημεν,

175 341 250 372 ὅπως
267 341 299 366 ἂν
312 342 328 375 ἠ
344 340 480 374 φαντασία
494 340 540 367 τοῦ
555 341 672 375 ὀργάνου
689 341 738 376 τῆς
750 342 880 377 ἀληθείας
897 342 963 368 ὑπο-

178 387 318 422 μιμνήσκῃ
332 386 377 413 τδν
390 386 482 413 ἔννουν
496 387 604 422 θεατήν.
624 387 678 413 Καὶ
693 387 746 423 γὰρ
763 389 819 419 τοῖς
833 388 863 420 ἓξ
881 387 962 423 μεγὲ-

176 433 250 459 θεσιν
275 433 338 463 τοὺς
363 432 540 467 διαφέροντας
563 432 681 467 ἀστέρας
705 432 889 468 ἐνετάξαμεν,
916 433 964 459 καὶ

176 479 239 509 τοὺς
249 478 317 512 πρὸς
327 477 456 513 ἀλλήλους
467 478 555 504 αὐτῶν
565 479 769 513 σχηματισμοὺς
781 479 963 513 ἐτηρήσαμεν.

180 523 242 549 Τῶν
256 523 284 549 δὲ
297 523 405 550 κύκλων
420 525 483 555 τοὺς
499 524 548 559 μὲν
566 524 782 559 περιηγάγομεν,
798 524 862 555 τοὺς
881 523 910 550 δὲ
925 523 965 550 δι-

177 570 319 605 ηγάγομεν
332 579 337 585 ·
352 570 474 601 ἅπαντας
485 571 514 597 δὲ
527 571 660 606 ὲτέμομεν
670 571 811 605 μοιρικῶς,
822 570 870 602 τὰς
883 571 966 598 πέντε

180 616 318 651 μοιριαίας
340 616 471 651 γραμμὰς
503 616 611 650 μείζους
639 617 693 642 τῶν
721 616 864 651 μοιριαίων
888 616 967 650 ποιή-

180 670 276 690 σαντες
288 670 294 676 ·
321 662 362 688 ὅτι
386 663 432 688 καὶ
455 662 504 694 τὰς
530 662 687 698 ἐπιγραφὰς
699 661 753 687 τῶν
769 661 892 696 ἀριθμῶν
906 661 966 688 κατ’

179 708 264 738 αὐτὰς
280 708 506 744 παρηυξήσαμεν,
532 709 579 734 καὶ
599 709 627 734 ὲν
650 707 763 742 ἀργύρῳ
783 706 830 733 τοῦ
855 706 968 741 μέλανος

180 753 299 788 ἔμφασιν
310 753 411 788 βιϐλίου
423 752 563 784 ποιοῦντος
573 753 603 779 τὸ
614 753 803 787 ὑποκείμενον.
815 751 968 786 Τέτμηνται

179 799 208 826 δὲ
222 800 270 834 οὐχ
284 799 450 834 ὁμοστοίχως
469 798 587 829 ἅπαντες
597 819 605 830 ,
626 797 683 824 οὗθ’
697 798 802 829 ἑαυτοῖς
818 795 874 822 οὔτ’
887 795 968 831 ἀλλή-

179 846 237 877 λοις
248 854 254 860 ·
271 846 327 872 ἀλλ’
338 846 362 871 οἱ
377 846 424 880 μὲν
437 845 476 874 είς
492 845 553 875 ἴσας
567 844 663 879 τομὰς,
675 845 698 870 ol
712 844 740 870 δὲ
755 843 906 878 ἀνωμάλως
920 842 968 877 μὲν

1015 253 1169 286 edidimus,
1187 255 1258 289 quod
1269 263 1330 281 cum
1349 255 1427 290 copia
1446 255 1601 282 necessaria
1615 274 1622 285 ,
1643 257 1698 280 tum
1713 254 1802 280 varie<

1016 298 1278 325 tatetheorematum
1297 299 1476 331 stipavimus,
1497 302 1523 325 ct
1543 298 1576 325 ad
1591 297 1731 324 matcriatn
1747 301 1800 323 tra-

1015 341 1116 369 ducere
1147 343 1346 376 disputationes
1379 343 1554 375 studuimus,
1585 343 1801 378 pulcherrimum

1015 386 1116 413 tabulae
1133 387 1225 414 mundi
1240 387 1418 415 simulacrum
1433 388 1529 414 moliti.
1545 387 1613 414 Cum
1630 394 1693 414 vero
1708 386 1802 413 eadem

1016 432 1145 459 tractatio
1175 437 1202 460 et
1229 434 1337 468 planam
1361 433 1554 467 superﬁciem,
1577 437 1604 460 et
1634 432 1804 468 aequabiliter

1015 484 1110 504 cavam
1138 477 1165 504 in
1194 479 1314 505 rationes
1336 483 1425 506 certas
1448 485 1541 504 secare
1565 478 1719 508 concedat,
1739 477 1803 511 quia

1016 522 1147 557 majorem
1178 525 1370 558 cognationem
1390 523 1491 550 habere
1516 523 1684 549 ducebanius
1711 522 1804 556 quale-

1018 575 1127 603 cunque
1150 575 1246 595 cavum
1279 576 1342 595 cum
1372 575 1486 602 corpore
1517 567 1636 602 perfecte
1665 567 1802 601 globOSo:

1017 613 1121 641 idcirco
1145 615 1226 648 plana
1249 614 1341 641 tabula
1359 621 1456 640 cavum
1482 611 1661 647 deprimendo
1689 611 1806 646 perfeci-

1017 667 1079 686 mus
1099 669 1105 686 :
1130 663 1187 686 tum
1207 659 1259 686 alia
1290 660 1503 694 exquisivimus,
1522 666 1576 693 quo
1590 657 1684 692 organi
1702 657 1805 691 species

1018 711 1144 738 sagacem
1167 707 1348 738 spectatorem
1370 703 1403 730 de
1421 703 1536 730 veritate
1561 702 1714 729 admoneat.
1738 700 1804 727 Nam

1018 753 1045 776 et
1059 749 1153 776 stellas
1170 749 1242 780 illas,
1256 756 1371 783 quarum
1391 756 1455 775 sena
1476 747 1694 782 magnitudinum
1709 746 1807 773 discri-

1019 794 1093 820 mina
1115 798 1194 825 sunt,
1213 794 1309 821 ordine
1327 794 1512 825 insernimus,
1531 797 1558 819 et
1577 792 1672 819 harum
1695 792 1766 818 inter
1778 798 1808 818 se

1021 838 1255 866 conformationes
1290 838 1468 865 servavimus.
1503 836 1542 864 De
1571 836 1683 863 circulis
1717 840 1807 861 autem

181 892 228 918 καὶ
252 890 352 922 ἀνίσως
369 890 440 917 κατά
455 890 504 924 τὴν
518 889 655 924 αἴσθησιν,
680 889 718 924 τῷ
732 889 804 923 λόγῳ
819 888 847 914 δὲ
861 887 969 922 ὁμαλῶς

1027 883 1153 920 quosdam
1172 884 1277 910 circum
1301 883 1390 915 alios,
1410 881 1544 917 quosdam
1568 888 1615 915 per
1639 880 1707 907 alios
1729 879 1809 906 duxi-

180 946 210 964 τε
235 938 281 964 καὶ
296 935 342 963 ἶσα
358 936 414 972 [γρ.
431 935 517 970 ἱ¹σως].
535 935 621 962 Τοῦτο
644 934 699 970 γὰρ
724 935 777 961 ἔδει
795 933 967 968 συμϐαίνειν,

181 983 215 1009 ἵν’
228 981 384 1018 ὁμολογήσῃ
399 981 432 1007 τὰ
449 981 613 1016 διαφέροντα
628 981 765 1015 σχήματα.
781 979 820 1004 Δι’
833 979 867 1013 ἢν
879 978 968 1005 αἰτίαν

181 1028 229 1055 καὶ
243 1029 267 1054 οἱ
282 1027 325 1054 διὰ
340 1027 393 1053 τῶν
410 1026 500 1053 πόλων
516 1034 545 1053 τε
559 1026 605 1052 καὶ
622 1025 676 1052 τῶν
689 1023 830 1060 τροπικῶν
847 1023 968 1058 σημείων

180 1073 348 1108 γραφόμενοι
365 1072 485 1107 μέγιστοι
508 1071 619 1103 κύκλοι,
642 1069 681 1106 τῷ
695 1070 766 1105 λόγῳ
782 1069 906 1104 μένοντες
923 1067 969 1094 κύ-

182 1119 251 1151 κλοι,
269 1118 411 1152 γεγόνασιν
426 1117 529 1144 εὐθεῖαι
546 1118 578 1152 τῇ
604 1115 747 1151 μεταθέσει
762 1114 808 1141 τοῦ
823 1113 968 1149 θεωρήμα-

181 1173 228 1196 τος
240 1173 246 1179 ·
269 1164 284 1190 ὅ
298 1173 327 1190 τε
345 1163 538 1199 Ἀνταρκτικδς
559 1162 658 1198 μείζων
673 1161 832 1188 ὲντέτακται
851 1159 905 1186 τῶν
922 1166 970 1193 με-

182 1210 293 1243 γίστων,
306 1210 353 1236 καὶ
367 1209 401 1235 τὰ
416 1209 484 1244 πρὸς
499 1208 628 1243 ἀλλήλους
641 1207 812 1241 διαστήματα
825 1204 881 1231 τῶν
890 1203 970 1230 ἀστέ-

185 1263 239 1288 ρων
256 1254 422 1290 ὲμεγεθύνθη
444 1254 502 1280 κατ’
520 1254 607 1280 ἐκεῖνο
628 1252 678 1287 τῆς
700 1250 889 1284 ἐξαπλώσεως.
908 1249 970 1275 Τῶν

184 1300 212 1326 δὲ
227 1300 444 1336 ἐπιγραμμάτων
465 1299 482 1326 ἀ
497 1299 541 1326 διὰ
555 1298 656 1334 χρυσοῦ
673 1297 783 1332 στερεοῦ
797 1297 857 1326 ταῖς
874 1293 970 1329 σχολα-

186 1345 295 1377 ζούσαις
317 1345 440 1380 ἀστέρων
462 1345 582 1380 χώραις,
607 1343 677 1371 κατὰ
706 1343 751 1370 τὸν
778 1339 971 1375 ’Λνταρκτικδν

186 1390 285 1416 κύκλον
299 1390 498 1424 ὲγκολάψαντες
513 1389 694 1424 ἑνεθήκαμεν,
710 1389 740 1415 τὸ
756 1388 804 1422 μὲν
818 1386 930 1420 ὕστερον
942 1385 974 1410 τὸ

185 1435 360 1470 τετράστιχον
389 1435 501 1470 ἀρχαῖόν
525 1436 615 1467 ἐστιν,
639 1433 828 1467 ἀπλουστέρως
850 1431 911 1466 ἔχον
935 1430 975 1460 εἰς

187 1482 366 1516 ἀστρονομίαν
379 1481 515 1516 ἐγκώμιον
527 1489 533 1496 ·

1020 938 1081 957 mus
1094 939 1100 956 :
1117 930 1261 956 universos
1273 933 1364 956 autent
1380 928 1407 955 in
1422 931 1515 962 partes
1526 926 1679 958 secuimus;
1694 930 1720 952 et
1732 925 1809 959 quin.

1020 979 1109 1002 tarum
1124 978 1200 1002 certe
1213 975 1331 1009 partium
1345 974 1431 1001 lineas
1442 972 1603 1008 grandiores
1614 979 1695 1006 quam
1714 970 1808 1004 singu-

1021 1020 1109 1046 larum
1130 1020 1248 1054 partium
1267 1019 1381 1046 fecimus
1397 1028 1404 1045 :
1423 1023 1568 1053 propterea
1584 1017 1659 1052 quod
1678 1023 1810 1043 numero-

1022 1073 1080 1091 rum
1101 1066 1182 1091 etiam
1206 1064 1399 1098 inscriptiones
1420 1064 1497 1097 juxta
1519 1062 1568 1088 has
1591 1060 1808 1095 exsculpsimus,

1021 1114 1103 1144 atque
1118 1110 1145 1136 in
1157 1112 1287 1144 argento.
1308 1108 1336 1135 in
1357 1115 1411 1143 quo
1427 1111 1516 1134 atrum
1537 1106 1598 1132 libri
1621 1105 1738 1140 speciem
1756 1111 1810 1138 pra:

1022 1163 1051 1182 se
1067 1155 1128 1186 fert,
1146 1155 1171 1181 id
1184 1155 1254 1189 quod
1269 1154 1375 1180 litteras
1389 1154 1500 1187 excipit.
1517 1152 1632 1180 Dissecti
1643 1154 1733 1177 autem
1747 1153 1811 1176 sunt

1023 1208 1077 1227 non
1102 1200 1160 1235 pari
1189 1200 1261 1226 serie
1285 1198 1423 1229 universi,
1440 1201 1494 1224 tam
1519 1198 1570 1232 ipsi
1596 1205 1643 1231 per
1667 1204 1696 1223 se
1729 1202 1810 1229 quam

1023 1249 1149 1280 respectu
1177 1246 1247 1271 inter
1266 1252 1296 1270 se
1316 1253 1322 1270 :
1349 1244 1395 1270 sed
1421 1244 1464 1270 alii
1495 1243 1606 1277 quidem
1630 1242 1656 1268 in
1677 1241 1812 1267 sectiones

1023 1291 1161 1326 aequales,
1189 1290 1235 1316 alii
1269 1296 1333 1315 vero
1363 1288 1561 1322 inarquabililcr
1586 1290 1613 1313 et
1644 1285 1813 1319 inatqnaliier

1026 1345 1123 1367 sensu,
1143 1336 1248 1362 ratione
1266 1339 1356 1361 autem
1377 1338 1404 1361 et
1423 1333 1592 1368 aequabiliter
1610 1336 1636 1358 et
1659 1330 1813 1364 aaqualiter.

1027 1381 1055 1409 Id
1079 1381 1150 1409 enim
1183 1380 1308 1408 accidere
1336 1383 1456 1414 oportet,
1486 1383 1515 1405 ut
1545 1380 1730 1404 consentanea
1758 1374 1814 1401 sint

1029 1428 1144 1455 diversa;
1167 1426 1268 1461 figurae.
1283 1426 1341 1458 Qua
1370 1424 1403 1451 de
1428 1430 1511 1450 causa
1527 1427 1554 1450 et
1575 1422 1614 1448 illi
1634 1420 1745 1448 maximi
1764 1419 1815 1446 cir-

1032 1473 1085 1500 culi
1100 1471 1147 1505 qui
1166 1479 1213 1506 per
1224 1472 1301 1505 polos
1316 1475 1343 1497 et
1358 1474 1457 1505 puncta
1474 1468 1578 1503 tropica
1603 1465 1813 1496 describuntur,

187 1537 249 1556 cum
266 1530 432 1556 circulorum
446 1528 578 1555 rationem
596 1527 742 1558 retineant,
754 1525 921 1552 tbeoremate
931 1525 1046 1549 mutato.
1062 1524 1144 1546 recta:
1154 1518 1233 1545 lineae
1248 1517 1312 1544 facti
1328 1522 1393 1544 sunt
1406 1524 1413 1542 ε
1425 1516 1652 1548 Antarcticusque
1667 1515 1705 1541 ita
1724 1512 1815 1558 inser:

189 1579 234 1601 tus
248 1578 301 1607 est,
322 1578 350 1601 ut
367 1574 453 1608 major
466 1575 501 1601 sit
512 1581 594 1608 quam
610 1572 648 1599 illi
661 1570 774 1598 maximi
796 1579 803 1597 :
817 1573 873 1596 tum
894 1567 1033 1594 intervalla
1048 1565 1148 1599 quibus
1168 1564 1253 1592 stella:
1275 1563 1345 1590 inter
1359 1569 1389 1589 se
1401 1561 1521 1592 distant,
1542 1559 1645 1593 majora
1661 1558 1730 1584 facta
1750 1549 1815 1583 ςιιιιι

189 1620 218 1648 in
237 1621 282 1648 illa
297 1621 496 1655 explanationis
512 1620 626 1646 ratione.
648 1618 686 1645 De
705 1615 912 1652 epigrammatis
931 1618 1020 1640 autem
1032 1633 1038 1643 .
1054 1619 1116 1646 quae
1134 1619 1166 1639 ex
1189 1611 1278 1639 solido
1291 1617 1358 1637 auro
1373 1610 1400 1636 in
1414 1607 1534 1635 vacuis.a
1553 1605 1641 1633 stellis
1662 1603 1747 1636 locis,
1764 1601 1814 1630 sui:

190 1668 293 1694 circulo
309 1666 468 1693 Antarctico
482 1670 596 1694 exarata
615 1664 811 1699 apposuimus:
830 1662 864 1688 de
877 1660 930 1690 hisI
946 1660 1069 1693 inquam,
1086 1658 1200 1684 alterum
1221 1656 1359 1691 posterius
1375 1659 1401 1682 et
1417 1657 1535 1688 quatuor
1549 1656 1689 1680 versuum,
1700 1648 1727 1675 id
1739 1651 1816 1675 vetus

191 1717 242 1745 est,
263 1712 336 1746 quod
356 1711 531 1739 astronomiae
545 1710 652 1737 laudem
668 1708 803 1739 continet.
823 1703 999 1739 simplicioris
1013 1701 1159 1736 cujusdam
1176 1701 1257 1727 modi.

193 1778 252 1808 076‘
266 1780 310 1807 ὅτι
331 1779 438 1812 θνατὸς
459 1778 532 1810 ἐγὼ,
554 1777 601 1803 καὶ
625 1775 789 1810 ἐφάμερος·
808 1772 886 1812 ,ἀμ’
906 1771 975 1796 ὅταν

1067 1767 1131 1795 Sum
1147 1767 1265 1794 mortalis
1278 1767 1364 1795 Itonia.
1378 1766 1437 1792 vita:
1448 1771 1548 1799 quoque
1559 1762 1705 1797 perbrevis:
1719 1766 1745 1787 at
1759 1767 1818 1785 cum

825 1807 943 1832 ἄστρων

235 1849 356 1883 Ἰχνεύω
369 1847 499 1880 πυκινὰς
516 1807 924 1883 ἀμφιδρόμο-υς-ᾇίλικάἔσῗρῗ

191 1886 251 1911 Οὐκ
261 1876 303 1910 ’ἔτ’
315 1883 451 1917 ἐπιψαύῳ
462 1876 548 1917 γὰίηξξ
557 1876 660 1909 ἓτοὰὶιὲ.
671 1879 759 1917 ἀλλὰ*
765 1878 831 1917 παρ)
848 1876 928 1906 αὐτῷ

229 1918 302 1952 Ζηνὶ
319 1911 493 1952 διοὲρεφέώς
512 1911 682 1950 πὲῗμπλαμαι
700 1911 874 1947 ἀμϐροσίης.

195 1985 232 2012 Τὸ
246 1985 274 2011 δὲ
290 1984 440 2019 ἡγούμενον
460 1981 542 2009 αὐτοῦ
556 1981 588 2007 τὸ
601 1980 780 2014 ὀκτάστιχον,-
795 1977 909 2012 ἐποιήθη
932 1976 982 2011 μὲν

196 2030 241 2064 ὑφ’
267 2027 297 2056 οὗ
317 2029 347 2055 τὸ
369 2028 458 2064 ἔργον,
483 2027 568 2063 ἐμοῦ·
595 2024 783 2061 σπερματικὴν
804 2023 833 2050 δὲ
857 2023 913 2057 ἔχει
936 2021 984 2048 καὶ

197 2075 343 2109 καθολικὴν
366 2074 504 2109 περίνοιαν
526 2072 580 2099 τῶν
604 2070 793 2106 ὲνορωμένων,
817 2069 875 2103 μετ’
894 2067 984 2102 ἰσχύος

197 2120 415 2155 ἀπηγγελμένον,
429 2120 476 2145 καὶ
492 2115 710 2152 ἐπιστημονικῶς
726 2115 825 2150 μᾶλλον
838 2114 855 2149 ἦ
866 2112 985 2147 ἀκριϐῶς

199 2167 256 2202 [γρ.
273 2165 377 2202 ἁϐρῶς]
400 2163 587 2199 συγκείμενον.
605 2164 637 2189 Ὃ
651 2161 805 2194 διαλέγεται
821 2159 889 2194 πρὸς
908 2158 986 2194 μόνον

198 2211 244 2238 τὸν
257 2211 432 2246 ἀστρονόμον,
449 2209 475 2236 τί
496 2209 529 2236 ἂν
545 2208 637 2235 ὄναιτο
651 2207 699 2233 τοῦ
717 2206 844 2241 ὀργάνου.
863 2205 918 2235 Τὰς
933 2204 987 2237 γὰρ

200 2257 302 2292 ἐποχὰς
324 2256 493 2290 ὑπισχνεῖται
513 2254 567 2280 τῶν
588 2253 712 2288 ἀστέρων
731 2259 737 2266 ·
765 2250 822 2277 ἀλλ’
844 2249 901 2277 οὔτι
922 2249 988 2284 φησὶ

201 2302 270 2336 πρὸς
293 2301 338 2328 τὸν
369 2299 518 2332 ζωδιακὸν,
547 2298 614 2326 ἀλλὰ
644 2297 710 2332 πρὸς
742 2295 789 2322 τον
821 2295 986 2330 ἰσημερινόν.

208 2348 309 2382 Ἐφάνη
323 2347 377 2382 γὰρ
402 2346 446 2373 διὰ
466 2345 520 2372 τῶν
540 2343 710 2379 γραμμάτων
738 2341 768 2368 τὸ
785 2340 897 2372 ἐκείνως
920 2340 989 2366 ἑλεῖν

202 2393 342 2419 ἀδύνατον.
375 2391 429 2417 Καὶ
448 2390 498 2422 τὰς
519 2389 646 2421 λοξώσεις
669 2388 751 2423 φησὶν
776 2386 913 2418 δίδοσθαι,
936 2385 990 2411 τῶν

206 2436 296 2472 μερῶν
317 2435 364 2462 τοῦ
390 2433 522 2466 ζωδιακοῦ
555 2433 674 2468 δηλονότι
699 2431 767 2467 πρὸς
789 2431 823 2458 τὰ
848 2430 918 2466 μέρη
943 2428 989 2456 τοῦ

206 2481 363 2517 ἰσημερινοῦ
376 2489 383 2496 ·
404 2480 450 2507 ἐπὶ
470 2480 536 2506 πᾶσι
555 2479 605 2510 τὰς
627 2476 823 2511 συναναφορὰς,
842 2476 914 2502 τοῦτ’
933 2474 990 2501 ἐστι

205 2530 265 2560 ταῖς
279 2528 375 2558 πόσαις
390 2526 435 2553 τοῦ
456 2524 587 2557 ζωδιακοῦ
610 2524 715 2559 μοίραις
734 2524 761 2549 αἱ
776 2523 856 2548 πόσαι
869 2521 915 2547 τοῦ
933 2522 992 2555 [ση-

209 2574 319 2610 μερινοῦ
335 2574 380 2600 τὸν
395 2573 476 2599 αὐτὸν
491 2571 646 2606 ἰσημερινὸν
662 2570 853 2605 διεξέρχονται.
871 2569 949 2594 Ἔστι
964 2567 992 2593 δὲ

206 2619 267 2646 τόδε
281 2627 287 2634 ·
321 2618 468 2653 γεγράφθω
497 2617 526 2643 δὲ
548 2616 601 2643 τῶν
625 2615 739 2650 ὕστερον
763 2614 993 2648 ἀναγνωσομένων

208 2665 300 2693 εἵνεκα
313 2673 320 2681 ·
337 2663 396 2690 ἐπεὶ
412 2664 452 2690 σοί
466 2671 497 2696 γε
510 2662 562 2688 κάν
575 2660 612 2695 τῷ
626 2660 722 2686 πίνακι
734 2660 857 2694 κείμενον
870 2659 990 2694 ἐξαρκεῖ.

1067 1835 1147 1860 Astra
1163 1833 1303 1867 globosque
1314 1832 1367 1866 poli
1386 1831 1513 1857 scandere
1527 1831 1576 1864 fert
1589 1829 1713 1867 quirinus;

1034 1868 1098 1895 Tum
1116 1864 1224 1901 pedibus
1237 1864 1288 1893 non
1300 1864 1373 1892 cnlco
1390 1868 1474 1892 solum
1487 1873 1495 1901 ς
1510 1867 1554 1891 sed
1566 1865 1661 1901 celsior
1677 1864 1731 1901 ullo

1067 1898 1150 1929 Αιιέιο
1162 1902 1239 1934 Javi,
1257 1907 1334 1934 atque
1347 1902 1418 1926 alma
1433 1900 1555 1933 perfruar
1568 1898 1711 1925 antbrosia.

1033 1981 1114 2016 313
1129 1981 1253 2007 Alterum
1266 1986 1330 2005 vero
1342 1978 1438 2004 ordine
1453 1977 1540 2011 prius,
1559 1975 1631 2010 quod
1646 1978 1709 2001 octo
1724 1980 1820 2000 versus

1034 2027 1133 2057 habet,
1151 2024 1331 2059 compositum
1357 2027 1400 2050 est
1421 2023 1455 2049 ab
1480 2029 1512 2049 eo
1533 2029 1547 2047 a
1569 2028 1623 2055 quo
1647 2024 1675 2046 et
1696 2026 1784 2053 opus,
1806 2025 1822 2044 a

1035 2079 1078 2098 me
1094 2071 1208 2097 scilicet.
1228 2069 1357 2104 Sparsam
1371 2072 1463 2094 autem
1484 2066 1606 2093 continet
1624 2069 1652 2092 et
1665 2063 1821 2098 generalem

1035 2115 1285 2143 considerationem
1302 2121 1396 2140 eorum
1411 2120 1471 2147 qua:
1484 2115 1653 2140 cernuntur.
1669 2108 1823 2144 profertur-

1037 2169 1090 2196 que
1107 2169 1167 2187 cum
1187 2161 1229 2192 vi,
1246 2167 1308 2186 cum
1324 2159 1362 2185 ita
1381 2158 1481 2184 factum
1495 2157 1545 2187 sit,
1565 2160 1594 2182 ut
1609 2154 1742 2182 doctrina:
1760 2153 1826 2187 plus

1037 2214 1118 2241 quam
1147 2205 1290 2239 elegantiae
1315 2203 1426 2230 habeat.
1455 2201 1569 2228 Enarrat
1593 2199 1693 2234 quippe
1718 2201 1824 2224 tantum

1038 2257 1206 2280 astronomo.
1220 2249 1285 2284 quid
1300 2248 1405 2275 fructus
1416 2248 1450 2274 ab
1461 2253 1563 2281 organo
1575 2245 1715 2279 percipere
1727 2242 1824 2278 possit.

1038 2298 1106 2325 Nam
1121 2301 1147 2324 et
1164 2297 1223 2323 loca
1240 2295 1376 2330 promittit
1394 2294 1531 2322 siderum.
1550 2299 1603 2318 non
1620 2294 1711 2316 tamen
1733 2287 1825 2322 Signi-

1040 2342 1092 2370 feri
1112 2347 1259 2377 respectu,
1284 2340 1333 2367 sed
1358 2337 1593 2373 :Equinoctialis:
1620 2335 1671 2362 hoc
1692 2333 1764 2361 enim
1793 2333 1828 2359 de

1041 2389 1213 2423 expositione
1227 2386 1330 2420 scripta
1346 2385 1402 2420 jam
1423 2384 1511 2419 patuit
1525 2402 1532 2414 ,
1549 2381 1606 2409 ﬁeri
1624 2388 1680 2407 non
1695 2386 1777 2414 posse
1798 2381 1828 2404 ut

1042 2421 1088 2461 illo
1110 2433 1192 2459 modo
1207 2429 1458 2465 deprehendantur.
1477 2426 1547 2453 Tum
1565 2424 1768 2459 obliquationes
1790 2421 1829 2447 ait

1043 2478 1145 2507 elﬁctas
1167 2486 1249 2508 esse.
1272 2476 1392 2511 partium
1418 2473 1524 2501 scilicet
1550 2471 1668 2498 Zodiaci-
1684 2469 1716 2496 ad
1736 2471 1828 2503 partes

1044 2523 1259 2559 {Equinoctialis
1269 2541 1276 2553 ,
1291 2527 1318 2549 et
1335 2521 1363 2548 in
1379 2519 1495 2554 singulis
1513 2525 1573 2552 quae
1587 2523 1649 2544 eum
1665 2515 1720 2542 illis
1733 2520 1787 2540 una
1799 2519 1828 2538 se

1043 2557 1208 2606 proferunt:
1232 2568 1260 2595 id
1283 2573 1344 2599 est,
1368 2573 1429 2593 eum
1453 2569 1520 2599 quot
1547 2562 1673 2597 partibus
1699 2557 1829 2588 Zodiaci,

1044 2602 1110 2650 quot
1130 2612 1344 2648 Equinortialis
1369 2618 1416 2645 per
1435 2610 1511 2636 illum
1530 2609 1618 2642 ipsum
1636 2602 1829 2639 Equinoctia-

1044 2661 1096 2688 lem
1109 2662 1261 2687 transeunt.
1277 2657 1324 2685 Est
1345 2661 1435 2683 autem
1448 2654 1624 2689 Epigramma
1643 2650 1716 2685 quod
1739 2653 1831 2684 poste-

210 2717 303 2737 rorum
325 2716 409 2736 causa
435 2708 486 2734 hoc
511 2707 571 2733 loco
595 2706 744 2739 ascriptum
769 2708 811 2731 est
826 2725 834 2738 ,
858 2705 904 2739 qui
934 2705 989 2732 sint
1006 2706 1126 2733 lecturi:
1150 2713 1213 2732 nam
1231 2703 1281 2731 tibi
1297 2702 1406 2737 quidem
1422 2700 1490 2728 satis
1504 2706 1561 2730 est,
1597 2698 1624 2724 in
1648 2696 1739 2724 tabula
1770 2701 1832 2723 esse

211 2757 339 2784 incisum.

217 2799 250 2829 Ἣ
259 2801 350 2834 σοφίη
360 2801 463 2827 στίϐον
473 2797 561 2834 εὗρεν
570 2798 602 2834 ἐς
609 2797 749 2834 οὐρανόν.
757 2796 790 2824 Ὦ
797 2797 872 2834 μέγα
879 2799 976 2833 θαῦμα
982 2797 993 2824 !

246 2831 306 2864 Καί
316 2831 385 2865 νόος
400 2834 432 2864 ἑΕ
448 2833 546 2862 αὐτῶν
563 2831 656 2867 ἦλθεν
668 2833 863 2866 ἐπουρανίων.

1047 2794 1148 2823 Invenit
1164 2792 1256 2827 sophia
1272 2790 1396 2827 ademto;
1408 2789 1509 2827 aditi-1m
1528 2795 1544 2827 :_
1559 2787 1633 2826 maia
1651 2786 1741 2813 mira!

1084 2821 1118 2856 Ut
1136 2821 1207 2855 mens
1224 2825 1353 2854 ιωιὶιίὺιιι
1371 2824 1436 2852 venit
1451 2823 1483 2849 ab
1499 2821 1624 2849 (tl/write.
