1941 3066
161 126 230 156 1619

760 125 790 153 S.
814 124 952 152 ARSEMI
972 121 1137 152 EREIITB

1730 124 1820 152 1620

159 184 275 220 spiritus
290 184 480 212 entundationi
494 182 665 211 studeamus.
679 182 762 217 Atqui
775 181 871 209 multis
883 188 945 209 sane

1001 189 1081 213 σεως,
1096 181 1248 217 χρημάτων
1265 181 1366 217 ἔρωτος
1379 190 1386 197 ·
1410 182 1457 209 καὶ
1471 181 1520 208 τοῦ
1536 182 1646 210 πάντων
1661 182 1814 218 χείρονος.

158 228 191 258 ea
204 230 319 258 incessit
336 238 413 263 cura,
429 235 458 257 ut
473 229 670 257 scortationem
691 235 723 254 ac
739 228 867 254 carnales
883 227 947 254 reli-

159 283 228 312 quas
247 275 375 304 libidines
400 275 571 310 affectusque
584 274 730 310 diligenter
753 276 883 300 caverent
897 280 904 299 :
920 277 949 299 ut

159 325 251 348 autem
264 321 417 348 occultiora
432 319 498 348 vitia
513 320 648 351 eluerent,
668 323 733 354 puta
751 317 870 348 invidiae,
888 319 948 343 ina-

158 365 203 393 nis
220 366 325 401 gloriaa,
341 374 420 393 vanae
437 373 496 394 suae
509 365 650 401 opinionis
664 368 692 391 et
703 364 855 399 jactantize,
872 370 948 389 auto-

158 411 198 438 ris
217 412 408 446 pecuniarum,
429 412 610 446 omniumque
632 410 763 437 vitiorum
792 408 947 438 deterrimi.

158 457 304 490 superbiae.
319 465 406 493 seque
419 457 518 485 borum
539 457 664 484 molestia
688 455 849 486 liberarent,
869 453 947 488 pauci

157 501 304 530 admodum
327 511 472 531 curavere.
490 502 560 530 llinc
583 502 612 529 fit
630 506 660 529 ut
684 501 799 528 ditnidio
824 500 948 526 tuutilaut

1001 225 1204 262 ὑπερηφανείας
1216 233 1223 240 ⁵
1251 226 1354 253 τούτοιν
1370 227 1500 261 ἐκφυγεῖν
1519 227 1570 259 τὰς
1590 227 1730 262 ὀχλήσεις,
1747 227 1818 253 ὁλε-

1000 279 1045 305 γοι
1070 271 1168 307 κομιδῇ
1196 272 1410 307 πεφροντήκασι.
1429 273 1565 309 Ταύτῃτοι
1590 273 1640 308 τὴν
1661 273 1815 308 κάθαρσιν

1000 317 1030 351 ἐξ
1044 317 1172 353 ἡμισείας
1188 317 1296 352 ἔχουσιν
1309 316 1382 345 οὗτοι
1394 326 1401 332 ”
1415 319 1516 354 μᾶλλον
1530 319 1570 350 δὲ,
1581 319 1622 354 τῷ
1633 318 1740 345 πλείονι
1751 319 1814 345 καὶ

1001 363 1162 398 κυριωτέρῳ
1191 363 1270 399 μέρει
1287 363 1439 399 ἀκάθαρτοι
1467 365 1640 400 μεμενήκασι
1652 373 1660 379 ⁸
1676 366 1726 391 καὶ
1742 362 1813 391 οἷον

1001 407 1160 443 ἀνδριάντες
1177 408 1257 440 εἰσιν,
1271 408 1296 434 οῖ
1313 409 1412 441 ἔξωθεν
1430 410 1480 444 μὲν
1501 410 1539 444 τῷ
1555 410 1648 445 χρυσῷ
1665 410 1812 441 πολλάκις

1001 453 1018 489 ἢ
1031 454 1078 480 καὶ
1091 453 1188 489 χαλκῷ
1207 454 1356 485 στίλϐουσι.
1370 455 1404 481 τὰ
1418 455 1446 481 δὲ
1460 455 1546 484 ἔνδον.
1562 456 1737 491 ἀκαθαρσίας
1751 457 1810 482 καὶ

1003 498 1068 533 ὕλης
1085 498 1175 533 πάσης
1190 498 1273 534 ἄλλης
1289 499 1468 534 πεπλήρωται
1479 499 1661 534 φαυλοτάτης.

156 548 187 576 1ιὶ
202 549 423 577 emundationem
437 549 596 581 obtineant;
615 548 682 583 quin
699 547 756 574 into
775 546 872 580 majori
895 544 1048 580 potiorique
1065 549 1142 579 parte
1174 545 1309 572 immundi
1342 550 1521 581 perseverant
1538 555 1545 579 ;
1581 552 1705 582 suntque
1740 554 1808 576 sta-

156 595 213 623 tuis
230 595 346 627 similes,
364 594 434 622 foris
452 594 562 629 quidem
583 593 685 628 sa-pius
703 601 772 620 auro
797 597 846 620 aut
881 592 963 618 etiam
983 598 1036 617 a‘re
1057 591 1237 625 lulgentibus.
1273 599 1335 619 cum
1361 593 1436 620 intus
1459 593 1635 621 immunditia
1663 595 1806 630 omnique

156 639 209 667 alia
228 639 362 666 vilissima
379 639 496 665 materia
511 638 646 665 infercila:
660 637 725 664 sint.

192 685 225 714 ΙΙ.
246 684 294 713 llis
311 692 362 712 nos
379 685 472 719 itaque
487 683 571 711 etiam
593 683 720 712 obscuris
735 681 812 710 vitiis
827 689 859 708 ac
879 680 946 707 all‘ec

156 732 247 759 etibus
267 730 399 765 maiorem
424 730 451 757 in
478 728 590 756 modum
615 728 760 756 emundari
775 727 946 755 studeamus.

157 777 229 810 Quin
251 784 286 804 ne
306 776 359 803 ltoe
378 782 487 810 quoque
510 783 561 802 nos
583 774 677 804 lateat.
703 773 813 803 fratres.
839 772 944 799 hostem

158 826 284 851 nostrum
301 821 439 849 diabolum
461 820 555 848 multis
574 820 715 854 variisque
743 818 878 846 machinis
894 817 947 844 ltoc

157 868 249 896 moliri
263 872 293 895 ut
309 868 424 895 seducat
443 867 563 902 hortique
577 873 610 894 ac
626 866 734 893 honesti
752 865 844 900 specie
859 864 886 890 in
904 863 945 890 fo-
962 880 984 908 Β

158 922 236 942 vealn
251 914 385 941 malorum
406 920 438 940 ae
452 912 568 940 exitium
589 912 690 939 trahat.
711 910 789 941 Puta.
802 908 946 943 hospitali-

158 965 240 987 tatem
265 960 358 986 eolere
379 958 518 988 admonet,
541 962 568 984 et
588 961 618 984 ut
640 956 821 984 adventantes
847 956 946 984 fratres

159 1006 211 1033 laeti
226 1005 421 1040 suscipiamus,
431 1003 596 1039 quibuscum
610 1002 667 1036 pari
682 1009 775 1029 nteusa
789 1001 882 1029 cibum
896 1009 947 1037 po-

158 1056 272 1086 tumque
289 1057 443 1078 sumamus.
459 1048 548 1083 Hujus
562 1049 644 1076 ratio.
659 1048 804 1075 cltaritatis
823 1047 945 1080 bonum;

158 1100 273 1130 tumque
291 1095 360 1122 adeo
384 1094 486 1121 sensim
509 1094 646 1127 olirepeus
662 1100 694 1120 ac
707 1092 837 1122 illiciens.
849 1099 881 1119 eo
897 1099 946 1119 oc-

157 1142 230 1170 culte
246 1141 329 1169 trahit
345 1145 374 1167 ut
392 1140 480 1167 ventri
494 1139 666 1172 serviamus;
686 1139 803 1174 indeque
825 1138 946 1166 libidini-

157 1187 209 1214 bus
230 1194 263 1214 ac
285 1186 472 1221 voluptatibus
494 1185 733 1220 iutpudicitiisque
756 1184 790 1212 ad
815 1192 946 1212 nauseant

158 1240 245 1267 usque
263 1232 449 1266 inquinentur.
465 1231 532 1258 Aliis
551 1239 649 1258 rursus
663 1232 864 1266 teleemosynam
883 1238 947 1258 sua-

157 1277 226 1304 dens
239 1285 271 1304 ac
287 1278 494 1311 benignitatem,
512 1277 594 1311 inque
607 1284 708 1310 egenus
726 1276 945 1306 beneficentiam.

158 1331 206 1358 per
219 1331 279 1349 eam
291 1323 465 1349 occasionem
480 1322 659 1356 pecuniarum
673 1329 794 1347 amorem
808 1320 945 1353 accendit,

157 1373 184 1396 et
201 1374 229 1395 ιιι
245 1369 367 1395 avaritia:
381 1373 468 1395 (nstro
489 1368 640 1395 insaniant.
652 1367 721 1394 Aliis
738 1367 854 1394 aliorunt
870 1367 946 1393 utili-

158 1417 256 1447 tatem,
282 1412 316 1439 iis
341 1412 484 1447 capiendis
509 1419 601 1439 escam
626 1412 831 1442 subseminans,
851 1416 947 1438 auctor

158 1457 210 1485 fuit
236 1462 266 1484 ut
290 1457 467 1484 solitudinem
493 1457 571 1492 quasi
596 1457 720 1484 inutilem
749 1457 865 1491 ejusque
889 1457 946 1483 otia

157 1503 326 1534 desererent.
340 1507 368 1530 et
391 1507 420 1529 ut
442 1503 616 1530 saecularium
636 1503 716 1537 vulgo
732 1502 870 1537 colloquia
893 1502 945 1528 uti-

1034 675 1071 703 B’.
1087 677 1197 704 Τούτων
1211 675 1258 704 οὖν
1272 677 1320 704 καὶ
1340 679 1440 713 μᾶλλον
1453 681 1534 715 ἡμεῖς
1544 682 1598 708 τῶν
1615 684 1723 719 ἀδήλων
1743 694 1806 712 12¢-

998 720 1053 748 θῶν
1071 722 1285 756 ὲκκαθαίρεσθαι
1301 725 1506 760 σπουδάσωμεν.
1537 728 1592 754 Καὶ
1615 729 1696 756 τοῦτο
1712 731 1742 757 δὲ
1757 731 1802 767 μὴ

997 766 1152 794 λανθανέτω
1181 770 1267 804 ἡμᾶς,
1296 770 1418 804 ἀδελφοὶ,
1434 771 1509 803 ὅπως
1528 773 1543 798 ὁ
1559 773 1713 808 ἑχθραίνων
1727 766 1802 811 ἡμῖν

996 813 1129 846 διάϐολος,
1144 815 1255 847 πολλαῖς
1276 817 1323 843 καὶ
1342 817 1479 849 ποικίλαις
1498 819 1558 850 ταῖς
1574 823 1709 855 μηχαναῖς
1723 823 1803 857 χρώ-

999 867 1079 894 μενος
1091 859 1230 896 ὲξαπατᾷν
1244 863 1385 897 πειρᾶται,
1404 863 1451 889 καὶ
1465 864 1601 899 προφάσει
1616 866 1662 893 τοῦ
1675 868 1800 902 ἀγαθοῦ,

997 906 1054 937 τοῖς
1069 908 1199 942 πονηροῖς
1215 907 1362 942 ἐμπίπτειν
1374 910 1591 945 παρασκευάζει.
1608 911 1670 939 Οἴον
1687 914 1803 947 φιλοξε-

997 951 1057 978 νίαν
1068 952 1274 986 ὑποτιθέμενος,
1287 954 1333 980 καὶ
1347 954 1397 990 τήν
1410 955 1465 981 τῶν
1480 957 1709 991 παρασαλλόντων
1719 960 1801 986 ἀδελ-

997 996 1055 1030 φῶν
1076 996 1232 1029 ἀκολούθως
1248 997 1460 1035 φιλοφροσύνην,
1476 1001 1625 1029 συνεσθίειν
1642 1004 1735 1036 αὐτοῖς
1748 1007 1801 1032 καὶ

998 1041 1141 1076 συμπίνειν
1153 1043 1369 1078 παρασκευάζει.
1386 1045 1440 1071 Καὶ
1449 1046 1466 1080 ἡ
1480 1046 1565 1079 αἰτία,
1578 1047 1609 1074 τὸ
1619 1048 1668 1084 τῆς
1680 1049 1800 1085 ἀγάπης

997 1087 1095 1114 καλόν·
1111 1085 1164 1114 εἷθ’
1177 1088 1263 1121 οὕτως
1277 1089 1456 1117 ὑποκλέπτων
1477 1091 1571 1127 ἠρέμα
1586 1093 1633 1119 καὶ
1649 1094 1796 1128 ύποσπῶν,

997 1134 1038 1166 είς
1062 1133 1093 1160 τὸ
1120 1135 1153 1169 τῇ
1170 1136 1271 1170 γαστρὶ
1297 1135 1432 1163 δουλεύειν
1457 1138 1532 1172 ἡμᾶς
1554 1138 1641 1174 λάθρα
1659 1141 1770 1168 εἶλκυσε
1788 1150 1796 1157 ·

997 1178 1144 1206 κάντεῦθεν
1157 1180 1321 1214 ἐμπαθείαις
1328 1182 1375 1207 καὶ
1388 1182 1497 1217 ἡδοναῖς
1508 1185 1549 1215 εἰς
1559 1185 1639 1220 κόρον
1651 1186 1796 1220 ἑμόλυνεν.

998 1222 1106 1254 Ἀλλοις
1123 1224 1205 1250 πάλιν
1223 1224 1410 1261 ἐλεημοσύνην
1430 1227 1588 1255 ὐποδάλλων
1609 1231 1656 1256 καὶ
1676 1232 1798 1266 χρηστό-

997 1277 1077 1304 τητα,
1094 1269 1141 1296 καὶ
1151 1270 1201 1303 τὴν
1218 1271 1284 1306 περὶ
1298 1272 1362 1303 τοὺς
1373 1272 1492 1308 πένητας
1514 1274 1650 1308 εὐποιίαν,
1667 1278 1796 1304 ἐντεῦθεν

997 1313 1086 1359 ἔρωτα
1099 1315 1249 1350 χρημάτων
1265 1317 1356 1348 αὐτοῖς
1368 1318 1460 1353 ἐνῆκε.
1471 1320 1518 1346 καὶ
1530 1321 1597 1356 πρὸς
1610 1322 1796 1359 φιλαργυρίαν

997 1358 1140 1394 ὲξέμηνεν.
1156 1360 1278 1396 Ἐτέροις
1302 1362 1351 1398 τὴν
1367 1363 1421 1389 τῶν
1435 1364 1540 1391 πολλῶν
1554 1366 1689 1400 ὠφέλειαν
1702 1358 1742 1399 είς
1754 1369 1796 1395 δέ-

997 1404 1063 1440 λεαρ
1081 1405 1266 1441 ὑποσπείρων,
1281 1408 1331 1444 τὴν
1356 1409 1471 1444 ἡσυχίαν
1492 1410 1530 1442 ὡς
1555 1412 1680 1447 ἄκαρπον
1697 1414 1795 1441 ἀπολι-

998 1452 1058 1476 πεῖν
1078 1452 1288 1486 παρεσκεύασε·
1304 1455 1352 1481 καὶ
1366 1456 1474 1487 πολλοῖς
1492 1457 1541 1491 μὲν
1571 1458 1626 1484 τῶν
1649 1460 1793 1494 κοσμικῶν

996 1495 1101 1531 ὁμιλεῖν
1114 1504 1121 1511 ·
1148 1497 1205 1524 ἑστι
1230 1498 1253 1524 δ’
1275 1499 1319 1525 ὅτε
1336 1501 1383 1526 καὶ
1397 1501 1465 1536 πρὸς
1477 1504 1610 1536 γυναῖκας
1627 1505 1794 1539 ἀφυλάκτως

158 1553 287 1576 scerent:
304 1549 471 1584 quandoque
487 1549 570 1576 etiant
586 1549 685 1579 suasit.
698 1552 727 1575 ut
742 1552 770 1575 et
787 1555 850 1574 cum
866 1548 944 1575 femi-

998 1543 1075 1570 τοῦτο
1089 1546 1176 1572 ποιεῖν
1193 1545 1348 1578 ἀνέπεισεν,
1363 1547 1401 1579 ὼς
1410 1549 1459 1583 ήδη
1477 1550 1545 1585 πρὺς
1558 1551 1692 1578 ἀπάθειαν
1711 1553 1794 1587 ἐφθα-

158 1595 212 1626 nis.
229 1595 302 1622 velut
325 1595 383 1629 jam
408 1600 517 1629 arrepta
540 1594 796 1629 imper-turbationis
821 1601 895 1623 arce,
918 1593 945 1619 id

158 1640 247 1675 ipsum
268 1641 406 1667 incautius
431 1644 616 1675 przestarent:
641 1640 724 1674 inque.
746 1647 808 1666 eum
836 1639 946 1665 ntodum

158 1686 322 1714 libidinosos
338 1694 372 1713 ae
387 1685 574 1721 voluptatibus
591 1685 700 1713 deditos
712 1685 829 1712 miseros
843 1684 945 1712 effecit.

157 1731 235 1759 Alios
249 1732 324 1759 omni
343 1732 541 1767 cogitationem
561 1736 630 1758 asstu
655 1731 757 1758 liberos
777 1731 882 1759 sinens.
900 1738 947 1757 ea-

158 1785 213 1812 que
229 1777 336 1805 ratione
352 1777 468 1810 elidens,
482 1776 555 1812 quod
571 1777 680 1804 cunctis
693 1777 768 1804 vitiis
789 1777 946 1810 superiores

157 1823 328 1854 viderentur,
343 1823 370 1850 in
384 1823 542 1858 superbiam
558 1823 666 1853 extulit.
678 1822 773 1857 sicque
789 1822 870 1849 facile
884 1829 947 1857 pro-

158 1869 266 1896 stravit.
282 1868 452 1904 Quandoque
468 1875 533 1896 vero
555 1870 649 1901 etiam,
664 1868 758 1895 dando
780 1868 843 1895 belli
867 1867 947 1894 indu-

158 1915 216 1942 cias
236 1922 381 1950 pugnaque
397 1915 551 1947 abstinens,
567 1922 631 1950 erga
648 1922 698 1941 eos
715 1915 833 1941 maxime
847 1915 892 1948 qui
911 1914 946 1941 ad

158 1960 222 1987 vita:
237 1960 372 1996 religiosa:
384 1967 488 1996 agones
503 1968 532 1988 se
545 1968 632 1995 nuper
642 1960 795 1992 exuissent,
813 1960 855 1986 sui
870 1968 947 1987 secu<

158 2011 206 2031 ros
231 2012 369 2035 esse,nee
397 2012 464 2032 cura
493 2005 628 2032 sollicitos
655 2004 786 2031 seductor
816 2003 944 2036 induxit;

159 2049 280 2083 hincque
290 2050 358 2078 adeo
373 2050 400 2077 in
414 2050 558 2085 segnitiem
575 2050 730 2084 impellens.
740 2054 823 2083 atque
836 2049 945 2077 labores

159 2096 306 2131 neglectim
322 2096 423 2124 habere
446 2096 562 2128 faciens,
578 2100 690 2130 repente
709 2095 824 2124 adortus
842 2095 880 2122 ιιιί
896 2095 946 2123 de-

158 2139 228 2167 biles
243 2143 326 2174 atque
344 2139 475 2171 inermes.
492 2140 735 2168 innumerabilium
747 2140 944 2174 cogitationum

159 2187 256 2210 :estum
279 2183 334 2211 illis
353 2184 503 2211 commovit
521 2188 607 2218 atque
629 2183 740 2210 miscuit
755 2183 945 2210 conturbavit-

153 2235 214 2262 ~que
231 2228 322 2263 :quin
342 2232 370 2256 ct
395 2229 496 2264 saepius
519 2229 657 2264 profundo
684 2230 814 2257 vitiorum
839 2230 943 2258 mersit.

158 2271 229 2300 Aliis
243 2279 340 2301 rursus
354 2273 442 2301 suasit
457 2277 486 2300 ut
499 2274 550 2302 sibi
568 2274 631 2308 ipsi,
644 2279 773 2308 tanquam
786 2275 842 2308 jam
858 2275 945 2310 majo-

158 2324 217 2345 rem
236 2318 346 2345 modum
362 2320 515 2352 consecuti,
530 2321 711 2352 confiderent,
727 2325 753 2347 et
777 2326 805 2347 ut
827 2321 943 2348 aliorum

158 2362 278 2390 creditas
291 2363 474 2398 cogitationes
492 2366 661 2400 accipereut,
679 2367 851 2400 allectusque
864 2371 892 2394 et
912 2366 945 2393 li-

159 2407 266 2436 bidines
286 2413 369 2445 atque
392 2410 485 2445 praelia
508 2410 667 2446 detegentes
684 2412 813 2439 audirent
829 2421 836 2438 :
854 2412 943 2446 quod-

158 2459 213 2488 que
233 2453 351 2480 necdum
375 2460 443 2482 suos
468 2454 520 2489 ipsi
539 2455 654 2483 allectus
671 2460 753 2490 atque
773 2457 837 2483 vitia
861 2457 946 2492 probe

158 2498 302 2532 eluissent,
317 2507 381 2526 cutn
409 2500 568 2527 auditorum
598 2501 758 2528 memoriam
788 2501 946 2537 formasth

123 2552 125 2554 ·
159 2543 306 2572 libidinose
327 2545 420 2571 animo
442 2545 559 2580 priurum
584 2545 709 2578 immisit,
725 2550 837 2581 tumque
862 2547 943 2573 etiam

118 2621 124 2626 _
159 2588 192 2614 ad
207 2597 320 2616 carnem
335 2590 510 2624 polluendam
527 2590 678 2618 miserabili
695 2599 742 2618 eos
756 2592 830 2618 exitu
848 2591 944 2626 prarci-

160 2631 266 2666 pitavit.
284 2632 352 2660 Cum
371 2633 454 2669 igitur
469 2635 510 2662 sic
526 2635 595 2662 varii
616 2643 647 2662 ac
667 2636 844 2670 multiplices,
859 2643 944 2671 quos-

159 2684 212 2711 que
225 2685 296 2712 aegre
308 2679 510 2714 deprehendas,
520 2681 576 2708 sint
587 2682 731 2709 teutatoris
741 2682 874 2714 assultus,
888 2689 945 2708 nta-

159 2730 213 2757 gna
224 2731 333 2759 quoque
351 2725 431 2752 uoltis
447 2733 518 2761 opus
533 2727 587 2753 erit
602 2727 730 2754 cautione
745 2735 778 2754 ac
792 2727 944 2762 vigilantia,

160 2769 307 2803 animoque
324 2771 387 2798 boni
404 2779 469 2798 cura
485 2773 590 2800 intento
605 2784 610 2800 :
629 2777 703 2800 ιιιοο
717 2774 886 2805 illustrante,
901 2773 945 2801 his

161 2822 221 2848 quae
243 2821 308 2843 sunt
328 2817 409 2850 mala,
428 2823 458 2845 ut
484 2819 575 2852 bonis,
592 2820 782 2855 imprudentes
805 2828 859 2848 non
882 2825 944 2847 uta-

998 1589 1068 1620 κόσι,
1084 1590 1132 1616 καὶ
1145 1590 1217 1616 οὕτω
1231 1591 1389 1626 φιληδόνους
1403 1594 1450 1620 καὶ
1461 1595 1593 1630 ἐμπαθεῖς
1604 1598 1666 1629 τοὺς
1682 1598 1794 1630 ἀθλίους

998 1634 1148 1667 ἀπέδειξεν.
1167 1636 1281 1669 Ἄλλους
1295 1638 1489 1674 ἀνενοχλήτους
1512 1641 1606 1673 ἐάσας.
1621 1643 1668 1669 καὶ
1681 1643 1720 1678 τῷ
1741 1653 1792 1679 μη-

997 1680 1053 1707 δενὶ
1066 1681 1120 1707 τῶν
1134 1680 1227 1708 παθῶν
1242 1683 1363 1715 ἀλωτοὺς
1377 1682 1445 1712 εἶναι
1458 1688 1730 1723 παρακρουσάμενος.
1749 1691 1791 1721 εις

998 1726 1185 1761 ὑπερηφανίαν
1199 1728 1298 1763 ὲπῆρε,
1328 1730 1376 1756 καὶ
1397 1730 1470 1757 οὕτω
1491 1731 1592 1766 ῥᾳδίως
1610 1734 1789 1769 κατήνεγκεν.

999 1772 1077 1798 Ἐστι
1089 1772 1117 1798 δὲ
1129 1772 1176 1804 οὓς
1191 1773 1295 1800 καὶτοῦ
1314 1775 1443 1811 πολεμεῖν
1462 1777 1658 1813 ἀποῖχόμενος,
1673 1781 1719 1806 καὶ
1741 1780 1791 1814 μά-

997 1818 1073 1845 λιστα
1095 1818 1158 1849 τοὺς
1186 1818 1253 1854 apo;
1270 1821 1333 1852 τοὺς
1361 1821 1527 1856 ἀσκητικοὺς
1545 1823 1653 1858 ἀγῶνας
1675 1824 1789 1860 ἔναγχος

996 1862 1229 1898 ἀποδυσαμένους,
1248 1864 1334 1897 ἀδεῶς
1354 1865 1427 1900 ἔχειν
1440 1867 1538 1899 αὐτοὺς
1560 1868 1605 1894 καὶ
1629 1869 1789 1905 ἀμερίμνως

996 1909 1136 1944 ἠπάτησεν
1148 1919 1155 1926 ·
1170 1909 1200 1942 ἐξ
1218 1907 1304 1947 οὗπερ
1319 1912 1359 1944 είς
1381 1913 1518 1949 ρᾳθυμίαν
1531 1914 1668 1949 ἐμσαλὼν,
1683 1916 1731 1942 καὶ
1745 1917 1789 1943 πό-

996 1964 1049 1982 νων
1059 1956 1195 1991 ἀμελῆσαι
1213 1958 1439 1993 παρασκευάσας,
1454 1959 1552 1995 ἀθρόον
1565 1961 1603 1992 ὡς
1615 1961 1789 1997 εὐχειρώτοις

996 2001 1109 2029 ἐπέθετο
1124 2003 1171 2029 καὶ
1183 2003 1305 2037 ἀόπλοις,
1318 2005 1366 2031 καὶ
1377 2005 1449 2032 οὕτω
1460 2007 1564 2040 μυρίων
1578 2007 1658 2034 σάλον
1670 2008 1724 2034 τῶν
1741 2008 1771 2035 λο
1781 2024 1787 2028 -

996 2048 1104 2082 γισμῶν
1128 2048 1244 2076 διέσεισὲ
1255 2058 1285 2075 τε
1301 2049 1347 2076 καὶ
1359 2051 1533 2086 συνετάραξε·
1549 2051 1680 2084 πολλάκις
1695 2053 1788 2088 μέντοι

995 2093 1042 2119 καὶ
1072 2092 1112 2128 τῷ
1135 2093 1190 2119 τῶν
1208 2094 1302 2122 παθῶν
1324 2095 1398 2130 βυθῷ
1424 2096 1635 2124 κατεδάπτισεν.
1662 2098 1787 2132 Ἐτέρους

995 2136 1083 2170 αὖθις,
1115 2138 1226 2175 θαρρεῖν
1248 2140 1353 2172 ἑαυτοῖς
1378 2141 1530 2173 ἀνέπεισεν,
1557 2143 1595 2174 ὠς
1613 2143 1714 2179 μέτρου
1735 2145 1786 2180 ἤδη

1000 2184 1121 2220 μείζονος
1136 2185 1307 2221 ἐφικομένοις
1319 2195 1325 2202 ·
1342 2187 1517 2215 πιστεύεσθαί
1531 2198 1562 2215 τε
1574 2190 1621 2216 καὶ
1638 2190 1725 2217 ἄλλων
1742 2191 1787 2217 λο-

998 2231 1124 2266 γισμοὺς,
1140 2232 1188 2258 καὶ
1203 2232 1297 2259 παθῶν
1314 2235 1360 2260 καὶ
1380 2233 1506 2268 πολέμων
1526 2235 1718 2271 ἐξαγορεύσεις
1733 2237 1785 2262 ὺπ-

998 2275 1094 2302 ἐϐαλεν
1107 2284 1114 2291 “
1131 2273 1172 2308 οἷς
1186 2277 1270 2312 μήπω
1283 2278 1316 2304 τὰ
1336 2279 1424 2305 οἰκεῖα
1442 2280 1514 2315 πάθη
1539 2281 1629 2312 καλῶς
1654 2282 1786 2316 ἀπονιψα-

999 2319 1101 2354 μένοις,
1132 2321 1240 2355 πρῶτον
1270 2323 1321 2357 μὲν
1352 2323 1519 2358 ὑπομνήσεις
1539 2325 1585 2351 καὶ
1606 2326 1786 2359 διατυπώσεις

997 2365 1051 2391 τῶν
1076 2363 1115 2392 ὧν
1139 2367 1292 2401 ἀκηκόασιν
1309 2368 1441 2403 ἐμπαθῶς
1468 2370 1580 2404 ἐνῆκεν·
1610 2371 1708 2398 ἔπειτα
1738 2373 1785 2399 καὶ

997 2409 1065 2444 πρὸς
1085 2409 1241 2446 μολυσμοὺς
1261 2412 1362 2447 σαρκὸς
1389 2414 1489 2446 ἀθλίως
1513 2415 1691 2450 κατήνεγκεν.
1710 2417 1785 2443 Ἐπεὶ

998 2453 1045 2481 οὖν
1055 2455 1081 2481 αἱ
1089 2455 1137 2482 τοῦ
1155 2457 1332 2492 πειράζοντος
1347 2459 1496 2494 προσϐολαὶ
1510 2460 1629 2487 ποικίλαι
1642 2460 1728 2492 οὕτως
1738 2462 1785 2488 καὶ

998 2500 1146 2533 πολυειδεῖς
1160 2502 1207 2528 καὶ
1220 2502 1402 2538 δυσφώρατοι,
1419 2505 1519 2539 πολλῆς
1539 2507 1585 2532 καὶ
1611 2506 1676 2540 ἡμῖν
1695 2506 1783 2542 δεήσει

996 2545 1047 2580 τῆς
1062 2545 1187 2581 φυλακῆς
1206 2548 1254 2574 καὶ
1279 2548 1397 2583 νήψεως.
1422 2550 1469 2575 καὶ
1485 2550 1533 2584 τῆς
1552 2550 1620 2585 πρὸς
1639 2551 1669 2577 τὸ
1683 2551 1783 2584 ἀγαθὸν

999 2591 1148 2627 προσοχῆς·
1162 2592 1205 2618 ἴνα
1223 2594 1288 2628 παρ’
1309 2594 1393 2620 αὑτοῦ
1406 2595 1594 2630 φωτιζόμενοι,
1609 2596 1646 2631 μὴ
1659 2596 1783 2631 λάθωμεν

996 2636 1036 2668 ὡς
1050 2637 1140 2664 καλῶν
1153 2638 1208 2664 τῶν
1222 2639 1348 2674 πονηρῶν
1363 2640 1518 2675 χρώμενοι·
1542 2641 1579 2676 μὴ
1600 2641 1629 2667 δὲ
1649 2643 1705 2673 τοῖς
1723 2642 1783 2676 βλα-

996 2681 1025 2707 6ε
1031 2683 1086 2716 ροῖς
1094 2683 1304 2717 περιπίπτοντες
1316 2684 1421 2719 ἀδήλως
1431 2693 1438 2700 ο
1459 2686 1526 2712 ἀλλὰ
1540 2687 1722 2722 γρηγορῶμεν
1739 2688 1783 2714 καὶ

996 2728 1124 2762 νήφωμεν
1136 2730 1367 2764 περισκοποῦντες
1383 2732 1475 2763 πόθεν,
1503 2733 1549 2759 καὶ
1570 2733 1644 2765 πότε,
1661 2735 1709 2760 καὶ
1728 2735 1782 2766 πῶς

995 2773 1045 2804 τὰς
1069 2774 1222 2807 προσεολὰς
1253 2776 1355 2807 ἐκεῖνος
1383 2779 1518 2804 ποιεῖται·
1540 2779 1588 2805 καὶ
1613 2779 1708 2814 μηδενὶ
1725 2780 1782 2814 μηδ’

996 2820 1063 2852 ὅλως
1082 2820 1115 2847 δι’
1129 2821 1294 2856 ἀπροσεξίαν
1312 2824 1537 2858 προσπίπτωμεν.
