1941 3066
180 118 246 146 1631

740 126 786 153 ΔΙ)
800 125 960 155 NOMICUM
976 125 1224 154 TENTATOREM.
1736 124 1804 152 1629.

178 185 258 211 mur;
275 186 324 206 nec
341 179 369 206 in
386 180 478 212 noxia,
491 181 572 208 cret-is
593 182 678 209 animi
700 184 839 215 sensibus,
855 184 1031 215 incidamus:
1047 183 1095 212 sed
1108 183 1252 219 vigilemus
1264 190 1297 210 ac
1332 182 1418 211 sobrii
1450 182 1549 215 simus,
1582 181 1679 210 sedulo
1712 181 1806 208 consi-

177 224 307 252 derantes
320 226 403 259 unde,
418 228 529 261 quando
544 233 572 255 et
588 230 727 263 quomodo
742 231 787 259 ille
800 232 941 259 adoriatur
955 241 962 259 :
985 232 1067 267 inque
1087 231 1164 259 nullo
1185 237 1312 265 prorsus,
1344 239 1392 266 per
1406 231 1560 266 praesenlia:
1584 228 1667 257 animi
1703 229 1804 256 absen-

178 270 244 297 tiam
261 278 294 299 ac
310 272 466 299 socordiam
483 273 664 303 oﬂ'eudamus.

179 375 1800 396 W

425 472 669 520 ARSENII
706 475 953 521 ABBATIS
993 475 1408 522 APOPHTHEGM
1421 475 1549 519 ATA.

570 646 633 674 Vide
646 622 754 681 huiusce
768 647 931 683 Patrologia:
942 648 1042 676 arma:
1061 652 1124 675 tam.
1143 646 1224 679 LXV,
1240 647 1291 674 cal.
1305 646 1340 674 87
1362 654 1418 680 sqq.

585 833 959 892 ΑΡΣΕΝΙΟΥ
1011 833 1402 893 ΜΟΝΑΧΟΥ

518 959 604 1002 ΕΙΣ
662 959 772 1001 ΤΟΝ
831 958 973 1001 ΠΕΙΡι

1024 959 1146 1002 LTHN
1188 959 1475 1005 NOMIKON.‘

655 1141 945 1199 ARSENH
1003 1140 1331 1201 MONACHI

459 1259 542 1304 AD
616 1259 954 1305 NOMICUM
1020 1261 1522 1308 TENTATOBEM.

567 1355 637 1391 Ang.
655 1355 708 1383 Mai
724 1355 837 1383 Classici
852 1361 984 1390 auctores,
1002 1361 1021 1384 t.
1043 1357 1077 1390 Χ,
1094 1365 1122 1392 p.
1143 1357 1208 1385 555.
1234 1357 1418 1386 Roma-1838.

182 737 1792 758 _——-—_——_——=——-_—.——_——_—_—=‘__‘“_

215 1509 269 1536 Ἴδε
280 1509 378 1544 βρόχον
390 1509 451 1537 ἀντὶ
465 1509 573 1545 βρόχου,
588 1507 611 1536 ὦ
623 1511 728 1545 νομικὲ,
739 1511 842 1545 παγίδα
857 1511 915 1538 ἀνθ’
927 1509 962 1547 ἧς

1047 1511 1086 1539 En
1102 1511 1229 1546 laqueum
1247 1518 1296 1546 pro
1311 1511 1420 1546 laqueo,
1438 1511 1556 1542 nomice,
1571 1515 1599 1538 et
1614 1511 1738 1546 pedicam
1756 1519 1803 1546 pe-

179 1556 296 1591 ἐστησας
308 1555 422 1590 παγίδος
431 1565 437 1571 -
451 1556 489 1582 ῐδε
499 1556 558 1587 πῶς
569 1557 755 1592 ἐμπέπτωκας
769 1558 809 1589 εἰς
823 1558 853 1584 ὃν
860 1557 969 1593 ὥρυξας

180 1601 277 1636 βόθρον
293 1601 362 1627 uti
372 1601 491 1636 Χριστοῦ
502 1608 512 1618 ⁸
522 1601 582 1628 ὅθεν
591 1602 606 1627 ὁ
620 1603 665 1634 σός
679 1612 709 1629 σε
726 1602 806 1638 νόμος
825 1603 887 1630 ἀντὶ
901 1604 970 1638 Χρι-

181 1646 245 1673 στοῦ
258 1646 431 1682 ἑξελεγχέτω,
454 1647 570 1682 πότερον
593 1647 631 1679 ὡς
648 1648 719 1683 Θεῷ,
736 1650 752 1684 ἢ
774 1649 811 1680 ὡς
835 1649 907 1688 ψιλρ
921 1650 970 1675 ἁν-

181 1692 283 1728 θρώπῳ
303 1693 337 1719 τά
354 1692 403 1727 τῆς
426 1692 524 1727 πείρας
544 1693 710 1728 ὲφήπλωσας
730 1693 837 1728 ἄθεσμα
856 1694 969 1726 δικτυας

181 1739 206 1765 εἱ
218 1739 267 1773 μὲν
280 1738 311 1765 τὸ
324 1738 442 1773 πρῶτον,
456 1739 658 1774 μεματαίωσαι·
675 1739 740 1770 Θεὸς
749 1739 803 1774 γὰρ
813 1739 970 1773 πειραστῶν

181 1784 299 1816 δικτύοις
313 1784 437 1819 οὐδαμῶς
454 1784 602 1819 ζωγρείται
611 1792 618 1799 ·
641 1784 741 1818 μᾶλλον
755 1784 783 1811 δὲ
800 1785 847 1811 καὶ
860 1785 971 1820 ἀγαπᾷν

182 1829 301 1864 ὀφείλεις
312 1828 342 1862 ἐξ
352 1830 416 1864 ὅλης
430 1829 560 1862 διανοίας,
581 1830 628 1856 καὶ
640 1830 741 1865 ψυχῆς,
757 1832 804 1857 καὶ
825 1831 915 1866 ἰσχύος
925 1839 931 1846 ·
946 1831 971 1856 εἰ

183 1875 213 1902 δὲ
225 1875 256 1901 τὸ
267 1874 404 1910 δεύτερον,
426 1876 440 1901 ὀ
464 1875 502 1906 ὡς
521 1875 633 1901 σεαυτὸν
651 1876 697 1902 τὸν
717 1876 830 1910 πλησίον
850 1877 970 1911 ἀγαπᾷν,

185 1921 260 1956 παρὰ
272 1921 319 1948 τοῦ
335 1921 417 1956 νόμου
445 1921 649 1956 δεδιδαγμένος,
679 1921 804 1956 οὐδαμῶς
829 1921 971 1956 πειράζειν

184 1966 288 1998 δίκαιος
297 1965 331 1993 ἂν
344 1966 415 2001 εἴης·
440 1965 502 1992 οὔτε
524 1966 578 2002 γὰρ
603 1965 636 1992 ἂν
658 1967 796 2001 πειράσειέ
809 1975 850 1998 τις
865 1967 971 1999 ἑαυτὸν,

185 2011 247 2038 οὕτε
261 2013 290 2039 ἐν
312 2012 383 2046 λόγῳ
406 2011 586 2046 παγιδεῦσαι,
610 2012 657 2038 καὶ
679 2012 785 2047 θανάτῳ
806 2012 973 2048 παραδοῦναι

186 2058 322 2095 ζητήσειε.
341 2059 402 2091 Πῶς
414 2056 460 2085 οὖν
475 2059 587 2085 σεαυτὸν
597 2059 642 2085 διὰ
653 2058 707 2085 τῶν
717 2059 788 2085 κατὰ
801 2059 848 2085 τοῦ
860 2059 973 2094 πλησίον

188 2104 291 2138 βρόχων
316 2103 491 2137 καταπνίγων
514 2102 565 2129 οὐκ
589 2103 719 2138 αίσθάνῃ;
740 2103 794 2129 οὐδ’
810 2104 910 2133 ἐννοεῖς
932 2103 973 2129 ὅτι

186 2151 243 2180 τοῖς
260 2149 389 2184 πονηροῖς
401 2149 520 2182 γείτοσιν
532 2148 735 2175 ἑπταπλασίονα
752 2149 791 2179 είς
811 2148 857 2174 τὸν
874 2147 974 2174 κόλπον

1019 1558 1088 1585 dicae
1098 1558 1264 1593 oppositam.
1274 1557 1394 1585 Videsne
1409 1561 1436 1584 te
1449 1557 1569 1589 in‘illam
1585 1558 1670 1592 ipsam
1688 1557 1805 1588 foveam,

1019 1610 1100 1637 quam
1115 1603 1226 1630 Christo
1246 1602 1380 1634 fodieras,
1394 1602 1536 1636 delapsum
1557 1603 1638 1630 esse?
1653 1602 1744 1635 Quare
1764 1602 1806 1629 lex

1020 1652 1067 1674 tua
1087 1648 1190 1682 Christi
1207 1649 1267 1675 loco
1281 1649 1308 1675 in
1321 1653 1347 1675 te
1365 1648 1497 1682 inquirat,
1515 1652 1546 1674 ut
1567 1648 1700 1679 sciamus,
1715 1651 1807 1674 utrum

1020 1696 1051 1719 ut
1073 1692 1127 1719 Deo
1147 1701 1181 1719 an
1206 1700 1282 1720 IIK'I'O
1308 1693 1411 1719 homini
1440 1693 1558 1727 perfidas
1580 1693 1641 1719 illas
1670 1693 1806 1720 struxeris

1021 1736 1148 1764 insidias.
1163 1736 1191 1763 Si
1208 1741 1237 1763 ut
1253 1736 1318 1768 Deo,
1334 1745 1401 1764 sane
1416 1737 1566 1764 frustratus
1582 1745 1630 1768 es;
1649 1737 1720 1764 Deus
1732 1738 1805 1764 enim

1022 1781 1210 1808 insidiantium
1235 1781 1307 1809 dolis
1328 1781 1523 1810 circumveniri
1552 1782 1662 1816 nequit;
1689 1791 1769 1817 quem
1792 1790 1807 1808 ει

1022 1825 1129 1853 fortiori
1145 1833 1178 1853 ex
1193 1830 1250 1853 lota
1273 1831 1376 1858 mente,
1397 1835 1429 1853 ex
1449 1831 1506 1853 toto
1524 1827 1626 1858 animo,
1650 1827 1715 1854 totis
1744 1827 1808 1853 viri-

1022 1872 1073 1899 bus
1093 1871 1208 1906 diligere
1228 1872 1312 1899 debes
1327 1881 1333 1898 :
1347 1872 1370 1900 si
1387 1877 1417 1899 ut
1432 1880 1507 1898 mero
1528 1872 1642 1903 homini,
1656 1877 1810 1900 tentantes-

1023 1922 1081 1947 tum
1097 1917 1124 1944 id
1143 1924 1196 1944 non
1213 1917 1304 1944 minus
1325 1917 1458 1952 injustum
1480 1917 1543 1949 erit,
1557 1917 1691 1952 siquidem
1717 1918 1810 1952 prosi.-

1022 1970 1096 1989 muln
1122 1964 1194 1990 sicut
1215 1967 1241 1990 te
1264 1963 1353 1997 ipsum
1380 1970 1473 1990 amare
1494 1964 1536 1990 lex
1552 1963 1639 1997 jlllu'l.
1664 1963 1695 1991 Et
1716 1971 1808 1990 revera

1022 2008 1085 2044 quis
1112 2008 1222 2035 tandem
1245 2009 1367 2043 seipsum
1397 2013 1505 2035 lentare
1532 2008 1636 2036 dolosis
1663 2009 1808 2036 verborum

1023 2055 1186 2089 ambagibus
1211 2054 1347 2086 voluerit,
1364 2059 1394 2081 ut
1419 2055 1593 2088 postmodum
1619 2055 1699 2082 morti
1723 2060 1810 2082 semet

1023 2100 1132 2128 tradat?
1148 2102 1246 2127 Annon
1261 2100 1337 2127 vides
1348 2104 1385 2132 te,
1398 2100 1461 2127 dum
1475 2101 1599 2132 proximo
1617 2104 1664 2127 tuo
1680 2101 1808 2135 laqueum

1024 2146 1123 2178 nectis,
1138 2146 1234 2174 eodem
1258 2146 1394 2181 supplicio
1412 2146 1639 2181 circumstringi?
1653 2145 1752 2174 Nonne
1767 2147 1809 2173 vi-

187 2194 222 2220 τὰ
231 2194 305 2221 δεινὰ
323 2181 506 2227 ’άποδίδοταη
528 2193 609 2220 Ἀλλὰ
637 2194 753 2230 Χριστὸς
772 2195 805 2229 τῇ
822 2194 911 2228 οίκείᾳ
927 2203 973 2230 μα-

1024 2192 1074 2220 des
1095 2192 1202 2219 vicinos
1218 2192 1357 2219 maleﬁcos
1378 2192 1581 2226 septemplicem
1604 2191 1733 2234 maleiicii
1753 2200 1811 2227 pue-

188 2239 326 2276 κροθυμίᾳ
341 2240 388 2266 καὶ
408 2240 569 2275 ἀνεξικακίᾳ.
592 2239 732 2276 χρώμενος
743 2259 750 2271 ,
771 2239 860 2275 ὀρθῶς
878 2239 928 2274 μὲν
943 2239 974 2266 οὺ

188 2287 330 2321 πράττειν,
353 2286 414 2312 οὐδὲ
435 2285 609 2317 διανοεῖσθαι,
630 2285 719 2320 ὀρθῶς
740 2285 768 2311 δὲ
788 2284 974 2319 ἀποκριθῆναί

189 2339 282 2366 φησιν,
299 2330 364 2362 ἴσως
380 2331 432 2358 κᾶν
455 2332 518 2362 τοὺς
544 2332 644 2366 ἑαυτῆς
669 2330 765 2365 λόγους
784 2330 976 2366 ἐπαισχυνοεὶς

189 2376 351 2411 παλινῳδίαν
370 2377 424 2403 άπὸ
434 2377 483 2411 τῆς
504 2378 533 2403 ὲν
554 2377 643 2412 πλάνῃ
661 2377 843 2412 ματαιότητος
865 2376 973 2411 ᾄσειεν⁶

192 2421 296 2454 «Οὕτω,
311 2422 388 2457 φησὶ,
404 2422 486 2453 ποίει,
502 2422 550 2448 καὶ
560 2422 629 2457 ζήσῃ
644 2430 651 2437 ·
663 2432 673 2448 ι
693 2421 764 2448 οὕτω
773 2421 861 2448 πάντα
876 2421 923 2447 τὸν
946 2421 975 2447 ὲν

189 2466 314 2501 κινδύνῳ,
328 2467 374 2493 τὸν
388 2467 416 2493 ὲν
435 2468 552 2503 ἀνάγκῃ,
568 2467 614 2493 τὸν
637 2468 666 2493 ὲν
680 2467 838 2501 περιστάσει
860 2465 976 2493 σεαυτοῦ

190 2512 304 2548 πλησίον
318 2513 374 2548 ἔχε.
396 2513 425 2539 '0
440 2513 468 2539 δὲ
484 2513 552 2548 μήτε
566 2512 596 2544 ἐξ
610 2513 694 2547 αὐτῆς
712 2512 762 2546 τῆς
777 2513 807 2538 ὲν
818 2512 893 2547 νόμῳ
904 2513 976 2539 ἐντο-

189 2558 250 2594 λῆς,
271 2559 339 2593 μήτε
362 2559 394 2585 ὲκ
409 2559 459 2592 τῆς
480 2558 526 2585 τοῦ
546 2559 672 2592 Σωτῆρος
687 2557 846 2592 προτροπῆς
867 2556 974 2592 ὠφελη-

191 2603 263 2636 θεὶς,
285 2603 353 2639 μηδὲ
369 2603 421 2630 ὑπὸ
443 2603 489 2630 τοῦ
506 2603 605 2630 οἰκείου
621 2603 771 2634 συνειδότος
787 2601 975 2637 ἀπελεγχθεὶς.

189 2647 235 2677 οἷα
248 2649 277 2676 δέ
294 2657 336 2680 τις
352 2648 413 2683 ὄφις
435 2649 552 2684 πονηρὸς
568 2650 654 2684 μικρᾷ
673 2650 705 2684 τῇ
721 2649 765 2675 διὰ
780 2648 862 2682 νόμου
884 2648 975 2682 πληγῇ

191 2695 241 2730 τὴν
255 2694 347 2729 τιάραν
361 2694 493 2729 ἀλγήσας,
509 2694 558 2728 τὴν
573 2694 675 2720 ἰοὸόλον
688 2694 812 2728 γλῶτταν
829 2695 908 2724 κινεῖ,
929 2694 977 2719 καὶ

192 2741 241 2776 τὴν
261 2739 447 2775 θανατηφόρον
470 2739 560 2765 πᾶσαν
580 2739 621 2770 εἰς
644 2738 798 2774 τούμφανὲς
825 2738 978 2773 ἀπογυμνοῐ

193 2784 302 2811 κακίαν.
316 2783 406 2811 Θέλων
417 2783 481 2818 γὰρ,
493 2783 570 2818 φησὶ,
585 2783 706 2809 δικαιοῦν
720 2783 824 2816 ἑαυτὸν,
838 2784 977 2809 τουτέστιν

193 2830 290 2858 ἑαυτὸν
309 2829 378 2865 ὑπὲρ
397 2830 517 2861 ἅπαντας
539 2828 657 2864 νομίζων
676 2829 789 2862 δίκαιον,
812 2829 857 2856 καὶ
875 2828 977 2865 μηδένα

1025 2245 1089 2265 nam
1108 2238 1191 2265 dare?
1204 2237 1323 2265 Econtra
1343 2237 1470 2265 Christus
1490 2244 1539 2272 pro
1555 2245 1586 2264 ea
1598 2245 1653 2271 qua
1670 2242 1712 2265 est
1725 2238 1810 2264 animi

1028 2284 1240 2312 mansuetudine
1254 2291 1287 2310 ac
1303 2284 1445 2318 patientia.
1469 2283 1574 2311 omissa
1599 2283 1670 2311 bene
1694 2283 1811 2310 faciendi

1025 2329 1220 2364 cogitandique
1245 2329 1423 2360 necessitate,
1441 2328 1578 2356 sermonis
1602 2329 1811 2363 congruentiam

1025 2372 1216 2406 commendat,
1230 2377 1332 2400 metum
1357 2372 1501 2400 eximendo
1517 2379 1552 2399 ne
1569 2371 1718 2406 aliquando
1735 2371 1811 2399 falsi-

1027 2418 1111 2452 loquii
1139 2418 1363 2445 retractationem
1392 2418 1608 2452 experiamurzc
1624 2417 1688 2449 Sic,
1712 2418 1812 2452 inquit,
1870 2408 1880 2414 ἡ

1027 2464 1120 2496 facito,
1135 2467 1163 2491 et
1176 2464 1261 2491 vives.
1275 2474 1285 2490 ι
1305 2463 1351 2490 Sie
1365 2469 1392 2490 tu
1411 2471 1520 2490 omnem
1539 2463 1647 2491 habeto
1657 2464 1811 2498 proximum

1027 2510 1055 2537 in
1086 2510 1226 2545 periculis,
1250 2509 1277 2537 in
1300 2509 1527 2540 necessitatibus,
1549 2510 1576 2536 in
1602 2509 1812 2544 quibuscunque

1027 2553 1111 2582 rebus
1126 2553 1318 2581 constitutum.
1331 2553 1382 2585 Qui
1400 2557 1490 2579 autem
1506 2560 1594 2586 neque
1604 2560 1638 2579 ex
1652 2553 1719 2587 legis
1733 2561 1812 2580 imu-

1026 2599 1113 2632 datis,
1133 2607 1221 2634 neque
1232 2607 1265 2626 ex
1283 2598 1434 2625 Salvator-is
1453 2597 1540 2632 ipsius
1555 2598 1713 2632 praeceptis,
1724 2606 1813 2633 neque

1027 2645 1063 2673 ab
1084 2645 1143 2680 ipsa
1158 2645 1328 2672 conscientia
1345 2643 1508 2678 redargutus
1528 2644 1679 2679 resipiscit,
1693 2645 1727 2678 is,
1740 2645 1814 2672 sicut

1028 2698 1142 2725 serpens
1158 2697 1324 2720 venenosus,
1340 2690 1502 2723 dunLcaput
1516 2689 1576 2723 ejus
1597 2689 1669 2724 legis
1687 2690 1815 2724 plectitur

1027 2736 1198 2768 verberibus,
1220 2736 1341 2769 linguam
1363 2738 1455 2761 movet
1479 2738 1641 2761 venenatam
1658 2739 1686 2762 et
1705 2742 1814 2761 omnem

1028 2781 1160 2808 malitiam
1178 2781 1275 2808 mortis
1287 2780 1446 2815 genitricem
1463 2779 1595 2808 inlucem
1609 2779 1711 2814 prodit.
1728 2779 1810 2805 Nam-

1028 2835 1082 2863 que
1103 2826 1224 2862 seipsum
1247 2827 1308 2853 vult.-
1326 2825 1488 2861 justiticare,
1507 2833 1537 2854 se
1548 2825 1677 2854 omnibus
1704 2823 1812 2856 exteris
