1941 3066
167 126 236 155 16Ξὸ

164 183 308 218 justiorcm
336 189 493 218 summatis,
517 190 621 213 tantum
643 187 720 215 abest
743 192 773 214 ut
791 189 838 223 qui
859 196 951 223 pareto
967 193 990 220 Α

165 229 269 259 credat.
281 235 309 256 ιιι
324 229 417 257 eadem
431 235 522 258 tnotus
536 232 665 267 superbia
677 242 684 259 :
700 241 710 258 ι
723 233 790 266 Quis
807 238 849 261 est
860 235 952 268 proxi-

165 281 226 301 mus
238 274 334 301 meus?
345 284 354 299 ι
372 278 457 309 roget.
472 276 506 302 At
518 283 608 304 nonne
617 278 720 304 esttibi
732 282 818 313 pater,
831 287 847 305 ο
859 281 950 310 homo.

164 325 255 346 nonne
278 324 374 351 mater,
403 321 503 352 lrater,
523 323 648 354 aulicus,
665 329 810 358 cognatus,
831 325 949 357 vicinus,

163 363 261 395 afﬁnis,
280 372 360 392 nemo
376 366 494 400 denique
511 367 538 394 in
556 372 612 394 tota
634 370 745 397 civitate
768 371 806 397 tui
830 371 951 398 similis?

162 407 234 436 Proh
246 409 253 435 l
267 409 418 438 fatuitatem
430 419 506 439 vanae
517 414 615 441 mentis
629 414 816 442 indicatrieem
831 415 950 444 hominis

161 453 209 488 qui
235 453 361 482 humanae
377 463 406 484 se
426 461 531 485 natum
549 459 722 494 superiorem
742 460 847 488 credit!
864 461 949 495 Quem

161 507 224 527 cum
243 500 369 528 Salvator
385 502 425 530 sic
447 504 548 531 stolide
567 506 769 540 superbientem
790 507 905 539 videret.
922 509 947 534 in

161 549 280 572 mentem
303 547 363 580 ejus
380 548 486 576 inducit
515 549 585 578 alios
613 551 660 585 qui
682 555 792 586 natura,
809 553 878 580 alios
901 555 947 588 qui

161 589 301 619 voluntate
318 592 343 619 ei
360 594 508 628 propinqui
534 600 616 627 sunt,
641 597 767 625 addendo
788 605 820 625 ea
837 606 898 632 quae
920 599 947 626 in

160 637 290 670 parabola
322 638 349 665 in
379 647 435 666 rem
465 647 724 669 commemorantur.
751 643 887 671 Adamum
918 649 948 672 ut

159 688 333 711 communem
357 685 478 712 omnium
501 694 634 721 proavum
658 687 686 715 in
712 689 830 716 medium
857 690 945 723 aﬂert,

158 728 261 763 quippe
284 737 317 756 ex
335 738 390 765 quo
414 739 511 758 omnes
538 732 637 761 fratres
653 738 680 761 et
704 736 823 769 proximi
849 737 905 764 sint
919 742 947 765 et

159 772 274 801 habendi
289 779 316 802 et
337 777 513 810 nominandi;
531 778 592 806 dein
610 779 709 807 fratres
730 785 757 808 et
779 783 946 817 propinquos

158 825 206 846 eos
217 825 357 855 nuncupat
372 821 417 856 qui
431 827 525 849 mutuo
540 831 572 850 ac
588 824 746 852 voluntario
761 826 946 855 beneﬁcentia:

158 864 269 891 vinculo
282 864 445 901 junguntur,
456 875 543 902 eoque
559 869 645 904 magis
663 870 737 904 quod
759 878 812 898 non
833 876 942 905 natura,
964 871 983 899 Β

158 911 205 936 sed
224 910 308 938 libera
332 912 470 940 voluntate
495 915 653 942 societatem
672 916 743 944 inter
761 925 791 945 se
815 918 944 946 inierunt.

159 964 168 978 ι
183 954 270 983 ΙΙυηιο
294 957 467 985 descendit.»
487 958 570 988 Vides
594 962 763 995 parabole-It,
785 968 813 990 et
834 972 897 991 cum
914 973 945 992 ea

157 1001 296 1029 Christum
321 1004 366 1038 qui
394 1004 542 1040 legispcriti
569 1007 689 1034 animum
706 1009 738 1035 ad
765 1010 874 1037 saniora
901 1019 945 1039 re-

155 1046 250 1081 ducit;
280 1049 356 1077 vides
386 1050 525 1078 Christum
552 1060 585 1079 ex
606 1053 711 1082 Adamo
739 1056 945 1092 procedentem,

154 1099 261 1127 nosque
289 1102 385 1123 omnes
414 1097 573 1125 edocentem
601 1100 684 1133 quod,
709 1101 731 1127 si
755 1101 788 1128 de
812 1102 944 1130 virtutum

155 1136 264 1173 fastigio
281 1139 315 1166 ad
334 1141 463 1169 vitiorum
487 1144 615 1180 abyssum
631 1146 798 1178 delabimur.
811 1155 826 1174 ι
841 1148 945 1177 dolosis

154 1182 323 1218 decipietnur
347 1187 532 1222 praedonibus,
559 1196 585 1218 et
613 1192 665 1219 nisi
692 1194 858 1228 quantocius
882 1195 944 1223 inde

153 1237 343 1265 emergamus,
365 1235 446 1261 morti
471 1237 555 1264 animi
585 1241 694 1266 aeterna:
721 1240 871 1268 tradentur.
898 1241 944 1270 Sic

152 1272 238 1309 igitur
268 1277 414 1313 lsgisperiti
445 1289 538 1310 mores
567 1283 757 1318 corriguntur,
786 1287 844 1321 ipse
869 1288 942 1315 enim

151 1322 304 1350 secundum
327 1329 492 1358 praeceptum
515 1337 524 1352 ι
538 1327 624 1364 Dilige
642 1331 796 1365 proximum
821 1337 914 1366 tuum,
930 1343 940 1360 ι

152 1371 189 1398 et,
210 1377 220 1393 ι
236 1368 305 1396 0dio
319 1369 390 1398 habe
405 1371 546 1400 inimicum
561 1377 649 1407 tuum,
669 1385 678 1402 ι
701 1381 828 1404 naturam
845 1379 871 1405 in
887 1379 942 1406 duo

151 1412 299 1441 dividendo
309 1422 417 1442 onmem
431 1417 612 1453 alienigenam
625 1428 674 1454 pro
685 1421 762 1449 hoste
775 1423 866 1451 habet.
886 1424 941 1452 Lex

149 1457 223 1485 enim
234 1459 356 1493 quaedam
370 1461 492 1489 hostilem
502 1464 529 1489 in
541 1464 706 1500 alienigenas
715 1475 808 1502 gerere
818 1469 940 1497 animum

147 1503 236 1538 jubet,
253 1513 306 1533 non
328 1510 382 1534 tam
407 1508 518 1535 odio—
535 1512 689 1539 communis
712 1513 786 1540 enim
809 1514 938 1543 omnibus

150 1553 247 1577 natura
258 1567 307 1583 —.
320 1553 367 1580 sed
381 1554 445 1588 quia
459 1562 521 1582 cum
537 1556 592 1584 illis
607 1564 793 1587 commeantes
808 1568 861 1587 non
874 1569 937 1589 raro

148 1603 244 1624 eorum
276 1599 456 1627 idololatriam
483 1603 726 1637 amplectebantur.
753 1605 812 1633 Non
840 1615 937 1636 otnnes

149 1651 231 1678 porro
244 1644 353 1673 Judaeos
365 1646 417 1674 sibi
438 1648 608 1683 propinquos
621 1651 743 1684 putabat,
755 1653 802 1679 sed
816 1661 863 1681 eos
876 1659 936 1681 tan-

148 1691 206 1715 tum
219 1690 265 1724 qui
277 1690 303 1717 in
312 1691 461 1719 virtutibus
469 1694 630 1722 exercendis
639 1702 700 1722 cum
713 1696 772 1731 ipso
781 1698 934 1726 certabant.

148 1733 203 1762 Sed
216 1736 342 1764 nomicus
355 1741 457 1770 noster,
467 1738 509 1765 sui
519 1739 626 1773 plenus,
639 1741 767 1768 omnibus
780 1744 935 1776 praecellere

147 1785 235 1812 ratus,
252 1782 387 1809 neminem
403 1790 432 1810 re
453 1787 500 1810 aut
517 1785 627 1812 nomine
652 1786 798 1821 semetipso
821 1788 932 1822 dignum

148 1827 342 1855 arbitrabatur.
355 1827 446 1861 Quare
462 1829 591 1857 Christus
605 1831 697 1863 istius,
708 1836 735 1859 et
748 1832 870 1859 omnium
885 1833 933 1868 qui

146 1872 243 1900 eadem
274 1873 374 1902 misers
400 1875 559 1902 conditione
588 1875 678 1903 aﬂiieti
699 1882 790 1908 erant,
807 1879 931 1906 morbum

146 1922 306 1951 sanaturus,
323 1919 470 1947 universim
486 1929 495 1945 ι
508 1921 595 1948 Homo
611 1923 721 1956 quidam
735 1932 744 1949 ι
759 1923 863 1955 dicens,
877 1933 930 1952 non

146 1962 220 1990 hunc
229 1966 276 1990 aut
288 1962 375 1995 illttm,
388 1969 491 1991 natura:
502 1965 627 1992 humana:
640 1967 801 2001 participem
814 1969 930 2002 proximi

144 2009 367 2036 denominutione
389 2010 588 2045 designandum
611 2020 672 2040 esse
688 2013 787 2044 innuit,
802 2018 829 2040 et
844 2015 928 2049 legem

143 2062 204 2089 qua
212 2064 222 2080 ι
235 2056 303 2081 Ama
311 2055 476 2089 proximum,
490 2065 500 2081 ι
510 2061 561 2088 εῑ,ι
572 2057 642 2084 0dio
652 2058 751 2086 habeto
760 2058 926 2091 inimicum,»

143 2105 272 2135 tanquam
289 2099 476 2135 imperfertam
493 2103 624 2136 praeterit,
639 2111 718 2130 suam
735 2105 928 2134 substitttendo

141 2153 224 2181 quam
242 2145 305 2173 alibi
322 2153 432 2180 quoque
450 2148 633 2180 commendat,
650 2159 660 2174 ι
673 2150 781 2185 Diligite
800 2151 927 2180 inimicos

141 2197 260 2224 vestros,
281 2192 431 2220 benefacite
453 2193 487 2220 iis
512 2194 558 2228 qui
575 2194 693 2222 oderunt
716 2204 774 2228 vos,
795 2201 823 2224 et
847 2203 926 2226 orate
943 2202 964 2229 Ι)

140 2245 192 2273 pro
205 2238 432 2273 persequentibus
444 2246 503 2266 vos.
519 2249 528 2264 ι
546 2239 647 2268 Omnes
665 2241 822 2277 hujusmodi
838 2243 924 2272 Judaei

141 2285 269 2312 inimicos
279 2284 437 2315 credebant,
452 2286 591 2319 proximos
599 2291 690 2314 autem
700 2288 745 2322 qui
757 2290 924 2318 contrarium

140 2329 288 2357 (sciebant.
304 2329 362 2356 Tali
392 2331 474 2357 modo
490 2331 573 2366 igitur
591 2332 776 2367 legisperitum
799 2339 886 2362 tentat
897 2341 925 2363 et

139 2382 190 2410 per
206 2375 364 2410 parabolam
386 2383 420 2403 eo
439 2376 549 2414 redigit,
566 2381 603 2403 ut-
616 2378 658 2405 vel
680 2378 782 2407 invitus
807 2380 925 2408 fateatur

139 2420 225 2455 legem
241 2427 303 2447 esse
315 2419 502 2454 imperfectam
519 2428 572 2455 qua
586 2422 708 2457 praecipit
722 2423 814 2451 odisse
834 2424 925 2452 inimi-

137 2473 201 2493 cum
225 2469 254 2493 et
277 2465 390 2501 diligere
414 2466 586 2501 proximum;
612 2468 757 2503 perfectam
785 2474 875 2498 autem
897 2475 924 2498 et

137 2511 312 2546 perﬁciendis
336 2511 370 2539 iis
391 2512 437 2547 qui
459 2519 519 2539 eam
539 2518 701 2548 sequuntur,
723 2515 848 2542 idoneam
863 2524 922 2544 eam

137 2564 220 2592 quam
235 2556 274 2584 illi
289 2557 441 2590 substituit,
452 2561 479 2585 et
489 2565 549 2593 qua:
560 2559 639 2586 docet
650 2567 746 2588 omnes
756 2561 921 2596 diligendos,

137 2602 276 2630 neminem
297 2609 346 2637 pro
369 2603 449 2630 hoste
464 2603 619 2632 habendum
639 2613 712 2637 esse,
734 2614 782 2640 pro
799 2608 922 2641 proximo

137 2652 229 2677 autem
238 2650 393 2684 quicunque
402 2649 503 2677 auxilio
514 2650 627 2685 indiget,
640 2651 697 2678 sive
712 2652 848 2686 ethnicus,
864 2653 921 2680 sive

135 2693 257 2722 ludens.
269 2695 316 2722 Sic
326 2695 410 2730 igitur
421 2697 590 2723 sacerdotem
600 2704 630 2723 ac
640 2697 748 2724 levitant
762 2698 808 2732 qui
820 2699 920 2726 nullam

135 2740 161 2766 ei
177 2739 225 2774 qui
240 2739 313 2767 inter
329 2740 450 2768 latrones
473 2741 612 2768 ceciderat
634 2750 712 2776 opem
737 2744 833 2775 tulere,
848 2746 921 2772 velut

137 2792 192 2812 non
208 2787 357 2819 proximos,
372 2786 427 2813 imo
447 2791 476 2813 ut
497 2787 674 2822 alienigenas,
689 2793 719 2815 ut
735 2790 852 2816 sicarios
874 2791 921 2818 de-

136 2834 281 2858 monstrat.
296 2831 459 2867 Qnicnnque
477 2833 548 2859 enim
565 2840 675 2860 manum
700 2842 753 2862 non
768 2835 882 2871 porrigit
895 2837 919 2863 ri

640 130 668 156 S.
685 129 834 163 ARSENII,
850 130 894 158 AD
914 130 1070 161 NOMICL‘M
1085 131 1319 160 ΤΕΝΤΑΤΟΠΕΜ

1727 132 1813 164 1624

1005 191 1138 226 μηδαμῶς
1149 191 1238 226 ἑαυτῷ
1247 191 1314 224 ἴσον,
1328 191 1345 226 ἢ
1358 190 1405 217 καὶ
1418 190 1532 226 πλησίον
1543 190 1626 217 αὐτοῦ
1638 190 1811 226 τυγχάνειν-

1007 237 1038 262 Ὢ
1052 237 1140 271 δεινῆς
1152 236 1338 271 ὑπερηφανίας
1356 236 1362 262 ί
1384 236 1452 262 «Kal
1465 236 1506 266 τίς
1520 236 1570 270 μού
1584 235 1786 271 ἔστιν-πλησίον,
1795 245 1809 261 ι

1004 283 1085 317 (mei;
1099 284 1152 309 Καὶ
1168 284 1227 318 μεθ’
1243 283 1335 318 ἕτερα·
1351 281 1423 316 Ἃρα
1437 283 1468 309 οὺ
1485 285 1575 318 πατήρ
1585 283 1627 309 σοί
1643 284 1730 316 ἐστιν,
1748 284 1809 310 ἄν·

1004 327 1107 362 θρωπε,
1132 328 1162 354 οὐ
1187 329 1287 363 μήτηρ,
1308 328 1358 354 οὐκ
1373 327 1497 362 ἀδελφὸς,
1518 328 1549 354 οὑ
1565 328 1660 362 φίλος,
1676 329 1707 354 οὐ
1726 336 1807 362 συγ-

1003 373 1094 408 γενὴς.
1109 373 1140 399 οὐ
1159 373 1266 407 γείτων,
1283 374 1334 400 οῦκ
1347 374 1526 408 ἀγχιστεύων,
1549 374 1613 400 οὐδὲ
1632 382 1676 405 τις
1687 373 1747 400 τῶν
1766 375 1807 400 ἐν

1002 420 1035 453 τῇ
1049 419 1125 446 πόλει
1140 419 1249 454 ἒτεροςς
1266 419 1318 445 Φεῦ
1345 419 1394 453 τῆς
1417 420 1532 454 οἰήσεως
1554 419 1601 446 καὶ
1619 420 1668 454 τῆς
1692 418 1805 450 ἀλαζο-

1002 465 1090 495 νείαςί
1120 464 1207 496 οὕτως
1242 465 1338 492 ἑαυτὸν
1368 465 1518 500 ὑπέρτερον
1540 465 1590 500 τῆς
1615 465 1803 501 ἀνθρωπίνης

1002 511 1110 546 ἡγεῖται
1129 511 1246 545 φύσεως.
1263 511 1307 538 Διὸ
1325 513 1371 538 καὶ
1388 513 1402 538 ὁ
1416 511 1512 547 Σωτὴρ
1528 511 1614 543 οὕτως
1630 511 1691 538 ἰδὼν
1705 513 1799 546 ἀνθησ-

1001 557 1137 588 ταίνοντα,
1155 560 1201 584 καὶ
1223 558 1277 584 τῶν
1296 558 1324 584 ὲν
1349 558 1428 592 φύσει
1449 558 1654 593 ὑπομιμνήσκει
1672 558 1799 593 πλησια-

1002 602 1111 634 ζόντων,
1130 604 1178 630 καὶ
1198 603 1252 630 τῶν
1267 605 1298 630 ἐν
1313 605 1481 639 προαιρέσει,
1498 605 1544 631 καὶ
1567 605 1620 631 τῶν
1634 604 1723 632 ἄλλων
1736 605 1798 631 τῶν

1000 649 1029 674 ὲν
1045 649 1078 683 τῇ
1102 649 1243 685 παραϐολῇ
1270 650 1510 686 δηλωθησομένων,
1541 651 1585 677 ἶνα
1606 651 1714 686 πατέρα
1739 650 1797 685 μὲν

1000 695 1088 721 κοινὸν
1109 695 1155 721 τὸν
1170 696 1332 732 προπάτορα
1355 697 1433 731 ἡμῶν
1456 697 1541 732 Ἀδὰμ
1565 697 1678 732 ἐπιγνῷ,
1705 697 1736 729 ἐξ
1757 693 1794 724 οὗ

1000 743 1100 772 πάντες
1115 741 1253 777 ἄνθρωποι
1271 742 1395 777 ἀλλήλων
1409 742 1527 777 ἀδελφοὶ,
1542 743 1590 769 καὶ
1604 743 1730 778 πλησίον,
1744 743 1794 769 διὰ

998 787 1047 822 τὴν
1068 788 1097 813 ἐν
1117 787 1213 822 ἐκείνῳ
1229 788 1380 819 κοινωνίαν,
1395 787 1532 814 καλεῖσθαι
1555 787 1641 820 ἄξιοι·
1662 787 1722 815 εἶτα
1741 789 1794 816 καὶ

996 834 1062 864 τοὺς
1078 833 1149 860 κατά
1166 833 1324 869 προαίρεσιν
1343 833 1474 868 ἀλλήλους
1487 834 1652 868 εὐεργετεῖν,
1677 833 1725 860 καὶ
1741 834 1792 860 ὑπ’

998 879 1119 914 ἀλλήλων
1136 878 1336 914 εὐεργετεῖσθαι
1349 878 1499 911 ἐθέλοντας,
1515 879 1645 913 ἀδελφοὺς
1655 880 1702 906 καὶ
1716 879 1792 914 πλη-

997 924 1054 950 σίον
1068 920 1206 950 καλέσειεν
1218 933 1224 938 ·
1237 924 1261 950 οἳ
1277 925 1323 950 καὶ
1333 924 1378 950 τοῦ
1390 924 1502 959 πλησίον
1518 925 1570 950 εἰσὶ
1583 924 1788 960 πλησιαίτεροι,

996 969 1112 1004 ἐπείπερ
1130 970 1160 996 οὺ
1183 970 1263 1004 φύσει
1287 971 1377 1005 μόνον,
1403 969 1472 996 ἀλλὰ
1490 970 1536 996 καὶ
1561 970 1721 1006 προαιρέσει
1738 969 1788 996 τὸν

996 1015 1063 1049 πρὸς
1080 1015 1211 1050 ἀλλήλους
1233 1015 1323 1050 ἔχουσι.
1337 1016 1518 1050 πλησιασμόν.
1536 1025 1545 1041 ι
1562 1016 1720 1050 Ἀνθρωπος
1741 1024 1787 1047 τις

996 1060 1165 1087 κατέϐαινεν.
1182 1070 1191 1086 ι
1210 1061 1279 1095 Ὅρα
1294 1061 1462 1097 παραὸολὴν,
1481 1061 1528 1088 καὶ
1541 1061 1589 1096 τὴν
1607 1061 1654 1087 τοῦ
1667 1060 1786 1096 νομικοῦ

995 1106 1166 1142 ὲσφαλμένην
1179 1107 1297 1133 διάνοιαν
1310 1107 1514 1142 διορθουμένην.
1526 1107 1574 1134 καὶ
1589 1107 1638 1142 τὴν
1648 1107 1676 1140 ἐξ
1695 1107 1787 1141 Ἀδάμ.

995 1151 1047 1182 ἕως
1066 1151 1185 1186 Χριστοῦ
1200 1151 1367 1178 κατάστασιν
1385 1151 1623 1186 ὑπαινιττομένην,
1641 1151 1688 1177 καὶ
1702 1152 1784 1186 ἡμῶν

995 1195 1108 1222 ἕκαστον
1121 1195 1309 1227 διδάσκουσαν,
1324 1196 1398 1227 ὅπως
1419 1196 1483 1222 ὅταν
1500 1196 1529 1229 ἐξ
1546 1196 1628 1230 ὕψους
1643 1196 1783 1227 πολιτείας

994 1241 1123 1277 ἐναρέτου
1138 1243 1175 1273 εἰς
1194 1241 1275 1277 βάθος
1295 1241 1414 1277 ἀνομιῶν
1430 1243 1542 1273 ἑαυτοὺς
1558 1242 1782 1276 κατενέγκωμεν,

994 1287 1045 1314 ὑπὸ
1059 1288 1164 1323 λῃστῶν
1178 1288 1385 1324 τιτρωσκόμεθα
1402 1288 1514 1323 νοητῶν,
1530 1290 1576 1314 καὶ
1590 1289 1614 1314 εἰ
1630 1289 1666 1323 μὴ
1683 1288 1782 1315 θᾶττον

992 1333 1180 1369 ἀνανήψαντες
1200 1334 1304 1360 ἐκεῖθεν
1330 1334 1535 1369 ἀνακληθῶμεν,
1557 1334 1596 1368 τῷ
1615 1334 1666 1369 τῆς
1690 1334 1781 1368 ψυχῆς

991 1380 1092 1415 αίωνίῳ
1101 1379 1362 1414 καθυποσαλλόμεθα
1370 1380 1485 1414 Θανάτῳ·
1496 1380 1543 1406 καὶ
1553 1380 1597 1406 τὸν
1608 1379 1656 1415 μὲν
1667 1379 1780 1414 νομικὸν

991 1425 1076 1456 οὕτως
1089 1425 1249 1460 διορθοῦται,
1266 1426 1346 1456 αὐτὸς
1360 1425 1414 1461 γάρ
1429 1426 1500 1452 κατά
1513 1426 1568 1457 τὸν,
1587 1435 1596 1450 ι
1609 1425 1778 1460 Ἀγαπήσεις

989 1469 1035 1496 τὸν
1050 1470 1162 1505 πλησίον
1180 1478 1237 1502 σου,
1253 1479 1261 1496 ι
1274 1470 1331 1500 καὶ,
1351 1479 1360 1495 ι
1371 1470 1504 1505 Μισήσεις
1518 1469 1563 1495 τὸν
1574 1469 1670 1504 ἐχθρόν
1688 1478 1747 1501 σου,
1764 1479 1774 1494 ι

989 1515 1135 1542 κελεύοντα
1149 1515 1240 1550 νόμον,
1256 1515 1316 1550 διχῆ
1329 1515 1377 1550 τὴν
1390 1514 1470 1549 φύσιν
1481 1515 1604 1550 διαιρῶν,
1617 1515 1712 1550 ἐχθρὸν
1727 1515 1777 1549 μὲν

989 1561 1097 1594 ἑαυτοῦ,
1112 1562 1202 1588 πάντα
1217 1561 1359 1597 ἄνθρωπον
1373 1562 1480 1596 ἡγεῖται
1498 1561 1644 1595 ἀλλοεθνῆ·
1658 1560 1707 1587 καὶ
1719 1560 1775 1594 γὰρ

986 1608 1019 1643 δὴ
1034 1608 1081 1634 καὶ
1094 1606 1128 1643 ἧν
1144 1608 1225 1642 νόμος
1245 1608 1336 1639 αὐτοῖς
1351 1607 1493 1643 ὲχθρωδῶς
1511 1607 1579 1642 πρὸς
1593 1606 1698 1637 πάντας
1711 1606 1775 1638 τοὺς

987 1654 1016 1686 ἐξ
1035 1653 1119 1680 ἐθνῶν
1136 1653 1303 1686 διακεῖσθαι,
1328 1654 1358 1680 οὺ
1379 1653 1452 1688 μίσει
1467 1653 1506 1688 τῷ
1522 1653 1590 1688 πρὸς
1609 1654 1660 1688 τὴν
1681 1652 1774 1687 κοινὴν

985 1699 1076 1734 φύσιν,
1102 1699 1169 1725 ἀλλά
1182 1699 1225 1725 διὰ
1245 1698 1276 1726 τὸ
1299 1699 1455 1730 πλειστάκις
1470 1699 1569 1730 αὐτοὺς
1585 1699 1618 1724 ἐκ
1638 1698 1689 1733 τῆς
1703 1698 1773 1733 πρὶς

984 1745 1019 1772 τὰ
1036 1745 1100 1780 ἔθνη
1120 1744 1282 1776 οἱκειώσεως
1301 1745 1341 1776 είς
1360 1744 1410 1779 τὴν
1422 1744 1533 1771 ἐκείνων
1551 1743 1771 1779 είδωλολατρείαν

984 1791 1120 1818 ἐκκλίνειν
1130 1799 1136 1805 ·
1158 1790 1302 1822 Ἰουδαίους
1315 1790 1343 1816 δὲ
1360 1790 1473 1825 πλησίον
1488 1790 1585 1816 ἑαυτοῦ
1605 1790 1707 1824 ἠγεῖτο,
1722 1789 1771 1815 καὶ

982 1837 1044 1863 οὐδὲ
1055 1837 1165 1867 τούτους
1177 1836 1293 1867 πάντας,
1307 1834 1364 1861 ἀλλ’
1377 1836 1403 1861 ει
1415 1843 1487 1866 τινες
1497 1834 1531 1861 ἂν
1546 1834 1683 1870 εὑρεθεῖεν
1695 1833 1770 1868 αὐτῷ

981 1883 1031 1918 τὴν
1053 1883 1153 1917 ἀρετὴν
1180 1881 1332 1916 ἐφάμιλλοι.
1362 1881 1515 1915 Οἰηματίας
1538 1879 1566 1906 δέ
1589 1888 1630 1911 τις
1653 1879 1701 1909 ὢν.
1721 1879 1768 1905 καὶ

981 1929 1068 1956 δοκῶν
1097 1928 1205 1954 πάντων
1226 1928 1260 1962 τῇ
1281 1928 1365 1962 ἀρετῇ
1391 1926 1546 1961 ὑπερέχειν,
1570 1925 1666 1952 οὐδένα
1691 1924 1768 1959 ἠξίου

981 1974 1094 2009 πλησίον
1114 1972 1197 2000 αὑτοῦ
1214 1973 1230 2007 ἢ
1252 1970 1323 1999 εἶναι
1346 1974 1362 2006 ἢ
1377 1971 1519 2006 λέγεσθαι·
1541 1971 1598 1998 ἀλλ’
1617 1972 1631 1997 ὁ
1650 1970 1767 2006 Χριστὸς

979 2020 1028 2056 τὴν
1041 2019 1122 2047 αὑτοῦ
1139 2019 1251 2045 καὶτῶν
1268 2018 1302 2044 τὰ
1318 2018 1363 2044 ῐσα
1377 2017 1452 2052 αὑτῷ
1467 2017 1617 2044 νοσούντων
1628 2017 1766 2051 ἀγνωσίαν

979 2064 1147 2099 ἐπανορθῶν,
1160 2063 1271 2098 ὀνόματι
1283 2063 1365 2098 κοινῷ
1378 2062 1432 2098 τῷ,
1452 2071 1461 2088 ι
1470 2062 1628 2097 Ἄνθρωπός
1643 2070 1695 2093 τις,
1707 2071 1716 2086 ι
1734 2062 1764 2088 οὐ

978 2112 1051 2138 τόνδε
1067 2112 1084 2147 ἢ
1094 2112 1178 2143 τόνδε,
1190 2111 1259 2138 ἀλλὰ
1274 2110 1362 2137 πάντα
1377 2111 1422 2136 τὸν
1434 2110 1605 2146 ἀνθρωπίνης
1618 2109 1765 2144 μετέχοντα

978 2159 1085 2193 φύσεως
1098 2158 1212 2193 πλησίον
1222 2159 1276 2185 δεῖν
1289 2158 1429 2184 καλεῖσθαι
1441 2157 1576 2184 διδάσκει·
1597 2157 1646 2182 καὶ
1667 2155 1764 2190 ἐχθρὸν

980 2205 1040 2241 μηδ’
1049 2204 1187 2231 ὁντιναοῦν
1201 2203 1299 2230 ειδέναι
1307 2204 1475 2238 θεσμοθετεῖ,
1484 2202 1529 2229 τὸν
1544 2201 1711 2237 μὲνζλέγοντα
1718 2202 1764 2227 νό-

978 2257 1052 2284 μον,ι
1064 2248 1227 2283 ’Δγαπήσεις
1237 2247 1282 2274 τὸν
1291 2248 1402 2282 πλησίον
1411 2256 1468 2280 σου,
1476 2257 1484 2273 ι
1498 2247 1707 2281 καὶ,ιΜισήσεις
1717 2245 1763 2272 τὸν

975 2293 1071 2329 ἐχθρόν
1087 2301 1161 2324 con,»
1173 2293 1210 2324 ὡς
1224 2292 1307 2327 ἀτελῆ
1323 2292 1440 2328 παριὼν,
1449 2293 1494 2319 τὸν
1507 2293 1535 2318 δὲ
1547 2291 1643 2318 ἑαυτοῦ
1656 2299 1763 2318 συνεισ-

975 2339 1066 2375 φὲρων
1078 2359 1085 2370 ,
1099 2339 1129 2365 ὃν
1155 2339 1203 2364 καὶ
1221 2338 1339 2373 ἀλλαχοῦ
1365 2338 1455 2373 τίθησι
1479 2338 1566 2372 λέγων
1582 2345 1589 2352 '
1601 2347 1611 2363 ι
1622 2338 1760 2371 Ἀγαπᾶτε

973 2385 1036 2415 τοὺς
1061 2384 1173 2419 ἐχθροὺς
1199 2383 1286 2418 ὑμῶν,
1310 2383 1400 2415 καλῶς
1429 2384 1530 2410 ποιεῖτε
1554 2384 1610 2414 τοῖς
1637 2381 1760 2417 μισοῦσιν

974 2431 1056 2465 ὑμᾶς,
1072 2432 1117 2456 καὶ
1135 2429 1316 2465 προσεύχεσθε
1331 2429 1402 2464 ὑπὲρ
1416 2430 1470 2456 τῶν
1488 2429 1695 2465 ἐπηρεαζόντων
1713 2430 1761 2456 καὶ

973 2475 1123 2502 διωκόντων
1134 2476 1232 2509 ὑμᾶς-ι
1245 2475 1323 2510 δῆλον
1337 2475 1392 2510 γὰρ
1407 2475 1447 2501 ὅτι
1464 2475 1527 2506 τοὺς
1542 2474 1678 2506 τοιούτους
1692 2475 1760 2501 πάν-

972 2529 1022 2551 τας
1040 2520 1153 2556 ἐχθροὺς
1176 2520 1291 2555 ἡγοῦντο
1320 2520 1453 2547 Ἰουδαῖον
1482 2521 1546 2551 τοὺς
1576 2520 1605 2546 δὲ
1629 2521 1760 2547 τάναντία

973 2567 1130 2598 ποιοῦντας,
1148 2567 1272 2601 πλησίον.
1285 2566 1366 2593 Ὅθεν
1382 2566 1453 2593 οὕτω
1472 2567 1517 2593 τὸν
1537 2567 1647 2601 νομικὸν
1662 2566 1758 2593 ἐκπιέ-

973 2611 1024 2643 ζει,
1045 2612 1091 2638 καὶ
1105 2611 1234 2646 κατάγχει
1245 2613 1279 2647 τῇ
1292 2612 1342 2646 τῆς
1355 2612 1510 2647 παραϐολῆς
1521 2612 1644 2647 δυνάμει,
1658 2612 1697 2643 ὡς
1712 2613 1758 2638 καὶ

972 2657 1071 2684 ἄκοντα
1094 2657 1293 2691 ἀνομολογῆσαι
1310 2657 1390 2692 ἀτελῆ
1404 2657 1453 2692 μὲν
1471 2655 1551 2691 εἶναι,
1567 2658 1614 2685 καὶ
1632 2658 1758 2685 ἀτελέσιν

971 2701 1096 2737 εἰρῆσθαι
1121 2702 1176 2733 τὸν,
1207 2703 1295 2736 μισεῖν
1314 2703 1359 2729 τὸν
1387 2703 1493 2738 ἐχθρὸν,
1524 2704 1635 2740 ἀγαπᾷν
1657 2704 1687 2730 δὲ
1710 2705 1757 2731 τὸν

972 2747 1095 2783 πλησίον,
1123 2748 1267 2774 κελεύοντα
1289 2748 1384 2783 νόμον·
1409 2749 1576 2776 τελειότατον
1591 2750 1620 2777 δὲ
1644 2750 1692 2777 καὶ
1711 2759 1757 2778 τε-

971 2793 1122 2826 λειοποιὺν,
1144 2794 1173 2820 ὃν
1198 2794 1279 2825 αὐτὸς
1309 2795 1483 2829 θεσμοθετεῖ·
1506 2797 1617 2832 ἀγαπᾷν
1646 2797 1756 2829 πάντως

973 2839 1065 2871 ἁπλῶς
1081 2839 1223 2873 διδάσκων,
1241 2841 1288 2867 καὶ
1311 2841 1422 2876 μηδένα,
1434 2842 1497 2869 ἔνθα
1514 2842 1567 2878 χρὴ
1589 2843 1752 2878 εὐεργετεῖν,
