3994 6422
505 611 758 762 DE
867 599 1866 759 THEODORI
2000 589 3348 750 MOPSUESTENI

1243 910 1596 1026 VITA
1675 908 1857 1021 ET
1949 901 2609 1022 SCRIPTIS

671 1168 1556 1267 COMMENTATIO
1629 1163 2284 1256 HISTORICA
2357 1156 3178 1251 THEOLOGICA.

1801 1400 2079 1445 SCRIPSIT

1327 1533 1550 1597 OTTO
1601 1528 2016 1592 FRIDOLIN
2069 1528 2547 1629 ERITZSCHE

1613 1694 1895 1732 THEOLOGIE
1937 1695 2255 1731 LICENTIATUS.

1108 1814 1305 1881 (Halm,
1332 1810 1612 1872 sumptibus
1637 1807 1847 1858 libraria
1870 1806 2296 1869 Orpbanotropbei
2321 1805 2732 1858 MDCCCXXXVI.
2757 1806 2775 1868 )

1538 2129 2357 2244 PR/EFATIO.

1890 2383 1926 2393 ν

397 2516 592 2571 Schola
631 2513 971 2569 Antiochena
998 2554 1013 2576 ,
1053 2526 1176 2581 qua
1218 2527 1246 2563 a
1289 2508 1574 2563 Dorotheo
1612 2518 1665 2563 et
1705 2507 1984 2573 Lueiano,
2024 2508 2364 2580 presbyteris
2391 2550 2406 2575 ,
2444 2509 2547 2564 sub
2581 2505 2744 2561 tinem
2785 2506 2968 2562 saculi
3005 2508 3151 2561 tertii
3192 2507 3412 2562 condita
3445 2518 3575 2574 est,

309 2624 442 2662 cum
492 2625 551 2661 ea
600 2607 686 2661 via
727 2605 1004 2660 incederet
1043 2618 1208 2673 quam
1252 2603 1468 2672 priores
1517 2601 1772 2656 doctores
1811 2601 2136 2657 Autioeheni
2179 2601 2445 2667 inierant,
2482 2600 2810 2669 theologiam
2851 2599 3054 2655 sensim
3093 2614 3157 2654 ac
3196 2601 3457 2669 paulatim
3498 2603 3574 2657 ita

307 2700 513 2754 studiis
545 2701 665 2753 suis
701 2706 986 2769 persecuta
1022 2705 1144 2757 est.
1178 2706 1238 2750 ut
1285 2695 1467 2747 indole
1507 2707 1605 2747 sua
1645 2692 1906 2761 peculiari
1944 2692 2239 2746 admodum
2279 2691 2562 2761 splendeat
2601 2706 2982 2761 summamque
3022 2691 3129 2745 vim
3176 2691 3232 2745 in
3271 2691 3576 2748 Ecclesialn

306 2789 555 2846 Graecam
597 2788 927 2844 exhibuerit.
970 2787 1201 2840 Frustra
1242 2786 1389 2840 enim
1430 2783 1690 2838 Ecclesia
1727 2783 1969 2848 Graca,
2014 2785 2212 2838 veteris
2273 2786 2511 2839 maxime
2537 2824 2551 2847 ,
2613 2785 2849 2838 rationes
2887 2785 3200 2854 perspicere
3237 2787 3530 2842 conaberis
3555 2826 3575 2850 ,

308 2888 418 2941 nisi
451 2887 785 2955 theologiam
817 2883 1216 2938 Antiochenam
1253 2881 1426 2952 probe
1457 2880 1804 2950 cognoveris.
1839 2878 1950 2935 Nec
1983 2879 2214 2934 nimium
2251 2879 2400 2942 dixi,
2435 2879 2544 2933 imo
2579 2887 2690 2933 tota
2726 2879 2997 2950 theologia
3031 2880 3216 2935 Graeca
3244 2921 3258 2942 ,
3295 2897 3417 2952 qua
3449 2883 3576 2951 qui-

302 2982 438 3034 dem
473 2979 607 3048 quid
650 2979 752 3032 sibi
796 2979 954 3031 vellet
988 2976 1194 3030 sciebat
1233 2989 1412 3043 neque
1448 2972 1688 3028 infausto
1727 2981 1952 3042 torpore
1991 2973 2297 3036 tenebatur,
2334 2987 2419 3026 me
2452 2972 2636 3041 judice
2671 2988 2771 3040 per
2809 2982 3118 3043 temporum
3149 2974 3441 3030 decursum
3476 2979 3579 3032 tri-

308 3072 514 3140 partita
561 3077 714 3132 erat,
765 3066 1170 3129 Alexandrina,
1223 3063 1560 3117 Antiocheua
1613 3074 1661 3116 et
1716 3077 1839 3132 qua
1893 3059 2125 3114 mediam
2175 3060 2468 3129 quamdam
2510 3061 2652 3113 viam
2710 3061 2855 3115 iniit.
2906 3062 3043 3116 Cum
3083 3063 3252 3134 igitur
3293 3075 3442 3120 tanta
3495 3070 3579 3123 vis

309 3162 518 3215 schola
552 3160 910 3214 Antiochense
950 3157 1145 3219 fuerit,
1187 3154 1424 3208 maxime
1459 3152 1750 3206 dolendum
1787 3151 1934 3220 quod
1975 3168 2084 3204 non
2123 3166 2189 3205 ea
2229 3151 2353 3205 luce
2391 3167 2499 3220 qua
2537 3151 2906 3206 Alexandrina
2946 3153 3267 3208 collustrata
3310 3165 3417 3211 est.
3462 3156 3578 3215 "ac

312 3253 535 3307 demum
572 3262 732 3308 atate
764 3253 832 3307 de
865 3267 925 3306 ea
958 3249 1206 3305 nonnulli
1239 3247 1356 3303 γν.
1391 3245 1498 3301 DD.
1534 3247 1848 3302 accuratius
1874 3246 2314 3316 disputaverunt,
2338 3245 2432 3317 qui
2457 3261 2768 3318 quanquam
2795 3248 2850 3302 in
2876 3251 3154 3308 nonnullis
3193 3264 3580 3322 peccaverunt,

313 3361 516 3413 magna
551 3363 652 3400 sua
690 3345 852 3399 laude
887 3345 1001 3398 hac
1036 3341 1218 3397 studia
1254 3339 1660 3394 excitaverunt.

392 3437 503 3504 Ego
535 3451 665 3490 vero
697 3450 807 3503 quo
837 3433 1045 3487 diutius
1085 3432 1139 3484 in
1176 3427 1404 3483 historia
1439 3427 1815 3481 ecclesiastica
1849 3426 2254 3496 perscrutanda
2290 3429 2551 3483 versabar
2584 3439 2638 3484 et
2671 3445 2780 3499 quo
2811 3431 2983 3501 magis
3013 3433 3121 3487 vim
3164 3449 3228 3489 ac
3261 3438 3582 3507 gravitatem

315 3529 524 3582 schola
557 3526 916 3580 Autiochena
947 3525 1347 3594 perspiciebam
1374 3564 1390 3589 ,
1428 3541 1495 3580 eo
1530 3526 1727 3593 majori
1763 3527 1948 3580 studio
1989 3527 2044 3580 in
2076 3526 2196 3596 ejus
2235 3542 2325 3582 res
2363 3527 2622 3596 inquisivi
2644 3567 2660 3593 ,
2699 3544 2820 3598 qua
2849 3530 2904 3583 in
2933 3531 3169 3584 maxima
3203 3547 3586 3590 monumento-

317 3637 450 3674 rum
505 3623 892 3676 historicorum
945 3623 1173 3692 penuria
1212 3622 1285 3676 ita
1319 3622 1723 3691 quodammodo
1767 3622 2055 3676 dilucidari
2097 3632 2369 3692 possunt,
2404 3631 2464 3676 ut
2495 3624 2684 3693 quales
2723 3623 2958 3680 diversis
2996 3628 3339 3696 temporibus
3381 3630 3585 3700 singuli

324 3713 532 3768 schola
561 3716 703 3769 illius
733 3714 986 3768 doctores
1024 3713 1225 3768 fuerint
1258 3716 1542 3784 anquiras.
1581 3713 1635 3768 lu
1671 3715 1775 3768 hac
1806 3729 1937 3769 vero
1977 3713 2279 3784 perdifﬁcili
2310 3714 2744 3784 disquisitione,
2785 3725 2840 3770 et
2877 3725 3124 3787 tempora
3164 3723 3335 3789 probe
3372 3723 3584 3778 discer-

318 3806 539 3868 nenda,
573 3815 627 3861 et
665 3821 728 3861 ea
768 3823 889 3876 qua
919 3808 1257 3877 singulorum
1287 3807 1574 3862 doctorum
1607 3809 1828 3878 propria
1865 3816 1994 3862 sunt
2024 3824 2200 3878 neque
2233 3809 2287 3861 in
2323 3809 2496 3878 ipsam
2534 3811 2777 3864 scholam
2807 3811 3028 3865 cadunt.
3280 3821 3282 3824 '

397 3897 535 3962 Qua
561 3914 685 3951 cum
717 3900 788 3951 ita
814 3899 961 3964 sint,
994 3915 1176 3968 opera
1210 3901 1444 3968 pretium
1478 3917 1564 3955 me
1597 3901 1870 3954 facturum
1906 3902 2129 3970 putavi,
2167 3901 2210 3955 si
2248 3903 2300 3954 in
2335 3902 2500 3956 rebus
2533 3901 2808 3958 Theodori
2839 3906 3167 3962 Antiocheni
3189 3947 3204 3972 ,
3241 3908 3588 3979 Mopsuestia

321 3989 573 4059 episcopi
596 4029 610 4050 ,
640 3991 730 4059 qui
760 3991 1087 4060 theologiam
1118 3991 1512 4046 Antiochenam
1546 3990 1613 4043 ad
1648 4007 1766 4045 eam
1798 4007 1961 4062 quam
1993 4000 2151 4046 nacta
2180 4001 2262 4047 est
2294 3993 2680 4062 perfectionem
2709 3998 2919 4062 evexit,
2949 4013 3123 4052 meam
3155 4003 3589 4076 qualemcunque

319 4092 518 4131 curam
552 4079 882 4144 collocarem
914 4090 1079 4150 atque
1108 4082 1176 4135 de
1206 4081 1326 4150 ejus
1361 4083 1504 4147 vita,
1541 4083 1797 4152 scriptis,
1833 4082 2130 4153 Scriptura
2159 4101 2329 4140 sacra
2367 4087 2840 4157 interpretatione,
2877 4091 3160 4152 doctrina.
3206 4106 3484 4163 postremo
3521 4101 3590 4155 de

321 4169 450 4235 ejus
485 4168 609 4223 fatis
639 4178 770 4240 post
799 4171 910 4224 fata
943 4173 1255 4228 accuratius
1286 4182 1712 4230 commentarer.
1743 4175 1944 4244 Accipe
1970 4216 1985 4240 ,
2017 4175 2219 4230 Lector
2254 4176 2514 4232 benevole
2534 4219 2548 4242 ,
2585 4178 2725 4233 hanc
2757 4184 2990 4250 primam
3023 4185 3090 4239 de
3117 4185 3406 4243 Theodoro
3436 4207 3589 4245 com-

323 4263 715 4316 mentationem
754 4263 829 4330 (α)
867 4279 1096 4333 eamque
1132 4266 1465 4335 bipartitam.
1498 4268 1575 4320 Ac
1613 4268 1774 4320 vitam
1804 4268 2023 4337 quidem
2060 4267 2333 4323 Theodori
2368 4269 2423 4324 in
2473 4281 2621 4325 tanta
2672 4283 3148 4330 monumentorum
3193 4279 3586 4339 historicorum

335 4355 615 4416 paucitate
652 4371 813 4410 nemo
852 4357 1166 4414 describere
1203 4367 1422 4429 potest;
1463 4376 1586 4430 qua:
1623 4378 1754 4416 vero
1785 4362 1850 4416 de
1886 4364 1997 4416 vita
2039 4363 2203 4428 hujus
2240 4365 2344 4418 viri
2385 4375 2535 4422 certe
2572 4375 2667 4421 aut
2703 4370 3058 4438 probabiliter
3094 4373 3198 4428 dici
3235 4391 3396 4445 posse
3433 4378 3590 4434 vide-

325 4452 522 4530 rentur
558 4447 748 4500 sedulo
783 4450 1032 4519 congessi
1066 4459 1119 4504 et
1150 4453 1458 4506 examinavi
1488 4492 1503 4515 ,
1540 4468 1606 4506 ne
1638 4453 1936 4509 levioribus
1969 4457 2188 4524 quidem
2221 4457 2410 4520 rebus,
2444 4469 2505 4514 ut
2535 4476 2632 4530 par
2659 4469 2799 4521 erat,
2829 4465 3068 4518 omissis.

405 4529 525 4595 Quo
557 4539 811 4603 pauciora
845 4539 912 4592 de
943 4539 1064 4594 viro
1093 4542 1330 4609 quodam
1365 4541 1676 4597 clarissimo
1703 4542 1840 4595 edax
1874 4552 2087 4613 tempus
2119 4547 2329 4615 reliqua
2361 4529 2620 4610 fecitaeo
2650 4550 2840 4614 majori
2874 4553 3055 4607 studio
3083 4570 3146 4609 ea
3175 4556 3277 4611 etsi
3312 4557 3589 4615 levissima

324 4634 623 4719 fpngerere
659 4627 815 4682 decet
852 4638 1016 4699 atque
1054 4634 1425 4700 perscrutari,
1469 4648 1578 4702 quo
1616 4635 1796 4702 qualis
1837 4634 2002 4689 fuerit
2044 4637 2088 4689 si
2131 4653 2242 4690 non
2283 4637 2522 4703 docere,
2564 4641 2879 4708 conjectura
2916 4652 3064 4698 certe
3112 4649 3332 4716 assequi
3373 4653 3582 4719 possis.

330 4706 565 4778 ﬂagnus
601 4721 745 4772 enim
784 4723 869 4783 vir
904 4725 988 4776 vel
1027 4740 1094 4777 ex
1135 4725 1238 4787 iis,
1279 4726 1470 4794 paucis
1513 4726 1670 4787 licet.
1713 4742 1836 4795 qua
1874 4726 1940 4780 de
1977 4742 2042 4780 eo
2091 4730 2302 4799 reliqua
2345 4728 2492 4784 facta
2532 4706 2956 4802 sunt—cognosci
3004 4745 3201 4804 potest.
3251 4706 3591 4799 .Virldoctus

327 4817 517 4861 autem
551 4817 604 4864 et
634 4815 976 4872 clarissimus
1012 4819 1268 4874 Ecclesia
1301 4820 1498 4875 doctor
1528 4821 1640 4878 fere
1675 4823 1827 4877 libris
1861 4823 1980 4877 suis
2018 4826 2234 4879 censeri
2276 4835 2457 4894 potest
2487 4867 2502 4890 ,
2534 4827 2602 4881 de
2641 4830 2844 4897 quibus
2875 4831 2918 4886 si
2954 4833 3083 4886 satis
3117 4843 3373 4891 accurate
3403 4837 3592 4909 dispu-

327 4903 538 4956 taveris
559 4944 573 4965 ,
605 4905 725 4973 ejus
755 4923 844 4964 res
875 4926 1071 4981 magna
1097 4927 1166 4967 ex
1196 4922 1353 4982 parte
1383 4915 1776 4973 illustraveris.
1825 4916 2150 4985 Quanquam
2185 4934 2254 4972 ne
2287 4929 2398 4972 tum
2429 4920 2650 4989 quidem
2702 4921 3016 4991 hujusmodi
3051 4925 3351 4995 disputatio
3382 4903 3593 4989 inutilis

324 5000 422 5093 est
447 4995 832 5093 ,Asi‘libzorum
874 5005 1092 5060 illorum
1129 5006 1244 5063 fere
1278 5023 1452 5078 pauca
1485 5009 1788 5081 fragmenta
1823 5020 2144 5083 supersunt.
2175 5013 2319 5080 Quid
2360 5015 2505 5086 quod
2536 5032 2598 5070 ex
2631 5017 2765 5072 solis
2798 5033 2987 5072 eorum
3031 5021 3206 5076 titulis
3238 5024 3444 5093 aliquid
3476 5028 3592 5081 eiii-

325 5084 497 5138 cias?
524 5087 604 5142 Ad
636 5089 984 5151 Theodorum
1023 5112 1205 5154 autem
1238 5109 1297 5154 ut
1329 5113 1590 5168 revertar,
1623 5105 2005 5159 diﬂicillimum
2039 5115 2158 5160 erat
2192 5123 2257 5162 ac
2288 5084 2470 5179 magni
2507 5110 2747 5174 laboris,
2792 5111 2858 5165 de
2901 5112 3022 5180 ejus
3064 5116 3276 5182 scriptis
3297 5084 3593 5181 caponerc.

328 5195 466 5278 cura
501 5199 620 5251 qua
653 5186 760 5242 huc
796 5193 1134 5260 pertinerent
1168 5197 1408 5250 nondum
1450 5199 1586 5253 satis
1623 5208 1880 5256 accurate
1908 5211 2169 5272 congesta
2205 5213 2368 5273 atque
2406 5205 2722 5258 examinata
2770 5215 2959 5261 essent
2983 5244 2998 5269 ,
3049 5207 3169 5276 ipsa
3209 5223 3347 5262 vero
3387 5208 3598 5278 disqui-

329 5273 505 5344 siliQ,
552 5291 714 5344 quam
764 5283 949 5339 nullus
1002 5286 1086 5338 vir
1137 5287 1333 5342 doctus
1377 5304 1552 5355 usque
1579 5291 1759 5344 adhuc
1786 5299 1895 5344 tam
1925 5293 2032 5346 late
2063 5303 2248 5363 patere
2275 5294 2485 5358 voluit,
2518 5295 2574 5348 in
2624 5303 2776 5348 tanto
2815 5273 3087 5351 veterum_
3109 5298 3328 5352 silentio
3375 5273 3598 5370 spinosa

326 5379 517 5460 ἐπεὶ,
562 5373 616 5426 in
663 5390 768 5443 qua
806 5394 874 5433 ne
911 5388 1158 5450 optarem
1196 5386 1381 5454 potius
1418 5401 1582 5455 quam
1619 5387 1876 5442 docerem
1914 5389 2225 5442 cavendum
2257 5397 2394 5443 erat.
2431 5388 2552 5443 Non
2582 5390 2760 5443 solum
2799 5400 2981 5446 autem
3024 5408 3146 5460 qua
3190 5391 3447 5448 historica
3495 5395 3598 5448 lide

326 5459 501 5532 digna
538 5477 720 5522 essent
762 5470 1050 5543 disquisivi
1077 5515 1094 5540 ,
1136 5493 1327 5532 verum
1366 5481 1534 5534 etiam
1572 5480 1690 5535 hac
1728 5481 1847 5552 ipsa
1888 5489 2038 5538 recte
2074 5483 2382 5553 intelligere
2420 5492 2586 5554 atque
2624 5499 2689 5538 ex
2732 5485 2801 5540 iis
2841 5501 2906 5540 ea
2941 5459 3064 5554 qua:
3090 5497 3238 5541 recte
3268 5487 3407 5542 ellici
3437 5503 3600 5558 posse

410 5662 648 5760 (1)313
684 5667 1492 5760 de_'i'_lreodori‘cpmmentariis
1525 5682 1579 5760 in
1600 5681 1853 5760 Psalmos
1887 5693 1942 5760 et
1973 5684 2027 5760 in
2058 5685 2230 5760 libros
2260 5684 2396 5760 Novi
2427 5685 2762 5743 Testamenti
2793 5685 3093 5759 disputavi,
3129 5703 3192 5744 ea
3229 5687 3440 5760 integra
3486 5686 3600 5744 fore

332 5746 649 5805 “perrime
683 5746 974 5810 separatim
1003 5746 1171 5813 edidi,
1208 5757 1264 5801 ut
1292 5751 1526 5810 honores
1553 5752 1841 5811 Licentiati
1872 5755 2158 5828 theologia
2182 5758 2284 5813 rite
2297 5757 2676 5828 impetrarem.

692 5830 962 5895 Parao'.
1007 5835 1125 5897 Gn.
1175 5839 1394 5905 LXVI.
3228 5849 3255 5910 ι
