3994 6504
351 335 419 388 1ι¹5
1132 329 1217 381 DF.
1256 328 1601 382 TIIEUDORI
1643 325 2124 383 MOPSUEST‘ENI
2168 324 2328 380 VITA
2364 325 2453 380 ΕΤ
2494 323 2820 380 SCRIPTIS.
3512 326 3581 380 14

346 463 432 515 sq.
452 448 492 513 ),
532 444 763 501 inﬁrmis
793 444 902 498 nixi
930 445 1265 507 rationibus,
1295 444 1361 497 ad
1389 460 1441 498 a.
1466 444 1591 498 427.
1628 474 1697 486 --
1724 442 1904 498 Theo-
1938 453 1979 506 Α
2011 460 2063 514 p.
2095 444 2217 505 650.
2250 443 2321 497 cl.
2361 458 2415 511 p.
2441 442 2564 507 648,
2596 442 2739 496 unde
2769 456 2894 496 eum
2924 456 2971 494 a.
3011 442 3121 497 428
3145 443 3353 498 obiisse
3383 444 3578 498 verisi-

343 538 522 590 doret.
562 535 635 589 ΙΙ.
670 552 730 589 ~e.
776 553 831 601 ν,
856 534 932 589 59
970 553 983 589 :
1016 535 1183 588 Πέντε
1232 536 1325 588 καὶ
1359 535 1550 588 ἑκατὸν
1583 535 1720 588 ἐτῶν
1751 534 1845 605 ἥδε
1875 537 1909 605 ἡ

344 626 559 696 ἱστορία
613 624 855 696 περιέχει
908 624 1126 695 χρόνον,
1185 623 1465 695 ἀρξαμένη
1521 624 1621 693 μὲν
1656 623 1767 675 ἀπὸ
1812 621 1912 692 τῆς

355 718 569 789 ’Δριίου
598 716 815 787 λύττης,
856 716 1126 787 δεξαμένη
1157 716 1215 769 δὲ
1248 717 1421 787 πέρας
1448 716 1555 769 τῶν
1586 717 1913 783 ἀξιεπαίνων

340 809 558 878 ἀνδρῶν
590 808 865 881 Θεοδώρου
892 808 986 862 καὶ
1008 808 1260 861 Θεοδότου
1285 808 1383 879 τὴν
1422 808 1695 880 τελευτήν.
1728 807 1911 863 Praef.

340 901 621 964 Εὐσέϐιος.
652 941 667 955 .
708 940 722 952 .
754 941 769 955 .
806 940 821 955 .
857 940 871 954 .
912 900 1072 971 μέχρι
1099 901 1192 954 τοῦ
1220 901 1290 969 (ι.
1327 900 1459 970 τῆς)
1503 901 1911 954 Κωνσταντίνου

332 992 630 1061 θεοφιλοῦς
663 992 937 1061 βασιλείας
963 995 1031 1044 τὰ
1068 994 1189 1054 ταῖς
1244 992 1591 1060 Ἐκκλησίαις
1633 991 1912 1061 συμϐεϐη-

332 1084 480 1138 κότα
512 1084 867 1155 συνέγραψεν·
913 1082 1024 1151 ἐγὼ
1051 1082 1109 1135 δὲ
1132 1083 1230 1152 τῆς
1254 1083 1575 1153 συγγραφῆς
1611 1082 1825 1151 ἐκείνης
1852 1083 1913 1135 τὸ

336 1174 496 1235 τέλος
521 1175 696 1244 ἀρχὴν
723 1174 821 1244 τῆς
857 1174 1096 1244 ἱστορίας
1121 1174 1434 1243 ποιήσομαι.
1471 1172 1691 1227 Eusebii
1731 1171 1913 1225 Histo-

339 1268 431 1318 ria
469 1267 659 1320 linitur
705 1266 1023 1319 narratione
1062 1265 1130 1320 de
1168 1264 1381 1319 Licinio
1416 1266 1751 1333 devicto(a.
1787 1265 1911 1319 524.

338 1353 593 1427 [525?“
627 1370 691 1409 ac
730 1356 797 1410 de
826 1354 1004 1409 medio
1041 1355 1258 1409 sublato
1304 1355 1396 1424 (a.
1455 1355 1618 1424 525),
1659 1353 1911 1409 Theodo-

337 1460 492 1503 retus
522 1457 730 1513 autem,
768 1448 858 1502 ubi
892 1448 930 1501 I.
978 1464 1017 1511 ι,
1049 1462 1100 1501 c.
1138 1448 1191 1512 1,
1221 1446 1514 1508 Maxentio,
1544 1446 1836 1500 Maximino
1862 1454 1915 1499 ct

338 1536 561 1593 Licinio
604 1538 854 1609 tyrannis
886 1537 954 1592 de
998 1537 1177 1592 medio
1214 1537 1468 1598 sublatis,
1504 1536 1761 1591 Ecclesia:
1788 1553 1917 1607 pro—

340 1632 540 1685 cellam
591 1631 837 1684 sedatam
874 1628 1046 1684 fuisse
1096 1629 1405 1698 perhibuit,
1447 1630 1513 1681 ad
1557 1643 1645 1682 res
1680 1629 1915 1684 Arianas

344 1722 653 1776 narrandas
683 1719 1022 1791 aggreditur.
1074 1719 1261 1790 Neque
1299 1735 1430 1774 vero
1458 1720 1799 1775 adiciendum
1846 1736 1912 1775 ex

345 1814 459 1869 illis
498 1813 672 1874 locis,
724 1812 869 1879 quod
920 1812 1048 1882 Pagi
1101 1812 1317 1871 eﬂ'ecit,
1372 1813 1641 1866 rationem
1697 1812 1914 1865 illorum
1949 1795 1988 1848 Β

344 1904 451 1955 1-υὸ
490 1917 767 1955 annorum
796 1903 865 1955 ab
898 1916 950 1956 a.
981 1899 1087 1955 325
1130 1899 1421 1953 iucundam
1450 1915 1594 1956 esse.
1624 1898 1769 1955 Sane
1795 1901 1918 1970 qui-

343 1994 467 2045 dem
514 1990 768 2046 Licinius
814 2006 866 2045 a.
900 1990 1006 2045 525
1037 1990 1336 2060 suspendio
1372 1990 1631 2045 sublatus
1678 1999 1784 2055 est,
1820 1991 1915 2046 sed

338 2082 452 2150 jam
496 2090 661 2145 ante,
713 2091 998 2152 postquam
1056 2081 1300 2137 Licinius
1355 2083 1533 2138 victus
1590 2083 1821 2152 imperio
1856 2098 1917 2137 se

344 2175 650 2238 abdicavit,
690 2174 1093 2231 Constantinus
1135 2176 1288 2232 solus
1344 2177 1641 2246 imperator
1680 2187 1823 2242 erat,
1861 2186 1917 2231 et

349 2268 487 2322 male
514 2267 900 2323 Theodoretus
930 2283 959 2322 a
994 2277 1165 2323 morte
1195 2268 1392 2323 Licinii
1428 2285 1536 2325 non
1574 2271 1915 2325 memorabili

349 2360 463 2425 illa,
492 2360 585 2416 sed
624 2376 791 2430 quam
830 2360 1096 2417 Eusebius
1140 2378 1444 2418 memorare
1471 2364 1645 2432 potuit
1672 2363 1773 2433 (a),
1810 2364 1915 2419 Hi-

351 2455 531 2505 storia:
582 2469 698 2508 sua:
730 2454 949 2508 initium
1000 2455 1253 2524 cepisset.
1288 2456 1355 2507 At
1390 2454 1764 2510 memorabilis
1796 2466 1916 2510 erat

351 2545 574 2599 victoria
602 2547 669 2599 de
699 2544 920 2600 Licinio
954 2554 1231 2617 reportata
1252 2586 1267 2610 ,
1301 2561 1409 2616 qua
1440 2547 1730 2616 imperium
1770 2548 1913 2618 apud

343 2638 523 2691 solum
548 2637 975 2692 Constantinum
996 2654 1126 2694 esse
1150 2640 1335 2708 erepit.
1366 2637 1535 2691 Multo
1555 2636 1917 2693 ininusTheo-

343 2730 567 2785 doretus
604 2730 772 2798 priori
812 2730 909 2785 illo
934 2730 1055 2784 loco
1087 2746 1148 2784 se
1176 2730 1245 2784 ab
1278 2744 1344 2783 eo
1384 2744 1531 2783 anno
1554 2767 1569 2791 ,
1609 2743 1719 2798 quo
1750 2729 1916 2785 Arius

342 2818 402 2872 in
460 2821 671 2889 synodo
734 2819 951 2875 Nicena
1014 2820 1306 2875 damnatus
1362 2829 1539 2883 esset,
1618 2820 1915 2873 Historiam

340 2926 637 2966 enarrasse
674 2911 958 2965 indicavit.
1018 2908 1129 2965 Hoc
1179 2912 1325 2965 enim
1360 2919 1723 2981 prasterquam
1767 2911 1915 2980 quod

340 3004 635 3073 perspicue
664 3004 1026 3065 enuntiasset,
1065 3003 1154 3057 ille
1184 3003 1339 3057 locus
1369 3002 1491 3056 ideo
1535 3002 1600 3055 ad
1654 3002 1913 3055 trutinam

341 3095 491 3162 exigi
530 3109 639 3147 non
670 3102 869 3164 potest,
911 3094 1055 3163 quod
1088 3094 1329 3163 alioquin
1361 3094 1429 3147 ab
1450 3108 1501 3147 a.
1541 3092 1653 3148 fere
1680 3093 1783 3147 5I9
1813 3092 1913 3145 lli-

336 3186 571 3238 storiam
624 3201 777 3239 suam
818 3186 1107 3240 inchoasse
1152 3193 1316 3254 atque
1348 3185 1422 3239 ita
1460 3200 1645 3241 secum
1670 3164 1785 3255 ipse
1814 3200 1913 3255 pu-

335 3292 514 3345 gnare
542 3275 919 3331 Thcodoretus
949 3276 1259 3331 censendus
1303 3286 1467 3331 esset.
1524 3274 1691 3331 Recte
1727 3283 1913 3329 tamen

337 3366 438 3419 illo
468 3366 629 3420 modo
659 3367 805 3435 loqui
842 3366 1034 3435 potuit,
1066 3366 1193 3434 quia
1227 3366 1417 3434 paucis
1446 3366 1752 3434 praemissis
1785 3363 1913 3432 pri—

336 3470 495 3509 mum
540 3472 629 3511 res
672 3457 905 3510 Arianas
944 3456 1210 3509 narravit.
1259 3455 1447 3523 Itaque
1495 3454 1785 3523 posteriori
1821 3454 1913 3507 illo

340 3549 469 3600 loco
514 3557 699 3616 utpote
738 3548 1029 3618 perspicuo
1063 3547 1318 3617 illiusque
1351 3545 1603 3599 Historia:
1639 3546 1911 3615 prioribus

338 3642 509 3692 nixus
565 3641 872 3709 capitibus,
926 3640 1240 3694 accuratius
1288 3638 1433 3693 enim
1480 3654 1543 3693 ea
1594 3646 1908 3700 narrantur,

338 3745 473 3799 quae
511 3747 626 3800 syn.
664 3730 937 3785 Nicrenam
968 3730 1061 3800 (d.
1094 3746 1159 3783 xx
1198 3746 1270 3783 ιη.
1315 3729 1438 3783 Mai.
1489 3739 1582 3783 aut
1610 3728 1739 3783 Jun.
1765 3728 1909 3784 5‘25)

340 3832 745 3894 praecesserunt
777 3840 1006 3894 quaeque
1048 3822 1192 3876 haud
1221 3822 1384 3877 dubie
1416 3837 1664 3893 magnam
1694 3830 1906 3891 partem

341 3927 399 3967 ε.
436 3913 540 3967 5ἳ4
563 3922 713 3985 gesta
756 3924 907 3979 sunt,
941 3914 1340 3968 Theodoretum
1370 3913 1439 3967 ab
1462 3929 1513 3965 a.
1551 3913 1654 3966 524
1693 3913 1908 3966 illorum

338 4020 612 4059 annorum
640 4006 909 4059 rationem
941 4004 1066 4057 iniri
1106 4004 1347 4057 voluisse
1382 4004 1733 4073 probabiliter
1756 4002 1911 4057 dixe-

339 4098 445 4151 ris.
470 4096 588 4150 Jam
620 4097 665 4151 si
696 4113 868 4150 annos
905 4095 1005 4149 105
1038 4095 1199 4148 annis
1228 4094 1333 4148 524
1367 4093 1542 4155 addis,
1571 4108 1749 4147 anuus
1777 4092 1904 4158 428,

334 4188 453 4242 duo
481 4188 622 4242 enim
654 4188 781 4241 anni
811 4187 914 4242 105
941 4196 994 4242 et
1014 4187 1117 4241 514
1146 4186 1458 4256 incouipleti
1501 4200 1599 4255 pro
1631 4185 1906 4255 completo

2014 534 2218 588 utilius.
2240 520 2692 602 Eodemdenique
2717 546 2816 587 nos
2839 531 2988 586 ducit
3008 532 3237 603 epistola
3252 531 3577 588 Theodoreti

2014 624 2084 678 ad
2117 624 2434 678 Dioscurum
2464 639 2515 676 a.
2546 624 2651 678 448
2678 627 2761 694 (v.
2795 624 2923 694 Pagi
2962 623 2996 676 l.
3025 624 3062 676 l.
3094 623 3160 677 ad
3193 639 3245 677 a.
3276 624 3421 695 Εὖ)
3450 625 3579 679 data

2014 717 2133 785 (ed.
2181 716 2302 769 Hal.
2352 715 2443 778 IV,
2492 733 2544 785 p.
2580 716 2718 769 1145
2762 730 2845 785 sq.
2870 716 2909 785 ),
2950 716 3003 769 in
3047 730 3153 785 qua
3194 716 3326 770 dicit
3364 732 3424 771 se
3462 716 3576 769 An-

2013 806 2229 861 tiochia:
2257 806 2361 861 sub
2385 822 2471 876 ep.
2502 805 2783 861 Theodoto
2811 822 2908 876 per
2941 822 3039 862 se!
3069 822 3243 861 annos
3268 818 3322 861 et
3346 823 3441 877 per
3470 817 3581 861 tre-

2013 900 2189 953 decim
2228 900 2331 953 sub
2361 914 2447 965 ep.
2481 898 2690 954 Joanne
2721 900 2993 965 docuisse,
3019 899 3131 967 jam
3165 901 3459 969 septimum
3492 902 3577 969 agi

2014 1006 2215 1044 annum
2236 1030 2251 1054 ,
2277 1006 2393 1061 quo
2426 991 2529 1045 sub
2555 1006 2644 1060 ep.
2681 989 2891 1044 Damno
2928 990 3139 1045 doceat.
3170 1023 3240 1031 —
3270 990 3580 1061 Episcopa-

2014 1092 2152 1145 tum,
2183 1084 2237 1136 in
2261 1098 2371 1152 quo
2405 1082 2625 1151 triginta
2642 1096 2745 1136 sex
2779 1096 2951 1137 annos
2978 1082 3245 1151 transegit
3270 1082 3367 1152 (cf.
3398 1081 3580 1138 Theo-

2014 1176 2189 1227 dorot.
2224 1173 2297 1227 Η.
2333 1175 2461 1229 eccl.
2494 1190 2560 1235 v,
2594 1172 2706 1241 59),
2745 1172 3067 1228 Theodorus
3115 1181 3209 1225 aut
3257 1183 3487 1228 exeunte
3524 1188 3576 1227 a.

2014 1269 2138 1329 592,
2171 1274 2263 1320 aut
2290 1267 2508 1321 ineunte
2538 1266 2644 1320 395
2681 1265 2911 1335 adeptus
2943 1272 3049 1319 est.
3084 1264 3219 1317 Eum
3247 1280 3299 1317 a.
3322 1264 3451 1324 382.
3485 1273 3580 1318 aut

2014 1359 2140 1423 585,
2172 1358 2547 1427 presbyterum
2575 1357 2974 1411 Antiochenum
3000 1355 3209 1409 factum
3238 1371 3381 1419 esse,
3412 1354 3580 1409 Tille-

2016 1451 2206 1506 monlii
2243 1451 2279 1503 I.
2306 1451 2374 1516 1.,
2412 1466 2467 1521 p.
2502 1449 2629 1513 456,
2668 1458 2753 1504 est
2793 1447 3135 1517 conjectura.
3166 1447 3310 1501 haud
3344 1448 3583 1502 absurde

2016 1542 2106 1595 illa
2138 1542 2355 1612 quidem
2385 1542 2568 1596 verbis
2593 1540 2821 1595 Joannis
2848 1556 2936 1610 ep.
2966 1541 3093 1593 Ant.
3128 1554 3215 1608 ap.
3243 1538 3487 1593 Facund.
3518 1554 3579 1600 II,

2014 1634 2051 1687 2
2076 1650 2088 1684 :
2118 1634 2357 1703 Quinque
2400 1644 2449 1687 et
2495 1632 2851 1703 quadraginta
2891 1634 3045 1685 armis
3087 1631 3229 1684 clare
3257 1632 3310 1684 in
3339 1630 3584 1684 doctrina

2017 1725 2281 1794 praefulsit
2332 1756 2402 1766 -—
2458 1756 2527 1765 —
2576 1726 2959 1795 quinquaginta
3003 1740 3127 1791 pene
3182 1724 3335 1777 armis
3374 1724 3584 1791 fortiter

2019 1826 2396 1886 repugnantem
2462 1817 2666 1870 cunctis
2718 1816 3005 1870 hwresibus
3058 1844 3127 1856 -—-
3178 1816 3429 1879 lirmata,
3486 1816 3583 1868 ad-

2017 1908 2237 1961 modum
2274 1917 2456 1963 tamen
2510 1908 2699 1962 dubia.
2740 1906 2911 1961 Natus
2952 1916 3038 1961 est
3104 1922 3158 1960 a.
3202 1907 3342 1971 550,
3406 1906 3583 1976 siqui~

2018 1997 2138 2051 dem
2168 1998 2380 2069 priores
2408 1999 2529 2055 dua:
2577 1996 2957 2069 Chrysostomi
2992 1997 3060 2049 ad
3102 1998 3431 2051 Theodorum
3469 1998 3586 2066 epi-

2019 2090 2171 2145 stolae
2193 2097 2340 2145 recte
2375 2090 2440 2143 ad
2460 2088 2634 2143 c.1569
2658 2088 2991 2143 referuntur.
3013 2088 3097 2141 Cf.
3130 2087 3415 2157 Chrysost.
3441 2086 3581 2156 Opp.

2017 2181 2059 2246 I,
2081 2198 2134 2251 p.
2169 2182 2263 2245 '59,
2292 2211 2363 2221 —
2383 2180 2499 2243 νῦν,
2527 2181 2615 2233 ὅτε
2634 2179 2787 2232 οὔπω
2820 2180 3062 2232 εἰκοστὸν
3088 2180 3241 2247 ἄγεις
3274 2178 3411 2241 ἔτος.
3446 2177 3580 2231 Eum

2016 2284 2163 2328 certe
2198 2273 2292 2326 illo
2341 2271 2455 2326 fere
2490 2280 2736 2342 tempore
2782 2272 2838 2326 in
2862 2273 3035 2327 lucem
3069 2271 3275 2325 editum
3312 2285 3455 2334 esse,
3490 2285 3581 2323 ra-

2014 2366 2211 2427 tiones,
2231 2363 2430 2434 quibus
2450 2376 2573 2416 cum
2598 2363 2992 2433 Chrysostomo
3014 2362 3305 2417 tenebatur
3324 2362 3344 2432 (
3362 2377 3412 2415 v.
3434 2360 3581 2423 inti).

2019 2462 2341 2524 argumento
2390 2462 2540 2509 sunt.
2606 2452 2674 2506 Et
2732 2454 2950 2508 videtur
3002 2468 3135 2507 sane
3187 2452 3585 2522 Clirysostomo

2020 2546 2233 2601 duobus
2258 2546 2507 2600 tribusve
2549 2546 2708 2600 annis
2740 2543 2969 2599 inferior
2998 2544 3185 2599 fuisse.
3220 2545 3403 2612 Itaque
3433 2559 3583 2596 sene-

2014 2646 2152 2691 ctute
2182 2653 2319 2691 cana
2355 2636 2660 2691 debilitatus
2695 2634 2791 2702 (cf.
2825 2634 3057 2705 Hesych.
3091 2637 3143 2688 in
3172 2638 3289 2689 Act.
3324 2652 3373 2689 ε.
3399 2635 3580 2689 Const.

2016 2729 2081 2793 II,
2110 2730 2174 2784 A.
2208 2727 2292 2795 V;
2323 2728 2490 2781 Hard.
2530 2727 2692 2783 Cone.
2725 2727 2813 2791 III,
2847 2743 2903 2797 p.
2938 2727 3039 2783 1οι1
3066 2737 3121 2781 et
3152 2743 3203 2796 p.
3236 2726 3360 2790 652,
3393 2728 3445 2782 in
3478 2726 3581 2781 Pe-

2017 2822 2119 2891 Iug.
2174 2836 2301 2892 pap.
2364 2836 2455 2891 ep.
2509 2820 2599 2886 111,
2652 2822 2721 2873 ad
2772 2821 2950 2875 Etiam
2994 2832 3044 2875 et
3076 2820 3254 2875 Istria:
3280 2822 3582 2891 ep.)seuex

2016 2912 2356 2981 septuaginta
2383 2911 2496 2967 fere
2524 2919 2578 2967 et
2611 2922 2738 2966 octo
2759 2927 3029 2967 annorum
3054 2912 3404 2968 obdormivit.

2086 3000 2330 3057 Fratrem
2366 3002 2553 3057 habuit
2590 3003 3034 3074 Polychronium,
3065 3002 3123 3057 S.
3154 3002 3370 3059 Zebina:
3386 3012 3583 3058 ascette

2016 3090 2346 3159 discipulum
2385 3100 2441 3146 et
2473 3093 2728 3147 aemulum
2752 3133 2767 3157 ,
2816 3101 2939 3162 post
2970 3093 3331 3162 Apamensem
3364 3093 3581 3162 episco-

2010 3196 2143 3251 pum
2181 3182 2293 3255 (c);
2332 3182 2605 3237 Paganium
2631 3223 2646 3247 ,
2696 3184 2873 3239 virum
2914 3184 3150 3239 nobilem
3174 3225 3190 3250 ,
3241 3185 3333 3254 qui
3370 3185 3426 3239 in
3465 3200 3581 3238 ma-

2014 3274 2244 3343 gistratu
2271 3283 2408 3342 erat,
2444 3283 2736 3346 cognatum
2769 3276 2787 3347 (
2806 3274 3059 3347 ἀνεψιόν)
3086 3274 3184 3345 (d).
3217 3274 3354 3330 Cum
3408 3277 3574 3329 vitam

2013 3365 2395 3434 quaestuariam
2432 3368 2748 3424 scholastici
2781 3370 2897 3424 sive
2935 3368 3225 3433 causidici,
3255 3383 3419 3441 quam
3463 3378 3577 3424 tum

2016 3458 2127 3514 fere
2158 3460 2297 3514 inire
2326 3460 2685 3531 solebantqui
2717 3460 2782 3514 ad
2815 3461 3027 3530 amplos
3058 3461 3295 3516 honores
3329 3462 3577 3532 publicos

2016 3549 2275 3603 accedere
2316 3549 2640 3618 cupiebant,
2673 3550 2927 3620 amplecti
2960 3550 3147 3614 vellet,
3176 3550 3426 3613 Libanio,
3463 3551 3579 3604 cla~

2015 3640 2236 3694 rissimo
2285 3640 2431 3695 illius
2470 3641 2733 3710 temporis
2782 3641 3061 3711 sophista,
3092 3648 3428 3711 praeceptore
3454 3641 3580 3695 rhe-

2014 3731 2201 3785 lorica:
2226 3746 2332 3784 una
2365 3746 2489 3785 cum
2519 3730 2913 3803 Chrysostomo
2940 3741 2995 3787 et
3024 3732 3278 3795 Maximo,
3313 3740 3434 3802 post
3480 3731 3578 3786 Sc-

2014 3820 2199 3874 leuciaz
2239 3820 2292 3873 in
2338 3818 2543 3875 Isauria
2574 3836 2686 3891 ep.,
2734 3837 2867 3876 usus
2897 3827 2982 3876 est
3019 3820 3110 3891 (θ).
3136 3821 3358 3877 Iuvenis
3388 3822 3576 3883 dives,

2015 3920 2073 3963 ut
2115 3921 2255 3973 erat,
2316 3911 2443 3964 vitae
2505 3911 2732 3965 delicias
2774 3919 2834 3967 et
2886 3912 3210 3982 elegantiam
3261 3912 3575 3980 neutiquam

2012 4003 2250 4071 sprevit,
2280 4017 2593 4072 quanquam
2635 4002 2812 4057 laudis
2839 4003 3071 4072 cupidus
3105 4002 3347 4071 profanis
3380 4002 3577 4055 litteris

2012 4094 2233 4148 assidue
2299 4092 2509 4147 studuit
2561 4093 2664 4164 (ι’).
2729 4093 2902 4148 Aliter
2952 4108 3080 4148 vero
3126 4093 3573 4164 Chrysostomus,

2011 4182 2285 4240 Theodori
2358 4185 2599 4247 amicus,
2655 4184 2749 4254 qui
2786 4185 2913 4239 licet
2957 4194 3012 4239 et
3060 4185 3175 4255 ipse
3227 4184 3395 4238 nobili
3455 4187 3577 4238 loco

336 4281 694 4344 numerandi,
745 4280 975 4334 ellicitur
1019 4287 1073 4333 et
1118 4279 1337 4348 quidem
1384 4279 1505 4346 ejus
1546 4278 1763 4338 exitus,
1797 4292 1907 4346 quo
2010 4286 2173 4332 natus
2226 4286 2374 4332 esset
2425 4284 2589 4345 atque
2638 4275 2884 4330 eamdem
2924 4276 3048 4330 vita:
3101 4277 3364 4331 rationem
3412 4290 3574 4346 quam

336 4373 662 4427 Theodorus
699 4381 948 4426 mortuus
983 4380 1065 4425 est
1095 4370 1189 4440 (b).
1225 4369 1359 4423 Huic
1389 4378 1569 4422 autem
1606 4369 1908 4423 ratiocina-
2011 4369 2329 4425 Theodorus
2360 4367 2568 4439 ingredi
2599 4368 2903 4433 statuisset,
2935 4385 3060 4423 mox
3082 4380 3261 4423 tamen
3293 4368 3395 4422 I'ori
3431 4376 3574 4424 stre-

333 4464 478 4515 tioui
511 4462 679 4530 major
715 4462 843 4516 Iides
874 4477 938 4516 eo
981 4460 1259 4528 adjicitur,
1288 4460 1433 4529 quod
1458 4457 1774 4512 Theodotus
1806 4473 1901 4527 ep.
1936 4466 1985 4523 ι)
2011 4461 2154 4529 pitus
2204 4466 2487 4529 pertaesus,
2523 4457 2576 4511 in
2618 4455 2816 4514 Meletii
2837 4498 2853 4523 ,
2883 4475 2969 4529 ep.
3003 4460 3293 4523 Antioch.,
3326 4459 3576 4530 discipli-

334 4550 615 4611 Antiocln,
640 4550 731 4618 qui
760 4550 919 4618 paulo
942 4557 1064 4618 post
1084 4547 1427 4603 Theodorum
1451 4548 1583 4601 obiit
1609 4547 1704 4617 (cf.
1725 4546 1902 4601 Theo-
2015 4566 2139 4605 nam
2167 4559 2277 4603 tres
2308 4564 2405 4618 per
2429 4565 2603 4605 annos
2631 4565 2690 4605 se
2719 4550 2962 4613 tradidit,
2988 4566 3097 4620 quo
3124 4566 3210 4605 res
3233 4551 3576 4607 Christianas

339 4636 521 4692 duret.
553 4639 621 4693 II.
645 4637 1037 4708 eccl.v,59),si
1062 4654 1171 4693 non
1200 4639 1306 4693 sub
1327 4640 1473 4692 exitu
1509 4653 1560 4691 a.
1588 4639 1712 4702 428,
1741 4646 1891 4694 certe
2016 4641 2326 4696 accuratius
2384 4649 2752 4708 pernosceret.
2809 4640 3128 4713 Baptizatus
3184 4644 3378 4699 deinde
3437 4660 3571 4698 ana-

340 4724 497 4778 initio
539 4741 587 4779 a.
632 4727 735 4781 429
778 4738 1024 4781 mortuus
1053 4739 1156 4784 est.
1199 4729 1399 4783 Marius
1440 4727 1707 4783 Mercator
1740 4747 1886 4783 anno
2014 4739 2234 4802 gnostes
2275 4739 2413 4786 erat.
2463 4732 2567 4787 Sed
2601 4732 2743 4787 haud
2793 4736 2863 4787 ita
2900 4742 3069 4788 multo
3115 4745 3237 4803 post
3274 4736 3567 4799 desiderio,
3641 4724 3646 4729 ’

335 4815 441 4868 £29
470 4832 591 4871 eum
621 4827 824 4873 sanctae
853 4821 1125 4875 memoriae
1151 4822 1467 4890 episcopum
1494 4822 1893 4889 appellavitzcl'.
2014 4836 2124 4890 quo
2154 4821 2468 4891 aliquandiu
2510 4822 2622 4891 jam
2658 4828 2964 4890 tenebatur,
3011 4824 3277 4880 satisfecit
3306 4842 3472 4897 seque
3503 4829 3574 4882 ad

392 5039 484 5119 .(a)
542 5039 810 5121 Eusebius
858 5039 1054 5121 igitur.
1081 5055 1139 5094 re
1194 5053 1320 5093 vera
1360 5047 1413 5121 et
1450 5039 1518 5121 de
1558 5040 1889 5121 Theodoreti
1983 5045 2109 5113 jure
2156 5048 2467 5121 tribuantur
2509 5049 2641 5121 mihi
2676 5050 2917 5121 nondum
2970 5053 3104 5107 satis
3135 5062 3373 5108 constat.
3411 5054 3565 5109 Ilaud

331 5113 819 5193 etiamsententia
851 5113 1144 5191 Historiam
1183 5119 1587 5193 suamhtantu'ui
1618 5129 1789 5193 usque
1822 5116 1891 5168 ad
1989 5131 2161 5193 pauca
2188 5126 2337 5171 certe
2375 5116 2722 5193 Polychronii
2754 5120 2976 5193 diaconi
3011 5133 3160 5187 sunt,
3198 5126 3289 5193 qui
3322 5126 3561 5193 nonnul-

332 5190 383 5231 a.
411 5178 1099 5260 §24nperte§uit..oinissis
1133 5194 1263 5260 sane
1294 5178 1465 5260 initiis
1508 5180 1619 5260 litis
1646 5178 1888 5260 Arianae.
1988 5178 2068 5260 [as
2098 5196 2339 5260 _catenas
2384 5178 2812 5260 consarcinarit.
2863 5190 3045 5260 Nuper
3097 5178 3232 5259 Ath
3295 5190 3472 5251 Maius
3514 5193 3568 5247 in

403 5247 481 5332 ςὸ)
520 5246 776 5332 Facundo
816 5250 1018 5332 dicitur
1049 5256 1170 5332 post
1215 5254 1742 5332 centuinuetvvigin'ti
1777 5269 1891 5332 sua:
1988 5250 2386 5332 ‘Srrriptorwett.
2408 5258 2758 5332 nop._eollect.
2793 5275 2822 5332 e
2860 5246 2979 5315 Vat'.
3013 5261 3137 5315 cdd.
3170 5246 3255 5316 ed.
3291 5264 3309 5314 I
3338 5246 3565 5332 (Roma?

327 5315 700 5395 det’unctionis
727 5334 901 5395 annos
920 5315 1211 5395 damn_a_t_us
1237 5332 1380 5395 esse.
1407 5315 1647 5395 Cf.__l_ibF.
1681 5321 1751 5395 C._
1778 5321 1892 5395 Mo-

2024 5315 2149 5378 825.
2184 5327 2258 5389 ιι).
2286 5327 2344 5385 2.
2384 5342 2435 5395 p.
2466 5326 2570 5378 105
2593 5344 2677 5395 sq.
2706 5330 2874 5380 multa
2906 5315 3427 5386 commentariorqu
3458 5315 3565 5385 Ρο-

328 5387 697 5463 ςείιιζικ-ειειιοι.⁸
726 5387 1003 5457 (Cailand.
1059 5387 1201 5442 Bibl.
1257 5386 1430 5447 Patr"
1486 5388 1578 5463 ΧΙ,
1633 5408 1683 5463 p.
1726 5393 1886 5453 8I5).
1992 5386 2254 5463 lychronii
2308 5396 2361 5448 in
2385 5386 2670 5450 'Danielent
2712 5398 2901 5453 edidit.
2934 5400 3203 5454 Cancrum
3237 5418 3289 5455 ν.
3336 5400 3554 5458 Fabric.

329 5455 437 5508 Sed
481 5454 769 5533 Facundos
808 5474 1035 5533 numero
1055 5460 1611 5533 ,__queu_i__rotundum
1634 5454 1885 5533 :dicunt,
1991 5454 2029 5516 Ιξ
2065 5465 2124 5523 1.,
2162 5479 2213 5533 p.
2242 5464 2365 5521 362.
2397 5466 2521 5518 555.

330 5541 466 5608 usus
489 5535 591 5608 est.
626 5528 900 5608 cuiinniti
930 5544 1037 5583 non
1074 5528 1218 5581 licet.
1248 5526 1332 5581 (Si.
1367 5529 1401 5579 Ι.
1432 5541 1507 5592 c.,
1539 5546 1588 5599 p.
1626 5530 1751 5593 816,
1783 5530 1883 5584 Eu.
2061 5526 2261 5608 ((1)ᾯῇ
2289 5535 2581 5608 βιπγεοεῑ.
2608 5552 2693 5606 ep.
2725 5538 2850 5599 ξοι.
2886 5536 2975 5603 111,
3001 5555 3054 5608 p.
3086 5540 3212 5595 711.

326 5595 421 5674 ﬁd.
457 5596 699 5674 φορμ-ρ.
729 5596 851 5674 8I_7.
998 5669 1037 5674 _
1318 5673 1325 5674 ί
1442 5670 1482 5674 __
1539 5595 1553 5599 “
1641 5670 1650 5674 _
1792 5668 1847 5674 ΔΑ

2058 5595 2129 5674 te)
2169 5602 2250 5655 Cf.
2285 5595 2499 5658 Socrat.
2538 5606 2605 5659 ΙΙ.
2637 5595 2685 5661 ὲ.
2719 5624 2792 5669 vi.
2826 5595 2889 5673 ὃς
2922 5595 3139 5663 ὃοὶοιη.
3173 5609 3241 5663 Η.
3272 5628 3317 5665 e.
3354 5612 3552 5674 vulﬂi.

397 5670 474 5733 (ei
624 5666 948 5747 Theodoret.
989 5669 1062 5747 Πἱ
1094 5674 1187 5727 ret.
1226 5688 1276 5747 c.
1307 5673 1398 5747 2t,
1420 5670 1502 5747 Il.
1525 5670 1669 5747 “ccci.
1702 5686 1755 5747 γ.
1788 5668 1874 5747 39.
1986 5666 2416 5747 Andragathium
2460 5666 2841 5747 philosOphum
2876 5666 3150 5734 'docuisse
3202 5666 3551 5737 Theodorum

328 5732 599 5817 Permulta
656 5737 709 5817 in
754 5740 962 5817 catenis
1000 5739 1085 5817 ed.
1138 5751 1191 5798 et
1239 5732 1473 5817 iiied.'in
1525 5738 1679 5817 V._'l‘.
1718 5740 1878 5817 Poly:
1985 5732 2261 5817 tentaret}.
2294 5744 2348 5817 d.
2381 5732 2576 5798 cI.'I..l.
2606 5732 3031 5817 perhibuerunt;
3061 5732 3412 5808 Ph‘ot.-c.'96.

309 5806 535 5868 .‘thronii
564 5807 785 5861 nomine
819 5813 1001 5864 notata
1046 5810 1316 5883 leguntur,
1360 5812 1456 5869 sed
1489 5827 1557 5865 an
1589 5806 1876 5880 Apanicnsi
2056 5813 2101 5880 (Ι
2118 5812 2134 5859 l
2173 5812 2256 5867 Cf.
2290 5812 2579 5896 Chrysost.
2607 5806 2653 5881 1,
2699 5832 2752 5887 p.
2785 5818 2873 5874 56.
