3934 6512
310 394 382 450 17
1104 394 1192 449 DE
1230 394 1582 453 TllEODORl
1620 398 2102 458 MOPSUESTENI
2145 403 2301 461 VlTA
2344 406 2430 463 ET
2466 407 2797 466 SCRIPTIS.
3492 414 3557 467 18

306 516 473 577 teque
524 506 893 563 miserrimum
935 507 1231 575 arbitrari,
1282 512 1375 565 sed
1413 513 1593 583 majus
1628 515 1759 584 quid
1801 531 1887 570 re-
1916 526 1963 581 Α
1989 518 2072 589 gis
2102 521 2380 591 magisque
2408 522 2475 577 ad
2501 521 2821 581 Diodoream
2860 525 3256 595 interpretandi
3286 526 3556 582 rationem

307 601 510 669 quiro.
539 607 599 653 ut
620 600 723 654 tibi
746 600 1098 669 persuadeas,
1134 609 1189 657 te
1218 617 1346 658 vera
1380 606 1702 674 paenitentia
1727 607 1892 677 justi-

306 690 463 745 llcari
495 704 684 760 posse.
723 688 1011 746 Theodoro
1041 692 1207 762 igitur
1243 694 1474 762 proinde
1498 696 1659 765 quasi
1695 712 1891 767 pecca-

307 790 495 837 torum
533 796 761 837 suorum
792 782 1119 853 gravitatem
1145 786 1590 856 persentiscerct,
1618 789 1887 858 probavit,

306 889 421 928 non
454 889 604 939 esse,
638 874 784 945 quod
818 876 1064 931 animum
1112 876 1480 947 desponderet
1510 880 1671 949 eique
1703 881 1891 952 gravi-

304 965 411 1019 bus
453 966 799 1037 argumentis
830 968 955 1023 vitae
986 968 1425 1024 emendationem
1465 971 1883 1027 commendavit.

301 1056 537 1113 Brevior
563 1066 649 1114 est
676 1058 848 1113 altera
883 1059 1139 1130 epistola,
1173 1075 1281 1131 qua
1314 1061 1421 1115 hoc
1453 1062 1721 1132 imprimis
1756 1064 1889 1133 egit,

303 1158 365 1201 ut
395 1151 583 1203 omnia
613 1149 884 1215 dilueret,
929 1152 1132 1221 quibus
1162 1153 1488 1209 Theodorus
1533 1154 1720 1208 initam
1770 1156 1891 1210 vita:

300 1253 423 1292 suae
442 1239 711 1293 rationem
744 1248 1037 1297 excusaret
1069 1248 1164 1295 aut
1190 1241 1530 1298 defenderet.
1561 1243 1891 1315 Chrysosto—

298 1344 457 1383 mum
498 1344 628 1400 spes
670 1346 781 1385 non
826 1330 1052 1398 fefellit;
1113 1331 1439 1391 Theodorus
1490 1334 1635 1390 enim
1689 1336 1888 1392 iterum

299 1420 490 1475 victus
519 1421 698 1475 amico
724 1422 896 1477 cessit
924 1430 977 1477 et
1006 1422 1061 1477 in
1088 1425 1483 1481 monasterium
1509 1424 1694 1480 rediit.

372 1509 498 1565 Jam
526 1512 595 1567 ad
627 1527 689 1567 ea
721 1520 966 1585 tempora
995 1516 1345 1580 accedimus,
1379 1517 1582 1589 quibus
1624 1532 1729 1573 una
1761 1533 1885 1573 cum

298 1602 701 1673 Chrysostomo
730 1620 791 1660 se
818 1613 965 1661 totus
992 1605 1229 1663 Diodoro
1256 1608 1395 1664 duce
1422 1609 1599 1665 sacris
1630 1608 1886 1675 Litteris,

299 1694 904 1765 exegeticisimprimis
925 1737 939 1763 ,
970 1696 1137 1753 dabat
1173 1698 1273 1771 (a).
1304 1698 1387 1753 Ad
1422 1697 1643 1753 Diodori
1678 1698 1754 1770 (b)
1784 1715 1886 1754 au-

302 1796 416 1842 tem
447 1789 761 1858 exemplum
797 1805 855 1846 se
886 1791 961 1844 ita
989 1790 1372 1857 conformavit,
1405 1803 1466 1846 ut
1515 1792 1779 1847 Leontius
1813 1793 1885 1865 (c)

301 1881 457 1935 illum
485 1881 634 1938 baud
673 1884 854 1953 inepte
894 1885 1166 1939 malorum
1208 1884 1480 1940 Theodori
1503 1892 1557 1941 et
1586 1886 1882 1958 impietatis

296 1981 610 2039 auctorem,
642 1974 837 2031 ducem
868 1984 922 2031 et
950 1985 1159 2047 patrem
1187 1976 1410 2033 dixerit.
1444 1978 1794 2050 Quanquam,
1822 1986 1882 2033 ut

298 2080 402 2133 par
426 2076 579 2131 erat,
613 2070 965 2139 pmceploris
1010 2072 1239 2142 vestigia
1283 2087 1396 2126 non
1429 2073 1504 2127 ita
1554 2074 1790 2143 pressit,
1823 2084 1884 2129 ut

296 2156 437 2211 nihil
463 2161 743 2229 peculiare
786 2162 889 2216 sibi
929 2163 1258 2228 vindicaret,
1295 2164 1407 2219 imo
1440 2180 1562 2236 qua:
1588 2176 1881 2237 acceperat

299 2264 406 2302 suo
448 2249 672 2318 ingenio
696 2236 926 2307 ulterius
964 2263 1291 2322 persecutus
1331 2262 1417 2309 est
1444 2264 1608 2325 atque
1650 2236 1881 2311 ulterius

297 2339 471 2394 etiam
506 2357 829 2412 progressus
861 2351 1028 2408 esset,
1062 2345 1171 2400 nisi
1220 2346 1342 2414 ejus
1371 2347 1601 2403 audacia
1637 2350 1879 2406 coercita

302 2428 527 2485 fuisset.
574 2430 785 2487 Etenim
811 2449 934 2489 cum
980 2436 1279 2492 etiamnum
1308 2438 1526 2508 juvenis
1554 2441 1623 2495 ab
1662 2442 1729 2498 iis
1758 2442 1882 2512 qui-

295 2522 425 2575 dem
454 2522 737 2592 profectus
757 2566 771 2591 ,
803 2542 924 2595 qua:
952 2526 1223 2584 Diodorus
1252 2539 1605 2600 praeceperat,
1647 2530 1883 2588 Diodoro

296 2614 476 2667 ιιιιιΙιο
514 2623 696 2670 tamen
734 2618 996 2672 audacior
1028 2616 1280 2676 Psalmos
1315 2620 1709 2692 interpretatus
1735 2631 1883 2679 esset

296 2721 608 2776 eorumque
659 2709 1025 2778 paucissimos
1060 2714 1279 2783 proprie
1309 2713 1377 2767 ad
1409 2712 1691 2769 Christum
1730 2726 1882 2770 retu-

297 2796 475 2859 lisset,
502 2799 707 2854 multos
732 2797 846 2870 jam
882 2810 994 2855 tum
1021 2800 1249 2857 offendit
1277 2802 1376 2874 (ά),
1414 2803 1489 2857 ita
1521 2814 1579 2859 ut
1610 2812 1734 2874 post
1762 2820 1881 2860 ma-

371 2964 451 3034 (a)
490 2964 577 3020 Cf.
625 2965 967 3045 _'_I‘heodoret.
1023 2969 1103 3045 Ε.
1161 2986 1210 3024 e.
1264 2986 1331 3045 ἶ,
1390 2971 1492 3038 59;
1537 2970 1733 3027 Domu.
1785 2988 1875 3045 ap.

298 3033 439 3110 Fac.
465 3052 585 3110 vin,
619 3037 689 3110 5‘5;
716 3036 875 3110 Joan.
900 3055 989 3110 ap.
1023 3038 1154 3093 Fac.
1185 3056 1246 3098 II.
1268 3033 1323 3094 2.

372 3105 448 3181 (li)
491 3106 593 3181 De;
612 3106 852 3181 lliodoro
901 3105 953 3163 vI
996 3125 1119 3180 quae
1163 3112 1442 3181 congessit
1490 3109 1707 3167 Fabric.
1740 3113 1782 3168 l.
1816 3112 1877 3179 l.,

296 3174 442 3239 Vlll,
478 3192 534 3249 p_.
565 3176 672 3249 562
701 3194 787 3249 sq.

392 3251 443 3319 ρ)
478 3248 545 3319 Υ..
584 3248 620 3302 Ι.
662 3248 824 3319 οηίρ.
858 3249 983 3304 686.

369 3317 448 3387 (d)
492 3316 840 3391 Hesychia].
870 3336 947 3384 c.,
973 3319 1173 3389 p.104,
1203 3318 1416 3391 silldes
1440 3330 1523 3377 est
1544 3330 1763 3391 propter
1789 3323 1875 3377 in-

291 3388 746 3458 tet-pretationem
782 3388 1155 3454 Psalmbrum,
1185 3389 1428 3457 culpatus
1460 3401 1508 3444 et
1545 3388 1874 3459 periclitatus

290 3461 572 3513 contraria
601 3459 703 3512 sibi
731 3459 889 3523 dixit,
924 3477 1027 3513 non
1049 3476 1115 3514 e1:
1136 3462 1420 3531 uoluntate,
1446 3464 1539 3515 sed
1571 3464 1873 3531 compulsus

290 3531 536 3601 catinium
576 3531 921 3598 querimoniis
959 3540 1009 3583 et
1054 3530 1283 3601 codicem
1316 3532 1487 3597 ipsum
1519 3531 1689 3585 delere
1716 3533 1875 3601 polli-

288 3602 432 3652 citus
478 3600 704 3669 latenter
736 3601 1083 3654 conservabat
1124 3600 1370 3654 Judaicae
1404 3603 1686 3669 impietatis
1717 3604 1875 3655 viatic

288 3685 433 3723 cum.
467 3668 589 3737 Igni
621 3670 763 3723 enim
794 3686 892 3723 sua
924 3672 1303 3724 commentaria
1335 3672 1594 3724 simulans
1630 3673 1871 3736 tradere,

296 3740 568 3793 malitiose
599 3740 919 3795 abscondere
950 3741 1253 3795 illecebram
1282 3741 1593 3794 conabatur.
1625 3738 1733 3795 Sed
1763 3756 1873 3795 lallt

292 3809 529 3862 multum
560 3812 876 3864 acerbitatis
904 3811 1127 3866 virusin
1157 3810 1504 3865 Theodorum
1522 3813 1785 3875 eVomuit,
1816 3822 1875 3866 ut

289 3894 362 3932 eo
401 3882 525 3951 solo
550 3889 780 3935 auctore
812 3882 901 3951 illa
941 3882 1015 3934 ita
1052 3882 1211 3951 plane
1234 3890 1295 3935 ut
1320 3884 1565 3951 narravit
1586 3878 1874 3936 Theodoro

291 3950 569 4021 accidisse
595 3952 683 4004 vix
713 3949 928 4005 credas.
964 3948 1287 4021 Quanquam
1318 3948 1663 4005 Theodorum
1692 3958 1807 4006 tum
1843 3968 1873 4006 a

290 4019 485 4073 multis
511 4021 655 4074 male
686 4022 928 4076 audiisse
965 4019 1177 4075 certum
1212 4028 1319 4074 est.

365 4094 437 4155 (ei
476 4089 559 4143 Cf.
606 4089 854 4144 Gennad.
904 4092 979 4145 De
1022 4092 1156 4145 uiris
1207 4090 1313 4155 ill.,
1360 4105 1412 4144 c.
1467 4089 1551 4144 l2.
1589 4088 1767 4145 “eiet.
1817 4087 1871 4145 in

294 4160 503 4242 Steph;
525 4159 733 4242 Baluzii
762 4159 915 4242 N‘ova
941 4162 1064 4214 coll.
1101 4160 1337 4242 concilsl
1352 4158 1738 4242 Paris._.l707.
1767 4159 1870 4230 F.)

292 4244 345 4296 ρ.
394 4227 523 4284 875.
576 4230 736 4295 Quod
786 4228 1028 4287 Joannes
1068 4248 1155 4299 ep.
1212 4227 1470 4283 Antioch.
1522 4227 1871 4284 Theodorum

292 4300 564 4362 Flaviani,
622 4316 709 4369 ep.
741 4302 1022 4363 Antioch.,
1068 4301 1395 4369 discipulum
1437 4301 1871 4355 amantissimum

292 4371 452 4441 dixit,
484 4368 561 4424 cf.
607 4368 736 4423 Fac.
782 4371 836 4431 2,
874 4371 929 4433 2,
976 4372 1030 4426 id
1062 4386 1127 4441 eo
1168 4368 1372 4425 laetum
1417 4371 1695 4435 existimo,
1726 4370 1872 4441 quod

294 4438 559 4493 Flaviano
586 4440 1183 4510 cpiscopoiAntiochia:
1206 4442 1493 4510 presbyter
1514 4448 1652 4510 erat.

364 4511 441 4577 (Ι)
484 4510 549 4563 ν.
609 4508 677 4565 de
732 4508 799 4563 eo
836 4509 1031 4565 Frauc.
1073 4508 1267 4563 Walch
1320 4508 1733 4563 Ketzerhislorie
1783 4508 1871 4569 IV,

292 4596 345 4649 p.
390 4580 500 4634 410
541 4595 626 4649 sq.
671 4610 740 4620 —
766 4578 1038 4635 Theodor.
1071 4596 1157 4650 ap.
1202 4579 1332 4634 Fac.
1376 4596 1451 4642 ix,
1482 4580 1558 4632 5:
1596 4578 1762 4647 Cujus
1796 4580 1871 4632 rei

1989 611 2294 667 accederet.
2335 613 2674 684 Conceptam
2718 617 2986 671 maculam
3018 619 3074 673 in
3106 618 3197 673 illa
3230 628 3558 690 tempestate

1989 700 2141 756 brevi
2166 701 2391 773 eluitet
2416 704 2626 775 aliquot
2666 707 2827 763 annis
2870 716 2995 778 post
3040 708 3325 779 presbyter
3366 708 3558 764 Antio-

1986 792 2196 850 cbenus
2232 795 2568 853 constitutus
2601 806 2687 853 est
2714 797 2808 868 (e).

2060 884 2197 940 Tum
2242 903 2372 943 vero
2406 888 2713 944 miserrima
2750 900 2868 945 erat
2900 889 3157 947 Ecclesia:
3202 891 3395 950 facies.
3435 891 3556 948 Hae-

1988 978 2304 1041 reticorum,
2328 980 2658 1035 Arianorum
2683 982 2740 1035 in
2768 982 2981 1052 primis,
3015 982 3287 1040 factiones
3321 985 3556 1055 repqu

1986 1069 2203 1139 quidem
2226 1079 2403 1135 erant,
2432 1087 2532 1127 nec
2550 1080 2729 1128 tamen
2750 1075 3052 1138 exstinctae,
3080 1082 3243 1145 atque
3264 1076 3553 1132 etiamtum

1987 1160 2419 1216 orthodoxorum
2470 1172 2525 1217 et
2568 1162 2951 1219 haereticorum
2996 1164 3224 1221 dissidia
3264 1174 3320 1220 et
3365 1178 3561 1234 pugnae

1990 1244 2271 1314 vigebant,
2303 1248 2503 1317 quibus
2530 1258 2643 1303 tum
2676 1251 2861 1306 multa:
2894 1250 3151 1309 Ecclesiae
3191 1253 3556 1313 vexabantur.

1989 1343 2102 1390 tum
2156 1338 2519 1396 Antiochena.
2579 1342 2881 1399 Antiochia:
2932 1344 3078 1400 enim
3129 1360 3293 1415 quam
3355 1344 3556 1400 multas

1988 1427 2177 1483 turbas
2218 1430 2457 1485 schisma
2514 1430 2861 1488 Meletianum
2908 1435 2984 1506 (f)
3049 1437 3372 1492 excitaverit
3431 1440 3559 1509 quis

1989 1520 2204 1574 nescit?
2255 1522 2584 1578 Antiocheni
2622 1532 2805 1580 autem
2842 1525 2989 1581 leves
3031 1534 3191 1582 erant
3223 1536 3387 1598 atque
3412 1528 3557 1584 sedi-

1992 1612 2121 1667 tiosi
2153 1611 2253 1684 (g).
2290 1613 2395 1669 Sed
2427 1613 2752 1673 Theodorus
2777 1632 3006 1673 munere
3033 1633 3137 1674 suo
3166 1618 3438 1675 adductus
3459 1619 3557 1673 do-

1986 1704 2160 1760 cendo
2204 1714 2261 1761 et
2308 1707 2693 1763 concionando
2732 1710 2809 1779 (Ii)
2841 1710 3104 1766 Ecclesiae
3151 1712 3314 1767 saluti
3353 1711 3561 1782 optime

1987 1797 2287 1853 consuluit.
2321 1796 2592 1855 Praeterea
2627 1800 2786 1857 libris
2822 1802 3178 1873 gravissimus
3218 1804 3558 1857 orthodoxia:

1914 1866 1958 1925 Β
1986 1887 2181 1942 vindex
2220 1888 2427 1943 exstitit
2451 1889 2535 1959 (i).
2567 1891 2646 1945 Ac
2673 1900 2789 1946 tum
2825 1866 3044 1962 quidem
3083 1893 3256 1948 libros
3286 1892 3358 1947 De
3382 1894 3556 1948 incar-

1981 1978 2194 2031 natione
2218 1987 2271 2032 et
2295 1979 2561 2035 Adversus
2601 1980 2915 2037 Eunomium
2945 1984 3200 2053 scripsit,
3242 1999 3555 2054 quanquam

1982 2084 2108 2124 eum
2156 2071 2295 2126 alios
2343 2073 2508 2127 etiam
2542 2073 2745 2138 libros,
2792 2077 3216 2131 commentarios
3250 2077 3555 2147 praesertim

1981 2160 2036 2213 in
2068 2158 2187 2215 Scr.
2217 2175 2378 2227 sacr.,
2415 2170 2528 2216 tum
2554 2161 2861 2219 confecisse
2890 2163 3359 2219 verisimillimum.

2053 2250 2341 2304 Antiochia
2365 2252 2593 2327 'I‘arsum
2615 2254 2886 2323 migravit,
2913 2255 3029 2319 sed,
3051 2262 3109 2308 ut
3154 2255 3370 2324 opinor,
3393 2254 3555 2325 paulo

1977 2350 2102 2412 post
2156 2341 2412 2409 Diodori,
2446 2342 2734 2399 Tarsensis
2779 2353 2893 2398 tum
2926 2360 3039 2415 ep.,
3082 2346 3425 2414 potissimum
3455 2360 3555 2398 au-

1978 2435 2231 2489 ctoritate
2252 2437 2542 2506 episcopus
2570 2444 2790 2491 creatus
2823 2447 2907 2493 est
2938 2437 3033 2510 (j).
3069 2437 3350 2493 Successit
3376 2438 3555 2508 Olym-

1978 2529 2103 2598 pio,
2145 2526 2490 2597 Mopsuestia:
2542 2529 2613 2599 (Ii)
2663 2531 2943 2600 episcopo.
2991 2529 3321 2600 Episcopatu
3371 2538 3553 2584 autent

1980 2636 2104 2676 cum
2148 2621 2353 2690 optime
2392 2620 2714 2691 fungeretur
2743 2630 2799 2677 et
2839 2622 3062 2692 scriptis
3096 2638 3285 2677 sacras
3316 2614 3555 2676 Litteras

1988 2722 2428 2783 persequeretur,
2458 2716 2632 2785 magis
2667 2716 2953 2785 magisque
2999 2715 3275 2768 inclaruit.
3308 2713 3556 2767 Concilio

1985 2804 2635 2877 ConstantinOpolilano,
2676 2807 2823 2873 quod
2874 2824 2927 2861 a.
2968 2806 3105 2872 594,
3142 2816 3367 2877 propter
3400 2807 3549 2859 litem

1978 2972 2148 3027 multa
2179 2972 2463 3027 mentiatur
2499 2981 2550 3027 et
2596 2971 2924 3042 Theodorum
2968 2971 3303 3042 Mopsuestia:
3330 2977 3553 3029 nimium

1977 3043 2371 3115 laudet,er_rore_
2395 3042 2616 3097 Sozam.
2644 3058 2744 3115 pro
2766 3040 3091 3099 Theodorei.
3123 3045 3412 3115 scripsisse
3446 3048 3551 3101 du-

1976 3113 2105 3168 dum
2138 3129 2203 3182 v.
2225 3112 2281 3166 d.
2324 3113 2706 3168 observarunt.
2735 3112 2754 3182 )

2052 3182 2130 3253 (j)
2166 3181 2403 3253 liesych.
2454 3183 2488 3235 ι.
2524 3198 2616 3236 c.:
2665 3181 2946 3253 Antiochia
2981 3183 3165 3237 relicta
3209 3185 3263 3238 in
3322 3183 3549 3238 Tarsum

1901 3271 1944 3327 ο
1980 3252 2397 3335 transmigrauit,
2428 3267 2499 3333 ea:
2530 3268 2635 3322 qua
2664 3254 2719 3305 in
2749 3252 3130 3335 l-opsuestiam
3155 3256 3379 3335 transiit
3404 3258 3551 3335 ordi-

1977 3332 2134 3376 natus
2172 3323 2227 3375 in
2265 3338 2327 3376 ea
2354 3324 2650 3391 episcopus.
2679 3352 2749 3362 —
2777 3323 2968 3377 Leont.
3014 3324 3051 3376 ι.
3088 3339 3137 3377 c.
3170 3343 3184 3378 :
3219 3326 3381 3377 Aiunt
3414 3326 3552 3379 [tunc

1977 3391 2045 3461 (Τ
2047 3392 2178 3460 Ιι.),
2211 3408 2329 3445 cum
2366 3393 2515 3446 uellet
2565 3407 2745 3460 rapere
2788 3396 2998 3446 oculum
3043 3393 3247 3448 Cilicia!
3298 3394 3547 3460 Tarsum,

1974 3473 2265 3535 postquam
2282 3462 2555 3535 Diodorus
2582 3463 2750 3535 -A-7ab
2784 3464 3013 3535 liac‘vita
3040 3465 3250 3535 recessit
3282 3464 3357 3534 (ιι.
3394 3466 3545 3535 594),

1976 3548 2007 3583 a
2038 3531 2320 3602 Theophila
2345 3533 2496 3587 Alex.
2524 3532 2846 3601 prohibitum
2872 3533 3057 3602 fuisse,
3083 3550 3145 3587 ne
3169 3534 3265 3586 hoc
3291 3531 3547 3598 auderet;

1977 3601 2047 3653 ad
2078 3617 2196 3673 eum
2226 3601 2721 3673 enim_legationem
2769 3606 3056 3665 miserunt,
3088 3605 3178 3673 qui
3219 3606 3550 3672 tyrannidem

1974 3672 2333 3742 patiebantur.
2377 3670 2599 3726 Famam
2641 3674 2826 3727 retulit
2858 3670 3119 3727 Leontius
3154 3670 3384 3742 eamque
3428 3690 3548 3729 mea

1975 3741 2195 3809 quidem
2238 3742 2507 3811 sententia
2538 3757 2647 3795 non
2681 3758 2902 3811 prorsus
2949 3758 3165 3796 vanam.
3217 3741 3357 3808 Quid
3394 3760 3542 3807 vero,

1976 3813 2021 3864 si
2068 3826 2134 3863 eo
2181 3812 2364 3881 animo
2416 3810 2650 3865 Tarsum
2684 3810 2964 3881 profectus
3014 3828 3139 3868 esse
3178 3814 3330 3867 visus
3368 3822 3453 3868 est
3491 3822 3547 3869 et

1975 3894 2106 3934 vero
2148 3880 2312 3934 etiam
2352 3881 2634 3951 profectus
2663 3880 2785 3945 est,
2824 3892 2883 3936 ut
2917 3881 3243 3947 Diodorum,
3286 3883 3545 3937 dilectum

1975 3959 2403 4023 praeceptorem,
2447 3952 2539 4020 qui
2578 3968 2606 4023 a
2642 3962 2822 4023 rnorte
2862 3952 3003 4023 haud
3044 3954 3235 4023 procul
3277 3954 3495 4008 abesset
3525 3994 3542 4019 ,

1974 4019 2264 4091 episcOpus
2290 4019 2601 4087 exciperet?
2635 4019 2739 4075 Sed
2772 4022 3007 4075 Diodoro
3037 4019 3251 4075 mortuo
3280 4037 3403 4076 cum
3428 4024 3543 4091 jam

1975 4089 2093 4156 ipse
2126 4090 2421 4161 episcopus
2452 4098 2640 4161 esset,
2687 4091 2754 4145 de
2785 4092 3101 4161 episc0patu
3139 4093 3398 4147 'l‘arsensi
3431 4089 3544 4147 sibi

1974 4158 2431 4229 acquirendo’vix
2468 4160 2807 4229 cogitaverit.

2047 4228 2121 4295 (lt)
2160 4228 2489 4299 Mopsuestia
2516 4228 2722 4299 (Μόψου
2754 4229 2907 4284 ἑστία
2932 4230 3006 4285 cf.
3045 4232 3227 4287 Strab.
3262 4231 3348 4295 14,
3379 4247 3430 4287 c.
3466 4233 3543 4299 5;

1974 4295 2090 4371 Cic.
2116 4299 2217 4365 Ep.
2235 4297 2303 4351 ad
2320 4300 2425 4353 div.
2455 4295 2609 4371 5,:8,
2628 4301 2688 4371 7h.
2714 4299 2965 4371 esMopsi
2993 4303 3350 4365 domicilium,
3378 4295 3540 4356 etiam

1974 4367 2194 4445 biopsos
2233 4368 2550 4445 dictummf.
2580 4368 2719 4445 Plin.
2755 4367 2916 4445 ll._n'.
2958 4372 3011 4437 5,
3035 4373 3124 4437 22,
3159 4370 3296 4445 [27.]
3332 4371 3542 4445 tllopsos

1976 4438 2219 4513 liberum,
2248 4437 2479 4506 Pyramo
2496 4440 2820 4513 impositum.
2838 4439 3043 4496 Nomen
3065 4437 3313 4511 accepit'a
3334 4437 3541 4513 Mopso,

1976 4508 2468 4580 Conditore,_quem
2502 4509 2827 4580 Argivorum
2870 4527 3048 4580 regem
3090 4522 3143 4566 et
3172 4508 3539 4567 clarissimum

1977 4592 2235 4646 augurem
2274 4578 2441 4632 fuisse
2470 4578 2725 4631 traditum
2759 4588 2864 4643 est,
2897 4578 2970 4634 cf.
2998 4582 3112 4635 Cic.
3145 4582 3222 4635 De
3242 4584 3464 4636 divinat.
3499 4598 3538 4645 ι,

294 4640 471 4718 pratia
514 4659 565 4702 et
590 4640 733 4703 'tales
771 4660 820 4703 et
856 4660 1033 4704 tantas
1080 4640 1463 4719 persecutiones
1513 4640 1873 4703 sustinemus?
1907 4640 1948 4694 D
2099 4645 2175 4699 De
2204 4656 2313 4699 nat.
2361 4648 2598 4719 deor._n,
2632 4649 2701 4712 5;
2746 4640 2973 4704 Tertull.
3012 4650 3089 4703 De
3135 4654 3315 4706 anima
3349 4669 3402 4706 c.
3439 4640 3531 4707 46.

296 4730 386 4771 aut
425 4721 546 4787 quis
582 4721 795 4789 ignorat
830 4736 1033 4787 semper
1072 4723 1350 4773 adversum
1389 4736 1481 4772 nos
1511 4720 1576 4771 ab
1612 4720 1873 4773 hwreticis

294 4790 489 4842 bellum
542 4791 672 4858 agi?
712 4806 861 4843 omne
916 4792 1186 4844 metallum
1251 4800 1300 4843 et
1351 4805 1555 4842 omnem
1602 4790 1669 4857 (Ι.
1724 4805 1877 4842 omne

294 4875 343 4911 v.
376 4876 463 4925 sq.
491 4865 512 4928 )
551 4861 723 4911 locum
769 4859 1029 4913 desertum
1066 4861 1320 4928 repletum
1348 4869 1425 4913 est
1452 4873 1519 4912 ea:
1548 4859 1744 4913 nostris
1780 4858 1876 4913 Ito-

294 4931 527 4981 minibus
556 4944 767 4982 promer
794 4929 1092 4982 doctrinam
1114 4932 1345 4982 pietatis.

293 4946 527 4981 mmwus
556 4946 767 4985 promer
794 4946 1092 4983 aocmnam
1114 4946 1345 4985 ntetaus.

356 4944 527 4981 mrbus
556 4944 767 4997 propter
794 4944 1092 4983 doctrinam
1113 4944 1345 4999 pietatis.

356 5007 436 5067 (g)
476 4999 654 5053 Annis
684 4998 809 5078 fere
830 5000 956 5062 387,
982 5002 1106 5064 588,
1127 5001 1377 5078 maxima
1406 4998 1708 5078 Antiochiae
1738 5013 1872 5078 con:

292 5068 459 5148 citata
509 5078 596 5123 est
650 5068 1044 5148 scdi_tio,_lqure
1075 5073 1178 5148 _vix
1214 5070 1437 5148 tandem
1489 5068 1867 5148 Chrysostomi

293 5140 456 5212 etiam
482 5141 736 5212 opetqui
760 5138 1013 5195 homilias
1036 5140 1227 5212 viginti
1256 5150 1309 5195 et
1343 5154 1505 5193 unam
1534 5138 1648 5192 tum
1681 5138 1871 5193 habuit

295 5210 393 5276 (ll.
419 5224 472 5277 p.
500 5208 671 5262 1-225
692 5211 732 5278 ),
760 5212 949 5263 sedata
988 5220 1089 5266 est.

364 5280 443 5349 (h)
478 5278 565 5333 Cf.
598 5278 723 5334 Fac.
759 5295 878 5345 vm,
918 5281 971 5333 4.

362 5347 431 5418 (i)
462 5351 674 5418 Saepius
704 5349 1024 5405 Theodorus
1061 5349 1439 5404 haereticorum
1480 5347 1736 5418 laudatur
1770 5361 1871 5418 op-

362 5361 426 5418 (ι)
462 5361 674 5418 amplus
704 5361 1024 5405 'I'Itcodorus
1062 5361 1439 5404 haereticorum
1481 5361 1735 5400 laudatur
1770 5361 1865 5469 08-

293 5430 577 5491 pugnalorﬁ
609 5419 680 5473 cf.
716 5421 902 5491 erill.
936 5422 1117 5491 Alexa
1143 5421 1196 5473 in
1229 5423 1346 5473 Act.
1381 5436 1449 5491 σε,
1477 5416 1758 5491 Cortst.jl.
1806 5488 1815 5491 _
1851 5456 1865 5470 .

295 5486 330 5570 ξ,
357 5486 419 5554 ι’,
450 5490 682 5570 p.109.
714 5486 864 5570 (Fac.
896 5491 951 5554 5,
975 5489 1249 5570 _5),_‘Joa_n.
1273 5505 1370 5570 ap.
1408 5486 1537 5570 Fac.
1576 5487 1631 5570 22
1654 5486 1733 5570 ¹2,
1767 5488 1864 5550 aL,

294 5560 414 5631 lhas
443 5555 499 5613 in
526 5555 939 5631 Justinian.ep.
974 5555 1031 5631 in
1062 5555 1493 5631 Bandinii'catal.
1529 5555 1864 5631 c_n_dd.‘mss.

293 5630 434 5685 Bibl.
467 5631 604 5685 Med.
636 5630 805 5685 Laur.
834 5624 948 5699 I.'p.
988 5630 1106 5689 184,
1141 5629 1291 5701 (Fac.
1316 5630 1371 5693 2,
1399 5630 1501 5701 5.),
1532 5624 1863 5701 :l‘heodoret.

297 5701 367 5754 ll.
403 5718 451 5755 e.
491 5716 555 5764 ν,
600 5701 689 5755 39.
734 5730 789 5739 -
821 5695 1001 5770 πάάης
1048 5695 1157 5771 μὲν
1188 5700 1483 5770 ἐκκλησίας
1525 5695 1865 5771 διδᾴισκαλος,

294 5772 435 5846 uasa
469 5771 651 5846 πάσης
679 5771 735 5824 δὲ
776 5765 1059 5846 earnm:
1082 5765 1364 5846 αἱρετικῆζ
1404 5765 1750 5846 ἀριστεύσας.
1805 5794 1867 5846 -τ

296 5843 547 5912 (Cregor.
590 5837 661 5895 Μ.
699 5837 797 5911 ριιζ
820 5858 870 5892 νι
893 5881 906 5899 .
939 5837 1027 5903 Si,
1064 5837 1187 5893 cum
1240 5837 1541 5912 scriberet,»
1570 5837 1862 5912 Suzomeni

302 5907 598 5968 Historiam
631 5913 703 5967 ab
734 5907 1034 5983 apostolica
1066 5912 1197 5968 sede
1228 5928 1337 5967 non
1379 5910 1569 5981 recipi,
1601 5907 1850 5977 quoniam

1977 4714 2029 4767 Ν
2036 4732 2122 4788 an}
2152 4727 2201 4769 et
2228 4718 2463 4788 oraculis
2506 4717 2602 4770 hoc
2628 4734 2787 4786 genus
2819 4723 3043 4788 stipatus
3081 4732 3156 4775 est
3194 4722 3355 4786 orbis,
3382 4732 3439 4775 ut
3469 4751 3543 4763 —-

1972 4816 2041 4824 —
2062 4784 2235 4857 Mopsi
2252 4788 2305 4839 in
2326 4784 2516 4857 Sicilia
2544 4789 2601 4857 (ι.
2630 4784 2825 4843 Cilicia
2842 4784 2979 4856 ).”-
2998 4790 3268 4845 Nonnulla
3289 4784 3391 4846 alia
3416 4808 3542 4845 con-

1970 4856 2139 4928 gessit
2166 4855 2329 4928 Henr.
2352 4854 2533 4910 Noris.
2555 4854 2600 4928 Vl.
2631 4859 2666 4910 1.
2692 4860 2718 4928 il
2749 4861 2822 4928 (ι).
2843 4854 3090 4928 84ο816).
3127 4862 3367 4916 Celebris
3406 4865 3538 4916 urbs

1970 4934 2087 5001 erat
2109 4926 2163 5001 in
2180 4926 2366 4979 Cilicia
2386 4927 2643 5001 secunda.
2659 4926 2865 4984 Nomen
2886 4932 3032 5001 urbis
3051 4926 3347 5001 Scriptores
3374 4932 3539 4985 inter-

1969 4995 2464 5070 dumdepravatum
2479 4996 2857 5070 exhibuerunt,
2868 5002 2959 5054 sed
2973 4995 3371 5070 deprav'ationis
3385 5002 3539 5070 origo

1969 5063 2112 5140 haud
2131 5063 2361 5140 obscura
2380 5066 2661 5140 est._Syris
2681 5068 2753 5139 (ν.
2776 5070 2973 5140 Λιςιςρῖιιιζ
2992 5063 3131 5124 Bibl.
3152 5088 3235 5124 or.
3256 5088 3293 5132 ι.
3314 5087 3363 5140 p.
3384 5063 3532 5140 406),

1968 5133 2316 5213 Μοψοξδεστία
2350 5133 2697 5213 dicebatur,
2754 5140 2897 5213 unde
2938 5138 3150 5213 ‘Grzecis
3212 5133 3537 5213 et_'Latinis
3614 5202 3635 5213 _

1968 5204 2242 5278 interdum
2266 5223 2316 5278 μ.
2350 5205 2612 5278 insertum
2644 5215 2760 5270 est,
2792 5210 3201 5278 Μομψουεστία.
3225 5209 3531 5266 cf.Sozom.

1969 5223 2242 5258 Interdum
2350 5223 2612 5259 insertum
2644 5223 2760 5270 ρει,
2792 5223 3201 5278 monumenta,
3225 5223 3531 5266 cubozom.

1969 5273 2227 5350 [ᾖε-ιβ,
2354 5274 2643 5350 Nicephori
2683 5278 2897 5341 Caten.,
2945 5282 3000 5332 in
3055 5279 3232 5350 Oclat.
3268 5297 3328 5342 ιι,
3362 5295 3413 5350 p.
3443 5280 3531 5347 44,

1964 5343 2114 5418 226.,
2134 5343 2520 5418 Mpmpsuestia
2550 5346 3057 5418 (Mompsuestenus,
3079 5343 3535 5418 Mompsuestinaa,

1968 5415 2063 5489 sed
2098 5416 2134 5468 ι.
2173 5414 2759 5489 Μρηιρξρεεξὶιιξῃβΐ.
2798 5416 2953 5489 Vigil.
2992 5418 3181 5473 Const.
3215 5414 3381 5475 Bard.
3423 5423 3460 5477 Ι.
3493 5414 3533 5478 l.

1966 5483 2057 5547 lll,
2087 5500 2135 5553 p.
2163 5483 2603 5555 242,243,245.
2630 5487 2771 5552 (Act.
2802 5483 2957 5542 conc.
2983 5489 3238 5545 Chalced.
3270 5491 3338 5555 X,
3366 5491 3533 5547 Hard.

1968 5556 2004 5606 Ι.
2034 5555 2068 5606 l.
2098 5555 2160 5615 ll,
2187 5570 2237 5624 p.
2272 5554 2396 5607 5l5.
2423 5553 2824 5625 Mompsuestiae
2847 5600 2862 5623 ,
2890 5558 3063 5613 Paris.
3089 5553 3534 5687 Matnpsuestiaf),

1968 5623 2172 5677 Marius
2235 5622 2506 5677 Mercator
2564 5636 2742 5679 autem
2800 5645 2922 5682 cum
2983 5630 3305 5687 adiectivum
3373 5650 3461 5687 mo
3501 5650 3534 5687 υ

1968 5622 2201 5700 blarins'
2235 5622 2511 5700 Mercator
2564 5622 2753 5700 autem
2800 5622 3305 5700 cumﬂadjectivum
3373 5622 3535 5688 modo

1969 5692 2363 5758 Mansistenus;
2401 5695 2472 5747 cl“.
2500 5694 2535 5748 Ι.
2561 5711 2590 5748 c
2637 5712 2688 5763 p.
2725 5697 2861 5760 615,
2897 5692 3235 5763 625,ἠιοιίο
3265 5702 3537 5757 Μαηιδιιεο

1968 5766 2138 5817 stinus
2171 5779 2223 5833 p.
2245 5764 2368 5851 ΨΟ,
2399 5765 2568 5851 modo.
2589 5764 2991 5851 biansuesteuus
3021 5787 3072 5851 ρ.
3102 5772 3224 5851 702,
3244 5777 3532 5851 formarat,

1968 5848 2159 5911 vagam
2187 5834 2341 5889 urbis
2395 5836 2808 5911 appellationem
2832 5878 2846 5901 ,
2877 5856 2998 5911 quae
3021 5834 3078 5894 in
3115 5843 3256 5911 vulgi
3294 5858 3388 5895 ore
3414 5834 3532 5897 ver;

1960 5904 2205 5973 cabatur,
2239 5914 2459 5962 secutus
2489 5913 2592 5961 cst.
2627 5904 3235 5967 Caeterum'Thcodorus
3264 5914 3532 5970 interdum
