3934 6538
246 394 303 451 2|
1043 398 1132 453 DE
1188 402 1540 459 THEODORI
1576 401 2054 459 MOPSUESTENI
2096 399 2259 456 VITA
2296 399 2385 454 ET
2428 399 2761 457 SCRIPTIS.
3079 393 3091 409 “
3436 399 3508 449 22

238 511 611 590 patrocinium
648 523 973 584 susceperat
1003 517 1102 586 (a),
1130 518 1183 572 in
1215 527 1456 588 tempore
1483 534 1617 575 sane
1642 535 1695 573 a.
1722 517 1829 573 428
1856 522 1904 580 Α
1932 525 2128 581 teram,
2159 532 2229 570 ne
2254 531 2351 571 eas
2372 515 2448 568 ita
2476 515 2789 580 dirimeres,
2820 520 2879 569 ut
2907 511 3180 583 duplicem
3216 524 3502 580 personam

239 603 293 655 in
328 600 593 657 Ecclesia:
638 618 773 673 pace
814 605 891 672 (ὁ)
944 622 1264 676 supremum
1309 608 1450 663 diem
1505 611 1661 665 obiit.
1728 610 1830 665 Vix

236 697 384 751 etaim
419 704 678 751 mortuus
710 706 849 759 erat,
887 714 1011 751 cum
1054 714 1252 768 magna
1285 700 1589 769 cupiditate
1628 700 1681 755 in
1706 718 1831 757 eum

239 791 532 844 szeviretur
558 792 651 861 (c).
681 792 751 846 At
780 802 999 847 centum
1036 792 1255 848 demum
1280 796 1554 875 etyiginti
1591 796 1834 867 quinque

242 883 406 936 annis
438 891 588 951 post,
614 881 862 939 Ecclesia
892 886 1081 941 multis
1105 888 1239 941 rixis
1269 896 1322 941 et
1346 887 1525 943 turbis
1556 904 1831 958 conquas-

245 982 384 1031 sata.
413 972 540 1040 ejus
573 972 836 1026 memoria
864 973 1211 1029 anathemate
1246 973 1526 1045 obsignari
1560 976 1757 1044 potuit.

320 1060 400 1112 De
430 1061 655 1131 ingenio
687 1060 964 1117 Theodori
1001 1066 1189 1134 paucis
1225 1065 1529 1119 absolvam.
1577 1062 1695 1118 Non
1735 1077 1821 1118 ca.

242 1152 359 1206 ruit
399 1152 538 1207 illud
575 1153 823 1219 fervore,
872 1153 966 1210 sed
1003 1156 1079 1209 ita
1105 1197 1120 1220 ,
1161 1164 1220 1209 ut
1260 1157 1461 1210 mentis
1505 1155 1692 1211 omnia
1728 1156 1835 1210 rite

243 1244 614 1313 ponderantis
646 1247 1020 1317 tranquillitas
1048 1263 1265 1317 semper
1293 1246 1616 1318 praevaleret
1654 1247 1835 1301 illum-

240 1352 353 1405 que
406 1336 681 1393 fervorem
730 1347 1131 1407 compesceret.
1174 1337 1420 1409 Egregia:
1452 1338 1637 1393 multae
1663 1339 1833 1393 animi

240 1429 427 1491 dotes,
457 1444 650 1497 neque.
684 1436 867 1485 tamen
912 1431 1194 1501 singulare
1234 1429 1533 1499 ingenium,
1561 1427 1724 1499 quale
1751 1436 1836 1484 est

242 1522 716 1592 paucissimorum
756 1524 1059 1587 hominum,
1091 1539 1230 1592 quos
1275 1522 1461 1576 divino
1488 1521 1669 1575 afﬂatu
1702 1536 1835 1575 con-

243 1614 451 1667 ritatos
484 1613 716 1669 dixeris.
750 1614 942 1685 Magna
986 1614 1285 1677 industria,
1326 1628 1437 1667 non
1476 1620 1836 1667 contemnen-

242 1706 330 1759 da:
376 1707 713 1772 litterarum,
752 1707 808 1761 in
850 1707 1041 1776 primis
1066 1720 1349 1761 sacrarum
1384 1705 1556 1775 copia:
1586 1703 1687 1776 (d).
1727 1704 1835 1759 Sed

244 1797 619 1868 philosophiae
650 1799 941 1853 interiores
980 1812 1231 1853 recessus
1260 1796 1481 1851 videtur
1523 1811 1632 1851 non
1664 1811 1834 1867 pene-

1933 607 2178 664 alIerres.
2214 607 2539 662 Theodorus
2579 615 2760 662 autem
2802 607 2947 661 haud
2982 607 3102 660 scio
3146 619 3216 658 an
3251 618 3317 658 eo
3358 604 3505 673 quod

1933 700 2213 770 posterius
2258 699 2455 752 vitium
2498 699 2756 764 incurrit,
2803 698 3094 753 haereticos
3130 697 3257 750 illos
3308 695 3506 749 melius

1932 792 2094 845 etiam
2119 789 2400 845 ret‘ellerit.
2438 790 2625 846 Armis
2646 829 2662 854 ,
2707 806 2829 861 qua:
2858 790 3042 845 sobria
3074 796 3128 843 et
3160 786 3508 858 phiIOSOphia

1932 894 1988 940 et
2019 900 2110 940 ars
2143 884 2344 956 Script.
2390 901 2534 941 sacr.
2574 886 2970 957 interpretandi
3010 885 3117 940 sibi
3161 883 3513 953 suppeditas-

1937 986 2053 1041 set,
2091 978 2438 1034 adversarios
2484 978 2559 1033 ita
2588 978 2816 1033 adortus
2854 986 2972 1041 est,
3008 984 3068 1031 ut
3117 994 3225 1032 non
3250 976 3412 1031 facile
3442 977 3511 1029 iis

1935 1071 2114 1126 locum
2154 1071 2523 1141 relinqueret,
2562 1086 2671 1129 quo
2720 1072 2952 1125 evadere
2998 1076 3242 1138 possent.
3289 1067 3509 1122 Accidit

1935 1170 2115 1218 autem
2140 1162 2214 1225 ei,
2250 1171 2308 1217 ut
2340 1163 2609 1219 interdum
2642 1163 2846 1219 nimius
2873 1170 3020 1218 esset
3058 1162 3113 1216 in
3143 1159 3512 1217 asseveranilo

1935 1254 2347 1324 disputaretque
2382 1256 2632 1325 argutius
2671 1268 2834 1324 quam
2871 1254 3076 1309 verius.
3110 1251 3189 1307 lta
3228 1253 3284 1306 in
3320 1251 3516 1321 dispu-

1935 1343 2087 1397 tandi
2122 1342 2335 1399 fervore
2373 1345 2422 1399 ei
2477 1344 2731 1399 excidere
2778 1351 3107 1413 potuerunt,
3143 1357 3265 1413 quae
3303 1340 3513 1411 impro-

1938 1436 2093 1490 baret
2142 1436 2285 1508 ipse,
2320 1436 2408 1492 cui
2454 1437 2534 1493 rei
2578 1435 2869 1492 Facundus
2920 1435 2973 1490 in
3030 1433 3301 1489 Theodori
3334 1434 3519 1490 defeti-

1936 1528 2089 1582 sione
2118 1527 2263 1581 haud
2303 1544 2492 1596 parum
2533 1529 2743 1583 tribuit.
2781 1528 3087 1597 Disputavit
3126 1534 3330 1591 autem,
3362 1539 3516 1580 more

1940 1618 2158 1672 illorum
2188 1624 2523 1689 temporum,
2563 1619 2921 1673 acerbissime
2953 1618 3049 1689 (g).

2011 1708 2187 1763 Etiam
2213 1721 2403 1763 orator
2445 1725 2555 1763 non
2586 1708 2883 1766 indisertus
2914 1708 3087 1763 fuisse
3117 1706 3322 1762 dicitur
3347 1714 3513 1778 atque

1946 1816 2078 1856 sane
2102 1800 2364 1856 credibile
2389 1808 2496 1866 est,
2520 1799 2869 1855 Theodorum
2894 1816 2993 1870 pro
3017 1801 3211 1856 rostris
3243 1800 3417 1855 sacris
3446 1796 3515 1850 de

245 1897 455 1944 trasse.
494 1888 573 1945 Ne
609 1890 803 1945 multa.
853 1890 932 1945 Ab
980 1890 1106 1945 aliis
1146 1890 1369 1944 inventa
1415 1888 1564 1944 facili
1615 1890 1837 1959 negotio
1870 1862 1917 1922 Β
1946 1894 2111 1949 rebus
2138 1893 2465 1964 theologicis
2511 1910 2617 1948 non
2656 1894 2798 1948 male
2830 1862 3072 1956 dixisse,
3119 1908 3295 1961 neque
3328 1901 3515 1945 tamen

240 1994 348 2034 sua
382 1980 539 2047 fecit,
574 1982 782 2051 optime
814 1982 1117 2052 perspexit,
1152 1981 1506 2054 amplificavit
1533 1984 1702 2038 etiam
1742 1982 1837 2037 iis-

242 2089 355 2143 que
388 2073 607 2128 addidit
647 2089 810 2129 nova.

317 2165 477 2221 Talis
511 2181 637 2220 cum
669 2178 815 2222 esset
864 2183 974 2222 non
1030 2182 1228 2223 novam
1269 2167 1489 2238 quidem
1519 2166 1662 2222 viam
1695 2182 1837 2236 ape-

242 2261 382 2321 ruit,
417 2258 736 2314 liberiorem
765 2268 947 2315 tainen
980 2261 1183 2316 schola:
1209 2260 1565 2323 Anti‘ocbenze
1591 2260 1837 2330 discipli-

242 2363 415 2415 nam,
457 2364 583 2417 qua:
616 2349 737 2418 ejus
775 2351 996 2419 ingenio
1029 2352 1268 2407 maxime
1293 2360 1415 2407 erat
1441 2360 1839 2413 consentanea,

240 2448 301 2493 et
332 2437 459 2495 Scr.
488 2457 538 2496 s.
574 2441 850 2512 interpres
886 2442 957 2513 (e)
991 2450 1046 2497 et
1076 2442 1420 2514 dogmaticus
1452 2444 1528 2514 (f)
1557 2444 1757 2499 clarius
1787 2450 1843 2497 et

246 2532 583 2587 accuratius
615 2542 939 2602 persecutus
957 2542 1063 2589 est.

318 2626 471 2679 Tum
505 2626 743 2699 theologi
788 2628 1021 2682 multum
1058 2629 1323 2699 temporis
1358 2628 1412 2683 in
1447 2629 1842 2699 disputationi-

245 2716 356 2769 bus
383 2716 674 2785 polemicis
704 2718 1105 2773 consumebant
1127 2727 1294 2788 atque
1324 2719 1378 2772 in
1399 2717 1642 2774 Orientis
1671 2719 1844 2789 plagis

247 2809 450 2863 Ariani
487 2815 729 2866 maxime
758 2818 815 2865 et
853 2811 1262 2881 Apollinaristae
1291 2812 1618 2867 confutandi
1661 2822 1839 2868 erant.

244 2901 364 2956 Sed
418 2903 538 2973 ipsa
575 2902 830 2959 doctrina
882 2904 1262 2960 ecclesiastica
1308 2904 1377 2961 de
1415 2904 1638 2961 Christo
1681 2903 1841 2959 Οεαν-

246 2996 504 3067 θρὼπῳ,
537 3012 661 3069 quae
694 2998 1030 3053 vindicanda
1072 3006 1221 3063 erat,
1250 2997 1392 3056 duas
1426 2998 1713 3053 cautiones
1746 2999 1846 3052 ha-

249 3088 444 3153 bebat,
485 3105 678 3157 unam,
713 3105 785 3145 ne
818 3088 1023 3146 Christi
1074 3101 1307 3147 naturas
1338 3090 1734 3155 confunderes,
1767 3091 1848 3145 al-

247 3255 405 3300 rtum
443 3246 623 3302 habeo
638 3287 653 3311 ,

248 3318 512 3388 doctrina
551 3327 667 3372 tum
704 3320 890 3372 audita
927 3334 956 3371 a
986 3328 1135 3374 recte
1158 3319 1362 3388 pietate
1387 3318 1695 3388 deflexisse.

323 3388 403 3453 (α)
434 3386 513 3442 De
545 3388 877 3459 rationibus,
910 3404 1031 3458 quae
1065 3386 1355 3443 Theodoro
1387 3404 1514 3442 cum
1538 3386 1844 3459 Pelagianis

249 3458 723 3522 intercesserunt,
749 3458 893 3513 infra
915 3459 1231 3528 disputabo.

324 3529 403 3599 (ὁ)
432 3528 520 3599 Cf.
553 3546 605 3583 v.
633 3545 709 3592 c.,
746 3529 876 3583 Fac.
907 3546 966 3593 Il,
994 3531 1044 3592 1,
1076 3530 1131 3596 2;
1161 3547 1214 3587 κ.
1255 3529 1303 3584 ι.

326 3599 401 3667 tc)
425 3598 548 3651 Jam
580 3599 716 3654 Mar.
751 3598 918 3655 Merc.
950 3601 988 3654 l.
1020 3615 1094 3664 c.,
1117 3617 1171 3670 p.
1205 3600 1332 3661 709.
1362 3599 1734 3659 Theodorum.
1763 3600 1847 3654 in-

249 3670 396 3740 quit,
432 3686 630 3725 omnes
666 3670 780 3725 fere
809 3670 1079 3726 Catholici
1118 3673 1435 3726 lucreticuui
1482 3686 1607 3726 esse
1640 3685 1848 3741 cogno—

254 3750 444 3796 scunt.

326 3812 409 3883 ω)
435 3810 669 3883 Saloni.
708 3811 744 3862 Ι.
777 3811 839 3877 1.,
877 3813 939 3867 Θ.
976 3813 1118 3883 ἀνὴρ
1161 3814 1257 3866 καί
1297 3811 1405 3866 τῶν
1450 3810 1619 3883 ἱερῶν.
1648 3809 1850 3883 βίβλων

251 3882 350 3955 ζιιαί
394 3880 709 3955 ﬁgam;
741 3883 1001 3955 παιδείας
1041 3880 1374 3955 ῤ’ήτόρωνντε
1411 3880 1512 3935 καῖ
1546 3880 1851 3955 φιλοσόφων

251 3950 452 4072 signa;
483 3952 500 4006 i
519 3951 723 4014 ἱκανῶς
736 3950 782 4021 ?)
815 3950 1157 4024 ἐπιστήμων.
1179 3950 1352 4005 Paulo
1384 3960 1507 4022 post
1541 3951 1850 4021 πολυῖστωρ

297 4037 370 4072 ll'l
402 4036 488 4072 ur.

297 4031 488 4074 lt'llur.

330 4090 406 4160 (ε)
440 4092 517 4144 De
548 4090 843 4163 Theodoro
877 4092 1579 4163 interpretedisputarunt,
1620 4090 1852 4163 sedmi-

256 4158 365 4214 nus
388 4158 680 4225 accurate,
708 4160 870 4217 Rich.
917 4158 1106 4218 Simon

255 4247 405 4297 paux
428 4242 878 4287 connuentateurs
899 4234 971 4285 du
998 4235 1067 4287 Ν.
1098 4231 1158 4286 Τ.
1187 4231 1435 4287 Rotterd.
1467 4233 1625 4287 1695.

1141 4161 1324 4231 (Hist.
1361 4164 1489 4216 crit.
1532 4166 1622 4217 des
1656 4161 1855 4229 princi-

1661 4249 1714 4301 p.
1750 4232 1855 4286 445

1935 1986 2004 2041 ab
2031 1985 2101 2040 iis
2124 1985 2469 2039 ornamentis
2492 2000 2617 2039 eum
2646 1985 2978 2039 instructum
3008 1983 3181 2039 fuisse
3209 1982 3514 2054 probabile,

1932 2077 2132 2147 quibus
2165 2084 2354 2130 orator
2386 2091 2615 2147 magnus
2643 2085 2903 2131 censetur
2940 2076 3038 2145 (h).

2006 2170 2238 2226 Maxime
2287 2170 2526 2240 scriptor
2574 2171 2836 2225 excelluit
2870 2176 2925 2224 et
2959 2167 3133 2239 magis
3173 2167 3338 2222 etiam
3391 2166 3518 2220 lau-

1933 2262 2149 2318 dandus
2181 2270 2351 2324 esset,
2377 2262 2425 2316 si
2458 2260 2642 2315 minus
2671 2260 2937 2315 verbosus
2971 2266 3118 2315 esset
3147 2258 3378 2327 ejusque
3396 2270 3522 2308 ora-

1940 2357 2020 2411 tio
2052 2355 2234 2410 lenius
2264 2353 2480 2409 flueret.

2012 2448 2252 2504 Omnino
2296 2463 2427 2503 vero
2472 2447 2802 2503 Theodorus
2859 2444 2916 2500 in
2966 2442 3200 2498 summis
3256 2438 3522 2495 Ecclesiae

1947 2539 2151 2594 Graeca;
2181 2538 2509 2594 doctoribus
2536 2534 2910 2592 numerandus
2948 2540 3055 2588 est.
3098 2531 3324 2585 Multum
3354 2530 3525 2582 valuit

1941 2630 2071 2684 dum
2090 2630 2321 2692 viveret,
2347 2643 2473 2682 cum
2503 2642 2634 2683 vero
2650 2626 2794 2682 diem
2819 2625 3046 2680 obiisset
3074 2622 3335 2692 majorem
3355 2620 3521 2674 etiam

1951 2722 2061 2777 vim
2085 2724 2139 2776 in
2172 2720 2477 2776 Ecclesiam
2505 2719 2775 2775 exhibuit.
2808 2717 2947 2783 Quid
2984 2716 3149 2769 multa
3170 2714 3196 2767 ⁸1
3229 2712 3387 2766 Caret
3421 2708 3524 2763 Ec-

1951 2814 2116 2870 clesia
2163 2813 2349 2867 Grazca
2384 2811 2695 2883 Augustino
2738 2826 2872 2873 suo,
2920 2808 3015 2864 sed
3064 2805 3224 2878 pauci
3270 2803 3527 2858 doctores

1952 2904 2127 2960 Grazci
2160 2904 2453 2961 Theodoro
2484 2904 2664 2974 majus
2697 2910 3030 2958 momentum
3078 2900 3131 2952 in
3173 2911 3291 2953 eam
3322 2894 3528 2949 habue-

1954 2997 2085 3052 rint.

708 3248 853 3317 qnod
905 3248 1151 3311 additur,
1193 3247 1503 3303 Nestorium
1564 3246 1836 3302 Theodori
1867 3252 1909 3311 C
1945 3246 2179 3317 (Opusc.
2219 3242 2566 3317 theol.__Lips.
2614 3242 2781 3317 1792,
2816 3256 2869 3309 p.
2910 3236 3209 3317 ibo-sqq),
3248 3236 3297 3290 J.
3329 3234 3528 3316 Georg.

1946 3307 2325 3372 Rosenmuller
2339 3316 2355 3382 (
2365 3307 2603 3368 Historia
2628 3307 3075 3382 interpretationis
3089 3307 3275 3382 tibror.
3306 3322 3459 3382 sa§_r._
3476 3309 3531 3359 in

1944 3388 2186 3449 ecclesia,
2212 3384 2299 3439 lll.
2329 3374 2476 3453 Lips.
2506 3383 2663 3439 1807.
2688 3398 2741 3452 p.
2764 3374 2870 3436 950
2894 3380 3033 3453 sq.);
3056 3374 3533 3453 ﬂuenterllleber

1945 3459 2030 3512 die
2070 3446 2620 3511 AntiochenCSchule
2655 3446 2710 3506 in
2761 3446 3069 3505 Staeudlini
3096 3457 3151 3502 et
3180 3446 3532 3503 Tzschirnerl

1946 3528 2139 3581 Archiv
2178 3527 2264 3593 [ἂν
2295 3525 2401 3578 alte
2441 3526 2547 3577 und
2597 3538 2724 3593 neue
2756 3517 3249 3593 Kircltengescltgl.
3299 3516 3528 3593 l._

1950 3599 2108 3661 1815,
2139 3586 2191 3666 ρζ
2222 3598 2285 3666 17
2311 3594 2648 3666 sq.)etAng.
2673 3591 2846 3666 Maius
2879 3592 2913 3644 I.
2946 3586 3081 3666 ι.ζνι
3130 3586 3525 3666 (Rom:185_2).

1948 3685 2003 3738 p.
2035 3657 2104 3721 15
2134 3657 2520 3738 ἐειτγΝοιὶιέμιιρ
2544 3705 2559 3729 ,
2591 3657 2839 3738 qualine
2868 3661 3209 3738 pertineant.
3242 3657 3383 3738 intra
3414 3658 3531 3738 dis.-

1950 3726 2151 3815 seram.
2181 3726 2334 3815 'Ven.
2378 3726 2661 3815 Sielfertu‘s
2716 3726 3107 3815 (“milio-uati;
3241 3727 3535 3815 _T..:ohrie

1949 3807 2334 3875 interpretandi
2369 3805 2583 3875 vindex.
2605 3796 2937 3875 Regimonti,
2973 3799 3131 3875 1827,
3158 3797 3212 3862 8,
3240 3813 3293 3868 p.
3323 3797 3394 3852 40
3423 3796 3531 3867 sq.)

1950 3879 2018 3934 de
2046 3873 2313 3947 Theodori
2344 3874 2625 3947 typologia
2657 3874 2793 3947 bene
2813 3873 3083 3947 exposuit.
3374 3937 3383 3947 _

2029 3949 2133 4019 (Ι),
2169 3935 2441 4019 Theodori
2482 3935 2836 4019 _d‘nct_ri_namn
2874 3935 3079 4019 optime
3138 3937 3413 4019 enarravit

1953 4005 2226 4076 Neander.
2270 4015 2335 4070 Ὗ.
2382 4016 2438 4068 S.
2480 4013 2545 4067 ﬂ.
2588 4012 2750 4084 (Allg.
2794 4005 2980 4065 Gesch.
3036 4008 3129 4063 der
3168 4007 3390 4060 Christl.
3435 4005 3535 4060 Re-

1955 4089 2184 4159 ligion_u.
2202 4085 2462 4159 Kirchet.
2494 4085 2582 4159 ll).

2027 4158 2100 4229 (g)
2121 4156 2194 4211 Eo
2214 4157 2377 4212 etiam
2393 4143 2555 4229 haud
2569 4151 2840 4229 immerito
2868 4167 2898 4204 a
2928 4150 3154 4204 Leontio
3177 4148 3218 4229 l‘.
3235 4162 3311 4213 c.,
3331 4162 3384 4226 ι)ἶ
3406 4143 3534 4226 ϐὃβ,

1966 4220 2209 4291 ιιυῖέιυιο,
2262 4227 2405 4296 quod
2450 4225 2703 4280 acerbius
2748 4220 3254 4296 in‘commentariis
3302 4220 3420 4272 suis
3480 4220 3537 4269 in

257 4292 371 4367 ὲηά
406 4300 476 4354 Β.
516 4299 738 4356 Simons
767 4322 780 4356 :
813 4304 939 4357 krit.
972 4303 1243 4371 Schriften
1272 4304 1397 4355 iiber
1428 4305 1524 4356 das
1566 4301 1617 4355 Ν
1626 4345 1638 4357 .
1662 4292 1739 4357 ’Τ.
1786 4333 1857 4342 -
1959 4307 2183 4371 sanctos
2213 4292 2467 4371 doctores
2496 4297 2745 4350 invectus
2784 4292 2876 4371 sit.

256 4373 441 4442 (they.
485 4387 697 4442 von_—
725 4372 973 4442 Cramer.
1016 4375 1055 4437 Ι,
1083 4372 1236 4428 Halle
1267 4373 1426 4437 1776,
1457 4390 1508 4442 p.
1552 4375 1676 4435 466,
1715 4372 1819 4427 467
1839 4412 1854 4435 ,

2031 4370 2108 4439 (h)
2145 4368 2217 4421 De
2244 4367 2425 4422 indole
2454 4379 2737 4439 sacrorum
2787 4364 2935 4439 illius
2967 4361 3227 4439 temporis
3257 4368 3539 4439 oratorum

254 4440 303 4492 J.
342 4438 546 4514 Franc.
584 4440 841 4514 Bnddeus
867 4426 1055 4514 7(Isag:
1086 4426 1230 4496 llist.
1266 4426 1499 4514 theolIirn
1540 4426 1857 4514 theologiam
1960 4426 2409 4514 v._‘C:_UllnLann
2435 4476 2448 4498 ,
2494 4432 2760 4514 νέξ-ν.
2806 4426 3130 4514 (giegorius
3164 4448 3210 4485 υ.
3252 4426 3393 4481 Naa.
3444 4427 3539 4479 der

257 4513 591 4570 universam.
623 4511 775 4583 Lips.
826 4511 1075 4584 1750,'p.
1112 4513 1251 4569 MM
1290 4513 1505 4583 sq.);.l.
1533 4515 1600 4567 A.
1635 4511 1854 4569 Ernesti

1968 4510 2247 4579 Theologe.
2281 4508 2517 4563 Damnst.
2548 4506 2707 4569 1825,
2740 4521 2794 4575 p.
2830 4504 2932 4558 185
2955 4504 3078 4572 sq.)

1675 4675 3522 4702 *Μ

866 4859 1078 4920 PARS
1136 4858 1631 4921 POSTERIOR.
1666 4894 1743 4904 ——-
1783 4858 1900 4918 DE
1945 4855 2387 4919 THEODORI
2427 4851 2943 4933 SCRIPTIS(a).

332 5197 664 5253 Theodorus
701 5212 809 5251 non
849 5197 1069 5267 quidem
1112 5197 1236 5268 plus
1267 5196 1457 5252 decem
1494 5197 1684 5259 millia,
1721 5212 1846 5267 per-
1884 5213 1926 5267 ι)
1957 5210 2131 5265 pauca
2166 5202 2378 5251 tantum
2407 5209 2597 5255 eorum
2635 5194 2941 5264 fragmenta
2976 5193 3186 5261 reliqua
3224 5190 3365 5245 facta
3394 5198 3550 5256 sunt,

263 5297 471 5350 mnltos
499 5303 686 5347 tamen
720 5294 894 5347 libros
924 5292 1257 5361 conscripsit
1290 5290 1389 5363 (b).
1427 5290 1533 5345 Sed
1574 5290 1853 5344 Commen-

265 5388 404 5439 tario
429 5387 489 5439 in
515 5383 601 5438 XI
615 5383 635 5437 Ι
674 5384 955 5454 prophetas
983 5385 1213 5437 minores
1240 5390 1492 5453 excepto,
1531 5383 1687 5438 nobis
1707 5390 1857 5436 certe

336 5530 415 5600 (a)
441 5528 624 5600 Pauca
649 5533 858 5600 tantum
876 5525 944 5600 de
965 5525 1034 5579 iis
1048 5522 1295 5600 nonnulli
1322 5523 1624 5600 scriptores
1638 5530 1849 5600 veteres

268 5590 563 5655 occasione
592 5597 719 5651 data
760 5596 958 5651 litteris
997 5595 1418 5667 consignarunt.
1439 5590 1673 5647 ’Primus
1697 5590 1843 5661 quod

341 5758 596 5829 (ὁμοίω.
622 5773 711 5827 ap.
744 5755 870 5813 Fac.
897 5774 958 5820 ιι,
983 5756 1270 5829 ἓηοιιρίἀε
1295 5754 1645 5829 Theodorum
1668 5762 1857 5811 contra

272 5826 524 5889 Proclum
558 5826 958 5885 dci’Cndcns.-—-
990 5846 1007 5879 ι
1049 5826 1177 5883 Post
1218 5827 1405 5892 multa,
1446 5827 1645 5898 inquit,
1675 5834 1856 5886 ccrta-

1962 5286 2110 5358 quod
2136 5287 2189 5341 in
2223 5287 2392 5341 tantis
2418 5285 2596 5339 turbis
2620 5286 2687 5340 de
2718 5284 3007 5339 Theodoro
3039 5285 3127 5336 vix
3155 5289 3369 5335 mortuo
3396 5282 3546 5334 exitio

1963 5380 2095 5434 tatis
2124 5378 2324 5433 mirum
2366 5378 2539 5433 videri
2579 5393 2688 5432 non
2718 5386 2922 5450 potest.
2961 5376 3109 5430 Nihil
3151 5373 3372 5451 quidem
3414 5388 3541 5442 ege-

1959 5517 2132 5571 sciam
2170 5515 2439 5571 Ebediesu
2466 5559 2481 5580 ,
2520 5532 2607 5587 ep.
2652 5516 2936 5573 Sobensis.
2993 5511 3357 5587 Nestotianus
3396 5512 3469 5587 _(-j-
3493 5527 3543 5566 a.

1957 5588 2166 5655 1⁸518),
2223 5589 2280 5641 in
2327 5582 2594 5642 librorum
2625 5588 2871 5642 omnium
2908 5585 3219 5643 ecclesiast.
3270 5582 3548 5707 catailogul,’

3332 5671 3362 5707 e
3407 5694 3419 5705 .
3479 5668 3506 5705 a

3332 5668 3419 5707 ea.
3479 5668 3506 5705 3

1968 5754 2115 5816 mina
2160 5761 2213 5808 et
2260 5763 2382 5826 post
2420 5754 2807 5826 deccmrmiltia
2834 5753 3010 5826 libros
3038 5750 3291 5826 adversus
3325 5749 3547 5826 hwrescs

1969 5823 2294 5894 conscriptos
2318 5866 2331 5894 ,
2359 5856 2429 5867 ——
2458 5825 2801 5897 periclitatur
2844 5840 2964 5897 qua:
3000 5823 3377 5941 haereticorum
3418 5824 3547 5872 sunt

3197 5904 3290 5941 IllS
3320 5903 3481 5941 mere.
3522 5905 3543 5941 9

3197 5903 3481 5947 susunet'e.
3522 5905 3543 5941 9
