3994 6540
300 397 369 448 25
1049 399 1135 455 DE
1172 400 1523 459 THEODORI
1571 402 2048 461 MOPSUESTENI
2092 402 2252 459 VITA
2289 402 2378 458 ET
2408 401 2741 461 SCRIPTlS.
3453 406 3524 461 26

299 515 472 582 iisque
497 512 748 583 religiose
772 528 899 570 usos
926 527 1065 581 esse,
1106 532 1283 587 neque
1329 517 1518 572 dubito
1541 518 1673 588 quin
1706 519 1847 588 apud
1877 530 1927 583 Α
1953 526 2042 573 tur
2072 517 2213 573 infra
2244 518 2383 572 inter
2411 518 2618 574 Theod.
2665 517 2965 590 fragmenta
3005 517 3058 573 in
3098 515 3383 581 Joannem,
3416 532 3519 586 pu-

296 619 391 660 eos
439 619 550 658 non
572 605 746 658 solum
788 605 1071 661 innumera
1098 607 1367 662 Theodori
1401 607 1721 678 fragmenta,
1763 625 1855 663 ve-
1954 608 2245 675 blicijuris
2289 607 2490 662 factum
2533 617 2619 665 est
2670 609 2978 680 (Assemaui
3020 608 3160 664 Bibl.
3218 610 3315 665 0r.
3348 607 3434 677 lll,
3480 626 3520 675 ι,

294 710 416 750 rum
447 697 686 766 integros
727 698 886 752 etiam
930 699 1097 754 libros
1122 699 1363 755 invenire
1399 701 1596 770 possis,
1623 715 1853 769 quorum
1952 716 2008 770 p.
2044 699 2193 767 3‘23).

295 790 477 843 aditus
520 797 578 843 ut
616 790 773 846 nobis
815 794 1029 846 tandem
1059 792 1347 862 aliquando
1378 791 1533 846 detur
1561 792 1853 861 optandum

2023 788 2120 845 llis
2148 789 2463 859 praemissis,
2496 790 2565 846 de
2605 790 2835 862 singulis
2868 791 3109 861 scriptis,
3138 807 3259 862 qua:
3298 798 3519 862 propter

286 889 399 934 est.
427 879 509 934 Ad
538 881 642 936 hoc
667 883 810 936 enim
840 898 1010 953 usque
1034 891 1247 954 tempus
1273 898 1437 937 unum
1464 891 1690 947 tantum,
1713 883 1855 951 quod
1953 889 2325 949 argumentum
2366 878 2422 934 in
2452 881 2692 952 quinque
2734 897 2931 952 genera
2975 883 3243 953 dispescui
3262 922 3277 948 ,
3331 883 3518 937 dicen-

290 972 484 1038 sciam,
513 972 870 1044 fragmentum
903 973 1205 1047 Syriacum,
1230 974 1373 1045 quod
1406 971 1596 1029 Latine
1635 975 1858 1029 exhibe—
1956 974 2107 1029 dum.

1710 1359 1965 1423 CAPUT
2033 1358 2085 1421 Ι.

922 1564 1007 1610 DE
1046 1565 1294 1611 DUOBUS
1337 1564 1656 1610 τιιιιουοιιι
1698 1563 1852 1606 LIBRI

1952 1561 2316 1607 “\GUMBNTI
2356 1558 2865 1607 HEBMENEUTICL

356 1911 597 1979 Quaestio
625 1912 691 1968 de
722 1912 1010 1985 allegorica
1062 1913 1356 1983 Scriptum
1381 1926 1550 1968 sacra:
1584 1912 1847 1982 interpre.

279 2005 514 2066 tatioue,
544 2018 664 2073 qua:
701 2004 807 2071 iam
847 2011 1006 2058 antea
1047 2011 1192 2057 mota
1222 2011 1359 2069 erat,
1382 2000 1651 2057 Theodori
1684 2002 1845 2057 etiam

1947 1910 2255 1981 legoristas,
2283 1909 2571 1981 Origenem
2610 1911 2900 1981 praecipue,
2939 1908 3160 1967 refellit.
3204 1908 3347 1965 idem
3376 1909 3522 1965 enim

1948 2002 2090 2057 haud
2139 2003 2301 2058 dubie
2344 2002 2485 2059 liber
2520 2011 2625 2068 est,
2663 2018 2822 2074 quem
2862 2002 3128 2058 Ebediesu
3168 2002 3207 2057 l.
3251 2017 3301 2056 c.
3334 2017 3388 2072 p.
3430 2001 3522 2067 54,

277 2103 444 2148 atate
476 2102 529 2148 et
570 2093 899 2149 fructuosius
949 2094 1164 2164 quidem
1204 2095 1403 2164 agitata
1438 2102 1543 2149 est.
1580 2092 1843 2147 Nimirum
1876 2128 1921 2184 Β
1950 2096 2171 2164 quinque
2204 2102 2367 2148 tomos
2420 2094 2668 2148 adversus
2710 2094 3019 2165 allegoricos
3049 2098 3124 2162 (v.
3156 2093 3321 2147 etiam
3351 2106 3405 2161 p.
3432 2092 3521 2156 l9,

278 2200 407 2237 cum
468 2184 756 2255 allegorica
809 2186 1175 2255 interpretatio
1240 2186 1486 2255 pluribus
1536 2184 1849 2240 doctoribus

278 2277 613 2332 Christianis
640 2277 759 2332 ideo
785 2277 1019 2331 maxime
1047 2291 1107 2333 se
1135 2277 1438 2347 probasset,
1463 2276 1608 2346 quod
1643 2276 1718 2330 ita
1744 2274 1846 2329 du-

276 2369 388 2421 biis
416 2366 540 2422 Scr.
577 2367 633 2422 8.
678 2368 812 2423 locis
850 2368 1111 2423 honorem
1144 2368 1379 2438 adjicere
1410 2369 1617 2433 liceret,
1643 2368 1737 2438 qui
1772 2370 1850 2422 al-

278 2457 608 2527 legoriarum
648 2475 780 2515 usus
814 2460 991 2529 primo
1036 2461 1249 2516 cautius
1300 2461 1356 2514 in
1396 2461 1654 2515 auxilium
1686 2476 1851 2515 voca-

282 2545 463 2607 batur,
493 2549 697 2603 sensim
726 2564 790 2603 ac
834 2550 1092 2619 paulatim
1132 2551 1294 2604 latius
1322 2549 1642 2620 vagabatur,
1677 2564 1851 2619 usque

279 2637 411 2689 dum
447 2635 709 2707 Origenes
761 2640 1077 2710 allegoricas
1138 2640 1377 2695 rationes
1424 2640 1737 2696 accuratius
1782 2639 1849 2694 il-

281 2726 517 2783 lustrare
546 2737 852 2785 conaretur.
888 2730 1208 2799 Quanquam
1240 2745 1370 2786 vero
1394 2730 1502 2800 jam
1532 2736 1646 2785 tum
1681 2730 1850 2785 inter-

279 2817 409 2871 dum
459 2818 791 2874 intellectum
846 2829 952 2887 est,
994 2836 1158 2891 quam
1203 2820 1368 2875 dubia
1420 2829 1582 2890 atque
1637 2819 1850 2874 infirma

280 2910 423 2963 ratio
444 2908 772 2982 Origeniana
806 2920 971 2976 esset,
1000 2927 1176 2983 neque
1212 2910 1475 2982 Origenes
1505 2920 1685 2966 tamen
1718 2911 1851 2967 satis

280 3011 539 3054 accurate
578 2999 841 3056 refutatus
868 3009 972 3067 est,
1008 3003 1145 3056 nihil
1190 3002 1333 3056 enim
1378 3001 1490 3071 egit
1525 2999 1705 3071 Nepos
1750 3016 1851 3055 suo

292 3090 551 3158 Ἐλέγχφ
580 3091 1030 3162 ἀλληγοριστῶν
1060 3093 1151 3165 (cf.
1188 3092 1383 3149 Euseb.
1432 3092 1503 3148 Η.
1531 3109 1579 3147 e.
1613 3108 1707 3158 vn,
1733 3092 1846 3162 24),

279 3195 461 3248 neque
512 3181 707 3237 melius
753 3183 1131 3253 allegoriarum
1183 3184 1320 3239 ratio
1374 3183 1678 3239 enucleata.
1739 3181 1850 3237 lmo

282 3272 616 3341 posteriores
645 3271 833 3330 Patres
861 3273 1033 3330 Graeci
1052 3314 1068 3339 ,
1096 3277 1199 3332 etsi
1236 3292 1345 3331 non
1368 3291 1433 3330 ea
1459 3289 1564 3345 qua
1590 3273 1851 3345 Origenes

279 3363 504 3418 licentia
539 3364 594 3418 in
629 3365 750 3420 Scr.
800 3364 857 3420 8.
885 3367 1292 3438 grassabantur,
1329 3369 1385 3422 in
1413 3366 1724 3423 universum
1765 3377 1850 3424 ta-

1945 2184 2103 2248 dixit,
2137 2192 2192 2240 et
2220 2183 2347 2240 Fac.
2380 2200 2462 2251 ut,
2496 2183 2551 2249 6,
2586 2184 2779 2239 librum
2813 2184 2877 2239 de
2916 2184 3171 2254 allegoria
3206 2192 3255 2238 et
3300 2184 3523 2238 historia

1947 2288 2133 2332 contra
2155 2276 2440 2347 Origenem
2461 2277 2722 2346 scriptum
2746 2277 2820 2346 (v.
2847 2282 2922 2331 et.
2953 2291 2992 2339 ι,
3013 2274 3070 2338 2,
3090 2290 3163 2337 Iv,
3181 2274 3215 2327 4
3236 2291 3251 2339 ;
3276 2273 3519 2328 Liberat.

1949 2370 2125 2432 Brev.,
2160 2384 2209 2424 c.
2237 2369 2350 2437 at).
2383 2367 2537 2423 Patet
2576 2383 2645 2423 ex
2684 2367 2722 2422 l.
2754 2366 2885 2422 Fac.
2921 2382 3003 2430 ιιι,
3048 2365 3102 2428 6,
3140 2365 3233 2419 ubi
3275 2366 3435 2420 breve
3464 2364 3525 2417 li-

1948 2460 2032 2516 bri
2062 2460 2419 2529 fragmentum
2448 2460 2665 2530 legitur,
2687 2474 2810 2515 eum
2838 2467 2893 2514 et
2917 2460 2982 2512 ad
3005 2457 3302 2513 Cerdonem
3336 2471 3525 2525 quem-

1948 2549 2072 2604 dam
2093 2558 2149 2605 et
2181 2550 2458 2620 aliquanto
2487 2557 2611 2620 post
2657 2547 3154 2619 interpretationem
3186 2546 3524 2602 Psalmorum

1949 2646 2021 2709 (v.
2051 2639 2172 2711 inf.)
2200 2640 2463 2710 scriptum
2486 2655 2629 2703 esse,
2660 2641 2755 2695 sed
2783 2654 2945 2710 quam
2986 2639 3128 2692 viam
3172 2639 3224 2692 in
3253 2651 3317 2693 eo
3346 2635 3526 2692 Theo-

1947 2732 2115 2790 dorus
2145 2734 2425 2803 ingressus
2461 2732 2536 2788 sit
2578 2748 2688 2786 non
2719 2731 2906 2801 liquet.
2935 2729 3255 2799 Quanquam
3289 2743 3394 2782 nou
3423 2727 3524 2782 ob.

1948 2839 2171 2880 scurum
2193 2834 2297 2887 est,
2321 2839 2445 2878 eum
2477 2838 2599 2878 cum
2625 2823 2964 2895 allegoristas
2985 2821 3346 2892 impugnaret,
3370 2833 3524 2874 suam

1947 2915 2109 2971 etiam
2138 2914 2526 2984 interpretandi
2568 2914 2855 2969 formulam
2888 2913 3227 2981 exposuisse.
3264 2910 3525 2964 Diversus

1948 3011 2064 3059 erat
2089 3003 2310 3059 Diodori
2346 3004 2482 3060 liber
2517 3003 2618 3069 Τις
2646 3002 2898 3071 διαφορὰ
2931 3001 3173 3069 θεωρίας
3197 2999 3294 3053 καὶ
3333 2998 3525 3066 ἀλλη-

1946 3096 2149 3166 γορίας
2182 3094 2275 3165 (cf.
2324 3094 2480 3149 Suid.
2529 3110 2575 3149 s.
2607 3111 2661 3149 v.
2707 3093 2910 3163 Diod.),
2948 3092 3105 3162 cujus
3146 3096 3526 3162 argumentum

1949 3186 2052 3241 hoe
2090 3186 2301 3243 fuisse:
2335 3185 2578 3241 diversas
2618 3185 2761 3239 inter
2798 3200 2859 3239 se
2895 3199 3017 3239 esse
3050 3183 3383 3252 allegoriam,
3417 3194 3526 3249 qua

1949 3279 2211 3335 historica
2248 3278 2452 3333 veritas
2484 3287 2578 3331 aut
2614 3278 2834 3331 tollatur
2858 3284 2953 3329 aut
2989 3273 3102 3329 fere
3135 3273 3270 3327 nihil
3298 3273 3405 3327 nisi
3439 3272 3528 3325 in-

1948 3370 2227 3424 volucrum
2272 3370 2415 3423 alius
2463 3368 2624 3438 plane
2679 3367 2760 3422 rei
2816 3366 2908 3432 sit,
2963 3374 3017 3421 et
3064 3365 3352 3429 theoriam,
3394 3377 3524 3433 qua,

282 3469 405 3507 men
436 3453 724 3525 Origenem
753 3458 874 3527 plus
913 3458 1093 3513 minus
1138 3458 1309 3513 secuti
1351 3469 1497 3515 sunt.
1534 3460 1602 3513 At
1632 3467 1851 3514 contra-
1878 3455 1925 3517 C
1954 3461 2101 3515 salva
2133 3461 2361 3515 veritate
2399 3459 2676 3524 historica,
2706 3458 2945 3529 typicum
2992 3455 3156 3511 etiam
3202 3469 3422 3510 sensum
3469 3452 3527 3507 in

282 3542 421 3596 riam
472 3547 633 3615 plane
676 3550 938 3603 rationem
980 3548 1219 3603 inierunt
1261 3548 1454 3605 Patres
1497 3550 1712 3619 quidem
1742 3549 1853 3602 Anc

282 3634 544 3698 tiocheni,
575 3638 667 3706 qui
701 3640 1030 3708 exegeticam
1063 3638 1348 3695 formulam
1384 3656 1415 3694 a
1450 3640 1699 3696 Patribus
1728 3641 1855 3710 (An-

280 3723 577 3794 tiochenis)
607 3737 881 3798 acceptam
917 3729 1130 3785 ratione
1164 3740 1218 3785 et
1242 3730 1327 3784 via
1373 3730 1447 3784 ita
1475 3731 1847 3794 excoluerunt,

282 3823 345 3867 ut
380 3813 495 3882 jam
541 3817 611 3871 ab
649 3807 1186 3889 illis-interpretibus
1218 3820 1377 3890 plane
1415 3820 1702 3878 distarent.
1728 3822 1851 3875 Non

281 3905 411 3960 licet
462 3908 679 3975 quidem
720 3910 1027 3965 accuratius
1070 3925 1343 3977 enarrare,
1392 3927 1511 3983 quae
1546 3920 1848 3981 temporum

280 3997 520 4052 decursu
551 3999 848 4053 Antiochiae
876 4000 994 4056 Scr.
1025 4000 1083 4055 S.
1120 4001 1281 4055 fuerit
1311 4002 1703 4070 interpretatio,
1728 4018 1853 4072 pro-

282 4086 538 4143 babiliter
570 4100 750 4145 tamen
787 4092 1069 4161 conjicias,
1091 4108 1214 4147 cum
1241 4094 1450 4162 priores
1478 4094 1655 4163 ipsum
1680 4091 1747 4147 N.
1784 4092 1848 4148 Τ.

282 4181 457 4234 secuti
501 4181 819 4251 plerumque
856 4184 1172 4239 historicam
1227 4186 1640 4254 explicationem
1697 4184 1852 4240 iniis-

280 4282 423 4334 sent,
472 4287 576 4327 nec
624 4288 849 4341 prorsus
893 4283 1071 4330 tamen
1120 4276 1407 4347 allegorias
1453 4276 1849 4346 repudiassent,

281 4360 579 4417 Eusebium
612 4363 814 4428 Emes.,
842 4365 1135 4421 Diodorum
1171 4367 1324 4425 Tars.
1373 4375 1429 4422 et
1477 4369 1647 4439 magis
1687 4369 1850 4422 etiam

281 4451 631 4507 Theodorum
659 4456 932 4526 allegoriis
975 4459 1135 4527 plane
1189 4458 1405 4528 rejectis
1439 4458 1700 4513 historice
1728 4459 1851 4513 Scr.

284 4540 346 4597 8.
381 4548 721 4614 exposuisse.
753 4548 828 4601 Ita
869 4564 996 4604 vero
1032 4564 1100 4603 ne
1138 4549 1205 4604 de
1257 4551 1578 4605 auctoritate
1620 4549 1741 4605 Scr.
1790 4550 1848 4605 8.

282 4636 632 4691 detraherent
661 4655 722 4692 ac
752 4640 1011 4695 doctrina
1046 4641 1364 4697 Christianae
1404 4644 1659 4696 damnum
1694 4642 1851 4697 affer-

284 4732 430 4784 rent,
467 4726 531 4779 ad
567 4732 801 4798 typicam
858 4730 1246 4801 interpretandi
1288 4733 1550 4788 rationem
1597 4732 1853 4803 confuge-

283 4826 435 4877 runt,
467 4833 578 4872 non
612 4822 825 4890 quidem
857 4822 925 4876 ab
955 4838 1015 4877 se
1036 4823 1303 4878 inventam
1339 4824 1506 4891 illam,
1542 4826 1849 4879 accuratius
1881 4806 1924 4861 Ῐ)

286 4915 470 4962 tamen
496 4911 838 4979 explicatam.
864 4911 985 4967 Jam
1017 4929 1122 4968 non
1145 4914 1373 4968 arduum
1403 4924 1519 4969 erat
1551 4915 1855 4970 edisserere

287 5015 451 5069 quam
478 5008 629 5054 arcta
660 5010 806 5057 esset
832 5002 897 5058 ν.
936 5002 1001 5059 Τ.
1037 5020 1158 5059 cum
1209 5006 1372 5061 rebus
1409 5006 1731 5062 Christianis
1761 5022 1856 5061 ne-

289 5091 542 5146 cessitas.
579 5092 844 5147 Caeterum
880 5095 990 5162 jam
1019 5110 1085 5150 ex
1120 5097 1205 5151 his
1238 5098 1528 5168 intelligas,
1559 5098 1651 5167 qui
1681 5097 1855 5152 Theo-

236 5236 241 5237 ,
289 5180 458 5237 dorus
485 5198 609 5237 cum
638 5183 704 5238 de
736 5182 798 5237 V.
829 5183 891 5238 Τ.
925 5186 978 5239 in
1014 5187 1348 5251 universum,
1386 5197 1496 5241 tum
1530 5187 1597 5243 de
1617 5190 1849 5243 auctori-

289 5279 401 5325 tate
437 5275 817 5328 nonnullorum
865 5276 983 5343 eius
1032 5275 1291 5332 librorum
1335 5277 1609 5333 liberalius
1655 5279 1856 5334 sentire

290 5361 545 5429 potuerit,
574 5361 684 5416 imo
706 5362 969 5422 debuerit.

362 5448 684 5509 Theodorus
711 5453 973 5525 singulari
999 5469 1168 5526 eoque
1204 5455 1339 5512 satis
1383 5457 1563 5527 amplo
1585 5456 1727 5511 libro
1774 5458 1856 5511 al-

366 5654 439 5729 _(a)
467 5653 684 5729 Sac-rat.
725 5654 870 5729 HLe.
899 5673 975 5729 νι.
1017 5659 1050 5711 '5
1074 5657 1273 5729 :A‘Ftikt?)
1298 5657 1373 5729 τῷ
1410 5658 1693 5729 γράμματι
1745 5657 1854 5710 τῶν

295 5722 450 5798 eam
470 5726 754 5798 rspogéxwv
784 5727 1011 5797 Γραφῶν
1040 5727 1149 5798 ’τὰς
1186 5722 1634 5798 (lamellae-afaer
1666 5731 1856 5797 ὲκτρε-

295 5746 450 5779 υειων
470 5746 754 5798 προσεχων
784 5746 805 5777 ι
829 5746 1011 5797 ραφων
1051 5746 1149 5789 τας
1186 5746 1290 5781 υεω
1332 5746 1414 5791 ta;
1458 5746 1634 5782 αυτων
1666 5746 1856 5797 εκτρε-

282 5794 542 5888 δευόμενος.
577 5795 703 5851 Pari
733 5798 891 5853 modo
927 5798 994 5854 de
1036 5795 1267 5854 Diodoro
1294 5746 1508 5858 gazam.
1545 5797 1617 5854 Η.
1655 5814 1701 5853 ε.
1738 5812 1857 5863 γιιι,

1954 3552 2129 3606 verbis
2169 3552 2348 3607 inesse
2391 3560 2666 3621 emergat:
2708 3550 2762 3603 in
2790 3549 3106 3603 universum
3140 3545 3358 3616 quidem
3393 3543 3526 3598 mihi

1950 3656 2071 3695 cum
2103 3640 2239 3696 Caes.
2278 3657 2310 3695 a
2360 3639 2635 3713 Lengerke
2664 3642 2704 3695 1.
2736 3641 2800 3704 1.,
2831 3655 2888 3710 p.
2924 3640 3047 3705 145,
3076 3638 3197 3703 M6,
3240 3637 3526 3705 convenit,

1950 3733 2043 3787 sed
2063 3731 2207 3801 quod
2234 3732 2373 3787 idem
2394 3749 2446 3787 v.
2472 3733 2525 3787 d.
2543 3732 2749 3796 docuit,
2773 3731 3006 3803 Θεωρίαν
3026 3729 3528 3800 interpretationem

1950 3839 2073 3878 vere
2099 3823 2378 3894 mysticam
2410 3823 2671 3889 indicare,
2694 3839 2759 3878 eo
2791 3824 2883 3878 illa
2910 3823 3181 3878 sententia
3212 3822 3527 3891 neutiquam

1951 3914 2215 3968 firmatur.
2248 3912 2391 3969 Sane
2417 3929 2538 3968 voc.
2571 3913 2795 3985 θεωρία,
2824 3914 2891 3968 de
2921 3913 3079 3981 cujus
3119 3912 3327 3982 origine
3355 3926 3407 3964 ν.
3444 3909 3527 3965 ill.

1950 4002 2183 4057 Lobeck.
2232 4002 2487 4074 Aglaoplt.
2538 4001 2593 4068 l,
2649 4019 2705 4072 p.
2759 4003 2862 4068 14,
2909 4001 3175 4057 latissime
3226 4007 3372 4070 patet
3409 4006 3461 4053 et
3495 4014 3528 4051 a

1948 4093 2200 4148 Patribus
2232 4094 2299 4149 de
2324 4094 2769 4163 interpretatione
2800 4094 3111 4163 allegorica,
3140 4091 3353 4155 morali,
3387 4090 3531 4160 typi-
3596 4164 3599 4167 ν

1950 4202 2034 4251 ca,
2059 4186 2295 4257 denique
2310 4187 2539 4257 mystica
2563 4185 2804 4240 adhiberi
2826 4192 3036 4254 poterat
3054 4184 3128 4254 (v.
3152 4181 3522 4237 Suicer.Tlm.

1949 4277 2075 4332 εδει.
2111 4294 2157 4333 s.
2191 4293 2242 4332 v.
2278 4277 2518 4344 θεωρία,
2555 4283 2608 4330 et
2636 4274 2773 4330 Caes.
2806 4290 2837 4328 a
2876 4273 3150 4344 Lengerke
3192 4272 3230 4327 l.
3278 4273 3315 4326 l.
3340 4287 3392 4341 p.
3427 4270 3527 4324 H7

1950 4370 2080 4436 sq.),
2121 4366 2217 4422 sed
2247 4364 2481 4420 Diodoro
2525 4365 2677 4419 notio
2714 4364 2833 4434 ejus
2877 4364 3011 4419 satis
3056 4364 3277 4418 definita
3318 4371 3372 4417 et
3402 4360 3529 4416 dis-

1948 4460 2119 4512 tincta
2146 4472 2268 4512 csse
2290 4455 2538 4511 debebat.
2572 4454 2761 4525 Itaque
2792 4470 2897 4508 non
2927 4455 3114 4508 dubito
3141 4455 3271 4523 quin
3299 4452 3528 4523 θεωρίαν

1953 4549 2167 4604 nonnisi
2217 4550 2448 4617 typicam
2496 4546 3021 4616 interpretationem,
3052 4546 3250 4614 quippe
3296 4559 3416 4611 quae
3461 4558 3528 4596 ex

1954 4638 2305 4693 meditatione
2335 4651 2516 4690 rerum
2544 4635 2845 4689 caelestium
2877 4642 2931 4687 et
2963 4633 3276 4688 (nconomizc
3312 4629 3431 4686 Scr.
3466 4629 3525 4683 8.

1953 4736 2219 4788 manaret,
2245 4726 2522 4781 vocaverit
2555 4726 2653 4794 (a).
2686 4723 2742 4778 ιιι
2771 4740 2835 4778 eo
2864 4732 3043 4778 autem
3072 4722 3148 4776 illi
3181 4723 3303 4776 libri
3327 4720 3526 4775 diversi

1953 4828 2126 4883 erant,
2155 4820 2300 4890 quod
2329 4833 2454 4874 cum
2495 4818 2763 4872 Diodorus
2803 4815 3020 4870 nonnisi
3053 4814 3421 4868 diversitatem
3448 4812 3529 4864 in-

1953 4911 2351 4981 terpretationis
2410 4909 2604 4979 typicae
2671 4916 2726 4963 et
2786 4908 3087 4977 allegorica:
3147 4905 3526 4974 explanasset,

1952 5002 2270 5057 Theodorus
2317 5000 2446 5071 quid
2505 5001 2646 5054 inter
2697 4999 3012 5053 historicam
3075 5002 3129 5051 et
3181 4993 3526 5067 allegoricam

1952 5088 2366 5164 explicationem
2399 5092 2691 5147 interesset
2720 5090 2926 5145 docuit.

2024 5186 2197 5239 Etiam
2240 5185 2377 5239 liber
2405 5184 2483 5237 De
2522 5184 2745 5238 obscura
2780 5180 3038 5234 locutione
3066 5177 3159 5249 (cf.
3195 5174 3461 5230 Elzediesu
3486 5173 3525 5228 l.

1959 5277 2019 5338 l.,
2060 5293 2113 5345 p.
2146 5276 2233 5345 54)
2276 5274 2492 5329 videtur
2539 5270 2839 5343 argumenti
2886 5266 3272 5323 hermeneutici
3336 5263 3527 5329 fuisse,

1960 5368 2057 5423 sed
2106 5367 2262 5437 quale
2318 5366 2479 5421 fuerit
2536 5363 2875 5434 conjiciendo
2933 5359 3218 5416 enucleare
3267 5372 3375 5411 non
3430 5369 3530 5409 ιιιις

1932 5510 1935 5511 ν
1959 5459 2081 5515 dco.

1959 5657 2013 5710 2.
2078 5655 2181 5710 Sed
2229 5658 2281 5713 hi
2313 5673 2430 5714 voc.
2481 5655 2679 5728 θεωρία
2732 5652 3075 5727 allegoricum
3128 5665 3346 5709 sensum
3393 5646 3530 5705 indi-

1961 5736 2174 5783 carunt.
