  <div class='ocr_page' id='page_1' title='image "/cluster/home/n/w/nwhite01/storage/ocr_20150623/66/hvd.32044020183315/019.png"; bbox 0 0 3934 6506; ppageno 0'>
   <div class='ocr_carea' id='block_1_1' title="bbox 480 372 3749 437">
    <p class='ocr_par' dir='ltr' id='par_1_1' title="bbox 480 372 3749 437">
     <span class='ocr_line' id='line_1_1' title="bbox 480 372 3749 437; baseline -0 -5"><span class='ocrx_word' id='word_1_1' title='bbox 480 372 557 432; x_wconf 76' lang='grc'><strong>27</strong></span> <span class='ocrx_word' id='word_1_2' title='bbox 1355 378 1655 436; x_wconf 83' lang='lat' dir='ltr'><strong>OTTONIS</strong></span> <span class='ocrx_word' id='word_1_3' title='bbox 1691 379 1872 437; x_wconf 82' lang='lat' dir='ltr'><strong>FRID.</strong></span> <span class='ocrx_word' id='word_1_4' title='bbox 1910 376 2300 435; x_wconf 80' lang='lat' dir='ltr'><strong>FRITZSCHE</strong></span> <span class='ocrx_word' id='word_1_5' title='bbox 2336 377 2836 435; x_wconf 78' lang='lat' dir='ltr'><strong>COMMENTATIO</strong></span> <span class='ocrx_word' id='word_1_6' title='bbox 3678 377 3749 431; x_wconf 76' lang='lat'><strong>9.8</strong></span> 
     </span>
    </p>
   </div>
   <div class='ocr_carea' id='block_1_2' title="bbox 1913 679 2314 742">
    <p class='ocr_par' dir='ltr' id='par_1_2' title="bbox 1913 679 2314 742">
     <span class='ocr_line' id='line_1_2' title="bbox 1913 679 2314 742; baseline -0.002 0"><span class='ocrx_word' id='word_1_7' title='bbox 1913 679 2172 742; x_wconf 86' lang='lat' dir='ltr'><strong>CAPUT</strong></span> <span class='ocrx_word' id='word_1_8' title='bbox 2234 680 2314 741; x_wconf 85' lang='lat' dir='ltr'><strong>ll.</strong></span> 
     </span>
    </p>
   </div>
   <div class='ocr_carea' id='block_1_3' title="bbox 1307 844 2875 890">
    <p class='ocr_par' dir='ltr' id='par_1_3' title="bbox 1307 844 2875 890">
     <span class='ocr_line' id='line_1_3' title="bbox 1307 844 2875 890; baseline -0.002 -2"><span class='ocrx_word' id='word_1_9' title='bbox 1307 846 1389 888; x_wconf 81' lang='lat' dir='ltr'><strong>DE</strong></span> <span class='ocrx_word' id='word_1_10' title='bbox 1430 845 1757 889; x_wconf 75' lang='lat' dir='ltr'><strong>TIIEODORI</strong></span> <span class='ocrx_word' id='word_1_11' title='bbox 1800 845 1866 888; x_wconf 74' lang='lat' dir='ltr'><strong>IN</strong></span> <span class='ocrx_word' id='word_1_12' title='bbox 1910 844 2132 889; x_wconf 75' lang='lat' dir='ltr'><strong>LIBROS</strong></span> <span class='ocrx_word' id='word_1_13' title='bbox 2161 846 2226 890; x_wconf 75' lang='grc' dir='ltr'>ν.</span> <span class='ocrx_word' id='word_1_14' title='bbox 2264 845 2323 889; x_wconf 82' lang='grc' dir='ltr'>Τ.</span> <span class='ocrx_word' id='word_1_15' title='bbox 2372 845 2875 889; x_wconf 74' lang='lat' dir='ltr'><strong>COMMENTABIIS.</strong></span> 
     </span>
    </p>
   </div>
   <div class='ocr_carea' id='block_1_4' title="bbox 542 1126 3747 1217">
    <p class='ocr_par' dir='ltr' id='par_1_4' title="bbox 542 1126 3747 1217">
     <span class='ocr_line' id='line_1_4' title="bbox 542 1126 3747 1217; baseline -0.002 -14"><span class='ocrx_word' id='word_1_16' title='bbox 542 1146 603 1203; x_wconf 82' lang='lat' dir='ltr'><strong>In</strong></span> <span class='ocrx_word' id='word_1_17' title='bbox 626 1146 690 1202; x_wconf 72' lang='grc' dir='ltr'>ν.</span> <span class='ocrx_word' id='word_1_18' title='bbox 713 1146 778 1201; x_wconf 85' lang='grc' dir='ltr'>Τ.</span> <span class='ocrx_word' id='word_1_19' title='bbox 802 1146 1096 1203; x_wconf 76' lang='lat' dir='ltr'><strong>lectitando</strong></span> <span class='ocrx_word' id='word_1_20' title='bbox 1116 1153 1171 1202; x_wconf 91' lang='lat' dir='ltr'><strong>et</strong></span> <span class='ocrx_word' id='word_1_21' title='bbox 1196 1144 1607 1217; x_wconf 90' lang='lat' dir='ltr'><strong>interpretando</strong></span> <span class='ocrx_word' id='word_1_22' title='bbox 1637 1145 1863 1199; x_wconf 91' lang='lat' dir='ltr'><strong>multum</strong></span> <span class='ocrx_word' id='word_1_23' title='bbox 1883 1142 2058 1199; x_wconf 79' lang='lat' dir='ltr'><strong>Theo—</strong></span> <span class='ocrx_word' id='word_1_24' title='bbox 2083 1126 2129 1182; x_wconf 77' lang='grc' dir='ltr'><strong>Α</strong></span> <span class='ocrx_word' id='word_1_25' title='bbox 2151 1138 2243 1209; x_wconf 91' lang='lat' dir='ltr'><strong>jus</strong></span> <span class='ocrx_word' id='word_1_26' title='bbox 2287 1136 2551 1194; x_wconf 78' lang='lat' dir='ltr'><strong>Leontius</strong></span> <span class='ocrx_word' id='word_1_27' title='bbox 2604 1135 2641 1191; x_wconf 92' lang='lat' dir='ltr'><strong>l.</strong></span> <span class='ocrx_word' id='word_1_28' title='bbox 2681 1150 2758 1201; x_wconf 92' lang='lat' dir='ltr'><strong>c.,</strong></span> <span class='ocrx_word' id='word_1_29' title='bbox 2804 1150 2859 1206; x_wconf 94' lang='lat' dir='ltr'><strong>p.</strong></span> <span class='ocrx_word' id='word_1_30' title='bbox 2912 1134 3037 1201; x_wconf 89' lang='lat'><strong>686,</strong></span> <span class='ocrx_word' id='word_1_31' title='bbox 3088 1136 3355 1204; x_wconf 84' lang='lat' dir='ltr'><strong>meminit,</strong></span> <span class='ocrx_word' id='word_1_32' title='bbox 3390 1155 3410 1189; x_wconf 72' lang='grc' dir='ltr'><strong>ι</strong></span> <span class='ocrx_word' id='word_1_33' title='bbox 3445 1137 3610 1203; x_wconf 89' lang='lat' dir='ltr'><strong>hunc,</strong></span> <span class='ocrx_word' id='word_1_34' title='bbox 3655 1140 3747 1195; x_wconf 79' lang='lat' dir='ltr'><strong>in-</strong></span> 
     </span>
    </p>
   </div>
   <div class='ocr_carea' id='block_1_5' title="bbox 473 1238 2058 1310">
    <p class='ocr_par' dir='ltr' id='par_1_5' title="bbox 473 1238 2058 1310">
     <span class='ocr_line' id='line_1_5' title="bbox 473 1238 2058 1310; baseline -0.003 -15"><span class='ocrx_word' id='word_1_35' title='bbox 473 1242 644 1296; x_wconf 92' lang='lat' dir='ltr'><strong>dorus</strong></span> <span class='ocrx_word' id='word_1_36' title='bbox 696 1239 956 1310; x_wconf 86' lang='lat' dir='ltr'><strong>temporis</strong></span> <span class='ocrx_word' id='word_1_37' title='bbox 1008 1247 1063 1294; x_wconf 90' lang='lat' dir='ltr'><strong>et</strong></span> <span class='ocrx_word' id='word_1_38' title='bbox 1113 1238 1279 1295; x_wconf 92' lang='lat' dir='ltr'><strong>studii</strong></span> <span class='ocrx_word' id='word_1_39' title='bbox 1330 1238 1647 1303; x_wconf 83' lang='lat' dir='ltr'><strong>collocavit,</strong></span> <span class='ocrx_word' id='word_1_40' title='bbox 1678 1244 1734 1293; x_wconf 93' lang='lat' dir='ltr'><strong>et</strong></span> <span class='ocrx_word' id='word_1_41' title='bbox 1774 1252 1897 1291; x_wconf 92' lang='lat' dir='ltr'><strong>cum</strong></span> <span class='ocrx_word' id='word_1_42' title='bbox 1957 1251 2058 1291; x_wconf 88' lang='lat' dir='ltr'><strong>nec</strong></span> 
     </span>
    </p>
   </div>
   <div class='ocr_carea' id='block_1_6' title="bbox 470 1329 2056 1401">
    <p class='ocr_par' dir='ltr' id='par_1_6' title="bbox 470 1329 2056 1401">
     <span class='ocr_line' id='line_1_6' title="bbox 470 1329 2056 1401; baseline -0.001 -15"><span class='ocrx_word' id='word_1_43' title='bbox 470 1332 629 1387; x_wconf 88' lang='lat' dir='ltr'><strong>tardo</strong></span> <span class='ocrx_word' id='word_1_44' title='bbox 677 1347 778 1387; x_wconf 87' lang='lat' dir='ltr'><strong>nec</strong></span> <span class='ocrx_word' id='word_1_45' title='bbox 834 1331 1022 1385; x_wconf 89' lang='lat' dir='ltr'><strong>timido</strong></span> <span class='ocrx_word' id='word_1_46' title='bbox 1075 1330 1290 1401; x_wconf 91' lang='lat' dir='ltr'><strong>ingenio</strong></span> <span class='ocrx_word' id='word_1_47' title='bbox 1333 1339 1500 1396; x_wconf 85' lang='lat' dir='ltr'><strong>esset,</strong></span> <span class='ocrx_word' id='word_1_48' title='bbox 1535 1331 1691 1399; x_wconf 91' lang='lat' dir='ltr'><strong>plura</strong></span> <span class='ocrx_word' id='word_1_49' title='bbox 1724 1344 1863 1383; x_wconf 87' lang='lat' dir='ltr'><strong>nova</strong></span> <span class='ocrx_word' id='word_1_50' title='bbox 1898 1329 1965 1384; x_wconf 90' lang='lat' dir='ltr'><strong>de</strong></span> <span class='ocrx_word' id='word_1_51' title='bbox 1992 1344 2056 1384; x_wconf 89' lang='lat' dir='ltr'><strong>eo</strong></span> 
     </span>
    </p>
   </div>
   <div class='ocr_carea' id='block_1_7' title="bbox 470 1418 2055 1491">
    <p class='ocr_par' dir='ltr' id='par_1_7' title="bbox 470 1418 2055 1491">
     <span class='ocr_line' id='line_1_7' title="bbox 470 1418 2055 1491; baseline 0 -16"><span class='ocrx_word' id='word_1_52' title='bbox 470 1422 679 1477; x_wconf 84' lang='lat' dir='ltr'><strong>invenit</strong></span> <span class='ocrx_word' id='word_1_53' title='bbox 709 1429 764 1477; x_wconf 92' lang='lat' dir='ltr'><strong>et</strong></span> <span class='ocrx_word' id='word_1_54' title='bbox 790 1421 1031 1491; x_wconf 82' lang='lat' dir='ltr'><strong>protulit.</strong></span> <span class='ocrx_word' id='word_1_55' title='bbox 1062 1418 1201 1486; x_wconf 83' lang='lat' dir='ltr'><strong>Quid</strong></span> <span class='ocrx_word' id='word_1_56' title='bbox 1240 1419 1308 1475; x_wconf 91' lang='lat' dir='ltr'><strong>de</strong></span> <span class='ocrx_word' id='word_1_57' title='bbox 1335 1420 1565 1489; x_wconf 77' lang='lat' dir='ltr'><strong>singulis</strong></span> <span class='ocrx_word' id='word_1_58' title='bbox 1596 1419 1874 1474; x_wconf 90' lang='lat' dir='ltr'><strong>nonnullis</strong></span> <span class='ocrx_word' id='word_1_59' title='bbox 1899 1419 2055 1475; x_wconf 88' lang='lat' dir='ltr'><strong>libris</strong></span> 
     </span>
    </p>
   </div>
   <div class='ocr_carea' id='block_1_8' title="bbox 467 1508 2053 1577">
    <p class='ocr_par' dir='ltr' id='par_1_8' title="bbox 467 1508 2053 1577">
     <span class='ocr_line' id='line_1_8' title="bbox 467 1508 2053 1577; baseline -0.002 -9"><span class='ocrx_word' id='word_1_60' title='bbox 467 1514 745 1568; x_wconf 84' lang='lat' dir='ltr'><strong>censuerit</strong></span> <span class='ocrx_word' id='word_1_61' title='bbox 794 1512 937 1567; x_wconf 79' lang='lat' dir='ltr'><strong>infra</strong></span> <span class='ocrx_word' id='word_1_62' title='bbox 981 1511 1180 1577; x_wconf 87' lang='lat' dir='ltr'><strong>dicam,</strong></span> <span class='ocrx_word' id='word_1_63' title='bbox 1222 1510 1448 1565; x_wconf 90' lang='lat' dir='ltr'><strong>omnino</strong></span> <span class='ocrx_word' id='word_1_64' title='bbox 1485 1517 1667 1565; x_wconf 88' lang='lat' dir='ltr'><strong>autem</strong></span> <span class='ocrx_word' id='word_1_65' title='bbox 1688 1508 1754 1565; x_wconf 84' lang='lat' dir='ltr'><strong>V.</strong></span> <span class='ocrx_word' id='word_1_66' title='bbox 1786 1508 1850 1564; x_wconf 88' lang='grc' dir='ltr'><strong>Τ.</strong></span> <span class='ocrx_word' id='word_1_67' title='bbox 1884 1511 2053 1570; x_wconf 89' lang='lat' dir='ltr'><strong>libros</strong></span> 
     </span>
    </p>
   </div>
   <div class='ocr_carea' id='block_1_9' title="bbox 468 1600 2051 1671">
    <p class='ocr_par' dir='ltr' id='par_1_9' title="bbox 468 1600 2051 1671">
     <span class='ocr_line' id='line_1_9' title="bbox 468 1600 2051 1671; baseline -0.001 -16"><span class='ocrx_word' id='word_1_68' title='bbox 468 1603 522 1656; x_wconf 88' lang='lat' dir='ltr'><strong>in</strong></span> <span class='ocrx_word' id='word_1_69' title='bbox 555 1603 867 1668; x_wconf 89' lang='lat' dir='ltr'><strong>historicos,</strong></span> <span class='ocrx_word' id='word_1_70' title='bbox 892 1600 1237 1671; x_wconf 91' lang='lat' dir='ltr'><strong>propheticos</strong></span> <span class='ocrx_word' id='word_1_71' title='bbox 1263 1607 1317 1656; x_wconf 88' lang='lat' dir='ltr'><strong>et</strong></span> <span class='ocrx_word' id='word_1_72' title='bbox 1352 1600 1445 1670; x_wconf 90' lang='lat' dir='ltr'><strong>qui</strong></span> <span class='ocrx_word' id='word_1_73' title='bbox 1473 1614 1572 1671; x_wconf 91' lang='lat' dir='ltr'><strong>pro</strong></span> <span class='ocrx_word' id='word_1_74' title='bbox 1594 1600 1844 1656; x_wconf 85' lang='lat' dir='ltr'><strong>doctrina</strong></span> <span class='ocrx_word' id='word_1_75' title='bbox 1870 1600 2051 1655; x_wconf 88' lang='lat' dir='ltr'><strong>homi-</strong></span> 
     </span>
    </p>
   </div>
   <div class='ocr_carea' id='block_1_10' title="bbox 466 1692 2057 1764">
    <p class='ocr_par' dir='ltr' id='par_1_10' title="bbox 466 1692 2057 1764">
     <span class='ocr_line' id='line_1_10' title="bbox 466 1692 2057 1764; baseline -0.001 -17"><span class='ocrx_word' id='word_1_76' title='bbox 466 1710 597 1747; x_wconf 86' lang='lat' dir='ltr'><strong>num</strong></span> <span class='ocrx_word' id='word_1_77' title='bbox 629 1694 818 1763; x_wconf 89' lang='lat' dir='ltr'><strong>scripti</strong></span> <span class='ocrx_word' id='word_1_78' title='bbox 845 1692 1029 1749; x_wconf 82' lang='lat' dir='ltr'><strong>essent</strong></span> <span class='ocrx_word' id='word_1_79' title='bbox 1059 1692 1360 1748; x_wconf 84' lang='lat' dir='ltr'><strong>distribuit.</strong></span> <span class='ocrx_word' id='word_1_80' title='bbox 1393 1692 1476 1747; x_wconf 83' lang='lat' dir='ltr'><strong>Ad</strong></span> <span class='ocrx_word' id='word_1_81' title='bbox 1502 1692 1625 1756; x_wconf 91' lang='lat' dir='ltr'><strong>hos,</strong></span> <span class='ocrx_word' id='word_1_82' title='bbox 1657 1708 1891 1764; x_wconf 90' lang='lat' dir='ltr'><strong>quorum</strong></span> <span class='ocrx_word' id='word_1_83' title='bbox 1921 1693 2057 1748; x_wconf 78' lang='lat' dir='ltr'><strong>scri-</strong></span> 
     </span>
    </p>
   </div>
   <div class='ocr_carea' id='block_1_11' title="bbox 465 1785 2051 1856">
    <p class='ocr_par' dir='ltr' id='par_1_11' title="bbox 465 1785 2051 1856">
     <span class='ocr_line' id='line_1_11' title="bbox 465 1785 2051 1856; baseline 0.003 -18"><span class='ocrx_word' id='word_1_84' title='bbox 465 1796 649 1855; x_wconf 85' lang='lat' dir='ltr'><strong>ptores</strong></span> <span class='ocrx_word' id='word_1_85' title='bbox 681 1786 1002 1856; x_wconf 60' lang='lat' dir='ltr'><strong>prudentiae,</strong></span> <span class='ocrx_word' id='word_1_86' title='bbox 1046 1800 1152 1840; x_wconf 88' lang='lat' dir='ltr'><strong>non</strong></span> <span class='ocrx_word' id='word_1_87' title='bbox 1189 1785 1485 1855; x_wconf 69' lang='lat' dir='ltr'><strong>prophetiae</strong></span> <span class='ocrx_word' id='word_1_88' title='bbox 1523 1785 1752 1855; x_wconf 77' lang='lat' dir='ltr'><strong>gratiam</strong></span> <span class='ocrx_word' id='word_1_89' title='bbox 1805 1786 2051 1855; x_wconf 85' lang='lat' dir='ltr'><strong>accepis-</strong></span> 
     </span>
    </p>
   </div>
   <div class='ocr_carea' id='block_1_12' title="bbox 462 1870 2050 1938">
    <p class='ocr_par' dir='ltr' id='par_1_12' title="bbox 462 1870 2050 1938">
     <span class='ocr_line' id='line_1_12' title="bbox 462 1870 2050 1938; baseline 0.004 -14"><span class='ocrx_word' id='word_1_90' title='bbox 462 1878 605 1933; x_wconf 86' lang='lat' dir='ltr'><strong>sent,</strong></span> <span class='ocrx_word' id='word_1_91' title='bbox 661 1872 846 1925; x_wconf 89' lang='lat' dir='ltr'><strong>retulit</strong></span> <span class='ocrx_word' id='word_1_92' title='bbox 908 1870 1222 1935; x_wconf 78' lang='lat' dir='ltr'><strong>Proverbia,</strong></span> <span class='ocrx_word' id='word_1_93' title='bbox 1273 1871 1682 1938; x_wconf 87' lang='lat' dir='ltr'><strong>Ecclesiasten,</strong></span> <span class='ocrx_word' id='word_1_94' title='bbox 1739 1873 2050 1931; x_wconf 86' lang='lat' dir='ltr'><strong>Salomonis</strong></span> 
     </span>
    </p>
   </div>
   <div class='ocr_carea' id='block_1_13' title="bbox 461 1959 2047 2033">
    <p class='ocr_par' dir='ltr' id='par_1_13' title="bbox 461 1959 2047 2033">
     <span class='ocr_line' id='line_1_13' title="bbox 461 1959 2047 2033; baseline 0.004 -18"><span class='ocrx_word' id='word_1_95' title='bbox 461 1959 655 2028; x_wconf 86' lang='lat' dir='ltr'><strong>libros,</strong></span> <span class='ocrx_word' id='word_1_96' title='bbox 689 1970 743 2017; x_wconf 92' lang='lat' dir='ltr'><strong>et</strong></span> <span class='ocrx_word' id='word_1_97' title='bbox 774 1960 971 2018; x_wconf 82' lang='lat' dir='ltr'><strong>Jobum</strong></span> <span class='ocrx_word' id='word_1_98' title='bbox 1003 1962 1096 2032; x_wconf 83' lang='lat' dir='ltr'><strong>(cf.</strong></span> <span class='ocrx_word' id='word_1_99' title='bbox 1125 1965 1245 2021; x_wconf 87' lang='lat' dir='ltr'><strong>Act.</strong></span> <span class='ocrx_word' id='word_1_100' title='bbox 1277 1978 1329 2020; x_wconf 91' lang='lat' dir='ltr'><strong>c.</strong></span> <span class='ocrx_word' id='word_1_101' title='bbox 1367 1964 1557 2021; x_wconf 83' lang='lat' dir='ltr'><strong>Const.</strong></span> <span class='ocrx_word' id='word_1_102' title='bbox 1587 1981 1647 2029; x_wconf 89' lang='grc' dir='ltr'>ιι,</span> <span class='ocrx_word' id='word_1_103' title='bbox 1677 1981 1752 2029; x_wconf 83' lang='lat' dir='ltr'><strong>tv,</strong></span> <span class='ocrx_word' id='word_1_104' title='bbox 1785 1964 1872 2030; x_wconf 97' lang='lat'><strong>68,</strong></span> <span class='ocrx_word' id='word_1_105' title='bbox 1902 1966 1939 2021; x_wconf 94' lang='lat' dir='ltr'><strong>l.</strong></span> <span class='ocrx_word' id='word_1_106' title='bbox 1969 1982 2047 2033; x_wconf 90' lang='lat' dir='ltr'><strong>c.,</strong></span> 
     </span>
    </p>
   </div>
   <div class='ocr_carea' id='block_1_14' title="bbox 462 2052 2048 2127">
    <p class='ocr_par' dir='ltr' id='par_1_14' title="bbox 462 2052 2048 2127">
     <span class='ocr_line' id='line_1_14' title="bbox 462 2052 2048 2127; baseline 0.004 -20"><span class='ocrx_word' id='word_1_107' title='bbox 462 2066 519 2121; x_wconf 89' lang='lat' dir='ltr'><strong>p.</strong></span> <span class='ocrx_word' id='word_1_108' title='bbox 560 2052 647 2117; x_wconf 73' lang='lat'><strong>86,</strong></span> <span class='ocrx_word' id='word_1_109' title='bbox 673 2052 762 2117; x_wconf 90' lang='lat'><strong>68,</strong></span> <span class='ocrx_word' id='word_1_110' title='bbox 794 2068 848 2123; x_wconf 77' lang='grc' dir='ltr'>ρ.</span> <span class='ocrx_word' id='word_1_111' title='bbox 886 2053 998 2125; x_wconf 90' lang='grc'><strong>88).</strong></span> <span class='ocrx_word' id='word_1_112' title='bbox 1037 2053 1142 2110; x_wconf 88' lang='lat' dir='ltr'><strong>Sed</strong></span> <span class='ocrx_word' id='word_1_113' title='bbox 1184 2054 1470 2111; x_wconf 86' lang='lat' dir='ltr'><strong>Canticum</strong></span> <span class='ocrx_word' id='word_1_114' title='bbox 1512 2056 1854 2112; x_wconf 88' lang='lat' dir='ltr'><strong>canticorum</strong></span> <span class='ocrx_word' id='word_1_115' title='bbox 1890 2059 2048 2127; x_wconf 87' lang='lat' dir='ltr'><strong>plane</strong></span> 
     </span>
    </p>
   </div>
   <div class='ocr_carea' id='block_1_15' title="bbox 460 2144 2049 2219">
    <p class='ocr_par' dir='ltr' id='par_1_15' title="bbox 460 2144 2049 2219">
     <span class='ocr_line' id='line_1_15' title="bbox 460 2144 2049 2219; baseline 0.006 -23"><span class='ocrx_word' id='word_1_116' title='bbox 460 2144 727 2213; x_wconf 79' lang='lat' dir='ltr'><strong>despexit,</strong></span> <span class='ocrx_word' id='word_1_117' title='bbox 772 2154 828 2199; x_wconf 92' lang='lat' dir='ltr'><strong>et</strong></span> <span class='ocrx_word' id='word_1_118' title='bbox 877 2145 1016 2200; x_wconf 92' lang='lat' dir='ltr'><strong>duos</strong></span> <span class='ocrx_word' id='word_1_119' title='bbox 1058 2145 1226 2202; x_wconf 90' lang='lat' dir='ltr'><strong>libros</strong></span> <span class='ocrx_word' id='word_1_120' title='bbox 1259 2144 1712 2218; x_wconf 86' lang='lat' dir='ltr'><strong>Paralipomenon</strong></span> <span class='ocrx_word' id='word_1_121' title='bbox 1744 2156 1907 2219; x_wconf 87' lang='lat' dir='ltr'><strong>atque</strong></span> <span class='ocrx_word' id='word_1_122' title='bbox 1950 2149 2049 2205; x_wconf 90' lang='lat' dir='ltr'><strong>Es-</strong></span> 
     </span>
    </p>
   </div>
   <div class='ocr_carea' id='block_1_16' title="bbox 458 2236 2047 2309">
    <p class='ocr_par' dir='ltr' id='par_1_16' title="bbox 458 2236 2047 2309">
     <span class='ocr_line' id='line_1_16' title="bbox 458 2236 2047 2309; baseline 0.006 -22"><span class='ocrx_word' id='word_1_123' title='bbox 458 2236 610 2288; x_wconf 83' lang='lat' dir='ltr'><strong>dram</strong></span> <span class='ocrx_word' id='word_1_124' title='bbox 642 2237 968 2306; x_wconf 83' lang='lat' dir='ltr'><strong>repudiavit.</strong></span> <span class='ocrx_word' id='word_1_125' title='bbox 1012 2237 1097 2292; x_wconf 84' lang='lat' dir='ltr'><strong>Cf.</strong></span> <span class='ocrx_word' id='word_1_126' title='bbox 1141 2237 1332 2295; x_wconf 88' lang='lat' dir='ltr'><strong>Leont.</strong></span> <span class='ocrx_word' id='word_1_127' title='bbox 1386 2240 1421 2294; x_wconf 89' lang='grc' dir='ltr'>ι.</span> <span class='ocrx_word' id='word_1_128' title='bbox 1453 2254 1530 2302; x_wconf 91' lang='lat' dir='ltr'><strong>c.,</strong></span> <span class='ocrx_word' id='word_1_129' title='bbox 1560 2255 1614 2309; x_wconf 94' lang='lat' dir='ltr'><strong>p.</strong></span> <span class='ocrx_word' id='word_1_130' title='bbox 1651 2240 1774 2295; x_wconf 89' lang='lat'><strong>687.</strong></span> <span class='ocrx_word' id='word_1_131' title='bbox 1812 2240 1918 2297; x_wconf 90' lang='lat' dir='ltr'><strong>Eos</strong></span> <span class='ocrx_word' id='word_1_132' title='bbox 1947 2257 2047 2297; x_wconf 86' lang='lat' dir='ltr'><strong>au-</strong></span> 
     </span>
    </p>
   </div>
   <div class='ocr_carea' id='block_1_17' title="bbox 457 2328 2047 2399">
    <p class='ocr_par' dir='ltr' id='par_1_17' title="bbox 457 2328 2047 2399">
     <span class='ocr_line' id='line_1_17' title="bbox 457 2328 2047 2399; baseline 0.005 -18"><span class='ocrx_word' id='word_1_133' title='bbox 457 2336 565 2382; x_wconf 89' lang='lat' dir='ltr'><strong>tem</strong></span> <span class='ocrx_word' id='word_1_134' title='bbox 608 2328 796 2391; x_wconf 90' lang='lat' dir='ltr'><strong>libros,</strong></span> <span class='ocrx_word' id='word_1_135' title='bbox 837 2330 1038 2399; x_wconf 89' lang='lat' dir='ltr'><strong>quibus</strong></span> <span class='ocrx_word' id='word_1_136' title='bbox 1074 2330 1339 2386; x_wconf 86' lang='lat' dir='ltr'><strong>minorem</strong></span> <span class='ocrx_word' id='word_1_137' title='bbox 1382 2340 1476 2384; x_wconf 90' lang='lat' dir='ltr'><strong>aut</strong></span> <span class='ocrx_word' id='word_1_138' title='bbox 1514 2334 1715 2385; x_wconf 85' lang='lat' dir='ltr'><strong>nullam</strong></span> <span class='ocrx_word' id='word_1_139' title='bbox 1752 2334 1914 2387; x_wconf 87' lang='lat' dir='ltr'><strong>etiam</strong></span> <span class='ocrx_word' id='word_1_140' title='bbox 1949 2350 2047 2389; x_wconf 91' lang='lat' dir='ltr'><strong>au-</strong></span> 
     </span>
    </p>
   </div>
   <div class='ocr_carea' id='block_1_18' title="bbox 455 2420 2043 2495">
    <p class='ocr_par' dir='ltr' id='par_1_18' title="bbox 455 2420 2043 2495">
     <span class='ocr_line' id='line_1_18' title="bbox 455 2420 2043 2495; baseline 0.006 -22"><span class='ocrx_word' id='word_1_141' title='bbox 455 2420 764 2475; x_wconf 88' lang='lat' dir='ltr'><strong>ctoritatem</strong></span> <span class='ocrx_word' id='word_1_142' title='bbox 811 2424 1029 2486; x_wconf 87' lang='lat' dir='ltr'><strong>statuit,</strong></span> <span class='ocrx_word' id='word_1_143' title='bbox 1070 2423 1228 2477; x_wconf 87' lang='lat' dir='ltr'><strong>aliter</strong></span> <span class='ocrx_word' id='word_1_144' title='bbox 1269 2437 1334 2477; x_wconf 88' lang='lat' dir='ltr'><strong>ac</strong></span> <span class='ocrx_word' id='word_1_145' title='bbox 1380 2424 1620 2492; x_wconf 90' lang='lat' dir='ltr'><strong>reliquos</strong></span> <span class='ocrx_word' id='word_1_146' title='bbox 1654 2424 2043 2495; x_wconf 87' lang='lat' dir='ltr'><strong>interpretatus</strong></span> 
     </span>
    </p>
   </div>
   <div class='ocr_carea' id='block_1_19' title="bbox 453 2511 2040 2586">
    <p class='ocr_par' dir='ltr' id='par_1_19' title="bbox 453 2511 2040 2586">
     <span class='ocr_line' id='line_1_19' title="bbox 453 2511 2040 2586; baseline 0.004 -21"><span class='ocrx_word' id='word_1_147' title='bbox 453 2522 558 2568; x_wconf 88' lang='lat' dir='ltr'><strong>est.</strong></span> <span class='ocrx_word' id='word_1_148' title='bbox 616 2511 822 2567; x_wconf 89' lang='lat' dir='ltr'><strong>llorum</strong></span> <span class='ocrx_word' id='word_1_149' title='bbox 868 2513 1014 2567; x_wconf 91' lang='lat' dir='ltr'><strong>enim</strong></span> <span class='ocrx_word' id='word_1_150' title='bbox 1048 2512 1231 2569; x_wconf 81' lang='lat' dir='ltr'><strong>verbis</strong></span> <span class='ocrx_word' id='word_1_151' title='bbox 1280 2528 1403 2568; x_wconf 91' lang='lat' dir='ltr'><strong>cum</strong></span> <span class='ocrx_word' id='word_1_152' title='bbox 1451 2519 1614 2569; x_wconf 89' lang='lat' dir='ltr'><strong>etlam</strong></span> <span class='ocrx_word' id='word_1_153' title='bbox 1667 2524 1832 2586; x_wconf 91' lang='lat' dir='ltr'><strong>atque</strong></span> <span class='ocrx_word' id='word_1_154' title='bbox 1876 2518 2040 2572; x_wconf 91' lang='lat' dir='ltr'><strong>etiam</strong></span> 
     </span>
    </p>
   </div>
   <div class='ocr_carea' id='block_1_20' title="bbox 454 2601 2043 2675">
    <p class='ocr_par' dir='ltr' id='par_1_20' title="bbox 454 2601 2043 2675">
     <span class='ocr_line' id='line_1_20' title="bbox 454 2601 2043 2675; baseline 0.004 -21"><span class='ocrx_word' id='word_1_155' title='bbox 454 2601 762 2668; x_wconf 66' lang='lat' dir='ltr'><strong>inhaereret,</strong></span> <span class='ocrx_word' id='word_1_156' title='bbox 799 2604 1013 2658; x_wconf 87' lang='lat' dir='ltr'><strong>illorum</strong></span> <span class='ocrx_word' id='word_1_157' title='bbox 1057 2619 1120 2659; x_wconf 91' lang='lat' dir='ltr'><strong>ea</strong></span> <span class='ocrx_word' id='word_1_158' title='bbox 1167 2619 1289 2675; x_wconf 69' lang='lat' dir='ltr'><strong>qua:</strong></span> <span class='ocrx_word' id='word_1_159' title='bbox 1320 2604 1503 2660; x_wconf 91' lang='lat' dir='ltr'><strong>minus</strong></span> <span class='ocrx_word' id='word_1_160' title='bbox 1535 2605 1637 2659; x_wconf 90' lang='lat' dir='ltr'><strong>sibi</strong></span> <span class='ocrx_word' id='word_1_161' title='bbox 1668 2606 1936 2675; x_wconf 89' lang='lat' dir='ltr'><strong>quadrare</strong></span> <span class='ocrx_word' id='word_1_162' title='bbox 1964 2608 2043 2661; x_wconf 84' lang='lat' dir='ltr'><strong>vi-</strong></span> 
     </span>
    </p>
   </div>
   <div class='ocr_carea' id='block_1_21' title="bbox 452 2693 2043 2766">
    <p class='ocr_par' dir='ltr' id='par_1_21' title="bbox 452 2693 2043 2766">
     <span class='ocr_line' id='line_1_21' title="bbox 452 2693 2043 2766; baseline 0.005 -20"><span class='ocrx_word' id='word_1_163' title='bbox 452 2693 722 2747; x_wconf 88' lang='lat' dir='ltr'><strong>debantur</strong></span> <span class='ocrx_word' id='word_1_164' title='bbox 749 2694 1114 2750; x_wconf 85' lang='lat' dir='ltr'><strong>audacissime</strong></span> <span class='ocrx_word' id='word_1_165' title='bbox 1161 2694 1529 2765; x_wconf 89' lang='lat' dir='ltr'><strong>reprehendit.</strong></span> <span class='ocrx_word' id='word_1_166' title='bbox 1566 2695 1685 2766; x_wconf 88' lang='lat' dir='ltr'><strong>Ipsa</strong></span> <span class='ocrx_word' id='word_1_167' title='bbox 1730 2705 1910 2753; x_wconf 92' lang='lat' dir='ltr'><strong>autem</strong></span> <span class='ocrx_word' id='word_1_168' title='bbox 1958 2699 2043 2753; x_wconf 86' lang='lat' dir='ltr'><strong>in-</strong></span> 
     </span>
    </p>
   </div>
   <div class='ocr_carea' id='block_1_22' title="bbox 454 2788 2039 2861">
    <p class='ocr_par' dir='ltr' id='par_1_22' title="bbox 454 2788 2039 2861">
     <span class='ocr_line' id='line_1_22' title="bbox 454 2788 2039 2861; baseline 0.004 -21"><span class='ocrx_word' id='word_1_169' title='bbox 454 2789 767 2857; x_wconf 91' lang='lat' dir='ltr'><strong>terpretatio</strong></span> <span class='ocrx_word' id='word_1_170' title='bbox 800 2788 1072 2843; x_wconf 88' lang='lat' dir='ltr'><strong>interdum</strong></span> <span class='ocrx_word' id='word_1_171' title='bbox 1106 2789 1325 2860; x_wconf 91' lang='lat' dir='ltr'><strong>quidem</strong></span> <span class='ocrx_word' id='word_1_172' title='bbox 1360 2790 1497 2845; x_wconf 88' lang='lat' dir='ltr'><strong>bene</strong></span> <span class='ocrx_word' id='word_1_173' title='bbox 1540 2800 1855 2861; x_wconf 87' lang='lat' dir='ltr'><strong>comparata</strong></span> <span class='ocrx_word' id='word_1_174' title='bbox 1898 2802 2039 2855; x_wconf 88' lang='lat' dir='ltr'><strong>erat,</strong></span> 
     </span>
    </p>
   </div>
   <div class='ocr_carea' id='block_1_23' title="bbox 452 2881 2044 2955">
    <p class='ocr_par' dir='ltr' id='par_1_23' title="bbox 452 2881 2044 2955">
     <span class='ocr_line' id='line_1_23' title="bbox 452 2881 2044 2955; baseline 0.004 -21"><span class='ocrx_word' id='word_1_175' title='bbox 452 2896 593 2935; x_wconf 86' lang='lat' dir='ltr'><strong>nova</strong></span> <span class='ocrx_word' id='word_1_176' title='bbox 641 2881 823 2947; x_wconf 89' lang='lat' dir='ltr'><strong>etiam,</strong></span> <span class='ocrx_word' id='word_1_177' title='bbox 871 2881 966 2937; x_wconf 91' lang='lat' dir='ltr'><strong>sed</strong></span> <span class='ocrx_word' id='word_1_178' title='bbox 1000 2891 1058 2937; x_wconf 93' lang='lat' dir='ltr'><strong>ut</strong></span> <span class='ocrx_word' id='word_1_179' title='bbox 1087 2883 1279 2953; x_wconf 88' lang='lat' dir='ltr'><strong>reliqui</strong></span> <span class='ocrx_word' id='word_1_180' title='bbox 1333 2885 1658 2955; x_wconf 86' lang='lat' dir='ltr'><strong>interpretes</strong></span> <span class='ocrx_word' id='word_1_181' title='bbox 1707 2882 1883 2941; x_wconf 58' lang='grc' dir='ltr'><strong>ϐιωρί</strong></span> <span class='ocrx_word' id='word_1_182' title='bbox 1939 2886 2044 2941; x_wconf 83' lang='lat' dir='ltr'><strong>Ec-</strong></span> 
     </span>
    </p>
   </div>
   <div class='ocr_carea' id='block_1_24' title="bbox 452 2973 2039 3040">
    <p class='ocr_par' dir='ltr' id='par_1_24' title="bbox 452 2973 2039 3040">
     <span class='ocr_line' id='line_1_24' title="bbox 452 2973 2039 3040; baseline 0.007 -14"><span class='ocrx_word' id='word_1_183' title='bbox 452 2973 635 3028; x_wconf 83' lang='lat' dir='ltr'><strong>clesiae</strong></span> <span class='ocrx_word' id='word_1_184' title='bbox 672 2975 891 3040; x_wconf 83' lang='lat' dir='ltr'><strong>veteris,</strong></span> <span class='ocrx_word' id='word_1_185' title='bbox 917 2975 991 3029; x_wconf 92' lang='lat' dir='ltr'><strong>ita</strong></span> <span class='ocrx_word' id='word_1_186' title='bbox 1029 2974 1348 3032; x_wconf 87' lang='lat' dir='ltr'><strong>Theodorus</strong></span> <span class='ocrx_word' id='word_1_187' title='bbox 1396 2978 1561 3032; x_wconf 89' lang='lat' dir='ltr'><strong>etiam</strong></span> <span class='ocrx_word' id='word_1_188' title='bbox 1601 2978 1936 3035; x_wconf 86' lang='lat' dir='ltr'><strong>intellectum</strong></span> <span class='ocrx_word' id='word_1_189' title='bbox 1972 2979 2039 3037; x_wconf 86' lang='lat' dir='ltr'><strong>V.</strong></span> 
     </span>
    </p>
   </div>
   <div class='ocr_carea' id='block_1_25' title="bbox 451 3063 2043 3141">
    <p class='ocr_par' dir='ltr' id='par_1_25' title="bbox 451 3063 2043 3141">
     <span class='ocr_line' id='line_1_25' title="bbox 451 3063 2043 3141; baseline 0.005 -24"><span class='ocrx_word' id='word_1_190' title='bbox 451 3063 514 3119; x_wconf 80' lang='grc' dir='ltr'><strong>Τ.</strong></span> <span class='ocrx_word' id='word_1_191' title='bbox 550 3080 657 3118; x_wconf 88' lang='lat' dir='ltr'><strong>non</strong></span> <span class='ocrx_word' id='word_1_192' title='bbox 691 3066 919 3119; x_wconf 89' lang='lat' dir='ltr'><strong>multum</strong></span> <span class='ocrx_word' id='word_1_193' title='bbox 950 3066 1180 3135; x_wconf 85' lang='lat' dir='ltr'><strong>adjuvit,</strong></span> <span class='ocrx_word' id='word_1_194' title='bbox 1214 3082 1340 3121; x_wconf 90' lang='lat' dir='ltr'><strong>cum</strong></span> <span class='ocrx_word' id='word_1_195' title='bbox 1372 3067 1571 3139; x_wconf 66' lang='lat' dir='ltr'><strong>linguae</strong></span> <span class='ocrx_word' id='word_1_196' title='bbox 1598 3068 1857 3130; x_wconf 67' lang='lat' dir='ltr'><strong>,Hebrazze</strong></span> <span class='ocrx_word' id='word_1_197' title='bbox 1888 3071 2043 3141; x_wconf 65' lang='lat' dir='ltr'><strong>ignao</strong></span> 
     </span>
    </p>
   </div>
   <div class='ocr_carea' id='block_1_26' title="bbox 450 3156 2039 3231">
    <p class='ocr_par' dir='ltr' id='par_1_26' title="bbox 450 3156 2039 3231">
     <span class='ocr_line' id='line_1_26' title="bbox 450 3156 2039 3231; baseline 0.004 -20"><span class='ocrx_word' id='word_1_198' title='bbox 450 3172 569 3220; x_wconf 89' lang='lat' dir='ltr'><strong>rus,</strong></span> <span class='ocrx_word' id='word_1_199' title='bbox 621 3157 791 3211; x_wconf 89' lang='lat' dir='ltr'><strong>solam</strong></span> <span class='ocrx_word' id='word_1_200' title='bbox 844 3156 987 3211; x_wconf 77' lang='lat' dir='ltr'><strong>LXX</strong></span> <span class='ocrx_word' id='word_1_201' title='bbox 1028 3158 1550 3229; x_wconf 88' lang='lat' dir='ltr'><strong>interpretationem,</strong></span> <span class='ocrx_word' id='word_1_202' title='bbox 1604 3176 1767 3231; x_wconf 91' lang='lat' dir='ltr'><strong>quam</strong></span> <span class='ocrx_word' id='word_1_203' title='bbox 1820 3163 2039 3217; x_wconf 78' lang='lat' dir='ltr'><strong>maximi</strong></span> 
     </span>
    </p>
   </div>
   <div class='ocr_carea' id='block_1_27' title="bbox 450 3249 2041 3321">
    <p class='ocr_par' dir='ltr' id='par_1_27' title="bbox 450 3249 2041 3321">
     <span class='ocr_line' id='line_1_27' title="bbox 450 3249 2041 3321; baseline 0.005 -18"><span class='ocrx_word' id='word_1_204' title='bbox 450 3249 707 3313; x_wconf 77' lang='lat' dir='ltr'><strong>faciebat,</strong></span> <span class='ocrx_word' id='word_1_205' title='bbox 758 3251 1090 3319; x_wconf 84' lang='lat' dir='ltr'><strong>comparatis</strong></span> <span class='ocrx_word' id='word_1_206' title='bbox 1155 3250 1381 3321; x_wconf 87' lang='lat' dir='ltr'><strong>reliquis</strong></span> <span class='ocrx_word' id='word_1_207' title='bbox 1432 3250 1638 3309; x_wconf 58' lang='lat' dir='ltr'><strong>Grecis</strong></span> <span class='ocrx_word' id='word_1_208' title='bbox 1699 3253 2041 3311; x_wconf 89' lang='lat' dir='ltr'><strong>versionibus</strong></span> 
     </span>
    </p>
   </div>
   <div class='ocr_carea' id='block_1_28' title="bbox 448 3341 2042 3412">
    <p class='ocr_par' dir='ltr' id='par_1_28' title="bbox 448 3341 2042 3412">
     <span class='ocr_line' id='line_1_28' title="bbox 448 3341 2042 3412; baseline 0.004 -16"><span class='ocrx_word' id='word_1_209' title='bbox 448 3341 835 3411; x_wconf 89' lang='lat' dir='ltr'><strong>nonnullisque</strong></span> <span class='ocrx_word' id='word_1_210' title='bbox 870 3342 1256 3412; x_wconf 84' lang='lat' dir='ltr'><strong>interpretibus</strong></span> <span class='ocrx_word' id='word_1_211' title='bbox 1296 3342 1616 3399; x_wconf 89' lang='lat' dir='ltr'><strong>illustraret.</strong></span> <span class='ocrx_word' id='word_1_212' title='bbox 1654 3344 1884 3400; x_wconf 90' lang='lat' dir='ltr'><strong>Tantam</strong></span> <span class='ocrx_word' id='word_1_213' title='bbox 1911 3362 2042 3402; x_wconf 88' lang='lat' dir='ltr'><strong>vero</strong></span> 
     </span>
    </p>
   </div>
   <div class='ocr_carea' id='block_1_29' title="bbox 451 3431 2040 3509">
    <p class='ocr_par' dir='ltr' id='par_1_29' title="bbox 451 3431 2040 3509">
     <span class='ocr_line' id='line_1_29' title="bbox 451 3431 2040 3509; baseline 0.008 -26"><span class='ocrx_word' id='word_1_214' title='bbox 451 3432 754 3486; x_wconf 88' lang='lat' dir='ltr'><strong>molestiam</strong></span> <span class='ocrx_word' id='word_1_215' title='bbox 782 3431 903 3501; x_wconf 88' lang='lat' dir='ltr'><strong>ejus</strong></span> <span class='ocrx_word' id='word_1_216' title='bbox 928 3432 1111 3504; x_wconf 85' lang='lat' dir='ltr'><strong>lingua</strong></span> <span class='ocrx_word' id='word_1_217' title='bbox 1136 3440 1189 3488; x_wconf 91' lang='lat' dir='ltr'><strong>et</strong></span> <span class='ocrx_word' id='word_1_218' title='bbox 1222 3433 1432 3490; x_wconf 87' lang='lat' dir='ltr'><strong>indoles</strong></span> <span class='ocrx_word' id='word_1_219' title='bbox 1465 3436 1514 3490; x_wconf 91' lang='lat' dir='ltr'><strong>ei</strong></span> <span class='ocrx_word' id='word_1_220' title='bbox 1545 3439 1770 3502; x_wconf 87' lang='lat' dir='ltr'><strong>creavit,</strong></span> <span class='ocrx_word' id='word_1_221' title='bbox 1807 3447 1864 3493; x_wconf 90' lang='lat' dir='ltr'><strong>ut</strong></span> <span class='ocrx_word' id='word_1_222' title='bbox 1894 3441 2040 3509; x_wconf 91' lang='lat' dir='ltr'><strong>quod</strong></span> 
     </span>
    </p>
   </div>
   <div class='ocr_carea' id='block_1_30' title="bbox 452 3522 2037 3601">
    <p class='ocr_par' dir='ltr' id='par_1_30' title="bbox 452 3522 2037 3601">
     <span class='ocr_line' id='line_1_30' title="bbox 452 3522 2037 3601; baseline 0.004 -24"><span class='ocrx_word' id='word_1_223' title='bbox 452 3524 622 3578; x_wconf 88' lang='lat' dir='ltr'><strong>multa</strong></span> <span class='ocrx_word' id='word_1_224' title='bbox 683 3525 927 3593; x_wconf 83' lang='lat' dir='ltr'><strong>peccavit</strong></span> <span class='ocrx_word' id='word_1_225' title='bbox 978 3522 1327 3580; x_wconf 80' lang='lat' dir='ltr'><strong>excusandus</strong></span> <span class='ocrx_word' id='word_1_226' title='bbox 1386 3526 1567 3596; x_wconf 85' lang='lat' dir='ltr'><strong>potius</strong></span> <span class='ocrx_word' id='word_1_227' title='bbox 1604 3543 1767 3598; x_wconf 90' lang='lat' dir='ltr'><strong>quam</strong></span> <span class='ocrx_word' id='word_1_228' title='bbox 1821 3530 2037 3601; x_wconf 64' lang='lat' dir='ltr'><strong>vitupe-</strong></span> 
     </span>
    </p>
   </div>
   <div class='ocr_carea' id='block_1_31' title="bbox 450 3613 2039 3679">
    <p class='ocr_par' dir='ltr' id='par_1_31' title="bbox 450 3613 2039 3679">
     <span class='ocr_line' id='line_1_31' title="bbox 450 3613 2039 3679; baseline 0.006 -10"><span class='ocrx_word' id='word_1_229' title='bbox 450 3615 653 3669; x_wconf 89' lang='lat' dir='ltr'><strong>raudus</strong></span> <span class='ocrx_word' id='word_1_230' title='bbox 706 3614 794 3669; x_wconf 92' lang='lat' dir='ltr'><strong>sit.</strong></span> <span class='ocrx_word' id='word_1_231' title='bbox 854 3613 1027 3669; x_wconf 88' lang='lat' dir='ltr'><strong>Habet</strong></span> <span class='ocrx_word' id='word_1_232' title='bbox 1076 3622 1257 3671; x_wconf 88' lang='lat' dir='ltr'><strong>tamen</strong></span> <span class='ocrx_word' id='word_1_233' title='bbox 1303 3632 1434 3672; x_wconf 90' lang='lat' dir='ltr'><strong>suas</strong></span> <span class='ocrx_word' id='word_1_234' title='bbox 1474 3620 1726 3676; x_wconf 79' lang='lat' dir='ltr'><strong>virtutes.</strong></span> <span class='ocrx_word' id='word_1_235' title='bbox 1773 3621 2039 3679; x_wconf 71' lang='lat' dir='ltr'><strong>Caeterum</strong></span> 
     </span>
    </p>
   </div>
   <div class='ocr_carea' id='block_1_32' title="bbox 447 3706 2035 3783">
    <p class='ocr_par' dir='ltr' id='par_1_32' title="bbox 447 3706 2035 3783">
     <span class='ocr_line' id='line_1_32' title="bbox 447 3706 2035 3783; baseline 0.004 -22"><span class='ocrx_word' id='word_1_236' title='bbox 447 3707 694 3777; x_wconf 88' lang='lat' dir='ltr'><strong>singulos</strong></span> <span class='ocrx_word' id='word_1_237' title='bbox 715 3716 845 3761; x_wconf 86' lang='lat' dir='ltr'><strong>suos</strong></span> <span class='ocrx_word' id='word_1_238' title='bbox 867 3706 1310 3773; x_wconf 90' lang='lat' dir='ltr'><strong>commentarios,</strong></span> <span class='ocrx_word' id='word_1_239' title='bbox 1328 3722 1467 3778; x_wconf 88' lang='lat' dir='ltr'><strong>quos</strong></span> <span class='ocrx_word' id='word_1_240' title='bbox 1491 3709 1645 3765; x_wconf 90' lang='lat' dir='ltr'><strong>libris</strong></span> <span class='ocrx_word' id='word_1_241' title='bbox 1664 3709 1912 3767; x_wconf 80' lang='lat' dir='ltr'><strong>distinxit</strong></span> <span class='ocrx_word' id='word_1_242' title='bbox 1935 3712 2035 3783; x_wconf 92' lang='lat' dir='ltr'><strong>(a),</strong></span> 
     </span>
    </p>
   </div>
   <div class='ocr_carea' id='block_1_33' title="bbox 2159 1226 3743 1301">
    <p class='ocr_par' dir='ltr' id='par_1_33' title="bbox 2159 1226 3743 1301">
     <span class='ocr_line' id='line_1_33' title="bbox 2159 1226 3743 1301; baseline -0.001 -15"><span class='ocrx_word' id='word_1_243' title='bbox 2159 1231 2374 1301; x_wconf 90' lang='lat' dir='ltr'><strong>quiens,</strong></span> <span class='ocrx_word' id='word_1_244' title='bbox 2407 1230 2559 1283; x_wconf 91' lang='lat' dir='ltr'><strong>aiunt</strong></span> <span class='ocrx_word' id='word_1_245' title='bbox 2590 1243 2701 1283; x_wconf 92' lang='lat' dir='ltr'><strong>non</strong></span> <span class='ocrx_word' id='word_1_246' title='bbox 2728 1227 2961 1298; x_wconf 89' lang='lat' dir='ltr'><strong>amplius</strong></span> <span class='ocrx_word' id='word_1_247' title='bbox 2990 1241 3152 1297; x_wconf 92' lang='lat' dir='ltr'><strong>quam</strong></span> <span class='ocrx_word' id='word_1_248' title='bbox 3189 1226 3374 1283; x_wconf 89' lang='lat' dir='ltr'><strong>decem</strong></span> <span class='ocrx_word' id='word_1_249' title='bbox 3405 1239 3457 1285; x_wconf 93' lang='lat' dir='ltr'><strong>et</strong></span> <span class='ocrx_word' id='word_1_250' title='bbox 3484 1238 3609 1285; x_wconf 89' lang='lat' dir='ltr'><strong>octo</strong></span> <span class='ocrx_word' id='word_1_251' title='bbox 3640 1243 3743 1285; x_wconf 84' lang='lat' dir='ltr'><strong>an-</strong></span> 
     </span>
    </p>
   </div>
   <div class='ocr_carea' id='block_1_34' title="bbox 2158 1316 3743 1389">
    <p class='ocr_par' dir='ltr' id='par_1_34' title="bbox 2158 1316 3743 1389">
     <span class='ocr_line' id='line_1_34' title="bbox 2158 1316 3743 1389; baseline -0.001 -12"><span class='ocrx_word' id='word_1_252' title='bbox 2158 1336 2261 1377; x_wconf 88' lang='lat' dir='ltr'><strong>nos</strong></span> <span class='ocrx_word' id='word_1_253' title='bbox 2299 1331 2487 1375; x_wconf 90' lang='lat' dir='ltr'><strong>natum</strong></span> <span class='ocrx_word' id='word_1_254' title='bbox 2522 1319 2575 1374; x_wconf 90' lang='lat' dir='ltr'><strong>in</strong></span> <span class='ocrx_word' id='word_1_255' title='bbox 2612 1316 2927 1389; x_wconf 90' lang='lat' dir='ltr'><strong>Scripturas</strong></span> <span class='ocrx_word' id='word_1_256' title='bbox 2987 1317 3378 1374; x_wconf 89' lang='lat' dir='ltr'><strong>debacchatum</strong></span> <span class='ocrx_word' id='word_1_257' title='bbox 3415 1336 3537 1376; x_wconf 85' lang='lat' dir='ltr'><strong>esse</strong></span> <span class='ocrx_word' id='word_1_258' title='bbox 3573 1340 3587 1376; x_wconf 90' lang='lat'><strong>:</strong></span> <span class='ocrx_word' id='word_1_259' title='bbox 3632 1337 3743 1376; x_wconf 86' lang='lat' dir='ltr'><strong>non</strong></span> 
     </span>
    </p>
   </div>
   <div class='ocr_carea' id='block_1_35' title="bbox 2156 1410 3746 1483">
    <p class='ocr_par' dir='ltr' id='par_1_35' title="bbox 2156 1410 3746 1483">
     <span class='ocr_line' id='line_1_35' title="bbox 2156 1410 3746 1483; baseline -0.001 -13"><span class='ocrx_word' id='word_1_260' title='bbox 2156 1414 2302 1470; x_wconf 87' lang='lat' dir='ltr'><strong>enim</strong></span> <span class='ocrx_word' id='word_1_261' title='bbox 2339 1414 2445 1469; x_wconf 91' lang='lat' dir='ltr'><strong>nisi</strong></span> <span class='ocrx_word' id='word_1_262' title='bbox 2473 1411 2926 1469; x_wconf 88' lang='lat' dir='ltr'><strong>debacchationes</strong></span> <span class='ocrx_word' id='word_1_263' title='bbox 2970 1410 3372 1480; x_wconf 86' lang='lat' dir='ltr'><strong>Scripturarum</strong></span> <span class='ocrx_word' id='word_1_264' title='bbox 3418 1413 3746 1483; x_wconf 84' lang='lat' dir='ltr'><strong>interpreta-</strong></span> 
     </span>
    </p>
   </div>
   <div class='ocr_carea' id='block_1_36' title="bbox 2155 1503 3738 1576">
    <p class='ocr_par' dir='ltr' id='par_1_36' title="bbox 2155 1503 3738 1576">
     <span class='ocr_line' id='line_1_36' title="bbox 2155 1503 3738 1576; baseline 0.001 -15"><span class='ocrx_word' id='word_1_265' title='bbox 2155 1509 2352 1573; x_wconf 88' lang='lat' dir='ltr'><strong>tiones,</strong></span> <span class='ocrx_word' id='word_1_266' title='bbox 2376 1520 2515 1576; x_wconf 91' lang='lat' dir='ltr'><strong>quas</strong></span> <span class='ocrx_word' id='word_1_267' title='bbox 2544 1505 2599 1559; x_wconf 87' lang='lat' dir='ltr'><strong>in</strong></span> <span class='ocrx_word' id='word_1_268' title='bbox 2630 1519 2725 1559; x_wconf 92' lang='lat' dir='ltr'><strong>eas</strong></span> <span class='ocrx_word' id='word_1_269' title='bbox 2755 1503 3086 1575; x_wconf 91' lang='lat' dir='ltr'><strong>composuit,</strong></span> <span class='ocrx_word' id='word_1_270' title='bbox 3120 1505 3392 1575; x_wconf 89' lang='lat' dir='ltr'><strong>appellare</strong></span> <span class='ocrx_word' id='word_1_271' title='bbox 3422 1521 3667 1576; x_wconf 84' lang='lat' dir='ltr'><strong>possum,</strong></span> <span class='ocrx_word' id='word_1_272' title='bbox 3715 1525 3738 1562; x_wconf 73' lang='grc' dir='ltr'><strong>ο</strong></span> 
     </span>
    </p>
   </div>
   <div class='ocr_carea' id='block_1_37' title="bbox 2157 1594 3738 1668">
    <p class='ocr_par' dir='ltr' id='par_1_37' title="bbox 2157 1594 3738 1668">
     <span class='ocr_line' id='line_1_37' title="bbox 2157 1594 3738 1668; baseline 0.003 -16"><span class='ocrx_word' id='word_1_273' title='bbox 2157 1598 2312 1654; x_wconf 83' lang='lat' dir='ltr'><strong>tidem</strong></span> <span class='ocrx_word' id='word_1_274' title='bbox 2352 1598 2575 1668; x_wconf 89' lang='lat' dir='ltr'><strong>derogo.</strong></span> <span class='ocrx_word' id='word_1_275' title='bbox 2610 1596 2908 1651; x_wconf 81' lang='lat' dir='ltr'><strong>Verissime</strong></span> <span class='ocrx_word' id='word_1_276' title='bbox 2949 1594 3260 1651; x_wconf 89' lang='lat' dir='ltr'><strong>Tillemont.</strong></span> <span class='ocrx_word' id='word_1_277' title='bbox 3308 1597 3346 1651; x_wconf 93' lang='lat' dir='ltr'><strong>l.</strong></span> <span class='ocrx_word' id='word_1_278' title='bbox 3396 1598 3457 1663; x_wconf 84' lang='lat' dir='ltr'><strong>l.,</strong></span> <span class='ocrx_word' id='word_1_279' title='bbox 3501 1614 3553 1668; x_wconf 91' lang='lat' dir='ltr'><strong>p.</strong></span> <span class='ocrx_word' id='word_1_280' title='bbox 3588 1598 3738 1656; x_wconf 66' lang='lat'><strong>454:</strong></span> 
     </span>
    </p>
   </div>
   <div class='ocr_carea' id='block_1_38' title="bbox 2160 1685 3741 1759">
    <p class='ocr_par' dir='ltr' id='par_1_38' title="bbox 2160 1685 3741 1759">
     <span class='ocr_line' id='line_1_38' title="bbox 2160 1685 3741 1759; baseline 0.002 -17"><span class='ocrx_word' id='word_1_281' title='bbox 2160 1707 2177 1742; x_wconf 84' lang='grc' dir='ltr'><strong>ι</strong></span> <span class='ocrx_word' id='word_1_282' title='bbox 2212 1688 2346 1746; x_wconf 79' lang='lat' dir='ltr'><strong>Mais</strong></span> <span class='ocrx_word' id='word_1_283' title='bbox 2391 1689 2429 1743; x_wconf 94' lang='lat' dir='ltr'><strong>il</strong></span> <span class='ocrx_word' id='word_1_284' title='bbox 2461 1705 2529 1743; x_wconf 92' lang='lat' dir='ltr'><strong>en</strong></span> <span class='ocrx_word' id='word_1_285' title='bbox 2550 1688 2694 1742; x_wconf 85' lang='lat' dir='ltr'><strong>avait</strong></span> <span class='ocrx_word' id='word_1_286' title='bbox 2726 1685 2854 1758; x_wconf 79' lang='lat' dir='ltr'><strong>pres</strong></span> <span class='ocrx_word' id='word_1_287' title='bbox 2898 1686 2966 1743; x_wconf 93' lang='lat' dir='ltr'><strong>de</strong></span> <span class='ocrx_word' id='word_1_288' title='bbox 3002 1688 3154 1758; x_wconf 88' lang='lat' dir='ltr'><strong>vingt</strong></span> <span class='ocrx_word' id='word_1_289' title='bbox 3182 1688 3281 1757; x_wconf 88' lang='lat' dir='ltr'><strong>(sc.</strong></span> <span class='ocrx_word' id='word_1_290' title='bbox 3312 1687 3434 1759; x_wconf 88' lang='lat' dir='ltr'><strong>ans)</strong></span> <span class='ocrx_word' id='word_1_291' title='bbox 3474 1698 3637 1744; x_wconf 88' lang='lat' dir='ltr'><strong>avaut</strong></span> <span class='ocrx_word' id='word_1_292' title='bbox 3680 1706 3741 1745; x_wconf 90' lang='lat' dir='ltr'><strong>sa</strong></span> 
     </span>
    </p>
   </div>
   <div class='ocr_carea' id='block_1_39' title="bbox 2153 1778 3742 1853">
    <p class='ocr_par' dir='ltr' id='par_1_39' title="bbox 2153 1778 3742 1853">
     <span class='ocr_line' id='line_1_39' title="bbox 2153 1778 3742 1853; baseline -0.002 -13"><span class='ocrx_word' id='word_1_293' title='bbox 2153 1782 2387 1841; x_wconf 77' lang='lat' dir='ltr'><strong>seconde</strong></span> <span class='ocrx_word' id='word_1_294' title='bbox 2413 1782 2635 1837; x_wconf 85' lang='lat' dir='ltr'><strong>retraite</strong></span> <span class='ocrx_word' id='word_1_295' title='bbox 2664 1782 2736 1853; x_wconf 90' lang='lat' dir='ltr'><strong>(v.</strong></span> <span class='ocrx_word' id='word_1_296' title='bbox 2771 1780 2874 1851; x_wconf 90' lang='lat' dir='ltr'><strong>s.);</strong></span> <span class='ocrx_word' id='word_1_297' title='bbox 2905 1787 2959 1835; x_wconf 93' lang='lat' dir='ltr'><strong>et</strong></span> <span class='ocrx_word' id='word_1_298' title='bbox 2989 1778 3027 1832; x_wconf 93' lang='lat' dir='ltr'><strong>il</strong></span> <span class='ocrx_word' id='word_1_299' title='bbox 3062 1780 3151 1850; x_wconf 87' lang='lat' dir='ltr'><strong>n&#39;y</strong></span> <span class='ocrx_word' id='word_1_300' title='bbox 3184 1794 3213 1832; x_wconf 89' lang='lat' dir='ltr'><strong>a</strong></span> <span class='ocrx_word' id='word_1_301' title='bbox 3251 1794 3348 1850; x_wconf 89' lang='lat' dir='ltr'><strong>pas</strong></span> <span class='ocrx_word' id='word_1_302' title='bbox 3381 1779 3742 1850; x_wconf 81' lang='lat' dir='ltr'><strong>d‘apparence</strong></span> 
     </span>
    </p>
   </div>
   <div class='ocr_carea' id='block_1_40' title="bbox 2149 1866 3739 1948">
    <p class='ocr_par' dir='ltr' id='par_1_40' title="bbox 2149 1866 3739 1948">
     <span class='ocr_line' id='line_1_40' title="bbox 2149 1866 3739 1948; baseline -0.004 -15"><span class='ocrx_word' id='word_1_303' title='bbox 2149 1878 2282 1948; x_wconf 83' lang='lat' dir='ltr'><strong>qu’il</strong></span> <span class='ocrx_word' id='word_1_304' title='bbox 2306 1884 2430 1932; x_wconf 90' lang='lat' dir='ltr'><strong>eust</strong></span> <span class='ocrx_word' id='word_1_305' title='bbox 2469 1889 2669 1930; x_wconf 90' lang='lat' dir='ltr'><strong>encore</strong></span> <span class='ocrx_word' id='word_1_306' title='bbox 2714 1866 2831 1929; x_wconf 84' lang='lat' dir='ltr'><strong>rieu</strong></span> <span class='ocrx_word' id='word_1_307' title='bbox 2871 1872 3027 1927; x_wconf 84' lang='lat' dir='ltr'><strong>écrit.</strong></span> <span class='ocrx_word' id='word_1_308' title='bbox 3059 1890 3080 1924; x_wconf 81' lang='grc' dir='ltr'><strong>ι</strong></span> <span class='ocrx_word' id='word_1_309' title='bbox 3114 1872 3171 1926; x_wconf 90' lang='lat' dir='ltr'><strong>ln</strong></span> <span class='ocrx_word' id='word_1_310' title='bbox 3206 1872 3523 1942; x_wconf 81' lang='lat' dir='ltr'><strong>fragmentis</strong></span> <span class='ocrx_word' id='word_1_311' title='bbox 3554 1880 3739 1928; x_wconf 90' lang='lat' dir='ltr'><strong>autem</strong></span> 
     </span>
    </p>
   </div>
   <div class='ocr_carea' id='block_1_41' title="bbox 2147 1963 3741 2036">
    <p class='ocr_par' dir='ltr' id='par_1_41' title="bbox 2147 1963 3741 2036">
     <span class='ocr_line' id='line_1_41' title="bbox 2147 1963 3741 2036; baseline -0.004 -11"><span class='ocrx_word' id='word_1_312' title='bbox 2147 1967 2523 2025; x_wconf 90' lang='lat' dir='ltr'><strong>commentarii</strong></span> <span class='ocrx_word' id='word_1_313' title='bbox 2547 1965 2767 2036; x_wconf 75' lang='lat' dir='ltr'><strong>juvenis</strong></span> <span class='ocrx_word' id='word_1_314' title='bbox 2810 1963 3048 2021; x_wconf 89' lang='lat' dir='ltr'><strong>eruditio</strong></span> <span class='ocrx_word' id='word_1_315' title='bbox 3089 1972 3143 2017; x_wconf 92' lang='lat' dir='ltr'><strong>et</strong></span> <span class='ocrx_word' id='word_1_316' title='bbox 3187 1963 3414 2017; x_wconf 90' lang='lat' dir='ltr'><strong>audacia</strong></span> <span class='ocrx_word' id='word_1_317' title='bbox 3440 1963 3741 2032; x_wconf 87' lang='lat' dir='ltr'><strong>deprehen-</strong></span> 
     </span>
    </p>
   </div>
   <div class='ocr_carea' id='block_1_42' title="bbox 2148 2054 3742 2132">
    <p class='ocr_par' dir='ltr' id='par_1_42' title="bbox 2148 2054 3742 2132">
     <span class='ocr_line' id='line_1_42' title="bbox 2148 2054 3742 2132; baseline -0.003 -14"><span class='ocrx_word' id='word_1_318' title='bbox 2148 2063 2317 2128; x_wconf 85' lang='lat' dir='ltr'><strong>ditur,</strong></span> <span class='ocrx_word' id='word_1_319' title='bbox 2367 2078 2478 2117; x_wconf 90' lang='lat' dir='ltr'><strong>non</strong></span> <span class='ocrx_word' id='word_1_320' title='bbox 2523 2060 2678 2132; x_wconf 90' lang='lat' dir='ltr'><strong>pueri</strong></span> <span class='ocrx_word' id='word_1_321' title='bbox 2739 2056 3011 2128; x_wconf 87' lang='lat' dir='ltr'><strong>imperitia</strong></span> <span class='ocrx_word' id='word_1_322' title='bbox 3060 2070 3114 2112; x_wconf 87' lang='lat' dir='ltr'><strong>et</strong></span> <span class='ocrx_word' id='word_1_323' title='bbox 3170 2057 3416 2112; x_wconf 90' lang='lat' dir='ltr'><strong>lascivia.</strong></span> <span class='ocrx_word' id='word_1_324' title='bbox 3484 2054 3742 2113; x_wconf 84' lang='lat' dir='ltr'><strong>Fortasse</strong></span> 
     </span>
    </p>
   </div>
   <div class='ocr_carea' id='block_1_43' title="bbox 2146 2148 3741 2229">
    <p class='ocr_par' dir='ltr' id='par_1_43' title="bbox 2146 2148 3741 2229">
     <span class='ocr_line' id='line_1_43' title="bbox 2146 2148 3741 2229; baseline -0.003 -19"><span class='ocrx_word' id='word_1_325' title='bbox 2146 2154 2524 2229; x_wconf 87' lang='lat' dir='ltr'><strong>Cbrysostomi</strong></span> <span class='ocrx_word' id='word_1_326' title='bbox 2566 2154 2735 2208; x_wconf 88' lang='lat' dir='ltr'><strong>altera</strong></span> <span class='ocrx_word' id='word_1_327' title='bbox 2782 2153 2848 2206; x_wconf 91' lang='lat' dir='ltr'><strong>ad</strong></span> <span class='ocrx_word' id='word_1_328' title='bbox 2898 2148 3245 2206; x_wconf 86' lang='lat' dir='ltr'><strong>Theodorum</strong></span> <span class='ocrx_word' id='word_1_329' title='bbox 3294 2149 3523 2220; x_wconf 89' lang='lat' dir='ltr'><strong>epistola</strong></span> <span class='ocrx_word' id='word_1_330' title='bbox 3557 2165 3741 2205; x_wconf 82' lang='lat' dir='ltr'><strong>rumo-</strong></span> 
     </span>
    </p>
   </div>
   <div class='ocr_carea' id='block_1_44' title="bbox 2146 2244 2674 2304">
    <p class='ocr_par' dir='ltr' id='par_1_44' title="bbox 2146 2244 2674 2304">
     <span class='ocr_line' id='line_1_44' title="bbox 2146 2244 2674 2304; baseline -0.009 0"><span class='ocrx_word' id='word_1_331' title='bbox 2146 2264 2263 2304; x_wconf 88' lang='lat' dir='ltr'><strong>rem</strong></span> <span class='ocrx_word' id='word_1_332' title='bbox 2293 2247 2445 2302; x_wconf 92' lang='lat' dir='ltr'><strong>illum</strong></span> <span class='ocrx_word' id='word_1_333' title='bbox 2474 2244 2674 2301; x_wconf 84' lang='lat' dir='ltr'><strong>ell‘ccit.</strong></span> 
     </span>
    </p>
   </div>
   <div class='ocr_carea' id='block_1_45' title="bbox 2218 2331 3739 2408">
    <p class='ocr_par' dir='ltr' id='par_1_45' title="bbox 2218 2331 3739 2408">
     <span class='ocr_line' id='line_1_45' title="bbox 2218 2331 3739 2408; baseline -0.006 -15"><span class='ocrx_word' id='word_1_334' title='bbox 2218 2337 2483 2408; x_wconf 88' lang='lat' dir='ltr'><strong>Pleraque</strong></span> <span class='ocrx_word' id='word_1_335' title='bbox 2504 2334 2883 2390; x_wconf 88' lang='lat' dir='ltr'><strong>commentarii</strong></span> <span class='ocrx_word' id='word_1_336' title='bbox 2917 2334 3220 2404; x_wconf 80' lang='lat' dir='ltr'><strong>fragmenta</strong></span> <span class='ocrx_word' id='word_1_337' title='bbox 3254 2332 3401 2386; x_wconf 90' lang='lat' dir='ltr'><strong>viros</strong></span> <span class='ocrx_word' id='word_1_338' title='bbox 3435 2331 3491 2386; x_wconf 90' lang='lat' dir='ltr'><strong>d.</strong></span> <span class='ocrx_word' id='word_1_339' title='bbox 3528 2331 3739 2385; x_wconf 90' lang='lat' dir='ltr'><strong>hucus-</strong></span> 
     </span>
    </p>
   </div>
   <div class='ocr_carea' id='block_1_46' title="bbox 2145 2423 3738 2502">
    <p class='ocr_par' dir='ltr' id='par_1_46' title="bbox 2145 2423 3738 2502">
     <span class='ocr_line' id='line_1_46' title="bbox 2145 2423 3738 2502; baseline -0.004 -17"><span class='ocrx_word' id='word_1_340' title='bbox 2145 2447 2252 2502; x_wconf 89' lang='lat' dir='ltr'><strong>que</strong></span> <span class='ocrx_word' id='word_1_341' title='bbox 2279 2431 2574 2485; x_wconf 89' lang='lat' dir='ltr'><strong>latuerunt.</strong></span> <span class='ocrx_word' id='word_1_342' title='bbox 2620 2429 2681 2483; x_wconf 86' lang='lat' dir='ltr'><strong>In</strong></span> <span class='ocrx_word' id='word_1_343' title='bbox 2716 2426 2837 2481; x_wconf 83' lang='lat' dir='ltr'><strong>Act.</strong></span> <span class='ocrx_word' id='word_1_344' title='bbox 2888 2442 2939 2481; x_wconf 90' lang='lat' dir='ltr'><strong>c.</strong></span> <span class='ocrx_word' id='word_1_345' title='bbox 2970 2424 3160 2481; x_wconf 89' lang='lat' dir='ltr'><strong>Const.</strong></span> <span class='ocrx_word' id='word_1_346' title='bbox 3202 2441 3262 2488; x_wconf 93' lang='grc' dir='ltr'>ιι,</span> <span class='ocrx_word' id='word_1_347' title='bbox 3296 2441 3370 2488; x_wconf 83' lang='grc' dir='ltr'><strong>ιν,</strong></span> <span class='ocrx_word' id='word_1_348' title='bbox 3410 2424 3586 2479; x_wconf 90' lang='lat' dir='ltr'><strong>tribus</strong></span> <span class='ocrx_word' id='word_1_349' title='bbox 3627 2423 3738 2479; x_wconf 88' lang='lat' dir='ltr'><strong>illis</strong></span> 
     </span>
    </p>
   </div>
   <div class='ocr_carea' id='block_1_47' title="bbox 2142 2514 3740 2590">
    <p class='ocr_par' dir='ltr' id='par_1_47' title="bbox 2142 2514 3740 2590">
     <span class='ocr_line' id='line_1_47' title="bbox 2142 2514 3740 2590; baseline -0.004 -16"><span class='ocrx_word' id='word_1_350' title='bbox 2142 2519 2332 2587; x_wconf 84' lang='lat'><strong>20-22,</strong></span> <span class='ocrx_word' id='word_1_351' title='bbox 2368 2535 2417 2590; x_wconf 95' lang='lat' dir='ltr'><strong>p.</strong></span> <span class='ocrx_word' id='word_1_352' title='bbox 2456 2518 2547 2584; x_wconf 89' lang='lat'><strong>78,</strong></span> <span class='ocrx_word' id='word_1_353' title='bbox 2582 2516 2846 2587; x_wconf 80' lang='lat' dir='ltr'><strong>exceptis,</strong></span> <span class='ocrx_word' id='word_1_354' title='bbox 2888 2516 2955 2571; x_wconf 91' lang='lat' dir='ltr'><strong>de</strong></span> <span class='ocrx_word' id='word_1_355' title='bbox 2991 2516 3191 2586; x_wconf 86' lang='lat' dir='ltr'><strong>quibus</strong></span> <span class='ocrx_word' id='word_1_356' title='bbox 3237 2514 3306 2569; x_wconf 91' lang='lat' dir='ltr'><strong>ad</strong></span> <span class='ocrx_word' id='word_1_357' title='bbox 3350 2520 3645 2568; x_wconf 91' lang='lat' dir='ltr'><strong>comment.</strong></span> <span class='ocrx_word' id='word_1_358' title='bbox 3682 2514 3740 2567; x_wconf 87' lang='lat' dir='ltr'><strong>in</strong></span> 
     </span>
    </p>
   </div>
   <div class='ocr_carea' id='block_1_48' title="bbox 2143 2605 3738 2681">
    <p class='ocr_par' dir='ltr' id='par_1_48' title="bbox 2143 2605 3738 2681">
     <span class='ocr_line' id='line_1_48' title="bbox 2143 2605 3738 2681; baseline -0.003 -16"><span class='ocrx_word' id='word_1_359' title='bbox 2143 2627 2220 2665; x_wconf 90' lang='grc' dir='ltr'><strong>χιι</strong></span> <span class='ocrx_word' id='word_1_360' title='bbox 2242 2611 2523 2681; x_wconf 78' lang='lat' dir='ltr'><strong>prophetas</strong></span> <span class='ocrx_word' id='word_1_361' title='bbox 2545 2608 2856 2672; x_wconf 90' lang='lat' dir='ltr'><strong>dicendum,</strong></span> <span class='ocrx_word' id='word_1_362' title='bbox 2885 2606 2996 2661; x_wconf 92' lang='lat' dir='ltr'><strong>duo</strong></span> <span class='ocrx_word' id='word_1_363' title='bbox 3023 2606 3401 2661; x_wconf 88' lang='lat' dir='ltr'><strong>tantummodo</strong></span> <span class='ocrx_word' id='word_1_364' title='bbox 3431 2605 3738 2676; x_wconf 81' lang='lat' dir='ltr'><strong>fragmenta</strong></span> 
     </span>
    </p>
   </div>
   <div class='ocr_carea' id='block_1_49' title="bbox 2143 2695 3740 2770">
    <p class='ocr_par' dir='ltr' id='par_1_49' title="bbox 2143 2695 3740 2770">
     <span class='ocr_line' id='line_1_49' title="bbox 2143 2695 3740 2770; baseline -0.004 -15"><span class='ocrx_word' id='word_1_365' title='bbox 2143 2701 2397 2770; x_wconf 84' lang='lat' dir='ltr'><strong>leguntur</strong></span> <span class='ocrx_word' id='word_1_366' title='bbox 2435 2698 2507 2753; x_wconf 83' lang='lat'><strong>25</strong></span> <span class='ocrx_word' id='word_1_367' title='bbox 2540 2696 2630 2767; x_wconf 92' lang='lat' dir='ltr'><strong>(de</strong></span> <span class='ocrx_word' id='word_1_368' title='bbox 2679 2712 2764 2767; x_wconf 91' lang='lat' dir='ltr'><strong>ps.</strong></span> <span class='ocrx_word' id='word_1_369' title='bbox 2814 2712 2931 2763; x_wconf 85' lang='grc' dir='ltr'>χχι,</span> <span class='ocrx_word' id='word_1_370' title='bbox 2964 2696 3052 2759; x_wconf 88' lang='grc'><strong>17,</strong></span> <span class='ocrx_word' id='word_1_371' title='bbox 3094 2696 3160 2752; x_wconf 90' lang='grc'>18</span> <span class='ocrx_word' id='word_1_372' title='bbox 3206 2695 3315 2767; x_wconf 71' lang='grc' dir='ltr'><strong>(ιη)</strong></span> <span class='ocrx_word' id='word_1_373' title='bbox 3346 2703 3400 2750; x_wconf 91' lang='lat' dir='ltr'><strong>et</strong></span> <span class='ocrx_word' id='word_1_374' title='bbox 3443 2695 3534 2759; x_wconf 75' lang='grc'><strong>24,</strong></span> <span class='ocrx_word' id='word_1_375' title='bbox 3576 2710 3631 2766; x_wconf 91' lang='lat' dir='ltr'><strong>p.</strong></span> <span class='ocrx_word' id='word_1_376' title='bbox 3666 2695 3740 2750; x_wconf 87' lang='lat'><strong>79</strong></span> 
     </span>
    </p>
   </div>
   <div class='ocr_carea' id='block_1_50' title="bbox 2141 2788 3735 2863">
    <p class='ocr_par' dir='ltr' id='par_1_50' title="bbox 2141 2788 3735 2863">
     <span class='ocr_line' id='line_1_50' title="bbox 2141 2788 3735 2863; baseline -0.004 -15"><span class='ocrx_word' id='word_1_377' title='bbox 2141 2794 2211 2848; x_wconf 90' lang='lat' dir='ltr'><strong>de</strong></span> <span class='ocrx_word' id='word_1_378' title='bbox 2238 2808 2320 2863; x_wconf 89' lang='lat' dir='ltr'><strong>ps.</strong></span> <span class='ocrx_word' id='word_1_379' title='bbox 2364 2806 2558 2855; x_wconf 75' lang='lat' dir='ltr'><strong>vam,</strong></span> <span class='ocrx_word' id='word_1_380' title='bbox 2590 2789 2653 2844; x_wconf 82' lang='lat'><strong>2|</strong></span> <span class='ocrx_word' id='word_1_381' title='bbox 2684 2805 2699 2851; x_wconf 87' lang='lat'><strong>;</strong></span> <span class='ocrx_word' id='word_1_382' title='bbox 2731 2804 2857 2844; x_wconf 88' lang='lat' dir='ltr'><strong>nam</strong></span> <span class='ocrx_word' id='word_1_383' title='bbox 2888 2806 3008 2860; x_wconf 71' lang='lat' dir='ltr'><strong>quia:</strong></span> <span class='ocrx_word' id='word_1_384' title='bbox 3034 2790 3121 2853; x_wconf 90' lang='grc'><strong>19,</strong></span> <span class='ocrx_word' id='word_1_385' title='bbox 3156 2804 3207 2858; x_wconf 94' lang='lat' dir='ltr'><strong>p.</strong></span> <span class='ocrx_word' id='word_1_386' title='bbox 3244 2789 3332 2855; x_wconf 87' lang='lat'><strong>77,</strong></span> <span class='ocrx_word' id='word_1_387' title='bbox 3368 2797 3423 2843; x_wconf 91' lang='lat' dir='ltr'><strong>et</strong></span> <span class='ocrx_word' id='word_1_388' title='bbox 3456 2804 3511 2852; x_wconf 76' lang='grc' dir='ltr'><strong>ν,</strong></span> <span class='ocrx_word' id='word_1_389' title='bbox 3551 2803 3606 2858; x_wconf 94' lang='lat' dir='ltr'><strong>p.</strong></span> <span class='ocrx_word' id='word_1_390' title='bbox 3642 2788 3735 2850; x_wconf 79' lang='grc'><strong>94,</strong></span> 
     </span>
    </p>
   </div>
   <div class='ocr_carea' id='block_1_51' title="bbox 2142 2881 3739 2948">
    <p class='ocr_par' dir='ltr' id='par_1_51' title="bbox 2142 2881 3739 2948">
     <span class='ocr_line' id='line_1_51' title="bbox 2142 2881 3739 2948; baseline -0.004 -8"><span class='ocrx_word' id='word_1_391' title='bbox 2142 2885 2515 2947; x_wconf 89' lang='lat' dir='ltr'><strong>inveniuntur,</strong></span> <span class='ocrx_word' id='word_1_392' title='bbox 2552 2896 2614 2937; x_wconf 91' lang='lat' dir='ltr'><strong>ea</strong></span> <span class='ocrx_word' id='word_1_393' title='bbox 2658 2897 2725 2937; x_wconf 77' lang='lat' dir='ltr'><strong>ex</strong></span> <span class='ocrx_word' id='word_1_394' title='bbox 2779 2882 2933 2938; x_wconf 89' lang='lat' dir='ltr'><strong>libris</strong></span> <span class='ocrx_word' id='word_1_395' title='bbox 2984 2881 3061 2935; x_wconf 87' lang='lat' dir='ltr'><strong>De</strong></span> <span class='ocrx_word' id='word_1_396' title='bbox 3104 2881 3469 2934; x_wconf 82' lang='lat' dir='ltr'><strong>incarnatione</strong></span> <span class='ocrx_word' id='word_1_397' title='bbox 3519 2886 3739 2948; x_wconf 89' lang='lat' dir='ltr'><strong>sumpta</strong></span> 
     </span>
    </p>
   </div>
   <div class='ocr_carea' id='block_1_52' title="bbox 2143 2970 3739 3044">
    <p class='ocr_par' dir='ltr' id='par_1_52' title="bbox 2143 2970 3739 3044">
     <span class='ocr_line' id='line_1_52' title="bbox 2143 2970 3739 3044; baseline -0.005 -13"><span class='ocrx_word' id='word_1_398' title='bbox 2143 2985 2306 3043; x_wconf 89' lang='lat' dir='ltr'><strong>sunt;</strong></span> <span class='ocrx_word' id='word_1_399' title='bbox 2340 2990 2507 3030; x_wconf 90' lang='lat' dir='ltr'><strong>unum</strong></span> <span class='ocrx_word' id='word_1_400' title='bbox 2559 2973 2627 3027; x_wconf 90' lang='lat' dir='ltr'><strong>ad</strong></span> <span class='ocrx_word' id='word_1_401' title='bbox 2678 2989 2761 3044; x_wconf 93' lang='lat' dir='ltr'><strong>ps.</strong></span> <span class='ocrx_word' id='word_1_402' title='bbox 2815 2989 2942 3027; x_wconf 77' lang='grc' dir='ltr'>χιιν</span> <span class='ocrx_word' id='word_1_403' title='bbox 2990 2973 3043 3027; x_wconf 90' lang='lat' dir='ltr'><strong>in</strong></span> <span class='ocrx_word' id='word_1_404' title='bbox 3086 2970 3343 3026; x_wconf 89' lang='lat' dir='ltr'><strong>Facundo</strong></span> <span class='ocrx_word' id='word_1_405' title='bbox 3385 2987 3462 3038; x_wconf 89' lang='grc' dir='ltr'><strong>ιχ,</strong></span> <span class='ocrx_word' id='word_1_406' title='bbox 3502 2970 3563 3037; x_wconf 85' lang='grc'><strong>1;</strong></span> <span class='ocrx_word' id='word_1_407' title='bbox 3609 2988 3739 3042; x_wconf 86' lang='lat' dir='ltr'><strong>per-</strong></span> 
     </span>
    </p>
   </div>
   <div class='ocr_carea' id='block_1_53' title="bbox 2143 3060 3737 3133">
    <p class='ocr_par' dir='ltr' id='par_1_53' title="bbox 2143 3060 3737 3133">
     <span class='ocr_line' id='line_1_53' title="bbox 2143 3060 3737 3133; baseline -0.004 -11"><span class='ocrx_word' id='word_1_408' title='bbox 2143 3069 2310 3123; x_wconf 81' lang='lat' dir='ltr'><strong>muita</strong></span> <span class='ocrx_word' id='word_1_409' title='bbox 2345 3078 2536 3122; x_wconf 84' lang='lat' dir='ltr'><strong>contra</strong></span> <span class='ocrx_word' id='word_1_410' title='bbox 2566 3068 2812 3120; x_wconf 89' lang='lat' dir='ltr'><strong>continet</strong></span> <span class='ocrx_word' id='word_1_411' title='bbox 2866 3064 3143 3133; x_wconf 73' lang='lat' dir='ltr'><strong>Expositio</strong></span> <span class='ocrx_word' id='word_1_412' title='bbox 3187 3062 3416 3117; x_wconf 86' lang='lat' dir='ltr'><strong>Patrum</strong></span> <span class='ocrx_word' id='word_1_413' title='bbox 3472 3060 3641 3116; x_wconf 68' lang='grc' dir='ltr'><strong>(ἔναιε.</strong></span> <span class='ocrx_word' id='word_1_414' title='bbox 3681 3063 3737 3115; x_wconf 73' lang='lat' dir='ltr'><strong>in</strong></span> 
     </span>
    </p>
   </div>
   <div class='ocr_carea' id='block_1_54' title="bbox 2144 3152 3734 3224">
    <p class='ocr_par' dir='ltr' id='par_1_54' title="bbox 2144 3152 3734 3224">
     <span class='ocr_line' id='line_1_54' title="bbox 2144 3152 3734 3224; baseline -0.003 -11"><span class='ocrx_word' id='word_1_415' title='bbox 2144 3159 2261 3224; x_wconf 87' lang='lat' dir='ltr'><strong>Ps.,</strong></span> <span class='ocrx_word' id='word_1_416' title='bbox 2315 3175 2346 3212; x_wconf 91' lang='lat' dir='ltr'><strong>a</strong></span> <span class='ocrx_word' id='word_1_417' title='bbox 2391 3157 2572 3211; x_wconf 83' lang='lat' dir='ltr'><strong>Balth.</strong></span> <span class='ocrx_word' id='word_1_418' title='bbox 2633 3156 2888 3212; x_wconf 85' lang='lat' dir='ltr'><strong>Corderio</strong></span> <span class='ocrx_word' id='word_1_419' title='bbox 2937 3155 2997 3211; x_wconf 88' lang='lat' dir='ltr'><strong>S.</strong></span> <span class='ocrx_word' id='word_1_420' title='bbox 3050 3154 3108 3210; x_wconf 80' lang='lat' dir='ltr'><strong>J.</strong></span> <span class='ocrx_word' id='word_1_421' title='bbox 3154 3170 3218 3209; x_wconf 82' lang='lat' dir='ltr'><strong>ea:</strong></span> <span class='ocrx_word' id='word_1_422' title='bbox 3256 3154 3629 3209; x_wconf 74' lang='lat' dir='ltr'><strong>vetustissimis</strong></span> <span class='ocrx_word' id='word_1_423' title='bbox 3672 3152 3734 3209; x_wconf 87' lang='lat' dir='ltr'><strong>S.</strong></span> 
     </span>
    </p>
   </div>
   <div class='ocr_carea' id='block_1_55' title="bbox 2142 3246 3738 3317">
    <p class='ocr_par' dir='ltr' id='par_1_55' title="bbox 2142 3246 3738 3317">
     <span class='ocr_line' id='line_1_55' title="bbox 2142 3246 3738 3317; baseline -0.004 -12"><span class='ocrx_word' id='word_1_424' title='bbox 2142 3250 2280 3305; x_wconf 71' lang='lat' dir='ltr'><strong>Cres.</strong></span> <span class='ocrx_word' id='word_1_425' title='bbox 2311 3246 2450 3317; x_wconf 77' lang='lat' dir='ltr'><strong>Maj.</strong></span> <span class='ocrx_word' id='word_1_426' title='bbox 2497 3257 2546 3301; x_wconf 87' lang='lat' dir='ltr'><strong>et</strong></span> <span class='ocrx_word' id='word_1_427' title='bbox 2590 3263 2758 3301; x_wconf 84' lang='lat' dir='ltr'><strong>seren.</strong></span> <span class='ocrx_word' id='word_1_428' title='bbox 2807 3246 3053 3301; x_wconf 73' lang='lat' dir='ltr'><strong>Bovario:</strong></span> <span class='ocrx_word' id='word_1_429' title='bbox 3100 3246 3251 3300; x_wconf 86' lang='lat' dir='ltr'><strong>ducis</strong></span> <span class='ocrx_word' id='word_1_430' title='bbox 3288 3261 3420 3301; x_wconf 88' lang='lat' dir='ltr'><strong>mss.</strong></span> <span class='ocrx_word' id='word_1_431' title='bbox 3452 3246 3604 3299; x_wconf 84' lang='lat' dir='ltr'><strong>codd.</strong></span> <span class='ocrx_word' id='word_1_432' title='bbox 3636 3246 3738 3299; x_wconf 77' lang='grc' dir='ltr'><strong>ἀν-</strong></span> 
     </span>
    </p>
   </div>
   <div class='ocr_carea' id='block_1_56' title="bbox 2141 3339 3737 3409">
    <p class='ocr_par' dir='ltr' id='par_1_56' title="bbox 2141 3339 3737 3409">
     <span class='ocr_line' id='line_1_56' title="bbox 2141 3339 3737 3409; baseline -0.002 -13"><span class='ocrx_word' id='word_1_433' title='bbox 2141 3342 2378 3405; x_wconf 84' lang='grc' dir='ltr'><strong>εκδότοις</strong></span> <span class='ocrx_word' id='word_1_434' title='bbox 2417 3342 2754 3405; x_wconf 86' lang='lat' dir='ltr'><strong>concinnata,</strong></span> <span class='ocrx_word' id='word_1_435' title='bbox 2788 3340 2843 3393; x_wconf 84' lang='lat' dir='ltr'><strong>in</strong></span> <span class='ocrx_word' id='word_1_436' title='bbox 2882 3339 3260 3409; x_wconf 86' lang='lat' dir='ltr'><strong>paraphrasin,</strong></span> <span class='ocrx_word' id='word_1_437' title='bbox 3291 3340 3737 3393; x_wconf 72' lang='lat' dir='ltr'><strong>commentarium</strong></span> 
     </span>
    </p>
   </div>
   <div class='ocr_carea' id='block_1_57' title="bbox 2140 3430 3739 3503">
    <p class='ocr_par' dir='ltr' id='par_1_57' title="bbox 2140 3430 3739 3503">
     <span class='ocr_line' id='line_1_57' title="bbox 2140 3430 3739 3503; baseline -0.003 -15"><span class='ocrx_word' id='word_1_438' title='bbox 2140 3444 2190 3489; x_wconf 85' lang='lat' dir='ltr'><strong>et</strong></span> <span class='ocrx_word' id='word_1_439' title='bbox 2218 3443 2459 3488; x_wconf 81' lang='lat' dir='ltr'><strong>catenam</strong></span> <span class='ocrx_word' id='word_1_440' title='bbox 2487 3432 2711 3503; x_wconf 85' lang='lat' dir='ltr'><strong>digesta,</strong></span> <span class='ocrx_word' id='word_1_441' title='bbox 2748 3430 3044 3485; x_wconf 79' lang='lat' dir='ltr'><strong>Latinitate</strong></span> <span class='ocrx_word' id='word_1_442' title='bbox 3067 3430 3265 3485; x_wconf 86' lang='lat' dir='ltr'><strong>donata</strong></span> <span class='ocrx_word' id='word_1_443' title='bbox 3293 3440 3344 3485; x_wconf 82' lang='lat' dir='ltr'><strong>et</strong></span> <span class='ocrx_word' id='word_1_444' title='bbox 3375 3430 3739 3484; x_wconf 85' lang='lat' dir='ltr'><strong>adnotationi-</strong></span> 
     </span>
    </p>
   </div>
   <div class='ocr_carea' id='block_1_58' title="bbox 2141 3520 3734 3591">
    <p class='ocr_par' dir='ltr' id='par_1_58' title="bbox 2141 3520 3734 3591">
     <span class='ocr_line' id='line_1_58' title="bbox 2141 3520 3734 3591; baseline -0.005 -11"><span class='ocrx_word' id='word_1_445' title='bbox 2141 3527 2237 3581; x_wconf 86' lang='lat' dir='ltr'><strong>bus</strong></span> <span class='ocrx_word' id='word_1_446' title='bbox 2268 3526 2567 3586; x_wconf 81' lang='lat' dir='ltr'><strong>illustrata,</strong></span> <span class='ocrx_word' id='word_1_447' title='bbox 2609 3524 2737 3576; x_wconf 84' lang='lat' dir='ltr'><strong>tanti</strong></span> <span class='ocrx_word' id='word_1_448' title='bbox 2772 3521 2892 3589; x_wconf 82' lang='lat' dir='ltr'><strong>III,</strong></span> <span class='ocrx_word' id='word_1_449' title='bbox 2927 3526 3179 3591; x_wconf 71' lang='lat' dir='ltr'><strong>Antvrrp.</strong></span> <span class='ocrx_word' id='word_1_450' title='bbox 3218 3521 3373 3585; x_wconf 77' lang='grc'><strong>1645,</strong></span> <span class='ocrx_word' id='word_1_451' title='bbox 3409 3522 3479 3577; x_wconf 85' lang='grc'>46</span> <span class='ocrx_word' id='word_1_452' title='bbox 3510 3520 3605 3591; x_wconf 81' lang='lat' dir='ltr'><strong>fol.</strong></span> <span class='ocrx_word' id='word_1_453' title='bbox 3634 3524 3734 3588; x_wconf 85' lang='lat' dir='ltr'><strong>(c).</strong></span> 
     </span>
    </p>
   </div>
   <div class='ocr_carea' id='block_1_59' title="bbox 2143 3612 3571 3688">
    <p class='ocr_par' dir='ltr' id='par_1_59' title="bbox 2143 3612 3571 3688">
     <span class='ocr_line' id='line_1_59' title="bbox 2143 3612 3571 3688; baseline -0.006 -10"><span class='ocrx_word' id='word_1_454' title='bbox 2143 3622 2252 3678; x_wconf 89' lang='lat' dir='ltr'><strong>Sed</strong></span> <span class='ocrx_word' id='word_1_455' title='bbox 2282 3621 2351 3675; x_wconf 91' lang='lat' dir='ltr'><strong>de</strong></span> <span class='ocrx_word' id='word_1_456' title='bbox 2373 3612 2608 3687; x_wconf 51' lang='lat' dir='ltr'><strong>&#39;singulis</strong></span> <span class='ocrx_word' id='word_1_457' title='bbox 2638 3616 2801 3671; x_wconf 89' lang='lat' dir='ltr'><strong>tomis</strong></span> <span class='ocrx_word' id='word_1_458' title='bbox 2822 3617 3135 3688; x_wconf 90' lang='lat' dir='ltr'><strong>singulatim</strong></span> <span class='ocrx_word' id='word_1_459' title='bbox 3168 3616 3571 3673; x_wconf 89' lang='lat' dir='ltr'><strong>disserendum.</strong></span> 
     </span>
    </p>
   </div>
   <div class='ocr_carea' id='block_1_60' title="bbox 2210 3707 3737 3782">
    <p class='ocr_par' dir='ltr' id='par_1_60' title="bbox 2210 3707 3737 3782">
     <span class='ocr_line' id='line_1_60' title="bbox 2210 3707 3737 3782; baseline -0.004 -15"><span class='ocrx_word' id='word_1_460' title='bbox 2210 3717 2291 3767; x_wconf 81' lang='lat' dir='ltr'><strong>Ac</strong></span> <span class='ocrx_word' id='word_1_461' title='bbox 2313 3711 2524 3782; x_wconf 90' lang='lat' dir='ltr'><strong>primus</strong></span> <span class='ocrx_word' id='word_1_462' title='bbox 2548 3709 2766 3779; x_wconf 90' lang='lat' dir='ltr'><strong>quidem</strong></span> <span class='ocrx_word' id='word_1_463' title='bbox 2796 3720 2976 3765; x_wconf 90' lang='lat' dir='ltr'><strong>tomus</strong></span> <span class='ocrx_word' id='word_1_464' title='bbox 3013 3710 3076 3762; x_wconf 87' lang='grc' dir='ltr'>Θ.</span> <span class='ocrx_word' id='word_1_465' title='bbox 3114 3708 3441 3780; x_wconf 78' lang='grc' dir='ltr'><strong>Ἀντιοχείας</strong></span> <span class='ocrx_word' id='word_1_466' title='bbox 3470 3707 3737 3763; x_wconf 85' lang='lat' dir='ltr'><strong>nonnulla</strong></span> 
     </span>
    </p>
   </div>
   <div class='ocr_carea' id='block_1_61' title="bbox 444 3796 3739 3883">
    <p class='ocr_par' dir='ltr' id='par_1_61' title="bbox 444 3796 3739 3883">
     <span class='ocr_line' id='line_1_61' title="bbox 444 3796 3739 3883; baseline 0.001 -31"><span class='ocrx_word' id='word_1_467' title='bbox 444 3799 511 3852; x_wconf 91' lang='lat' dir='ltr'><strong>ad</strong></span> <span class='ocrx_word' id='word_1_468' title='bbox 542 3798 690 3853; x_wconf 89' lang='lat' dir='ltr'><strong>viros</strong></span> <span class='ocrx_word' id='word_1_469' title='bbox 728 3796 993 3868; x_wconf 91' lang='lat' dir='ltr'><strong>quosdam</strong></span> <span class='ocrx_word' id='word_1_470' title='bbox 1040 3797 1209 3864; x_wconf 89' lang='lat' dir='ltr'><strong>misit,</strong></span> <span class='ocrx_word' id='word_1_471' title='bbox 1244 3814 1480 3869; x_wconf 88' lang='lat' dir='ltr'><strong>quorum</strong></span> <span class='ocrx_word' id='word_1_472' title='bbox 1525 3808 1705 3858; x_wconf 90' lang='lat' dir='ltr'><strong>tamen</strong></span> <span class='ocrx_word' id='word_1_473' title='bbox 1736 3819 1877 3861; x_wconf 89' lang='lat' dir='ltr'><strong>unus</strong></span> <span class='ocrx_word' id='word_1_474' title='bbox 1908 3812 2034 3860; x_wconf 86' lang='lat' dir='ltr'><strong>tan-</strong></span> <span class='ocrx_word' id='word_1_475' title='bbox 2060 3826 2102 3883; x_wconf 70' lang='grc' dir='ltr'>α</span> <span class='ocrx_word' id='word_1_476' title='bbox 2135 3808 2355 3868; x_wconf 77' lang='lat' dir='ltr'><strong>exhibet</strong></span> <span class='ocrx_word' id='word_1_477' title='bbox 2399 3818 2456 3870; x_wconf 89' lang='lat' dir='ltr'><strong>p.</strong></span> <span class='ocrx_word' id='word_1_478' title='bbox 2512 3802 2546 3857; x_wconf 92' lang='lat'><strong>8</strong></span> <span class='ocrx_word' id='word_1_479' title='bbox 2580 3803 2669 3874; x_wconf 90' lang='lat' dir='ltr'><strong>(de</strong></span> <span class='ocrx_word' id='word_1_480' title='bbox 2719 3818 2805 3875; x_wconf 88' lang='lat' dir='ltr'><strong>ps.</strong></span> <span class='ocrx_word' id='word_1_481' title='bbox 2860 3818 2899 3868; x_wconf 91' lang='grc' dir='ltr'><strong>ι,</strong></span> <span class='ocrx_word' id='word_1_482' title='bbox 2932 3803 3022 3873; x_wconf 86' lang='grc'>1);</span> <span class='ocrx_word' id='word_1_483' title='bbox 3076 3801 3182 3855; x_wconf 80' lang='lat'><strong>272</strong></span> <span class='ocrx_word' id='word_1_484' title='bbox 3210 3802 3299 3872; x_wconf 91' lang='lat' dir='ltr'><strong>(de</strong></span> <span class='ocrx_word' id='word_1_485' title='bbox 3350 3818 3437 3874; x_wconf 87' lang='lat' dir='ltr'><strong>ps.</strong></span> <span class='ocrx_word' id='word_1_486' title='bbox 3465 3804 3595 3871; x_wconf 75' lang='lat' dir='ltr'><strong>vv);</strong></span> <span class='ocrx_word' id='word_1_487' title='bbox 3628 3802 3739 3855; x_wconf 85' lang='lat'><strong>276</strong></span> 
     </span>
    </p>
   </div>
   <div class='ocr_carea' id='block_1_62' title="bbox 443 3887 1372 3960">
    <p class='ocr_par' dir='ltr' id='par_1_62' title="bbox 443 3887 1372 3960">
     <span class='ocr_line' id='line_1_62' title="bbox 443 3887 1372 3960; baseline 0 -17"><span class='ocrx_word' id='word_1_488' title='bbox 443 3898 559 3944; x_wconf 87' lang='lat' dir='ltr'><strong>tum</strong></span> <span class='ocrx_word' id='word_1_489' title='bbox 587 3888 763 3945; x_wconf 92' lang='lat' dir='ltr'><strong>duove</strong></span> <span class='ocrx_word' id='word_1_490' title='bbox 795 3888 887 3960; x_wconf 91' lang='lat' dir='ltr'><strong>qui</strong></span> <span class='ocrx_word' id='word_1_491' title='bbox 917 3887 1119 3943; x_wconf 79' lang='lat' dir='ltr'><strong>fuerint</strong></span> <span class='ocrx_word' id='word_1_492' title='bbox 1144 3890 1372 3945; x_wconf 90' lang='lat' dir='ltr'><strong>scimus.</strong></span> 
     </span>
    </p>
   </div>
   <div class='ocr_carea' id='block_1_63' title="bbox 777 3980 1691 4040">
    <p class='ocr_par' dir='ltr' id='par_1_63' title="bbox 777 3980 1691 4040">
     <span class='ocr_line' id='line_1_63' title="bbox 777 3980 1691 4040; baseline 0.005 -5"><span class='ocrx_word' id='word_1_493' title='bbox 777 3983 843 4036; x_wconf 78' lang='grc' dir='ltr'>Α.</span> <span class='ocrx_word' id='word_1_494' title='bbox 877 3980 1306 4037; x_wconf 88' lang='lat' dir='ltr'><strong>Commentarius</strong></span> <span class='ocrx_word' id='word_1_495' title='bbox 1343 3984 1397 4036; x_wconf 88' lang='lat' dir='ltr'><strong>in</strong></span> <span class='ocrx_word' id='word_1_496' title='bbox 1422 3985 1691 4040; x_wconf 74' lang='lat' dir='ltr'><strong>Psaimos.</strong></span> 
     </span>
    </p>
   </div>
   <div class='ocr_carea' id='block_1_64' title="bbox 512 4073 2029 4138">
    <p class='ocr_par' dir='ltr' id='par_1_64' title="bbox 512 4073 2029 4138">
     <span class='ocr_line' id='line_1_64' title="bbox 512 4073 2029 4138; baseline 0.007 -10"><span class='ocrx_word' id='word_1_497' title='bbox 512 4073 658 4129; x_wconf 87' lang='lat' dir='ltr'><strong>Inter</strong></span> <span class='ocrx_word' id='word_1_498' title='bbox 710 4089 903 4129; x_wconf 87' lang='lat' dir='ltr'><strong>omnes</strong></span> <span class='ocrx_word' id='word_1_499' title='bbox 946 4073 1218 4130; x_wconf 88' lang='lat' dir='ltr'><strong>Theodori</strong></span> <span class='ocrx_word' id='word_1_500' title='bbox 1279 4076 1447 4132; x_wconf 92' lang='lat' dir='ltr'><strong>libros</strong></span> <span class='ocrx_word' id='word_1_501' title='bbox 1493 4081 1921 4138; x_wconf 89' lang='lat' dir='ltr'><strong>commentarius</strong></span> <span class='ocrx_word' id='word_1_502' title='bbox 1974 4083 2029 4137; x_wconf 88' lang='lat' dir='ltr'><strong>in</strong></span> 
     </span>
    </p>
   </div>
   <div class='ocr_carea' id='block_1_65' title="bbox 443 4163 2029 4242">
    <p class='ocr_par' dir='ltr' id='par_1_65' title="bbox 443 4163 2029 4242">
     <span class='ocr_line' id='line_1_65' title="bbox 443 4163 2029 4242; baseline 0.006 -24"><span class='ocrx_word' id='word_1_503' title='bbox 443 4163 716 4229; x_wconf 87' lang='lat' dir='ltr'><strong>Psalmos,</strong></span> <span class='ocrx_word' id='word_1_504' title='bbox 741 4180 923 4235; x_wconf 84' lang='lat' dir='ltr'><strong>quem,</strong></span> <span class='ocrx_word' id='word_1_505' title='bbox 954 4164 1219 4219; x_wconf 87' lang='lat' dir='ltr'><strong>Ebediesu</strong></span> <span class='ocrx_word' id='word_1_506' title='bbox 1249 4174 1385 4221; x_wconf 86' lang='lat' dir='ltr'><strong>teste</strong></span> <span class='ocrx_word' id='word_1_507' title='bbox 1410 4168 1445 4220; x_wconf 97' lang='lat' dir='ltr'><strong>l.</strong></span> <span class='ocrx_word' id='word_1_508' title='bbox 1474 4181 1548 4234; x_wconf 91' lang='lat' dir='ltr'><strong>c.,</strong></span> <span class='ocrx_word' id='word_1_509' title='bbox 1583 4184 1637 4239; x_wconf 89' lang='lat' dir='ltr'><strong>p.</strong></span> <span class='ocrx_word' id='word_1_510' title='bbox 1674 4169 1762 4236; x_wconf 80' lang='grc'><strong>51,</strong></span> <span class='ocrx_word' id='word_1_511' title='bbox 1788 4172 2029 4242; x_wconf 88' lang='lat' dir='ltr'><strong>quinque</strong></span> 
     </span>
    </p>
   </div>
   <div class='ocr_carea' id='block_1_66' title="bbox 441 4258 2028 4332">
    <p class='ocr_par' dir='ltr' id='par_1_66' title="bbox 441 4258 2028 4332">
     <span class='ocr_line' id='line_1_66' title="bbox 441 4258 2028 4332; baseline 0.005 -21"><span class='ocrx_word' id='word_1_512' title='bbox 441 4260 604 4314; x_wconf 85' lang='lat' dir='ltr'><strong>tomis</strong></span> <span class='ocrx_word' id='word_1_513' title='bbox 641 4258 708 4313; x_wconf 91' lang='lat' dir='ltr'><strong>ad</strong></span> <span class='ocrx_word' id='word_1_514' title='bbox 744 4258 1048 4313; x_wconf 88' lang='lat' dir='ltr'><strong>Cerdonem</strong></span> <span class='ocrx_word' id='word_1_515' title='bbox 1076 4258 1303 4329; x_wconf 90' lang='lat' dir='ltr'><strong>ejusque</strong></span> <span class='ocrx_word' id='word_1_516' title='bbox 1355 4259 1575 4314; x_wconf 84' lang='lat' dir='ltr'><strong>fratrem</strong></span> <span class='ocrx_word' id='word_1_517' title='bbox 1612 4263 1851 4332; x_wconf 89' lang='lat' dir='ltr'><strong>scripsit,</strong></span> <span class='ocrx_word' id='word_1_518' title='bbox 1888 4274 2028 4319; x_wconf 82' lang='lat' dir='ltr'><strong>tem-</strong></span> 
     </span>
    </p>
   </div>
   <div class='ocr_carea' id='block_1_67' title="bbox 442 4350 2027 4421">
    <p class='ocr_par' dir='ltr' id='par_1_67' title="bbox 442 4350 2027 4421">
     <span class='ocr_line' id='line_1_67' title="bbox 442 4350 2027 4421; baseline 0.004 -17"><span class='ocrx_word' id='word_1_519' title='bbox 442 4365 575 4421; x_wconf 92' lang='lat' dir='ltr'><strong>pore</strong></span> <span class='ocrx_word' id='word_1_520' title='bbox 618 4350 854 4421; x_wconf 89' lang='lat' dir='ltr'><strong>primum</strong></span> <span class='ocrx_word' id='word_1_521' title='bbox 894 4351 1073 4405; x_wconf 90' lang='lat' dir='ltr'><strong>locum</strong></span> <span class='ocrx_word' id='word_1_522' title='bbox 1126 4352 1228 4406; x_wconf 90' lang='lat' dir='ltr'><strong>sibi</strong></span> <span class='ocrx_word' id='word_1_523' title='bbox 1272 4351 1528 4407; x_wconf 88' lang='lat' dir='ltr'><strong>vindicat.</strong></span> <span class='ocrx_word' id='word_1_524' title='bbox 1591 4351 1859 4409; x_wconf 88' lang='lat' dir='ltr'><strong>Nimirum</strong></span> <span class='ocrx_word' id='word_1_525' title='bbox 1902 4372 2027 4410; x_wconf 80' lang='lat' dir='ltr'><strong>cum</strong></span> 
     </span>
    </p>
   </div>
   <div class='ocr_carea' id='block_1_68' title="bbox 441 4440 2030 4515">
    <p class='ocr_par' dir='ltr' id='par_1_68' title="bbox 441 4440 2030 4515">
     <span class='ocr_line' id='line_1_68' title="bbox 441 4440 2030 4515; baseline 0.004 -19"><span class='ocrx_word' id='word_1_526' title='bbox 441 4442 761 4497; x_wconf 84' lang='lat' dir='ltr'><strong>Theodorus</strong></span> <span class='ocrx_word' id='word_1_527' title='bbox 794 4442 910 4512; x_wconf 92' lang='lat' dir='ltr'><strong>ipse</strong></span> <span class='ocrx_word' id='word_1_528' title='bbox 945 4457 1031 4512; x_wconf 89' lang='lat' dir='ltr'><strong>ap.</strong></span> <span class='ocrx_word' id='word_1_529' title='bbox 1058 4440 1184 4497; x_wconf 90' lang='lat' dir='ltr'><strong>Fac.</strong></span> <span class='ocrx_word' id='word_1_530' title='bbox 1232 4456 1314 4507; x_wconf 91' lang='grc' dir='ltr'>ιιι,</span> <span class='ocrx_word' id='word_1_531' title='bbox 1343 4458 1421 4505; x_wconf 73' lang='lat' dir='ltr'><strong>vr,</strong></span> <span class='ocrx_word' id='word_1_532' title='bbox 1455 4442 1564 4514; x_wconf 89' lang='lat' dir='ltr'><strong>(l0,</strong></span> <span class='ocrx_word' id='word_1_533' title='bbox 1599 4442 1651 4508; x_wconf 89' lang='grc'><strong>1,</strong></span> <span class='ocrx_word' id='word_1_534' title='bbox 1684 4444 1737 4515; x_wconf 85' lang='grc'>5)</span> <span class='ocrx_word' id='word_1_535' title='bbox 1767 4444 1932 4509; x_wconf 87' lang='lat' dir='ltr'><strong>dicat,</strong></span> <span class='ocrx_word' id='word_1_536' title='bbox 1969 4462 2030 4503; x_wconf 87' lang='lat' dir='ltr'><strong>se</strong></span> 
     </span>
    </p>
   </div>
   <div class='ocr_carea' id='block_1_69' title="bbox 445 4532 2027 4607">
    <p class='ocr_par' dir='ltr' id='par_1_69' title="bbox 445 4532 2027 4607">
     <span class='ocr_line' id='line_1_69' title="bbox 445 4532 2027 4607; baseline 0.006 -23"><span class='ocrx_word' id='word_1_537' title='bbox 445 4553 465 4584; x_wconf 72' lang='grc' dir='ltr'><strong>ι</strong></span> <span class='ocrx_word' id='word_1_538' title='bbox 499 4549 562 4589; x_wconf 89' lang='lat' dir='ltr'><strong>ea</strong></span> <span class='ocrx_word' id='word_1_539' title='bbox 610 4549 731 4605; x_wconf 69' lang='lat' dir='ltr'><strong>qum</strong></span> <span class='ocrx_word' id='word_1_540' title='bbox 787 4534 989 4604; x_wconf 90' lang='lat' dir='ltr'><strong>scripta</strong></span> <span class='ocrx_word' id='word_1_541' title='bbox 1037 4543 1222 4590; x_wconf 89' lang='lat' dir='ltr'><strong>essent</strong></span> <span class='ocrx_word' id='word_1_542' title='bbox 1271 4537 1326 4589; x_wconf 89' lang='lat' dir='ltr'><strong>in</strong></span> <span class='ocrx_word' id='word_1_543' title='bbox 1369 4532 1619 4591; x_wconf 87' lang='lat' dir='ltr'><strong>Psalmos</strong></span> <span class='ocrx_word' id='word_1_544' title='bbox 1655 4537 1813 4591; x_wconf 85' lang='lat' dir='ltr'><strong>etiam</strong></span> <span class='ocrx_word' id='word_1_545' title='bbox 1854 4539 2027 4607; x_wconf 84' lang='lat' dir='ltr'><strong>prima</strong></span> 
     </span>
    </p>
   </div>
   <div class='ocr_carea' id='block_1_70' title="bbox 440 4624 2025 4700">
    <p class='ocr_par' dir='ltr' id='par_1_70' title="bbox 440 4624 2025 4700">
     <span class='ocr_line' id='line_1_70' title="bbox 440 4624 2025 4700; baseline 0.003 -22"><span class='ocrx_word' id='word_1_546' title='bbox 440 4637 751 4679; x_wconf 74' lang='lat' dir='ltr'><strong>cwterorum</strong></span> <span class='ocrx_word' id='word_1_547' title='bbox 785 4625 1017 4677; x_wconf 87' lang='lat' dir='ltr'><strong>omnium</strong></span> <span class='ocrx_word' id='word_1_548' title='bbox 1046 4624 1355 4694; x_wconf 89' lang='lat' dir='ltr'><strong>scripsisse,</strong></span> <span class='ocrx_word' id='word_1_549' title='bbox 1395 4644 1413 4676; x_wconf 80' lang='grc' dir='ltr'><strong>ι</strong></span> <span class='ocrx_word' id='word_1_550' title='bbox 1442 4626 1588 4696; x_wconf 90' lang='lat' dir='ltr'><strong>quod</strong></span> <span class='ocrx_word' id='word_1_551' title='bbox 1614 4627 1755 4683; x_wconf 91' lang='lat' dir='ltr'><strong>idem</strong></span> <span class='ocrx_word' id='word_1_552' title='bbox 1790 4627 2025 4700; x_wconf 82' lang='lat' dir='ltr'><strong>Hesych.</strong></span> 
     </span>
    </p>
   </div>
   <div class='ocr_carea' id='block_1_71' title="bbox 440 4715 2025 4786">
    <p class='ocr_par' dir='ltr' id='par_1_71' title="bbox 440 4715 2025 4786">
     <span class='ocr_line' id='line_1_71' title="bbox 440 4715 2025 4786; baseline 0.002 -14"><span class='ocrx_word' id='word_1_553' title='bbox 440 4718 478 4772; x_wconf 91' lang='lat' dir='ltr'><strong>l.</strong></span> <span class='ocrx_word' id='word_1_554' title='bbox 525 4732 599 4779; x_wconf 91' lang='lat' dir='ltr'><strong>c.,</strong></span> <span class='ocrx_word' id='word_1_555' title='bbox 651 4732 703 4786; x_wconf 93' lang='lat' dir='ltr'><strong>p.</strong></span> <span class='ocrx_word' id='word_1_556' title='bbox 747 4715 873 4779; x_wconf 89' lang='grc'><strong>104,</strong></span> <span class='ocrx_word' id='word_1_557' title='bbox 923 4724 1174 4783; x_wconf 87' lang='lat' dir='ltr'><strong>testatur,</strong></span> <span class='ocrx_word' id='word_1_558' title='bbox 1229 4718 1285 4771; x_wconf 87' lang='lat' dir='ltr'><strong>in</strong></span> <span class='ocrx_word' id='word_1_559' title='bbox 1337 4730 1527 4774; x_wconf 86' lang='lat' dir='ltr'><strong>errore</strong></span> <span class='ocrx_word' id='word_1_560' title='bbox 1575 4720 1783 4774; x_wconf 87' lang='lat' dir='ltr'><strong>versari</strong></span> <span class='ocrx_word' id='word_1_561' title='bbox 1830 4719 2025 4775; x_wconf 81' lang='lat' dir='ltr'><strong>Chron.</strong></span> 
     </span>
    </p>
   </div>
   <div class='ocr_carea' id='block_1_72' title="bbox 440 4807 2031 4881">
    <p class='ocr_par' dir='ltr' id='par_1_72' title="bbox 440 4807 2031 4881">
     <span class='ocr_line' id='line_1_72' title="bbox 440 4807 2031 4881; baseline 0.002 -17"><span class='ocrx_word' id='word_1_562' title='bbox 440 4808 885 4879; x_wconf 84' lang='lat' dir='ltr'><strong>Edessen.,quod</strong></span> <span class='ocrx_word' id='word_1_563' title='bbox 925 4807 1086 4862; x_wconf 83' lang='lat' dir='ltr'><strong>XLVI</strong></span> <span class='ocrx_word' id='word_1_564' title='bbox 1130 4810 1341 4864; x_wconf 81' lang='lat' dir='ltr'><strong>Assem.</strong></span> <span class='ocrx_word' id='word_1_565' title='bbox 1375 4810 1412 4865; x_wconf 93' lang='lat' dir='ltr'><strong>l.</strong></span> <span class='ocrx_word' id='word_1_566' title='bbox 1440 4810 1474 4865; x_wconf 94' lang='grc' dir='ltr'>Ι.</span> <span class='ocrx_word' id='word_1_567' title='bbox 1514 4809 1556 4876; x_wconf 89' lang='grc' dir='ltr'><strong>Ι,</strong></span> <span class='ocrx_word' id='word_1_568' title='bbox 1600 4827 1652 4881; x_wconf 91' lang='lat' dir='ltr'><strong>p.</strong></span> <span class='ocrx_word' id='word_1_569' title='bbox 1686 4811 1811 4877; x_wconf 86' lang='grc'><strong>409,</strong></span> <span class='ocrx_word' id='word_1_570' title='bbox 1853 4810 2031 4867; x_wconf 89' lang='lat' dir='ltr'><strong>Theo-</strong></span> 
     </span>
    </p>
   </div>
   <div class='ocr_carea' id='block_1_73' title="bbox 440 4900 2028 4974">
    <p class='ocr_par' dir='ltr' id='par_1_73' title="bbox 440 4900 2028 4974">
     <span class='ocr_line' id='line_1_73' title="bbox 440 4900 2028 4974; baseline 0.001 -19"><span class='ocrx_word' id='word_1_571' title='bbox 440 4903 635 4956; x_wconf 89' lang='lat' dir='ltr'><strong>dorum</strong></span> <span class='ocrx_word' id='word_1_572' title='bbox 676 4916 820 4955; x_wconf 90' lang='lat' dir='ltr'><strong>anno</strong></span> <span class='ocrx_word' id='word_1_573' title='bbox 861 4900 1133 4971; x_wconf 69' lang='lat' dir='ltr'><strong>7M(405.</strong></span> <span class='ocrx_word' id='word_1_574' title='bbox 1173 4902 1271 4956; x_wconf 87' lang='grc'><strong>401</strong></span> <span class='ocrx_word' id='word_1_575' title='bbox 1293 4902 1338 4974; x_wconf 88' lang='lat'><strong>?)</strong></span> <span class='ocrx_word' id='word_1_576' title='bbox 1388 4901 1701 4974; x_wconf 87' lang='lat' dir='ltr'><strong>Scripturas</strong></span> <span class='ocrx_word' id='word_1_577' title='bbox 1748 4902 1806 4959; x_wconf 89' lang='lat' dir='ltr'><strong>S.</strong></span> <span class='ocrx_word' id='word_1_578' title='bbox 1862 4905 2028 4958; x_wconf 88' lang='lat' dir='ltr'><strong>inter-</strong></span> 
     </span>
    </p>
   </div>
   <div class='ocr_carea' id='block_1_74' title="bbox 440 4993 2027 5065">
    <p class='ocr_par' dir='ltr' id='par_1_74' title="bbox 440 4993 2027 5065">
     <span class='ocr_line' id='line_1_74' title="bbox 440 4993 2027 5065; baseline 0.003 -19"><span class='ocrx_word' id='word_1_579' title='bbox 440 4993 641 5063; x_wconf 88' lang='lat' dir='ltr'><strong>pretari</strong></span> <span class='ocrx_word' id='word_1_580' title='bbox 677 4993 947 5063; x_wconf 90' lang='lat' dir='ltr'><strong>incepisse</strong></span> <span class='ocrx_word' id='word_1_581' title='bbox 976 5000 1184 5057; x_wconf 89' lang='lat' dir='ltr'><strong>narrat,</strong></span> <span class='ocrx_word' id='word_1_582' title='bbox 1208 4994 1321 5063; x_wconf 91' lang='lat' dir='ltr'><strong>jam</strong></span> <span class='ocrx_word' id='word_1_583' title='bbox 1343 5010 1412 5049; x_wconf 80' lang='lat' dir='ltr'><strong>ex</strong></span> <span class='ocrx_word' id='word_1_584' title='bbox 1434 5010 1499 5049; x_wconf 92' lang='lat' dir='ltr'><strong>eo</strong></span> <span class='ocrx_word' id='word_1_585' title='bbox 1521 4994 1862 5065; x_wconf 89' lang='lat' dir='ltr'><strong>intelligitur,</strong></span> <span class='ocrx_word' id='word_1_586' title='bbox 1884 4996 2027 5065; x_wconf 89' lang='lat' dir='ltr'><strong>quod</strong></span> 
     </span>
    </p>
   </div>
   <div class='ocr_carea' id='block_1_75' title="bbox 442 5083 2027 5157">
    <p class='ocr_par' dir='ltr' id='par_1_75' title="bbox 442 5083 2027 5157">
     <span class='ocr_line' id='line_1_75' title="bbox 442 5083 2027 5157; baseline 0 -17"><span class='ocrx_word' id='word_1_587' title='bbox 442 5088 627 5157; x_wconf 89' lang='lat' dir='ltr'><strong>plures</strong></span> <span class='ocrx_word' id='word_1_588' title='bbox 673 5083 947 5141; x_wconf 85' lang='lat' dir='ltr'><strong>Theodori</strong></span> <span class='ocrx_word' id='word_1_589' title='bbox 1002 5086 1169 5140; x_wconf 89' lang='lat' dir='ltr'><strong>libros</strong></span> <span class='ocrx_word' id='word_1_590' title='bbox 1227 5086 1398 5140; x_wconf 82' lang='lat' dir='ltr'><strong>imdto</strong></span> <span class='ocrx_word' id='word_1_591' title='bbox 1446 5093 1573 5141; x_wconf 91' lang='lat' dir='ltr'><strong>ante</strong></span> <span class='ocrx_word' id='word_1_592' title='bbox 1621 5086 1773 5141; x_wconf 90' lang='lat' dir='ltr'><strong>illum</strong></span> <span class='ocrx_word' id='word_1_593' title='bbox 1825 5102 2027 5141; x_wconf 93' lang='lat' dir='ltr'><strong>annum</strong></span> 
     </span>
    </p>
   </div>
   <div class='ocr_carea' id='block_1_76' title="bbox 2136 3890 3737 3969">
    <p class='ocr_par' dir='ltr' id='par_1_76' title="bbox 2136 3890 3737 3969">
     <span class='ocr_line' id='line_1_76' title="bbox 2136 3890 3737 3969; baseline -0.005 -16"><span class='ocrx_word' id='word_1_594' title='bbox 2136 3900 2249 3969; x_wconf 80' lang='lat' dir='ltr'><strong>(xv,</strong></span> <span class='ocrx_word' id='word_1_595' title='bbox 2298 3896 2393 3964; x_wconf 87' lang='lat'><strong>8);</strong></span> <span class='ocrx_word' id='word_1_596' title='bbox 2450 3893 2559 3949; x_wconf 87' lang='lat'><strong>296</strong></span> <span class='ocrx_word' id='word_1_597' title='bbox 2612 3892 2747 3961; x_wconf 80' lang='lat' dir='ltr'><strong>(xvi,</strong></span> <span class='ocrx_word' id='word_1_598' title='bbox 2804 3893 2893 3955; x_wconf 89' lang='grc'><strong>11,</strong></span> <span class='ocrx_word' id='word_1_599' title='bbox 2952 3891 3073 3961; x_wconf 79' lang='lat' dir='ltr'><strong>l2);</strong></span> <span class='ocrx_word' id='word_1_600' title='bbox 3130 3892 3235 3948; x_wconf 88' lang='lat'><strong>528</strong></span> <span class='ocrx_word' id='word_1_601' title='bbox 3289 3892 3445 3965; x_wconf 82' lang='lat' dir='ltr'><strong>(xvii,</strong></span> <span class='ocrx_word' id='word_1_602' title='bbox 3486 3892 3580 3963; x_wconf 89' lang='lat'><strong>8);</strong></span> <span class='ocrx_word' id='word_1_603' title='bbox 3626 3890 3737 3947; x_wconf 77' lang='grc'><strong>374</strong></span> 
     </span>
    </p>
   </div>
   <div class='ocr_carea' id='block_1_77' title="bbox 2133 3982 3737 4062">
    <p class='ocr_par' dir='ltr' id='par_1_77' title="bbox 2133 3982 3737 4062">
     <span class='ocr_line' id='line_1_77' title="bbox 2133 3982 3737 4062; baseline -0.004 -17"><span class='ocrx_word' id='word_1_604' title='bbox 2133 3989 2360 4062; x_wconf 85' lang='grc' dir='ltr'>(χχχιι);</span> <span class='ocrx_word' id='word_1_605' title='bbox 2389 3987 2495 4043; x_wconf 93' lang='lat'><strong>575</strong></span> <span class='ocrx_word' id='word_1_606' title='bbox 2526 3986 2723 4057; x_wconf 79' lang='grc' dir='ltr'>(χχχιι,</span> <span class='ocrx_word' id='word_1_607' title='bbox 2753 3986 2825 4056; x_wconf 93' lang='grc'>1).</span> <span class='ocrx_word' id='word_1_608' title='bbox 2857 3986 3120 4040; x_wconf 61' lang='lat' dir='ltr'><strong>Praeterea</strong></span> <span class='ocrx_word' id='word_1_609' title='bbox 3143 3984 3390 4054; x_wconf 72' lang='lat' dir='ltr'><strong>quaedam</strong></span> <span class='ocrx_word' id='word_1_610' title='bbox 3415 3985 3534 4040; x_wconf 92' lang='lat' dir='ltr'><strong>solo</strong></span> <span class='ocrx_word' id='word_1_611' title='bbox 3555 3982 3737 4039; x_wconf 87' lang='lat' dir='ltr'><strong>Theo-</strong></span> 
     </span>
    </p>
   </div>
   <div class='ocr_carea' id='block_1_78' title="bbox 2131 4074 3735 4147">
    <p class='ocr_par' dir='ltr' id='par_1_78' title="bbox 2131 4074 3735 4147">
     <span class='ocr_line' id='line_1_78' title="bbox 2131 4074 3735 4147; baseline -0.004 -10"><span class='ocrx_word' id='word_1_612' title='bbox 2131 4081 2251 4137; x_wconf 92' lang='lat' dir='ltr'><strong>dori</strong></span> <span class='ocrx_word' id='word_1_613' title='bbox 2285 4079 2506 4135; x_wconf 92' lang='lat' dir='ltr'><strong>nomine</strong></span> <span class='ocrx_word' id='word_1_614' title='bbox 2541 4084 2823 4141; x_wconf 90' lang='lat' dir='ltr'><strong>notantur,</strong></span> <span class='ocrx_word' id='word_1_615' title='bbox 2872 4091 2992 4147; x_wconf 77' lang='lat' dir='ltr'><strong>qua:</strong></span> <span class='ocrx_word' id='word_1_616' title='bbox 3023 4076 3206 4131; x_wconf 90' lang='lat' dir='ltr'><strong>sintne</strong></span> <span class='ocrx_word' id='word_1_617' title='bbox 3248 4074 3518 4131; x_wconf 84' lang='lat' dir='ltr'><strong>Theodori</strong></span> <span class='ocrx_word' id='word_1_618' title='bbox 3559 4074 3735 4131; x_wconf 82' lang='lat' dir='ltr'><strong>Hera-</strong></span> 
     </span>
    </p>
   </div>
   <div class='ocr_carea' id='block_1_79' title="bbox 2132 4168 3736 4240">
    <p class='ocr_par' dir='ltr' id='par_1_79' title="bbox 2132 4168 3736 4240">
     <span class='ocr_line' id='line_1_79' title="bbox 2132 4168 3736 4240; baseline -0.003 -11"><span class='ocrx_word' id='word_1_619' title='bbox 2132 4175 2320 4229; x_wconf 81' lang='lat' dir='ltr'><strong>cleota:</strong></span> <span class='ocrx_word' id='word_1_620' title='bbox 2359 4187 2427 4226; x_wconf 88' lang='lat' dir='ltr'><strong>an</strong></span> <span class='ocrx_word' id='word_1_621' title='bbox 2472 4170 2837 4240; x_wconf 82' lang='lat' dir='ltr'><strong>Mopsuesteni</strong></span> <span class='ocrx_word' id='word_1_622' title='bbox 2880 4169 3139 4223; x_wconf 89' lang='lat' dir='ltr'><strong>constitui</strong></span> <span class='ocrx_word' id='word_1_623' title='bbox 3169 4183 3277 4223; x_wconf 91' lang='lat' dir='ltr'><strong>non</strong></span> <span class='ocrx_word' id='word_1_624' title='bbox 3312 4184 3474 4240; x_wconf 87' lang='lat' dir='ltr'><strong>posse</strong></span> <span class='ocrx_word' id='word_1_625' title='bbox 3514 4168 3736 4225; x_wconf 79' lang='lat' dir='ltr'><strong>Sieﬂert</strong></span> 
     </span>
    </p>
   </div>
   <div class='ocr_carea' id='block_1_80' title="bbox 2134 4260 3735 4336">
    <p class='ocr_par' dir='ltr' id='par_1_80' title="bbox 2134 4260 3735 4336">
     <span class='ocr_line' id='line_1_80' title="bbox 2134 4260 3735 4336; baseline -0.001 -15"><span class='ocrx_word' id='word_1_626' title='bbox 2134 4268 2170 4321; x_wconf 93' lang='grc' dir='ltr'>Ι.</span> <span class='ocrx_word' id='word_1_627' title='bbox 2203 4268 2267 4329; x_wconf 86' lang='grc'><strong>1.,</strong></span> <span class='ocrx_word' id='word_1_628' title='bbox 2310 4281 2362 4336; x_wconf 92' lang='lat' dir='ltr'><strong>p.</strong></span> <span class='ocrx_word' id='word_1_629' title='bbox 2397 4264 2488 4327; x_wconf 80' lang='lat'><strong>50,</strong></span> <span class='ocrx_word' id='word_1_630' title='bbox 2521 4264 2613 4334; x_wconf 93' lang='lat' dir='ltr'><strong>qui</strong></span> <span class='ocrx_word' id='word_1_631' title='bbox 2654 4264 2755 4316; x_wconf 90' lang='lat' dir='ltr'><strong>hac</strong></span> <span class='ocrx_word' id='word_1_632' title='bbox 2784 4268 2977 4315; x_wconf 88' lang='lat' dir='ltr'><strong>catena</strong></span> <span class='ocrx_word' id='word_1_633' title='bbox 3006 4275 3114 4314; x_wconf 92' lang='lat' dir='ltr'><strong>non</strong></span> <span class='ocrx_word' id='word_1_634' title='bbox 3142 4260 3217 4314; x_wconf 91' lang='lat' dir='ltr'><strong>ita</strong></span> <span class='ocrx_word' id='word_1_635' title='bbox 3248 4272 3303 4315; x_wconf 89' lang='lat' dir='ltr'><strong>ut</strong></span> <span class='ocrx_word' id='word_1_636' title='bbox 3340 4260 3571 4316; x_wconf 88' lang='lat' dir='ltr'><strong>debebat</strong></span> <span class='ocrx_word' id='word_1_637' title='bbox 3597 4278 3735 4319; x_wconf 88' lang='lat' dir='ltr'><strong>usus</strong></span> 
     </span>
    </p>
   </div>
   <div class='ocr_carea' id='block_1_81' title="bbox 2131 4350 3734 4426">
    <p class='ocr_par' dir='ltr' id='par_1_81' title="bbox 2131 4350 3734 4426">
     <span class='ocr_line' id='line_1_81' title="bbox 2131 4350 3734 4426; baseline -0.004 -12"><span class='ocrx_word' id='word_1_638' title='bbox 2131 4367 2235 4424; x_wconf 91' lang='lat' dir='ltr'><strong>est,</strong></span> <span class='ocrx_word' id='word_1_639' title='bbox 2263 4369 2546 4426; x_wconf 91' lang='lat' dir='ltr'><strong>perperam</strong></span> <span class='ocrx_word' id='word_1_640' title='bbox 2593 4352 2863 4423; x_wconf 87' lang='lat' dir='ltr'><strong>perhibet.</strong></span> <span class='ocrx_word' id='word_1_641' title='bbox 2907 4350 3018 4406; x_wconf 91' lang='lat' dir='ltr'><strong>lmo</strong></span> <span class='ocrx_word' id='word_1_642' title='bbox 3050 4351 3378 4406; x_wconf 74' lang='lat' dir='ltr'><strong>Theodoreti</strong></span> <span class='ocrx_word' id='word_1_643' title='bbox 3421 4360 3566 4418; x_wconf 90' lang='lat' dir='ltr'><strong>sunt,</strong></span> <span class='ocrx_word' id='word_1_644' title='bbox 3609 4369 3734 4423; x_wconf 70' lang='lat' dir='ltr'><strong>quae</strong></span> 
     </span>
    </p>
   </div>
   <div class='ocr_carea' id='block_1_82' title="bbox 2131 4442 3736 4520">
    <p class='ocr_par' dir='ltr' id='par_1_82' title="bbox 2131 4442 3736 4520">
     <span class='ocr_line' id='line_1_82' title="bbox 2131 4442 3736 4520; baseline -0.002 -18"><span class='ocrx_word' id='word_1_645' title='bbox 2131 4466 2187 4520; x_wconf 88' lang='lat' dir='ltr'><strong>p.</strong></span> <span class='ocrx_word' id='word_1_646' title='bbox 2228 4449 2295 4505; x_wconf 86' lang='grc'><strong>15</strong></span> <span class='ocrx_word' id='word_1_647' title='bbox 2328 4448 2596 4519; x_wconf 83' lang='lat' dir='ltr'><strong>(fortasse</strong></span> <span class='ocrx_word' id='word_1_648' title='bbox 2628 4460 2751 4515; x_wconf 65' lang='lat' dir='ltr'><strong>qua:</strong></span> <span class='ocrx_word' id='word_1_649' title='bbox 2790 4444 2993 4499; x_wconf 89' lang='lat' dir='ltr'><strong>ibidem</strong></span> <span class='ocrx_word' id='word_1_650' title='bbox 3028 4442 3371 4499; x_wconf 87' lang='lat' dir='ltr'><strong>Theodoreto</strong></span> <span class='ocrx_word' id='word_1_651' title='bbox 3416 4446 3736 4500; x_wconf 89' lang='lat' dir='ltr'><strong>tribuuntur</strong></span> 
     </span>
    </p>
   </div>
   <div class='ocr_carea' id='block_1_83' title="bbox 2131 4534 3731 4606">
    <p class='ocr_par' dir='ltr' id='par_1_83' title="bbox 2131 4534 3731 4606">
     <span class='ocr_line' id='line_1_83' title="bbox 2131 4534 3731 4606; baseline -0.003 -11"><span class='ocrx_word' id='word_1_652' title='bbox 2131 4539 2405 4596; x_wconf 86' lang='lat' dir='ltr'><strong>Theodori</strong></span> <span class='ocrx_word' id='word_1_653' title='bbox 2440 4538 2613 4606; x_wconf 85' lang='lat' dir='ltr'><strong>sunt),</strong></span> <span class='ocrx_word' id='word_1_654' title='bbox 2650 4536 2740 4599; x_wconf 82' lang='grc'><strong>44,</strong></span> <span class='ocrx_word' id='word_1_655' title='bbox 2783 4536 2905 4601; x_wconf 83' lang='grc'><strong>157,</strong></span> <span class='ocrx_word' id='word_1_656' title='bbox 2941 4535 3065 4599; x_wconf 83' lang='grc'><strong>165,</strong></span> <span class='ocrx_word' id='word_1_657' title='bbox 3110 4534 3231 4600; x_wconf 88' lang='grc'><strong>189,</strong></span> <span class='ocrx_word' id='word_1_658' title='bbox 3276 4535 3396 4601; x_wconf 91' lang='grc'><strong>199,</strong></span> <span class='ocrx_word' id='word_1_659' title='bbox 3436 4535 3564 4599; x_wconf 82' lang='lat'><strong>200,</strong></span> <span class='ocrx_word' id='word_1_660' title='bbox 3600 4537 3731 4601; x_wconf 72' lang='grc'><strong>215,</strong></span> 
     </span>
    </p>
   </div>
   <div class='ocr_carea' id='block_1_84' title="bbox 2128 4627 3731 4701">
    <p class='ocr_par' dir='ltr' id='par_1_84' title="bbox 2128 4627 3731 4701">
     <span class='ocr_line' id='line_1_84' title="bbox 2128 4627 3731 4701; baseline -0.003 -13"><span class='ocrx_word' id='word_1_661' title='bbox 2128 4632 2255 4696; x_wconf 72' lang='grc'><strong>260,</strong></span> <span class='ocrx_word' id='word_1_662' title='bbox 2289 4632 2397 4687; x_wconf 88' lang='lat'><strong>275</strong></span> <span class='ocrx_word' id='word_1_663' title='bbox 2443 4631 2698 4701; x_wconf 89' lang='lat' dir='ltr'><strong>leguntur</strong></span> <span class='ocrx_word' id='word_1_664' title='bbox 2732 4627 2833 4698; x_wconf 79' lang='grc' dir='ltr'><strong>(ά),</strong></span> <span class='ocrx_word' id='word_1_665' title='bbox 2874 4628 2969 4683; x_wconf 86' lang='lat' dir='ltr'><strong>sed</strong></span> <span class='ocrx_word' id='word_1_666' title='bbox 3013 4628 3222 4697; x_wconf 89' lang='lat' dir='ltr'><strong>reliqua</strong></span> <span class='ocrx_word' id='word_1_667' title='bbox 3251 4643 3304 4696; x_wconf 93' lang='lat' dir='ltr'><strong>p.</strong></span> <span class='ocrx_word' id='word_1_668' title='bbox 3341 4629 3410 4681; x_wconf 88' lang='lat'><strong>52</strong></span> <span class='ocrx_word' id='word_1_669' title='bbox 3441 4629 3527 4699; x_wconf 92' lang='lat' dir='ltr'><strong>(de</strong></span> <span class='ocrx_word' id='word_1_670' title='bbox 3555 4644 3636 4699; x_wconf 89' lang='lat' dir='ltr'><strong>ps.</strong></span> <span class='ocrx_word' id='word_1_671' title='bbox 3669 4646 3731 4691; x_wconf 90' lang='grc' dir='ltr'><strong>ιι,</strong></span> 
     </span>
    </p>
   </div>
   <div class='ocr_carea' id='block_1_85' title="bbox 2134 4720 3733 4795">
    <p class='ocr_par' dir='ltr' id='par_1_85' title="bbox 2134 4720 3733 4795">
     <span class='ocr_line' id='line_1_85' title="bbox 2134 4720 3733 4795; baseline -0.001 -17"><span class='ocrx_word' id='word_1_672' title='bbox 2134 4725 2208 4795; x_wconf 89' lang='lat'><strong>7),</strong></span> <span class='ocrx_word' id='word_1_673' title='bbox 2242 4724 2344 4779; x_wconf 81' lang='grc'><strong>195</strong></span> <span class='ocrx_word' id='word_1_674' title='bbox 2378 4728 2474 4793; x_wconf 87' lang='grc' dir='ltr'>(ιχ,</span> <span class='ocrx_word' id='word_1_675' title='bbox 2531 4721 2642 4789; x_wconf 80' lang='grc'>16),</span> <span class='ocrx_word' id='word_1_676' title='bbox 2694 4721 2798 4775; x_wconf 83' lang='lat'><strong>550</strong></span> <span class='ocrx_word' id='word_1_677' title='bbox 2846 4720 3001 4786; x_wconf 77' lang='lat' dir='ltr'><strong>(xvii,</strong></span> <span class='ocrx_word' id='word_1_678' title='bbox 3055 4720 3166 4790; x_wconf 89' lang='grc'><strong>11),</strong></span> <span class='ocrx_word' id='word_1_679' title='bbox 3223 4720 3329 4775; x_wconf 88' lang='lat'><strong>965</strong></span> <span class='ocrx_word' id='word_1_680' title='bbox 3380 4721 3576 4793; x_wconf 73' lang='grc' dir='ltr'>(χιιχ),</span> <span class='ocrx_word' id='word_1_681' title='bbox 3629 4737 3733 4776; x_wconf 86' lang='lat' dir='ltr'><strong>cur</strong></span> 
     </span>
    </p>
   </div>
   <div class='ocr_carea' id='block_1_86' title="bbox 2131 4811 3730 4887">
    <p class='ocr_par' dir='ltr' id='par_1_86' title="bbox 2131 4811 3730 4887">
     <span class='ocr_line' id='line_1_86' title="bbox 2131 4811 3730 4887; baseline -0.002 -17"><span class='ocrx_word' id='word_1_682' title='bbox 2131 4815 2500 4887; x_wconf 84' lang='lat' dir='ltr'><strong>Mopsuesteni</strong></span> <span class='ocrx_word' id='word_1_683' title='bbox 2540 4829 2665 4868; x_wconf 87' lang='lat' dir='ltr'><strong>esse</strong></span> <span class='ocrx_word' id='word_1_684' title='bbox 2722 4824 2884 4881; x_wconf 90' lang='lat' dir='ltr'><strong>neges</strong></span> <span class='ocrx_word' id='word_1_685' title='bbox 2938 4811 3086 4865; x_wconf 92' lang='lat' dir='ltr'><strong>nulla</strong></span> <span class='ocrx_word' id='word_1_686' title='bbox 3136 4813 3276 4866; x_wconf 87' lang='lat' dir='ltr'><strong>ratio</strong></span> <span class='ocrx_word' id='word_1_687' title='bbox 3313 4820 3416 4867; x_wconf 88' lang='lat' dir='ltr'><strong>est.</strong></span> <span class='ocrx_word' id='word_1_688' title='bbox 3459 4813 3730 4867; x_wconf 76' lang='lat' dir='ltr'><strong>Caeterum</strong></span> 
     </span>
    </p>
   </div>
   <div class='ocr_carea' id='block_1_87' title="bbox 2131 4901 3731 4978">
    <p class='ocr_par' dir='ltr' id='par_1_87' title="bbox 2131 4901 3731 4978">
     <span class='ocr_line' id='line_1_87' title="bbox 2131 4901 3731 4978; baseline -0.001 -17"><span class='ocrx_word' id='word_1_689' title='bbox 2131 4924 2251 4978; x_wconf 63' lang='lat' dir='ltr'><strong>qum</strong></span> <span class='ocrx_word' id='word_1_690' title='bbox 2283 4905 2517 4961; x_wconf 83' lang='lat' dir='ltr'><strong>Schulze</strong></span> <span class='ocrx_word' id='word_1_691' title='bbox 2545 4904 2599 4959; x_wconf 92' lang='lat' dir='ltr'><strong>in</strong></span> <span class='ocrx_word' id='word_1_692' title='bbox 2632 4902 2764 4959; x_wconf 92' lang='lat' dir='ltr'><strong>edit.</strong></span> <span class='ocrx_word' id='word_1_693' title='bbox 2806 4901 3154 4968; x_wconf 82' lang='lat' dir='ltr'><strong>Theodoreti,</strong></span> <span class='ocrx_word' id='word_1_694' title='bbox 3192 4902 3229 4966; x_wconf 91' lang='lat' dir='ltr'><strong>I,</strong></span> <span class='ocrx_word' id='word_1_695' title='bbox 3257 4919 3309 4971; x_wconf 91' lang='lat' dir='ltr'><strong>p.</strong></span> <span class='ocrx_word' id='word_1_696' title='bbox 3354 4902 3479 4966; x_wconf 87' lang='lat'><strong>792,</strong></span> <span class='ocrx_word' id='word_1_697' title='bbox 3508 4903 3632 4967; x_wconf 86' lang='lat'><strong>795,</strong></span> <span class='ocrx_word' id='word_1_698' title='bbox 3660 4921 3731 4959; x_wconf 81' lang='lat' dir='ltr'><strong>ex</strong></span> 
     </span>
    </p>
   </div>
   <div class='ocr_carea' id='block_1_88' title="bbox 2131 4994 3732 5065">
    <p class='ocr_par' dir='ltr' id='par_1_88' title="bbox 2131 4994 3732 5065">
     <span class='ocr_line' id='line_1_88' title="bbox 2131 4994 3732 5065; baseline 0.001 -12"><span class='ocrx_word' id='word_1_699' title='bbox 2131 4998 2254 5055; x_wconf 90' lang='lat' dir='ltr'><strong>cod.</strong></span> <span class='ocrx_word' id='word_1_700' title='bbox 2297 4997 2448 5052; x_wconf 86' lang='lat' dir='ltr'><strong>Flor.</strong></span> <span class='ocrx_word' id='word_1_701' title='bbox 2485 4996 2553 5053; x_wconf 87' lang='lat' dir='ltr'><strong>de</strong></span> <span class='ocrx_word' id='word_1_702' title='bbox 2577 5012 2661 5065; x_wconf 90' lang='lat' dir='ltr'><strong>ps.</strong></span> <span class='ocrx_word' id='word_1_703' title='bbox 2694 5010 2821 5057; x_wconf 78' lang='grc' dir='ltr'>χχχ,</span> <span class='ocrx_word' id='word_1_704' title='bbox 2853 4996 2906 5058; x_wconf 85' lang='lat'><strong>5,</strong></span> <span class='ocrx_word' id='word_1_705' title='bbox 2943 4996 3150 5059; x_wconf 91' lang='lat' dir='ltr'><strong>attulit,</strong></span> <span class='ocrx_word' id='word_1_706' title='bbox 3178 5009 3241 5049; x_wconf 89' lang='lat' dir='ltr'><strong>ca</strong></span> <span class='ocrx_word' id='word_1_707' title='bbox 3284 4994 3557 5050; x_wconf 86' lang='lat' dir='ltr'><strong>Theodori</strong></span> <span class='ocrx_word' id='word_1_708' title='bbox 3605 5013 3732 5054; x_wconf 87' lang='lat' dir='ltr'><strong>esse</strong></span> 
     </span>
    </p>
   </div>
   <div class='ocr_carea' id='block_1_89' title="bbox 2134 5087 2771 5159">
    <p class='ocr_par' dir='ltr' id='par_1_89' title="bbox 2134 5087 2771 5159">
     <span class='ocr_line' id='line_1_89' title="bbox 2134 5087 2771 5159; baseline -0.005 -15"><span class='ocrx_word' id='word_1_709' title='bbox 2134 5090 2427 5145; x_wconf 88' lang='lat' dir='ltr'><strong>admodum</strong></span> <span class='ocrx_word' id='word_1_710' title='bbox 2469 5087 2771 5159; x_wconf 87' lang='lat' dir='ltr'><strong>probabile.</strong></span> 
     </span>
    </p>
   </div>
   <div class='ocr_carea' id='block_1_90' title="bbox 440 5168 3730 5247">
    <p class='ocr_par' dir='ltr' id='par_1_90' title="bbox 440 5168 3730 5247">
     <span class='ocr_line' id='line_1_90' title="bbox 440 5168 3730 5247; baseline 0 -15"><span class='ocrx_word' id='word_1_711' title='bbox 440 5178 777 5247; x_wconf 88' lang='lat' dir='ltr'><strong>compositos</strong></span> <span class='ocrx_word' id='word_1_712' title='bbox 808 5191 932 5232; x_wconf 91' lang='lat' dir='ltr'><strong>esse</strong></span> <span class='ocrx_word' id='word_1_713' title='bbox 972 5177 1108 5231; x_wconf 86' lang='lat' dir='ltr'><strong>nihil</strong></span> <span class='ocrx_word' id='word_1_714' title='bbox 1137 5178 1341 5232; x_wconf 85' lang='lat' dir='ltr'><strong>certius</strong></span> <span class='ocrx_word' id='word_1_715' title='bbox 1384 5185 1487 5232; x_wconf 90' lang='lat' dir='ltr'><strong>est.</strong></span> <span class='ocrx_word' id='word_1_716' title='bbox 1536 5178 1640 5234; x_wconf 91' lang='lat' dir='ltr'><strong>Sed</strong></span> <span class='ocrx_word' id='word_1_717' title='bbox 1669 5179 1898 5247; x_wconf 91' lang='lat' dir='ltr'><strong>rumori,</strong></span> <span class='ocrx_word' id='word_1_718' title='bbox 1932 5194 2030 5235; x_wconf 87' lang='lat' dir='ltr'><strong>cu-</strong></span> <span class='ocrx_word' id='word_1_719' title='bbox 2065 5168 2109 5222; x_wconf 80' lang='grc' dir='ltr'><strong>ι)</strong></span> <span class='ocrx_word' id='word_1_720' title='bbox 2210 5182 2266 5236; x_wconf 88' lang='lat' dir='ltr'><strong>In</strong></span> <span class='ocrx_word' id='word_1_721' title='bbox 2290 5181 2463 5235; x_wconf 85' lang='lat' dir='ltr'><strong>altero</strong></span> <span class='ocrx_word' id='word_1_722' title='bbox 2483 5180 2700 5234; x_wconf 67' lang='lat' dir='ltr'><strong>Catenae</strong></span> <span class='ocrx_word' id='word_1_723' title='bbox 2727 5187 2875 5232; x_wconf 91' lang='lat' dir='ltr'><strong>tomo</strong></span> <span class='ocrx_word' id='word_1_724' title='bbox 2904 5175 3172 5247; x_wconf 89' lang='lat' dir='ltr'><strong>permulta</strong></span> <span class='ocrx_word' id='word_1_725' title='bbox 3198 5173 3469 5231; x_wconf 87' lang='lat' dir='ltr'><strong>Theodori</strong></span> <span class='ocrx_word' id='word_1_726' title='bbox 3492 5175 3730 5232; x_wconf 79' lang='lat' dir='ltr'><strong>ali‘eruu-</strong></span> 
     </span>
    </p>
   </div>
   <div class='ocr_carea' id='block_1_91' title="bbox 511 5350 2024 5421">
    <p class='ocr_par' dir='ltr' id='par_1_91' title="bbox 511 5350 2024 5421">
     <span class='ocr_line' id='line_1_91' title="bbox 511 5350 2024 5421; baseline 0.005 -17"><span class='ocrx_word' id='word_1_727' title='bbox 511 5350 590 5419; x_wconf 92' lang='lat' dir='ltr'><strong>(a)</strong></span> <span class='ocrx_word' id='word_1_728' title='bbox 622 5350 726 5406; x_wconf 87' lang='lat' dir='ltr'><strong>Sed</strong></span> <span class='ocrx_word' id='word_1_729' title='bbox 766 5358 1069 5415; x_wconf 92' lang='lat' dir='ltr'><strong>tomorum,</strong></span> <span class='ocrx_word' id='word_1_730' title='bbox 1119 5368 1257 5421; x_wconf 87' lang='lat' dir='ltr'><strong>quos</strong></span> <span class='ocrx_word' id='word_1_731' title='bbox 1300 5352 1567 5409; x_wconf 88' lang='lat' dir='ltr'><strong>Ebediesu</strong></span> <span class='ocrx_word' id='word_1_732' title='bbox 1616 5355 2024 5411; x_wconf 88' lang='lat' dir='ltr'><strong>commentariis</strong></span> 
     </span>
    </p>
   </div>
   <div class='ocr_carea' id='block_1_92' title="bbox 440 5421 2026 5495">
    <p class='ocr_par' dir='ltr' id='par_1_92' title="bbox 440 5421 2026 5495">
     <span class='ocr_line' id='line_1_92' title="bbox 440 5421 2026 5495; baseline 0.006 -22"><span class='ocrx_word' id='word_1_733' title='bbox 440 5422 654 5495; x_wconf 77' lang='lat' dir='ltr'><strong>tribuit.</strong></span> <span class='ocrx_word' id='word_1_734' title='bbox 682 5422 825 5476; x_wconf 90' lang='lat' dir='ltr'><strong>ratio</strong></span> <span class='ocrx_word' id='word_1_735' title='bbox 853 5438 968 5495; x_wconf 6' lang='lat' dir='ltr'><strong>non,</strong></span> <span class='ocrx_word' id='word_1_736' title='bbox 996 5422 1052 5476; x_wconf 91' lang='lat' dir='ltr'><strong>in</strong></span> <span class='ocrx_word' id='word_1_737' title='bbox 1087 5421 1395 5490; x_wconf 90' lang='lat' dir='ltr'><strong>Theodoro,</strong></span> <span class='ocrx_word' id='word_1_738' title='bbox 1420 5425 1516 5479; x_wconf 87' lang='lat' dir='ltr'><strong>sed</strong></span> <span class='ocrx_word' id='word_1_739' title='bbox 1553 5430 1606 5478; x_wconf 91' lang='lat' dir='ltr'><strong>ln</strong></span> <span class='ocrx_word' id='word_1_740' title='bbox 1636 5426 2026 5495; x_wconf 86' lang='lat' dir='ltr'><strong>interpretibus</strong></span> 
     </span>
    </p>
   </div>
   <div class='ocr_carea' id='block_1_93' title="bbox 444 5493 1030 5563">
    <p class='ocr_par' dir='ltr' id='par_1_93' title="bbox 444 5493 1030 5563">
     <span class='ocr_line' id='line_1_93' title="bbox 444 5493 1030 5563; baseline -0.002 -17"><span class='ocrx_word' id='word_1_741' title='bbox 444 5493 686 5563; x_wconf 79' lang='lat' dir='ltr'><strong>Syriacis</strong></span> <span class='ocrx_word' id='word_1_742' title='bbox 716 5493 1030 5559; x_wconf 65' lang='lat' dir='ltr'><strong>quaerenda.</strong></span> 
     </span>
    </p>
   </div>
   <div class='ocr_carea' id='block_1_94' title="bbox 514 5561 2025 5632">
    <p class='ocr_par' dir='ltr' id='par_1_94' title="bbox 514 5561 2025 5632">
     <span class='ocr_line' id='line_1_94' title="bbox 514 5561 2025 5632; baseline 0.007 -21"><span class='ocrx_word' id='word_1_743' title='bbox 514 5561 588 5632; x_wconf 84' lang='lat' dir='ltr'><strong>(b)</strong></span> <span class='ocrx_word' id='word_1_744' title='bbox 626 5564 847 5616; x_wconf 84' lang='lat' dir='ltr'><strong>Adduco</strong></span> <span class='ocrx_word' id='word_1_745' title='bbox 877 5564 1128 5632; x_wconf 83' lang='lat' dir='ltr'><strong>lectores,</strong></span> <span class='ocrx_word' id='word_1_746' title='bbox 1156 5578 1309 5618; x_wconf 91' lang='lat' dir='ltr'><strong>more</strong></span> <span class='ocrx_word' id='word_1_747' title='bbox 1334 5562 1630 5631; x_wconf 88' lang='lat' dir='ltr'><strong>Theodori,</strong></span> <span class='ocrx_word' id='word_1_748' title='bbox 1661 5565 1729 5619; x_wconf 92' lang='lat' dir='ltr'><strong>ad</strong></span> <span class='ocrx_word' id='word_1_749' title='bbox 1759 5564 1899 5619; x_wconf 78' lang='lat' dir='ltr'><strong>LXX</strong></span> <span class='ocrx_word' id='word_1_750' title='bbox 1940 5567 2025 5621; x_wconf 86' lang='lat' dir='ltr'><strong>in-</strong></span> 
     </span>
    </p>
   </div>
   <div class='ocr_carea' id='block_1_95' title="bbox 443 5631 1409 5701">
    <p class='ocr_par' dir='ltr' id='par_1_95' title="bbox 443 5631 1409 5701">
     <span class='ocr_line' id='line_1_95' title="bbox 443 5631 1409 5701; baseline 0.008 -18"><span class='ocrx_word' id='word_1_751' title='bbox 443 5631 885 5701; x_wconf 84' lang='lat' dir='ltr'><strong>terpretationeui</strong></span> <span class='ocrx_word' id='word_1_752' title='bbox 925 5632 985 5687; x_wconf 72' lang='grc' dir='ltr'>ν.</span> <span class='ocrx_word' id='word_1_753' title='bbox 1027 5631 1091 5688; x_wconf 89' lang='grc' dir='ltr'>Τ.</span> <span class='ocrx_word' id='word_1_754' title='bbox 1398 5698 1409 5699; x_wconf 22' lang='grc' dir='ltr'>ί</span> 
     </span>
    </p>
   </div>
   <div class='ocr_carea' id='block_1_96' title="bbox 516 5702 2023 5775">
    <p class='ocr_par' dir='ltr' id='par_1_96' title="bbox 516 5702 2023 5775">
     <span class='ocr_line' id='line_1_96' title="bbox 516 5702 2023 5775; baseline 0.005 -20"><span class='ocrx_word' id='word_1_755' title='bbox 516 5702 588 5769; x_wconf 82' lang='lat' dir='ltr'><strong>(c)</strong></span> <span class='ocrx_word' id='word_1_756' title='bbox 621 5702 842 5775; x_wconf 88' lang='lat' dir='ltr'><strong>Barba_ri</strong></span> <span class='ocrx_word' id='word_1_757' title='bbox 891 5703 1149 5775; x_wconf 72' lang='lat' dir='ltr'><strong>Catenam</strong></span> <span class='ocrx_word' id='word_1_758' title='bbox 1201 5702 1401 5775; x_wconf 76' lang='lat' dir='ltr'><strong>(Aurea</strong></span> <span class='ocrx_word' id='word_1_759' title='bbox 1442 5703 1496 5757; x_wconf 87' lang='lat' dir='ltr'><strong>in</strong></span> <span class='ocrx_word' id='word_1_760' title='bbox 1531 5703 1572 5757; x_wconf 90' lang='lat' dir='ltr'><strong>L</strong></span> <span class='ocrx_word' id='word_1_761' title='bbox 1611 5705 1892 5762; x_wconf 84' lang='lat' dir='ltr'><strong>Davidicos</strong></span> <span class='ocrx_word' id='word_1_762' title='bbox 1938 5724 2023 5775; x_wconf 86' lang='lat' dir='ltr'><strong>ps.</strong></span> 
     </span>
    </p>
   </div>
   <div class='ocr_carea' id='block_1_97' title="bbox 441 5772 2027 5843">
    <p class='ocr_par' dir='ltr' id='par_1_97' title="bbox 441 5772 2027 5843">
     <span class='ocr_line' id='line_1_97' title="bbox 441 5772 2027 5843; baseline 0.006 -20"><span class='ocrx_word' id='word_1_763' title='bbox 441 5772 719 5843; x_wconf 74' lang='lat' dir='ltr'><strong>doctorum</strong></span> <span class='ocrx_word' id='word_1_764' title='bbox 770 5772 939 5827; x_wconf 65' lang='lat' dir='ltr'><strong>Graec.</strong></span> <span class='ocrx_word' id='word_1_765' title='bbox 992 5773 1212 5828; x_wconf 79' lang='lat' dir='ltr'><strong>Catena.</strong></span> <span class='ocrx_word' id='word_1_766' title='bbox 1250 5801 1316 5843; x_wconf 50' lang='lat'><strong>7—</strong></span> <span class='ocrx_word' id='word_1_767' title='bbox 1354 5772 1645 5843; x_wconf 75' lang='lat' dir='ltr'><strong>Interprcte</strong></span> <span class='ocrx_word' id='word_1_768' title='bbox 1698 5777 1835 5831; x_wconf 85' lang='lat' dir='ltr'><strong>Dan.</strong></span> <span class='ocrx_word' id='word_1_769' title='bbox 1889 5772 2027 5832; x_wconf 78' lang='lat' dir='ltr'><strong>Bar-</strong></span> 
     </span>
    </p>
   </div>
   <div class='ocr_carea' id='block_1_98' title="bbox 445 5842 2024 5913">
    <p class='ocr_par' dir='ltr' id='par_1_98' title="bbox 445 5842 2024 5913">
     <span class='ocr_line' id='line_1_98' title="bbox 445 5842 2024 5913; baseline 0.004 -19"><span class='ocrx_word' id='word_1_770' title='bbox 445 5843 575 5895; x_wconf 83' lang='lat' dir='ltr'><strong>bara</strong></span> <span class='ocrx_word' id='word_1_771' title='bbox 627 5842 812 5897; x_wconf 82' lang='lat' dir='ltr'><strong>Venet.</strong></span> <span class='ocrx_word' id='word_1_772' title='bbox 867 5842 1046 5903; x_wconf 64' lang='lat'><strong>15699,</strong></span> <span class='ocrx_word' id='word_1_773' title='bbox 1095 5860 1215 5913; x_wconf 72' lang='lat' dir='ltr'><strong>qum</strong></span> <span class='ocrx_word' id='word_1_774' title='bbox 1249 5842 1521 5899; x_wconf 84' lang='lat' dir='ltr'><strong>Theodori</strong></span> <span class='ocrx_word' id='word_1_775' title='bbox 1576 5848 1830 5903; x_wconf 76' lang='lat' dir='ltr'><strong>Antioch.</strong></span> <span class='ocrx_word' id='word_1_776' title='bbox 1862 5850 2024 5903; x_wconf 78' lang='lat' dir='ltr'><strong>etiam</strong></span> 
     </span>
    </p>
   </div>
   <div class='ocr_carea' id='block_1_99' title="bbox 446 5914 2025 5989">
    <p class='ocr_par' dir='ltr' id='par_1_99' title="bbox 446 5914 2025 5989">
     <span class='ocr_line' id='line_1_99' title="bbox 446 5914 2025 5989; baseline 0.005 -22"><span class='ocrx_word' id='word_1_777' title='bbox 446 5915 639 5985; x_wconf 71' lang='lat' dir='ltr'><strong>[ianuis</strong></span> <span class='ocrx_word' id='word_1_778' title='bbox 666 5922 918 5969; x_wconf 58' lang='lat' dir='ltr'><strong>contexta</strong></span> <span class='ocrx_word' id='word_1_779' title='bbox 958 5924 1038 5970; x_wconf 84' lang='lat' dir='ltr'><strong>est</strong></span> <span class='ocrx_word' id='word_1_780' title='bbox 1079 5922 1149 5985; x_wconf 81' lang='lat' dir='ltr'><strong>(v,</strong></span> <span class='ocrx_word' id='word_1_781' title='bbox 1190 5914 1383 5969; x_wconf 85' lang='lat' dir='ltr'><strong>Thom.</strong></span> <span class='ocrx_word' id='word_1_782' title='bbox 1422 5914 1558 5989; x_wconf 86' lang='lat' dir='ltr'><strong>Ittig.</strong></span> <span class='ocrx_word' id='word_1_783' title='bbox 1602 5918 1671 5970; x_wconf 72' lang='lat' dir='ltr'><strong>De</strong></span> <span class='ocrx_word' id='word_1_784' title='bbox 1702 5919 2025 5981; x_wconf 76' lang='lat' dir='ltr'><strong>bibliothecis</strong></span> 
     </span>
    </p>
   </div>
   <div class='ocr_carea' id='block_1_100' title="bbox 2133 5347 3732 5423">
    <p class='ocr_par' dir='ltr' id='par_1_100' title="bbox 2133 5347 3732 5423">
     <span class='ocr_line' id='line_1_100' title="bbox 2133 5347 3732 5423; baseline -0.003 -14"><span class='ocrx_word' id='word_1_785' title='bbox 2133 5366 2183 5409; x_wconf 86' lang='lat' dir='ltr'><strong>ct</strong></span> <span class='ocrx_word' id='word_1_786' title='bbox 2215 5355 2413 5409; x_wconf 85' lang='lat' dir='ltr'><strong>catenis</strong></span> <span class='ocrx_word' id='word_1_787' title='bbox 2452 5353 2696 5408; x_wconf 83' lang='lat' dir='ltr'><strong>Patrum.</strong></span> <span class='ocrx_word' id='word_1_788' title='bbox 2736 5351 2884 5419; x_wconf 88' lang='lat' dir='ltr'><strong>Lips.</strong></span> <span class='ocrx_word' id='word_1_789' title='bbox 2933 5348 3097 5423; x_wconf 71' lang='grc'><strong>1707,</strong></span> <span class='ocrx_word' id='word_1_790' title='bbox 3128 5347 3185 5412; x_wconf 90' lang='grc'>8,</span> <span class='ocrx_word' id='word_1_791' title='bbox 3215 5364 3269 5420; x_wconf 88' lang='lat' dir='ltr'><strong>p.</strong></span> <span class='ocrx_word' id='word_1_792' title='bbox 3302 5349 3452 5419; x_wconf 82' lang='lat'><strong>658),</strong></span> <span class='ocrx_word' id='word_1_793' title='bbox 3481 5351 3535 5404; x_wconf 86' lang='lat' dir='ltr'><strong>in</strong></span> <span class='ocrx_word' id='word_1_794' title='bbox 3566 5350 3732 5423; x_wconf 82' lang='lat' dir='ltr'><strong>pluri-</strong></span> 
     </span>
    </p>
   </div>
   <div class='ocr_carea' id='block_1_101' title="bbox 2136 5420 3122 5487">
    <p class='ocr_par' dir='ltr' id='par_1_101' title="bbox 2136 5420 3122 5487">
     <span class='ocr_line' id='line_1_101' title="bbox 2136 5420 3122 5487; baseline -0.009 -7"><span class='ocrx_word' id='word_1_795' title='bbox 2136 5427 2241 5480; x_wconf 91' lang='lat' dir='ltr'><strong>bus</strong></span> <span class='ocrx_word' id='word_1_796' title='bbox 2271 5425 2616 5480; x_wconf 89' lang='lat' dir='ltr'><strong>bibliothecis</strong></span> <span class='ocrx_word' id='word_1_797' title='bbox 2642 5424 2845 5477; x_wconf 81' lang='lat' dir='ltr'><strong>frustra</strong></span> <span class='ocrx_word' id='word_1_798' title='bbox 2876 5420 3122 5487; x_wconf 69' lang='lat' dir='ltr'><strong>quazsivi.</strong></span> 
     </span>
    </p>
   </div>
   <div class='ocr_carea' id='block_1_102' title="bbox 2208 5486 3730 5565">
    <p class='ocr_par' dir='ltr' id='par_1_102' title="bbox 2208 5486 3730 5565">
     <span class='ocr_line' id='line_1_102' title="bbox 2208 5486 3730 5565; baseline -0.002 -18"><span class='ocrx_word' id='word_1_799' title='bbox 2208 5496 2284 5565; x_wconf 82' lang='grc' dir='ltr'><strong>(ά)</strong></span> <span class='ocrx_word' id='word_1_800' title='bbox 2316 5495 2605 5549; x_wconf 83' lang='lat' dir='ltr'><strong>Nmuinum</strong></span> <span class='ocrx_word' id='word_1_801' title='bbox 2658 5486 2980 5565; x_wconf 82' lang='lat' dir='ltr'><strong>Theodoreti</strong></span> <span class='ocrx_word' id='word_1_802' title='bbox 3025 5486 3587 5565; x_wconf 23' lang='lat' dir='ltr'><strong>etﬁTheodori,_c‘um</strong></span> <span class='ocrx_word' id='word_1_803' title='bbox 3632 5505 3730 5560; x_wconf 90' lang='lat' dir='ltr'><strong>per</strong></span> 
     </span>
    </p>
   </div>
   <div class='ocr_carea' id='block_1_103' title="bbox 2134 5558 3723 5635">
    <p class='ocr_par' dir='ltr' id='par_1_103' title="bbox 2134 5558 3723 5635">
     <span class='ocr_line' id='line_1_103' title="bbox 2134 5558 3723 5635; baseline -0.003 -15"><span class='ocrx_word' id='word_1_804' title='bbox 2134 5558 2514 5635; x_wconf 76' lang='lat' dir='ltr'><strong>compendium</strong></span> <span class='ocrx_word' id='word_1_805' title='bbox 2563 5564 2958 5635; x_wconf 65' lang='lat' dir='ltr'><strong>scriberentur,</strong></span> <span class='ocrx_word' id='word_1_806' title='bbox 2991 5558 3244 5635; x_wconf 45' lang='lat' dir='ltr'><strong>conﬂusig</strong></span> <span class='ocrx_word' id='word_1_807' title='bbox 3279 5561 3536 5635; x_wconf 83' lang='lat' dir='ltr'><strong>proclivis</strong></span> <span class='ocrx_word' id='word_1_808' title='bbox 3584 5558 3723 5635; x_wconf 71' lang='lat' dir='ltr'><strong>erat.</strong></span> 
     </span>
    </p>
   </div>
   <div class='ocr_carea' id='block_1_104' title="bbox 2134 5629 3729 5703">
    <p class='ocr_par' dir='ltr' id='par_1_104' title="bbox 2134 5629 3729 5703">
     <span class='ocr_line' id='line_1_104' title="bbox 2134 5629 3729 5703; baseline -0.004 -15"><span class='ocrx_word' id='word_1_809' title='bbox 2134 5637 2220 5690; x_wconf 78' lang='lat' dir='ltr'><strong>Cl‘.</strong></span> <span class='ocrx_word' id='word_1_810' title='bbox 2264 5629 2456 5690; x_wconf 77' lang='lat' dir='ltr'><strong>Montf.</strong></span> <span class='ocrx_word' id='word_1_811' title='bbox 2487 5630 2997 5703; x_wconf 40' lang='lat' dir='ltr'><strong>Palwogriﬁrpp.</strong></span> <span class='ocrx_word' id='word_1_812' title='bbox 3030 5629 3157 5703; x_wconf 57' lang='lat'><strong>5:57.</strong></span> <span class='ocrx_word' id='word_1_813' title='bbox 3204 5629 3308 5685; x_wconf 87' lang='lat' dir='ltr'><strong>Sed</strong></span> <span class='ocrx_word' id='word_1_814' title='bbox 3352 5632 3526 5701; x_wconf 88' lang='lat' dir='ltr'><strong>major</strong></span> <span class='ocrx_word' id='word_1_815' title='bbox 3555 5631 3729 5703; x_wconf 82' lang='lat' dir='ltr'><strong>negli-</strong></span> 
     </span>
    </p>
   </div>
   <div class='ocr_carea' id='block_1_105' title="bbox 2136 5698 3723 5775">
    <p class='ocr_par' dir='ltr' id='par_1_105' title="bbox 2136 5698 3723 5775">
     <span class='ocr_line' id='line_1_105' title="bbox 2136 5698 3723 5775; baseline -0.001 -18"><span class='ocrx_word' id='word_1_816' title='bbox 2136 5710 2313 5775; x_wconf 79' lang='lat' dir='ltr'><strong>gentia</strong></span> <span class='ocrx_word' id='word_1_817' title='bbox 2349 5709 2402 5758; x_wconf 90' lang='lat' dir='ltr'><strong>iu</strong></span> <span class='ocrx_word' id='word_1_818' title='bbox 2437 5705 2559 5759; x_wconf 86' lang='lat' dir='ltr'><strong>cod.</strong></span> <span class='ocrx_word' id='word_1_819' title='bbox 2599 5698 2830 5775; x_wconf 71' lang='grc' dir='ltr'>υιῖχνιι</span> <span class='ocrx_word' id='word_1_820' title='bbox 2874 5700 3009 5755; x_wconf 90' lang='lat' dir='ltr'><strong>bibl.</strong></span> <span class='ocrx_word' id='word_1_821' title='bbox 3038 5698 3219 5775; x_wconf 65' lang='lat' dir='ltr'><strong>Yatic.</strong></span> <span class='ocrx_word' id='word_1_822' title='bbox 3270 5698 3611 5775; x_wconf 58' lang='lat' dir='ltr'><strong>observatur.</strong></span> <span class='ocrx_word' id='word_1_823' title='bbox 3644 5698 3723 5755; x_wconf 43' lang='lat' dir='ltr'><strong>&#39;ln</strong></span> 
     </span>
    </p>
   </div>
   <div class='ocr_carea' id='block_1_106' title="bbox 2135 5770 3724 5845">
    <p class='ocr_par' dir='ltr' id='par_1_106' title="bbox 2135 5770 3724 5845">
     <span class='ocr_line' id='line_1_106' title="bbox 2135 5770 3724 5845; baseline -0.003 -16"><span class='ocrx_word' id='word_1_824' title='bbox 2135 5770 2245 5845; x_wconf 67' lang='lat' dir='ltr'><strong>iiuo</strong></span> <span class='ocrx_word' id='word_1_825' title='bbox 2272 5776 2465 5844; x_wconf 84' lang='lat' dir='ltr'><strong>legitur</strong></span> <span class='ocrx_word' id='word_1_826' title='bbox 2496 5774 2875 5845; x_wconf 72' lang='lat' dir='ltr'><strong>interpretatio</strong></span> <span class='ocrx_word' id='word_1_827' title='bbox 2903 5773 3164 5845; x_wconf 75' lang='lat' dir='ltr'><strong>continua</strong></span> <span class='ocrx_word' id='word_1_828' title='bbox 3210 5772 3265 5825; x_wconf 93' lang='lat' dir='ltr'><strong>in</strong></span> <span class='ocrx_word' id='word_1_829' title='bbox 3314 5771 3401 5845; x_wconf 79' lang='lat' dir='ltr'><strong>Ps.</strong></span> <span class='ocrx_word' id='word_1_830' title='bbox 3437 5770 3724 5845; x_wconf 63' lang='grc' dir='ltr'><strong>Θεοδιξιρᾳυ</strong></span> 
     </span>
    </p>
   </div>
   <div class='ocr_carea' id='block_1_107' title="bbox 2138 5840 3720 5987">
    <p class='ocr_par' dir='ltr' id='par_1_107' title="bbox 2138 5840 3720 5987">
     <span class='ocr_line' id='line_1_107' title="bbox 2138 5840 3720 5973; baseline -0.001 -73"><span class='ocrx_word' id='word_1_831' title='bbox 2138 5840 2481 5973; x_wconf 44' lang='lat' dir='ltr'><strong>{Arrio-&#39;15.);</strong></span> <span class='ocrx_word' id='word_1_832' title='bbox 2519 5846 2612 5900; x_wconf 90' lang='lat' dir='ltr'><strong>sed</strong></span> <span class='ocrx_word' id='word_1_833' title='bbox 2641 5840 2763 5917; x_wconf 74' lang='lat' dir='ltr'><strong>qua:</strong></span> <span class='ocrx_word' id='word_1_834' title='bbox 2793 5840 3121 5899; x_wconf 86' lang='lat' dir='ltr'><strong>&#39;l&#39;hcodorcti</strong></span> <span class='ocrx_word' id='word_1_835' title='bbox 3166 5850 3267 5898; x_wconf 84' lang='lat' dir='ltr'><strong>est.</strong></span> <span class='ocrx_word' id='word_1_836' title='bbox 3298 5844 3383 5900; x_wconf 80' lang='lat' dir='ltr'><strong>Cl.</strong></span> <span class='ocrx_word' id='word_1_837' title='bbox 3420 5842 3559 5913; x_wconf 84' lang='lat' dir='ltr'><strong>Ang.</strong></span> <span class='ocrx_word' id='word_1_838' title='bbox 3592 5840 3720 5901; x_wconf 83' lang='lat' dir='ltr'><strong>Mai.</strong></span> 
     </span>
     <span class='ocr_line' id='line_1_108' title="bbox 2162 5933 2573 5987; baseline 0.005 -17"><span class='ocrx_word' id='word_1_839' title='bbox 2162 5960 2171 5970; x_wconf 91' lang='lat'><strong>.</strong></span> <span class='ocrx_word' id='word_1_840' title='bbox 2230 5958 2241 5973; x_wconf 97' lang='lat'><strong>.</strong></span> <span class='ocrx_word' id='word_1_841' title='bbox 2304 5933 2404 5987; x_wconf 88' lang='lat' dir='ltr'><strong>,p.</strong></span> <span class='ocrx_word' id='word_1_842' title='bbox 2439 5933 2573 5972; x_wconf 73' lang='lat' dir='ltr'><strong>nu.</strong></span> 
     </span>
    </p>
   </div>
   <div class='ocr_carea' id='block_1_108' title="bbox 2162 5956 2573 5983">
    <p class='ocr_par' dir='ltr' id='par_1_108' title="bbox 2162 5956 2573 5983">
     <span class='ocr_line' id='line_1_109' title="bbox 2162 5956 2573 5983; baseline 0.005 -13"><span class='ocrx_word' id='word_1_843' title='bbox 2162 5960 2171 5970; x_wconf 76' lang='grc' dir='ltr'>ι</span> <span class='ocrx_word' id='word_1_844' title='bbox 2209 5956 2241 5973; x_wconf 80' lang='grc' dir='ltr'><strong>Ιο</strong></span> <span class='ocrx_word' id='word_1_845' title='bbox 2278 5956 2316 5983; x_wconf 65' lang='grc' dir='ltr'><strong>Ι,</strong></span> <span class='ocrx_word' id='word_1_846' title='bbox 2350 5956 2404 5983; x_wconf 65' lang='lat' dir='ltr'><strong>Y0</strong></span> <span class='ocrx_word' id='word_1_847' title='bbox 2441 5956 2573 5972; x_wconf 62' lang='lat' dir='ltr'><strong>-‘IUI</strong></span> 
     </span>
    </p>
   </div>
  </div>
