  <div class='ocr_page' id='page_1' title='image "/cluster/home/n/w/nwhite01/storage/ocr_20150623/66/hvd.32044020183315/020.png"; bbox 0 0 3994 6512; ppageno 0'>
   <div class='ocr_carea' id='block_1_1' title="bbox 234 391 3477 466">
    <p class='ocr_par' dir='ltr' id='par_1_1' title="bbox 234 391 3477 466">
     <span class='ocr_line' id='line_1_1' title="bbox 234 391 3477 466; baseline -0.001 -7"><span class='ocrx_word' id='word_1_1' title='bbox 234 391 301 447; x_wconf 72' lang='lat'><strong>99</strong></span> <span class='ocrx_word' id='word_1_2' title='bbox 1003 405 1091 459; x_wconf 74' lang='lat' dir='ltr'><strong>us</strong></span> <span class='ocrx_word' id='word_1_3' title='bbox 1133 404 1482 464; x_wconf 77' lang='lat' dir='ltr'><strong>THEODORI</strong></span> <span class='ocrx_word' id='word_1_4' title='bbox 1519 404 1999 462; x_wconf 80' lang='lat' dir='ltr'><strong>MOPSUESTENI</strong></span> <span class='ocrx_word' id='word_1_5' title='bbox 2036 408 2193 462; x_wconf 81' lang='lat' dir='ltr'><strong>VlTA</strong></span> <span class='ocrx_word' id='word_1_6' title='bbox 2229 408 2323 464; x_wconf 76' lang='lat' dir='ltr'><strong>er</strong></span> <span class='ocrx_word' id='word_1_7' title='bbox 2359 398 2685 466; x_wconf 44' lang='lat' dir='ltr'><strong>SCRIPTIS:</strong></span> <span class='ocrx_word' id='word_1_8' title='bbox 3407 404 3477 457; x_wconf 73' lang='grc' dir='ltr'><strong>δυ</strong></span> 
     </span>
    </p>
   </div>
   <div class='ocr_carea' id='block_1_2' title="bbox 238 522 3483 595">
    <p class='ocr_par' dir='ltr' id='par_1_2' title="bbox 238 522 3483 595">
     <span class='ocr_line' id='line_1_2' title="bbox 238 522 3483 595; baseline 0 -21"><span class='ocrx_word' id='word_1_9' title='bbox 238 528 347 583; x_wconf 89' lang='lat' dir='ltr'><strong>tur,</strong></span> <span class='ocrx_word' id='word_1_10' title='bbox 364 535 599 590; x_wconf 80' lang='lat' dir='ltr'><strong>quorum</strong></span> <span class='ocrx_word' id='word_1_11' title='bbox 628 523 881 595; x_wconf 83' lang='lat' dir='ltr'><strong>pleraque</strong></span> <span class='ocrx_word' id='word_1_12' title='bbox 903 522 1284 595; x_wconf 75' lang='lat' dir='ltr'><strong>Mopsuesteno</strong></span> <span class='ocrx_word' id='word_1_13' title='bbox 1313 525 1635 582; x_wconf 84' lang='lat' dir='ltr'><strong>vindicanda</strong></span> <span class='ocrx_word' id='word_1_14' title='bbox 1660 534 1805 581; x_wconf 85' lang='lat' dir='ltr'><strong>sunt.</strong></span> <span class='ocrx_word' id='word_1_15' title='bbox 1838 530 1882 585; x_wconf 82' lang='lat' dir='ltr'><strong>A</strong></span> <span class='ocrx_word' id='word_1_16' title='bbox 1914 529 2026 582; x_wconf 89' lang='lat' dir='ltr'><strong>rior</strong></span> <span class='ocrx_word' id='word_1_17' title='bbox 2063 529 2099 583; x_wconf 92' lang='lat'><strong>1.</strong></span> <span class='ocrx_word' id='word_1_18' title='bbox 2139 530 2359 585; x_wconf 84' lang='lat' dir='ltr'><strong>uberior</strong></span> <span class='ocrx_word' id='word_1_19' title='bbox 2394 534 2558 588; x_wconf 88' lang='lat' dir='ltr'><strong>etiam</strong></span> <span class='ocrx_word' id='word_1_20' title='bbox 2597 532 2649 585; x_wconf 92' lang='lat' dir='ltr'><strong>in</strong></span> <span class='ocrx_word' id='word_1_21' title='bbox 2681 528 2805 586; x_wconf 91' lang='lat' dir='ltr'><strong>cod.</strong></span> <span class='ocrx_word' id='word_1_22' title='bbox 2840 528 2867 583; x_wconf 85' lang='lat'><strong>1</strong></span> <span class='ocrx_word' id='word_1_23' title='bbox 2908 523 3233 582; x_wconf 78' lang='lat' dir='ltr'><strong>Theodoreti</strong></span> <span class='ocrx_word' id='word_1_24' title='bbox 3266 538 3324 579; x_wconf 86' lang='lat' dir='ltr'><strong>se</strong></span> <span class='ocrx_word' id='word_1_25' title='bbox 3355 522 3483 576; x_wconf 86' lang='lat' dir='ltr'><strong>insi-</strong></span> 
     </span>
    </p>
   </div>
   <div class='ocr_carea' id='block_1_3' title="bbox 242 611 1806 688">
    <p class='ocr_par' dir='ltr' id='par_1_3' title="bbox 242 611 1806 688">
     <span class='ocr_line' id='line_1_3' title="bbox 242 611 1806 688; baseline 0.004 -23"><span class='ocrx_word' id='word_1_26' title='bbox 242 611 381 665; x_wconf 89' lang='lat' dir='ltr'><strong>Sane</strong></span> <span class='ocrx_word' id='word_1_27' title='bbox 421 612 749 668; x_wconf 85' lang='lat' dir='ltr'><strong>Catenarum</strong></span> <span class='ocrx_word' id='word_1_28' title='bbox 799 614 931 671; x_wconf 87' lang='lat' dir='ltr'><strong>fides</strong></span> <span class='ocrx_word' id='word_1_29' title='bbox 971 616 1081 671; x_wconf 84' lang='lat' dir='ltr'><strong>fere</strong></span> <span class='ocrx_word' id='word_1_30' title='bbox 1118 632 1225 671; x_wconf 91' lang='lat' dir='ltr'><strong>non</strong></span> <span class='ocrx_word' id='word_1_31' title='bbox 1266 632 1479 688; x_wconf 86' lang='lat' dir='ltr'><strong>magna,</strong></span> <span class='ocrx_word' id='word_1_32' title='bbox 1525 618 1579 671; x_wconf 90' lang='lat' dir='ltr'><strong>in</strong></span> <span class='ocrx_word' id='word_1_33' title='bbox 1623 616 1806 671; x_wconf 91' lang='lat' dir='ltr'><strong>multis</strong></span> 
     </span>
    </p>
   </div>
   <div class='ocr_carea' id='block_1_4' title="bbox 235 703 1807 771">
    <p class='ocr_par' dir='ltr' id='par_1_4' title="bbox 235 703 1807 771">
     <span class='ocr_line' id='line_1_4' title="bbox 235 703 1807 771; baseline 0.002 -13"><span class='ocrx_word' id='word_1_34' title='bbox 235 705 397 758; x_wconf 85' lang='lat' dir='ltr'><strong>etiam</strong></span> <span class='ocrx_word' id='word_1_35' title='bbox 429 703 750 762; x_wconf 84' lang='lat' dir='ltr'><strong>Theodorus</strong></span> <span class='ocrx_word' id='word_1_36' title='bbox 797 705 1136 771; x_wconf 87' lang='lat' dir='ltr'><strong>Heracleota,</strong></span> <span class='ocrx_word' id='word_1_37' title='bbox 1173 708 1439 765; x_wconf 91' lang='lat' dir='ltr'><strong>Diodorus</strong></span> <span class='ocrx_word' id='word_1_38' title='bbox 1473 716 1527 763; x_wconf 93' lang='lat' dir='ltr'><strong>ct</strong></span> <span class='ocrx_word' id='word_1_39' title='bbox 1560 706 1807 762; x_wconf 85' lang='lat' dir='ltr'><strong>Theodo-</strong></span> 
     </span>
    </p>
   </div>
   <div class='ocr_carea' id='block_1_5' title="bbox 234 799 1806 871">
    <p class='ocr_par' dir='ltr' id='par_1_5' title="bbox 234 799 1806 871">
     <span class='ocr_line' id='line_1_5' title="bbox 234 799 1806 871; baseline 0.003 -22"><span class='ocrx_word' id='word_1_40' title='bbox 234 806 387 853; x_wconf 89' lang='lat' dir='ltr'><strong>retus</strong></span> <span class='ocrx_word' id='word_1_41' title='bbox 434 813 557 852; x_wconf 92' lang='lat' dir='ltr'><strong>cum</strong></span> <span class='ocrx_word' id='word_1_42' title='bbox 610 799 988 869; x_wconf 83' lang='lat' dir='ltr'><strong>Mopsuesteno</strong></span> <span class='ocrx_word' id='word_1_43' title='bbox 1024 802 1389 867; x_wconf 85' lang='lat' dir='ltr'><strong>conveniunt,</strong></span> <span class='ocrx_word' id='word_1_44' title='bbox 1428 801 1588 871; x_wconf 87' lang='lat' dir='ltr'><strong>hujus</strong></span> <span class='ocrx_word' id='word_1_45' title='bbox 1626 809 1806 854; x_wconf 91' lang='lat' dir='ltr'><strong>tamen</strong></span> 
     </span>
    </p>
   </div>
   <div class='ocr_carea' id='block_1_6' title="bbox 234 888 1808 962">
    <p class='ocr_par' dir='ltr' id='par_1_6' title="bbox 234 888 1808 962">
     <span class='ocr_line' id='line_1_6' title="bbox 234 888 1808 962; baseline 0.004 -23"><span class='ocrx_word' id='word_1_46' title='bbox 234 888 421 958; x_wconf 78' lang='lat' dir='ltr'><strong>lingua</strong></span> <span class='ocrx_word' id='word_1_47' title='bbox 458 890 953 962; x_wconf 87' lang='lat' dir='ltr'><strong>interpretandique</strong></span> <span class='ocrx_word' id='word_1_48' title='bbox 992 894 1132 947; x_wconf 91' lang='lat' dir='ltr'><strong>ratio</strong></span> <span class='ocrx_word' id='word_1_49' title='bbox 1180 893 1289 947; x_wconf 89' lang='lat' dir='ltr'><strong>fere</strong></span> <span class='ocrx_word' id='word_1_50' title='bbox 1327 893 1629 947; x_wconf 72' lang='lat' dir='ltr'><strong>manifestis</strong></span> <span class='ocrx_word' id='word_1_51' title='bbox 1662 891 1808 946; x_wconf 91' lang='lat' dir='ltr'><strong>notis</strong></span> 
     </span>
    </p>
   </div>
   <div class='ocr_carea' id='block_1_7' title="bbox 234 978 1809 1049">
    <p class='ocr_par' dir='ltr' id='par_1_7' title="bbox 234 978 1809 1049">
     <span class='ocr_line' id='line_1_7' title="bbox 234 978 1809 1049; baseline 0.004 -20"><span class='ocrx_word' id='word_1_52' title='bbox 234 978 479 1047; x_wconf 83' lang='lat' dir='ltr'><strong>dignosci</strong></span> <span class='ocrx_word' id='word_1_53' title='bbox 509 990 703 1049; x_wconf 79' lang='lat' dir='ltr'><strong>pOIest.</strong></span> <span class='ocrx_word' id='word_1_54' title='bbox 733 980 871 1047; x_wconf 84' lang='lat' dir='ltr'><strong>Quid</strong></span> <span class='ocrx_word' id='word_1_55' title='bbox 905 984 1070 1039; x_wconf 87' lang='lat' dir='ltr'><strong>vero?</strong></span> <span class='ocrx_word' id='word_1_56' title='bbox 1090 984 1159 1039; x_wconf 91' lang='lat' dir='ltr'><strong>Ut</strong></span> <span class='ocrx_word' id='word_1_57' title='bbox 1182 985 1315 1039; x_wconf 85' lang='lat' dir='ltr'><strong>alias</strong></span> <span class='ocrx_word' id='word_1_58' title='bbox 1340 983 1611 1039; x_wconf 81' lang='lat' dir='ltr'><strong>dillicilius</strong></span> <span class='ocrx_word' id='word_1_59' title='bbox 1632 981 1809 1037; x_wconf 84' lang='lat' dir='ltr'><strong>Theo-</strong></span> 
     </span>
    </p>
   </div>
   <div class='ocr_carea' id='block_1_8' title="bbox 232 1070 1809 1143">
    <p class='ocr_par' dir='ltr' id='par_1_8' title="bbox 232 1070 1809 1143">
     <span class='ocr_line' id='line_1_8' title="bbox 232 1070 1809 1143; baseline 0.004 -23"><span class='ocrx_word' id='word_1_60' title='bbox 232 1070 399 1123; x_wconf 89' lang='lat' dir='ltr'><strong>dorea</strong></span> <span class='ocrx_word' id='word_1_61' title='bbox 429 1072 693 1131; x_wconf 86' lang='lat' dir='ltr'><strong>odoreris.</strong></span> <span class='ocrx_word' id='word_1_62' title='bbox 720 1088 779 1127; x_wconf 88' lang='lat' dir='ltr'><strong>ea</strong></span> <span class='ocrx_word' id='word_1_63' title='bbox 815 1089 935 1142; x_wconf 72' lang='lat' dir='ltr'><strong>quae</strong></span> <span class='ocrx_word' id='word_1_64' title='bbox 971 1090 1037 1129; x_wconf 79' lang='lat' dir='ltr'><strong>ex</strong></span> <span class='ocrx_word' id='word_1_65' title='bbox 1067 1074 1471 1129; x_wconf 89' lang='lat' dir='ltr'><strong>commentariis</strong></span> <span class='ocrx_word' id='word_1_66' title='bbox 1510 1074 1563 1129; x_wconf 93' lang='lat' dir='ltr'><strong>in</strong></span> <span class='ocrx_word' id='word_1_67' title='bbox 1594 1073 1681 1127; x_wconf 90' lang='lat' dir='ltr'><strong>Ps.</strong></span> <span class='ocrx_word' id='word_1_68' title='bbox 1711 1089 1809 1143; x_wconf 91' lang='lat' dir='ltr'><strong>pe-</strong></span> 
     </span>
    </p>
   </div>
   <div class='ocr_carea' id='block_1_9' title="bbox 232 1161 1809 1235">
    <p class='ocr_par' dir='ltr' id='par_1_9' title="bbox 232 1161 1809 1235">
     <span class='ocr_line' id='line_1_9' title="bbox 232 1161 1809 1235; baseline 0.004 -22"><span class='ocrx_word' id='word_1_69' title='bbox 232 1161 335 1214; x_wconf 89' lang='lat' dir='ltr'><strong>tita</strong></span> <span class='ocrx_word' id='word_1_70' title='bbox 382 1170 511 1215; x_wconf 92' lang='lat' dir='ltr'><strong>sunt</strong></span> <span class='ocrx_word' id='word_1_71' title='bbox 554 1164 879 1233; x_wconf 87' lang='lat' dir='ltr'><strong>investigare</strong></span> <span class='ocrx_word' id='word_1_72' title='bbox 917 1165 1049 1218; x_wconf 85' lang='lat' dir='ltr'><strong>nihil</strong></span> <span class='ocrx_word' id='word_1_73' title='bbox 1082 1174 1165 1219; x_wconf 90' lang='lat' dir='ltr'><strong>est</strong></span> <span class='ocrx_word' id='word_1_74' title='bbox 1202 1166 1421 1235; x_wconf 85' lang='lat' dir='ltr'><strong>negotii.</strong></span> <span class='ocrx_word' id='word_1_75' title='bbox 1466 1163 1540 1219; x_wconf 86' lang='lat' dir='ltr'><strong>De</strong></span> <span class='ocrx_word' id='word_1_76' title='bbox 1579 1164 1809 1220; x_wconf 77' lang='lat' dir='ltr'><strong>Psalmis</strong></span> 
     </span>
    </p>
   </div>
   <div class='ocr_carea' id='block_1_10' title="bbox 228 1252 1809 1311">
    <p class='ocr_par' dir='ltr' id='par_1_10' title="bbox 228 1252 1809 1311">
     <span class='ocr_line' id='line_1_10' title="bbox 228 1252 1809 1311; baseline 0.003 -8"><span class='ocrx_word' id='word_1_77' title='bbox 228 1252 379 1305; x_wconf 88' lang='lat' dir='ltr'><strong>enim</strong></span> <span class='ocrx_word' id='word_1_78' title='bbox 415 1267 539 1306; x_wconf 92' lang='lat' dir='ltr'><strong>cum</strong></span> <span class='ocrx_word' id='word_1_79' title='bbox 572 1253 844 1309; x_wconf 85' lang='lat' dir='ltr'><strong>breviores</strong></span> <span class='ocrx_word' id='word_1_80' title='bbox 884 1256 994 1309; x_wconf 85' lang='lat' dir='ltr'><strong>sint</strong></span> <span class='ocrx_word' id='word_1_81' title='bbox 1037 1265 1090 1309; x_wconf 87' lang='lat' dir='ltr'><strong>et</strong></span> <span class='ocrx_word' id='word_1_82' title='bbox 1121 1255 1187 1309; x_wconf 91' lang='lat' dir='ltr'><strong>ad</strong></span> <span class='ocrx_word' id='word_1_83' title='bbox 1221 1254 1465 1311; x_wconf 90' lang='lat' dir='ltr'><strong>diversas</strong></span> <span class='ocrx_word' id='word_1_84' title='bbox 1495 1270 1581 1310; x_wconf 89' lang='lat' dir='ltr'><strong>res</strong></span> <span class='ocrx_word' id='word_1_85' title='bbox 1620 1254 1809 1310; x_wconf 86' lang='lat' dir='ltr'><strong>referri</strong></span> 
     </span>
    </p>
   </div>
   <div class='ocr_carea' id='block_1_11' title="bbox 96 1344 1810 1415">
    <p class='ocr_par' dir='ltr' id='par_1_11' title="bbox 96 1344 1810 1415">
     <span class='ocr_line' id='line_1_11' title="bbox 96 1344 1810 1415; baseline 0.001 -18"><span class='ocrx_word' id='word_1_86' title='bbox 96 1346 133 1394; x_wconf 53' lang='grc' dir='ltr'>ἣ</span> <span class='ocrx_word' id='word_1_87' title='bbox 230 1344 468 1413; x_wconf 84' lang='lat' dir='ltr'><strong>possint,</strong></span> <span class='ocrx_word' id='word_1_88' title='bbox 498 1345 570 1398; x_wconf 90' lang='lat' dir='ltr'><strong>illi</strong></span> <span class='ocrx_word' id='word_1_89' title='bbox 599 1345 922 1415; x_wconf 84' lang='lat' dir='ltr'><strong>interpretes</strong></span> <span class='ocrx_word' id='word_1_90' title='bbox 961 1346 1141 1401; x_wconf 89' lang='lat' dir='ltr'><strong>minus</strong></span> <span class='ocrx_word' id='word_1_91' title='bbox 1176 1348 1541 1413; x_wconf 89' lang='lat' dir='ltr'><strong>consentiunt,</strong></span> <span class='ocrx_word' id='word_1_92' title='bbox 1576 1347 1810 1400; x_wconf 77' lang='lat' dir='ltr'><strong>maxime</strong></span> 
     </span>
    </p>
   </div>
   <div class='ocr_carea' id='block_1_12' title="bbox 228 1435 1807 1507">
    <p class='ocr_par' dir='ltr' id='par_1_12' title="bbox 228 1435 1807 1507">
     <span class='ocr_line' id='line_1_12' title="bbox 228 1435 1807 1507; baseline 0.002 -18"><span class='ocrx_word' id='word_1_93' title='bbox 228 1446 418 1490; x_wconf 89' lang='lat' dir='ltr'><strong>autem</strong></span> <span class='ocrx_word' id='word_1_94' title='bbox 455 1435 774 1491; x_wconf 88' lang='lat' dir='ltr'><strong>Theodorus</strong></span> <span class='ocrx_word' id='word_1_95' title='bbox 808 1438 1122 1507; x_wconf 90' lang='lat' dir='ltr'><strong>plerumque</strong></span> <span class='ocrx_word' id='word_1_96' title='bbox 1167 1438 1237 1493; x_wconf 87' lang='lat' dir='ltr'><strong>ab</strong></span> <span class='ocrx_word' id='word_1_97' title='bbox 1273 1438 1381 1492; x_wconf 91' lang='lat' dir='ltr'><strong>illis</strong></span> <span class='ocrx_word' id='word_1_98' title='bbox 1428 1438 1678 1501; x_wconf 74' lang='lat' dir='ltr'><strong>dissidet,</strong></span> <span class='ocrx_word' id='word_1_99' title='bbox 1713 1438 1807 1506; x_wconf 89' lang='lat' dir='ltr'><strong>qui</strong></span> 
     </span>
    </p>
   </div>
   <div class='ocr_carea' id='block_1_13' title="bbox 228 1526 1809 1596">
    <p class='ocr_par' dir='ltr' id='par_1_13' title="bbox 228 1526 1809 1596">
     <span class='ocr_line' id='line_1_13' title="bbox 228 1526 1809 1596; baseline 0.001 -17"><span class='ocrx_word' id='word_1_100' title='bbox 228 1526 323 1579; x_wconf 91' lang='lat' dir='ltr'><strong>hic</strong></span> <span class='ocrx_word' id='word_1_101' title='bbox 362 1528 583 1596; x_wconf 86' lang='lat' dir='ltr'><strong>quidem</strong></span> <span class='ocrx_word' id='word_1_102' title='bbox 620 1528 788 1581; x_wconf 91' lang='lat' dir='ltr'><strong>multa</strong></span> <span class='ocrx_word' id='word_1_103' title='bbox 830 1528 1067 1581; x_wconf 81' lang='lat' dir='ltr'><strong>novavit.</strong></span> <span class='ocrx_word' id='word_1_104' title='bbox 1099 1528 1193 1582; x_wconf 85' lang='lat' dir='ltr'><strong>illa</strong></span> <span class='ocrx_word' id='word_1_105' title='bbox 1227 1544 1356 1584; x_wconf 92' lang='lat' dir='ltr'><strong>vero</strong></span> <span class='ocrx_word' id='word_1_106' title='bbox 1399 1528 1668 1583; x_wconf 85' lang='lat' dir='ltr'><strong>Theodori</strong></span> <span class='ocrx_word' id='word_1_107' title='bbox 1699 1528 1809 1581; x_wconf 92' lang='lat' dir='ltr'><strong>fra-</strong></span> 
     </span>
    </p>
   </div>
   <div class='ocr_carea' id='block_1_14' title="bbox 228 1618 1811 1686">
    <p class='ocr_par' dir='ltr' id='par_1_14' title="bbox 228 1618 1811 1686">
     <span class='ocr_line' id='line_1_14' title="bbox 228 1618 1811 1686; baseline 0.004 -17"><span class='ocrx_word' id='word_1_108' title='bbox 228 1626 456 1686; x_wconf 87' lang='lat' dir='ltr'><strong>gmenta</strong></span> <span class='ocrx_word' id='word_1_109' title='bbox 483 1634 606 1671; x_wconf 90' lang='lat' dir='ltr'><strong>cum</strong></span> <span class='ocrx_word' id='word_1_110' title='bbox 642 1618 694 1672; x_wconf 90' lang='lat' dir='ltr'><strong>in</strong></span> <span class='ocrx_word' id='word_1_111' title='bbox 724 1618 1046 1674; x_wconf 82' lang='lat' dir='ltr'><strong>Theodoreti</strong></span> <span class='ocrx_word' id='word_1_112' title='bbox 1077 1629 1131 1675; x_wconf 92' lang='lat' dir='ltr'><strong>et</strong></span> <span class='ocrx_word' id='word_1_113' title='bbox 1161 1618 1262 1675; x_wconf 87' lang='lat' dir='ltr'><strong>Th.</strong></span> <span class='ocrx_word' id='word_1_114' title='bbox 1298 1618 1629 1675; x_wconf 70' lang='lat' dir='ltr'><strong>lleracleota:</strong></span> <span class='ocrx_word' id='word_1_115' title='bbox 1661 1635 1811 1674; x_wconf 89' lang='lat' dir='ltr'><strong>com-</strong></span> 
     </span>
    </p>
   </div>
   <div class='ocr_carea' id='block_1_15' title="bbox 228 1709 1810 1780">
    <p class='ocr_par' dir='ltr' id='par_1_15' title="bbox 228 1709 1810 1780">
     <span class='ocr_line' id='line_1_15' title="bbox 228 1709 1810 1780; baseline 0.001 -16"><span class='ocrx_word' id='word_1_116' title='bbox 228 1710 520 1766; x_wconf 88' lang='lat' dir='ltr'><strong>mentariis</strong></span> <span class='ocrx_word' id='word_1_117' title='bbox 564 1711 582 1768; x_wconf 86' lang='lat' dir='ltr'><strong>f</strong></span> <span class='ocrx_word' id='word_1_118' title='bbox 595 1725 722 1780; x_wconf 89' lang='lat' dir='ltr'><strong>pars</strong></span> <span class='ocrx_word' id='word_1_119' title='bbox 767 1709 933 1779; x_wconf 85' lang='lat' dir='ltr'><strong>hujus</strong></span> <span class='ocrx_word' id='word_1_120' title='bbox 966 1709 1297 1765; x_wconf 76' lang='lat' dir='ltr'><strong>Heracleota:</strong></span> <span class='ocrx_word' id='word_1_121' title='bbox 1329 1712 1701 1765; x_wconf 84' lang='lat' dir='ltr'><strong>commentarii</strong></span> <span class='ocrx_word' id='word_1_122' title='bbox 1754 1711 1810 1765; x_wconf 91' lang='lat' dir='ltr'><strong>in</strong></span> 
     </span>
    </p>
   </div>
   <div class='ocr_carea' id='block_1_16' title="bbox 226 1801 1808 1873">
    <p class='ocr_par' dir='ltr' id='par_1_16' title="bbox 226 1801 1808 1873">
     <span class='ocr_line' id='line_1_16' title="bbox 226 1801 1808 1873; baseline 0.001 -18"><span class='ocrx_word' id='word_1_123' title='bbox 226 1802 443 1857; x_wconf 82' lang='lat' dir='ltr'><strong>Catena</strong></span> <span class='ocrx_word' id='word_1_124' title='bbox 491 1801 737 1857; x_wconf 90' lang='lat' dir='ltr'><strong>Corderii</strong></span> <span class='ocrx_word' id='word_1_125' title='bbox 792 1802 1021 1871; x_wconf 80' lang='lat' dir='ltr'><strong>singulis</strong></span> <span class='ocrx_word' id='word_1_126' title='bbox 1079 1802 1305 1872; x_wconf 84' lang='lat' dir='ltr'><strong>psalmis</strong></span> <span class='ocrx_word' id='word_1_127' title='bbox 1365 1802 1645 1872; x_wconf 66' lang='lat' dir='ltr'><strong>praemissa</strong></span> <span class='ocrx_word' id='word_1_128' title='bbox 1702 1803 1808 1873; x_wconf 85' lang='lat' dir='ltr'><strong>est)</strong></span> 
     </span>
    </p>
   </div>
   <div class='ocr_carea' id='block_1_17' title="bbox 227 1892 1810 1966">
    <p class='ocr_par' dir='ltr' id='par_1_17' title="bbox 227 1892 1810 1966">
     <span class='ocr_line' id='line_1_17' title="bbox 227 1892 1810 1966; baseline 0.001 -18"><span class='ocrx_word' id='word_1_129' title='bbox 227 1912 343 1948; x_wconf 88' lang='lat' dir='ltr'><strong>non</strong></span> <span class='ocrx_word' id='word_1_130' title='bbox 378 1896 646 1966; x_wconf 77' lang='lat' dir='ltr'><strong>legantur,</strong></span> <span class='ocrx_word' id='word_1_131' title='bbox 675 1892 769 1949; x_wconf 90' lang='lat' dir='ltr'><strong>sed</strong></span> <span class='ocrx_word' id='word_1_132' title='bbox 806 1909 931 1948; x_wconf 91' lang='lat' dir='ltr'><strong>cum</strong></span> <span class='ocrx_word' id='word_1_133' title='bbox 984 1892 1092 1948; x_wconf 81' lang='lat' dir='ltr'><strong>illis</strong></span> <span class='ocrx_word' id='word_1_134' title='bbox 1131 1894 1240 1949; x_wconf 86' lang='lat' dir='ltr'><strong>fere</strong></span> <span class='ocrx_word' id='word_1_135' title='bbox 1282 1903 1521 1965; x_wconf 81' lang='lat' dir='ltr'><strong>pugnent</strong></span> <span class='ocrx_word' id='word_1_136' title='bbox 1555 1899 1628 1963; x_wconf 78' lang='grc' dir='ltr'><strong>(ν.</strong></span> <span class='ocrx_word' id='word_1_137' title='bbox 1665 1911 1717 1948; x_wconf 86' lang='lat' dir='ltr'><strong>v.</strong></span> <span class='ocrx_word' id='word_1_138' title='bbox 1758 1910 1810 1950; x_wconf 92' lang='lat' dir='ltr'><strong>c.</strong></span> 
     </span>
    </p>
   </div>
   <div class='ocr_carea' id='block_1_18' title="bbox 224 1984 1811 2057">
    <p class='ocr_par' dir='ltr' id='par_1_18' title="bbox 224 1984 1811 2057">
     <span class='ocr_line' id='line_1_18' title="bbox 224 1984 1811 2057; baseline 0.001 -18"><span class='ocrx_word' id='word_1_139' title='bbox 224 1985 296 2040; x_wconf 89' lang='lat' dir='ltr'><strong>de</strong></span> <span class='ocrx_word' id='word_1_140' title='bbox 350 2002 436 2055; x_wconf 91' lang='lat' dir='ltr'><strong>ps.</strong></span> <span class='ocrx_word' id='word_1_141' title='bbox 493 2001 641 2039; x_wconf 79' lang='lat' dir='ltr'><strong>uvu</strong></span> <span class='ocrx_word' id='word_1_142' title='bbox 691 1984 895 2051; x_wconf 89' lang='lat' dir='ltr'><strong>dicta),</strong></span> <span class='ocrx_word' id='word_1_143' title='bbox 949 1986 1247 2055; x_wconf 68' lang='lat' dir='ltr'><strong>prmsertim</strong></span> <span class='ocrx_word' id='word_1_144' title='bbox 1299 1988 1387 2040; x_wconf 88' lang='lat' dir='ltr'><strong>ubi</strong></span> <span class='ocrx_word' id='word_1_145' title='bbox 1445 2002 1554 2056; x_wconf 91' lang='lat' dir='ltr'><strong>quo</strong></span> <span class='ocrx_word' id='word_1_146' title='bbox 1614 1988 1811 2057; x_wconf 87' lang='lat' dir='ltr'><strong>smguli</strong></span> 
     </span>
    </p>
   </div>
   <div class='ocr_carea' id='block_1_19' title="bbox 228 2076 1814 2147">
    <p class='ocr_par' dir='ltr' id='par_1_19' title="bbox 228 2076 1814 2147">
     <span class='ocr_line' id='line_1_19' title="bbox 228 2076 1814 2147; baseline 0.002 -17"><span class='ocrx_word' id='word_1_147' title='bbox 228 2078 430 2147; x_wconf 83' lang='lat' dir='ltr'><strong>psalmi</strong></span> <span class='ocrx_word' id='word_1_148' title='bbox 470 2077 776 2147; x_wconf 87' lang='lat' dir='ltr'><strong>pertineant</strong></span> <span class='ocrx_word' id='word_1_149' title='bbox 796 2076 1138 2140; x_wconf 86' lang='lat' dir='ltr'><strong>edisseritur,</strong></span> <span class='ocrx_word' id='word_1_150' title='bbox 1173 2085 1363 2131; x_wconf 89' lang='lat' dir='ltr'><strong>contra</strong></span> <span class='ocrx_word' id='word_1_151' title='bbox 1389 2078 1530 2133; x_wconf 87' lang='lat' dir='ltr'><strong>inter</strong></span> <span class='ocrx_word' id='word_1_152' title='bbox 1567 2094 1626 2133; x_wconf 88' lang='lat' dir='ltr'><strong>se</strong></span> <span class='ocrx_word' id='word_1_153' title='bbox 1653 2086 1707 2132; x_wconf 92' lang='lat' dir='ltr'><strong>et</strong></span> <span class='ocrx_word' id='word_1_154' title='bbox 1746 2077 1814 2133; x_wconf 91' lang='lat' dir='ltr'><strong>iis</strong></span> 
     </span>
    </p>
   </div>
   <div class='ocr_carea' id='block_1_20' title="bbox 230 2166 1815 2240">
    <p class='ocr_par' dir='ltr' id='par_1_20' title="bbox 230 2166 1815 2240">
     <span class='ocr_line' id='line_1_20' title="bbox 230 2166 1815 2240; baseline 0.002 -17"><span class='ocrx_word' id='word_1_155' title='bbox 230 2186 353 2239; x_wconf 70' lang='lat' dir='ltr'><strong>qua!</strong></span> <span class='ocrx_word' id='word_1_156' title='bbox 382 2170 455 2224; x_wconf 90' lang='lat' dir='ltr'><strong>de</strong></span> <span class='ocrx_word' id='word_1_157' title='bbox 484 2168 771 2223; x_wconf 88' lang='lat' dir='ltr'><strong>Theodoro</strong></span> <span class='ocrx_word' id='word_1_158' title='bbox 802 2166 1143 2223; x_wconf 83' lang='lat' dir='ltr'><strong>Psalmorum</strong></span> <span class='ocrx_word' id='word_1_159' title='bbox 1184 2168 1479 2239; x_wconf 89' lang='lat' dir='ltr'><strong>interprete</strong></span> <span class='ocrx_word' id='word_1_160' title='bbox 1506 2171 1815 2240; x_wconf 90' lang='lat' dir='ltr'><strong>accepimus</strong></span> 
     </span>
    </p>
   </div>
   <div class='ocr_carea' id='block_1_21' title="bbox 230 2258 1813 2329">
    <p class='ocr_par' dir='ltr' id='par_1_21' title="bbox 230 2258 1813 2329">
     <span class='ocr_line' id='line_1_21' title="bbox 230 2258 1813 2329; baseline 0.003 -14"><span class='ocrx_word' id='word_1_161' title='bbox 230 2260 370 2315; x_wconf 83' lang='lat' dir='ltr'><strong>belle</strong></span> <span class='ocrx_word' id='word_1_162' title='bbox 427 2260 792 2324; x_wconf 84' lang='lat' dir='ltr'><strong>conveniant,</strong></span> <span class='ocrx_word' id='word_1_163' title='bbox 849 2258 1214 2329; x_wconf 81' lang='lat' dir='ltr'><strong>MOpsuesteni</strong></span> <span class='ocrx_word' id='word_1_164' title='bbox 1262 2276 1386 2316; x_wconf 79' lang='lat' dir='ltr'><strong>esse</strong></span> <span class='ocrx_word' id='word_1_165' title='bbox 1450 2270 1657 2316; x_wconf 85' lang='lat' dir='ltr'><strong>certum</strong></span> <span class='ocrx_word' id='word_1_166' title='bbox 1708 2272 1813 2319; x_wconf 90' lang='lat' dir='ltr'><strong>est.</strong></span> 
     </span>
    </p>
   </div>
   <div class='ocr_carea' id='block_1_22' title="bbox 230 2350 1813 2409">
    <p class='ocr_par' dir='ltr' id='par_1_22' title="bbox 230 2350 1813 2409">
     <span class='ocr_line' id='line_1_22' title="bbox 230 2350 1813 2409; baseline 0.003 -7"><span class='ocrx_word' id='word_1_167' title='bbox 230 2350 502 2406; x_wconf 59' lang='lat' dir='ltr'><strong>Ceterum</strong></span> <span class='ocrx_word' id='word_1_168' title='bbox 556 2353 669 2406; x_wconf 79' lang='lat' dir='ltr'><strong>haec</strong></span> <span class='ocrx_word' id='word_1_169' title='bbox 715 2352 874 2406; x_wconf 90' lang='lat' dir='ltr'><strong>etiam</strong></span> <span class='ocrx_word' id='word_1_170' title='bbox 928 2352 1130 2407; x_wconf 84' lang='lat' dir='ltr'><strong>Catena</strong></span> <span class='ocrx_word' id='word_1_171' title='bbox 1186 2354 1457 2408; x_wconf 90' lang='lat' dir='ltr'><strong>communi</strong></span> <span class='ocrx_word' id='word_1_172' title='bbox 1500 2362 1813 2409; x_wconf 88' lang='lat' dir='ltr'><strong>catenarum</strong></span> 
     </span>
    </p>
   </div>
   <div class='ocr_carea' id='block_1_23' title="bbox 234 2444 1813 2518">
    <p class='ocr_par' dir='ltr' id='par_1_23' title="bbox 234 2444 1813 2518">
     <span class='ocr_line' id='line_1_23' title="bbox 234 2444 1813 2518; baseline 0.003 -22"><span class='ocrx_word' id='word_1_173' title='bbox 234 2445 352 2499; x_wconf 84' lang='lat' dir='ltr'><strong>labe</strong></span> <span class='ocrx_word' id='word_1_174' title='bbox 386 2444 592 2500; x_wconf 88' lang='lat' dir='ltr'><strong>infecta</strong></span> <span class='ocrx_word' id='word_1_175' title='bbox 627 2452 712 2499; x_wconf 87' lang='lat' dir='ltr'><strong>est</strong></span> <span class='ocrx_word' id='word_1_176' title='bbox 746 2454 906 2515; x_wconf 90' lang='lat' dir='ltr'><strong>atque</strong></span> <span class='ocrx_word' id='word_1_177' title='bbox 948 2444 1090 2499; x_wconf 88' lang='lat' dir='ltr'><strong>haud</strong></span> <span class='ocrx_word' id='word_1_178' title='bbox 1115 2460 1285 2515; x_wconf 88' lang='lat' dir='ltr'><strong>pauca</strong></span> <span class='ocrx_word' id='word_1_179' title='bbox 1310 2445 1502 2517; x_wconf 80' lang='lat' dir='ltr'><strong>fragm.</strong></span> <span class='ocrx_word' id='word_1_180' title='bbox 1530 2463 1813 2518; x_wconf 84' lang='lat' dir='ltr'><strong>perperam</strong></span> 
     </span>
    </p>
   </div>
   <div class='ocr_carea' id='block_1_24' title="bbox 236 2537 1815 2607">
    <p class='ocr_par' dir='ltr' id='par_1_24' title="bbox 236 2537 1815 2607">
     <span class='ocr_line' id='line_1_24' title="bbox 236 2537 1815 2607; baseline 0.004 -18"><span class='ocrx_word' id='word_1_181' title='bbox 236 2540 563 2607; x_wconf 77' lang='lat' dir='ltr'><strong>quibusdam</strong></span> <span class='ocrx_word' id='word_1_182' title='bbox 598 2537 985 2607; x_wconf 85' lang='lat' dir='ltr'><strong>interpretibus</strong></span> <span class='ocrx_word' id='word_1_183' title='bbox 1030 2538 1379 2605; x_wconf 90' lang='lat' dir='ltr'><strong>tribuuntur;</strong></span> <span class='ocrx_word' id='word_1_184' title='bbox 1434 2540 1514 2595; x_wconf 86' lang='lat' dir='ltr'><strong>sic</strong></span> <span class='ocrx_word' id='word_1_185' title='bbox 1556 2542 1815 2595; x_wconf 91' lang='lat' dir='ltr'><strong>nonnulla</strong></span> 
     </span>
    </p>
   </div>
   <div class='ocr_carea' id='block_1_25' title="bbox 232 2629 1815 2702">
    <p class='ocr_par' dir='ltr' id='par_1_25' title="bbox 232 2629 1815 2702">
     <span class='ocr_line' id='line_1_25' title="bbox 232 2629 1815 2702; baseline 0.003 -20"><span class='ocrx_word' id='word_1_186' title='bbox 232 2629 565 2685; x_wconf 78' lang='lat' dir='ltr'><strong>Theodoreti</strong></span> <span class='ocrx_word' id='word_1_187' title='bbox 592 2632 645 2686; x_wconf 92' lang='lat' dir='ltr'><strong>in</strong></span> <span class='ocrx_word' id='word_1_188' title='bbox 672 2631 775 2687; x_wconf 91' lang='lat' dir='ltr'><strong>Th.</strong></span> <span class='ocrx_word' id='word_1_189' title='bbox 818 2632 1148 2689; x_wconf 68' lang='lat' dir='ltr'><strong>Heracleotae</strong></span> <span class='ocrx_word' id='word_1_190' title='bbox 1189 2632 1595 2688; x_wconf 88' lang='lat' dir='ltr'><strong>commentariis</strong></span> <span class='ocrx_word' id='word_1_191' title='bbox 1625 2632 1815 2702; x_wconf 83' lang='lat' dir='ltr'><strong>legun-</strong></span> 
     </span>
    </p>
   </div>
   <div class='ocr_carea' id='block_1_26' title="bbox 232 2725 1815 2798">
    <p class='ocr_par' dir='ltr' id='par_1_26' title="bbox 232 2725 1815 2798">
     <span class='ocr_line' id='line_1_26' title="bbox 232 2725 1815 2798; baseline 0.002 -22"><span class='ocrx_word' id='word_1_192' title='bbox 232 2732 343 2789; x_wconf 85' lang='lat' dir='ltr'><strong>tur,</strong></span> <span class='ocrx_word' id='word_1_193' title='bbox 401 2725 636 2795; x_wconf 88' lang='lat' dir='ltr'><strong>ideoque</strong></span> <span class='ocrx_word' id='word_1_194' title='bbox 678 2727 843 2781; x_wconf 92' lang='lat' dir='ltr'><strong>nolim</strong></span> <span class='ocrx_word' id='word_1_195' title='bbox 896 2727 1179 2798; x_wconf 75' lang='lat' dir='ltr'><strong>przefracte</strong></span> <span class='ocrx_word' id='word_1_196' title='bbox 1230 2726 1590 2790; x_wconf 86' lang='lat' dir='ltr'><strong>contendere,</strong></span> <span class='ocrx_word' id='word_1_197' title='bbox 1634 2726 1815 2780; x_wconf 86' lang='lat' dir='ltr'><strong>omnia</strong></span> 
     </span>
    </p>
   </div>
   <div class='ocr_carea' id='block_1_27' title="bbox 230 2817 1814 2887">
    <p class='ocr_par' dir='ltr' id='par_1_27' title="bbox 230 2817 1814 2887">
     <span class='ocr_line' id='line_1_27' title="bbox 230 2817 1814 2887; baseline 0.003 -20"><span class='ocrx_word' id='word_1_198' title='bbox 230 2832 351 2884; x_wconf 60' lang='lat' dir='ltr'><strong>qua:</strong></span> <span class='ocrx_word' id='word_1_199' title='bbox 402 2835 510 2871; x_wconf 89' lang='lat' dir='ltr'><strong>non</strong></span> <span class='ocrx_word' id='word_1_200' title='bbox 564 2821 747 2887; x_wconf 90' lang='lat' dir='ltr'><strong>spuria</strong></span> <span class='ocrx_word' id='word_1_201' title='bbox 792 2828 885 2873; x_wconf 89' lang='lat' dir='ltr'><strong>aut</strong></span> <span class='ocrx_word' id='word_1_202' title='bbox 941 2831 1088 2874; x_wconf 91' lang='lat' dir='ltr'><strong>certe</strong></span> <span class='ocrx_word' id='word_1_203' title='bbox 1131 2819 1294 2874; x_wconf 89' lang='lat' dir='ltr'><strong>dubia</strong></span> <span class='ocrx_word' id='word_1_204' title='bbox 1352 2818 1625 2882; x_wconf 89' lang='lat' dir='ltr'><strong>iudicabo,</strong></span> <span class='ocrx_word' id='word_1_205' title='bbox 1673 2817 1814 2871; x_wconf 87' lang='lat' dir='ltr'><strong>haud</strong></span> 
     </span>
    </p>
   </div>
   <div class='ocr_carea' id='block_1_28' title="bbox 229 2907 1815 2967">
    <p class='ocr_par' dir='ltr' id='par_1_28' title="bbox 229 2907 1815 2967">
     <span class='ocr_line' id='line_1_28' title="bbox 229 2907 1815 2967; baseline 0 -6"><span class='ocrx_word' id='word_1_206' title='bbox 229 2909 398 2962; x_wconf 82' lang='lat' dir='ltr'><strong>dubie</strong></span> <span class='ocrx_word' id='word_1_207' title='bbox 429 2908 700 2965; x_wconf 89' lang='lat' dir='ltr'><strong>Theodori</strong></span> <span class='ocrx_word' id='word_1_208' title='bbox 735 2927 877 2966; x_wconf 88' lang='lat' dir='ltr'><strong>esse.</strong></span> <span class='ocrx_word' id='word_1_209' title='bbox 926 2910 1165 2967; x_wconf 87' lang='lat' dir='ltr'><strong>Possunt</strong></span> <span class='ocrx_word' id='word_1_210' title='bbox 1192 2910 1450 2965; x_wconf 92' lang='lat' dir='ltr'><strong>nonnulla</strong></span> <span class='ocrx_word' id='word_1_211' title='bbox 1483 2908 1617 2963; x_wconf 89' lang='lat' dir='ltr'><strong>falso</strong></span> <span class='ocrx_word' id='word_1_212' title='bbox 1641 2907 1815 2963; x_wconf 81' lang='lat' dir='ltr'><strong>Theo-</strong></span> 
     </span>
    </p>
   </div>
   <div class='ocr_carea' id='block_1_29' title="bbox 230 2999 1818 3063">
    <p class='ocr_par' dir='ltr' id='par_1_29' title="bbox 230 2999 1818 3063">
     <span class='ocr_line' id='line_1_29' title="bbox 230 2999 1818 3063; baseline -0.002 -8"><span class='ocrx_word' id='word_1_213' title='bbox 230 2999 347 3055; x_wconf 84' lang='lat' dir='ltr'><strong>dori</strong></span> <span class='ocrx_word' id='word_1_214' title='bbox 388 3000 634 3063; x_wconf 88' lang='lat' dir='ltr'><strong>nomine,</strong></span> <span class='ocrx_word' id='word_1_215' title='bbox 684 3002 789 3054; x_wconf 89' lang='lat' dir='ltr'><strong>alia</strong></span> <span class='ocrx_word' id='word_1_216' title='bbox 840 3012 1029 3055; x_wconf 84' lang='lat' dir='ltr'><strong>contra</strong></span> <span class='ocrx_word' id='word_1_217' title='bbox 1067 2999 1336 3056; x_wconf 86' lang='lat' dir='ltr'><strong>Theodori</strong></span> <span class='ocrx_word' id='word_1_218' title='bbox 1371 3000 1511 3054; x_wconf 91' lang='lat' dir='ltr'><strong>male</strong></span> <span class='ocrx_word' id='word_1_219' title='bbox 1551 2999 1689 3054; x_wconf 89' lang='lat' dir='ltr'><strong>alius</strong></span> <span class='ocrx_word' id='word_1_220' title='bbox 1719 3014 1818 3052; x_wconf 84' lang='lat' dir='ltr'><strong>no-</strong></span> 
     </span>
    </p>
   </div>
   <div class='ocr_carea' id='block_1_30' title="bbox 229 3087 1819 3161">
    <p class='ocr_par' dir='ltr' id='par_1_30' title="bbox 229 3087 1819 3161">
     <span class='ocr_line' id='line_1_30' title="bbox 229 3087 1819 3161; baseline 0.001 -20"><span class='ocrx_word' id='word_1_221' title='bbox 229 3090 380 3143; x_wconf 88' lang='lat' dir='ltr'><strong>mine</strong></span> <span class='ocrx_word' id='word_1_222' title='bbox 413 3099 601 3144; x_wconf 77' lang='lat' dir='ltr'><strong>notata</strong></span> <span class='ocrx_word' id='word_1_223' title='bbox 643 3107 799 3157; x_wconf 87' lang='lat' dir='ltr'><strong>esse;</strong></span> <span class='ocrx_word' id='word_1_224' title='bbox 834 3092 905 3145; x_wconf 91' lang='lat' dir='ltr'><strong>ita</strong></span> <span class='ocrx_word' id='word_1_225' title='bbox 931 3106 1050 3161; x_wconf 62' lang='lat' dir='ltr'><strong>quae</strong></span> <span class='ocrx_word' id='word_1_226' title='bbox 1097 3106 1151 3160; x_wconf 91' lang='lat' dir='ltr'><strong>p.</strong></span> <span class='ocrx_word' id='word_1_227' title='bbox 1192 3089 1296 3146; x_wconf 88' lang='lat'><strong>574</strong></span> <span class='ocrx_word' id='word_1_228' title='bbox 1338 3087 1662 3144; x_wconf 84' lang='lat' dir='ltr'><strong>Theodoreti</strong></span> <span class='ocrx_word' id='word_1_229' title='bbox 1697 3088 1819 3142; x_wconf 73' lang='lat' dir='ltr'><strong>alle-</strong></span> 
     </span>
    </p>
   </div>
   <div class='ocr_carea' id='block_1_31' title="bbox 1910 613 3474 694">
    <p class='ocr_par' dir='ltr' id='par_1_31' title="bbox 1910 613 3474 694">
     <span class='ocr_line' id='line_1_31' title="bbox 1910 613 3474 694; baseline -0.004 -21"><span class='ocrx_word' id='word_1_230' title='bbox 1910 621 2097 674; x_wconf 85' lang='lat' dir='ltr'><strong>nuavit</strong></span> <span class='ocrx_word' id='word_1_231' title='bbox 2133 621 2227 688; x_wconf 85' lang='lat' dir='ltr'><strong>(cf.</strong></span> <span class='ocrx_word' id='word_1_232' title='bbox 2267 622 2596 679; x_wconf 85' lang='lat' dir='ltr'><strong>Theodoret.</strong></span> <span class='ocrx_word' id='word_1_233' title='bbox 2635 623 2776 694; x_wconf 91' lang='lat' dir='ltr'><strong>Opp.</strong></span> <span class='ocrx_word' id='word_1_234' title='bbox 2813 623 2856 685; x_wconf 85' lang='lat' dir='ltr'><strong>l,</strong></span> <span class='ocrx_word' id='word_1_235' title='bbox 2891 637 2944 692; x_wconf 92' lang='lat' dir='ltr'><strong>p.</strong></span> <span class='ocrx_word' id='word_1_236' title='bbox 2982 618 3135 689; x_wconf 87' lang='grc'><strong>965),</strong></span> <span class='ocrx_word' id='word_1_237' title='bbox 3165 616 3255 679; x_wconf 85' lang='grc'><strong>91,</strong></span> <span class='ocrx_word' id='word_1_238' title='bbox 3294 613 3363 668; x_wconf 86' lang='grc'><strong>94</strong></span> <span class='ocrx_word' id='word_1_239' title='bbox 3391 629 3474 682; x_wconf 89' lang='lat' dir='ltr'><strong>sq.</strong></span> 
     </span>
    </p>
   </div>
   <div class='ocr_carea' id='block_1_32' title="bbox 1911 702 3482 780">
    <p class='ocr_par' dir='ltr' id='par_1_32' title="bbox 1911 702 3482 780">
     <span class='ocr_line' id='line_1_32' title="bbox 1911 702 3482 780; baseline -0.007 -13"><span class='ocrx_word' id='word_1_240' title='bbox 1911 714 2020 780; x_wconf 73' lang='grc' dir='ltr'><strong>(ιν,</strong></span> <span class='ocrx_word' id='word_1_241' title='bbox 2049 714 2102 775; x_wconf 84' lang='grc'><strong>5,</strong></span> <span class='ocrx_word' id='word_1_242' title='bbox 2133 714 2183 767; x_wconf 88' lang='grc'>7.</span> <span class='ocrx_word' id='word_1_243' title='bbox 2218 714 2509 770; x_wconf 87' lang='lat' dir='ltr'><strong>Posteriori</strong></span> <span class='ocrx_word' id='word_1_244' title='bbox 2532 716 2568 769; x_wconf 91' lang='lat' dir='ltr'><strong>l.</strong></span> <span class='ocrx_word' id='word_1_245' title='bbox 2599 714 2666 769; x_wconf 92' lang='lat' dir='ltr'><strong>de</strong></span> <span class='ocrx_word' id='word_1_246' title='bbox 2687 713 3001 769; x_wconf 90' lang='lat' dir='ltr'><strong>discrimine</strong></span> <span class='ocrx_word' id='word_1_247' title='bbox 3022 708 3309 765; x_wconf 82' lang='lat' dir='ltr'><strong>disseritur</strong></span> <span class='ocrx_word' id='word_1_248' title='bbox 3334 702 3482 775; x_wconf 89' lang='lat' dir='ltr'><strong>quod</strong></span> 
     </span>
    </p>
   </div>
   <div class='ocr_carea' id='block_1_33' title="bbox 1910 797 3484 877">
    <p class='ocr_par' dir='ltr' id='par_1_33' title="bbox 1910 797 3484 877">
     <span class='ocr_line' id='line_1_33' title="bbox 1910 797 3484 877; baseline -0.007 -17"><span class='ocrx_word' id='word_1_249' title='bbox 1910 807 2050 862; x_wconf 85' lang='lat' dir='ltr'><strong>inter</strong></span> <span class='ocrx_word' id='word_1_250' title='bbox 2074 806 2213 861; x_wconf 80' lang='lat' dir='ltr'><strong>LXX</strong></span> <span class='ocrx_word' id='word_1_251' title='bbox 2236 818 2287 861; x_wconf 91' lang='lat' dir='ltr'><strong>et</strong></span> <span class='ocrx_word' id='word_1_252' title='bbox 2312 807 2620 877; x_wconf 82' lang='lat' dir='ltr'><strong>Symmachi</strong></span> <span class='ocrx_word' id='word_1_253' title='bbox 2663 804 3157 874; x_wconf 86' lang='lat' dir='ltr'><strong>interpretationem</strong></span> <span class='ocrx_word' id='word_1_254' title='bbox 3182 797 3248 851; x_wconf 72' lang='grc' dir='ltr'><strong>γ.</strong></span> <span class='ocrx_word' id='word_1_255' title='bbox 3285 797 3348 851; x_wconf 82' lang='lat'><strong>&#39;1‘.</strong></span> <span class='ocrx_word' id='word_1_256' title='bbox 3396 798 3484 850; x_wconf 86' lang='lat' dir='ltr'><strong>in-</strong></span> 
     </span>
    </p>
   </div>
   <div class='ocr_carea' id='block_1_34' title="bbox 1907 886 3477 969">
    <p class='ocr_par' dir='ltr' id='par_1_34' title="bbox 1907 886 3477 969">
     <span class='ocr_line' id='line_1_34' title="bbox 1907 886 3477 969; baseline -0.008 -18"><span class='ocrx_word' id='word_1_257' title='bbox 1907 899 2164 953; x_wconf 87' lang='lat' dir='ltr'><strong>tercedat.</strong></span> <span class='ocrx_word' id='word_1_258' title='bbox 2202 896 2268 951; x_wconf 71' lang='grc' dir='ltr'><strong>γ.</strong></span> <span class='ocrx_word' id='word_1_259' title='bbox 2307 906 2457 969; x_wconf 76' lang='lat' dir='ltr'><strong>praet.</strong></span> <span class='ocrx_word' id='word_1_260' title='bbox 2494 913 2547 967; x_wconf 91' lang='lat' dir='ltr'><strong>p.</strong></span> <span class='ocrx_word' id='word_1_261' title='bbox 2581 896 2716 959; x_wconf 90' lang='lat'><strong>200,</strong></span> <span class='ocrx_word' id='word_1_262' title='bbox 2744 894 2893 962; x_wconf 88' lang='lat'><strong>505),</strong></span> <span class='ocrx_word' id='word_1_263' title='bbox 2936 891 3059 950; x_wconf 88' lang='grc'><strong>152.</strong></span> <span class='ocrx_word' id='word_1_264' title='bbox 3106 889 3207 944; x_wconf 88' lang='grc'><strong>154</strong></span> <span class='ocrx_word' id='word_1_265' title='bbox 3236 889 3387 958; x_wconf 79' lang='lat' dir='ltr'><strong>(LVII,</strong></span> <span class='ocrx_word' id='word_1_266' title='bbox 3420 886 3477 949; x_wconf 86' lang='grc'><strong>4,</strong></span> 
     </span>
    </p>
   </div>
   <div class='ocr_carea' id='block_1_35' title="bbox 1910 977 3481 1060">
    <p class='ocr_par' dir='ltr' id='par_1_35' title="bbox 1910 977 3481 1060">
     <span class='ocr_line' id='line_1_35' title="bbox 1910 977 3481 1060; baseline -0.009 -15"><span class='ocrx_word' id='word_1_267' title='bbox 1910 991 1977 1057; x_wconf 84' lang='grc'><strong>5;</strong></span> <span class='ocrx_word' id='word_1_268' title='bbox 2015 990 2085 1045; x_wconf 89' lang='lat' dir='ltr'><strong>cf.</strong></span> <span class='ocrx_word' id='word_1_269' title='bbox 2115 1006 2235 1060; x_wconf 66' lang='lat' dir='ltr'><strong>quae</strong></span> <span class='ocrx_word' id='word_1_270' title='bbox 2263 990 2328 1044; x_wconf 87' lang='lat' dir='ltr'><strong>ad</strong></span> <span class='ocrx_word' id='word_1_271' title='bbox 2360 990 2474 1043; x_wconf 69' lang='lat' dir='ltr'><strong>haec</strong></span> <span class='ocrx_word' id='word_1_272' title='bbox 2496 989 2532 1044; x_wconf 92' lang='lat' dir='ltr'><strong>l.</strong></span> <span class='ocrx_word' id='word_1_273' title='bbox 2561 988 2819 1042; x_wconf 85' lang='lat' dir='ltr'><strong>adnotant</strong></span> <span class='ocrx_word' id='word_1_274' title='bbox 2846 984 2947 1038; x_wconf 87' lang='lat' dir='ltr'><strong>Th.</strong></span> <span class='ocrx_word' id='word_1_275' title='bbox 2982 981 3191 1037; x_wconf 66' lang='lat' dir='ltr'><strong>Heracl&#39;.</strong></span> <span class='ocrx_word' id='word_1_276' title='bbox 3217 996 3270 1049; x_wconf 92' lang='lat' dir='ltr'><strong>p.</strong></span> <span class='ocrx_word' id='word_1_277' title='bbox 3303 977 3403 1033; x_wconf 87' lang='lat'><strong>126</strong></span> <span class='ocrx_word' id='word_1_278' title='bbox 3425 985 3481 1032; x_wconf 92' lang='lat' dir='ltr'><strong>et</strong></span> 
     </span>
    </p>
   </div>
   <div class='ocr_carea' id='block_1_36' title="bbox 1911 1068 3481 1152">
    <p class='ocr_par' dir='ltr' id='par_1_36' title="bbox 1911 1068 3481 1152">
     <span class='ocr_line' id='line_1_36' title="bbox 1911 1068 3481 1152; baseline -0.008 -17"><span class='ocrx_word' id='word_1_279' title='bbox 1911 1079 2282 1150; x_wconf 88' lang='lat' dir='ltr'><strong>Theodoret.),</strong></span> <span class='ocrx_word' id='word_1_280' title='bbox 2316 1080 2417 1135; x_wconf 84' lang='lat'><strong>140</strong></span> <span class='ocrx_word' id='word_1_281' title='bbox 2447 1080 2595 1152; x_wconf 82' lang='lat' dir='ltr'><strong>(Lvu,</strong></span> <span class='ocrx_word' id='word_1_282' title='bbox 2642 1078 2731 1142; x_wconf 76' lang='lat'><strong>1‘1,</strong></span> <span class='ocrx_word' id='word_1_283' title='bbox 2770 1074 3031 1144; x_wconf 83' lang='lat'><strong>12),158,</strong></span> <span class='ocrx_word' id='word_1_284' title='bbox 3064 1072 3184 1136; x_wconf 89' lang='lat'><strong>159,</strong></span> <span class='ocrx_word' id='word_1_285' title='bbox 3226 1070 3347 1132; x_wconf 82' lang='lat'><strong>162,</strong></span> <span class='ocrx_word' id='word_1_286' title='bbox 3379 1068 3481 1123; x_wconf 86' lang='lat'><strong>165</strong></span> 
     </span>
    </p>
   </div>
   <div class='ocr_carea' id='block_1_37' title="bbox 1909 1160 3478 1242">
    <p class='ocr_par' dir='ltr' id='par_1_37' title="bbox 1909 1160 3478 1242">
     <span class='ocr_line' id='line_1_37' title="bbox 1909 1160 3478 1242; baseline -0.008 -16"><span class='ocrx_word' id='word_1_287' title='bbox 1909 1178 2082 1241; x_wconf 81' lang='lat' dir='ltr'><strong>(Lvnl,</strong></span> <span class='ocrx_word' id='word_1_288' title='bbox 2134 1171 2190 1235; x_wconf 89' lang='lat'><strong>8,</strong></span> <span class='ocrx_word' id='word_1_289' title='bbox 2239 1171 2333 1235; x_wconf 88' lang='grc'><strong>12,</strong></span> <span class='ocrx_word' id='word_1_290' title='bbox 2379 1172 2645 1242; x_wconf 86' lang='lat'><strong>15),180,</strong></span> <span class='ocrx_word' id='word_1_291' title='bbox 2694 1168 2814 1229; x_wconf 90' lang='grc'><strong>181,</strong></span> <span class='ocrx_word' id='word_1_292' title='bbox 2861 1164 2973 1219; x_wconf 81' lang='grc'><strong>182</strong></span> <span class='ocrx_word' id='word_1_293' title='bbox 3011 1163 3142 1233; x_wconf 67' lang='grc' dir='ltr'><strong>(ιιι,</strong></span> <span class='ocrx_word' id='word_1_294' title='bbox 3183 1161 3325 1229; x_wconf 89' lang='lat'><strong>4-6),</strong></span> <span class='ocrx_word' id='word_1_295' title='bbox 3374 1160 3478 1215; x_wconf 84' lang='lat'><strong>557</strong></span> 
     </span>
    </p>
   </div>
   <div class='ocr_carea' id='block_1_38' title="bbox 1909 1251 3479 1334">
    <p class='ocr_par' dir='ltr' id='par_1_38' title="bbox 1909 1251 3479 1334">
     <span class='ocr_line' id='line_1_38' title="bbox 1909 1251 3479 1334; baseline -0.008 -17"><span class='ocrx_word' id='word_1_296' title='bbox 1909 1266 2095 1334; x_wconf 77' lang='lat' dir='ltr'><strong>(van,</strong></span> <span class='ocrx_word' id='word_1_297' title='bbox 2136 1263 2244 1331; x_wconf 87' lang='lat'><strong>19),</strong></span> <span class='ocrx_word' id='word_1_298' title='bbox 2271 1264 2366 1316; x_wconf 88' lang='lat'><strong>411</strong></span> <span class='ocrx_word' id='word_1_299' title='bbox 2404 1264 2614 1334; x_wconf 77' lang='lat' dir='ltr'><strong>(uvm,</strong></span> <span class='ocrx_word' id='word_1_300' title='bbox 2650 1260 2762 1330; x_wconf 90' lang='lat'><strong>28),</strong></span> <span class='ocrx_word' id='word_1_301' title='bbox 2796 1256 2919 1319; x_wconf 89' lang='lat'><strong>469,</strong></span> <span class='ocrx_word' id='word_1_302' title='bbox 2949 1254 3077 1318; x_wconf 89' lang='lat'><strong>471,</strong></span> <span class='ocrx_word' id='word_1_303' title='bbox 3100 1252 3204 1306; x_wconf 86' lang='lat'><strong>478</strong></span> <span class='ocrx_word' id='word_1_304' title='bbox 3230 1252 3396 1318; x_wconf 76' lang='lat' dir='ltr'><strong>(Lm,</strong></span> <span class='ocrx_word' id='word_1_305' title='bbox 3424 1251 3479 1317; x_wconf 91' lang='lat'><strong>5,</strong></span> 
     </span>
    </p>
   </div>
   <div class='ocr_carea' id='block_1_39' title="bbox 1910 1341 3480 1425">
    <p class='ocr_par' dir='ltr' id='par_1_39' title="bbox 1910 1341 3480 1425">
     <span class='ocr_line' id='line_1_39' title="bbox 1910 1341 3480 1425; baseline -0.009 -17"><span class='ocrx_word' id='word_1_306' title='bbox 1910 1357 1964 1418; x_wconf 90' lang='lat'><strong>7,</strong></span> <span class='ocrx_word' id='word_1_307' title='bbox 2004 1356 2115 1425; x_wconf 88' lang='lat'><strong>17),</strong></span> <span class='ocrx_word' id='word_1_308' title='bbox 2158 1355 2264 1410; x_wconf 83' lang='grc'><strong>502</strong></span> <span class='ocrx_word' id='word_1_309' title='bbox 2300 1360 2489 1425; x_wconf 77' lang='lat' dir='ltr'><strong>(Lxxn,</strong></span> <span class='ocrx_word' id='word_1_310' title='bbox 2536 1354 2647 1423; x_wconf 88' lang='grc'>10),</span> <span class='ocrx_word' id='word_1_311' title='bbox 2685 1351 2790 1405; x_wconf 97' lang='grc'><strong>552</strong></span> <span class='ocrx_word' id='word_1_312' title='bbox 2832 1348 3048 1420; x_wconf 64' lang='lat' dir='ltr'><strong>(cum,</strong></span> <span class='ocrx_word' id='word_1_313' title='bbox 3082 1343 3159 1414; x_wconf 88' lang='lat'><strong>4),</strong></span> <span class='ocrx_word' id='word_1_314' title='bbox 3190 1342 3315 1406; x_wconf 90' lang='lat'><strong>551,</strong></span> <span class='ocrx_word' id='word_1_315' title='bbox 3353 1341 3480 1408; x_wconf 88' lang='lat'><strong>552,</strong></span> 
     </span>
    </p>
   </div>
   <div class='ocr_carea' id='block_1_40' title="bbox 1908 1431 3486 1514">
    <p class='ocr_par' dir='ltr' id='par_1_40' title="bbox 1908 1431 3486 1514">
     <span class='ocr_line' id='line_1_40' title="bbox 1908 1431 3486 1514; baseline -0.013 -10"><span class='ocrx_word' id='word_1_316' title='bbox 1908 1448 2033 1513; x_wconf 88' lang='grc'><strong>555,</strong></span> <span class='ocrx_word' id='word_1_317' title='bbox 2072 1446 2174 1502; x_wconf 84' lang='grc'><strong>556</strong></span> <span class='ocrx_word' id='word_1_318' title='bbox 2206 1452 2409 1514; x_wconf 80' lang='lat' dir='ltr'><strong>(Lxxw,</strong></span> <span class='ocrx_word' id='word_1_319' title='bbox 2440 1448 2493 1510; x_wconf 91' lang='lat'><strong>5,</strong></span> <span class='ocrx_word' id='word_1_320' title='bbox 2534 1444 2586 1509; x_wconf 88' lang='lat'><strong>7,</strong></span> <span class='ocrx_word' id='word_1_321' title='bbox 2619 1446 2671 1499; x_wconf 87' lang='lat'><strong>9.</strong></span> <span class='ocrx_word' id='word_1_322' title='bbox 2714 1443 2770 1497; x_wconf 85' lang='lat' dir='ltr'><strong>In</strong></span> <span class='ocrx_word' id='word_1_323' title='bbox 2807 1443 2997 1497; x_wconf 92' lang='lat' dir='ltr'><strong>ultimo</strong></span> <span class='ocrx_word' id='word_1_324' title='bbox 3038 1442 3075 1496; x_wconf 84' lang='grc'><strong>1.</strong></span> <span class='ocrx_word' id='word_1_325' title='bbox 3106 1451 3205 1506; x_wconf 89' lang='lat' dir='ltr'><strong>pro</strong></span> <span class='ocrx_word' id='word_1_326' title='bbox 3236 1431 3486 1489; x_wconf 72' lang='grc' dir='ltr'><strong>Βαϐυλώ-</strong></span> 
     </span>
    </p>
   </div>
   <div class='ocr_carea' id='block_1_41' title="bbox 1909 1524 3484 1609">
    <p class='ocr_par' dir='ltr' id='par_1_41' title="bbox 1909 1524 3484 1609">
     <span class='ocr_line' id='line_1_41' title="bbox 1909 1524 3484 1609; baseline -0.011 -15"><span class='ocrx_word' id='word_1_327' title='bbox 1909 1557 2009 1593; x_wconf 88' lang='grc' dir='ltr'>νιοι</span> <span class='ocrx_word' id='word_1_328' title='bbox 2037 1540 2139 1609; x_wconf 88' lang='lat' dir='ltr'><strong>leg.</strong></span> <span class='ocrx_word' id='word_1_329' title='bbox 2179 1538 2474 1609; x_wconf 77' lang='grc' dir='ltr'><strong>Ἀσσύριοι.</strong></span> <span class='ocrx_word' id='word_1_330' title='bbox 2500 1538 2763 1591; x_wconf 70' lang='lat' dir='ltr'><strong>Cazterum</strong></span> <span class='ocrx_word' id='word_1_331' title='bbox 2793 1534 2866 1589; x_wconf 88' lang='lat' dir='ltr'><strong>cf.</strong></span> <span class='ocrx_word' id='word_1_332' title='bbox 2896 1549 3017 1605; x_wconf 71' lang='lat' dir='ltr'><strong>quae</strong></span> <span class='ocrx_word' id='word_1_333' title='bbox 3044 1532 3109 1587; x_wconf 89' lang='lat' dir='ltr'><strong>ad</strong></span> <span class='ocrx_word' id='word_1_334' title='bbox 3152 1531 3207 1585; x_wconf 87' lang='lat' dir='ltr'><strong>h.</strong></span> <span class='ocrx_word' id='word_1_335' title='bbox 3236 1529 3274 1582; x_wconf 91' lang='lat' dir='ltr'><strong>l.</strong></span> <span class='ocrx_word' id='word_1_336' title='bbox 3310 1524 3484 1580; x_wconf 84' lang='lat' dir='ltr'><strong>Theo-</strong></span> 
     </span>
    </p>
   </div>
   <div class='ocr_carea' id='block_1_42' title="bbox 1910 1616 3480 1695">
    <p class='ocr_par' dir='ltr' id='par_1_42' title="bbox 1910 1616 3480 1695">
     <span class='ocr_line' id='line_1_42' title="bbox 1910 1616 3480 1695; baseline -0.011 -8"><span class='ocrx_word' id='word_1_337' title='bbox 1910 1632 2085 1688; x_wconf 91' lang='lat' dir='ltr'><strong>doret.</strong></span> <span class='ocrx_word' id='word_1_338' title='bbox 2114 1639 2169 1687; x_wconf 92' lang='lat' dir='ltr'><strong>et</strong></span> <span class='ocrx_word' id='word_1_339' title='bbox 2198 1629 2301 1684; x_wconf 84' lang='lat' dir='ltr'><strong>Th.</strong></span> <span class='ocrx_word' id='word_1_340' title='bbox 2345 1630 2558 1685; x_wconf 83' lang='lat' dir='ltr'><strong>Heracl.</strong></span> <span class='ocrx_word' id='word_1_341' title='bbox 2596 1628 2897 1695; x_wconf 85' lang='lat' dir='ltr'><strong>adnotant),</strong></span> <span class='ocrx_word' id='word_1_342' title='bbox 2934 1626 3039 1680; x_wconf 90' lang='lat'><strong>650</strong></span> <span class='ocrx_word' id='word_1_343' title='bbox 3074 1621 3325 1695; x_wconf 76' lang='lat' dir='ltr'><strong>(Luvu),</strong></span> <span class='ocrx_word' id='word_1_344' title='bbox 3353 1616 3480 1681; x_wconf 89' lang='lat'><strong>655,</strong></span> 
     </span>
    </p>
   </div>
   <div class='ocr_carea' id='block_1_43' title="bbox 1910 1710 3481 1795">
    <p class='ocr_par' dir='ltr' id='par_1_43' title="bbox 1910 1710 3481 1795">
     <span class='ocr_line' id='line_1_43' title="bbox 1910 1710 3481 1795; baseline -0.011 -15"><span class='ocrx_word' id='word_1_345' title='bbox 1910 1725 2015 1780; x_wconf 83' lang='lat'><strong>642</strong></span> <span class='ocrx_word' id='word_1_346' title='bbox 2052 1727 2277 1795; x_wconf 79' lang='lat' dir='ltr'><strong>(Lxxvu,</strong></span> <span class='ocrx_word' id='word_1_347' title='bbox 2302 1722 2491 1792; x_wconf 84' lang='lat'><strong>8,49),</strong></span> <span class='ocrx_word' id='word_1_348' title='bbox 2546 1722 2650 1777; x_wconf 78' lang='lat'><strong>664</strong></span> <span class='ocrx_word' id='word_1_349' title='bbox 2698 1722 2946 1792; x_wconf 78' lang='lat' dir='ltr'><strong>(Lxxvm,</strong></span> <span class='ocrx_word' id='word_1_350' title='bbox 2986 1718 3100 1790; x_wconf 82' lang='grc'><strong>15).</strong></span> <span class='ocrx_word' id='word_1_351' title='bbox 3155 1714 3258 1769; x_wconf 85' lang='lat' dir='ltr'><strong>Sed</strong></span> <span class='ocrx_word' id='word_1_352' title='bbox 3299 1713 3352 1766; x_wconf 91' lang='lat' dir='ltr'><strong>in</strong></span> <span class='ocrx_word' id='word_1_353' title='bbox 3390 1710 3481 1773; x_wconf 89' lang='lat' dir='ltr'><strong>iis,</strong></span> 
     </span>
    </p>
   </div>
   <div class='ocr_carea' id='block_1_44' title="bbox 1911 1798 3482 1887">
    <p class='ocr_par' dir='ltr' id='par_1_44' title="bbox 1911 1798 3482 1887">
     <span class='ocr_line' id='line_1_44' title="bbox 1911 1798 3482 1887; baseline -0.013 -17"><span class='ocrx_word' id='word_1_354' title='bbox 1911 1817 2100 1887; x_wconf 83' lang='lat' dir='ltr'><strong>paucis</strong></span> <span class='ocrx_word' id='word_1_355' title='bbox 2138 1815 2265 1876; x_wconf 91' lang='lat' dir='ltr'><strong>illis,</strong></span> <span class='ocrx_word' id='word_1_356' title='bbox 2303 1829 2424 1883; x_wconf 69' lang='lat' dir='ltr'><strong>quae</strong></span> <span class='ocrx_word' id='word_1_357' title='bbox 2468 1811 2535 1865; x_wconf 90' lang='lat' dir='ltr'><strong>ad</strong></span> <span class='ocrx_word' id='word_1_358' title='bbox 2566 1827 2648 1883; x_wconf 90' lang='lat' dir='ltr'><strong>ps.</strong></span> <span class='ocrx_word' id='word_1_359' title='bbox 2690 1825 2916 1865; x_wconf 77' lang='lat' dir='ltr'><strong>Lxxxn-c</strong></span> <span class='ocrx_word' id='word_1_360' title='bbox 2956 1808 3158 1879; x_wconf 90' lang='lat' dir='ltr'><strong>passim</strong></span> <span class='ocrx_word' id='word_1_361' title='bbox 3209 1798 3482 1857; x_wconf 85' lang='lat' dir='ltr'><strong>Theodori</strong></span> 
     </span>
    </p>
   </div>
   <div class='ocr_carea' id='block_1_45' title="bbox 1913 1892 3484 1971">
    <p class='ocr_par' dir='ltr' id='par_1_45' title="bbox 1913 1892 3484 1971">
     <span class='ocr_line' id='line_1_45' title="bbox 1913 1892 3484 1971; baseline -0.012 -8"><span class='ocrx_word' id='word_1_362' title='bbox 1913 1909 2132 1963; x_wconf 86' lang='lat' dir='ltr'><strong>nomine</strong></span> <span class='ocrx_word' id='word_1_363' title='bbox 2159 1915 2434 1971; x_wconf 90' lang='lat' dir='ltr'><strong>notantur,</strong></span> <span class='ocrx_word' id='word_1_364' title='bbox 2458 1903 2803 1959; x_wconf 84' lang='lat' dir='ltr'><strong>Theodorum</strong></span> <span class='ocrx_word' id='word_1_365' title='bbox 2829 1917 2935 1956; x_wconf 88' lang='lat' dir='ltr'><strong>nou</strong></span> <span class='ocrx_word' id='word_1_366' title='bbox 2966 1898 3181 1969; x_wconf 82' lang='lat' dir='ltr'><strong>agnovi.</strong></span> <span class='ocrx_word' id='word_1_367' title='bbox 3211 1892 3484 1948; x_wconf 84' lang='lat' dir='ltr'><strong>Nonnulla</strong></span> 
     </span>
    </p>
   </div>
   <div class='ocr_carea' id='block_1_46' title="bbox 1913 1995 3040 2056">
    <p class='ocr_par' dir='ltr' id='par_1_46' title="bbox 1913 1995 3040 2056">
     <span class='ocr_line' id='line_1_46' title="bbox 1913 1995 3040 2056; baseline -0.009 -1"><span class='ocrx_word' id='word_1_368' title='bbox 1913 2015 2101 2056; x_wconf 81' lang='lat' dir='ltr'><strong>eorum</strong></span> <span class='ocrx_word' id='word_1_369' title='bbox 2132 1998 2276 2053; x_wconf 86' lang='lat' dir='ltr'><strong>haud</strong></span> <span class='ocrx_word' id='word_1_370' title='bbox 2305 1997 2467 2053; x_wconf 88' lang='lat' dir='ltr'><strong>dubie</strong></span> <span class='ocrx_word' id='word_1_371' title='bbox 2494 1995 2865 2051; x_wconf 89' lang='lat' dir='ltr'><strong>Theodoretea</strong></span> <span class='ocrx_word' id='word_1_372' title='bbox 2895 1998 3040 2047; x_wconf 90' lang='lat' dir='ltr'><strong>sunt.</strong></span> 
     </span>
    </p>
   </div>
   <div class='ocr_carea' id='block_1_47' title="bbox 1988 2074 3486 2161">
    <p class='ocr_par' dir='ltr' id='par_1_47' title="bbox 1988 2074 3486 2161">
     <span class='ocr_line' id='line_1_47' title="bbox 1988 2074 3486 2161; baseline -0.012 -15"><span class='ocrx_word' id='word_1_373' title='bbox 1988 2093 2059 2148; x_wconf 88' lang='lat' dir='ltr'><strong>De</strong></span> <span class='ocrx_word' id='word_1_374' title='bbox 2096 2090 2419 2161; x_wconf 81' lang='lat' dir='ltr'><strong>fragmentis</strong></span> <span class='ocrx_word' id='word_1_375' title='bbox 2457 2088 2514 2142; x_wconf 92' lang='lat' dir='ltr'><strong>in</strong></span> <span class='ocrx_word' id='word_1_376' title='bbox 2564 2088 2725 2143; x_wconf 88' lang='lat' dir='ltr'><strong>tertio</strong></span> <span class='ocrx_word' id='word_1_377' title='bbox 2752 2096 2903 2140; x_wconf 90' lang='lat' dir='ltr'><strong>tomo</strong></span> <span class='ocrx_word' id='word_1_378' title='bbox 2941 2081 3219 2137; x_wconf 84' lang='lat' dir='ltr'><strong>Theodori</strong></span> <span class='ocrx_word' id='word_1_379' title='bbox 3258 2074 3486 2133; x_wconf 78' lang='lat' dir='ltr'><strong>nomine</strong></span> 
     </span>
    </p>
   </div>
   <div class='ocr_carea' id='block_1_48' title="bbox 1913 2164 3487 2254">
    <p class='ocr_par' dir='ltr' id='par_1_48' title="bbox 1913 2164 3487 2254">
     <span class='ocr_line' id='line_1_48' title="bbox 1913 2164 3487 2254; baseline -0.015 -12"><span class='ocrx_word' id='word_1_380' title='bbox 1913 2186 2095 2242; x_wconf 86' lang='lat' dir='ltr'><strong>allatis</strong></span> <span class='ocrx_word' id='word_1_381' title='bbox 2132 2200 2185 2254; x_wconf 93' lang='lat' dir='ltr'><strong>p.</strong></span> <span class='ocrx_word' id='word_1_382' title='bbox 2222 2181 2462 2237; x_wconf 83' lang='lat'><strong>250-542</strong></span> <span class='ocrx_word' id='word_1_383' title='bbox 2492 2179 2766 2235; x_wconf 78' lang='lat' dir='ltr'><strong>difﬁcilius</strong></span> <span class='ocrx_word' id='word_1_384' title='bbox 2797 2178 2967 2232; x_wconf 86' lang='lat' dir='ltr'><strong>dictu.</strong></span> <span class='ocrx_word' id='word_1_385' title='bbox 3020 2173 3124 2227; x_wconf 83' lang='lat' dir='ltr'><strong>Sex</strong></span> <span class='ocrx_word' id='word_1_386' title='bbox 3156 2164 3487 2226; x_wconf 80' lang='lat' dir='ltr'><strong>Theodoreti</strong></span> 
     </span>
    </p>
   </div>
   <div class='ocr_carea' id='block_1_49' title="bbox 1912 2258 3482 2348">
    <p class='ocr_par' dir='ltr' id='par_1_49' title="bbox 1912 2258 3482 2348">
     <span class='ocr_line' id='line_1_49' title="bbox 1912 2258 3482 2348; baseline -0.015 -14"><span class='ocrx_word' id='word_1_387' title='bbox 1912 2288 2059 2341; x_wconf 90' lang='lat' dir='ltr'><strong>sunt,</strong></span> <span class='ocrx_word' id='word_1_388' title='bbox 2087 2293 2139 2348; x_wconf 91' lang='lat' dir='ltr'><strong>p.</strong></span> <span class='ocrx_word' id='word_1_389' title='bbox 2172 2274 2437 2339; x_wconf 90' lang='lat'><strong>250,507,</strong></span> <span class='ocrx_word' id='word_1_390' title='bbox 2465 2273 2588 2335; x_wconf 87' lang='lat'><strong>561,</strong></span> <span class='ocrx_word' id='word_1_391' title='bbox 2609 2270 2736 2336; x_wconf 88' lang='lat'><strong>450,</strong></span> <span class='ocrx_word' id='word_1_392' title='bbox 2755 2268 2879 2332; x_wconf 89' lang='grc'><strong>515,</strong></span> <span class='ocrx_word' id='word_1_393' title='bbox 2907 2264 3044 2331; x_wconf 86' lang='grc'><strong>516;</strong></span> <span class='ocrx_word' id='word_1_394' title='bbox 3078 2258 3482 2320; x_wconf 84' lang='lat' dir='ltr'><strong>novemdecim,</strong></span> 
     </span>
    </p>
   </div>
   <div class='ocr_carea' id='block_1_50' title="bbox 1913 2348 3484 2438">
    <p class='ocr_par' dir='ltr' id='par_1_50' title="bbox 1913 2348 3484 2438">
     <span class='ocr_line' id='line_1_50' title="bbox 1913 2348 3484 2438; baseline -0.017 -13"><span class='ocrx_word' id='word_1_395' title='bbox 1913 2384 2036 2425; x_wconf 90' lang='lat' dir='ltr'><strong>meo</strong></span> <span class='ocrx_word' id='word_1_396' title='bbox 2061 2366 2282 2438; x_wconf 90' lang='lat' dir='ltr'><strong>quidem</strong></span> <span class='ocrx_word' id='word_1_397' title='bbox 2302 2363 2531 2433; x_wconf 90' lang='lat' dir='ltr'><strong>judicio,</strong></span> <span class='ocrx_word' id='word_1_398' title='bbox 2561 2377 2592 2415; x_wconf 89' lang='lat' dir='ltr'><strong>a</strong></span> <span class='ocrx_word' id='word_1_399' title='bbox 2609 2360 2995 2429; x_wconf 80' lang='lat' dir='ltr'><strong>Mopsuesteno</strong></span> <span class='ocrx_word' id='word_1_400' title='bbox 3028 2368 3253 2425; x_wconf 85' lang='lat' dir='ltr'><strong>prorsus</strong></span> <span class='ocrx_word' id='word_1_401' title='bbox 3280 2348 3484 2405; x_wconf 86' lang='lat' dir='ltr'><strong>abhor-</strong></span> 
     </span>
    </p>
   </div>
   <div class='ocr_carea' id='block_1_51' title="bbox 1912 2438 3489 2528">
    <p class='ocr_par' dir='ltr' id='par_1_51' title="bbox 1912 2438 3489 2528">
     <span class='ocr_line' id='line_1_51' title="bbox 1912 2438 3489 2528; baseline -0.013 -13"><span class='ocrx_word' id='word_1_402' title='bbox 1912 2467 2035 2516; x_wconf 83' lang='lat' dir='ltr'><strong>rent</strong></span> <span class='ocrx_word' id='word_1_403' title='bbox 2076 2475 2090 2511; x_wconf 90' lang='lat'>:</span> <span class='ocrx_word' id='word_1_404' title='bbox 2132 2474 2184 2528; x_wconf 89' lang='lat' dir='ltr'><strong>p.</strong></span> <span class='ocrx_word' id='word_1_405' title='bbox 2232 2456 2356 2521; x_wconf 89' lang='lat'><strong>519,</strong></span> <span class='ocrx_word' id='word_1_406' title='bbox 2391 2453 2666 2518; x_wconf 84' lang='lat'><strong>521,548,</strong></span> <span class='ocrx_word' id='word_1_407' title='bbox 2711 2451 2837 2514; x_wconf 85' lang='lat'><strong>559,</strong></span> <span class='ocrx_word' id='word_1_408' title='bbox 2877 2448 3003 2508; x_wconf 88' lang='lat'><strong>562,</strong></span> <span class='ocrx_word' id='word_1_409' title='bbox 3040 2446 3165 2509; x_wconf 89' lang='lat'><strong>565,</strong></span> <span class='ocrx_word' id='word_1_410' title='bbox 3196 2443 3323 2505; x_wconf 87' lang='lat'><strong>577,</strong></span> <span class='ocrx_word' id='word_1_411' title='bbox 3354 2438 3489 2505; x_wconf 79' lang='grc'><strong>405,</strong></span> 
     </span>
    </p>
   </div>
   <div class='ocr_carea' id='block_1_52' title="bbox 1913 2529 3487 2615">
    <p class='ocr_par' dir='ltr' id='par_1_52' title="bbox 1913 2529 3487 2615">
     <span class='ocr_line' id='line_1_52' title="bbox 1913 2529 3487 2615; baseline -0.016 -8"><span class='ocrx_word' id='word_1_412' title='bbox 1913 2554 2038 2615; x_wconf 90' lang='grc'>407,</span> <span class='ocrx_word' id='word_1_413' title='bbox 2069 2550 2194 2613; x_wconf 88' lang='grc'>408,</span> <span class='ocrx_word' id='word_1_414' title='bbox 2236 2548 2359 2609; x_wconf 88' lang='lat'><strong>445,</strong></span> <span class='ocrx_word' id='word_1_415' title='bbox 2393 2546 2493 2599; x_wconf 87' lang='lat'><strong>447</strong></span> <span class='ocrx_word' id='word_1_416' title='bbox 2523 2553 2597 2613; x_wconf 81' lang='grc' dir='ltr'><strong>(ν.</strong></span> <span class='ocrx_word' id='word_1_417' title='bbox 2622 2559 2675 2612; x_wconf 92' lang='lat' dir='ltr'><strong>p.</strong></span> <span class='ocrx_word' id='word_1_418' title='bbox 2703 2542 2852 2607; x_wconf 88' lang='lat'><strong>445),</strong></span> <span class='ocrx_word' id='word_1_419' title='bbox 2883 2537 3010 2601; x_wconf 88' lang='lat'><strong>448,</strong></span> <span class='ocrx_word' id='word_1_420' title='bbox 3050 2534 3173 2597; x_wconf 84' lang='lat'><strong>462,</strong></span> <span class='ocrx_word' id='word_1_421' title='bbox 3200 2532 3325 2594; x_wconf 89' lang='lat'><strong>489,</strong></span> <span class='ocrx_word' id='word_1_422' title='bbox 3356 2529 3487 2592; x_wconf 79' lang='grc'><strong>491,</strong></span> 
     </span>
    </p>
   </div>
   <div class='ocr_carea' id='block_1_53' title="bbox 1913 2624 3479 2716">
    <p class='ocr_par' dir='ltr' id='par_1_53' title="bbox 1913 2624 3479 2716">
     <span class='ocr_line' id='line_1_53' title="bbox 1913 2624 3479 2716; baseline -0.015 -17"><span class='ocrx_word' id='word_1_423' title='bbox 1913 2644 2017 2699; x_wconf 86' lang='grc'><strong>510</strong></span> <span class='ocrx_word' id='word_1_424' title='bbox 2048 2644 2120 2716; x_wconf 86' lang='lat' dir='ltr'><strong>(v.</strong></span> <span class='ocrx_word' id='word_1_425' title='bbox 2160 2657 2215 2711; x_wconf 94' lang='lat' dir='ltr'><strong>p.</strong></span> <span class='ocrx_word' id='word_1_426' title='bbox 2252 2640 2400 2705; x_wconf 88' lang='lat'><strong>508),</strong></span> <span class='ocrx_word' id='word_1_427' title='bbox 2430 2639 2553 2701; x_wconf 87' lang='lat'><strong>512,</strong></span> <span class='ocrx_word' id='word_1_428' title='bbox 2586 2636 2709 2699; x_wconf 89' lang='lat'><strong>515,</strong></span> <span class='ocrx_word' id='word_1_429' title='bbox 2749 2642 2805 2688; x_wconf 92' lang='lat' dir='ltr'><strong>et</strong></span> <span class='ocrx_word' id='word_1_430' title='bbox 2837 2648 2957 2702; x_wconf 78' lang='lat' dir='ltr'><strong>qua:</strong></span> <span class='ocrx_word' id='word_1_431' title='bbox 2987 2635 3197 2684; x_wconf 85' lang='lat' dir='ltr'><strong>restant</strong></span> <span class='ocrx_word' id='word_1_432' title='bbox 3224 2639 3357 2679; x_wconf 79' lang='lat' dir='ltr'><strong>mu</strong></span> <span class='ocrx_word' id='word_1_433' title='bbox 3392 2624 3479 2677; x_wconf 84' lang='lat' dir='ltr'><strong>ni-</strong></span> 
     </span>
    </p>
   </div>
   <div class='ocr_carea' id='block_1_54' title="bbox 1914 2717 3491 2806">
    <p class='ocr_par' dir='ltr' id='par_1_54' title="bbox 1914 2717 3491 2806">
     <span class='ocr_line' id='line_1_54' title="bbox 1914 2717 3491 2806; baseline -0.015 -15"><span class='ocrx_word' id='word_1_434' title='bbox 1914 2737 1992 2792; x_wconf 90' lang='lat' dir='ltr'><strong>hil</strong></span> <span class='ocrx_word' id='word_1_435' title='bbox 2020 2734 2296 2806; x_wconf 89' lang='lat' dir='ltr'><strong>peculiare</strong></span> <span class='ocrx_word' id='word_1_436' title='bbox 2329 2732 2652 2798; x_wconf 88' lang='lat' dir='ltr'><strong>habentquo</strong></span> <span class='ocrx_word' id='word_1_437' title='bbox 2676 2741 2865 2781; x_wconf 90' lang='lat' dir='ltr'><strong>eorum</strong></span> <span class='ocrx_word' id='word_1_438' title='bbox 2886 2730 3165 2777; x_wconf 86' lang='lat' dir='ltr'><strong>auctorem</strong></span> <span class='ocrx_word' id='word_1_439' title='bbox 3192 2717 3491 2787; x_wconf 82' lang='lat' dir='ltr'><strong>dignoscas</strong></span> 
     </span>
    </p>
   </div>
   <div class='ocr_carea' id='block_1_55' title="bbox 1916 2806 3489 2899">
    <p class='ocr_par' dir='ltr' id='par_1_55' title="bbox 1916 2806 3489 2899">
     <span class='ocr_line' id='line_1_55' title="bbox 1916 2806 3489 2899; baseline -0.018 -15"><span class='ocrx_word' id='word_1_440' title='bbox 1916 2836 2078 2899; x_wconf 88' lang='lat' dir='ltr'><strong>atque</strong></span> <span class='ocrx_word' id='word_1_441' title='bbox 2103 2824 2325 2882; x_wconf 86' lang='lat' dir='ltr'><strong>omnino</strong></span> <span class='ocrx_word' id='word_1_442' title='bbox 2370 2821 2572 2876; x_wconf 88' lang='lat' dir='ltr'><strong>nullius</strong></span> <span class='ocrx_word' id='word_1_443' title='bbox 2604 2818 2715 2873; x_wconf 92' lang='lat' dir='ltr'><strong>fere</strong></span> <span class='ocrx_word' id='word_1_444' title='bbox 2747 2814 3005 2869; x_wconf 91' lang='lat' dir='ltr'><strong>momenti</strong></span> <span class='ocrx_word' id='word_1_445' title='bbox 3035 2818 3183 2865; x_wconf 90' lang='lat' dir='ltr'><strong>sunt.</strong></span> <span class='ocrx_word' id='word_1_446' title='bbox 3224 2806 3489 2899; x_wconf 76' lang='lat' dir='ltr'><strong>suspicor</strong></span> 
     </span>
    </p>
   </div>
   <div class='ocr_carea' id='block_1_56' title="bbox 1914 2896 3485 2991">
    <p class='ocr_par' dir='ltr' id='par_1_56' title="bbox 1914 2896 3485 2991">
     <span class='ocr_line' id='line_1_56' title="bbox 1914 2896 3485 2991; baseline -0.018 -16"><span class='ocrx_word' id='word_1_447' title='bbox 1914 2896 2173 2991; x_wconf 83' lang='lat' dir='ltr'><strong>pleraque</strong></span> <span class='ocrx_word' id='word_1_448' title='bbox 2206 2929 2395 2971; x_wconf 90' lang='lat' dir='ltr'><strong>eorum</strong></span> <span class='ocrx_word' id='word_1_449' title='bbox 2427 2912 2531 2965; x_wconf 87' lang='lat' dir='ltr'><strong>Th.</strong></span> <span class='ocrx_word' id='word_1_450' title='bbox 2580 2908 2795 2964; x_wconf 84' lang='lat' dir='ltr'><strong>Heracl.</strong></span> <span class='ocrx_word' id='word_1_451' title='bbox 2832 2911 2949 2968; x_wconf 90' lang='lat' dir='ltr'><strong>aut,</strong></span> <span class='ocrx_word' id='word_1_452' title='bbox 2980 2901 3126 2972; x_wconf 88' lang='lat' dir='ltr'><strong>quod</strong></span> <span class='ocrx_word' id='word_1_453' title='bbox 3157 2898 3331 2991; x_wconf 80' lang='lat' dir='ltr'><strong>magis</strong></span> <span class='ocrx_word' id='word_1_454' title='bbox 3366 2896 3485 2991; x_wconf 61' lang='lat' dir='ltr'><strong>pla-</strong></span> 
     </span>
    </p>
   </div>
   <div class='ocr_carea' id='block_1_57' title="bbox 1916 2982 3491 3071">
    <p class='ocr_par' dir='ltr' id='par_1_57' title="bbox 1916 2982 3491 3071">
     <span class='ocr_line' id='line_1_57' title="bbox 1916 2982 3491 3071; baseline -0.018 -6"><span class='ocrx_word' id='word_1_455' title='bbox 1916 2982 2028 3071; x_wconf 75' lang='lat' dir='ltr'><strong>cet,</strong></span> <span class='ocrx_word' id='word_1_456' title='bbox 2081 2982 2299 3061; x_wconf 70' lang='lat' dir='ltr'><strong>biodori</strong></span> <span class='ocrx_word' id='word_1_457' title='bbox 2362 3017 2505 3057; x_wconf 89' lang='lat' dir='ltr'><strong>esse.</strong></span> <span class='ocrx_word' id='word_1_458' title='bbox 2564 2998 2651 3054; x_wconf 86' lang='lat' dir='ltr'><strong>Cf.</strong></span> <span class='ocrx_word' id='word_1_459' title='bbox 2706 2996 2905 3067; x_wconf 86' lang='lat' dir='ltr'><strong>fragm.</strong></span> <span class='ocrx_word' id='word_1_460' title='bbox 2964 2988 3186 3045; x_wconf 86' lang='lat' dir='ltr'><strong>Diodori</strong></span> <span class='ocrx_word' id='word_1_461' title='bbox 3235 2988 3291 3042; x_wconf 87' lang='lat' dir='ltr'><strong>in</strong></span> <span class='ocrx_word' id='word_1_462' title='bbox 3327 2994 3370 3041; x_wconf 88' lang='lat' dir='ltr'><strong>t.</strong></span> <span class='ocrx_word' id='word_1_463' title='bbox 3415 2982 3491 3047; x_wconf 71' lang='lat' dir='ltr'><strong>ll,</strong></span> 
     </span>
    </p>
   </div>
   <div class='ocr_carea' id='block_1_58' title="bbox 1917 3096 2256 3171">
    <p class='ocr_par' dir='ltr' id='par_1_58' title="bbox 1917 3096 2256 3171">
     <span class='ocr_line' id='line_1_58' title="bbox 1917 3096 2256 3171; baseline -0.015 -18"><span class='ocrx_word' id='word_1_464' title='bbox 1917 3116 1972 3171; x_wconf 87' lang='lat' dir='ltr'><strong>p.</strong></span> <span class='ocrx_word' id='word_1_465' title='bbox 1993 3096 2256 3153; x_wconf 79' lang='lat'><strong>705-962.</strong></span> 
     </span>
    </p>
   </div>
   <div class='ocr_carea' id='block_1_59' title="bbox 230 3163 3491 3265">
    <p class='ocr_par' dir='ltr' id='par_1_59' title="bbox 230 3163 3491 3265">
     <span class='ocr_line' id='line_1_59' title="bbox 230 3163 3491 3265; baseline -0.002 -32"><span class='ocrx_word' id='word_1_466' title='bbox 230 3190 451 3244; x_wconf 87' lang='lat' dir='ltr'><strong>runtur,</strong></span> <span class='ocrx_word' id='word_1_467' title='bbox 489 3182 743 3236; x_wconf 81' lang='lat' dir='ltr'><strong>videntur</strong></span> <span class='ocrx_word' id='word_1_468' title='bbox 782 3180 1055 3237; x_wconf 85' lang='lat' dir='ltr'><strong>Theodori</strong></span> <span class='ocrx_word' id='word_1_469' title='bbox 1085 3197 1207 3238; x_wconf 87' lang='lat' dir='ltr'><strong>esse</strong></span> <span class='ocrx_word' id='word_1_470' title='bbox 1230 3200 1245 3249; x_wconf 90' lang='lat'><strong>;</strong></span> <span class='ocrx_word' id='word_1_471' title='bbox 1271 3188 1398 3237; x_wconf 90' lang='lat' dir='ltr'><strong>sunt</strong></span> <span class='ocrx_word' id='word_1_472' title='bbox 1434 3196 1496 3236; x_wconf 91' lang='lat' dir='ltr'><strong>ea</strong></span> <span class='ocrx_word' id='word_1_473' title='bbox 1526 3188 1706 3235; x_wconf 88' lang='lat' dir='ltr'><strong>tamen</strong></span> <span class='ocrx_word' id='word_1_474' title='bbox 1738 3180 1816 3234; x_wconf 86' lang='lat' dir='ltr'><strong>lc-</strong></span> <span class='ocrx_word' id='word_1_475' title='bbox 1845 3207 1887 3265; x_wconf 72' lang='grc' dir='ltr'><strong>ο</strong></span> <span class='ocrx_word' id='word_1_476' title='bbox 1920 3163 1936 3171; x_wconf 61' lang='grc'><em>’</em></span> <span class='ocrx_word' id='word_1_477' title='bbox 1991 3189 2314 3260; x_wconf 85' lang='lat' dir='ltr'><strong>Fragmenta</strong></span> <span class='ocrx_word' id='word_1_478' title='bbox 2340 3179 2709 3255; x_wconf 83' lang='lat' dir='ltr'><strong>Mopsuesteni</strong></span> <span class='ocrx_word' id='word_1_479' title='bbox 2734 3178 2925 3232; x_wconf 85' lang='lat' dir='ltr'><strong>insunt</strong></span> <span class='ocrx_word' id='word_1_480' title='bbox 2958 3174 3012 3228; x_wconf 92' lang='lat' dir='ltr'><strong>in</strong></span> <span class='ocrx_word' id='word_1_481' title='bbox 3030 3172 3151 3228; x_wconf 89' lang='lat' dir='ltr'><strong>Cat.</strong></span> <span class='ocrx_word' id='word_1_482' title='bbox 3183 3163 3491 3265; x_wconf 34' lang='lat' dir='ltr'><strong>inedlcod-</strong></span> 
     </span>
    </p>
   </div>
   <div class='ocr_carea' id='block_1_60' title="bbox 228 3258 3489 3343">
    <p class='ocr_par' dir='ltr' id='par_1_60' title="bbox 228 3258 3489 3343">
     <span class='ocr_line' id='line_1_60' title="bbox 228 3258 3489 3343; baseline -0.012 3"><span class='ocrx_word' id='word_1_483' title='bbox 228 3273 398 3328; x_wconf 73' lang='grc' dir='ltr'><strong>νίονίε</strong></span> <span class='ocrx_word' id='word_1_484' title='bbox 444 3274 725 3339; x_wconf 68' lang='lat' dir='ltr'><strong>momenti.</strong></span> <span class='ocrx_word' id='word_1_485' title='bbox 764 3288 885 3343; x_wconf 65' lang='lat' dir='ltr'><strong>qum</strong></span> <span class='ocrx_word' id='word_1_486' title='bbox 926 3273 1209 3342; x_wconf 77' lang='lat' dir='ltr'><strong>cuiusnam</strong></span> <span class='ocrx_word' id='word_1_487' title='bbox 1257 3273 1367 3327; x_wconf 68' lang='lat' dir='ltr'><strong>sint</strong></span> <span class='ocrx_word' id='word_1_488' title='bbox 1420 3287 1527 3326; x_wconf 82' lang='lat' dir='ltr'><strong>non</strong></span> <span class='ocrx_word' id='word_1_489' title='bbox 1588 3272 1816 3325; x_wconf 72' lang='lat' dir='ltr'><strong>multum</strong></span> <span class='ocrx_word' id='word_1_490' title='bbox 1853 3258 1887 3265; x_wconf 60' lang='grc'><strong>⁷</strong></span> <span class='ocrx_word' id='word_1_491' title='bbox 1918 3282 1967 3337; x_wconf 82' lang='lat' dir='ltr'><strong>x</strong></span> <span class='ocrx_word' id='word_1_492' title='bbox 2005 3258 2136 3336; x_wconf 83' lang='lat' dir='ltr'><strong>bibl.</strong></span> <span class='ocrx_word' id='word_1_493' title='bbox 2176 3277 2404 3332; x_wconf 89' lang='lat' dir='ltr'><strong>Coislin.</strong></span> <span class='ocrx_word' id='word_1_494' title='bbox 2439 3272 2525 3329; x_wconf 78' lang='lat' dir='ltr'><strong>cr.</strong></span> <span class='ocrx_word' id='word_1_495' title='bbox 2572 3269 2766 3327; x_wconf 80' lang='lat' dir='ltr'><strong>Montf.</strong></span> <span class='ocrx_word' id='word_1_496' title='bbox 2816 3267 2957 3322; x_wconf 78' lang='lat' dir='ltr'><strong>Bibl.</strong></span> <span class='ocrx_word' id='word_1_497' title='bbox 2992 3264 3158 3319; x_wconf 75' lang='lat' dir='ltr'><strong>Coisl.</strong></span> <span class='ocrx_word' id='word_1_498' title='bbox 3204 3276 3257 3331; x_wconf 89' lang='lat' dir='ltr'><strong>p.</strong></span> <span class='ocrx_word' id='word_1_499' title='bbox 3293 3258 3395 3317; x_wconf 76' lang='lat' dir='ltr'><strong>ss.</strong></span> <span class='ocrx_word' id='word_1_500' title='bbox 3432 3264 3489 3310; x_wconf 89' lang='lat' dir='ltr'><strong>et</strong></span> 
     </span>
    </p>
   </div>
   <div class='ocr_carea' id='block_1_61' title="bbox 229 3364 1817 3436">
    <p class='ocr_par' dir='ltr' id='par_1_61' title="bbox 229 3364 1817 3436">
     <span class='ocr_line' id='line_1_61' title="bbox 229 3364 1817 3436; baseline 0.001 -18"><span class='ocrx_word' id='word_1_501' title='bbox 229 3364 421 3419; x_wconf 88' lang='lat' dir='ltr'><strong>refert.</strong></span> <span class='ocrx_word' id='word_1_502' title='bbox 459 3364 518 3418; x_wconf 86' lang='lat' dir='ltr'><strong>in</strong></span> <span class='ocrx_word' id='word_1_503' title='bbox 551 3364 638 3420; x_wconf 91' lang='lat' dir='ltr'><strong>his</strong></span> <span class='ocrx_word' id='word_1_504' title='bbox 660 3366 875 3420; x_wconf 66' lang='lat' dir='ltr'><strong>Catenae</strong></span> <span class='ocrx_word' id='word_1_505' title='bbox 904 3367 1281 3420; x_wconf 91' lang='lat' dir='ltr'><strong>auctoritatem</strong></span> <span class='ocrx_word' id='word_1_506' title='bbox 1322 3366 1473 3436; x_wconf 90' lang='lat' dir='ltr'><strong>sequi</strong></span> <span class='ocrx_word' id='word_1_507' title='bbox 1516 3366 1688 3420; x_wconf 91' lang='lat' dir='ltr'><strong>tutius</strong></span> <span class='ocrx_word' id='word_1_508' title='bbox 1713 3377 1817 3429; x_wconf 89' lang='lat' dir='ltr'><strong>est,</strong></span> 
     </span>
    </p>
   </div>
   <div class='ocr_carea' id='block_1_62' title="bbox 231 3455 1816 3526">
    <p class='ocr_par' dir='ltr' id='par_1_62' title="bbox 231 3455 1816 3526">
     <span class='ocr_line' id='line_1_62' title="bbox 231 3455 1816 3526; baseline -0.001 -17"><span class='ocrx_word' id='word_1_509' title='bbox 231 3473 400 3525; x_wconf 89' lang='lat' dir='ltr'><strong>quam</strong></span> <span class='ocrx_word' id='word_1_510' title='bbox 461 3457 820 3525; x_wconf 85' lang='lat' dir='ltr'><strong>ccnjectando</strong></span> <span class='ocrx_word' id='word_1_511' title='bbox 866 3456 1078 3526; x_wconf 89' lang='lat' dir='ltr'><strong>nugari.</strong></span> <span class='ocrx_word' id='word_1_512' title='bbox 1124 3455 1332 3526; x_wconf 67' lang='lat' dir='ltr'><strong>(Edipo</strong></span> <span class='ocrx_word' id='word_1_513' title='bbox 1365 3457 1508 3510; x_wconf 89' lang='lat' dir='ltr'><strong>enim</strong></span> <span class='ocrx_word' id='word_1_514' title='bbox 1548 3472 1683 3525; x_wconf 89' lang='lat' dir='ltr'><strong>opus</strong></span> <span class='ocrx_word' id='word_1_515' title='bbox 1713 3465 1816 3510; x_wconf 87' lang='lat' dir='ltr'><strong>est.</strong></span> 
     </span>
    </p>
   </div>
   <div class='ocr_carea' id='block_1_63' title="bbox 232 3547 1822 3618">
    <p class='ocr_par' dir='ltr' id='par_1_63' title="bbox 232 3547 1822 3618">
     <span class='ocr_line' id='line_1_63' title="bbox 232 3547 1822 3618; baseline 0.001 -18"><span class='ocrx_word' id='word_1_516' title='bbox 232 3547 308 3603; x_wconf 87' lang='lat' dir='ltr'><strong>De</strong></span> <span class='ocrx_word' id='word_1_517' title='bbox 342 3549 576 3618; x_wconf 79' lang='lat' dir='ltr'><strong>singulis</strong></span> <span class='ocrx_word' id='word_1_518' title='bbox 607 3547 798 3618; x_wconf 81' lang='lat' dir='ltr'><strong>fragm.</strong></span> <span class='ocrx_word' id='word_1_519' title='bbox 837 3557 895 3601; x_wconf 90' lang='lat' dir='ltr'><strong>ut</strong></span> <span class='ocrx_word' id='word_1_520' title='bbox 934 3548 1045 3616; x_wconf 91' lang='lat' dir='ltr'><strong>jam</strong></span> <span class='ocrx_word' id='word_1_521' title='bbox 1089 3547 1299 3616; x_wconf 81' lang='lat' dir='ltr'><strong>loquar,</strong></span> <span class='ocrx_word' id='word_1_522' title='bbox 1324 3548 1507 3617; x_wconf 88' lang='lat' dir='ltr'><strong>spuria</strong></span> <span class='ocrx_word' id='word_1_523' title='bbox 1546 3554 1673 3601; x_wconf 89' lang='lat' dir='ltr'><strong>sunt</strong></span> <span class='ocrx_word' id='word_1_524' title='bbox 1702 3563 1822 3617; x_wconf 70' lang='lat' dir='ltr'><strong>qua:</strong></span> 
     </span>
    </p>
   </div>
   <div class='ocr_carea' id='block_1_64' title="bbox 230 3637 1819 3711">
    <p class='ocr_par' dir='ltr' id='par_1_64' title="bbox 230 3637 1819 3711">
     <span class='ocr_line' id='line_1_64' title="bbox 230 3637 1819 3711; baseline -0.001 -16"><span class='ocrx_word' id='word_1_525' title='bbox 230 3657 288 3711; x_wconf 93' lang='lat' dir='ltr'><strong>p.</strong></span> <span class='ocrx_word' id='word_1_526' title='bbox 318 3642 426 3695; x_wconf 75' lang='lat'><strong>241</strong></span> <span class='ocrx_word' id='word_1_527' title='bbox 465 3644 541 3711; x_wconf 76' lang='grc' dir='ltr'><strong>(ν.</strong></span> <span class='ocrx_word' id='word_1_528' title='bbox 577 3658 631 3710; x_wconf 92' lang='lat' dir='ltr'><strong>p.</strong></span> <span class='ocrx_word' id='word_1_529' title='bbox 673 3641 824 3711; x_wconf 83' lang='grc'><strong>254),</strong></span> <span class='ocrx_word' id='word_1_530' title='bbox 848 3640 974 3703; x_wconf 87' lang='grc'><strong>291,</strong></span> <span class='ocrx_word' id='word_1_531' title='bbox 1003 3640 1129 3708; x_wconf 88' lang='lat'><strong>296)</strong></span> <span class='ocrx_word' id='word_1_532' title='bbox 1162 3637 1648 3711; x_wconf 77' lang='grc' dir='ltr'><strong>(Ὀλοκαυτώματα</strong></span> <span class='ocrx_word' id='word_1_533' title='bbox 1688 3642 1819 3711; x_wconf 93' lang='grc'><strong>-),</strong></span> 
     </span>
    </p>
   </div>
   <div class='ocr_carea' id='block_1_65' title="bbox 230 3730 1825 3804">
    <p class='ocr_par' dir='ltr' id='par_1_65' title="bbox 230 3730 1825 3804">
     <span class='ocr_line' id='line_1_65' title="bbox 230 3730 1825 3804; baseline -0.002 -16"><span class='ocrx_word' id='word_1_534' title='bbox 230 3733 347 3788; x_wconf 78' lang='lat'><strong>402</strong></span> <span class='ocrx_word' id='word_1_535' title='bbox 378 3734 534 3799; x_wconf 70' lang='grc' dir='ltr'><strong>(Οὐδὲ</strong></span> <span class='ocrx_word' id='word_1_536' title='bbox 564 3733 671 3804; x_wconf 83' lang='grc' dir='ltr'><strong>γάρ</strong></span> <span class='ocrx_word' id='word_1_537' title='bbox 730 3738 830 3801; x_wconf 85' lang='lat'><strong>--),</strong></span> <span class='ocrx_word' id='word_1_538' title='bbox 874 3732 977 3791; x_wconf 87' lang='lat'><strong>652</strong></span> <span class='ocrx_word' id='word_1_539' title='bbox 1022 3730 1577 3801; x_wconf 76' lang='grc' dir='ltr'><strong>(Συμπαραλαμὸἀνει</strong></span> <span class='ocrx_word' id='word_1_540' title='bbox 1608 3731 1700 3800; x_wconf 83' lang='lat'><strong>--)</strong></span> <span class='ocrx_word' id='word_1_541' title='bbox 1751 3731 1825 3786; x_wconf 86' lang='lat' dir='ltr'><strong>le-</strong></span> 
     </span>
    </p>
   </div>
   <div class='ocr_carea' id='block_1_66' title="bbox 230 3820 1824 3896">
    <p class='ocr_par' dir='ltr' id='par_1_66' title="bbox 230 3820 1824 3896">
     <span class='ocr_line' id='line_1_66' title="bbox 230 3820 1824 3896; baseline -0.004 -17"><span class='ocrx_word' id='word_1_542' title='bbox 230 3833 481 3896; x_wconf 84' lang='lat' dir='ltr'><strong>guntur;</strong></span> <span class='ocrx_word' id='word_1_543' title='bbox 516 3825 719 3892; x_wconf 87' lang='lat' dir='ltr'><strong>reliqua</strong></span> <span class='ocrx_word' id='word_1_544' title='bbox 753 3824 857 3877; x_wconf 92' lang='lat' dir='ltr'><strong>huc</strong></span> <span class='ocrx_word' id='word_1_545' title='bbox 916 3821 1196 3876; x_wconf 83' lang='lat' dir='ltr'><strong>referenda</strong></span> <span class='ocrx_word' id='word_1_546' title='bbox 1230 3837 1285 3892; x_wconf 93' lang='lat' dir='ltr'><strong>p.</strong></span> <span class='ocrx_word' id='word_1_547' title='bbox 1330 3820 1432 3875; x_wconf 88' lang='lat'><strong>185</strong></span> <span class='ocrx_word' id='word_1_548' title='bbox 1463 3836 1545 3891; x_wconf 86' lang='lat' dir='ltr'><strong>sq.</strong></span> <span class='ocrx_word' id='word_1_549' title='bbox 1584 3821 1824 3889; x_wconf 81' lang='grc' dir='ltr'><strong>(Οἰκείαν</strong></span> 
     </span>
    </p>
   </div>
   <div class='ocr_carea' id='block_1_67' title="bbox 230 3909 1820 3982">
    <p class='ocr_par' dir='ltr' id='par_1_67' title="bbox 230 3909 1820 3982">
     <span class='ocr_line' id='line_1_67' title="bbox 230 3909 1820 3982; baseline -0.002 -16"><span class='ocrx_word' id='word_1_550' title='bbox 230 3914 385 3982; x_wconf 78' lang='grc' dir='ltr'>λέγει</span> <span class='ocrx_word' id='word_1_551' title='bbox 416 3914 532 3982; x_wconf 78' lang='grc'><strong>--),</strong></span> <span class='ocrx_word' id='word_1_552' title='bbox 562 3912 671 3967; x_wconf 87' lang='lat'><strong>215</strong></span> <span class='ocrx_word' id='word_1_553' title='bbox 712 3912 783 3981; x_wconf 87' lang='lat' dir='ltr'><strong>(v.</strong></span> <span class='ocrx_word' id='word_1_554' title='bbox 837 3928 888 3981; x_wconf 87' lang='lat' dir='ltr'><strong>p.</strong></span> <span class='ocrx_word' id='word_1_555' title='bbox 942 3910 1093 3979; x_wconf 65' lang='grc'>210).</span> <span class='ocrx_word' id='word_1_556' title='bbox 1142 3911 1267 3971; x_wconf 59' lang='grc'><strong>255,</strong></span> <span class='ocrx_word' id='word_1_557' title='bbox 1308 3909 1413 3964; x_wconf 72' lang='grc'><strong>252</strong></span> <span class='ocrx_word' id='word_1_558' title='bbox 1459 3910 1533 3977; x_wconf 80' lang='grc' dir='ltr'><strong>(ν.</strong></span> <span class='ocrx_word' id='word_1_559' title='bbox 1578 3925 1631 3980; x_wconf 79' lang='grc' dir='ltr'><strong>ρ.</strong></span> <span class='ocrx_word' id='word_1_560' title='bbox 1671 3910 1820 3979; x_wconf 71' lang='grc'><strong>248),</strong></span> 
     </span>
    </p>
   </div>
   <div class='ocr_carea' id='block_1_68' title="bbox 229 4002 1821 4078">
    <p class='ocr_par' dir='ltr' id='par_1_68' title="bbox 229 4002 1821 4078">
     <span class='ocr_line' id='line_1_68' title="bbox 229 4002 1821 4078; baseline -0.004 -15"><span class='ocrx_word' id='word_1_561' title='bbox 229 4009 359 4072; x_wconf 81' lang='lat'><strong>268,</strong></span> <span class='ocrx_word' id='word_1_562' title='bbox 386 4007 515 4073; x_wconf 85' lang='lat'><strong>269,</strong></span> <span class='ocrx_word' id='word_1_563' title='bbox 542 4006 668 4069; x_wconf 86' lang='lat'><strong>275,</strong></span> <span class='ocrx_word' id='word_1_564' title='bbox 711 4006 818 4060; x_wconf 74' lang='lat'><strong>288</strong></span> <span class='ocrx_word' id='word_1_565' title='bbox 844 4009 918 4073; x_wconf 78' lang='grc' dir='ltr'><strong>(ν.</strong></span> <span class='ocrx_word' id='word_1_566' title='bbox 959 4020 1014 4074; x_wconf 95' lang='lat' dir='ltr'><strong>p.</strong></span> <span class='ocrx_word' id='word_1_567' title='bbox 1052 4003 1203 4078; x_wconf 86' lang='grc'><strong>285),</strong></span> <span class='ocrx_word' id='word_1_568' title='bbox 1234 4004 1359 4063; x_wconf 89' lang='lat'><strong>565.</strong></span> <span class='ocrx_word' id='word_1_569' title='bbox 1391 4003 1516 4066; x_wconf 86' lang='lat'><strong>475,</strong></span> <span class='ocrx_word' id='word_1_570' title='bbox 1540 4002 1665 4065; x_wconf 88' lang='lat'><strong>597,</strong></span> <span class='ocrx_word' id='word_1_571' title='bbox 1697 4003 1821 4068; x_wconf 87' lang='lat'><strong>675,</strong></span> 
     </span>
    </p>
   </div>
   <div class='ocr_carea' id='block_1_69' title="bbox 231 4094 1826 4161">
    <p class='ocr_par' dir='ltr' id='par_1_69' title="bbox 231 4094 1826 4161">
     <span class='ocr_line' id='line_1_69' title="bbox 231 4094 1826 4161; baseline -0.004 -6"><span class='ocrx_word' id='word_1_572' title='bbox 231 4100 419 4155; x_wconf 89' lang='lat' dir='ltr'><strong>omnia</strong></span> <span class='ocrx_word' id='word_1_573' title='bbox 449 4098 707 4153; x_wconf 89' lang='lat' dir='ltr'><strong>videntur</strong></span> <span class='ocrx_word' id='word_1_574' title='bbox 736 4096 1061 4152; x_wconf 90' lang='lat' dir='ltr'><strong>Theodoreti</strong></span> <span class='ocrx_word' id='word_1_575' title='bbox 1092 4110 1248 4161; x_wconf 83' lang='lat' dir='ltr'><strong>esse;</strong></span> <span class='ocrx_word' id='word_1_576' title='bbox 1283 4095 1445 4148; x_wconf 90' lang='lat' dir='ltr'><strong>dubia</strong></span> <span class='ocrx_word' id='word_1_577' title='bbox 1471 4109 1601 4149; x_wconf 91' lang='lat' dir='ltr'><strong>vero</strong></span> <span class='ocrx_word' id='word_1_578' title='bbox 1631 4094 1826 4149; x_wconf 86' lang='lat' dir='ltr'><strong>habue-</strong></span> 
     </span>
    </p>
   </div>
   <div class='ocr_carea' id='block_1_70' title="bbox 233 4184 1825 4261">
    <p class='ocr_par' dir='ltr' id='par_1_70' title="bbox 233 4184 1825 4261">
     <span class='ocr_line' id='line_1_70' title="bbox 233 4184 1825 4261; baseline -0.004 -14"><span class='ocrx_word' id='word_1_579' title='bbox 233 4193 336 4247; x_wconf 90' lang='lat' dir='ltr'><strong>rim</strong></span> <span class='ocrx_word' id='word_1_580' title='bbox 368 4208 426 4261; x_wconf 88' lang='lat' dir='ltr'><strong>p.</strong></span> <span class='ocrx_word' id='word_1_581' title='bbox 463 4190 556 4253; x_wconf 74' lang='grc' dir='ltr'><strong>ετ,</strong></span> <span class='ocrx_word' id='word_1_582' title='bbox 604 4188 707 4243; x_wconf 83' lang='grc'><strong>182</strong></span> <span class='ocrx_word' id='word_1_583' title='bbox 736 4187 942 4260; x_wconf 82' lang='grc' dir='ltr'><strong>(Ταῦτα</strong></span> <span class='ocrx_word' id='word_1_584' title='bbox 978 4186 1169 4255; x_wconf 82' lang='grc' dir='ltr'><strong>δέ-),</strong></span> <span class='ocrx_word' id='word_1_585' title='bbox 1225 4186 1348 4251; x_wconf 83' lang='grc'>189,</span> <span class='ocrx_word' id='word_1_586' title='bbox 1376 4185 1481 4241; x_wconf 79' lang='grc'><strong>270</strong></span> <span class='ocrx_word' id='word_1_587' title='bbox 1530 4188 1604 4256; x_wconf 92' lang='lat' dir='ltr'><strong>(v.</strong></span> <span class='ocrx_word' id='word_1_588' title='bbox 1647 4184 1825 4240; x_wconf 84' lang='lat' dir='ltr'><strong>Theo-</strong></span> 
     </span>
    </p>
   </div>
   <div class='ocr_carea' id='block_1_71' title="bbox 230 4278 1819 4353">
    <p class='ocr_par' dir='ltr' id='par_1_71' title="bbox 230 4278 1819 4353">
     <span class='ocr_line' id='line_1_71' title="bbox 230 4278 1819 4353; baseline -0.003 -16"><span class='ocrx_word' id='word_1_589' title='bbox 230 4285 413 4337; x_wconf 77' lang='lat' dir='ltr'><strong>doret.</strong></span> <span class='ocrx_word' id='word_1_590' title='bbox 472 4282 611 4353; x_wconf 89' lang='lat' dir='ltr'><strong>Opp.</strong></span> <span class='ocrx_word' id='word_1_591' title='bbox 669 4282 709 4345; x_wconf 91' lang='grc' dir='ltr'><strong>Ι,</strong></span> <span class='ocrx_word' id='word_1_592' title='bbox 755 4297 806 4350; x_wconf 93' lang='lat' dir='ltr'><strong>p.</strong></span> <span class='ocrx_word' id='word_1_593' title='bbox 844 4279 1023 4345; x_wconf 82' lang='grc'><strong>1055),</strong></span> <span class='ocrx_word' id='word_1_594' title='bbox 1071 4278 1175 4334; x_wconf 84' lang='grc'><strong>298</strong></span> <span class='ocrx_word' id='word_1_595' title='bbox 1224 4279 1325 4347; x_wconf 77' lang='grc' dir='ltr'><strong>(εἰς</strong></span> <span class='ocrx_word' id='word_1_596' title='bbox 1372 4280 1516 4348; x_wconf 80' lang='grc' dir='ltr'><strong>ζωήν</strong></span> <span class='ocrx_word' id='word_1_597' title='bbox 1541 4279 1656 4347; x_wconf 89' lang='grc'><strong>-),</strong></span> <span class='ocrx_word' id='word_1_598' title='bbox 1694 4278 1819 4339; x_wconf 86' lang='lat'><strong>295,</strong></span> 
     </span>
    </p>
   </div>
   <div class='ocr_carea' id='block_1_72' title="bbox 229 4368 1821 4443">
    <p class='ocr_par' dir='ltr' id='par_1_72' title="bbox 229 4368 1821 4443">
     <span class='ocr_line' id='line_1_72' title="bbox 229 4368 1821 4443; baseline -0.004 -16"><span class='ocrx_word' id='word_1_599' title='bbox 229 4376 361 4434; x_wconf 85' lang='lat'><strong>297,</strong></span> <span class='ocrx_word' id='word_1_600' title='bbox 393 4376 499 4430; x_wconf 76' lang='lat'><strong>549</strong></span> <span class='ocrx_word' id='word_1_601' title='bbox 529 4368 719 4443; x_wconf 72' lang='grc' dir='ltr'><strong>(Οὗτός</strong></span> <span class='ocrx_word' id='word_1_602' title='bbox 743 4389 905 4441; x_wconf 79' lang='grc' dir='ltr'>φησιν</span> <span class='ocrx_word' id='word_1_603' title='bbox 930 4372 1045 4439; x_wconf 85' lang='grc'><strong>--),</strong></span> <span class='ocrx_word' id='word_1_604' title='bbox 1075 4371 1200 4434; x_wconf 87' lang='grc'><strong>551,</strong></span> <span class='ocrx_word' id='word_1_605' title='bbox 1224 4370 1328 4425; x_wconf 90' lang='lat'><strong>568</strong></span> <span class='ocrx_word' id='word_1_606' title='bbox 1361 4370 1567 4441; x_wconf 79' lang='grc' dir='ltr'><strong>(Ταῦτά</strong></span> <span class='ocrx_word' id='word_1_607' title='bbox 1590 4387 1683 4423; x_wconf 84' lang='grc' dir='ltr'><strong>σου</strong></span> <span class='ocrx_word' id='word_1_608' title='bbox 1706 4371 1821 4440; x_wconf 89' lang='grc'><strong>--),</strong></span> 
     </span>
    </p>
   </div>
   <div class='ocr_carea' id='block_1_73' title="bbox 232 4461 1825 4535">
    <p class='ocr_par' dir='ltr' id='par_1_73' title="bbox 232 4461 1825 4535">
     <span class='ocr_line' id='line_1_73' title="bbox 232 4461 1825 4535; baseline -0.001 -16"><span class='ocrx_word' id='word_1_609' title='bbox 232 4466 333 4520; x_wconf 85' lang='grc'><strong>451</strong></span> <span class='ocrx_word' id='word_1_610' title='bbox 361 4486 376 4532; x_wconf 89' lang='grc'><strong>;</strong></span> <span class='ocrx_word' id='word_1_611' title='bbox 404 4481 528 4535; x_wconf 71' lang='lat' dir='ltr'><strong>qua:</strong></span> <span class='ocrx_word' id='word_1_612' title='bbox 569 4473 829 4535; x_wconf 71' lang='lat' dir='ltr'><strong>przeterea</strong></span> <span class='ocrx_word' id='word_1_613' title='bbox 858 4462 1127 4517; x_wconf 86' lang='lat' dir='ltr'><strong>Theodori</strong></span> <span class='ocrx_word' id='word_1_614' title='bbox 1175 4461 1496 4527; x_wconf 77' lang='lat' dir='ltr'><strong>afferuntur,</strong></span> <span class='ocrx_word' id='word_1_615' title='bbox 1526 4477 1610 4527; x_wconf 89' lang='lat' dir='ltr'><strong>ea,</strong></span> <span class='ocrx_word' id='word_1_616' title='bbox 1637 4464 1825 4532; x_wconf 87' lang='lat' dir='ltr'><strong>paucis</strong></span> 
     </span>
    </p>
   </div>
   <div class='ocr_carea' id='block_1_74' title="bbox 1920 3347 3490 3431">
    <p class='ocr_par' dir='ltr' id='par_1_74' title="bbox 1920 3347 3490 3431">
     <span class='ocr_line' id='line_1_74' title="bbox 1920 3347 3490 3431; baseline -0.017 -3"><span class='ocrx_word' id='word_1_617' title='bbox 1920 3374 1976 3428; x_wconf 90' lang='lat' dir='ltr'><strong>in</strong></span> <span class='ocrx_word' id='word_1_618' title='bbox 2000 3373 2118 3431; x_wconf 85' lang='lat' dir='ltr'><strong>Cat.</strong></span> <span class='ocrx_word' id='word_1_619' title='bbox 2156 3369 2304 3425; x_wconf 91' lang='lat' dir='ltr'><strong>ined.</strong></span> <span class='ocrx_word' id='word_1_620' title='bbox 2334 3366 2458 3421; x_wconf 89' lang='lat' dir='ltr'><strong>cod.</strong></span> <span class='ocrx_word' id='word_1_621' title='bbox 2484 3362 2631 3417; x_wconf 78' lang='lat' dir='ltr'><strong>XVII</strong></span> <span class='ocrx_word' id='word_1_622' title='bbox 2656 3362 2790 3417; x_wconf 90' lang='lat' dir='ltr'><strong>bibl.</strong></span> <span class='ocrx_word' id='word_1_623' title='bbox 2828 3359 2997 3413; x_wconf 87' lang='lat' dir='ltr'><strong>Marc.</strong></span> <span class='ocrx_word' id='word_1_624' title='bbox 3032 3354 3223 3409; x_wconf 78' lang='lat' dir='ltr'><strong>Venet.</strong></span> <span class='ocrx_word' id='word_1_625' title='bbox 3253 3349 3339 3406; x_wconf 83' lang='lat' dir='ltr'><strong>Cf.</strong></span> <span class='ocrx_word' id='word_1_626' title='bbox 3364 3347 3490 3401; x_wconf 83' lang='lat' dir='ltr'><strong>Jac.</strong></span> 
     </span>
    </p>
   </div>
   <div class='ocr_carea' id='block_1_75' title="bbox 1921 3438 3489 3523">
    <p class='ocr_par' dir='ltr' id='par_1_75' title="bbox 1921 3438 3489 3523">
     <span class='ocr_line' id='line_1_75' title="bbox 1921 3438 3489 3523; baseline -0.018 -3"><span class='ocrx_word' id='word_1_627' title='bbox 1921 3462 2147 3520; x_wconf 77' lang='lat' dir='ltr'><strong>Morellii</strong></span> <span class='ocrx_word' id='word_1_628' title='bbox 2173 3460 2331 3523; x_wconf 86' lang='lat' dir='ltr'><strong>bibl.,</strong></span> <span class='ocrx_word' id='word_1_629' title='bbox 2362 3457 2529 3512; x_wconf 81' lang='lat' dir='ltr'><strong>Marc.</strong></span> <span class='ocrx_word' id='word_1_630' title='bbox 2554 3454 2745 3509; x_wconf 79' lang='lat' dir='ltr'><strong>Venet.</strong></span> <span class='ocrx_word' id='word_1_631' title='bbox 2776 3451 2914 3506; x_wconf 82' lang='lat' dir='ltr'><strong>Bibl.</strong></span> <span class='ocrx_word' id='word_1_632' title='bbox 2945 3466 3071 3503; x_wconf 69' lang='lat' dir='ltr'><strong>mss.</strong></span> <span class='ocrx_word' id='word_1_633' title='bbox 3101 3446 3193 3499; x_wconf 79' lang='lat' dir='ltr'><strong>Gr.</strong></span> <span class='ocrx_word' id='word_1_634' title='bbox 3225 3452 3273 3498; x_wconf 86' lang='lat' dir='ltr'><strong>et</strong></span> <span class='ocrx_word' id='word_1_635' title='bbox 3293 3441 3444 3506; x_wconf 55' lang='lat' dir='ltr'><strong>Lat,</strong></span> <span class='ocrx_word' id='word_1_636' title='bbox 3470 3438 3489 3492; x_wconf 91' lang='lat' dir='ltr'><strong>l</strong></span> 
     </span>
    </p>
   </div>
   <div class='ocr_carea' id='block_1_76' title="bbox 1922 3535 3488 3627">
    <p class='ocr_par' dir='ltr' id='par_1_76' title="bbox 1922 3535 3488 3627">
     <span class='ocr_line' id='line_1_76' title="bbox 1922 3535 3488 3627; baseline -0.01 -16"><span class='ocrx_word' id='word_1_637' title='bbox 1922 3556 2172 3627; x_wconf 91' lang='lat' dir='ltr'><strong>(Bassani</strong></span> <span class='ocrx_word' id='word_1_638' title='bbox 2197 3554 2376 3623; x_wconf 88' lang='grc'>1802),</span> <span class='ocrx_word' id='word_1_639' title='bbox 2409 3568 2464 3623; x_wconf 94' lang='lat' dir='ltr'><strong>p.</strong></span> <span class='ocrx_word' id='word_1_640' title='bbox 2493 3550 2583 3605; x_wconf 88' lang='lat'><strong>55.</strong></span> <span class='ocrx_word' id='word_1_641' title='bbox 2617 3548 2827 3603; x_wconf 86' lang='lat' dir='ltr'><strong>Caveus</strong></span> <span class='ocrx_word' id='word_1_642' title='bbox 2856 3546 2895 3599; x_wconf 87' lang='lat'><strong>1.</strong></span> <span class='ocrx_word' id='word_1_643' title='bbox 2919 3545 2978 3606; x_wconf 87' lang='lat'><strong>1.,</strong></span> <span class='ocrx_word' id='word_1_644' title='bbox 3004 3559 3058 3613; x_wconf 90' lang='lat' dir='ltr'><strong>p.</strong></span> <span class='ocrx_word' id='word_1_645' title='bbox 3080 3540 3205 3602; x_wconf 86' lang='grc'><strong>249,</strong></span> <span class='ocrx_word' id='word_1_646' title='bbox 3233 3556 3251 3588; x_wconf 84' lang='grc'><strong><em>‹</em></strong></span> <span class='ocrx_word' id='word_1_647' title='bbox 3279 3535 3488 3627; x_wconf 55' lang='lat' dir='ltr'><strong>Exsul.</strong></span> 
     </span>
    </p>
   </div>
   <div class='ocr_carea' id='block_1_77' title="bbox 1923 3625 3492 3717">
    <p class='ocr_par' dir='ltr' id='par_1_77' title="bbox 1923 3625 3492 3717">
     <span class='ocr_line' id='line_1_77' title="bbox 1923 3625 3492 3717; baseline -0.017 -14"><span class='ocrx_word' id='word_1_648' title='bbox 1923 3625 2277 3717; x_wconf 84' lang='lat' dir='ltr'><strong>inquit,apud</strong></span> <span class='ocrx_word' id='word_1_649' title='bbox 2306 3645 2376 3699; x_wconf 91' lang='lat' dir='ltr'><strong>cl.</strong></span> <span class='ocrx_word' id='word_1_650' title='bbox 2397 3641 2620 3697; x_wconf 86' lang='lat' dir='ltr'><strong>Galeum</strong></span> <span class='ocrx_word' id='word_1_651' title='bbox 2646 3644 3021 3709; x_wconf 85' lang='lat' dir='ltr'><strong>argumentum</strong></span> <span class='ocrx_word' id='word_1_652' title='bbox 3042 3635 3258 3702; x_wconf 85' lang='lat' dir='ltr'><strong>longum</strong></span> <span class='ocrx_word' id='word_1_653' title='bbox 3276 3628 3329 3682; x_wconf 92' lang='lat' dir='ltr'><strong>in</strong></span> <span class='ocrx_word' id='word_1_654' title='bbox 3347 3625 3492 3696; x_wconf 85' lang='lat' dir='ltr'><strong>psal-</strong></span> 
     </span>
    </p>
   </div>
   <div class='ocr_carea' id='block_1_78' title="bbox 1929 3718 3491 3806">
    <p class='ocr_par' dir='ltr' id='par_1_78' title="bbox 1929 3718 3491 3806">
     <span class='ocr_line' id='line_1_78' title="bbox 1929 3718 3491 3806; baseline -0.017 -11"><span class='ocrx_word' id='word_1_655' title='bbox 1929 3755 2077 3795; x_wconf 92' lang='lat' dir='ltr'><strong>mum</strong></span> <span class='ocrx_word' id='word_1_656' title='bbox 2109 3753 2214 3792; x_wconf 73' lang='lat' dir='ltr'><strong>XLV</strong></span> <span class='ocrx_word' id='word_1_657' title='bbox 2249 3735 2349 3806; x_wconf 90' lang='lat' dir='ltr'><strong>(a),</strong></span> <span class='ocrx_word' id='word_1_658' title='bbox 2389 3734 2444 3787; x_wconf 90' lang='lat' dir='ltr'><strong>in</strong></span> <span class='ocrx_word' id='word_1_659' title='bbox 2484 3747 2595 3803; x_wconf 91' lang='lat' dir='ltr'><strong>quo</strong></span> <span class='ocrx_word' id='word_1_660' title='bbox 2633 3729 2869 3785; x_wconf 87' lang='lat' dir='ltr'><strong>breviter</strong></span> <span class='ocrx_word' id='word_1_661' title='bbox 2907 3724 3174 3799; x_wconf 80' lang='lat' dir='ltr'><strong>percurrit</strong></span> <span class='ocrx_word' id='word_1_662' title='bbox 3206 3718 3491 3806; x_wconf 85' lang='lat' dir='ltr'><strong>historiam</strong></span> 
     </span>
    </p>
   </div>
   <div class='ocr_carea' id='block_1_79' title="bbox 1920 3805 3493 3895">
    <p class='ocr_par' dir='ltr' id='par_1_79' title="bbox 1920 3805 3493 3895">
     <span class='ocr_line' id='line_1_79' title="bbox 1920 3805 3493 3895; baseline -0.018 -9"><span class='ocrx_word' id='word_1_663' title='bbox 1920 3831 2229 3886; x_wconf 67' lang='lat' dir='ltr'><strong>Iudaeorum</strong></span> <span class='ocrx_word' id='word_1_664' title='bbox 2264 3841 2294 3880; x_wconf 93' lang='lat' dir='ltr'><strong>a</strong></span> <span class='ocrx_word' id='word_1_665' title='bbox 2331 3836 2571 3895; x_wconf 88' lang='lat' dir='ltr'><strong>tempore</strong></span> <span class='ocrx_word' id='word_1_666' title='bbox 2618 3819 2951 3891; x_wconf 82' lang='lat' dir='ltr'><strong>captivitatis</strong></span> <span class='ocrx_word' id='word_1_667' title='bbox 2999 3827 3175 3883; x_wconf 84' lang='lat' dir='ltr'><strong>usque</strong></span> <span class='ocrx_word' id='word_1_668' title='bbox 3211 3808 3283 3864; x_wconf 87' lang='lat' dir='ltr'><strong>ad</strong></span> <span class='ocrx_word' id='word_1_669' title='bbox 3308 3805 3493 3860; x_wconf 82' lang='lat' dir='ltr'><strong>Antio-</strong></span> 
     </span>
    </p>
   </div>
   <div class='ocr_carea' id='block_1_80' title="bbox 1922 3912 3032 3989">
    <p class='ocr_par' dir='ltr' id='par_1_80' title="bbox 1922 3912 3032 3989">
     <span class='ocr_line' id='line_1_80' title="bbox 1922 3912 3032 3989; baseline -0.017 -11"><span class='ocrx_word' id='word_1_670' title='bbox 1922 3924 2083 3980; x_wconf 91' lang='lat' dir='ltr'><strong>chum</strong></span> <span class='ocrx_word' id='word_1_671' title='bbox 2108 3929 2163 3975; x_wconf 90' lang='lat' dir='ltr'><strong>et</strong></span> <span class='ocrx_word' id='word_1_672' title='bbox 2192 3918 2345 3975; x_wconf 65' lang='lat' dir='ltr'><strong>Oniaa</strong></span> <span class='ocrx_word' id='word_1_673' title='bbox 2369 3917 2547 3989; x_wconf 87' lang='lat' dir='ltr'><strong>fugam</strong></span> <span class='ocrx_word' id='word_1_674' title='bbox 2583 3915 2635 3968; x_wconf 92' lang='lat' dir='ltr'><strong>in</strong></span> <span class='ocrx_word' id='word_1_675' title='bbox 2661 3912 2973 3984; x_wconf 64' lang='lat' dir='ltr'><strong>Egyptum.</strong></span> <span class='ocrx_word' id='word_1_676' title='bbox 3011 3926 3032 3959; x_wconf 74' lang='grc' dir='ltr'><strong><em>ι</em></strong></span> 
     </span>
    </p>
   </div>
   <div class='ocr_carea' id='block_1_81' title="bbox 1995 3991 3491 4083">
    <p class='ocr_par' dir='ltr' id='par_1_81' title="bbox 1995 3991 3491 4083">
     <span class='ocr_line' id='line_1_81' title="bbox 1995 3991 3491 4083; baseline -0.019 -14"><span class='ocrx_word' id='word_1_677' title='bbox 1995 4013 2193 4083; x_wconf 90' lang='lat' dir='ltr'><strong>Utjam</strong></span> <span class='ocrx_word' id='word_1_678' title='bbox 2228 4010 2464 4065; x_wconf 88' lang='lat' dir='ltr'><strong>indolem</strong></span> <span class='ocrx_word' id='word_1_679' title='bbox 2499 4005 2664 4074; x_wconf 91' lang='lat' dir='ltr'><strong>hujus</strong></span> <span class='ocrx_word' id='word_1_680' title='bbox 2700 3996 3081 4057; x_wconf 88' lang='lat' dir='ltr'><strong>commentarii</strong></span> <span class='ocrx_word' id='word_1_681' title='bbox 3111 3995 3272 4065; x_wconf 88' lang='lat' dir='ltr'><strong>plane</strong></span> <span class='ocrx_word' id='word_1_682' title='bbox 3300 3991 3491 4059; x_wconf 88' lang='lat' dir='ltr'><strong>singu-</strong></span> 
     </span>
    </p>
   </div>
   <div class='ocr_carea' id='block_1_82' title="bbox 1923 4087 3492 4173">
    <p class='ocr_par' dir='ltr' id='par_1_82' title="bbox 1923 4087 3492 4173">
     <span class='ocr_line' id='line_1_82' title="bbox 1923 4087 3492 4173; baseline -0.018 -12"><span class='ocrx_word' id='word_1_683' title='bbox 1923 4108 2091 4161; x_wconf 90' lang='lat' dir='ltr'><strong>larem</strong></span> <span class='ocrx_word' id='word_1_684' title='bbox 2123 4102 2314 4173; x_wconf 88' lang='lat' dir='ltr'><strong>paucis</strong></span> <span class='ocrx_word' id='word_1_685' title='bbox 2350 4097 2681 4158; x_wconf 90' lang='lat' dir='ltr'><strong>describam,</strong></span> <span class='ocrx_word' id='word_1_686' title='bbox 2707 4090 2999 4148; x_wconf 88' lang='lat' dir='ltr'><strong>dicendum</strong></span> <span class='ocrx_word' id='word_1_687' title='bbox 3030 4087 3288 4157; x_wconf 85' lang='lat' dir='ltr'><strong>primum,</strong></span> <span class='ocrx_word' id='word_1_688' title='bbox 3317 4095 3492 4173; x_wconf 83' lang='lat' dir='ltr'><strong>quan-</strong></span> 
     </span>
    </p>
   </div>
   <div class='ocr_carea' id='block_1_83' title="bbox 1925 4170 3491 4261">
    <p class='ocr_par' dir='ltr' id='par_1_83' title="bbox 1925 4170 3491 4261">
     <span class='ocr_line' id='line_1_83' title="bbox 1925 4170 3491 4261; baseline -0.018 -11"><span class='ocrx_word' id='word_1_689' title='bbox 1925 4204 2039 4250; x_wconf 88' lang='lat' dir='ltr'><strong>tum</strong></span> <span class='ocrx_word' id='word_1_690' title='bbox 2094 4170 2146 4247; x_wconf 83' lang='lat' dir='ltr'><strong>id</strong></span> <span class='ocrx_word' id='word_1_691' title='bbox 2182 4190 2397 4261; x_wconf 85' lang='lat' dir='ltr'><strong>quidem</strong></span> <span class='ocrx_word' id='word_1_692' title='bbox 2432 4187 2546 4242; x_wconf 78' lang='lat' dir='ltr'><strong>fieri</strong></span> <span class='ocrx_word' id='word_1_693' title='bbox 2583 4192 2782 4256; x_wconf 90' lang='lat' dir='ltr'><strong>potest,</strong></span> <span class='ocrx_word' id='word_1_694' title='bbox 2817 4179 2948 4251; x_wconf 90' lang='lat' dir='ltr'><strong>quid</strong></span> <span class='ocrx_word' id='word_1_695' title='bbox 2983 4176 3303 4232; x_wconf 87' lang='lat' dir='ltr'><strong>Theodorus</strong></span> <span class='ocrx_word' id='word_1_696' title='bbox 3339 4179 3394 4226; x_wconf 90' lang='lat' dir='ltr'><strong>et</strong></span> <span class='ocrx_word' id='word_1_697' title='bbox 3423 4170 3491 4224; x_wconf 90' lang='lat' dir='ltr'><strong>de</strong></span> 
     </span>
    </p>
   </div>
   <div class='ocr_carea' id='block_1_84' title="bbox 1926 4262 3493 4359">
    <p class='ocr_par' dir='ltr' id='par_1_84' title="bbox 1926 4262 3493 4359">
     <span class='ocr_line' id='line_1_84' title="bbox 1926 4262 3493 4359; baseline -0.018 -17"><span class='ocrx_word' id='word_1_698' title='bbox 1926 4285 2151 4359; x_wconf 91' lang='lat' dir='ltr'><strong>psalmis</strong></span> <span class='ocrx_word' id='word_1_699' title='bbox 2190 4284 2243 4338; x_wconf 89' lang='lat' dir='ltr'><strong>in</strong></span> <span class='ocrx_word' id='word_1_700' title='bbox 2273 4283 2587 4337; x_wconf 89' lang='lat' dir='ltr'><strong>universum</strong></span> <span class='ocrx_word' id='word_1_701' title='bbox 2614 4285 2667 4331; x_wconf 88' lang='lat' dir='ltr'><strong>et</strong></span> <span class='ocrx_word' id='word_1_702' title='bbox 2696 4276 2763 4330; x_wconf 90' lang='lat' dir='ltr'><strong>de</strong></span> <span class='ocrx_word' id='word_1_703' title='bbox 2785 4272 3019 4342; x_wconf 87' lang='lat' dir='ltr'><strong>singulis</strong></span> <span class='ocrx_word' id='word_1_704' title='bbox 3042 4264 3412 4359; x_wconf 76' lang='lat' dir='ltr'><strong>ps.statuerit.</strong></span> <span class='ocrx_word' id='word_1_705' title='bbox 3443 4262 3493 4315; x_wconf 87' lang='lat' dir='ltr'><strong>is</strong></span> 
     </span>
    </p>
   </div>
   <div class='ocr_carea' id='block_1_85' title="bbox 1925 4354 3496 4443">
    <p class='ocr_par' dir='ltr' id='par_1_85' title="bbox 1925 4354 3496 4443">
     <span class='ocr_line' id='line_1_85' title="bbox 1925 4354 3496 4443; baseline -0.019 -10"><span class='ocrx_word' id='word_1_706' title='bbox 1925 4354 2057 4432; x_wconf 71' lang='lat' dir='ltr'><strong>vero</strong></span> <span class='ocrx_word' id='word_1_707' title='bbox 2081 4388 2272 4430; x_wconf 86' lang='lat' dir='ltr'><strong>omnes</strong></span> <span class='ocrx_word' id='word_1_708' title='bbox 2306 4387 2388 4443; x_wconf 90' lang='lat' dir='ltr'><strong>ps.</strong></span> <span class='ocrx_word' id='word_1_709' title='bbox 2408 4387 2437 4424; x_wconf 93' lang='lat' dir='ltr'><strong>a</strong></span> <span class='ocrx_word' id='word_1_710' title='bbox 2456 4366 2676 4427; x_wconf 85' lang='lat' dir='ltr'><strong>Davide.</strong></span> <span class='ocrx_word' id='word_1_711' title='bbox 2709 4379 2869 4435; x_wconf 92' lang='lat' dir='ltr'><strong>quem</strong></span> <span class='ocrx_word' id='word_1_712' title='bbox 2900 4360 3199 4431; x_wconf 68' lang='lat' dir='ltr'><strong>saapissime</strong></span> <span class='ocrx_word' id='word_1_713' title='bbox 3224 4354 3496 4426; x_wconf 71' lang='lat' dir='ltr'><strong>propheta:</strong></span> 
     </span>
    </p>
   </div>
   <div class='ocr_carea' id='block_1_86' title="bbox 1928 4443 3498 4535">
    <p class='ocr_par' dir='ltr' id='par_1_86' title="bbox 1928 4443 3498 4535">
     <span class='ocr_line' id='line_1_86' title="bbox 1928 4443 3498 4535; baseline -0.018 -12"><span class='ocrx_word' id='word_1_714' title='bbox 1928 4467 2145 4523; x_wconf 91' lang='lat' dir='ltr'><strong>nomine</strong></span> <span class='ocrx_word' id='word_1_715' title='bbox 2168 4463 2469 4535; x_wconf 82' lang='lat' dir='ltr'><strong>insignivit,</strong></span> <span class='ocrx_word' id='word_1_716' title='bbox 2496 4458 2712 4529; x_wconf 92' lang='lat' dir='ltr'><strong>repetiit</strong></span> <span class='ocrx_word' id='word_1_717' title='bbox 2742 4455 2911 4527; x_wconf 89' lang='lat' dir='ltr'><strong>(b),et</strong></span> <span class='ocrx_word' id='word_1_718' title='bbox 2946 4453 3277 4523; x_wconf 89' lang='lat' dir='ltr'><strong>psalmorum</strong></span> <span class='ocrx_word' id='word_1_719' title='bbox 3303 4443 3498 4535; x_wconf 84' lang='lat' dir='ltr'><strong>inscri-</strong></span> 
     </span>
    </p>
   </div>
   <div class='ocr_carea' id='block_1_87' title="bbox 232 4533 3499 4633">
    <p class='ocr_par' dir='ltr' id='par_1_87' title="bbox 232 4533 3499 4633">
     <span class='ocr_line' id='line_1_87' title="bbox 232 4533 3499 4633; baseline -0.007 -23"><span class='ocrx_word' id='word_1_720' title='bbox 232 4533 505 4626; x_wconf 79' lang='lat' dir='ltr'><strong>exceptis,</strong></span> <span class='ocrx_word' id='word_1_721' title='bbox 535 4533 919 4626; x_wconf 72' lang='lat' dir='ltr'><strong>hlopsuesteno</strong></span> <span class='ocrx_word' id='word_1_722' title='bbox 942 4555 1223 4622; x_wconf 79' lang='lat' dir='ltr'><strong>assignare</strong></span> <span class='ocrx_word' id='word_1_723' title='bbox 1248 4568 1354 4607; x_wconf 90' lang='lat' dir='ltr'><strong>non</strong></span> <span class='ocrx_word' id='word_1_724' title='bbox 1381 4553 1591 4608; x_wconf 90' lang='lat' dir='ltr'><strong>dubito.</strong></span> <span class='ocrx_word' id='word_1_725' title='bbox 1623 4553 1829 4608; x_wconf 84' lang='lat' dir='ltr'><strong>Horum</strong></span> <span class='ocrx_word' id='word_1_726' title='bbox 1855 4555 1910 4615; x_wconf 87' lang='lat' dir='ltr'><strong><em>D</em></strong></span> <span class='ocrx_word' id='word_1_727' title='bbox 1932 4562 2143 4633; x_wconf 65' lang='lat' dir='ltr'><strong>piiones</strong></span> <span class='ocrx_word' id='word_1_728' title='bbox 2170 4533 2358 4624; x_wconf 68' lang='lat' dir='ltr'><strong>reiecit</strong></span> <span class='ocrx_word' id='word_1_729' title='bbox 2388 4552 2719 4623; x_wconf 87' lang='lat' dir='ltr'><strong>(c),ideoque</strong></span> <span class='ocrx_word' id='word_1_730' title='bbox 2742 4562 2851 4601; x_wconf 93' lang='lat' dir='ltr'><strong>non</strong></span> <span class='ocrx_word' id='word_1_731' title='bbox 2874 4542 3189 4633; x_wconf 10' lang='lat' dir='ltr'><strong>mirandum?</strong></span> <span class='ocrx_word' id='word_1_732' title='bbox 3210 4535 3354 4633; x_wconf 87' lang='lat' dir='ltr'><strong>quod</strong></span> <span class='ocrx_word' id='word_1_733' title='bbox 3391 4533 3499 4633; x_wconf 74' lang='lat' dir='ltr'><strong>sin-</strong></span> 
     </span>
    </p>
   </div>
   <div class='ocr_carea' id='block_1_88' title="bbox 233 4646 1835 4716">
    <p class='ocr_par' dir='ltr' id='par_1_88' title="bbox 233 4646 1835 4716">
     <span class='ocr_line' id='line_1_88' title="bbox 233 4646 1835 4716; baseline -0.001 -16"><span class='ocrx_word' id='word_1_734' title='bbox 233 4658 420 4702; x_wconf 82' lang='lat' dir='ltr'><strong>autem</strong></span> <span class='ocrx_word' id='word_1_735' title='bbox 464 4662 587 4702; x_wconf 91' lang='lat' dir='ltr'><strong>cum</strong></span> <span class='ocrx_word' id='word_1_736' title='bbox 617 4661 811 4716; x_wconf 88' lang='lat' dir='ltr'><strong>magna</strong></span> <span class='ocrx_word' id='word_1_737' title='bbox 865 4646 1020 4715; x_wconf 86' lang='lat' dir='ltr'><strong>copia</strong></span> <span class='ocrx_word' id='word_1_738' title='bbox 1071 4646 1166 4712; x_wconf 88' lang='lat' dir='ltr'><strong>sit,</strong></span> <span class='ocrx_word' id='word_1_739' title='bbox 1214 4661 1363 4700; x_wconf 92' lang='lat' dir='ltr'><strong>nunc</strong></span> <span class='ocrx_word' id='word_1_740' title='bbox 1407 4646 1623 4716; x_wconf 92' lang='lat' dir='ltr'><strong>quidem</strong></span> <span class='ocrx_word' id='word_1_741' title='bbox 1664 4646 1730 4699; x_wconf 91' lang='lat' dir='ltr'><strong>ad</strong></span> <span class='ocrx_word' id='word_1_742' title='bbox 1771 4660 1835 4699; x_wconf 88' lang='lat' dir='ltr'><strong>ea</strong></span> 
     </span>
    </p>
   </div>
   <div class='ocr_carea' id='block_1_89' title="bbox 232 4737 1833 4809">
    <p class='ocr_par' dir='ltr' id='par_1_89' title="bbox 232 4737 1833 4809">
     <span class='ocr_line' id='line_1_89' title="bbox 232 4737 1833 4809; baseline -0.003 -14"><span class='ocrx_word' id='word_1_743' title='bbox 232 4752 450 4795; x_wconf 77' lang='lat' dir='ltr'><strong>tantum</strong></span> <span class='ocrx_word' id='word_1_744' title='bbox 486 4754 605 4809; x_wconf 76' lang='lat' dir='ltr'><strong>qu:e</strong></span> <span class='ocrx_word' id='word_1_745' title='bbox 635 4739 764 4792; x_wconf 89' lang='lat' dir='ltr'><strong>mihi</strong></span> <span class='ocrx_word' id='word_1_746' title='bbox 788 4754 899 4808; x_wconf 67' lang='lat' dir='ltr'><strong>prae</strong></span> <span class='ocrx_word' id='word_1_747' title='bbox 923 4738 1133 4792; x_wconf 74' lang='lat' dir='ltr'><strong>czeteris</strong></span> <span class='ocrx_word' id='word_1_748' title='bbox 1164 4748 1349 4792; x_wconf 89' lang='lat' dir='ltr'><strong>notatu</strong></span> <span class='ocrx_word' id='word_1_749' title='bbox 1373 4738 1533 4808; x_wconf 88' lang='lat' dir='ltr'><strong>digna</strong></span> <span class='ocrx_word' id='word_1_750' title='bbox 1557 4737 1833 4802; x_wconf 90' lang='lat' dir='ltr'><strong>videntur,</strong></span> 
     </span>
    </p>
   </div>
   <div class='ocr_carea' id='block_1_90' title="bbox 233 4828 1835 4899">
    <p class='ocr_par' dir='ltr' id='par_1_90' title="bbox 233 4828 1835 4899">
     <span class='ocr_line' id='line_1_90' title="bbox 233 4828 1835 4899; baseline 0 -14"><span class='ocrx_word' id='word_1_751' title='bbox 233 4832 463 4887; x_wconf 83' lang='lat' dir='ltr'><strong>lectoris</strong></span> <span class='ocrx_word' id='word_1_752' title='bbox 520 4831 762 4884; x_wconf 82' lang='lat' dir='ltr'><strong>animum</strong></span> <span class='ocrx_word' id='word_1_753' title='bbox 808 4830 1089 4885; x_wconf 88' lang='lat' dir='ltr'><strong>advertere</strong></span> <span class='ocrx_word' id='word_1_754' title='bbox 1133 4830 1308 4899; x_wconf 83' lang='lat' dir='ltr'><strong>placet</strong></span> <span class='ocrx_word' id='word_1_755' title='bbox 1348 4848 1361 4884; x_wconf 90' lang='lat'>:</span> <span class='ocrx_word' id='word_1_756' title='bbox 1415 4846 1469 4898; x_wconf 88' lang='lat' dir='ltr'><strong>p.</strong></span> <span class='ocrx_word' id='word_1_757' title='bbox 1511 4828 1599 4893; x_wconf 82' lang='lat'><strong>25,</strong></span> <span class='ocrx_word' id='word_1_758' title='bbox 1642 4830 1710 4882; x_wconf 73' lang='lat'><strong>27</strong></span> <span class='ocrx_word' id='word_1_759' title='bbox 1750 4828 1835 4892; x_wconf 88' lang='lat' dir='ltr'><strong>(de</strong></span> 
     </span>
    </p>
   </div>
   <div class='ocr_carea' id='block_1_91' title="bbox 232 4922 1831 4995">
    <p class='ocr_par' dir='ltr' id='par_1_91' title="bbox 232 4922 1831 4995">
     <span class='ocr_line' id='line_1_91' title="bbox 232 4922 1831 4995; baseline -0.002 -14"><span class='ocrx_word' id='word_1_760' title='bbox 232 4941 321 4994; x_wconf 90' lang='lat' dir='ltr'><strong>ps.</strong></span> <span class='ocrx_word' id='word_1_761' title='bbox 353 4940 452 4987; x_wconf 77' lang='grc' dir='ltr'><strong>ιιι,</strong></span> <span class='ocrx_word' id='word_1_762' title='bbox 487 4923 541 4988; x_wconf 83' lang='grc'><strong>5,</strong></span> <span class='ocrx_word' id='word_1_763' title='bbox 567 4924 642 4994; x_wconf 87' lang='lat'><strong>7),</strong></span> <span class='ocrx_word' id='word_1_764' title='bbox 672 4923 741 4977; x_wconf 82' lang='lat'><strong>5&#39;5</strong></span> <span class='ocrx_word' id='word_1_765' title='bbox 766 4922 904 4995; x_wconf 83' lang='lat' dir='ltr'><strong>(un,</strong></span> <span class='ocrx_word' id='word_1_766' title='bbox 938 4925 1012 4992; x_wconf 83' lang='lat'><strong>1),</strong></span> <span class='ocrx_word' id='word_1_767' title='bbox 1044 4922 1131 4989; x_wconf 88' lang='lat'><strong>54,</strong></span> <span class='ocrx_word' id='word_1_768' title='bbox 1161 4925 1221 4976; x_wconf 83' lang='lat'><strong>61</strong></span> <span class='ocrx_word' id='word_1_769' title='bbox 1259 4923 1389 4992; x_wconf 78' lang='grc' dir='ltr'><strong>(ων,</strong></span> <span class='ocrx_word' id='word_1_770' title='bbox 1421 4923 1475 4987; x_wconf 91' lang='lat'><strong>5,</strong></span> <span class='ocrx_word' id='word_1_771' title='bbox 1502 4923 1608 4991; x_wconf 84' lang='grc'><strong>14).</strong></span> <span class='ocrx_word' id='word_1_772' title='bbox 1648 4922 1831 4979; x_wconf 79' lang='lat' dir='ltr'><strong>Poste-</strong></span> 
     </span>
    </p>
   </div>
   <div class='ocr_carea' id='block_1_92' title="bbox 312 5099 1822 5171">
    <p class='ocr_par' dir='ltr' id='par_1_92' title="bbox 312 5099 1822 5171">
     <span class='ocr_line' id='line_1_92' title="bbox 312 5099 1822 5171; baseline 0.001 -16"><span class='ocrx_word' id='word_1_773' title='bbox 312 5104 395 5171; x_wconf 88' lang='lat' dir='ltr'><strong>(a)</strong></span> <span class='ocrx_word' id='word_1_774' title='bbox 430 5099 546 5154; x_wconf 89' lang='lat' dir='ltr'><strong>lloc</strong></span> <span class='ocrx_word' id='word_1_775' title='bbox 599 5110 1004 5171; x_wconf 85' lang='lat' dir='ltr'><strong>argumentum,</strong></span> <span class='ocrx_word' id='word_1_776' title='bbox 1038 5102 1091 5155; x_wconf 93' lang='lat' dir='ltr'><strong>in</strong></span> <span class='ocrx_word' id='word_1_777' title='bbox 1126 5103 1314 5157; x_wconf 89' lang='lat' dir='ltr'><strong>codice</strong></span> <span class='ocrx_word' id='word_1_778' title='bbox 1335 5101 1600 5157; x_wconf 80' lang='lat' dir='ltr'><strong>Vaticano</strong></span> <span class='ocrx_word' id='word_1_779' title='bbox 1642 5116 1822 5170; x_wconf 87' lang='lat' dir='ltr'><strong>repor-</strong></span> 
     </span>
    </p>
   </div>
   <div class='ocr_carea' id='block_1_93' title="bbox 235 5170 1825 5242">
    <p class='ocr_par' dir='ltr' id='par_1_93' title="bbox 235 5170 1825 5242">
     <span class='ocr_line' id='line_1_93' title="bbox 235 5170 1825 5242; baseline 0.001 -16"><span class='ocrx_word' id='word_1_780' title='bbox 235 5180 355 5226; x_wconf 86' lang='lat' dir='ltr'><strong>tum</strong></span> <span class='ocrx_word' id='word_1_781' title='bbox 394 5188 519 5226; x_wconf 90' lang='lat' dir='ltr'><strong>cum</strong></span> <span class='ocrx_word' id='word_1_782' title='bbox 564 5173 685 5242; x_wconf 79' lang='lat' dir='ltr'><strong>aliis</strong></span> <span class='ocrx_word' id='word_1_783' title='bbox 710 5170 1458 5242; x_wconf 73' lang='lat' dir='ltr'><strong>Mopsuesteni~fragmentis</strong></span> <span class='ocrx_word' id='word_1_784' title='bbox 1487 5174 1539 5226; x_wconf 93' lang='lat' dir='ltr'><strong>in</strong></span> <span class='ocrx_word' id='word_1_785' title='bbox 1576 5172 1825 5228; x_wconf 84' lang='lat' dir='ltr'><strong>Psalmos</strong></span> 
     </span>
    </p>
   </div>
   <div class='ocr_carea' id='block_1_94' title="bbox 235 5241 1822 5310">
    <p class='ocr_par' dir='ltr' id='par_1_94' title="bbox 235 5241 1822 5310">
     <span class='ocr_line' id='line_1_94' title="bbox 235 5241 1822 5310; baseline 0 -15"><span class='ocrx_word' id='word_1_786' title='bbox 235 5242 414 5301; x_wconf 77' lang='lat' dir='ltr'><strong>edidit</strong></span> <span class='ocrx_word' id='word_1_787' title='bbox 447 5244 584 5309; x_wconf 75' lang='lat' dir='ltr'><strong>Aug.</strong></span> <span class='ocrx_word' id='word_1_788' title='bbox 616 5241 744 5300; x_wconf 82' lang='lat' dir='ltr'><strong>Mai,</strong></span> <span class='ocrx_word' id='word_1_789' title='bbox 776 5242 865 5310; x_wconf 87' lang='lat' dir='ltr'><strong>qui</strong></span> <span class='ocrx_word' id='word_1_790' title='bbox 905 5250 1051 5298; x_wconf 83' lang='lat' dir='ltr'><strong>notat</strong></span> <span class='ocrx_word' id='word_1_791' title='bbox 1077 5241 1484 5310; x_wconf 29' lang='lat' dir='ltr'><strong>apud’Caveum</strong></span> <span class='ocrx_word' id='word_1_792' title='bbox 1519 5251 1573 5296; x_wconf 92' lang='lat' dir='ltr'><strong>et</strong></span> <span class='ocrx_word' id='word_1_793' title='bbox 1607 5242 1822 5295; x_wconf 88' lang='lat' dir='ltr'><strong>Fahric.</strong></span> 
     </span>
    </p>
   </div>
   <div class='ocr_carea' id='block_1_95' title="bbox 236 5311 1821 5380">
    <p class='ocr_par' dir='ltr' id='par_1_95' title="bbox 236 5311 1821 5380">
     <span class='ocr_line' id='line_1_95' title="bbox 236 5311 1821 5380; baseline 0 -13"><span class='ocrx_word' id='word_1_794' title='bbox 236 5328 432 5368; x_wconf 88' lang='lat' dir='ltr'><strong>errore</strong></span> <span class='ocrx_word' id='word_1_795' title='bbox 457 5313 848 5380; x_wconf 85' lang='lat' dir='ltr'><strong>typographico</strong></span> <span class='ocrx_word' id='word_1_796' title='bbox 870 5312 1130 5380; x_wconf 84' lang='lat' dir='ltr'><strong>scriptum</strong></span> <span class='ocrx_word' id='word_1_797' title='bbox 1152 5314 1317 5366; x_wconf 87' lang='lat' dir='ltr'><strong>fuisse</strong></span> <span class='ocrx_word' id='word_1_798' title='bbox 1338 5312 1407 5365; x_wconf 89' lang='lat'><strong>45</strong></span> <span class='ocrx_word' id='word_1_799' title='bbox 1434 5327 1531 5380; x_wconf 90' lang='lat' dir='ltr'><strong>pro</strong></span> <span class='ocrx_word' id='word_1_800' title='bbox 1554 5313 1640 5365; x_wconf 86' lang='lat'><strong>54.</strong></span> <span class='ocrx_word' id='word_1_801' title='bbox 1664 5311 1821 5367; x_wconf 79' lang='grc' dir='ltr'><strong>Ευιτ.</strong></span> 
     </span>
    </p>
   </div>
   <div class='ocr_carea' id='block_1_96' title="bbox 313 5380 1822 5451">
    <p class='ocr_par' dir='ltr' id='par_1_96' title="bbox 313 5380 1822 5451">
     <span class='ocr_line' id='line_1_96' title="bbox 313 5380 1822 5451; baseline -0.001 -18"><span class='ocrx_word' id='word_1_802' title='bbox 313 5384 390 5451; x_wconf 89' lang='lat' dir='ltr'><strong>(b)</strong></span> <span class='ocrx_word' id='word_1_803' title='bbox 420 5381 535 5434; x_wconf 83' lang='lat' dir='ltr'><strong>Etsi</strong></span> <span class='ocrx_word' id='word_1_804' title='bbox 565 5380 616 5432; x_wconf 90' lang='lat' dir='ltr'><strong>in</strong></span> <span class='ocrx_word' id='word_1_805' title='bbox 649 5381 798 5435; x_wconf 91' lang='lat' dir='ltr'><strong>nullo</strong></span> <span class='ocrx_word' id='word_1_806' title='bbox 826 5381 1017 5449; x_wconf 85' lang='lat' dir='ltr'><strong>fragm.</strong></span> <span class='ocrx_word' id='word_1_807' title='bbox 1043 5383 1142 5433; x_wconf 75' lang='lat' dir='ltr'><strong>hor.</strong></span> <span class='ocrx_word' id='word_1_808' title='bbox 1178 5384 1465 5451; x_wconf 84' lang='lat' dir='ltr'><strong>perspicue</strong></span> <span class='ocrx_word' id='word_1_809' title='bbox 1498 5384 1822 5446; x_wconf 77' lang='lat' dir='ltr'><strong>enuntiavit,</strong></span> 
     </span>
    </p>
   </div>
   <div class='ocr_carea' id='block_1_97' title="bbox 236 5451 1828 5521">
    <p class='ocr_par' dir='ltr' id='par_1_97' title="bbox 236 5451 1828 5521">
     <span class='ocr_line' id='line_1_97' title="bbox 236 5451 1828 5521; baseline -0.001 -15"><span class='ocrx_word' id='word_1_810' title='bbox 236 5467 306 5506; x_wconf 75' lang='lat' dir='ltr'><strong>eo</strong></span> <span class='ocrx_word' id='word_1_811' title='bbox 333 5462 516 5521; x_wconf 89' lang='lat' dir='ltr'><strong>tamen</strong></span> <span class='ocrx_word' id='word_1_812' title='bbox 546 5460 756 5503; x_wconf 88' lang='lat' dir='ltr'><strong>certum</strong></span> <span class='ocrx_word' id='word_1_813' title='bbox 786 5459 903 5521; x_wconf 55' lang='lat' dir='ltr'><strong>est,</strong></span> <span class='ocrx_word' id='word_1_814' title='bbox 924 5451 1066 5521; x_wconf 80' lang='lat' dir='ltr'><strong>quod</strong></span> <span class='ocrx_word' id='word_1_815' title='bbox 1094 5452 1275 5519; x_wconf 83' lang='lat' dir='ltr'><strong>plures</strong></span> <span class='ocrx_word' id='word_1_816' title='bbox 1306 5453 1545 5521; x_wconf 83' lang='lat' dir='ltr'><strong>psalmos</strong></span> <span class='ocrx_word' id='word_1_817' title='bbox 1576 5452 1667 5521; x_wconf 88' lang='lat' dir='ltr'><strong>qui</strong></span> <span class='ocrx_word' id='word_1_818' title='bbox 1693 5452 1828 5505; x_wconf 85' lang='lat' dir='ltr'><strong>alio-</strong></span> 
     </span>
    </p>
   </div>
   <div class='ocr_carea' id='block_1_98' title="bbox 241 5519 1821 5589">
    <p class='ocr_par' dir='ltr' id='par_1_98' title="bbox 241 5519 1821 5589">
     <span class='ocr_line' id='line_1_98' title="bbox 241 5519 1821 5589; baseline 0.001 -17"><span class='ocrx_word' id='word_1_819' title='bbox 241 5537 368 5575; x_wconf 90' lang='lat' dir='ltr'><strong>rum</strong></span> <span class='ocrx_word' id='word_1_820' title='bbox 407 5520 671 5574; x_wconf 89' lang='lat' dir='ltr'><strong>dicuntur</strong></span> <span class='ocrx_word' id='word_1_821' title='bbox 705 5535 847 5580; x_wconf 86' lang='lat' dir='ltr'><strong>esse,</strong></span> <span class='ocrx_word' id='word_1_822' title='bbox 882 5519 1171 5574; x_wconf 78' lang='lat' dir='ltr'><strong>Davidicos</strong></span> <span class='ocrx_word' id='word_1_823' title='bbox 1220 5519 1396 5576; x_wconf 66' lang='lat' dir='ltr'><strong>nam.</strong></span> <span class='ocrx_word' id='word_1_824' title='bbox 1432 5520 1513 5576; x_wconf 83' lang='lat' dir='ltr'><strong>Cf.</strong></span> <span class='ocrx_word' id='word_1_825' title='bbox 1560 5519 1611 5574; x_wconf 69' lang='grc' dir='ltr'><strong>νζ</strong></span> <span class='ocrx_word' id='word_1_826' title='bbox 1650 5536 1699 5574; x_wconf 90' lang='lat' dir='ltr'><strong>c.</strong></span> <span class='ocrx_word' id='word_1_827' title='bbox 1739 5537 1821 5589; x_wconf 90' lang='lat' dir='ltr'><strong>ps.</strong></span> 
     </span>
    </p>
   </div>
   <div class='ocr_carea' id='block_1_99' title="bbox 238 5589 1821 5660">
    <p class='ocr_par' dir='ltr' id='par_1_99' title="bbox 238 5589 1821 5660">
     <span class='ocr_line' id='line_1_99' title="bbox 238 5589 1821 5660; baseline 0.001 -17"><span class='ocrx_word' id='word_1_828' title='bbox 238 5605 418 5660; x_wconf 56' lang='lat' dir='ltr'><strong>yxxn,</strong></span> <span class='ocrx_word' id='word_1_829' title='bbox 455 5589 686 5643; x_wconf 87' lang='lat' dir='ltr'><strong>Corder.</strong></span> <span class='ocrx_word' id='word_1_830' title='bbox 743 5589 885 5660; x_wconf 77' lang='lat' dir='ltr'><strong>Czit..</strong></span> <span class='ocrx_word' id='word_1_831' title='bbox 946 5589 1008 5651; x_wconf 91' lang='lat'><strong>1|,</strong></span> <span class='ocrx_word' id='word_1_832' title='bbox 1048 5606 1102 5659; x_wconf 93' lang='lat' dir='ltr'><strong>p.</strong></span> <span class='ocrx_word' id='word_1_833' title='bbox 1150 5590 1273 5653; x_wconf 83' lang='lat'><strong>497,</strong></span> <span class='ocrx_word' id='word_1_834' title='bbox 1307 5591 1563 5660; x_wconf 86' lang='lat' dir='ltr'><strong>quodque</strong></span> <span class='ocrx_word' id='word_1_835' title='bbox 1591 5590 1821 5644; x_wconf 84' lang='lat' dir='ltr'><strong>Cosmas</strong></span> 
     </span>
    </p>
   </div>
   <div class='ocr_carea' id='block_1_100' title="bbox 242 5654 1823 5782">
    <p class='ocr_par' dir='ltr' id='par_1_100' title="bbox 242 5654 1823 5782">
     <span class='ocr_line' id='line_1_100' title="bbox 242 5654 1823 5782; baseline -0.001 -69"><span class='ocrx_word' id='word_1_836' title='bbox 242 5654 540 5741; x_wconf 27' lang='lat' dir='ltr'><strong>Indicopolq</strong></span> <span class='ocrx_word' id='word_1_837' title='bbox 577 5661 645 5713; x_wconf 88' lang='lat' dir='ltr'><strong>de</strong></span> <span class='ocrx_word' id='word_1_838' title='bbox 668 5675 777 5728; x_wconf 85' lang='lat' dir='ltr'><strong>quo</strong></span> <span class='ocrx_word' id='word_1_839' title='bbox 806 5659 948 5712; x_wconf 82' lang='lat' dir='ltr'><strong>infra</strong></span> <span class='ocrx_word' id='word_1_840' title='bbox 986 5654 1235 5729; x_wconf 81' lang='lat' dir='ltr'><strong>pluribus</strong></span> <span class='ocrx_word' id='word_1_841' title='bbox 1269 5654 1514 5740; x_wconf 77' lang='lat' dir='ltr'><strong>dicemus</strong></span> <span class='ocrx_word' id='word_1_842' title='bbox 1545 5660 1823 5782; x_wconf 57' lang='lat' dir='ltr'><strong>SCItrillia-</strong></span> 
     </span>
     <span class='ocr_line' id='line_1_101' title="bbox 242 5728 1817 5782; baseline 0 0"><span class='ocrx_word' id='word_1_843' title='bbox 242 5746 368 5782; x_wconf 71' lang='lat' dir='ltr'><strong>nor.</strong></span> <span class='ocrx_word' id='word_1_844' title='bbox 400 5745 575 5782; x_wconf 81' lang='lat' dir='ltr'><strong>nmmo</strong></span> <span class='ocrx_word' id='word_1_845' title='bbox 600 5728 664 5782; x_wconf 82' lang='lat' dir='ltr'><strong>de</strong></span> <span class='ocrx_word' id='word_1_846' title='bbox 688 5729 904 5782; x_wconf 83' lang='lat' dir='ltr'><strong>mundo.</strong></span> <span class='ocrx_word' id='word_1_847' title='bbox 937 5731 973 5782; x_wconf 93' lang='grc'><strong>1.</strong></span> <span class='ocrx_word' id='word_1_848' title='bbox 1010 5747 1060 5782; x_wconf 90' lang='lat' dir='ltr'><strong>v.</strong></span> <span class='ocrx_word' id='word_1_849' title='bbox 1089 5729 1341 5782; x_wconf 79' lang='lat' dir='ltr'><strong>Galland.</strong></span> <span class='ocrx_word' id='word_1_850' title='bbox 1372 5731 1513 5782; x_wconf 68' lang='lat' dir='ltr'><strong>Bibl.</strong></span> <span class='ocrx_word' id='word_1_851' title='bbox 1570 5734 1695 5782; x_wconf 78' lang='lat' dir='ltr'><strong>’atr.</strong></span> <span class='ocrx_word' id='word_1_852' title='bbox 1727 5728 1817 5782; x_wconf 82' lang='lat' dir='ltr'><strong>XI.</strong></span> 
     </span>
    </p>
   </div>
   <div class='ocr_carea' id='block_1_101' title="bbox 242 5728 1817 5797">
    <p class='ocr_par' dir='ltr' id='par_1_101' title="bbox 242 5728 1817 5797">
     <span class='ocr_line' id='line_1_102' title="bbox 242 5728 1817 5797; baseline -0.001 -16"><span class='ocrx_word' id='word_1_853' title='bbox 242 5746 368 5786; x_wconf 68' lang='lat' dir='ltr'><strong>nor.</strong></span> <span class='ocrx_word' id='word_1_854' title='bbox 400 5730 575 5797; x_wconf 75' lang='lat' dir='ltr'><strong>opinio</strong></span> <span class='ocrx_word' id='word_1_855' title='bbox 600 5728 664 5782; x_wconf 83' lang='lat' dir='ltr'><strong>de</strong></span> <span class='ocrx_word' id='word_1_856' title='bbox 688 5729 904 5787; x_wconf 81' lang='lat' dir='ltr'><strong>mundo.</strong></span> <span class='ocrx_word' id='word_1_857' title='bbox 937 5728 1060 5792; x_wconf 8' lang='lat' dir='ltr'><strong>Liv,</strong></span> <span class='ocrx_word' id='word_1_858' title='bbox 1089 5729 1341 5784; x_wconf 76' lang='lat' dir='ltr'><strong>Gallam].</strong></span> <span class='ocrx_word' id='word_1_859' title='bbox 1372 5731 1513 5783; x_wconf 77' lang='lat' dir='ltr'><strong>Bibl.</strong></span> <span class='ocrx_word' id='word_1_860' title='bbox 1545 5728 1695 5782; x_wconf 79' lang='lat' dir='ltr'><strong>Patr.</strong></span> <span class='ocrx_word' id='word_1_861' title='bbox 1727 5728 1817 5793; x_wconf 82' lang='lat' dir='ltr'><strong>XI,</strong></span> 
     </span>
    </p>
   </div>
   <div class='ocr_carea' id='block_1_102' title="bbox 246 5799 1819 5867">
    <p class='ocr_par' dir='ltr' id='par_1_102' title="bbox 246 5799 1819 5867">
     <span class='ocr_line' id='line_1_103' title="bbox 246 5799 1819 5867; baseline -0.001 -17"><span class='ocrx_word' id='word_1_862' title='bbox 246 5818 301 5867; x_wconf 75' lang='grc' dir='ltr'><strong>ιι.</strong></span> <span class='ocrx_word' id='word_1_863' title='bbox 344 5799 468 5861; x_wconf 83' lang='lat'><strong>482,</strong></span> <span class='ocrx_word' id='word_1_864' title='bbox 498 5800 648 5863; x_wconf 88' lang='lat'><strong>485),</strong></span> <span class='ocrx_word' id='word_1_865' title='bbox 682 5800 925 5853; x_wconf 87' lang='lat' dir='ltr'><strong>eamdem</strong></span> <span class='ocrx_word' id='word_1_866' title='bbox 959 5801 1283 5853; x_wconf 85' lang='lat' dir='ltr'><strong>sententiam</strong></span> <span class='ocrx_word' id='word_1_867' title='bbox 1306 5801 1613 5853; x_wconf 87' lang='lat' dir='ltr'><strong>accuratius</strong></span> <span class='ocrx_word' id='word_1_868' title='bbox 1649 5815 1819 5867; x_wconf 79' lang='lat' dir='ltr'><strong>expo-</strong></span> 
     </span>
    </p>
   </div>
   <div class='ocr_carea' id='block_1_103' title="bbox 247 5866 1816 5948">
    <p class='ocr_par' dir='ltr' id='par_1_103' title="bbox 247 5866 1816 5948">
     <span class='ocr_line' id='line_1_104' title="bbox 247 5866 1816 5948; baseline -0.002 -23"><span class='ocrx_word' id='word_1_869' title='bbox 247 5866 391 5936; x_wconf 55' lang='lat' dir='ltr'><strong>SUit,</strong></span> <span class='ocrx_word' id='word_1_870' title='bbox 410 5868 541 5948; x_wconf 77' lang='lat' dir='ltr'><strong>Qua:</strong></span> <span class='ocrx_word' id='word_1_871' title='bbox 570 5870 657 5926; x_wconf 80' lang='lat' dir='ltr'><strong>hic</strong></span> <span class='ocrx_word' id='word_1_872' title='bbox 681 5869 864 5930; x_wconf 81' lang='lat' dir='ltr'><strong>eadem</strong></span> <span class='ocrx_word' id='word_1_873' title='bbox 892 5866 1232 5925; x_wconf 78' lang='lat' dir='ltr'><strong>Theodorum</strong></span> <span class='ocrx_word' id='word_1_874' title='bbox 1264 5871 1522 5926; x_wconf 78' lang='lat' dir='ltr'><strong>statuisse</strong></span> <span class='ocrx_word' id='word_1_875' title='bbox 1545 5866 1816 5926; x_wconf 60' lang='lat' dir='ltr'><strong>existima.</strong></span> 
     </span>
    </p>
   </div>
   <div class='ocr_carea' id='block_1_104' title="bbox 1933 4626 3499 4724">
    <p class='ocr_par' dir='ltr' id='par_1_104' title="bbox 1933 4626 3499 4724">
     <span class='ocr_line' id='line_1_105' title="bbox 1933 4626 3499 4724; baseline -0.019 -17"><span class='ocrx_word' id='word_1_876' title='bbox 1933 4626 2181 4724; x_wconf 76' lang='lat' dir='ltr'><strong>gulorum</strong></span> <span class='ocrx_word' id='word_1_877' title='bbox 2206 4666 2286 4719; x_wconf 87' lang='lat' dir='ltr'><strong>ps.</strong></span> <span class='ocrx_word' id='word_1_878' title='bbox 2311 4644 2594 4706; x_wconf 81' lang='grc' dir='ltr'><strong>ὑποθέσεις</strong></span> <span class='ocrx_word' id='word_1_879' title='bbox 2616 4656 2753 4696; x_wconf 92' lang='lat' dir='ltr'><strong>nova</strong></span> <span class='ocrx_word' id='word_1_880' title='bbox 2773 4648 2825 4694; x_wconf 91' lang='lat' dir='ltr'><strong>et</strong></span> <span class='ocrx_word' id='word_1_881' title='bbox 2848 4651 2967 4707; x_wconf 72' lang='lat' dir='ltr'><strong>qua:</strong></span> <span class='ocrx_word' id='word_1_882' title='bbox 2998 4634 3051 4688; x_wconf 90' lang='lat' dir='ltr'><strong>in</strong></span> <span class='ocrx_word' id='word_1_883' title='bbox 3083 4630 3318 4724; x_wconf 83' lang='lat' dir='ltr'><strong>multisa</strong></span> <span class='ocrx_word' id='word_1_884' title='bbox 3348 4626 3499 4724; x_wconf 74' lang='lat' dir='ltr'><strong>prio-</strong></span> 
     </span>
    </p>
   </div>
   <div class='ocr_carea' id='block_1_105' title="bbox 1936 4717 3498 4808">
    <p class='ocr_par' dir='ltr' id='par_1_105' title="bbox 1936 4717 3498 4808">
     <span class='ocr_line' id='line_1_106' title="bbox 1936 4717 3498 4808; baseline -0.018 -11"><span class='ocrx_word' id='word_1_885' title='bbox 1936 4717 2087 4797; x_wconf 69' lang='lat' dir='ltr'><strong>ribus</strong></span> <span class='ocrx_word' id='word_1_886' title='bbox 2119 4717 2509 4808; x_wconf 82' lang='lat' dir='ltr'><strong>interpretibus</strong></span> <span class='ocrx_word' id='word_1_887' title='bbox 2547 4732 2827 4788; x_wconf 86' lang='lat' dir='ltr'><strong>recederet</strong></span> <span class='ocrx_word' id='word_1_888' title='bbox 2856 4728 3070 4782; x_wconf 85' lang='lat' dir='ltr'><strong>ratione</strong></span> <span class='ocrx_word' id='word_1_889' title='bbox 3102 4717 3498 4778; x_wconf 86' lang='lat' dir='ltr'><strong>constituit.Ac</strong></span> 
     </span>
    </p>
   </div>
   <div class='ocr_carea' id='block_1_106' title="bbox 1934 4813 3499 4902">
    <p class='ocr_par' dir='ltr' id='par_1_106' title="bbox 1934 4813 3499 4902">
     <span class='ocr_line' id='line_1_107' title="bbox 1934 4813 3499 4902; baseline -0.018 -13"><span class='ocrx_word' id='word_1_890' title='bbox 1934 4842 2080 4889; x_wconf 89' lang='lat' dir='ltr'><strong>recte</strong></span> <span class='ocrx_word' id='word_1_891' title='bbox 2110 4832 2330 4902; x_wconf 90' lang='lat' dir='ltr'><strong>quidem</strong></span> <span class='ocrx_word' id='word_1_892' title='bbox 2377 4826 2675 4884; x_wconf 85' lang='lat' dir='ltr'><strong>secundum</strong></span> <span class='ocrx_word' id='word_1_893' title='bbox 2719 4819 3064 4876; x_wconf 83' lang='lat' dir='ltr'><strong>Theodorum</strong></span> <span class='ocrx_word' id='word_1_894' title='bbox 3104 4813 3343 4885; x_wconf 89' lang='lat' dir='ltr'><strong>psalmos</strong></span> <span class='ocrx_word' id='word_1_895' title='bbox 3369 4822 3499 4902; x_wconf 79' lang='lat' dir='ltr'><strong>pro-</strong></span> 
     </span>
    </p>
   </div>
   <div class='ocr_carea' id='block_1_107' title="bbox 1934 4900 3499 4997">
    <p class='ocr_par' dir='ltr' id='par_1_107' title="bbox 1934 4900 3499 4997">
     <span class='ocr_line' id='line_1_108' title="bbox 1934 4900 3499 4997; baseline -0.017 -18"><span class='ocrx_word' id='word_1_896' title='bbox 1934 4936 2053 4997; x_wconf 90' lang='lat' dir='ltr'><strong>pter</strong></span> <span class='ocrx_word' id='word_1_897' title='bbox 2082 4900 2273 4979; x_wconf 82' lang='lat' dir='ltr'><strong>eorum</strong></span> <span class='ocrx_word' id='word_1_898' title='bbox 2298 4925 2673 4991; x_wconf 90' lang='lat' dir='ltr'><strong>argumentum</strong></span> <span class='ocrx_word' id='word_1_899' title='bbox 2720 4915 2773 4968; x_wconf 91' lang='lat' dir='ltr'><strong>in</strong></span> <span class='ocrx_word' id='word_1_900' title='bbox 2814 4920 3048 4981; x_wconf 90' lang='lat' dir='ltr'><strong>quatuor</strong></span> <span class='ocrx_word' id='word_1_901' title='bbox 3079 4918 3277 4979; x_wconf 87' lang='lat' dir='ltr'><strong>genera</strong></span> <span class='ocrx_word' id='word_1_902' title='bbox 3307 4900 3499 4956; x_wconf 87' lang='lat' dir='ltr'><strong>distri-</strong></span> 
     </span>
    </p>
   </div>
   <div class='ocr_carea' id='block_1_108' title="bbox 2002 5081 3498 5173">
    <p class='ocr_par' dir='ltr' id='par_1_108' title="bbox 2002 5081 3498 5173">
     <span class='ocr_line' id='line_1_109' title="bbox 2002 5081 3498 5173; baseline -0.017 -15"><span class='ocrx_word' id='word_1_903' title='bbox 2002 5104 2072 5173; x_wconf 84' lang='grc' dir='ltr'><strong>(ε)</strong></span> <span class='ocrx_word' id='word_1_904' title='bbox 2103 5101 2293 5173; x_wconf 86' lang='lat' dir='ltr'><strong>Leont.</strong></span> <span class='ocrx_word' id='word_1_905' title='bbox 2320 5101 2356 5153; x_wconf 92' lang='lat'><strong>1.</strong></span> <span class='ocrx_word' id='word_1_906' title='bbox 2406 5115 2455 5153; x_wconf 86' lang='lat' dir='ltr'><strong>c.</strong></span> <span class='ocrx_word' id='word_1_907' title='bbox 2477 5136 2491 5160; x_wconf 90' lang='lat'><strong>,</strong></span> <span class='ocrx_word' id='word_1_908' title='bbox 2527 5113 2577 5167; x_wconf 94' lang='lat' dir='ltr'><strong>p.</strong></span> <span class='ocrx_word' id='word_1_909' title='bbox 2611 5095 2717 5149; x_wconf 85' lang='lat'><strong>687</strong></span> <span class='ocrx_word' id='word_1_910' title='bbox 2742 5111 2768 5173; x_wconf 81' lang='lat'><strong>:_</strong></span> <span class='ocrx_word' id='word_1_911' title='bbox 2801 5112 2819 5144; x_wconf 76' lang='grc' dir='ltr'>ι</span> <span class='ocrx_word' id='word_1_912' title='bbox 2859 5081 3498 5173; x_wconf 36' lang='lat' dir='ltr'><strong>inscriptiones‘hyrppo:</strong></span> 
     </span>
    </p>
   </div>
   <div class='ocr_carea' id='block_1_109' title="bbox 1934 5158 3494 5237">
    <p class='ocr_par' dir='ltr' id='par_1_109' title="bbox 1934 5158 3494 5237">
     <span class='ocr_line' id='line_1_110' title="bbox 1934 5158 3494 5237; baseline -0.016 -9"><span class='ocrx_word' id='word_1_913' title='bbox 1934 5158 2068 5228; x_wconf 57' lang='lat' dir='ltr'><strong>ruin&#39;</strong></span> <span class='ocrx_word' id='word_1_914' title='bbox 2087 5182 2141 5228; x_wconf 89' lang='lat' dir='ltr'><strong>et</strong></span> <span class='ocrx_word' id='word_1_915' title='bbox 2167 5158 2497 5237; x_wconf 79' lang='lat' dir='ltr'><strong>psalmorum</strong></span> <span class='ocrx_word' id='word_1_916' title='bbox 2527 5158 2587 5221; x_wconf 70' lang='lat' dir='ltr'><strong>&#39;et</strong></span> <span class='ocrx_word' id='word_1_917' title='bbox 2629 5164 2964 5237; x_wconf 80' lang='lat' dir='ltr'><strong>canticorum</strong></span> <span class='ocrx_word' id='word_1_918' title='bbox 3008 5158 3494 5237; x_wconf 32' lang='lat' dir='ltr'><strong>penitusﬁejecit.)</strong></span> 
     </span>
    </p>
   </div>
   <div class='ocr_carea' id='block_1_110' title="bbox 1934 5222 3486 5307">
    <p class='ocr_par' dir='ltr' id='par_1_110' title="bbox 1934 5222 3486 5307">
     <span class='ocr_line' id='line_1_111' title="bbox 1934 5222 3486 5307; baseline -0.015 -12"><span class='ocrx_word' id='word_1_919' title='bbox 1934 5222 2525 5307; x_wconf 51' lang='lat' dir='ltr'><strong>iiééiei&#39;ﬁééiimam</strong></span> <span class='ocrx_word' id='word_1_920' title='bbox 2556 5236 2699 5291; x_wconf 89' lang='lat' dir='ltr'><strong>enim</strong></span> <span class='ocrx_word' id='word_1_921' title='bbox 2719 5222 3133 5307; x_wconf 77' lang='lat' dir='ltr'><strong>inscriptionum</strong></span> <span class='ocrx_word' id='word_1_922' title='bbox 3148 5226 3209 5307; x_wconf 47' lang='lat' dir='ltr'><strong>‘in</strong></span> <span class='ocrx_word' id='word_1_923' title='bbox 3233 5222 3486 5307; x_wconf 65' lang='lat' dir='ltr'><strong>fragmen-</strong></span> 
     </span>
    </p>
   </div>
   <div class='ocr_carea' id='block_1_111' title="bbox 1932 5292 3500 5379">
    <p class='ocr_par' dir='ltr' id='par_1_111' title="bbox 1932 5292 3500 5379">
     <span class='ocr_line' id='line_1_112' title="bbox 1932 5292 3500 5379; baseline -0.016 -13"><span class='ocrx_word' id='word_1_924' title='bbox 2020 5292 2301 5365; x_wconf 31' lang='grc' dir='ltr'><strong>⁷ιίεῖίὶὀη-ενηὶ</strong></span> <span class='ocrx_word' id='word_1_925' title='bbox 2326 5292 2533 5369; x_wconf 71' lang='lat' dir='ltr'><strong>habuit,</strong></span> <span class='ocrx_word' id='word_1_926' title='bbox 2556 5321 2619 5379; x_wconf 84' lang='lat' dir='ltr'><strong>ac</strong></span> <span class='ocrx_word' id='word_1_927' title='bbox 2646 5318 2713 5357; x_wconf 91' lang='lat' dir='ltr'><strong>ne</strong></span> <span class='ocrx_word' id='word_1_928' title='bbox 2735 5292 3008 5379; x_wconf 46' lang='lat' dir='ltr'><strong>potuisset</strong></span> <span class='ocrx_word' id='word_1_929' title='bbox 3034 5294 3251 5379; x_wconf 82' lang='lat' dir='ltr'><strong>quidem</strong></span> <span class='ocrx_word' id='word_1_930' title='bbox 3268 5292 3500 5379; x_wconf 18' lang='lat' dir='ltr'><strong>Adeﬂﬂsin-</strong></span> 
     </span>
    </p>
   </div>
   <div class='ocr_carea' id='block_1_112' title="bbox 1933 5374 3500 5453">
    <p class='ocr_par' dir='ltr' id='par_1_112' title="bbox 1933 5374 3500 5453">
     <span class='ocr_line' id='line_1_113' title="bbox 1933 5374 3500 5453; baseline -0.016 -17"><span class='ocrx_word' id='word_1_931' title='bbox 1933 5385 2075 5453; x_wconf 88' lang='lat' dir='ltr'><strong>gulis</strong></span> <span class='ocrx_word' id='word_1_932' title='bbox 2106 5381 2433 5452; x_wconf 90' lang='lat' dir='ltr'><strong>quibusdam</strong></span> <span class='ocrx_word' id='word_1_933' title='bbox 2462 5392 2577 5453; x_wconf 89' lang='lat' dir='ltr'><strong>_ps.,</strong></span> <span class='ocrx_word' id='word_1_934' title='bbox 2610 5377 2684 5453; x_wconf 76' lang='lat' dir='ltr'><strong>ita</strong></span> <span class='ocrx_word' id='word_1_935' title='bbox 2718 5381 2780 5426; x_wconf 89' lang='lat' dir='ltr'><strong>ut</strong></span> <span class='ocrx_word' id='word_1_936' title='bbox 2813 5374 3016 5453; x_wconf 56' lang='lat' dir='ltr'><strong>statuit</strong></span> <span class='ocrx_word' id='word_1_937' title='bbox 3048 5374 3500 5453; x_wconf 31' lang='lat' dir='ltr'><strong>statueretst-tn-</strong></span> 
     </span>
    </p>
   </div>
   <div class='ocr_carea' id='block_1_113' title="bbox 1932 5432 3498 5520">
    <p class='ocr_par' dir='ltr' id='par_1_113' title="bbox 1932 5432 3498 5520">
     <span class='ocr_line' id='line_1_114' title="bbox 1932 5432 3498 5520; baseline -0.004 -14"><span class='ocrx_word' id='word_1_938' title='bbox 1932 5432 2603 5520; x_wconf 48' lang='lat' dir='ltr'><strong>Eé&#39;éiiuibiiég‘genuinas,</strong></span> <span class='ocrx_word' id='word_1_939' title='bbox 2641 5445 2679 5497; x_wconf 90' lang='lat' dir='ltr'><strong>i.</strong></span> <span class='ocrx_word' id='word_1_940' title='bbox 2718 5458 2770 5497; x_wconf 92' lang='lat' dir='ltr'><strong>e.</strong></span> <span class='ocrx_word' id='word_1_941' title='bbox 2811 5441 2912 5496; x_wconf 83' lang='lat' dir='ltr'><strong>[ide</strong></span> <span class='ocrx_word' id='word_1_942' title='bbox 2943 5440 3158 5520; x_wconf 55' lang='lat' dir='ltr'><strong>dignas.</strong></span> <span class='ocrx_word' id='word_1_943' title='bbox 3194 5432 3498 5520; x_wconf 49' lang='lat' dir='ltr'><strong>hillflllﬁlfﬁ&#39;j:</strong></span> 
     </span>
    </p>
   </div>
   <div class='ocr_carea' id='block_1_114' title="bbox 1924 5508 3496 5592">
    <p class='ocr_par' dir='ltr' id='par_1_114' title="bbox 1924 5508 3496 5592">
     <span class='ocr_line' id='line_1_115' title="bbox 1924 5508 3496 5592; baseline -0.018 -15"><span class='ocrx_word' id='word_1_944' title='bbox 1924 5524 2031 5577; x_wconf 82' lang='lat' dir='ltr'><strong>Eas</strong></span> <span class='ocrx_word' id='word_1_945' title='bbox 2051 5508 2224 5592; x_wconf 76' lang='lat' dir='ltr'><strong>igitur</strong></span> <span class='ocrx_word' id='word_1_946' title='bbox 2254 5508 2377 5589; x_wconf 65' lang='lat' dir='ltr'><strong>post</strong></span> <span class='ocrx_word' id='word_1_947' title='bbox 2438 5508 2679 5592; x_wconf 56' lang='lat' dir='ltr'><strong>adiectas</strong></span> <span class='ocrx_word' id='word_1_948' title='bbox 2702 5528 2838 5592; x_wconf 75' lang='lat' dir='ltr'><strong>_es_s_e</strong></span> <span class='ocrx_word' id='word_1_949' title='bbox 2861 5508 3496 5592; x_wconf 32' lang='lat' dir='ltr'><strong>censuit,_quasﬁtaptuu:</strong></span> 
     </span>
    </p>
   </div>
   <div class='ocr_carea' id='block_1_115' title="bbox 1924 5580 3503 5658">
    <p class='ocr_par' dir='ltr' id='par_1_115' title="bbox 1924 5580 3503 5658">
     <span class='ocr_line' id='line_1_116' title="bbox 1924 5580 3503 5658; baseline -0.016 -14"><span class='ocrx_word' id='word_1_950' title='bbox 1924 5609 2030 5646; x_wconf 87' lang='lat' dir='ltr'><strong>non</strong></span> <span class='ocrx_word' id='word_1_951' title='bbox 2062 5580 2444 5658; x_wconf 50' lang='lat' dir='ltr'><strong>Sinues&#39;nugas</strong></span> <span class='ocrx_word' id='word_1_952' title='bbox 2462 5580 2739 5658; x_wconf 64' lang='lat' dir='ltr'><strong>afferrent.</strong></span> <span class='ocrx_word' id='word_1_953' title='bbox 2756 5580 3272 5658; x_wconf 41' lang='lat' dir='ltr'><strong>Tlteodqretus,.qtti</strong></span> 
     </span>
    </p>
   </div>
   <div class='ocr_carea' id='block_1_116' title="bbox 1923 5644 3497 5723">
    <p class='ocr_par' dir='ltr' id='par_1_116' title="bbox 1923 5644 3497 5723">
     <span class='ocr_line' id='line_1_117' title="bbox 1923 5644 3497 5723; baseline -0.017 -9"><span class='ocrx_word' id='word_1_954' title='bbox 1923 5644 2296 5723; x_wconf 83' lang='lat' dir='ltr'><strong>Theodorum,</strong></span> <span class='ocrx_word' id='word_1_955' title='bbox 2335 5644 2553 5711; x_wconf 64' lang='lat' dir='ltr'><strong>nomine</strong></span> <span class='ocrx_word' id='word_1_956' title='bbox 2608 5656 2726 5723; x_wconf 83' lang='lat' dir='ltr'><strong>ejus</strong></span> <span class='ocrx_word' id='word_1_957' title='bbox 2763 5667 2869 5723; x_wconf 80' lang='lat' dir='ltr'><strong>non</strong></span> <span class='ocrx_word' id='word_1_958' title='bbox 2919 5647 3123 5709; x_wconf 88' lang='lat' dir='ltr'><strong>addito,</strong></span> <span class='ocrx_word' id='word_1_959' title='bbox 3150 5644 3497 5723; x_wconf 77' lang='lat' dir='ltr'><strong>impugnavit</strong></span> 
     </span>
    </p>
   </div>
   <div class='ocr_carea' id='block_1_117' title="bbox 1922 5718 3502 5798">
    <p class='ocr_par' dir='ltr' id='par_1_117' title="bbox 1922 5718 3502 5798">
     <span class='ocr_line' id='line_1_118' title="bbox 1922 5718 3502 5798; baseline -0.013 -15"><span class='ocrx_word' id='word_1_960' title='bbox 1922 5733 2015 5785; x_wconf 72' lang='lat' dir='ltr'><strong>«cf.</strong></span> <span class='ocrx_word' id='word_1_961' title='bbox 2046 5749 2094 5783; x_wconf 85' lang='lat' dir='ltr'><strong>v.</strong></span> <span class='ocrx_word' id='word_1_962' title='bbox 2130 5748 2178 5785; x_wconf 92' lang='lat' dir='ltr'><strong>c.</strong></span> <span class='ocrx_word' id='word_1_963' title='bbox 2215 5718 2298 5798; x_wconf 74' lang='lat' dir='ltr'><strong>ps.</strong></span> <span class='ocrx_word' id='word_1_964' title='bbox 2334 5744 2374 5791; x_wconf 87' lang='lat'><strong>1,</strong></span> <span class='ocrx_word' id='word_1_965' title='bbox 2418 5743 2486 5798; x_wconf 65' lang='lat' dir='ltr'><strong>p._</strong></span> <span class='ocrx_word' id='word_1_966' title='bbox 2509 5718 2852 5798; x_wconf 48' lang='lat'><strong>6075,1125),</strong></span> <span class='ocrx_word' id='word_1_967' title='bbox 2898 5718 3309 5797; x_wconf 68' lang='lat' dir='ltr'><strong>meascntentia</strong></span> <span class='ocrx_word' id='word_1_968' title='bbox 3332 5718 3502 5768; x_wconf 68' lang='lat' dir='ltr'><strong>etiam</strong></span> 
     </span>
    </p>
   </div>
   <div class='ocr_carea' id='block_1_118' title="bbox 1922 5787 3087 5871">
    <p class='ocr_par' dir='ltr' id='par_1_118' title="bbox 1922 5787 3087 5871">
     <span class='ocr_line' id='line_1_119' title="bbox 1922 5787 3087 5871; baseline -0.01 -17"><span class='ocrx_word' id='word_1_969' title='bbox 1922 5819 1973 5871; x_wconf 88' lang='lat' dir='ltr'><strong>p.</strong></span> <span class='ocrx_word' id='word_1_970' title='bbox 2023 5803 2125 5859; x_wconf 72' lang='lat'><strong>605</strong></span> <span class='ocrx_word' id='word_1_971' title='bbox 2189 5787 2313 5857; x_wconf 76' lang='lat'><strong>606.</strong></span> <span class='ocrx_word' id='word_1_972' title='bbox 2347 5787 3087 5859; x_wconf 57' lang='lat' dir='ltr'><strong>ad&#39;Thcodorumrespexit.</strong></span> 
     </span>
    </p>
   </div>
  </div>
