3934 6508
538 365 603 424 5!
1420 365 1720 424 OTTONIS
1742 366 1923 423 FRID.
1966 364 2355 422 FRITZSCHE
2390 361 2889 420 COMMENTATIO
3736 363 3798 418 32

543 485 699 540 buas.
728 482 878 539 Alios
902 484 1178 539 historicos
1217 486 1490 557 appellare
1529 488 1728 557 placet,
1761 502 1995 557 quorum
2029 489 2113 543 ni-

2221 482 2516 541 ἁπολαύειν
2539 498 2553 514 ο
2609 498 2661 533 v.
2692 481 2728 536 1.
2781 481 2845 542 1.,
2892 496 2945 550 p.
2979 479 3144 545 265);
3176 494 3279 533 va
3312 478 3403 549 (ν-
3436 478 3798 549 προαγορεύει

542 578 740 631 mier
767 592 931 631 causa
965 591 1029 631 ac
1055 577 1195 631 ratio
1228 577 1281 632 in
1324 580 1461 649 ipsis
1491 578 1656 634 rebus
1685 577 1911 633 Davidis
1941 595 2117 650 popu-

540 667 689 738 lique
725 666 933 722 Hebraai
957 668 1060 723 sita
1094 676 1232 725 erat.
1268 668 1387 724 Huc
1428 670 1702 725 referendi
1737 679 1868 725 sunt
1892 688 1973 741 ps.
2000 687 2113 739 ut,

540 774 690 821 LXIX,
718 758 918 829 quibus
956 757 1125 813 David
1167 761 1233 815 ad
1267 760 1435 816 Deum
1468 777 1658 832 preces
1696 762 1856 827 fudit,
1887 778 2012 817 cum
2048 763 2117 817 ab

540 851 832 903 Absalomo
875 860 1222 919 premeretur
1255 852 1329 923 (v.
1370 858 1494 910 Aet.
1531 869 1688 908 conc.
1718 852 1910 909 Const.
1943 870 2005 916 ll,
2040 872 2111 922 tv,

536 944 627 1002 22,
653 940 743 995 23.
777 939 943 996 Cord.
982 942 1100 997 Cat.
1148 942 1215 1011 ll,
1255 960 1308 1014 p.
1342 945 1467 1007 L22,
1513 945 1666 1011 424),
1701 961 1786 1016 ps.
1814 961 1964 1009 Lxxt,
2006 963 2116 1017 quo

536 1034 642 1088 sibi
678 1050 743 1087 ac
790 1037 1099 1091 successori
1134 1037 1458 1107 sapientiam
1497 1054 1526 1092 a
1562 1037 1672 1093 Deo
1707 1039 1932 1108 expetiit
1964 1038 2039 1108 (v.
2073 1039 2110 1092 Ι.

536 1124 601 1187 1.,
643 1141 698 1194 p.
735 1124 901 1193 466),
937 1144 1022 1198 ps.
1066 1143 1239 1193 van,
1270 1144 1432 1197 quem
1490 1130 1721 1194 cecinit,
1752 1145 1876 1184 cum
1928 1145 2113 1185 arcam

535 1216 764 1274 fmderis
798 1219 867 1274 ad
899 1235 959 1275 se
1012 1220 1311 1278 adduceret
1341 1221 1413 1291 (v.
1450 1221 1486 1277 l.
1540 1221 1604 1286 l.,
1639 1237 1695 1293 p.
1720 1222 1870 1291 535),
1913 1237 1999 1292 ps.
2033 1238 2111 1285 ix,

538 1325 628 1370 xv,
651 1310 854 1382 quibus
879 1311 1063 1382 populi
1096 1326 1328 1380 persona
1346 1312 1449 1367 sibi
1473 1311 1884 1379 accommodata
1908 1315 2114 1383 gratias

537 1400 651 1469 agit
674 1400 741 1455 de
776 1400 1028 1458 hostibus
1061 1402 1309 1458 finitimis
1335 1418 1365 1457 a
1400 1402 1512 1458 Deo
1550 1403 1757 1475 punitis
1788 1404 1863 1473 (v.
1902 1404 1939 1457 l.
1975 1404 2039 1469 l.,
2069 1402 2113 1473 l,

537 1505 593 1559 p.
633 1490 758 1547 272.
786 1491 909 1546 Act.
938 1507 1095 1548 conc.
1123 1492 1317 1549 Const.
1356 1510 1419 1558 n,
1458 1511 1535 1558 tv,
1565 1495 1681 1565 2i).
1712 1494 1886 1563 Major
1904 1505 1991 1551 est
2017 1512 2117 1551 nu-

512 1596 721 1655 ‘merus
751 1583 1087 1653 psalmorum
1119 1585 1562 1656 prapheticorum,
1597 1586 1799 1657 quibus
1830 1602 1927 1643 eos
1952 1589 2113 1643 velim

534 1674 832 1746 intelligas,
892 1676 989 1747 qui
1047 1676 1228 1733 fausta
1293 1679 1560 1733 nonnulla
1599 1686 1655 1733 et
1698 1678 1960 1746 infausta,
1992 1695 2115 1750 qua:

534 1766 736 1835 popqu
791 1765 1020 1823 Hebraeo
1088 1784 1267 1839 usque
1345 1769 1415 1823 ad
1452 1776 1701 1840 tempora
1758 1769 2111 1827 Machabaica

2217 576 2316 647 τὴν
2348 573 2623 628 ἐπάνοδον.
2648 602 2715 615 --
2745 570 2910 641 φησὶν
2934 599 3001 609 -
3023 571 3089 623 ἐκ
3109 566 3453 640 [προσώπου]
3484 568 3672 638 μόνων
3697 569 3800 621 τῶν

2219 670 2349 739 παρ’
2378 667 2564 729 αὐτοῖς
2623 661 2954 734 θαυμαστῶν
2997 679 3058 715 τε
3109 662 3205 715 κα)⁵
3242 660 3512 732 ἐναρέτων
3548 658 3799 731 ἀνδρῶν’

2216 777 2271 816 v.
2304 760 2340 815 l.
2370 759 2434 821 l.,
2470 774 2524 828 p.
2552 756 2712 827 287);
2740 771 2904 809 uxx.
2932 754 3067 825 (Τὴν
3088 781 3155 793 -
3185 752 3439 807 ἐπάνοδον
3462 782 3531 793 -
3557 766 3803 823 προαγορ

2219 850 2393 921 ρεύων
2418 848 2511 902 ἐπὶ
2532 845 2881 917 εὐχαριστίαν
2919 843 3164 907 ἅπαντας
3197 874 3267 885 --
3294 843 3669 915 προτρέπεται
3692 858 3707 871 ο
3734 872 3803 885 -

2215 959 2269 997 ν.
2312 941 2347 994 Ι.
2386 940 2449 1004 l.,
2482 954 2535 1009 p.
2578 936 2741 1007 691);
2777 936 2962 1006 plures
2992 949 3121 988 vero
3164 934 3229 988 ad
3261 949 3350 988 res
3386 932 3801 993 blachabaicas,

2216 1046 2300 1101 ps.
2334 1044 2424 1083 Liv
2479 1029 2555 1098 (v.
2598 1026 2635 1083 1.
2672 1027 2735 1091 1.,
2765 1041 2821 1096 p.
2854 1024 2977 1096 6i);
3014 1039 3101 1078 th
3137 1024 3209 1094 (v.
3254 1024 3289 1077 1.
3331 1023 3370 1077 1.
3419 1038 3472 1092 p.
3509 1022 3643 1094 185)
3670 1040 3685 1088 ;
3712 1037 3800 1076 ut

2215 1120 2358 1193 (v.1.
2388 1120 2449 1185 l.,
2479 1135 2533 1190 p.
2587 1117 2748 1189 219);
2785 1131 2920 1171 xun
2967 1116 3111 1184 (v.1.
3157 1116 3220 1178 1.,
3266 1131 3318 1186 p.
3357 1114 3481 1185 530)
3506 1130 3522 1180 ;
3548 1130 3647 1178 ιν,
3673 1130 3800 1169 Lvm

2214 1213 2309 1278 (—
2335 1210 2400 1264 ἐκ
2433 1208 2543 1263 τῶν
2582 1206 2960 1263 Μακκαὸαίων
2994 1205 3287 1277 προσώπου
3330 1205 3503 1275 λέγων
3528 1206 3636 1259 ὅσα
3669 1206 3803 1260 ἐκεί-

2213 1319 2325 1366 νοις
2348 1304 2521 1356 εἰπεῖν
2577 1302 2847 1373 ἥρμοττεν
2888 1300 2947 1352 ἐν
2998 1301 3119 1363 ταῖς
3155 1301 3501 1371 συμφοραῖς·
3556 1316 3614 1354 v.
3660 1300 3700 1353 1.
3742 1299 3800 1360 l.,

2214 1407 2269 1463 p.
2292 1391 2382 1455 88,
2414 1390 2538 1460 152)
2566 1408 2581 1457 ;
2611 1404 2698 1445 LVI
2715 1390 2809 1461 (-—
2834 1389 2999 1459 φησὶν
3020 1388 3261 1452 --ώς
3280 1388 3374 1441 ἐπὶ
3403 1389 3803 1459 γεγενημέναις

2214 1484 2392 1548 νίκαις
2419 1483 2561 1537 κατὰ
2590 1483 2700 1536 τῶν
2731 1482 2940 1553 ἐχθρῶν
2955 1481 3416 1553 εὐχαριστοῦντων
3441 1480 3575 1553 [τῶν
3612 1482 3804 1536 Μακα-

2215 1571 2430 1645 6αίων],
2456 1574 2504 1625 εί
2529 1572 2623 1625 καὶ
2647 1570 2721 1634 ὡς
2747 1570 2929 1639 ὀλίγου
2960 1571 3101 1635 τινὸς
3128 1569 3279 1634 ὄντος
3313 1570 3393 1622 ἔτι
3418 1570 3510 1623 τοῦ
3544 1570 3805 1642 περιλιμ-

2215 1664 2528 1735 πανομένου
2558 1661 2758 1717 κακοῦ’
2792 1678 2843 1716 v.
2876 1662 2913 1716 1.
2948 1661 3013 1727 1.,
3047 1677 3103 1733 p.
3134 1662 3297 1732 “0);
3329 1676 3439 1716 Lvn
3474 1660 3802 1732 (vafritiam,

2213 1771 2320 1826 qua
2356 1753 2667 1811 Demetrius
2686 1770 2781 1809 rex
2813 1762 2869 1809 et
2909 1752 3172 1825 Tryphon
3215 1762 3412 1808 contra
3430 1753 3657 1809 Iudaeos
3685 1761 3801 1809 uteo

533 1858 901 1930 ohtingerent,
933 1862 1356 1932 portenderunt.
1392 1860 1618 1919 Diversa
1641 1871 1823 1917 tamen
1864 1865 2004 1919 ratio
2029 1872 2115 1920 est

2221 1856 2405 1902 rentur
2460 1846 2738 1916 praedixit;
2787 1861 2838 1902 v.
2879 1845 2918 1900 l.
2961 1846 3025 1911 l.,
3071 1861 3125 1916 p.
3161 1845 3318 1915 129);
3354 1862 3544 1913 uvut,
3592 1862 3803 1900 Lxxvnt

535 1952 926 2022 prophetarum
975 1962 1029 2010 ct
1075 1953 1318 2011 Davidis.
1356 1952 1438 2008 llli
1479 1955 1627 2010 enim
1658 1955 1797 2011 satis
1825 1958 2115 2026 perspicue

532 2057 625 2099 res
657 2045 874 2102 futuras
908 2048 1190 2111 nuntiant,
1229 2047 1320 2103 hic
1360 2047 1476 2104 fere
1511 2047 1581 2104 de
1622 2047 1788 2104 rebus
1822 2058 2009 2119 utpote
2032 2048 2115 2104 fa-

533 2136 641 2192 ctis
669 2137 934 2207 loquitur.
960 2137 1065 2194 Sed
1107 2138 1212 2193 hoc
1233 2138 1527 2195 Theodoro
1562 2155 1758 2211 parum
1787 2141 1999 2211 negotii
2031 2141 2115 2196 fa-

531 2227 775 2283 cessivit.
804 2228 1008 2283 Statuit
1058 2228 1344 2295 nimirum,
1387 2229 1669 2297 Davidem,
1709 2232 1807 2302 qui
1855 2246 1967 2286 non
2002 2242 2113 2287 tam

533 2318 720 2373 futura
759 2319 1106 2390 praedixisset
1152 2334 1318 2389 quam
1365 2334 1430 2376 ea
1471 2328 1529 2374 ut
1572 2320 1720 2376 facta
1753 2319 2113 2388 adhibuisset,

508 2407 649 2479 fere
680 2410 737 2465 in
799 2410 1055 2465 omnibus
1085 2410 1195 2465 illis
1240 2425 1325 2481 ps.
1366 2410 1553 2482 populi
1595 2426 1888 2483 personam
1919 2425 2114 2467 susce-

510 2505 683 2575 lpisse
710 2504 813 2575 (α),
844 2514 899 2559 et
922 2504 1035 2573 jam
1077 2503 1325 2559 rationes
1372 2504 1646 2573 dispexit,
1677 2504 1733 2559 in
1765 2503 1970 2575 quibus
2001 2520 2113 2560 non

532 2597 755 2668 quidem
776 2596 1007 2654 Davides
1034 2596 1131 2654 sed
1162 2597 1396 2668 populus
1426 2598 1760 2653 constitutus
1788 2608 1959 2663 esset,
1986 2612 2112 2653 cum

532 2690 644 2745 illis
670 2704 754 2759 ps.
816 2703 916 2745 sua
969 2690 1053 2745 vis
1096 2688 1312 2746 fuisset.
1355 2688 1544 2760 Itaque
1588 2690 1826 2761 populus
1879 2689 2114 2746 diversis

532 2782 875 2853 temporibus
900 2781 1138 2839 diversis
1166 2782 1224 2837 in
1256 2782 1391 2838 locis
1427 2784 1766 2839 constitutus
1789 2781 1921 2837 felix
1956 2782 2112 2837 lata-

532 2881 642 2937 tur,
669 2871 779 2929 Deo
800 2873 1007 2945 gratias
1031 2874 1163 2943 agit,
1190 2872 1361 2929 Deum
1379 2874 1644 2939 celebrat,
1669 2873 1862 2929 infelix
1892 2881 2111 2938 maeret,

506 2963 703 3027 ,Denm
742 2965 965 3019 invocat
998 2974 1053 3022 et
1078 2966 1355 3037 implorat,
1384 2967 1469 3022 vel
1501 2968 1666 3023 etiam
1683 2967 1753 3023 de
1782 2965 1894 3023 Deo
1910 2967 2112 3024 dubius

532 3054 723 3119 lueret,
754 3053 986 3111 Davides
1004 3057 1265 3126 prapbeta
1286 3058 1602 3129 interpretis
1624 3073 1914 3129 personam
1944 3060 2107 3130 gerit.

531 3142 853 3200 Theodorus
891 3154 1075 3202 autem
1104 3145 1207 3201 hac
1230 3147 1447 3203 ratione
1496 3162 1606 3202 non
1644 3148 1821 3203 solum
1856 3163 2108 3220 magnam

531 3238 850 3293 varietatem
895 3238 1005 3295 illis
1052 3254 1135 3309 ps.
1190 3239 1416 3309 adjecit,
1466 3255 1658 3296 verum
1705 3241 2110 3312 quodammodo

529 3330 696 3384 etiam
733 3329 1093 3385 dramaticam
1119 3330 1251 3394 vim,
1284 3346 1410 3386 cum
1448 3332 1755 3402 praesertim
1789 3348 1979 3388 eorum
2019 3349 2111 3388 ra-

530 3419 715 3476 tiones
774 3421 1194 3477 accuratissime
1257 3422 1534 3493 reperisse
1570 3430 1626 3480 et
1659 3410 1979 3480 enucleasse
2006 3426 2111 3481 sibi

530 3511 831 3568 videretur.
859 3510 939 3566 Ad
965 3512 1072 3567 tria
1104 3528 1235 3569 vero
1264 3530 1349 3585 ps.
1387 3515 1744 3586 propheticos
1774 3516 1980 3571 retulit.
2005 3517 2111 3572 Alii

531 3601 679 3658 enim
713 3603 782 3658 ad
804 3602 1015 3658 cladem
1045 3610 1296 3673 spectant
1343 3602 1545 3659 lliskiae
1593 3613 1840 3674 tempore
1868 3605 2114 3678 Assyriis

532 3710 564 3750 a
590 3694 697 3751 Deo
728 3694 1012 3759 inﬂictam,
1045 3712 1129 3765 ps.
1159 3711 1306 3751 xxxn
1339 3696 1433 3768 (—
1460 3698 1820 3769 προφητεύων
1850 3729 1917 3739 -
1951 3699 2116 3753 Δαόὶδ

531 3785 723 3858 ὥσπερ
752 3786 874 3842 τινὰ
906 3787 1172 3842 ἐπινίκιον
1201 3788 1368 3860 ὕμνον
1384 3819 1451 3831 ~
1473 3790 1564 3843 τὸν
1588 3789 1805 3860 ψαλμὸν
1829 3790 2113 3861 ἀνεϐόησε.

532 3906 602 3921 -—
636 3876 703 3932 V.
733 3876 898 3934 Cord.
928 3878 1052 3936 Cat.
1093 3878 1135 3945 l,
1162 3896 1216 3951 p.
1270 3880 1420 3951 574),
1454 3896 1529 3944 ιι,
1563 3896 1659 3946 LII,
1688 3896 1784 3935 un
1811 3888 1887 3949 (v.
1922 3883 1959 3938 l.
1989 3883 2025 3936 1.
2052 3880 2115 3947 ll,

504 4010 507 4011 ν
534 3986 590 4041 p.
620 3970 672 4037 7,
695 3970 787 4034 25,
811 3970 901 4041 35)
926 3988 942 4038 ;
975 3986 1135 4025 Lxxtv
1162 3972 1255 4041 (--
1275 3971 1609 4043 προφητεύει
1646 4003 1717 4012 —
1749 3972 1826 4037 ώς
1855 3974 1919 4026 ἐκ
1946 3990 2119 4043 προσ-

530 4063 683 4116 ώπου
705 4064 884 4117 κοινοῦ
915 4064 1136 4117 πάντων
1163 4062 1263 4133 τὴν
1292 4062 1650 4136 εὐχαριστίαν
1674 4094 1746 4105 ——-
1774 4064 2120 4134 ἀναφθεγγό-

536 4168 715 4229 μενος.
749 4154 814 4209 γ.
855 4155 972 4220 1.Ι.,
1006 4153 1071 4216 ΙΙ,
1121 4170 1175 4225 p.
1210 4155 1379 4225 550);
1435 4156 1525 4210 alii
1564 4158 1631 4211 ad
1676 4172 1764 4212 res
1806 4156 2118 4212 Judaaorutn

532 4248 913 4319 Babylonicas,
966 4264 1051 4318 ps.
1089 4263 1196 4302 Lxx
1240 4247 1726 4320 (-προαγορεύει
1760 4247 1848 4320 [ἐκ
1871 4249 1964 4303 τοῦ
1990 4249 2119 4304 λαοῦ

533 4338 708 4407 λέγων
756 4336 1073 4409 προσώπου]
1121 4366 1192 4378 —-
1233 4337 1334 4391 ὅσα
1394 4354 1456 4390 τε
1516 4338 1610 4391 καὶ
1660 4333 1747 4391 οἷα
1806 4338 2120 4402 πείσονται,

534 4430 709 4498 λέγων
738 4429 833 4482 καὶ
861 4429 945 4481 ὅτι
969 4430 1049 4492 είς
1080 4427 1365 4499 διόρθωσιν
1397 4428 1582 4493 αὐτοῖς
1607 4429 1761 4481 ἐσται
1787 4429 1882 4482 τοῦ
1915 4429 2029 4499 βίου
2052 4430 2121 4483 τά

2218 1937 2714 2011 (Προαγορεύων-
2729 1937 2997 2010 διηγεῖται
3027 1938 3137 1991 τῶν
3161 1956 3223 1990 συ
3232 1938 3454 2010 μφορῶν
3478 1939 3539 1993 τὸ
3572 1938 3805 2010 μέγεθος

2215 2064 2286 2073 -
2318 2032 2562 2103 συνήθως
2619 2032 2802 2103 μέντοι
2836 2034 2912 2097 ὡς
2955 2034 3015 2101 ἐξ
3064 2034 3327 2088 ἐκείνων*
3373 2067 3440 2079 -
3468 2052 3523 2090 v.
3563 2037 3609 2092 1.
3656 2037 3720 2098 1.,
3750 2051 3801 2105 p.

2216 2122 2341 2191 395,
2373 2123 2527 2193 660);
2554 2139 2746 2190 Lxxnt,
2770 2140 2939 2180 Lxxix
2966 2126 3110 2197 (Τῶν
3139 2127 3479 2181 Μακαόαίων
3505 2156 3573 2168 --
3607 2127 3806 2199 διηγεῖ-

2214 2228 2304 2264 ται
2330 2211 2429 2277 τὰς
2454 2213 2759 2287 συμφορὰς,
2784 2215 2861 2278 ώς
2894 2215 2960 2270 ἂν
2982 2217 3209 2270 ἐκείνων
3232 2217 3497 2287 λεγόντων
3532 2220 3598 2273 τό
3622 2237 3687 2273 τε
3710 2220 3803 2291 μέ-

2215 2303 2373 2371 γεθος
2408 2305 2645 2359 τῶντότε
2675 2308 3036 2379 περιεχόντων
3066 2311 3264 2374 αὖτοὺς
3291 2312 3477 2365 κακῶν
3504 2310 3606 2365 καὶ
3631 2310 3803 2367 ἀπαλ-

2216 2395 2446 2467 λαγῆναι
2483 2397 2576 2452 τὸν
2620 2398 2741 2454 θεὸν
2780 2401 2872 2454 ἐπὶ
2907 2401 3121 2466 τούτοις
3142 2402 3436 2468 ἀξιούντων
3457 2421 3474 2438 ο
3500 2421 3555 2460 v.
3585 2405 3715 2469 1.Ι.,
3749 2419 3804 2475 p.

2221 2485 2346 2552 529,
2385 2487 2530 2559 675).
2559 2488 2829 2545 Caeterum
2865 2506 2961 2549 eos
2989 2494 3153 2548 etiam
3195 2509 3429 2565 quorum
3457 2496 3656 2552 eadem
3688 2502 3805 2552 erat

2217 2578 2495 2645 ὑπόθεσις,
2525 2596 2593 2637 eo
2630 2580 2956 2639 Theodorus
2998 2584 3297 2640 admodum
3345 2587 3599 2652 variavit,
3659 2587 3804 2656 quod

2215 2669 2397 2726 varias
2415 2671 2483 2727 iis
2507 2671 2753 2727 subdidit
2775 2676 3198 2733 rationes.Alios
3209 2675 3408 2733 deinde
3423 2679 3669 2747 psalmos
3690 2680 3806 2750 ipse

2212 2771 2268 2817 et
2294 2762 2437 2817 hicos
2464 2764 2774 2834 appellavit.
2804 2766 3006 2837 quibus
3046 2764 3282 2823 Davides
3336 2768 3499 2823 modo
3545 2770 3804 2825 omnibus

2214 2852 2531 2912 hominibus
2560 2856 2666 2928 (ps.
2698 2859 2911 2930 vant),
2932 2860 3093 2915 modo
3122 2860 3257 2916 solis
3290 2859 3491 2918 Judaeis
3515 2862 3623 2933 (ps.
3644 2879 3803 2928 xux;

2214 2960 2267 3000 v.
2309 2945 2347 3001 1.
2378 2945 2416 3000 1.
2458 2943 2502 3011 1,
2534 2962 2588 3018 p.
2616 2947 2762 3015 965;
2802 2964 2856 3019 p.
2890 2963 3100 3015 Lxxvtt,
3134 2966 3186 3005 ν.
3217 2950 3255 3004 1.
3287 2950 3326 3004 1.
3357 2948 3420 3018 ll,
3444 2966 3499 3022 p.
3529 2951 3662 3024 651)
3700 2952 3807 3008 νιτ-

2214 3036 2347 3093 tutis
2368 3037 2608 3093 studium
2632 3040 3097 3097 commendasset.
3138 3041 3247 3099 Sed
3279 3043 3478 3098 borum
3506 3045 3676 3099 etiam
3710 3058 3800 3098 ra-

2213 3127 2291 3182 tio
2337 3128 2481 3183 inter
2526 3144 2588 3185 se
2622 3129 2779 3185 valde
2814 3129 3036 3187 diversa
3070 3141 3210 3187 erat.
3254 3132 3503 3200 Quatuor
3556 3135 3800 3207 denique

2215 3220 2459 3291 psalmos
2514 3225 2805 3278 meuianos
2836 3223 3025 3279 habuit
3056 3223 3163 3295 (ps.
3197 3240 3320 3280 vtn.
3353 3224 3548 3281 Leont.
3584 3226 3640 3282 in
3676 3226 3800 3282 Mai.

2216 3314 2254 3368 l.
2284 3314 2322 3368 l.
2383 3311 2471 3381 Vl,
2514 3329 2570 3386 p.
2604 3315 2747 3380 3U;
2786 3316 2911 3371 Act.
2950 3331 3111 3373 conc.
3160 3316 3351 3374 Const.
3392 3334 3453 3385 Il,
3504 3336 3578 3385 tv,
3611 3321 3719 3387 19;
3751 3336 3801 3373 v.

2216 3421 2271 3476 p.
2301 3405 2412 3474 94;
2457 3422 2541 3477 ps.
2585 3422 2748 3474 xuv;
2800 3424 2855 3463 v.
2906 3407 3035 3463 Fac.
3078 3424 3156 3473 ιι,
3197 3409 3270 3481 1).
3308 3408 3426 3465 Non
3474 3411 3613 3467 satis
3657 3419 3805 3467 recte

2216 3500 2413 3558 Leont.
2441 3501 2715 3573 (Galland.
2736 3501 2878 3557 Bibl.
2903 3502 3019 3569 ΧΠ,
3053 3519 3104 3574 p.
3126 3503 3279 3572 687):
3318 3504 3536 3560 «Omnes
3563 3506 3803 3574 psalmos

2215 3591 2443 3650 Judaice
2463 3593 2530 3648 ad
2563 3593 2953 3651 Zorobabelem
2982 3604 3037 3651 et
3060 3595 3351 3651 Ezechiam
3394 3597 3607 3661 retulit,
3633 3595 3803 3650 tribus

2218 3693 2431 3740 tantum
2487 3684 2557 3740 ad
2608 3684 2902 3741 Dominum
2944 3686 3186 3757 rejectis.
3218 3707 3238 3741 ι
3273 3688 3407 3742 Nam
3449 3687 3801 3743 Theodorum

2219 3776 2366 3832 haud
2406 3777 2571 3833 dubie
2614 3787 2840 3834 secutus
2874 3778 3214 3835 estCosmas
3262 3780 3525 3851 lndicopl.
3573 3782 3609 3836 l.
3658 3782 3802 3851 l.,p.

2218 3868 2324 3921 485
2343 3886 2356 3921 :
2375 3871 2482 3922 -ὁ
2500 3867 2664 3921 Δαυῒδ
2694 3867 2899 3939 ἠξιώθη
2933 3870 2998 3922 ἐκ
3028 3871 3341 3940 πνεύματος
3370 3873 3655 3943 προειπεῖν
3674 3870 3805 3943 περὶ

2218 3960 2315 4015 τοῦ
2344 3962 2615 4015 Δεσπότου
2645 3962 2885 4033 Χριστοῦ
2916 3962 3167 4034 ψαλμοὺς
3195 3962 3259 4016 δ”
3283 3963 3374 4016 τὸν
3395 3962 3459 4034 β’,
3492 3965 3585 4016 καὶ
3610 3964 3705 4017 τὸν
3732 3968 3801 4033 η’,

2219 4054 2315 4108 καὶ
2345 4054 2437 4108 τὸν
2492 4052 2595 4125 μδ’,
2657 4054 2753 4108 καὶ
2779 4054 2870 4109 τὸν
2906 4054 3008 4126 ρθ⁰,
3050 4054 3207 4119 ὅλους
3250 4057 3377 4119 τοὺς
3402 4055 3442 4109 δ’
3470 4055 3537 4110 δι’
3574 4055 3701 4109 ὅλου
3728 4057 3806 4117 είς

2220 4144 2383 4199 αὑτὸν
2413 4144 2671 4218 εἰρηκώς.

2291 4233 2411 4290 Jam
2428 4252 2523 4293 eos
2554 4238 2797 4307 psalmos
2828 4237 3087 4293 recensui
3123 4238 3192 4294 de
3226 4238 3430 4309 quibus
3466 4239 3598 4311 quid
3624 4238 3805 4295 Theo-

2221 4332 2391 4388 dorus
2412 4333 2668 4389 statuerit
2698 4348 2764 4389 ex
2798 4333 3117 4405 fragmentis
3139 4335 3511 4405 cognoscitur.
3540 4333 3679 4387 Eum
3722 4348 3809 4388 re-

2223 4425 2406 4495 liquos
2434 4426 2598 4480 etiam
2634 4425 2700 4479 ad
2744 4436 2981 4497 quatuor
3027 4427 3121 4481 illa
3145 4442 3346 4499 genera
3380 4427 3638 4482 retulisse
3668 4426 3807 4481 satis

533 4519 644 4575 τῶν
677 4518 993 4591 συμφορῶν,
1029 4519 1402 4573 ὑπαινίττεται
1440 4519 1497 4572 δέ
1527 4520 1645 4590 ἅμα
1670 4520 1765 4573 καὶ
1796 4519 1895 4591 τὴν
1924 4521 2115 4575 ἐπάνο-

2224 4518 2484 4574 credibile
2509 4524 2612 4574 est.
2649 4517 2737 4574 Cf.
2772 4518 2960 4574 Cosm.
2993 4519 3114 4574 1nd.
3168 4520 3205 4574 1.
3243 4520 3307 4583 l.,
3340 4538 3394 4592 p.
3421 4520 3569 4574 485:
3612 4518 3807 4572 Ἠνίκα

532 4612 642 4668 δον.
674 4611 741 4668 ν.
770 4612 809 4668 1.
837 4612 873 4667 1.
902 4612 1131 4683 ι).458);
1158 4627 1302 4667 Lxxn
1332 4612 1423 4681 (——
1447 4611 1523 4675 ὼς
1550 4614 1616 4665 ἐκ
1654 4611 1944 4684 προσώπου
1974 4614 2118 4666 ἐκείο

535 4721 641 4757 νων
677 4704 945 4773 λέγοντος,
975 4700 1063 4759 οἶα
1108 4705 1254 4769 εἰκὸς
1281 4699 1349 4776 ἦν
1386 4706 1444 4757 ἐν
1474 4703 1552 4775 τῷ
1581 4704 1760 4776 καιρῷ
1794 4704 1896 4776 τῆς
1917 4707 2119 4776 αἰχμα-

536 4794 735 4860 λωσίας
756 4797 977 4851 καὶτῶν
1008 4796 1301 4868 συμφορῶν
1328 4797 1525 4861 αὐτοὺς
1563 4796 1955 4868 λογισαμένους
1993 4799 2119 4852 ἀτο-

537 4887 765 4943 πώτατά
783 4906 843 4942 τε
867 4890 959 4943 καὶ
989 4888 1217 4960 ἀπρεπῆ
1247 4890 1376 4961 περὶ
1397 4887 1532 4943 Θεοῦ
1563 4889 1995 4960 μεταγινώσκειν
2023 4890 2118 4944 ἐπὶ

537 4982 747 5045 τούτοις
779 4982 915 5053 μετὰ
938 4981 1037 5053 τὴν
1066 4982 1341 5037 ἐπάνοδον.
1374 5000 1426 5038 v.
1450 4984 1485 5036 ι.
1513 4984 1551 5039 1.
1571 5000 1619 5053 ρ
1651 4984 1810 5054 49ης
1845 5000 2005 5038 Lxxv't
2027 4983 2118 5054 (—

538 5073 687 5143 λέγει
710 5101 782 5115 -
798 5074 905 5127 ἀπὸ
942 5075 1037 5128 τοῦ
1067 5076 1288 5128 ἐκείνων
1307 5074 1601 5147 προσώπου
1627 5075 1827 5128 ώσανεὶ
1864 5073 2003 5144 μετὰ
2024 5074 2122 5147 τὴν

540 5166 795 5222 ἐπάνοδον
828 5166 1093 5235 λεγόντων
1121 5167 1191 5219 τὰ
1216 5166 1337 5219 τότε
1367 5166 1654 5237 συμϐάντα
1679 5166 1775 5221 καὶ
1796 5167 1916 5220 τίνα
1942 5166 2122 5235 ἐλογί·

542 5275 703 5314 σαντο
721 5275 734 5288 ’
761 5275 813 5315 v.
845 5259 884 5313 l.
916 5259 979 5323 l.,
1017 5275 1071 5329 p.
1096 5259 1258 5327 588);
1286 5274 1350 5313 ιι
1383 5258 1868 5331 (-προαγορεύει
1888 5290 1958 5299 —
1982 5258 2124 5311 οὖτω

541 5352 631 5409 τὸν
662 5351 873 5423 ψαλμὸν
901 5350 1161 5420 ἐκφωνῶν
1192 5351 1393 5405 ὡσανεὶ
1435 5351 1731 5404 αἰτούντων
1769 5350 1992 5403 ἐκείνων
2031 5367 2124 5403 τυ-

543 5447 658 5515 χεῖν
686 5444 785 5514 τῆς
821 5442 917 5497 τοῦ
946 5442 1083 5497 Θεοῦ
1120 5442 1371 5514 βοηθείας
1409 5442 1547 5513 ὁμοῦ
1586 5444 1680 5496 καὶ
1728 5442 1825 5513 τὴν
1862 5442 2119 5496 ἐπάνοδον

546 5534 1108 5607 προυπισχνούμενος·
1149 5551 1203 5589 v.
1227 5534 1263 5587 l.
1292 5535 1354 5601 l.,
1386 5550 1441 5605 p.
1477 5536 1600 5602 l98)
1625 5549 1787 5598 ;Lx1v
1817 5534 1835 5605 (
1862 5564 1932 5574 —
1952 5552 2121 5607 προα-

546 5628 961 5698 γορεῡων-ἐκ
1009 5627 1102 5681 τοῦ
1150 5624 1373 5681 ἐκείνων
1426 5624 1721 5697 προσώπου
1750 5624 1925 5681 ταῦτά
1961 5636 2126 5698 φησιν

550 5718 695 5789 ἅπερ
723 5718 896 5771 εἰπεῖν
922 5718 1101 5781 αὐτοῖς
1122 5719 1391 5790 ἥρμοττεν
1417 5719 1517 5788 τῆς
1544 5718 1803 5773 ἐπανόδου
1841 5718 2127 5791 μέλλουσιν

623 5880 699 5951 (α)
728 5878 813 5939 Cf.
847 5879 1010 5937 Cord.
1039 5879 1159 5937 Cat.
1184 5877 1252 5946 11,
1276 5895 1329 5952 p.
1361 5878 1486 5935 265.

2222 4641 2295 4652 ——
2322 4611 2554 4665 ἐκινεῖτο
2588 4612 2652 4665 ἐκ
2680 4610 2773 4664 τοῦ
2796 4611 3105 4681 πνεύματος
3133 4611 3394 4683 προεῖπεν
3418 4628 3480 4663 τε
3508 4610 3542 4681 ἢ
3564 4609 3809 4681 περὶτῆς

2224 4704 2605 4777 αἰχμαλωσίας
2630 4703 2723 4757 τοῦ
2752 4704 2903 4769 λαοῦ,
2936 4704 2968 4774 ἢ
3010 4706 3138 4776 περὶ
3179 4704 3281 4775 τῆς
3313 4703 3568 4758 ἐπανόδου
3602 4702 3805 4764 αὐτῶν,

2224 4796 2258 4867 ἢ
2290 4796 2419 4867 περὶ
2455 4796 2601 4867 ὴθῶν
2649 4795 3025 4860 διδαηαλικά,
3065 4796 3099 4867 ἢ
3140 4798 3270 4868 περὶ
3301 4796 3574 4867 προνοίας,
3606 4796 3640 4867 ἢ
3679 4794 3807 4865 περὶ

2225 4886 2320 4940 τοῦ
2374 4886 2645 4941 Δεσπότου
2692 4886 2950 4959 Χριστοῦ.
2993 4886 3231 4944 Omnino
3273 4903 3403 4944 vero
3436 4902 3629 4943 omnes
3660 4887 3805 4957 psal-

2224 4996 2366 5045 mos,
2430 4983 2682 5051 quamvis
2743 4997 2843 5037 sua
2875 4982 3078 5053 cuique
3111 4982 3375 5051 primaria
3428 4982 3571 5037 ratio
3617 4995 3682 5035 ac
3721 4980 3805 5035 vis

2224 5071 2443 5136 fuisset,
2476 5074 2544 5128 ad
2579 5074 2825 5129 omnium
2848 5074 3142 5129 utilitatem
3171 5075 3511 5144 compositos
3528 5088 3649 5129 esse
3672 5087 3803 5127 cen-

2224 5165 2353 5218 suit.
2390 5161 2476 5217 Cf.
2506 5163 2675 5219 Cord.
2709 5163 2829 5219 Cat.
2860 5163 2925 5229 ll,
2967 5180 3023 5234 p.
3043 5163 3187 5231 496;
3226 5162 3269 5227 1,
3302 5180 3355 5234 p.
3386 5165 3510 5219 574.
3537 5164 3806 5218 Caeterum

2224 5256 2279 5309 in
2311 5255 2726 5327 interpretando
2757 5272 2909 5312 more
2941 5272 3043 5312 suo
3074 5265 3327 5311 versatus
3350 5264 3456 5311 est.
3492 5254 3627 5311 Fere
3665 5256 3806 5310 scri-

2223 5345 2397 5415 ptoris
2427 5347 2756 5401 sententiam
2779 5348 2904 5404 aliis
2932 5348 3117 5404 verbis
3132 5348 3371 5417 repetiit,
3391 5348 3486 5403 sed
3512 5346 3805 5418 imaginum

2229 5439 2536 5510 lingumque
2566 5440 2810 5495 rationes
2851 5440 3165 5495 accuratius
3203 5440 3519 5510 explicavit,
3576 5438 3808 5508 ideoque

2228 5533 2283 5587 in
2320 5533 2404 5589 his
2431 5534 2662 5589 lectores
2694 5535 2891 5604 smpius
2921 5534 2989 5588 ad
3019 5534 3556 5588 hoscommentarios
3589 5530 3803 5600 allegat.

2303 5623 2557 5680 Profecto
2591 5642 2786 5681 novam
2834 5628 2979 5680 viam
3020 5624 3344 5682 Theodorus
3383 5625 3458 5678 ita
3486 5628 3807 5693 persecutus

2233 5730 2337 5783 est,
2360 5727 2423 5775 ut
2444 5728 2691 5776 nostram
2720 5718 3139 5776 admirationem
3175 5718 3231 5775 in
3264 5732 3323 5775 se
3344 5732 3452 5773 non
3486 5722 3807 5773 convertere
