3994 6510
209 335 276 389 τε
977 336 1062 391 DE
1088 337 1433 395 THEODORI
1472 338 1769 395 MOPSUE!

1870 338 1955 395 ENI
1983 339 2146 395 VITA
2185 339 2272 394 ET
2311 340 2642 397 SCRIPTIS.
3383 344 3454 399 31

209 467 318 507 non
352 449 548 520 possit.
581 447 725 504 Sane
745 449 961 519 quidem
986 451 1162 505 audax
1189 463 1326 506 erat.
1359 451 1494 517 Quis
1534 468 1660 506 vero
1679 467 1769 505 au-

1879 453 2068 505 ἑαυτὸν
2093 454 2293 524 κυρίως
2327 455 2589 525 εἰρημένα
2618 452 2887 519 ἐξέλαϐον,
2913 454 3026 509 ἀλλ’
3048 455 3123 522 ὡς
3146 456 3450 529 ἁρμόζοντα

203 543 422 597 daciam
463 543 520 596 in
565 540 768 610 juvene
797 541 920 610 jure
954 543 1350 611 reprehendat?
1379 545 1448 595 At
1472 559 1593 612 quae
1632 543 1781 596 ince-

206 643 358 706 perat
381 650 478 703 per
513 634 774 702 temporis
822 634 1064 688 rationes
1112 634 1342 690 ulterius
1389 636 1644 706 prosequi
1671 650 1778 690 non

162 725 170 736 '
201 726 408 795 potuit.
459 723 900 778 Commentarius
948 723 1038 778 ille
1057 724 1168 790 jam
1191 733 1382 790 tuyet
1411 740 1584 793 magis
1613 727 1778 781 etiam

202 825 397 886 postea
431 814 755 868 orthodoxis
805 815 1144 868 stomachum
1190 816 1379 897 ιηριιιίι.
1416 814 1500 869 Cf.
1543 815 1776 888 Hesych.

201 906 239 959 l.
269 922 322 960 c.
347 906 446 974 (α),
468 903 659 958 Lcont.
689 903 726 956 Ι.
757 917 831 966 c.,
858 901 985 957 Fac.
1015 917 1097 965 ιιι,
1127 908 1184 960 6:
1209 934 1276 944 —
1308 923 1325 954 ι
1364 904 1779 974 lmpugnatores

202 998 266 1051 S.
301 995 496 1065 synodi
543 992 848 1062 (Clialced.)
899 993 969 1046 ob
1019 993 1121 1047 hoc
1174 993 1242 1046 de
1276 993 1368 1047 illo
1403 994 1506 1048 ista
1543 995 1776 1064 jactare,

200 1087 350 1156 quod
378 1086 432 1138 in
468 1084 916 1151 interpretatione
949 1084 1284 1152 psalmorum
1313 1083 1564 1153 quaedam
1595 1101 1777 1140 mora-

202 1181 330 1231 liter
380 1177 701 1244 exposuisse
740 1175 978 1237 dicatur,
1013 1191 1134 1244 quae
1185 1175 1240 1228 in
1271 1175 1551 1231 Christum
1603 1179 1778 1244 magis

199 1270 347 1324 dicta
407 1270 606 1324 debent
656 1268 907 1336 intelligi.
935 1287 953 1319 ι
991 1267 1364 1330 Theodorum,
1409 1268 1482 1321 ita
1526 1268 1626 1332 illi,
1681 1270 1776 1337 qui

198 1361 448 1417 Iudaicae
499 1363 738 1432 psalmos
779 1361 1020 1415 bistorim
1070 1361 1224 1429 justo
1283 1361 1459 1430 magis
1504 1368 1772 1430 aptasset,

199 1453 463 1504 vaticinia
494 1453 559 1504 de
582 1450 800 1503 Christo
828 1465 1149 1504 evacuasse.
1187 1449 1293 1503 Sed
1317 1450 1435 1518 ipse
1469 1452 1633 1504 etiam
1653 1458 1776 1520 post

197 1543 436 1612 ingenue
485 1539 766 1610 professus
807 1548 912 1601 est,
960 1555 1020 1593 se
1070 1539 1127 1592 in
1172 1538 1398 1608 psalmis
1434 1539 1775 1607 explicandis

198 1636 376 1688 multa
407 1649 691 1703 peccasse.
720 1631 787 1686 γ.
813 1647 898 1700 ap.
933 1630 1058 1684 Fac.
1097 1646 1179 1695 ιιι,
1215 1631 1247 1684 6
1283 1649 1422 1686 ε--ι
1453 1629 1570 1684 Non
1594 1640 1773 1685 autem

195 1732 460 1793 quantam
527 1732 841 1792 oportuerat
885 1721 1175 1774 habuimus
1227 1721 1372 1773 circa
1435 1720 1594 1774 istam
1657 1735 1769 1773 rem

1875 547 1944 616 τῇ
1974 546 2270 598 ιύποθέσειο
2297 563 2348 600 v.
2391 553 2446 599 et
2481 545 2622 618 sq.];
2663 547 2803 601 adde
2851 548 2995 617 quod
3040 549 3093 603 in
3137 550 3454 621 fragmentis

1880 639 2026 692 nulla
2064 638 2255 708 typicze
2284 639 2748 708 interpretationis
2782 641 3010 709 vestigia
3038 642 3269 712 reperi);
3307 647 3451 714 quod

1880 744 2002 783 cum
2043 727 2106 782 V.
2144 728 2205 781 Τ.
2243 731 2351 783 vim
2391 734 2634 786 minuere
2676 731 2969 802 multisque
3004 733 3288 788 offensioni
3329 751 3453 791 esse

1883 819 2265 885 intellexisset,
2301 824 2561 890 posterior
2595 822 2887 877 Diodorum
2922 824 3091 894 magis
3117 835 3336 882 secutus
3359 842 3452 880 ar-

1881 911 2039 965 ctiori
2073 912 2291 966 vinculo
2309 912 2372 967 V.
2405 929 2526 968 cum
2557 914 2622 967 Ν.
2657 913 2719 968 Τ.
2746 924 2987 984 typorum
3007 931 3110 986 ope
3135 919 3450 974 connexuit.

2024 1035 2084 1090 Β.
2118 1037 2504 1092 Cammentarii
2532 1041 2586 1092 in
2628 1038 2789 1093 libros
2824 1039 2886 1094 V.
2922 1040 2984 1094 Τ.
3009 1041 3307 1098 historicos.

1952 1162 2019 1217 In
2069 1163 2287 1218 Genesin
2343 1165 2623 1236 copiosum
2673 1165 2995 1222 Theodorus
3039 1169 3260 1239 scripsit
3297 1187 3449 1227 com-

1881 1257 2229 1311 mentarium.
2277 1257 2359 1309 Cf.
2410 1257 2674 1312 Ebediesu
2726 1259 2762 1311 l.
2796 1259 2831 1311 1.
2881 1275 2932 1329 p.
2970 1260 3030 1313 3i
3066 1277 3080 1326 ;
3120 1261 3241 1313 Act.
3287 1278 3447 1317 conc.

1878 1345 2066 1401 Const.
2097 1364 2157 1409 ιι,
2188 1364 2262 1411 tv,
2310 1348 2497 1402 57-69..
2533 1367 2551 1399 ι
2589 1379 2658 1388 —
2686 1365 2750 1404 ex
2784 1350 2819 1404 l.
2851 1352 3130 1420 quinto—
3154 1363 3349 1422 quarto
3377 1382 3449 1393 -

1878 1439 1956 1493 De
1983 1451 2250 1502 creatura,
2293 1459 2310 1492 ι
2347 1439 2503 1495 Joan.
2543 1441 2825 1511 Philoponi
2859 1443 2933 1496 De
2957 1443 3140 1496 mundi
3189 1447 3450 1500 creatione

1879 1531 2167 1601 (Gallandii
2200 1532 2336 1586 Bibl.
2367 1533 2521 1587 Patr.
2553 1541 2595 1587 ῑ.
2626 1534 2742 1603 XII)
2773 1535 2892 1598 1,8:
2916 1555 2931 1586 ι
2953 1566 3022 1574 —
3052 1537 3230 1608 Ἐντῷ
3247 1538 3448 1608 πρώτῳ

1875 1625 1983 1678 τῶν
2012 1627 2091 1688 εἰς
2134 1625 2230 1695 τὴν
2288 1625 2502 1693 γένεσιν
2525 1654 2593 1665 -ο
2623 1644 2641 1676 ι
2694 1627 2746 1691 6,
2776 1627 2830 1680 9.
2864 1645 2883 1676 ‹
2911 1657 2978 1665 —-—
3011 1629 3068 1679 ὲν
3100 1628 3178 1698 τῷ
3202 1629 3449 1700 τετάρτῳ

1873 1717 1980 1770 τῶν
2005 1746 2067 1756 -
2098 1735 2115 1768 ι
2153 1716 2343 1772 Leont.
2383 1717 2509 1789 Byz.
2557 1718 2591 1771 l.
2635 1732 2709 1779 c.,
2746 1733 2797 1787 p.
2839 1717 2940 1771 690
2971 1730 3020 1768 τι
3064 1748 3130 1758 -
3163 1736 3284 1789 qum
3308 1736 3448 1775 vane

197 1819 452 1885 (interpr.
505 1813 863 1885 psalmorum)
917 1813 1275 1882 diligentiam.
1309 1810 1463 1866 Passi
1495 1812 1642 1866 enim
1680 1829 1774 1866 su-
1804 1811 1847 1867 B
1875 1809 2172 1864 elaboravit
2220 1809 2274 1862 in
2327 1809 2581 1874 Genesin,
2620 1829 2638 1862 ι
2686 1808 2846 1862 Phot.
2888 1823 2938 1862 c.
2988 1809 3054 1862 58
3081 1822 3125 1860 ει
3160 1804 3280 1881 οὖή
3322 1813 3448 1863 ἐπι-

198 1927 318 1965 mus
343 1924 687 1979 quaecunque
721 1906 1066 1975 incipientes,
1094 1913 1153 1959 ut
1175 1905 1380 1968 evenit,
1406 1905 1460 1958 in
1497 1905 1774 1974 imperitia

197 2000 476 2056 scribendi
509 1997 1100 2066 constituti,siquidem
1129 2005 1183 2051 et
1209 1997 1410 2050 multas
1437 1997 1775 2049 immutatio-

200 2105 292 2142 nes
325 2088 420 2140 illo
454 2097 697 2156 tempore
721 2101 840 2155 qua:
867 2093 1054 2139 nostra
1079 2092 1205 2140 sunt
1232 2095 1612 2154 susceperunt,
1638 2101 1775 2157 quas

199 2193 304 2232 non
334 2185 419 2231 est
453 2176 740 2246 prmsentis
765 2177 1026 2246 temporis
1053 2191 1342 2242 enarrare;
1383 2192 1449 2230 ex
1481 2193 1587 2246 qna
1607 2193 1773 2233 causa

200 2273 372 2342 magis
407 2271 745 2341 negligenter
775 2283 804 2321 a
832 2269 992 2323 nobis
1037 2268 1339 2336 composita
1387 2277 1515 2323 sunt
1540 2269 1774 2338 plurima

205 2377 256 2418 et
277 2366 510 2418 maxime
540 2364 632 2416 illa
665 2378 784 2432 qua:
837 2361 1014 2430 prima
1067 2369 1217 2416 sunt.
1255 2379 1274 2412 ι
1315 2359 1433 2414 Duo
1469 2361 1556 2414 his
1590 2362 1774 2417 verbis

206 2457 533 2518 enuntiavit,
566 2469 764 2517 unum,
797 2468 855 2508 se
900 2467 1025 2506 cum
1077 2452 1248 2506 libros
1285 2450 1405 2504 adv.
1441 2452 1772 2521 allegoristas

202 2547 531 2618 scripsisset,
585 2547 641 2600 in
694 2545 880 2599 multis
908 2544 1065 2600 aliter
1096 2552 1260 2614 atque
1305 2551 1465 2597 antea
1498 2544 1770 2607 sensisse;

200 2641 456 2700 alterum,
486 2655 514 2690 a
549 2653 609 2692 se
630 2637 805 2707 magis
826 2636 1159 2706 negligenter
1190 2634 1494 2702 composita
1515 2648 1636 2688 esse
1654 2633 1774 2703 plu-

198 2734 334 2787 rima
357 2734 408 2786 in
431 2732 692 2800 psalmos,
717 2729 806 2782 illa
830 2729 1064 2782 maxime
1083 2741 1204 2796 quae
1229 2725 1402 2795 prima
1428 2737 1633 2790 essent,
1658 2726 1696 2782 i.
1721 2740 1769 2779 e.

197 2825 595 2895 praefationem,
624 2839 678 2875 v.
703 2821 874 2886 infra;
907 2819 1159 2875 statuerit
1185 2832 1315 2872 vero
1336 2827 1521 2887 postea
1544 2816 1612 2872 de
1637 2831 1775 2870 non-

195 2917 358 2970 nullis
411 2914 643 2984 psalmis
689 2913 875 2978 aliter,
931 2910 1193 2964 nonnulla
1237 2912 1399 2963 etiam
1450 2910 1566 2963 loca
1613 2909 1774 2964 aliter

194 3007 555 3061 enarraverit.
590 3005 853 3058 Primaria
895 3001 1143 3072 profecto
1192 2999 1462 3056 Theodori
1490 3001 1687 3071 prioris
1718 3007 1772 3056 et

197 3099 519 3169 posterioris
564 3096 854 3152 diversitas
914 3096 969 3149 in
1029 3093 1475 3164 interpretatione
1524 3093 1769 3147 locorum

193 3193 294 3247 sita
325 3199 446 3246 erat
475 3191 531 3244 in
575 3188 710 3243 Nov.
744 3186 808 3243 T.
850 3187 1156 3251 citatorum,
1195 3185 1262 3240 de
1288 3200 1393 3255 qua
1427 3185 1571 3239 haud
1607 3185 1770 3241 dubie

195 3285 440 3355 pluribus
464 3285 519 3338 in
543 3282 635 3336 illa
658 3279 973 3350 praefatione
991 3279 1383 3348 disputaverat.
1404 3278 1473 3331 At
1493 3293 1616 3332 cum
1640 3293 1770 3334 suos

194 3380 247 3431 in
278 3378 516 3444 psalmos
542 3371 968 3427 commentarios
997 3371 1351 3440 vituperaret,
1391 3385 1568 3440 neque
1597 3369 1662 3424 ad
1691 3380 1771 3442 ty-

195 3473 366 3538 picani
395 3482 553 3524 suam
580 3462 1283 3533 interpretationem,quam
1309 3469 1429 3530 post
1446 3462 1770 3517 constantis-

194 3565 325 3615 sime
349 3568 576 3616 secutus
605 3564 692 3612 est
733 3564 786 3610 et
817 3569 936 3624 quae
980 3552 1219 3608 Judaicaa
1258 3553 1549 3622 impietatis
1584 3567 1770 3622 repre-

193 3651 517 3706 hensionem
537 3646 854 3716 neutiquam
886 3644 1047 3714 cepit.
1076 3658 1252 3714 neque
1281 3642 1348 3696 ad
1373 3650 1606 3712 quatuor
1645 3643 1768 3698 illos

191 3747 440 3815 psalmos
479 3758 612 3812 quos
657 3739 876 3810 proprie
915 3737 982 3791 ad
1015 3736 1295 3791 Christum
1339 3736 1614 3791 retulisset
1654 3735 1764 3807 (ὁ),

192 3835 695 3908 ιέερὶεετεηροιιιὶι.
729 3831 868 3896 Quid
909 3830 1111 3900 igitur?
1141 3828 1299 3882 Prior
1327 3825 1666 3892 Theodorus,
1719 3829 1765 3883 si

192 3852 441 3908 l'esptcer
535 3851 695 3887 Οιυιι.
729 3851 868 3896 υυια
910 3851 1109 3900 ιειιυΐι
1141 3851 1299 3882 ΓΠοΓ
1343 3851 1666 3892 ιιιυυυυΐυδ,
1719 3851 1765 3883 SI

192 3939 427 4000 quatuor
443 3851 577 3983 (is
597 3921 1154 3996 psalmosnxcmeris,
1189 3919 1526 3975 Psalmorum
1560 3921 1678 3973 loca
1711 3920 1765 3975 in

192 4021 252 4075 N.
288 4021 355 4075 T.
383 4021 454 4074 ad
480 4035 568 4074 res
593 4016 934 4071 Christianas
973 4028 1069 4083 per
1097 4027 1277 4067 rerum
1308 4010 1766 4080 Opportunitatem

191 4109 593 4164 accommodata
617 4119 740 4160 esse
778 4103 969 4158 statuit
1003 4100 1097 4172 (cf.
1129 4101 1248 4155 Act.
1283 4097 1346 4152 C.
1374 4098 1560 4153 Const.
1593 4112 1650 4161 ιι,
1687 4113 1763 4163 tv,

188 4204 276 4267 22,
309 4202 381 4256 9.3
411 4200 621 4272 [Cosm.
659 4196 772 4250 Ind.
805 4196 843 4249 l.
878 4209 955 4260 c.,
989 4209 1042 4262 p.
1075 4191 1181 4246 486
1209 4209 1316 4245 :—
1349 4191 1486 4243 Ὅσα
1518 4189 1574 4242 δὲ
1603 4188 1768 4260 ἔτερα

187 4294 539 4406 ἐξέλαϐον.οἱ
578 4287 862 4343 ἀπόστολοι
906 4287 971 4339 ὲκ
1007 4283 1116 4336 τῶν
1158 4280 1421 4352 ψαλμῶν,
1451 4281 1549 4350 οὐχ
1583 4279 1658 4343 ὼς
1688 4281 1768 4343 εἰς

257 4437 336 4504 (α)
369 4432 493 4488 Non
544 4430 820 4504 dubitouq

187 4491 342 4577 praef.
369 4505 428 4558 in
460 4518 545 4577 ps.
585 4516 703 4568 t,p.
731 4491 856 4577 60$,
879 4496 1148 4577 scriberet
1173 4511 1186 4546 :
1209 4491 1500 4577 Διαφύροις
1524 4521 1600 4577 -7-7
1617 4491 1768 4577 εντρέ

187 4557 702 4646 μασί,
742 4557 993 4627 καὶτοὺς
1017 4564 1119 4646 μὲν
1144 4593 1213 4646 τη
1231 4591 1300 4646 τ-
1327 4557 1521 4630 εὑρὼν,
1550 4560 1682 4646 τοὺς
1710 4557 1767 4610 δέ

184 4629 608 4712 τισινίστορίᾶις
640 4629 1095 4712 τᾼῆννπροφητείαν
1132 4629 1494 4712 ἁρμόσαντας,
1533 4629 1608 4712 da;
1648 4629 1768 4680 ’lou-

183 4699 358 4777 δαίοις
402 4699 603 4784 μάλλον
629 4699 726 4780 τὴν
751 4699 1044 4781 ἑρμηνείαν
1087 4699 1401 4784 συνηχορείν
1439 4699 1611 4784 ἥιτοῖς
1639 4715 1767 4769 τρο-

187 4770 512 4857 φίμοις-ῆς
532 4770 765 4841 πίστεως
883 4770 1142 4857 nostrum
1163 4770 1551 4857 indigi‘t’uerit.

258 4838 334 4926 ibi)
359 4838 516 4908 Hand
537 4838 844 4926 spernenda
858 4857 1004 4901 esset
1026 4841 1265 4926 Y‘ict._de
1289 4838 1765 4926 YVc-gnernziqre?

189 4945 238 4998 p.
260 4908 448 4987 ξένη,
479 4908 806 4998 conjectura
840 4936 852 4971 :
887 4935 910 4996 t_
942 4946 1012 4997 τ-
1038 4912 1262 4995 ξὶθοῑὶιιε
1301 4911 1532 4991 fortasse
1562 4908 1770 4998 (ἥξει-ἦα

190 4980 329 5058 inus,
359 4980 493 5050 illud
520 4980 794 5045 Theodori
833 4989 917 5041 sui
959 4986 1132 5058 ipsius
1162 4981 1489 5058 vituperium
1511 4980 1766 5057 psalmos

188 5053 444 5138 spectare
476 5079 595 5122 eos.
630 5075 770 5129 quos
816 5073 927 5111 non
982 5053 1179 5134 typico'
1205 5053 1298 5133 sed
1337 5053 1561 5138 proprio
1587 5064 1763 5138 sensu

186 5118 472 5193 Cirris-tum
501 5118 727 5202 tangere
757 5118 1096 5202 statueratfi
1128 5118 1554 5202 nisiconstaret,
1587 5118 1765 5202 'fbeo—

187 5191 382 5262 dorum
446 5213 571 5274 post
601 5191 779 5274 ctiam
810 5199 932 5274 illos
968 5195 1210 5265 psalmos
1239 5192 1325 5274 ita.
1336 5191 1762 5274 interpretatum

187 5257 598 5344 84;,Eii5som
635 5272 789 5324 illum
819 5267 954 5344 l.__de
967 5257 1047 5336 ps.
1075 5279 1171 5344 vni
1208 5261 1451 5344 ex‘libris
1484 5257 1562 5310 De
1591 5258 1766 5344 incar-

189 5331 802 5414 nati'sumptnmesse.
845 5331 1116 5414 Caeterum
1150 5331 1294 5386 haud
1323 5333 1617 5414 obscurqin
1656 5336 1762 5414 est,

323 5395 714 5486 ddé'iﬁor’inos
742 5409 982 5480 psalmos
1018 5419 1196 5486 sensu
1213 5400 1436 5486 proprio
1455 5400 1522 5452 de
1544 5395 1766 5486 Christo

189 5467 886 5558 interpretatussitnneque
901 5491 1031 5558 vero
1056 5478 1132 5558 ita
1148 5467 1474 5558 ut:reliquos
1488 5467 1763 5558 Ipsalmos,

186 5539 424 5628 quorum
444 5556 560 5608 loca
591 5553 648 5605 in
765 5539 830 5602 Τί
851 5548 918 5628 ad
944 5562 1030 5602 res
1054 5543 1399 5628 Christiana:
1427 5539 1762 5628 relerttntur.

188 5606 558 5696 iiiéiéﬁuhin
589 5623 741 5696 enim
765 5619 908 5696 quod
940 5609 1331 5696 auctoritasN.
1357 5608 1540 5696 Τέω.
1570 5606 1760 5696 ςοειιῐιζ

395 5677 483 5759 ἓξ,
498 5711 550 5765 p.
575 5692 701 5765 485,
721 5677 815 5742 xu".
840 5689 950 5758 γὰρ
968 5688 1072 5765 ’καὶ
1089 5683 1367 5765 Δεςσπρτης
1389 5677 1763 5765 ςΧριστρςρξαὶ

585 5747 866 5831 φαίνονται
897 5747 991 5831 ﬁgi.
1017 5758 1080 5808 ὲκ
1106 5753 1213 5806 τῶν
1241 5753 1281 5805 δ’
1312 5747 1540 5831 ψαλμῶν
1569 5747 1762 5800 λαϐόν-

189 5859 272 5903 τες
310 5822 619 5910 μαρτυρίαν
652 5831 778 5904 περὶ
793 5827 957 5885 αὑτοῦ
980 5834 1032 5882 et
1057 5839 1177 5895 qua:
1201 5822 1342 5894 seq.)
1371 5829 1430 5878 et
1456 5832 1759 5876 consensus

1873 1899 2058 1970 γραφὴ
2084 1899 2345 1970 ἑρμηνεία
2361 1900 2458 1970 τῆς
2491 1899 2742 1961 κτίσεως.
2772 1901 2828 1950 ὲν
2849 1898 3036 1968 τόμοις
3056 1899 3240 1969 emat;
3255 1900 3445 1971 πρώτη

1875 1989 2054 2060 βίϐλος
2081 1989 2418 2059 ἐπεραίνετο.
2451 2008 2470 2041 ι
2511 1989 2606 2044 llis
2657 1989 2791 2043 locis
2820 2004 2960 2041 unus
2985 1989 3234 2058 idemque
3267 1988 3446 2045 Theo-

1874 2082 1994 2135 dori
2057 2082 2193 2136 liber
2244 2082 2578 2151 designatur.
2636 2079 2789 2135 Phot.
2836 2081 2871 2134 l.
2924 2080 3062 2132 12-
3095 2083 3189 2134 Ὃν
3211 2081 3317 2147 (Θ.)
3351 2085 3446 2136 καὶ

1873 2171 2130 2234 πλείστας
2182 2170 2414 2233 εὐθύνας
2454 2169 2706 2240 Ἰωάννης
2734 2172 2762 2223 ὁ
2794 2169 3085 2232 Φιλόπονος
3122 2171 3234 2239 (qui
3265 2169 3445 2225 Theo-

1873 2260 1989 2314 dori
2017 2259 2088 2313 τὰ
2111 2262 2198 2327 εἰς
2224 2260 2338 2327 τὴν
2357 2260 2600 2330 γένεσιν
2647 2267 2915 2314 memorat
2956 2277 3008 2314 v.
3039 2266 3133 2330 s.),
3173 2261 3248 2324 ὡς
3285 2262 3448 2326 αὑτός

1873 2369 2026 2422 φησι,
2052 2353 2149 2423 τῆς
2191 2351 2442 2423 τοιαύτης
2482 2352 2776 2424 ἑρμηνείας
2815 2353 2872 2404 ἐν
2915 2352 3097 2423 οίκείῳ
3131 2353 3209 2422 τῷ
3242 2355 3319 2418 εἰς
3349 2354 3448 2424 τὴν

1872 2444 2047 2496 κτίσιν
2069 2445 2202 2513 πονή
2215 2461 2343 2514 ματι
2376 2443 2587 2515 ἐδείχθη
2610 2442 2910 2505 σπουδαίως
2965 2444 3446 2515 είςπραττόμενος.

1871 2534 1956 2587 Cf.
1977 2542 2051 2590 et.
2069 2549 2119 2588 c.
2139 2534 2228 2596 44,
2257 2534 2472 2588 24οε-
2489 2535 2545 2586 ὲν
2563 2532 2776 2596 πολλοῖς
2814 2531 2981 2597 ἀξίως
3013 2532 3104 2584 τὸν
3128 2532 3298 2602 μέγαν
3319 2534 3455 2585 ἁπο-

1873 2624 2076 2689 θειάζει
2117 2626 2218 2696 (sc.
2249 2622 2408 2679 Joan.
2429 2622 2893 2692 Ριιὶὶ.)Βασίλειον
2926 2623 3019 2675 καὶ
3057 2621 3330 2692 Θεόδωρον
3354 2622 3454 2675 τὸν

1873 2720 2020 2790 (fort.
2038 2720 2075 2773 ί.
2112 2718 2388 2790 Θεοδώρου
2439 2716 2556 2785 τοῦ)
2589 2717 2735 2786 Μοψ.
2764 2717 2810 2769 εἰ
2837 2716 2932 2768 καὶ
2958 2714 3034 2784 μὴ
3060 2715 3117 2766 ὲν
3155 2716 3340 2776 πᾶσιν,
3363 2709 3450 2776 οἷς

1872 2810 2199 2873 ἐπαιτιᾶται,
2244 2807 2359 2861 ἀλλ’
2407 2801 2501 2859 οὖν
2531 2807 2631 2859 οὐκ
2669 2807 2726 2858 ὲν
2767 2805 2966 2872 ὀλίγοις
3017 2803 3450 2873 ἐπιλαμϐάνεται

1871 2900 2136 2970 δικαίως).
2191 2899 2395 2954 Graecis
2421 2898 2564 2951 enim
2604 2899 2811 2968 primus
2856 2895 3209 2950 Pentateuclii
3236 2894 3450 2948 liberet

1869 2994 1903 3064 ἡ
1948 2992 2122 3054 κτίσις
2147 2999 2201 3046 et
2222 2993 2256 3061 ἡ
2289 2990 2504 3058 γένεσις
2541 2988 2846 3043 dicebatur.
2905 2985 3067 3040 Prius
3112 3000 3234 3040 voc.
3267 2983 3446 3038 Theo-

1873 3084 2040 3138 dorus
2085 3082 2374 3136 adamavit.
2424 3080 2505 3134 Cf.
2553 3079 2619 3133 ad
2652 3080 2776 3133 Am.
2826 3078 2882 3142 6,
2923 3077 2979 3140 9,
3015 3077 3106 3141 10,
3137 3092 3191 3147 p.
3219 3075 3325 3130 227
3354 3074 3445 3129 ed.

1797 3150 1839 3208 Ο
1877 3175 1943 3229 de
1967 3172 2157 3243 Wegn.
2186 3191 2198 3226 :
2228 3171 2493 3243 Παρέοικε
2527 3171 2589 3223 τὸ
2615 3172 2672 3224 ὲν
2714 3172 2780 3240 τῇ
2818 3169 3014 3232 κτίσει,
3036 3168 3163 3221 ἔνθα
3188 3167 3448 3238 περὶτῶν

1878 3266 2160 3336 συνθηκῶν
2187 3265 2332 3333 λέγει
2377 3263 2443 3326 ἃς
2471 3263 2678 3326 Λάὸαν,
2699 3279 2758 3315 τε
2783 3263 2875 3315 καὶ
2915 3260 3113 3315 Ἰακώϐ
3133 3291 3204 3302 -—-
3225 3260 3442 3329 (Cenes.

1872 3359 2025 3430 xxx).
2065 3357 2229 3411 Mich.
2267 3373 2323 3418 v,
2349 3357 2402 3421 6,
2438 3371 2490 3426 p.
2540 3355 2664 3409 566.
2707 3356 2779 3425 (c)
2822 3351 3028 3408 lnfelici
3072 3360 3270 3406 conatu
3306 3349 3449 3404 Siet-

1873 3451 2053 3507 fert.l.
2088 3451 2151 3514 l.,
2178 3465 2233 3519 p.
2259 3447 2350 3512 32,
2400 3462 2520 3518 quae
2564 3446 2832 3501 Ebediesu
2869 3452 2923 3500 et
2956 3444 3152 3514 reliqui
3194 3444 3260 3497 de
3283 3442 3446 3497 tomis

1871 3542 2016 3598 illius
2067 3537 2444 3594 commentarii
2507 3537 2750 3592 referunt
2800 3537 2944 3590 inter
3002 3550 3062 3590 se
3107 3531 3440 3588 conciliavit.

1872 3634 2088 3689 Scilicet
2126 3646 2248 3701 quae
2281 3629 2550 3685 Ebediesu
2602 3628 2671 3683 de
2714 3627 2878 3682 tomis
2920 3625 3167 3696 perhibet
3200 3625 3306 3679 hoc
3332 3639 3444 3677 uno

1869 3719 2034 3776 credo
2065 3721 2333 3783 nituntur,
2386 3717 2532 3787 quod
2579 3725 2662 3772 tot
2709 3717 2876 3772 tomis
2918 3716 3117 3770 librum
3174 3713 3445 3769 contineri

1869 3812 2042 3876 dixit,
2077 3818 2210 3883 quot
2266 3807 2632 3863 voluminibus
2685 3806 2963 3877 exemplar
3006 3803 3289 3876 Syriacum
3311 3818 3448 3856 con-

1868 3912 2055 3959 staret.
2117 3901 2208 3956 Sic
2242 3900 2511 3956 Ebediesu
2568 3906 2706 3953 teste
2759 3897 3184 3952 commentarius
3220 3897 3275 3948 in
3327 3892 3446 3947 XII

1867 3995 2145 4066 prophetas
2186 3992 2400 4047 duobus
2452 3991 2619 4044 tomis
2647 3997 2886 4052 constat,
2923 4003 3034 4042 uno
3069 3987 3203 4042 liber
3238 3985 3314 4039 De
3362 3986 3446 4038 iu-

1873 4086 2200 4149 carnatione,
2227 4081 2322 4137 sed
2352 4081 2545 4134 horum
2591 4080 2684 4133 ille
2715 4079 2901 4142 nullis,
2927 4079 3015 4132 hic
3038 4077 3350 4146 quindecim
3377 4076 3446 4130 li-

1873 4179 1990 4234 bris
2033 4176 2326 4230 distinctus
2369 4179 2474 4227 est.
2523 4169 2630 4226 Sed
2691 4169 3012 4225 Theodorus
3043 4177 3105 4223 ut
3146 4167 3446 4222 nonnullos

1875 4269 2120 4335 alios,ita
2154 4268 2300 4322 hunc
2330 4265 2492 4320 etiam
2533 4263 2588 4317 in
2619 4261 2853 4318 Genesin
2881 4260 3334 4317 commentarium
3374 4257 3444 4312 li-

827 4426 921 4480 uin
961 4422 1285 4478 Theodorus
1323 4419 1511 4484 etiam,
1548 4433 1672 4473 cum
1705 4417 1762 4472 in
1795 4418 1840 4474 Ι)
1871 4412 2116 4484 priorum
2175 4406 2548 4484 interpretum
2604 4400 2808 4484 aliquid
2824 4400 3023 4484 “apud.
3054 4414 3178 4484 eum
3203 4467 3228 4484 Α
3251 4396 3442 4482 νξιῐιιίῑ,

1869 4467 1946 4536 illi
1993 4476 2188 4549 psalmi
2229 4467 2487 4549 prie-clare
2534 4467 2769 4549 i_ndolem
2821 4467 3024 4549 Christi
3071 4467 3445 4549 θεανθρωπου,

1869 4553 1924 4605 in
1961 4538 2400 4620 quempnining
2422 4541 3146 4620 quadrarenth‘describere
3180 4538 3445 4620 videban-

1867 4606 1992 4676 tur.-
2009 4619 2095 4673 Cf.
2131 4616 2325 4684 fragm.
2358 4606 2628 4684 Theodori
2662 4614 2730 4666 de
2754 4612 2868 4684 illis
2898 4627 2985 4684 ps.
3014 4620 3081 4684 Act
3107 4610 3292 4664 Cosm.
3325 4606 3443 4662 Ind.

1867 4692 1902 4745 l.
1947 4706 2021 4751 c.,
2059 4705 2112 4758 p.
2138 4682 2391 4758 483—487.
2434 4683 2548 4736 Hoc
2584 4698 2723 4758 vero
2748 4682 3059 4758 infenliquis
3103 4694 3264 4734 secus
3301 4689 3442 4741 erat,

1866 4761 1959 4832 qui
2005 4750 2127 4813 cum
2158 4755 2444 4832 manifesto
2484 4769 2590 4832 non
2628 4753 2726 4806 toti
2761 4750 2828 4832 ad
2867 4752 3148 4832 Christum
3198 4759 3444 4818 spectare

1867 4823 2111 4902 possent,
2173 4830 2312 4878 ratio
2345 4824 2614 4902 exigebat,
2651 4823 2988 4902 'ne‘singulaa
3021 4831 3442 4902 eorummpartes

1866 4890 1934 4956 eo
1955 4890 2324 4953 traherentur.
2343 4894 2426 4948 Cf.
2443 4890 2630 4947 Cosm.
2651 4890 2768 4946 Ind.
2797 4892 2843 4960 l.
2861 4890 2941 4951 c.,
2972 4907 3025 4960 p.
3048 4891 3151 4944 486
3174 4910 3185 4944 :
3209 4890 3443 4952 Τούτους

1865 4971 1925 5041 ψ.
1955 4973 2032 5031 είς
2056 4969 2144 5041 τὸν
2165 4971 2329 5041 ῥεσπ.
2360 4966 2463 5041 Χρ.
2493 4963 2587 5041 καὶ
2612 4962 2770 5040 μόνον
2798 4959 2955 5041 εἶπεν
2973 4959 3075 5041 δὀὐ
3095 4960 3214 5041 Δγαρ
3237 4962 3442 5041 ὲιιοινρἸ

1866 5029 2094 5094 ποίειήτὰ
2116 5036 2210 5089 τοῦ
2240 5029 2510 5086 Δεσπότου
2524 5029 2758 5102 Χριστοῦ
2802 5032 2940 5101 μετὰ
2954 5032 3062 5084 τῶν
3091 5029 3310 5102 δούλων,
3329 5029 3442 5102 ἀλλ’

1867 5113 1975 5164 ῐδια
1996 5107 2065 5161 τὰ
2097 5105 2190 5161 τοῦ
2217 5105 2483 5157 Δεσπότου
2506 5100 2585 5164 ὡς
2603 5100 2862 5157 δεσπότου
2890 5103 3104 5168 ἐξεῖπεν
3136 5100 3230 5153 καὶ
3247 5100 3316 5153 τὰ
3336 5101 3444 5152 τῶν

1865 5180 2066 5233 δούλων
2097 5178 2172 5240 ὡς
2201 5174 2421 5228 δούλων.
2452 5172 2519 5224 Et
2553 5172 2717 5240 paulo
2749 5183 2869 5240 post
2896 5190 2910 5225 :
2943 5203 3012 5212 —
3045 5170 3245 5225 Paulus
3278 5186 3444 5240 μετα-

1866 5253 2080 5320 φράσας
2100 5247 2198 5317 τὴν
2226 5245 2424 5316 χρῆσιν
2443 5239 2655 5311 (MoSis)
2684 5239 2761 5303 ὡς
2783 5241 3046 5311 ἀρμοδίαν
3077 5243 3156 5303 είς
3178 5239 3285 5320 ’τὴν
3307 5239 3444 5291 ίδίαν

1866 5321 2153 5374 ὑπόθεσιν·
2186 5317 2336 5369 οὐδὲν
2367 5315 2476 5383 γᾲρ
2513 5311 2827 5383 ἁρμόζουσιᾼ
2848 5313 2916 5362 τὰ
2940 5310 3119 5383 Aetna
3137 5326 3246 5383 των
3361 5310 3442 5383 είς

1863 5393 1953 5444 τὸν
1974 5392 2137 5444 Aturi.
2158 5385 2288 5456 Χρ.,
2309 5379 2467 5450 ιεὼς»
2493 5379 2890 5456 τινα-εξέλασον
2915 5379 3141 5456 (Τιιεοό.
3177 5379 3258 5456 arf-
3273 5379 3317 5431 Ζ
3321 5380 3438 5434 ach.

1868 5478 1943 5527 ix,
1968 5462 2046 5528 9.)
2071 5459 2173 5512 Sed
2203 5449 2328 5511 cum
2353 5449 2726 5528 quatuorillos
2743 5451 2981 5520 psalmos
3014 5453 3088 5505 ita
3118 5449 3438 5519 explicaret,

1865 5527 2049 5588 minus
2079 5529 2182 5583 sibi
2218 5527 2480 5580 constitit.

1938 5603 2007 5669 (c)
2046 5596 2357 5669 Siell'crt.__l.
2385 5597 2458 5669 _l.,
2526 5609 2578 5663 p.
2639 5591 2738 5669 52_
2766 5608 2889 5669 sq.,_
2915 5589 3007 5669 qui
3048 5589 3434 5669 in_Nic_epliori

1866 5659 2069 5726 Catena
2098 5667 2360 5724 nonnulla
2380 5659 2684 5735 fragmenta
2709 5663 2776 5735 de
2796 5659 3208 5735 reliquisetiam
3236 5659 3436 5735 P_e_nta--

1870 5744 2052 5796 teuchi
2118 5739 2270 5794 libris
2333 5729 2618 5805 superesse
2685 5729 3190 5805 animadvertisset,
3258 5729 3438 5784 Theo.

1868 5814 2063 5869 dorum
2095 5811 2205 5866 duo
2236 5807 2378 5865 inter
2401 5801 2464 5862 Se
2489 5805 2735 5860 diversos
2777 5804 2832 5858 in
2881 5801 3118 5858 Genesin
3151 5817 3433 5857 commcn-
