3994 6534
204 325 272 382 57
944 324 1033 379 DE
1068 324 1420 381 THEODORI
1459 325 1947 382 MOPSUESTENI
1985 327 2148 383 VITA
2182 327 2270 383 ΕΤ
2313 326 2649 384 SCRIPTIS.
3386 322 3456 376 ὅθ

205 440 649 515 ςυιιοδιοιιιιιιιιε
700 438 1030 511 praeteriisse
1077 448 1167 494 aut
1213 439 1343 509 quia
1373 453 1777 509 supervacanea

1887 440 2077 496 Genes.
2112 457 2153 501 ι.
2182 441 2269 505 17,
2326 441 2382 495 in
2444 442 2673 513 Niceph.
2705 440 2825 496 Cat.
2884 456 2937 510 p.
2969 438 3038 496 54
3069 440 3146 511 (in
3205 439 3450 510 Lippom.

203 535 527 589 viderentur
559 540 654 587 aut
682 532 738 586 in
777 530 914 585 alios
963 545 1159 586 sensus
1212 530 1464 585 distorta.
1510 528 1779 584 Praeterea

204 641 405 697 magna
458 626 517 681 in
566 623 829 679 vertendo
883 638 1016 679 usus
1063 630 1148 678 est
1191 623 1432 689 licentia,
1479 623 1585 676 alia
1640 623 1781 676 male

203 731 388 778 versa,
424 716 532 770 alia
576 722 686 768 tam
736 716 990 776 obscure,
1031 721 1091 767 ut
1144 713 1379 784 theologi
1429 711 1603 766 Graeci
1653 728 1781 766 sen-

203 808 437 861 tentiam
484 822 627 877 aegre
655 821 840 861 eruas.
888 804 1214 859 Nominatur
1248 804 1302 857 in
1350 803 1529 858 indice
1571 803 1781 858 theolo-

201 910 401 967 gorum
436 896 609 952 Graec.
651 899 814 952 etiam
865 895 1208 950 Theodorus.
1255 894 1388 960 Quae
1438 895 1555 949 sola
1606 910 1660 963 p.
1711 895 1781 950 55

201 990 311 1045 hac
355 991 636 1044 notatione
668 989 945 1059 leguntur,
992 1002 1180 1043 eorum
1222 988 1327 1040 alia
1370 986 1591 1041 Diodori
1629 996 1778 1055 sunt,

198 1079 311 1134 alia
335 1074 689 1134 Theodoreti.
719 1078 1142 1134 C1.Tbeodoret.
1172 1094 1264 1148 qu.
1284 1078 1374 1141 22,
1397 1078 1488 1141 25,
1512 1080 1566 1132 in
1593 1077 1777 1134 Cenes.

200 1170 245 1233 Ι,
279 1186 340 1240 p.
364 1169 457 1231 58,
482 1168 573 1224 59.
601 1168 737 1224 Cum
758 1177 883 1239 post
911 1169 967 1222 in
991 1169 1198 1223 Catena
1226 1169 1383 1238 plura
1414 1169 1574 1223 modo
1597 1168 1779 1231 Theo.,

198 1260 373 1315 modo
405 1258 603 1314 Theod.
637 1267 917 1326 notentur,
946 1274 1179 1329 quorum
1232 1260 1476 1329 quaedam
1510 1256 1781 1315 Theodori

199 1362 357 1417 sunt,
394 1360 580 1407 utrum
612 1353 881 1423 interpres
909 1353 1221 1422 hujusmodi
1268 1354 1548 1408 notatione
1591 1354 1783 1408 innue.

200 1446 299 1510 rit,
347 1442 750 1498 Theodoretum
785 1442 1222 1510 Theodorumve,
1257 1444 1549 1498 incertum.
1595 1442 1784 1499 Plera-

200 1552 313 1606 que
364 1545 548 1591 tamen
605 1534 934 1590 Theodoreti
981 1543 1132 1602 sunt,
1182 1535 1499 1590 Theodorea
1534 1543 1654 1606 post
1703 1534 1783 1590 af-

200 1627 404 1682 feram.
460 1625 727 1680 Praeterea
775 1632 903 1681 sunt
933 1626 990 1679 in
1033 1625 1142 1691 his,
1172 1640 1405 1696 quorum
1457 1628 1693 1697 scriptor
1725 1627 1782 1682 in

1879 530 1999 585 Cat.
2034 547 2089 600 p.
2121 530 2191 585 62
2237 532 2379 586 male
2412 530 2756 587 Theodoreto
2785 531 3100 602 tribuitur);
3145 547 3182 597 ι,
3214 530 3305 595 26,
3342 545 3455 603 quo

1881 619 2103 675 uberius
2148 620 2486 689 explicatur,
2552 621 2646 691 qui
2700 622 2863 675 homo
2919 623 3039 673 κατ’
3085 621 3272 674 εἰκόνα.
3314 617 3449 671 Θεοῦ

1881 718 2095 765 creatus
2120 712 2212 774 sit,
2250 710 2305 764 in
2334 711 2662 766 Theodoret.
2710 711 2913 777 Quaest.
2943 712 2997 763 in
3047 709 3173 765 Gen.
3208 709 3251 778 1,
3284 726 3336 780 p.
3379 708 3451 762 29

1881 816 1965 869 sq.
1998 800 2075 869 (in
2108 800 2342 871 Zephyr.
2379 802 2523 857 Cat..
2551 818 2607 873 p.
2653 802 2744 866 50,
2781 819 2847 857 ex
2880 812 3051 872 parte,
3080 817 3361 873 perperam
3394 803 3448 854 in

1880 893 2153 963 Lippom.,
2194 910 2245 962 p.
2287 894 2376 959 87,
2412 904 2464 949 et
2504 894 2731 965 Niceph.
2777 894 2922 960 Cat.,
2972 911 3026 965 p.
3077 896 3166 959 47,
3202 893 3454 949 Theode-

1879 990 1999 1037 reto
2035 983 2349 1037 ascribitur.
2390 981 2473 1035 Cf.
2505 981 2665 1037 Joan.
2696 983 2906 1053 Philop.
2942 984 2979 1039 1.
3011 999 3085 1045 c.,
3114 984 3168 1047 6,
3203 982 3258 1047 9,
3289 983 3355 1038 14
3378 1011 3453 1021 -

1883 1068 1971 1134 17,
2008 1069 2102 1122 ubi
2147 1084 2213 1122 ex
2260 1077 2414 1139 parte
2461 1086 2639 1140 neque
2686 1070 2752 1123 ad
2806 1072 3030 1126 verbum
3078 1072 3297 1138 citatur,
3353 1072 3453 1128 sed

1881 1158 2028 1213 aliud
2056 1159 2219 1213 etiam
2251 1160 2529 1229 additur);
2561 1178 2621 1225 ιι,
2651 1162 2708 1227 2,
2747 1164 2803 1228 5,
2851 1163 2906 1217 in
2939 1162 3265 1219 Theodoret.
3302 1164 3339 1217 l.
3372 1179 3449 1229 c.,

1882 1266 1938 1321 p.
1976 1251 2041 1304 57
2078 1267 2160 1321 sq.
2193 1250 2440 1323 (Niceph.
2474 1253 2595 1308 Cat.
2623 1269 2676 1323 p.
2709 1254 2778 1307 57
2802 1269 2911 1323 sq.,
2945 1269 3066 1323 quae
3105 1254 3253 1308 aliud
3285 1254 3453 1309 etiam

1881 1342 2266 1398 brevissimum
2304 1344 2497 1415 fragm.
2546 1346 2809 1412 continet,
2853 1345 3022 1416 Zeph.
3072 1345 3192 1400 Cat.
3237 1362 3291 1415 p.
3340 1346 3451 1411 54,

1881 1450 1948 1490 ex
2002 1436 2220 1507 parte);
2267 1452 2328 1501 ιι,
2364 1437 2420 1502 7,
2470 1437 2525 1491 in
2577 1436 2802 1507 Niceph.
2859 1438 2977 1493 Cat.
3037 1455 3092 1508 p.
3150 1438 3255 1506 65;
3304 1439 3454 1494 aliud

1880 1527 2257 1583 brevissimum
2315 1530 2373 1583 in
2418 1528 2667 1600 Lippom.
2714 1529 2833 1585 Cat.
2879 1547 2930 1600 p.
2980 1531 3116 1596 118;
3163 1546 3222 1596 ιι,
3258 1531 3348 1601 8);
3397 1531 3455 1585 in

1881 1617 2110 1689 Niceph.
2140 1616 2260 1673 Cat.
2290 1635 2345 1689 p.
2368 1620 2437 1675 66
2466 1621 2544 1691 (in
2571 1620 2817 1691 Lippom.
2843 1623 2963 1677 Cat.
2992 1638 3048 1692 p.
3082 1623 3239 1691 124);
3274 1638 3334 1689 ιι,
3363 1622 3451 1686 19,

204 1727 369 1772 tanta
420 1727 628 1771 catena:
674 1715 998 1771 confusione
1065 1725 1119 1771 et
1168 1717 1491 1789 negligentia
1540 1719 1781 1775 incertus
1884 1708 1939 1763 in
1972 1710 2202 1782 Niceph-
2236 1710 2358 1765 Cat.
2391 1726 2447 1781 ι).
2475 1712 2547 1766 75
2570 1713 2785 1782 (paucis
2820 1712 3055 1783 demptis
3092 1720 3146 1767 et
3175 1713 3372 1767 additis
3397 1714 3453 1766 in

199 1818 309 1871 est,
346 1824 476 1863 cum
507 1808 806 1881 praesertim
836 1810 1104 1879 permulta
1136 1825 1325 1865 eorum
1366 1810 1685 1867 brevissima
1729 1819 1784 1866 et

1887 1800 2134 1873 Lippom.
2166 1802 2289 1857 Cat.
2324 1819 2379 1874 p.
2412 1803 2720 1873 150—152);
2765 1821 2825 1868 ιι,
2852 1804 2943 1869 2|,
2976 1806 3032 1859 in
3056 1804 3305 1875 Lippom.
3331 1803 3450 1858 Cat.

199 1902 413 1956 nullius
446 1898 559 1955 fere
588 1900 850 1955 momenti
897 1900 1028 1955 sint.
1072 1898 1179 1956 Sed
1217 1899 1504 1957 Theodoro
1532 1902 1783 1957 vindica-

203 1993 380 2047 verim
411 2007 469 2062 p.
508 1993 570 2047 51
605 1991 648 2046 Β
679 1992 769 2059 (de
796 1989 930 2046 Gen.
969 2009 1045 2057 iv,
1085 1992 1174 2060 14,
1208 1993 1321 2063 15),
1353 1993 1457 2049 107
1486 1992 1528 2047 Β
1560 1992 1784 2066 (49,27)

205 2082 455 2152 (Tinam);
489 2080 559 2137 de
581 2080 806 2152 reliquis
842 2083 970 2137 nolo
992 2083 1412 2152 disputationem
1439 2098 1630 2154 parum
1666 2083 1782 2139 fru-

208 2184 453 2228 ctuosam
514 2173 727 2243 ingredi
777 2174 876 2245 (α).
928 2173 1135 2244 Aloyst’i
1184 2171 1521 2244 Lippomani,
1578 2175 1780 2232 Meton.

207 2266 390 2331 cpiam,
423 2258 624 2319 Catena
654 2264 710 2317 in
742 2265 980 2318 Genesim
1008 2280 1074 2318 ea:
1109 2266 1416 2320 auctoribus
1446 2268 1627 2322 εει-[εδ.
1664 2264 1783 2336 plus

217 2357 381 2409 minus
416 2354 534 2419 LX,
588 2355 756 2425 iisque
805 2358 1002 2423 partim
1041 2353 1275 2421 Graecis,
1327 2359 1523 2426 partim
1574 2357 1783 2412 Latinis

223 2462 461 2500 connexa.
506 2444 679 2516 Lugd.
719 2446 877 2513 1657,
931 2445 1067 2513 fol.;
1126 2448 1397 2518 pracipue
1442 2450 1638 2519 pannis
1696 2450 1784 2503 in-

225 2544 505 2606 terpretum
546 2535 899 2601 Latinorum,
949 2553 1252 2608 eorumque
1300 2540 1462 2594 medii
1495 2541 1615 2605 aevi,
1655 2556 1786 2596 con-

219 2630 361 2679 texta
409 2634 503 2680 est.
543 2625 676 2692 Qua:
702 2624 972 2682 Theodori
1008 2629 1253 2683 continet
1306 2644 1415 2683 non
1450 2630 1672 2701 ubique,
1727 2639 1785 2685 ut

211 2716 393 2779 velles,
421 2718 686 2774 translata
715 2726 863 2774 sunt.
900 2718 1228 2776 Theodoreti
1262 2729 1441 2776 autem
1466 2729 1616 2787 sunt,
1662 2738 1785 2793 qua:

207 2824 261 2880 p.
288 2810 394 2865 595
426 2808 717 2866 Theodoro
740 2812 1079 2867 tribuuntur.
1107 2811 1192 2867 Cl'.
1219 2811 1547 2873 Theodoret.
1569 2830 1665 2885 qu.
1693 2816 1782 2881 61,

208 2899 251 2968 1,
282 2916 338 2972 p.
370 2902 464 2967 75,
497 2902 585 2957 74.
618 2905 872 2959 Omnium
897 2905 1099 2975 optima
1120 2912 1174 2959 et
1208 2905 1483 2959 uberrima
1504 2913 1588 2960 est
1610 2909 1787 2974 Σειρα

205 3007 344 3057 εγος
381 3011 484 3047 και
522 3008 899 3064 «mnum
948 3009 1490 3065 υπομνηματιστων
1538 3014 1625 3062 εις
1674 3015 1789 3066 την

205 3089 589 3156 (lactare-vxor
632 3103 732 3140 και
758 3103 834 3140 τα
859 3104 979 3141 των
1020 3090 1356 3142 Βασιλειων
1393 3087 1509 3157 ηδη
1553 3105 1788 3157 πρωτον

1882 1910 1937 1964 p.
1974 1894 2112 1960 155;
2147 1909 2229 1959 ιιι,
2272 1894 2326 1961 6,
2360 1895 2415 1949 in
2449 1895 2678 1966 Niceph.
2726 1896 2846 1951 Cat.
2900 1912 2955 1967 p.
3002 1897 3107 1964 85;
3165 1913 3247 1961 ιιι,
3296 1898 3350 1962 7,
3395 1899 3453 1952 in

1880 1984 2109 2055 Niceph.
2166 1986 2284 2039 Cat.
2336 2002 2392 2057 p.
2427 1986 2497 2042 86
2561 1986 2752 2058 (Zeph.
2788 1987 2908 2042 Cat.
2954 2004 3008 2058 p.
3055 1990 3156 2056 45;
3203 1989 3449 2060 Lippom.

1882 2075 2028 2143 Cat.,
2060 2092 2113 2149 p.
2149 2078 2270 2142 176,
2307 2094 2372 2133 ex
2402 2081 2614 2149 parte);
2658 2093 2739 2146 ιιι,
2772 2080 2828 2145 8,
2860 2080 2915 2135 in
2946 2079 3273 2136 Theodoret.
3307 2083 3343 2135 l.
3375 2098 3453 2147 c.,

1882 2184 1940 2240 ι).
1968 2170 2039 2223 45
2069 2167 2316 2240 (Niceph.
2350 2169 2468 2225 Cat.
2504 2186 2560 2241 p.
2602 2170 2708 2239 88;
2749 2170 2915 2242 Zeph.
2967 2172 3113 2239 Cat.,
3156 2189 3210 2243 p.
3260 2174 3348 2239 50,
3387 2191 3456 2229 ex

1883 2269 2039 2332 parte
2068 2260 2162 2332 [οἷ.
2198 2259 2359 2316 Joan.
2392 2260 2535 2317 Phil.
2564 2263 2605 2317 l.
2629 2278 2704 2327 c.,
2736 2264 2788 2330 1,
2821 2264 2910 2331 12,
2943 2280 2995 2333 p.
3027 2265 3214 2337 485));
3250 2282 3331 2325 ιιι,
3366 2266 3455 2330 10,

1882 2353 1937 2407 in
1980 2352 2229 2424 Lippom.
2264 2354 2410 2419 Cat.,
2438 2371 2494 2424 p.
2524 2354 2669 2419 185;
2718 2372 2802 2423 ιιι,
2844 2358 2933 2420 17,
2961 2356 3018 2410 in
3048 2355 3276 2427 Niceph.
3310 2358 3455 2419 Cat.,

1882 2459 1938 2514 p.
1964 2444 2060 2511 98;
2106 2459 2188 2507 ιιι,
2232 2444 2324 2509 21,
2360 2446 2415 2500 in
2459 2444 2783 2505 Theodoret.
2822 2447 2859 2500 l.
2895 2462 2971 2514 c.,
3020 2463 3073 2516 p.
3106 2448 3175 2502 55
3208 2447 3454 2518 (Niceph.

1883 2536 2025 2601 Cat.,
2052 2552 2107 2607 p.
2144 2536 2280 2605 101;
2313 2536 2480 2607 Zeph.
2514 2537 2659 2601 Cat.,
2698 2555 2751 2608 p.
2794 2538 2894 2605 50;
2939 2538 3357 2609 Lippom.Cat.,
3401 2557 3456 2609 p.

1882 2628 1987 2683 210
2018 2626 2112 2699 [cf.
2140 2626 2299 2684 Joan.
2326 2627 2468 2683 Phil.
2506 2628 2546 2683 l.
2575 2626 2714 2699 c.]);
2746 2644 2831 2696 ιιι,
2859 2629 2950 2697 22,
2975 2632 3028 2684 in
3061 2629 3309 2699 Lippom.
3332 2631 3453 2686 Cat.

1883 2736 1939 2789 p.
1967 2719 2107 2786 212;
2143 2735 2224 2784 ιιι,
2269 2720 2361 2781 24,
2392 2721 2447 2775 in
2487 2718 2815 2776 Theodoret.
2851 2721 2887 2776 Ι.
2918 2723 2980 2787 1.,
3020 2738 3073 2792 p.
3104 2722 3173 2777 55
3205 2722 3454 2791 (Niceph.

1883 2809 2006 2865 Cat.
2042 2825 2097 2881 p.
2135 2809 2271 2875 105;
2307 2808 2476 2879 Zeph.
2512 2809 2658 2874 Cat.,
2693 2825 2747 2880 p.
2778 2810 2880 2877 51;
2930 2826 2996 2865 ex
3045 2821 3199 2881 parte
3248 2813 3303 2865 in
3332 2812 3456 2865 Aet.

1884 2915 2042 2956 conc.
2096 2898 2285 2956 Const.
2316 2916 2376 2960 ιι,
2433 2916 2507 2963 ιν,
2553 2899 2655 2968 62;
2698 2900 2944 2971 Lippom.
2994 2902 3138 2968 Cat.,
3190 2918 3246 2970 p.
3293 2902 3459 2972 214):

1885 3007 1987 3055 vn,
2039 2991 2128 3058 19,
2179 2992 2233 3046 in
2284 2989 2441 3045 Joan.
2487 2991 2632 3045 Phil.
2678 2992 2717 3046 l.
2761 3007 2840 3057 c.,
2894 2993 3072 3057 1,15,
3121 2993 3210 3055 18,
3276 2993 3347 3058 8;
3402 2996 3461 3048 in

1885 3083 2114 3154 Niceph.
2147 3083 2294 3149 Cat.,
2328 3098 2382 3153 p.
2416 3082 2556 3150 254;
2589 3099 2702 3148 xix,
2730 3082 2820 3148 51,
2850 3083 2939 3143 52.
2966 3084 3040 3139 ib.
3077 3100 3131 3153 p.
3167 3084 3310 3151 255;
3366 3101 3462 3148 xx,

203 3192 418 3243 τυκοις
444 3177 763 3233 εκδοθεισα
794 3178 1037 3243 αξιωσει
1061 3196 1178 3247 μεν
1201 3196 1306 3232 του
1342 3181 1783 3233 ευσεϐεστατου

1887 3177 1942 3242 5,
1974 3176 2048 3231 ib.
2088 3191 2140 3243 p.
2168 3174 2310 3242 260;
2345 3190 2515 3241 xxvn,
2544 3175 2601 3239 5,
2638 3175 2714 3229 ib.
2743 3190 2796 3245 p.
2834 3175 2973 3241 529;
3009 3175 3177 3246 Zeph.
3212 3176 3358 3242 Cat.,
3402 3193 3460 3248 p.

204 3287 303 3323 και
328 3274 746 3341 ταληνοτατου
768 3288 1061 3341 ηγεμονος
1080 3286 1286 3340 natm;-
1305 3272 1785 3342 Ουγκροϐλαξιας

205 3378 419 3429 κυριου
493 3350 743 3465 empta.
778 3362 1130 3432 Γρηγοριουο
1156 3362 1537 3432 Αλεξανδρου
1595 3366 1786 3417 Γκικα

203 3457 483 3521 empsim
514 3451 581 3506 δε
608 3451 949 3522 Νἱᾶῐὴςρορυ
988 3454 1395 3523 Ἰερομοναχου
1437 3472 1545 3509 του
1578 3458 1784 3511 Θεοτο-

204 3560 339 3597 κου.
398 3547 533 3613 Τομ.
583 3556 814 3611 πρωτος
864 3561 980 3627 τῃν
1019 3548 1434 3627 Πεντατευχον
1474 3560 1783 3619 περιεχων.

202 3638 296 3689 Er
322 3639 541 3704 Λειψιᾳ
564 3635 672 3703 τῇς
700 3620 1013 3715 Σαᾷρνὶῖξς.
1042 3620 1236 3715 mn
1266 3652 1642 3709 τυπογραεριᾳ
1678 3657 1785 3695 του

200 3729 570 3795 Βρεϊτκοπξρ.
594 3730 730 3780 Ετει
754 3713 982 3796 ,αψοόθθ
994 3726 1124 3797 Tota.
1134 3713 1424 3797 ⁷δευτεερος
1438 3747 1545 3783 τον
1560 3731 1788 3798 Ιησουν

197 3836 317 3874 του
345 3820 534 3886 Ναυη,
564 3837 706 3884 τους
730 3823 967 3889 Κριτας,
996 3837 1111 3888 την
1151 3820 1324 3875 Ῥουθ
1374 3822 1472 3875 καὶ
1504 3839 1612 3887 τας
1650 3837 1789 3876 τεσ-

200 3923 406 3976 σαρας
429 3910 752 3975 ,ϐασιλεως
780 3926 1091 3980 περιεχων.
1120 3941 1191 3951 -
1231 3915 1337 3967 Ετ.
1365 3915 1563 3982 μψστ,
1594 3914 1649 3968 in
1678 3929 1787 3985 qua

203 4000 322 4056 fere
350 4003 538 4055 omnia
569 4001 843 4059 Theodori
872 4004 926 4057 in
955 4002 1194 4058 Genesin
1236 4003 1542 4076 fragmenta
1573 4006 1699 4061 aliis
1730 4007 1788 4061 in

203 4092 362 4167 lﬁis
395 4102 611 4148 servata
642 4103 696 4149 et
734 4110 863 4149 vero
909 4093 1075 4149 etiam
1122 4109 1265 4150 nova
1297 4095 1547 4166 quaedam
1594 4097 1789 4167 legun-

269 4201 297 4238 r
329 4184 430 4255 (b).
465 4185 572 4240 Sed
601 4186 744 4255 quod
775 4202 829 4255 p.
869 4186 973 4240 518
1002 4186 1274 4242 Theodori
1304 4187 1530 4243 affertur
1559 4188 1626 4243 de
1650 4187 1787 4244 Gen.

100 4276 129 4312 ο
164 4275 433 4341 ἷιινι,2,
452 4275 782 4332 Theodoreti
815 4286 932 4344 est;
959 4278 1029 4334 cf.
1067 4294 1160 4349 qu.
1197 4279 1285 4345 77,
1309 4278 1352 4345 Ι,
1387 4296 1443 4350 p.
1474 4280 1586 4348 89;
1615 4279 1789 4351 quod-

204 4382 315 4434 que
349 4382 410 4437 ι).
439 4366 545 4421 125
574 4368 626 4422 ei
663 4368 922 4423 tribuitur
962 4367 1235 4440 (Lippom.
1282 4369 1426 4436 Cat.,
1474 4386 1528 4442 p.
1563 4369 1689 4435 256,
1717 4386 1787 4425 ex

1886 3267 1956 3322 85
1977 3283 1992 3334 ;
2013 3281 2208 3330 xxvul,
2232 3267 2320 3331 18,
2352 3266 2440 3332 19,
2466 3266 2520 3319 in
2549 3264 2776 3337 Niceph.
2807 3265 2954 3333 Cat.,
2984 3282 3037 3337 p.
3067 3268 3165 3321 551
3198 3267 3461 3339 [Sieliert.

1886 3360 1924 3415 l.
1951 3360 2014 3425 1.,
2049 3375 2103 3429 p,
2135 3358 2249 3431 45],
2278 3360 2373 3414 sed
2404 3360 2459 3414 in
2488 3358 2720 3431 Zephyr.
2746 3375 2801 3430 p.
2827 3361 2919 3424 86,
2946 3370 2998 3416 et
3038 3360 3283 3433 Lippom.
3313 3364 3462 3429 Cat.,

1885 3469 1943 3524 p.
1994 3452 2119 3519 654,
2166 3452 2405 3508 Diodoro
2450 3454 2747 3521 tribuitur;
2807 3471 2936 3522 xxx,
2986 3456 3075 3519 59,
3123 3458 3178 3511 in
3228 3457 3460 3529 Niceph.

1885 3543 2028 3609 Cat.,
2074 3560 2129 3614 p.
2162 3544 2286 3609 576,
2342 3546 2435 3601 sed
2495 3544 2715 3601 Diodori
2758 3555 2842 3602 est
2872 3549 2927 3603 in
2967 3548 3162 3620 Zeph.,
3199 3567 3253 3621 p.
3281 3551 3370 3617 88,
3406 3562 3463 3607 et

1885 3634 2133 3705 Lippom.
2172 3636 2293 3692 Cat.
2339 3653 2394 3707 p.
2428 3637 2563 3705 665;
2598 3655 2773 3704 xxxn,
2801 3640 2854 3708 1,
2889 3642 2943 3695 in
2984 3642 3207 3714 Niceph.
3250 3644 3374 3698 Cat.
3406 3662 3463 3716 p.

1887 3725 1987 3781 591
2015 3726 2270 3799 (Zephyr.
2304 3728 2450 3794 Cat.,
2498 3745 2552 3800 p.
2602 3730 2692 3795 90,
2740 3731 3026 3804 Diodor.);
3080 3751 3252 3802 xxxii,
3283 3736 3375 3801 24,
3410 3738 3464 3791 in

1887 3817 2111 3891 Niceph.
2142 3820 2287 3886 Cat.,
2332 3836 2386 3891 p.
2422 3822 2565 3889 596;
2622 3840 2797 3892 xxxn,
2839 3826 2930 3893 25,
2979 3827 3068 3890 26,
3103 3828 3180 3883 ib.
3214 3844 3270 3898 p.
3320 3830 3466 3898 597;

1885 3927 2069 3977 xxxii,
2103 3913 2195 3977 28,
2230 3912 2304 3967 ib.
2357 3928 2413 3983 p.
2449 3914 2592 3981 599;
2629 3932 2820 3981 xxxix,
2852 3922 2907 3982 1,
2962 3918 3016 3973 in
3056 3918 3305 3991 Lippom.
3344 3921 3464 3976 Cat.

1888 4017 1944 4073 p.
1971 4003 2075 4057 775
2103 4002 2362 4074 (fortasse
2376 4003 2703 4062 Theodoreti
2730 4017 2848 4075 est;
2873 4009 2947 4064 cf.
2973 4011 3093 4080 ejus
3112 4021 3308 4080 quaest.
3338 4014 3466 4081 98);

1886 4108 2038 4157 κων,
2079 4092 2132 4159 5,
2165 4094 2218 4147 in
2248 4093 2473 4164 Niceph.
2510 4094 2655 4159 Cat.,
2691 4112 2745 4164 p.
2780 4099 2885 4154 478
2930 4100 3006 4171 (ν.
3046 4103 3115 4157 de
3154 4118 3220 4156 eo
3252 4102 3465 4160 Ernesti

1890 4186 2139 4257 Theolog.
2160 4185 2439 4252 Biblioth.,
2475 4185 2538 4254 ll,
2571 4204 2623 4259 p.
2655 4189 2815 4261 595);
2847 4193 3106 4255 xLIv,15,
3136 4194 3189 4248 in
3216 4196 3464 4265 Lippom.

1887 4277 2030 4343 Cat.,
2075 4294 2130 4349 p.
2177 4278 2316 4345 854;
2372 4294 2519 4347 xux,
2553 4279 2609 4343 4,
2662 4281 2716 4335 in
2764 4283 2990 4353 Niceph.
3041 4285 3187 4352 Cat.,
3232 4303 3287 4357 p.
3327 4288 3468 4354 510;

1888 4384 2038 4433 χιιι,
2068 4369 2156 4434 11,
2192 4368 2280 4433 12,
2310 4368 2383 4423 ib.
2421 4384 2474 4438 p.
2513 4369 2638 4435 524,
2669 4371 2774 4426 526
2803 4371 3065 4445 [Siell'ert.
3102 4376 3140 4430 Ι.
3176 4377 3237 4443 1.,
3275 4393 3329 4448 p.
3375 4377 3467 4442 85,

206 4456 429 4527 parte?)
470 4459 541 4514 de
580 4474 636 4524 ν,
680 4459 770 4526 29,
820 4460 1024 4532 Cyrillo
1058 4461 1214 4516 Alex.
1248 4461 1342 4533 (cf.
1377 4462 1497 4532 ejus
1529 4461 1669 4533 Opp.
1696 4463 1782 4518 ed.
1817 4499 1862 4554 Β
1890 4458 2017 4554 84],
2046 4458 2390 4554 Zeph.—Cat.,
2422 4474 2477 4529 p.
2506 4460 2631 4554 106.

204 4550 440 4605 Aubert.
493 4550 537 4613 1,
583 4565 639 4620 p.
696 4550 789 4621 27)
866 4552 1281 4608 vindicandum.
1323 4555 1589 4610 Caeterum
1631 4555 1684 4607 in
1717 4554 1787 4609 iis

206 4656 331 4710 qua:
370 4641 597 4697 nomine
630 4643 881 4715 ’Δδήλου,
912 4651 1195 4708 notantur,
1231 4643 1489 4699 videntur
1521 4644 1786 4700 nonnulla

207 4731 491 4788 Theodori
526 4734 716 4790 latere.

283 4818 394 4875 Sex
444 4820 640 4892 fragm.
682 4823 739 4877 in
770 4822 892 4877 Act.
943 4838 1102 4879 conc.
1149 4820 1339 4880 Const.
1372 4840 1433 4889 ιι,
1470 4825 1508 4880 l.
1540 4826 1602 4890 l.,
1637 4825 1792 4881 exhi.

210 4908 346 4973 bita,
387 4924 621 4979 quorum
647 4912 747 4966 tria
774 4914 937 4987 etiam
959 4913 1014 4968 in
1038 4912 1220 4985 Vigilii
1248 4916 1469 4971 constit.
1510 4916 1684 4971 58-60
1714 4918 1790 4972 le-

213 5010 441 5070 guntur,
475 5005 658 5057 omnia
701 5003 770 5058 ad
817 5004 1003 5075 priora
1032 5005 1235 5062 Genes.
1263 5008 1442 5077 capita
1493 5010 1787 5077 pertinent,

210 5107 275 5148 ea
301 5108 438 5148 vero
468 5110 591 5164 qua
619 5092 781 5150 Joan.
827 5095 1041 5167 Philop.
1077 5096 1115 5153 l.
1167 5112 1219 5152 c.
1271 5113 1312 5164 ι,
1343 5098 1397 5164 8,
1429 5098 1497 5153 16
1527 5129 1598 5138 --
1630 5117 1793 5165 xvnl,

210 5182 310 5250 22;
350 5200 418 5248 ιι,
448 5184 539 5247 15,
581 5184 767 5250 18-20,
802 5187 1098 5257 excerpsit,
1153 5189 1222 5242 ad
1264 5188 1472 5258 primos
1520 5186 1795 5247 Geneseos

211 5292 432 5332 versus.
488 5274 717 5347 Reliqua
777 5277 998 5349 fragm.,
1026 5295 1260 5351 quorum
1315 5282 1576 5335 nonnulla
1614 5281 1795 5337 Theo-

212 5367 350 5424 doro
390 5367 632 5424 fortasse
658 5384 944 5440 perperam
989 5372 1328 5434 tribuuntur,
1356 5372 1470 5426 haec
1508 5380 1635 5428 sunt
1675 5389 1691 5428 :
1726 5374 1794 5429 de

286 5544 361 5615 (a)
401 5544 533 5611 Qure
576 5544 757 5615 p.767
793 5544 835 5597 B
864 5543 931 5599 de
977 5543 1114 5599 Gen.
1158 5561 1199 5612 ι,
1238 5545 1327 5607 26,
1366 5546 1456 5610 52,
1492 5545 1698 5602 Theod.
1728 5548 1804 5602 le-

213 5614 415 5683 guntur
460 5624 516 5669 et
556 5614 611 5669 in
646 5614 995 5685 Lippomani_
1017 5616 1137 5671 Cat.
1190 5632 1243 5685 p.
1296 5616 1400 5670 564
1452 5615 1798 5672 Theodorelo

216 5688 599 5748 ascribuntnr,
658 5683 912 5740 videntur
955 5683 1283 5741 Theodoreti
1328 5702 1471 5742 esse.
1516 5690 1575 5741 In
1635 5688 1793 5743 eclitt.

217 5752 544 5809 Theodoreti
579 5757 802 5809 desunt.

262 5825 362 5911 '(b)
401 5825 535 5882 Cod.
570 5823 667 5881 XV
722 5826 855 5882 bibl.
894 5845 1027 5887 mss.
1072 5824 1241 5885 Marc.
1298 5826 1486 5884 Venet.
1539 5826 1797 5884 Octateu.

1962 4546 2156 4602 Utrum
2190 4546 2510 4603 Theodorus
2542 4548 2783 4619 reliquos
2819 4552 2984 4607 etiam
3013 4551 3368 4610 Pentateuchi
3403 4557 3469 4610 li-

1887 4639 2017 4693 bros
2067 4646 2121 4693 et
2171 4639 2343 4694 libros
2394 4637 2595 4707 Josuae,
2646 4639 2935 4709 Judicum,
2972 4643 3115 4699 Ruth
3157 4662 3220 4701 ac
3258 4645 3466 4717 Regum

1887 4732 2298 4787 commentariis
2359 4732 2718 4789 illustraverit
2772 4752 2945 4792 necne
3011 4737 3231 4794 dillicile
3292 4740 3465 4793 dictu.

1888 4823 2153 4880 Ebediesu
2190 4826 2225 4879 Ι.
2276 4839 2351 4890 c.,
2401 4840 2456 4894 p.
2508 4825 2602 4891 51,
2656 4828 2831 4883 solius
2861 4828 3134 4885 Samuelis
3175 4846 3285 4883 uno
3323 4842 3473 4885 torno

1887 4916 1957 4968 ad
1990 4914 2386 4972 Mamarianum
2410 4922 2665 4991 explicati
2701 4920 2982 4987 meminit;
3023 4920 3118 4976 sed
3161 4922 3466 4993 fragmenta

1888 5005 2160 5062 Theodori
2212 5002 2539 5067 in'Catenis
2584 5012 2731 5067 ined.
2777 5028 2900 5068 esse
2942 5012 3218 5079 dicuntur,
3263 5014 3316 5066 in
3344 5013 3470 5067 cod.

1889 5094 1933 5150 ν
1964 5105 2020 5152 et
2050 5095 2119 5150 Vl
2158 5099 2293 5155 bibl.
2332 5101 2499 5157 Coisl.
2532 5121 2551 5153 ι
2581 5101 2699 5156 Cat.
2734 5104 2788 5157 in
2837 5103 3033 5167 Levit.,
3062 5102 3248 5167 Num.,
3286 5102 3469 5164 Deut.,

1891 5188 2035 5253 Jos.,
2066 5176 2192 5245 J‘ud.
2228 5202 2281 5247 et
2310 5192 2479 5248 Ruth.
2507 5212 2526 5245 ι
2559 5192 2625 5247 v.
2660 5194 2829 5247 Mont.
2854 5194 2919 5248 Β.
2953 5195 3148 5261 σοίειη
3179 5212 3230 5265 p.
3254 5194 3472 5261 41,42;

1895 5283 1952 5337 in
1973 5283 2095 5337 cod.
2126 5282 2237 5349 Vll,
2263 5304 2281 5334 ‹
2307 5285 2425 5339 Cat.
2458 5286 2511 5339 in
2537 5284 2676 5351 105.,
2701 5284 2852 5353 Jud.,
2881 5286 3043 5341 Ruth.
3074 5296 3129 5340 et
3158 5286 3222 5341 IV
3252 5286 3417 5357 Regg.
3447 5304 3468 5339 ι

1901 5371 1967 5430 ν.
2018 5373 2204 5429 Montf.
2247 5375 2284 5430 l.
2334 5376 2394 5444 1.,
2429 5379 2615 5447 p.45;
2663 5379 2717 5432 in
2755 5379 2880 5434 cod.
2922 5378 3016 5433 XV
3054 5378 3191 5433 Bibl.
3223 5394 3476 5435 manusc.

1905 5548 2041 5626 chus
2069 5566 2193 5605 cum
2225 5560 2439 5626 catena.
2464 5552 2537 5609 De
2562 5554 2664 5611 hac
2686 5556 2887 5611 Catena
2914 5557 3119 5611 Morell.
3140 5557 3174 5610 l.
3201 5558 3259 5618 1.,
3286 5573 3339 5626 p.
3366 5557 3435 5611 50
3457 5576 3475 5613 :

1910 5637 1929 5669 ε
1967 5621 2170 5674 Catena
2217 5622 2329 5677 fere
2381 5633 2493 5677 tota
2550 5636 2729 5680 exstat
2762 5629 2814 5679 in
2862 5629 2950 5680 illa
2986 5628 3238 5681 uberiore
3284 5621 3478 5683 codice

1902 5687 2166 5765 Diuile
2216 5692 2494 5765 Marciano
2533 5698 2962 5765 comprehensa,
3019 5713 3230 5751 necnon
3282 5698 3337 5751 in
3387 5713 3474 5750 co-

1901 5760 2215 5837 piosissima
2250 5764 2359 5837 illa,
2386 5779 2550 5833 quam
2587 5760 2926 5837 Nicephorus
2954 5767 3212 5824 Theotoci
3252 5782 3304 5821 a.
3343 5766 3483 5822 1772

1899 5827 2096 5901 Lipsiae
2124 5833 2379 5903 vulgavit.
2405 5827 2437 5886 ἰ
