3934 6510
224 374 285 427 ιι
997 366 1084 421 DE
1122 366 1473 423 TIIEODOBI
1520 367 2001 422 MOPSUESTENI
2033 370 2188 425 Vl'l'A
2232 370 2316 425 ΕΤ
2357 373 2696 428 SCRIPTIS.
3416 379 3489 437 η

224 488 458 545 inseruit
508 486 629 560 [a]).
680 487 863 556 priore
893 486 986 540 illo
1024 489 1147 541 cod.
1188 487 1311 541 Vat.
1349 507 1480 545 usus
1510 501 1615 554 est,
1660 491 1794 544 nulla

1913 492 2191 555 ἁξιοῦσινς
2231 493 2361 547 Abd.
2391 511 2424 557 l,
2466 494 2514 555 I,
2544 496 2604 548 οὐ
2633 494 2842 559 καλῶς
2882 493 3042 547 Miclt.
3083 511 3135 555 γ,
3169 496 3359 561 IO-H,
3395 518 3494 570 μι-

224 580 544 636 reccntioris
593 579 806 634 ratione
852 578 1060 633 habita.
1103 579 1340 635 Omnino
1392 590 1593 647 textus,
1643 597 1803 652 quem

220 672 493 731 exhibuit,
520 685 692 740 purus
733 670 1018 735 dicendus,
1043 687 1355 744 quanquam
1391 675 1661 729 interdum
1694 676 1807 730 edi-

220 765 352 817 toris
393 762 682 833 ἀκρίϐειαν
727 762 1029 819 desideras.
1059 792 1132 802 -—
1160 763 1309 820 Duos
1352 766 1514 820 codd.
1565 768 1807 821 continet

222 857 348 909 bibl.
384 854 641 908 Caesarea
693 853 1004 909 Vindobon.
1053 855 1292 929 Uterque
1333 858 1658 912 chartaceus
1702 874 1807 913 nec

220 947 478 1015 antiquus
511 946 674 1014 (alter
699 946 822 1000 cod.
855 945 1019 999 XVIII
1050 947 1294 1002 Kollario
1331 948 1408 1021 [v.
1436 948 1558 1015 eius
1585 950 1652 1003 ad
1684 948 1802 1003 Pet.

217 1036 495 1092 Lambecii
544 1036 845 1093 Comment.
898 1038 963 1092 de
1003 1038 1129 1092 bibl.
1181 1040 1322 1097 Cres.
1384 1040 1561 1105 Vind.,
1597 1043 1632 1097 I.
1668 1041 1803 1105 Vlll,

217 1127 503 1198 Supplem.
538 1129 574 1182 l.
604 1145 642 1183 t.
680 1128 916 1184 Vindob.
948 1129 1105 1195 I790,
1136 1147 1191 1200 p.
1228 1129 1579 1203 I64])sa:culo
1604 1133 1801 1201 quinto

216 1222 428 1275 decimo
461 1223 710 1292 scriptus
738 1223 978 1291 dicitur;
1010 1225 1146 1279 alter
1174 1241 1224 1279 c.
1256 1224 1344 1278 LV
1371 1224 1620 1295 (CLXIII)
1668 1225 1803 1280 Dan.

215 1314 278 1367 de
325 1312 523 1370 Nessel
572 1313 783 1385 [CataL
821 1316 977 1370 codd.
1015 1333 1142 1370 mss.
1184 1314 1276 1370 Cr.
1326 1317 1376 1371 b.
1441 1316 1596 1370 Vind.
1642 1316 1803 1371 Vind.

219 1402 367 1469 l690,
408 1419 465 1474 p.
516 1405 668 1477 I35],
719 1415 772 1460 et
804 1405 1099 1461 Lambecio
1125 1406 1326 1479 [CataL
1359 1407 1511 1461 codd.
1555 1408 1801 1471 Vindob.,

217 1494 298 1558 IV,
327 1512 379 1566 p.
426 1494 562 1559 160,
594 1496 683 1551 ed.
714 1496 922 1550 Kollar.
955 1495 1045 1565 IV,
1089 1513 1141 1567 p.
1170 1495 1342 1568 -560],
1390 1512 1421 1550 a
1444 1498 1644 1567 quibus
1682 1500 1718 1553 l.
1765 1500 1797 1552 I.

1908 584 2039 647 τιείς
2061 624 2075 646 ,
2134 584 2297 655 ἑξῆς;
2350 602 2430 648 vr,
2465 587 2499 639 5
2520 628 2533 648 ,
2567 586 2878 657 παρέσχητε
2912 586 3049 656 (leg.
3087 590 3402 659 παρέσχηκε
3428 591 3487 659 );

1908 689 1981 735 γι,
2010 673 2063 737 8,
2092 678 2250 746 ποιῇ,
2288 671 2355 749 ﬁ;
2389 692 2464 739 vt,
2488 677 2573 743 14,
2603 678 2827 746 φάγεσε,
2857 678 3161 747 ἐγκλίνειν;
3194 681 3399 739 Ilabac.
3425 700 3485 749 tt,

1912 766 1999 827 II,
2029 768 2321 835 εἰωθότας;
2359 786 2427 832 ιι,
2460 769 2559 833 14,
2609 770 2908 839 ὲπάγοντις
2949 773 3119 844 Soph.
3157 791 3196 841 ι,
3230 774 3319 840 II,
3344 776 3489 829 olm-

1905 859 2274 929 δομήσαντες;
2328 860 2495 914 Zach.
2554 876 2607 922 t,
2656 861 2762 931 2i;
2813 863 3023 929 mittat;
3062 881 3175 929 xw,
3209 865 3261 929 I,
3311 883 3489 937 παρα-

1908 950 2149 1022 γένηται.
2186 951 2259 1006 Ex
2284 953 2463 1022 priore
2488 953 2580 1005 illo
2605 952 2727 1006 cod.
2762 953 2997 1009 Vindob.
3020 972 3195 1025 pauca
3222 960 3488 1015 transcri-

1907 1042 2016 1111 psit
2046 1039 2289 1097 Forlosia
2324 1042 2380 1096 in
2415 1042 2922 1114 liollarii—suppl.
2951 1087 2964 1106 ,
2999 1062 3051 1114 p.
3098 1048 3360 1111 170-175,
3392 1051 3486 1119 qui

1906 1134 2229 1191 adolescens
2264 1144 2437 1189 totum
2468 1137 2921 1191 commentarium
2952 1137 3148 1194 Latine
3173 1143 3356 1197 vertit.
3384 1144 3486 1197 sed

1908 1228 2047 1282 lianc
2071 1228 2381 1282 versionem
2415 1243 2524 1284 non
2551 1230 2740 1291 edidit,
2764 1231 2975 1289 veritus
3008 1246 3075 1285 ne
3114 1235 3486 1288 malelicmum

1907 1321 2094 1374 minus
2120 1335 2310 1390 aequas
2337 1320 2642 1374 calumnias
2666 1323 2976 1378 immeritus
3002 1322 3235 1378 subiret.
3270 1323 3333 1377 γ.
3355 1325 3487 1379 Κοι-

1908 1411 2005 1464 lar.
2033 1411 2070 1465 l.
2098 1411 2157 1471 I.,
2194 1427 2247 1481 p.
2290 1410 2392 1467 I69
2418 1429 2433 1477 ;
2464 1413 2621 1481 plura
2653 1429 2784 1467 vero
2824 1430 2888 1468 ex
2915 1415 3220 1483 posteriore
3248 1414 3483 1479 Siellert.

1906 1501 1942 1554 l.
1974 1502 2033 1563 I.,
2072 1516 2123 1570 p.
2161 1503 2229 1556 59
2264 1510 2319 1555 et
2364 1517 2420 1571 p.
2460 1501 2649 1567 4‘23“,
2682 1503 2771 1557 hic
2818 1504 2951 1556 illic.
2992 1504 3312 1571 Nuperrime
3344 1506 3487 1561 inte-

212 1587 520 1658 descriptus
563 1599 666 1653 est,
701 1588 1059 1644 mediocriter
1106 1589 1373 1659 antiquus
1406 1590 1656 1653 habetur,
1705 1592 1800 1646 sed
1902 1609 2058 1661 grum
2115 1594 2571 1647 commentarium
2623 1593 2816 1650 eodem
2868 1595 2991 1649 cod.
3046 1610 3181 1649 usus
3230 1594 3371 1657 Vict.
3420 1599 3486 1657 de

213 1681 323 1750 ejus
349 1689 573 1737 atatem
596 1682 858 1737 saeculum
901 1698 987 1736 xvi
1023 1684 1106 1737 vel
1142 1682 1213 1736 ad
1262 1697 1537 1736 summum
1568 1683 1800 1741 inventae
1906 1683 2177 1754 Wegnern
2207 1684 2244 1738 l.
2273 1685 2307 1739 Ι.
2338 1683 2543 1748 edidit,
2571 1700 2752 1756 neque
2781 1687 2856 1741 ita
2880 1693 3068 1741 tamen
3098 1697 3158 1740 ut
3190 1687 3377 1742 velles.
3418 1687 3480 1743 V.

214 1776 337 1827 artis
367 1773 785 1845 typographicae
816 1784 1061 1844 tempora
1084 1773 1230 1828 haud
1257 1772 1525 1829 excedere
1544 1775 1799 1829 observat
1829 1834 1869 1845 _
1904 1774 2048 1845 Allg.
2076 1773 2187 1829 Lit.
2226 1774 2388 1841 Zeit.,
2424 1776 2585 1841 1856,
2611 1793 2666 1831 n.
2692 1777 2782 1840 64,
2814 1777 2902 1832 65.
2932 1807 2998 1816 --
3030 1778 3175 1832 Duos
3205 1796 3483 1836 commen-

216 1864 274 1918 de
300 1834 580 1933 We'g'ii.vl.
612 1834 700 1925 ’θη
736 1880 791 1935 p.
830 1834 971 1933 χιιι),
1006 1872 1061 1920 et
1100 1873 1237 1921 teste
1281 1864 1529 1920 Forlosia
1563 1865 1639 1936 (in
1671 1866 1800 1922 Kol-
1829 1834 1873 1890 Β
1903 1834 2028 1921 tarii
2060 1868 2207 1922 illius
2237 1834 2397 1923 codd.
2427 1834 2673 1925 Venetiis
2693 1834 3044 1925 Muntfaueon
3071 1872 3224 1933 vidit.
3248 1834 3481 1933 alterum

214 1954 322 2008 lat-ii
347 1986 417 1998 —-
446 1955 768 2026 Supplem.,
801 1957 838 2011 l.
875 1973 911 2021 t,
948 1971 999 2027 p.
1039 1956 1193 2025 174),
1222 1974 1243 2010 t
1301 1957 1440 2012 alter
1485 1959 1638 2013 alteri
1688 1966 1797 2013 tam
1899 1958 1957 2010 in
1998 1956 2383 2013 Grimanorum
2416 1959 2586 2024 ’bibI.,
2624 1961 2854 2014 alterum
2899 1961 2952 2014 iu
2984 1961 3119 2016 bibl.
3161 1961 3357 2017 Meletii
3393 1963 3484 2017 Ti.

213 2048 396 2102 similis
420 2056 537 2114 est,
570 2064 732 2119 quam
777 2065 940 2103 ovum
969 2065 1100 2114 ovo.
1130 2058 1295 2120 atque
1335 2066 1397 2104 ex
1451 2050 1637 2105 eadem
1666 2052 1799 2105 scri-

214 2146 328 2207 ptus
354 2154 529 2194 manu
579 2140 815 2197 videtur.
877 2161 895 2194 ι
945 2140 1060 2198 Hoc
1109 2156 1240 2197 vero
1281 2150 1561 2212 utcunque
1611 2152 1717 2206 est,
1744 2143 1798 2196 in

214 2246 394 2300 magna
459 2248 661 2287 eorum
721 2232 1087 2289 similitudine
1143 2231 1386 2287 dubitari
1440 2247 1549 2287 non
1601 2240 1798 2303 potest,

212 2324 330 2388 quin
352 2339 418 2378 ex
444 2340 568 2378 uno
589 2323 891 2395 eodemque
931 2325 1081 2380 fonte
1120 2324 1398 2380 fluxerint.
1429 2325 1584 2380 Hunc
1615 2334 1797 2380 autem

214 2412 403 2466 fontem
444 2413 696 2483 priorem
743 2413 868 2468 eod.
917 2413 1091 2469 Vatic.
1134 2428 1258 2469 esse
1303 2421 1357 2469 et
1397 2429 1464 2469 eo
1515 2413 1800 2484 probabile

212 2509 461 2576 est,un
490 2509 649 2577 prior
677 2508 767 2562 ille
788 2507 959 2562 codex
984 2506 1241 2571 Vindob.,
1271 2515 1412 2563 teste
1445 2506 1797 2570 Gentilottio,

212 2596 400 2651 Caesar.
433 2598 700 2654 biblioth.
742 2599 1022 2670 quondam
1070 2598 1351 2669 praefecto,
1400 2598 1468 2654 ab
1535 2598 1797 2667 Apostolo

214 2684 367 2749 Zeno,
438 2686 679 2754 Veneto,
755 2689 954 2744 Carolo
1016 2688 1082 2743 Vl
1157 2690 1475 2761 imperatori
1554 2705 1604 2743 a.
1660 2690 1798 2745 I725

214 2778 343 2833 dono
394 2780 628 2834 oblatus
655 2787 740 2835 est
784 2780 876 2850 (cf.
918 2781 1123 2835 Kollar.
1172 2813 1241 2825 -—
1284 2779 1474 2851 Suppl.
1511 2797 1561 2851 p.
1603 2781 1801 2847 I64)et

216 2872 372 2941 magis
421 2874 601 2927 etiam
645 2883 868 2943 propter
919 2882 1127 2930 textum
1179 2890 1342 2945 quem
1389 2875 1668 2930 exhibent.
1722 2877 1799 2929 Ac

215 2964 432 3030 primum
486 2964 553 3016 in
617 2965 876 3018 omnibus
927 2964 1109 3019 tribus
1168 2966 1329 3019 codd.
1402 2964 1469 3018 ad
1526 2962 1796 3019 Theodori

1904 2052 2090 2120 paldi,
2125 2048 2380 2104 Graecor.
2441 2050 2657 2114 antist.,
2711 2052 2955 2120 arcltiep.
3010 2051 3346 2123 Pbiladelph.
3395 2054 3481 2109 Cf.

1903 2142 2099 2197 Montf.
2140 2141 2388 2196 Diarium
2420 2140 2547 2197 Ital.
2601 2140 2766 2209 (Par.
2805 2142 2977 2200 1702.
3011 2144 3044 2197 4
3067 2143 3085 2215 )
3111 2186 3124 2209 ,
3166 2159 3217 2213 p.
3253 2145 3343 2207 59.
3371 2146 3478 2211 ιϐς

1905 2232 2045 2285 Bibl.
2099 2232 2223 2287 bibl.
2266 2250 2533 2288 manuscr.
2585 2250 2756 2297 nova.
2796 2233 2847 2298 I,
2899 2234 3064 2298 (Par.
3106 2237 3285 2303 1759,
3338 2230 3479 2305 fol.),

1903 2342 1955 2394 p.
1983 2326 2107 2381 478.
2141 2324 2246 2381 Sed
2298 2327 2553 2395 suspicor
2605 2327 2839 2383 alterum
2876 2328 3070 2384 horum
3118 2332 3189 2385 ab
3214 2331 3476 2401 Apostolez

1902 2414 2051 2472 Zeno
2105 2417 2195 2484 (v.
2242 2415 2332 2486 ε.)
2377 2414 2758 2473 Vindobonam
2813 2418 3197 2477 transmissum
3237 2434 3379 2476 esse.
3415 2448 3482 2471 ρρ

1906 2527 1924 2560 4
1953 2509 2227 2579 Septimus
2257 2507 2430 2564 codex
2463 2521 2553 2578 ap.
2583 2507 2929 2567 Gerasimum
2956 2508 3217 2565 Blaclium
3268 2512 3321 2567 in
3355 2510 3482 2566 Gul—

1901 2598 1973 2654 lia
2003 2598 2123 2662 fuit,
2157 2606 2293 2654 teste
2322 2597 2653 2653 Combeﬁsio
2688 2598 3189 2667 (Bibl.concion.,l,
3218 2618 3275 2673 p.
3296 2601 3365 2669 Il
3381 2604 3477 2672 (Δ).

1902 2691 2078 2761 Atque
2109 2690 2255 2746 hunc
2297 2690 2421 2745 cod.
2459 2690 2696 2757 inspexit
2726 2691 2888 2747 etiam
2917 2730 2932 2755 ,
2982 2703 3040 2747 ut
3073 2701 3207 2762 puto
3232 2734 3246 2758 ,
3287 2692 3455 2763 Steph

1902 2784 1971 2836 ab
2002 2783 2265 2836 Altimara
2299 2780 2643 2853 (Lequinius)
2669 2822 2683 2843 ,
2721 2784 2813 2853 qui
2848 2784 2903 2837 in
2939 2782 3227 2849 Panoplis,
3267 2802 3320 2855 ν.
3351 2786 3477 2851 455,

1901 2875 1979 2927 ait
2010 2890 2071 2929 se
2116 2873 2312 2943 legisse
2348 2872 2715 2942 Mopsuesteni
2750 2887 2951 2928 comm.
2998 2875 3055 2928 in
3093 2873 3211 2930 XI!
3256 2880 3474 2946 propter

1901 2969 1967 3018 Α.
1996 2964 2123 3017 Mai.
2152 2964 2188 3019 ι.
2212 2964 2275 3030 1.,
2306 2961 2395 3028 Vl,
2426 2979 2477 3032 p.
2512 2976 2613 3018 vu.
2642 2993 2711 3005 -——
2733 2952 2976 3035 Denique
3002 2967 3175 3023 codex
3207 2965 3393 3029 Roma
3424 2971 3478 3021 in

216 3054 381 3107 minus
442 3054 819 3109 orthodoxam
870 3056 1382 3124 interpretationem
1432 3054 1601 3111 Zach.
1657 3056 1720 3121 I,
1767 3058 1867 3136 ’1ο
1900 3057 2034 3111 bibl.
2072 3054 2449 3109 Vallicelliana
2483 3069 2606 3110 esse
2628 3055 2855 3109 dicitur.
2882 3055 2976 3110 Cf.
3027 3055 3313 3116 Possevin.
3343 3060 3475 3129 App.

216 3173 276 3183 —-
320 3146 374 3199 Il
406 3189 420 3209 ,
462 3147 666 3201 eadem
710 3147 812 3200 tria
857 3147 1090 3211 scholia,
1123 3148 1322 3216 quibus
1352 3148 1522 3201 lector
1569 3148 1794 3217 quidam

214 3235 504 3292 catholicus
576 3235 917 3292 Thcodoreis
992 3237 1346 3307 opinionibus
1402 3239 1795 3297 correctionem

217 3326 462 3390 adhibuit,
501 3327 725 3396 adjecta
758 3335 907 3383 sunt.
928 3326 994 3383 V.
1019 3326 1146 3382 Mai.
1180 3326 1249 3382 ad
1276 3326 1556 3383 Zachariae
1587 3345 1707 3397 cap.
1748 3345 1793 3393 i;

214 3410 401 3472 Kollar.
456 3420 491 3473 l.
526 3420 569 3473 l.
594 3458 608 3481 ,
642 3435 694 3488 p.
726 3420 860 3486 171,
893 3419 1036 3487 I72;
1071 3419 1140 3475 de
1165 3417 1365 3489 Wagn.
1399 3421 1436 3474 ι.
1472 3436 1557 3483 c.,
1592 3434 1643 3489 p.
1668 3420 1794 3483 557,

219 3506 328 3571 $38,
362 3511 484 3565 542.
532 3508 675 3564 Tum
712 3526 843 3566 vero
882 3527 1099 3566 summa
1126 3520 1210 3568 est
1242 3520 1427 3568 textus
1470 3511 1791 3567 similitudo.

217 3598 385 3655 Ilelior
405 3614 489 3658 est
521 3605 586 3657 in
612 3604 735 3657 cod.
777 3603 902 3658 Vat.
926 3612 985 3658 ut
1013 3603 1343 3673 antiquiore.
1370 3601 1643 3658 Nonnulla
1675 3603 1797 3672 qui-

220 3688 325 3743 dem
355 3708 416 3746 ex
451 3709 524 3747 eo
578 3693 737 3762 pejus
775 3708 940 3761 quam
973 3706 1039 3747 ex
1082 3691 1321 3747 Vindob.
1352 3692 1597 3748 exhibita
1643 3700 1792 3757 sunt,

220 3782 299 3834 sed
328 3783 428 3837 hoc
458 3791 566 3838 aut
598 3783 724 3839 Maii
756 3778 1096 3855 negligentiae
1131 3784 1484 3839 tribuendum
1522 3782 1624 3851 (sic
1657 3797 1795 3836 non-
1833 3840 1845 3855 ο

220 3875 352 3928 nulla
386 3891 470 3946 ap.
504 3876 643 3931 Mai.
678 3878 1035 3939 exciderunt;
1087 3874 1160 3931 cf.
1207 3893 1260 3946 p.
1291 3876 1398 3931 295
1422 3915 1438 3941 ,
1490 3877 1558 3931 de
1599 3875 1792 3946 chn.

219 3980 265 4032 p.
309 3967 426 4028 517,
478 3970 552 4022 οὐ
595 3970 707 4039 γὰρ
742 3968 807 4022 ἂν
838 4002 908 4015 --
931 3999 1003 4009 --
1030 3969 1230 4030 ἵππους
1260 3967 1445 4035 λέγεις
1476 3983 1531 4037 p.
1562 3968 1690 4031 527,
1727 3968 1794 4022 de

218 4054 395 4130 Wegn.
432 4078 482 4132 p.
523 4062 671 4126 605;
702 4079 754 4130 p.
786 4062 911 4127 564,
943 4062 1011 4116 de
1046 4058 1243 4131 Wegn.
1282 4076 1333 4129 p.
1371 4060 1497 4123 670,
1538 4060 1667 4125 aL),
1700 4068 1794 4113 aut

218 4165 271 4202 ex
304 4166 363 4205 eo
385 4153 781 4223 explicandum
809 4192 824 4216 ,
855 4153 1002 4223 quod
1050 4159 1294 4207 attentus
1329 4151 1509 4206 scriba
1561 4150 1792 4206 manife-

219 4250 321 4297 stos
367 4262 505 4315 quos
546 4246 824 4315 perspexit
874 4261 1093 4300 errores
1149 4245 1267 4300 suis
1298 4244 1506 4298 chartis
1552 4260 1661 4298 non
1709 4244 1794 4298 in—

222 4336 391 4389 seruit.
424 4336 536 4403 (Cf.
575 4335 702 4391 Mai.
740 4352 793 4406 p.
830 4337 953 4400 148,
986 4337 1470 4406 οὶκονομήσαντεςι
1493 4335 1561 4392 de
1589 4334 1785 4406 Wegn.

1902 3148 1987 3211 IlI,
2021 3164 2075 3219 p.
2101 3146 2192 3202 27.
2228 3145 2333 3201 Sed
2361 3145 2502 3200 Maio
2531 3154 2670 3201 teste
2701 3155 2919 3203 constat
2943 3148 3158 3219 paginis
3188 3150 3478 3205 duodecim

1899 3251 1953 3297 et
2010 3249 2173 3296 tenue
2221 3247 2307 3295 est
2355 3239 2822 3309 interpretationis
2884 3241 2937 3295 in
2992 3240 3187 3297 Oscam
3241 3244 3354 3311 (-tt,
3394 3244 3459 3298 15

1901 3330 2262 3401 fragmentum
2290 3369 2303 3390 ,
2356 3328 2421 3383 ad
2459 3328 2606 3397 quod
2658 3326 2806 3381 Sam.
2842 3325 3134 3384 Tenuiium
3171 3333 3481 3401 respexisse

1899 3438 2022 3476 cum
2054 3421 2120 3475 ad
2154 3418 2332 3479 Nicol.
2378 3418 2663 3475 Heinsium
2706 3419 3005 3477 scriberet:
3045 3422 3335 3479 «Vidist'ut’
3376 3441 3478 3480 un—

1896 3529 2062 3585 quam
2081 3512 2357 3567 Theodori
2380 3512 2506 3566 Ant.
2539 3511 2905 3583 fragmentum
2938 3516 2993 3570 in
3022 3516 3220 3585 propli.
3247 3514 3445 3574 Oscam
3466 3554 3478 3572 .

1899 3605 1959 3659 In
1987 3603 2143 3658 Latio
2174 3604 2305 3657 mihi
2333 3604 2621 3674 descripsi.
2653 3623 2669 3655 ι
2706 3602 2794 3659 Cf.
2827 3605 3089 3662 Burmani
3117 3600 3476 3676 Syllog.epp.,

1900 3711 1959 3760 II,
1998 3712 2048 3763 ιι.
2079 3693 2208 3757 801,
2229 3710 2343 3749 non
2377 3694 2624 3750 dubium.

1969 3788 2433 3843 Commentarium
2460 3789 2610 3842 illum
2649 3788 2923 3847 Theodori
2956 3790 3326 3862 Mopsuesteni
3355 3808 3479 3849 esse

1897 3878 2034 3932 nihil
2061 3885 2146 3932 est
2173 3879 2379 3932 certius
2400 3877 2476 3947 (ὁ)
2510 3893 2573 3933 ac
2595 3886 2801 3936 temere
2825 3896 2950 3935 eum
2987 3879 3194 3936 Ludov.
3227 3883 3298 3937 du
3332 3881 3480 3937 Four

1895 3972 1965 4026 de
1990 3971 2317 4041 Longuerue
2346 3972 2519 4027 abbas
2544 3973 2613 4027 de
2633 3971 2824 4038 Jardo,
2840 3974 3045 4043 juniori
3078 3975 3290 4030 cuidam
3308 3975 3481 4032 Theo-

1895 4065 2033 4117 doro
2061 4062 2306 4130 (Galatae,
2352 4062 2699 4133 Mopsuestia:
2727 4081 2816 4134 ep.
2842 4103 2860 4127 ,
2881 4076 2940 4120 ut
2967 4066 3183 4121 videtur
3202 4110 3215 4129 ,
3246 4069 3343 4138 qui
3374 4083 3480 4124 ε»

1894 4156 2021 4211 culo
2048 4171 2098 4207 vt
2123 4155 2302 4209 medio
2330 4154 2588 4220 obiit;cl‘.
2622 4155 2815 4210 Jacob.
2841 4155 2916 4212 Le
2946 4155 3117 4227 Long.
3143 4157 3286 4211 Bibl.
3319 4176 3364 4213 ε.
3398 4158 3474 4219 1..

1896 4265 1949 4319 p.
1975 4248 2103 4312 985)
2125 4288 2140 4311 ,
2176 4256 2230 4303 et
2256 4245 2508 4303 Oudinus
2568 4243 2885 4309 (Comment.
2920 4248 2986 4304 de
3017 4252 3260 4319 scriptor.
3288 4254 3475 4309 eccles.

1896 4341 2129 4411 elatiquis
2151 4380 2166 4405 ,
2196 4339 2239 4393 ll
2258 4380 2273 4405 ,
2312 4356 2367 4411 p.
2395 4339 2493 4395 151
2521 4338 2539 4407 )
2592 4337 2889 4395 Theodoro
2938 4340 3308 4412 Dapltnopata:
3331 4383 3348 4407 ,
3380 4346 3473 4414 qui

222 4438 265 4490 p.
287 4425 402 4488 275,
436 4428 873 4498 κοινωνήσαντες
899 4445 914 4492 ;
957 4445 1010 4496 p.
1052 4429 1179 4492 527,
1210 4429 1416 4493 λοιποῖς
1442 4431 1454 4482 ε
1492 4429 1561 4484 de
1587 4428 1784 4499 Wegn.

1900 4448 2021 4488 sate.
2067 4448 2121 4488 xt
2165 4432 2348 4489 medio
2373 4432 2625 4495 vivebat,
2683 4433 3013 4488 tribuerunt.
3046 4433 3290 4489 Primum
3328 4439 3474 4491 enim

220 4529 265 4580 p.
296 4516 413 4578 605,
440 4519 647 4585 λόγοις,
683 4520 781 4590 al.)
807 4519 1163 4591 Reliquorum
1201 4529 1382 4576 textus
1408 4520 1790 4577 diversitatum

220 4620 369 4660 causa
395 4624 458 4662 ac
491 4611 640 4664 ratio
671 4611 725 4664 in
760 4613 1189 4668 transcribendo
1220 4616 1325 4668 sita
1366 4622 1471 4668 est.
1502 4612 1650 4669 Raro
1683 4613 1787 4667 du-

221 4695 419 4762 bitabis,
444 4717 611 4769 quem
642 4703 889 4758 codicem
921 4705 1193 4773 sequaris.
1230 4704 1338 4758 Sed
1371 4705 1519 4775 quod
1555 4705 1791 4761 maxime

221 4803 320 4842 rem
343 4794 591 4850 continet
615 4833 629 4855 ,
662 4795 781 4849 loca
828 4796 1077 4850 mutilata
1114 4805 1169 4851 et
1214 4804 1472 4867 corrupta
1512 4797 1636 4851 cod.
1664 4795 1786 4851 Vat.

223 4882 441 4936 maxima
474 4901 613 4939 sane
634 4887 943 4941 constantia
969 4887 1025 4942 in
1059 4889 1185 4941 cod.
1223 4886 1457 4942 Vindob.
1488 4889 1790 4959 leguntur;

221 4973 349 5038 quod
403 4990 528 5029 cum
587 4978 724 5032 satis
757 4979 1107 5033 manifestum
1141 4980 1213 5033 sit
1234 5020 1247 5042 ,
1279 4980 1378 5033 has
1409 4979 1790 5035 tantummodo

222 5062 462 5122 lectiones
502 5068 696 5136 procul
743 5068 914 5123 dubio
954 5068 1284 5140 depravatas
1314 5069 1520 5123 referre
1574 5069 1784 5138 placet:

222 5155 277 5206 ad
302 5154 389 5211 Os.
418 5174 493 5223 tv,
518 5159 602 5222 I5,
630 5158 981 5230 ἐπαγομένην
1007 5177 1022 5224 ;
1058 5177 1132 5225 vt,
1153 5160 1207 5227 4,
1238 5161 1342 5214 κᾶν
1361 5160 1518 5224 οὺδές
1553 5176 1671 5224 xttt,
1696 5160 1786 5223 I5,

220 5244 603 5319 διῃρημένουςς
637 5249 775 5305 Joel.
826 5267 887 5315 ll,
921 5251 1013 5319 20,
1062 5252 1295 5323 βρόμος;
1350 5269 1409 5317 ιι,
1440 5253 1642 5315 28-52,
1690 5254 1784 5306 λα-

222 5333 406 5403 6οὖσα;
453 5356 539 5403 Ill,
579 5340 665 5405 18,
714 5343 770 5394 αἱ
827 5342 1373 5415 εἰωθυῖαι-δωρεαες
1410 5345 1532 5398 Am.
1589 5363 1654 5409 v,
1686 5346 1776 5409 15,

282 5516 351 5583 (a)
388 5516 583 5571 Omnia
612 5516 799 5574 Graece
818 5530 875 5575 et
896 5519 1091 5577 Latine
1136 5522 1317 5576 denuo
1347 5523 1517 5577 edidit
1546 5524 1599 5577 in
1630 5522 1785 5579 Nova

226 5583 531 5707 giblriotheca
580 5587 825 5653 Patrum,
898 5598 1029 5645 tom.
1105 5590 1220 5656 Vll,
1285 5591 1474 5646 Romae
1532 5593 1784 5663 I854,4,

285 5723 563 5801 (ἔρρηξε,
614 5727 752 5783 I662
777 5730 1026 5801 ,ηδ-ξομ.
1070 5730 1127 5785 1η
1174 5733 1352 5801 primo
1381 5740 1592 5787 tantum
1632 5741 1780 5795 tomo

225 5788 291 5856 (ρ.
316 5794 575 5872 981385)
600 5788 862 5872 nonnulla
885 5798 1157 5857 Theodori
1175 5788 1497 5872 'fragmenta
1523 5788 1778 5872 leguntur

227 5874 330 5929 qua:
374 5881 434 5919 ex
470 5869 735 5938 principio
773 5868 1164 5925 Commentarii
1196 5874 1249 5926 in
1282 5868 1502 5945 wEmmg.
1548 5868 1778 5929 Joannis

520 5963 787 6024 PATROL.
818 5966 941 6028 Gn.
985 5968 1212 6033 LXVI.

1892 4524 2166 4579 Theodori
2192 4525 2251 4578 in
2271 4523 2322 4577 Χ
2332 4522 2396 4579 II
2421 4523 2607 4592 proph.
2638 4525 3070 4581 commentarius
3101 4526 3172 4580 ab
3202 4525 3472 4585 Ebediesu

1889 4625 1947 4671 et
1990 4618 2045 4671 in
2075 4616 2196 4670 Act.
2228 4631 2387 4671 conc.
2419 4615 2609 4671 Const.
2642 4631 2711 4681 ll,
2750 4630 2802 4668 tv
2825 4656 2839 4677 ,
2880 4615 3121 4678 citatur,
3150 4625 3268 4673 tum
3300 4618 3391 4672 ille
3420 4619 3477 4673 in

1889 4708 2148 4763 omnibus
2176 4708 2334 4763 codd.
2368 4706 2640 4763 Theodori
2689 4706 2891 4762 dicitur
2916 4707 3251 4769 Antias/mai.
3277 4708 3478 4765 deinde

1890 4802 1947 4855 in
1981 4816 2047 4856 eo
2078 4800 2197 4870 ipso
2223 4800 2424 4869 saepius
2464 4799 2670 4855 mentio
2702 4799 2762 4854 ﬁt
2786 4802 3170 4856 commentarii
3222 4804 3275 4857 in
3316 4803 3478 4857 Psal-
3554 4790 3557 4791 ⁷

1892 4910 2029 4955 mos,
2060 4909 2113 4945 ν.
2149 4907 2199 4945 c.
2236 4892 2305 4945 ad
2338 4891 2505 4947 Zach.
2538 4908 2616 4955 ιι,
2655 4893 2713 4956 9,
2744 4908 2906 4962 quem
2949 4902 3168 4948 constat
3224 4904 3475 4950 nostrum

1888 4983 2217 5052 scripsisse,
2258 4980 2497 5051 denique
2529 4983 2744 5036 dicendi
2787 4984 3293 5054 interpretandique
3336 4984 3477 5038 ratio
3538 4982 3545 4989 ”

1890 5074 2209 5129 Theodorea
2243 5081 2347 5129 est.
2377 5072 2676 5143 Utramque
2730 5074 2787 5128 in
2819 5089 2886 5130 eo
2934 5090 3054 5130 eam
3088 5074 3476 5130 animadverti-

1888 5184 2015 5223 mus
2039 5208 2054 5231 ,
2090 5182 2252 5236 quam
2283 5168 2338 5221 in
2385 5166 2658 5221 Theodori
2710 5166 3031 5236 fragmentis
3066 5166 3258 5237 procul
3310 5166 3476 5221 dubio

1892 5258 2145 5329 genuinis
2175 5273 2450 5327 quamque
2478 5258 2530 5311 in
2557 5257 2873 5312 universum
2900 5265 3050 5313 recte
3069 5257 3299 5311 Photius
3329 5272 3377 5311 c.
3403 5273 3474 5317 IV,

1891 5351 2015 5414 I77,
2046 5351 2147 5413 '58,
2185 5351 2476 5419 descripsit
2534 5350 2616 5419 (ν.
2654 5352 2818 5404 etiam
2854 5349 3044 5404 Leont.
3083 5350 3116 5405 Ι.
3140 5365 3189 5403 c.
3214 5391 3229 5416 ,
3262 5366 3317 5419 p.
3348 5350 3475 5413 686.

1893 5531 2110 5593 sumpta
2134 5530 2282 5579 sunt.
2309 5520 2623 5593 Posteriora
2656 5524 2751 5592 (p.
2775 5522 2883 5577 282
2913 5522 2971 5593 BA.
3009 5521 3249 5589 Ill-XIV)
3284 5523 3475 5579 eadem

1891 5591 2173 5665 suntqu
2202 5593 2258 5647 in
2286 5592 2536 5648 Corderii
2586 5591 2780 5649 catena
2831 5594 2885 5646 in
2928 5591 3192 5647 Joannem
3222 5611 3275 5665 p.
3306 5594 3469 5650 16-3l

1891 5664 2324 5804 nggrli'l'iirihus
2349 5734 2453 5789 liae
2494 5734 2563 5789 de
2599 5748 2658 5787 re
2694 5731 3079 5804 disseruerunt
3119 5734 3256 5804 Ang.
3299 5732 3479 5804 Maius

1888 5802 2046 5857 Praef.
2085 5805 2150 5856 :rd
2182 5804 2622 5874 Mopsuestenum
2677 5811 2733 5859 et
2761 5801 2902 5860 Vict.
2938 5803 3006 5861 de
3036 5801 3308 5874 Wegnit‘n
3345 5803 3382 5859 l.
3408 5803 3474 5870 I.,

1889 5889 1945 5944 p.
1979 5890 2045 5929 xv
2079 5889 2162 5943 sq.

3187 5971 3229 6030 2
