3934 6510
424 395 496 449 ιτ
1332 378 1632 439 OTTONIS
1674 378 1849 434 FRlD.
1892 369 2280 429 FRITZSCIIE
2316 368 2812 427 COMMENTATIO
3603 371 3685 428 46

427 515 497 569 cl.
532 513 599 566 iis
647 526 765 578 qua:
800 505 1121 559 Theodorus
1153 502 1208 555 in
1235 498 1386 570 praef.
1418 496 1486 550 ad
1517 494 1636 560 Os.,
1664 493 1733 547 ad
1762 491 1930 561 Soph.
1961 505 1999 551 ι,
2035 491 2079 547 Α
2109 495 2293 578 ageret
2323 488 2459 541 ratio
2499 495 2634 540 erat.
2668 483 2787 539 Non
2822 482 3039 539 caulius
3069 483 3205 537 alter
3251 484 3405 538 locus
3458 486 3682 542 allatus.

427 604 525 658 4-6
546 644 560 665 ,
582 618 663 663 ιιι,
714 602 767 659 5,
823 596 1003 663 dixit).
1037 594 1130 647 llla
1158 600 1337 646 autem
1362 598 1470 643 tam
1496 586 1787 659 peculiaris
1814 590 1919 647 est,
1945 590 2002 635 ut

428 699 558 771 quid
590 692 860 750 Theodori
891 690 962 745 sit
988 688 1188 758 quidve
1219 686 1400 739 minus
1430 682 1589 736 facile
1629 672 1834 734 videas.
1866 675 2000 729 Illud

430 806 560 847 vero
592 785 794 843 morari
827 797 926 837 nos
956 796 1068 835 non
1112 785 1325 850 potest,
1376 775 1519 845 quod
1552 775 1653 827 tria
1699 772 1817 824 loca
1838 809 1853 833 ,
1884 785 2002 839 qua:

429 886 485 938 in
539 890 643 935 act.
689 891 845 932 conc.
889 875 1080 929 Const.
1109 886 1169 936 tl,
1210 885 1283 935 iv,
1331 866 1500 921 20-22
1555 862 1763 934 (Vigil.
1810 861 1999 916 Const.

429 971 642 1031 Ἥκεις)
679 988 697 1019 ι
735 984 802 1023 et
843 965 1113 1037 principio
1164 957 1453 1015 commenti
1480 955 1592 1025 (a),
1626 953 1769 1024 quod
1800 954 1854 1005 in
1883 951 2000 1005 XII

430 1068 617 1135 proph.
648 1061 892 1130 scripsit,
921 1088 992 1098 —
1020 1063 1144 1127 post
1178 1052 1283 1106 alia
1315 1048 1497 1113 infert,
1523 1077 1594 1089 —
1616 1053 1739 1117 post
1767 1046 1869 1099 alia
1922 1046 2005 1099 in-

431 1158 587 1219 fert,»
617 1152 937 1210 afferuntur,
966 1147 1021 1202 in
1048 1147 1139 1200 illo
1168 1141 1561 1198 commentario
1591 1153 1700 1192 non
1727 1138 2000 1207 leguntur.

432 1244 733 1301 Sententiae
759 1250 905 1298 certe
929 1254 1067 1310 quas
1086 1230 1712 1290 continent'l'heodorem
1733 1236 1881 1290 sunt,
1908 1226 2004 1284 sed

433 1339 595 1394 facile
648 1335 765 1390 fieri
813 1332 1026 1405 potuit,
1060 1336 1117 1382 ut
1147 1342 1290 1381 unus
1332 1325 1535 1378 alterve
1563 1321 1835 1376 Theodori
1868 1320 2005 1373 liber

433 1447 535 1500 pro
560 1428 732 1483 altero
756 1426 1035 1481 citaretur.
1062 1419 1181 1475 Jam
1208 1433 1333 1472 cum
1363 1417 1516 1471 locus
1545 1415 1637 1485 qui
1665 1414 1718 1466 in
1762 1412 1869 1465 illis
1896 1419 2003 1463 act.

433 1522 505 1576 23
534 1521 799 1597 sequitur,
832 1516 899 1571 ad
932 1530 1015 1585 ps.
1047 1528 1137 1567 ut
1165 1510 1451 1581 pertineat,
1483 1504 1757 1576 probabile
1787 1503 1890 1556 tria
1917 1502 2007 1556 illa

436 1593 608 1665 locate
638 1607 1035 1664 commentario
1062 1605 1117 1657 in
1149 1601 1396 1655 Psalmos
1419 1641 1432 1662 ,
1458 1607 1513 1653 et
1542 1596 1759 1666 quidem
1793 1610 1860 1647 ex
1890 1593 2008 1661 ejus

436 1702 706 1771 principio
730 1699 803 1767 (ὁ)
838 1697 1157 1766 deprompta
1187 1705 1344 1755 esse,
1388 1704 1510 1744 cum
1544 1686 1845 1757 praesertim
1899 1685 2008 1738 duo

436 1792 742 1864 posteriora
763 1790 825 1844 2|
856 1829 871 1853 ,
901 1786 975 1841 2‘2
997 1826 1012 1849 ,
1046 1783 1113 1838 ad
1146 1798 1231 1855 ps.
1267 1798 1334 1835 xv
1370 1787 1424 1835 et
1473 1795 1566 1833 λιιι
1606 1786 1869 1848 spectent.
1901 1774 2007 1830 Sed

437 1847 504 1937 de
525 1896 733 1952 nupera
770 1847 893 1932 Maii
935 1847 1202 1933 sententia
1251 1872 1286 1926 l.
1327 1873 1365 1926 l.
1403 1847 1662 1941 praemisit
1693 1868 2011 1922 Theodorus
2044 1847 2084 1903 Β

437 1971 826 2029 commentario
844 1968 1091 2039 generale
1113 1966 1325 2036 aliquod
1346 1964 1666 2035 prooemium
1694 1962 1748 2014 in
1775 1962 2013 2014 minores

440 2067 734 2137 prophetas
757 2101 771 2125 ,
811 2067 1031 2130 propter
1061 2056 1422 2112 reverentiam
1466 2053 1699 2107 fortasse
1727 2065 1852 2118 erga
1885 2064 2012 2103 con-

439 2155 661 2217 cilium,
714 2153 770 2206 in
820 2150 977 2205 codd.
1006 2148 1290 2203 omissum.
1324 2145 1467 2199 ldem
1503 2142 1646 2196 enim
1676 2151 1728 2193 ct
1762 2138 2013 2192 Theodo-

440 2256 618 2304 retum
649 2244 843 2301 fecisse
869 2249 922 2295 et
953 2240 1113 2294 verba
1157 2238 1321 2292 etiam
1349 2233 1472 2288 καθ’
1504 2234 1539 2287 ἂ
1570 2230 1803 2303 πρόσθεν
1844 2228 2013 2300 ἔφθην

441 2340 609 2395 εἰπών
642 2338 731 2408 (v.
761 2341 1054 2389 comment.
1090 2345 1146 2400 p.
1180 2331 1273 2399 1),
1309 2328 1354 2382 si
1390 2334 1513 2380 ante
1556 2327 1611 2377 ὲν
1652 2323 1887 2392 ψαλμοῖς
1936 2322 2016 2373 in-

441 2440 797 2502 terpuugatur
819 2426 917 2493 (ita
948 2422 1091 2477 haud
1118 2421 1282 2476 dubie
1301 2416 1841 2487 interpungendum),
1870 2412 2011 2465 haud

441 2540 556 2578 rem
592 2523 646 2576 in
679 2519 784 2573 alio
835 2530 1000 2586 opere
1036 2512 1238 2568 dictam
1285 2509 1565 2565 denotare.
1599 2505 1657 2559 Si
1710 2504 2015 2558 scribamus

441 2630 540 2685 pro
566 2613 663 2677 Εἰς
686 2612 904 2680 ἔλεγχον
931 2607 1040 2660 τῶν
1066 2624 1121 2659 κ.
1140 2604 1277 2665 τ.λ.,
1306 2603 1399 2663 Et;
1426 2601 1503 2653 ελ.
1531 2594 1645 2653 οὖν
1663 2597 1771 2650 τῶν
1793 2613 1847 2649 κ.
1869 2613 1917 2647 τ.
1938 2594 2012 2657 λ.,

442 2704 584 2759 hanc
615 2716 775 2756 unam
809 2698 1131 2769 particulam
1166 2695 1298 2749 satis
1333 2693 1465 2745 illud
1502 2689 1826 2759 prooemium
1874 2685 2017 2739 indi-

440 2810 591 2851 care.
617 2791 879 2863 Equidem
908 2788 1157 2859 quamvis
1191 2786 1515 2855 prommium
1547 2779 1614 2835 ad
1632 2778 1859 2850 Tyrium
1888 2792 2018 2847 prae-

443 2888 675 2943 missum
711 2882 881 2937 fuisse
918 2881 1136 2935 credam
1167 2918 1180 2939 ,
1214 2876 1342 2930 mihi
1372 2883 1551 2927 tamen
1610 2870 1852 2925 nondum
1894 2885 2019 2939 per-

442 2976 635 3041 suasi,
685 2974 776 3027 illa
826 2972 929 3024 tria
960 2970 1077 3024 loca
1124 2966 1338 3036 (Maius
1372 2972 1426 3017 et
1454 2962 1521 3016 de
1555 2961 1751 3033 Wegn.
1788 2960 1857 3015 de
1908 2973 2018 3013 uno

445 3076 659 3122 tantum
684 3066 1002 3133 loquuntur,
1022 3060 1115 3116 sed
1136 3057 1437 3129 posteriora
1458 3056 1566 3109 duo
1594 3056 1712 3107 loca
1741 3068 1807 3107 ex
1827 3051 2017 3105 eodem

446 3160 585 3212 libro
608 3167 823 3226 sumpta
850 3169 974 3210 esse
1000 3160 1055 3206 et
1079 3152 1229 3205 illum
1269 3149 1430 3218 paulo
1462 3153 1585 3216 post
1615 3143 1900 3213 excepisse
1923 3141 2015 3213 qui

446 3269 510 3307 ea
535 3249 807 3317 excerpsit
835 3247 1051 3309 verbis,
1091 3251 1206 3312 post
1253 3241 1365 3294 alia
1412 3238 1572 3308 infert
1620 3233 1920 3305 indicavit)
1954 3249 2017 3289 ex

446 3357 513 3396 eo
545 3341 709 3410 petita
734 3353 876 3392 esse.

524 3431 660 3487 nire
706 3444 877 3498 nuper
908 3425 1049 3480 Vict.
1100 3424 1166 3479 de
1192 3421 1469 3492 Wegnern
1520 3420 1556 3472 I.
1587 3434 1671 3484 c.,
1708 3433 1761 3487 p.
1794 3432 1906 3470 χιιι
1939 3430 2023 3483 sq.

448 3525 698 3578 evincere
727 3520 952 3587 studuit,
975 3515 1321 3571 Theodorum
1345 3513 1600 3583 juvenem
1631 3526 1754 3564 cum
1779 3507 2025 3563 Psalmos

450 3614 808 3685 explicuisset
858 3618 913 3665 et
961 3610 1195 3663 fortasse
1227 3606 1389 3659 etiam
1423 3602 1716 3673 prophetas
1767 3600 2025 3665 majores,

449 3705 545 3763 XII
581 3706 877 3776 prophetas
912 3702 1150 3755 minores
1186 3698 1604 3766 interpretatum
1639 3707 1783 3746 esse.
1828 3690 2028 3745 Attulit

453 3800 594 3854 hanc
620 3798 674 3852 in
704 3811 817 3851 rem
844 3795 949 3850 loc.
978 3790 1248 3847 Theodori
1271 3790 1339 3842 ad
1368 3786 1533 3840 Zacli.
1564 3802 1641 3849 ix,
1667 3784 1727 3839 9:
1765 3783 2027 3854 Ὀπεροῦν

451 3890 556 3961 (sc.
590 3889 699 3941 τῶν
730 3886 937 3958 χρόνων
968 3884 1066 3955 τὴν
1109 3880 1405 3949 ἐναλλαγὴν
1458 3876 1707 3947 ποικίλην
1745 3870 1885 3928 εἶναι
1936 3873 2029 3926 ἐπὶ

450 3978 549 4050 τῆς
605 3976 755 4036 Θείας
793 3971 1057 4045 Γραφῆς)
1092 3970 1180 4024 διὰ
1211 3968 1419 4022 πολλῶν
1446 3968 1610 4037 ἡμεῖς
1652 3965 1707 4017 ἐν
1735 3981 1793 4018 τε
1827 3966 1892 4034 τῇ
1918 3963 2028 4016 τῶν

450 4067 681 4138 ψαλμῶν
712 4064 977 4137 ἑρμηνείᾳ
1021 4063 1114 4116 καὶ
1141 4060 1235 4114 ἐπὶ
1266 4058 1374 4113 τῶν
1409 4054 1704 4129 προφητῶν
1746 4054 2028 4125 ἐδείξαμεν

452 4159 775 4229 αὐτάρκως,
806 4165 860 4210 et
892 4156 1013 4209 init.
1052 4155 1207 4224 praef.
1241 4152 1294 4205 in
1337 4148 1431 4204 Os.
1471 4148 1584 4202 Hoc
1640 4163 1705 4202 ex
1762 4148 1943 4217 priore
1990 4146 2027 4200 l.

452 4251 630 4320 sequi,
658 4265 779 4302 cum
814 4246 1135 4301 Theodorus
1166 4242 1311 4313 quod
1348 4242 1613 4295 universae
1643 4238 1700 4293 S.
1726 4238 2028 4307 Scriptura:

452 4345 738 4415 proprium
759 4357 883 4397 esse
911 4340 1079 4403 dicat,
1104 4339 1157 4391 in
1188 4336 1530 4391 Psalmorum
1558 4341 1614 4389 et
1637 4332 2029 4409 prophetarum

453 4406 909 4505 interpretatione
939 4448 968 4484 a
999 4446 1057 4484 se
1086 4428 1392 4498 expositum
1431 4434 1683 4481 testetur.
1712 4423 1819 4480 Sed
1848 4406 2031 4479 Theo-

2108 577 2329 633 Davidis
2359 585 2411 632 et
2460 578 2848 647 prophetarum
2892 575 3150 629 vaticinia
3189 575 3405 629 interno
3442 577 3684 644 quodam

2108 671 2328 725 vinculo
2356 669 2622 724 contineri
2657 668 2790 722 dicit
2818 667 3142 721 Theodorus
3163 705 3178 729 ,
3211 667 3306 721 sed
3354 669 3422 722 de
3472 668 3586 723 suis
3626 672 3684 721 in

2108 776 2170 815 ea
2204 760 2610 815 commentariis
2635 759 2738 813 hoc
2769 758 2948 813 valere
2982 773 3049 812 ne
3080 759 3313 812 obscure
3344 759 3563 827 quidem
3594 761 3686 812 in-

2109 853 2248 907 nuit.
2293 852 2366 907 De
2404 853 2586 907 verbis
2630 852 2751 906 καθ’
2777 851 2813 904 ἃ
2845 849 3082 920 πρόσθεν
3114 849 3285 919 ἔφθην
3314 850 3485 903 εἰπών
3516 866 3683 918 supra:

2109 946 2334 1000 dictum.
2360 943 2535 997 Nolim
2560 944 2613 996 in
2639 959 2698 996 re
2720 952 2827 995 tam
2851 942 3058 995 lubrica
3082 942 3378 1011 quidquam
3407 956 3506 1010 pro
3535 952 3681 995 certo

2110 1034 2397 1097 affirmare,
2426 1034 2520 1088 sed
2547 1032 2893 1088 Theodorum
2929 1033 3304 1102 presbyterum
3330 1031 3421 1086 Xll
3448 1034 3679 1103 prophe-

2113 1136 2198 1181 tas
2219 1128 2499 1195 aliquanto
2536 1134 2657 1196 post
2702 1125 2949 1181 Psalmos
2997 1126 3082 1196 (v.
3122 1141 3244 1195 quae
3289 1124 3356 1179 de
3400 1140 3598 1180 comm.
3627 1126 3691 1177 in

2114 1218 2361 1274 Psalmos
2393 1232 2560 1288 supra
2592 1217 2872 1287 adnotavi)
2895 1219 3220 1288 explanasse
3250 1219 3558 1273 statuerim.

2182 1307 2469 1370 Codicum,
2512 1321 2621 1360 non
2655 1307 2924 1361 editorum
2962 1307 3203 1361 bonitate
3236 1308 3437 1360 factum
3473 1317 3591 1367 est,
3629 1313 3694 1358 ut

2114 1400 2203 1455 ille
2235 1398 2665 1454 commentarius
2684 1398 2867 1453 minus
2897 1408 3154 1468 corrupte
3184 1400 3364 1453 editus
3409 1398 3502 1452 sit.
3527 1396 3697 1451 Utra-

2114 1508 2220 1564 que
2238 1492 2477 1547 editione
2506 1499 2820 1559 comparata
2846 1490 2986 1544 facili
3021 1492 3237 1561 negotio
3273 1492 3565 1560 plerosque
3598 1504 3695 1543 er-

2116 1600 2270 1639 rores
2319 1584 2410 1653 qui
2466 1584 2519 1636 in
2567 1598 2690 1638 eum
2727 1582 3107 1653 irrepserunt,
3140 1584 3207 1637 de
3262 1584 3439 1637 medio
3501 1582 3696 1635 tollere

2115 1687 2291 1749 potes.
2329 1676 2402 1730 De
2440 1676 2720 1730 nonnullis
2753 1682 2965 1729 tantum
2994 1676 3129 1730 locis
3155 1675 3429 1744 corruptis
3464 1674 3554 1727 hic
3602 1674 3698 1740 ju-

2076 1766 2079 1771 ’
2116 1771 2317 1825 dicium
2359 1784 2538 1823 meum
2566 1768 2946 1839 qualecunque
2972 1769 3317 1837 interponere
3362 1767 3556 1836 placet.
3591 1764 3692 1818 Os.

2121 1880 2159 1925 I,
2197 1864 2252 1926 2,
2282 1862 2575 1932 prophetas
2604 1861 2773 1915 multa
2812 1876 2951 1915 nova
3004 1859 3202 1914 fecisse
3240 1870 3400 1927 atque
3446 1854 3697 1911 inaudita

2121 1953 2441 2007 Theodorus
2465 1952 2630 2015 dicit,
2663 1966 2772 2019 quo
2802 1950 3081 2004 hominum
3114 1951 3491 2003 curiositatem
3541 1949 3700 2001 exci-

2121 2052 2298 2098 tarent
2358 2043 2572 2111 sibique
2607 2042 2838 2096 docendi
2898 2042 3243 2095 occasionem
3291 2049 3564 2109 pararent.
3615 2038 3698 2091 lta

2120 2135 2314 2190 Oscam
2345 2141 2585 2188 scortum
2620 2133 2673 2185 in
2698 2132 3105 2185 matrimonium
3135 2132 3377 2185 duxisse.
3418 2131 3482 2182 'H
3504 2130 3583 2194 δὲ,
3613 2130 3702 2183 in-

2120 2229 2237 2297 quit
2268 2226 2353 2281 ed.
2403 2225 2470 2279 de
2500 2223 2699 2292 Wegn.
2734 2238 2787 2292 p.
2832 2223 2899 2277 10
2923 2262 2937 2286 ,
2972 2222 3064 2275 τοῦ
3111 2223 3394 2292 γινομένου
3440 2222 3703 2290 καινότης

2120 2318 2371 2389 ἀφορμὴν
2396 2318 2565 2371 ἐδίδου
2598 2316 2674 2386 τῷ
2714 2317 2968 2389 προφήτῃ
3002 2316 3069 2369 τὰ
3128 2318 3473 2387 προσήκοντα
3515 2315 3703 2384 λέγειν

2122 2412 2258 2483 πρὸς
2286 2412 2478 2472 αὐτοὺς
2500 2451 2513 2472 ,
2554 2411 2687 2481 πρὸς
2715 2409 2793 2480 τῷ
2823 2410 2841 2478 (
2864 2409 2987 2463 cod.
3020 2407 3257 2462 Vindob.
3276 2446 3291 2470 ,
3329 2408 3389 2460 τὸ
3414 2424 3462 2461 c.
3488 2406 3700 2471 Vatic.)

2122 2504 2216 2556 καὶ
2247 2503 2415 2573 πολλῇ
2467 2506 2532 2573 τῇ
2570 2501 2868 2573 παραθέσει
2911 2500 3131 2571 μείζονα
3181 2500 3465 2568 φαίνεσθαι
3500 2500 3559 2552 τὸ
3606 2500 3704 2551 τὸν

2123 2594 2242 2646 Θεὸν
2273 2592 2541 2664 αἱρεῖσθαι
2578 2592 2751 2655 οὕτως
2780 2592 3108 2662 ἀγνωμόνων
3152 2592 3359 2662 ἀνδρῶν
3390 2593 3468 2654 είς
3499 2592 3703 2659 ὲπιμέ-

2121 2686 2268 2739 λειαν
2300 2686 2487 2739 ἑαυτὸν
2522 2684 2784 2747 κατιέναι,
2834 2684 2976 2751 εἴγε
3009 2685 3102 2737 καὶ
3136 2683 3226 2736 τὸν
3257 2685 3537 2754 προφήτην
3566 2686 3704 2735 Θαυ-

2128 2778 2329 2849 μαστὸν
2353 2774 2420 2849 ἧν
2451 2807 2520 2816 ——
2543 2778 2623 2838 είς
2653 2776 2857 2845 πόρνης
2884 2774 3101 2844 ὁμιλίαν
3140 2778 3358 2845 χωρεῖν.
3401 2774 3474 2828 De
3498 2772 3701 2842 Wegn.

2124 2869 2272 2939 conj.
2330 2870 2465 2938 πρὸς
2513 2868 2593 2939 τῷ
2648 2885 2705 2921 κ.
2767 2866 3043 2937 πολλῷ-
3072 2868 3252 2936 μεῖζον
3283 2865 3703 2933 ἀναφαίνεσθαι.

2127 2961 2254 3029 Leg.
2287 2989 2346 3001 -—
2378 2958 2513 3030 πρὸς
2546 2961 2606 3011 τὸ
2646 2962 2739 3025 (v.
2776 2974 2828 3011 v.
2867 2972 2916 3010 c.
2958 2972 3011 3026 p.
3048 2956 3195 3026 250)
3238 2973 3292 3009 κ.
3331 2956 3497 3025 πολλῇ
3548 2972 3599 3008 τ.
3638 2974 3705 3008 π.

2129 3052 2311 3123 μεῖζον
2342 3053 2530 3118 ἀναφ.,
2564 3052 2600 3104 i.
2631 3065 2682 3104 e.
2722 3064 2830 3119 quo
2873 3050 3050 3116 majus
3081 3050 3249 3102 multa
3278 3049 3441 3103 etiam
3477 3062 3707 3117 compa.

2128 3144 2339 3199 ratione
2364 3149 2667 3212 appareret.
2686 3140 2864 3210 IEque
2892 3140 3029 3195 bene
3059 3156 3122 3193 ac
3152 3156 3202 3194 v.
3230 3155 3280 3194 c.
3302 3157 3352 3209 p.
3372 3140 3497 3199 250.
3530 3141 3706 3210 πολλὴ

2126 3234 2442 3306 πολιορκία,
2480 3250 2531 3304 p.
2564 3233 2706 3299 242,
2740 3232 2906 3295 πολὺς
2937 3230 3197 3295 Θάνατος,
3231 3247 3283 3300 p.
3320 3231 3443 3293 244,
3480 3249 3537 3283 π.
3565 3231 3709 3303 Θρῆ-

2126 3346 2251 3391 νος,
2283 3344 2337 3398 p.
2365 3328 2488 3392 652,
2542 3342 2602 3379 π.
2630 3325 2897 3396 εὐκοσμία
2920 3366 2935 3389 ,
2980 3324 3145 3378 habet
3182 3322 3349 3392 πολλὴ
3382 3340 3513 3393 παρ.
3546 3338 3708 3377 com-

2127 3422 2339 3491 paratio
2363 3419 2549 3474 multis
2571 3417 2877 3472 rationibus
2896 3416 3170 3479 instituta,
3195 3414 3356 3484 idque
3378 3431 3477 3468 cur
3495 3415 3707 3469 dictum

2128 3514 2193 3570 sit
2227 3512 2512 3583 sequentia
2542 3511 2749 3566 indicio
2776 3518 2927 3565 sunt.
2955 3540 3024 3549 —-
3054 3507 3149 3564 Os.
3189 3525 3276 3571 Vl,
3312 3509 3363 3569 '5,
3402 3525 3498 3578 pro
3539 3527 3710 3579 μετα-

2126 3606 2356 3660 ϐαλόντα
2384 3606 2489 3675 leg.
2517 3600 3100 3675 μεταϐαλόντος-08.
3121 3617 3195 3667 VI,
3226 3602 3280 3660 6,
3307 3618 3359 3671 p.
3380 3602 3465 3657 58.
3497 3618 3592 3672 pro
3616 3605 3711 3656 εὐ-

2126 3700 2279 3763 τελές
2311 3713 2499 3753 vereor
2532 3712 2600 3752 ne
2631 3696 2778 3748 ἔλεον
2805 3694 3203 3750 restituendum
3241 3695 3418 3747 sit.——
3451 3692 3545 3748 Os.
3581 3711 3709 3761 xm,

2131 3793 2221 3855 10,
2245 3806 2346 3861 pro
2378 3790 2622 3858 καίτοιγε
2651 3788 2832 3843 scribe
2858 3786 3000 3840 κατά
3026 3786 3086 3839 τὸ
3112 3786 3221 3856 γὰρ
3247 3827 3261 3849 ,
3289 3795 3341 3839 et
3373 3787 3533 3855 paulo
3585 3797 3711 3854 post

2132 3898 2230 3953 pro
2260 3881 2432 3952 κρίνει
2473 3881 2648 3950 κρινεί
2693 3893 2757 3931 ac
2804 3891 2903 3948 pro
2936 3877 3027 3929 ἐπὶ
3073 3876 3283 3939 τούτοις
3325 3877 3417 3926 ἐπὶ
3461 3875 3708 3939 τούτους.

2130 3972 2419 4035 Ιὶιίά.-ὼς
2444 3971 2509 4025 ἂν
2532 3970 2605 4041 μὴ
2625 3969 3008 4039 ἀντιπράττειν
3035 3968 3161 4036 ὑμῖν
3184 3967 3251 4019 τά
3278 3966 3540 4020 κάλλιστα
3566 3968 3711 4037 ὑπὲρ

2131 4066 2288 4138 ὑμῶν
2339 4061 2820 4134 διαπραττομένοις
2866 4060 3101 4130 δοκοίην.
3158 4057 3261 4113 Sed
3310 4061 3432 4114 cod.
3488 4059 3605 4113 Vat.
3638 4090 3713 4100 -—-

2133 4158 2275 4229 ὑπὲρ
2322 4153 2529 4209 ἑαυτῶν
2586 4149 3087 4222 διαπραττομένοις.
3143 4180 3213 4191 --
3256 4148 3380 4205 Haec
3423 4151 3559 4205 bene
3612 4166 3713 4220 per

2133 4249 2368 4304 ironiam
2413 4247 2579 4301 dicta.
2628 4244 2703 4297 De
2747 4241 2943 4313 Wegn.
2975 4243 3205 4297 debebat
3248 4242 3714 4314 διαπραττόμενος

2133 4338 2397 4395 scribere.
2426 4366 2496 4377 —
2519 4335 2613 4390 Os.
2645 4348 2745 4387 xm
2768 4373 2784 4399 ,
2815 4332 2915 4396 15,
2958 4332 3143 4403 ἐπειδὴ
3188 4333 3366 4385 τοίνυν
3392 4332 3614 4403 αἰχμαλ.
3640 4363 3716 4373 —-

2096 4458 2101 4464 -
2135 4428 2294 4498 Conj.
2344 4429 2433 4481 ἐπ.
2467 4424 2623 4479 τονῦν
2670 4427 2827 4492 αἱχμ.
2855 4452 2926 4463 -
2967 4422 3102 4478 Joel.
3143 4441 3203 4488 ιι,
3233 4425 3289 4486 2,
3324 4424 3503 4476 πάντα
3549 4426 3713 4477 καθε-

453 4531 623 4585 dorus
653 4542 776 4581 cum
806 4524 1025 4595 juvenis
1054 4520 1299 4576 Psalmos
1336 4518 1673 4589 explicaret,
1713 4516 2017 4573 accuratius

2138 4522 2318 4577 στῶτα
2347 4562 2364 4588 ,
2442 4519 2627 4573 malim
2705 4516 2913 4578 πάντας
2985 4516 3351 4581 καθεστῶτας.
3401 4546 3470 4556 -
3519 4517 3710 4571 Amos.

454 4620 652 4690 lingua:
683 4619 922 4671 rationes
953 4611 1240 4682 exposuit,
1279 4625 1451 4678 eoque
1493 4610 1664 4678 magis
1698 4624 1806 4678 quo
1847 4609 2017 4662 minus

2130 4616 2391 4690 Promm"
2435 4610 2532 4664 εἴτ’
2562 4605 2656 4663 οὖν
2684 4611 2811 4673 τοὺς
2847 4608 3067 4671 λοιποὺς
3114 4609 3238 4671 τοὺς
3293 4607 3392 4675 τῆς
3436 4606 3713 4677 βασιλείας

456 4711 769 4782 hujusmodi
806 4724 894 4763 res
923 4707 992 4761 ab
1015 4706 1136 4759 aliis
1162 4703 1549 4772 interpretibus
1576 4702 1877 4757 illustratas
1903 4716 2017 4756 esse

2129 4705 2344 4774 ἐκείνης
2371 4731 2458 4756 -.
2491 4699 2596 4754 Pro
2623 4698 2844 4762 λοιπούς
2887 4699 2989 4766 leg.
3027 4712 3224 4751 censeo
3260 4697 3591 4767 περιοίκους.
3640 4726 3713 4735 -——

454 4804 695 4859 videbat.
744 4799 926 4866 Quare
954 4799 1149 4852 iterum
1181 4796 1488 4864 iterumque
1511 4795 1765 4849 lectorem
1804 4794 2017 4849 uberius

2128 4798 2252 4849 Am.
2281 4809 2354 4848 vtl
2380 4834 2395 4857 ,
2430 4793 2527 4846 1-3
2546 4831 2562 4855 ,
2597 4790 2779 4862 μεῖζον
2811 4788 2993 4855 (codd.
3026 4788 3267 4858 μείζονα)
3301 4788 3528 4857 ἱλασμοῦ
3555 4817 3624 4827 -
3653 4789 3718 4841 τὸ

454 4894 515 4949 in
556 4892 898 4948 Psalmorum
952 4887 1395 4958 interpretatione
1432 4886 1708 4956 disputata
1760 4886 2017 4955 inspicere

2131 4885 2353 4957 πλῆθος.
2381 4914 2452 4924 -
2475 4884 2596 4936 Am.
2628 4897 2724 4946 vn,
2754 4879 2873 4946 4-6,
2911 4878 3033 4933 καθ’
3068 4880 3136 4949 ἢν
3184 4879 3384 4948 (δίκην)
3425 4878 3596 4931 ἅπασι
3642 4879 3719 4931 δι-

452 4985 626 5057 jubet.
669 4984 991 5052 Quanquam
1044 4981 1147 5033 hoc
1194 4994 1362 5033 unum
1421 4978 1579 5032 istam
1616 4978 2029 5032 conclusionem

456 5078 700 5139 conficit,
729 5076 872 5144 quod
903 5090 1001 5126 cur
1030 5072 1099 5126 de
1140 5072 1231 5125 illa
1274 5079 1576 5139 temporum
1616 5068 1862 5137 euallage
1889 5082 2024 5138 pra:-

455 5172 615 5241 cipue
662 5171 716 5222 in
749 5166 1087 5220 Psalmorum
1141 5163 1634 5235 prophetarumque
1680 5162 2031 5218 enarratione

530 5325 606 5389 (α)
644 5321 774 5375 V'oc.
805 5330 1174 5379 commentum,
1203 5316 1365 5389 quod
1388 5316 1438 5389 in
1478 5316 1600 5389 Act.
1637 5329 1804 5389 conc._
1825 5314 2019 5389 Const.

462 5409 498 5446 lt
529 5384 727 5459 szepius
761 5392 952 5460 legitur
977 5389 1116 5441 Maio
1141 5388 1326 5454 juuice
1356 5387 1388 5438 l.
1425 5386 1483 5446 1.,
1523 5385 1743 5460 librario
1773 5384 2022 5449 debetur,

461 5463 553 5531 qui
601 5454 707 5514 non
742 5454 1292 5531 inti-.llexeritjittera:
1324 5454 1718 5531 _coiiipei_idit_l_ip
1759 5471 1883 5508 cum
1933 5472 2028 5510 su-

464 5522 737 5601 perposita
793 5532 1032 5601 lineolae
1065 5529 1289 5601 Contra
1324 5522 1475 5601 Victi
1506 5522 1588 5601 _de
1633 5523 1828 5601 Wegn.
1892 5527 1927 5578 Ι.
1965 5527 2026 5592 1.,

464 5594 519 5671 p.
552 5594 660 5656 ivi.
695 5599 1127 5654 commentarium
1155 5597 1253 5649 levi
1280 5594 1477 5663 ingenii
1506 5594 1628 5648 lusu
1662 5595 1721 5671 in
1764 5610 2029 5649 commen-

466 5664 573 5723 ium
609 5672 884 5738 opprobrii
920 5686 1084 5723 causa
1130 5674 1393 5738 imitatum
1427 5679 1549 5717 esse
1588 5664 1862 5738 opinatur.
1891 5664 2027 5720 Male

464 5736 710 5807 uterque.
738 5738 1114 5807 (loiiimeutum
1151 5736 1375 5807 serioris
1410 5736 1669 5800 temporis
1698 5736 2025 5807 vocabulum

463 5819 567 5872 est,
602 5803 709 5877 quo
741 5827 791 5862 v.
830 5825 880 5864 c.
924 5811 1036 5878 ipse
1068 5806 1195 5878 Fac.
1228 5821 1312 5878 ιιι,
1347 5804 1409 5878 6;
1440 5818 1571 5878 usus
1600 5812 1701 5878 est.
1734 5803 2029 5878 Pompeius

461 5871 808 5935 commentum
840 5871 973 5933 artis
1006 5876 1196 5931 Donati
1231 5874 1334 5945 (eti.
1369 5871 1459 5927 Fr.
1487 5872 1844 5933 Lindetnann.
1875 5871 2026 5946 Lips.

2142 4978 2329 5043 κάζειν
2362 4974 2517 5028 εἴωθε
2554 4976 2664 5035 τοῖς
2716 4971 3025 5042 ἀνθρώποις
3055 4970 3253 5038 (codd.
3309 4970 3711 5043 ἀνθρωπίνοις).

2140 5099 2211 5110 ——
2243 5066 2385 5122 Abd.
2420 5080 2565 5119 vers.
2593 5064 2645 5127 1,
2677 5063 2771 5115 καὶ
2797 5062 2895 5130 τὴν
2922 5060 3267 5113 διδασκαλίαν
3294 5061 3403 5112 τῶν
3444 5062 3718 5131 ἐσομένων

2136 5158 2377 5230 ὡσπερεί
2412 5156 2593 5227 (codd.
2627 5155 2702 5217 ὼς
2737 5153 2884 5224 περί.
2909 5152 3033 5206 Mai.
3065 5162 3118 5207 et
3142 5152 3208 5206 de
3241 5151 3437 5222 Wegn.
3466 5154 3610 5220 conj.
3641 5152 3719 5216 ὡς

2125 5315 2285 5378 1820,
2319 5315 2373 5385 8)
2408 5312 2655 5385 scripsit.
2688 5311 2909 5367 Exstitit
2940 5326 3005 5369 ex
3039 5310 3129 5363 illa
3174 5324 3307 5363 voce
3350 5309 3612 5364 Italorum
3678 5313 3717 5365 il

2126 5396 2415 5439 commento
2431 5419 2443 5432 .

2197 5456 2269 5525 (b)
2300 5454 2384 5509 Cf.
2416 5453 2607 5508 Leont.
2640 5453 2782 5525 l.7c.,
2806 5449 3017 5525 p._690,
3053 5467 3168 5525 _¢—_
3191 5449 3716 5525 et__pr2emeditatiq-

2128 5518 2263 5579 nein'
2289 5532 2649 5579 excaecantem
2692 5524 2746 5576 in
2783 5518 2828 5580 s'.
2862 5523 2951 5577 Ps.
2977 5541 2993 5571 ι
3047 5518 3200 5591 (cod.
3232 5518 3355 5591 Vat.
3380 5557 3394 5581 ,
3431 5518 3545 5591 τὴκζ
3578 5519 3719 5569 κατὰ

2129 5594 2236 5647 τῶν
2261 5595 2433 5664 ίερῶν
2457 5593 2703 5664 Ψαλμῶν
2723 5589 3437 5664 τυφλοποιὸνἺπροΘεωρίαν)
3459 5629 3472 5647 ,
3507 5589 3713 5640 Themi.

2132 5681 2221 5733 ap.
2256 5660 2382 5718 Fac.
2427 5681 2507 5725 ιιι,
2553 5660 2655 5715 6⁷η
2693 5660 2963 5733 -ιιιιιείε
3020 5660 3357 5733 negligenter
3413 5661 3718 5733 composita

2135 5730 2263 5789 sunt
2304 5735 2534 5801 plurima
2567 5734 2668 5801 (sc.
2698 5734 2753 5787 in
2784 5730 2928 5787 Psfa
2956 5736 3085 5795 me),
3116 5740 3179 5801 et
3210 5730 3443 5801 maxime
3477 5730 3570 5801 illa
3603 5744 3720 5795 quae

2133 5795 2466 5872 prima'sunt.
2484 5822 2501 5853 ι
2525 5795 2726 5875 itaque
2752 5804 2839 5859 illa
2868 5803 2986 5859 loca
3015 5817 3081 5857 ex
3112 5800 3214 5856 hac
3241 5795 3551 5870 προθεωρίᾳ
3575 5813 3724 5851 sm..-

2136 5886 2227 5945 pta
2262 5888 2386 5931 esse
2414 5872 2597 5930 credo.
