3994 6504
289 403 358 453 45
1041 407 1126 460 DE
1167 406 1514 462 TIIEODORI
1558 408 2042 466 MOPSUESTEM
2088 411 2245 464 VITA
2292 409 2376 462 ΙΞΤ
2419 408 2749 463 SCRll’TlS.
3454 411 3527 463 λϐ

286 514 479 584 παρὰ)
513 532 656 576 τινος
679 515 970 579 λαλοῦντος
998 518 1273 589 ὑπήκουον
1300 549 1459 574 ~.-—-
1500 519 1636 575 Abd.
1671 521 1846 585 12-14,

1964 522 2122 584 ratio,
2152 537 2251 576 cur
2281 522 2438 576 eﬂ‘ata
2473 523 2632 576 modo
2669 523 2739 576 ad
2790 535 2874 576 res
2901 520 3212 576 Iudaeorum
3240 522 3521 592 Assyrias,

284 606 358 657 Τὸ
387 606 462 676 μὴ
499 606 681 676 (codd.
713 606 831 676 μὲν)
864 608 1052 679 ὲπίδῃς
1081 611 1200 662 ἀντὶ
1239 610 1332 664 τοῦ
1374 612 1461 665 ἵνα
1493 612 1566 682 μὴ
1617 611 1858 681 ἐφησθῇς

283 691 434 758 λέγει
463 721 633 746 —-.-—
661 691 784 747 Jon.
843 711 894 764 p.
933 695 1038 750 154
1064 735 1078 760 ,
1114 697 1202 751 διὰ
1246 706 1370 769 post
1411 700 1510 770 τὴν
1563 700 1858 770 παράδοξον

282 783 489 852 ταύτην
536 785 797 854 ἐργασίαν
841 803 1026 842 errore
1065 796 1254 842 natum
1295 789 1604 844 delendum.
1639 821 1708 831 -—-
1731 789 1854 844 Jon.

285 891 326 938 1,
356 874 410 938 2,
439 873 565 928 fort.
604 876 703 946 leg.
738 905 808 915 —
841 877 872 946 ἢ
906 879 980 948 μὴ
1007 879 1462 949 μεταϐαλομένοις
1485 881 1664 950 (codd.
1697 900 1858 952 μετα-

284 966 638 1036 ϐαλομένους)
658 997 824 1022 --.—
845 969 969 1024 Jon.
1004 985 1044 1032 t,
1072 971 1125 1034 5,
1159 971 1234 1034 ὡς
1260 971 1424 1024 αὑτοῦ
1465 972 1537 1042 μὴ
1585 974 1768 1039 (codd.
1797 972 1857 1024 τό

281 1057 386 1125 γε)
415 1058 795 1125 ἐπιφαίνεσθαι
843 1062 900 1112 ὲν
951 1063 1044 1128 (ἐν
1083 1062 1136 1116 111
1185 1062 1346 1116 codd.
1382 1063 1555 1132 deest)
1587 1065 1696 1126 τοῖς
1745 1065 1860 1115 ἐκεῖ

279 1147 470 1209 τόποις
507 1148 639 1218 μηδὲ
683 1179 753 1187 -
785 1151 1136 1220 ἀνεχομένου.
1167 1181 1238 1190 -
1271 1151 1436 1205 Mich.
1493 1169 1544 1205 tv
1564 1192 1580 1216 ,
1612 1153 1712 1217 15,
1760 1151 1857 1221 τὴν

278 1235 559 1288 ἀπώλειαν
597 1237 768 1306 λογιεῖ
821 1237 986 1309 (cod.
1038 1239 1160 1294 Vat.
1203 1240 1356 1311 λογιῇ
1389 1282 1403 1304 ,
1459 1242 1584 1296 cod.
1619 1239 1851 1294 Vindoh.

277 1325 576 1392 ἁναλογιεῖ.
615 1327 689 1379 De
713 1325 906 1397 Wegn.
940 1329 1040 1398 legi
1074 1331 1280 1382 mavult
1303 1328 1610 1396 ἀναλογιεῖς
1635 1329 1698 1399 (⁸2)
1727 1332 1741 1395 )
1779 1328 1856 1398 τῷ

276 1415 403 1485 Θεῷ
428 1446 594 1469 ———.—
624 1417 760 1471 Nab.
790 1434 850 1483 11,
880 1419 933 1483 8,
955 1419 1350 1490 -διήλλαττεν
1387 1420 1576 1490 (codd.
1607 1419 1857 1490 διήλλατ-

272 1508 406 1579 τον)
438 1538 602 1560 -—.—
625 1508 760 1563 Nah.
796 1526 877 1573 ιιι,
922 1511 1010 1573 15,
1075 1511 1213 1563 Ἀλλ’
1242 1511 1390 1564 οὐδὲν
1427 1509 1578 1563 ἔσται
1613 1527 1694 1562 σοι
1722 1503 1856 1580 πρὸς

274 1599 559 1668 σωτηρίαν
585 1601 882 1671 μηχάνημα
913 1602 1055 1662 τότε,
1085 1601 1390 1654 τούναντίον
1419 1601 1516 1670 μὲν
1542 1596 1634 1654 οὖν
1668 1601 1856 1672 ὥσπερ

273 1686 362 1748 εἷς
383 1704 508 1739 τινα
530 1687 698 1757 πηλὸν
726 1689 942 1762 ἐμπέσῃ
973 1689 1034 1742 τὸ
1077 1690 1305 1760 μέγεθος
1332 1689 1439 1744 τῶν
1470 1691 1673 1753 κακῶν,
1700 1691 1856 1759 δίκην

270 1777 503 1847 ἀχύρων
548 1780 604 1832 ὲν
637 1781 850 1849 ποιήσει
894 1782 1128 1834 πλίνθων
1162 1781 1630 1851 συμπατουμένων
1673 1797 1731 1832 τε
1762 1780 1856 1834 καὶ

1959 611 2123 665 modo
2173 611 2239 665 ad
2276 611 2631 682 Babylonicas
2654 651 2669 675 ,
2703 611 2864 666 modo
2915 609 2980 664 ad
3013 609 3390 665 Machabaicas
3438 625 3522 664 re-

1959 703 2162 757 tulerit.
2195 701 2302 772 Ipsi
2342 704 2396 756 in
2430 704 2528 758 has
2581 703 2767 759 illasve
2807 704 3084 773 propheta:
3127 703 3288 757 verba
3327 704 3524 758 melius

1958 793 2228 860 quadrare
2261 793 2602 848 videbantur.
2635 793 2742 847 Sed
2802 793 3065 863 quidquid
3114 793 3162 847 ei
3219 793 3521 856 videbatur,

1960 883 2011 936 id
2043 883 2097 936 in
2130 891 2278 936 tanta
2306 883 2769 954 interpretationis
2793 883 3008 938 licentia
3035 899 3101 936 ex
3121 883 3302 937 verbis
3329 897 3523 936 eruere

1959 991 2066 1028 non
2095 976 2324 1029 arduum
2355 986 2492 1030 erat.
2530 976 2850 1044 Quanquam
2884 975 2986 1028 hoc
3034 975 3206 1043 magis
3241 989 3269 1026 a
3294 973 3522 1042 reliquis

1959 1065 2023 1122 V.
2060 1065 2123 1119 Τ.
2159 1067 2549 1136 interpretibus
2596 1065 2800 1122 Graacis
2860 1065 3215 1119 commissum
3257 1079 3364 1118 non
3410 1073 3518 1116 tant

1960 1158 2248 1213 Theodoro
2277 1173 2439 1228 quam
2463 1157 2691 1228 tempori
2721 1170 2830 1226 quo
2861 1155 2994 1208 vixit
3021 1154 3148 1208 vitio
3177 1153 3519 1208 vertendum.

1961 1248 2147 1303 Voluit
2181 1249 2459 1303 licentiam
2497 1263 2751 1302 coercere
2773 1287 2788 1309 ,
2819 1247 2913 1300 sed
2942 1262 3047 1300 non
3076 1245 3282 1315 potuit,
3314 1252 3366 1298 et
3391 1245 3520 1298 dum

1956 1338 2092 1392 alios
2119 1339 2242 1406 jure
2270 1337 2501 1391 licentia:
2534 1339 2850 1407 postularet,
2886 1338 3000 1404 ipse
3033 1338 3138 1389 alia
3195 1337 3406 1390 ratione
3455 1337 3520 1388 li-

1957 1430 2149 1484 centize
2177 1429 2363 1481 vitium
2395 1427 2648 1482 incurrit.
2680 1426 2784 1481 Sed
2813 1426 3239 1480 commentarius
3262 1427 3524 1480 doctrina:

1958 1521 2226 1576 Theodori
2265 1521 2471 1575 rectius
2501 1519 2896 1591 cognoscenda:
2949 1520 3291 1596 aliquatenus
3346 1519 3524 1573 inser-

1955 1613 2052 1666 vit.
2083 1611 2196 1666 Etsi
2221 1611 2364 1665 enim
2391 1611 2684 1681 prophetas
2710 1626 2831 1680 quae
2859 1610 3061 1664 Judaeis
3098 1624 3269 1680 usque
3299 1609 3366 1662 ad
3393 1616 3525 1662 tem-

1956 1718 2088 1772 pora
2133 1700 2482 1756 Macbabaica
2541 1701 2854 1756 acciderent
2913 1701 3256 1770 portendisse
3308 1700 3521 1762 statuit,

1956 1792 2188 1862 quodam
2220 1799 2400 1846 tamen
2428 1792 2642 1845 vinculo
2670 1793 3058 1861 prophetarum
3087 1792 3246 1846 effata
3281 1806 3402 1844 cum
3433 1805 3523 1845 re-

273 1869 811 1938 συναναφυρομένων
843 1870 920 1941 τῷ
957 1869 1114 1941 πηλῷ
1154 1871 1334 1939 (codd.
1371 1871 1660 1942 ἐμποιήσει
1705 1871 1846 1923 πλίν·

1956 1882 2058 1936 bus
2083 1881 2411 1936 Christianis
2466 1882 2834 1943 consociavit,
2881 1897 3003 1936 cum
3041 1881 3162 1934 aliis
3197 1879 3522 1946 rationibus,

271 1958 373 2011 θον
400 1959 849 2030 συμπατούμενόν
879 1976 937 2013 τε
960 1961 1057 2013 καὶ
1084 1961 1591 2032 συναναφυρόμενον
1607 1963 1670 2032 (ε)
1695 1979 1743 2015 τ.
1767 1962 1850 2032 π.)

269 2049 338 2099 ἐν
358 2048 536 2102 ἅπασι
565 2051 676 2113 τοῖς
696 2050 815 2103 τότε
838 2051 1140 2121 φυρόμενος
1163 2053 1344 2120 (codd.
1372 2054 1716 2125 φυρομένοις)
1745 2072 1847 2108 κα-

272 2140 401 2200 aco't;
443 2139 538 2191 καὶ
560 2141 740 2203 αὐτός.
771 2141 836 2196 Η.
868 2157 919 2197 e.
953 2160 971 2192 ι
997 2141 1379 2197 Verumtamen
1417 2152 1531 2197 tum
1562 2146 1708 2198 nulla
1754 2147 1850 2200 tibi

271 2229 383 2281 erit
415 2230 614 2286 salutis
647 2231 999 2297 machinatio,
1025 2234 1132 2288 imo
1167 2235 1331 2289 veluti
1363 2235 1415 2289 in
1441 2236 1614 2289 lutum
1643 2237 1851 2291 incides

272 2321 333 2372 in
359 2321 628 2374 malorum
665 2324 1090 2393 magnitudinem
1119 2333 1174 2380 et
1205 2327 1480 2396 palearum
1513 2327 1708 2390 instar,
1733 2345 1852 2396 qua:

271 2423 400 2462 cum
433 2411 631 2467 lateres
654 2413 1039 2478 conﬁciuntur,
1071 2418 1466 2472 conculcantur
1489 2427 1543 2474 et
1568 2421 1680 2474 luto
1707 2438 1852 2475 com-

273 2502 614 2563 miscentur,
663 2506 916 2562 omnibus
948 2508 1093 2562 illius
1122 2510 1384 2579 temporis
1439 2513 1597 2566 malis
1646 2522 1699 2566 ct
1737 2514 1853 2582 ipse

271 2592 782 2649 commisceberis.»
816 2626 884 2635 —
920 2595 1122 2651 Habac.
1163 2615 1224 2662 11,
1255 2599 1308 2664 4,
1342 2601 1502 2654 ’Ὥστε
1549 2603 1728 2671 (codd.
1753 2605 1849 2673 ὡς)

269 2683 319 2734 εί
339 2683 440 2735 καί
473 2701 561 2746 τις
586 2685 836 2756 ὀκνήσειε
857 2715 1022 2741 -.-
1047 2688 1182 2744 Hab.
1215 2706 1275 2755 11,
1306 2692 1393 2754 15,
1441 2693 1532 2745 τὸν
1577 2689 1717 2746 οἶνον
1761 2698 1852 2747 καὶ

271 2775 332 2826 τὸ
353 2777 538 2829 πίνειν
576 2779 738 2832 αὐτὸν
779 2781 869 2832 ἐπὶ
907 2781 1008 2851 τῆς
1052 2784 1340 2852 συμφορᾶς
1379 2785 1559 2847 (codd.
1587 2786 1684 2847 τὰς
1718 2803 1851 2854 ευμ-

275 2869 471 2939 ςορὰς)
497 2870 668 2938 λέγει.
701 2901 770 2912 --
799 2872 964 2927 Zach.
993 2891 1032 2938 1,
1067 2873 1119 2937 7,
1155 2873 1266 2927 τῶν
1307 2876 1404 2944 μὲν
1440 2877 1620 2929 ἵππων
1643 2878 1853 2946 δηλούν-

271 2973 383 3009 των
431 2958 534 3029 τὴν
578 2959 852 3031 ταχύτητα
907 2963 1008 3032 τῆς
1045 2965 1418 3035 λειτουργίας,
1473 2967 1608 3020 ἀλλὰ
1651 2969 1707 3020 δὲ
1743 2971 1852 3022 τῶν

273 3050 505 3119 πυρῤῶν
533 3051 608 3119 (c.
651 3050 773 3106 Vat.
804 3053 951 3107 ἄλλοι
981 3055 1037 3107 δὲ
1069 3057 1275 3127 πυρρὸν
1299 3057 1363 3126 (?)
1385 3098 1400 3119 ,
1433 3073 1482 3112 c.
1531 3057 1684 3112 Vind.
1716 3062 1850 3115 ἀλλὰ

266 3139 322 3191 δὲ
346 3142 584 3212 mpm)
620 3143 712 3196 τὸν
756 3143 946 3211 θυμὸν,
986 3145 1046 3198 ὃν
1085 3147 1338 3200 κατά.’--
1364 3147 1528 3202 Zach.
1563 3165 1638 3211 Ix,
1675 3151 1730 3214 9,
1766 3152 1846 3211 l0.

267 3231 512 3284 τοιοῦτόν
539 3236 656 3286 ἐστι
694 3235 788 3287 καὶ
809 3235 871 3288 τὸ
897 3236 1046 3306 παρὰ
1074 3237 1146 3306 (τ.
1173 3254 1233 3288 π.
1267 3241 1523 3292 omittunt
1543 3240 1728 3308 codd.)
1771 3241 1849 3312 τῷ

270 3339 325 3392 μ.
372 3326 436 3376 Δ.
483 3324 590 3379 Sed
625 3324 761 3380 Joel.
813 3342 894 3390 tu,
945 3327 1147 3394 16-18,
1195 3330 1355 3383 verba
1401 3331 1458 3384 αἱ
1508 3332 1750 3386 εἰωθυῖαι
1779 3364 1850 3374 —-

267 3413 504 3484 δωρεαί,
558 3417 778 3472 lectoris
835 3417 1119 3486 cujusdam
1169 3418 1745 3488 interpretamentum,
1793 3423 1848 3477 in

269 3512 479 3559 textum
520 3509 661 3561 male
694 3509 962 3564 invasisse
999 3511 1275 3579 suspicor.

337 3589 418 3644 De
440 3593 820 3646 commentarii
855 3595 1056 3657 indole,
1099 3594 1256 3648 laude
1288 3605 1342 3649 et
1365 3595 1510 3650 vitiis
1531 3596 1736 3652 multus
1766 3607 1849 3652 est

265 3679 413 3746 Ang.
450 3677 624 3734 Maius
657 3679 691 3732 Ι.
723 3682 783 3744 1.,
820 3681 1005 3744 Praaf.,
1038 3699 1092 3752 p.
1121 3699 1189 3737 xv
1216 3699 1334 3753 sq.;
1384 3699 1484 3754 ego
1519 3687 1709 3755 paucis
1751 3689 1848 3740 ab-

269 3771 502 3824 solvam.
527 3772 676 3828 Solet
697 3772 1018 3830 Theodorus
1050 3777 1162 3842 ubi,
1183 3792 1291 3846 quo
1313 3785 1556 3848 tempore
1583 3779 1844 3847 propheta

266 3862 603 3917 vaticinatus
629 3865 721 3927 sit,
759 3881 898 3934 quas
925 3881 1014 3921 res
1050 3868 1382 3934 prtedixerit,
1412 3877 1466 3922 et
1494 3883 1602 3937 qua
1633 3869 1844 3925 ratione

263 3953 390 4019 ejus
442 3953 605 4008 eﬂ‘ata
653 3971 778 4010 cum
828 3957 991 4012 rebus
1053 3956 1383 4012 Christianis
1439 3959 1850 4014 continerentur

263 4042 470 4104 dicere,
501 4043 819 4114 plerumque
843 4046 958 4113 ipsa
998 4046 1272 4115 prophetae
1301 4047 1463 4101 verba
1497 4062 1561 4100 ex
1595 4047 1732 4101 LXX
1770 4051 1850 4103 in-

261 4137 663 4203 terpretatione
691 4141 767 4206 (a)
798 4137 992 4192 aﬂ'erre
1025 4153 1198 4207 eaque
1221 4139 1518 4208 explicare.
1549 4139 1685 4194 Cum
1714 4156 1847 4195 vero

262 4228 557 4280 sententiae
598 4228 885 4282 verborum
929 4229 1278 4283 enucleandae
1309 4231 1544 4285 maxime
1587 4241 1732 4286 esset
1764 4234 1847 4285 in-

259 4324 491 4378 tentus,
544 4316 714 4370 missa
748 4316 1099 4388 ἀκριϐολογίᾳ
1148 4317 1214 4372 de
1247 4319 1409 4374 rebus
1452 4333 1574 4387 quae
1604 4319 1739 4390 πρὸς
1786 4322 1846 4374 τὸ

258 4405 448 4476 νόημα
489 4407 626 4462 nihil
652 4407 912 4470 facerent,
945 4422 999 4462 v.
1028 4422 1075 4461 c.
1106 4405 1173 4461 de
1197 4408 1426 4463 urbibus
1460 4409 1661 4477 ignotis
1681 4450 1694 4472 ,
1725 4425 1845 4478 quae

254 4510 314 4550 et
342 4498 440 4552 ubi
473 4497 708 4554 fuissent
740 4498 858 4568 (cf.
889 4499 1010 4553 Am.
1062 4515 1139 4556 vt.
1169 4500 1224 4561 9,
1257 4499 1364 4563 10;
1414 4514 1467 4568 p.
1511 4499 1638 4560 29.7,
1677 4517 1749 4562 ix,
1790 4500 1840 4560 7,

1955 1978 2068 2022 tum
2107 1985 2173 2023 eo
2223 1978 2528 2024 commotus
2552 2012 2566 2032 ,
2597 1971 2741 2040 quod
2797 1985 2912 2024 toca
2950 1969 3014 2023 γ.
3047 1969 3111 2023 Τ.
3158 1970 3211 2024 111
3242 1968 3308 2023 Ν.
3341 1969 3407 2022 ad
3438 1984 3525 2024 res

1953 2056 2293 2112 Christianas
2327 2060 2680 2113 referrentur.
2707 2059 2883 2126 Atque
2915 2059 3225 2128 hujusmodi
3279 2059 3395 2112 loca
3432 2057 3524 2112 ubi

1954 2150 2344 2218 interpretatur
2366 2191 2380 2212 ,
2434 2150 2545 2204 fere
2590 2150 2811 2204 uberius
2863 2149 3084 2220 exponit
3118 2151 3244 2219 quid
3273 2151 3340 2203 de
3371 2149 3429 2202 V.
3455 2149 3519 2203 T.

1954 2243 2153 2296 sentiat
2178 2249 2232 2296 et
2264 2258 2384 2311 quas
2423 2242 2616 2295 horum
2651 2242 2915 2304 locorum,
2957 2257 3077 2311 quae
3105 2241 3276 2310 primo
3303 2241 3521 2310 quidem

1953 2335 2090 2388 alias
2116 2349 2203 2388 res
2234 2334 2445 2388 futuras
2474 2332 2832 2397 iudicassent,
2867 2334 3006 2386 ratio
3033 2349 3156 2388 cum
3194 2334 3352 2387 rebus
3368 2334 3526 2388 Chriv

1953 2425 2148 2480 stianis
2178 2425 2271 2492 sit,
2301 2433 2555 2496 typorum
2587 2440 2688 2496 ope
2719 2425 2994 2495 explanat.
3027 2456 3097 2465 -—
3132 2426 3289 2480 Clare
3323 2433 3377 2480 et
3405 2441 3523 2494 per-

1954 2515 2139 2583 Spicue
2164 2530 2286 2569 cum
2316 2516 2556 2570 scribere
2585 2515 2762 2580 vellet,
2783 2516 3000 2570 easdem
3027 2515 3326 2570 sententias
3353 2516 3522 2568 etiam

1951 2617 2114 2677 atque
2145 2608 2307 2662 etiam
2342 2607 2575 2676 repetiit,
2599 2615 2651 2662 et
2681 2607 2918 2676 periodis
2946 2623 3078 2662 usus
3109 2616 3194 2662 est
3216 2623 3354 2678 quas
3377 2622 3520 2676 :egre

1958 2701 2132 2768 primo
2159 2699 2352 2752 obtutu
2382 2697 2704 2768 perspicias.
2747 2697 2822 2751 Ita
2849 2698 3024 2770 stylus
3051 2700 3316 2754 verbosus
3337 2737 3352 2759 ,
3381 2699 3523 2752 sale-

1956 2795 2153 2845 brosus
2195 2799 2250 2844 et
2308 2789 2580 2844 obscurus
2633 2790 2902 2846 redditus.
2935 2788 2992 2844 In
3049 2791 3288 2860 periodis
3340 2799 3523 2843 autem

1953 2880 2350 2936 constituendis
2411 2883 2700 2952 verbisque
2765 2881 3032 2952 eligendis
3093 2897 3155 2935 ea
3212 2881 3522 2936 constantia

1953 2978 2199 3028 versatus
2232 2980 2335 3035 ρει,
2371 2987 2531 3042 quam
2569 2973 2660 3026 vix
2709 2973 2762 3026 in
2795 2974 2904 3027 ullo
2957 2974 3065 3028 alio
3117 2975 3384 3043 scriptore
3430 2974 3525 3028 dc-

1955 3061 2278 3132 prehendas.
2305 3062 2572 3117 Caeterum
2610 3062 2787 3116 oratio
2809 3060 2997 3116 Gra'ca
3030 3063 3334 3118 laudabilis.

1814 3194 1846 3255 ζ’
1878 3194 1918 3251 C
1956 3197 2016 3250 1).
2045 3195 2428 3251 Conmtentarii
2450 3197 2502 3249 in
2537 3195 2752 3258 Jobum,
2788 3197 3137 3251 Ecclesiasten
3169 3209 3214 3252 et
3242 3199 3521 3253 Canticum

2565 3268 2885 3319 cantiwrum
2896 3309 2908 3321 .

2022 3399 2292 3452 Theodori
2328 3401 2382 3452 in
2416 3397 2611 3452 Jobum
2651 3403 3028 3454 commentarii
3061 3401 3166 3470 (cf.
3204 3405 3323 3456 Act.
3361 3418 3518 3458 conc.

1950 3488 2137 3544 Const.
2171 3506 2231 3551 ll,
2261 3507 2333 3555 tv,
2375 3489 2561 3562 65-67)
2585 3508 2601 3559 ;
2627 3489 2819 3546 Leont.
2859 3493 2896 3546 l.
2923 3509 2994 3557 c.,
3029 3509 3080 3560 p.
3117 3494 3240 3560 690,
3277 3514 3373 3546 c—
3401 3509 3524 3564 quae

1952 3597 2088 3636 vane
2117 3581 2417 3636 elaboravit
2444 3611 2514 3622 -ε-
2541 3581 2597 3636 111
2634 3582 2830 3636 librum
2875 3591 3065 3637 contra
3110 3581 3277 3645 Job,»
3329 3584 3518 3642 Ebedi.

1948 3673 1985 3726 l.
2015 3688 2088 3732 c.,
2142 3689 2195 3742 p.
2243 3674 2304 3728 ’51
2337 3691 2348 3724 :
2387 3693 2405 3726 1
2435 3703 2503 3713 -
2543 3672 2646 3729 Job
2675 3674 2888 3730 duobus
2932 3676 3094 3729 tomis
3144 3674 3211 3728 ad
3259 3676 3520 3748 Cyrillum

1949 3764 2240 3818 Alexandr.
2266 3782 2313 3820 ,ι
2358 3764 2550 3819 dubito
2581 3780 2686 3828 an.
2736 3765 2981 3836 exceptis
3021 3765 3088 3819 iis
3125 3781 3245 3834 qua:
3297 3767 3350 3820 in
3398 3767 3518 3820 Act.

1949 3871 2107 3909 conc.
2143 3855 2330 3910 Const.
2369 3857 2494 3920 11,1.
2533 3857 2566 3910 1.
2604 3857 2893 3928 leguntur,
2929 3858 3094 3910 multa
3134 3867 3346 3912 artatem
3382 3859 3521 3912 tule-

1950 3950 2078 4000 rint.
2106 3944 2439 4000 Memoratur
2479 3956 2661 4002 tamen
2692 3946 3014 4003 Theodorus
3053 3947 3107 4000 in
3146 3947 3266 4000 Cat.
3302 3948 3521 4002 ineditis

1950 4035 2090 4090 inter
2111 4036 2506 4104 explicatores;
2532 4036 2607 4091 cl‘.
2639 4046 2748 4092 cat.
2778 4038 2956 4091 Vatic.
2986 4037 3252 4091 vetustior
3279 4045 3333 4090 et
3378 4054 3522 4107 qumv-

1948 4127 2072 4181 dam
2112 4128 2278 4180 altera
2338 4128 2611 4183 recentior
2634 4169 2648 4190 .
2681 4129 2803 4184 cod.
2843 4127 2861 4180 l
2888 4127 3157 4181 Vincentii
3189 4126 3399 4182 Pinelli.
3431 4127 3517 4181 υς.

1947 4217 2230 4272 Possevini
2265 4217 2526 4285 Apparat.
2576 4235 2622 4272 δ.
2678 4216 2740 4282 II,
2778 4234 2834 4288 p.
2877 4217 3004 4280 269,
3035 4218 3174 4283 270;
3219 4215 3339 4271 Cat.
3393 4217 3514 4270 eod.

1946 4309 2066 4364 XXI
2104 4311 2235 4365 bibl.
2266 4309 2432 4364 Marc.
2476 4308 2668 4365 Venet.
2697 4327 2712 4374 ;
2748 4310 2825 4364 cl‘.
2857 4309 3062 4364 Morell.
3093 4310 3212 4375 l.l.,
3251 4309 3288 4375 I,
3319 4325 3372 4379 p.
3406 4309 3520 4378 '58;

1946 4399 2066 4454 Cat.
2099 4398 2219 4454 cod.
2254 4399 2460 4455 CXCIV
2491 4401 2623 4454 bibl.
2651 4399 2818 4455 Coisl.
2852 4417 2866 4466 ;
2900 4400 2972 4454 cf.
3006 4399 3191 4453 Monlf.
3224 4400 3291 4455 B.
3327 4399 3519 4465 CoisL,

1946 4506 1999 4559 p.
2028 4491 2130 4544 247
2155 4507 2168 4555 ;
2198 4491 2316 4544 Cat.
2349 4491 2471 4546 cod.
2502 4489 2690 4544 XXVII
2719 4491 2851 4545 bibl.
2875 4491 3014 4546 Med.
3051 4491 3213 4546 Laur.
3238 4509 3252 4557 ;
3280 4492 3351 4546 cf.
3379 4492 3521 4546 Ban-

257 4590 396 4660 a|,),
426 4592 706 4644 interdum
748 4558 1142 4662 ’ρι-οριιειπυηι
1173 4558 1309 4660 quas
1347 4558 1575 4661 ῥιίιυωι
1623 4558 1843 4645 genie...
1876 4558 1918 4611 θ
1948 4558 2062 4635 diu.
2100 4581 2138 4634 1.
2175 4582 2237 4643 l.,
2278 4581 2319 4646 Ι,
2365 4598 2418 4652 p.
2461 4583 2550 4636 52.
2583 4581 2684 4636 Sed
2725 4590 2919 4635 catena
2968 4582 3144 4651 primo
3179 4582 3299 4637 loco
3341 4583 3522 4652 posita

258 4682 366 4734 tias
392 4681 775 4735 tantummodo
799 4681 921 4735 aliis
949 4681 1130 4736 verbis
1151 4679 1408 4743 reddidit,
1432 4680 1632 4749 saepius
1659 4689 1840 4733 tamen
1941 4672 2128 4728 eadem
2161 4671 2376 4727 videtur
2404 4689 2528 4729 esse
2562 4689 2726 4744 quam
2761 4673 2825 4727 A.
2856 4672 3030 4728 Maius
3057 4675 3092 4726 l.
3114 4674 3174 4736 1.,
3214 4673 3252 4735 l,
3287 4690 3340 4744 p.
3380 4691 3516 4740 xxtt,

256 4784 416 4822 suam
443 4771 954 4839 interpretationem
993 4771 1191 4840 linguae
1224 4779 1280 4826 et
1307 4785 1491 4824 rerum
1534 4771 1842 4824 rationibus
1943 4779 2108 4816 unum
2143 4763 2413 4818 Theodori
2445 4765 2622 4818 locum
2656 4763 3019 4833 eumdemque
3058 4780 3122 4818 ex
3169 4765 3291 4832 ejus
3316 4767 3370 4818 in
3409 4765 3519 4819 Za-

252 4863 423 4916 etiam
453 4864 670 4917 munire
693 4863 918 4932 studuit,
948 4863 1221 4932 pracipue
1244 4878 1372 4917 vero
1408 4863 1678 4932 imagines
1697 4863 1839 4916 haud
1940 4854 2178 4908 chariam
2209 4856 2604 4910 commentario
2632 4855 2858 4924 petitum
2895 4855 3177 4910 continere
3208 4857 3478 4926 perhibet.

251 4968 385 5007 raro
421 4963 571 5008 recte
618 4954 835 5023 quidem
891 4954 1165 5023 exposuit.
1199 4953 1443 5006 Aliorum
1480 4954 1836 5022 interpretum

251 5047 565 5099 sententias
595 5061 718 5100 raro
775 5046 994 5108 attulit,
1026 5046 1206 5099 rarius
1235 5044 1512 5098 refutavit.
1556 5045 1832 5110 Quemad-

249 5134 483 5188 modum
515 5145 694 5189 autem
717 5137 1004 5204 permulta,
1041 5135 1239 5204 quibus
1267 5150 1396 5190 suas
1443 5135 1834 5202 explicationes

253 5224 519 5287 lirmavit,
550 5224 904 5280 fundamento
925 5232 1134 5288 carent,
1161 5226 1248 5279 cui
1273 5235 1418 5279 recte
1441 5226 1597 5278 inniti
1630 5226 1831 5295 possis,

256 5315 324 5366 ita
381 5329 520 5385 vaga
569 5317 732 5368 etiam
786 5325 840 5371 et
895 5316 950 5369 in
1015 5312 1286 5368 Theodori
1327 5315 1552 5367 arbitrio
1597 5315 1704 5366 sita
1751 5322 1835 5367 est

317 5477 400 5547 (α)
437 5476 592 5531 Hanc
619 5475 1177 5547 versionemjmaximi
1210 5474 1355 5547 fecit,
1384 5473 1663 5547 Syriacam
1693 5489 1825 5528 con-

245 5543 336 5600 tra
370 5543 531 5600 ﬂocci
570 5544 1034 5617 pependit._lllam
1072 5545 1219 5597 viros
1270 5543 1466 5617 lingua:
1500 5543 1736 5617 l-lebraeze
1772 5552 1826 5598 et

250 5614 586 5686 Scriptura)!
638 5614 1008 5686 peritissimos
1068 5622 1122 5686 et
1189 5614 1430 5684 pontilici
1502 5614 1827 5686 populoque

246 5683 561 5742 Israelitico
589 5683 847 5752 probatos
875 5683 1180 5739 confecisse
1207 5698 1436 5751 eamque
1465 5683 1534 5752 ab
1561 5684 1826 5752 apostolis

249 5770 532 5825 receptam
565 5748 679 5824 jam
732 5757 782 5809 in
819 5748 1361 5825 Ecclesiaiad‘biberi'
1398 5751 1555 5823 (πῶς
1583 5748 1680 5825 οὖν
1728 5755 1826 5825 ουκ

247 5822 483 5894 ἀνόητον
507 5822 770 5895 νομίζειν,
785 5827 866 5878 ὅτι
888 5826 937 5877 οἱ
963 5822 1475 5895 μὲν-Ἐὁδομὴξιοντα
1496 5823 1830 5895 -έ-διεσφάλο

246 5891 410 5950 λοπηο
446 5891 583 5968 περῖ
604 5896 768 5964 λέξιν,
793 5895 842 5948 οἳ
866 5891 1088 5962 καὶίπρδ
1111 5893 1291 5961 πάσης
1315 5893 1608 5965 ἑρμηνείας
1633 5892 1828 5965 ᾔδεσαν

2013 4946 2288 5000 Theodori
2333 4946 2400 5000 de
2427 4947 2566 5002 libro
2595 4944 2715 4999 Jobi
2765 4946 3032 5000 sententia
3071 4948 3170 5015 (v.
3209 4947 3401 5016 fragm.
3461 4947 3518 5002 in

1945 5037 2066 5089 Act.
2101 5051 2259 5090 conc.
2291 5035 2481 5091 Const.
2515 5037 2637 5101 11,1.
2685 5037 2719 5089 l.
2758 5044 2812 5091 et
2844 5036 3036 5090 Lcont.
3073 5037 3108 5090 l.
3139 5052 3215 5101 c.,
3247 5054 3299 5106 p.
3343 5037 3446 5090 687
3475 5039 3517 5106 ),

1945 5145 2066 5198 qua:
2104 5144 2235 5183 sane
2282 5129 2603 5183 orthodoxis
2631 5130 2974 5183 stomachum
3004 5145 3222 5184 movere
3263 5129 3517 5195 debebat,

1945 5222 2052 5274 huc
2079 5220 2240 5274 redit.
2263 5220 2435 5275 Jobus
2471 5236 2500 5273 a
2526 5221 2792 5289 Scriptore
2829 5219 2952 5274 libri
2986 5221 3154 5290 probe
3198 5221 3520 5274 discernen-

1946 5312 2069 5365 dus.
2111 5309 2203 5365 Ille
2236 5312 2396 5363 homo
2423 5322 2540 5363 erat
2569 5311 2839 5366 barbarus
2867 5353 2882 5374 ,
2916 5309 3166 5363 Edomita
3205 5325 3435 5368 genere.
3464 5317 3518 5362 et

1926 5477 2142 5537 πάντως
2175 5474 2235 5526 τὸ
2281 5474 2337 5524 ἐν
2362 5475 2432 5542 τῇ
2465 5470 2584 5541 θείᾳ
2623 5471 2872 5542 κείμενον
2901 5471 3084 5539 γραφῇ
3122 5484 3227 5542 τ-;
3260 5483 3312 5536 ρ.
3340 5466 3447 5520 252
3474 5468 3514 5530 ),

1928 5545 2072 5599 hanc
2102 5559 2233 5598 vero
2273 5558 2304 5594 a
2352 5537 2490 5610 Sfro
2521 5537 2758 5609 quodam
2791 5537 2978 5608 ignoto
3020 5537 3331 5610 profectam
3363 5553 3508 5610 esse.

1923 5613 2191 5668 Praeterea
2225 5607 2423 5682 sa’pius
2455 5607 2684 5682 (p.965?)
2724 5611 2774 5662 in
2805 5607 3516 5682 Oaupaatobiuttﬂoloﬂouc

1923 5685 2033 5736 τῶν
2081 5683 2267 5754 Σύρων
2301 5677 2364 5737 ’01
2405 5677 2730 5754 Zagrum);
2754 5697 2812 5754 τε
2851 5677 2943 5754 καᾎ
2986 5677 3256 5754 -νραώὶξεις
3308 5677 3512 5744 μύθους

1927 5747 2222 5817 invehitur,
2250 5747 2557 5820 cujusmodi
2587 5749 2938 5820 verbisliaud
2968 5747 3132 5820 dubie
3155 5747 3506 5820 Ephrzemum

1932 5826 2096 5877 etiam
2133 5817 2360 5882 notavit.
2391 5821 2475 5875 Cf.
2509 5822 2732 5876 omnino
2779 5817 2980 5873 Habac.
3012 5834 3076 5884 11,
3111 5819 3170 5870 11
3204 5834 3218 5884 ;
3266 5817 3432 5886 Soph.
3467 5829 3506 5882 ι,

1935 5893 2068 5961 4-6;
2103 5909 2183 5960 tn,
2226 5893 2278 5959 1,
2313 5895 2365 5945 2.
