3994 6508
456 392 525 447 Π
1337 383 1635 440 OTTONIS
1659 381 1836 437 FRID.
1880 376 2264 433 FRITZSCIIE
2300 370 2819 431 CORIMENTATIO.
3633 366 3702 423 η

406 482 415 505 V

458 526 659 598 probus
685 568 699 591 ,
744 525 903 595 cujus
950 522 1178 577 historia
1233 540 1252 573 ι
1290 524 1525 576 maxima
1578 531 1632 577 et
1675 523 1823 576 clara
1852 521 1905 573 in
1934 535 2029 573 ore

2147 495 2459 549 l‘hcodorus
2489 493 2554 547 ad
2595 492 2828 545 amicum
2861 488 3046 541 nescio
3068 499 3249 556 quem,
3275 500 3354 546 se,
3386 496 3509 536 cum
3545 491 3705 536 antes

2147 589 2170 598 ν.
2255 587 2286 598 κ.
2562 583 2597 598 ,ο
2758 596 2786 598 Α
2827 596 2870 598 .A.
2900 589 3047 598 -_.___
3092 578 3203 598 -2---
3253 574 3491 598 :.....I..I...~.
3529 575 3705 598 Ι-..Α-..

455 618 697 671 omnium
754 616 1005 671 similiter
1039 612 1313 667 ferebatur
1338 652 1353 675 ,
1390 626 1497 666 non
1531 613 1709 667 solum
1743 609 2028 664 Israelitiei

456 712 692 778 generis,
728 707 822 761 sed
846 714 899 759 et
917 705 1183 768 aliorum;
1218 718 1377 773 quem
1409 704 1573 757 etiam
1609 703 1900 756 clariorem
1937 699 2027 753 Dei

456 799 824 853 testimonium
855 796 1106 858 faciebat,
1141 794 1287 863 quod
1330 793 1533 848 factum
1570 800 1655 847 est
1685 792 1752 845 ad
1793 790 2028 860 prophe-

458 900 588 952 tam,
632 910 650 941 ι
679 890 766 942 hic
789 888 1071 958 gentilium
1102 887 1300 942 fabulis
1325 886 1564 940 imbutus
1581 894 1697 938 erat
1718 891 1771 937 et
1794 886 2029 935 humana

457 981 757 1052 prudentia.
802 979 866 1033 Et
923 980 1011 1033 hic
1051 981 1267 1049 quidem
1302 979 1346 1034 si
1382 978 1544 1032 vitam
1574 976 1695 1031 Jobi
1722 1017 1736 1040 ,
1791 984 1849 1029 ut
1886 982 2026 1039 erat,

455 1081 797 1134 enarrasset,
855 1072 1055 1125 librqu
1106 1070 1510 1141 composuisset
1544 1068 1826 1121 hominum
1864 1065 2030 1120 mori-

458 1164 560 1218 bus
611 1161 971 1217 emendandis
1027 1160 1409 1230 aptissimum,
1472 1173 1646 1227 neque
1703 1157 1772 1212 iis
1819 1156 1911 1225 qui
1962 1154 2029 1209 de

457 1253 657 1323 Script.
703 1252 760 1309 S.
794 1269 904 1307 non
958 1267 1021 1306 ea
1075 1266 1181 1321 qua
1223 1251 1377 1307 decet
1426 1250 1729 1304 reverentia
1778 1247 2030 1316 judicent

456 1347 805 1401 occasionem
837 1345 1163 1415 praebuisset
1193 1344 1293 1411 ipsi
1327 1340 1464 1396 Jobo
1491 1339 1859 1395 conviciandi.
1886 1336 2030 1403 Quid

455 1439 643 1491 enim?
675 1437 816 1491 Num
871 1437 1019 1490 cadit
1076 1436 1129 1487 in
1184 1435 1361 1487 virum
1414 1434 1708 1487 honestum
1763 1432 1900 1483 mira
1937 1429 2029 1483 illa

456 1531 768 1584 exsecratio
802 1544 925 1599 cap.
961 1546 1017 1582 ιιι
1044 1528 1363 1596 consignata
1390 1528 1412 1580 ?
1443 1525 1548 1580 Sed
1582 1527 1688 1580 alia
1719 1528 1883 1579 etiam
1927 1525 2029 1578 lin—

458 1625 556 1685 xit,
587 1640 638 1674 v.
672 1638 723 1676 c.
758 1620 954 1676 Jobutn
988 1620 1150 1673 filiam
1194 1618 1519 1688 Ἀμαλθείας
1544 1618 1710 1687 κέρας
1746 1616 1904 1686 (χιιι.
1940 1615 2028 1684 14)

457 1712 784 1783 appellasse.
840 1711 1065 1764 Scilicet
1112 1708 1372 1779 superbia
1412 1708 1591 1763 elatus
1620 1748 1633 1771 ,
1689 1718 1748 1761 ut
1798 1708 2029 1761 lectores

455 1806 826 1861 (irrecanicam
857 1818 1015 1858 suam
1046 1801 1409 1857 eruditionem
1458 1808 1899 1870 cognoscerent,
1939 1798 2029 1851 illa

456 1894 684 1951 addidit.
717 1896 955 1950 Omnino
1011 1894 1249 1963 tragmdi
1311 1893 1484 1946 instar
1532 1893 1731 1945 librum
1789 1892 2028 1961 scripsit,

456 2004 567 2057 quo
616 1986 905 2057 cupiditati
962 1984 1145 2055 gloriae
1195 1982 1297 2036 sibi
1355 1983 1608 2052 paranda:
1666 1982 2030 2041 satisfaceret,

463 2100 481 2129 ι
512 2093 616 2133 non
664 2078 914 2147 cogitans
976 2075 1120 2144 quod
1167 2079 1335 2127 multa
1398 2072 1702 2126 differentia
1759 2079 1845 2125 est
1892 2071 2035 2123 inter

459 2167 740 2221 historiam
769 2166 904 2234 justi
935 2162 1236 2218 secundum
1261 2160 1459 2214 divina
1488 2160 1608 2214 Scr.
1636 2169 1688 2212 et
1714 2159 2035 2229 simplicita-

462 2268 570 2311 tem
604 2264 657 2311 et
690 2255 1053 2310 subtilitatem
1097 2252 1433 2323 propositam
1476 2259 1527 2305 et
1561 2251 1702 2304 inter
1747 2250 1907 2304 verba
1942 2266 2036 2303 su—

460 2347 665 2419 perﬂua
680 2354 735 2401 et
766 2345 831 2399 ad
847 2345 1223 2415 probationem
1244 2342 1497 2397 conficta.
1522 2362 1539 2394 ι
1567 2339 2033 2406 Quemadmodum

459 2438 605 2493 enim
634 2436 865 2507 tragoedi
895 2452 953 2489 re
980 2435 1202 2503 quidem
1231 2433 1505 2498 nituntur,
1528 2447 1649 2501 qua:
1685 2432 1736 2483 in
1772 2432 1915 2501 vulgi
1943 2445 2037 2484 ore

460 2536 753 2590 versatur,
787 2542 897 2597 quo
936 2526 1123 2580 fabula
1179 2524 1443 2593 majorem
1493 2523 1743 2579 veritatis
1799 2522 2036 2592 speciem

462 2617 683 2682 referat,
713 2617 805 2673 sed
833 2625 893 2670 ut
923 2632 1076 2672 suam
1107 2623 1319 2669 tantum
1353 2622 1526 2669 artem
1549 2622 1603 2668 et
1630 2613 1957 2683 sapientiam
1983 2613 2036 2664 in

461 2708 857 2781 componendis
894 2706 1182 2776 tragmdiis
1218 2706 1487 2776 probent,
1533 2719 1796 2776 personas
1831 2702 2039 2773 fingunt

461 2816 666 2871 easque
695 2815 759 2855 ea
800 2801 1087 2868 loquentes
1122 2797 1369 2864 faciunt,
1405 2796 1609 2867 quibus
1640 2797 1740 2866 ipsi
1774 2796 2039 2849 clariores

463 2896 596 2947 Iiant
621 2933 636 2958 ,
661 2894 735 2947 ita
764 2899 824 2946 ut
858 2891 979 2945 laus
1023 2899 1118 2943 aut
1173 2890 1500 2960 vituperatio
1530 2889 1817 2944 verborum
1851 2904 1956 2941 non
1987 2888 2040 2940 in

463 3000 729 3054 personas
765 2984 916 3048 illas,
954 2984 1046 3036 sed
1097 2985 1150 3037 iu
1206 2982 1403 3036 fabulae
1433 2981 1753 3050 scriptorem
1792 2980 2036 3033 ensifera-

463 3086 594 3131 ttu':
630 3076 709 3131 sic
745 3075 835 3130 ille
859 3076 1026 3129 etiam
1060 3089 1184 3128 eum
1237 3074 1293 3128 in
1331 3072 1614 3127 historiam
1656 3070 1714 3123 Β.
1745 3070 1866 3123 Jobi
1904 3071 2041 3123 inci-

464 3169 657 3232 disset,
688 3168 877 3238 gloria:
909 3183 1080 3221 causa
1110 3166 1309 3220 librum
1338 3162 1669 3233 conscripsit
1692 3178 1867 3231 neque
1895 3177 2039 3215 com-

2132 587 2417 642 Canticuin
2453 583 2794 639 canticorum
2826 589 3048 650 propter
3086 578 3206 647 ejus
3252 574 3493 630 indolem
3528 575 3707 642 legere

2132 680 2419 745 noluisset,
2474 677 2634 733 amici
2668 675 2864 729 litteris
2894 680 3250 744 provocatum
3298 665 3561 736 majorem
3588 667 3703 734 jam

2132 774 2184 828 in
2227 788 2291 830 eo.
2322 771 2570 841 posuisse
2604 766 2964 837 diligentiam,
2993 764 3120 818 licet
3149 760 3305 815 initio
3324 760 3571 815 oscitans
3597 758 3707 811 fre-

2130 869 2362 933 quenter
2408 868 2463 913 et
2509 857 2813 912 dormitans
2858 852 2989 907 illud
3027 850 3364 922 perlegisset.
3411 845 3531 900 Jam
3575 844 3708 915 quid

2129 958 2198 1013 de
2228 971 2295 1011 eo
2328 954 2530 1010 sentiat
2552 950 2799 1021 exponit,
2840 947 2934 1003 sed
2960 948 3033 998 ita
3070 952 3125 998 ut
3156 957 3238 1001 ea.
3273 954 3505 1010 quorum
3533 950 3708 1008 pauca

2141 1057 2352 1103 tantum
2394 1045 2570 1100 media
2603 1052 2657 1097 et
2700 1042 2933 1095 fortasse
2961 1037 3121 1092 etiam
3154 1043 3394 1089 extrema
3420 1029 3712 1085 intercide-

2129 1143 2262 1204 rint,
2283 1154 2462 1209 neque
2488 1132 2887 1190 commentario
2911 1128 3195 1202 praemissa
3221 1139 3397 1194 neque
3428 1122 3482 1176 in
3498 1135 3564 1176 eo
3593 1121 3711 1189 ipso

2131 1233 2411 1302 disputata
2442 1244 2565 1284 esse
2593 1234 2875 1297 appareat.
2912 1222 3175 1277 Praeterea
3216 1234 3283 1274 ex
3314 1215 3712 1271 commentario

2147 1324 2235 1378 illa
2271 1322 2555 1389 desumpta
2603 1333 2725 1372 esse
2754 1317 2845 1386 qui
2882 1329 2945 1369 ea
2984 1310 3257 1381 excerpsit
3299 1324 3368 1363 ne
3394 1306 3561 1361 verbo
3585 1305 3711 1373 qui-

2131 1415 2252 1467 dem
2280 1410 2478 1471 innuit,
2511 1407 2605 1463 sed
2650 1408 2763 1459 haec
2796 1405 2909 1459 sola
2939 1402 3166 1456 Leontio
3196 1400 3233 1455 l.
3263 1414 3313 1453 c.
3342 1413 3393 1468 p.
3429 1394 3530 1451 687
3558 1414 3570 1447 :
3612 1415 3713 1443 ι-ι-

2129 1505 2286 1559 Cant.
2323 1504 2383 1558 C.
2413 1533 2481 1541 ——
2506 1530 2576 1541 -
2600 1498 2889 1553 libidinose
2919 1510 3015 1565 pro
3033 1510 3131 1550 sua
3152 1502 3206 1546 et
3236 1500 3417 1545 mente
3441 1496 3496 1543 et
3527 1488 3715 1553 lingua

2131 1595 2441 1651 meretricia
2482 1594 2871 1661 interpretans,
2916 1600 3014 1642 sua
3066 1599 3233 1653 supra
3273 1580 3492 1635 modum
3528 1578 3727 1630 incre-.

2137 1685 2290 1739 dibili
2322 1684 2550 1737 audacia
2579 1697 2645 1735 ex
2696 1679 2851 1733 libris
2877 1675 2934 1731 S.
2968 1674 3236 1737 abscidit;
3277 1690 3296 1723 ι
3335 1668 3554 1737 Pelagio
3587 1680 3712 1735 pap.

2132 1793 2218 1848 cp.
2275 1778 2327 1839 5,
2370 1777 2438 1828 ad
2471 1774 2649 1828 Etiam
2683 1781 2731 1825 et
2773 1768 2903 1822 Isti.
2937 1784 3017 1835 ep.
3055 1764 3244 1836 (Hard.
3271 1763 3307 1815 I.
3340 1777 3413 1818 ο..
3452 1776 3504 1829 p.
3546 1757 3713 1825 438):

2063 1854 2104 1908 Β
2138 1888 2157 1920 ι
2189 1870 2323 1924 Cum
2347 1867 2449 1920 Th.
2470 1867 2627 1919 Cant.
2659 1863 2717 1916 Ο.
2745 1862 2904 1914 vellet
2933 1872 3206 1928 exponere
3238 1864 3293 1908 et
3327 1868 3437 1907 non
3464 1850 3532 1905 ad
3561 1860 3719 1905 coin-

2137 1968 2342 2020 menta,
2394 1955 2489 2010 sed
2538 1954 2721 2023 potius
2773 1951 2838 2003 ad
2888 1949 3244 2002 deliramenta
3283 1945 3578 2006 laboraret,
3618 1955 3717 2010 per

2135 2051 2281 2104 hunc
2312 2049 2509 2101 librum
2550 2044 2902 2112 Ethiopissae
2949 2040 3149 2108 reginae
3199 2035 3503 2092 blanditum
3544 2033 3723 2087 fuisse

2138 2138 2422 2210 professus
2457 2145 2562 2198 est,
2592 2135 2737 2205 quod
2763 2132 3137 2187 Theodoretus
3172 2128 3267 2191 (cf.
3304 2141 3536 2198 prooem.
3570 2127 3625 2179 in
3651 2123 3719 2180 C.

2139 2233 2226 2297 C.,
2264 2230 2323 2283 ll.
2359 2246 2409 2300 p.
2442 2228 2497 2291 2,
2530 2229 2584 2295 '5)
2619 2224 3047 2296 reprehendens,
3077 2236 3277 2276 nomen
3320 2219 3540 2290 quidem
3570 2216 3724 2285 ejus-

2137 2327 2259 2378 dem
2292 2320 2569 2376 Theodori
2612 2316 2929 2388 supprimit,
2964 2316 3057 2370 sed
3091 2323 3275 2368 tamen
3316 2309 3597 2365 vesaniam
3624 2322 3727 2376 pa-

2145 2415 2368 2479 tefecit;
2416 2422 2507 2467 ict
2546 2410 2895 2478 Pachymew
2931 2408 2983 2461 in
3024 2404 3391 2476 paraphr.ep.
3422 2402 3457 2453 9
3496 2400 3723 2470 Dionys.

2139 2507 2332 2576 Areop.
2369 2504 2528 2575 (Opp.
2558 2501 2619 2555 Ι).
2651 2501 2715 2553 Α.
2748 2500 2836 2555 ed.
2863 2498 3043 2551 Balth.
3067 2496 3327 2559 Corder.,
3359 2493 3420 2559 II,
3456 2494 3723 2558 Antveip.

2142 2599 2297 2663 1654,
2348 2597 2471 2660 fol.,
2515 2611 2567 2665 p.
2606 2592 2732 2661 169)
2769 2612 2876 2644 ‹-
2913 2592 2979 2644 δι’
3016 2590 3052 2644 ἃ
3099 2589 3418 2659 (φιλήματα)
3458 2586 3522 2656 δὴ
3564 2584 3659 2637 καὶ
3698 2585 3729 2634 ὁ

2140 2692 2283 2760 Μοψ.
2314 2687 2462 2741 Θ;όδ.
2490 2687 2738 2759 ἀφρόνως
2768 2685 2830 2737 τὸ
2860 2683 3060 2753 βιϐλίον
3089 2680 3360 2735 διέϐαλλε*
3381 2699 3399 2729 ι
3431 2678 3729 2733 observata

2143 2784 2313 2837 fuisse
2347 2783 2399 2834 in
2432 2790 2624 2849 aperto
2653 2788 2758 2832 est.
2815 2775 3106 2831 Canticum
3143 2782 3289 2826 cant.
3326 2777 3529 2833 autem,
3580 2766 3732 2835 quod

2144 2876 2303 2944 plane
2337 2872 2586 2939 despexit
2610 2866 2957 2929 Theodorus,
3011 2862 3238 2917 uberius
3268 2859 3354 2913 vix
3377 2855 3729 2927 explicuerit.

2144 2965 2285 3031 Quid
2322 2963 2525 3033 igitur?
2567 2960 2681 3015 Mea
2725 2958 2945 3027 quidem
2987 2953 3259 3010 sententia
3293 2950 3385 3003 illa
3416 2950 3469 3002 in
3496 2947 3734 3016 epistola

2144 3056 2377 3126 quadam
2428 3055 2512 3125 (ν.
2562 3052 2697 3120 inf.)
2740 3048 3023 3103 disseruit.
3070 3045 3342 3100 Caeterum
3392 3040 3461 3095 de
3502 3038 3737 3092 Cantieo

2147 3159 2292 3201 eant.
2322 3148 2393 3200 ita
2421 3144 2793 3199 statuittﬂum
2822 3140 3067 3201 Salomo,
3086 3150 3246 3205 quem
3270 3139 3490 3203 propter
3514 3129 3737 3198 sapien-

468 3219 656 3315 mema1
680 3219 839 3327 Fugit.
883 3256 1072 3325 Itaque
1106 3255 1389 3309 diabolum
1438 3219 1577 3306 cum.
1599 3251 1708 3304 Deo
1745 3219 2046 3304 introduxit
2073 3219 2115 3279 Β
2150 3241 2279 3293 tiam
2311 3238 2543 3307 gentiles
2593 3246 2646 3288 et
2676 3232 2851 3286 Judzei
2904 3228 3275 3300 praedicabant
3319 3235 3373 3279 et
3405 3237 3537 3277 vero
3567 3221 3738 3273 etiam

468 3358 767 3405 certantem
814 3348 897 3416 (ι.
943 3348 1098 3411 Ἱ-Εὶς
1142 3346 1405 3416 11,2-6),
1459 3359 1740 3399 sermones
1775 3384 1789 3405 ,
1848 3344 2047 3413 quibus

471 3440 641 3492 multa
670 3438 919 3509 peccavit
948 3480 962 3503 ,
1002 3448 1165 3507 prout
1217 3438 1416 3502 libuit,
1454 3437 1617 3490 modo
1645 3437 1794 3505 justo
1834 3436 2044 3498 tribuit,

471 3532 633 3586 modo
672 3531 865 3587 amicis
912 3534 986 3596 (c.
1026 3530 1216 3602 ιιι-51)
1244 3548 1259 3596 ;
1292 3530 1486 3584 deinde
1522 3528 1679 3582 Eliliu
1738 3529 2043 3589 arcessivit,

469 3622 563 3691 qui
587 3621 774 3676 multis
791 3621 1101 3692 opprobriis
1118 3620 1318 3676 Jobum
1345 3620 1525 3674 affecit
1546 3633 1617 3689 (ο.
1636 3620 2047 3682 xxxu-xxxvu),

474 3728 648 3782 neque
679 3713 901 3767 erubuit
928 3711 1129 3766 divina:
1169 3727 1418 3782 personae
1460 3712 1564 3767 ceti
1605 3710 1919 3780 ﬁgmentum
1955 3711 2051 3764 tri-

471 3804 638 3857 buere
697 3804 782 3862 (α.
817 3805 929 3873 xu)
961 3812 1016 3858 et
1051 3822 1069 3855 ι
1098 3804 1526 3857 nominationem
1578 3802 1701 3857 filia:
1738 3818 1804 3856 ex
1853 3802 2053 3855 fabulis

474 3893 754 3961 paganicis
786 3902 1057 3964 arreptam
1088 3891 1148 3948 Β.
1181 3891 1318 3948 Jobo
1349 3893 1647 3964 applicare.
1675 3911 1691 3943 ι
1713 3892 1867 3962 (xui,
1897 3892 2007 3961 14.)

544 3983 621 4036 Ex
652 3983 739 4037 his
763 3982 923 4039 facile
953 3984 1185 4055 colligas
1217 3984 1310 4054 qui
1347 3984 1434 4038 hic
1463 3982 1735 4038 Theodori
1770 3998 2054 4035 commen-

473 4074 646 4129 tarius
677 4088 706 4127 a
734 4074 965 4145 reliquis
990 4074 1249 4129 diversus
1280 4072 1466 4129 fuerit.
1533 4072 1718 4142 Neque
1740 4070 2057 4125 Christiana

473 4168 527 4219 in
552 4164 691 4221 Jobo
718 4167 1103 4236 deprehendit,
1127 4175 1181 4222 et
1205 4168 1533 4238 scriptorem
1562 4167 1825 4219 audacter
1858 4166 2061 4232 vitupe-

475 4258 637 4322 ravit,
674 4259 731 4312 in
756 4258 861 4313 hoc
892 4274 1061 4313 unum
1097 4259 1361 4321 intentus,
1405 4267 1463 4313 ut
1512 4274 1694 4312 veram
1728 4255 1850 4311 Jobi
1886 4256 2060 4310 histo-

374 4380 377 4381 ν
475 4347 615 4401 riam
657 4356 898 4413 erueret,
933 4365 1055 4418 qua:
1085 4350 1399 4403 hominibus
1425 4348 1547 4402 usui
1586 4356 1749 4402 esset.

547 4436 927 4495 Ecclesiasten
960 4455 1071 4494 uno
1103 4450 1251 4494 tomo
1282 4439 1609 4508 deprecante
1639 4436 1942 4509 Porphyrio
1977 4438 2060 4491 in-

2152 3329 2446 3391 timebant,
2482 3325 2792 3395 Egyptiam
2829 3322 3138 3392 fugiendam
3161 3318 3379 3389 quidem
3413 3314 3530 3383 ipso
3559 3311 3741 3381 patrio

2150 3422 2335 3475 colore
2364 3417 2620 3479 deformi,
2672 3414 2845 3482 magis
2886 3427 3013 3464 vero
3045 3407 3359 3479 fugiendam
3406 3410 3601 3473 utpote
3644 3417 3734 3467 ge-

2154 3528 2281 3567 nere
2319 3509 2509 3565 Chami
2562 3517 2758 3569 ortam,
2812 3506 2866 3557 in
2906 3500 3312 3556 matrimonium
3366 3488 3743 3551 dticeret,Ju-

2153 3605 2393 3657 daaorum
2438 3600 2624 3654 odium
2675 3597 2779 3651 sibi
2828 3592 3140 3652 contraxit,
3193 3590 3368 3658 legum
3434 3584 3741 3655 patriarum

2153 3703 2513 3763 contemptor.
2574 3690 2759 3759 Itaque
2787 3702 3006 3741 carmen
3056 3680 3320 3742 condidit,
3349 3692 3458 3748 quo
3490 3684 3543 3730 et
3585 3672 3741 3726 uxori

2155 3786 2363 3859 gratior
2386 3792 2534 3838 esset
2566 3791 2620 3835 et
2652 3782 3053 3847 vituperatores
3094 3774 3159 3827 ad
3204 3771 3483 3826 silentium
3522 3766 3743 3833 redige-

2156 3855 2260 3941 ret,
2295 3883 2458 3943 atque
2488 3870 2754 3925 indicavit
2779 3882 2837 3921 se
2862 3867 3176 3935 nuptiarum
3197 3877 3305 3916 non
3334 3859 3625 3929 paenitere,
3648 3855 3747 3908 sed

2158 3966 2349 4022 laetari.
2409 3963 2549 4018 Sunt
2588 3968 2769 4015 autem
2826 3960 2936 4013 duo
2981 3954 3234 4014 tenenda,
3280 3966 3473 4011 unum,
3519 3962 3750 4002 carmen

2160 4074 2268 4114 non
2304 4056 2373 4111 ad
2400 4053 2801 4126 impudicitiam
2854 4048 3137 4103 adhortari
3164 4059 3293 4103 :cur
3319 4043 3467 4098 enim
3501 4041 3748 4100 Salomo,

2159 4151 2246 4205 cui
2298 4148 2516 4205 etiamsi
2560 4160 2670 4200 non
2726 4141 3042 4211 scripsisset
3089 4144 3334 4209 potestas
3390 4131 3753 4202 impudicitia:

2161 4252 2299 4309 erat,
2337 4256 2555 4296 carmen
2589 4240 2711 4293 ideo
2733 4233 3180 4306 composuisset?
3206 4232 3460 4291 alterum,
3496 4242 3603 4280 non
3632 4226 3757 4276 lau-

2162 4334 2401 4389 dandum
2440 4347 2566 4388 esse
2614 4339 2805 4401 utpote
2851 4326 3257 4399 propheticum,
3294 4322 3442 4392 quod
3493 4319 3540 4373 si
3576 4326 3753 4379 esset,

2165 4427 2369 4481 mentio
2407 4425 2500 4478 Dei
2538 4422 2739 4476 alicubi
2774 4423 2916 4475 facta
2969 4425 3133 4473 esset.
3192 4415 3347 4469 Sicut
3378 4412 3530 4466 Plato
3560 4417 3757 4479 postea

476 4538 811 4598 terpretatus
854 4541 960 4595 est,
1005 4540 1145 4586 teste
1199 4505 1470 4585 Ebediesu
1513 4531 1549 4584 l.
1581 4546 1656 4593 c.,
1697 4505 1764 4599 ιι..
1798 4505 1887 4584 5'2.
1954 4529 2056 4583 Sed
2096 4558 2134 4609 ί)
2166 4520 2233 4573 de
2268 4532 2455 4571 amore
2494 4514 2808 4569 convivium
2851 4510 3095 4580 scripsit,
3150 4508 3222 4562 ita
3268 4505 3490 4558 Salomo
3528 4511 3760 4571 propter

477 4637 603 4675 cum
631 4621 923 4678 Canticum
956 4623 1299 4678 canticorum
1328 4622 1723 4676 commentario
1754 4621 2060 4675 illustrasse

476 4710 798 4782 pervulgata
848 4712 1106 4782 quidem,
1164 4712 1347 4766 minus
1391 4719 1573 4765 tamen
1630 4709 1926 4779 probabilis
1979 4720 2061 4762 est

479 4800 775 4866 sententia,
795 4816 918 4871 quae
938 4809 1150 4855 tantum
1177 4801 1332 4856 abest
1355 4810 1413 4853 ut
1445 4801 1512 4854 iis
1542 4815 1662 4869 quae
1692 4800 1876 4853 iuAet.
1903 4813 2059 4852 conc.

476 4891 672 4947 Const.
706 4909 768 4955 ir,
815 4908 892 4958 tv,
918 4891 1111 4956 68—7I,
1145 4894 1422 4965 leguntur,
1464 4894 1772 4963 quibusque
1798 4892 2061 4961 originem

479 4997 636 5037 suam
661 4982 844 5048 debet,
876 4983 1146 5045 firmetur,
1180 4993 1238 5037 nt
1269 4985 1610 5054 reprobetur.
1645 4982 1849 5033 Scribit
1882 4993 2061 5034 autem

2168 4608 2388 4677 nuptias
2419 4606 2543 4660 illas
2564 4606 2666 4658 hoc
2698 4602 2974 4656 canticum
3008 4598 3292 4654 convivale
3311 4596 3531 4650 cecinit.
3565 4590 3762 4646 illnde

2171 4716 2267 4754 nec
2297 4698 2499 4753 Judazis
2534 4711 2635 4750 nec
2668 4695 2827 4749 nobis
2860 4692 3078 4763 publica
3116 4690 3280 4744 lectio
3330 4700 3572 4756 unquam
3604 4686 3759 4737 Can-

2170 4794 2262 4847 tici
2317 4793 2656 4846 canticorum
2704 4787 2847 4840 facta
2883 4795 2989 4850 est,
3028 4793 3291 4856 tanquam
3321 4778 3663 4835 domesticus
3704 4782 3765 4830 et

2172 4885 2433 4956 nuptialis
2493 4880 2807 4936 Salomonis
2872 4876 3110 4933 convivii
3198 4880 3398 4929 cantus
3459 4868 3768 4941 opprobria

2170 4991 2390 5043 sponsa:
2432 4988 2656 5026 sonans.
2698 4992 2714 5023 ι

1746 5098 3731 5132 ___________________________.._____——-

1934 5197 2175 5254 CAPUT
2218 5196 2320 5252 Ill.

1358 5313 1439 5354 DE
1476 5312 1795 5354 TII-EODORI
1830 5312 1891 5355 ΙΝ
1924 5312 2140 5354 LIBROS
2179 5310 2244 5352 Ν.
2283 5310 2342 5351 τ.
2386 5307 2878 5350 COMMENTARIIS.

551 5418 765 5475 Novum
802 5417 1242 5481 Testamentum,
1277 5416 1438 5486 cujus
1467 5418 1644 5469 oratio
1679 5425 1731 5469 et
1760 5431 1846 5469 res
1887 5415 2068 5470 minus

482 5510 817 5566 didieultatis
855 5510 1217 5573 exhiberem,
1267 5510 1441 5564 multo
1492 5508 1704 5563 felicius
1747 5507 2071 5561 Theodorus

483 5619 648 5671 quam
672 5602 843 5657 Vetus
873 5604 1268 5672 interpretatus
1300 5609 1405 5656 est.
1442 5600 1747 5657 Sobrietas.
1775 5616 1881 5667 qua
1917 5601 2073 5666 plura

488 5696 552 5747 V.
573 5693 637 5747 Τ.
669 5694 1032 5764 interpretum
1065 5702 1374 5747 commenta
1408 5694 1479 5744 ita
1508 5693 1839 5761 repruhavit,
1866 5698 1924 5744 ut
1956 5692 2074 5745 laus

484 5788 532 5840 ei
555 5784 701 5838 haud
728 5783 1047 5854 deneganda
1079 5784 1171 5849 sit,
1197 5798 1374 5851 neque
1397 5783 1483 5836 hic
1519 5779 1712 5843 defuit,
1748 5789 1800 5833 et
1832 5794 2073 5849 persa-pe

486 5892 621 5933 sane
650 5892 760 5932 non
790 5892 852 5931 ea
883 5876 1113 5946 singulis
1138 5877 1195 5929 in
1228 5874 1363 5929 locis
1386 5875 1761 5944 deprehendit,
1794 5890 1912 5944 quas
1939 5874 2073 5927 alio-

2172 5428 2293 5467 rum
2344 5412 2725 5478 interpretum,
2790 5416 2848 5462 ut
2887 5407 3073 5479 Cyrilli
3106 5405 3285 5468 Alex.,
3341 5402 3621 5457 subtilitas
3677 5404 3776 5460 vel

2172 5506 2334 5560 etiam
2362 5504 2604 5574 argutiae.
2661 5502 2926 5556 Praeterea
2962 5501 3019 5553 in
3050 5494 3461 5567 interpretando
3490 5510 3610 5548 eam
3645 5509 3775 5548 ver-

2176 5600 2389 5661 borum,
2435 5599 2680 5651 loeorum
2724 5604 2779 5648 et
2814 5608 2997 5647 rerum
3028 5586 3449 5661 diligentissime
3484 5586 3771 5640 rationem

2178 5690 2387 5751 habuit,
2440 5697 2497 5741 ut
2546 5686 3047 5755 interpretationem
3091 5680 3412 5736 historicam
3447 5678 3781 5747 grammati-

2180 5796 2322 5843 cam,
2370 5796 2490 5847 quae
2530 5777 2746 5847 quidem
2780 5778 2833 5829 in
2866 5775 2957 5828 illa
2988 5785 3231 5844 tempora
3266 5771 3521 5833 caderet,
3570 5768 3781 5823 iniisse

2182 5873 2489 5928 censendus
2533 5873 2620 5926 sit.
2661 5871 2805 5927 Bene
2840 5884 2969 5925 vero
3000 5883 3153 5924 mors
3188 5883 3291 5923 suo
3319 5866 3551 5939 singulis
3581 5864 3783 5921 verbis
