3994 6514
349 345 421 400 49
1123 348 1209 403 DE
1242 350 1591 409 THEODORI
1629 351 2110 410 MOPSUESTENI
2153 356 2311 412 VITA
2346 358 2431 413 ET
2474 360 2803 418 SCRIPTIS.
3524 366 3597 423 50

342 463 507 517 etiam
571 471 734 532 atque
778 462 943 519 etiam
992 464 1226 530 inhaesit,
1262 482 1384 522 eum
1415 471 1708 525 verendum
1746 480 1910 534 esset,
1943 478 1987 530 Α
2019 489 2070 543 p.
2111 473 2627 537 Ill5l;brevissima
2654 479 2887 549 denique
2909 478 2962 533 in
2986 481 3103 534 eod.
3130 480 3343 535 XXXIII
3372 501 3389 532 ι
3419 482 3587 538 Evan-

340 568 409 608 nc
439 551 659 607 sobrius
687 552 779 622 qui
804 562 921 608 erat
951 551 1016 607 N.
1056 554 1117 609 Τ.
1150 572 1347 612 sensus
1373 558 1709 627 dogmaticos
1736 561 1905 630 expli-

338 653 460 696 catu
492 643 739 698 didiciles
770 644 951 700 minus
980 646 1235 715 aperiret.
1279 646 1601 717 Quanquam
1636 666 1783 710 eum,
1832 650 1916 702 in-

340 735 531 803 primis
576 749 701 788 cum
743 733 997 790 Paulinas
1042 736 1314 807 Epistolas
1379 739 1696 809 explicaret,
1743 741 1797 793 in
1830 740 1912 795 his

340 826 481 881 haud
506 840 634 881 raro
654 842 907 896 peccasse
928 835 981 883 et
999 828 1394 899 Chrysostomo
1416 830 1725 885 inferiorem
1750 830 1919 886 fuisse

337 918 613 973 existimo.
647 918 832 989 Neque
853 921 997 974 enim
1025 936 1091 976 eo
1113 929 1231 976 erat
1258 922 1499 993 ingenio,
1529 938 1640 993 quo
1669 923 1918 977 recondi-

338 1022 421 1065 tos
448 1010 511 1064 D.
544 1009 698 1064 Pauli
730 1021 908 1066 motus
946 1020 1000 1066 et
1039 1027 1235 1069 sensus
1267 1015 1604 1084 assequaris.
1644 1013 1826 1069 Verbo
1859 1023 1918 1068 ut

334 1102 537 1164 dicam,
596 1102 1023 1173 Chrysostomus
1072 1104 1411 1175 theologicus
1445 1114 1564 1161 erat
1613 1106 1913 1178 interpres;

335 1195 681 1259 Theodorus,
726 1196 1139 1266 grammaticus.

405 1287 725 1343 Theodorus
741 1296 921 1341 autem
950 1302 1072 1341 eum
1097 1303 1205 1342 non
1227 1295 1402 1343 totum
1425 1287 1495 1343 N.
1524 1287 1591 1343 Τ.
1612 1288 1918 1360 explicave-

333 1379 424 1444 rit,
455 1380 639 1435 minus
662 1388 917 1435 accurate
933 1378 1240 1434 Nestoriani
1263 1382 1317 1435 in
1342 1382 1661 1437 universum
1681 1381 1803 1450 ejus
1825 1397 1917 1438 ex-

335 1469 661 1537 positionem
706 1467 769 1522 N.
817 1467 881 1522 '1‘.
936 1467 1245 1539 frequenter
1270 1470 1450 1543 legere
1477 1471 1783 1542 jubentur;
1838 1471 1913 1527 cf.

333 1560 458 1614 Δις.
496 1559 533 1612 ι.
571 1559 630 1623 ι..
667 1557 753 1623 ιιι,
792 1576 831 1621 ι,
867 1575 921 1629 p.
950 1558 1076 1613 διε.

664 1652 727 1705 Α.
772 1650 1148 1706 Commentarii
1178 1653 1233 1706 in
1261 1652 1572 1725 Evangelia.

2018 564 2154 633 gelia
2195 580 2318 619 cum
2367 568 2640 622 uberrima
2685 570 3044 639 plurimorum
3075 570 3298 626 Patrum
3334 574 3593 630 Catena.»

2021 655 2161 711 Plut.
2188 656 2276 720 Vl,
2298 659 2429 713 bibl.
2454 659 2593 715 Med.
2620 658 2782 715 Laur.
2806 661 2889 713 Cf.
2914 661 3146 717 Bandin.
3180 664 3213 717 l.
3249 664 3366 728 1.,1,
3393 681 3445 733 p.
3472 666 3591 720 I59.

2088 747 2476 803 Commentarii
2509 750 2563 802 in
2598 749 2795 804 Lucam
2841 767 3009 805 unum
3055 752 3247 823 fragm.
3280 756 3337 808 in
3371 756 3491 810 Act.
3540 773 3589 811 c.

2020 840 2215 895 Const.
2246 856 2306 906 ιι,
2337 858 2410 908 ιγ,
2444 843 2511 897 18
2541 843 2633 911 (de
2655 842 2787 898 Luc.
2825 860 2904 905 ιιι,
2944 845 3053 909 22;
3114 846 3237 918 Vig.
3279 847 3469 903 Const.
3506 849 3592 918 l9)

2021 929 2236 998 legitur,
2270 931 2499 985 alterum
2532 932 2585 986 in
2620 930 3058 988 Balth.Cortlerii
3088 936 3289 991 Catena
3314 938 3365 990 in
3396 936 3593 991 Lucam

2020 1019 2299 1090 (Antverp.
2324 1021 2480 1086 I628,
2508 1022 2632 1092 fol.)
2655 1066 2669 1089 ,
2703 1039 2757 1095 p.
2787 1024 2892 1078 526
2932 1025 3019 1092 (ad
3050 1026 3182 1081 Luc.
3228 1045 3301 1091 xi,
3331 1030 3447 1099 55);
3497 1031 3590 1084 sed

2018 1111 2323 1179 explicatur
2354 1114 2495 1167 haud
2537 1115 2702 1170 dubie
2732 1116 2899 1170 Marc.
2936 1132 3009 1181 ιν,
3036 1119 3127 1172 21.
3185 1119 3446 1175 Similiter
3478 1122 3593 1176 dis-

2018 1212 2171 1272 putat
2209 1204 2262 1258 in
2302 1206 2421 1259 Cat.
2465 1207 2680 1263 Possin.
2724 1209 2779 1262 in
2808 1208 3026 1275 Matth.,
3068 1226 3120 1279 p.
3170 1210 3258 1275 65,
3293 1211 3361 1266 de
3400 1212 3591 1267 Matth.

2018 1309 2072 1353 γ,
2114 1293 2202 1355 15.
2238 1293 2563 1352 Theodorus
2608 1299 2935 1359 monachus,
2975 1300 3068 1369 qui
3101 1299 3267 1353 etiam
3310 1302 3593 1372 presbyter

2015 1384 2234 1439 dicitur.
2288 1385 2389 1452 Qui
2443 1386 2631 1455 fuerit,
2697 1390 2853 1461 niger
2886 1404 2954 1443 an
3002 1391 3158 1446 albus
3186 1390 3351 1444 homo
3383 1392 3587 1445 nescio.

2017 1475 2243 1529 Frustra
2276 1474 2533 1539 Caveum,
2559 1475 2872 1531 Fabricium
2903 1488 2957 1533 et
2978 1480 3125 1534 alios
3150 1480 3278 1533 adii.
3310 1481 3594 1549 Conjccta-

2018 1582 2154 1630 rem,
2194 1574 2447 1621 nostrum
2482 1567 2586 1622 sub
2616 1568 2722 1621 hoc
2755 1569 2975 1623 nomine
3006 1570 3191 1632 latere,
3226 1568 3315 1623 cui
3346 1569 3590 1637 opinioni

2014 1669 2135 1724 «tua!
2164 1653 2243 1708 illi
2273 1654 2327 1709 in
2356 1653 2474 1708 Cat.
2508 1654 2725 1710 Possin.
2767 1672 2820 1726 p.
2854 1658 2945 1719 55,
2972 1657 3100 1718 214,
3131 1658 3450 1711 tribuuntur
3482 1673 3590 1711 non

405 1742 751 1797 Theodorum
788 1742 1077 1816 Evangelia
1102 1743 1365 1810 Mattbzei,
1394 1747 1553 1802 Lucae
1594 1755 1649 1802 et
1686 1728 1914 1804 Joannis
1946 1815 1977 1819 ᾗ-
2017 1756 2399 1818 repugnarent,
2448 1748 2555 1803 nisi
2592 1749 2921 1804 monachum
2955 1749 3108 1802 illum
3141 1749 3494 1819 interpretem
3537 1750 3589 1802 in

333 1834 752 1903 interpretatum
788 1850 910 1890 esse
937 1815 1148 1890 certum
1170 1847 1270 1891 est.
1295 1835 1558 1893 Memorat
1582 1837 1702 1904 ejus
1731 1837 1911 1894 Enar-
1946 1815 1987 1868 Β
2012 1836 2232 1893 Catenis
2280 1838 2425 1892 ined.
2458 1840 2657 1909 saepius
2704 1847 2758 1893 et
2798 1840 2974 1894 solum
3022 1848 3075 1893 et
3105 1854 3211 1893 una
3244 1855 3365 1894 cum
3405 1849 3593 1894 nostro

328 1927 601 1984 rationes,
638 1926 879 1981 turbidas
946 1937 996 1981 et
1063 1928 1393 1997 blasphemas
1439 1931 1493 1984 in
1566 1929 1912 2003 Evangelium

330 2016 553 2078 Matth"
575 2016 774 2071 Joann.
798 2028 849 2073 et
884 2018 1013 2074 Luc.
1042 2018 1236 2077 Leont.
1261 2021 1299 2074 1.
1330 2037 1379 2076 c.
1412 2037 1465 2092 p.
1493 2021 1637 2089 690;
1686 2032 1739 2078 et
1770 2023 1911 2079 Ebe-

328 2110 485 2164 diesu
528 2110 563 2163 Ι.
615 2127 664 2166 c.
699 2127 754 2181 p.
787 2110 878 2175 52,
910 2112 1077 2187 refert
1110 2128 1233 2168 eum
1263 2112 1571 2169 Maltbzeum
1618 2131 1730 2171 uno
1765 2127 1913 2172 tomo

328 2199 398 2255 ad
428 2200 655 2260 Julium.
690 2200 821 2256 Luc.
841 2212 893 2256 et
914 2200 1177 2257 Joannem
1203 2204 1417 2259 duobus
1448 2215 1485 2258 t.
1521 2206 1587 2260 ad
1614 2204 1908 2261 Eusebium

325 2294 691 2363 explicavisse
723 2295 824 2363 (a).
857 2293 1072 2351 Titulus
1103 2297 1502 2368 Ὑπομνήματα
1535 2301 1615 2363 εἰς
1632 2299 1915 2353 —videtur

328 2385 517 2441 fuisse.
544 2385 616 2441 Cf
664 2386 888 2443 Corder.
920 2386 1038 2443 Cat.
1068 2390 1119 2442 in
1139 2389 1326 2453 Joan.,
1357 2406 1410 2460 p.
1439 2391 1560 2445 457.
1593 2391 1756 2461 (Vict.
1781 2390 1905 2445 Ant.

328 2478 380 2531 in
414 2476 532 2531 Cat.
558 2476 774 2533 Possini
804 2480 860 2533 in
896 2478 1091 2545 Μαῖα,
1124 2495 1177 2550 p.
1210 2480 1291 2547 4.)

393 2567 719 2639 Fragmenta
742 2572 1123 2626 commentarii
1151 2573 1202 2625 in
1226 2571 1418 2625 Matth.
1439 2573 1552 2628 haec
1588 2586 1906 2645 supersunt:

325 2658 435 2714 duo
455 2675 545 2730 ap.
560 2659 688 2716 Fac.
706 2678 786 2724 ιιι,
812 2662 951 2732 4(de
970 2662 1159 2717 Matth.
1176 2679 1293 2726 vni,
1314 2665 1478 2727 5-15;
1511 2665 1630 2733 ejus
1648 2683 1774 2735 pars
1802 2670 1907 2724 alia

328 2752 579 2808 versione
615 2753 810 2825 legitur
833 2754 887 2808 in
922 2754 1043 2809 Act.
1072 2769 1122 2808 c.
1153 2754 1426 2815 Const.n,
1449 2757 1627 2821 tv,5l,
1650 2757 1717 2810 52
1744 2758 1830 2829 [ex
1868 2760 1903 2813 Ι.

325 2844 825 2912 quartoComment.
841 2862 943 2900 see.
964 2845 1573 2917 Matth.],Vigil.Const.
1589 2849 1677 2913 52,
1694 2850 1804 2919 55):
1826 2867 1903 2917 ix,

324 2935 465 3005 2(de
494 2935 681 2991 Matth.
705 2955 815 3003 xvi,
843 2940 896 3003 5,
918 2955 1027 3009 quo
1059 2939 1224 2995 etiam
1247 2941 1285 2993 l.
1312 2939 1469 2995 Joan.
1502 2957 1620 3007 vni,
1654 2944 1753 3009 I9;
1792 2960 1903 3010 xw,

325 3029 379 3091 9,
405 3028 437 3082 8
462 3046 479 3094 ;
517 3045 629 3094 xvi,
667 3028 759 3091 24,
783 3030 890 3095 25;
917 3045 1018 3095 xu,
1044 3031 1133 3097 15,
1162 3031 1526 3101 explicantur.
1558 3033 1663 3087 Sed
1690 3034 1905 3089 videtur

326 3133 387 3172 ex
421 3118 567 3213 libro
603 3119 839 3213 quodam
870 3118 1144 3213 Theodori
1185 3120 1494 3213 dogmatico
1523 3122 1901 3195 depromptum
1929 3155 1971 3213 ο

318 3206 467 3277 esse)
496 3226 511 3267 ;
536 3208 648 3263 duo
676 3210 863 3271 etiam,
894 3211 986 3265 illo
1016 3218 1264 3281 excepto,
1298 3212 1351 3266 in
1376 3212 1499 3267 Act.
1541 3228 1591 3270 c.
1619 3214 1808 3269 Const.
1838 3232 1899 3280 ιι,

316 3317 370 3354 tv
404 3300 480 3371 (ὁ)
520 3302 611 3361 55.
654 3301 724 3356 56
776 3303 871 3369 (ο).
908 3302 1055 3375 (Vig.
1092 3304 1153 3357 C.
1203 3304 1291 3367 56,
1322 3305 1435 3374 57),
1494 3306 1647 3375 plura
1690 3325 1817 3361 vero
1848 3309 1901 3362 in

314 3395 525 3449 Catena
564 3392 740 3448 Graec.
779 3393 1001 3449 Patrum
1038 3396 1095 3449 in
1140 3394 1334 3451 Matth.
1384 3413 1414 3451 a
1454 3395 1615 3451 Petro
1648 3397 1899 3462 Possino,

315 3485 377 3541 S.
408 3484 485 3548 «1.,
514 3501 561 3539 s.
590 3485 757 3539 Iitter.
793 3485 975 3542 Tolos.
1009 3486 1151 3557 prof.
1199 3487 1324 3553 ed.,
1347 3496 1385 3541 t.
1422 3487 1438 3540 l
1474 3488 1710 3554 (Tolosae
1741 3488 1897 3553 1646,

315 3576 462 3643 fol.),
487 3591 540 3645 p.
570 3577 638 3631 15
661 3577 751 3644 (de
770 3576 956 3631 Matth.
987 3593 1025 3641 ι,
1063 3578 1173 3648 18);
1208 3579 1269 3633 51
1295 3579 1372 3648 (ιι,
1402 3579 1513 3647 16);
1554 3581 1623 3635 45
1652 3586 1758 3650 (ιιι,
1785 3582 1895 3652 16);

316 3669 389 3722 ts
419 3668 627 3737 (me);
670 3669 838 3737 77(v,
869 3670 982 3735 te);
1025 3669 1129 3725 156
1164 3672 1242 3738 (x,
1281 3671 1357 3742 5);
1404 3672 1496 3725 Ml
1532 3672 1609 3742 (x,
1647 3672 1899 3743 ιδιςιθιι

320 3762 470 3825 (xm,
490 3761 605 3828 33);
643 3761 751 3816 202
781 3763 915 3825 (xiv,
940 3762 1022 3834 I);
1061 3763 1167 3818 522
1197 3765 1369 3832 (xxiv,
1409 3764 1537 3831 29);
1584 3766 1689 3820 550
1724 3768 1894 3835 (μιν,

314 3852 409 3910 48.
432 3853 553 3922 49);
578 3854 683 3909 558
715 3856 864 3923 (xxv,
894 3856 1018 3922 28);
1067 3856 1171 3911 550
1207 3857 1377 3927 (τινι,
1404 3858 1528 3920 26};
1580 3859 1687 3913 505
1716 3860 1895 3929 (xxiii,

315 3943 408 3996 15.
457 3941 572 3998 Hoc
609 3942 672 3997 Θ.
715 3944 1026 4013 Ἀντιοχέως
1059 3944 1261 3999 dicitur
1300 3944 1401 4013 (ά),
1447 3947 1536 3999 illa
1562 3946 1623 3999 Θ.
1652 3945 1896 4015 Movimus-

314 4035 516 4105 πίας).
551 4064 624 4075 --
653 4035 816 4090 Teste
840 4034 1168 4091 Combelisio
1211 4035 1489 4105 (Biblioth.
1526 4038 1822 4092 concionat.
1852 4037 1893 4103 l,

316 4143 369 4195 p.
401 4128 493 4192 Η,
513 4128 604 4197 45)
625 4128 792 4180 multa
818 4126 1090 4181 Theodori
1108 4126 1433 4181 Antiocheni
1457 4140 1509 4182 ct
1529 4126 1892 4198 Mopsuesteni

316 4215 621 4286 fragmenta
658 4216 711 4269 in
753 4216 954 4271 Catena
986 4214 1153 4286 Regia
1191 4217 1243 4269 in
1272 4217 1579 4272 Malthzeum
1617 4219 1890 4290 leguntur.

312 4306 580 4361 Praeterea
614 4306 804 4377 fragm.
827 4308 1079 4377 leguntur
1112 4307 1402 4364 inCatenis
1434 4309 1607 4376 ined.,
1643 4312 1698 4365 in
1725 4311 1888 4366 codd.

312 4398 503 4465 XXIII,
528 4397 718 4464 XXIV,
762 4399 944 4455 CXCV
978 4399 1108 4453 bibl.
1141 4398 1372 4454 Coislin.
1399 4400 1494 4469 (cf.
1528 4400 1719 4456 Montf.
1747 4402 1887 4457 Bibl.

2015 1929 2301 1984 memorari
2335 1929 2593 1985 vidissem
2627 1929 2730 1989 (Cf.
2751 1929 2941 1984 Moutf.
2973 1930 3008 1983 l.
3041 1931 3073 1984 l.
3100 1947 3153 2002 p.
3192 1931 3280 1996 67,
3301 1931 3429 1992 217,
3460 1930 3588 1991 248;

2013 2021 2101 2086 77,
2136 2022 2276 2087 275;
2313 2020 2472 2075 Fabr.
2500 2023 2536 2075 l.
2568 2021 2627 2082 l..
2661 2038 2711 2092 p.
2747 2022 2893 2091 559).
2941 2022 3047 2077 Sed
3078 2022 3271 2093 fragm.
3304 2025 3593 2078 continent

2010 2113 2226 2168 Catenae
2261 2113 2405 2168 ined.
2438 2113 2599 2168 codd.
2640 2113 2749 2169 CCI
2794 2114 2846 2168 b.
2885 2115 3052 2169 Coisl.
3096 2114 3181 2169 Cf.
3218 2114 3409 2169 Montf.
3443 2115 3478 2168 l.
3526 2116 3589 2177 1.,

2011 2222 2065 2278 p.
2098 2205 2224 2269 25l,
2270 2205 2393 2261 cod.
2422 2204 2561 2259 XLII
2609 2206 2743 2264 bibl.
2771 2204 2933 2260 Vind.
2962 2224 2975 2272 ;
3027 2206 3101 2259 cf.
3131 2205 3404 2261 Lambecii
3434 2203 3591 2261 Com-

2012 2307 2197 2364 ment.,
2236 2298 2322 2353 ed.
2354 2297 2584 2363 Kollar.,
2616 2297 2704 2361 Ill,
2741 2315 2794 2369 p.
2823 2298 2945 2352 166.

2080 2388 2211 2455 Quae
2244 2388 2517 2443 Theodori
2551 2390 2850 2459 fragmenta
2883 2389 3033 2444 Frid.
3056 2388 3319 2453 Muenter,
3346 2389 3425 2442 vir
3447 2405 3591 2444 sum-

2010 2495 2151 2544 mus,
2188 2481 2240 2534 in
2276 2482 2454 2535 libro:
2491 2479 2815 2551 Fragmenta
2854 2480 3081 2535 Patrum
3120 2481 3315 2543 Gram,
3351 2480 3512 2535 Fasc.
3548 2479 3586 2544 Ι,

2009 2568 2171 2625 Ilafn.
2213 2570 2370 2636 I788,
2402 2569 2457 2633 8,
2490 2586 2541 2639 p.
2579 2570 2649 2625 72
2671 2586 2813 2642 seq.,
2841 2572 3122 2643 praemissa
3147 2571 3299 2625 brevi
3327 2570 3395 2626 de
3411 2569 3589 2625 Theo-

2006 2661 2142 2715 doro
2174 2662 2581 2726 dissertatione,
2619 2662 2832 2732 primus
2876 2662 3046 2718 edidit
3075 2673 3129 2717 et
3174 2662 3491 2727 illustravit,
3522 2678 3586 2715 ea

2006 2753 2211 2817 omnia,
2244 2770 2355 2808 uno
2372 2754 2654 2808 duobusve
2680 2754 2943 2825 exceptis,
2981 2770 3103 2809 meo
3131 2752 3351 2823 quidem
3378 2752 3588 2822 judicio

2007 2860 2071 2899 ex
2101 2845 2512 2901 commentariis
2542 2845 2595 2899 in
2621 2844 2821 2900 Lucam
2852 2844 3141 2915 desumpta
3184 2853 3330 2899 sunt.

2078 2937 2323 2991 Muentcr
2347 2951 2472 2990 cum
2508 2936 2564 2990 in
2592 2936 2834 3006 quinque
2857 2936 2965 2991 illis
2993 2934 3312 3006 fragmentis
3332 2933 3587 2988 Theodo-

2007 3047 2127 3085 rum
2162 3030 2443 3085 Iulianum
2494 3029 2843 3099 impugnasse
2892 3026 3400 3089 animadvertisset,
3449 3027 3588 3080 scri-

2008 3124 2184 3191 psisse
2236 3136 2361 3175 eum
2413 3120 2628 3175 censuit
2671 3118 2872 3174 librum
2920 3127 3112 3173 contra
3159 3116 3439 3171 Iulianum
3482 3117 3586 3170 hoc

2008 3214 2248 3268 fortasse:
2283 3211 2475 3266 titulo:
2532 3213 2595 3265 Θ.
2637 3212 2715 3265 Μ.
2772 3210 3095 3277 κατηγορία
3139 3207 3290 3276 πρὸς
3329 3207 3403 3261 τὰ
3434 3206 3586 3260 κατὰ

2006 3304 2374 3375 Χριστιανῶν
2404 3303 2728 3358 Ἰουλιανοῦ
2756 3303 2861 3356 τοῦ
2903 3302 3247 3370 παραϐάτου
3285 3301 3377 3370 (cf.
3430 3301 3467 3355 I.
3505 3317 3581 3365 c.,

2006 3416 2058 3469 p.
2092 3398 2214 3469 9i);
2238 3414 2358 3466 qua:
2386 3395 2698 3464 conjectura
2724 3396 2951 3464 probata
2981 3393 3226 3449 Ilarlesio
3252 3394 3342 3463 (cf.
3364 3392 3580 3448 Fabric.

2005 3491 2041 3546 l.
2078 3492 2141 3552 1.,
2184 3506 2236 3560 p.
2293 3489 2441 3557 559),
2491 3486 2848 3543 Schrmckhio
2903 3488 2935 3541 Ι.
2987 3488 3047 3549 1.,
3084 3503 3137 3556 p.
3177 3487 3303 3547 215,
3342 3488 3401 3540 Α.
3438 3487 3582 3540 Maio

2003 3583 2037 3635 l.
2070 3582 2171 3644 1.1,
2213 3596 2266 3650 p.
2306 3596 2418 3644 xxi,
2476 3579 2609 3633 mihi
2656 3578 2874 3648 quidem
2925 3580 3059 3633 satis
3092 3577 3307 3633 infirma
3343 3580 3579 3641 videtur,

2001 3687 2125 3725 cum
2156 3679 2211 3725 et
2245 3685 2402 3724 nemo
2420 3680 2665 3725 veterum
2691 3670 2758 3723 de
2788 3669 3095 3723 istiusmodi
3123 3670 3261 3725 libro
3284 3669 3581 3740 quidquam

2003 3761 2303 3832 prodiderit
2338 3771 2393 3815 et
2422 3776 2530 3830 quo
2561 3761 2614 3813 in
2659 3760 2796 3813 libro
2826 3758 3147 3816 Theodorus
3183 3762 3271 3814 illa
3298 3760 3582 3831 disputare

2003 3853 2240 3922 potuerit
2275 3851 2432 3906 facile
2468 3852 2690 3905 doceas.
2729 3849 2903 3906 Verba
2926 3861 3106 3904 autem
3145 3854 3321 3921 primo
3362 3852 3578 3907 illorum

1999 3944 2425 4015 fragmentorum
2442 3943 2721 4012 prmmissa
2740 3942 2936 3996 docent
2956 3942 3172 4012 quidem
3189 3986 3203 4005 ,
3229 3943 3578 3999 Theodorum

2000 4036 2153 4105 plura
2211 4049 2373 4103 quam
2418 4048 2540 4102 qua:
2596 4040 2850 4102 excerpta
2900 4041 3028 4087 sunt
3070 4044 3260 4087 contra
3302 4034 3578 4089 Julianum

1998 4127 2318 4198 scripsisse.
2377 4142 2499 4181 eum
2549 4125 2821 4194 integrum
2882 4125 3078 4179 librum
3125 4128 3388 4183 adversus
3424 4129 3577 4183 illum

1997 4217 2367 4288 composuisse
2397 4230 2504 4269 non
2528 4214 2745 4269 docent.
2771 4213 3037 4269 Praeterea
3066 4233 3192 4270 vero
3216 4217 3570 4275 manifestum

1995 4317 2097 4375 est,
2134 4325 2195 4365 ea
2244 4324 2351 4363 non
2386 4308 2602 4363 titulum
2636 4307 2762 4360 libri
2795 4306 3101 4363 Theodorei
3138 4312 3441 4379 continere,
3477 4313 3573 4367 sed

1995 4405 2116 4475 ejus
2160 4420 2303 4470 esse,
2334 4404 2428 4475 qui
2466 4404 2557 4457 illa
2596 4400 2886 4470 excerpsit.
2934 4399 3070 4453 Illud
3108 4400 3272 4455 etiam
3307 4402 3573 4458 Muenteri

313 4489 538 4543 Coisliu.
559 4531 574 4554 ,
599 4506 650 4558 p.
685 4488 774 4555 67,
806 4490 896 4551 75,
925 4490 1077 4561 218);
1111 4490 1163 4543 in
1202 4492 1325 4545 cod.
1359 4490 1503 4545 CXX
1536 4492 1666 4547 bibl.
1694 4492 1885 4549 Venet.
1928 4505 1970 4560 ι)
1998 4496 2370 4565 conjecturam
2398 4495 2745 4565 aliquatenus
2772 4491 3044 4562 infringit,
3072 4493 3218 4561 quod
3252 4494 3343 4547 illa
3375 4494 3573 4565 fragm.

314 4582 372 4634 S.
412 4582 577 4636 Mieh.
623 4582 715 4653 (cf.
753 4582 1023 4637 Miltarell.
1072 4581 1195 4636 Cat.
1228 4600 1355 4636 mss.
1404 4583 1580 4637 Venet.
1610 4585 1667 4638 S.
1702 4585 1888 4651 Mich.,

382 4790 459 4858 (α)
494 4788 549 4843 In
580 4792 788 4862 synodo
826 4791 1172 4862 Diamperina
1206 4792 1365 4852 1599,
1398 4802 1505 4845 act.
1536 4808 1614 4851 ιιι,
1640 4792 1883 4862 dect-J4,

310 4856 567 4931 damnata
592 4856 676 4916 est
696 4864 963 4931 expositio
985 4856 1438 4930 Evangeliorum,
1459 4877 1689 4930 eamque
1714 4861 1888 4917 Theo-

308 4928 434 5002 dori
465 4928 667 4996 fuisse,
712 4928 871 5001 cujus
917 4928 1188 5002 expositio
1215 4928 1628 5001 Evangeliorum
1662 4932 1884 5002 Syriaca

312 5000 366 5051 in
401 4998 624 5070 Oriente
652 4998 944 5056 admodum
980 4998 1035 5057 in
1074 5018 1176 5057 usu
1207 4998 1391 5062 esset;
1420 5002 1555 5056 satis
1587 4998 1884 5070 probabili-

308 5074 393 5123 ter
416 5069 556 5123 dixit
580 5069 653 5124 La
679 5071 852 5126 Croze
891 5073 1030 5126 Hist.
1060 5072 1133 5125 du
1168 5071 1462 5126 Christian.
1495 5069 1597 5124 des
1628 5070 1807 5135 ludes,
1844 5073 1882 5136 Ι,

309 5152 363 5209 p.
394 5139 531 5211 562;
559 5141 714 5195 Thes.
748 5143 899 5209 epist.
926 5141 1174 5205 Lacroz.,
1209 5140 1296 5206 111,
1328 5158 1387 5211 p.
1424 5142 1512 5195 50.

381 5208 453 5278 (b)
489 5208 843 5283 Praetereain
869 5212 1063 5283 iisdem
1093 5222 1202 5283 act.
1228 5208 1345 5265 duo
1368 5210 1587 5283 fragm.,
1624 5229 1687 5268 ex
1722 5215 1885 5266 inter-

302 5280 598 5343 pretatione
619 5280 711 5335 Eu.
752 5298 856 5335 see.
889 5281 1081 5336 Matth.
1105 5282 1405 5336 afferuntur
1428 5280 1538 5336 :26
1569 5284 1657 5347 (de
1693 5283 1882 5338 Matth.

306 5349 519 5423 ιν,11;
563 5351 678 5420 Vig.
713 5351 775 5406 C.
806 5351 932 5423 27);
975 5352 1159 5423 40((1β
1185 5351 1376 5406 Matth.
1412 5367 1493 5418 ιιι,
1530 5353 1627 5415 17,
1674 5352 1792 5420 Vig.
1817 5354 1879 5406 C.

303 5419 418 5490 40),
450 5436 686 5490 quorum
718 5422 849 5475 illud
881 5419 951 5477 ex
999 5424 1034 5475 l.
1066 5419 1088 5476 ι’
1119 5422 1193 5475 De
1239 5424 1470 5483 incarn.,
1518 5424 1620 5477 hoc
1648 5440 1711 5476 ex
1745 5423 1883 5476 libro

305 5488 388 5561 add
410 5488 612 5561 baptiz.
641 5500 916 5561 sumptum
965 5508 1086 5547 esse
1120 5494 1595 5547 verisimillimum.
1648 5492 1881 5547 Omnino

301 5558 396 5613 illa
429 5560 637 5614 eitandi
672 5558 884 5616 ratione
919 5563 1051 5616 nihil
1093 5562 1377 5617 incertius.

374 5630 445 5699 (ε)
476 5629 592 5685 Hoc
620 5632 813 5702 fragm.
832 5631 1033 5687 dicitur
1058 5631 1308 5701 Ejusdem
1330 5648 1393 5685 ea:
1419 5633 1554 5685 libro
1583 5632 1720 5702 quod
1740 5632 1879 5686 Deus

304 5712 575 5767 peccatum
615 5701 795 5755 docuit
828 5712 877 5755 et
921 5713 1139 5756 mortem
1192 5704 1509 5756 introduxit.
1546 5701 1664 5755 Jam
1714 5702 1879 5756 Tille-

307 5778 473 5824 ruont.
512 5774 550 5826 Ι.
588 5773 648 5834 1.,
696 5770 909 5842 p.674,
962 5776 1122 5842 cujus
1175 5773 1355 5827 verbis
1401 5772 1501 5825 Mai
1542 5773 1578 5825 l.
1621 5788 1695 5833 c.,
1748 5772 1789 5827 l.
1823 5788 1873 5839 p.

310 5856 476 5908 xxm,
507 5851 559 5897 ct
612 5839 913 5913 chVegn.
953 5844 987 5899 1.
1032 5839 1107 5912 c.,
1152 5860 1205 5913 p.
1252 5859 1382 5898 xvn.
1429 5842 1567 5899 male
1606 5843 1689 5897 usi
1726 5851 1873 5905 sunt,

1999 4590 2052 4642 in
2080 4590 2280 4643 Catena
2311 4588 2551 4642 exhibita
2579 4591 2708 4639 sunt
2730 4592 2893 4651 atque
2919 4582 2972 4634 in
3007 4582 3075 4637 iis
3107 4584 3243 4655 ipsis
3263 4585 3573 4639 istiusmodi

1994 4802 2137 4848 recte
2188 4791 2654 4861 pei'spexit,_illtid
2699 4790 2765 4841 l'r.
2816 4806 2878 4843 ex
2925 4797 3218 4861 comment.
3252 4790 3324 4861 Vin
3372 4787 3567 4861 Matth.

1992 4858 2265 4933 sumptum
2298 4858 2439 4933 esse.
2472 4858 2649 4933 Y_erha
2685 4878 2702 4908 ι
2723 4862 2961 4933 Aquod—j
2987 4860 3286 4933 introduxit
3307 4878 3324 4908 ι
3367 4858 3570 4933 “Utili-

1992 4926 2163 4986 tuluin
2202 4932 2323 4984 libri
2358 4931 2446 4993 (de
2481 4928 2674 4997 Wegu.
2722 4926 2764 4981 1.
2794 4945 2868 4990 c.,
2908 4929 3122 4981 Sicll'ert
3166 4930 3200 4979 l.
3253 4929 3313 4985 l..
3364 4945 3414 4996 p.
3450 4926 3567 4988 27;,

1990 5003 2085 5056 sed
2110 5002 2436 5056 svntentiam
2465 5002 2767 5061 t-mttinent,
2794 5015 2914 5067 quae
2944 5000 2995 5051 in
3028 5000 3147 5065 ipso
3182 4999 3375 5067 l'ragm.
3406 4998 3566 5050 inest.

1988 5072 2073 5126 Cf.
2110 5072 2172 5124 N.
2210 5071 2295 5129 ’1-1,
2332 5071 2418 5130 15,
2451 5070 2540 5129 16,
2569 5072 2637 5123 al.
2682 5068 2867 5123 Potest
2906 5068 3036 5121 illud
3074 5068 3143 5122 fr.
3182 5085 3243 5120 ex
3278 5083 3477 5119 eorum.
3513 5067 3567 5118 in

1990 5142 2175 5195 Cenes.
2213 5148 2559 5209 desumptum
2579 5156 2721 5199 esse.
2745 5140 2891 5208 quod
2918 5138 3150 5209 Siell‘ert.
3176 5139 3218 5209 Ι.
3238 5153 3288 5189 c.
3313 5138 3566 5209 opinione

1990 5227 2087 5265 sua
2119 5213 2272 5264 nisus
2312 5210 2476 5285 nimis
2513 5209 2741 5285 fidenter
2772 5209 2927 5285 dixit.
2954 5208 3065 5285 sed
3096 5208 3393 5285 ~multo-est
3425 5208 3565 5285 veri-

1988 5282 2223 5336 similius
2254 5297 2303 5333 v.
2345 5300 2361 5326 σ
2387 5280 2462 5354 ej.
2494 5295 2556 5332 ex
2593 5280 2732 5333 libro
2761 5299 2779 5331 ι
2817 5278 3000 5354 verbis
3029 5278 3123 5329 τοῦ
3159 5277 3325 5354 εὐτοῦ
3458 5277 3565 5325 τῶν

1987 5352 2165 5404 αὐτῶν
2218 5345 2520 5410 exstitisse,
2555 5365 2719 5417 quam
2768 5350 2912 5419 quod
2965 5346 3226 5401 nonnulla
3264 5345 3559 5405 excidisse,

1986 5424 2247 5494 opineris:
2304 5490 2314 5494 -
2407 5492 2414 5494 _
2477 5490 2485 5494 _
2653 5489 2753 5494 --φ
2978 5490 2989 5494 -
3379 5481 3417 5494 -
3518 5484 3527 5494 .

2056 5491 2133 5561 (ά)
2162 5490 2372 5544 Fabric.
2404 5490 2535 5561 l.7l.,
2571 5506 2623 5561 p.
2652 5489 2763 5544 558.
2785 5504 2813 5561 τί
2846 5506 2863 5537 ι
2887 5520 2955 5528 —-
2978 5490 3030 5561 in
3063 5502 3167 5555 qua
3206 5485 3347 5561 (Cat.
3379 5481 3561 5561 Possi:

1993 5554 2177 5627 niana)
2223 5561 2387 5615 etiam
2424 5554 2749 5614 Theodorus
2789 5554 3162 5627 Antiochenus
3211 5554 3560 5627 epistola‘ad

1991 5622 2340 5685 Anastasium
2378 5631 2660 5683 consulem
2703 5631 2903 5682 citatnr
2939 5628 3003 5680 ad
3040 5622 3259 5679 Matthf
3283 5640 3370 5679 xv.
3417 5622 3507 5676 28.
3537 5643 3555 5671 ι

1990 5701 2099 5771 Ego
2132 5716 2261 5771 vero
2283 5702 2425 5771 hunc
2456 5701 2491 5752 l.
2521 5700 2740 5771 frustra
2790 5699 3035 5771 qmesivi.
3083 5696 3288 5771 Postea
3303 5711 3369 5771 ex
3394 5694 3558 5771 Com.

1988 5764 2177 5825 lnilisio
2205 5769 2367 5838 (Bibl.
2386 5769 2678 5822 concinnat.
2706 5766 2744 5828 1,
2778 5764 2828 5835 p1
2860 5769 2945 5820 ill
2980 5767 3216 5821 intellexi
3249 5764 3559 5817 Fabricium

1987 5843 2244 5896 Calenam
2276 5838 2650 5897 Possinianam
2679 5854 2802 5892 cum
2830 5838 2998 5906 Ilrgia
3030 5838 3363 5891 conl‘udisse.
