3994 6512
356 339 428 394 53

1133 341 1223 400 DE
1255 341 1606 399 THEODORI
1646 342 2130 402 MOPSUESTENI
2168 348 2329 405 VITA
2356 349 2443 405 ET
2483 342 2814 405 SCliiPTIS.

3532 355 3600 410 δι

356 450 547 513 dorus,
581 444 849 507 Ebedicsu
880 458 1017 507 teste
1044 452 1081 506 l.
1115 468 1194 520 c.,
1235 471 1289 526 p.
1321 456 1413 521 52,
1452 456 1517 509 ad
1557 456 1813 509 Basilium
1844 458 1922 525 (a)
1956 464 1999 520 Α
2030 461 2260 531 intelligi
2290 461 2545 531 conjecit,
2587 462 2681 532 qui
2724 471 2779 516 et
2825 461 2907 515 vir
2937 460 3296 520 doctissimus
3332 464 3522 521 fuisset
3552 476 3607 524 et

357 539 602 609 scripsit.
634 557 799 594 unum
830 541 1022 611 fragm.
1052 544 1104 597 in
1135 545 1257 599 Act.
1293 546 1507 600 concilii
1537 545 1727 600 Const.
1764 561 1826 607 ιι.
1854 560 1928 610 ιν,

358 632 424 683 lti
472 634 579 700 (--
605 632 739 685 libro
772 635 965 701 primo.
1001 634 1161 705 Vigil.
1194 638 1384 692 Const.
1426 637 1527 702 l7;
1570 637 1771 706 Pelagii
1806 652 1929 706 pap.

356 740 441 792 ep.
480 726 534 789 3,
566 726 636 776 ad
665 725 861 788 Etiam,
894 728 929 780 Ι.
966 744 1040 791 c.,
1077 745 1129 798 p.
1166 730 1291 790 429,
1323 730 1470 797 450),
1505 730 1572 783 de
1600 730 1719 783 Act.
1756 747 1814 793 ιι,
1840 730 1930 793 58,

359 815 653 867 invenitur.
706 815 950 870 Meminit
988 818 1153 887 hujus
1193 820 1575 873 commentarii
1618 827 1673 873 et
1715 820 1934 888 exposi-

359 907 522 959 tionis
550 906 905 975 quarumdam
948 910 1080 979 Epp.
1123 909 1274 965 Pauli
1315 911 1667 965 Abulbarcat.
1719 911 1792 965 De
1821 910 1928 966 diu.

355 996 510 1065 οθεεη
545 1012 595 1051 c.
630 998 681 1050 7.
719 997 802 1052 Cf.
835 1004 1051 1055 Assem.
1092 1003 1128 1055 l.
1161 1002 1223 1067 1.,
1260 1018 1313 1071 p.
1348 1001 1437 1057 30.

426 1085 630 1141 Omnes
659 1086 811 1141 Pauli
846 1088 1118 1159 Epistolas
1147 1100 1201 1145 et
1239 1091 1535 1161 Epistulam
1570 1091 1637 1144 ad
1672 1090 1931 1148 Hebraeos

355 1194 387 1231 a
420 1176 707 1233 Theodoro
734 1180 1037 1250 explicatas
1060 1198 1182 1237 esse
1214 1182 1335 1252 (Ep.
1369 1182 1433 1235 ad
1466 1181 1623 1237 Rom.
1659 1183 1724 1236 ad
1757 1183 1929 1239 Euse-
1986 1184 1989 1187 “

353 1271 528 1332 bium,
556 1272 691 1324 duas
718 1272 785 1325 ad
814 1271 941 1326 Cor.
974 1282 1165 1343 rogatu
1192 1273 1487 1335 Theodori,
1530 1273 1659 1343 Epp.
1693 1275 1757 1328 ad
1784 1275 1927 1339 Gal.,

354 1362 520 1430 l~lph.,
573 1361 833 1433 Philipp.,
886 1363 1103 1419 Coloss.
1160 1380 1275 1434 rog.
1327 1365 1613 1429 Eustratii,
1673 1365 1809 1435 Epp.
1862 1367 1929 1420 ad

349 1452 551 1507 Thess.
599 1470 713 1523 rog.
765 1454 973 1515 Jacobi.
1016 1454 1152 1526 Epp.
1180 1456 1244 1510 ad
1279 1455 1544 1516 Timoth.,
1588 1456 1651 1509 ad
1684 1457 1926 1520 Petrum,

352 1542 491 1612 Epp.
526 1545 594 1596 ad
636 1543 745 1599 Tit.
778 1553 833 1599 et
866 1544 1095 1599 Philem.
1134 1562 1252 1617 rog.
1289 1547 1500 1617 Cyrini,
1534 1547 1630 1618 Ep.
1660 1549 1726 1602 ad
1762 1548 1926 1605 Hebr.

352 1633 420 1685 ad
451 1632 756 1703 Cyriaum)
809 1635 1056 1704 perhibet
1101 1635 1368 1691 Ebediesu
1420 1637 1456 1690 I.
1487 1652 1563 1697 c.,
1615 1654 1667 1707 p.
1701 1638 1791 1699 52,
1830 1639 1922 1693 55.

352 1720 615 1778 Leontius
667 1725 703 1778 l.
759 1740 809 1779 c.
870 1725 1038 1793 (Mai.
1098 1728 1131 1779 Ι.
1184 1727 1243 1788 I.,
1287 1742 1363 1792 vr,
1404 1744 1456 1796 p.
1488 1727 1615 1796 299)
1661 1737 1929 1781 memorat

350 1811 453 1881 τὴν
502 1816 873 1885 παρεξήγησιν
903 1819 1044 1883 ejus,
1095 1818 1161 1886 ἢν
1196 1818 1275 1879 εἰς
1322 1816 1419 1886 τὴν
1458 1818 1593 1887 πρὸς
1642 1818 1927 1887 Ἐϐραίους

365 1902 683 1975 Ἐπιστολὴν
728 1906 1018 1977 πεποίηται
1053 1908 1147 1960 κα)⁴
1191 1908 1297 1977 μὴν
1326 1907 1419 1960 καὶ
1459 1908 1537 1970 εἰς
1567 1908 1758 1978 1i;v(?)
1792 1909 1926 1978 πρὸς

349 1993 674 2064 Κορινθίους
716 1996 809 2049 καὶ
855 1996 1121 2060 Γαλάτας.
1156 2027 1225 2036 -
1267 1996 1404 2051 Cum
1436 1995 1820 2051 Theodoretus
1869 1997 1926 2051 in

351 2084 511 2140 Praef.
546 2087 599 2140 in
630 2086 781 2140 Pauli
806 2088 940 2157 Epp.
971 2089 1238 2143 scriberet
1272 2106 1283 2142 :
1317 2119 1387 2129 —
1414 2087 1710 2151 Αὑθαδείας
1741 2105 1807 2158 με
1832 2105 1927 2141 τυ-

348 2172 445 2241 χὸν
466 2174 561 2226 καὶ
583 2174 917 2246 θρασύτητος
941 2176 1242 2246 γράφονται
1269 2176 1410 2247 μετὰ
1438 2176 1526 2229 τὸν
1551 2176 1697 2229 δεῖνα
1720 2178 1814 2228 καὶ
1835 2175 1927 2230 τὸν

348 2266 520 2330 δεῖνα,
557 2270 682 2332 τοὺς
709 2270 809 2338 τῆς
852 2271 1174 2341 οἰκουμένης
1206 2272 1518 2343 φωστῆρας,
1556 2272 1656 2341 τῆς
1698 2272 1929 2324 ἀποστο-

347 2357 508 2428 λικῆς
540 2362 836 2431 ἑρμηνείας
885 2364 1332 2434 κατατολμῶντα,
1375 2364 1519 2418 haud
1558 2364 1725 2419 dubie
1758 2366 1924 2421 etiam

347 2451 415 2503 ad
449 2447 795 2505 Theodorum
837 2454 1096 2521 respexit.
1130 2454 1226 2509 sed
1264 2469 1450 2509 errore
1492 2454 1790 2509 observant
1821 2454 1925 2508 Ca-

349 2558 482 2597 seus
511 2545 549 2597 ι.
581 2544 645 2604 I.,
690 2561 745 2613 p.
775 2544 903 2607 248,
929 2553 985 2599 et
1037 2546 1254 2601 Assem.
1293 2547 1330 2601 ι.
1380 2547 1441 2611 1.,
1490 2563 1545 2616 p.
1574 2547 1664 2611 52,
1698 2555 1925 2602 auctore

346 2632 694 2689 Theodoreto
720 2651 911 2691 omnes
940 2636 1095 2691 Pauli
1130 2637 1404 2707 Epistolas
1434 2654 1464 2691 a
1493 2637 1782 2693 Theodoro
1806 2638 1926 2693 l‘use

345 2724 649 2792 explicatas
683 2741 828 2781 esse.
862 2757 931 2767 —
973 2726 1298 2798 Fragmenta
1346 2737 1476 2783 sunt
1510 2730 1563 2782 in
1609 2728 1729 2784 Cat.
1776 2729 1921 2785 ined.

347 2816 471 2867 rod.
511 2813 689 2874 CCIV.
722 2826 795 2877 et.
845 2826 902 2870 ut
950 2816 1167 2871 videtur
1197 2816 1433 2883 XXVIII,
1470 2818 1637 2883 XXX,
1672 2820 1921 2874 biblioth.

348 2904 518 2958 Coisl.
574 2904 657 2959 Cf.
696 2905 886 2961 Montf.
939 2907 1080 2962 Bibl.
1114 2908 1339 2964 Coislin.
1368 2927 1421 2980 p.
1451 2910 1578 2976 264,
1608 2910 1697 2972 83,
1730 2911 1818 2964 84.
1854 2941 1925 2951 -

350 2995 657 3059 Euthalius,
692 2998 784 3066 qui
836 3014 963 3053 saec.
1015 3016 1046 3053 ν
1081 3000 1258 3054 medio
1288 3001 1443 3067 vixit,
1476 3017 1636 3071 quem
1694 3001 1907 3057 Patrem

346 3086 551 3148 verbis.
574 3087 695 3141 καθ’
721 3090 953 3159 ἑκάστην
978 3092 1252 3161 συντόμως
1285 3092 1601 3162 Ἐπιστολὴν
1639 3092 1749 3163 (τοῦ
1774 3093 1920 3147 Παύ-

344 3176 461 3246 λου)
491 3180 550 3231 ὲν
569 3181 679 3241 τοῖς
714 3179 840 3249 ἑξῆς
868 3181 1207 3251 προτάξομεν
1237 3181 1335 3252 τὴν
1369 3183 1476 3235 τῶν
1497 3182 1807 3251 κεφαλαίων
1834 3183 1925 3237 ἕκ-

347 3268 499 3320 θεσιν
528 3308 543 3333 ,
601 3270 681 3321 ἐνί
724 3269 835 3321 τῶν
886 3272 1211 3338 σοφωτάτων
1251 3272 1357 3324 τινὶ
1413 3273 1507 3326 καὶ
1566 3273 1927 3343 φιλοχρίστων

348 3356 611 3429 Πατὲρων
657 3359 815 3429 ἡμῶν
862 3362 1245 3433 πεπονημένην
1306 3363 1596 3433 (Galland.
1650 3364 1815 3429 Bibl.,
1856 3364 1925 3431 Χ,

348 3463 403 3515 p.
438 3447 586 3516 2ι7)
637 3450 879 3506 innuerit
913 3453 1181 3507 nescitur.
1224 3454 1282 3508 Si
1328 3462 1496 3518 recte,
1551 3462 1609 3507 ut
1647 3456 1834 3519 credo,
1886 3455 1924 3507 l.

351 3555 407 3606 p.
447 3538 553 3592 250
602 3541 679 3594 illi
725 3541 870 3596 Patri
921 3545 1201 3606 tribuitur,
1250 3545 1497 3614 sequitur
1540 3545 1923 3601 tantummodo

347 3644 595 3683 cuman.
640 3632 743 3685 596
784 3642 991 3687 textum
1035 3634 1401 3705 Epistolarum
1450 3635 1800 3689 Paulinarum
1837 3652 1929 3690 ca-

352 3719 543 3786 pitulis
564 3722 902 3778 distinxisse.
924 3722 1110 3794 Neque
1132 3725 1275 3779 enim
1300 3742 1367 3779 ex
1389 3727 1568 3781 verbis
1614 3755 1663 3765 —-
1687 3725 1927 3797 ἐμαρτύ-

347 3823 524 3880 ρησεν
551 3843 616 3851 -
648 3812 858 3876 Παῦλος
891 3846 958 3855 --
988 3816 1214 3886 πέμπτῃ
1252 3816 1435 3887 ἡμέρᾳ
1480 3818 1629 3872 κατὰ
1660 3821 1925 3886 Συρομα-

344 3899 605 3966 κεδόνας
642 3906 912 3973 Πανέμου
937 3906 1148 3973 μηνὸς,
1174 3907 1297 3976 ἥτις
1330 3906 1539 3973 λέγοιτο
1576 3905 1642 3959 ἂν
1672 3906 1803 3977 παρ’
1833 3908 1929 3958 Αἰ·

340 3992 599 4059 γυπτίοις
632 3995 815 4063 Ἐπιφὶ
844 3994 904 4056 ε’,
938 3997 1086 4067 παρὰ
1126 3997 1181 4050 δὲ
1225 3997 1516 4066 Ῥωμαίοις
1552 3999 1586 4066 ὴ
1628 3998 1732 4068 πρὸ
1759 3996 1927 4067 τριῶν

345 4081 646 4135 Καλανδῶν
686 4084 917 4137 Ἰουλίων
938 4115 1038 4149 -,
1067 4094 1126 4140 ut
1158 4085 1360 4141 Millius
1394 4086 1631 4156 (Proleg.
1658 4090 1712 4140 in
1736 4086 1809 4140 Ν.
1838 4086 1923 4151 Τ.,

344 4190 410 4226 n.
450 4174 576 4243 906)
630 4188 780 4231 certo
815 4178 1199 4244 concluserim,
1238 4182 1291 4234 in
1326 4180 1481 4252 Syria
1528 4197 1652 4235 eum
1688 4181 1926 4253 Egypto

344 4264 531 4318 vicina
573 4266 798 4321 vixisse.
854 4268 957 4323 Sed
993 4270 1193 4325 Millius
1230 4272 1266 4327 Ι.
1307 4272 1368 4333 I.,
1412 4288 1470 4327 η.
1515 4272 1642 4341 906,
1668 4272 1793 4338 907,
1833 4275 1925 4330 illo

344 4354 406 4406 in
443 4355 635 4423 primis
681 4359 798 4412 loco
827 4360 1023 4426 nisus,
1071 4362 1141 4418 ab
1181 4362 1431 4417 Euthalio
1480 4364 1921 4435 Mopsuestenum

426 4528 501 4606 (ο)
562 4528 718 4606 Hunc
763 4530 1364 4606 Basiliumepiscopum
1411 4536 1720 4606 Raphaueze
1755 4537 1927 4593 fuisse

341 4598 564 4675 credo,
610 4601 702 4675 qui
750 4602 960 4675 synodo
1008 4598 1629 4675 CoiistaritinOpolit'anaa
1670 4623 1758 4661 an.
1813 4609 1910 4661 581

342 4665 704 4739 subscripsit,
734 4665 1094 4745 eutndemque
1134 4677 1189 4731 in
1227 4665 1601 4746 ChrySostomi
1644 4677 1802 4733 libris
1846 4676 1921 4729 De

1961 1796 1999 1849 Β

1950 3125 1993 3183 C

2038 552 2229 624 Syrus,
2258 561 2311 608 et
2356 563 2483 609 ante
2520 570 2606 607 an.
2646 554 2752 608 596
2797 555 3089 625 episcopus
3128 565 3183 612 et
3234 557 3605 627 Epistolarum

2034 644 2386 698 Paulinorum
2440 647 2733 714 interpres,
2777 646 2936 715 cujus
2986 648 3223 717 denique
3268 665 3465 705 nomen
3508 666 3607 707 cur

2033 736 2295 789 omissum
2331 744 2501 800 esset,
2535 736 2675 790 ratio
2711 736 3011 805 probabilis
3043 738 3192 793 reddi
3230 751 3435 809 posset.
3478 741 3603 795 Mihi

2034 824 2147 879 lucc
2174 825 2509 893 conjectura,
2547 841 2666 894 qua:
2696 827 2741 879 si
2780 841 2903 878 vera
2943 837 3089 881 esset
3122 830 3390 882 nonnulla
3428 829 3607 883 Theo-

2032 914 2148 968 dori
2185 914 2239 968 in
2274 915 2521 969 Euthalio
2558 916 2843 984 reperircs,
2886 931 2990 969 non
3026 918 3163 972 satis
3196 920 3491 987 probabilis
3526 921 3603 971 vi-

2032 1005 2229 1070 detur;
2295 1021 2405 1059 non
2464 1014 2642 1061 tamen
2691 1005 2888 1069 habeo,
2942 1020 3053 1075 quo
3098 1023 3214 1061 eam
3272 1010 3432 1079 plane
3481 1026 3607 1079 pro-

2034 1105 2295 1152 sternam.

2100 1188 2490 1243 Commentarii
2526 1189 2579 1241 in
2610 1187 2901 1256 Epistolam
2929 1188 2998 1240 ad
3028 1185 3295 1241 Romanos
3328 1189 3606 1254 fragmen-

2032 1284 2143 1327 tum
2170 1274 2238 1330 de
2268 1291 2306 1339 ι,
2334 1276 2389 1339 2,
2426 1276 2481 1338 ‘5,
2512 1275 2716 1345 praebet
2744 1274 2871 1330 Fac.
2907 1290 2985 1338 ιιι,
3023 1275 3090 1341 6;
3136 1276 3290 1345 plura
3321 1277 3375 1329 in
3411 1278 3604 1331 itinere

2032 1366 2219 1420 Italico
2242 1381 2306 1419 ex
2338 1365 2498 1420 codd.
2531 1373 2584 1420 et
2619 1366 2839 1421 Catenis
2886 1363 3060 1419 Vatic.
3107 1366 3396 1435 exscripsit
3437 1365 3501 1418 N.
3538 1366 3601 1420 C.

2032 1456 2243 1513 Kallius
2289 1457 2363 1525 (ν,
2397 1455 2599 1510 Muent.
2632 1457 2669 1509 l.
2702 1457 2763 1523 I.,
2801 1472 2853 1527 p.
2892 1457 3003 1524 78),
3035 1456 3302 1517 nondum,
3336 1464 3605 1525 quantum

2030 1548 2169 1611 scio,
2218 1548 2383 1602 edita.
2434 1548 2759 1617 Fragmenta
2811 1550 3059 1603 continet
3110 1548 3231 1601 Cat.
3286 1546 3432 1602 ined.
3480 1547 3602 1601 cod.

2032 1638 2266 1693 Vindob.
2304 1638 2486 1695 XLVI.
2522 1640 2608 1695 Cf.
2670 1639 2924 1694 Lambec.
2960 1640 3084 1701 LL,
3116 1638 3201 1702 Ill,
3234 1655 3285 1708 p.
3320 1638 3443 1692 175.
3490 1638 3607 1690 Alia

2030 1726 2217 1780 edidit.
2241 1727 2380 1795 Ang.
2408 1727 2582 1782 Maius
2613 1743 2668 1781 In
2696 1727 2967 1798 Spicilegii
3003 1726 3226 1779 Romani
3261 1736 3393 1779 tom.
3433 1723 3523 1785 ιν,
3549 1740 3604 1793 p.

2028 1816 2151 1871 499.
2174 1817 2329 1871 Errat
2346 1828 2525 1873 autem
2549 1818 2852 1885 Fabricius,
2875 1819 2968 1889 qui
2994 1818 3029 1873 l.
3055 1819 3117 1881 1.,
3142 1833 3195 1887 p.
3212 1818 3336 1875 559,
3360 1814 3606 1885 quaedam

2025 1909 2518 1983 ex‘connnentariis
2549 1910 2602 1963 in
2631 1910 2725 1980 Ep.
2762 1910 2829 1964 ad
2858 1908 3045 1974 Rom.,
3093 1909 3148 1961 in
3198 1905 3215 1959 Ι
3251 1903 3319 1958 ad
3344 1903 3592 1959 Corinth.

2025 2008 2078 2052 et
2131 1997 2151 2051 Ι
2196 1998 2262 2051 ad
2324 1998 2561 2054 Timoth.
2620 2015 2649 2054 a
2702 1999 2897 2071 Vigilio
2959 2000 3136 2054 al'l‘erri
3199 1997 3464 2067 perhibet.
3515 1994 3603 2049 Cl‘.

2026 2085 2186 2157 Vigil.
2222 2088 2410 2143 Const.
2440 2089 2527 2152 55,
2561 2089 2649 2154 42,
2681 2089 2770 2153 45,
2805 2099 2857 2145 et
2880 2090 3000 2144 Act.
3025 2104 3181 2143 conc.
3212 2088 3400 2142 Const.
3433 2101 3494 2147 ιι,
3527 2101 3600 2148 iv.

2024 2177 2114 2238 55.
2142 2178 2229 2231 42.

2100 2265 2278 2322 Unum
2318 2266 2682 2339 fragmentum
2713 2268 3093 2323 commentarii
3122 2270 3175 2321 in
3208 2268 3302 2336 Ep.
3334 2270 3403 2322 ad
3442 2268 3602 2324 Hebr.

2025 2360 2080 2414 in
2121 2361 2242 2415 Act.
2276 2376 2430 2415 conc.
2478 2362 2667 2416 Const.
2713 2378 2774 2423 ιι,
2830 2378 2903 2426 ιν,
2953 2362 3022 2415 52
3072 2361 3255 2432 (Vigil.
3290 2364 3477 2418 Const.
3512 2366 3601 2427 52,

2024 2451 2209 2523 Pelag.
2253 2470 2304 2523 p.
2352 2470 2439 2524 ep.
2486 2455 2540 2515 5,
2593 2455 2662 2507 ad
2702 2453 2876 2507 Etiam
2919 2454 2955 2508 Ι.
2999 2470 3073 2518 c.,
3109 2471 3162 2525 p.
3200 2455 3325 2517 A30)
3383 2458 3580 2525 legitur

2026 2544 2181 2609 Quod
2227 2545 2428 2599 ibidem
2481 2544 2549 2599 46
2600 2542 2744 2615 (Vig.
2780 2545 2884 2598 (ΣΡ.
2924 2544 3015 2614 47)
3063 2560 3129 2598 ex
3177 2546 3605 2613 interpretatium

2028 2635 2127 2703 Ep.
2181 2637 2252 2689 ad
2313 2636 2473 2691 Hebr.
2533 2636 2780 2703 aﬂ'ertur,
2832 2652 2898 2691 ex
2950 2636 3215 2691 libro-xu
3269 2637 3339 2689 Dr
3390 2637 3573 2689 Inrarr

2025 2737 2299 2796 sumptum
2328 2734 2411 2781 est

2094 2817 2444 2871 Theodorum
2497 2816 2773 2885 Epistolas
2822 2825 3031 2886 septem
3082 2818 3384 2870 catholicas
3435 2817 3576 2867 inter

2024 2917 2294 2979 pretatum
2324 2924 2468 2971 esse,
2499 2907 2729 2962 Bandini
2762 2908 2799 2961 ι.
2833 2908 2894 2966 I.,
2922 2908 3007 2969 lll,
3039 2924 3089 2977 p.
3116 2907 3241 2972 585,
3266 2917 3349 2961 est
3379 2915 3433 2959 et
3464 2908 3600 2975 Aug.

2023 2999 2147 3052 Maii
2182 3000 2218 3052 l.
2253 2999 2314 3057 l..
2356 2998 2395 3063 Ι,
2441 3013 2493 3068 p.
2550 3013 2664 3058 χχι,
2710 2998 2918 3066 opinio,
2956 3014 3076 3067 quae
3122 2998 3226 3050 hoc
3262 3011 3392 3057 uno,
3443 2996 3590 3047 nullo

2026 3103 2155 3143 sane
2178 3090 2374 3141 nititur
2392 3097 2734 3156 argumento,
2759 3088 2903 3157 quod
2936 3088 2988 3141 in
3022 3088 3141 3140 Cat.
3165 3087 3291 3140 cod.
3322 3086 3383 3147 γ,
3412 3086 3484 3155 pl.
3515 3084 3600 3148 Vl,

2030 3179 2162 3234 bibl.
2210 3178 2372 3231 Laur.
2429 3177 2570 3231 Med.
2608 3177 2750 3232 inter
2793 3178 3158 3247 explicatores
3205 3177 3423 3229 illarum
3477 3174 3605 3245 Epic

2030 3269 2293 3324 stolarum
2330 3277 2707 3323 memorantur
2737 3268 2839 3322 Th.
2876 3267 3113 3331 Heracl.,
3163 3267 3263 3324 Th.
3307 3268 3482 3329 alter;
3525 3266 3598 3320 cf.

2032 3361 2197 3414 Band.
2238 3360 2275 3415 l.
2322 3361 2381 3423 I.,
2420 3358 2459 3423 1,
2511 3360 2718 3429 p.102.
2779 3360 2919 3426 Quid
2976 3361 3120 3429 quod
3167 3361 3395 3415 Cosmas
3430 3359 3599 3413 lndic.

2030 3453 2064 3505 i.
2100 3453 2161 3513 I.,
2209 3467 2263 3520 p.
2312 3452 2439 3514 555,
2482 3481 2551 3491 -—
2583 3451 2709 3504 οὔτε
2748 3448 2850 3514 εἷς,
2898 3451 3095 3521 inquit,
3140 3450 3319 3503 αὐτῶν
3364 3450 3603 3518 (πάντων

2028 3542 2135 3595 τῶν
2184 3532 2749 3612 ὑπομνηματισάντων
2793 3542 2895 3604 τὰς
2947 3541 3095 3605 θείας
3134 3542 3397 3612 Γραφὰς)
3448 3542 3605 3610 λόγον

2030 3634 2321 3702 ἐποιήσατο
2362 3634 2470 3685 τῶν
2514 3632 2869 3686 Καθολικῶνῖ
2921 3634 3193 3688 Caeterum
3229 3647 3337 3686 non
3372 3634 3602 3686 dubium

2029 3724 2159 3792 quin
2189 3722 2511 3778 Theodorus
2549 3724 2593 3778 si
2628 3739 2732 3778 non
2763 3739 2952 3779 omnes
2981 3722 3252 3793 Epistolas
3280 3724 3598 3785 catholicas,

2028 3813 2241 3869 Leontii
2279 3814 2424 3868 enim
2467 3814 2652 3869 verbis
2694 3814 2854 3884 (Call.
2879 3814 3020 3869 Bibl.
3054 3817 3087 3868 Ι.
3118 3831 3194 3877 c.,
3224 3832 3275 3885 p.
3308 3816 3457 3885 687),
3493 3835 3510 3865 ι
3531 3816 3602 3867 ob

2027 3922 2189 3975 quam
2234 3920 2460 3959 causam
2507 3904 2623 3975 (sc.
2655 3906 2784 3975 quia
2817 3904 2936 3959 Jac.
2962 3922 3017 3968 ν,
3052 3907 3141 3968 ll,
3176 3907 3435 3975 patientia
3478 3904 3601 3959 Jobi

2028 3994 2379 4065 celebratur),
2412 4002 2470 4047 ut
2502 3995 2759 4059 arbitror,
2788 3995 2961 4065 ipsam
3004 3994 3299 4064 Epistolam
3326 3997 3513 4050 Jacobi
3545 4004 3602 4049 et

2029 4091 2168 4145 alias
2197 4088 2458 4157 deinceps
2508 4087 2743 4141 aliorum
2787 4088 3092 4142 catholicas
3123 4089 3349 4157 abrogat
3375 4096 3428 4142 et
3458 4090 3602 4141 anti-

2026 4190 2176 4252 quat,
2213 4197 2233 4232 ι
2270 4186 2422 4234 certo
2452 4178 2554 4233 niti
2584 4193 2695 4232 non
2733 4179 2877 4241 licet,
2901 4185 3137 4249 quatuor
3160 4188 3305 4233 certe
3326 4187 3384 4231 ut
3411 4177 3600 4231 Eccle-

2027 4274 2108 4329 sia
2157 4273 2495 4327 Antiochena
2553 4272 2665 4345 (cf.
2716 4272 2907 4330 Montl‘.
2977 4271 3115 4345 Opp.
3198 4273 3432 4343 Chrys,
3505 4270 3596 4334 Vl,

2030 4383 2080 4437 p.
2112 4366 2235 4432 508,
2268 4365 2418 4437 509),
2445 4366 2723 4437 rejecerit.

2024 4538 2321 4594 sacerdotio
2355 4545 2814 4607 commemorari,
2858 4543 3316 4601 verisimillimum
3347 4553 3455 4600 est.
3507 4509 3597 4600 0f:

2029 4608 2213 4695 Menti.
2247 4611 2385 4681 Opp.
2422 4612 2731 4683 Chrysost.,
2762 4616 2802 4679 Ι,
2835 4629 2888 4685 p.
2922 4615 3044 4669 561.
