3994 6504
221 329 289 384 57
1003 326 1089 381 DE
1120 323 1475 382 THEODORI
1501 319 1990 379 MOPSUESTENI
2018 321 2176 377 VITA
2201 319 2289 374 ET
2327 316 2663 374 SCRIPTIS.
3176 346 3182 353 ε
3408 307 3478 363 58

158 442 614 533 'AApotlinar-ium
644 439 793 511 (Fac.
820 456 901 506 ιιι,
924 439 1004 511 2),
1031 450 1277 512 apparet,
1307 440 1651 495 Theodorum
1677 445 1799 508 post
1827 443 1871 497 Α
1903 453 2010 491 ιιοιι
2046 438 2211 492 etiam
2254 434 2582 506 Apollinarii
2614 446 2811 486 vanam
2866 425 3348 499 praesumptionem
3386 442 3482 494 per

157 531 391 587 iilibros
431 531 506 585 De
531 532 901 586 incarnatione
931 532 1075 585 intra
1110 548 1221 586 xxx
1255 546 1432 585 annos
1468 544 1642 598 usque
1670 529 1798 581 dum
1902 534 2077 580 totum
2108 542 2249 595 opus
2282 524 2358 579 De
2405 524 2770 577 incarnatione
2802 520 3173 578 examinasse.
3210 526 3268 570 ut
3314 515 3479 576 nihil.

222 625 286 677 de
316 622 661 692 Apollinario
698 624 927 693 ejusque
960 623 1153 679 hmresi
1199 622 1488 684 scriberet,
1524 621 1707 674 nullos
1733 618 1801 671 li-

222 716 353 769 bros
398 715 665 769 adversus
714 713 1114 784 Apollinarium
1151 713 1413 769 edidisse.
1460 711 1603 777 Quid
1633 710 1804 763 vero?

223 806 365 861 Num
388 809 556 862 statui
584 815 785 879 potest,
818 824 941 864 eum
974 817 1165 878 postea
1200 807 1309 862 illis
1341 807 1495 860 libris
1527 805 1805 875 Apollina-

224 895 372 948 rium
426 895 819 966 impugnasse?
885 894 996 951 Nec
1050 896 1255 950 rectius
1309 894 1634 956 contendas,
1681 907 1805 947 eum

226 990 465 1055 primum
499 997 689 1041 contra
720 987 1141 1056 Apollinarium,
1175 995 1289 1039 tum
1326 987 1394 1039 de
1428 983 1807 1038 incarnatione

225 1081 544 1150 scripsisse.
579 1078 819 1134 Facund.
853 1079 1074 1149 quidem
1111 1078 1269 1142 Itt.2,
1306 1107 1376 1118 —-
1406 1077 1462 1130 in
1492 1091 1640 1144 opere
1669 1073 1806 1144 quod

224 1179 419 1220 contra
466 1167 825 1234 Apollinarem
872 1166 1079 1231 edidit;
1122 1195 1187 1203 —
1229 1181 1304 1226 Ix,
1344 1164 1399 1225 4,
1443 1174 1631 1225 quarto
1685 1159 1804 1214 adv.

225 1261 465 1328 Apollin.
513 1259 591 1321 1.;
636 1268 691 1313 et
732 1257 923 1313 Leont.
976 1256 1123 1327 (Mai.
1153 1258 1190 1310 1.
1225 1256 1286 1320 1.,
1316 1253 1407 1320 Vl,
1439 1270 1491 1324 p.
1526 1252 1651 1315 510,
1682 1252 1807 1319 3H)

224 1352 299 1404 ἐκ
348 1350 455 1404 τοῦ
492 1353 551 1403 .1.
588 1348 705 1402 τῶν
734 1349 883 1403 κατὰ
940 1346 1351 1414 Ἀπολιναρίου
1397 1342 1561 1408 αὐτῷ
1598 1340 1812 1412 γραφέα

227 1458 414 1503 ντων,
449 1440 538 1493 ἐκ.
567 1456 620 1493 τ.
646 1442 706 1493 λ.
738 1436 859 1491 τῶν
887 1438 1038 1492 κατὰ
1085 1437 1230 1498 Ἀπ..
1280 1434 1571 1491 manifesto
1598 1434 1699 1488 hos
1742 1433 1809 1485 li-

227 1533 362 1587 bros
393 1548 423 1585 a
455 1531 613 1586 libris
645 1530 722 1584 De
755 1531 963 1585 incarn.
1008 1530 1322 1586 discernere
1365 1528 1660 1592 videntur;
1716 1524 1812 1581 sed

226 1641 359 1678 cum
388 1626 505 1694 ipse
541 1623 805 1678 Leontius
858 1624 894 1676 ι.
932 1638 1007 1687 c.,
1047 1638 1101 1692 p.
1146 1621 1273 1685 299,
1317 1636 1377 1675 se
1406 1621 1622 1674 nonnisi
1657 1618 1812 1673 libris

227 1713 314 1768 De
344 1717 560 1772 incarn.
595 1730 753 1768 usum
788 1730 911 1769 esse
940 1720 1125 1767 narret
1175 1711 1385 1782 (ἐπειδὴ
1424 1712 1483 1764 δὲ
1525 1711 1678 1782 μόλις
1716 1710 1813 1762 καὶ

1903 621 2046 674 sicut
2081 634 2179 672 sua
2216 617 2380 671 ferret
2415 617 2624 685 Opinio,
2663 612 3022 684 praeteriisset
3056 626 3121 663 ex
3168 609 3253 662 his
3281 623 3403 677 quae
3428 616 3483 660 et

1904 706 1971 759 ad
2003 704 2314 759 ﬁrmitatem
2345 703 2735 758 ecclesiastica:
2768 700 3106 755 orthodoxae
3142 697 3483 766 pertinerent

1903 804 1959 852 et
1988 795 2052 849 ad
2097 794 2531 849 convincendum
2574 806 2765 847 eorum
2807 791 3166 859 impietatem.
3203 806 3220 837 ι
3266 784 3483 839 Genna-

1905 889 1997 944 dio
2026 897 2207 943 autem
2239 895 2395 950 teste,
2429 887 2468 939 ι.
2492 886 2554 949 l.,
2585 886 2642 939 in
2672 882 2832 938 libris
2864 882 2939 935 De
2970 882 3176 935 incarn.
3217 898 3235 930 ‹
3274 878 3485 930 ratione

1908 981 2201 1052 purissima
2250 990 2303 1035 et
2343 977 2680 1034 testimoniis
2713 974 3126 1044 Scripturarum
3163 991 3182 1022 ι
3223 970 3483 1031 ostendit,

1905 1072 2091 1127 Jesum
2122 1070 2405 1125 Christum
2451 1087 2470 1119 ι
2510 1064 2907 1137 plenitudinem
2950 1074 3004 1118 et
3042 1062 3267 1116 deitatis
3302 1070 3357 1115 et
3385 1060 3485 1113 hu-

1908 1164 2191 1219 manitatis
2224 1161 2543 1223 habuisse,’
2574 1165 2629 1213 et
2666 1156 2855 1212 docuit
2888 1173 2907 1207 ι
2944 1154 3222 1208 hominem
3271 1152 3489 1206 duabus

1910 1267 2125 1313 tantum
2177 1252 2521 1310 substantiis.
2564 1251 2603 1304 i.
2657 1265 2709 1304 e.
2743 1247 2924 1301 anima
2968 1252 3023 1299 et
3058 1258 3313 1313 corpore,
3350 1258 3488 1295 con-

1911 1361 2080 1409 stare.
2121 1360 2459 1416 sensumque
2504 1352 2556 1398 et
2609 1340 2864 1412 spiritum
2911 1336 3090 1392 oliicia
3122 1351 3248 1390 esse
3297 1335 3493 1387 anima:

1910 1442 2168 1511 ingenita.
2207 1456 2226 1489 ι
2268 1436 2413 1491 Idem
2469 1434 2638 1495 addit,
2678 1446 2801 1487 eum
2842 1449 2860 1480 ι
2900 1436 3157 1497 quartum
3206 1423 3483 1478 decimqu

1911 1536 2110 1589 librum
2148 1529 2367 1601 proprie
2394 1527 2462 1582 de
2503 1527 2747 1579 increata
2785 1530 2841 1577 et
2876 1520 2991 1575 sola
3035 1518 3362 1585 incorporea
3401 1513 3498 1566 do‘

1914 1625 2171 1693 minaque
2197 1619 2443 1675 omnium
2474 1616 2531 1671 S.
2567 1613 2859 1668 Trinitatis
2889 1617 3090 1664 natura
3123 1606 3189 1661 de
3219 1614 3498 1661 creatura-

1914 1732 2035 1773 rum
2073 1715 2288 1769 ratione
2333 1712 2693 1765 disserentem
2724 1720 2824 1775 pro
2864 1719 3032 1759 sensu
3079 1715 3201 1755 cum
3257 1696 3499 1751 auctori-

233 1806 379 1874 μετὰ
414 1804 609 1858 πολλοῦ
645 1806 816 1858 κόπου
848 1803 1101 1857 ἐπινοιῶν
1145 1820 1206 1856 τε
1257 1802 1467 1874 μυρίων
1510 1801 1608 1872 τὴν
1656 1802 1817 1856 Κατὰ

1939 1819 2027 1863 ate
2063 1808 2121 1861 S.
2162 1805 2574 1871 Scripturarum
2634 1798 2989 1868 explicuisse,
3046 1794 3242 1863 quinto
3283 1790 3499 1843 decimo

230 1894 348 1963 τῆς
403 1894 914 1965 ἐνανθρωπήσεως
964 1895 1144 1965 βίϐλον
1190 1895 1373 1966 εὑρεῖν
1438 1893 1816 1964 δεδυνήμεθα,

234 1989 447 2059 σψόδρα
475 1989 586 2061 γὰρ
611 1987 1196 2059 παραπεφυλαγμένως
1222 1987 1290 2041 τὰ
1315 1985 1481 2040 αὑτοῦ
1504 1987 1615 2049 τοῖς
1643 1987 1819 2056 ἀμυή-

232 2097 352 2145 tet;
378 2080 642 2133 ἐκδιδόναι
670 2081 955 2153 θαρροῦσι,
987 2080 1176 2133 τούτου
1211 2080 1396 2132 ἕνεκεν
1432 2077 1502 2130 τὰ
1525 2076 1687 2131 Κατὰ
1712 2075 1821 2143 τῆς

232 2178 479 2245 ὲνιινθρ.
518 2178 622 2231 τοῦ
668 2179 942 2245 Σωτῆρος
979 2175 1129 2246 αὺτῷ
1164 2173 1430 2245 εἰρημένα
1461 2173 1597 2243 μόνα
1635 2174 1693 2224 ὲν
1743 2169 1822 2239 τῷ

237 2274 473 2341 παρόντι
523 2271 879 2337 συλλέξασθαι
948 2268 1335 2339 δεδυνήμεθα),
1392 2276 1452 2319 ut
1504 2266 1664 2320 aliter
1708 2273 1823 2318 sta-

237 2376 391 2418 tuam
424 2365 641 2418 illorum
672 2362 1001 2417 auctoritate
1032 2376 1138 2414 non
1170 2372 1413 2414 moveor.
1481 2356 1647 2410 Multa
1694 2372 1824 2410 vero

240 2454 416 2525 ﬁngas
441 2495 457 2519 ,
508 2470 629 2523 quae
660 2468 900 2508 errorem
935 2467 1119 2507 eorum
1153 2465 1343 2520 parere
1385 2457 1699 2520 potuerunt.
1736 2446 1826 2501 Sic

243 2550 358 2603 ﬁeri
394 2548 576 2618 potuit
606 2556 665 2599 ut
698 2544 967 2602 Theodori
1013 2544 1264 2603 asseclaz,
1300 2542 1559 2597 cautione
1587 2540 1670 2593 vel
1699 2539 1826 2593 aliis

245 2643 311 2695 de
334 2641 526 2696 causis
557 2639 799 2703 adducti,
823 2638 963 2692 duos
997 2637 1119 2691 illos
1151 2636 1322 2689 libros
1348 2632 1616 2687 adversus
1659 2630 1828 2700 Apol-

246 2733 509 2787 linarium
546 2729 960 2800 (potissimum?
992 2727 1227 2795 solum?)
1265 2725 1501 2794 scriptos
1530 2722 1827 2792 separatim

245 2822 615 2888 divulgarent.
668 2819 994 2889 Fragmenta
1039 2817 1157 2886 ipsa
1197 2816 1311 2868 bam
1349 2821 1478 2869 sunt
1516 2829 1529 2864 :
1566 2811 1828 2867 tredecim

245 2931 271 2968 ο
301 2915 341 2970 ι.
379 2916 538 2969 tertio
569 2922 692 2967 Act.
743 2928 793 2966 c.
837 2912 899 2966 C.
947 2927 1009 2977 ιι,
1062 2926 1135 2971 tv,
1174 2911 1195 2963 1
1256 2909 1341 2979 (ex
1386 2924 1444 2961 ιιι
1495 2908 1631 2960 libro
1672 2922 1718 2959 c.
1762 2935 1834 2945 ο·-

248 3007 685 3075 Apoltinarium;
714 3002 836 3075 νίς.
861 3003 968 3059 CP.
1003 3004 1029 3057 1
1061 3020 1076 3068 ;
1111 3000 1408 3056 Justiniani
1450 3015 1561 3069 ep.,
1599 2997 1831 3052 Bandin.

1918 1915 2049 1956 vero
2097 1898 2377 1952 volumine
2435 1900 2609 1947 totum
2662 1888 2848 1960 Operis
2910 1887 2996 1940 sui
3048 1898 3251 1953 corpus
3313 1879 3501 1935 citatis

1919 1995 2083 2051 etiam
2119 1983 2761 2044 Patmmtraditionibus
2788 1980 3147 2035 conﬁrmasse
3181 1985 3234 2029 et
3256 1987 3503 2027 commu-

1923 2086 2148 2141 nivisse.
2181 2100 2198 2133 ι
2237 2081 2312 2134 Ex
2346 2079 2432 2134 his
2461 2091 2623 2146 quam
2650 2071 2971 2143 disputandi
3001 2070 3271 2123 rationem
3300 2066 3355 2119 in
3388 2064 3506 2117 uni-

1922 2192 2140 2232 versum
2178 2181 2401 2229 secutus
2437 2170 2507 2225 sit
2542 2166 2905 2239 perspicitur.
2941 2161 3019 2215 Ita
3046 2174 3178 2214 vero
3208 2172 3330 2210 meo
3356 2155 3505 2223 judi-

1924 2271 2011 2325 cio
2043 2282 2156 2322 rem
2186 2262 2447 2327 instituit,
2488 2269 2547 2313 ut
2577 2272 2730 2311 suam
2764 2254 2939 2325 ipsius
2972 2250 3301 2307 sententiam
3340 2262 3506 2300 accu-

1925 2363 2099 2415 ratius
2138 2357 2458 2426 expliraret,
2493 2348 2833 2410 defenderet,
2873 2345 3135 2404 ﬁrmaret,
3160 2339 3507 2395 adversario-

1927 2467 2047 2506 rum
2082 2460 2260 2504 autem
2296 2448 2515 2501 decreta
2539 2458 2645 2496 non
2676 2447 2829 2495 certo
2872 2435 3106 2506 quodam
3140 2433 3353 2495 ordine,
3400 2431 3495 2485 sed

1930 2545 2019 2599 hic
2056 2542 2169 2595 illic
2215 2538 2283 2592 de
2315 2536 2585 2591 industria
2641 2530 2976 2585 adoriretur.
3018 2526 3075 2580 In
3128 2525 3323 2579 ultimo
3369 2522 3513 2576 libro

1930 2650 2085 2692 suam
2118 2632 2425 2687 doctrinam
2460 2627 2682 2680 Patrum
2720 2619 3050 2676 testimoniis
3098 2616 3335 2671 ﬁrmavit
3368 2622 3423 2669 et
3452 2629 3514 2667 re

1932 2730 2048 2797 ipsa
2077 2728 2388 2779 commotus
2413 2726 2468 2774 et
2494 2719 2618 2771 ideo
2646 2713 2791 2787 quod
2828 2710 3131 2766 adversarii
3159 2724 3273 2762 sua:
3298 2715 3517 2760 senten-

1932 2796 2023 2875 tiae
2047 2817 2269 2871 Patrum
2302 2808 2840 2867 commendationem
2870 2804 3231 2872 adjunxerant
3260 2797 3358 2868 (α).
3386 2796 3516 2850 Exi-

1934 2912 2097 2966 stimo
2143 2915 2348 2969 autem,
2397 2918 2522 2958 eum
2570 2896 2895 2970 Apollinarii
2955 2892 3244 2953 doctrinae,
3295 2903 3416 2958 qua:
3459 2888 3515 2939 in

1938 3011 2091 3058 tanto
2119 3000 2423 3071 praisertim
2463 2995 2706 3048 auctoris
2739 2988 2944 3042 lumine
2970 2982 3338 3056 periculosior
3368 2978 3520 3033 vide-

249 3074 384 3161 1.1.,
432 3101 478 3161 ι,
521 3115 576 3168 p.
614 3097 739 3161 ιιι,
772 3074 899 3156 ns.
935 3093 1126 3148 Leont.
1164 3092 1203 3146 ι.
1244 3092 1309 3153 ι.,
1346 3088 1589 3161 ι).510);
1646 3087 1764 3150 2-7,
1800 3088 1832 3142 9

1939 3105 2113 3155 retur,
2165 3092 2340 3162 magis
2392 3102 2558 3157 quam
2600 3081 2857 3137 Eunomii
2911 3079 3177 3133 rationem
3234 3074 3516 3127 habuisse.

250 3191 399 3263 (νίς.
435 3190 544 3246 cr.
571 3189 689 3252 ε-τ,
724 3188 814 3257 9);
859 3188 927 3241 ιο
967 3184 1112 3257 (νίς.
1142 3184 1248 3239 cr.
1281 3183 1384 3250 to;
1429 3182 1624 3236 Leont.
1658 3179 1695 3233 ι.
1737 3193 1831 3244 c.;

251 3283 552 3339 Justiniani
584 3297 696 3353 ep.,
727 3279 896 3333 Band.
932 3279 966 3333 Ι.
1000 3279 1061 3339 1.,
1091 3277 1130 3338 1,
1164 3292 1221 3347 p.
1256 3276 1416 3344 171);
1458 3275 1545 3337 Η,
1585 3272 1650 3325 12
1688 3270 1833 3342 (Vig.

251 3375 361 3433 ΕΡ.
396 3377 487 3437 Η,
522 3374 644 3442 12);
694 3371 822 3430 Fac.
856 3387 938 3436 ιιι,
974 3371 1039 3435 Ξς
1089 3367 1377 3423 Iustiniani
1422 3382 1534 3435 ep.,
1563 3366 1757 3429 Band.,
1793 3365 1835 3426 1,

256 3485 314 3538 p.
354 3468 494 3532 175;
531 3482 622 3521 sex
658 3482 707 3523 ε.
745 3469 783 3518 ι.
813 3474 1022 3535 quarto,
1062 3462 1186 3517 Fac.
1229 3477 1304 3527 ιι,
1341 3462 1408 3527 4;
1464 3460 1653 3514 Leont.
1698 3464 1733 3512 l.
1763 3475 1837 3522 c.,

255 3577 310 3627 p.
348 3558 457 3614 309
496 3556 807 3628 (Justiniani
833 3572 944 3625 ep.,
972 3554 1167 3619 Band.,
1196 3554 1237 3617 Ι,
1264 3568 1317 3622 p.
1353 3551 1515 3621 170);
1546 3551 1666 3604 Act.
1702 3566 1751 3604 c.
1776 3548 1838 3605 C.

254 3668 321 3716 ιι,
352 3666 431 3716 tv,
461 3652 495 3706 8
521 3648 668 3720 (Vig.
689 3646 795 3703 CP.
817 3646 879 3713 8;
916 3645 1108 3701 Leont.
1137 3644 1173 3697 l.
1200 3660 1277 3706 c.,
1300 3658 1354 3713 p.
1383 3642 1515 3708 51ος
1547 3640 1839 3695 Justiniani

256 3760 381 3812 ep.,
415 3741 601 3805 Band.,
633 3740 673 3802 Ι,
701 3756 754 3809 p.
788 3737 944 3807 172);
995 3735 1189 3789 Leont.
1228 3733 1263 3788 l.
1303 3750 1377 3797 c.,
1407 3750 1463 3803 p.
1500 3732 1599 3786 3M
1650 3729 1840 3799 (Justi-

256 3834 420 3886 niani
448 3848 557 3901 ep.,
584 3831 783 3893 Band.,
806 3828 846 3890 l,
874 3845 925 3898 p.
961 3827 1095 3894 177;
1134 3825 1364 3881 alterum
1400 3822 1602 3878 dicitur
1639 3823 1708 3876 ἐκ
1735 3821 1845 3891 τῆς

254 3924 582 3992 ἑρμηνείας
618 3920 724 3974 τοῦ
755 3926 806 3986 η’
833 3922 901 3987 ψ.
928 3928 1206 3987 sumptum
1240 3929 1397 3980 esse;
1437 3914 1561 3967 Act.
1604 3927 1656 3968 c.
1686 3912 1750 3966 Ο.
1784 3928 1844 3975 ιι,

260 4032 340 4078 iv,
372 4015 440 4068 19
476 4012 617 4085 iliis.
649 4012 753 4067 CP.
786 4010 905 4079 20],
941 4008 1018 4062 De
1059 4009 1333 4077 interpret.
1376 4004 1548 4059 octavi
1589 4019 1711 4072 ps.,'
1752 4004 1846 4058 sed

260 4123 400 4161 eave
424 4104 691 4160 Theodori
717 4105 773 4156 in
806 4102 1053 4155 Psalmos
1085 4096 1509 4154 commentarios
1529 4094 1846 4166 intelligas),

258 4197 567 4253 Justtniatti
608 4213 722 4264 ep.,
752 4193 951 4257 Band.,
982 4191 1021 4253 I,
1052 4207 1108 4261 p.
1148 4188 1269 4244 182.

338 4292 518 4357 Quam
544 4289 688 4341 viam
717 4284 1043 4339 Theodorus
1078 4287 1132 4337 in
1174 4282 1410 4353 singulis
1450 4279 1606 4334 libris
1637 4280 1850 4348 ingres-

262 4397 366 4435 sus
400 4380 477 4433 sit
501 4378 610 4432 dici
646 4391 757 4431 non
787 4384 989 4445 potest.
1031 4371 1361 4441 Fragmenta
1393 4370 1540 4424 enim
1569 4385 1692 4423 cum
1733 4369 1852 4437 ejus

1936 3187 2159 3243 Refellit
2199 3196 2379 3237 tamen
2422 3180 2588 3234 etiam
2626 3171 2954 3227 Eunomium
2998 3169 3162 3238 idque
3193 3166 3287 3235 qui
3316 3164 3516 3217 factum

1939 3281 2009 3336 sit
2046 3273 2394 3345 conjiciendo
2432 3272 2561 3323 licet
2609 3263 2866 3334 assequi,
2922 3258 3264 3330 probabilius
3310 3266 3519 3314 tamen.

1937 3372 2032 3443 qui
2061 3366 2462 3438 Apollinarium
2504 3354 2907 3429 impugnaverit
2934 3352 3206 3421 disputes.
3239 3346 3523 3417 Apollina-

1939 3464 2056 3518 rius
2086 3473 2234 3522 vero,
2268 3457 2354 3509 vir
2395 3451 2598 3507 litteris
2624 3447 2833 3504 Graecis
2861 3460 3026 3515 quam
3068 3441 3305 3495 maxime
3346 3438 3526 3491 imbu-

1942 3562 2053 3616 tus,
2082 3546 2370 3604 afﬁrmavit
2397 3542 2617 3614 quidem
2643 3538 2885 3598 Christo,
2914 3534 3023 3589 Deo
3049 3541 3103 3586 et
3136 3529 3367 3590 homini,
3401 3543 3525 3597 per-

1942 3660 2095 3700 sona:
2135 3640 2403 3694 unitatem
2444 3630 2789 3689 tribuendam
2837 3643 2983 3690 esse,
3019 3625 3114 3680 sed
3144 3639 3309 3692 quam
3355 3619 3529 3673 ratio-

1944 3750 2068 3791 nem
2113 3740 2172 3786 ut
2219 3727 2537 3801 mysterium
2569 3724 2752 3777 animo
2802 3719 3147 3790 perciperent
3186 3714 3241 3767 in
3278 3710 3529 3765 Ecclesia

1945 3837 2060 3882 tum
2101 3823 2337 3877 inierant
2366 3816 2715 3886 improbavit.
2759 3813 2836 3866 Ex
2872 3809 3089 3865 duobus
3128 3804 3387 3876 perfectis
3416 3803 3528 3872 (τε-

1944 3916 2128 3983 λείοις)
2154 3926 2322 3967 unum
2355 3908 2492 3964 ellici
2537 3921 2647 3960 non
2682 3919 2864 3974 posse,
2899 3902 2952 3954 h.
3002 3917 3052 3955 e.
3080 3899 3216 3952 duas
3266 3909 3529 3964 personas

1948 4023 2113 4064 unam
2143 4003 2255 4059 ﬁeri
2290 4016 2399 4056 non
2432 4013 2595 4069 posse
2620 4012 2746 4050 cum
2788 3994 2891 4049 sibi
2931 3989 3321 4061 persuasisset,
3348 3984 3531 4039 eccle-

1950 4098 2174 4155 siastica
2218 4092 2454 4148 formula
2498 4088 2622 4143 ideo
2667 4086 2717 4141 ei
2759 4084 3061 4152 displicuit,
3104 4077 3250 4149 quod
3293 4091 3357 4129 ea
3392 4074 3532 4128 duce

1950 4191 2173 4247 Christo
2204 4184 2423 4241 nonnisi
2454 4181 2635 4235 Verbo
2662 4176 2842 4230 unitas
2872 4176 3207 4241 competeret
3232 4164 3535 4235 duplicem-

1953 4300 2060 4357 que
2088 4280 2369 4336 Christum
2401 4284 2457 4330 et
2482 4272 2621 4327 duos
2654 4267 2796 4322 ﬁlios
2827 4279 2951 4320 esse
2981 4259 3333 4317 statuendum
3362 4260 3533 4310 esset.

1957 4344 2145 4445 Itaque
2197 4366 2519 4425 orthodoxis
2571 4355 3039 4433 ἀνθρωπολατρῶν
3100 4351 3400 4424 (Athanas.
3460 4344 3537 4399 De

262 4484 363 4526 ant
388 4469 747 4540 impugnandi
765 4437 859 4522 a'ut
896 4437 1222 4522 defendendi
1242 4477 1412 4518 causa
1444 4461 1684 4515 exhibita
1719 4461 1852 4523 sint,
1890 4462 1930 4517 Ι)
1960 4437 2165 4521 imam.
2205 4462 2307 4517 sub
2334 4460 2454 4521 ﬁn.,
2494 4454 2723 4525 Gregor.
2748 4450 2880 4505 Naz.
2908 4465 2992 4503 or.
3028 4446 3118 4509 51,
3148 4444 3188 4509 Ι,
3222 4460 3275 4512 p.
3313 4439 3417 4494 71.2
3446 4437 3534 4492 ed.

266 4568 324 4617 in
352 4578 464 4616 una
497 4560 615 4614 fere
634 4558 939 4628 eademque
962 4572 1022 4610 re
1046 4561 1340 4610 versantur
1362 4561 1417 4607 et
1444 4552 1579 4606 nihil
1603 4550 1708 4606 nisi
1743 4552 1859 4605 bre-

266 4654 491 4710 vissimi
518 4651 854 4706 Theodorea:
878 4646 1268 4717 disputationis
1299 4645 1463 4714 panni
1497 4654 1645 4697 sunt.
1672 4641 1860 4708 Quan-

264 4764 439 4819 quam
481 4746 757 4801 verbosus
804 4738 1129 4797 Theodorus
1160 4738 1248 4792 hic
1287 4737 1367 4791 rei
1412 4743 1739 4807 argumento
1765 4735 1861 4788 ad-

266 4842 478 4897 ductus
528 4835 663 4908 quid
715 4835 905 4891 eadem
951 4833 1149 4887 iterum
1195 4830 1508 4897 iterumque
1565 4827 1862 4897 repetendo

270 4939 469 5001 posset
508 4928 727 4982 videtur
759 4933 1022 4995 expertus
1056 4939 1200 4978 esse.
1238 4921 1356 4992 Ipse
1396 4927 1583 4973 narrat
1616 4917 1767 4987 (Fac.
1805 4935 1860 4980 ι,

273 5027 327 5093 ί)
361 5041 421 5076 se
462 5042 479 5072 ι
513 5020 631 5073 Arii
661 5028 716 5074 et
743 5016 1003 5071 Eunomii
1030 5013 1097 5071 de
1121 5013 1503 5068 incarnatione
1529 5011 1726 5065 delicta
1761 5025 1863 5065 nec

272 5176 517 5243 genuina
570 5173 874 5243 probantur
928 5174 1000 5239 (ν.
1035 5187 1081 5225 s.
1118 5179 1171 5224 et
1205 5168 1353 5233 tnf.),
1401 5166 1547 5236 quod
1604 5167 1746 5221 idem
1800 5168 1864 5221 de

270 5244 507 5325 Qiodori
564 5244 691 5306 illis,
748 5258 878 5325 quae.
917 5242 1145 5325 quidem.
1188 5256 1253 5325 ex
1302 5238 1634 5325 ejnns‘libro“
1663 5236 1866 5325 Contra

272 5315 642 5387 Synusiastas
702 5310 786 5366 vel
851 5310 1272 5387 Apollinaristas
1321 5312 1642 5387 deprompta
1708 5316 1866 5368 sunt,

273 5376 449 5440 vilet.
485 5383 625 5438 Sunt
656 5392 837 5438 autem
867 5376 983 5436 hinc
1012 5381 1273 5434 Dmdbrea
1304 5395 1319 5431 :
1350 5380 1469 5430 Act.
1501 5377 1561 5429 C.
1599 5376 1660 5429 C.
1694 5393 1754 5440 ιι,
1791 5394 1865 5440 Iv,

274 5456 398 5517 Ηυξ
468 5470 520 5514 ν,
571 5468 623 5523 p.
676 5453 746 5506 93
807 5454 916 5520 (cf.
967 5450 1167 5523 Leonti
1208 5448 1458 5523 Calland.
1509 5446 1651 5499 Bibl.
1707 5447 1867 5523 luet.

277 5542 338 5596 p.
370 5515 534 5596 696);
568 5515 776 5596 inﬁgi;
813 5515 864 5581 ν,
899 5540 950 5596 p.
986 5518 1187 5596 92(ςῄ
1216 5519 1410 5596 Ιλεεοῃι.
1446 5517 1481 5570 Ι.
1511 5533 1584 5574 c.,
1620 5531 1672 5584 p.
1710 5515 1868 5585 697);

278 5588 337 5657 ἦ,
372 5612 433 5666 p.
462 5588 533 5649 92
581 5593 675 5659 (cf.
710 5588 913 5666 Leont.’
938 5593 972 5666 Ι.
1013 5594 1111 5666 c_.).
1160 5588 1279 5643 Jam
1314 5589 1435 5666 duo
1462 5596 1691 5646 restant.
1735 5601 1872 5666 quo-

281 5658 417 5721 rum
465 5666 697 5717 alterum
730 5678 796 5715 eo
831 5662 1053 5716 Diodori
1081 5674 1207 5714 esse
1261 5658 1557 5718 evincitur,
1608 5658 1753 5724 quod
1804 5672 1869 5709 ex

284 5736 438 5789 libro
469 5733 671 5790 Contra
706 5732 901 5802 Synus.
942 5733 1024 5785 vel
1070 5729 1327 5802 ApollinL
1357 5735 1635 5802 sumptum
1669 5725 1873 5802 dicitur

286 5803 392 5875 tcl’.
423 5806 540 5861 Act.
572 5805 636 5861 C.
667 5803 727 5859 C.
747 5796 820 5872 ἶι,
848 5817 923 5868 tv,
952 5801 1048 5869 28;
1082 5796 1136 5865 νζ
1171 5816 1220 5871 ι).
1251 5799 1362 5869 95),
1391 5798 1618 5852 alterum
1642 5810 1706 5853 eo
1728 5796 1870 5866 quod

1954 4559 2317 4616 Clemencet.,
2373 4546 2856 4606 bominicolarum,
2897 4539 3028 4594 Fac.
3086 4553 3164 4599 Ix,
3216 4534 3295 4603 '5.)
3338 4545 3535 4586 nomen

1957 4668 2065 4707 non
2112 4642 2494 4714 denegandqu
2539 4638 2773 4693 censuit.
2822 4637 2945 4703 Ipse
2986 4638 3167 4685 autem
3211 4638 3265 4679 ut
3306 4623 3540 4690 conjun-

1957 4744 2134 4798 ctione
2176 4740 2461 4803 utriusque
2499 4731 2703 4787 Christi
2732 4736 2942 4782 naturae
2967 4723 3231 4777 unitatem
3284 4728 3537 4786 persona:

1960 4833 2183 4890 Christo
2221 4827 2548 4883 vindicaret,
2584 4822 2745 4890 idque
2779 4814 3080 4872 intellet-tui
3120 4813 3362 4864 humano
3394 4812 3542 4874 apta-

1963 4932 2067 4988 ret,
2101 4921 2239 4975 duce
2277 4914 2620 4986 philosophia
2674 4908 2977 4967 Platonica,
3013 4917 3175 4973 quam
3226 4897 3539 4951 imbiberat,

1964 5015 2203 5067 fortasse
2225 5020 2473 5062 veterum
2503 5005 2665 5057 etiam
2698 5000 2917 5052 Patrum
2951 4992 3260 5061 exemplum
3287 4988 3541 5045 intuitus,

1963 5169 2016 5221 in
2044 5165 2237 5221 mediis
2277 5160 2561 5216 Diodoreis
2592 5144 3543 5221 colloratumest.(35nterumlil1runi

1965 5240 2115 5292 illum
2164 5234 2356 5304 Cyrilli
2410 5246 2533 5304 esse
2575 5223 3042 5304 tenter-e_t_iegavit
3096 5219 3224 5271 Fac.
3270 5229 3353 5275 ιιι,
3400 5212 3452 5273 6,
3489 5210 3543 5271 5,

1965 5326 2017 5361 v.
2056 5324 2107 5359 v.
2140 5293 2467 5359 c.'Lilterati
2496 5301 2669 5353 Brev..
2705 5312 2754 5352 c.
2792 5296 2877 5349 10.
3010 5360 3035 5361 η
3104 5357 3152 5361 __
3248 5293 3253 5298 ’

2041 5350 2116 5447 (Ii)
2143 5350 2863 5447 ὶξιῗιὶᾗιίᾇὲᾑῖέιροιλορρ.
2899 5360 3063 5447 Basil.
3104 5353 3323 5447 ιιι-εδδ,
3342 5350 3541 5447 pagi};

1970 5449 2010 5508 ι,
2041 5418 2115 5516 Έί
2137 5418 2628 5516 ιῖέὲξίἑᾶξίίζίάᾷὶέ.
2668 5418 2834 5516 βειιῖιέ
2867 5450 2903 5516 ι-,
2938 5432 2949 5483 I
3010 5431 3071 5491 l.,
3104 5427 3145 5489 ι,
3175 5442 3226 5516 ρ.
3265 5424 3391 5516 sit.
3421 5418 3547 5516 eis.

1977 5492 2753 5583 ll‘la'j’ori-idre“Apollinarius
2799 5503 3019 5583 Patrum
3072 5492 3451 5577 auctoritatem
3494 5492 3548 5541 in

1976 5562 2240 5640 amiilium
2296 5562 2495 5635 vocare
2542 5585 2777 5648 poterat.
2830 5572 3091 5639 Origenes
3137 5566 3283 5647 enim
3340 5562 3553 5648 primus

1974 5658 2196 5709 Christo
2221 5655 2520 5707 humanum
2544 5631 2673 5702 νοῦν
2708 5646 2872 5699 etiam
2907 5631 3071 5709 atque
3113 5637 3275 5691 etiam
3306 5631 3552 5709 vindiea-

2093 5700 2714 5790 '£i&.{é't§£c"33ctrinq.
2743 5728 2864 5790 quae
2901 5700 3008 5790 non
3042 5711 3274 5790 ‘poterat
3302 5718 3411 5756 non
3440 5700 3556 5790 pla-

1975 5772 2265 5860 cer’erillb'
2287 5772 2632 5864 potissimum
2665 5772 2802 5841 duc'e
2834 5772 2886 5836 in
2932 5772 3173 5851 Ecclesia
3205 5783 3423 5843 recepta
3444 5776 3547 5824 est.
