3934 6538
499 339 574 396 59

1372 339 1671 396 OTTONIS
1712 339 1896 396 FRID.
1937 336 2332 396 FRITZSCHE
2355 337 2844 397 COMMENTATIO

3703 345 3767 401 ϐο

507 453 667 512 facile
694 455 750 511 in
772 471 891 512 eam
929 455 1259 511 sententiam
1297 455 1499 511 ductus
1524 465 1626 522 est,
1665 464 1722 510 ut
1757 471 1880 511 cum
1913 455 2077 510 homo
2106 455 2157 516 Α
2182 460 2294 510 tur.
2341 452 2434 508 llle
2465 455 2706 524 optimus
2750 454 3088 521 Platonicus,
3116 454 3205 510 hic
3252 471 3359 511 non
3406 455 3556 513 satis
3588 472 3771 517 acutus

503 547 683 601 tribus
719 547 966 616 partibus
993 553 1290 609 constaret,
1331 546 1626 601 humanam
1667 548 1865 603 Christi
1915 555 2078 601 natu-

506 651 622 690 ram
671 637 889 691 duabus
921 645 1133 689 tantum
1187 637 1504 691 constitisse
1529 637 1626 707 (τῷ
1672 637 1882 708 σώματι
1923 646 1976 692 et
2013 641 2079 709 τῇ

503 728 645 800 ψυχῇ
674 730 890 798 ἀλόγῳ),
932 728 1172 781 divinam
1201 744 1330 784 vero
1378 731 1554 784 locum
1597 728 1688 782 τοῦ
1714 729 1827 796 νοῦ,
1856 731 1953 800 τῆς
1975 731 2080 798 ψυ-

503 819 612 888 ea;
644 821 866 888 λογικῆς
893 834 1196 888 occupasse
1237 820 1503 884 crederet,
1539 821 1614 874 ita
1646 830 1704 874 ut
1752 823 1780 872 ὁ
1820 823 2082 892 κυριακὸς

503 909 784 980 ἅνθρωπος
815 926 978 964 unam
1019 926 1307 980 personam
1350 911 1643 966 effecisset.
1686 912 1838 965 Hanc
1873 913 2082 967 doctri-

504 1017 627 1055 nam
655 1019 761 1056 non
788 1003 1011 1073 quidem
1048 1020 1112 1058 ex
1145 1005 1429 1073 Scriptura
1459 1020 1619 1059 sacra
1656 1005 1931 1070 haustam,
1959 1023 2081 1077 quae

502 1102 685 1149 tamen
731 1097 786 1149 in
839 1098 1122 1152 nonnullis
1185 1095 1308 1151 Scr.
1361 1096 1417 1151 8.
1472 1098 1609 1153 locis
1666 1097 1844 1169 (Joan.
1894 1115 1932 1161 ι,
1989 1099 2082 1166 14,

501 1182 522 1234 1
551 1183 680 1237 Cor.
715 1200 804 1245 xv,
837 1185 926 1251 47,
959 1186 1054 1254 al.)
1082 1187 1229 1240 clare
1253 1187 1434 1241 inesse
1463 1187 1762 1249 videretur.
1805 1191 1948 1244 facili
1982 1207 2077 1244 ne-

502 1274 654 1342 gotio
684 1289 808 1328 cum
835 1275 956 1330 Ser.
1001 1277 1058 1330 8.
1091 1278 1427 1342 conciliavit,
1454 1293 1577 1332 cum
1613 1282 1918 1349 pru‘sertim
1959 1299 2081 1352 qua:

501 1371 598 1416 aut
622 1364 821 1419 divina:
841 1375 934 1420 aut
957 1367 1206 1422 humanae
1228 1369 1427 1424 Christi
1453 1379 1661 1426 naturae
1682 1383 2078 1442 competet-ent,

501 1452 572 1507 de
611 1461 724 1508 toto
752 1454 971 1511 Christo
996 1459 1296 1527 praedicare
1321 1461 1540 1515 soleret.
1579 1461 1682 1516 Sed
1714 1463 1838 1517 hinc
1874 1466 2076 1520 factum

501 1553 610 1607 est,
646 1556 705 1599 ut
730 1546 1028 1603 adversarii
1061 1550 1420 1620 Apollinario,
1455 1568 1615 1622 quem
1643 1569 1750 1608 non
1779 1556 2081 1612 intellexis-

492 1643 648 1699 sent,
688 1638 874 1705 plures
899 1640 1186 1709 opiniones
1218 1643 1661 1714 tribuerentqnze
1696 1647 1764 1700 ab
1792 1663 1856 1700 eo
1885 1649 2080 1703 aliena:

503 1736 659 1782 erant
693 1729 791 1799 (a).
834 1730 1156 1799 Quanquam
1215 1749 1363 1798 eum,
1401 1746 1459 1788 ut
1511 1736 1886 1794 Tlteodorctus
1941 1739 2076 1794 Fab.

504 1817 635 1871 liter.
675 1836 748 1884 tv,
781 1823 848 1887 8;
871 1821 940 1875 ΙΙ.
971 1841 1016 1878 e.
1044 1841 1096 1887 v,
1124 1826 1176 1888 5,
1201 1827 1367 1880 refert
1397 1827 1493 1893 (cf.
1521 1827 1683 1897 Greg.
1717 1828 1849 1884 Naz.
1878 1847 1993 1900 epp.
2012 1832 2080 1886 ad

503 1907 726 1966 Cledou.
792 1912 953 1984 LII),
1009 1916 1136 1986 περὶ
1200 1918 1299 1987 τῆς
1351 1917 1497 1981 θείας
1548 1920 1757 1987 φύσεως
1811 1922 2081 1994 κιϐδήλοις

505 2000 848 2070 χρησάμενον
881 2002 1057 2069 λόγοις
1113 2004 1354 2075 βαθμούς
1412 2026 1558 2072 τινας
1600 2010 1925 2080 ἀξιωμάτων
1959 2032 2082 2083 γεν-

504 2091 682 2161 νῆσαι.
705 2103 866 2162 atque
897 2095 968 2148 ita
1007 2096 1279 2167 vulgarem
1313 2108 1555 2154 veterum
1589 2103 1938 2167 sententiam,
1975 2122 2082 2176 qua

503 2184 763 2241 Christus
794 2195 847 2240 et
885 2187 1029 2256 Spir.
1071 2189 1126 2242 S.
1158 2190 1266 2244 Deo
1296 2190 1455 2246 Patre
1480 2193 1769 2249 inferiores
1807 2196 2082 2253 habeban-

504 2283 619 2340 tur,
652 2293 944 2335 revocasse
994 2298 1095 2336 cur
1125 2299 1292 2354 neges
1322 2300 1429 2340 non
1462 2287 1644 2340 video.
1693 2289 1798 2343 Sed
1840 2293 2083 2358 protule-

505 2366 618 2419 rint
645 2369 948 2424 adversarii
985 2372 1338 2438 (Theodoret.
1379 2375 1515 2430 Fab.
1549 2378 1681 2432 liter.
1715 2396 1788 2441 tv,
1821 2381 1900 2451 8,)
1923 2399 2080 2453 aspe-

507 2461 673 2523 riore,
704 2478 868 2531 quam
917 2481 1026 2534 quo
1065 2466 1440 2538 Apollinarius
1472 2472 1665 2538 voluit,
1712 2489 1876 2529 sensu
1932 2476 2078 2530 illam

505 2555 858 2610 sententiam.

574 2637 722 2695 Inter
750 2656 847 2697 eos
865 2643 957 2713 qui
982 2651 1094 2698 tum
1120 2645 1518 2716 Apollinarium
1548 2650 1879 2720 refutarunt,
1913 2655 2082 2712 Theo-

503 2727 676 2785 dorus
731 2736 1134 2802 quodammodo
1177 2739 1429 2807 eminuit,
1463 2742 1622 2812 cujus
1669 2755 1726 2798 ut
1761 2747 1973 2804 indoles
2025 2759 2081 2805 et

505 2822 776 2888 doctrina,
814 2825 886 2878 ita
939 2827 1105 2882 etiam
1146 2830 1501 2902 impugnandi
1555 2836 1698 2890 ratio
1743 2839 1812 2892 ab
1859 2839 1968 2895 illis
1997 2843 2074 2896 di-

505 2925 658 2966 versa
699 2924 818 2967 erat
848 2915 944 2986 (ὁ).
983 2915 1186 2973 Vereor
1217 2930 1398 2976 autem
1425 2939 1492 2978 ne
1515 2924 1630 2979 hazc
1657 2943 1836 2998 pugna
1864 2932 1911 2984 ei
1943 2930 2082 2985 fata-

505 3006 575 3061 lis
601 3010 893 3065 exstiterit.
917 3010 1051 3068 Nam
1075 3028 1198 3067 cum
1224 3015 1596 3084 Apollinarius
1619 3018 1824 3076 Christi
1852 3035 2079 3082 naturas

506 3112 716 3152 summa
757 3104 1166 3159 necessitudine
1210 3109 1620 3174 connexuisset,
1655 3112 1765 3166 into
1797 3115 2078 3172 confudis-
2105 3119 2147 3176 C

508 3197 613 3253 set,
655 3192 979 3250 Theodorus
1017 3212 1127 3265 quo
1158 3197 1339 3253 indole
1385 3214 1484 3253 sua
1519 3199 1841 3270 ducebatur,
1884 3207 2080 3275 majori

507 3279 672 3331 etiam
714 3282 944 3338 rationis
972 3284 1356 3355 perspicuitate
1393 3302 1486 3342 eas
1519 3289 1592 3342 ita
1620 3291 1859 3353 diremit.
1891 3306 1946 3348 ut
1969 3297 2084 3352 hae-

508 3368 736 3420 reticum
753 3387 996 3427 errorem
1021 3389 1131 3428 non
1158 3375 1438 3446 effugeret.
1460 3377 1697 3438 Omnino
1714 3400 1844 3440 vero
1865 3405 2081 3445 summa

506 3469 626 3514 erat
666 3462 955 3532 utriusque
996 3465 1102 3519 viri
1131 3466 1447 3524 diversitas.
1479 3471 1709 3529 Inferior
1740 3487 1858 3532 erat
1903 3479 2081 3536 Theo—

508 3559 678 3614 dorus
721 3563 1030 3619 eruditione
1072 3567 1352 3637 animique
1396 3573 1836 3641 perspicacitate,
1883 3573 2080 3630 doctus

507 3655 690 3722 tamen
722 3662 776 3706 et
808 3654 1148 3724 ingeniosus.
1182 3659 1554 3729 Apollinarius
1586 3679 1684 3732 pro
1715 3664 1933 3734 ingenio
1978 3682 2081 3720 suo

509 3754 672 3799 acuta
701 3762 766 3801 ac
799 3751 1012 3818 poetica
1041 3750 1290 3810 Platonis
1329 3759 1516 3827 regula
1569 3758 1860 3823 formatus,
1901 3758 2078 3814 Theo-

508 3835 679 3892 dorus
700 3848 893 3894 natura
919 3857 1018 3896 sua
1043 3844 1110 3900 ad
1140 3844 1452 3903 Aristotelis
1482 3849 1833 3905 sobrietatem
1868 3849 2076 3905 fereba-

542 4111 554 4123 .
582 4039 659 4112 (a)
689 4042 958 4123 Caeterum
998 4055 1215 4123 veteres
1248 4065 1355 4102 non
1397 4051 1582 4123 miror,
1629 4052 1773 4121 quod
1809 4052 2082 4123 Apollina-

508 4114 652 4192 rium
689 4114 1772 4192 Entyhianismi_accutsartiut.Sob'rius
1805 4114 1954 4192 Sithg
1981 4122 2081 4188 (De

513 4181 945 4262 {Eutyehiaiiismo
973 4198 1092 4262 qnte
1129 4187 1374 4262 Eutych"
1413 4189 1690 4244 Wolfenb.
1722 4191 1875 4245 17:25.
1909 4181 1959 4262 ιῖ.
1981 4181 2080 4262 117)

509 4251 938 4327 Apollinaristas
993 4251 1348 4327 Eutycliianis
1395 4262 1674 4324 proximos
1717 4251 1924 4314 habuit:
1973 4251 2078 4314 Sed

512 4333 704 4389 magna
723 4321 986 4399 doctrinae
1005 4321 1201 4399 eorum
1228 4336 1313 4380 est
1331 4321 1646 4399 diversitas.
1670 4329 1908 4399 Uterque
1933 4333 2077 4384 enim

510 4391 870 4466 eorumduvt.
913 4410 941 4446 a
986 4397 1221 4449 diversis
1279 4397 1455 4452 initiis
1494 4399 1791 4466 profectus,
1821 4391 2083 4455 'diversis

519 4462 948 4517 necessitatibus
975 4475 1029 4518 et
1057 4465 1362 4520 rationibus
1391 4462 1591 4522 ductus
1623 4478 1727 4524 est.

2183 545 2590 600 Aristotclicus.
2626 545 2720 600 llle
2743 548 2924 600 minus
2957 547 3294 615 pranjudicati
3320 547 3549 609 attulit,
3582 549 3672 601 hic
3703 549 3766 603 fa.

2182 636 2286 692 cile
2323 638 2637 690 auctoritati
2667 637 2856 691 cessit.
2898 636 3220 691 Theodorus
3255 654 3384 693 vero
3433 649 3596 694 recte
3629 642 3760 694 evin-

2182 743 2311 783 cere
2363 729 2592 793 studuit,
2648 728 2924 783 hominem
2977 727 3191 784 duabus
3239 739 3464 783 tantum
3525 732 3772 799 partibus

2183 817 2559 888 (substantiis)
2591 826 2868 874 constare.
2903 817 3014 872 Hoc
3039 820 3183 874 enim
3223 821 3463 888 probato
3492 820 3771 887 Apollina-

2184 906 2249 959 rii
2281 907 2531 961 doctrina
2577 909 2724 962 nulla
2768 917 2904 962 erat.
2941 907 3044 962 Sed
3078 924 3146 961 an
3182 909 3236 962 in
3266 908 3367 962 hac
3409 909 3632 962 lubrica
3662 911 3770 964 dis«

2180 998 2482 1068 quisitione
2513 1001 2646 1054 satis
2685 999 2916 1053 feliciter
2944 1005 3195 1053 versatus
3230 999 3301 1053 sit
3339 999 3770 1054 dubitarelieet.

2180 1089 2450 1143 Praeterea
2492 1091 2815 1145 arctissitna:
2843 1090 2919 1143 illi
2965 1099 3286 1143 naturarum
3313 1088 3534 1142 Christi
3573 1105 3772 1144 conne-

2181 1181 2333 1235 xioni
2388 1181 2474 1234 vel
2521 1181 2702 1250 potius
2746 1181 3116 1244 conversioni,
3163 1195 3327 1251 quain
3383 1181 3771 1250 Apollinarius

2182 1273 2507 1338 somniaret,
2547 1287 2669 1326 cum
2708 1273 2877 1326 multa
2912 1272 3188 1327 adversari
3223 1283 3334 1325 tum
3375 1271 3566 1341 ipsam
3615 1282 3772 1326 natu-

2182 1379 2298 1417 ram
2337 1364 2577 1417 divinam
2615 1363 2802 1418 multis
2833 1363 3100 1433 probavit.
3132 1362 3237 1417 Sed
3266 1379 3390 1416 eum
3441 1373 3770 1433 argumenta

2182 1471 2250 1512 ex
2304 1471 2470 1526 Opere
2519 1455 2725 1510 Christi
2771 1468 2960 1510 contra
3010 1457 3412 1525 Apollinarium
3479 1459 3770 1526 repetiisse

2181 1561 2291 1600 non
2325 1546 2511 1600 credo.
2561 1544 2792 1601 Maxime
2839 1545 2961 1602 Scr.
2993 1546 3050 1601 S.
3095 1548 3425 1602 auctoritate
3464 1547 3768 1601 nitebatur.

2183 1637 2348 1693 Suam
2396 1638 2700 1694 doctrinam
2747 1653 2873 1692 cum
2906 1636 3028 1693 Scr.
3062 1637 3118 1691 S.
3163 1639 3303 1693 belle
3333 1640 3666 1701 convenire,
3716 1638 3768 1691 in

2181 1748 2288 1803 qua
2315 1733 2382 1787 de
2412 1731 2704 1787 Servatore
2731 1731 2877 1786 dicta
2909 1731 3072 1785 modo
3097 1731 3164 1785 ad
3201 1731 3475 1795 divinam,
3509 1731 3679 1786 modo
3704 1730 3767 1784 ad

2185 1826 2474 1877 humanam
2501 1824 2620 1893 ejus
2651 1832 2927 1888 naturam,
2963 1823 3126 1893 idque
3150 1823 3383 1877 maxime
3419 1823 3764 1892 pertineant,

2182 1929 2306 1968 cum
2362 1914 2696 1984 Apollinario
2744 1921 2914 1968 totam
2963 1913 3088 1969 Scr.
3137 1913 3196 1972 8.
3257 1929 3532 1984 pugnare.
3578 1913 3683 1970 Sed
3728 1913 3762 1968 l.

2179 2003 2337 2059 Joan.
2372 2021 2410 2068 ι,
2445 2005 2532 2068 Η,
2579 2006 2798 2061 nonnisi
2833 2017 3094 2062 accurata
3137 2008 3516 2078 disputatione
3567 2011 3637 2064 de
3682 2026 3763 2063 ra—

2179 2095 2329 2149 tione
2357 2094 2518 2153 Yerbi
2567 2095 2662 2151 Dei
2707 2096 2985 2153 hominem
3019 2098 3381 2156 inhabitantis
3416 2100 3765 2171 Apollinario

2179 2201 2211 2242 e
2239 2188 2492 2244 manibus
2519 2197 2846 2259 extorquere
2877 2193 3076 2261 potuit.

2553 2346 2613 2402 Β.
2646 2347 2796 2404 Libri
2825 2360 3007 2405 contra
3037 2351 3374 2408 Eunomium.

2235 2478 2522 2535 ‘Ebediesu
2557 2481 2595 2534 l.
2627 2513 2689 2544 ..,
2736 2498 2788 2551 p.
2827 2483 2915 2546 55,
2953 2483 3044 2547 54,
3087 2482 3359 2538 Theodori
3406 2483 3551 2536 duo:
3600 2492 3760 2535 tomos

2181 2573 2432 2626 adversus
2475 2572 2796 2627 Eunomium
2845 2585 2898 2630 et
2940 2591 3102 2628 unum
3149 2585 3349 2628 tantum
3402 2590 3506 2642 pro
3558 2573 3759 2628 Basilio

2179 2673 2467 2729 memorat,
2503 2681 2642 2735 quos
2671 2667 2909 2736 amplum
2942 2668 3093 2721 illum
3126 2677 3312 2722 contra
3337 2665 3666 2721 Eunomium
3697 2665 3752 2718 li-

2180 2755 2363 2820 brum,
2395 2773 2557 2826 quem
2598 2757 2826 2812 Photius
2873 2774 2933 2814 se
2966 2760 3165 2832 legisse
3207 2767 3446 2813 testatur
3479 2757 3554 2829 (ε)
3579 2757 3757 2826 cuius-

2180 2861 2287 2916 que
2321 2846 2682 2917 fragmentum
2713 2849 2766 2902 in
2810 2847 2938 2904 Fac.
2976 2865 3050 2912 ix,
3084 2850 3118 2903 '5
3152 2849 3241 2916 (-
3265 2848 3333 2903 ab
3369 2865 3545 2919 opere
3573 2849 3648 2902 De
3677 2849 3754 2901 in-

2179 2956 2330 2995 carn.
2361 2969 2432 2978 —
2461 2940 2529 2993 ad
2565 2941 2732 3002 aliud,
2771 2941 2916 3010 quod
2958 2949 3150 2994 contra
3199 2939 3537 2995 Eunomium
3592 2938 3755 2995 edidit

2178 3059 2250 3071 —
2286 3031 2379 3084 ubi
2443 3030 2658 3085 decimo
2719 3031 2858 3087 libro
2889 3031 2977 3098 —)
3011 3033 3230 3100 legitur,
3280 3032 3476 3096 fuisse,
3533 3039 3589 3084 et
3641 3031 3756 3084 ideo

2181 3121 2344 3177 credo
2375 3121 2522 3193 quod
2553 3121 2880 3176 Ennomium
2913 3122 3004 3175 vix
3039 3129 3148 3176 tam
3178 3123 3366 3178 multis
3396 3122 3678 3184 refutavit,
3705 3126 3755 3174 et

2181 3228 2307 3282 qura
2332 3223 2392 3268 ut
2419 3230 2447 3266 a
2475 3213 2820 3269 Nestorianis
2843 3216 2898 3269 in
2925 3215 3032 3270 duo
3057 3229 3222 3284 opera
3249 3215 3610 3277 divideretur,
3640 3213 3753 3267 libri

2182 3304 2352 3358 moles
2382 3315 2434 3358 et
2469 3315 2848 3374 argumentum
2881 3305 3093 3360 videtur
3134 3306 3398 3363 effecisse.
3429 3305 3755 3375 Quanquam

2180 3394 2323 3449 hanc
2340 3396 2667 3450 sententiam
2694 3397 2808 3466 ipsa
2834 3398 2997 3451 etiam
3017 3398 3196 3451 Photii
3215 3399 3382 3452 verba
3405 3406 3636 3453 tuentur
3656 3397 3749 3465 (Δ).

2181 3482 2256 3537 De
2283 3483 2407 3536 libri
2438 3483 2650 3553 origine
2675 3492 2728 3538 et
2755 3484 2940 3538 indole
2979 3485 3093 3540 haec
3123 3486 3330 3556 accipe.

2256 3573 2591 3640 Eunomius,
2650 3590 2879 3646 magnus
2922 3576 3013 3630 ille
3058 3576 3386 3630 Arianorum
3434 3577 3750 3644 antesigna-

2185 3681 2289 3720 nus
2321 3666 2411 3736 (ε),
2441 3680 2563 3719 cum
2595 3665 2904 3736 Apologiam
2939 3667 3030 3736 (f),
3067 3681 3230 3736 quam
3263 3668 3424 3737 paulo
3454 3674 3746 3734 antequam

2183 3757 2365 3826 Cyziei
2409 3755 2701 3825 episc0pus
2751 3757 2905 3812 fieret
2979 3757 3127 3828 (360)
3163 3757 3258 3827 (g),
3315 3759 3507 3812 nescio
3549 3771 3656 3826 qua
3695 3767 3748 3804 re

2184 3857 2515 3920 provocatus
2537 3849 2610 3918 (Ιι)
2645 3850 2965 3919 scripserat,
2999 3865 3028 3903 a
3057 3848 3259 3903 Basilio
3287 3848 3427 3932 male
3464 3845 3748 3902 refutatam

2177 4054 2372 4109 σιλείου
2402 4055 2493 4109 τοῦ
2519 4055 2683 4120 πάνυ,
2711 4054 2852 4126 οὕτω
2874 4054 2981 4126 γὰρ
3012 4055 3119 4122 ἐγὼ
3142 4055 3288 4108 καλῶ
3308 4055 3406 4126 τὴν
3431 4055 3611 4126 πάσης
3655 4067 3750 4103 κα·

2173 4126 2434 4204 τηγᾳρίιξς
2467 4126 2667 4204 μξσπξὴν
2701 4125 2841 4204 ὑπὲρ
2863 4125 3044 4204 "abso?
3063 4125 3435 4204 ᾁπολογίαείζη
3620 4192 3632 4204 ⁸

2247 4194 2324 4264 (d)
2387 4194 2697 4250 Vanissirna
2734 4203 2820 4249 est
2855 4195 3017 4250 Cavei
3068 4195 3105 4249 l.
3139 4210 3212 4253 c..
3250 4212 3300 4261 p.
3333 4195 3458 4256 248,
3485 4194 3688 4264 opinio,
3718 4201 3745 4240 a

2175 4264 2328 4333 libris
2358 4275 2544 4317 contra
2589 4264 2909 4317 Eunomium
2954 4280 3050 4333 pro
3103 4264 3308 4317 Basilio
3363 4265 3600 4319 fortasse
3643 4274 3746 4333 non

2176 4332 2423 4387 diversos
2453 4334 2622 4388 fuisse
2657 4334 2826 4389 libros
2853 4330 3041 4388 contra
3072 4334 3489 4402 Apollinarium.
3513 4339 3587 4402 (ν.
3612 4330 3681 4399 s.)

2249 4405 2318 4471 (ε)
2358 4403 2532 4472 l-lnjns
2563 4403 2688 4465 viri,
2727 4404 2781 4457 in
2805 4406 2995 4459 multis
3026 4405 3253 4474 egregii,
3287 4419 3374 4457 res
3401 4403 3744 4456 inimicorum

2180 4474 2528 4542 potissimum
2571 4474 2722 4527 rabie
2776 4474 2968 4528 multis
3019 4473 3547 4530 nebulis'obvolutze
3603 4474 3744 4542 sunt.

583 4543 659 4623 tb)
687 4543 908 4623 Optime
934 4549 1291 4623 Athanasium
1336 4551 1629 4621 dogmatice
1656 4554 2072 4623 Apollinaristas

2187 4535 2299 4623 igua;
2331 4552 2388 4602 ut
2416 4543 2756 4623 qnuad_fieri
2793 4552 2973 4623 potest
3004 4543 3223 4623 tandem
3264 4542 3560 4623 alitutando
3587 4537 3746 4623 dissi-

511 4612 780 4689 refutasse
820 4618 1081 4689 existimo
1116 4612 1459 4689 (vrblmhler
1503 4612 1793 4678 Atlianfd.
1831 4625 1946 4685 Gya,
2002 4624 2065 4686 ll,

509 4697 564 4763 Ρ.
728 4688 859 4763 sq.).
898 4683 1170 4763 Gregorii,
1206 4688 1584 4763 Nazianzenus
1611 4695 1684 4763 (v.
1716 4683 1971 4748 Ulltnann
2032 4683 2066 4749 Ι.

510 4751 574 4815 1.,
734 4751 842 4826 sq.)
891 4765 945 4810 et
983 4751 1262 4832 N‘yssenns
1312 4775 1386 4826 (ν.
1425 4751 1718 4818 8ε1ιτωέ1ί11
1756 4766 1790 4818 l.
1835 4767 1894 4825 l.,
1929 4763 2067 4826 XIV,

509 4821 666 4900 P-_53
705 4821 836 4903 ξίιξ1ξ
880 4842 980 4903 Im}
1001 4821 1238 4903 oratoria
1267 4821 1366 4903 sua
1398 4831 1585 4903 indole
1619 4821 1930 4902 hnjnsntodi
1968 4821 2069 4903 pu-'

2175 4609 2373 4681 pentnr
2420 4609 2745 4681 optandnm.
2793 4609 2948 4666 'Cum
3015 4613 3195 4666 fructu
3237 4614 3310 4667 cl'.
3359 4609 3580 4665 Fabric.
3612 4610 3646 4662 l.
3684 4609 3741 4666 l.,

2173 4680 2260 4741 IX,
2303 4698 2352 4750 p.
2385 4680 2490 4736 207
2534 4699 2642 4751 sq.,
2689 4683 3080 4752 quiﬁplurima,
3147 4697 3270 4752 qua:
3308 4682 3416 4736 huc
3457 4681 3741 4752 pertinent,

2168 4754 2447 4820 congessit
2473 4769 2488 4817 ;
2517 4753 2752 4820 Basnag.
2789 4751 3044 4805 Thesaur.
3067 4751 3301 4806 manum.
3351 4752 3561 4814 κάει,
3585 4751 3648 4820 1,
3690 4762 3740 4813 ι).

2173 4820 2274 4892 172
2292 4819 2389 4892 βα.
2417 4821 2600 4892 (Vogt,
2629 4819 2771 4876 Bibl.
2794 4822 2980 4892 lqrres.
3016 4823 3055 4885 1,
3089 4839 3145 4892 p.
3173 4823 3280 4876 484
3314 4821 3457 4892 δα.)ί;
3481 4819 3745 4892 A._Neatt-

509 4885 632 4973 gnis
658 4885 840 4973 minus
859 4885 993 4965 a'pti,
1012 4897 1344 4973 Apollinarii
1379 4885 1592 4955 decreta
1968 4885 2072 4973 par
2171 4891 2268 4973 'jf'f
2298 4891 2330 4942 ι·
2354 4885 2433 4972 Ίςέ
2457 4885 2624 4973 Ιιῖξφο,
2648 4890 2874 4973 ἤιξε-,δ-
2899 4892 3063 4948 Κιοεθ
3089 4885 3293 4947 ’δεδείιο
3336 4885 3449 4943 πίηδ
3473 4889 3637 4944 ιείπε
3657 4885 3742 4937 ίίθδ

506 4968 627 5040 erat
659 4979 789 5044 cura
830 4966 1224 5044 investigarunt
1268 4985 1367 5023 nec
1415 4973 1787 5044 profligarunt.
1827 4966 2072 5044 Epipha—

511 5035 635 5086 nius
682 5041 860 5088 autem
910 5035 1253 5090 mentum
1309 5035 1460 5095 more
1505 5035 1605 5097 sub
1645 5044 1712 5098 de
1767 5035 2073 5098 Ditn'oi'ritis

509 5101 670 5153 etiam
695 5102 972 5159 disseruit.

582 5173 651 5254 (ιζ)
687 5171 844 5254 Pltpt.
875 5190 926 5254 (ξ.
958 5175 1010 5227 4.
1041 5207 1127 5254 _—
1252 5180 1569 5250 Ἀντιοχέως
1606 5183 1744 5254 ὑπὲρ
1795 5182 2073 5254 Βασιλεὶλου

510 5241 649 5315 ξαίςὰ
709 5243 975 5315 Ερνομὶου
1038 5245 1112 5315 Evr
1147 5245 1325 5314 λόγοις
1358 5241 1463 5306 κε”ξ
1512 5241 1564 5305 (εξ
1607 5241 1729 5305 177.
1763 5254 1869 5315 (ed.
1901 5252 2073 5305 Andr.

497 5309 1008 5403 ‘Schttittuliotliom.
1055 5309 1468 5403 1§§5.'p.“599.)
1504 5350 1578 5403 τ-
1614 5323 1653 5403 ’ὁ
1699 5309 1793 5403 ﬁdi.
1814 5324 1948 5403 ἔξιτ’
1977 5323 2080 5403 ΕὐΤ

431 5573 504 5639 ςοὶ

510 5379 694 5448 νομίου
716 5383 787 5462 ἐν
817 5381 1113 5462 stituerunt
1133 5379 1276 5440 ὀκτὼ
1305 5379 1488 5462 ’λόγοις
1517 5393 1645 5462 (κη’.
1673 5461 1676 5462 ν
1701 5391 1901 5446 Facilis
1962 5401 2082 5446 erat

511 5463 685 5529 error.
716 5449 872 5529 Utra_
898 5453 1061 5507 lectio
1097 5472 1224 5529 vera
1257 5459 1345 5529 sit
1381 5449 1487 5512 non
1509 5449 1762 5522 dixerim)
1800 5463 1899 5514 οὐκ
1921 5463 2082 5529 ἀγεν-

517 5522 1045 5600 νρἱάγωχισάμενρς
1066 5525 1164 5600 x_al_
1188 5527 1282 5579 τοῦ
1314 5529 1592 5584 Βασιλείου
1637 5530 1730 5584 τοῦ
1782 5522 2081 5600 Θεοποᾰίου,

555 5589 715 5668 filim!
745 5590 801 5643 δὲ
839 5589 940 5668 τῇς
976 5593 1230 5668 ἀληθείας
1285 5601 1563 5668 κρατύνων
1609 5601 1785 5664 δόξαν.
1831 5589 2082 5656 Ριιθιίυιιί

533 5660 602 5713 iis
627 5660 661 5712 l.
685 5660 824 5716 duos
849 5660 1098 5719 diversos
1142 5660 1579 5723 libros'innuere
1619 5660 1755 5723 vana
1794 5681 1878 5724 est
1919 5673 2084 5726 Asse-

519 5729 663 5810 tnaui
688 5730 816 5810 l:_l.,
850 5734 1309 5810 p.n1_’)_4,-0pina_tio.
1353 5737 1681 5810 _Le_ont.l.c.
1734 5741 1895 5810 (Aug.
1924 5741 2084 5810 Mai,

515 5795 559 5853 ι.
590 5798 655 5857 1..
691 5798 777 5868 γι,
893 5803 1042 5877 299.)
1066 5795 1136 5847 -ἶ-
1165 5806 1234 5859 τά
1262 5823 1318 5861 τε
1343 5807 1480 5877 ὑπὲρ
1508 5795 1771 5882 Εὐνομξοῖδ
1806 5795 1947 5864 κᾶτὰ
1977 5795 2084 5867 Βιαεῖ

2174 4959 2484 5016 Eunomius.
2513 4961 2649 5026 Kiel,
2683 4963 2839 5015 1855.

2239 5029 2304 5096 (f)
2358 5030 2598 5084 Primum
2638 5025 2797 5085 edita
2857 5038 2940 5085 est
2973 5047 3003 5084 a
3046 5029 3299 5086 Fabricio
3350 5031 3384 5082 Ι.
3439 5031 3500 5093 1.,
3532 5025 3664 5086 Vlll.
3692 5041 3741 5094 p.

2171 5096 2297 5161 9.62,
2316 5099 2513 5154 deinde
2538 5102 2592 5154 in
2623 5101 2720 5168 Op.
2742 5101 2907 5156 Basil.
2925 5101 3012 5156 ed.
3037 5099 3231 5165 Garn.,
3257 5101 3295 5164 Ι,
3317 5117 3368 5170 p.
3396 5100 3500 5154 618
3529 5116 3611 5167 sq.

2247 5183 2322 5259 (g)_
2357 5181 2592 5259 Basilius
2617 5200 2665 5234 ε.
2702 5182 2840 5259 Eun.
2878 5184 2916 5236 1.
2939 5181 2977 5246 1,
3019 5182 3141 5252 (Ορ,
3177 5200 3216 5259 1,,
3248 5200 3300 5254 ρ,
3332 5183 3458 5259 ειη,
3483 5183 3607 5259 ξω)
3641 5179 3741 5259 Eu.

2176 5253 2482 5323 nontionec
2506 5253 2789 5312 Seleuciae,
2821 5255 2877 5306 in
2917 5268 3082 5323 quam
3123 5253 3314 5308 urbem
3352 5253 3538 5308 Ariani
3576 5253 3741 5323 vocati

2178 5336 2286 5374 non
2313 5322 2592 5376 venissent
2618 5322 2694 5388 (a.
2731 5323 2879 5392 559),
2920 5320 3097 5392 neque
3127 5323 3624 5392 ConstantinOpoli,
3649 5320 3738 5374 ubi

2181 5392 2366 5444 Ariani
2401 5392 2712 5463 superiores
2749 5393 2980 5448 fuissent
3015 5396 3089 5461 (a.
3127 5394 3340 5463 569)7et
3385 5395 3630 5463 civitates
3662 5392 3744 5463 in»

2179 5468 2265 5534 ter
2293 5476 2352 5534 se
2373 5460 2572 5534 partiti
2603 5471 2806 5526 essent,
2838 5464 2953 5532 ipse
2980 5472 3160 5534 autem
3196 5460 3357 5516 ἆθλον
3375 5464 3474 5534 τῆς
3500 5460 3742 5534 ἁσεᾷξὶᾳς

2179 5531 2542 5610 τὴνΙΚ-ύζικον
2577 5530 2874 5610 retulisset;
2913 5532 3163 5610 apologia
3209 5549 3348 5603 opus
3397 5530 3568 5610 fuisse
3595 5530 3740 5610 dicit3

2184 5609 2246 5654 ut
2273 5602 2400 5655 dolo
2423 5617 2540 5655 eam
2562 5601 2869 5657 confectam
2903 5601 3026 5656 esse
3058 5601 3415 5658 demonstret.
3474 5603 3608 5657 Hinc
3641 5601 3738 5653 nisi

2185 5671 2470 5745 claudicat
2493 5670 2678 5725 Basilii
2701 5672 3120 5745 demonstratio,
3157 5673 3252 5729 illo
3282 5685 3526 5745 tempore
3556 5669 3738 5740 Apolo-

2186 5741 2326 5812 giam
2365 5741 2622 5812 scriptam
2652 5757 2773 5796 esse
2795 5743 3040 5812 emergit.
3348 5761 3352 5766 π

2264 5811 2339 5882 (h)
2397 5802 2514 5868 Doii
2556 5813 2868 5882 postulatur
2919 5802 2974 5868 av
2999 5811 3204 5870 Basilio
3237 5813 3275 5870 1.
3306 5828 3348 5882 t,
3394 5827 3450 5887 ι).
3479 5813 3583 5873 209
3607 5829 3622 5880 ;
3647 5802 3735 5864 ⁸οά
