3994 6556
248 319 325 378 ,61
1036 327 1125 382 DE
1164 327 1514 386 THEODOBI
1558 331 2046 391 MOPSUESTENI
2086 337 2246 392 VITA
2276 337 2362 391 ET
2405 335 2728 396 SCRIPTIS.
3447 337 3520 392 62

266 449 384 488 esse
420 434 653 491 vidisset
691 437 792 508 (a),
828 437 1142 496 adversario
1181 457 1245 498 eo
1297 447 1492 516 majori
1540 448 1840 518 cupiditate
1871 465 1914 521 Α
1940 451 2110 504 animi
2144 451 2584 522 perspicacitate,
2610 451 2920 506 constantia
2950 466 3013 505 ac
3044 449 3365 522 philosopha
3388 467 3518 506 eru-

266 527 479 582 ohviam
514 528 630 589 ivit,
661 543 770 596 quo
799 530 970 599 magis
1012 533 1129 587 suis
1159 535 1357 590 studiis
1398 537 1687 592 orthodoxi
1721 537 1836 591 olli-

265 628 472 674 cerent.
512 619 616 675 Sed
652 621 755 675 hoc
793 623 968 692 ipsum
1000 626 1117 680 suis
1149 628 1398 695 partibus
1431 630 1638 683 illatum
1680 631 1835 683 dam-

263 727 392 765 num
421 714 478 766 in
510 729 675 767 causa
710 714 879 770 fuisse
922 717 1110 778 credo,
1147 727 1204 770 ut
1236 735 1373 773 nova
1413 719 1663 774 Eunomii
1690 721 1836 788 Apo-

264 805 509 873 togia‘(b)
539 816 660 874 post
711 807 896 860 Basilii
926 806 1144 862 demum
1196 819 1424 864 mortem
1460 813 1532 879 (e)
1565 813 1618 864 in
1657 812 1832 865 lucem

260 897 527 965 prodiret.
569 897 725 964 Tres,
760 900 850 966 qui
890 907 1002 953 tum
1036 899 1362 954 Eunomium
1400 909 1833 971 oppugnassent,

259 997 532 1042 memorat
599 990 826 1045 Photius
880 1007 928 1045 c.
975 993 1090 1055 4-7,
1135 1009 1367 1061 quorum
1438 993 1647 1062 primus
1697 991 1830 1046 Gre-

256 1079 449 1146 gorius
495 1079 794 1150 Nyssenus,
842 1082 1038 1150 pietate
1090 1083 1253 1136 etiam
1285 1083 1574 1145 adductus,
1613 1082 1836 1138 fratrem

256 1168 467 1222 duobus
503 1171 655 1226 libris
684 1171 928 1226 defendit
965 1174 1060 1243 (d).
1092 1173 1208 1227 Non
1241 1176 1410 1228 multo
1438 1186 1559 1244 post
1589 1175 1839 1230 Theodo-

255 1275 384 1314 rum
425 1263 744 1316 liunomium
770 1265 932 1317 etiam
966 1273 1077 1317 tum
1105 1267 1454 1335 superstitem
1490 1267 1839 1336 impugnasse

253 1351 560 1407 verisimile
589 1366 691 1409 est.
727 1353 924 1410 Photio
947 1364 1127 1410 autem
1161 1365 1308 1411 recte
1337 1365 1469 1426 puto
1491 1355 1834 1425 Theodorus,

253 1441 352 1508 qui
406 1443 481 1495 sit
523 1446 642 1507 ταῖς
696 1443 953 1508 διανοίαις
990 1446 1084 1500 καὶ
1135 1449 1245 1509 τοῖς
1283 1448 1664 1517 ἐπιχειρήμασι
1717 1447 1838 1502 λίαν

252 1531 466 1595 πυκνὸς
494 1535 586 1586 καὶ
631 1537 751 1598 ταῖς
781 1540 1076 1605 γραφικαίς
1118 1538 1314 1608 ἄριστα
1360 1538 1602 1590 πλουτῶν
1638 1555 1839 1609 μαρτυ-

254 1623 425 1691 ρίαις,
463 1623 667 1678 dicitur
694 1626 833 1678 κατὰ
860 1625 1002 1690 λέξιν
1032 1627 1214 1696 σχεδὸν
1241 1627 1349 1680 τῶν
1377 1629 1638 1698 Εὑνομίου
1668 1629 1838 1697 λόγων

247 1711 356 1781 τὴν
388 1715 696 1785 ἀνασκευὴν
735 1718 1019 1781 ποιεῖσθαι,
1060 1719 1240 1788 ἀμαθῆ
1273 1735 1330 1770 τε
1365 1718 1484 1771 λίαν
1511 1719 1616 1771 τῶν
1654 1737 1712 1772 τε
1745 1719 1837 1771 θύα

1937 542 2146 597 ditione
2188 544 2438 608 inferior,
2471 546 2723 613 superior
2764 546 2962 600 litteris
2991 545 3210 599 biblicis
3261 552 3314 598 et
3337 546 3522 598 eccle-

1939 633 2182 690 siasticis
2220 644 2360 698 erat,
2402 637 2647 690 omnium
2678 636 2883 706 optime
2926 636 3174 690 adortum
3217 652 3340 692 esse
3375 633 3521 689 haud

1938 733 2140 780 temere
2172 727 2461 796 conjicias,
2494 727 2588 780 sed
2621 729 2796 780 saeviit
2818 728 2981 781 etiam
3019 729 3072 781 in
3101 744 3223 782 eum
3249 737 3302 782 et
3333 729 3521 782 nescio

1939 829 2060 884 qua:
2099 816 2337 870 absurda
2376 818 2431 870 in
2475 831 2596 870 eum
2643 818 2878 887 conjecit
2916 819 3266 888 (Theodoret.
3320 816 3517 872 Fabul.

1939 907 2068 962 liter.
2105 923 2178 974 tv,
2211 909 2286 980 5).

2323 999 2384 1052 C.
2423 999 2495 1053 De
2528 999 2733 1069 Spiritu
2767 1009 2951 1053 sancto
2983 1000 3126 1052 libri.

2016 1087 2240 1143 Duobus
2269 1091 2432 1146 tomis
2468 1090 2539 1144 De
2584 1092 2785 1159 Spiritu
2819 1089 2876 1144 S.
2908 1090 3000 1160 (cf.
3045 1090 3314 1146 Ebediesu
3359 1091 3398 1144 l.
3435 1094 3514 1155 c.,

1939 1194 2000 1248 p.
2027 1178 2116 1244 55)
2154 1178 2370 1233 videtur
2395 1178 2718 1242 Theodorus
2743 1181 2867 1244 τοὺς
2897 1180 3389 1250 Πνευματομάχους
3419 1181 3515 1232 im-

1940 1281 2231 1336 pugnasse.
2271 1266 2464 1322 Leont.
2511 1268 2586 1322 De
2619 1270 2774 1323 sectis
2805 1285 2856 1322 iv
2884 1269 3046 1337 (Gall.
3086 1269 3229 1322 Bibl.
3265 1270 3300 1322 1.
3344 1284 3418 1329 c.,
3455 1284 3514 1339 p.

1939 1355 2061 1425 656)
2090 1375 2187 1413 :—
2219 1357 2410 1421 οἵτινες
2445 1359 2604 1424 (Διοδ.
2633 1377 2688 1412 κ.
2719 1359 2894 1430 Θεοδ.)
2927 1359 3358 1429 ἀντηγωνίσαντο
3381 1358 3518 1427 πρὸς

1951 1447 2256 1517 Ἀρειανοὺς
2288 1449 2378 1500 καὶ
2398 1449 2726 1502 Μακεδόνιον
2760 1450 2854 1503 καὶ
2896 1450 3263 1520 Ἀπολινάριον
3285 1479 3371 1503 ι--.

2155 1537 2219 1594 D.
2253 1539 2331 1593 De
2364 1540 2696 1610 Apollinario
2718 1552 2764 1595 et
2799 1541 2911 1610 ejus
2942 1540 3126 1594 hwresi
3155 1542 3304 1595 liber.

2013 1627 2070 1684 Si
2107 1645 2233 1684 vera
2264 1639 2394 1685 sunt
2418 1648 2540 1702 quae
2573 1633 2638 1687 de
2667 1634 2823 1690 libris
2866 1634 2975 1689 illis
2999 1632 3273 1687 Theodori
3310 1631 3513 1688 adver-

1949 1736 2045 1776 sus
2086 1721 2474 1789 Apollinarium
2539 1740 2703 1795 supra
2757 1725 2869 1779 dixi
2919 1725 3046 1795 (col.
3093 1720 3228 1792 58'),
3271 1723 3513 1779 dubitari

215 1793 222 1800 ’
250 1804 426 1878 ραθεν
468 1806 802 1877 μαθημάτων
832 1810 926 1862 καὶ
959 1809 1137 1880 πολλῷ
1176 1809 1373 1879 μᾶλλον
1400 1810 1499 1879 τῆς
1539 1810 1660 1862 καθ’
1691 1811 1830 1880 ἡμᾶς

1940 1826 2046 1864 non
2077 1818 2273 1879 potest,
2317 1813 2451 1880 quin
2495 1793 2635 1866 liber
2667 1813 2760 1882 qui
2795 1793 3051 1866 Facundo
3081 1828 3136 1875 Χ,
3171 1811 3224 1876 1,
3251 1809 3327 1864 De
3349 1810 3514 1879 Apol-

249 1895 544 1967 θεοσοφίας
581 1897 669 1952 διὰ
716 1898 920 1953 πολλῶν
963 1899 1282 1963 ἐπιδεικνύς.
1333 1899 1699 1970 PrOpugnavit
1737 1914 1834 1970 pro

249 1988 510 2044 doctrina
544 1992 917 2046 ecclesiastica
967 2001 1130 2061 atque
1161 1992 1234 2045 ita
1277 1990 1534 2046 Ecclesiae
1577 1992 1717 2044 viam
1752 1998 1834 2046 te-

249 2081 400 2142 nuit,
437 2090 498 2134 ut
527 2083 701 2137 solius
731 2082 940 2136 Leontii
969 2085 1043 2152 (v.
1070 2088 1142 2150 s.)
1166 2083 1460 2153 Opprohrio
1487 2085 1832 2138 occasionem

249 2173 563 2243 praebuisse
605 2175 873 2229 videatur.
916 2175 1050 2227 Eum
1098 2181 1276 2230 autem
1328 2174 1673 2242 Eunomium,
1721 2191 1830 2246 quo

249 2365 446 2420 multis
502 2367 708 2429 causis,
771 2380 895 2435 qua:
947 2365 1206 2420 Basilium
1253 2363 1410 2419 facile
1441 2365 1738 2426 latuerunt,
1769 2361 1838 2435 ad

250 2436 566 2504 apologiam
598 2434 880 2505 provocari
917 2438 1114 2504 potuit,
1149 2436 1449 2504 prmsertim
1492 2449 1614 2505 cum
1661 2434 1838 2486 mani-

253 2505 394 2558 festo
429 2504 690 2559 etiamad
727 2504 1098 2559 Seiiiiarianos
1130 2509 1184 2558 in
1210 2520 1273 2558 ea
1299 2504 1616 2572 reSpexerit.

325 2575 400 2642 (ιι)
441 2575 698 2628 Basilium
742 2575 1158 2644 Ἀνατρεπτικὸν
1190 2574 1283 2626 τοῦ
1313 2571 1705 2644 ἀπολογηῖικοῦ
1741 2571 1834 2625 τοῦ

249 2645 554 2724 ausa-260:3;
578 2643 934 2726 Ebuoptouil.
959 2661 1049 2726 ut,
1071 2647 1106 2698 I.
1135 2647 1195 2707 l..
1301 2644 1408 2697 207
1429 2645 1536 2724 sq.)
1557 2643 1668 2723 fere
1691 2657 1835 2697 anno

249 2714 358 2766 568
390 2731 686 2766 scribsisse
723 2730 789 2766 ex
819 2717 902 2766 lus
928 2716 1186 2766 colligas:
1247 2754 1260 2766 .
1294 2714 1616 2766 Eunomium
1638 2728 1690 2765 In
1729 2712 1832 2765 Ba-

249 2714 358 2768 368
390 2716 686 2781 scripsisse
722 2712 789 2769 ex
819 2716 902 2769 his
928 2716 1186 2784 colligas:
1223 2712 1260 2767 1.
1294 2714 1616 2767 Eunomium
1638 2713 1690 2765 in
1729 2712 1832 2765 Ba-

249 2785 379 2837 silio
444 2783 781 2838 confutando
829 2801 938 2838 non
971 2783 1252 2839 minimam
1291 2785 1416 2838 vita
1455 2798 1568 2836 suae
1621 2791 1830 2850 partem

247 2853 619 2924 insumpsisse
649 2863 834 2908 narrat
877 2854 1102 2922 Gregor.
1127 2855 1286 2924 Nyss.
1343 2852 1403 2908 C.
1446 2851 1586 2905 Eun.
1623 2857 1635 2907 Ι
1671 2852 1828 2924 (Opp.

245 2922 432 2984 Paris,
462 2925 620 2985 1658,
658 2925 719 2984 ll,
754 2940 806 2993 p.
843 2925 992 2990 286);
1024 2926 1116 2977 καὶ
1144 2922 1537 2991 οὖδένήηᾳυίι,
1581 2923 1828 2993 ἀπεικὸς,

243 2993 338 3047 τὸν
370 2996 433 3045 ὲν
459 2991 920 3056 τοσαύταιξὲτῶν
954 2995 1279 3064 Ὀλυμπιάσι
1325 2995 1633 3064 πονήσαντα
1671 2991 1831 3064 πλέον

242 3080 298 3116 τι
321 3064 438 3116 τῶν
483 3065 708 3136 αὐτό-θεν
746 3061 1105 3118 ὲπιόαλόντων
1134 3061 1686 3136 παρασκευάσασβαι.
1708 3061 1832 3116 Haec

1937 1900 2130 1953 linario
2153 1910 2203 1954 et
2241 1901 2354 1970 ejus
2383 1903 2570 1973 literni
2611 1904 2704 1974 (e),
2730 1903 3000 1958 Ebediesu
3042 1903 3077 1955 l.
3128 1903 3190 1970 l.,
3221 1918 3274 1972 p.
3310 1901 3400 1964 55,
3441 1900 3515 1956 De

1938 2001 2237 2044 assumente
2282 2001 2331 2045 et
2377 2003 2648 2062 assumpto
2680 1994 2902 2056 dicitur,
2943 2009 3086 2047 unus
3127 1991 3378 2061 idemque
3415 1992 3509 2046 sit.

1935 2080 2075 2135 Nam
2107 2081 2175 2136 de
2197 2096 2511 2139 assumente
2534 2094 2589 2140 et
2622 2093 2907 2155 assumpto
2935 2071 3254 2138 Theodorus
3286 2085 3508 2139 nonnisi

1941 2183 2133 2229 contra
2173 2176 2570 2245 Apollinarium
2623 2177 2863 2233 scribere
2892 2176 3091 2246 potuit,
3127 2192 3307 2246 neque
3341 2190 3511 2231 causa
3547 2158 3556 2166 ’

1975 2364 2216 2438 utatione
2247 2368 2358 2422 vidi
2413 2368 2604 2422 levius.
2654 2368 2748 2423 Est
2789 2381 2969 2426 autem
3027 2368 3226 2437 Buppii
3266 2368 3511 2438 Opinatio

1977 2435 2022 2487 is
2053 2438 2285 2492 maxime
2305 2440 2370 2493 de
2400 2439 2582 2493 causis
2614 2440 2910 2506 rejicienda
2942 2460 2955 2495 :
2993 2440 3029 2492 1.
3058 2435 3354 2507 Gregorius
3372 2437 3509 2490 duo-

1935 2502 2272 2580 bustantuiu
2326 2509 2482 2564 libris
2520 2502 2846 2563 Eunoinium
2882 2502 3238 2580 Oppugnavit.
3282 2507 3508 2580 (v.7inf.)

1936 2573 1996 2644 l_l.
2021 2574 2064 2625 Α
2096 2574 2346 2644 Nysseno
2380 2580 2618 2632 alienum
2647 2586 2732 2632 est
2762 2573 2979 2633 illorum
3007 2573 3507 2633 librorum'dicen-l

1933 2641 1984 2694 di
2005 2652 2058 2696 et
2081 2641 2390 2718 disputandi
2413 2664 2604 2718 genus.
2631 2648 2764 2702 Nolo
2784 2651 2998 2718 singula
3022 2649 3237 2718 afferre,
3255 2658 3338 2703 est
3359 2648 3509 2700 enim

1936 2716 2435 2789 res_ma_uifesta,'
2469 2717 2574 2771 nisi
2632 2718 2772 2774 forte
2833 2716 3127 2789 Gregorius
3181 2717 3504 2786 Gregorium

1937 2783 2109 2836 exuit.
2139 2785 2409 2854 Copiosus
2437 2795 2541 2848 est,
2577 2790 2812 2843 oratoris
2845 2783 3136 2842 lenociniis
3182 2783 3507 2852 delectatur,

1934 2861 1988 2904 at
2012 2856 2064 2906 in
2090 2855 2182 2926 illo
2219 2858 2468 2925 quisquis
2496 2857 2601 2909 luit
2630 2859 2912 2913 conclusio
2947 2859 3150 2926 excipit
3191 2857 3507 2911 conclusio-

1930 2937 2098 2995 nem,_
2146 2925 2375 2994 ideoque
2417 2928 2703 2981 sententiis
2736 2929 3012 2990 crebrum,
3043 2925 3334 2981 verborum
3379 2940 3510 2995 par-

1933 3007 2054 3064 cum
2082 2993 2205 3062 jure
2237 2993 2359 3050 eum
2397 2997 2570 3057 dicas,
2621 2997 2716 3050 sed
2743 3013 2804 3050 ea
2836 3005 2918 3052 est
2955 2997 3074 3064 ejus
3121 2993 3394 3050 orationis
3422 2995 3508 3048 in-

1933 3060 2106 3123 doles,
2133 3066 2562 3136 quamgoratoria
2575 3065 2818 3136 Gregorii
2849 3060 3024 3120 virtus
3044 3081 3321 3134 nunquam
3342 3079 3507 3136 suam

246 3148 529 3205 sane_non
560 3134 627 3205 ad
653 3137 836 3190 vivum
867 3151 1039 3203 usque
1068 3133 1386 3196 resec'anda,
1413 3133 1505 3186 sed
1535 3133 1639 3205 nisi
1676 3133 1840 3201 inep—I
1932 3136 2266 3205 agnovisset.
2304 3133 2400 3187 lll.
2431 3133 2668 3205 Uterque
2690 3133 2944 3191 eamdem
2975 3133 3281 3190 doctrinam
3321 3135 3510 3188 defen-

248 3202 552 3276 tii_t__Greg.
595 3204 782 3276 Nyss.,
821 3200 1125 3276 Eunomius
1167 3206 1361 3276 multo
1383 3211 1505 3270 post
1545 3202 1738 3271 (ferme
1769 3200 1825 3254 ἓξ.
1857 3217 1898 3272 C
1931 3200 2030 3263 dit,
2063 3200 2782 3276 sed_(}regorius_noniiu|la
2815 3207 2998 3276 _hujus
3028 3207 3122 3260 viri
3185 3215 3507 3276 argumenta

244 3273 374 3340 580)
409 3276 464 3326 in
494 3273 720 3328 arenam
751 3275 1053 3329 descendit.
1085 3274 1148 3328 ll.
1201 3273 1460 3329 Basilium
1507 3281 1686 3325 autem
1718 3286 1829 3324 non

245 3345 460 3406 statim,
489 3345 585 3398 sed
615 3346 897 3412 aliquanto
935 3354 1057 3414 post
1093 3344 1370 3414 Eunomii‘
1393 3341 1712 3414 ΑρρίοςιίαηιΔ
1743 3357 1834 3414 op-

249 3428 528 3481 pugnasse
555 3431 662 3468 non
693 3410 868 3470 solum
893 3410 1032 3470 enim.
1082 3415 1269 3469 Basilii
1303 3411 1421 3465 adv.
1454 3410 1610 3481 Eun.
1634 3426 1671 3472 ι,
1701 3410 1736 3462 1.
1769 3413 1830 3477 1.,

245 3477 296 3551 p.
323 3477 461 3544 210,
499 3485 657 3548 ποίας
683 3482 775 3538 οὖν
809 3485 1100 3553 ἀπολογίας
1129 3484 1208 3537 ἔτι
1237 3487 1426 3550 καιρὸς
1457 3477 1524 3550 ἦν
1556 3480 1711 3553 τότε)
1750 3481 1834 3533 iu-

247 3550 521 3622 telligitur
547 3592 561 3615 ,
594 3557 689 3609 sed
716 3563 863 3611 totus
893 3550 1059 3610 etiam
1089 3555 1271 3610 Basilii
1305 3550 1726 3621 Ἀνατρεπτικός
1755 3553 1830 3604 ita

247 3633 606 3692 comparatus
629 3634 734 3690 est,
767 3634 828 3678 ut
859 3641 982 3679 cum
1024 3625 1377 3686 scriberetur,
1401 3623 1830 3692 orthodosorum

249 3690 444 3765 partes
467 3695 762 3751 iuvaluisse
792 3697 1111 3765 perspicias.
1141 3695 1209 3747 At
1238 3708 1346 3763 quo
1381 3702 1622 3765 tempore
1648 3690 1829 3765 Euno-

250 3760 404 3818 niius
434 3765 750 3834 iApologiam
793 3760 1109 3834 composuit
1151 3760 1452 3834 regnarunt
1495 3760 1829 3834 iAri_ai_ii._lta

246 3847 387 3886 vero
423 3830 539 3888 fere
567 3830 630 3888 ad
656 3851 706 3888 a.
729 3834 831 3889 568
863 3830 1138 3898 ducimur,
1168 3830 1257 3888 cui
1285 3833 1568 3888 sententia:
1602 3831 1670 3882 lll
1723 3830 1829 3884 Ba-

243 3903 356 3956 silii
379 3920 432 3955 ν.
450 3905 491 3975 1.
518 3905 574 3962 l.,
609 3921 659 3972 p.
702 3906 826 3965 207.
862 3936 930 3946 -
963 3905 1124 3975 ἡμεῖς
1153 3934 1224 3944 —-
1261 3901 1558 3975 παντελῶς-
1583 3899 1830 3975 ἀγύμνα-

245 3988 362 4025 στοι
382 3972 479 4026 τοῦ
502 3971 736 4030 τοιούτου
758 3975 931 4035 εἴδους
954 3971 1063 4029 τῶν
1089 3975 1259 4043 λόγων
1286 3973 1438 4034 ὄντες
1452 3971 1688 4043 —belle
1707 3986 1831 4043 con-

244 4046 511 4097 veniunt.
532 4074 606 4114 7-
644 4045 836 4101 Libros
867 4056 1120 4114 quartum
1151 4041 1205 4098 et
1233 4045 1479 4113 quintum
1512 4042 1658 4095 illius
1679 4041 1829 4093 Ἀνα-

247 4113 551 4183 ῖρεπτικοῦ
586 4132 693 4169 non
729 4113 911 4170 Basilii
942 4130 1064 4170 esse
1099 4115 1212 4183 jam
1255 4129 1318 4168 ex
1364 4114 1429 4166 iis
1467 4113 1660 4183 elucet,
1707 4125 1828 4174 quae

249 4180 487 4254 (ᾆδε-[ιον.
521 4185 554 4237 1.
593 4186 627 4238 l.
664 4203 712 4253 p.
765 4203 892 4238 ani
931 4201 1016 4254 sq.
1050 4180 1329 4254 disseruit.
1371 4183 1530 4254 liupp
1560 4180 1826 4254 (Gregorjs

247 4252 338 4324 de;
373 4252 439 4306 B.
471 4272 519 4307 v.
546 4250 726 4324 Νεμέα
751 4255 919 4309 Leben
951 4250 1057 4308 und
1083 4253 1440 4323 Meinungen.,
1478 4252 1638 4324 Lips:
1664 4250 1822 4324 1854,

251 4323 302 4392 8.
347 4339 404 4392 p.
442 4321 624 4392 154);ἱ
664 4327 747 4378 Ich
787 4328 929 4379 lialte
957 4327 1107 4380 diese
1135 4321 1330 4378 beiden
1363 4325 1558 4376 letzten
1607 4321 1822 4392 Bucher

251 4390 466 4447 fur-lie
489 4390 657 4446 kurze
687 4397 1009 4464 Abweisung
1039 4397 1136 4450 des
1154 4394 1318 4454 Eun.,
1342 4393 1551 4464 welche
1573 4392 1670 4446 der
1686 4390 1825 4464 l‘iys-

250 4476 276 4514 s
299 4478 418 4514 'ner
448 4465 658 4535 aiirder
681 4466 896 4535 Synode
935 4461 1002 4519 zu
1036 4463 1484 4535 Constantinopel
1518 4461 1823 4535 ‘deinﬁr’e-

249 4547 348 4596 gor
368 4549 435 4605 _v.
473 4533 605 4605 Nae.
641 4531 750 4588 uud
786 4537 1143 4604 Hieronymus
1191 4534 1290 4605 (De
1345 4535 1470 4586 viris
1497 4532 1616 4605 Ailt.,
1652 4531 1775 4605 128)
1809 4556 1822 4593 ε

248 4630 318 4641 -
352 4603 495 4671 Greg
544 4603 704 4672 Nyss.
728 4637 796 4647 -—
825 4617 946 4658 ante
981 4602 1174 4670 paucos
1200 4602 1384 4657 ianuas
1432 4603 1562 4655 mihi
1604 4614 1653 4656 et
1700 4602 1828 4658 Gre-

249 4676 406 4738 gorio
441 4673 583 4726 Naz.
618 4686 800 4728 contra
855 4674 1173 4728 Eunomium
1229 4676 1347 4744 legit
1397 4673 1580 4742 libros)
1631 4689 1828 4744 vorge-

254 4745 407 4814 lesen
447 4744 619 4797 haben
657 4746 779 4806 soll,
813 4761 918 4798 von
944 4746 1178 4814 welclier
1201 4744 1425 4798 Photius
1449 4746 1521 4812 (c.
1564 4744 1618 4807 6,
1650 4745 1729 4814 7.)
1760 4762 1827 4801 zu

256 4813 542 4884 berichlen
594 4817 829 4868 Scheint.
886 4817 982 4884 (at.
1027 4813 1182 4869 Phot.
1229 4815 1338 4868 duo
1363 4831 1535 4882 eaque
1562 4813 1827 4884 ampliora

253 4883 506 4953 Gregorii
540 4887 743 4952 scripta
776 4883 1059 4938 memorat.
1082 4887 1317 4938 ()mnino
1352 4885 1566 4955 brevem
1598 4883 1827 4955 Nisseui

252 4955 698 5007 dissertationem
731 4957 886 5023 llupp
908 4956 1251 5024 excogitavit)
1282 4955 1398 5008 Alle
1425 4954 1664 5019 Gruude,
1693 4957 1828 5010 wel-

253 5024 357 5077 cbe
415 5025 498 5076 sie
541 5026 662 5076 dem
730 5025 965 5078 Basilius
1035 5026 1462 5078 zuzuschreibcn
1511 5026 1825 5091 verbieten,

256 5095 527 5164 sprechen
578 5096 662 5146 l'iir
722 5095 876 5164 Grcg.
930 5111 990 5164 Av.
1048 5095 1250 5163 Nyssa,
1300 5095 1407 5164 und
1463 5094 1546 5148 ich
1596 5096 1826 5164 glaube,

257 5163 582 5236 Schri'eckh,
613 5164 710 5216 der
734 5162 896 5236 _diese
917 5162 1135 5236 Grande
1167 5162 1670 5236 Xlll,__58.‘angie'bt
1701 5169 1721 5236 (
1774 5181 1826 5234 p.

256 5235 343 5287 58.
384 5250 568 5287 sermo
589 5241 684 5306 Aest
714 5234 780 5287 de
810 5235 990 5306 indole
1008 5235 1273 5306 librorum
1425 5233 1631 5298 Basilii,
1656 5233 1829 5306 pauca

256 5319 386 5356 vero
423 5320 546 5372 qua
583 5303 902 5357 Schrmckh.
937 5305 972 5356 l.
1004 5305 1038 5357 l.
1073 5320 1123 5372 p.
1178 5304 1267 5369 56,
1327 5303 1415 5366 57,
1460 5315 1581 5372 post
1627 5303 1832 5360 Game-

257 5379 400 5426 rium
439 5377 546 5426 l.c.
586 5384 778 5426 centra
815 5376 1128 5427 ultimorum
1160 5373 1283 5427 libr.
1311 5374 1642 5427 authentiam
1682 5384 1828 5429 attu-

256 5444 340 5505 lit,
376 5443 524 5496 aliud
562 5452 727 5511 atque
755 5444 805 5496 iu
836 5445 1112 5511 prioribus
1143 5459 1264 5497 esse
1300 5445 1351 5497 in
1394 5445 1460 5498 iis
1488 5460 1660 5512 genus
1690 5446 1831 5498 scri-

259 5514 440 5571 bendi.
464 5515 763 5584 iniproliari
790 5528 906 5566 voc.
951 5513 1194 5584 γέννημα
1232 5513 1309 5584 de
1339 5512 1476 5566 Filio
1523 5514 1635 5584 Dei,
1671 5531 1832 5568 usur-

262 5595 466 5652 patum,
504 5583 600 5653 Sp.
633 5581 692 5635 S.
727 5583 892 5636 Deum
927 5581 1129 5653 vocari,
1167 5583 1234 5636 iis
1279 5581 1478 5652 Ruppii
1515 5582 1829 5651 conjectura

263 5655 394 5707 nihil
425 5652 736 5724 probatur),
770 5653 840 5708 ist
872 5669 976 5707 nur
1005 5652 1261 5724 desshalb
1290 5655 1438 5706 uicht
1472 5653 1571 5706 auf
1592 5655 1697 5708 den
1726 5655 1832 5709 Ge-

260 5721 471 5778 dtmkéu
507 5723 853 5794 gekommen,
900 5725 980 5778 sie
1009 5723 1130 5794 dem
1171 5721 1330 5792 Nyss.
1380 5739 1478 5794 zu”
1507 5725 1828 5786 viudiciren,

262 5797 380 5849 Wcil
412 5793 536 5850 kein
565 5795 746 5852 Codex
778 5805 945 5850 ctwas
971 5793 1206 5849 dariibcr
1230 5801 1367 5864 εδει.
1391 5795 1404 5847 !
1437 5793 1579 5848 Nihil
1604 5796 1705 5850 hac
1725 5795 1832 5852 dis-

1935 3287 2076 3346 tegre
2106 3272 2429 3328 adhibuerit.
2467 3273 2553 3327 IV.
2590 3275 2739 3346 Libri
2783 3272 2860 3329 illi
2893 3272 3065 3346 magis
3096 3272 3285 3346 contra
3327 3273 3508 3346 Eunof

1935 3344 2355 3412 iuianosﬂquam
2407 3356 2597 3398 contra
2649 3344 3002 3399 Eunomium'
3031 3345 3284 3398 videntur
3317 3344 3509 3412 scripti

1933 3427 2076 3464 esse.
2125 3411 2534 3486 _VIQregorius
2584 3417 2890 3486 prologum,
2958 3417 3229 3486 epilogum
3281 3411 3507 3486 aliaque

1935 3482 2196 3535 nonnulla
2245 3482 2369 3554 illis
2409 3482 2942 3554 libris'adjecisset,
2991 3482 3133 3538 unde
3183 3482 3507 3544 scriptorem

1934 3566 2278 3619 agnosceres.
2308 3551 2385 3607 Ne
2415 3557 2604 3616 multa,
2632 3551 2898 3624 ejusmodi
2933 3565 3015 3610 est
3046 3555 3134 3608 illa
3166 3554 3505 3620 conjectura,

1932 3637 2055 3692 quae
2111 3624 2312 3677 nemini
2350 3625 2402 3677 in
2452 3634 2687 3678 mentem
2721 3626 2908 3679 venire
2953 3625 3203 3678 debebat.
3251 3625 3355 3678 Sed
3386 3638 3508 3692 quae

1932 3689 2092 3765 I_’hot.
2125 3707 2176 3765 ο.
2209 3693 2242 3746 5
2275 3693 2341 3748 de
2361 3694 2666 3765 ASophronii
2718 3693 3046 3765 defensioue;
3079 3693 3267 3747 Basilii
3311 3689 3506 3746 contra

1932 3759 2258 3834 _Eunomium
2289 3759 2475 3831 refert,
2511 3765 2756 3834 apprime
2779 3766 2835 3819 in
2860 3766 2959 3820 hos
2995 3763 3164 3818 libros
3212 3765 3504 3834 quadrant,

1932 3831 2163 3903 ideoque
2196 3848 2291 3888 eos
2318 3831 2640 3903 particulam
2669 3834 2816 3890 illius
2839 3837 3020 3903 operis
3041 3849 3162 3889 esse
3199 3831 3344 3887 haud
3399 3833 3505 3886 iui-

1931 3899 2280 3970 probabiliter
2295 3899 2926 3972 conjicias.Sophrouitis
2939 3911 3115 3972 autem
3143 3904 3284 3957 idem
3307 3903 3506 3970 opinor

1931 3972 2082 4045 fuit,
2114 3972 2270 4045 cujus
2298 3973 2616 4045 Hieronym.
2659 3971 2732 4028 De
2771 3977 2952 4045 script.
2977 3971 3125 4045 eccl,,
3155 3988 3205 4025 c.
3237 3973 3360 4045 1554‘,
3395 3987 3509 4025 me-

1929 4041 2108 4113 minit.
2143 4042 2301 4096 Certe
2335 4059 2443 4112 quo
2464 4041 2588 4113 jure
2615 4059 2737 4098 eum
2767 4041 2978 4100 Caveus
3009 4044 3044 4098 Ι.
3083 4044 3141 4105 1.,
3164 4058 3218 4112 p.
3249 4041 3372 4105 558,
3403 4056 3506 4096 sa:-

1930 4112 2057 4183 culo
2075 4127 2128 4183 vi
2161 4112 2524 4183 assignaverit
2547 4129 2655 4168 non
2686 4130 2973 4183 assequor.

2001 4181 2073 4248 (θ)
2114 4182 2178 4233 Ἦ
2233 4178 2371 4254 ὐέιὲρ
2415 4183 2515 4252 τῆς
2565 4178 2858 4254 ἀπολογίαξ
2913 4181 3197 4251 ἀπολογία.
3223 4179 3306 4234 Cf.
3334 4178 3500 4249 Greg.

1924 4247 2112 4306 sts..
2135 4251 2171 4304 l.
2207 4251 2266 4306 l..
2295 4267 2348 4306 ι).
2378 4252 2503 4306 297.

1974 4266 2171 4338 iss-:3;
2208 4266 2266 4338 ξ’
2295 4267 2348 4322 ρο
2378 4266 2503 4338 2.?"-

1998 4326 2068 4441 i?
2096 4321 2365 4404 Cl'..Greg..
2396 4322 2558 4404 Nyss.
2590 4322 2626 4375 l.
2657 4322 2718 4385 l.,
2745 4337 2797 4392 p.
2821 4323 2948 4377 285.
3059 4393 3070 4405 ’
3193 4390 3204 4402 ⁸

1997 4392 2074 4464 (Α)
2107 4391 2304 4464 Tribus
2327 4396 2480 4447 ltbl‘lS
2510 4393 2814 4464 Nyssenum
2847 4393 3168 4447 Eunomtum
3193 4403 3506 4464 impugnas-

1927 4459 2149 4534 serdixit
2178 4461 2414 4534 Buppil.
2462 4477 2535 4526 c.,
2559 4459 2817 4534 'quorum
2852 4464 3185 4534 posteriores
3221 4459 3505 4534 ⁸(λόγ.ᾼόιᾼντ

1855 4545 1906 4606 ι)
1929 4533 2238 4616 τιρῤηῖικοὶ
2259 4528 2406 4616 ξπρὸς
2429 4528 2689 4616 Ειξνόρῖιοὶι
2715 4532 2805 4616 τον
2833 4528 3179 4616 ξῖοσαεβῆιιβκ
3221 4528 3284 4592 ll,
3392 4528 3500 4616 284

1931 4602 2042 4672 sq.,
2071 4602 2226 4674 λόγος
2249 4602 2364 4656 ave.
2397 4621 2456 4674 π.
2485 4605 2546 4657 Ε.
2573 4602 2623 4656 λε.
2648 4602 2695 4654 δ.
2734 4602 2799 4671 ιβ’
2835 4604 2928 4674 [ita
2961 4605 3046 4656 hic
3070 4602 3221 4674 liber
3239 4603 3377 4653 male
3410 4613 3504 4674 uo-

1931 4669 2100 4743 ta'tur]
2127 4672 2190 4738 ll,
2223 4690 2275 4742 p.
2315 4673 2418 4726 724
2445 4669 2890 4743 ειι.),ρειιιιο“βοέι
2921 4671 3320 4743 ὺτογοηιίῇιιυηι
3355 4669 3503 4743 prio-

1931 4759 2044 4798 rem
2083 4737 2288 4812 (v.51),
2322 4737 2651 4812 quem'v.'d.
2684 4759 2749 4797 ex
2768 4743 2987 4797 Hieron.
3024 4741 3066 4794 l.
3112 4741 3298 4812 allato.
3339 4737 3505 4792 credo

1931 4823 1991 4867 ut
2021 4811 2244 4868 haberet
2299 4811 2386 4867 cui
2427 4811 2970 4867 Pseudo—Basilianos
3013 4812 3180 4864 libros
3215 4811 3501 4871 tribueret,

1931 4885 2220 4938 extricavit
2253 4885 2540 4952 compositi
2563 4891 2767 4937 essent.
2791 4882 2974 4952 Nugze.
3008 4880 3140 4952 Nam
3173 4895 3296 4952 cum
3346 4879 3502 4938 liber,

1931 4954 2023 5020 qui
2053 4950 2557 5006 duodecimdsrnale
2583 4950 3041 5016 dicitur,ultimus
3065 4950 3292 5020 Nysseni
3317 4956 3503 5001 contra

1931 5024 2249 5076 Eunomium
2273 5024 2362 5082 sit,
2394 5038 2516 5076 eum
2543 5023 2761 5076 nonnisi
2789 5024 2927 5077 duos
2957 5023 3078 5074 illos
3115 5022 3281 5073 libros
3313 5025 3501 5072 contra

1932 5093 2566 5163 Eunomiuinscripsisse
2588 5109 2652 5145 ex
2672 5094 2844 5163 ipsius
2872 5092 3098 5163 Nysseni
3125 5107 3176 5144 ν.
3203 5086 3501 5163 concludas

1933 5164 1967 5216 l.
1996 5179 2137 5236 c.,p.
2156 5157 2418 5236 724-226.
2440 5157 2989 5236 Haic_cuiii_l?hoti()'et
3015 5161 3338 5236 Hieronymo
3367 5157 3500 5236 belle

1931 5228 2248 5288 Conciuunt.
2277 5232 2355 5285 llli
2390 5233 2497 5285 duo
2547 5231 2672 5286 libri
2715 5234 2792 5286 illi
2836 5234 2905 5286 ob
2940 5233 3129 5286 oculos
3168 5228 3343 5288 erant,
3378 5228 3500 5278 huic

1971 5305 2082 5356 rior
2117 5304 2198 5355 vel
2243 5312 2302 5356 ut
2354 5303 2524 5376 magis
2567 5302 2730 5376 credo
2758 5303 2956 5373 prioris
2991 5317 3115 5376 pars
3145 5299 3500 5376 recita-batur.

1971 5320 2082 5356 nor
2117 5320 2198 5355 vel
2243 5320 2302 5356 ιιι
2354 5320 2524 5371 magis
2567 5320 2730 5357 creuo
2758 5320 2956 5373 prioris
2991 5320 3115 5370 pars
3145 5320 3497 5354 recuauauu-.

1933 5320 2086 5426 Batet
2109 5381 2288 5426 autem
2313 5388 2377 5426 ex
2398 5373 2618 5434 Hieron,
2639 5373 2673 5442 1.
2708 5377 2765 5436 l.,
2794 5380 2998 5442 partem
3017 5372 3208 5442 saltem
3240 5367 3438 5442 prioris
3457 5365 3497 5418 l.

1933 5460 1983 5496 ο.
2009 5443 2106 5497 581
2126 5443 2430 5496 absolutam
2449 5444 2638 5496 fuisse.
2656 5436 2907 5497 Fortasse
2929 5452 3048 5510 post
3063 5441 3278 5493 demum
3298 5436 3497 5510 Grego-

1934 5515 2048 5568 rius
2069 5528 2190 5565 eum
2218 5512 2446 5566 absolvit
2468 5519 2519 5565 et
2543 5513 2595 5564 in
2618 5513 2790 5567 lucem
2809 5509 3239 5565 edidit.Alterum
3258 5509 3497 5575 scripsit,

1933 5598 2056 5637 cum
2077 5581 2374 5636 Eunomius
2386 5582 2563 5635 denuo
2578 5597 2731 5636 suam
2749 5583 3064 5636 sententiam
3082 5588 3500 5648 propugnasset.

2004 5654 2074 5722 (e)
2127 5653 2263 5706 Male
2325 5652 2637 5706 'l‘illemont.
2679 5655 2713 5705 l.
2764 5653 2824 5711 1.,
2866 5667 2919 5720 p.
2957 5650 3093 5722 446;
3137 5669 3154 5700 ι
3191 5648 3334 5703 Οέει
3369 5665 3498 5722 satis

1933 5719 2098 5777 doute
2143 5723 2417 5791 l’ouvrage
2457 5731 2648 5776 centre
2683 5719 3015 5790 Apollinaire
3061 5721 3193 5774 dont
3231 5734 3297 5772 on
3348 5719 3497 5788 parle

1935 5808 2088 5850 assez
2112 5803 2343 5849 souvent
2369 5801 2423 5847 et
2444 5794 2573 5846 dont
2595 5807 2664 5847 on
2695 5794 2800 5847 cite
2825 5793 2873 5849 le
2903 5801 2988 5847 ιη’
3020 5799 3074 5847 ct
3106 5792 3154 5848 le
3186 5799 3261 5845 ιν·
3284 5791 3435 5846 livre.
3471 5805 3492 5838 ι
