3994 6510
522 319 593 373 οε
1426 309 1727 366 OTTUNIS
1762 309 1941 366 FRID.
1980 305 2364 366 FRITZSCBE
2385 301 2884 363 COMMENTATIO
3707 296 3777 354 68

522 442 607 486 est
645 446 745 483 cur
800 430 985 499 plures
1020 442 1145 483 eum
1193 443 1355 497 quam
1394 428 1534 482 duos
1578 427 1751 482 libros
1807 426 2097 481 adversum
2129 430 2175 488 Α
2203 437 2437 493 cumque
2457 431 2642 477 autem
2671 426 2776 483 est,
2817 430 2937 488 qua:
2986 420 3281 484 supersunt
3328 408 3603 466 Theodori
3634 409 3779 481 frag-

523 522 921 591 Apollinarium
971 518 1210 573 edidisse
1249 524 1485 571 statuas.
1534 514 1690 570 Haud
1744 531 1871 569 raro
1918 523 2098 571 autem

526 613 722 668 iisdem
777 612 932 664 libris
987 610 1125 662 varii
1175 609 1319 663 tituli
1379 608 1786 662 tribuebautur.
1846 606 2103 661 Fortasse

525 703 836 758 Nestoriani
868 702 1027 765 libro,
1062 716 1173 771 quo
1202 703 1268 756 de
1290 712 1602 755 assumente
1632 711 1677 755 et
1701 706 1983 768 assumpto
2011 714 2103 753 ac-

526 802 717 848 curate
736 792 1136 858 edocebantur,
1162 791 1311 845 illam
1341 792 1753 861 inscriptionem
1784 789 1976 845 indere
1996 805 2103 843 ma-

527 887 772 949 luerunt,
804 900 969 955 quam
1015 884 1177 938 titulo
1216 884 1540 954 Apollinarii
1580 884 1900 937 memoriam
1945 898 2102 938 reco-

528 980 664 1033 lere.
726 976 903 1031 Unum
945 977 1089 1047 quod
1138 984 1389 1047 superest
1448 975 1813 1045 fragmentum
1859 992 1923 1045 ex
1978 976 2103 1030 libri

528 1071 801 1141 principio
818 1070 1169 1140 desumptum
1195 1070 1413 1123 exhibet
1437 1068 1564 1123 Fac.
1590 1069 1628 1122 1.
1660 1069 1723 1132 1.,
1752 1084 1817 1122 ex
1846 1083 1954 1138 quo
1978 1084 2104 1123 eum

528 1160 755 1228 triginta
790 1160 950 1214 annis
984 1168 1105 1229 post
1139 1160 1310 1214 libros
1344 1157 1418 1211 De
1446 1161 1651 1212 incarn.
1684 1158 1948 1230 scriptum
1983 1174 2105 1213 esse

530 1250 909 1321 cognoscitur.
961 1248 1155 1302 Narrat
1202 1262 1334 1302 vero
1368 1244 1713 1310 Theodorus,
1770 1247 2106 1315 Apollinari-

531 1354 672 1406 stas,
706 1356 943 1409 quorum
990 1340 1177 1394 nullus
1221 1341 1441 1408 scriptis
1500 1350 1777 1395 certamen
1824 1342 2106 1409 suscipere

529 1449 701 1488 ausus
740 1441 907 1497 esset,
937 1433 1183 1486 infirmos
1216 1432 1450 1486 athletas
1482 1433 1724 1487 imitatos
1756 1448 1879 1489 esse
1907 1443 1961 1487 et
1990 1432 2106 1487 cal-

531 1525 693 1587 lidos,
728 1525 820 1594 qui
854 1525 1133 1587 fortiores,
1173 1530 1366 1577 contra
1394 1538 1537 1595 quos
1582 1532 1797 1578 certare
1842 1540 1948 1577 non
1980 1539 2108 1594 pos-

532 1621 673 1675 sent,
712 1613 929 1668 insidiis
964 1619 1017 1666 et
1058 1612 1519 1667 machinamentis
1552 1621 1799 1667 evertere
1836 1630 2109 1670 conaren-

531 1714 639 1758 tur.
678 1702 982 1773 Scripsisse
1011 1718 1105 1759 eos
1140 1705 1282 1757 inter
1323 1719 1381 1757 se
1430 1703 1623 1773 procul
1658 1705 1829 1759 dubio
1859 1706 2106 1775 quadam

533 1795 737 1865 inepta,
766 1811 886 1866 quae
919 1811 1200 1865 nunquam
1226 1794 1479 1859 dixisset,
1515 1814 1568 1850 v.
1605 1786 1833 1867 c.~quod
1861 1807 2112 1869 oporteat
2142 1784 2183 1838 Β

530 1899 723 1959 putare
761 1898 815 1942 et
848 1890 1033 1943 dicere
1066 1890 1205 1945 duos
1258 1890 1419 1953 filios,
1456 1892 1709 1961 quamvis
1740 1892 1796 1945 in
1853 1892 2011 1948 libris
2040 1891 2116 1949 De

530 1977 737 2034 incarn.
775 1982 976 2051 ubique
1016 1983 1359 2036 contrarium
1395 1982 1555 2051 plane
1598 1983 1895 2048 docuisset,
1937 2000 2116 2053 eaque

532 2075 649 2127 suis
673 2074 892 2143 scriptis
913 2075 1237 2135 inseruisse,
1260 2090 1381 2145 qua:
1406 2074 1768 2131 familiaribus
1816 2077 2117 2147 aliquando

530 2166 694 2219 etiam
728 2166 845 2221 suis
878 2166 1373 2232 demonstrasseut,
1416 2184 1525 2237 quo
1558 2183 1618 2222 se
1646 2168 1940 2238 impietatis
1978 2184 2115 2223 con-

530 2258 834 2312 vincerent.
865 2256 1044 2312 Unum
1080 2266 1260 2313 autem
1291 2276 1357 2313 ex
1387 2260 1524 2320 suis.
1562 2260 1655 2330 qui
1690 2259 1792 2314 fide
1815 2262 2013 2328 dignus
2045 2262 2116 2317 ab

534 2350 641 2403 illis
686 2350 909 2404 habitus
960 2360 1129 2414 esset,
1180 2351 1274 2420 qui
1316 2352 1419 2405 ista
1473 2353 1797 2422 perlegeret,
1847 2354 1950 2408 sibi
1993 2369 2116 2423 quae

533 2442 739 2510 scripta
788 2440 1025 2495 fuissent
1060 2443 1433 2498 renuntiasse.
1462 2441 1539 2495 Ex
1584 2443 1669 2495 his
1700 2444 1879 2512 colligi
1911 2450 2113 2514 potest,

534 2530 884 2587 Theodorum
916 2534 1018 2587 hoc
1043 2534 1182 2587 libro
1210 2536 1625 2589 accuratissime
1649 2549 1802 2588 suam
1836 2535 1904 2590 de
1932 2539 2115 2590 incar-

535 2620 760 2675 nalione
803 2622 1132 2677 sententiam
1178 2624 1524 2692 exposuisse,
1580 2640 1690 2693 quo
1740 2626 2113 2681 calumniandi

534 2711 883 2765 occasionem
916 2712 1180 2766 demeret.
1216 2715 1297 2766 An
1330 2712 1454 2781 jure
1488 2714 1836 2769 adversarios
1864 2720 2114 2785 pessima:

533 2805 686 2861 illius
740 2806 948 2861 fraudis
1001 2807 1407 2862 insimulaverit
1458 2807 1673 2863 dubito.
1720 2806 1908 2877 Neque
1955 2807 2101 2862 enim

532 2897 653 2967 ipse
698 2899 1025 2965 calumnias,
1076 2910 1215 2969 quas
1270 2907 1449 2969 putat,
1496 2900 1857 2971 perscriptus,
1902 2901 2029 2971 legit
2058 2906 2113 2954 et

532 2985 652 3042 fieri
686 2991 885 3058 potuit,
922 2997 980 3042 ut
1011 2990 1315 3046 adversarii
1340 2990 1409 3045 ad
1438 2990 1531 3045 illa
1562 2998 1773 3045 tantum
1806 2991 1946 3056 loca,
1971 3006 2111 3062 quo-

533 3095 657 3134 rum
686 3081 904 3150 quidem
956 3098 1221 3138 numerus
1259 3098 1366 3137 nou
1413 3084 1643 3153 exiguus
1675 3093 1813 3147 erat,
1866 3086 2111 3139 animum

536 3172 820 3226 advertere
859 3173 1133 3242 juberent,
1173 3183 1400 3245 propter
1439 3190 1559 3244 quae
1611 3173 1960 3230 Theodorum
1989 3176 2114 3247 jure

535 3264 833 3334 impietatis
893 3282 1158 3322 accusare
1210 3266 1313 3322 sibi
1364 3268 1716 3331 videbantur,
1767 3267 1871 3337 ipsi
1929 3277 2113 3323 autem

534 3370 656 3423 qua:
689 3372 751 3410 ex
791 3355 860 3412 iis
905 3357 1250 3412 efficerentur
1294 3360 1487 3426 paucis
1533 3359 1713 3412 verbis
1742 3359 2112 3425 enuntiarent,

536 3458 589 3497 ν.
622 3459 672 3497 c.
708 3446 852 3514 quod
884 3454 1137 3515 oporteat
1188 3446 1327 3500 duos
1375 3445 1517 3499 filios
1557 3444 1765 3499 dicere.
1801 3443 2117 3509 Quomodo-

579 3612 685 3691 .lar)
717 3610 774 3691 En
805 3612 908 3691 hac
936 3615 1206 3691 sententia
1232 3630 1301 3691 an_
1326 3611 1653 3691 Theodprus
1676 3610 2126 3691 fuerit‘maledu-

539 3678 676 3733 bitat
708 3680 755 3735 J.
792 3684 1081 3746 Augustin.
1135 3683 1449 3740 Dietelmair
1476 3682 1790 3749 (Comment.
1838 3683 2011 3752 fanat.
2062 3686 2127 3739 de

538 3764 825 3822 reﬂoruit.
873 3753 1362 3822 ἀποκατασίτάσει
1389 3751 1531 3822 ihist.
1573 3751 1885 3822 antiquior.,
1926 3755 2122 3809 Altorf.

539 3818 698 3893 1769.
732 3820 795 3893 8._
826 3838 877 3890 p.
914 3821 1039 3885 214,
1262 3821 1346 3875 Cf.
1385 3819 1596 3893 Theod.
1648 3818 2011 3893 frivgmentuin
2070 3827 2125 3880 in

538 3887 995 3964 Fvang._loanuis
1014 3887 1412 3964 ab_Assemano
1439 3890 1665 3964 Syriaco
1686 3887 1913 3957 editum,
1958 3894 2124 3963 infra;

538 3957 728 4014 Leonti.
754 3962 785 4012 I.
827 3978 902 4017 (·..
926 3977 978 4029 p.
1016 3962 1141 4026 687,
1175 3963 1247 4015 al.

611 4029 849 4102 (bLVoc.
884 4030 1163 4102 Magusvzi.
1194 4048 1257 4087 ex
1295 4032 1523 4102 Syriaco
1561 4040 1742 4086 ortum
1790 4034 2125 4087 serioribus-

537 4115 645 4171 que
669 4098 870 4171 Graecis
899 4098 1232 4166 adamatum,
1261 4098 1400 4156 idem
1421 4105 1577 4171 plane
1607 4112 1759 4156 notat
1781 4103 1924 4170 quod
1958 4103 2127 4171 Magi.

538 4162 815 4244 [interdum
846 4170 1038 4244 Persas
1067 4174 1117 4225 in
1151 4162 1488 4244 universum.
1518 4172 1688 4244 Magis
1721 4162 1935 4244 deditos
1961 4162 2132 4244 sigiii-

542 4238 686 4311 heat,
715 4241 791 4311 rcf.
818 4256 951 4311 v.7c.
984 4242 1248 4310 Basil.ep.
1281 4242 1409 4302 258.
1434 4241 1565 4310 Opp.
1607 4238 1689 4299 111.
1725 4258 1778 4311 p.
1812 4243 1938 4297 394.
1971 4238 2129 4299 Sitid.

539 4308 760 4381 Μαγεία
790 4310 899 4381 καὶ
936 4308 1258 4381 ἀστρολογία
1286 4312 1393 4364 ἀπὸ
1421 4308 1785 4381 Μαγουσαίὼν
1816 4312 2036 4381 ἤρξατο.
2067 4317 2129 4367 Οἱ

539 4378 648 4448 γάρ
672 4397 749 4431 τοι
780 4380 993 4453 *Πέρσαι
1027 4378 1239 4453 Μαγὼγ
1273 4382 1377 4441 ὑπὸ
1402 4380 1510 4453 rd'w
1528 4382 1808 4453 ἐγχωρίων
1838 4378 2131 4452 ὀνομάζον-

537 4464 631 4517 ται
656 4464 669 4478 ·
708 4450 801 4501 καὶ
826 4450 1160 4517 Μαγουσαῖοι
1189 4452 1237 4503 οἱ
1270 4452 1441 4504 αὐτοί.

614 4516 691 4586 (c)
738 4511 1125 4590 liitelligemlus
1169 4518 1511 4591 Zoroastres.
1566 4521 1671 4574 Sed
1727 4522 1858 4574 illud
1915 4522 2119 4591 Ζασράο
2164 4511 2206 4568 D

539 4586 640 4662 δης
668 4591 816 4662 nullo
852 4586 1008 4658 pacto
1032 4591 1157 4662 ferri
1186 4600 1378 4662 potest.
1408 4590 1509 4662 Qui
1530 4592 1673 4644 enim
1691 4607 1738 4662 -ᾳ
1760 4600 1884 4645 aute
1904 4605 1934 4662 ρ
1962 4586 2131 4644 exsti-

542 4658 707 4732 terit?
736 4659 846 4732 lino
877 4670 971 4732 aut
1006 4658 1255 4732 Ζαράδὴς
1286 4660 1635 4729 (Theodoret.
1658 4659 1845 4732 Δ(ἱνιιέ.
1878 4658 1972 4731 qr.
2001 4678 2121 4718 cur.

542 4726 634 4803 IY,
668 4728 863 4803 p.955}
897 4726 1487 4803 legeiid'uiu,'aui,quod
1529 4729 1702 4803 magis
1735 4726 2133 4803 υηεάοξΖαρά-

544 4797 671 4869 σδη;
700 4800 797 4869 (ita
836 4801 889 4852 iu
929 4799 1178 4854 Kleukeri
1224 4797 1449 4869 Anhang
1490 4797 2048 4860 zum'Zend-Aresta.‘
2090 4802 2128 4865 l,

543 4883 598 4936 p.
629 4866 759 4939 190.
784 4886 849 4922 ex
877 4871 1034 4925 Phot.
1062 4872 1150 4925 ed.
1187 4870 1391 4926 Genev.
1420 4866 1615 4932 1611),
1655 4887 1852 4925 nomen
1893 4881 1948 4925 et
2002 4873 2132 4939 legi-

544 4939 677 5011 time
713 4937 914 5011 factum
950 4949 1005 4994 et
1042 4942 1197 4994 facile
1228 4943 1296 5011 in
1342 4940 1623 5011 Ζασρὰδης
1660 4951 2002 5011 corruptum.
2056 4937 2132 4997 De

542 5008 712 5061 variis
740 5010 929 5063 formis
964 5012 1199 5065 nominis
1224 5008 1531 5065 Zoroastra:
1564 5008 1613 5066 v.
1653 5008 1944 5065 Geseuium
1980 5011 2041 5065 V.
2070 5013 2127 5066 S.

545 5077 610 5152 li:
644 5078 743 5152 (‘De
774 5081 1116 5149 inscriptione
1141 5079 1647 5152 Phwnicio-Qrwca.
1694 5080 1814 5152 Hal.
1875 5080 2031 5152 £825,
2075 5099 2127 5152 p.

548 5150 631 5212 19,
650 5148 761 5215 20).
799 5152 870 5201 h‘a
904 5148 1086 5202 autem
1116 5152 1398 5203 nominum
1429 5149 1817 5205 Zeretoschtro
1849 5149 2001 5214 (Zere
2025 5148 2126 5203 ait—

544 5235 684 5283 rum,
711 5219 937 5287 ﬁgurate
956 5219 1125 5283 salus,
1154 5219 1399 5273 Teschtre
1422 5221 1596 5281 stella,
1626 5237 1676 5272 ν.
1702 5219 1935 5275 Kleuker
1956 5218 2131 5274 lend-

547 5287 860 5362 Avestalll,
888 5306 942 5359 p.
974 5289 1031 5362 4)
1051 5302 1104 5344 et
1141 5290 1503 5362 Ζωροάστρης
1566 5291 1960 5362 dissimilitudo
2002 5300 2129 5362 _est,

550 5370 605 5411 ut
632 5361 724 5427 qui
751 5360 853 5429 hoc
886 5376 949 5413 ex
981 5361 1072 5413 illo
1106 5360 1284 5412 ortuin
1314 5360 1538 5415 sitnon
1582 5360 1932 5429 perspiciam.
1988 5360 2131 5426 Quid

551 5443 675 5480 vero
699 5432 741 5482 si
763 5428 933 5483 Graeci
966 5430 1257 5484 barbarum
1291 5429 1423 5483 illud
1453 5446 1647 5483 nomen
1694 5430 1767 5481 ita
1822 5438 2155 5492 mutarunt,-

552 5508 609 5581 ut
635 5498 819 5553 Grazce
846 5506 1051 5581 laetum
1085 5498 1272 5581 {Eme-ca
1306 5500 1653 5581 etymologia,
1684 5500 1771 5581 llic
1794 5500 2012 5581 quidem
2044 5518 2132 5554 sa-

550 5569 624 5621 tis
654 5580 787 5639 apta
818 5571 1034 5639 ίςωρός,
1085 5570 1285 5639 ἀστήρ)
1324 5568 1635 5623 niteretur?
1685 5568 1941 5623 Nonnihil
1980 5586 2130 5623 como

553 5637 1077 5708 niendatimiisbuic
1107 5637 1395 5694 sententia:
1418 5655 1484 5692 eo
1525 5640 1760 5702 accedit,
1792 5641 1936 5708 quod
1982 5650 2132 5694 vete-

554 5722 640 5760 res
661 5706 834 5762 Grzeci
869 5712 1003 5763 satis
1029 5717 1346 5764 constanter
1382 5718 1650 5778 usurpant
1668 5706 1889 5780 nomina
1928 5710 2135 5780 Ζωροά-

556 5795 742 5849 στρης,
768 5780 1131 5850 Ζωροάηςτρις.
1162 5796 1286 5835 cum
1315 5780 1669 5848 recentiores,
1689 5778 1780 5850 qui
1805 5795 1999 5834 nomen
2021 5778 2133 5835 alia

2203 522 2407 579 menta,
2431 514 2574 569 idem
2605 510 2958 581 opprobrium
2987 507 3135 575 quod
3167 503 3497 559 Theodorus
3527 504 3581 557 in
3615 504 3780 572 Apot-

2205 605 2508 669 linaristas,
2532 600 2895 655 Facundusin
2927 598 3233 667 Acephalos
3261 597 3521 663 coniecit.
3545 596 3599 649 in
3632 596 3777 648 illam

2205 695 2643 750 adversariorum
2684 689 2930 745 fraudem
2972 688 3233 743 incidisse
3264 704 3420 757 nego.
3450 686 3585 741 Vide
3616 700 3779 754 supra

2206 787 2339 857 (col.
2367 785 2482 854 2i).

2626 896 2689 951 Ε.
2721 896 2798 949 De
2831 896 3103 948 miraculis
3143 894 3285 947 libri.

2278 1011 2486 1067 Unicus
2523 1011 2699 1072 locus,
2731 1024 2842 1079 quo
2879 1023 3053 1077 quam.
3076 1022 3230 1060 suam
3262 1005 3500 1058 indolem
3527 1002 3783 1057 Servator

2205 1121 2258 1157 ν.
2293 1103 2451 1165 θέλω,
2487 1098 2849 1171 καθαρίσθητι
2882 1097 3075 1150 Matth.
3109 1111 3229 1157 vm,
3263 1096 3317 1160 5,
3348 1093 3653 1149 ostenderit
3686 1108 3785 1146 ex—

2207 1195 2450 1267 ponitur,
2481 1198 2543 1247 ὲκ
2572 1192 2683 1244 τῶν
2712 1194 2790 1253 εἰς
2820 1188 2888 1243 τὰ
2914 1188 3167 1258 θαύματα
3193 1183 3348 1253 λόγου
3374 1183 3441 1253 β’,
3476 1183 3699 1237 aﬂertur
3729 1182 3787 1235 in

2205 1288 2326 1342 Act.
2360 1302 2515 1341 conc.
2553 1284 2733 1337 Later.
2778 1283 2851 1350 (a.
2886 1279 3033 1348 649),
3068 1277 3232 1331 Hard.
3260 1277 3295 1329 1.
3343 1276 3405 1339 l.,
3443 1273 3528 1340 Ill,
3572 1291 3624 1343 p.
3658 1274 3787 1335 896,

2206 1388 2261 1434 et
2293 1394 2321 1431 a
2374 1378 2608 1430 Maximo
2651 1374 2789 1445 Opp.
2839 1371 2902 1435 ll,
2935 1388 2986 1441 p.
3032 1370 3121 1424 9|.
3161 1368 3238 1422 Illi
3270 1367 3416 1434 λόγοι
3455 1375 3634 1419 autem
3676 1380 3789 1419 nou

2215 1469 2494 1523 orationes
2547 1462 2870 1536 (Schrtnckh
2916 1462 2955 1515 Ι.
2998 1461 3058 1524 1.,
3104 1456 3222 1520 XV,
3262 1474 3314 1527 p.
3356 1456 3485 1518 207,
3539 1452 3724 1508 Redeo
3745 1455 3791 1521 2)

2208 1568 2387 1623 erant,
2417 1557 2534 1620 sed,
2567 1564 2627 1610 ut
2649 1564 2797 1610 recte
2829 1552 3046 1607 Tillem.
3074 1553 3109 1605 I.
3154 1552 3214 1611 I.,
3246 1550 3372 1613 MS,
3421 1550 3543 1601 libri
3582 1547 3655 1600 De
3686 1548 3793 1599 mi-

2210 1649 2406 1701 raculis
2431 1646 2559 1701 Jesu
2584 1646 2805 1708 Christi,
2834 1643 2961 1703 nisi,
2996 1640 3144 1711 quod
3172 1639 3325 1694 valde
3363 1638 3642 1707 suspicor,
3673 1652 3795 1688 oin-

2211 1742 2343 1795 niuo
2372 1756 2438 1794 ex
2482 1739 2734 1806 catalogo
2776 1735 3222 1789 Theodoreorum
3266 1730 3532 1783 librorum
3580 1742 3796 1795 expuu-

2214 1831 2378 1903 geudi
2426 1840 2573 1884 sunt.
2609 1827 2869 1883 Fortasse
2913 1841 3010 1881 eos
3060 1824 3242 1877 minus
3285 1828 3544 1876 accurata
3584 1816 3797 1873 citandi

2216 1924 2357 1979 ratio
2423 1921 2631 1992 peperit
2688 1920 2887 1989 illeque
2956 1920 3109 1971 locus
3158 1930 3225 1969 ex
3291 1914 3687 1966 commentario
3742 1911 3798 1963 in

2216 2013 2412 2069 Matth.
2444 2020 2697 2082 sumptus
2734 2018 2835 2065 est.

2428 2123 2490 2179 F.
2514 2122 2713 2177 Contra
2742 2121 2972 2191 magiam
2998 2118 3267 2172 Persicam
3289 2114 3413 2169 libri
3452 2124 3579 2167 tres.

2286 2235 2476 2290 Libros
2534 2243 2644 2288 tres
2693 2232 2829 2299 Περὶ
2888 2228 2998 2297 τῆς
3046 2225 3381 2294 ὲνΠερσΙδι
3406 2221 3668 2295 μαγικῆς
3696 2221 3800 2276 καὶ

2214 2330 2306 2394 τίς
2342 2330 2381 2395 ὴ
2408 2324 2512 2394 τῆς
2574 2324 2885 2387 εὐσεϐείας
2915 2319 3166 2390 διαφορά
3210 2318 3275 2371 ad
3312 2316 3667 2379 Mastubium,
3696 2317 3803 2367 Ar-

2216 2433 2432 2473 tnenum
2468 2416 2548 2486 (ὲξ
2582 2414 2875 2486 Ἀρμενίας
2912 2411 3287 2485 ὁρμώμενον),
3337 2408 3800 2477 chorepiscopum

2214 2510 2472 2580 scriptos.
2505 2507 2793 2561 Theodoro
2825 2503 3208 2576 Mapsuesteno
3238 2510 3461 2574 propter
3511 2499 3807 2571 opiniones

2215 2602 2570 2657 Nestorianas
2597 2599 2834 2654 maxime
2886 2598 2941 2651 in
2979 2598 3120 2651 libro
3174 2596 3338 2651 tertio
3380 2593 3715 2663 conspicuas
3751 2600 3804 2643 et

2216 2702 2438 2765 propter
2470 2700 2841 2746 commentum
2891 2690 2959 2744 de
2993 2686 3437 2742 ἁποκαταστάσει
3468 2685 3578 2738 τῶν
3614 2685 3805 2754 ἀμαρ-

2212 2781 2421 2844 τωλῶν,
2453 2782 2539 2835 cui
2602 2781 2839 2850 scriptor
2871 2780 3071 2833 faveret
3130 2778 3230 2848 (a),
3300 2784 3449 2829 recte
3498 2772 3806 2828 vindicavit

2213 2874 2463 2934 Photius.
2495 2888 2545 2926 c.
2578 2872 2639 2926 81
2670 2889 2687 2937 ;
2715 2870 2788 2926 cf.
2818 2871 3083 2925 Ebediesu
3125 2870 3159 2923 l.
3188 2883 3263 2930 c.,
3299 2884 3354 2939 p.
3378 2867 3468 2931 54,
3503 2868 3608 2920 duo
3635 2874 3672 2918 t.
3701 2863 3806 2917 ad-

2214 2980 2391 3017 versus
2422 2961 2653 3033 Magiam
2680 2978 2697 3025 ;
2729 2961 2919 3015 Leont.
2946 2960 2983 3014 1.
3017 2976 3091 3022 c.,
3124 2975 3178 3030 p.
3214 2959 3340 3022 689,
3370 2989 3440 2999 —-—
3472 2956 3808 3012 deliramen-

2215 3065 2270 3109 ta
2318 3064 2409 3108 tua
2450 3063 2632 3107 contra
2693 3052 2991 3122 Maguswos
3039 3052 3251 3121 (b);—
3308 3065 3361 3119 p.
3417 3046 3542 3112 690,
3575 3075 3644 3088 -—-
3674 3063 3799 3117 qua

2216 3157 2401 3201 contra
2422 3146 2721 3216 Maguswos
2752 3146 2989 3214 scripsit.
3019 3176 3085 3185 —
3128 3144 3359 3197 Pholius
3402 3142 3440 3197 l.
3484 3142 3550 3200 l.,
3595 3141 3655 3193 ὲν
3705 3140 3811 3209 μὲν

2214 3239 2292 3310 τῷ
2347 3239 2548 3310 πρώτῳ
2590 3238 2733 3307 λόγῳ
2778 3236 3055 3290 ἐκτίθεται
3096 3235 3158 3288 τὸ
3211 3233 3403 3305 μιαρὸν
3427 3232 3538 3285 τῶν
3570 3230 3809 3301 Περσῶν

2214 3330 2411 3401 δόγμα,
2443 3331 2471 3383 ὃ
2497 3331 2778 3402 Ζασράδης
2814 3330 2882 3397 (c)
2906 3330 3257 3397 εἰσηγήσατο.
3286 3327 3403 3396 ἦτοι
3425 3325 3555 3395 περὶ
3580 3322 3673 3376 τοῦ
3702 3322 3813 3374 Σα-

2216 3422 2389 3495 ρονὰμ
2424 3422 2525 3494 (ά),
2554 3422 2613 3476 ὃν
2640 3424 2882 3495 ἀρχηγὸν
2915 3421 3135 3475 πάντων
3168 3419 3402 3487 εἰσάγει,
3429 3418 3487 3470 ὃν
3512 3416 3605 3469 καὶ
3629 3414 3809 3484 τύχην

2222 3617 2309 3671 via
2336 3626 2620 3686 acceptum
2650 3614 2870 3670 nonnisi
2901 3613 2969 3668 de
2990 3612 3229 3686 barbaro
3256 3611 3503 3686 Graecum
3532 3610 3813 3686 fe_cerunt,

2224 3679 2536 3755 neutiqqu
2607 3685 2748 3755 inter
2808 3701 2867 3739 se
2936 3685 3319 3755 conveniant.“
3348 3681 3507 3755 Quod
3570 3679 3813 3755 Diogene

2223 3749 2407 3811 Laert.
2434 3766 2571 3811 teste
2604 3756 2677 3825 (in
2701 3753 3232 3825 Promm.)Dinonet
3279 3750 3646 3825 Hermodorus
3673 3749 3816 3825 μεθ-

2223 3844 2246 3879 ε
2257 3844 2288 3897 ρ
2295 3817 2659 3897 μηνευόμενὸν
2671 3826 2763 3877 τὸν
2776 3817 3027 3897 Ζῳροᾶστ
3038 3840 3133 3897 ρην
3147 3821 3483 3897 ᾁστρορ-ὑῖην
3494 3817 3639 3897 εἶναι.
3651 3817 3705 3873 di
3715 3836 3815 3897 se—

2225 3889 2372 3955 ruiit.
2410 3898 2462 3950 id
2501 3889 2662 3950 'mera
2699 3889 3015 3961 conjectura
3039 3889 3272 3946 'n'ititur'.
3318 3889 3641 3961 llujusmodi
3697 3889 3813 3961 alia

2225 3975 2469 4019 veterum
2510 3980 2563 4018 ν.
2627 3967 2680 4017 in
2708 3957 2925 4018 Gesenii
2984 3963 3289 4016 Geschichte
3334 3961 3427 4014 der
3465 3957 3814 4013 hebraischen

2228 4035 2459 4105 Spraclie
2490 4034 2596 4088 und
2628 4034 2852 4103 Schrift,
2880 4049 2932 4103 p.
2963 4033 3089 4086 224.

2298 4106 2377 4167 (dp
2424 4105 2672 4159 Zeruane
2728 4096 2970 4157 Alierene
3024 4105 3248 4171 (tempus
3300 4096 3819 4171 infinitamlLMale

2227 4174 2421 4231 Thom.
2462 4174 2610 4244 Hyde
2650 4174 2791 4228 Ilist.
2830 4174 2978 4243 relig.
3002 4168 3294 4244 vet.Pers.,
3322 4168 3522 4232 Oxou.,
3554 4168 3715 4228 I700.
3754 4182 3813 4238 ρ.

2226 4248 2353 4307 ‘297,
2394 4246 2481 4307 79,
2509 4241 2634 4307 195,
2660 4241 3031 4297 Abraham'uni
3064 4241 3345 4303 intellexit,
3370 4256 3529 4308 quem
3559 4253 3815 4293 errorem

2231 4318 2367 4370 falsa
2395 4316 2685 4371 verborum
2715 4313 2891 4367 Pbotii
2910 4312 3288 4382 interpretatio
3313 4312 3521 4380 genuit.

2306 4390 2373 4455 (ε)
2401 4385 2720 4439 Zoroastres
2779 4386 2895 4453 ipse
2946 4380 3164 4450 quidem
3226 4380 3550 4455 Zeruanen,_
3591 4386 3816 4455 tempus

2238 4449 2398 4510 nullis
2432 4456 2628 4509 finibus
2653 4449 3151 4521 circ-uuiscriptum.
3180 4467 3451 4507 summum
3474 4449 3815 4521 principium

2234 4543 2355 4580 esse
2383 4526 2596 4587 statuit,
2638 4523 2730 4577 sed
2782 4540 2904 4577 cum
2954 4519 3085 4575 illud
3125 4520 3395 4589 ejusmodi
3435 4526 3600 4581 esset,
3644 4519 3819 4584 cujus

2235 4598 2383 4649 notio
2407 4612 2511 4649 non
2532 4594 2843 4663 cogitando,
2882 4593 3081 4647 nedum
3114 4590 3615 4663 scribendo‘auinm
3671 4602 3817 4639 cnn-

2234 4667 2338 4734 t‘ipi
2373 4675 2574 4735 posset,
2594 4658 2887 4735 rarissime
2918 4663 2985 4716 de
3028 4662 3173 4735 eoin
3210 4658 3574 4735 lenti-Aoum
3624 4672 3823 4709 sermo

2236 4728 2311 4788 fit.
2340 4728 2413 4788 ita
2430 4750 2556 4789 vero
2591 4734 2803 4787 hicillic
2831 4734 2971 4786 hanc
2995 4732 3283 4800 genuinam
3334 4728 3640 4800 Zoroastra:
3685 4741 3825 4779 sen-

2233 4806 2458 4858 tentiam
2483 4804 2771 4858 evanuisse
2806 4798 3122 4870 merunique
3143 4799 3470 4853 dualismum
3505 4798 3691 4870 locum
3716 4810 3823 4847 oc-

2241 4890 2473 4947 cupasse
2494 4872 2773 4928 credibile.
2800 4873 2865 4925 At
2893 4864 3051 4947 aliter
3072 4886 3135 4947 se
3155 4870 3601 4947 baliuit_temp«_rre
3629 4864 3825 4946 Theo-

2233 4927 2376 5005 doii,
2410 4927 2477 4997 ad
2508 4927 2668 5013 quem
2688 4942 3027 5013 accuratior,
3051 4927 3213 4993 etiam
3240 4938 3433 5013 notitia
3472 4927 3622 5013 illius
3660 4936 3824 5013 prin-

2233 5015 2360 5083 cipii
2393 5005 2656 5083 pervenit.
2683 5012 2893 5083 Etenim
2919 5012 3032 5083 lieri
3066 5026 3171 5083 non
3200 5009 3392 5083 potuit,
3416 5008 3549 5083 quin
3592 5005 3827 5058 deside-

2236 5076 2407 5143 rium.-
2430 5099 2538 5153 quo
2575 5083 2772 5137 ductus
2809 5080 2863 5133 in
2893 5096 2958 5134 eo
2993 5080 3043 5132 in
3078 5076 3266 5147 primis
3296 5078 3509 5153 animus
3536 5076 3825 5153 humanus

2237 5154 2391 5224 plura
2428 5144 2520 5223 per
2553 5153 2750 5207 saecula
2780 5144 3249 5224 occupatus—erat,
3282 5154 3347 5224 ut
3393 5147 3649 5224 ratione:
3688 5144 3827 5197 infi-

2235 5213 2336 5277 iiiti
2389 5213 2443 5278 et
2490 5224 2625 5276 finiti
2679 5213 3092 5275 accuratissime
3135 5220 3471 5278 enuclearet,
3505 5216 3569 5267 ad
3612 5213 3827 5269 Persas

2236 5295 2530 5359 pertineret
2595 5306 2814 5360 eosque,
2856 5289 3155 5360 przesertim
3216 5288 3282 5340 ad
3332 5301 3602 5360 summum
3647 5300 3829 5360 suurn

2236 5354 2562 5434 principium
2605 5354 3035 5434 animadvertere
3074 5357 3311 5434 juberet.
3361 5355 3435 5407 Ita
3484 5355 3603 5434 ejus
3660 5354 3832 5433 notio

2236 5426 2582 5502 aliquatenus
2616 5439 2765 5485 certe
2796 5430 3108 5502 delinita_et
3142 5428 3263 5481 usui
3312 5426 3591 5502 communi
3638 5426 3833 5502 magis

2236 5494 2509 5579 adaptata.
2550 5501 2714 5579 [lecte
2757 5500 2974 5579 quidem
3018 5496 3263 5551 Zeruaue
3308 5496 3574 5579 ἀρχηγρς.
3596 5494 3833 5579 πάντων

2235 5564 2457 5633 dicitur,
2503 5573 2597 5625 sed
2640 5587 2706 5625 ne
2752 5564 2876 5639 quis
2922 5570 3071 5623 illum
3114 5564 3455 5639 euui_animo
3490 5564 3834 5639 inforinaret

2237 5645 2398 5710 cujus
2431 5644 2708 5696 notionem
2758 5636 3197 5695 Christianorum
3229 5636 3381 5710 Dens
3427 5636 3832 5710 complectere-

2237 5705 2347 5774 tur,
2383 5711 2705 5766 Theodorus
2744 5710 2862 5765 suis
2921 5709 3096 5779 ipsius
3136 5707 3446 5779 rationibus
3487 5705 3828 5779 nixuseuir

2236 5770 2405 5853 τύχήν
2432 5782 2751 5837 nominavit.
2778 5780 2906 5849 Yos,
2937 5770 3132 5850 inquit.
3181 5777 3543 5833 constituistis
3590 5770 3831 5844 quidem
