3994 6516
246 386 320 439 65

1042 381 1127 435 ΒΕ
1161 380 1505 439 ΤιιΕουοῐιι
1544 380 1820 439 MOPSUE

1934 381 2025 434 SM
2068 379 2223 433 VITA
2262 380 2348 433 ET
2391 377 2719 434 SCRIPTIS.
3434 372 3499 427 65

252 496 430 557 καλεῖ,
465 496 558 549 καὶ
577 495 663 547 δτι
696 494 955 555 σπένδων,
983 495 1068 547 ἴνα
1100 494 1236 567 τέκῃ
1263 495 1353 548 τὸν
1403 495 1701 567 Ὀρμίσθαν
1733 495 1827 566 (α),

1936 500 2126 563 pserit.
2154 494 2228 548 cf.
2259 493 2418 548 Phot.
2449 510 2500 551 c.
2538 494 2639 548 177
2675 511 2688 547 :
2726 492 2788 546 Θ.
2829 492 2970 544 Ἀντ.
3006 488 3140 560 πρὸς
3169 489 3295 550 τοὺς
3317 486 3502 553 λέγον-

251 590 437 639 ιτεκεν
466 589 669 639 ἐκεῖνον
702 587 793 638 καὶ
832 586 921 638 τὸν
958 585 1200 640 Σατατᾶν
1241 588 1314 659 (b)
1347 604 1358 615 ·
1402 587 1495 639 καὶ
1545 588 1674 657 περὶ
1729 587 1828 656 τῆς

250 676 433 729 αὐτῶν
474 676 794 747 αίμομιξίας
846 678 917 746 (ε)
976 678 1071 729 καὶ
1124 677 1312 739 ἁπλῶς
1358 678 1418 729 τὸ
1445 677 1702 739 δυσσεϐὲς
1733 678 1829 729 καὶ

252 768 618 838 ὑπέραισχρον
642 768 819 837 δόγμα
849 767 991 820 κατὰ
1014 768 1157 834 λέξιν
1187 770 1263 837 (d)
1298 768 1499 833 ἐκθεὶς,
1523 768 1828 821 ἀνασκευά-

248 859 336 921 ζει
366 861 425 910 ὲν
447 859 525 928 τῷ
556 858 755 931 πρώτῳ
782 860 943 929 λόγῳ.
994 858 1160 911 Addit
1182 858 1435 923 Photius,
1461 875 1583 912 eum
1615 859 1665 911 in
1700 859 1827 911 reli-

251 950 381 1018 quis
411 950 567 1005 libris
601 952 743 1020 piam
786 949 1091 1003 doctrinam
1139 950 1295 1002 initio
1353 964 1382 1000 a
1424 948 1611 1002 mundi
1675 963 1827 1001 crea-

254 1044 405 1096 tione
438 1052 597 1111 capto
638 1043 841 1096 cursim
883 1042 1233 1112 exposuisse.
1262 1043 1320 1094 In
1367 1042 1449 1096 his
1500 1057 1650 1105 vero,
1710 1055 1826 1093 mea

252 1133 549 1195 sententia,
586 1132 659 1184 ita
692 1139 941 1185 versatus
972 1139 1081 1193 est,
1119 1140 1178 1184 ut
1214 1139 1498 1200 postquam
1536 1130 1602 1184 de
1636 1129 1824 1183 mundi

252 1224 535 1277 creatione
584 1221 762 1276 fusius
798 1222 1172 1279 disseruisset.
1225 1223 1279 1275 in
1328 1224 1437 1275 duo
1482 1236 1595 1275 ενα
1651 1238 1677 1273 a
1720 1220 1828 1274 Deo

252 1323 501 1381 tempora
534 1312 829 1366 distributa
875 1326 997 1366 esse
1023 1312 1227 1365 diceret
1260 1327 1273 1373 ;
1337 1312 1571 1364 alterum
1620 1324 1829 1379 pracpa-

261 1404 502 1458 rationis
559 1404 665 1457 vim
700 1404 977 1466 habuisse,
1026 1402 1376 1472 perfectionis
1410 1404 1678 1466 alterum;
1734 1417 1826 1469 po-

252 1495 509 1548 sterioris
534 1494 629 1548 aevi
654 1494 867 1547 initium
900 1494 1172 1549 Christum
1202 1493 1387 1557 fuisse,
1408 1493 1497 1562 qui
1525 1507 1621 1561 pro
1650 1492 1830 1545 indole

252 1599 359 1636 sua
391 1583 661 1647 docendo,
719 1585 949 1654 agendo,
985 1583 1237 1654 patiendo
1267 1584 1546 1637 hominum
1592 1584 1829 1637 necessi-

253 1678 463 1731 tatibus
498 1676 568 1728 ita
596 1678 981 1740 succurrisset,
1018 1685 1075 1730 ut
1104 1677 1214 1745 jam
1244 1678 1327 1729 via
1359 1674 1426 1728 ad
1472 1675 1699 1729 salutem
1733 1689 1828 1743 pa-

250 1776 396 1820 tcret
428 1786 441 1820 :
474 1769 541 1819 ad
574 1766 721 1821 hunc
750 1767 893 1821 enim
916 1783 1140 1837 scopum
1173 1766 1354 1820 omnia
1382 1765 1489 1819 Deo
1516 1765 1829 1819 moderante

1932 604 2029 648 τας
2058 588 2213 654 φύσει
2250 587 2343 638 καὶ
2370 586 2429 638 οὐ
2457 585 2650 656 γνώμῃ
2683 582 2895 636 πταίειν
2928 581 3053 643 τοὺς
3083 578 3402 650 ἀνθρώπους
3432 607 3505 617 —-

1933 674 1991 725 ὲν
2014 674 2133 737 λόγ.
2161 673 2339 733 πέντε,
2373 672 2562 728 Ειιθιιὶ.
2598 673 2631 724 Ι.
2665 687 2740 733 e.,
2771 670 2876 722 duo
2916 678 2954 722 ι.
2987 669 3238 721 adversus
3269 681 3507 719 asseren-

1936 774 2036 816 tem
2080 774 2353 831 prrcatum
2389 766 2441 816 in
2486 775 2682 817 natura
2713 763 2874 817 situm
2912 776 3045 819 esse,
3082 758 3212 811 Mar.
3247 754 3412 811 Merc.
3449 773 3502 808 v.

1935 854 2029 907 inf.
2060 871 2073 916 ;
2112 856 2409 924 ambigitur
2443 869 2541 907 nec
2576 868 2742 921 quam
2779 852 3046 904 rationem
3081 847 3268 903 inierit
3301 862 3331 900 a
3372 846 3507 901 viris

1934 947 1989 1000 d.
2024 948 2332 1017 expositum
2362 962 2485 1001 esse
2521 947 2697 999 video.

2005 1058 2162 1114 Phot.
2200 1059 2236 1111 l.
2278 1059 2315 1111 Ι.
2358 1077 2368 1111 :
2406 1057 2549 1127 Πρὸς
2583 1056 2710 1119 τοὺς
2741 1055 2847 1109 ἀπὸ
2883 1054 2981 1121 τῆς
3018 1049 3220 1112 δύσεως
3268 1047 3422 1101 τοῦτο
3447 1045 3507 1097 τὸ

1933 1150 2144 1219 νόσημα
2186 1151 2547 1220 νενοσηκότας
2576 1150 2775 1217 γράφει
2802 1147 2861 1198 τὸ
2907 1144 3128 1214 βιϐλίον,
3161 1136 3233 1195 ὧν
3282 1140 3375 1193 καὶ
3407 1137 3506 1206 τῆς

1934 1240 2198 1309 αἱρέσεως
2232 1240 2471 1309 ἀρχηγὸν
2499 1238 2647 1305 λέγει
2682 1235 2932 1304 γενέσθαι
2971 1232 3180 1285 ἐκεῖθεν
3206 1229 3303 1299 μὲν
3325 1224 3505 1298 ὁρμώ-

1937 1346 2115 1397 μενον.
2164 1332 2273 1391 τοῖς
2313 1330 2369 1381 δὲ
2420 1329 2519 1397 τῆς
2552 1327 2814 1395 ἀνατολῆς
2863 1321 3293 1393 ἐπιχωριάζοντα
3321 1318 3505 1377 τόποις

1935 1420 2028 1473 καὶ
2075 1420 2437 1472 συντάττοντα
2477 1420 2671 1487 λόγους
2711 1418 2847 1486 ὑπὲρ
2897 1416 2993 1484 τῆς
3032 1408 3505 1478 καινοποιηθείσης

1934 1508 2083 1579 αὑτῷ
2126 1510 2411 1580 αἱρέσεως,
2443 1509 2767 1578 διαπέμπειν
2796 1510 2909 1570 τοῖς
2947 1506 3007 1558 τὺ
3036 1501 3285 1573 πατρῷον
3314 1500 3504 1567 ἔδαφος

1934 1598 2191 1665 οἰκοῦσιν,
2228 1598 2315 1669 ὑφ’
2366 1595 2441 1654 ὧν
2476 1602 2566 1654 καὶ
2596 1600 2821 1661 πολλοὺς
2848 1600 3021 1650 ἐκεῖσε
3052 1595 3184 1666 πρὸς
3207 1593 3267 1644 τὸ
3296 1592 3494 1643 οἰκεῖον

1936 1690 2188 1759 φρόνημα
2215 1690 2454 1754 ἑλκύσαι,
2472 1692 2546 1753 ὡς
2568 1692 2661 1743 καὶ
2690 1684 3013 1758 Ἐκκλησίας
3033 1686 3157 1745 ὅλας
3176 1682 3270 1737 τοῦ
3301 1680 3503 1750 ἁτοπή-

1939 1798 2103 1849 ματος
2131 1782 2473 1852 πληρωθῆναι
2501 1784 2593 1853 (g).
2634 1782 2812 1851 ’Λρὰμ
2838 1780 2893 1832 δὲ
2921 1778 3011 1832 τὸν
3039 1775 3278 1848 ἀρχηγὸν
3301 1771 3499 1831 αὐτῶν,

250 1859 459 1928 dirigi;
496 1859 790 1927 aliquando
848 1867 1029 1913 autem
1086 1858 1363 1912 Christum
1422 1857 1615 1911 iterum
1649 1865 1827 1911 ventu-

1934 1874 1992 1925 οὺ
2022 1876 2127 1946 γὰρ
2160 1874 2267 1944 ἔχω
2301 1875 2484 1943 σαφῶς
2512 1852 2708 1931 νείπεῖν,
2747 1876 2856 1926 εἴτε
2892 1869 3142 1939 ὀνομάζει
3177 1866 3284 1918 εἴτε
3316 1867 3504 1917 ἐπονο-

250 1968 397 2013 rum,
429 1967 537 2019 quo
560 1950 739 2003 omnia
773 1950 912 2005 mala
936 1948 1195 2004 auferret.

326 2042 405 2096 Eo
434 2058 562 2096 vero
596 2042 827 2096 consilio
860 2039 1204 2097 Theodorum
1249 2040 1350 2096 hos
1385 2040 1553 2095 libros
1583 2040 1828 2095 conseri-

252 2136 438 2204 psisse
455 2134 738 2198 existimo,
772 2142 831 2186 ut
861 2132 1207 2189 Christianos
1238 2132 1494 2186 edoceret
1519 2139 1573 2185 et
1603 2130 1830 2185 robora-

252 2233 357 2284 ret,
391 2222 625 2277 fortasse
666 2223 832 2277 etiam
880 2220 1193 2276 Zoroastrae
1240 2222 1470 2277 asseclis
1518 2221 1825 2277 doctrinam

249 2314 628 2366 Christianam
680 2312 1089 2368 commendaret
1144 2314 1237 2381 (ε).
1291 2313 1429 2366 Tum
1477 2313 1622 2366 enim
1669 2313 1826 2366 multi

250 2404 569 2456 Zoroastra:
598 2410 903 2458 sectatores
943 2403 998 2457 in
1022 2403 1260 2457 diversis
1288 2403 1432 2456 Asia:
1465 2403 1628 2458 terris
1661 2402 1828 2471 dege-

256 2498 412 2555 bant,
451 2494 596 2562 quod
645 2511 697 2547 γ.
736 2509 787 2547 c.
840 2494 907 2548 de
946 2492 1291 2563 Cappadocia
1338 2493 1506 2547 Basil.
1555 2508 1641 2561 ep.
1698 2493 1824 2559 258,

252 2585 342 2647 Ill,
365 2602 418 2654 p.
444 2584 566 2646 391i,
588 2584 693 2639 595
711 2583 917 2654 (Strab.
941 2600 1029 2646 xv,
1058 2584 1111 2653 5)
1132 2590 1387 2643 testatur,
1408 2582 1611 2636 Persici
1646 2588 1823 2634 autem

250 2677 554 2730 Christiani
577 2690 672 2744 per
690 2672 967 2742 Magorum
994 2673 1243 2741 inprimis
1262 2673 1516 2726 invidiam
1535 2672 1823 2724 admodum

249 2765 619 2820 vexabantur.
644 2765 729 2817 Cf.
773 2762 899 2817 Soz.
939 2762 1084 2816 Hist.
1128 2762 1255 2816 ercl.
1309 2778 1369 2825 ιι,
1395 2763 1428 2817 9
1457 2777 1573 2831 sq.;
1609 2761 1823 2815 Socrat.

254 2855 404 2908 Hist.
424 2854 551 2908 πει.
573 2854 731 2919 7,18,
753 2870 861 2923 sq.;
883 2852 1211 2907 Theodoret.
1234 2851 1377 2906 Hist.
1401 2854 1528 2907 eccl.
1551 2871 1602 2915 γ,
1633 2855 1701 2908 58
1734 2854 1821 2921 (f).

623 2967 688 3021 (ἱ.
726 2966 799 3021 De
828 2967 1139 3035 perfectione
1166 2966 1450 3035 regiminis.

327 3057 674 3113 Theodorum
693 3066 899 3111 tomum
928 3057 999 3111 De
1019 3058 1338 3127 perfectione
1354 3058 1621 3126 regiminis
1639 3058 1824 3121 (verba

254 3150 481 3221 Syriaca
534 3151 675 3203 male
720 3150 1002 3203 transtulit
1048 3150 1263 3205 Assem.
1306 3148 1384 3202 De
1421 3148 1555 3216 peri.
1588 3150 1821 3218 operum)
1854 3193 1897 3251 ο

252 3242 572 3297 confecisse
612 3244 764 3296 solus
794 3242 1064 3297 Ebediesu
1094 3242 1131 3297 Ι.
1167 3243 1229 3303 l.,
1261 3258 1314 3311 p.
1344 3243 1432 3304 54,
1464 3244 1623 3298 testis
1652 3250 1754 3296 est.

256 3334 325 3389 Η.
358 3333 561 3389 Contra
590 3334 887 3402 defensores
922 3334 1119 3403 peccati
1146 3334 1419 3402 originalis
1450 3333 1571 3387 libri
1587 3335 1828 3402 quinque.

329 3426 447 3491 Qua
494 3428 802 3485 occasione.
823 3441 932 3495 quo
956 3440 1100 3479 anno
1124 3437 1178 3480 et
1207 3424 1467 3481 adversus
1492 3440 1630 3494 quos
1656 3424 1831 3479 Theo-

256 3517 430 3569 dorus
473 3517 717 3586 quinque
746 3516 915 3571 libros
952 3515 1029 3570 De
1064 3526 1276 3585 peccato
1302 3516 1552 3586 originali
1581 3518 1831 3570 conscri-

249 3680 532 3719 summum
563 3666 911 3735 principium,
944 3666 1038 3723 sed
1069 3668 1213 3734 quod
1238 3668 1379 3722 hanc
1420 3684 1582 3721 unam
1611 3670 1715 3723 vim
1736 3670 1827 3723 ha-

249 3736 404 3806 buit,
434 3746 487 3787 ut
512 3737 772 3789 inferiora
812 3737 920 3792 duo
968 3739 1235 3806 principia
1284 3738 1338 3791 in
1400 3739 1572 3790 lucem
1617 3740 1823 3796 ederet.

248 3804 407 3857 Nihil
434 3806 484 3858 ei
524 3816 781 3874 praeterea
808 3806 873 3859 ad
903 3804 995 3859 illa
1030 3804 1295 3876 principia
1346 3816 1401 3861 et
1443 3822 1530 3862 res
1584 3817 1822 3865 creatas.

250 3876 444 3942 Itaque
473 3875 595 3947 jure
623 3876 755 3947 illud
785 3878 958 3947 τύχην
986 3875 1186 3930 caecam
1218 3878 1506 3947 fortunam
1547 3876 1721 3947 dicas.
1743 3880 1826 3931 id-

249 3960 363 4012 que
418 3946 593 4016 magis
633 3946 829 4016 exinde
864 3945 1030 4016 patet,
1088 3946 1231 4016 quod
1272 3947 1500 3999 invitum
1567 3945 1823 4001 Satanam

252 4012 612 4083 protulit.’(V.
638 4012 895 4077 σπένδων,
929 4012 1261 4070 Even—satis
1278 4016 1530 4084 ambigua
1558 4024 1707 4081 sunt,
1730 4017 1826 4071 sed

250 4085 378 4136 ideo
405 4084 593 4146 credo,
617 4084 763 4151 quod
791 4099 879 4138 res
906 4084 1022 4152 ipsa
1057 4102 1161 4139 non
1196 4094 1343 4138 certa
1378 4100 1443 4138 ac
1469 4084 1691 4139 definita
1726 4102 1825 4140 no-

251 4154 405 4206 tione
435 4155 831 4224 absolgeretur.
863 4153 1125 4208 Prwterea
1186 4156 1481 4216 nescimus,
1528 4169 1633 4224 qua
1653 4156 1825 4224 dima-

250 4224 563 4296 gineillum
605 4221 873 4296 Zeruanis
924 4233 1138 4296 partum
1194 4221 1604 4291 descripserint.
1649 4223 1823 4296 Vulgo

251 4290 441 4344 σπένδ.
474 4300 657 4363 νεῖμεν
686 4290 986 4346 tibationem
1010 4294 1231 4359 faciens,
1278 4290 1391 4363 ego
1431 4310 1556 4348 vero
1602 4290 1819 4348 nonnisi

252 4362 518 4413 fundeudi
550 4362 825 4415 notionem
854 4364 1017 4417 verbo
1046 4362 1353 4423 indiderim,
1374 4374 1430 4416 ut
1458 4365 1821 4419 emanationis

254 4433 399 4482 ratio
426 4431 771 4500 obtinuerit.)
800 4433 1017 4501 At_vero
1042 4432 1179 4501 Magi
1215 4434 1287 4485 ita
1333 4434 1514 4499 potius
1572 4434 1822 4488 videntur

1938 1960 2121 2031 μάζει.
2140 1962 2325 2015 τοῦτον
2356 1966 2448 2015 καὶ
2473 1963 2721 2032 πέμπτον
2737 1960 3066 2028 Εὐαγγέλιον
3121 1950 3502 2029 προσαναπλὰ-

1944 2070 2032 2107 σαι
2062 2053 2207 2121 λέγει
2240 2055 2295 2106 ὲν
2324 2058 2443 2117 ταῖς
2475 2054 2734 2107 Εὐσεῦίου
2770 2052 2863 2105 τοῦ
2909 2048 3265 2105 Παλαιστίνου
3299 2044 3498 2114 βιϐλιοα

1934 2142 2126 2213 θήκαις
2161 2145 2631 2214 ὑποπλαττόμενον
2663 2145 2865 2214 εὑρεῖν,
2905 2140 2997 2193 καὶ
3034 2136 3357 2191 ἀπώσασθαι
3399 2133 3500 2202 μὲν

1932 2232 2031 2303 τῆς
2060 2233 2209 2297 θείας
2234 2236 2324 2287 καὶ
2359 2236 2593 2299 παλαιᾶς
2617 2234 2856 2306 Γραφῆς,
2883 2234 2947 2303 ἢν
2983 2234 3029 2283 οἱ
3066 2232 3119 2283 0'
3153 2223 3501 2294 συνεληλυθό-

1932 2343 2022 2390 τες
2050 2326 2375 2380 ὲκδεδώκασι
2403 2328 2742 2398 μετάφρασιν
2769 2327 2861 2378 καὶ
2879 2324 2944 2394 δὴ
2968 2325 3061 2377 καὶ
3085 2322 3181 2391 τὴν
3205 2317 3501 2389 Συμμάχου

1932 2417 2028 2469 καὶ
2068 2418 2267 2470 Ἀκυλα
2292 2419 2385 2469 καὶ
2415 2418 2520 2471 τῶν
2551 2416 2749 2479 ἄλλων,
2784 2414 2921 2468 ἰδίαν
2950 2413 3005 2464 δέ
3035 2428 3153 2463 τινα
3182 2408 3277 2461 καὶ
3312 2404 3501 2475 καινὴν

1931 2507 2235 2577 ἐπαρθῆναι
2271 2508 2545 2573 συντάξαι,
2586 2509 2723 2579 μήτε
2739 2506 2837 2576 τῆς
2868 2503 3135 2573 Ἐϐραίων
3157 2499 3345 2567 ὥσπερ
3362 2497 3501 2549 έκεῖ-

1932 2614 2011 2649 νοι
2030 2600 2091 2650 ἐκ
2122 2599 2308 2661 παιδὸς
2337 2599 2663 2669 ἀσκηθέντα,
2690 2598 2825 2669 μήτε
2852 2596 2942 2648 τὸν
2971 2595 3068 2664 τῆς
3098 2592 3244 2653 θείας
3276 2587 3501 2660 Γραφῆς

1932 2688 2054 2741 νοῦν
2084 2689 2484 2758 ἐκδιδαχθέντα,
2524 2689 2787 2760 Ἐϐραίων
2802 2688 2858 2741 δέ
2884 2704 2992 2740 τισι
3017 2684 3123 2738 τῶν
3146 2679 3502 2752 χαμαιπετῶν

1932 2779 2121 2832 ἑαυτὸν
2158 2779 2490 2833 ἐκδεδωκότα
2539 2779 2751 2833 ἐκεῖθεν
2790 2778 3059 2850 θαρρῆσαι
3108 2776 3243 2828 ἰδίαν
3292 2771 3501 2823 ἔκδοσιν

1931 2871 2289 2940 ἀναγράφειν.
2319 2870 2416 2925 llis
2444 2872 2626 2927 verbis
2656 2870 3048 2942 Hieronymum
3075 2871 3250 2924 notari
3279 2885 3387 2924 non
3417 2880 3503 2925 est

1932 2964 2077 3031 quod
2105 2963 2356 3031 pluribus
2384 2964 2632 3020 doceant.
2663 2962 2965 3018 Permiram
2994 2963 3159 3018 Andr.
3193 2962 3401 3016 Schotti
3433 2966 3507 3016 ad

1935 3052 2095 3107 Phot.
2150 3054 2186 3107 Ι.
2242 3055 2301 3117 l.,
2334 3054 2535 3109 Norisii
2586 3056 2622 3107 Ι.
2668 3055 2729 3118 l.,
2773 3056 2813 3116 l,
2849 3070 2902 3123 p.
2937 3055 3028 3117 9i,
3075 3054 3329 3123 Basnagii
3366 3054 3401 3108 ι,
3438 3055 3501 3117 1.,

1933 3162 1986 3213 p.
2022 3146 2109 3211 14,
2159 3146 2490 3201 Tillemontii
2522 3148 2555 3198 1.
2596 3148 2654 3207 l.,
2701 3162 2752 3214 p.
2788 3146 2913 3206 448.
2951 3145 3285 3213 opinionem.
3328 3144 3502 3199 infau-

1933 3243 2072 3290 stam
2103 3250 2224 3290 esse
2250 3237 2370 3304 ejus
2394 3237 2810 3305 appellationem
2859 3237 3036 3306 Ἀράμ
3055 3235 3121 3288 ab
3150 3236 3260 3305 άρά
3278 3234 3500 3289 ductam

1932 3334 2081 3380 recte
2113 3328 2349 3396 explosit
2382 3327 2591 3380 Caveus
2634 3330 2667 3380 I.
2697 3328 2758 3389 l.,
2796 3342 2850 3396 p.
2880 3326 3009 3389 248,
3043 3342 3164 3379 cum
3207 3325 3503 3379 manifesto

1930 3419 2211 3473 Aramams
2239 3418 2456 3472 dicatur
2486 3417 2583 3487 (Ιι).
2635 3417 2709 3470 De
2743 3420 2935 3488 quinto
2967 3418 3059 3470 illo
3106 3414 3487 3470 Nazareorum

1928 3510 2213 3579 evangelio
2242 3525 2293 3562 ν.
2325 3508 2547 3564 Hieron.
2576 3508 2644 3562 ad
2670 3506 2863 3562 Matth.
2889 3523 2987 3572 xu,
3011 3509 3075 3562 15
3095 3506 3205 3578 (ed.
3240 3507 3496 3561 Martiali.

1926 3668 2113 3723 Potter
2153 3671 2217 3723 ad
2260 3670 2431 3724 Clem.
2476 3670 2629 3724 Alex.
2664 3668 2861 3723 Strom.
2910 3684 2988 3729 ιιι,
3022 3666 3077 3726 2.
3112 3679 3165 3735 p.
3196 3666 3323 3733 515)
3358 3666 3499 3720 male

1927 3755 2098 3819 neges
2129 3755 2251 3821 cuin
2285 3740 2461 3810 Hydio
2487 3740 2523 3793 l.
2559 3754 2716 3861 cucp.
2753 3739 2891 3801 297;
2920 3754 2969 3789 ν.
3003 3741 3165 3790 etiam
3192 3752 3310 3817 quae
3330 3736 3498 3790 Cese-

1927 3825 2051 3861 ntus
2086 3808 2159 3861 De
2196 3826 2356 3861 mscr.
2391 3808 2632 3861 Philemo.
2686 3825 2755 3861 r..
2793 3824 2843 3861 ι).
2879 3807 2968 3861 17.
3006 3808 3307 3860 aduotavut.

1926 3807 2051 3862 nius
2086 3808 2159 3861 De
2196 3807 2356 3862 inscr}
2391 3807 2755 3870 thnic.Gr.,
2831 3848 2843 3861 .
2879 3807 2968 3871 l7,
3006 3808 3307 3860 adnotavit.

1996 3878 2075 3944 (ά)
2097 3879 2376 3932 Concludo
2397 3894 2464 3933 ex
2489 3880 2595 3941 his,
2615 3824 2962 3932 Theodorum
2988 3877 3235 3943 quanlam
3267 3874 3491 3943 scripta,

1925 3962 2045 4014 quae
2080 3947 2385 4001 Zoroastrae
2421 3949 2638 4002 nomine
2676 3946 3170 4002 circumferrentur
3207 3944 3277 3998 ob
3304 3946 3494 3997 oculos

1926 4016 2201 4071 habuisse.
2231 4017 2312 4070 Cf.
2343 4016 2541 4070 Euseb.
2580 4017 2757 4086 Prtep.
2798 4033 2898 4079 ev.,
2937 4031 2973 4078 ι,
3012 4015 3098 4067 10.

2000 4088 2069 4157 (e)
2124 4086 2266 4141 Idem
2314 4082 2713 4157 'I‘hcodoretus'
2742 4087 2831 4157 iis,
2863 4082 3492 4157 spectavisseﬂvidetur,

1966 4151 2060 4209 ua!
2079 4172 2138 4212 se
2185 4167 2376 4210 contra
2410 4156 2606 4225 Magos
2640 4151 2932 4225 scripsisse
2966 4152 3153 4225 refert.
3201 4152 3289 4204 Cf.
3318 4151 3495 4225 T_hco-

1924 4220 2098 4349 dtzi‘ipt.
2131 4241 2217 4297 ep.
2259 4228 2375 4281 115.
2404 4220 2596 4295 lV,'p.
2632 4220 2785 4279 119ιί
2815 4226 2866 4277 in
2900 4222 3067 4277 Leuit.
3107 4224 3175 4273 ab
3212 4225 3312 4282 in.,
3348 4220 3389 4283 l,
3434 4238 3486 4289 p.

2008 4313 2045 4347 ).

1993 4313 2066 4433 vf.)
2120 4363 2526 4440 Tillemontius,
2585 4365 2677 4433 qui
2723 4361 3486 4440 Tlieoiloruni_gresbgteram

1924 4431 2113 4503 Magos
2160 4439 2515 4504 impugnasse
2566 4431 2716 4504 putat
2755 4436 2789 4487 Ι.
2836 4435 2898 4496 l.,
2940 4448 2993 4501 p.
3042 4432 3166 4488 H7.
3199 4431 3492 4504 levissimo

248 4501 621 4579 argumentati
656 4498 777 4580 esse
807 4519 821 4554 :
846 4498 919 4554 Ut
970 4498 1173 4582 habeas
1224 4504 1292 4582 in_
1316 4498 1423 4569 quo
1479 4504 1821 4582 acquiescas,
1853 4522 1904 4582 υ
1930 4498 2121 4582 nititur
2164 4498 2513 4582 ‘argiu'uento.
2552 4498 2758 4582 _«'__D.an_s
2791 4505 2838 4559 le
2871 4498 3017 4565 titi'e,
3061 4500 3325 4582 inquitjnil
3375 4505 3489 4581 (οδε,

252 4570 787 4641 summoprincipio
834 4585 970 4639 opus
1021 4579 1123 4635 est,
1151 4572 1293 4640 quod
1337 4586 1430 4641 per
1462 4587 1522 4625 sc
1555 4572 1825 4640 ejusmodi

249 4648 364 4711 est,
398 4646 459 4690 ut
491 4639 543 4690 id
570 4647 749 4711 mente
778 4655 884 4693 non
908 4639 1311 4710 complectaris.
1338 4639 1594 4711 fl’rotulit
1614 4651 1674 4695 ut
1704 4659 1826 4711 qua:

252 4708 507 4779 videmus
542 4708 870 4763 exsisterent
904 4711 1012 4764 duo
1038 4708 1309 4779 principia
1335 4710 1591 4764 inferiora
1614 4750 1629 4774 ,
1677 4708 1827 4766 uira-

250 4793 363 4851 que
386 4777 568 4851 primo
616 4780 777 4840 bona,
825 4780 919 4833 sed
958 4777 1185 4834 alterum
1226 4777 1550 4851 przrclaram
1594 4781 1827 4836 indolem

252 4850 313 4899 in
367 4848 694 4913 pravitatem
752 4851 1041 4903 convertit.
1102 4852 1176 4901 Ita
1216 4848 1459 4902 omnium
1533 4865 1654 4917 qua:
1701 4860 1829 4906 sunt

248 4930 428 4969 causa
454 4926 507 4968 et
535 4916 677 4988 ratio
704 4926 806 4970 est.
842 4917 1029 4988 Neque
1060 4934 1189 4973 vero
1216 4934 1414 4973 caecam
1455 4916 1729 4972 fortunam
1776 4920 1829 4973 in

251 4988 505 5056 omnium
532 4984 749 5056 fastigio
767 4984 1119 5045 collocamus.
1156 4989 1248 5043 sed
1276 5003 1338 5042 ea
1380 4997 1465 5044 est
1494 4992 1719 5043 extremi
1766 4991 1833 5044 il—

257 5057 371 5128 lius
403 5055 638 5128 altitudo
672 5055 739 5128 ut
779 5073 877 5111 nec
911 5059 1071 5128 quale
1112 5060 1183 5112 sit
1215 5074 1391 5126 neque
1436 5059 1555 5127 ejus
1592 5060 1833 5114 rationes

253 5124 330 5175 ad
384 5126 497 5177 duo
544 5126 634 5178 illa
664 5124 973 5197 priuetpia',
1008 5129 1073 5180 ad
1115 5144 1203 5182 res
1256 5124 1477 5182 creatas
1508 5129 1670 5183 nulla:
1713 5144 1835 5184 esse

257 5204 519 5266 possunt,
547 5209 870 5264 assequatur
894 5198 995 5251 nisi
1024 5200 1259 5266 ineptus.

334 5268 411 5332 (a)
472 5263 732 5327 Ormusd,
766 5265 984 5329 Ormuz,
1018 5263 1328 5323 Hormizda.
1367 5268 1687 5324 Theodorus
1717 5277 1837 5321 tan-

250 5342 399 5396 tum,
431 5336 577 5407 quod
605 5338 780 5407 sciam
812 5336 1120 5407 i'OppicOa;
1174 5338 1329 5407 dixit.
1388 5338 1484 5395 sed
1520 5338 1838 5392 llormisdas

257 5418 469 5475 nomen
505 5404 574 5457 de
597 5404 1135 5475 hominibussaépius
1172 5405 1377 5460 dictum
1414 5424 1476 5462 es
1511 5408 1839 5462 eodemfon-

251 5470 521 5547 910mm,
567 5474 868 5547 Ὠρομάζης
896 5470 1034 5529 Plut:
1074 5477 1149 5547 De
1182 5475 1260 5530 1s.
1284 5487 1332 5530 et
1369 5478 1465 5547 0s.
1494 5476 1716 5547 (Μοταί.
1750 5478 1836 5532 ed.

246 5540 571 5666 pii-{yiean
630 5540 699 5607 ll,
760 5540 1014 5614 p.315);
1077 5546 1413 5617 Ὡρομάσθης
1452 5540 1606 5618 Diog.
1657 5546 1839 5602 Laert.

354 5632 367 5661 )
428 5630 499 5665 ut.

306 5626 499 5665 [003").

336 5683 405 5749 (δι
448 5681 831 5756 Alit-imam}.
860 5684 1093 5741 Kleuker
1123 5686 1160 5740 l.
1199 5688 1259 5749 l.,
1298 5702 1350 5756 p.
1388 5686 1441 5756 5.

337 5758 411 5827 με)
447 5749 768 5827 llujusmodi
810 5757 1099 5823 opprobria
1136 5766 1258 5827 post
1299 5749 1355 5809 in
1400 5755 1680 5824 Magorum
1733 5755 1814 5827 di-

250 5820 547 5888 oclptinam
574 5820 914 5885 cecidisse—iii
942 5820 1381 5893 magno-Patrum
1412 5820 1683 5881 consensu
1720 5825 1813 5895 (cf.

1934 4572 2182 4642 Photius)
2225 4568 2527 4642 tiequalilie
2551 4574 2836 4627 Theodore
2856 4588 2961 4641 que
2992 4568 3200 4640 prest‘re
3227 4568 3312 4637 (1');
3352 4568 3491 4623 aiusi

1933 4644 1970 4696 il
2007 4646 2063 4695 lit
2094 4652 2180 4695 eet
2208 4659 2445 4711 ouvrage
2477 4654 2638 4695 avant
2669 4660 2767 4695 son
2796 4643 3099 4709 épisCOpat.
3130 4661 3153 4711 si
3174 4710 3185 4711 ί
3270 4647 3275 4651 ’

2004 4714 2079 4782 (g)
2115 4710 2459 4767 Conferenda
2482 4728 2606 4782 cum
2643 4713 2727 4766 his
2756 4711 3109 4782 qumMarius
3140 4710 3305 4782 Merc.
3342 4710 3488 4782 l._e.,

1934 4798 1988 4859 ρ,
2016 4779 2245 4859 6_l§,_d_e
2280 4780 2901 4859 origine_Pelagianismi
2948 4789 3161 4859 narrat,
3195 4779 3248 4859 in
3291 4779 3491 4859 quibus

1934 4847 2065 4905 illud
2089 4852 2338 4914 dubium,
2368 4847 2441 4904 an
2474 4847 2719 4915 Ruﬁna},
2751 4850 2960 4903 natione
2999 4847 3494 4919 Syrus,Aquileien—

1931 4922 2009 4975 sis
2059 4922 2147 4974 ille
2196 4921 2599 4986 intelligendus.
2641 4919 2784 4973 Fuse
2836 4922 2936 4972 hac
2976 4920 3044 4972 de
3086 4934 3147 4971 re
3196 4919 3492 4986 disputavit

1933 4938 2009 4975 διε
2059 4938 2147 4974 iue
2196 4938 2599 5041 Intelligenuus.
2643 4938 2784 5001 ruse
2836 4938 2936 4972 uac
2976 4938 3044 4972 ue
3086 4938 3147 4971 re
3196 4938 3492 4986 alsputavu

1933 4990 2224 5067 Fontauin.
2262 5007 2314 5043 In
2347 4989 2493 5067 l_tst.
2528 4989 2899 5067 ltt.Aqutl.,_l.
2936 5004 2989 5051 ν,
3026 5003 3076 5040 c.
3105 4987 3193 5067 l8.
3296 4988 3351 5049 4,
3386 4988 3492 5067 alii

1935 5077 2043 5130 sq.,
2097 5061 2191 5115 sed
2219 5074 2342 5113 eum
2380 5060 2525 5113 hunc
2560 5060 2594 5112 Ι.
2627 5057 2847 5128 ειεέεῳιί
2883 5073 2992 5112 ιιοη
3029 5059 3317 5130 potuerim,
3362 5057 3491 5109 nolo

1927 5125 2041 5198 jam
2092 5145 2266 5198 meam
2309 5131 2634 5182 sententiam
2673 5125 3038 5194 interponere.
3086 5125 3161 5198 ln_
3206 5133 3489 5198 utramque

1936 5194 2138 5266 partem
2172 5213 2201 5250 a
2226 5197 2442 5253 Norisio
2472 5199 2508 5250 ι.
2541 5200 2600 5260 1.,
2630 5200 2670 5260 l,
2716 5214 2769 5266 p.
2811 5198 2865 5251 ll
2900 5214 3006 5265 sq..
3048 5206 3100 5249 et
3124 5194 3389 5249 Garuerio
3421 5194 3489 5245 ad

1936 5267 2078 5325 Mar.
2111 5266 2301 5330 Hera,
2337 5270 2375 5332 Ι,
2400 5285 2449 5334 p.
2485 5269 2585 5322 150
2602 5284 2709 5337 sq.,
2745 5268 2885 5321 Diss.
2915 5268 2980 5319 de
3000 5267 3411 5337 primisauctor.
3439 5273 3490 5317 et

1935 5340 2133 5406 deferas.
2177 5338 2305 5391 liter.
2356 5338 2559 5407 Pelag.,
2586 5333 2721 5395 6.3.
2766 5338 3122 5404 disputatum.
3168 5333 3490 5407 Numenium

1934 5403 2157 5476 Joseph.
2194 5407 2463 5462 Honorius
2487 5403 2816 5461 'Marzuttiui
2856 5403 2909 5459 in
2961 5407 3102 5476 Diss.
3150 5404 3212 5457 de
3260 5403 3488 5476 Iuranji

1938 5472 2116 5546 Ruﬁni
2134 5478 2305 5545 presb.
2340 5478 2513 5545 Aquit.
2547 5478 2651 5545 ﬁde
2667 5489 2714 5531 et
2740 5478 3007 5545 religione.
3033 5475 3219 5546 Patav.
3250 5475 3407 5538 1855,
3432 5472 3486 5537 8,

1938 5543 2193 5601 Βιιίίιιιιιιι
2231 5543 2462 5615 Aquilei.
2499 5543 2622 5601 cum
2671 5547 2809 5618 Syro
2842 5543 2989 5601 male
3035 5543 3324 5618 conﬂigunt
3364 5562 3491 5618 e§§9

1939 5619 2236 5671 contendit.
2273 5613 2332 5671 ν.
2363 5618 2649 5671 Biblioteca
2679 5613 2938 5682 ltaliana,
2981 5633 3035 5671 η.
3067 5613 3265 5678 CCXL,
3302 5630 3353 5684 p.
3385 5614 3491 5670 369

1926 5688 2373 5760 (Medio_l_.1855).

1996 5756 2070 5826 (It)
2115 5756 2308 5813 Thom.
2334 5754 2584 5827 ‘lttigium
2625 5757 2843 5811 dissert.
2878 5757 3165 5825 scripsisse
3185 5754 3255 5809 de
3285 5759 3489 5811 Aramo

1926 5829 2192 5896 scriptore
2270 5829 2465 5884 eccles.
2555 5828 3012 5898 anti-pelagiauo,
3092 5829 3488 5883 obscurissime
