3934 6538
523 422 595 477 67
1411 413 1710 471 OTTONIS
1751 413 1930 468 FRID.
1971 408 2357 466 FlilTZSClIE
2394 406 2897 468 COMIILNTATIO
3708 414 3767 469 us

524 531 614 597 IV,
646 547 697 600 p.
732 531 859 596 47);
895 529 1041 583 Dial.
1088 527 1183 582 ΙΙΙ
1228 531 1348 583 adv.
1404 528 1613 598 Pelag.,
1664 528 1812 589 init.,
1851 542 1901 595 p.
1956 524 2094 585 555;
2125 533 2170 585 Α
2201 524 2296 594 (cf.
2332 523 2464 581 Cav.
2493 524 2529 579 l.
2563 524 2810 590 l.,Basn.
2844 524 2883 578 l.
2915 523 2980 587 1.,
3006 520 3400 583 Neanderl.l.,
3430 523 3501 586 II,
3533 539 3589 591 p.
3624 525 3767 590 I560,

526 624 602 677 De
628 624 871 689 scriptor.
899 622 1051 683 eccl.,
1098 637 1144 675 s.
1175 637 1222 674 ν.
1257 620 1446 674 Jacob.
1506 619 1587 673 Cf.
1622 619 1832 672 Scliotl.
1864 616 2007 685 lsag.
2041 616 2095 667 in

527 715 685 765 libros
716 710 789 764 N.
817 711 904 773 T.,
941 728 994 780 p.
1029 710 1061 763 8
1096 728 1181 780 sq.
1209 727 1222 774 ;
1276 707 1533 764 CreJneri
1563 709 1802 776 Beitrdge
1831 720 1923 757 zur
1948 704 2091 761 Einl.

528 805 580 855 in
625 803 711 856 die
763 801 886 854 bibl.
923 800 1095 865 Schn,
1126 799 1166 865 I,
1200 817 1251 870 p.
1278 801 1382 854 588
1411 816 1494 869 sq.
1526 798 1672 851 Nova
1706 806 1881 850 autem
1909 796 2097 850 Iliero—

528 897 675 965 nymi
713 894 1008 947 bibliorum
1040 891 1331 945 translatio
1369 890 1606 943 inimicis
1638 889 1756 958 ejus
1785 887 1920 941 satis
1945 902 2099 941 com-

527 986 743 1038 modam
772 984 1123 1052 vituperandi
1155 983 1503 1036 occasionem
1534 980 1705 1034 dedit.
1745 977 1803 1030 γ.
1829 994 1881 1031 v.
1906 995 1953 1029 c.
1985 977 2098 1030 Bu-

528 1075 621 1128 fin.
664 1076 851 1127 invect.
886 1073 948 1135 ΙΙ,
981 1073 1120 1142 Opp.
1168 1071 1315 1124 Hier.
1354 1072 1440 1136 IV,
1482 1087 1536 1140 p.
1563 1071 1691 1124 441.
1736 1070 1887 1135 Quos
1929 1069 2099 1124 libros

530 1168 595 1220 de
625 1182 763 1219 nova
794 1166 986 1219 haeresi
1019 1167 1072 1217 in
1093 1165 1319 1233 patriam
1356 1164 1572 1217 misisse
1604 1163 1807 1216 dicitur
1838 1160 2101 1230 IIierony-

540 1275 690 1325 mus,
726 1260 861 1311 nulli
892 1258 978 1311 alii
1016 1274 1137 1312 esse
1168 1266 1398 1326 possunt
1434 1272 1596 1326 quam
1634 1265 1743 1309 tres
1776 1251 2103 1323 Dialogiad-

531 1367 711 1403 versus
743 1349 1060 1417 Pelagianos
1100 1346 1211 1419 (IV,
1242 1363 1295 1416 p.
1329 1347 1433 1400 485
1475 1347 1606 1416 sq.),
1641 1345 1828 1414 scripti
1874 1359 1923 1396 a.
1972 1342 2098 1396 415.

530 1441 862 1508 Intelligitur
892 1455 955 1493 ex
994 1440 1103 1492 illis
1130 1454 1249 1507 qua:
1274 1437 1501 1491 Photius
1525 1438 1731 1499 retulit,
1752 1434 2099 1489 Theodorum

531 1540 728 1586 contra
760 1529 1146 1585 Occidentales
1169 1530 1224 1582 in
1244 1529 1466 1584 Oriente
1489 1537 1771 1583 versantes
1788 1526 2098 1594 scripsisse,

532 1638 596 1675 ac
626 1637 796 1685 novze,
834 1637 996 1690 quam
1046 1629 1267 1691 putaret
1296 1622 1555 1685 haaresin,
1600 1630 1876 1674 auctorem
1911 1616 2100 1670 Hiero-

532 1729 778 1783 nymum,
812 1715 904 1783 qui
940 1711 1291 1769 Occidentem
1324 1714 1488 1768 etiam
1522 1712 1640 1766 viro
1670 1726 1770 1766 suo
1800 1710 2099 1770 infecisset,

532 1804 814 1859 habuisse.
855 1804 1083 1859 Photius
1125 1813 1305 1858 autem
1338 1804 1428 1859 ubi
1465 1804 1556 1857 illa
1594 1801 1891 1871 perhibuit,
1928 1800 2100 1853 hrere-

2198 615 2393 682 1'561);
2448 614 2577 683 quid
2608 614 2754 684 quod
2806 612 3109 667 Garnerius
3156 614 3484 681 conjectura
3526 613 3767 668 Theudo—

2197 722 2318 760 rum
2350 706 2622 759 mendacii
2660 706 2744 760 vel
2767 706 2925 759 mala:
2958 704 3191 767 fraudis,
3220 720 3324 774 qua
3370 704 3550 757 libros
3596 718 3771 761 contra

2198 798 2587 867 Ilieronymum
2655 797 2893 864 scriptos
2950 804 3075 866 post
3128 796 3450 850 immutatos
3519 797 3772 853 adversus

2200 891 2566 960 Augustinum
2620 888 2919 951 edidisset,
2972 887 3295 941 accusavit?
3348 887 3631 941 Garnerio
3686 891 3774 942 ali-

2200 994 2404 1052 quanto
2436 982 2628 1037 melius
2656 981 2905 1036 Norisius
2942 981 2978 1034 l.
3012 981 3073 1041 l.,
3110 981 3153 1041 I,
3188 996 3243 1050 p.
3294 980 3359 1034 88
3397 997 3487 1050 sq.
3526 1000 3540 1035 :
3574 1000 3592 1032 ‹
3630 979 3765 1035 Pela-

2201 1075 2345 1143 giani
2379 1089 2501 1127 cum
2537 1090 2593 1127 se
2628 1074 2695 1127 ab
2734 1072 3061 1143 Hieronymo
3095 1081 3148 1128 et
3176 1072 3490 1143 Augustino
3531 1074 3775 1127 adversa-

2202 1165 2300 1218 riis
2332 1165 2551 1233 scriptis
2586 1164 2823 1218 vellicari
2855 1166 3262 1234 cognovissent,
3290 1164 3572 1218 Theodori
3609 1164 3774 1235 Mops-

2202 1256 2410 1309 uesteni
2452 1257 2807 1325 patrocinium
2862 1256 3249 1325 implorarunt,
3296 1257 3360 1309 ad
3408 1272 3580 1325 quem
3622 1259 3773 1310 etiam

2203 1350 2518 1420 Hieronymi
2560 1350 2815 1419 Dialogos
2856 1366 3049 1405 recens
3085 1350 3303 1420 quidem
3334 1352 3654 1419 publicatos
3687 1353 3768 1405 de-

2202 1442 2393 1493 tulere.
2436 1438 2527 1493 Ille
2569 1441 2796 1494 scientia
2832 1441 3094 1504 tumidus,
3130 1457 3239 1510 quo
3274 1442 3429 1495 solus
3477 1456 3673 1510 sapere
3700 1443 3747 1493 vi

2202 1529 2439 1595 deretur,
2490 1532 2719 1584 aliorum
2773 1533 2991 1602 ingenia
3044 1534 3377 1602 despiciens,
3412 1549 3518 1588 sua
3574 1543 3772 1587 tantum

2202 1622 2498 1690 probabat:
2536 1638 2704 1691 quare
2735 1632 2925 1676 contra
2955 1634 3064 1679 tres
3090 1624 3402 1694 llieronymi
3441 1626 3621 1678 libros
3650 1628 3775 1680 satis

2200 1714 2407 1782 justum
2452 1713 2699 1768 volumen
2750 1716 2803 1767 in
2840 1716 3081 1783 quinque
3126 1715 3294 1769 libros
3328 1716 3610 1785 digestum
3663 1731 3774 1785 pro-

2204 1796 2373 1849 cudit.
2420 1815 2438 1847 ι
2475 1797 2533 1851 P.
2571 1797 2659 1851 88.
2704 1797 2847 1851 Idem
2889 1813 2941 1850 v.
2975 1796 3030 1849 d.
3083 1798 3373 1867 Augustini
3417 1800 3588 1851 etiam
3621 1800 3774 1853 libros

532 1895 610 1948 sis
635 1895 784 1947 illius
814 1894 1123 1948 doctrinam
1152 1894 1499 1949 Theodorum
1534 1861 1758 1949 secutus
1794 1893 1881 1946 his
1917 1892 2104 1960 paucis
2134 1861 2175 1914 Β
2208 1884 2283 1939 De
2314 1896 2511 1952 peccat.
2537 1888 2708 1939 merit.
2732 1896 2781 1940 et
2809 1889 3037 1951 remissa
3068 1895 3120 1942 el
3150 1903 3233 1957 ep.
3260 1888 3348 1951 89,
3378 1889 3453 1940 ad
3484 1888 3772 1948 Hilarium.

531 1984 852 2053 complexus
888 1995 971 2040 est
996 2005 1009 2039 :
1044 1986 1095 2055 1)
1132 1985 1381 2040 homines
1402 1984 1560 2053 φύσει
1586 1985 1849 2055 πρότερον
1872 1982 2105 2049 ἀγαθοὺς

534 2079 592 2129 ὲν
626 2080 691 2146 τῇ
730 2074 909 2144 φύσει,
960 2084 1216 2145 corrupta
1273 2076 1384 2145 jam
1442 2083 1497 2129 et
1537 2074 1754 2128 mortali
1814 2072 1955 2126 facta
2012 2088 2107 2140 per

538 2167 731 2220 Adami
769 2175 1078 2236 peccatum,
1111 2166 1204 2219 καὶ
1235 2168 1335 2219 οὐκ
1374 2168 1431 2218 ὲν
1460 2169 1525 2235 τῇ
1554 2165 1866 2236 προαιρέσει
1912 2166 2109 2235 κεκτῆ-

538 2257 663 2311 σθαι
689 2259 790 2327 τὴν
819 2258 1117 2327 ἁμαρτίαν.
1158 2257 1213 2327 2)
1251 2256 1326 2311 Ne
1356 2272 1548 2311 recens
1586 2265 1744 2312 natos
1774 2256 1989 2324 quidem
2026 2257 2110 2309 in-

538 2348 719 2402 fantes
759 2363 788 2400 a
818 2358 1040 2417 peccato
1081 2348 1284 2403 liberos
1318 2362 1463 2409 esse,
1493 2361 1615 2399 cum
1649 2346 1719 2399 ob
1752 2346 1946 2399 Adami
1984 2360 2111 2415 pec-

536 2446 718 2491 catum
742 2446 938 2491 natura
966 2436 1269 2507 ἁμαρτωλή
1306 2436 1451 2489 facta
1477 2437 1543 2490 ad
1569 2452 1762 2491 omnes
1792 2437 1911 2506 ejus
1936 2445 2112 2506 poste-

536 2543 628 2581 ros
663 2538 1007 2597 propagetur.
1063 2526 1146 2581 Cf.
1188 2542 1272 2596 ps.
1310 2542 1362 2591 ι,
1396 2526 1448 2591 7,
1494 2528 1589 2580 al..
1644 2526 1927 2596 Baptism,
1965 2542 2105 2581 cogn.

538 2614 675 2672 saer'.
708 2656 722 2681 ,
779 2618 924 2686 quod
996 2626 1291 2685 utrumque
1345 2624 1744 2671 sacramentum
1812 2616 2112 2668 infantibus

537 2710 864 2778 praabeatur.
903 2710 957 2776 5)
990 2706 1209 2760 Nullum
1264 2708 1537 2763 hominem
1597 2708 1807 2776 justum
1848 2721 1993 2759 esse.
2024 2703 2109 2758 Cf.

537 2815 623 2869 ps.
664 2815 832 2861 exul,
862 2802 916 2861 Ξ.
958 2800 1028 2853 al.
1061 2800 1115 2869 4)
1161 2798 1238 2855 Ne
1271 2799 1551 2854 Christum
1589 2800 1807 2869 quidem
1844 2808 2112 2869 quatenus

538 2900 790 2945 naturam
824 2892 1189 2962 peccatricem
1231 2892 1644 2960 assumpsisset,
1676 2892 1880 2961 peccati
1917 2892 2113 2943 immu—

538 2997 661 3035 nem
692 2997 835 3043 esse,
891 2996 1204 3051 quanquam
1238 2982 1286 3036 ei
1334 2982 1463 3036 alibi
1497 2984 1735 3052 σχήματι
1765 2982 1908 3052 μόνῳ
1935 2981 2114 3034 incar-

537 3074 818 3127 nationem
855 3075 1204 3131 tribuissent.
1239 3073 1291 3141 5)
1348 3072 1776 3140 Matrimonium,
1829 3075 1912 3127 vel
1966 3083 2113 3127 certe

2207 1976 2551 2031 Theodorum
2579 1980 2929 2048 impugnasse
2953 1987 3130 2047 putat.
3167 1998 3184 2030 ι
3222 1979 3622 2050 I'Iieronymum
3640 1980 3771 2033 enim

2209 2071 2263 2123 in
2308 2069 2411 2123 fine
2447 2070 2794 2140 Dialogorum
2828 2086 3000 2140 pauca
3037 2076 3271 2125 tantum
3304 2073 3477 2125 verba
3522 2086 3623 2139 pro
3671 2086 3777 2139 pec-

2208 2170 2333 2216 cato
2374 2162 2625 2230 originali
2672 2164 2970 2217 astruendo
3001 2163 3220 2227 habere,
3256 2163 3487 2215 laudare
3534 2178 3660 2215 vero
3688 2177 3774 2230 pro

2208 2268 2271 2307 ea
2305 2270 2363 2307 re
2408 2268 2635 2323 operosa
2669 2253 2961 2321 Augustini
2993 2252 3273 2305 volumina
3312 2250 3388 2304 De
3439 2267 3584 2319 pecc.
3619 2266 3687 2304 m.
3732 2258 3773 2302 et

2210 2362 2362 2405 rem.,
2408 2346 2461 2396 in
2516 2343 2701 2397 Asiam
2735 2343 2801 2396 ad
2851 2358 2909 2397 se
2950 2343 3163 2407 delata;
3219 2341 3577 2397 Theodorum
3609 2350 3771 2394 autem

2211 2452 2333 2491 cum
2371 2435 2484 2487 haec
2526 2432 2917 2502 legisset,haud
2953 2433 3121 2487 dubie
3154 2432 3622 2504 illagquzesivisse,
3653 2446 3776 2501 pra:-

2212 2527 2396 2581 sertim
2437 2541 2559 2580 cum
2601 2542 2667 2580 ex
2706 2524 2882 2578 Photii
2928 2527 3201 2595 excerptis
3246 2533 3490 2588 constet,
3544 2539 3666 2580 eum
3718 2536 3772 2574 ea

2212 2619 2586 2688 impugnasse,
2620 2633 2741 2687 qua:
2772 2618 2913 2688 apud
2940 2619 3305 2688 Augustinum
3333 2628 3553 2670 tantum
3591 2616 3655 2668 de
3677 2614 3777 2667 ori-

2213 2711 2351 2781 ginis
2391 2717 2545 2764 reatu
2586 2710 2860 2778 explicata
2906 2709 3180 2778 legantur.
3214 2706 3473 2762 Profecto
3512 2705 3773 2773 Pelagium

2213 2805 2440 2872 ejusque
2463 2800 2769 2869 discipulos
2798 2800 3015 2853 laudata
3046 2799 3337 2869 Augustini
3370 2799 3649 2851 volumina
3680 2808 3773 2846 una

2213 2912 2335 2950 cum
2377 2895 2605 2964 epistola
2647 2894 2712 2947 ad
2746 2892 3036 2953 Hilarium,
3076 2894 3129 2944 in
3164 2891 3375 2961 synodo
3413 2888 3772 2957 Diospolitana

2216 2991 2372 3050 lecta,
2397 2988 2460 3041 ad
2491 3002 2689 3040 novum
2736 2995 2899 3039 secta:
2927 2994 3217 3054 patronum
3256 2983 3505 3037 misisse,
3546 3001 3565 3033 ι
3607 2980 3662 3032 Ρ.
3695 2978 3769 3032 99.

2217 3080 2458 3147 Denique
2487 3078 2609 3133 illos
2659 3076 2934 3130 Theodori
2977 3076 3148 3130 libros
3184 3091 3330 3128 anno
3361 3073 3480 3128 fere
3524 3072 3627 3127 416
3659 3084 3775 3122 cen-

539 3166 719 3218 coitus
753 3164 1108 3233 cupiditatem
1146 3171 1200 3216 et
1230 3164 1457 3218 seminis
1507 3164 1856 3218 emissionem
1903 3166 2110 3216 omnia-
2140 3190 2181 3247 ο
2218 3173 2451 3238 scriptos
2479 3185 2602 3225 esse
2632 3169 2914 3224 existima;
2957 3175 3178 3237 propter
3208 3166 3387 3219 Phom
3420 3166 3590 3219 verba
3616 3156 3777 3209 -).6-

541 3270 648 3323 que
686 3254 1019 3321 hujusmodi,
1052 3253 1253 3322 quibus
1275 3269 1447 3322 genus
1475 3264 1724 3307 nostrum
1755 3262 2104 3322 propagetur,

540 3352 818 3412 corruptae
838 3352 1046 3396 natura:
1067 3358 1210 3396 esse.
1226 3340 1521 3411 Postquam
1547 3341 1742 3396 deinde
1763 3340 2109 3396 Theodorum

541 3437 751 3502 optime
795 3433 1067 3486 interdum
1106 3432 1376 3501 praecipue
1409 3431 1647 3502 legitima
1687 3431 1808 3486 Scr.
1855 3431 1912 3484 S.
1946 3434 2108 3486 inter-

544 3528 860 3596 pretatione
888 3525 1003 3578 hzec
1028 3524 1323 3584 refutasse,
1360 3523 1469 3577 sed.
1489 3524 1544 3576 in
1572 3522 1810 3576 Nestorii
1841 3530 1893 3576 et
1923 3522 2113 3594 Orige-

544 3619 631 3671 nis
662 3631 877 3670 errores
924 3615 1182 3668 incidisse
1212 3614 1545 3678 observavit,
1587 3613 1657 3667 de
1715 3615 1799 3667 his
1831 3615 2115 3669 sententiis

544 3704 879 3758 Theodoreis
928 3703 1200 3756 disserit:
1263 3704 1333 3757 ab
1378 3704 1534 3757 initio
1588 3704 1804 3771 quidem
1851 3703 2115 3757 Adamum

544 3798 832 3849 mortalem
868 3795 1070 3848 factum
1104 3807 1247 3858 esse,
1282 3795 1376 3850 sed
1408 3803 1469 3848 ut
1504 3805 1783 3865 peccatum
1810 3795 2118 3849 odissemus

546 3887 716 3940 Deum
769 3888 1085 3949 simulasse,
1122 3886 1280 3956 quasi
1336 3895 1561 3957 propter
1612 3896 1896 3956 peccatum
1947 3901 2119 3955 poenae

546 3978 666 4031 loco
698 3992 848 4030 mors
880 3976 1137 4046 imposita
1173 3985 1319 4031 esset
1350 3997 1363 4031 :
1414 3977 1685 4046 duplicem
1716 3994 1838 4033 esse
1870 3990 2121 4047 peccato-

545 4085 665 4122 rum
692 4069 1092 4123 remissionem.
1126 4067 1371 4138 Denique
1398 4069 1671 4125 Theodori
1708 4085 1879 4140 genus
1900 4069 2118 4123 dicendi

546 4172 691 4218 recte
724 4162 1037 4230 descripsit.

618 4273 687 4323 At
720 4286 850 4324 vero
874 4269 1074 4323 Photio
1106 4284 1215 4323 non
1257 4285 1485 4338 prorsus
1511 4271 1769 4323 convenit
1792 4285 1914 4324 cum
1952 4271 2121 4327 Mario

548 4362 874 4424 Mercatore,
918 4362 1010 4431 qui
1043 4382 1062 4413 ‹
1106 4361 1381 4415 Theodori
1418 4362 1485 4415 de
1509 4362 1751 4415 secundo
1776 4365 1962 4417 codice
1994 4365 2118 4418 libr.

550 4470 605 4508 tv
671 4465 724 4509 et
751 4469 813 4507 III
842 4461 1038 4509 contra
1071 4470 1121 4509 s.
1152 4453 1519 4523 Augustinum
1550 4454 1928 4510 defendentem
1958 4459 2124 4529 origi-

548 4546 676 4600 nale
706 4553 996 4615 peccatum
1020 4551 1075 4599 et
1106 4544 1279 4599 Adam
1318 4560 1414 4614 per
1451 4547 1947 4614 transgressionem
1985 4564 2124 4603 mor-
2154 4523 2197 4576 D

547 4636 713 4690 talem
776 4635 981 4689 factum
1051 4637 1324 4691 catholice
1390 4637 1793 4705 disserentem,
1832 4661 1851 4693 ο
1887 4651 2123 4712 quatuor

551 4725 853 4794 fragmenta
880 4724 1070 4780 Latine
1101 4728 1267 4779 vertit
1299 4728 1333 4779 Ι.
1372 4745 1447 4789 c.,
1487 4744 1541 4797 p.
1581 4729 1681 4783 702
1726 4748 1808 4800 sq.
1846 4733 2126 4803 (leguntur

550 4816 714 4870 etiam
752 4817 806 4869 in
834 4814 1017 4871 Noris.
1050 4817 1087 4869 l.
1137 4818 1199 4879 1.,
1234 4817 1274 4881 I,
1313 4834 1363 4888 p.
1414 4819 1483 4873 95
1512 4819 1643 4889 sq.).
1681 4820 1881 4878 Tribus
1928 4826 2125 4893 priori-

550 4907 655 4961 bus
705 4906 1027 4978 fragmentis
1072 4909 1232 4963 docet
1285 4911 1629 4979 Theodorus,
1667 4914 1886 4970 biblicis
1941 4917 2128 4986 impri-

552 4996 660 5050 mis
702 4996 884 5051 nitens
925 4999 1285 5067 argumentis,
1320 5000 1587 5054 Adamum
1639 5006 1921 5059 mortalem
1969 5021 2125 5060 crea-

552 5095 668 5141 tum
727 5088 1051 5157 nullumque
1091 5104 1215 5143 esse
1267 5097 1554 5158 peccatum
1604 5093 1899 5162 originale;
1938 5096 2130 5149 ultimo

552 5193 686 5232 vero
733 5188 936 5231 aeterna
985 5187 1113 5247 post
1167 5182 1628 5235 resurrectionem
1682 5184 1950 5251 supplicia
2008 5201 2130 5239 esse

558 5278 736 5338 negat.

629 5360 687 5412 In
737 5359 838 5414 hac
873 5357 1053 5412 Pholii
1101 5366 1155 5413 et
1211 5359 1371 5414 Marii
1417 5360 1737 5415 Mercatoris
1787 5362 2131 5416 dissensione

556 5451 873 5520 disputatur
920 5467 949 5505 a
1001 5452 1138 5506 viris
1189 5453 1387 5517 doctis,
1436 5465 1616 5505 utrum
1644 5464 1832 5505 contra
1871 5453 2131 5523 Hierony-

561 5557 710 5598 mum
739 5559 807 5596 an
852 5551 1042 5597 contra
1087 5543 1453 5612 Augustinum
1498 5543 1818 5599 Theodorus
1848 5546 2131 5613 scripserit

561 5741 852 5817 pariterac
883 5743 1255 5817 celeberrimo,
1290 5759 1409 5817 quae
1433 5743 1747 5817 inheptaale
1774 5745 2015 5817 dissertt.
2036 5763 2128 5817 ap-

561 5812 773 5880 pendici
799 5812 1021 5882 dissert.
1057 5811 1132 5864 De
1162 5811 1529 5867 ha’resiarchis
1566 5815 1660 5866 αἰεὶ
1684 5816 1961 5882 apostolici
1998 5811 2125 5871 sub-

560 5884 765 5954 juncta,
788 5899 839 5950 p.
862 5880 963 5937 466
986 5898 1065 5950 sq.
1094 5883 1323 5953 legatur,
1348 5891 1541 5937 auctor
1570 5884 1700 5938 mihi
1719 5880 1817 5939 Vest
1840 5886 1903 5954 J.
1924 5886 2117 5943 Franc.

2212 3281 2339 3331 γους
2373 3261 2513 3331 ὑπὲρ
2555 3260 2654 3329 τῆς
2698 3258 3175 3329 καινοποιηθείσης
3216 3256 3363 3326 αὑτῷ
3392 3256 3657 3326 αἱρέσεως
3684 3277 3774 3309 ·’““9

2212 3361 2265 3407 et
2288 3353 2407 3405 ideo
2442 3351 2568 3420 quia
2601 3349 2804 3403 Zosimi
2831 3348 3031 3401 litteris
3062 3343 3375 3416 encyclicis,
3415 3359 3513 3396 an.
3561 3339 3659 3394 418
3686 3351 3775 3406 pu-

2219 3444 2453 3504 blicatis,
2477 3452 2551 3503 et,
2585 3440 2756 3495 Mario
2784 3438 2948 3493 Merc.
2980 3445 3141 3499 teste,
3176 3436 3241 3490 ad
3271 3434 3583 3489 Orientales
3606 3427 3778 3482 Eccle-

2220 3537 2331 3589 sias
2371 3535 2551 3588 missis
2589 3548 2651 3587 ac
2685 3548 2780 3601 per
2825 3540 2999 3585 totum
3035 3530 3223 3583 orbem
3278 3521 3776 3597 subscriptionibus

2220 3628 2319 3681 SS.
2352 3627 2571 3681 Patrum
2609 3623 2903 3685 roboratis,
2924 3620 3243 3675 Theodorus
3273 3619 3361 3673 vix
3384 3632 3558 3672 ausus
3591 3613 3770 3667 fuisset

2218 3728 2407 3773 contra
2443 3716 2805 3770 orthodoxam
2839 3713 3165 3768 sententiam
3193 3718 3302 3763 tam
3328 3710 3502 3763 multa
3531 3704 3772 3762 scribere-

2219 3811 2566 3865 Theodorum
2596 3807 2911 3862 leestium
2940 3814 3135 3858 contra
3172 3801 3573 3869 Hieronymum
3605 3794 3771 3850 defen-

2220 3905 2366 3958 disse
2396 3902 2561 3955 verbo
2592 3898 2802 3953 monuit
2836 3893 3476 3967 Baumgarten-Crusius,
3525 3882 3776 3944 Lehrbuch

2220 3992 2311 4046 der
2339 3992 2541 4044 chrisll.
2584 3988 3011 4061 Dogmengesch.,
3045 4004 3099 4057 p.
3136 3985 3259 4039 525.
3293 3984 3389 4038 Vir
3417 3984 3580 4053 plane
3610 3980 3780 4046 singu-

2222 4085 2357 4139 laris
2388 4084 2554 4138 latius
2582 4083 2775 4137 vellem
2809 4095 2963 4135 suam
2994 4077 3321 4135 sententiam
3355 4074 3714 4143 exposuisset.

2293 4196 2364 4251 Ut
2402 4197 2512 4265 jam
2554 4194 2683 4265 quid
2731 4193 2862 4247 mihi
2896 4192 3149 4247 videatur
3198 4191 3396 4253 dicam,
3440 4186 3776 4242 Theodorum

2222 4291 2384 4359 paulo
2417 4296 2541 4357 post
2585 4297 2833 4341 exortam
2877 4287 3028 4339 litem
3078 4284 3423 4354 Pelagianam
3472 4284 3639 4336 libros
3668 4276 3777 4328 illos

2224 4381 2553 4443 confecisse,
2602 4379 2697 4433 sed
2728 4393 2904 4447 neque
2947 4376 3260 4448 Hieronymi
3294 4390 3467 4444 neque
3500 4364 3776 4441 Augustini

2226 4475 2427 4541 scripta
2470 4472 2669 4540 legisse
2704 4470 2931 4525 allirmo.
2978 4468 3112 4522 Illud
3161 4466 3475 4535 Hieronymi
3532 4456 3776 4518 memoria

2224 4565 2589 4617 indubitatum
2635 4562 2907 4623 redditur,
2953 4560 3057 4614 hoc
3098 4573 3227 4612 vero
3253 4572 3375 4612 cum
3419 4555 3547 4609 inde
3587 4552 3775 4621 pateat.

2223 4657 2368 4725 quod
2406 4654 2729 4709 Theodorus
2782 4653 2977 4707 Latine
3022 4651 3275 4710 nescivit,
3310 4655 3426 4701 tum
3463 4663 3529 4700 eo
3578 4646 3775 4697 certum

2225 4753 2328 4809 est,
2360 4745 2503 4814 quod
2541 4759 2716 4813 neque
2745 4744 2799 4797 in
2832 4740 3153 4812 fragmentis
3185 4755 3361 4809 neque
3392 4739 3445 4792 in
3476 4738 3542 4790 iis
3578 4746 3692 4803 qua:
3720 4726 3779 4780 dc

2225 4835 2382 4888 libris
2422 4834 2531 4888 illis
2586 4831 2901 4900 accepimus
2954 4829 3121 4899 hujus
3171 4829 3249 4883 rei
3291 4829 3457 4880 ullum
3511 4819 3777 4889 vestigium

2228 4934 2333 4980 est.
2369 4923 2691 4992 Quanquam
2728 4921 3093 4990 Hieronymus
3144 4918 3381 4988 Dialogis
3413 4916 3530 4971 suis
3564 4918 3783 4967 tantum-

2227 5015 2390 5070 modo
2422 5015 2659 5082 negavit,
2694 5028 2857 5083 posse
2904 5012 3180 5065 hominem
3210 5012 3255 5065 si
3283 5011 3447 5064 vellet
3496 5010 3612 5062 sine
3666 5013 3780 5071 pec-

2228 5118 2353 5162 cato
2375 5122 2497 5161 esse
2528 5114 2582 5160 et
2613 5104 2797 5159 facilia
2843 5119 2968 5158 esse
2991 5102 3085 5157 Dei
3114 5110 3406 5172 praecepta.
3426 5101 3538 5152 Imo
3570 5097 3610 5150 si
3631 5101 3778 5162 quam

2228 5198 2494 5252 rationem
2535 5193 2860 5249 Theodorus
2915 5195 2971 5246 in
3024 5192 3355 5260 disputando
3424 5200 3643 5244 secutus
3697 5179 3781 5239 sil.

2230 5289 2399 5357 probe
2428 5286 2768 5349 memineris,
2800 5283 3053 5337 dubitare
3084 5297 3192 5335 non
3226 5281 3345 5333 licet
3381 5280 3509 5348 quin
3530 5263 3780 5357 Pelagiani

2239 5356 2420 5434 slatim
2450 5388 2574 5448 post
2597 5377 2866 5447 synodum
2892 5374 3134 5443 Diospoli
3156 5389 3341 5426 mense
3369 5370 3644 5424 Decembr.
3667 5356 3782 5415 anni

2236 5469 2340 5521 415
2388 5468 2631 5521 habitam
2666 5482 2786 5535 quae
2816 5466 2965 5519 litem
3018 5465 3165 5517 illam
3222 5464 3561 5516 continerent
3605 5456 3652 5510 ei
3701 5460 3780 5519 ρετ

2238 5562 2445 5615 litteras
2480 5560 2555 5632 (a)
2587 5560 3033 5631 signiﬁcaverim,
3062 5558 3127 5611 iis
3167 5557 3392 5625 adjectis
3448 5571 3568 5625 qua:
3598 5554 3649 5606 in
3700 5544 3779 5598 illa

2235 5748 2490 5823 Bnddeus
2522 5750 2659 5820 Isag.
2692 5754 2742 5804 in
2775 5752 2929 5804 theol.
2965 5754 3215 5809 univers.
3259 5770 3310 5819 p.
3342 5755 3463 5806 959..
3530 5822 3549 5823 ί
3609 5818 3621 5823 _
3710 5812 3718 5823 .

2310 5819 2567 5891 (a)iFieri
2612 5818 2793 5891 “potuit
2838 5832 2893 5873 ut
2943 5824 3036 5876 illo
3088 5818 3328 5891 tempore
3361 5840 3473 5890 ipse
3515 5818 3782 5876 leesuus

2230 5889 2578 5944 Theodorum
2615 5889 2819 5951 adiret:
2856 5893 2985 5946 nihil
3019 5889 3449 5952 tamenaliirmo.
