3994 6512
242 364 310 418 09
1030 366 1118 421 DE
1158 364 1507 423 THEODOBI
1550 364 2033 437 MOPSUESTENI
2073 367 2236 422 VITA
2278 370 2362 425 ET
2405 368 2744 425 SCRIPTIS.
3415 372 3483 428 70

241 482 451 555 synodo
482 494 607 537 aeta
639 492 794 538 erant
821 483 894 553 (ν.
922 492 1040 538 acta
1066 500 1131 539 ex
1160 485 1470 555 Augustino
1502 485 1733 539 collecta
1762 485 1815 539 in
1847 492 1891 546 A
1921 487 2017 541 sed
2056 490 2438 545 tantummodo
2476 491 2646 554 taciti,
2684 489 2774 559 qui
2815 488 2926 544 div.
2958 487 3362 559 Scripturarum
3390 492 3481 547 hac

242 578 509 630 llarduin.
547 577 582 629 l.
616 577 679 639 l.,
713 577 753 635 l.
797 594 851 646 p.
879 577 1020 631 2009
1051 593 1161 648 sq.,
1202 577 1405 639 Fuchs,
1434 576 1686 630 Biblioth.
1722 577 1815 630 der

241 665 637 731 Kirchenvers.,
692 669 778 732 lll,
835 684 887 737 p.
934 669 1038 722 528
1088 668 1221 739 sq.),
1265 668 1587 723 Theodorus
1633 676 1813 721 autem

241 775 403 813 suum
424 760 691 828 putaverit
708 761 870 830 impia
888 762 1271 814 nonnullorum
1293 762 1361 816 de
1375 763 1607 815 humana
1624 771 1813 814 natura

241 848 464 902 decreta
513 851 808 904 scribendo
849 851 1077 906 diluere.
1126 852 1251 906 Haec
1293 853 1585 915 sententia,
1635 868 1728 921 per
1759 868 1817 904 se

244 941 570 1008 probabilis,
600 941 686 995 his
738 942 970 996 maxime
1003 944 1197 997 nititur
1240 943 1577 1013 argumentis
1615 962 1627 996 :
1668 942 1818 996 Pela-

243 1027 393 1094 gium
426 1026 494 1080 de
525 1028 665 1083 actis
704 1028 853 1083 illius
879 1031 1076 1098 synodi
1112 1035 1470 1101 excerpsisse,
1495 1048 1614 1101 qua:
1640 1032 1817 1084 divul-

242 1126 529 1188 garentur,
565 1128 773 1174 certum
803 1130 886 1174 est
915 1120 1009 1190 (cf.
1042 1122 1271 1191 August.
1303 1122 1379 1177 De
1402 1124 1559 1193 gestis
1592 1123 1813 1191 Pelagii,

244 1224 295 1263 c.
328 1209 457 1273 5?);
487 1225 606 1264 eam
638 1209 961 1265 Theodorus
996 1213 1353 1282 quaestionum
1394 1225 1505 1267 tum
1545 1222 1814 1268 motarmn

246 1302 617 1370 cognitionem
660 1302 867 1362 habuit,
902 1319 1062 1372 quam
1093 1304 1311 1359 nonnisi
1343 1320 1409 1358 ex
1444 1305 1656 1366 litteris,
1699 1321 1819 1373 qute

247 1394 489 1447 breviter
509 1408 601 1448 eas
625 1405 965 1457 enarrarent,
990 1396 1234 1451 hauserit
1262 1416 1273 1449 :
1303 1397 1665 1459 contumeliae,
1698 1399 1819 1467 qui-

244 1484 350 1537 bus
390 1484 782 1555 Hieronymum
828 1486 1008 1538 affecit
1058 1486 1377 1541 Theodorus
1425 1504 1491 1541 ex
1542 1489 1646 1542 hoc
1697 1490 1817 1543 solo

245 1574 399 1628 fonte
440 1577 805 1629 manaverint.
842 1576 995 1641 Quod
1027 1592 1155 1630 vero
1188 1578 1425 1645 pessime
1455 1593 1586 1632 sane
1622 1578 1815 1633 Hiero-

242 1678 444 1733 nymus
473 1665 621 1718 illius
650 1664 873 1719 haeresis
906 1664 1171 1735 ἀρχηγός,
1211 1665 1320 1719 imo
1352 1674 1563 1727 auctor,
1595 1667 1687 1735 qui
1720 1680 1815 1719 sua

240 1755 366 1809 labe
416 1753 796 1810 Occidentales
838 1756 1001 1809 etiam
1057 1754 1332 1809 Ecclesias
1364 1757 1813 1817 contaminasset,

242 1850 571 1918 appellatur,
634 1864 703 1902 ne
742 1848 846 1902 hoc
886 1848 1105 1917 quidem
1156 1849 1314 1917 quale
1368 1851 1440 1902 sit
1496 1850 1811 1903 obscurmn.
1848 1842 1887 1895 B

241 1939 522 2009 Pelagiani
572 1940 737 2003 enim,
768 1939 861 2008 qui
910 1940 976 1993 ad
1017 1938 1359 1994 Theodorum
1412 1940 1619 1995 litteras
1655 1939 1818 1993 dede-

236 2036 367 2079 runt
419 2036 473 2081 et
516 2043 745 2096 quorum
772 2026 923 2109 furor
950 2036 1062 2080 tum
1099 2028 1153 2081 in
1193 2028 1577 2098 Hieronymum
1614 2030 1667 2081 in
1692 2029 1818 2097 pri—

236 2120 346 2171 mis
380 2134 683 2173 conversus
711 2127 851 2177 erat.
887 2134 975 2173 res
1020 2127 1180 2173 antea
1215 2121 1266 2173 in
1301 2121 1594 2175 Occidente
1634 2129 1817 2190 gestas

233 2227 402 2278 quam
435 2210 551 2264 fieri
589 2220 775 2279 posset
816 2214 1051 2266 maxime
1089 2213 1350 2266 oblivioni
1383 2212 1598 2267 tradere
1632 2212 1819 2267 stude-

232 2302 391 2365 bant,
426 2318 495 2357 ne
517 2301 835 2357 Occidentis
868 2306 1169 2359 auctoritas
1200 2304 1408 2359 Orienti
1442 2305 1617 2358 fraudi
1650 2312 1813 2359 esset.

234 2393 511 2447 Carterum
547 2394 690 2447 haud
728 2395 1054 2465 importuna:
1098 2394 1331 2449 fortasse
1374 2393 1660 2448 Theodoro
1713 2394 1818 2447 illa:

236 2484 561 2555 Hieronymi
585 2487 929 2540 contumelia:
959 2494 1139 2549 erant,
1173 2486 1225 2539 in
1255 2486 1413 2553 cujus
1438 2486 1684 2538 notitiam
1709 2500 1816 2539 non

233 2586 351 2628 tum
390 2579 630 2647 primum
670 2578 895 2631 venerit.
934 2579 1091 2633 Certe
1121 2586 1204 2633 ter
1236 2576 1597 2647 Hieronymus
1624 2578 1816 2631 Antio-

234 2666 375 2719 Chl!!!
417 2667 736 2720 morabatur
768 2667 841 2736 (a.
885 2667 1010 2733 574,
1042 2668 1168 2729 578,
1210 2668 1293 2721 vel
1326 2667 1450 2729 379,
1498 2668 1647 2736 585),
1689 2675 1741 2720 et
1771 2668 1816 2721 si

234 2763 352 2806 tum
384 2753 677 2808 Theodoro
726 2755 983 2816 innotuit,
1018 2755 1139 2824 ejus
1170 2757 1353 2809 odium
1401 2771 1465 2809 eo
1500 2756 1643 2824 quod
1678 2754 1817 2807 Pau-

232 2844 334 2897 lini
368 2852 551 2913 partes
576 2845 1191 2914 sequebatur,incnrrit.
1220 2844 1353 2899 Post
1376 2861 1505 2901 vero
1526 2843 1815 2916 Origenem

231 2942 444 2989 temere
469 2934 697 2989 adortus
727 2945 831 2990 est.

306 3059 444 3123 Qure
490 3059 534 3113 si
574 3068 721 3113 recte
765 3062 1187 3131 disputavimus,
1217 3061 1567 3118 Theodorum
1600 3079 1648 3116 a.
1687 3063 1813 3123 516,

230 3160 329 3202 aut
358 3152 553 3203 saltem
582 3168 634 3204 a.
669 3152 795 3214 517,
848 3153 915 3205 de
964 3162 1192 3221 peccato
1222 3154 1475 3223 originali
1524 3154 1815 3223 scripsisse
1842 3171 1883 3227 ο

230 3240 594 3294 manifestum
630 3249 713 3295 est
748 3244 845 3310 (α).
879 3243 1055 3296 Aliter
1082 3258 1212 3297 vero
1242 3243 1553 3297 Tilleniont.
1588 3244 1621 3297 l.
1656 3244 1717 3307 l.,
1760 3259 1813 3313 p.

233 3332 366 3395 449,
402 3330 732 3386 Garnerium
770 3334 965 3401 partim
1004 3341 1228 3387 secutus
1261 3352 1274 3387 :
1312 3352 1329 3384 ι
1372 3332 1409 3385 ll
1447 3333 1494 3387 le
1537 3333 1816 3402 (ouvrage)

235 3422 295 3475 ﬁt
329 3422 495 3491 aprés
536 3423 615 3477 les
648 3423 756 3476 loix
792 3424 860 3476 de
902 3425 1007 3478 l'an
1042 3425 1147 3479 “8
1175 3433 1367 3479 contre
1415 3425 1494 3478 les
1532 3423 1820 3493 Pclagiens

233 3518 581 3583 (rescriptum
616 3515 861 3576 Honorii.
898 3517 1067 3585 pridie
1097 3515 1224 3569 Kal.
1260 3515 1435 3569 Maias
1468 3516 1571 3569 M8
1610 3520 1818 3577 datum,

230 3606 443 3675 legitur
486 3609 536 3660 in
561 3608 793 3677 August.
844 3606 979 3676 Opp.
1018 3606 1087 3668 Χ,
1140 3622 1289 3675 app.,
1328 3622 1379 3674 p.
1430 3605 1524 3668 70;
1578 3605 1819 3659 Salviani

231 3699 363 3768 Opp
392 3739 407 3761 ,
444 3698 653 3753 Brema:
690 3700 849 3763 1088,
899 3701 952 3762 4,
997 3715 1049 3768 p.
1084 3698 1187 3751 574
1220 3699 1352 3767 sq.),
1397 3697 1657 3766 puisqn’il
1705 3698 1823 3766 pré-

230 3791 460 3846 tendoit
502 3807 606 3860 que
642 3792 694 3844 la
723 3792 932 3845 crainte
970 3792 1037 3844 de
1072 3790 1119 3843 la
1159 3790 1451 3858 puissance
1480 3791 1820 3859 empeschoit

230 3884 303 3938 de
358 3882 543 3952 parler
572 3890 767 3937 contre
811 3898 899 3937 ses
940 3882 1322 3948 adversaires;
1364 3890 1415 3935 et
1452 3896 1516 3936 ce
1552 3881 1633 3934 fut
1666 3897 1819 3937 assez

227 3974 817 4031 vraisemblablement
843 3972 1000 4043 aprés
1028 3974 1132 4027 l'an
1162 3972 1290 4033 421,
1333 3973 1534 4026 durant
1566 3973 1613 4027 le
1643 3982 1819 4043 tetnps

231 4081 344 4132 que
386 4081 488 4120 son
517 4065 736 4120 diocese
768 4066 971 4119 servoit
1004 4066 1069 4119 de
1096 4065 1318 4119 retraite
1352 4065 1381 4117 ξι
1412 4064 1591 4119 Julien
1616 4074 1671 4119 et
1710 4082 1816 4122 aux

229 4170 428 4212 antres
462 4158 729 4225 évesques
767 4156 1075 4227 Pelagiens,
1109 4164 1163 4210 et
1216 4164 1521 4227 peut-estre
1546 4156 1575 4209 ὸ
1624 4155 1820 4228 Pelago

231 4263 471 4303 mesme.
506 4248 598 4316 qui
649 4247 814 4301 estoit
855 4248 1366 4315 particuliérement
1417 4250 1599 4306 animé
1631 4260 1821 4305 contre

232 4337 296 4390 S.
351 4336 570 4391 Jérome
604 4345 659 4389 et
688 4339 908 4406 ponvoit
939 4338 1060 4391 bien
1127 4340 1207 4408 s’y
1239 4350 1383 4393 estre
1427 4342 1611 4405 retiré,
1661 4340 1821 4410 aprés

230 4430 400 4484 avoir
425 4428 540 4482 esté
575 4428 768 4483 ehassé
795 4428 861 4482 de
898 4427 1216 4483 Ierusalem.
1267 4430 1388 4496 Quc
1416 4432 1460 4484 si
1493 4432 1541 4485 la
1578 4432 1821 4486 maniére

1918 576 2121 630 bebant
2166 580 2438 643 notitiam,
2490 580 2877 643 detrahebant,
2918 598 2935 631 υ
2994 580 3131 633 nihil
3177 581 3283 633 huc
3336 582 3481 639 facit.

1917 665 2103 736 Neque
2126 669 2270 722 enim
2298 670 2472 739 legum
2492 670 2834 739 publicarum
2856 670 3093 740 potentia
3115 670 3483 740 intelligenda,

1919 756 2015 810 sed
2043 757 2385 811 austeritatis
2423 758 2740 828 Hieronymi
2773 768 2936 828 atque
2974 759 3338 819 auctoritatis,
3378 775 3486 829 qua

1918 848 1972 900 in
2005 848 2254 901 homines
2289 850 2680 918 grassabatur;
2716 865 2770 903 v.
2803 850 2963 903 etiam
3022 850 3206 904 statim
3269 866 3422 919 seqq.
3461 868 3476 904 :

1935 968 1953 990 .
1992 938 2294 993 Novissime
2331 956 2461 993 vero
2494 940 2547 994 in
2580 940 2720 994 hanc
2750 939 3020 1009 dogmatis
3060 941 3255 995 recidit
3282 947 3489 995 novita-

1918 1038 2047 1092 tem,
2086 1044 2191 1098 qua
2221 1030 2516 1083 diceret—.
2551 1048 2569 1080 ι

1987 1133 2058 1185 At
2107 1150 2235 1186 vero
2269 1133 2509 1187 nondum
2550 1134 2616 1189 de
2659 1134 2837 1187 Mario
2884 1132 3183 1188 Mercatore
3221 1134 3483 1188 diximus.

1919 1222 2243 1290 Quanquam
2274 1223 2361 1277 hic
2390 1222 2630 1291 quidem,
2660 1223 2747 1275 eui
2782 1223 2929 1275 facili
2952 1238 3139 1277 errore
3165 1222 3488 1278 Theodorus

1918 1317 1985 1369 de
2040 1323 2262 1383 peccato
2313 1314 2564 1383 originali
2619 1314 2836 1367 nonnisi
2882 1321 3073 1367 contra
3125 1314 3488 1383 Augustinum

1918 1406 2200 1474 disputare
2246 1407 2493 1476 potuisse
2526 1406 2801 1460 videretur
2824 1446 2839 1469 ,
2873 1406 3073 1459 morari
3109 1420 3211 1459 nos
3247 1420 3353 1457 non
3391 1421 3489 1473 po-

1919 1507 2046 1554 test.
2082 1498 2186 1553 Sed
2216 1509 2484 1555 memorat
2506 1508 2686 1553 tamen
2716 1499 3038 1553 Theodorus
3068 1499 3489 1564 sapientissimos

1918 1592 2219 1659 defensores
2266 1593 2469 1660 peccati
2511 1592 2788 1661 originalis
2822 1593 2856 1645 l.
2891 1608 2939 1647 c.
2989 1591 3170 1645 Potuit
3200 1588 3266 1643 de
3298 1592 3489 1657 Augu-

1920 1685 2063 1737 stino
2092 1684 2337 1754 quaedam
2362 1686 2724 1753 comperisse;
2755 1685 2856 1737 hoc
2877 1683 3107 1745 afﬁrmo,
3132 1698 3253 1736 eum
3282 1682 3334 1734 in
3366 1680 3491 1732 Hie-

1921 1789 2209 1844 ronymum
2250 1773 2628 1842 potissimum,
2681 1779 2869 1841 utpote
2919 1770 3148 1825 haeresis
3193 1769 3342 1823 illius
3388 1766 3491 1819 du-

1918 1880 2059 1928 cem,
2088 1866 2194 1919 tela
2227 1881 2326 1919 sua
2357 1866 2677 1934 conjecisse.

1990 1954 2047 2008 Si
2082 1955 2403 2009 Theodorus
2432 1955 2663 2024 singulis
2691 1953 2935 2023 quinque
2969 1952 3124 2007 libris
3152 1951 3395 2021 quinque
3427 1951 3492 2004 il-

1919 2046 1999 2099 las
2030 2045 2473 2099 adversariorum
2512 2044 2837 2107 sententias,
2861 2059 2998 2112 quas
3020 2044 3203 2096 attulit
3234 2042 3488 2103 Photius,

1916 2135 2112 2197 diluit,
2146 2134 2223 2188 rei
2259 2144 2582 2205 argumento
2613 2134 2881 2187 adductus
2931 2134 3118 2187 eadem
3160 2132 3360 2201 saepius
3404 2147 3493 2186 re-

1917 2228 2094 2298 petiit.
2138 2226 2363 2280 Summa
2409 2226 2677 2295 quaestio,
2729 2241 2759 2279 a
2806 2240 2912 2293 qua
2962 2225 3173 2293 reliqua
3223 2237 3491 2291 suspensa

1918 2331 2093 2381 erant,
2112 2319 2167 2371 in
2183 2318 2393 2371 Adamo
2412 2316 2755 2382 versabatur,
2775 2332 2933 2385 quem
2955 2316 3232 2369 mortalem
3250 2323 3491 2369 creatum

1921 2411 2057 2463 nihil
2090 2410 2385 2478 importuni
2422 2410 2674 2462 humanae
2707 2417 2913 2461 naturae
2945 2407 3268 2475 importasse
3294 2406 3495 2458 docen-

1918 2499 2051 2553 dum
2092 2509 2231 2553 erat.
2268 2500 2621 2569 Argumentis
2661 2515 2794 2553 usus
2849 2506 2934 2551 est
2979 2498 3214 2551 maxime
3253 2496 3495 2564 exegeti-

1918 2592 2030 2656 cis;
2066 2594 2322 2646 titubavit
2357 2603 2535 2646 tamen
2571 2592 2693 2661 ejus
2722 2593 2755 2644 l.
2787 2592 2984 2645 Genes.
3018 2606 3076 2652 ll,
3109 2591 3193 2655 l7,
3228 2590 3493 2656 interpre-

1920 2684 2058 2737 tatio
2080 2693 2132 2737 et
2157 2700 2276 2737 eam
2303 2686 2629 2739 sententiam
2655 2683 2929 2753 procudit,
2954 2697 3076 2751 qua:
3104 2680 3261 2735 facile
3289 2681 3491 2733 multos

1918 2773 2237 2829 offenderet.
2274 2775 2426 2843 Aptae
2463 2782 2619 2827 erant
2652 2774 2719 2826 ab
2757 2774 2844 2826 illa
2881 2772 3183 2842 quaestione
3216 2770 3493 2825 nonnulla:

1918 2865 2060 2926 alia,
2102 2882 2153 2918 v.
2189 2880 2239 2917 c.
2288 2865 2355 2918 de
2389 2864 2646 2933 baptismi
2692 2865 2766 2927 vi,
2804 2867 2855 2917 in
2903 2878 3039 2932 quas
3076 2861 3311 2915 fortasse
3352 2876 3493 2913 non-

1918 2956 2046 3010 dum
2092 2956 2227 3010 satis
2257 2965 2508 3010 accurate
2548 2956 2889 3024 inquisierat.
2950 2955 3185 3007 Omnino
3226 2954 3348 3007 lites
3392 2951 3494 3005 Pe-

1919 3043 2148 3112 lagiana:
2176 3044 2295 3111 ejus
2327 3043 2632 3098 doctrinam
2666 3044 3090 3113 amplificarunt.
3134 3042 3358 3096 Summa
3391 3058 3493 3095 au-

1920 3140 2031 3187 tem
2076 3132 2371 3187 diversitas
2429 3130 2774 3186 Theodorum
2828 3135 2970 3187 inter
3018 3133 3334 3201 peccatique
3384 3132 3495 3183 ori-

1918 3225 2118 3295 ginalis
2174 3231 2479 3278 assertores
2533 3224 2863 3278 intercessit.
2921 3223 3015 3278 Ille
3078 3224 3369 3293 augustius
3425 3222 3494 3277 de

1919 3326 2115 3370 natura
2151 3317 2388 3369 humana
2424 3316 2626 3371 sentire
2659 3327 2871 3379 suetus,
2910 3315 3200 3386 exegeticis
3229 3323 3281 3368 et
3311 3315 3376 3367 iis
3407 3328 3495 3367 ar-

1920 3411 2195 3480 gumentis
2230 3426 2351 3480 qum
2394 3411 2576 3465 sobria
2618 3410 2759 3463 ratio
2800 3411 3205 3479 suppeditasset
3243 3425 3356 3464 rem
3396 3409 3495 3462 ab-

1922 3502 2119 3569 solvit;
2166 3503 2217 3556 hi
2252 3504 2494 3572 pectoris
2526 3503 2767 3557 motibus
2797 3502 2999 3555 conciti
3034 3510 3087 3556 et
3123 3502 3284 3554 rebus
3317 3500 3495 3555 ecele-

1921 3593 2160 3647 siasticis
2184 3592 2331 3647 ducti
2360 3593 2445 3646 via
2471 3608 2533 3647 ac
2557 3594 2770 3648 ratione
2795 3592 3117 3663 philosopha
3148 3592 3364 3646 decreta
3393 3606 3493 3646 sua

1922 3685 2197 3752 persecuti
2231 3692 2381 3738 sunt.

1990 3792 2202 3857 Restat,
2238 3802 2294 3845 ut
2339 3792 2405 3846 de
2446 3791 2752 3845 rationibus
2790 3790 2966 3845 dicam
3003 3791 3203 3862 quibus
3242 3790 3497 3846 Theodo-

1922 3901 2015 3939 rus
2040 3894 2159 3953 post
2185 3900 2307 3937 cum
2337 3883 2645 3953 Pelagianis
2667 3885 2895 3953 junctus
2922 3894 3060 3938 erat.
3094 3883 3285 3939 Plures
3308 3891 3491 3938 autem

1918 3978 2195 4047 Pelagiani
2228 3977 2381 4030 Italia
2426 3977 2590 4046 pulsi.
2632 3978 2755 4031 aliis
2790 3978 2924 4031 locis
2964 3976 3163 4045 pressi,
3199 3992 3248 4029 a.
3285 3977 3390 4029 422
3426 3976 3493 4030 ad

1920 4067 2265 4121 Theodorum
2294 4105 2309 4128 ,
2342 4082 2502 4135 quem
2540 4066 2644 4120 sibi
2686 4065 2869 4120 favere
2914 4066 3327 4134 cognovissent,
3369 4081 3499 4133 pro-

1922 4161 2043 4217 fecti
2078 4168 2221 4214 sunt.
2255 4159 2554 4218 lulianum,
2586 4174 2673 4228 ep.
2707 4158 3084 4221 Eelanensem,
3124 4176 3142 4207 ι
3177 4173 3299 4210 eum
3329 4157 3497 4211 sociis

1920 4264 1973 4307 et
1996 4251 2352 4321 participibus
2372 4261 2424 4304 et
2448 4248 2908 4320 συνταλαιπώροις
2932 4250 3047 4304 suis
3066 4265 3261 4318 magno
3282 4249 3403 4303 nisu
3430 4250 3495 4303 ad

1920 4358 2042 4397 eum
2074 4349 2334 4405 tanquam
2370 4341 2436 4391 ad
2470 4340 2911 4393 Christianorum
2945 4338 3259 4409 dogmatum
3298 4340 3496 4408 praedi-

1922 4442 2105 4487 catum
2154 4432 2476 4502 magistrum
2512 4432 2809 4485 tetendisse
2839 4431 2911 4503 (b)
2956 4452 2974 4483 ι
3020 4430 3221 4485 Marius
3259 4430 3424 4493 Mere,
3456 4430 3498 4494 l,

228 4515 629 4575 dontPhotius
646 4532 897 4590 rapporte
930 4521 1063 4590 qu‘il
1106 4537 1137 4591 y
1174 4523 1369 4590 parloit
1403 4523 1469 4576 de
1504 4523 1561 4576 S.
1598 4522 1820 4577 Jérome
1855 4516 1895 4569 Ι)
1925 4542 2000 4588 c.,
2032 4540 2084 4592 p.
2110 4524 2236 4586 625,
2272 4531 2525 4586 testatur,
2554 4524 2647 4576 sed
2675 4522 2994 4577 Ctolestium
3028 4522 3192 4576 etiam
3227 4528 3242 4589 (
3276 4537 3325 4573 ν.
3357 4537 3410 4574 v.
3445 4536 3495 4573 c.

231 4628 389 4665 nous
415 4614 673 4681 obligeoit
709 4614 775 4666 de
823 4613 1002 4667 croire
1050 4613 1180 4682 qu’il
1235 4629 1303 4666 en
1359 4615 1557 4683 parloit
1608 4630 1820 4669 comme

228 4705 377 4757 d‘un
409 4705 624 4758 homine
660 4706 861 4768 vivant,
897 4706 932 4758 il
964 4705 1201 4759 faudroit
1228 4716 1422 4761 mettre
1456 4716 1543 4761 cet
1579 4723 1821 4777 ouvrage

228 4812 303 4850 en
339 4794 449 4849 419
487 4811 554 4847 ou
583 4796 705 4850 ΗΟ.
742 4815 760 4846 ›
793 4794 994 4851 Verum
1021 4796 1287 4853 Theodori
1323 4799 1411 4854 ille
1436 4802 1587 4854 locus
1620 4800 1811 4869 (Marc.

231 4888 416 4941 Mere.
442 4888 479 4939 l.
508 4904 580 4951 c.,
603 4905 655 4957 p.
691 4889 835 4955 705),
878 4890 933 4943 in
966 4906 1094 4960 quo,
1127 4893 1216 4944 ιιιιί
1284 4892 1579 4946 mirabilem
1611 4892 1819 4958 peccati

231 4978 522 5046 originalis
563 4990 878 5033 assertorem
916 4982 1167 5035 absurdae
1191 4982 1661 5051 interpretationis
1690 4982 1813 5037 Scr.

233 5068 298 5121 S.
344 5068 771 5139 dogmatumque
800 5073 1174 5140 perversitatis
1221 5076 1523 5133 accusavit.
1556 5094 1574 5125 ι
1621 5082 1821 5144 poten-

234 5162 359 5222 ti:e,
398 5162 594 5230 inquit,
640 5171 819 5217 metus
868 5164 1077 5217 nullum
1127 5175 1319 5221 contra
1372 5167 1587 5220 sinebat
1636 5166 1813 5231 effari,

314 5362 395 5430 (α)
434 5359 577 5413 Nihil
615 5363 721 5415 huc
766 5364 1020 5431 pertinet,
1072 5364 1215 5433 quod
1266 5365 1318 5416 in
1369 5362 1563 5418 Chron.
1629 5364 1814 5421 Edess.

233 5432 477 5487 haeresis
506 5436 868 5504 asserentium
893 5432 1170 5504 peccatum
1198 5444 1406 5487 natura:
1426 5438 1643 5487 insitum
1671 5452 1814 5497 esse,

233 5503 451 5575 dicitur
489 5517 539 5554 a.
577 5503 682 5555 428
728 5506 1038 5575 emersisse.
1086 5504 1169 5558 Cf.
1214 5510 1443 5575 Assem.
1474 5506 1507 5558 l.
1562 5506 1620 5564 l.,
1671 5504 1710 5564 l.
1764 5521 1816 5575 p.

234 5572 373 5644 {02.
410 5571 521 5624 Hoc
551 5587 614 5644 eo
659 5574 822 5625 credo
862 5576 1073 5633 nititur,
1106 5575 1248 5643 quod
1294 5576 1386 5625 illo
1428 5574 1538 5627 fere
1575 5571 1820 5644 tempore

236 5642 565 5713 Caelestius.
590 5642 843 5713 Julianus
876 5646 1075 5712 aliique
1102 5642 1378 5713 Pelagiani
1414 5661 1472 5699 se
1506 5642 1820 5700 Constanti-

237 5713 475 5779 rmpolin
507 5712 571 5763 ad
598 5711 908 5766 Nestorium
936 5711 1236 5768 coiituIere.

317 5784 393 5849 (b)
428 5780 701 5834 lulianum
741 5784 1099 5849 .‘lopsuestim.
1145 5786 1232 5836 ubi
1274 5792 1397 5836 octo
1432 5786 1596 5840 libros
1629 5794 1818 5838 contra

239 5853 612 5923 Augustinum
656 5855 905 5926 scripsit,
944 5870 1115 5926 usque
1154 5856 1219 5911 ad
1264 5854 1530 5912 Theodori
1586 5864 1817 5911 mortem

1928 4615 2263 4669 Schroeckh.
2317 4616 2353 4668 l.
2407 4615 2448 4675 l,
2486 4614 2601 4678 XV,
2643 4630 2694 4683 p.
2730 4614 2818 4673 92.
2872 4611 3497 4683 Baumgarten—Crusius

1926 4708 1962 4761 1.
2001 4708 2093 4773 1.")
2128 4717 2179 4760 et
2222 4706 2497 4775 Pelagium
2544 4708 2616 4768 (ν.
2659 4704 2869 4759 Tillem.
2905 4706 2940 4759 l.
2979 4720 3028 4757 c.
3060 4707 3075 4769 )
3108 4703 3496 4773 Mopsuestiam

1925 4816 1985 4855 se
2034 4799 2337 4853 contulisse
2385 4799 2526 4851 haud
2572 4797 2808 4852 absurde
2842 4797 3128 4864 conjicias.
3180 4796 3317 4848 Tum
3367 4811 3500 4850 vero

1926 4894 2159 4962 primum
2200 4890 2526 4959 Pelagianos
2577 4890 2825 4944 Nestorio
2872 4889 3176 4943 innotuisse
3222 4898 3385 4957 atque
3418 4889 3500 4940 in—

1928 4983 2166 5036 faustum
2216 4997 2339 5035 cum
2376 4996 2440 5034 eo
2475 4982 2863 5035 commercium
2916 4981 3110 5035 iniisse
3158 4981 3344 5034 credo.
3392 4979 3498 5033 Sed

1923 5073 2244 5127 Theodorus
2282 5089 2455 5142 usque
2483 5072 2548 5126 ad
2586 5081 2813 5126 mortem
2847 5088 2971 5125 cum
3012 5074 3077 5127 iis
3105 5072 3231 5126 fecit
3264 5072 3358 5139 (c),
3400 5086 3500 5124 ne-

1925 5180 2031 5233 que
2066 5178 2328 5233 unquam,
2363 5164 2506 5232 quod
2555 5162 2657 5216 sibi
2699 5161 3079 5216 Tillemontius
3126 5162 3160 5214 l.
3200 5160 3239 5226 l,
3282 5177 3334 5229 p.
3372 5161 3499 5227 440,

1920 5374 2191 5418 versatum
2237 5380 2360 5419 esse
2400 5365 2540 5417 male
2574 5365 2829 5432 opinatus
2878 5374 2958 5417 est
2996 5364 3244 5417 Norisins
3288 5365 3321 5417 l.
3360 5366 3421 5427 l.,
3458 5366 3499 5431 l,

1920 5452 1971 5505 p.
2001 5437 2119 5505 ill).
2163 5435 2246 5487 CI'.
2281 5435 2408 5487 Mar.
2454 5436 2614 5505 Mere.
2653 5436 2685 5485 Ι.
2716 5453 2788 5495 c.,
2835 5452 2882 5503 p.
2915 5435 3038 5487 6:25.

1991 5504 2064 5575 (ε)
2096 5505 2495 5575 lniuniversnm
2531 5503 2730 5570 Pelagii
2772 5502 3073 5557 (lectrinam
3109 5502 3249 5555 haud
3295 5505 3499 5573 impro-

1919 5576 2087 5629 bavit.
2142 5574 2554 5643 Peiagianorum
2602 5585 2756 5642 pater
2806 5591 2958 5643 mque
3010 5576 3146 5626 male
3184 5574 3387 5627 dicitur
3440 5592 3502 5628 ac

1920 5645 2120 5715 Pelagii
2156 5647 2420 5697 asseolam
2456 5660 2579 5695 eum
2608 5646 2885 5715 appelles.
2922 5644 3157 5698 Omnino
3186 5644 3495 5698 Nestorimi

1920 5714 2245 5768 enni’sccnti
2292 5724 2419 5768 sunt
2460 5714 2813 5782 pluribusque
2854 5716 3187 5770 Assetnanus
3225 5718 3257 5767 l.
3296 5734 3341 5768 (ι.
3376 5730 3502 5781 pro-

1930 5786 2107 5845 bavit,
2148 5784 2455 5856 Chaldaeos
2484 5782 2840 5856 Ni-storianos
2888 5786 2954 5840 de
3001 5786 3230 5856 originis
3278 5796 3503 5855 peccato

1930 5870 2104 5913 usque
2142 5849 2315 5909 adhuc
2356 5854 2493 5907 male
2530 5854 2755 5909 sentire.
