3994 6526
527 391 589 445 7i
1400 384 1702 441 OTTONIS
1737 382 1918 439 ιτιηῐ).
1964 377 2349 435 FRITZSCHE
2380 376 2877 435 COMMENTATIO
3701 382 3766 436 7!

528 504 799 577 persuasit
830 503 905 573 (α)
930 545 943 566 ,
978 500 1250 555 Julianum
1284 502 1783 556 anathematizavit.
1816 499 2013 554 Nititur
2040 515 2093 552 v.
2126 501 2171 557 Α
2198 511 2321 549 cum
2378 503 2564 549 narrat
2602 513 2620 544 ι
2673 493 2843 549 libros
2888 508 3215 563 componere
3249 490 3519 547 adversus
3555 493 3763 549 Domini

528 597 583 650 d.
616 598 719 650 hoc
754 593 907 647 Marii
937 591 1098 646 Merc.
1133 592 1194 654 l.,
1223 606 1277 661 p.
1312 590 1439 655 6‘25,
1474 611 1492 642 ι
1530 592 1803 661 Agnoscat
1832 619 1902 629 -—
1929 588 2099 642 Julia-

528 703 634 743 nus
678 702 744 741 ex
795 687 895 738 hac
943 683 1301 737 translatione
1335 682 1604 754 (symboli
1642 681 2018 748 Theodorei),
2052 680 2100 732 si

529 777 708 846 legere
731 790 839 827 non
861 772 1174 835 fastidierit,
1202 784 1455 826 manente
1480 773 1620 842 apud
1652 802 1723 813 ——
1751 770 2098 825 Theodorum

531 869 619 920 illa
653 883 757 929 qua
788 881 910 920 eum
955 865 1196 920 diximus
1232 866 1371 917 mala
1417 864 1522 918 ﬁde
1562 879 1745 917 secum
1790 862 2101 916 Nestorium

530 959 828 1026 decepisse,
858 956 1021 1010 etiam
1050 956 1151 1012 sibi
1185 958 1356 1026 magis
1381 970 1590 1024 suoque
1616 954 1854 1024 dogmati
1886 980 1953 992 -ι-
1982 967 2104 1007 esse

531 1050 892 1112 contrarium,
927 1064 1094 1118 seque
1122 1048 1283 1102 etiam
1317 1059 1439 1117 post
1471 1051 1533 1103 de
1562 1048 1752 1102 Cilicia
1783 1048 2103 1100 abscessum

532 1143 603 1195 ab
630 1157 697 1196 eo
728 1142 785 1194 in
810 1143 1192 1210 episcoporum
1218 1141 1511 1209 provinciae
1540 1155 1650 1194 sua:
1672 1147 1942 1193 conventu
1976 1153 2106 1190 ana-

534 1236 770 1288 themate
815 1246 939 1286 esse
980 1232 1320 1284 damnatum.
1378 1249 1395 1281 ι
1450 1231 1519 1282 At
1567 1245 1698 1284 vero
1744 1228 1994 1283 Julianus
2040 1243 2108 1281 ex

538 1325 769 1395 symboli
806 1322 1163 1377 translatione
1194 1336 1492 1391 agnoscere
1522 1322 1770 1389 jubetur,
1799 1321 1901 1374 sibi
1931 1319 2108 1372 Theo-

537 1417 731 1471 dorum
763 1415 1098 1468 contrarium
1128 1428 1250 1468 esse
1282 1430 1449 1482 seque
1479 1422 1600 1481 post
1633 1414 1840 1466 abitum
1872 1413 1937 1466 de
1975 1412 2076 1465 Cili
2102 1446 2109 1452 -

538 1508 621 1563 cia
647 1507 715 1560 ab
742 1521 806 1559 eo
842 1507 894 1558 in
927 1507 1307 1575 episcoporum
1344 1506 1637 1573 provinciae
1667 1511 1938 1557 conventu
1981 1518 2112 1556 ana-

540 1598 778 1651 themate
812 1610 935 1649 esse
969 1594 1306 1648 damnatum.
1346 1593 1485 1648 Hinc
1521 1596 1623 1659 illa
1652 1596 1835 1663 Opinio
1872 1604 1984 1646 tum
2021 1594 2113 1646 tle-

540 1704 687 1742 mum
718 1697 863 1740 stare
896 1694 1110 1755 posset,
1148 1686 1193 1739 si
1225 1685 1475 1738 Julianus
1513 1686 1567 1738 in
1603 1687 1851 1757 symbolo
1897 1688 2113 1740 nomine

540 1777 829 1831 damnatus
864 1784 1031 1830 esset.
1066 1773 1180 1829 lino
1228 1775 1431 1829 Marius
1478 1775 1639 1830 Merc.
1678 1778 1777 1829 hoc
1814 1778 1913 1831 sibi
1951 1778 2064 1829 vult
2096 1794 2109 1829 :

541 1870 729 1923 Cilicia
787 1871 856 1923 ab
902 1868 1121 1923 Juliano
1168 1868 1357 1922 relicta
1396 1870 1774 1939 episcoporum
1822 1871 2109 1938 provinciae

490 1996 491 1999 η
541 1970 660 2014 erat
685 1969 1006 2023 conventus,
1043 1961 1094 2013 in
1128 1976 1238 2029 quo
1268 1959 1589 2015 Theodorus
1618 1964 1921 2032 symbolum
1952 1978 2109 2016 suum

544 2053 693 2122 legit,
733 2067 843 2122 quo
890 2053 995 2105 alia
1047 2067 1324 2120 perverse.
1346 2053 1444 2107 sed
1480 2052 1546 2106 de
1594 2054 1802 2108 Adamo
1850 2055 2115 2108 catholice

543 2142 752 2198 docuit.
784 2142 891 2197 Eos
919 2144 1010 2212 qui
1042 2143 1199 2197 aliter
1228 2144 1497 2197 sentirent
1526 2145 1869 2198 anathemate
1894 2145 2113 2198 damna-

542 2234 804 2302 vitatque
829 2234 902 2286 ita
927 2234 1093 2287 etiam
1127 2231 1427 2287 Julianum.
1459 2233 1612 2289 lianc
1639 2235 1744 2289 loci
1773 2236 1919 2291 illius
1944 2238 2112 2292 inter-

546 2326 915 2395 pretationem
972 2340 1157 2379 veram
1208 2341 1331 2381 esse
1382 2341 1506 2380 cum
1560 2327 1737 2396 ipsum
1787 2329 2111 2399 symbolum,

546 2414 691 2484 quod
726 2414 881 2483 plura
917 2413 983 2467 de
1025 2416 1231 2467 Adamn
1273 2416 1518 2469 continet
1557 2431 1677 2484 quae
1715 2415 1915 2471 Marius
1948 2417 2110 2472 Merc.

546 2505 602 2557 in
648 2519 803 2558 suam
840 2505 1167 2558 sententiam
1219 2504 1569 2574 interpretari
1620 2514 1862 2574 poterat,
1896 2516 2007 2560 tum
2051 2523 2113 2561 ea

545 2601 870 2663 argumento
920 2601 1067 2655 sunt,
1121 2609 1241 2663 qua:
1289 2592 1492 2648 Marius
1539 2593 1703 2648 Merc.
1756 2595 1823 2649 de
1868 2596 2115 2665 symbolo

546 2684 865 2752 disputavit.
897 2680 1213 2736 Perversam
1258 2682 1380 2751 ejus
1413 2683 1480 2738 de
1510 2684 1886 2739 incarnatione
1913 2685 2116 2739 doctri-

548 2790 673 2827 nam
714 2773 1016 2834 damnavit,
1063 2774 1130 2827 de
1180 2782 1404 2842 peccato
1456 2776 1687 2844 originis
1723 2776 1856 2828 nihil
1891 2776 2113 2845 adjecit.

546 2864 700 2917 Adde
739 2864 881 2931 quod
918 2864 1076 2918 aliter
1116 2864 1159 2918 si
1193 2865 1390 2919 statuis
1425 2863 1833 2921 difﬁcultatibus
1869 2867 2114 2937 implica-

547 2956 646 3016 ris,
669 2972 737 3009 ex
767 2956 968 3025 quibus
996 2965 1046 3010 te
1064 2972 1207 3027 aagre
1238 2958 1518 3027 expedias.
1550 2956 1707 3011 Illum
1740 2973 1867 3012 vero
1902 2960 2117 3029 episco-

550 3061 742 3114 porum
786 3055 1113 3102 conventum
1158 3056 1375 3119 propter
1426 3049 1548 3104 lites
1582 3048 1900 3119 Pelagianas
1935 3062 2115 3105 actum

2204 586 2295 641 Dei
2337 587 2753 656 apparitionem.
2804 604 2823 637 ι
2876 584 3060 654 Neque
3106 599 3235 638 vero
3271 583 3341 637 de
3390 584 3770 641 incarnatione

2211 680 2386 733 solum
2422 678 2531 732 illis
2558 678 2711 732 libris
2747 678 3053 748 expositum
3084 676 3256 731 fuisse
3284 676 3560 739 existimo,
3594 679 3688 731 sed
3715 679 3771 733 in

2203 770 2520 823 universum
2562 768 2628 822 de
2666 769 2884 824 arcanis
2939 767 3289 821 Christianis.
3338 768 3441 821 Cui
3490 770 3773 823 sententia:

2203 874 2268 913 eo
2315 858 2561 912 nonnihil
2600 857 3091 912 commendationis
3146 846 3435 925 adjicitur,
3486 856 3631 926 quod
3688 854 3773 909 Si-

2205 964 2363 1003 mcou
2396 949 2575 1017 presb.
2605 958 2659 1001 et
2690 947 2940 1001 monach.
2974 947 3188 1001 Nestor.
3220 962 3344 1000 saec.
3380 961 3477 999 xm
3512 948 3771 999 nonnulla

2206 1041 2271 1095 de
2309 1056 2463 1095 sacra
2497 1056 2649 1095 etena
2684 1049 2737 1095 et
2794 1041 3122 1110 baptismate
3184 1037 3351 1093 refert
3402 1038 3511 1109 (cf.
3557 1039 3770 1093 Assem.

2206 1132 2348 1186 Bibl.
2385 1132 2481 1196 0r,
2506 1132 2594 1195 lll,
2624 1148 2662 1195 ι,
2690 1149 2743 1203 p.
2777 1131 2879 1185 565
2900 1133 2939 1200 ),
2968 1146 3085 1200 quae
3112 1129 3433 1183 Theodorus
3466 1128 3516 1181 in
3541 1128 3680 1181 libro
3704 1126 3777 1180 De

2207 1226 2516 1294 profundis,
2542 1226 2634 1294 qui
2674 1225 2858 1278 nullus
2891 1224 2998 1278 nisi
3046 1223 3114 1277 de
3142 1237 3251 1291 quo
3286 1236 3469 1275 sermo
3509 1228 3613 1282 est,
3657 1234 3777 1272 esse

2211 1325 2407 1387 potest,
2445 1318 2699 1371 docuisse
2722 1316 3057 1387 perhibetur.
3101 1313 3284 1384 Nugas
3314 1311 3531 1384 quidem
3568 1310 3725 1364 all‘ert
3750 1326 3777 1361 δ

2211 1409 2497 1464 Theodoro
2545 1410 2635 1463 vix
2692 1409 2964 1479 prolectas
3039 1426 3052 1462 :
3116 1407 3273 1475 panis
3330 1402 3681 1459 eucharistici
3751 1418 3780 1454 a

2211 1501 2430 1556 Christo
2464 1504 2518 1555 in
2551 1515 2709 1555 coena
2738 1499 3044 1556 consecrati
3078 1497 3363 1568 particulis
3390 1495 3620 1566 singulis
3649 1509 3783 1560 apo-

2213 1594 2368 1649 stolis
2397 1592 2729 1656 distributis,
2768 1592 2942 1646 solum
2972 1588 3234 1644 Joannem
3267 1602 3419 1644 suam
3455 1585 3780 1656 particulam

2221 1702 2395 1754 usque
2421 1685 2488 1738 ad
2514 1683 2874 1738 Pentecosten
2900 1696 3276 1743 conservasse,
3305 1695 3368 1734 ex
3393 1694 3499 1748 qua
3523 1686 3783 1746 tanquam

2214 1795 2278 1833 ex
2313 1778 2578 1832 fermento
2603 1775 2837 1846 apostoli
2868 1790 3063 1845 panem
3105 1772 3490 1833 confecissent,
3527 1787 3634 1839 quo
3668 1769 3784 1839 pri-

2218 1887 2361 1925 mam
2414 1869 2690 1939 liturgiam
2724 1868 2778 1922 in
2825 1866 3110 1921 cenaculo
3153 1865 3514 1920 celebrarent.
3560 1864 3636 1917 lta
3676 1861 3785 1916 fer-

2220 1971 2459 2016 mentum
2502 1976 2719 2015 sacrum
2760 1975 2823 2014 ex
2854 1974 2965 2013 uno
2994 1960 3048 2012 in
3084 1959 3311 2013 alterum
3346 1971 3541 2026 panem
3582 1955 3785 2009 eucha-

2220 2054 2466 2107 risticum
2501 2066 2595 2120 per
2634 2050 2852 2104 Adaenm
2881 2058 2936 2104 et
2979 2048 3170 2103 Marim
3211 2048 3582 2117 apostolorum
3618 2046 3790 2100 disci-

2220 2145 2375 2214 pulos
2400 2142 2466 2195 ad
2493 2141 2661 2213 Syros
2681 2140 2987 2196 Orientales
3009 2140 3344 2203 traductum,
3372 2138 3517 2209 quod
3545 2139 3788 2192 sanctis-

2220 2235 2358 2290 sime
2373 2241 2706 2287 asservetur.
2734 2231 2902 2285 Porro
2920 2244 3140 2301 aquam,
3164 2244 3285 2299 qua:
3305 2245 3372 2284 ex
3392 2229 3561 2283 latere
3582 2227 3790 2282 Christi

2219 2326 2519 2382 eﬂluxisset
2548 2326 2615 2378 ab
2639 2324 2850 2379 Joanne
2873 2326 2927 2379 in
2960 2339 3124 2381 urceo
3144 2324 3428 2378 collectam
3461 2322 3789 2378 fermentum

2221 2419 2453 2472 alterum
2484 2432 2643 2486 aquae
2673 2417 3018 2486 baptismalis
3042 2416 3215 2471 fuisse
3236 2424 3289 2470 et
3321 2416 3388 2469 ab
3409 2413 3597 2469 eodem
3624 2414 3793 2466 Atla-ii

2223 2508 2377 2581 Syris
2422 2510 2798 2565 Orientalibus
2840 2510 3096 2564 traditam
3132 2528 3146 2564 :
3188 2508 3283 2564 sed
3338 2506 3453 2562 sive
3488 2508 3625 2560 liber
3670 2521 3795 2559 cor-

2220 2607 2416 2668 ruptus
2443 2607 2549 2665 est,
2577 2601 2714 2663 sive,
2746 2598 2886 2653 idem
2919 2598 3065 2653 enim
3098 2598 3230 2652 illud
3261 2598 3378 2668 ipse
3408 2594 3650 2650 Joannes
3680 2602 3795 2647 tra-

2221 2692 2350 2747 dere
2384 2692 2605 2755 dicltur,
2643 2692 2782 2745 male
2810 2692 3143 2753 intellectus,
3170 2690 3224 2745 in
3247 2706 3313 2745 eo
3337 2690 3403 2744 de
3424 2687 3796 2745 sacramentis

2220 2784 2383 2838 etiam
2414 2798 2594 2838 sermo
2626 2782 2746 2836 fuit.
2790 2782 3058 2837 Caeterum
3116 2779 3420 2835 Nestoriani
3460 2780 3798 2851 posteriores

2222 2875 2275 2927 in
2306 2874 2504 2928 multas
2534 2889 2706 2944 nugas
2733 2874 2941 2943 delapsi
2972 2880 3124 2929 sunt.
3156 2872 3242 2927 Cf.
3275 2890 3323 2926 ν.
3357 2888 3406 2927 c.
3454 2870 3632 2936 'l'hilo,
3673 2870 3795 2924 cod.

2222 2965 2291 3018 N.
2328 2965 2389 3018 Τ.
2422 2982 2624 3034 apem,
2654 2968 2695 3027 Ι,
2726 2980 2776 3033 p.
2812 2980 2962 3017 mut
2999 2979 3121 3034 sqq.

2810 3056 2875 3111 K.
2919 3055 3195 3125 Epistola’.

549 3151 672 3189 esse
694 3136 874 3190 minus
897 3138 1197 3205 probabile.
1229 3138 1500 3192 Cteterum
1523 3154 1586 3192 ex
1613 3138 1782 3192 Mario
1808 3140 1975 3194 Merc.
2006 3156 2113 3194 non
2147 3178 2192 3238 ρ
2295 3148 2535 3218 Denique
2565 3149 2822 3217 epistolas
2852 3149 2938 3202 hic
2978 3163 3345 3203 commemoro
3367 3187 3381 3209 ,
3418 3146 3678 3215 quoniam
3729 3160 3791 3197 ex

552 3236 702 3277 certo
734 3224 1059 3278 concludere
1089 3227 1233 3286 licet,
1267 3227 1575 3296 symbolum
1604 3227 1733 3280 illud
1768 3238 1889 3298 post
1917 3228 2118 3284 Juliani

553 3314 768 3367 demum
805 3316 871 3369 de
903 3315 1094 3370 Cilicia
1128 3318 1330 3370 abitum
1364 3320 1645 3373 conditum
1678 3335 1819 3374 esse.
1854 3319 1988 3375 Tum
2014 3338 2120 3375 non

552 3402 780 3465 factum,
813 3406 906 3460 sed
941 3408 1136 3460 lectum
1172 3419 1277 3461 est.

1084 3499 1120 3550 l.
1169 3499 1312 3552 Libri
1360 3502 1591 3570 mystici.

625 3586 817 3643 Libros
864 3590 1161 3660 mysticus,
1198 3591 1270 3645 cf.
1315 3590 1552 3664 Hesycb.
1599 3594 1633 3648 l.
1678 3609 1752 3654 c.,
1788 3613 1839 3665 p.
1890 3596 2011 3658 104,
2056 3627 2127 3639 ~-

555 3678 803 3745 mysticos
855 3696 1116 3733 sermones
1166 3710 1253 3742 —,
1296 3698 1434 3750 quos
1477 3681 1605 3736 Fac.
1659 3700 1740 3743 tit,
1789 3685 1844 3747 2,
1897 3688 2123 3742 codicem

558 3769 837 3836 mysticum
872 3769 1027 3833 dixit,
1068 3769 1339 3826 Ebediesu
1376 3774 1413 3826 Ι.
1456 3788 1532 3837 c.,
1584 3790 1636 3844 p.
1672 3776 1764 3838 35,
1820 3790 2015 3829 tomum
2064 3778 2127 3830 de

557 3861 771 3913 arcanis
821 3863 1042 3924 (minus
1088 3872 1236 3918 recte
1300 3865 1587 3920 Asseman.
1655 3867 1727 3921 De
1778 3872 2125 3922 sacramentis

556 3952 718 4003 vertit
744 3950 785 4017 ),
814 3948 1134 4008 Theodorus
1157 3970 1314 4009 senex
1334 3956 1558 4026 scripsit
1580 3956 1671 4026 (cf.
1710 3959 1942 4029 llesych.
1971 3961 2005 4013 l.
2027 3964 2123 4014 c.).

559 4039 955 4097 Brevissimutn
1002 4046 1145 4109 tertii
1184 4047 1380 4101 decimi
1426 4048 1551 4102 libri
1590 4050 1973 4119 fragmentum,
2020 4070 2127 4123 quo

556 4131 757 4189 Paulus
804 4134 1228 4199 Samosatenus,
1260 4140 1353 4209 qui
1385 4140 1662 4195 Christum
1709 4159 1901 4211 purum
1954 4146 2128 4199 homi-

558 4240 678 4277 nem
709 4226 1006 4291 habuisset,
1040 4231 1264 4300 angelus
1296 4231 1496 4285 diaboli
1528 4233 1750 4294 dicitur.
1779 4235 1963 4286 attulit
1997 4233 2126 4288 Fac.

559 4315 594 4367 Ι.
627 4316 684 4379 l.,
712 4325 763 4367 et
791 4315 1093 4388 Hesychius
1124 4321 1190 4374 ad
1218 4322 1340 4377 illos
1373 4325 1675 4393 respiciens
1710 4327 2129 4396 praesumpsisse

628 4466 704 4552 (τι.)
745 4488 762 4518 ‹
796 4500 863 4507 -
898 4471 1071 4552 Aprés
1091 4475 1221 4543 qu‘il
1251 4475 1496 4552 (Julien)
1532 4479 1611 4533 fut
1638 4481 1775 4548 parti
1803 4482 1869 4535 de
1890 4496 1951 4536 ce
1974 4498 2125 4552 pays.

559 4536 638 4590 les
668 4536 1024 4611 évesques'de
1060 4536 1121 4597 la'
1150 4536 1405 4614 province
1437 4536 1599 4619 ayant
1640 4536 1771 4603 textu
1808 4568 1881 4605 un
1915 4536 2123 4607 ουίιεῖιέ

565 4758 2024 4790 _—————_—_——________—__—

2222 3252 2375 3310 parte
2402 3251 2547 3295 certe
2586 3242 2890 3309 argumenti
2922 3240 3214 3311 dogmatici
3259 3239 3498 3293 fuerunt.
3535 3237 3797 3290 Photium

2223 3330 2494 3386 Theodori
2515 3332 2775 3400 epistolas
2807 3329 3002 3399 legisse
3031 3346 3095 3382 ex
3124 3329 3246 3383 cod.
3282 3328 3382 3381 l77
3416 3327 3795 3397 cognoscitur.

2224 3421 2488 3477 Ebediesu
2527 3424 2563 3476 ι.
2596 3437 2668 3481 c.,
2700 3437 2752 3490 p.
2784 3421 2872 3484 55,
2906 3450 2974 3461 -—
3010 3420 3203 3473 librum
3241 3417 3663 3489 Margaritarum
3686 3457 3703 3479 ,
3748 3420 3799 3469 in

2224 3529 2324 3583 quo
2371 3513 2482 3581 ejus
2519 3512 2756 3580 epistola:
2786 3511 3020 3565 collecta:
3066 3520 3209 3565 sunt.
3260 3509 3438 3564 Unum
3490 3509 3684 3579 fragili.
3736 3526 3801 3560 ex

2225 3602 2455 3671 epistola
2504 3600 2571 3654 ad
2622 3603 2911 3655 Artemium
2951 3600 3247 3655 Alexandr.
3288 3600 3475 3669 presb.
3533 3599 3802 3660 secunda,

2225 3693 2369 3763 quod
2404 3693 2470 3748 de
2509 3693 2777 3748 Trinitate
2811 3694 2941 3764 agit,
2987 3693 3236 3746 exhibuit
3282 3690 3409 3744 Fac.
3462 3707 3544 3753 ιιι,
3590 3689 3657 3751 5;
3699 3693 3804 3742 tria

2226 3786 2470 3852 epistolae
2521 3785 2588 3836 ad
2646 3784 2926 3848 Domnum,
2981 3785 3036 3838 in
3095 3785 3295 3854 quibus
3354 3784 3422 3839 de
3474 3794 3803 3837 naturarum

2226 3872 2427 3926 Christi
2457 3873 2646 3925 ὲνώσει
2676 3873 2816 3926 κατὰ
2847 3872 3094 3925 εὐδοκίαν
3128 3872 3442 3934 disseritur,
3473 3886 3539 3925 ex
3572 3873 3807 3924 Anasta-

2228 3966 2293 4020 sii
2319 3964 2499 4034 presb.
2532 3966 2715 4034 ecloge
2742 3966 2988 4035 χρήσεων
3018 3963 3362 4034 δογματικῶν
3394 3962 3575 4016 attulit
3604 3958 3806 4016 Jacob.

2229 4054 2507 4109 Sirmond.
2539 4054 2605 4107 ad
2632 4054 2758 4110 Fac.
2788 4071 2864 4120 ιι,
2895 4057 2949 4109 5.
2974 4053 3325 4110 Theodorum
3354 4059 3535 4107 autem
3558 4052 3625 4107 de
3651 4051 3806 4105 Can-

2227 4150 2337 4197 tico
2370 4147 2709 4199 canticorum
2752 4160 2869 4199 mea
2901 4146 3171 4199 sententia
3210 4146 3263 4199 in
3298 4143 3527 4214 epistola
3561 4140 3805 4211 quadam

2230 4236 2477 4305 pluribus
2509 4240 2836 4307 exposuisse
2874 4236 2985 4306 jam
3017 4251 3181 4307 supra
3211 4252 3265 4307 p.
3302 4235 3390 4299 61,
3422 4234 3491 4288 62
3522 4232 3663 4304 (col.
3696 4232 3808 4299 47)

2216 4329 2363 4403 dixi.

2160 4519 2206 4574 Β
2234 4492 2423 4574 contre
2460 4486 2540 4574 les
2583 4483 2865 4555 Pelagiens
2880 4525 2910 4574 ,1
2928 4484 3210 4574 Theodore
3239 4486 3319 4556 s’y
3349 4493 3543 4574 trouva
3561 4497 3704 4574 ‘av'ec
3729 4482 3812 4536 les

2236 4564 2419 4611 autres
2444 4563 2496 4610 et
2518 4571 2550 4626 y
2575 4550 2852 4626 prononca
2880 4556 2978 4611 des
3000 4550 3316 4612 anathémes
3338 4562 3527 4610 centre
3553 4550 3759 4608 Julien.
3788 4571 3808 4603 ι

1993 4925 2245 4986 CAPUT
2295 4926 2372 4985 V.

1425 5084 1505 5125 DE
1535 5085 1859 5131 THEODOBI
1902 5090 2177 5132 SCRIPTIS
2210 5091 2581 5134 ARGUMENTI
2613 5090 2929 5135 PRACTICI.

629 5384 709 5439 Ad
748 5384 1019 5443 Theodori
1053 5393 1256 5463 scripta
1278 5437 1291 5457 ,
1326 5414 1447 5465 quae
1478 5403 1718 5469 practiea
1750 5404 2007 5474 appellari
2057 5405 2127 5458 li—

557 5486 661 5539 cet,
688 5477 796 5531 duo
829 5479 1011 5550 hymni
1041 5483 1311 5540 referendi
1341 5502 1544 5557 essent,
1580 5496 1625 5548 si
1659 5504 1805 5550 recte
1837 5497 1885 5551 ei
1925 5497 2131 5551 tribue—

560 5573 767 5619 rentur.
800 5567 904 5623 Sed
930 5586 1119 5626 eorum
1151 5576 1286 5630 alter
1304 5577 1568 5647 Eplirami
1592 5595 1677 5636 est
1710 5584 1803 5649 (cf.
1837 5586 2050 5641 Assem.
2088 5586 2125 5638 l.

562 5655 619 5717 l.,
651 5658 690 5717 Ι,
740 5674 791 5726 p.
833 5658 920 5729 60)
966 5672 1019 5715 et
1066 5674 1123 5718 ut
1168 5667 1433 5739 hymnus,
1470 5674 1596 5742 qui,
1634 5676 1847 5730 Assem.
1899 5678 1933 5730 ι.
1970 5678 2028 5737 1.,
2064 5675 2127 5742 ll,

563 5760 613 5815 ι).
660 5747 806 5805 J88.
844 5762 1013 5817 teste,
1060 5758 1112 5811 in
1158 5762 1279 5816 cod.
1328 5764 1561 5833 quodam
1602 5765 1723 5838 Syr.
1767 5768 1902 5822 bibl.
1948 5769 2127 5823 Vatic.

562 5839 737 5900 inest.
796 5846 965 5914 magis
1018 5845 1369 5910 Theodoreus
1428 5858 1498 5912 sit
1553 5874 1652 5930 ego
1712 5861 1925 5930 quidem
1977 5865 2131 5918 valde

2228 5418 2437 5458 vereor.
2490 5402 2547 5456 In
2602 5400 2893 5458 Theodoro
2948 5418 3109 5459 nemo
3144 5402 3303 5461 facile
3354 5404 3627 5476 ingenium
3677 5422 3819 5477 poe-

2229 5498 2398 5551 ticum
2430 5504 2710 5567 agnoscat.
2748 5494 2974 5552 Rectius
3005 5512 3135 5553 vero
3167 5498 3281 5553 haec
3310 5500 3512 5570 scripta
3547 5501 3596 5555 ei
3628 5502 3819 5556 vindi-

2231 5586 2405 5640 canda
2442 5603 2455 5639 :

2267 5737 2331 5790 Α.
2367 5734 2559 5790 Tomus
2599 5737 2662 5791 de
2699 5738 3016 5795 sacerdotio.
3063 5739 3146 5794 Cf.
3180 5740 3371 5797 Ebedi.
3408 5744 3444 5799 Ι.
3481 5784 3545 5806 ..,
3589 5761 3640 5814 p.
3674 5747 3773 5801 83.

2276 5867 2335 5924 Β.
2378 5871 2567 5925 Turnus
2591 5876 2661 5928 ad
2700 5872 2999 5927 monachos.
3046 5872 3130 5931 Cf.
3173 5873 3359 5930 Ebedi.
3396 5876 3430 5930 l.
3476 5877 3536 5941 l.,
3572 5893 3623 5948 p.
3678 5879 3776 5935 34.
