3934 6556
228 387 289 441 τῗ
1017 381 1107 436 EX
1140 380 1387 438 LEONIS
1420 379 1694 435 ALLATII
1729 379 2053 436 DlA'l‘RlBA
2083 379 2172 435 DE
2205 379 2622 436 TIlEODORlS.
3393 373 3462 432 7B

231 505 316 565 sit,
345 500 603 572 integram
636 514 746 553 non
781 513 903 556 esse
932 499 1032 571 (α),
1068 514 1381 576 quanquam
1411 514 1533 570 quae
1564 500 1780 568 dempta
1807 507 1854 562 Α
1885 500 2128 570 antiqua,
2175 499 2268 554 sed
2301 497 2558 553 Nestorio
2608 510 2891 568 perperam
2943 495 3226 552 tribuitur.
3273 495 3462 562 Quan-

226 609 399 667 quazre
451 592 630 646 addita
661 593 773 648 sint
801 592 1094 647 incertum.
1144 591 1216 647 Ut
1264 607 1392 648 vero
1420 592 1550 662 quid
1585 591 1652 645 de
1682 606 1784 644 au-

225 685 423 739 thentia
449 683 800 738 statuendum
830 683 1192 750 explicemus,
1230 684 1393 752 paulo
1427 683 1594 736 altius
1632 697 1784 751 repe—

169 781 178 797 ⁴
226 774 453 828 tendum.
515 772 976 827 Nestorianorum
1033 781 1270 843 quatuor
1325 780 1453 828 sunt
1504 773 1781 838 liturgiae,

221 881 438 934 quarum
477 865 653 933 prima
700 861 806 918 SS.
872 865 1252 934 apostolorum
1287 864 1461 931 (Adaei
1495 871 1552 918 et
1595 863 1783 933 Maris)

222 956 408 1009 dicitur
431 955 510 1023 (ς’.
541 953 792 1008 Renaud.
827 955 863 1008 l.
891 957 927 1010 l.
963 954 1094 1025 ll,p.
1125 953 1785 1023 584-597).Usitatissimo

219 1054 314 1107 est,
345 1046 567 1113 antiqua
615 1045 778 1099 etiam
807 1085 821 1109 ,
859 1047 952 1100 sed
986 1055 1293 1114 temporum
1349 1046 1584 1100 decursu
1630 1045 1786 1099 valde

218 1146 408 1189 mutata
440 1138 533 1204 (cf.
566 1153 623 1190 ν.
654 1151 704 1190 c.
729 1152 782 1206 p.
815 1135 942 1198 588,
967 1136 1058 1192 ubi
1086 1136 1347 1192 sacerdos
1388 1136 1613 1189 Mariam
1641 1143 1782 1200 orat,

216 1243 270 1284 ιιι
301 1245 395 1300 pro
417 1246 478 1284 se
515 1229 710 1283 Filium
745 1229 1111 1298 deprecetur).
1141 1227 1397 1282 Secunda
1429 1237 1516 1283 est
1544 1228 1785 1291 Diodori,

215 1323 442 1377 nomium
489 1331 759 1392 quantum
825 1321 942 1374 scio
985 1320 1152 1375 edita.
1206 1318 1607 1373 Renaudotium
1636 1360 1651 1384 ,
1693 1319 1786 1388 qui

217 1415 404 1468 nullam
441 1413 666 1466 Diodori
722 1411 996 1480 liturgiam
1040 1409 1210 1464 fuisse
1257 1410 1475 1464 dixerat
1516 1411 1552 1462 l.
1605 1411 1664 1475 l.,
1721 1411 1784 1472 ll,

214 1523 260 1573 p.
295 1506 415 1569 569,
471 1506 605 1568 575,
659 1505 806 1567 (ΗΞ,
843 1518 1119 1573 quemque
1173 1500 1243 1554 La
1302 1503 1477 1555 ()roze
1524 1502 1666 1555 Hist.
1715 1501 1787 1553 du

212 1595 394 1648 Christ.
428 1595 523 1649 des
565 1595 748 1658 ludes,
783 1593 822 1658 l,
852 1610 906 1663 p.
940 1593 1046 1647 522
1069 1591 1176 1652 (Cf.
1199 1593 1318 1660 ejus
1355 1591 1668 1662 Remarques
1699 1609 1790 1645 sur

213 1687 358 1740 l‘hist.
402 1687 476 1739 du
510 1687 640 1739 Chr.
679 1686 770 1740 des
819 1685 1002 1747 ludes,
1049 1684 1202 1738 "alie
1248 1684 1404 1747 1757,
1426 1699 1479 1754 p.
1518 1684 1602 1743 15)
1631 1699 1790 1738 secu-

210 1787 290 1830 tus
339 1786 456 1831 erat
484 1816 499 1838 ,
541 1777 802 1831 refutasit
851 1778 1057 1829 Assem.
1093 1775 1128 1827 Ι.
1164 1775 1198 1828 Ι.
1232 1773 1320 1837 lll,
1370 1791 1420 1836 I,
1455 1791 1506 1845 p.
1543 1775 1630 1839 9.9,
1669 1775 1738 1829 30
1775 1792 1787 1838 ;

1885 608 2045 662 quam
2075 607 2176 646 cur
2210 593 2316 646 hoc
2361 591 2564 644 factum
2599 591 2691 655 sit,
2720 589 2947 657 vestigia
2979 588 3226 657 quaedam
3254 589 3462 643 veteris

1884 685 2119 756 liturgize
2155 683 2782 752 Constantinopolitanae
2828 681 3088 751 produnt,
3126 695 3248 750 quas
3289 681 3345 734 in
3396 697 3459 733 ea

1885 779 2138 833 videntur
2169 778 2370 831 inesse.
2403 775 2521 830 Jam
2549 789 2671 827 cum
2695 773 2868 842 prima
2907 773 2996 828 illa
3043 780 3097 828 et
3141 783 3335 842 quarta
3373 772 3461 841 (de

1887 867 2127 923 secunda
2178 867 2315 920 nihil
2360 864 2659 934 loquimur)
2709 865 2848 918 falso
2883 863 2948 916 ad
3005 873 3257 918 auctores
3286 879 3457 933 quos-

1886 960 2008 1013 dam
2041 959 2372 1016 referantur,
2407 957 2549 1011 idem
2577 956 2629 1009 in
2662 956 2879 1010 tertiam
2928 955 3124 1010 cadere
3148 957 3289 1010 male
3323 970 3458 1008 con-

1887 1051 2096 1103 cludas.
2122 1047 2256 1100 illud
2283 1047 2427 1102 enim
2459 1062 2564 1100 non
2604 1045 2792 1113 nugati
2815 1050 2945 1098 sunt
2984 1043 3315 1107 Nestoriani,
3350 1043 3460 1096 itno

1890 1141 2100 1194 facilem
2133 1154 2376 1194 errorem
2408 1138 2767 1192 admiserunt.
2806 1134 3060 1205 Vulgaris
3092 1135 3180 1187 illa
3208 1145 3262 1190 et
3290 1151 3319 1187 a
3360 1132 3462 1187 Pa-

1889 1235 2069 1288 tribus
2099 1242 2322 1302 accepta
2359 1231 2578 1298 liturgia
2629 1228 2790 1282 facile
2830 1228 2899 1281 ab
2956 1227 3240 1296 apostolis,
3289 1227 3460 1281 altera

1889 1325 2106 1378 aliunde
2131 1332 2189 1376 ut
2215 1323 2428 1377 videtur
2470 1323 2632 1375 allata
2677 1321 2834 1375 facile
2858 1335 2889 1374 a
2921 1319 3175 1375 Nosturio
3207 1321 3457 1389 repetita.

1891 1415 1996 1470 Sed
2038 1431 2160 1470 cum
2211 1414 2556 1468 Theodorum
2591 1414 2865 1482 liturgiam
2919 1412 3297 1481 composuisse
3323 1426 3459 1466 con-

1890 1514 2015 1570 stet,
2045 1521 2146 1574 ego
2172 1505 2392 1574 quidem
2427 1504 2569 1557 illam
2601 1505 2648 1556 ei
2675 1503 3047 1572 ascripserim.
3080 1500 3232 1555 Ultra
3277 1510 3458 1556 tamen

1889 1598 2329 1669 probabilitatem
2381 1596 2646 1666 progredi'
2676 1611 2784 1649 non
2813 1596 3010 1649 audeo.
3037 1593 3113 1646 Ex
3147 1595 3358 1648 interna
3395 1594 3460 1647 li-

1891 1689 2081 1758 turgize
2111 1688 2290 1742 indole
2325 1688 2465 1741 hanc
2485 1689 2537 1741 in
2564 1703 2674 1741 rem
2705 1687 2838 1739 nihil
2865 1686 3107 1741 eﬂicitur.
3137 1685 3270 1740 Nam
3301 1694 3361 1740 ut
3391 1688 3460 1740 de

1891 1782 2074 1852 lingua
2111 1781 2322 1842 sileam,
2349 1779 2597 1833 doctrina
2633 1779 2685 1832 in
2738 1779 2891 1833 libris
2925 1779 3191 1848 liturgicis
3220 1794 3320 1833 nec
3361 1778 3460 1832 do-

209 1869 321 1922 ride
375 1869 542 1922 etiam
607 1884 657 1937 p.
703 1867 830 1921 236.
890 1867 1069 1921 Tertia
1104 1866 1374 1920 Theodori
1427 1882 1456 1920 a
1509 1866 1783 1921 Dominica
1821 1858 1860 1914 Β
1889 1873 2119 1942 gmatica
2153 1872 2542 1942 perspicuitate
2581 1871 2900 1925 cnucleatur
2931 1886 3105 1940 neque
3143 1887 3205 1925 ea
3233 1870 3461 1924 ail'ertur

211 1962 367 2030 prima
395 1960 862 2013 Aununtiatiouis
891 1977 1064 2028 usque
1088 1961 1153 2013 ad
1189 1959 1527 2013 Dominicam
1576 1957 1784 2012 Palma-

212 2066 316 2103 rum
365 2051 673 2114 celebrata,
714 2067 780 2103 eo
839 2050 1108 2116 imprimis
1144 2066 1173 2102 a
1203 2049 1376 2119 prima
1405 2048 1608 2110 diﬂ'ert,
1636 2050 1782 2118 quod

209 2140 453 2193 sacerdos
499 2141 777 2208 prolixius
839 2141 1100 2209 loquitur.
1140 2139 1347 2205 Quarta
1401 2141 1635 2210 denique
1681 2139 1785 2193 Neo

206 2229 347 2283 storii
380 2229 666 2298 (Renaud.
708 2232 741 2282 l.
771 2231 806 2282 Ι.
835 2229 899 2290 ll,
934 2246 983 2299 p.
1035 2230 1313 2300 626-658),
1353 2232 1642 2300 quinquies
1680 2232 1786 2284 siu-

209 2319 334 2385 gulis
360 2321 524 2373 annis
572 2321 875 2382 celebrata,
902 2321 1148 2374 eamdem
1193 2335 1356 2390 quam
1390 2319 1659 2374 Theodori
1698 2319 1784 2372 in-

205 2409 368 2465 dolem
402 2410 601 2473 refert,
646 2412 753 2466 nisi
783 2411 928 2480 quod
968 2412 1258 2467 verbosior
1294 2420 1398 2467 est.
1439 2411 1533 2467 Est
1566 2411 1784 2482 quidem

267 2611 339 2679 (al
370 2610 495 2665 Haec
519 2611 865 2679 conjectura,
895 2609 1162 2680 siquidem
1209 2609 1580 2678 conjecturam
1614 2609 1773 2674 dicis,

205 2682 337 2750 quod
388 2697 484 2747 per
521 2697 587 2736 se
624 2691 834 2733 certum
883 2679 987 2741 est,
1020 2682 1294 2733 immerito
1341 2679 1684 2750 Reuaudotio
1736 2681 1770 2733 Ι.

208 2747 336 2821 il,p.
382 2751 508 2815 578,
539 2751 722 2806 futilis
775 2765 950 2820 neque
994 2751 1120 2804 uilis
1168 2750 1506 2820 argumentis
1551 2747 1777 2803 fundata

1885 1964 1992 2018 nisi
2020 1980 2140 2033 qua:
2171 1965 2223 2018 in
2271 1975 2439 2028 cmtn,
2464 1965 2550 2018 cui
2597 1964 2851 2018 destinati
2905 1971 3055 2027 sunt,
3102 1973 3318 2033 recepta
3353 1973 3456 2017 est.

1885 2051 2301 2108 Nestorianismi
2354 2062 2532 2108 autem
2575 2053 2773 2107 indicia
2815 2052 3103 2107 manifesta
3134 2067 3239 2107 non
3281 2053 3458 2106 solum

1887 2139 2120 2196 Nestorii
2161 2143 2254 2195 illa
2303 2143 2546 2211 liturgia,
2588 2151 2647 2195 ut
2685 2143 2930 2196 lienaud.
2971 2143 3007 2196 Ι.
3033 2143 3070 2197 l.
3108 2158 3160 2212 p.
3191 2141 3456 2207 645,644,

1885 2235 2180 2295 existimat,
2210 2233 2301 2288 sed
2331 2235 2551 2303 reliqua:
2582 2234 2744 2287 etiam
2775 2235 3076 2296 continent,
3107 2249 3169 2289 ea
3204 2234 3458 2289 nimirum

1887 2340 2010 2396 quae
2033 2324 2088 2379 in
2120 2326 2368 2396 liturgias
2393 2325 2589 2380 cadere
2617 2334 2867 2395 possunt.
3226 2325 3230 2329 ’

1885 2612 2103 2688 dici_t_u_r_.
2127 2613 2458 2688 Argumenta
2496 2613 2661 2688 credo
2705 2621 2789 2688 sat
2827 2616 2996 2688 multa
3033 2615 3458 2688 suppeditabunt

1884 2686 2020 2737 varii
2048 2683 2501 2739 Nestorianorum
2535 2686 2658 2738 libri
2685 2685 2958 2740 missales.

229 2895 3440 2933 MM

1347 3073 2316 3200 EXCERPTUM

379 3328 550 3419 ΕΧ
633 3326 1070 3420 LEONIS
1125 3323 1599 3412 ALLATII
1659 3322 2217 3411 DIATRIBA
2297 3324 2441 3410 DE
2518 3322 3223 3416 THEODORIS

1597 3518 1781 3579 (Non.
1817 3519 2031 3599 LXV.)

630 3688 819 3752 (Edidit
841 3695 894 3736 et
916 3689 1045 3736 notis
1070 3687 1330 3736 illustravit
1353 3686 1483 3735 card.
1513 3687 1706 3746 Angelo
1736 3685 1850 3743 ΜΑΙ,
1871 3685 1920 3734 in
1947 3683 2235 3736 Bibliotheca
2255 3701 2377 3738 nova
2399 3690 2623 3746 Patrum,
2652 3697 2686 3739 t.
2712 3691 2792 3750 Vl,
2819 3705 2864 3754 p.
2893 3692 3025 3752 116.)

1811 3859 1881 3869 -ι-

273 4005 594 4061 Theodorus
643 4003 1061 4073 Mopsuestenus
1104 4001 1397 4057 Diodorum
1446 4001 1602 4056 Tarsi
1657 4004 1776 4071 epi-
1808 3991 1849 4047 C
1887 4010 1999 4055 tum
2038 4002 2164 4057 vita:
2218 4003 2532 4059 institutum
2584 4008 2764 4062 denuo
2801 4009 3192 4073 exosculatus,
3249 4026 3450 4082 usque-

213 4109 422 4163 scopum
453 4095 672 4159 audiit,
701 4101 753 4149 et
781 4091 1099 4146 Flavianum
1129 4093 1484 4147 Antiochense
1522 4093 1780 4148 Ecclesiae

215 4188 535 4253 antistitem;
564 4202 868 4254 eorumque
889 4184 1235 4255 dogmatibus
1255 4187 1528 4240 enutritus
1554 4194 1607 4240 et
1634 4186 1782 4238 clare

213 4286 362 4348 atque
409 4279 634 4333 fortiter
677 4279 962 4334 elaborare
998 4277 1260 4342 edoctus,
1308 4285 1367 4330 ut
1417 4279 1493 4332 ait
1537 4277 1781 4332 Domnus

214 4370 574 4428 Antiochenus
613 4372 683 4424 ad
713 4370 1063 4425 Theodosium
1090 4372 1459 4437 imperatorem
1481 4411 1494 4434 ,
1537 4381 1589 4426 ct
1617 4370 1781 4427 Joan-

210 4473 297 4516 nes
329 4463 378 4516 in
403 4479 503 4519 sua
539 4463 611 4516 ad
643 4463 923 4516 concilium
950 4461 1305 4516 Orientalium
1333 4464 1578 4529 epistola,
1607 4465 1778 4520 haere-

211 4554 426 4610 ticorum
459 4558 705 4611 catervis
757 4555 1040 4609 immissus
1072 4563 1176 4608 est.
1211 4553 1332 4609 Fuit
1375 4555 1603 4611 Joannis
1635 4557 1779 4611 Con-

213 4647 678 4720 stantinopolitani
712 4647 960 4717 epiSCOpi
993 4646 1436 4716 condiscipulus,
1469 4647 1778 4716 erudiitque

213 4737 536 4804 Nestorium,
580 4747 642 4792 ut
673 4748 868 4807 printer
904 4737 1042 4791 alios
1071 4737 1235 4790 habet
1269 4735 1531 4807 Evagrius
1571 4737 1776 4793 Hister.

213 4831 379 4884 πρίει.
411 4833 506 4886 lib.
545 4847 582 4893 ι,
618 4844 738 4898 cap.
775 4829 830 4893 2,
863 4835 918 4882 et
949 4827 1341 4881 Anthiochenae
1375 4828 1631 4884 Ecclesia:
1664 4841 1776 4882 tum

214 4921 318 4988 ipse
346 4922 699 4983 Theodorus,
741 4930 857 4973 tum
903 4919 1220 4983 Nestorius,
1253 4919 1511 4976 exstitere
1555 4921 1782 4991 presby-

213 5015 325 5067 teri.
348 5013 451 5068 Sed
472 5012 825 5068 Theodorum
853 5011 1292 5080 Mopsuestcnum
1313 5009 1626 5080 episcopum
1655 5027 1780 5065 con-

213 5104 513 5159 cionantem
589 5103 892 5157 Antiochia:
951 5102 1206 5156 audiebat
1255 5100 1544 5156 Nestorius
1600 5103 1778 5157 adhuc

212 5198 504 5268 presbyter,
544 5196 776 5264 insignis
815 5204 868 5248 et
901 5195 1016 5262 ipse
1056 5193 1108 5246 in
1149 5192 1430 5254 docendo,
1466 5202 1524 5246 ut
1558 5191 1778 5248 Genua-

1881 4107 1990 4160 qno
2035 4091 2189 4146 licuit
2226 4093 2585 4148 continuavit.
2630 4095 2871 4151 Tandem
2903 4097 3195 4168 episcopus
3229 4099 3406 4158 factus
3434 4144 3448 4164 ,

1882 4182 1936 4235 in
1967 4198 2098 4252 pace
2141 4184 2423 4239 catholica:
2459 4188 2899 4254 communionis,
2940 4204 3050 4243 non
3104 4191 3280 4244 solum
3333 4195 3452 4248 sine

1884 4278 1990 4333 ulla
2027 4282 2265 4350 querela,
2307 4281 2400 4337 sed
2448 4284 2612 4336 etiam
2645 4299 2769 4338 cum
2809 4283 2982 4354 gloria
3023 4299 3217 4354 magna
3253 4283 3451 4338 defun-

1882 4379 2042 4433 ctus,
2081 4379 2139 4425 ut
2178 4381 2331 4427 notat
2381 4373 2670 4429 Facundus
2709 4373 3120 4431 liertnianensis
3155 4393 3251 4445 pro
3292 4377 3450 4428 trium

1882 4460 2236 4528 capitulorum
2272 4461 2572 4532 defensioue
2603 4465 2698 4519 lib.
2733 4479 2855 4529 vttt,
2888 4480 3011 4536 cap.
3050 4465 3099 4532 l,
3151 4481 3214 4520 ex
3244 4463 3452 4519 Joanne

1884 4551 2259 4618 Antiocheno,
2289 4555 2556 4624 agonibus
2591 4556 2853 4612 adversus
2889 4557 3155 4621 Arianos,
3187 4567 3240 4612 et
3267 4556 3451 4610 Euno-

1882 4647 2130 4710 mianos,
2169 4656 2222 4702 et
2273 4645 2410 4706 alios
2465 4645 2752 4701 haereticos
2800 4645 3049 4716 plurimis
3088 4662 3183 4716 per
3235 4661 3449 4699 onmem

1881 4755 2035 4793 suam
2067 4740 2229 4793 vitam
2257 4740 2459 4809 ubique
2490 4739 2803 4804 decoratur,
2833 4750 2886 4795 et
2921 4754 2952 4792 a
2983 4741 3192 4812 synodo
3223 4740 3450 4795 Chalce-

1881 4831 2144 4893 donensi,
2178 4847 2206 4883 a
2241 4829 2450 4885 Joanne
2475 4829 3084 4901 Constantinopolitano
3123 4839 3284 4901 atque
3312 4829 3450 4885 Gre-

1881 4923 2035 4992 gorio
2088 4921 2466 4988 Nazianzeno,
2502 4931 2818 4992 superstes,
2849 4931 2903 4977 et
2952 4929 3076 4992 post
3123 4923 3331 4977 obitum
3361 4961 3375 4984 ,
3419 4937 3450 4974 a

1880 5013 2086 5069 Joanne
2113 5023 2166 5068 et
2190 5014 2397 5069 Domno
2418 5013 2793 5080 Antiochenis,
2822 5022 2876 5069 et
2900 5020 3009 5068 tota
3027 5013 3237 5084 synodo
3259 5011 3450 5066 Orien-

1881 5105 1973 5168 tis,
2006 5117 2169 5174 atque
2201 5104 2405 5176 Cyrillo
2434 5104 2824 5170 Alexandrino,
2860 5110 2915 5159 et
2947 5103 3142 5157 Proclo
3179 5103 3450 5158 Constan-

1882 5196 2238 5266 linopolitano
2271 5207 2462 5250 contra
2498 5196 2938 5250 adversariorum
2967 5195 3269 5250 calumnias
3303 5193 3451 5247 mul-

208 5289 319 5343 dius
360 5305 486 5358 cap.
546 5288 616 5342 55
657 5295 912 5348 testatur,
941 5293 995 5339 et
1033 5301 1097 5339 ex
1131 5295 1373 5354 tempore
1416 5284 1770 5341 declamator.
1805 5321 1851 5375 Β
1881 5287 2049 5356 tiplici
2088 5287 2301 5342 ratione
2347 5287 2682 5342 defenditur.
2725 5287 2791 5340 Et
2834 5302 2996 5350 sane,
3029 5301 3152 5341 cum
3184 5284 3362 5339 adhuc
3392 5285 3449 5338 in

210 5378 503 5449 Antequam
551 5376 888 5448 episcopatui
925 5383 1205 5446 praeesset,
1240 5377 1293 5428 in
1327 5391 1575 5429 eremum
1619 5392 1774 5431 sece-

210 5471 329 5524 dens
369 5471 676 5523 solitariam
720 5469 886 5520 vitam
941 5467 1085 5536 egit,
1127 5466 1220 5520 sed
1274 5466 1458 5520 mundi
1505 5467 1777 5522 illecebris

211 5569 255 5610 et
293 5561 522 5614 luxuriae
561 5559 830 5612 sordibus
881 5559 1173 5628 pellectus,
1221 5572 1384 5626 quam
1435 5559 1776 5625 amplexatus

213 5657 374 5704 Inerat
397 5651 525 5704 vita:
569 5651 687 5704 vale
726 5651 950 5712 dicens,
997 5649 1051 5702 in
1100 5649 1362 5702 mundum
1411 5648 1673 5718 confugit,
1723 5659 1776 5705 et

213 5741 445 5795 desertor
475 5742 653 5796 factus
680 5749 764 5796 est
791 5759 806 5796 :
833 5741 1178 5810 postmodum
1208 5740 1372 5794 dictis
1395 5740 1771 5811 Chrysostomi

215 5835 557 5904 resipiscens,
586 5834 908 5892 delictorum
941 5834 1155 5891 veniam
1187 5835 1464 5902 impetrat,
1498 5841 1553 5890 et
1586 5832 1773 5890 descr-

1882 5375 2017 5429 vivis
2039 5383 2206 5441 esset,
2240 5376 2310 5429 ob
2337 5376 2586 5446 dogmata
2618 5375 2852 5430 neminis
2879 5374 3232 5429 offensionem
3263 5373 3450 5427 incur-

1877 5465 2018 5521 risse
2058 5467 2250 5534 probat
2283 5483 2500 5536 quoque
2529 5467 2790 5522 Leontius
2820 5465 2896 5520 De
2941 5465 3095 5518 sectis
3128 5473 3237 5518 act.
3286 5481 3359 5527 ιν,
3392 5465 3447 5518 5.

1874 5557 2006 5625 Περὶ⁶
2052 5554 2106 5607 δὲ
2137 5556 2263 5618 τοὺς
2294 5556 2517 5626 χρόνους
2560 5558 2802 5620 ἐκείνους
2844 5554 3092 5624 ἐγένοντο
3123 5554 3216 5608 δύο
3259 5555 3451 5622 ἄνδρες

1877 5647 2120 5719 μεγάλοι,
2150 5647 2408 5718 Διόδωρος
2430 5651 2458 5701 ὁ
2482 5647 2694 5720 Ταρσοῦ
2724 5649 3038 5714 ἐπίσκοπος,
3065 5646 3157 5700 καὶ
3176 5645 3450 5719 Θεόδωρος

1877 5743 1906 5794 ὁ
1935 5739 2322 5809 Μοψουεστίας,
2351 5742 2402 5792 οἱ
2427 5758 2568 5804 τινες
2597 5742 3030 5810 ἀντηγωνίσαντο
3061 5741 3199 5812 πρὸς
3237 5741 3452 5812 ’Δρειοι-

1881 5834 2022 5895 νοὺς,
2039 5833 2132 5886 καὶ
2155 5833 2500 5898 Μακεδόνων,
2531 5835 2625 5889 καὶ
2657 5834 3185 5907 Ἀπολλινάριον,κσὶ
3197 5834 3296 5904 τὴν
3319 5832 3446 5904 ὃλην
