  <div class='ocr_page' id='page_1' title='image "/cluster/home/n/w/nwhite01/storage/ocr_20150623/66/hvd.32044020183315/045.png"; bbox 0 0 3994 6516; ppageno 0'>
   <div class='ocr_carea' id='block_1_1' title="bbox 475 323 3736 407">
    <p class='ocr_par' dir='ltr' id='par_1_1' title="bbox 475 323 3736 407">
     <span class='ocr_line' id='line_1_1' title="bbox 475 323 3736 407; baseline -0.008 0"><span class='ocrx_word' id='word_1_1' title='bbox 475 351 549 407; x_wconf 79' lang='lat'><strong><em>19</em></strong></span> <span class='ocrx_word' id='word_1_2' title='bbox 1745 340 1832 399; x_wconf 70' lang='lat' dir='ltr'><strong><em>ex</em></strong></span> <span class='ocrx_word' id='word_1_3' title='bbox 1867 339 2115 398; x_wconf 81' lang='lat' dir='ltr'><strong><em>LEONIS</em></strong></span> <span class='ocrx_word' id='word_1_4' title='bbox 2152 336 2430 394; x_wconf 69' lang='lat' dir='ltr'><strong><em>ALLATll</em></strong></span> <span class='ocrx_word' id='word_1_5' title='bbox 3537 397 3540 402; x_wconf 27' lang='grc'><strong><em>,</em></strong></span> <span class='ocrx_word' id='word_1_6' title='bbox 3668 323 3736 380; x_wconf 79' lang='lat' dir='ltr'><strong><em>so</em></strong></span> 
     </span>
    </p>
   </div>
   <div class='ocr_carea' id='block_1_2' title="bbox 476 441 3739 539">
    <p class='ocr_par' dir='ltr' id='par_1_2' title="bbox 476 441 3739 539">
     <span class='ocr_line' id='line_1_2' title="bbox 476 441 3739 539; baseline -0.009 -17"><span class='ocrx_word' id='word_1_7' title='bbox 476 461 700 539; x_wconf 79' lang='grc' dir='ltr'><strong>Γραφὴν</strong></span> <span class='ocrx_word' id='word_1_8' title='bbox 730 463 1203 536; x_wconf 81' lang='grc' dir='ltr'><strong>ὑπεμνημάτισαν,</strong></span> <span class='ocrx_word' id='word_1_9' title='bbox 1243 459 1338 515; x_wconf 72' lang='grc' dir='ltr'><strong>καὶ</strong></span> <span class='ocrx_word' id='word_1_10' title='bbox 1384 462 1442 515; x_wconf 87' lang='grc' dir='ltr'><strong><em>ἐν</em></strong></span> <span class='ocrx_word' id='word_1_11' title='bbox 1473 461 1608 531; x_wconf 80' lang='grc' dir='ltr'><strong>τιμῇ</strong></span> <span class='ocrx_word' id='word_1_12' title='bbox 1643 458 1796 522; x_wconf 74' lang='grc' dir='ltr'><strong>ὅντες</strong></span> <span class='ocrx_word' id='word_1_13' title='bbox 1847 456 2060 530; x_wconf 81' lang='grc' dir='ltr'><strong><em>μεγάλῃ</em></strong></span> <span class='ocrx_word' id='word_1_14' title='bbox 2088 459 2134 516; x_wconf 77' lang='grc' dir='ltr'>Α</span> <span class='ocrx_word' id='word_1_15' title='bbox 2161 453 2250 506; x_wconf 80' lang='grc' dir='ltr'><strong>τὸν</strong></span> <span class='ocrx_word' id='word_1_16' title='bbox 2280 452 2590 522; x_wconf 82' lang='grc' dir='ltr'><strong>Θεόδωρον;</strong></span> <span class='ocrx_word' id='word_1_17' title='bbox 2618 451 2739 504; x_wconf 90' lang='grc' dir='ltr'><strong>Ὅτι</strong></span> <span class='ocrx_word' id='word_1_18' title='bbox 2763 446 3037 502; x_wconf 73' lang='grc' dir='ltr'><strong>καὶτοῦτο</strong></span> <span class='ocrx_word' id='word_1_19' title='bbox 3062 446 3326 518; x_wconf 85' lang='grc' dir='ltr'><strong>πρότερον</strong></span> <span class='ocrx_word' id='word_1_20' title='bbox 3354 441 3555 513; x_wconf 82' lang='grc' dir='ltr'><strong>μᾶλλον</strong></span> <span class='ocrx_word' id='word_1_21' title='bbox 3583 442 3739 509; x_wconf 85' lang='grc' dir='ltr'><strong>ἐγκα-</strong></span> 
     </span>
    </p>
   </div>
   <div class='ocr_carea' id='block_1_3' title="bbox 473 548 2056 624">
    <p class='ocr_par' dir='ltr' id='par_1_3' title="bbox 473 548 2056 624">
     <span class='ocr_line' id='line_1_3' title="bbox 473 548 2056 624; baseline -0.009 -10"><span class='ocrx_word' id='word_1_22' title='bbox 473 557 876 620; x_wconf 69' lang='grc' dir='ltr'><strong>ἁπέθανον,καὶ</strong></span> <span class='ocrx_word' id='word_1_23' title='bbox 903 555 1080 618; x_wconf 74' lang='grc' dir='ltr'><strong>οὐδεὶς</strong></span> <span class='ocrx_word' id='word_1_24' title='bbox 1114 556 1173 608; x_wconf 88' lang='grc' dir='ltr'><strong><em>ἐν</em></strong></span> <span class='ocrx_word' id='word_1_25' title='bbox 1201 556 1271 624; x_wconf 84' lang='grc' dir='ltr'><strong>τῇ</strong></span> <span class='ocrx_word' id='word_1_26' title='bbox 1302 552 1416 624; x_wconf 75' lang='grc' dir='ltr'><strong><em>ζωῇ</em></strong></span> <span class='ocrx_word' id='word_1_27' title='bbox 1445 552 1625 605; x_wconf 75' lang='grc' dir='ltr'><strong>αὐτῶν</strong></span> <span class='ocrx_word' id='word_1_28' title='bbox 1653 548 1950 607; x_wconf 80' lang='grc' dir='ltr'><strong>ἐπελάὸετό</strong></span> <span class='ocrx_word' id='word_1_29' title='bbox 1976 565 2056 600; x_wconf 87' lang='grc' dir='ltr'><strong><em>τι-</em></strong></span> 
     </span>
    </p>
   </div>
   <div class='ocr_carea' id='block_1_4' title="bbox 477 637 2053 715">
    <p class='ocr_par' dir='ltr' id='par_1_4' title="bbox 477 637 2053 715">
     <span class='ocr_line' id='line_1_4' title="bbox 477 637 2053 715; baseline -0.009 -12"><span class='ocrx_word' id='word_1_30' title='bbox 477 665 565 712; x_wconf 82' lang='grc' dir='ltr'><strong><em>νος</em></strong></span> <span class='ocrx_word' id='word_1_31' title='bbox 602 647 803 709; x_wconf 75' lang='grc' dir='ltr'><strong>αὐτῶν,</strong></span> <span class='ocrx_word' id='word_1_32' title='bbox 825 646 940 701; x_wconf 77' lang='grc' dir='ltr'><strong>ἀλλ’</strong></span> <span class='ocrx_word' id='word_1_33' title='bbox 963 643 1215 715; x_wconf 80' lang='grc' dir='ltr'><strong>ἐγκώμια</strong></span> <span class='ocrx_word' id='word_1_34' title='bbox 1241 643 1488 714; x_wconf 70' lang='grc' dir='ltr'><strong>ἔγραψαν</strong></span> <span class='ocrx_word' id='word_1_35' title='bbox 1513 645 1592 706; x_wconf 85' lang='grc' dir='ltr'><strong><em>είς</em></strong></span> <span class='ocrx_word' id='word_1_36' title='bbox 1623 641 1820 703; x_wconf 78' lang='grc' dir='ltr'><strong>αὐτοὺς</strong></span> <span class='ocrx_word' id='word_1_37' title='bbox 1849 637 2053 691; x_wconf 83' lang='grc' dir='ltr'><strong>πολλοί·</strong></span> 
     </span>
    </p>
   </div>
   <div class='ocr_carea' id='block_1_5' title="bbox 476 729 2058 808">
    <p class='ocr_par' dir='ltr' id='par_1_5' title="bbox 476 729 2058 808">
     <span class='ocr_line' id='line_1_5' title="bbox 476 729 2058 808; baseline -0.009 -14"><span class='ocrx_word' id='word_1_38' title='bbox 476 741 572 794; x_wconf 76' lang='grc' dir='ltr'><strong><em>καὶ</em></strong></span> <span class='ocrx_word' id='word_1_39' title='bbox 603 739 880 802; x_wconf 87' lang='grc' dir='ltr'><strong>Βασίλειος</strong></span> <span class='ocrx_word' id='word_1_40' title='bbox 898 737 1010 808; x_wconf 81' lang='grc' dir='ltr'><strong><em>γάρ</em></strong></span> <span class='ocrx_word' id='word_1_41' title='bbox 1037 737 1235 800; x_wconf 73' lang='grc' dir='ltr'><strong>αὐτοὺς</strong></span> <span class='ocrx_word' id='word_1_42' title='bbox 1267 733 1639 804; x_wconf 79' lang='grc' dir='ltr'><strong>ἐγκωμιάζει,</strong></span> <span class='ocrx_word' id='word_1_43' title='bbox 1669 732 1764 785; x_wconf 63' lang='grc' dir='ltr'><strong><em>καί¹</em></strong></span> <span class='ocrx_word' id='word_1_44' title='bbox 1805 729 2058 798; x_wconf 78' lang='grc' dir='ltr'><strong><em>Ἰωάννης</em></strong></span> 
     </span>
    </p>
   </div>
   <div class='ocr_carea' id='block_1_6' title="bbox 475 821 2057 903">
    <p class='ocr_par' dir='ltr' id='par_1_6' title="bbox 475 821 2057 903">
     <span class='ocr_line' id='line_1_6' title="bbox 475 821 2057 903; baseline -0.01 -17"><span class='ocrx_word' id='word_1_45' title='bbox 475 835 504 886; x_wconf 91' lang='lat'><strong><em>6</em></strong></span> <span class='ocrx_word' id='word_1_46' title='bbox 520 830 565 886; x_wconf 83' lang='grc' dir='ltr'>Χ</span> <span class='ocrx_word' id='word_1_47' title='bbox 573 831 922 903; x_wconf 84' lang='grc' dir='ltr'><strong>ρυσόστομος.</strong></span> <span class='ocrx_word' id='word_1_48' title='bbox 945 828 1214 899; x_wconf 80' lang='grc' dir='ltr'><strong>’Ύστερον</strong></span> <span class='ocrx_word' id='word_1_49' title='bbox 1233 827 1290 880; x_wconf 69' lang='grc' dir='ltr'><strong><em>δὲ</em></strong></span> <span class='ocrx_word' id='word_1_50' title='bbox 1311 824 1630 894; x_wconf 81' lang='grc' dir='ltr'><strong><em>κινουμένου</em></strong></span> <span class='ocrx_word' id='word_1_51' title='bbox 1643 821 1737 875; x_wconf 78' lang='grc' dir='ltr'><strong>τοῦ</strong></span> <span class='ocrx_word' id='word_1_52' title='bbox 1760 821 2057 892; x_wconf 74' lang='grc' dir='ltr'><strong>Νεστοριαο</strong></span> 
     </span>
    </p>
   </div>
   <div class='ocr_carea' id='block_1_7' title="bbox 475 909 2061 990">
    <p class='ocr_par' dir='ltr' id='par_1_7' title="bbox 475 909 2061 990">
     <span class='ocr_line' id='line_1_7' title="bbox 475 909 2061 990; baseline -0.009 -14"><span class='ocrx_word' id='word_1_53' title='bbox 475 923 569 976; x_wconf 72' lang='grc' dir='ltr'><strong>νοῦ</strong></span> <span class='ocrx_word' id='word_1_54' title='bbox 601 922 889 990; x_wconf 83' lang='grc' dir='ltr'><strong>δόγματος,</strong></span> <span class='ocrx_word' id='word_1_55' title='bbox 916 918 1240 990; x_wconf 75' lang='grc' dir='ltr'><strong><em>ἠναγκάσθη</em></strong></span> <span class='ocrx_word' id='word_1_56' title='bbox 1269 915 1549 986; x_wconf 75' lang='grc' dir='ltr'><strong>Κύριλλος,</strong></span> <span class='ocrx_word' id='word_1_57' title='bbox 1578 915 1608 966; x_wconf 93' lang='lat'><strong><em>6</em></strong></span> <span class='ocrx_word' id='word_1_58' title='bbox 1643 911 1832 984; x_wconf 83' lang='grc' dir='ltr'><strong>πρώην</strong></span> <span class='ocrx_word' id='word_1_59' title='bbox 1863 909 2061 972; x_wconf 64' lang='grc' dir='ltr'><strong>αὐτοὺς</strong></span> 
     </span>
    </p>
   </div>
   <div class='ocr_carea' id='block_1_8' title="bbox 477 999 2059 1075">
    <p class='ocr_par' dir='ltr' id='par_1_8' title="bbox 477 999 2059 1075">
     <span class='ocr_line' id='line_1_8' title="bbox 477 999 2059 1075; baseline -0.009 -10"><span class='ocrx_word' id='word_1_60' title='bbox 477 1011 736 1074; x_wconf 71' lang='grc' dir='ltr'><strong>ἐπαινῶν,</strong></span> <span class='ocrx_word' id='word_1_61' title='bbox 767 1009 906 1063; x_wconf 66' lang='grc' dir='ltr'><strong>κατὰ</strong></span> <span class='ocrx_word' id='word_1_62' title='bbox 934 1007 1044 1060; x_wconf 81' lang='grc' dir='ltr'><strong>τῶν</strong></span> <span class='ocrx_word' id='word_1_63' title='bbox 1077 1003 1528 1075; x_wconf 72' lang='grc' dir='ltr'><strong><em>συγγραμμάτων</em></strong></span> <span class='ocrx_word' id='word_1_64' title='bbox 1583 1001 1763 1054; x_wconf 73' lang='grc' dir='ltr'><strong>αὐτῶν</strong></span> <span class='ocrx_word' id='word_1_65' title='bbox 1812 999 2024 1070; x_wconf 74' lang='grc' dir='ltr'><strong>γράψαι</strong></span> <span class='ocrx_word' id='word_1_66' title='bbox 2044 1037 2059 1060; x_wconf 87' lang='grc'><strong><em>,</em></strong></span> 
     </span>
    </p>
   </div>
   <div class='ocr_carea' id='block_1_9' title="bbox 478 1088 2062 1173">
    <p class='ocr_par' dir='ltr' id='par_1_9' title="bbox 478 1088 2062 1173">
     <span class='ocr_line' id='line_1_9' title="bbox 478 1088 2062 1173; baseline -0.011 -17"><span class='ocrx_word' id='word_1_67' title='bbox 478 1103 666 1173; x_wconf 78' lang='grc' dir='ltr'><strong>ἐπειδὴ</strong></span> <span class='ocrx_word' id='word_1_68' title='bbox 694 1103 788 1158; x_wconf 81' lang='grc' dir='ltr'><strong><em>ἀπ’</em></strong></span> <span class='ocrx_word' id='word_1_69' title='bbox 809 1100 988 1154; x_wconf 75' lang='grc' dir='ltr'><strong>αὐτῶν</strong></span> <span class='ocrx_word' id='word_1_70' title='bbox 1010 1097 1320 1170; x_wconf 78' lang='grc' dir='ltr'><strong>ἰσχυρίζετο</strong></span> <span class='ocrx_word' id='word_1_71' title='bbox 1341 1096 1402 1148; x_wconf 83' lang='grc' dir='ltr'><strong>τὸ</strong></span> <span class='ocrx_word' id='word_1_72' title='bbox 1428 1094 1604 1162; x_wconf 88' lang='grc' dir='ltr'><strong>δόγμα</strong></span> <span class='ocrx_word' id='word_1_73' title='bbox 1627 1090 1790 1145; x_wconf 77' lang='grc' dir='ltr'><strong>αὑτοῦ</strong></span> <span class='ocrx_word' id='word_1_74' title='bbox 1811 1092 1839 1142; x_wconf 92' lang='lat'><strong><em>6</em></strong></span> <span class='ocrx_word' id='word_1_75' title='bbox 1861 1088 2062 1142; x_wconf 79' lang='grc' dir='ltr'><strong>Νεστό-</strong></span> 
     </span>
    </p>
   </div>
   <div class='ocr_carea' id='block_1_10' title="bbox 480 1179 2059 1268">
    <p class='ocr_par' dir='ltr' id='par_1_10' title="bbox 480 1179 2059 1268">
     <span class='ocr_line' id='line_1_10' title="bbox 480 1179 2059 1268; baseline -0.027 1"><span class='ocrx_word' id='word_1_76' title='bbox 480 1210 617 1268; x_wconf 80' lang='grc' dir='ltr'><strong>ριος’</strong></span> <span class='ocrx_word' id='word_1_77' title='bbox 652 1192 1201 1265; x_wconf 74' lang='grc' dir='ltr'><strong><em>ὑττομνημ.ατίσαντες</em></strong></span> <span class='ocrx_word' id='word_1_78' title='bbox 1225 1188 1334 1259; x_wconf 80' lang='grc' dir='ltr'><strong><em>γάρ</em></strong></span> <span class='ocrx_word' id='word_1_79' title='bbox 1355 1181 1501 1240; x_wconf 72' lang='grc' dir='ltr'><strong>οὗτοι</strong></span> <span class='ocrx_word' id='word_1_80' title='bbox 1517 1186 1615 1255; x_wconf 76' lang='grc' dir='ltr'><strong>τὴν</strong></span> <span class='ocrx_word' id='word_1_81' title='bbox 1640 1183 1796 1252; x_wconf 86' lang='grc' dir='ltr'>ἁγίαν</span> <span class='ocrx_word' id='word_1_82' title='bbox 1819 1179 2059 1251; x_wconf 64' lang='grc' dir='ltr'><strong>Γραφὴν,</strong></span> 
     </span>
    </p>
   </div>
   <div class='ocr_carea' id='block_1_11' title="bbox 479 1275 2064 1358">
    <p class='ocr_par' dir='ltr' id='par_1_11' title="bbox 479 1275 2064 1358">
     <span class='ocr_line' id='line_1_11' title="bbox 479 1275 2064 1358; baseline -0.012 -16"><span class='ocrx_word' id='word_1_83' title='bbox 479 1289 579 1342; x_wconf 73' lang='grc' dir='ltr'><strong><em>οὐκ</em></strong></span> <span class='ocrx_word' id='word_1_84' title='bbox 598 1287 832 1358; x_wconf 72' lang='grc' dir='ltr'><strong>ἔστησαν</strong></span> <span class='ocrx_word' id='word_1_85' title='bbox 865 1286 996 1357; x_wconf 77' lang='grc' dir='ltr'><strong>ἄχρι</strong></span> <span class='ocrx_word' id='word_1_86' title='bbox 1029 1283 1122 1338; x_wconf 77' lang='grc' dir='ltr'><strong>τοῦ</strong></span> <span class='ocrx_word' id='word_1_87' title='bbox 1156 1283 1388 1343; x_wconf 79' lang='grc' dir='ltr'><strong>δέοντος⁶</strong></span> <span class='ocrx_word' id='word_1_88' title='bbox 1419 1278 1555 1333; x_wconf 81' lang='grc' dir='ltr'><strong>ἀλλὰ</strong></span> <span class='ocrx_word' id='word_1_89' title='bbox 1591 1275 1942 1346; x_wconf 79' lang='grc' dir='ltr'><strong><em>βουληθέντες</em></strong></span> <span class='ocrx_word' id='word_1_90' title='bbox 1971 1289 2064 1342; x_wconf 69' lang='grc' dir='ltr'><strong>μευ</strong></span> 
     </span>
    </p>
   </div>
   <div class='ocr_carea' id='block_1_12' title="bbox 481 1364 2064 1452">
    <p class='ocr_par' dir='ltr' id='par_1_12' title="bbox 481 1364 2064 1452">
     <span class='ocr_line' id='line_1_12' title="bbox 481 1364 2064 1452; baseline -0.009 -20"><span class='ocrx_word' id='word_1_91' title='bbox 481 1380 631 1452; x_wconf 85' lang='grc' dir='ltr'><strong>ρίσαι</strong></span> <span class='ocrx_word' id='word_1_92' title='bbox 659 1379 760 1442; x_wconf 78' lang='grc' dir='ltr'><strong><em>τὰς</em></strong></span> <span class='ocrx_word' id='word_1_93' title='bbox 797 1379 856 1431; x_wconf 92' lang='grc' dir='ltr'><strong><em>ἐν</em></strong></span> <span class='ocrx_word' id='word_1_94' title='bbox 877 1379 944 1448; x_wconf 80' lang='grc' dir='ltr'><strong>τῇ</strong></span> <span class='ocrx_word' id='word_1_95' title='bbox 975 1377 1108 1446; x_wconf 79' lang='grc' dir='ltr'><strong>ἁγίᾳ</strong></span> <span class='ocrx_word' id='word_1_96' title='bbox 1136 1375 1351 1446; x_wconf 82' lang='grc' dir='ltr'><strong><em>Γραφῇ,</em></strong></span> <span class='ocrx_word' id='word_1_97' title='bbox 1375 1369 1582 1440; x_wconf 76' lang='grc' dir='ltr'><strong>φωνάς,</strong></span> <span class='ocrx_word' id='word_1_98' title='bbox 1614 1368 1713 1431; x_wconf 84' lang='grc' dir='ltr'><strong>τὰς</strong></span> <span class='ocrx_word' id='word_1_99' title='bbox 1740 1367 1836 1437; x_wconf 80' lang='grc' dir='ltr'><strong><em>μὲν</em></strong></span> <span class='ocrx_word' id='word_1_100' title='bbox 1859 1368 1924 1435; x_wconf 81' lang='grc' dir='ltr'><strong>τῇ</strong></span> <span class='ocrx_word' id='word_1_101' title='bbox 1946 1364 2064 1418; x_wconf 84' lang='grc' dir='ltr'><strong>Θεό-</strong></span> 
     </span>
    </p>
   </div>
   <div class='ocr_carea' id='block_1_13' title="bbox 479 1456 2065 1542">
    <p class='ocr_par' dir='ltr' id='par_1_13' title="bbox 479 1456 2065 1542">
     <span class='ocr_line' id='line_1_13' title="bbox 479 1456 2065 1542; baseline -0.012 -17"><span class='ocrx_word' id='word_1_102' title='bbox 479 1488 623 1542; x_wconf 89' lang='grc' dir='ltr'><strong>τητι,</strong></span> <span class='ocrx_word' id='word_1_103' title='bbox 641 1469 805 1533; x_wconf 74' lang='grc' dir='ltr'><strong>τὰςδέ</strong></span> <span class='ocrx_word' id='word_1_104' title='bbox 820 1471 886 1539; x_wconf 81' lang='grc' dir='ltr'><strong>τῇ</strong></span> <span class='ocrx_word' id='word_1_105' title='bbox 902 1465 1301 1536; x_wconf 77' lang='grc' dir='ltr'><strong>ἁνθρωπότητι,</strong></span> <span class='ocrx_word' id='word_1_106' title='bbox 1315 1460 1617 1532; x_wconf 79' lang='grc' dir='ltr'><strong>εὑρέθησαν</strong></span> <span class='ocrx_word' id='word_1_107' title='bbox 1631 1458 1725 1511; x_wconf 84' lang='grc' dir='ltr'><strong>δύο</strong></span> <span class='ocrx_word' id='word_1_108' title='bbox 1741 1456 2065 1516; x_wconf 79' lang='grc' dir='ltr'><strong>ὑποστάσεις</strong></span> 
     </span>
    </p>
   </div>
   <div class='ocr_carea' id='block_1_14' title="bbox 481 1545 2070 1631">
    <p class='ocr_par' dir='ltr' id='par_1_14' title="bbox 481 1545 2070 1631">
     <span class='ocr_line' id='line_1_14' title="bbox 481 1545 2070 1631; baseline -0.011 -16"><span class='ocrx_word' id='word_1_109' title='bbox 481 1561 574 1615; x_wconf 76' lang='grc' dir='ltr'><strong>τοῦ</strong></span> <span class='ocrx_word' id='word_1_110' title='bbox 601 1559 836 1631; x_wconf 80' lang='grc' dir='ltr'><strong>Χριστοῦ</strong></span> <span class='ocrx_word' id='word_1_111' title='bbox 871 1559 965 1613; x_wconf 73' lang='grc' dir='ltr'><strong>καὶ</strong></span> <span class='ocrx_word' id='word_1_112' title='bbox 1001 1557 1265 1628; x_wconf 80' lang='grc' dir='ltr'><strong>διαίρεσιν</strong></span> <span class='ocrx_word' id='word_1_113' title='bbox 1297 1553 1628 1620; x_wconf 80' lang='grc' dir='ltr'><strong>εἰσάγοντες.</strong></span> <span class='ocrx_word' id='word_1_114' title='bbox 1663 1549 1772 1602; x_wconf 74' lang='grc' dir='ltr'><strong><em>Καὶ</em></strong></span> <span class='ocrx_word' id='word_1_115' title='bbox 1813 1547 1881 1600; x_wconf 87' lang='grc' dir='ltr'><strong>δι’</strong></span> <span class='ocrx_word' id='word_1_116' title='bbox 1933 1545 2070 1599; x_wconf 75' lang='grc' dir='ltr'><strong>αὐτὸ</strong></span> 
     </span>
    </p>
   </div>
   <div class='ocr_carea' id='block_1_15' title="bbox 479 1635 2066 1724">
    <p class='ocr_par' dir='ltr' id='par_1_15' title="bbox 479 1635 2066 1724">
     <span class='ocr_line' id='line_1_15' title="bbox 479 1635 2066 1724; baseline -0.011 -17"><span class='ocrx_word' id='word_1_117' title='bbox 479 1652 842 1724; x_wconf 65' lang='grc' dir='ltr'><strong>ὴναγκάσθηδ</strong></span> <span class='ocrx_word' id='word_1_118' title='bbox 868 1648 1133 1721; x_wconf 83' lang='grc' dir='ltr'><strong>Κύριλλος</strong></span> <span class='ocrx_word' id='word_1_119' title='bbox 1148 1647 1267 1700; x_wconf 82' lang='grc' dir='ltr'><strong>κατ’</strong></span> <span class='ocrx_word' id='word_1_120' title='bbox 1291 1644 1470 1698; x_wconf 77' lang='grc' dir='ltr'><strong>αὐτῶν</strong></span> <span class='ocrx_word' id='word_1_121' title='bbox 1508 1641 1734 1714; x_wconf 70' lang='grc' dir='ltr'><strong>γράψαι,</strong></span> <span class='ocrx_word' id='word_1_122' title='bbox 1753 1637 1938 1710; x_wconf 75' lang='grc' dir='ltr'><strong>ἐπειδὴ</strong></span> <span class='ocrx_word' id='word_1_123' title='bbox 1969 1635 2066 1690; x_wconf 82' lang='grc' dir='ltr'><strong><em>ἀπ’</em></strong></span> 
     </span>
    </p>
   </div>
   <div class='ocr_carea' id='block_1_16' title="bbox 483 1730 2065 1816">
    <p class='ocr_par' dir='ltr' id='par_1_16' title="bbox 483 1730 2065 1816">
     <span class='ocr_line' id='line_1_16' title="bbox 483 1730 2065 1816; baseline -0.012 -15"><span class='ocrx_word' id='word_1_124' title='bbox 483 1747 664 1801; x_wconf 82' lang='grc' dir='ltr'><strong>αὐτῶν</strong></span> <span class='ocrx_word' id='word_1_125' title='bbox 699 1742 1006 1816; x_wconf 76' lang='grc' dir='ltr'><strong>ἰσχυρίζετο</strong></span> <span class='ocrx_word' id='word_1_126' title='bbox 1043 1741 1104 1794; x_wconf 83' lang='grc' dir='ltr'><strong>τὸ</strong></span> <span class='ocrx_word' id='word_1_127' title='bbox 1130 1739 1308 1808; x_wconf 83' lang='grc' dir='ltr'><strong>δόγμα</strong></span> <span class='ocrx_word' id='word_1_128' title='bbox 1353 1736 1521 1790; x_wconf 75' lang='grc' dir='ltr'><strong>αὑτοῦ</strong></span> <span class='ocrx_word' id='word_1_129' title='bbox 1563 1739 1590 1789; x_wconf 94' lang='lat'><strong><em>6</em></strong></span> <span class='ocrx_word' id='word_1_130' title='bbox 1623 1733 1932 1803; x_wconf 82' lang='grc' dir='ltr'><strong>Νεστόριος.</strong></span> <span class='ocrx_word' id='word_1_131' title='bbox 1967 1730 2065 1787; x_wconf 72' lang='grc' dir='ltr'><strong><em>Διὰ</em></strong></span> 
     </span>
    </p>
   </div>
   <div class='ocr_carea' id='block_1_17' title="bbox 2163 535 3734 613">
    <p class='ocr_par' dir='ltr' id='par_1_17' title="bbox 2163 535 3734 613">
     <span class='ocr_line' id='line_1_17' title="bbox 2163 535 3734 613; baseline -0.007 -15"><span class='ocrx_word' id='word_1_132' title='bbox 2163 546 2314 598; x_wconf 85' lang='grc' dir='ltr'><strong>λέσαι</strong></span> <span class='ocrx_word' id='word_1_133' title='bbox 2341 543 2417 612; x_wconf 80' lang='grc' dir='ltr'><strong><em>τῷ</em></strong></span> <span class='ocrx_word' id='word_1_134' title='bbox 2460 543 2600 613; x_wconf 82' lang='grc' dir='ltr'><strong>ἁγίῳ</strong></span> <span class='ocrx_word' id='word_1_135' title='bbox 2633 541 2885 613; x_wconf 78' lang='grc' dir='ltr'><strong>Κυρίλλῳ</strong></span> <span class='ocrx_word' id='word_1_136' title='bbox 2916 540 3168 611; x_wconf 68' lang='grc' dir='ltr'><strong>ὤφειλον,</strong></span> <span class='ocrx_word' id='word_1_137' title='bbox 3211 539 3357 609; x_wconf 68' lang='grc' dir='ltr'><strong>ἤπερ</strong></span> <span class='ocrx_word' id='word_1_138' title='bbox 3399 539 3464 607; x_wconf 82' lang='grc' dir='ltr'><strong>τῇ</strong></span> <span class='ocrx_word' id='word_1_139' title='bbox 3507 535 3734 605; x_wconf 80' lang='grc' dir='ltr'><strong>συνόδῳ·</strong></span> 
     </span>
    </p>
   </div>
   <div class='ocr_carea' id='block_1_18' title="bbox 2163 626 3739 703">
    <p class='ocr_par' dir='ltr' id='par_1_18' title="bbox 2163 626 3739 703">
     <span class='ocr_line' id='line_1_18' title="bbox 2163 626 3739 703; baseline -0.005 -16"><span class='ocrx_word' id='word_1_140' title='bbox 2163 635 2326 697; x_wconf 74' lang='grc' dir='ltr'><strong>αὐτὸς</strong></span> <span class='ocrx_word' id='word_1_141' title='bbox 2355 630 2446 686; x_wconf 76' lang='grc' dir='ltr'><strong>οὖν</strong></span> <span class='ocrx_word' id='word_1_142' title='bbox 2477 636 2505 687; x_wconf 97' lang='lat'><strong><em>6</em></strong></span> <span class='ocrx_word' id='word_1_143' title='bbox 2541 634 2599 686; x_wconf 83' lang='grc' dir='ltr'><strong><em>ὲν</em></strong></span> <span class='ocrx_word' id='word_1_144' title='bbox 2647 633 2823 700; x_wconf 82' lang='grc' dir='ltr'><strong>ἁγίοις</strong></span> <span class='ocrx_word' id='word_1_145' title='bbox 2866 631 3134 703; x_wconf 81' lang='grc' dir='ltr'><strong>Κύριλλος</strong></span> <span class='ocrx_word' id='word_1_146' title='bbox 3183 628 3533 700; x_wconf 75' lang='grc' dir='ltr'><strong>ζητησάντων</strong></span> <span class='ocrx_word' id='word_1_147' title='bbox 3582 626 3739 679; x_wconf 81' lang='grc' dir='ltr'><strong>τινῶν</strong></span> 
     </span>
    </p>
   </div>
   <div class='ocr_carea' id='block_1_19' title="bbox 2164 712 3739 795">
    <p class='ocr_par' dir='ltr' id='par_1_19' title="bbox 2164 712 3739 795">
     <span class='ocr_line' id='line_1_19' title="bbox 2164 712 3739 795; baseline -0.01 -17"><span class='ocrx_word' id='word_1_148' title='bbox 2164 725 2266 795; x_wconf 68' lang='grc' dir='ltr'><strong>ἥδη</strong></span> <span class='ocrx_word' id='word_1_149' title='bbox 2277 723 2438 778; x_wconf 81' lang='grc' dir='ltr'><strong>ἀναοε</strong></span> <span class='ocrx_word' id='word_1_150' title='bbox 2449 722 2671 794; x_wconf 88' lang='grc' dir='ltr'><strong>ματίσαι</strong></span> <span class='ocrx_word' id='word_1_151' title='bbox 2688 722 2779 776; x_wconf 74' lang='grc' dir='ltr'><strong><em>τὸν</em></strong></span> <span class='ocrx_word' id='word_1_152' title='bbox 2789 721 3083 792; x_wconf 84' lang='grc' dir='ltr'><strong>Θεόδωρον,</strong></span> <span class='ocrx_word' id='word_1_153' title='bbox 3103 718 3348 788; x_wconf 77' lang='grc' dir='ltr'><strong>φαίνεται</strong></span> <span class='ocrx_word' id='word_1_154' title='bbox 3366 715 3591 786; x_wconf 75' lang='grc' dir='ltr'><strong>γράφων</strong></span> <span class='ocrx_word' id='word_1_155' title='bbox 3609 712 3739 783; x_wconf 68' lang='grc' dir='ltr'><strong>πρὸς</strong></span> 
     </span>
    </p>
   </div>
   <div class='ocr_carea' id='block_1_20' title="bbox 2166 802 3740 884">
    <p class='ocr_par' dir='ltr' id='par_1_20' title="bbox 2166 802 3740 884">
     <span class='ocr_line' id='line_1_20' title="bbox 2166 802 3740 884; baseline -0.009 -15"><span class='ocrx_word' id='word_1_156' title='bbox 2166 812 2432 884; x_wconf 82' lang='grc' dir='ltr'><strong>Πρόκλον,</strong></span> <span class='ocrx_word' id='word_1_157' title='bbox 2453 813 2534 866; x_wconf 81' lang='grc' dir='ltr'><strong><em>ὄτι</em></strong></span> <span class='ocrx_word' id='word_1_158' title='bbox 2554 813 2615 866; x_wconf 73' lang='grc' dir='ltr'><strong>οὐ</strong></span> <span class='ocrx_word' id='word_1_159' title='bbox 2637 812 2717 865; x_wconf 85' lang='grc' dir='ltr'><strong>δεῖ</strong></span> <span class='ocrx_word' id='word_1_160' title='bbox 2736 809 3176 880; x_wconf 68' lang='grc' dir='ltr'><strong>ἀναθεματίζεινο</strong></span> <span class='ocrx_word' id='word_1_161' title='bbox 3201 809 3248 860; x_wconf 86' lang='grc' dir='ltr'><strong>οἰ</strong></span> <span class='ocrx_word' id='word_1_162' title='bbox 3270 805 3379 876; x_wconf 74' lang='grc' dir='ltr'><strong>γὰρ</strong></span> <span class='ocrx_word' id='word_1_163' title='bbox 3416 802 3740 860; x_wconf 79' lang='grc' dir='ltr'><strong>Ἀνατολικοὶ</strong></span> 
     </span>
    </p>
   </div>
   <div class='ocr_carea' id='block_1_21' title="bbox 2167 894 3739 974">
    <p class='ocr_par' dir='ltr' id='par_1_21' title="bbox 2167 894 3739 974">
     <span class='ocr_line' id='line_1_21' title="bbox 2167 894 3739 974; baseline -0.008 -16"><span class='ocrx_word' id='word_1_164' title='bbox 2167 907 2391 968; x_wconf 81' lang='grc' dir='ltr'><strong>πάντες,</strong></span> <span class='ocrx_word' id='word_1_165' title='bbox 2415 905 2569 974; x_wconf 73' lang='grc' dir='ltr'><strong>φησὶ,</strong></span> <span class='ocrx_word' id='word_1_166' title='bbox 2599 903 2772 974; x_wconf 88' lang='grc' dir='ltr'><strong>μέγαν</strong></span> <span class='ocrx_word' id='word_1_167' title='bbox 2799 902 2983 972; x_wconf 80' lang='grc' dir='ltr'><strong>ἔχουσι</strong></span> <span class='ocrx_word' id='word_1_168' title='bbox 2999 898 3316 954; x_wconf 76' lang='grc' dir='ltr'><strong>διδάσκαλον</strong></span> <span class='ocrx_word' id='word_1_169' title='bbox 3338 896 3429 948; x_wconf 82' lang='grc' dir='ltr'><strong><em>τὸν</em></strong></span> <span class='ocrx_word' id='word_1_170' title='bbox 3449 894 3739 964; x_wconf 85' lang='grc' dir='ltr'><strong>Θεόδωρον·</strong></span> 
     </span>
    </p>
   </div>
   <div class='ocr_carea' id='block_1_22' title="bbox 2167 985 3742 1064">
    <p class='ocr_par' dir='ltr' id='par_1_22' title="bbox 2167 985 3742 1064">
     <span class='ocr_line' id='line_1_22' title="bbox 2167 985 3742 1064; baseline -0.008 -14"><span class='ocrx_word' id='word_1_171' title='bbox 2167 997 2264 1050; x_wconf 74' lang='grc' dir='ltr'><strong><em>καὶ</em></strong></span> <span class='ocrx_word' id='word_1_172' title='bbox 2291 995 2388 1048; x_wconf 78' lang='grc' dir='ltr'><strong>ἐὰν</strong></span> <span class='ocrx_word' id='word_1_173' title='bbox 2415 995 2578 1050; x_wconf 80' lang='grc' dir='ltr'><strong>αὑτὸν</strong></span> <span class='ocrx_word' id='word_1_174' title='bbox 2612 995 3124 1064; x_wconf 82' lang='grc' dir='ltr'><strong>άναθεματίσωμεν,</strong></span> <span class='ocrx_word' id='word_1_175' title='bbox 3154 990 3297 1062; x_wconf 88' lang='grc' dir='ltr'><strong>μέγα</strong></span> <span class='ocrx_word' id='word_1_176' title='bbox 3327 989 3534 1058; x_wconf 88' lang='grc' dir='ltr'><strong>σχίσμα</strong></span> <span class='ocrx_word' id='word_1_177' title='bbox 3563 985 3742 1039; x_wconf 80' lang='grc' dir='ltr'><strong>ποιοῦ-</strong></span> 
     </span>
    </p>
   </div>
   <div class='ocr_carea' id='block_1_23' title="bbox 2171 1072 3744 1159">
    <p class='ocr_par' dir='ltr' id='par_1_23' title="bbox 2171 1072 3744 1159">
     <span class='ocr_line' id='line_1_23' title="bbox 2171 1072 3744 1159; baseline -0.007 -18"><span class='ocrx_word' id='word_1_178' title='bbox 2171 1105 2270 1158; x_wconf 88' lang='grc' dir='ltr'><strong><em>μεν</em></strong></span> <span class='ocrx_word' id='word_1_179' title='bbox 2315 1090 2370 1141; x_wconf 79' lang='grc' dir='ltr'><strong><em>ἐν</em></strong></span> <span class='ocrx_word' id='word_1_180' title='bbox 2415 1091 2480 1159; x_wconf 84' lang='grc' dir='ltr'><strong>τῇ</strong></span> <span class='ocrx_word' id='word_1_181' title='bbox 2534 1087 2830 1158; x_wconf 76' lang='grc' dir='ltr'><strong><em>Ἐκκλησίᾳ⁵</em></strong></span> <span class='ocrx_word' id='word_1_182' title='bbox 2875 1085 2982 1140; x_wconf 80' lang='grc' dir='ltr'><strong><em>τῶν</em></strong></span> <span class='ocrx_word' id='word_1_183' title='bbox 3025 1081 3406 1138; x_wconf 80' lang='grc' dir='ltr'><strong>Ἀνατολικῶν·</strong></span> <span class='ocrx_word' id='word_1_184' title='bbox 3439 1074 3514 1134; x_wconf 81' lang='grc' dir='ltr'><strong>ὧν</strong></span> <span class='ocrx_word' id='word_1_185' title='bbox 3547 1072 3630 1142; x_wconf 82' lang='grc' dir='ltr'><strong><em>εἷς</em></strong></span> <span class='ocrx_word' id='word_1_186' title='bbox 3655 1079 3744 1130; x_wconf 76' lang='grc' dir='ltr'><strong><em>καὶ</em></strong></span> 
     </span>
    </p>
   </div>
   <div class='ocr_carea' id='block_1_24' title="bbox 2172 1168 3745 1250">
    <p class='ocr_par' dir='ltr' id='par_1_24' title="bbox 2172 1168 3745 1250">
     <span class='ocr_line' id='line_1_24' title="bbox 2172 1168 3745 1250; baseline -0.007 -17"><span class='ocrx_word' id='word_1_187' title='bbox 2172 1181 2322 1242; x_wconf 76' lang='grc' dir='ltr'><strong>Ἴϐας</strong></span> <span class='ocrx_word' id='word_1_188' title='bbox 2355 1178 2430 1250; x_wconf 80' lang='grc' dir='ltr'><strong>μὴ</strong></span> <span class='ocrx_word' id='word_1_189' title='bbox 2461 1179 2827 1248; x_wconf 82' lang='grc' dir='ltr'><strong>ἀνασχόμενος</strong></span> <span class='ocrx_word' id='word_1_190' title='bbox 2865 1177 3026 1231; x_wconf 79' lang='grc' dir='ltr'><strong>αὐτὸν</strong></span> <span class='ocrx_word' id='word_1_191' title='bbox 3069 1173 3494 1245; x_wconf 82' lang='grc' dir='ltr'><strong>ἁναΘεματίσαι.</strong></span> <span class='ocrx_word' id='word_1_192' title='bbox 3525 1173 3590 1224; x_wconf 83' lang='grc' dir='ltr'><strong><em>Ὃ</em></strong></span> <span class='ocrx_word' id='word_1_193' title='bbox 3616 1168 3745 1239; x_wconf 78' lang='grc' dir='ltr'><strong>γοῦν</strong></span> 
     </span>
    </p>
   </div>
   <div class='ocr_carea' id='block_1_25' title="bbox 2167 1256 3748 1341">
    <p class='ocr_par' dir='ltr' id='par_1_25' title="bbox 2167 1256 3748 1341">
     <span class='ocr_line' id='line_1_25' title="bbox 2167 1256 3748 1341; baseline -0.006 -20"><span class='ocrx_word' id='word_1_194' title='bbox 2167 1270 2196 1321; x_wconf 89' lang='lat'><strong><em>6</em></strong></span> <span class='ocrx_word' id='word_1_195' title='bbox 2222 1270 2374 1339; x_wconf 76' lang='grc' dir='ltr'><strong>ἆγιος</strong></span> <span class='ocrx_word' id='word_1_196' title='bbox 2407 1270 2674 1341; x_wconf 80' lang='grc' dir='ltr'><strong>Κύριλλος</strong></span> <span class='ocrx_word' id='word_1_197' title='bbox 2691 1267 2896 1322; x_wconf 86' lang='grc' dir='ltr'><strong>ἐκώλυε</strong></span> <span class='ocrx_word' id='word_1_198' title='bbox 2920 1309 2944 1335; x_wconf 79' lang='lat'><strong><em>,</em></strong></span> <span class='ocrx_word' id='word_1_199' title='bbox 2969 1267 3084 1332; x_wconf 84' lang='grc' dir='ltr'><strong>πῶς</strong></span> <span class='ocrx_word' id='word_1_200' title='bbox 3114 1265 3269 1319; x_wconf 81' lang='grc' dir='ltr'><strong>τοῦτο</strong></span> <span class='ocrx_word' id='word_1_201' title='bbox 3295 1264 3521 1334; x_wconf 85' lang='grc' dir='ltr'><strong>ποιῆσαι</strong></span> <span class='ocrx_word' id='word_1_202' title='bbox 3547 1256 3693 1330; x_wconf 82' lang='grc' dir='ltr'><strong>εἶχεν</strong></span> <span class='ocrx_word' id='word_1_203' title='bbox 3713 1263 3748 1330; x_wconf 77' lang='grc' dir='ltr'><strong>ἡ</strong></span> 
     </span>
    </p>
   </div>
   <div class='ocr_carea' id='block_1_26' title="bbox 2171 1354 3748 1429">
    <p class='ocr_par' dir='ltr' id='par_1_26' title="bbox 2171 1354 3748 1429">
     <span class='ocr_line' id='line_1_26' title="bbox 2171 1354 3748 1429; baseline -0.005 -15"><span class='ocrx_word' id='word_1_204' title='bbox 2171 1361 2388 1425; x_wconf 79' lang='grc' dir='ltr'><strong>σύνοδος</strong></span> <span class='ocrx_word' id='word_1_205' title='bbox 2409 1380 2424 1429; x_wconf 85' lang='grc'>;</span> <span class='ocrx_word' id='word_1_206' title='bbox 2455 1362 2556 1417; x_wconf 85' lang='lat' dir='ltr'><strong><em>Sed</em></strong></span> <span class='ocrx_word' id='word_1_207' title='bbox 2581 1379 2764 1416; x_wconf 88' lang='lat' dir='ltr'><strong><em>rursus</em></strong></span> <span class='ocrx_word' id='word_1_208' title='bbox 2788 1361 3068 1429; x_wconf 86' lang='lat' dir='ltr'><strong><em>objiciunt,</em></strong></span> <span class='ocrx_word' id='word_1_209' title='bbox 3089 1375 3184 1412; x_wconf 92' lang='lat' dir='ltr'><strong><em>cur</em></strong></span> <span class='ocrx_word' id='word_1_210' title='bbox 3209 1357 3274 1410; x_wconf 89' lang='lat' dir='ltr'><strong><em>ab</em></strong></span> <span class='ocrx_word' id='word_1_211' title='bbox 3291 1374 3350 1411; x_wconf 91' lang='lat' dir='ltr'><strong><em>eo</em></strong></span> <span class='ocrx_word' id='word_1_212' title='bbox 3367 1373 3471 1410; x_wconf 90' lang='lat' dir='ltr'><strong><em>non</em></strong></span> <span class='ocrx_word' id='word_1_213' title='bbox 3496 1354 3748 1422; x_wconf 84' lang='lat' dir='ltr'><strong><em>requisie-</em></strong></span> 
     </span>
    </p>
   </div>
   <div class='ocr_carea' id='block_1_27' title="bbox 2170 1447 3748 1516">
    <p class='ocr_par' dir='ltr' id='par_1_27' title="bbox 2170 1447 3748 1516">
     <span class='ocr_line' id='line_1_27' title="bbox 2170 1447 3748 1516; baseline -0.006 -8"><span class='ocrx_word' id='word_1_214' title='bbox 2170 1457 2261 1513; x_wconf 89' lang='lat' dir='ltr'><strong><em>rit.</em></strong></span> <span class='ocrx_word' id='word_1_215' title='bbox 2288 1465 2342 1508; x_wconf 92' lang='lat' dir='ltr'><strong><em>ut</em></strong></span> <span class='ocrx_word' id='word_1_216' title='bbox 2367 1454 2699 1509; x_wconf 85' lang='lat' dir='ltr'><strong><em>Theodorum</em></strong></span> <span class='ocrx_word' id='word_1_217' title='bbox 2729 1453 3232 1514; x_wconf 74' lang='lat' dir='ltr'><strong><em>anathematizaret,</em></strong></span> <span class='ocrx_word' id='word_1_218' title='bbox 3263 1451 3368 1503; x_wconf 91' lang='lat' dir='ltr'><strong><em>imo</em></strong></span> <span class='ocrx_word' id='word_1_219' title='bbox 3396 1449 3650 1516; x_wconf 88' lang='lat' dir='ltr'><strong><em>scriptam</em></strong></span> <span class='ocrx_word' id='word_1_220' title='bbox 3680 1447 3748 1500; x_wconf 86' lang='lat' dir='ltr'><strong><em>ad</em></strong></span> 
     </span>
    </p>
   </div>
   <div class='ocr_carea' id='block_1_28' title="bbox 2171 1541 3750 1616">
    <p class='ocr_par' dir='ltr' id='par_1_28' title="bbox 2171 1541 3750 1616">
     <span class='ocr_line' id='line_1_28' title="bbox 2171 1541 3750 1616; baseline -0.006 -15"><span class='ocrx_word' id='word_1_221' title='bbox 2171 1546 2368 1601; x_wconf 77' lang='lat' dir='ltr'><strong><em>Marini</em></strong></span> <span class='ocrx_word' id='word_1_222' title='bbox 2382 1548 2656 1616; x_wconf 71' lang='lat' dir='ltr'><strong><em>epistolam</em></strong></span> <span class='ocrx_word' id='word_1_223' title='bbox 2674 1546 3013 1616; x_wconf 69' lang='lat' dir='ltr'><strong><em>receperit,jin</em></strong></span> <span class='ocrx_word' id='word_1_224' title='bbox 3035 1561 3138 1614; x_wconf 87' lang='lat' dir='ltr'><strong><em>qua</em></strong></span> <span class='ocrx_word' id='word_1_225' title='bbox 3157 1542 3489 1598; x_wconf 86' lang='lat' dir='ltr'><strong><em>Theodorum</em></strong></span> <span class='ocrx_word' id='word_1_226' title='bbox 3512 1541 3750 1610; x_wconf 74' lang='lat' dir='ltr'><strong><em>frequen—</em></strong></span> 
     </span>
    </p>
   </div>
   <div class='ocr_carea' id='block_1_29' title="bbox 2173 1631 3755 1706">
    <p class='ocr_par' dir='ltr' id='par_1_29' title="bbox 2173 1631 3755 1706">
     <span class='ocr_line' id='line_1_29' title="bbox 2173 1631 3755 1706; baseline -0.005 -14"><span class='ocrx_word' id='word_1_227' title='bbox 2173 1647 2250 1692; x_wconf 85' lang='lat' dir='ltr'><strong><em>ter</em></strong></span> <span class='ocrx_word' id='word_1_228' title='bbox 2279 1638 2403 1692; x_wconf 86' lang='lat' dir='ltr'><strong><em>lbas</em></strong></span> <span class='ocrx_word' id='word_1_229' title='bbox 2437 1639 2735 1706; x_wconf 70' lang='lat' dir='ltr'><strong><em>prardicat?</em></strong></span> <span class='ocrx_word' id='word_1_230' title='bbox 2763 1638 3010 1690; x_wconf 79' lang='lat' dir='ltr'><strong><em>nimirum</em></strong></span> <span class='ocrx_word' id='word_1_231' title='bbox 3041 1645 3091 1689; x_wconf 90' lang='lat' dir='ltr'><strong><em>et</em></strong></span> <span class='ocrx_word' id='word_1_232' title='bbox 3123 1635 3218 1689; x_wconf 88' lang='lat' dir='ltr'><strong><em>hoc</em></strong></span> <span class='ocrx_word' id='word_1_233' title='bbox 3264 1635 3438 1701; x_wconf 78' lang='lat' dir='ltr'><strong><em>potius</em></strong></span> <span class='ocrx_word' id='word_1_234' title='bbox 3475 1631 3539 1686; x_wconf 88' lang='lat' dir='ltr'><strong><em>de</em></strong></span> <span class='ocrx_word' id='word_1_235' title='bbox 3566 1641 3755 1686; x_wconf 86' lang='lat' dir='ltr'><strong><em>sancto</em></strong></span> 
     </span>
    </p>
   </div>
   <div class='ocr_carea' id='block_1_30' title="bbox 2173 1725 3756 1800">
    <p class='ocr_par' dir='ltr' id='par_1_30' title="bbox 2173 1725 3756 1800">
     <span class='ocr_line' id='line_1_30' title="bbox 2173 1725 3756 1800; baseline -0.006 -17"><span class='ocrx_word' id='word_1_236' title='bbox 2173 1730 2376 1800; x_wconf 82' lang='lat' dir='ltr'><strong><em>Cyrilto</em></strong></span> <span class='ocrx_word' id='word_1_237' title='bbox 2403 1731 2550 1800; x_wconf 89' lang='lat' dir='ltr'><strong><em>queri</em></strong></span> <span class='ocrx_word' id='word_1_238' title='bbox 2576 1731 2850 1790; x_wconf 86' lang='lat' dir='ltr'><strong><em>debebant,</em></strong></span> <span class='ocrx_word' id='word_1_239' title='bbox 2881 1726 3125 1798; x_wconf 83' lang='lat' dir='ltr'><strong><em>quamde</em></strong></span> <span class='ocrx_word' id='word_1_240' title='bbox 3146 1725 3384 1796; x_wconf 79' lang='lat' dir='ltr'><strong><em>synodo;</em></strong></span> <span class='ocrx_word' id='word_1_241' title='bbox 3407 1740 3529 1776; x_wconf 88' lang='lat' dir='ltr'><strong><em>nam</em></strong></span> <span class='ocrx_word' id='word_1_242' title='bbox 3552 1731 3756 1775; x_wconf 65' lang='lat' dir='ltr'><strong><em>sanctae</em></strong></span> 
     </span>
    </p>
   </div>
   <div class='ocr_carea' id='block_1_31' title="bbox 483 1817 2075 1906">
    <p class='ocr_par' dir='ltr' id='par_1_31' title="bbox 483 1826 2066 1906">
     <span class='ocr_line' id='line_1_31' title="bbox 483 1826 2066 1906; baseline -0.011 -13"><span class='ocrx_word' id='word_1_243' title='bbox 483 1839 642 1893; x_wconf 71' lang='grc' dir='ltr'><strong>τοῦτο</strong></span> <span class='ocrx_word' id='word_1_244' title='bbox 691 1837 748 1891; x_wconf 79' lang='grc' dir='ltr'><strong><em>δὲ</em></strong></span> <span class='ocrx_word' id='word_1_245' title='bbox 785 1838 844 1890; x_wconf 83' lang='grc' dir='ltr'><strong><em>ἐν</em></strong></span> <span class='ocrx_word' id='word_1_246' title='bbox 872 1838 940 1906; x_wconf 83' lang='grc' dir='ltr'><strong>τῇ</strong></span> <span class='ocrx_word' id='word_1_247' title='bbox 974 1833 1086 1904; x_wconf 78' lang='grc' dir='ltr'><strong><em>ζωῇ</em></strong></span> <span class='ocrx_word' id='word_1_248' title='bbox 1124 1831 1302 1886; x_wconf 74' lang='grc' dir='ltr'><strong>αὐτῶν</strong></span> <span class='ocrx_word' id='word_1_249' title='bbox 1340 1830 1515 1892; x_wconf 74' lang='grc' dir='ltr'><strong>οὐδεὶς</strong></span> <span class='ocrx_word' id='word_1_250' title='bbox 1566 1829 1750 1888; x_wconf 81' lang='grc' dir='ltr'><strong>αὐτοῖς</strong></span> <span class='ocrx_word' id='word_1_251' title='bbox 1794 1826 2066 1878; x_wconf 74' lang='grc' dir='ltr'><strong>ἀντεῖπενο</strong></span> 
     </span>
    </p>
   </div>
   <div class='ocr_carea' id='block_1_32' title="bbox 2180 1817 3753 1906">
    <p class='ocr_par' dir='ltr' id='par_1_32' title="bbox 2180 1817 3753 1890">
     <span class='ocr_line' id='line_1_32' title="bbox 2180 1817 3753 1890; baseline -0.004 -16"><span class='ocrx_word' id='word_1_252' title='bbox 2180 1823 2439 1875; x_wconf 70' lang='lat' dir='ltr'><strong><em>memoria!</em></strong></span> <span class='ocrx_word' id='word_1_253' title='bbox 2471 1820 2755 1890; x_wconf 77' lang='lat' dir='ltr'><strong><em>Cyrillum,</em></strong></span> <span class='ocrx_word' id='word_1_254' title='bbox 2789 1836 2907 1873; x_wconf 90' lang='lat' dir='ltr'><strong><em>cum</em></strong></span> <span class='ocrx_word' id='word_1_255' title='bbox 2935 1818 3179 1873; x_wconf 76' lang='lat' dir='ltr'><strong><em>nonnulli</em></strong></span> <span class='ocrx_word' id='word_1_256' title='bbox 3213 1818 3310 1870; x_wconf 93' lang='lat' dir='ltr'><strong><em>hoc</em></strong></span> <span class='ocrx_word' id='word_1_257' title='bbox 3343 1817 3514 1886; x_wconf 88' lang='lat' dir='ltr'><strong><em>ipsum</em></strong></span> <span class='ocrx_word' id='word_1_258' title='bbox 3546 1831 3753 1884; x_wconf 68' lang='lat' dir='ltr'><strong><em>quivre—</em></strong></span> 
     </span>
    </p>
   </div>
   <div class='ocr_carea' id='block_1_33' title="bbox 486 1917 2068 2002">
    <p class='ocr_par' dir='ltr' id='par_1_33' title="bbox 486 1917 2068 2002">
     <span class='ocr_line' id='line_1_33' title="bbox 486 1917 2068 2002; baseline -0.008 -20"><span class='ocrx_word' id='word_1_259' title='bbox 486 1929 674 2002; x_wconf 75' lang='grc' dir='ltr'><strong>ἐπειδὴ</strong></span> <span class='ocrx_word' id='word_1_260' title='bbox 693 1930 750 1983; x_wconf 80' lang='grc' dir='ltr'><strong>τὸ</strong></span> <span class='ocrx_word' id='word_1_261' title='bbox 773 1927 1040 2000; x_wconf 85' lang='grc' dir='ltr'><strong>μάχεσθαι</strong></span> <span class='ocrx_word' id='word_1_262' title='bbox 1061 1925 1198 1998; x_wconf 78' lang='grc' dir='ltr'><strong>πρὸς</strong></span> <span class='ocrx_word' id='word_1_263' title='bbox 1216 1924 1314 1987; x_wconf 74' lang='grc' dir='ltr'><strong>τὰς</strong></span> <span class='ocrx_word' id='word_1_264' title='bbox 1340 1921 1560 1993; x_wconf 73' lang='grc' dir='ltr'><strong>μείζους</strong></span> <span class='ocrx_word' id='word_1_265' title='bbox 1582 1919 1847 1991; x_wconf 79' lang='grc' dir='ltr'><strong>αἱρέσεις,</strong></span> <span class='ocrx_word' id='word_1_266' title='bbox 1868 1917 2068 1971; x_wconf 82' lang='grc' dir='ltr'><strong>ἕσκεπε</strong></span> 
     </span>
    </p>
   </div>
   <div class='ocr_carea' id='block_1_34' title="bbox 483 2014 2069 2097">
    <p class='ocr_par' dir='ltr' id='par_1_34' title="bbox 483 2014 2069 2097">
     <span class='ocr_line' id='line_1_34' title="bbox 483 2014 2069 2097; baseline -0.015 -11"><span class='ocrx_word' id='word_1_267' title='bbox 483 2029 557 2086; x_wconf 79' lang='grc' dir='ltr'><strong><em>τά</em></strong></span> <span class='ocrx_word' id='word_1_268' title='bbox 579 2028 802 2084; x_wconf 81' lang='grc' dir='ltr'><strong>τοιαῦτα</strong></span> <span class='ocrx_word' id='word_1_269' title='bbox 828 2026 1092 2097; x_wconf 83' lang='grc' dir='ltr'><strong>δόγματα.</strong></span> <span class='ocrx_word' id='word_1_270' title='bbox 1121 2022 1278 2078; x_wconf 71' lang='grc' dir='ltr'><strong>Μετὰ</strong></span> <span class='ocrx_word' id='word_1_271' title='bbox 1297 2021 1354 2075; x_wconf 82' lang='grc' dir='ltr'><strong><em>δὲ</em></strong></span> <span class='ocrx_word' id='word_1_272' title='bbox 1386 2020 1578 2091; x_wconf 86' lang='grc' dir='ltr'><strong>χρόνον</strong></span> <span class='ocrx_word' id='word_1_273' title='bbox 1605 2017 1783 2085; x_wconf 77' lang='grc' dir='ltr'><strong>ὀλίγον</strong></span> <span class='ocrx_word' id='word_1_274' title='bbox 1812 2014 1907 2066; x_wconf 81' lang='grc' dir='ltr'><strong>τοῦ</strong></span> <span class='ocrx_word' id='word_1_275' title='bbox 1933 2015 2069 2066; x_wconf 86' lang='grc' dir='ltr'><strong>άπο-</strong></span> 
     </span>
    </p>
   </div>
   <div class='ocr_carea' id='block_1_35' title="bbox 487 2108 2069 2194">
    <p class='ocr_par' dir='ltr' id='par_1_35' title="bbox 487 2108 2069 2194">
     <span class='ocr_line' id='line_1_35' title="bbox 487 2108 2069 2194; baseline -0.012 -16"><span class='ocrx_word' id='word_1_276' title='bbox 487 2126 668 2180; x_wconf 79' lang='grc' dir='ltr'><strong>θανεῖν</strong></span> <span class='ocrx_word' id='word_1_277' title='bbox 698 2123 972 2194; x_wconf 84' lang='grc' dir='ltr'><strong>Θεόδωρον</strong></span> <span class='ocrx_word' id='word_1_278' title='bbox 998 2119 1096 2176; x_wconf 73' lang='grc' dir='ltr'><strong>καὶ</strong></span> <span class='ocrx_word' id='word_1_279' title='bbox 1125 2118 1407 2186; x_wconf 81' lang='grc' dir='ltr'><strong>Διόδωρον,</strong></span> <span class='ocrx_word' id='word_1_280' title='bbox 1439 2114 1690 2182; x_wconf 85' lang='grc' dir='ltr'><strong>ἀνέστηὴ</strong></span> <span class='ocrx_word' id='word_1_281' title='bbox 1723 2111 1936 2180; x_wconf 78' lang='grc' dir='ltr'><strong>αἵρεσις</strong></span> <span class='ocrx_word' id='word_1_282' title='bbox 1967 2108 2069 2160; x_wconf 86' lang='grc' dir='ltr'><strong><em>Νε-</em></strong></span> 
     </span>
    </p>
   </div>
   <div class='ocr_carea' id='block_1_36' title="bbox 490 2202 2068 2290">
    <p class='ocr_par' dir='ltr' id='par_1_36' title="bbox 490 2202 2068 2290">
     <span class='ocr_line' id='line_1_36' title="bbox 490 2202 2068 2290; baseline -0.013 -17"><span class='ocrx_word' id='word_1_283' title='bbox 490 2217 727 2290; x_wconf 86' lang='grc' dir='ltr'><strong>στορίου·</strong></span> <span class='ocrx_word' id='word_1_284' title='bbox 777 2214 1111 2270; x_wconf 72' lang='lat' dir='ltr'><strong><em>Exstiterunt</em></strong></span> <span class='ocrx_word' id='word_1_285' title='bbox 1155 2212 1222 2265; x_wconf 88' lang='lat' dir='ltr'><strong><em>iis</em></strong></span> <span class='ocrx_word' id='word_1_286' title='bbox 1257 2206 1580 2279; x_wconf 90' lang='lat' dir='ltr'><strong><em>temporibus</em></strong></span> <span class='ocrx_word' id='word_1_287' title='bbox 1633 2204 1812 2273; x_wconf 85' lang='lat' dir='ltr'><strong><em>magni</em></strong></span> <span class='ocrx_word' id='word_1_288' title='bbox 1852 2202 2068 2272; x_wconf 88' lang='lat' dir='ltr'><strong><em>quidam</em></strong></span> 
     </span>
    </p>
   </div>
   <div class='ocr_carea' id='block_1_37' title="bbox 489 2291 2069 2371">
    <p class='ocr_par' dir='ltr' id='par_1_37' title="bbox 489 2291 2069 2371">
     <span class='ocr_line' id='line_1_37' title="bbox 489 2291 2069 2371; baseline -0.014 -5"><span class='ocrx_word' id='word_1_289' title='bbox 489 2313 594 2366; x_wconf 90' lang='lat' dir='ltr'><strong><em>duo</em></strong></span> <span class='ocrx_word' id='word_1_290' title='bbox 623 2309 746 2371; x_wconf 83' lang='lat' dir='ltr'><strong><em>uiri,</em></strong></span> <span class='ocrx_word' id='word_1_291' title='bbox 788 2305 1064 2359; x_wconf 89' lang='lat' dir='ltr'><strong><em>Diodorus</em></strong></span> <span class='ocrx_word' id='word_1_292' title='bbox 1117 2301 1388 2371; x_wconf 88' lang='lat' dir='ltr'><strong><em>episcopus</em></strong></span> <span class='ocrx_word' id='word_1_293' title='bbox 1430 2296 1618 2359; x_wconf 86' lang='lat' dir='ltr'><strong><em>Tarsi,</em></strong></span> <span class='ocrx_word' id='word_1_294' title='bbox 1659 2303 1707 2349; x_wconf 92' lang='lat' dir='ltr'><strong><em>et</em></strong></span> <span class='ocrx_word' id='word_1_295' title='bbox 1763 2291 2069 2348; x_wconf 88' lang='lat' dir='ltr'><strong><em>Theodorus</em></strong></span> 
     </span>
    </p>
   </div>
   <div class='ocr_carea' id='block_1_38' title="bbox 488 2382 2070 2471">
    <p class='ocr_par' dir='ltr' id='par_1_38' title="bbox 488 2382 2070 2471">
     <span class='ocr_line' id='line_1_38' title="bbox 488 2382 2070 2471; baseline -0.015 -15"><span class='ocrx_word' id='word_1_296' title='bbox 488 2398 850 2471; x_wconf 66' lang='lat' dir='ltr'><strong><em>Mopsuestite,</em></strong></span> <span class='ocrx_word' id='word_1_297' title='bbox 874 2396 964 2466; x_wconf 91' lang='lat' dir='ltr'><strong><em>qui</em></strong></span> <span class='ocrx_word' id='word_1_298' title='bbox 983 2403 1032 2449; x_wconf 91' lang='lat' dir='ltr'><strong><em>et</em></strong></span> <span class='ocrx_word' id='word_1_299' title='bbox 1059 2395 1312 2447; x_wconf 77' lang='lat' dir='ltr'><strong><em>adversus</em></strong></span> <span class='ocrx_word' id='word_1_300' title='bbox 1335 2389 1589 2453; x_wconf 85' lang='lat' dir='ltr'><strong><em>Arianos,</em></strong></span> <span class='ocrx_word' id='word_1_301' title='bbox 1615 2393 1667 2440; x_wconf 89' lang='lat' dir='ltr'><strong><em>et</em></strong></span> <span class='ocrx_word' id='word_1_302' title='bbox 1695 2382 1752 2438; x_wconf 85' lang='grc' dir='ltr'><strong>Μ</strong></span> <span class='ocrx_word' id='word_1_303' title='bbox 1758 2382 2070 2437; x_wconf 87' lang='lat' dir='ltr'><strong><em>acedonium</em></strong></span> 
     </span>
    </p>
   </div>
   <div class='ocr_carea' id='block_1_39' title="bbox 489 2473 2070 2560">
    <p class='ocr_par' dir='ltr' id='par_1_39' title="bbox 489 2473 2070 2560">
     <span class='ocr_line' id='line_1_39' title="bbox 489 2473 2070 2560; baseline -0.014 -13"><span class='ocrx_word' id='word_1_304' title='bbox 489 2502 540 2547; x_wconf 85' lang='lat' dir='ltr'><strong><em>ct</em></strong></span> <span class='ocrx_word' id='word_1_305' title='bbox 595 2491 957 2560; x_wconf 84' lang='lat' dir='ltr'><strong><em>Apollinarem</em></strong></span> <span class='ocrx_word' id='word_1_306' title='bbox 1019 2485 1354 2555; x_wconf 88' lang='lat' dir='ltr'><strong><em>pugnabant,</em></strong></span> <span class='ocrx_word' id='word_1_307' title='bbox 1413 2480 1787 2547; x_wconf 82' lang='lat' dir='ltr'><strong><em>universasque</em></strong></span> <span class='ocrx_word' id='word_1_308' title='bbox 1838 2473 2070 2526; x_wconf 77' lang='lat' dir='ltr'><strong><em>Litteras</em></strong></span> 
     </span>
    </p>
   </div>
   <div class='ocr_carea' id='block_1_40' title="bbox 491 2565 2072 2638">
    <p class='ocr_par' dir='ltr' id='par_1_40' title="bbox 491 2565 2072 2638">
     <span class='ocr_line' id='line_1_40' title="bbox 491 2565 2072 2638; baseline -0.015 1"><span class='ocrx_word' id='word_1_309' title='bbox 491 2601 677 2638; x_wconf 88' lang='lat' dir='ltr'><strong><em>sacras</em></strong></span> <span class='ocrx_word' id='word_1_310' title='bbox 707 2579 1099 2636; x_wconf 86' lang='lat' dir='ltr'><strong><em>commentariis</em></strong></span> <span class='ocrx_word' id='word_1_311' title='bbox 1137 2577 1514 2633; x_wconf 77' lang='lat' dir='ltr'><strong><em>illustrarunt,</em></strong></span> <span class='ocrx_word' id='word_1_312' title='bbox 1539 2580 1588 2624; x_wconf 90' lang='lat' dir='ltr'><strong><em>et</em></strong></span> <span class='ocrx_word' id='word_1_313' title='bbox 1621 2570 1676 2622; x_wconf 91' lang='lat' dir='ltr'><strong><em>in</em></strong></span> <span class='ocrx_word' id='word_1_314' title='bbox 1705 2567 1872 2636; x_wconf 87' lang='lat' dir='ltr'><strong><em>pretio</em></strong></span> <span class='ocrx_word' id='word_1_315' title='bbox 1904 2565 2072 2618; x_wconf 87' lang='lat' dir='ltr'><strong><em>habiti</em></strong></span> 
     </span>
    </p>
   </div>
   <div class='ocr_carea' id='block_1_41' title="bbox 491 2655 2071 2740">
    <p class='ocr_par' dir='ltr' id='par_1_41' title="bbox 491 2655 2071 2740">
     <span class='ocr_line' id='line_1_41' title="bbox 491 2655 2071 2740; baseline -0.014 -11"><span class='ocrx_word' id='word_1_316' title='bbox 491 2684 710 2729; x_wconf 86' lang='lat' dir='ltr'><strong><em>mortem</em></strong></span> <span class='ocrx_word' id='word_1_317' title='bbox 741 2671 1090 2740; x_wconf 74' lang='lat' dir='ltr'><strong><em>oppetierunt,</em></strong></span> <span class='ocrx_word' id='word_1_318' title='bbox 1125 2683 1216 2719; x_wconf 81' lang='lat' dir='ltr'><strong><em>nec</em></strong></span> <span class='ocrx_word' id='word_1_319' title='bbox 1243 2666 1372 2732; x_wconf 80' lang='lat' dir='ltr'><strong><em>ipsis</em></strong></span> <span class='ocrx_word' id='word_1_320' title='bbox 1406 2662 1533 2716; x_wconf 75' lang='lat' dir='ltr'><strong><em>cinis</em></strong></span> <span class='ocrx_word' id='word_1_321' title='bbox 1561 2660 1838 2730; x_wconf 84' lang='lat' dir='ltr'><strong><em>quisquam</em></strong></span> <span class='ocrx_word' id='word_1_322' title='bbox 1869 2655 2071 2708; x_wconf 80' lang='lat' dir='ltr'><strong><em>dictum</em></strong></span> 
     </span>
    </p>
   </div>
   <div class='ocr_carea' id='block_1_42' title="bbox 492 2747 2071 2837">
    <p class='ocr_par' dir='ltr' id='par_1_42' title="bbox 492 2747 2071 2837">
     <span class='ocr_line' id='line_1_42' title="bbox 492 2747 2071 2837; baseline -0.015 -15"><span class='ocrx_word' id='word_1_323' title='bbox 492 2765 705 2837; x_wconf 81' lang='lat' dir='ltr'><strong><em>aliquod</em></strong></span> <span class='ocrx_word' id='word_1_324' title='bbox 737 2779 920 2818; x_wconf 87' lang='lat' dir='ltr'><strong><em>eorum</em></strong></span> <span class='ocrx_word' id='word_1_325' title='bbox 954 2757 1385 2829; x_wconf 80' lang='lat' dir='ltr'><strong><em>reprehendebat,</em></strong></span> <span class='ocrx_word' id='word_1_326' title='bbox 1410 2755 1516 2807; x_wconf 89' lang='lat' dir='ltr'><strong><em>imo</em></strong></span> <span class='ocrx_word' id='word_1_327' title='bbox 1541 2753 1834 2820; x_wconf 85' lang='lat' dir='ltr'><strong><em>complures</em></strong></span> <span class='ocrx_word' id='word_1_328' title='bbox 1860 2747 2071 2814; x_wconf 88' lang='lat' dir='ltr'><strong><em>scriptis</em></strong></span> 
     </span>
    </p>
   </div>
   <div class='ocr_carea' id='block_1_43' title="bbox 491 2838 2072 2914">
    <p class='ocr_par' dir='ltr' id='par_1_43' title="bbox 491 2838 2072 2914">
     <span class='ocr_line' id='line_1_43' title="bbox 491 2838 2072 2914; baseline -0.013 -4"><span class='ocrx_word' id='word_1_329' title='bbox 491 2859 737 2914; x_wconf 78' lang='lat' dir='ltr'><strong><em>encomiis</em></strong></span> <span class='ocrx_word' id='word_1_330' title='bbox 771 2873 857 2910; x_wconf 86' lang='lat' dir='ltr'><strong><em>eos</em></strong></span> <span class='ocrx_word' id='word_1_331' title='bbox 888 2851 1257 2910; x_wconf 82' lang='lat' dir='ltr'><strong><em>celebrarunt;</em></strong></span> <span class='ocrx_word' id='word_1_332' title='bbox 1285 2864 1410 2901; x_wconf 89' lang='lat' dir='ltr'><strong><em>nam</em></strong></span> <span class='ocrx_word' id='word_1_333' title='bbox 1447 2855 1498 2900; x_wconf 85' lang='lat' dir='ltr'><strong><em>et</em></strong></span> <span class='ocrx_word' id='word_1_334' title='bbox 1529 2843 1784 2906; x_wconf 82' lang='lat' dir='ltr'><strong><em>Basilius,</em></strong></span> <span class='ocrx_word' id='word_1_335' title='bbox 1811 2853 1860 2896; x_wconf 90' lang='lat' dir='ltr'><strong><em>et</em></strong></span> <span class='ocrx_word' id='word_1_336' title='bbox 1897 2838 2072 2894; x_wconf 83' lang='lat' dir='ltr'><strong><em>Joan-</em></strong></span> 
     </span>
    </p>
   </div>
   <div class='ocr_carea' id='block_1_44' title="bbox 491 2935 2074 3018">
    <p class='ocr_par' dir='ltr' id='par_1_44' title="bbox 491 2935 2074 3018">
     <span class='ocr_line' id='line_1_44' title="bbox 491 2935 2074 3018; baseline -0.013 -13"><span class='ocrx_word' id='word_1_337' title='bbox 491 2967 582 3005; x_wconf 89' lang='lat' dir='ltr'><strong><em>nes</em></strong></span> <span class='ocrx_word' id='word_1_338' title='bbox 608 2948 1018 3018; x_wconf 83' lang='lat' dir='ltr'><strong><em>Chrgsostomns</em></strong></span> <span class='ocrx_word' id='word_1_339' title='bbox 1036 2959 1123 2998; x_wconf 82' lang='lat' dir='ltr'><strong><em>eos</em></strong></span> <span class='ocrx_word' id='word_1_340' title='bbox 1147 2939 1464 3010; x_wconf 66' lang='lat' dir='ltr'><strong><em>praedicant.</em></strong></span> <span class='ocrx_word' id='word_1_341' title='bbox 1509 2935 1698 2990; x_wconf 76' lang='lat' dir='ltr'><strong><em>Verum</em></strong></span> <span class='ocrx_word' id='word_1_342' title='bbox 1725 2943 1908 3003; x_wconf 88' lang='lat' dir='ltr'><strong><em>postea</em></strong></span> <span class='ocrx_word' id='word_1_343' title='bbox 1934 2941 2074 2985; x_wconf 89' lang='lat' dir='ltr'><strong><em>moto</em></strong></span> 
     </span>
    </p>
   </div>
   <div class='ocr_carea' id='block_1_45' title="bbox 491 3023 2074 3111">
    <p class='ocr_par' dir='ltr' id='par_1_45' title="bbox 491 3023 2074 3111">
     <span class='ocr_line' id='line_1_45' title="bbox 491 3023 2074 3111; baseline -0.013 -17"><span class='ocrx_word' id='word_1_344' title='bbox 491 3041 736 3111; x_wconf 83' lang='lat' dir='ltr'><strong><em>dogmate</em></strong></span> <span class='ocrx_word' id='word_1_345' title='bbox 768 3036 1112 3095; x_wconf 86' lang='lat' dir='ltr'><strong><em>Nestoriano,</em></strong></span> <span class='ocrx_word' id='word_1_346' title='bbox 1155 3041 1369 3086; x_wconf 86' lang='lat' dir='ltr'><strong><em>coactus</em></strong></span> <span class='ocrx_word' id='word_1_347' title='bbox 1398 3037 1475 3082; x_wconf 87' lang='lat' dir='ltr'><strong><em>est</em></strong></span> <span class='ocrx_word' id='word_1_348' title='bbox 1502 3024 1738 3096; x_wconf 79' lang='lat' dir='ltr'><strong><em>Cyrillus</em></strong></span> <span class='ocrx_word' id='word_1_349' title='bbox 1775 3023 1864 3094; x_wconf 81' lang='lat' dir='ltr'><strong><em>qui</em></strong></span> <span class='ocrx_word' id='word_1_350' title='bbox 1889 3031 1939 3076; x_wconf 87' lang='lat' dir='ltr'><strong><em>et</em></strong></span> <span class='ocrx_word' id='word_1_351' title='bbox 1964 3023 2074 3090; x_wconf 83' lang='lat' dir='ltr'><strong><em>ipse</em></strong></span> 
     </span>
    </p>
   </div>
   <div class='ocr_carea' id='block_1_46' title="bbox 493 3113 2074 3204">
    <p class='ocr_par' dir='ltr' id='par_1_46' title="bbox 493 3113 2074 3204">
     <span class='ocr_line' id='line_1_46' title="bbox 493 3113 2074 3204; baseline -0.015 -15"><span class='ocrx_word' id='word_1_352' title='bbox 493 3132 696 3204; x_wconf 78' lang='lat' dir='ltr'><strong><em>pridem</em></strong></span> <span class='ocrx_word' id='word_1_353' title='bbox 732 3147 819 3185; x_wconf 91' lang='lat' dir='ltr'><strong><em>eos</em></strong></span> <span class='ocrx_word' id='word_1_354' title='bbox 857 3129 1164 3187; x_wconf 83' lang='lat' dir='ltr'><strong><em>laudasset,</em></strong></span> <span class='ocrx_word' id='word_1_355' title='bbox 1204 3122 1454 3176; x_wconf 85' lang='lat' dir='ltr'><strong><em>adversus</em></strong></span> <span class='ocrx_word' id='word_1_356' title='bbox 1505 3133 1688 3173; x_wconf 82' lang='lat' dir='ltr'><strong><em>eorum</em></strong></span> <span class='ocrx_word' id='word_1_357' title='bbox 1733 3131 1892 3185; x_wconf 84' lang='lat' dir='ltr'><strong><em>opera</em></strong></span> <span class='ocrx_word' id='word_1_358' title='bbox 1935 3113 2074 3168; x_wconf 88' lang='lat' dir='ltr'><strong><em>scri-</em></strong></span> 
     </span>
    </p>
   </div>
   <div class='ocr_carea' id='block_1_47' title="bbox 497 3207 2079 3293">
    <p class='ocr_par' dir='ltr' id='par_1_47' title="bbox 497 3207 2079 3293">
     <span class='ocr_line' id='line_1_47' title="bbox 497 3207 2079 3293; baseline -0.013 -15"><span class='ocrx_word' id='word_1_359' title='bbox 497 3227 614 3281; x_wconf 87' lang='lat' dir='ltr'><strong><em>bere</em></strong></span> <span class='ocrx_word' id='word_1_360' title='bbox 645 3223 743 3293; x_wconf 90' lang='lat' dir='ltr'><strong><em>(a),</em></strong></span> <span class='ocrx_word' id='word_1_361' title='bbox 781 3222 905 3291; x_wconf 89' lang='lat' dir='ltr'><strong><em>quia</em></strong></span> <span class='ocrx_word' id='word_1_362' title='bbox 936 3217 1132 3288; x_wconf 81' lang='lat' dir='ltr'><strong><em>dogma</em></strong></span> <span class='ocrx_word' id='word_1_363' title='bbox 1159 3229 1315 3268; x_wconf 88' lang='lat' dir='ltr'><strong><em>suum</em></strong></span> <span class='ocrx_word' id='word_1_364' title='bbox 1360 3210 1645 3265; x_wconf 87' lang='lat' dir='ltr'><strong><em>Nestorius</em></strong></span> <span class='ocrx_word' id='word_1_365' title='bbox 1678 3223 1744 3262; x_wconf 74' lang='lat' dir='ltr'><strong><em>ea:</em></strong></span> <span class='ocrx_word' id='word_1_366' title='bbox 1780 3208 1846 3261; x_wconf 86' lang='lat' dir='ltr'><strong><em>iis</em></strong></span> <span class='ocrx_word' id='word_1_367' title='bbox 1886 3207 2079 3274; x_wconf 82' lang='lat' dir='ltr'><strong><em>con/ir-</em></strong></span> 
     </span>
    </p>
   </div>
   <div class='ocr_carea' id='block_1_48' title="bbox 496 3299 2084 3382">
    <p class='ocr_par' dir='ltr' id='par_1_48' title="bbox 496 3299 2084 3382">
     <span class='ocr_line' id='line_1_48' title="bbox 496 3299 2084 3382; baseline -0.015 -11"><span class='ocrx_word' id='word_1_368' title='bbox 496 3325 689 3379; x_wconf 86' lang='lat' dir='ltr'><strong><em>maret;</em></strong></span> <span class='ocrx_word' id='word_1_369' title='bbox 722 3326 946 3382; x_wconf 84' lang='lat' dir='ltr'><strong><em>namque</em></strong></span> <span class='ocrx_word' id='word_1_370' title='bbox 967 3307 1126 3364; x_wconf 78' lang='lat' dir='ltr'><strong><em>editis</em></strong></span> <span class='ocrx_word' id='word_1_371' title='bbox 1153 3305 1236 3359; x_wconf 89' lang='lat' dir='ltr'><strong><em>illi</em></strong></span> <span class='ocrx_word' id='word_1_372' title='bbox 1267 3305 1319 3357; x_wconf 87' lang='lat' dir='ltr'><strong><em>in</em></strong></span> <span class='ocrx_word' id='word_1_373' title='bbox 1343 3317 1529 3356; x_wconf 90' lang='lat' dir='ltr'><strong><em>sacras</em></strong></span> <span class='ocrx_word' id='word_1_374' title='bbox 1561 3299 1793 3354; x_wconf 83' lang='lat' dir='ltr'><strong><em>Litteras</em></strong></span> <span class='ocrx_word' id='word_1_375' title='bbox 1821 3312 2084 3351; x_wconf 90' lang='lat' dir='ltr'><strong><em>commen-</em></strong></span> 
     </span>
    </p>
   </div>
   <div class='ocr_carea' id='block_1_49' title="bbox 499 3386 2085 3471">
    <p class='ocr_par' dir='ltr' id='par_1_49' title="bbox 499 3386 2085 3471">
     <span class='ocr_line' id='line_1_49' title="bbox 499 3386 2085 3471; baseline -0.014 -10"><span class='ocrx_word' id='word_1_376' title='bbox 499 3407 652 3461; x_wconf 88' lang='lat' dir='ltr'><strong><em>tariis</em></strong></span> <span class='ocrx_word' id='word_1_377' title='bbox 669 3407 812 3457; x_wconf 87' lang='lat' dir='ltr'><strong><em>intra</em></strong></span> <span class='ocrx_word' id='word_1_378' title='bbox 831 3403 960 3471; x_wconf 82' lang='lat' dir='ltr'><strong><em>ﬁnes</em></strong></span> <span class='ocrx_word' id='word_1_379' title='bbox 987 3415 1092 3452; x_wconf 92' lang='lat' dir='ltr'><strong><em>non</em></strong></span> <span class='ocrx_word' id='word_1_380' title='bbox 1109 3395 1476 3454; x_wconf 89' lang='lat' dir='ltr'><strong><em>constiterant,</em></strong></span> <span class='ocrx_word' id='word_1_381' title='bbox 1506 3389 1596 3445; x_wconf 87' lang='lat' dir='ltr'><strong><em>sed</em></strong></span> <span class='ocrx_word' id='word_1_382' title='bbox 1620 3406 1741 3444; x_wconf 89' lang='lat' dir='ltr'><strong><em>cum</em></strong></span> <span class='ocrx_word' id='word_1_383' title='bbox 1767 3386 2085 3440; x_wconf 83' lang='lat' dir='ltr'><strong><em>distribuere</em></strong></span> 
     </span>
    </p>
   </div>
   <div class='ocr_carea' id='block_1_50' title="bbox 496 3475 2081 3550">
    <p class='ocr_par' dir='ltr' id='par_1_50' title="bbox 496 3475 2081 3550">
     <span class='ocr_line' id='line_1_50' title="bbox 496 3475 2081 3550; baseline -0.015 1"><span class='ocrx_word' id='word_1_384' title='bbox 496 3496 684 3550; x_wconf 56' lang='lat' dir='ltr'><strong><em>evellent</em></strong></span> <span class='ocrx_word' id='word_1_385' title='bbox 714 3504 992 3547; x_wconf 84' lang='lat' dir='ltr'><strong><em>sacrarunt</em></strong></span> <span class='ocrx_word' id='word_1_386' title='bbox 1039 3485 1364 3539; x_wconf 82' lang='lat' dir='ltr'><strong><em>Litterarum</em></strong></span> <span class='ocrx_word' id='word_1_387' title='bbox 1395 3495 1563 3542; x_wconf 79' lang='lat' dir='ltr'><strong><em>voces,</em></strong></span> <span class='ocrx_word' id='word_1_388' title='bbox 1603 3477 1744 3532; x_wconf 91' lang='lat' dir='ltr'><strong><em>alias</em></strong></span> <span class='ocrx_word' id='word_1_389' title='bbox 1778 3475 1849 3530; x_wconf 87' lang='lat' dir='ltr'><strong><em>ad</em></strong></span> <span class='ocrx_word' id='word_1_390' title='bbox 1880 3475 2081 3529; x_wconf 83' lang='lat' dir='ltr'><strong><em>divini-</em></strong></span> 
     </span>
    </p>
   </div>
   <div class='ocr_carea' id='block_1_51' title="bbox 500 3566 2086 3651">
    <p class='ocr_par' dir='ltr' id='par_1_51' title="bbox 500 3566 2086 3651">
     <span class='ocr_line' id='line_1_51' title="bbox 500 3566 2086 3651; baseline -0.014 -11"><span class='ocrx_word' id='word_1_391' title='bbox 500 3596 682 3651; x_wconf 87' lang='lat' dir='ltr'><strong><em>tatem,</em></strong></span> <span class='ocrx_word' id='word_1_392' title='bbox 718 3583 854 3637; x_wconf 90' lang='lat' dir='ltr'><strong><em>alias</em></strong></span> <span class='ocrx_word' id='word_1_393' title='bbox 885 3579 953 3633; x_wconf 92' lang='lat' dir='ltr'><strong><em>ad</em></strong></span> <span class='ocrx_word' id='word_1_394' title='bbox 1001 3586 1250 3631; x_wconf 91' lang='lat' dir='ltr'><strong><em>naturam</em></strong></span> <span class='ocrx_word' id='word_1_395' title='bbox 1303 3571 1591 3624; x_wconf 89' lang='lat' dir='ltr'><strong><em>humanam</em></strong></span> <span class='ocrx_word' id='word_1_396' title='bbox 1637 3567 1878 3630; x_wconf 89' lang='lat' dir='ltr'><strong><em>relatas,</em></strong></span> <span class='ocrx_word' id='word_1_397' title='bbox 1909 3566 2086 3633; x_wconf 80' lang='lat' dir='ltr'><strong><em>depre-</em></strong></span> 
     </span>
    </p>
   </div>
   <div class='ocr_carea' id='block_1_52' title="bbox 498 3659 2084 3734">
    <p class='ocr_par' dir='ltr' id='par_1_52' title="bbox 498 3659 2084 3734">
     <span class='ocr_line' id='line_1_52' title="bbox 498 3659 2084 3734; baseline -0.014 0"><span class='ocrx_word' id='word_1_398' title='bbox 498 3681 717 3734; x_wconf 85' lang='lat' dir='ltr'><strong><em>hensum</em></strong></span> <span class='ocrx_word' id='word_1_399' title='bbox 742 3683 821 3729; x_wconf 87' lang='lat' dir='ltr'><strong><em>est</em></strong></span> <span class='ocrx_word' id='word_1_400' title='bbox 849 3689 940 3727; x_wconf 88' lang='lat' dir='ltr'><strong><em>eos</em></strong></span> <span class='ocrx_word' id='word_1_401' title='bbox 969 3669 1110 3723; x_wconf 89' lang='lat' dir='ltr'><strong><em>duas</em></strong></span> <span class='ocrx_word' id='word_1_402' title='bbox 1143 3667 1345 3722; x_wconf 75' lang='lat' dir='ltr'><strong><em>Christi</em></strong></span> <span class='ocrx_word' id='word_1_403' title='bbox 1371 3667 1679 3734; x_wconf 79' lang='lat' dir='ltr'><strong><em>hypostases</em></strong></span> <span class='ocrx_word' id='word_1_404' title='bbox 1703 3671 1750 3713; x_wconf 89' lang='lat' dir='ltr'><strong><em>et</em></strong></span> <span class='ocrx_word' id='word_1_405' title='bbox 1773 3659 2084 3713; x_wconf 82' lang='lat' dir='ltr'><strong><em>divisionem</em></strong></span> 
     </span>
    </p>
   </div>
   <div class='ocr_carea' id='block_1_53' title="bbox 497 3747 2084 3840">
    <p class='ocr_par' dir='ltr' id='par_1_53' title="bbox 497 3747 2084 3840">
     <span class='ocr_line' id='line_1_53' title="bbox 497 3747 2084 3840; baseline -0.014 -17"><span class='ocrx_word' id='word_1_406' title='bbox 497 3766 785 3840; x_wconf 86' lang='lat' dir='ltr'><strong><em>quamdam</em></strong></span> <span class='ocrx_word' id='word_1_407' title='bbox 837 3758 1188 3816; x_wconf 84' lang='lat' dir='ltr'><strong><em>introducere.</em></strong></span> <span class='ocrx_word' id='word_1_408' title='bbox 1231 3754 1407 3821; x_wconf 83' lang='lat' dir='ltr'><strong><em>Quam</em></strong></span> <span class='ocrx_word' id='word_1_409' title='bbox 1459 3751 1522 3805; x_wconf 91' lang='lat' dir='ltr'><strong><em>ob</em></strong></span> <span class='ocrx_word' id='word_1_410' title='bbox 1570 3766 1793 3804; x_wconf 83' lang='lat' dir='ltr'><strong><em>causam</em></strong></span> <span class='ocrx_word' id='word_1_411' title='bbox 1836 3747 2084 3818; x_wconf 84' lang='lat' dir='ltr'><strong><em>Cyrillus</em></strong></span> 
     </span>
    </p>
   </div>
   <div class='ocr_carea' id='block_1_54' title="bbox 501 3838 2086 3920">
    <p class='ocr_par' dir='ltr' id='par_1_54' title="bbox 501 3838 2086 3920">
     <span class='ocr_line' id='line_1_54' title="bbox 501 3838 2086 3920; baseline -0.013 -8"><span class='ocrx_word' id='word_1_412' title='bbox 501 3838 750 3912; x_wconf 81' lang='lat' dir='ltr'><strong><em>adversus</em></strong></span> <span class='ocrx_word' id='word_1_413' title='bbox 787 3853 926 3920; x_wconf 88' lang='lat' dir='ltr'><strong><em>ipsos</em></strong></span> <span class='ocrx_word' id='word_1_414' title='bbox 957 3847 1185 3904; x_wconf 85' lang='lat' dir='ltr'><strong><em>scribere</em></strong></span> <span class='ocrx_word' id='word_1_415' title='bbox 1214 3853 1430 3899; x_wconf 85' lang='lat' dir='ltr'><strong><em>coactus</em></strong></span> <span class='ocrx_word' id='word_1_416' title='bbox 1463 3841 1589 3911; x_wconf 77' lang='lat' dir='ltr'><strong><em>fuit,</em></strong></span> <span class='ocrx_word' id='word_1_417' title='bbox 1618 3842 1967 3906; x_wconf 80' lang='lat' dir='ltr'><strong><em>con/irmante</em></strong></span> <span class='ocrx_word' id='word_1_418' title='bbox 1990 3838 2086 3893; x_wconf 87' lang='lat' dir='ltr'><strong><em>do-</em></strong></span> 
     </span>
    </p>
   </div>
   <div class='ocr_carea' id='block_1_55' title="bbox 498 3931 2088 4021">
    <p class='ocr_par' dir='ltr' id='par_1_55' title="bbox 498 3931 2088 4021">
     <span class='ocr_line' id='line_1_55' title="bbox 498 3931 2088 4021; baseline -0.014 -17"><span class='ocrx_word' id='word_1_419' title='bbox 498 3966 622 4021; x_wconf 80' lang='lat' dir='ltr'><strong><em>gnta</em></strong></span> <span class='ocrx_word' id='word_1_420' title='bbox 662 3962 816 4002; x_wconf 88' lang='lat' dir='ltr'><strong><em>suum</em></strong></span> <span class='ocrx_word' id='word_1_421' title='bbox 849 3959 914 3998; x_wconf 75' lang='lat' dir='ltr'><strong><em>ex</em></strong></span> <span class='ocrx_word' id='word_1_422' title='bbox 952 3943 1020 3996; x_wconf 88' lang='lat' dir='ltr'><strong><em>iis</em></strong></span> <span class='ocrx_word' id='word_1_423' title='bbox 1063 3937 1336 3993; x_wconf 84' lang='lat' dir='ltr'><strong><em>Nestorio.</em></strong></span> <span class='ocrx_word' id='word_1_424' title='bbox 1395 3934 1537 3988; x_wconf 82' lang='lat' dir='ltr'><strong><em>Vivis</em></strong></span> <span class='ocrx_word' id='word_1_425' title='bbox 1584 3931 1794 4004; x_wconf 85' lang='lat' dir='ltr'><strong><em>quidem</em></strong></span> <span class='ocrx_word' id='word_1_426' title='bbox 1830 3932 1958 3999; x_wconf 88' lang='lat' dir='ltr'><strong><em>ipsis</em></strong></span> <span class='ocrx_word' id='word_1_427' title='bbox 1989 3947 2088 3984; x_wconf 89' lang='lat' dir='ltr'><strong><em>cur</em></strong></span> 
     </span>
    </p>
   </div>
   <div class='ocr_carea' id='block_1_56' title="bbox 498 4022 2085 4100">
    <p class='ocr_par' dir='ltr' id='par_1_56' title="bbox 498 4022 2085 4100">
     <span class='ocr_line' id='line_1_56' title="bbox 498 4022 2085 4100; baseline -0.012 -5"><span class='ocrx_word' id='word_1_428' title='bbox 498 4057 650 4095; x_wconf 87' lang='lat' dir='ltr'><strong><em>nemo</em></strong></span> <span class='ocrx_word' id='word_1_429' title='bbox 699 4033 1117 4095; x_wconf 73' lang='lat' dir='ltr'><strong><em>contradixerit,</em></strong></span> <span class='ocrx_word' id='word_1_430' title='bbox 1158 4031 1361 4100; x_wconf 78' lang='lat' dir='ltr'><strong><em>factum</em></strong></span> <span class='ocrx_word' id='word_1_431' title='bbox 1409 4026 1569 4090; x_wconf 88' lang='lat' dir='ltr'><strong><em>ideo,</em></strong></span> <span class='ocrx_word' id='word_1_432' title='bbox 1624 4024 1761 4096; x_wconf 92' lang='lat' dir='ltr'><strong><em>quod</em></strong></span> <span class='ocrx_word' id='word_1_433' title='bbox 1811 4022 2085 4094; x_wconf 85' lang='lat' dir='ltr'><strong><em>pugnandi</em></strong></span> 
     </span>
    </p>
   </div>
   <div class='ocr_carea' id='block_1_57' title="bbox 500 4111 2085 4194">
    <p class='ocr_par' dir='ltr' id='par_1_57' title="bbox 500 4111 2085 4194">
     <span class='ocr_line' id='line_1_57' title="bbox 500 4111 2085 4194; baseline -0.013 -7"><span class='ocrx_word' id='word_1_434' title='bbox 500 4142 686 4187; x_wconf 91' lang='lat' dir='ltr'><strong><em>contra</em></strong></span> <span class='ocrx_word' id='word_1_435' title='bbox 719 4137 892 4184; x_wconf 87' lang='lat' dir='ltr'><strong><em>sectas</em></strong></span> <span class='ocrx_word' id='word_1_436' title='bbox 926 4123 1152 4194; x_wconf 88' lang='lat' dir='ltr'><strong><em>majores</em></strong></span> <span class='ocrx_word' id='word_1_437' title='bbox 1199 4118 1484 4173; x_wconf 84' lang='lat' dir='ltr'><strong><em>necessitas</em></strong></span> <span class='ocrx_word' id='word_1_438' title='bbox 1518 4112 1784 4183; x_wconf 86' lang='lat' dir='ltr'><strong><em>ejusmodi</em></strong></span> <span class='ocrx_word' id='word_1_439' title='bbox 1832 4111 2085 4184; x_wconf 84' lang='lat' dir='ltr'><strong><em>dogmata</em></strong></span> 
     </span>
    </p>
   </div>
   <div class='ocr_carea' id='block_1_58' title="bbox 503 4203 2086 4294">
    <p class='ocr_par' dir='ltr' id='par_1_58' title="bbox 503 4203 2086 4294">
     <span class='ocr_line' id='line_1_58' title="bbox 503 4203 2086 4294; baseline -0.014 -16"><span class='ocrx_word' id='word_1_440' title='bbox 503 4232 713 4294; x_wconf 84' lang='lat' dir='ltr'><strong><em>tegeret.</em></strong></span> <span class='ocrx_word' id='word_1_441' title='bbox 741 4222 806 4274; x_wconf 78' lang='lat' dir='ltr'><strong><em>At</em></strong></span> <span class='ocrx_word' id='word_1_442' title='bbox 837 4216 997 4288; x_wconf 90' lang='lat' dir='ltr'><strong><em>paulo</em></strong></span> <span class='ocrx_word' id='word_1_443' title='bbox 1036 4223 1316 4283; x_wconf 88' lang='lat' dir='ltr'><strong><em>postquam</em></strong></span> <span class='ocrx_word' id='word_1_444' title='bbox 1355 4209 1496 4263; x_wconf 90' lang='lat' dir='ltr'><strong><em>diem</em></strong></span> <span class='ocrx_word' id='word_1_445' title='bbox 1525 4205 1833 4260; x_wconf 84' lang='lat' dir='ltr'><strong><em>Theodorus</em></strong></span> <span class='ocrx_word' id='word_1_446' title='bbox 1863 4221 1927 4258; x_wconf 91' lang='lat' dir='ltr'><strong><em>ac</em></strong></span> <span class='ocrx_word' id='word_1_447' title='bbox 1961 4203 2086 4258; x_wconf 84' lang='lat' dir='ltr'><strong><em>Dio-</em></strong></span> 
     </span>
    </p>
   </div>
   <div class='ocr_carea' id='block_1_59' title="bbox 502 4295 2086 4373">
    <p class='ocr_par' dir='ltr' id='par_1_59' title="bbox 502 4295 2086 4373">
     <span class='ocr_line' id='line_1_59' title="bbox 502 4295 2086 4373; baseline -0.012 -5"><span class='ocrx_word' id='word_1_448' title='bbox 502 4317 668 4370; x_wconf 81' lang='lat' dir='ltr'><strong><em>dorus</em></strong></span> <span class='ocrx_word' id='word_1_449' title='bbox 698 4312 969 4373; x_wconf 90' lang='lat' dir='ltr'><strong><em>obiissent,</em></strong></span> <span class='ocrx_word' id='word_1_450' title='bbox 997 4305 1261 4361; x_wconf 88' lang='lat' dir='ltr'><strong><em>suscitata</em></strong></span> <span class='ocrx_word' id='word_1_451' title='bbox 1291 4299 1534 4355; x_wconf 88' lang='lat' dir='ltr'><strong><em>Nestorii</em></strong></span> <span class='ocrx_word' id='word_1_452' title='bbox 1561 4297 1664 4368; x_wconf 78' lang='lat' dir='ltr'><strong><em>fuit</em></strong></span> <span class='ocrx_word' id='word_1_453' title='bbox 1688 4297 1925 4351; x_wconf 78' lang='lat' dir='ltr'><strong><em>hwresis.</em></strong></span> <span class='ocrx_word' id='word_1_454' title='bbox 1951 4295 2086 4350; x_wconf 87' lang='lat' dir='ltr'><strong><em>Post</em></strong></span> 
     </span>
    </p>
   </div>
   <div class='ocr_carea' id='block_1_60' title="bbox 503 4387 2084 4461">
    <p class='ocr_par' dir='ltr' id='par_1_60' title="bbox 503 4387 2084 4461">
     <span class='ocr_line' id='line_1_60' title="bbox 503 4387 2084 4461; baseline -0.014 1"><span class='ocrx_word' id='word_1_455' title='bbox 503 4413 735 4461; x_wconf 81' lang='lat' dir='ltr'><strong><em>mortem</em></strong></span> <span class='ocrx_word' id='word_1_456' title='bbox 759 4401 922 4456; x_wconf 86' lang='lat' dir='ltr'><strong><em>etiam</em></strong></span> <span class='ocrx_word' id='word_1_457' title='bbox 947 4412 976 4450; x_wconf 88' lang='lat' dir='ltr'><strong><em>a</em></strong></span> <span class='ocrx_word' id='word_1_458' title='bbox 1007 4395 1193 4451; x_wconf 90' lang='lat' dir='ltr'><strong><em>multis</em></strong></span> <span class='ocrx_word' id='word_1_459' title='bbox 1214 4391 1518 4452; x_wconf 86' lang='lat' dir='ltr'><strong><em>laudatum,</em></strong></span> <span class='ocrx_word' id='word_1_460' title='bbox 1543 4399 1620 4454; x_wconf 90' lang='lat' dir='ltr'><strong><em>et,</em></strong></span> <span class='ocrx_word' id='word_1_461' title='bbox 1645 4389 1771 4443; x_wconf 87' lang='lat' dir='ltr'><strong><em>licet</em></strong></span> <span class='ocrx_word' id='word_1_462' title='bbox 1805 4387 1856 4441; x_wconf 88' lang='lat' dir='ltr'><strong><em>id</em></strong></span> <span class='ocrx_word' id='word_1_463' title='bbox 1885 4403 1915 4442; x_wconf 85' lang='lat' dir='ltr'><strong><em>a</em></strong></span> <span class='ocrx_word' id='word_1_464' title='bbox 1943 4387 2084 4442; x_wconf 83' lang='lat' dir='ltr'><strong><em>mul-</em></strong></span> 
     </span>
    </p>
   </div>
   <div class='ocr_carea' id='block_1_61' title="bbox 2171 1905 3756 1978">
    <p class='ocr_par' dir='ltr' id='par_1_61' title="bbox 2171 1905 3756 1978">
     <span class='ocr_line' id='line_1_61' title="bbox 2171 1905 3756 1978; baseline -0.004 -12"><span class='ocrx_word' id='word_1_465' title='bbox 2171 1923 2306 1976; x_wconf 86' lang='lat' dir='ltr'><strong><em>rent,</em></strong></span> <span class='ocrx_word' id='word_1_466' title='bbox 2334 1924 2390 1966; x_wconf 76' lang='lat' dir='ltr'><strong><em>ut</em></strong></span> <span class='ocrx_word' id='word_1_467' title='bbox 2433 1913 2733 1968; x_wconf 83' lang='lat' dir='ltr'><strong><em>Theodorus</em></strong></span> <span class='ocrx_word' id='word_1_468' title='bbox 2768 1910 3095 1965; x_wconf 81' lang='lat' dir='ltr'><strong><em>anathemati</em></strong></span> <span class='ocrx_word' id='word_1_469' title='bbox 3122 1909 3488 1978; x_wconf 87' lang='lat' dir='ltr'><strong><em>subjiceretur,</em></strong></span> <span class='ocrx_word' id='word_1_470' title='bbox 3529 1907 3598 1960; x_wconf 86' lang='lat' dir='ltr'><strong><em>ad</em></strong></span> <span class='ocrx_word' id='word_1_471' title='bbox 3625 1905 3756 1960; x_wconf 88' lang='lat' dir='ltr'><strong><em>Pro-</em></strong></span> 
     </span>
    </p>
   </div>
   <div class='ocr_carea' id='block_1_62' title="bbox 2170 1999 3756 2074">
    <p class='ocr_par' dir='ltr' id='par_1_62' title="bbox 2170 1999 3756 2074">
     <span class='ocr_line' id='line_1_62' title="bbox 2170 1999 3756 2074; baseline -0.004 -16"><span class='ocrx_word' id='word_1_472' title='bbox 2170 2006 2311 2059; x_wconf 91' lang='lat' dir='ltr'><strong><em>clum</em></strong></span> <span class='ocrx_word' id='word_1_473' title='bbox 2343 2006 2620 2074; x_wconf 84' lang='lat' dir='ltr'><strong><em>scripsisse</em></strong></span> <span class='ocrx_word' id='word_1_474' title='bbox 2649 2014 2891 2067; x_wconf 88' lang='lat' dir='ltr'><strong><em>constat,</em></strong></span> <span class='ocrx_word' id='word_1_475' title='bbox 2920 2004 3135 2056; x_wconf 86' lang='lat' dir='ltr'><strong><em>minime</em></strong></span> <span class='ocrx_word' id='word_1_476' title='bbox 3168 2001 3505 2056; x_wconf 84' lang='lat' dir='ltr'><strong><em>Theodorum</em></strong></span> <span class='ocrx_word' id='word_1_477' title='bbox 3532 1999 3756 2053; x_wconf 85' lang='lat' dir='ltr'><strong><em>anathe--</em></strong></span> 
     </span>
    </p>
   </div>
   <div class='ocr_carea' id='block_1_63' title="bbox 2171 2091 3754 2161">
    <p class='ocr_par' dir='ltr' id='par_1_63' title="bbox 2171 2091 3754 2161">
     <span class='ocr_line' id='line_1_63' title="bbox 2171 2091 3754 2161; baseline -0.004 -12"><span class='ocrx_word' id='word_1_478' title='bbox 2171 2097 2426 2149; x_wconf 78' lang='lat' dir='ltr'><strong><em>matizari</em></strong></span> <span class='ocrx_word' id='word_1_479' title='bbox 2469 2095 2653 2150; x_wconf 87' lang='lat' dir='ltr'><strong><em>debere</em></strong></span> <span class='ocrx_word' id='word_1_480' title='bbox 2679 2113 2698 2149; x_wconf 88' lang='lat'><strong><em>:</em></strong></span> <span class='ocrx_word' id='word_1_481' title='bbox 2750 2111 2873 2148; x_wconf 90' lang='lat' dir='ltr'><strong><em>nam</em></strong></span> <span class='ocrx_word' id='word_1_482' title='bbox 2909 2093 3242 2157; x_wconf 86' lang='lat' dir='ltr'><strong><em>Orientales,</em></strong></span> <span class='ocrx_word' id='word_1_483' title='bbox 3274 2093 3478 2161; x_wconf 84' lang='lat' dir='ltr'><strong><em>inquit,</em></strong></span> <span class='ocrx_word' id='word_1_484' title='bbox 3525 2091 3754 2144; x_wconf 84' lang='lat' dir='ltr'><strong><em>universi</em></strong></span> 
     </span>
    </p>
   </div>
   <div class='ocr_carea' id='block_1_64' title="bbox 2172 2184 3756 2257">
    <p class='ocr_par' dir='ltr' id='par_1_64' title="bbox 2172 2184 3756 2257">
     <span class='ocr_line' id='line_1_64' title="bbox 2172 2184 3756 2257; baseline -0.004 -16"><span class='ocrx_word' id='word_1_485' title='bbox 2172 2187 2492 2242; x_wconf 86' lang='lat' dir='ltr'><strong><em>Theodorum</em></strong></span> <span class='ocrx_word' id='word_1_486' title='bbox 2518 2205 2614 2256; x_wconf 88' lang='lat' dir='ltr'><strong><em>pro</em></strong></span> <span class='ocrx_word' id='word_1_487' title='bbox 2643 2203 2834 2257; x_wconf 88' lang='lat' dir='ltr'><strong><em>magno</em></strong></span> <span class='ocrx_word' id='word_1_488' title='bbox 2872 2186 3086 2240; x_wconf 90' lang='lat' dir='ltr'><strong><em>doctore</em></strong></span> <span class='ocrx_word' id='word_1_489' title='bbox 3117 2187 3328 2247; x_wconf 85' lang='lat' dir='ltr'><strong><em>habent,</em></strong></span> <span class='ocrx_word' id='word_1_490' title='bbox 3359 2201 3512 2254; x_wconf 89' lang='lat' dir='ltr'><strong><em>quem</em></strong></span> <span class='ocrx_word' id='word_1_491' title='bbox 3541 2184 3589 2237; x_wconf 88' lang='lat' dir='ltr'><strong><em>si</em></strong></span> <span class='ocrx_word' id='word_1_492' title='bbox 3618 2199 3756 2236; x_wconf 89' lang='lat' dir='ltr'><strong><em>ana-</em></strong></span> 
     </span>
    </p>
   </div>
   <div class='ocr_carea' id='block_1_65' title="bbox 2173 2273 3760 2348">
    <p class='ocr_par' dir='ltr' id='par_1_65' title="bbox 2173 2273 3760 2348">
     <span class='ocr_line' id='line_1_65' title="bbox 2173 2273 3760 2348; baseline -0.003 -17"><span class='ocrx_word' id='word_1_493' title='bbox 2173 2279 2388 2333; x_wconf 86' lang='lat' dir='ltr'><strong><em>themati</em></strong></span> <span class='ocrx_word' id='word_1_494' title='bbox 2417 2279 2810 2348; x_wconf 80' lang='lat' dir='ltr'><strong><em>subjecerimus,</em></strong></span> <span class='ocrx_word' id='word_1_495' title='bbox 2845 2279 2898 2331; x_wconf 89' lang='lat' dir='ltr'><strong><em>in</em></strong></span> <span class='ocrx_word' id='word_1_496' title='bbox 2928 2277 3284 2332; x_wconf 86' lang='lat' dir='ltr'><strong><em>Orientalium</em></strong></span> <span class='ocrx_word' id='word_1_497' title='bbox 3313 2276 3553 2328; x_wconf 81' lang='lat' dir='ltr'><strong><em>Ecclesia</em></strong></span> <span class='ocrx_word' id='word_1_498' title='bbox 3591 2273 3760 2327; x_wconf 83' lang='lat' dir='ltr'><strong><em>dissi-</em></strong></span> 
     </span>
    </p>
   </div>
   <div class='ocr_carea' id='block_1_66' title="bbox 2170 2364 3763 2441">
    <p class='ocr_par' dir='ltr' id='par_1_66' title="bbox 2170 2364 3763 2441">
     <span class='ocr_line' id='line_1_66' title="bbox 2170 2364 3763 2441; baseline -0.003 -18"><span class='ocrx_word' id='word_1_499' title='bbox 2170 2370 2319 2424; x_wconf 89' lang='lat' dir='ltr'><strong><em>dium</em></strong></span> <span class='ocrx_word' id='word_1_500' title='bbox 2341 2372 2519 2441; x_wconf 85' lang='lat' dir='ltr'><strong><em>ingens</em></strong></span> <span class='ocrx_word' id='word_1_501' title='bbox 2549 2370 2901 2424; x_wconf 69' lang='lat' dir='ltr'><strong><em>excitabimus</em></strong></span> <span class='ocrx_word' id='word_1_502' title='bbox 2927 2385 2946 2423; x_wconf 92' lang='lat'><strong><em>:</em></strong></span> <span class='ocrx_word' id='word_1_503' title='bbox 2969 2385 3189 2439; x_wconf 88' lang='lat' dir='ltr'><strong><em>quorum</em></strong></span> <span class='ocrx_word' id='word_1_504' title='bbox 3221 2384 3356 2421; x_wconf 88' lang='lat' dir='ltr'><strong><em>unus</em></strong></span> <span class='ocrx_word' id='word_1_505' title='bbox 3382 2377 3459 2421; x_wconf 89' lang='lat' dir='ltr'><strong><em>est</em></strong></span> <span class='ocrx_word' id='word_1_506' title='bbox 3490 2365 3640 2428; x_wconf 85' lang='lat' dir='ltr'><strong><em>lbas,</em></strong></span> <span class='ocrx_word' id='word_1_507' title='bbox 3671 2364 3763 2435; x_wconf 84' lang='lat' dir='ltr'><strong><em>qui</em></strong></span> 
     </span>
    </p>
   </div>
   <div class='ocr_carea' id='block_1_67' title="bbox 2171 2458 3763 2531">
    <p class='ocr_par' dir='ltr' id='par_1_67' title="bbox 2171 2458 3763 2531">
     <span class='ocr_line' id='line_1_67' title="bbox 2171 2458 3763 2531; baseline -0.005 -14"><span class='ocrx_word' id='word_1_508' title='bbox 2171 2481 2288 2518; x_wconf 87' lang='lat' dir='ltr'><strong><em>eum</em></strong></span> <span class='ocrx_word' id='word_1_509' title='bbox 2312 2462 2764 2515; x_wconf 82' lang='lat' dir='ltr'><strong><em>anathematizari</em></strong></span> <span class='ocrx_word' id='word_1_510' title='bbox 2799 2478 2901 2515; x_wconf 88' lang='lat' dir='ltr'><strong><em>non</em></strong></span> <span class='ocrx_word' id='word_1_511' title='bbox 2923 2463 3174 2531; x_wconf 88' lang='lat' dir='ltr'><strong><em>patietur.</em></strong></span> <span class='ocrx_word' id='word_1_512' title='bbox 3206 2458 3359 2526; x_wconf 85' lang='lat' dir='ltr'><strong><em>Quod</em></strong></span> <span class='ocrx_word' id='word_1_513' title='bbox 3391 2475 3510 2528; x_wconf 85' lang='lat' dir='ltr'><strong><em>ergo</em></strong></span> <span class='ocrx_word' id='word_1_514' title='bbox 3539 2467 3763 2511; x_wconf 81' lang='lat' dir='ltr'><strong><em>sanctus</em></strong></span> 
     </span>
    </p>
   </div>
   <div class='ocr_carea' id='block_1_68' title="bbox 2174 2549 3763 2624">
    <p class='ocr_par' dir='ltr' id='par_1_68' title="bbox 2174 2549 3763 2624">
     <span class='ocr_line' id='line_1_68' title="bbox 2174 2549 3763 2624; baseline -0.005 -14"><span class='ocrx_word' id='word_1_515' title='bbox 2174 2554 2407 2624; x_wconf 85' lang='lat' dir='ltr'><strong><em>Cyrillus</em></strong></span> <span class='ocrx_word' id='word_1_516' title='bbox 2447 2555 2564 2622; x_wconf 80' lang='lat' dir='ltr'><strong><em>fieri</em></strong></span> <span class='ocrx_word' id='word_1_517' title='bbox 2606 2554 2946 2622; x_wconf 82' lang='lat' dir='ltr'><strong><em>prohibebat,</em></strong></span> <span class='ocrx_word' id='word_1_518' title='bbox 2977 2569 3080 2622; x_wconf 91' lang='lat' dir='ltr'><strong><em>quo</em></strong></span> <span class='ocrx_word' id='word_1_519' title='bbox 3109 2561 3268 2620; x_wconf 89' lang='lat' dir='ltr'><strong><em>pacto</em></strong></span> <span class='ocrx_word' id='word_1_520' title='bbox 3306 2549 3540 2619; x_wconf 84' lang='lat' dir='ltr'><strong><em>synodus</em></strong></span> <span class='ocrx_word' id='word_1_521' title='bbox 3577 2549 3763 2616; x_wconf 84' lang='lat' dir='ltr'><strong><em>[acere</em></strong></span> 
     </span>
    </p>
   </div>
   <div class='ocr_carea' id='block_1_69' title="bbox 2171 2640 3767 2714">
    <p class='ocr_par' dir='ltr' id='par_1_69' title="bbox 2171 2640 3767 2714">
     <span class='ocr_line' id='line_1_69' title="bbox 2171 2640 3767 2714; baseline -0.003 -16"><span class='ocrx_word' id='word_1_522' title='bbox 2171 2649 2422 2714; x_wconf 77' lang='lat' dir='ltr'><strong><em>poterat?</em></strong></span> <span class='ocrx_word' id='word_1_523' title='bbox 2454 2644 2563 2700; x_wconf 87' lang='lat' dir='ltr'><strong><em>Nec</em></strong></span> <span class='ocrx_word' id='word_1_524' title='bbox 2590 2643 2737 2698; x_wconf 85' lang='lat' dir='ltr'><strong><em>aliud</em></strong></span> <span class='ocrx_word' id='word_1_525' title='bbox 2781 2645 3028 2698; x_wconf 85' lang='lat' dir='ltr'><strong><em>innuisse</em></strong></span> <span class='ocrx_word' id='word_1_526' title='bbox 3064 2644 3277 2696; x_wconf 75' lang='lat' dir='ltr'><strong><em>videtur</em></strong></span> <span class='ocrx_word' id='word_1_527' title='bbox 3329 2641 3590 2708; x_wconf 70' lang='lat' dir='ltr'><strong><em>Eulogius</em></strong></span> <span class='ocrx_word' id='word_1_528' title='bbox 3634 2640 3767 2693; x_wconf 62' lang='grc' dir='ltr'><strong>Αιερ</strong></span> 
     </span>
    </p>
   </div>
   <div class='ocr_carea' id='block_1_70' title="bbox 2173 2733 3764 2792">
    <p class='ocr_par' dir='ltr' id='par_1_70' title="bbox 2173 2733 3764 2792">
     <span class='ocr_line' id='line_1_70' title="bbox 2173 2733 3764 2792; baseline -0.004 -1"><span class='ocrx_word' id='word_1_529' title='bbox 2173 2738 2472 2792; x_wconf 78' lang='lat' dir='ltr'><strong><em>xandrinus</em></strong></span> <span class='ocrx_word' id='word_1_530' title='bbox 2507 2737 2561 2792; x_wconf 88' lang='lat' dir='ltr'><strong><em>in</em></strong></span> <span class='ocrx_word' id='word_1_531' title='bbox 2586 2737 2836 2791; x_wconf 89' lang='lat' dir='ltr'><strong><em>oratione</em></strong></span> <span class='ocrx_word' id='word_1_532' title='bbox 2869 2735 2942 2790; x_wconf 84' lang='lat' dir='ltr'><strong><em>De</em></strong></span> <span class='ocrx_word' id='word_1_533' title='bbox 2972 2736 3166 2788; x_wconf 84' lang='lat' dir='ltr'><strong><em>unione</em></strong></span> <span class='ocrx_word' id='word_1_534' title='bbox 3198 2733 3690 2787; x_wconf 79' lang='lat' dir='ltr'><strong><em>&#39;l‘heodosianorum</em></strong></span> <span class='ocrx_word' id='word_1_535' title='bbox 3715 2741 3764 2786; x_wconf 91' lang='lat' dir='ltr'><strong><em>et</em></strong></span> 
     </span>
    </p>
   </div>
   <div class='ocr_carea' id='block_1_71' title="bbox 2175 2823 3767 2898">
    <p class='ocr_par' dir='ltr' id='par_1_71' title="bbox 2175 2823 3767 2898">
     <span class='ocr_line' id='line_1_71' title="bbox 2175 2823 3767 2898; baseline -0.006 -15"><span class='ocrx_word' id='word_1_536' title='bbox 2175 2828 2511 2883; x_wconf 78' lang='lat' dir='ltr'><strong><em>Gainitarum</em></strong></span> <span class='ocrx_word' id='word_1_537' title='bbox 2536 2829 2680 2898; x_wconf 90' lang='lat' dir='ltr'><strong><em>apud</em></strong></span> <span class='ocrx_word' id='word_1_538' title='bbox 2708 2828 2956 2882; x_wconf 80' lang='lat' dir='ltr'><strong><em>Photium</em></strong></span> <span class='ocrx_word' id='word_1_539' title='bbox 2985 2827 3109 2883; x_wconf 87' lang='lat' dir='ltr'><strong><em>cod.</em></strong></span> <span class='ocrx_word' id='word_1_540' title='bbox 3139 2826 3266 2879; x_wconf 69' lang='grc'><strong><em>227.</em></strong></span> <span class='ocrx_word' id='word_1_541' title='bbox 3294 2824 3560 2895; x_wconf 80' lang='grc' dir='ltr'><strong>Κόριλλος</strong></span> <span class='ocrx_word' id='word_1_542' title='bbox 3585 2824 3646 2877; x_wconf 77' lang='grc' dir='ltr'><strong>δὲ</strong></span> <span class='ocrx_word' id='word_1_543' title='bbox 3669 2823 3767 2877; x_wconf 74' lang='grc' dir='ltr'><strong>τοῦ</strong></span> 
     </span>
    </p>
   </div>
   <div class='ocr_carea' id='block_1_72' title="bbox 2173 2915 3771 2990">
    <p class='ocr_par' dir='ltr' id='par_1_72' title="bbox 2173 2915 3771 2990">
     <span class='ocr_line' id='line_1_72' title="bbox 2173 2915 3771 2990; baseline -0.003 -17"><span class='ocrx_word' id='word_1_544' title='bbox 2173 2920 2547 2989; x_wconf 73' lang='grc' dir='ltr'><strong>Μοψουεστίας</strong></span> <span class='ocrx_word' id='word_1_545' title='bbox 2593 2920 2869 2990; x_wconf 77' lang='grc' dir='ltr'><strong>Θεοδώρου</strong></span> <span class='ocrx_word' id='word_1_546' title='bbox 2917 2919 3060 2972; x_wconf 74' lang='grc' dir='ltr'><strong>κατὰ</strong></span> <span class='ocrx_word' id='word_1_547' title='bbox 3115 2918 3214 2988; x_wconf 80' lang='grc' dir='ltr'><strong>τὴν</strong></span> <span class='ocrx_word' id='word_1_548' title='bbox 3275 2916 3450 2986; x_wconf 80' lang='grc' dir='ltr'><strong>Ἐᾠαν</strong></span> <span class='ocrx_word' id='word_1_549' title='bbox 3497 2915 3771 2978; x_wconf 75' lang='grc' dir='ltr'><strong>ὡσαύτως</strong></span> 
     </span>
    </p>
   </div>
   <div class='ocr_carea' id='block_1_73' title="bbox 2175 3013 3772 3085">
    <p class='ocr_par' dir='ltr' id='par_1_73' title="bbox 2175 3013 3772 3085">
     <span class='ocr_line' id='line_1_73' title="bbox 2175 3013 3772 3085; baseline -0.004 -17"><span class='ocrx_word' id='word_1_550' title='bbox 2175 3015 2691 3085; x_wconf 79' lang='grc' dir='ltr'><strong>ἀνακηρυττομένου</strong></span> <span class='ocrx_word' id='word_1_551' title='bbox 2724 3014 2825 3084; x_wconf 83' lang='grc' dir='ltr'><strong>τῆς</strong></span> <span class='ocrx_word' id='word_1_552' title='bbox 2853 3014 3138 3076; x_wconf 77' lang='grc' dir='ltr'><strong>κοινωνίας</strong></span> <span class='ocrx_word' id='word_1_553' title='bbox 3169 3013 3269 3065; x_wconf 75' lang='grc' dir='ltr'><strong><em>οὐκ</em></strong></span> <span class='ocrx_word' id='word_1_554' title='bbox 3293 3013 3576 3081; x_wconf 65' lang='grc' dir='ltr'><strong>ἀφίστατο·</strong></span> <span class='ocrx_word' id='word_1_555' title='bbox 3619 3013 3772 3079; x_wconf 80' lang='grc' dir='ltr'><strong>ἐώρα</strong></span> 
     </span>
    </p>
   </div>
   <div class='ocr_carea' id='block_1_74' title="bbox 2178 3103 3772 3178">
    <p class='ocr_par' dir='ltr' id='par_1_74' title="bbox 2178 3103 3772 3178">
     <span class='ocr_line' id='line_1_74' title="bbox 2178 3103 3772 3178; baseline -0.003 -18"><span class='ocrx_word' id='word_1_556' title='bbox 2178 3107 2288 3178; x_wconf 76' lang='grc' dir='ltr'><strong><em>γάρ</em></strong></span> <span class='ocrx_word' id='word_1_557' title='bbox 2337 3106 2638 3176; x_wconf 79' lang='grc' dir='ltr'><strong>ἀκηράτοις</strong></span> <span class='ocrx_word' id='word_1_558' title='bbox 2672 3105 2955 3176; x_wconf 78' lang='grc' dir='ltr'><strong>σωζόμενα</strong></span> <span class='ocrx_word' id='word_1_559' title='bbox 3001 3105 3233 3174; x_wconf 85' lang='grc' dir='ltr'><strong>δόγμασι</strong></span> <span class='ocrx_word' id='word_1_560' title='bbox 3261 3105 3327 3158; x_wconf 81' lang='grc' dir='ltr'><strong><em>τά</em></strong></span> <span class='ocrx_word' id='word_1_561' title='bbox 3353 3106 3451 3174; x_wconf 74' lang='grc' dir='ltr'><strong>τῆς</strong></span> <span class='ocrx_word' id='word_1_562' title='bbox 3483 3103 3772 3164; x_wconf 73' lang='grc' dir='ltr'><strong>εὐσεϐείας</strong></span> 
     </span>
    </p>
   </div>
   <div class='ocr_carea' id='block_1_75' title="bbox 2186 3194 3776 3269">
    <p class='ocr_par' dir='ltr' id='par_1_75' title="bbox 2186 3194 3776 3269">
     <span class='ocr_line' id='line_1_75' title="bbox 2186 3194 3776 3269; baseline -0.003 -17"><span class='ocrx_word' id='word_1_563' title='bbox 2186 3196 2557 3269; x_wconf 84' lang='grc' dir='ltr'><strong>καιριώτατα·</strong></span> <span class='ocrx_word' id='word_1_564' title='bbox 2595 3197 2830 3268; x_wconf 85' lang='lat' dir='ltr'><strong><em>Cyrillus</em></strong></span> <span class='ocrx_word' id='word_1_565' title='bbox 2871 3214 2990 3251; x_wconf 84' lang='lat' dir='ltr'><strong><em>vero</em></strong></span> <span class='ocrx_word' id='word_1_566' title='bbox 3037 3215 3069 3250; x_wconf 93' lang='lat' dir='ltr'><strong><em>a</em></strong></span> <span class='ocrx_word' id='word_1_567' title='bbox 3119 3197 3380 3251; x_wconf 86' lang='lat' dir='ltr'><strong><em>Theodori</em></strong></span> <span class='ocrx_word' id='word_1_568' title='bbox 3423 3194 3776 3263; x_wconf 78' lang='lat' dir='ltr'><strong><em>Mopsuestia:</em></strong></span> 
     </span>
    </p>
   </div>
   <div class='ocr_carea' id='block_1_76' title="bbox 2183 3288 3778 3359">
    <p class='ocr_par' dir='ltr' id='par_1_76' title="bbox 2183 3288 3778 3359">
     <span class='ocr_line' id='line_1_76' title="bbox 2183 3288 3778 3359; baseline -0.003 -15"><span class='ocrx_word' id='word_1_569' title='bbox 2183 3291 2413 3359; x_wconf 84' lang='lat' dir='ltr'><strong><em>episcopi</em></strong></span> <span class='ocrx_word' id='word_1_570' title='bbox 2456 3305 2547 3358; x_wconf 86' lang='lat' dir='ltr'><strong><em>per</em></strong></span> <span class='ocrx_word' id='word_1_571' title='bbox 2601 3288 2868 3343; x_wconf 84' lang='lat' dir='ltr'><strong><em>Orientem</em></strong></span> <span class='ocrx_word' id='word_1_572' title='bbox 2920 3289 3102 3343; x_wconf 89' lang='lat' dir='ltr'><strong><em>eodem</em></strong></span> <span class='ocrx_word' id='word_1_573' title='bbox 3148 3288 3484 3342; x_wconf 88' lang='lat' dir='ltr'><strong><em>anathemate</em></strong></span> <span class='ocrx_word' id='word_1_574' title='bbox 3529 3288 3778 3354; x_wconf 81' lang='lat' dir='ltr'><strong><em>percussi</em></strong></span> 
     </span>
    </p>
   </div>
   <div class='ocr_carea' id='block_1_77' title="bbox 2184 3381 3781 3444">
    <p class='ocr_par' dir='ltr' id='par_1_77' title="bbox 2184 3381 3781 3444">
     <span class='ocr_line' id='line_1_77' title="bbox 2184 3381 3781 3444; baseline -0.003 -8"><span class='ocrx_word' id='word_1_575' title='bbox 2184 3383 2546 3436; x_wconf 88' lang='lat' dir='ltr'><strong><em>communione</em></strong></span> <span class='ocrx_word' id='word_1_576' title='bbox 2595 3399 2696 3436; x_wconf 85' lang='lat' dir='ltr'><strong><em>non</em></strong></span> <span class='ocrx_word' id='word_1_577' title='bbox 2742 3381 3035 3444; x_wconf 83' lang='lat' dir='ltr'><strong><em>abstinuit;</em></strong></span> <span class='ocrx_word' id='word_1_578' title='bbox 3091 3382 3298 3435; x_wconf 79' lang='lat' dir='ltr'><strong><em>videbat</em></strong></span> <span class='ocrx_word' id='word_1_579' title='bbox 3349 3381 3485 3434; x_wconf 88' lang='lat' dir='ltr'><strong><em>enim</em></strong></span> <span class='ocrx_word' id='word_1_580' title='bbox 3543 3381 3781 3434; x_wconf 80' lang='lat' dir='ltr'><strong><em>sinceris</em></strong></span> 
     </span>
    </p>
   </div>
   <div class='ocr_carea' id='block_1_78' title="bbox 2183 3469 3699 3545">
    <p class='ocr_par' dir='ltr' id='par_1_78' title="bbox 2183 3469 3699 3545">
     <span class='ocr_line' id='line_1_78' title="bbox 2183 3469 3699 3545; baseline -0.006 -17"><span class='ocrx_word' id='word_1_581' title='bbox 2183 3473 2518 3545; x_wconf 87' lang='lat' dir='ltr'><strong><em>dogmatibus</em></strong></span> <span class='ocrx_word' id='word_1_582' title='bbox 2555 3475 2754 3528; x_wconf 81' lang='lat' dir='ltr'><strong><em>servari</em></strong></span> <span class='ocrx_word' id='word_1_583' title='bbox 2785 3473 3078 3540; x_wconf 63' lang='lat' dir='ltr'><strong><em>pracipuos</em></strong></span> <span class='ocrx_word' id='word_1_584' title='bbox 3112 3471 3383 3540; x_wconf 86' lang='lat' dir='ltr'><strong><em>religionis</em></strong></span> <span class='ocrx_word' id='word_1_585' title='bbox 3415 3469 3699 3522; x_wconf 83' lang='lat' dir='ltr'><strong><em>articulos.</em></strong></span> 
     </span>
    </p>
   </div>
   <div class='ocr_carea' id='block_1_79' title="bbox 2254 3559 3779 3635">
    <p class='ocr_par' dir='ltr' id='par_1_79' title="bbox 2254 3559 3779 3635">
     <span class='ocr_line' id='line_1_79' title="bbox 2254 3559 3779 3635; baseline -0.006 -15"><span class='ocrx_word' id='word_1_586' title='bbox 2254 3564 2526 3635; x_wconf 79' lang='lat' dir='ltr'><strong><em>Quidquid</em></strong></span> <span class='ocrx_word' id='word_1_587' title='bbox 2556 3572 2736 3618; x_wconf 82' lang='lat' dir='ltr'><strong><em>tamen</em></strong></span> <span class='ocrx_word' id='word_1_588' title='bbox 2775 3565 2829 3617; x_wconf 80' lang='lat' dir='ltr'><strong><em>lii</em></strong></span> <span class='ocrx_word' id='word_1_589' title='bbox 2879 3571 3147 3627; x_wconf 85' lang='lat' dir='ltr'><strong><em>asserant,</em></strong></span> <span class='ocrx_word' id='word_1_590' title='bbox 3195 3569 3405 3615; x_wconf 84' lang='lat' dir='ltr'><strong><em>certum</em></strong></span> <span class='ocrx_word' id='word_1_591' title='bbox 3455 3569 3538 3614; x_wconf 83' lang='lat' dir='ltr'><strong><em>est</em></strong></span> <span class='ocrx_word' id='word_1_592' title='bbox 3581 3559 3779 3613; x_wconf 82' lang='lat' dir='ltr'><strong><em>Theo—</em></strong></span> 
     </span>
    </p>
   </div>
   <div class='ocr_carea' id='block_1_80' title="bbox 2183 3652 3780 3727">
    <p class='ocr_par' dir='ltr' id='par_1_80' title="bbox 2183 3652 3780 3727">
     <span class='ocr_line' id='line_1_80' title="bbox 2183 3652 3780 3727; baseline -0.006 -14"><span class='ocrx_word' id='word_1_593' title='bbox 2183 3657 2304 3713; x_wconf 85' lang='lat' dir='ltr'><strong><em>dori</em></strong></span> <span class='ocrx_word' id='word_1_594' title='bbox 2342 3659 2488 3712; x_wconf 88' lang='lat' dir='ltr'><strong><em>dicta</em></strong></span> <span class='ocrx_word' id='word_1_595' title='bbox 2536 3672 2658 3727; x_wconf 75' lang='lat' dir='ltr'><strong><em>qua:</em></strong></span> <span class='ocrx_word' id='word_1_596' title='bbox 2703 3654 3044 3711; x_wconf 75' lang='lat' dir='ltr'><strong><em>Nestoriaua:</em></strong></span> <span class='ocrx_word' id='word_1_597' title='bbox 3097 3654 3290 3708; x_wconf 68' lang='lat' dir='ltr'><strong><em>haeresi</em></strong></span> <span class='ocrx_word' id='word_1_598' title='bbox 3335 3653 3629 3712; x_wconf 78' lang='lat' dir='ltr'><strong><em>favebant,</em></strong></span> <span class='ocrx_word' id='word_1_599' title='bbox 3693 3652 3780 3704; x_wconf 69' lang='lat' dir='ltr'><strong><em>vel</em></strong></span> 
     </span>
    </p>
   </div>
   <div class='ocr_carea' id='block_1_81' title="bbox 2183 3744 3784 3813">
    <p class='ocr_par' dir='ltr' id='par_1_81' title="bbox 2183 3744 3784 3813">
     <span class='ocr_line' id='line_1_81' title="bbox 2183 3744 3784 3813; baseline -0.006 -7"><span class='ocrx_word' id='word_1_600' title='bbox 2183 3758 2337 3806; x_wconf 76' lang='lat' dir='ltr'><strong><em>extra</em></strong></span> <span class='ocrx_word' id='word_1_601' title='bbox 2374 3749 2660 3803; x_wconf 68' lang='lat' dir='ltr'><strong><em>catholica:</em></strong></span> <span class='ocrx_word' id='word_1_602' title='bbox 2693 3748 2813 3803; x_wconf 80' lang='lat' dir='ltr'><strong><em>ﬁdei</em></strong></span> <span class='ocrx_word' id='word_1_603' title='bbox 2849 3762 3122 3810; x_wconf 84' lang='lat' dir='ltr'><strong><em>normam,</em></strong></span> <span class='ocrx_word' id='word_1_604' title='bbox 3154 3747 3268 3800; x_wconf 78' lang='lat' dir='ltr'><strong><em>sive</em></strong></span> <span class='ocrx_word' id='word_1_605' title='bbox 3299 3745 3414 3800; x_wconf 85' lang='lat' dir='ltr'><strong><em>suis</em></strong></span> <span class='ocrx_word' id='word_1_606' title='bbox 3436 3745 3490 3798; x_wconf 90' lang='lat' dir='ltr'><strong><em>in</em></strong></span> <span class='ocrx_word' id='word_1_607' title='bbox 3523 3744 3784 3813; x_wconf 81' lang='lat' dir='ltr'><strong><em>scriptis,</em></strong></span> 
     </span>
    </p>
   </div>
   <div class='ocr_carea' id='block_1_82' title="bbox 2185 3835 3781 3896">
    <p class='ocr_par' dir='ltr' id='par_1_82' title="bbox 2185 3835 3781 3896">
     <span class='ocr_line' id='line_1_82' title="bbox 2185 3835 3781 3896; baseline -0.008 1"><span class='ocrx_word' id='word_1_608' title='bbox 2185 3843 2302 3896; x_wconf 83' lang='lat' dir='ltr'><strong><em>sive</em></strong></span> <span class='ocrx_word' id='word_1_609' title='bbox 2334 3842 2390 3896; x_wconf 90' lang='lat' dir='ltr'><strong><em>in</em></strong></span> <span class='ocrx_word' id='word_1_610' title='bbox 2421 3841 2654 3894; x_wconf 83' lang='lat' dir='ltr'><strong><em>aliorum</em></strong></span> <span class='ocrx_word' id='word_1_611' title='bbox 2690 3839 3102 3893; x_wconf 87' lang='lat' dir='ltr'><strong><em>commentariis</em></strong></span> <span class='ocrx_word' id='word_1_612' title='bbox 3135 3835 3350 3892; x_wconf 81' lang='lat' dir='ltr'><strong><em>fuerant</em></strong></span> <span class='ocrx_word' id='word_1_613' title='bbox 3385 3835 3781 3896; x_wconf 82' lang='lat' dir='ltr'><strong><em>disseminata,</em></strong></span> 
     </span>
    </p>
   </div>
   <div class='ocr_carea' id='block_1_83' title="bbox 2185 3927 3783 4005">
    <p class='ocr_par' dir='ltr' id='par_1_83' title="bbox 2185 3927 3783 4005">
     <span class='ocr_line' id='line_1_83' title="bbox 2185 3927 3783 4005; baseline -0.008 -13"><span class='ocrx_word' id='word_1_614' title='bbox 2185 3949 2463 4005; x_wconf 82' lang='lat' dir='ltr'><strong><em>nunquam</em></strong></span> <span class='ocrx_word' id='word_1_615' title='bbox 2496 3932 2665 3989; x_wconf 75' lang='lat' dir='ltr'><strong><em>fuisse</em></strong></span> <span class='ocrx_word' id='word_1_616' title='bbox 2701 3934 2769 3987; x_wconf 88' lang='lat' dir='ltr'><strong><em>ab</em></strong></span> <span class='ocrx_word' id='word_1_617' title='bbox 2802 3931 3130 3987; x_wconf 75' lang='lat' dir='ltr'><strong><em>orthodoxis</em></strong></span> <span class='ocrx_word' id='word_1_618' title='bbox 3157 3929 3411 3984; x_wconf 81' lang='lat' dir='ltr'><strong><em>Patribus</em></strong></span> <span class='ocrx_word' id='word_1_619' title='bbox 3442 3927 3783 3999; x_wconf 83' lang='lat' dir='ltr'><strong><em>approbata,</em></strong></span> 
     </span>
    </p>
   </div>
   <div class='ocr_carea' id='block_1_84' title="bbox 2183 4021 3789 4100">
    <p class='ocr_par' dir='ltr' id='par_1_84' title="bbox 2183 4021 3789 4100">
     <span class='ocr_line' id='line_1_84' title="bbox 2183 4021 3789 4100; baseline -0.007 -18"><span class='ocrx_word' id='word_1_620' title='bbox 2183 4029 2430 4100; x_wconf 86' lang='lat' dir='ltr'><strong><em>quinimo</em></strong></span> <span class='ocrx_word' id='word_1_621' title='bbox 2450 4043 2479 4081; x_wconf 91' lang='lat' dir='ltr'><strong><em>a</em></strong></span> <span class='ocrx_word' id='word_1_622' title='bbox 2507 4025 2756 4097; x_wconf 78' lang='lat' dir='ltr'><strong><em>pluribus</em></strong></span> <span class='ocrx_word' id='word_1_623' title='bbox 2776 4025 3052 4096; x_wconf 80' lang='lat' dir='ltr'><strong><em>privatim,</em></strong></span> <span class='ocrx_word' id='word_1_624' title='bbox 3084 4032 3198 4076; x_wconf 88' lang='lat' dir='ltr'><strong><em>tum</em></strong></span> <span class='ocrx_word' id='word_1_625' title='bbox 3219 4022 3437 4098; x_wconf 64' lang='lat' dir='ltr'><strong><em>deorum</em></strong></span> <span class='ocrx_word' id='word_1_626' title='bbox 3459 4023 3512 4075; x_wconf 91' lang='lat' dir='ltr'><strong><em>in</em></strong></span> <span class='ocrx_word' id='word_1_627' title='bbox 3535 4021 3789 4075; x_wconf 77' lang='lat' dir='ltr'><strong><em>(&#39;Ottcilit)</em></strong></span> 
     </span>
    </p>
   </div>
   <div class='ocr_carea' id='block_1_85' title="bbox 2189 4114 3790 4192">
    <p class='ocr_par' dir='ltr' id='par_1_85' title="bbox 2189 4114 3790 4192">
     <span class='ocr_line' id='line_1_85' title="bbox 2189 4114 3790 4192; baseline -0.005 -18"><span class='ocrx_word' id='word_1_628' title='bbox 2189 4119 2226 4174; x_wconf 72' lang='grc' dir='ltr'><strong>γ</strong></span> <span class='ocrx_word' id='word_1_629' title='bbox 2255 4118 2495 4192; x_wconf 80' lang='lat' dir='ltr'><strong><em>generali</em></strong></span> <span class='ocrx_word' id='word_1_630' title='bbox 2532 4133 2640 4172; x_wconf 89' lang='lat' dir='ltr'><strong><em>una</em></strong></span> <span class='ocrx_word' id='word_1_631' title='bbox 2673 4131 2798 4171; x_wconf 89' lang='lat' dir='ltr'><strong><em>cum</em></strong></span> <span class='ocrx_word' id='word_1_632' title='bbox 2829 4115 3122 4172; x_wconf 80' lang='lat' dir='ltr'><strong><em>Theodoro</em></strong></span> <span class='ocrx_word' id='word_1_633' title='bbox 3158 4115 3296 4186; x_wconf 89' lang='lat' dir='ltr'><strong><em>ipso,</em></strong></span> <span class='ocrx_word' id='word_1_634' title='bbox 3334 4122 3392 4168; x_wconf 87' lang='lat' dir='ltr'><strong><em>ut</em></strong></span> <span class='ocrx_word' id='word_1_635' title='bbox 3427 4114 3691 4168; x_wconf 65' lang='lat' dir='ltr'><strong><em>haeretica</em></strong></span> <span class='ocrx_word' id='word_1_636' title='bbox 3731 4123 3790 4166; x_wconf 78' lang='lat' dir='ltr'><strong><em>et</em></strong></span> 
     </span>
    </p>
   </div>
   <div class='ocr_carea' id='block_1_86' title="bbox 2183 4206 3790 4277">
    <p class='ocr_par' dir='ltr' id='par_1_86' title="bbox 2183 4206 3790 4277">
     <span class='ocr_line' id='line_1_86' title="bbox 2183 4206 3790 4277; baseline -0.006 -9"><span class='ocrx_word' id='word_1_637' title='bbox 2183 4211 2470 4268; x_wconf 87' lang='lat' dir='ltr'><strong><em>catholicis</em></strong></span> <span class='ocrx_word' id='word_1_638' title='bbox 2493 4209 2721 4264; x_wconf 89' lang='lat' dir='ltr'><strong><em>auribus</em></strong></span> <span class='ocrx_word' id='word_1_639' title='bbox 2751 4209 2913 4263; x_wconf 62' lang='lat' dir='ltr'><strong><em>noxia</em></strong></span> <span class='ocrx_word' id='word_1_640' title='bbox 2939 4208 3163 4277; x_wconf 88' lang='lat' dir='ltr'><strong><em>rejecta,</em></strong></span> <span class='ocrx_word' id='word_1_641' title='bbox 3191 4214 3247 4262; x_wconf 90' lang='lat' dir='ltr'><strong><em>et</em></strong></span> <span class='ocrx_word' id='word_1_642' title='bbox 3274 4207 3613 4263; x_wconf 83' lang='lat' dir='ltr'><strong><em>anathemati</em></strong></span> <span class='ocrx_word' id='word_1_643' title='bbox 3647 4206 3790 4261; x_wconf 83' lang='lat' dir='ltr'><strong><em>sub-</em></strong></span> 
     </span>
    </p>
   </div>
   <div class='ocr_carea' id='block_1_87' title="bbox 2180 4299 3789 4375">
    <p class='ocr_par' dir='ltr' id='par_1_87' title="bbox 2180 4299 3789 4375">
     <span class='ocr_line' id='line_1_87' title="bbox 2180 4299 3789 4375; baseline -0.004 -15"><span class='ocrx_word' id='word_1_644' title='bbox 2180 4304 2347 4375; x_wconf 87' lang='lat' dir='ltr'><strong><em>jecta,</em></strong></span> <span class='ocrx_word' id='word_1_645' title='bbox 2365 4308 2420 4357; x_wconf 85' lang='lat' dir='ltr'><strong><em>et</em></strong></span> <span class='ocrx_word' id='word_1_646' title='bbox 2447 4299 2722 4354; x_wconf 83' lang='lat' dir='ltr'><strong><em>Theodori</em></strong></span> <span class='ocrx_word' id='word_1_647' title='bbox 2745 4300 3063 4354; x_wconf 86' lang='lat' dir='ltr'><strong><em>memoriam</em></strong></span> <span class='ocrx_word' id='word_1_648' title='bbox 3087 4318 3118 4352; x_wconf 67' lang='lat' dir='ltr'><strong><em>c:</em></strong></span> <span class='ocrx_word' id='word_1_649' title='bbox 3140 4299 3413 4369; x_wconf 73' lang='lat' dir='ltr'><strong><em>diptychis</em></strong></span> <span class='ocrx_word' id='word_1_650' title='bbox 3430 4307 3789 4368; x_wconf 87' lang='lat' dir='ltr'><strong><em>protrusam.</em></strong></span> 
     </span>
    </p>
   </div>
   <div class='ocr_carea' id='block_1_88' title="bbox 2184 4389 3789 4460">
    <p class='ocr_par' dir='ltr' id='par_1_88' title="bbox 2184 4389 3789 4460">
     <span class='ocr_line' id='line_1_88' title="bbox 2184 4389 3789 4460; baseline -0.005 -11"><span class='ocrx_word' id='word_1_651' title='bbox 2184 4401 2245 4450; x_wconf 83' lang='lat' dir='ltr'><strong><em>ut</em></strong></span> <span class='ocrx_word' id='word_1_652' title='bbox 2271 4393 2438 4448; x_wconf 84' lang='lat' dir='ltr'><strong><em>tradit</em></strong></span> <span class='ocrx_word' id='word_1_653' title='bbox 2465 4390 2812 4447; x_wconf 81' lang='lat' dir='ltr'><strong><em>Justinianus</em></strong></span> <span class='ocrx_word' id='word_1_654' title='bbox 2846 4391 3146 4460; x_wconf 86' lang='lat' dir='ltr'><strong><em>imperator</em></strong></span> <span class='ocrx_word' id='word_1_655' title='bbox 3186 4392 3240 4443; x_wconf 90' lang='lat' dir='ltr'><strong><em>in</em></strong></span> <span class='ocrx_word' id='word_1_656' title='bbox 3279 4390 3460 4445; x_wconf 86' lang='lat' dir='ltr'><strong><em>edicto</em></strong></span> <span class='ocrx_word' id='word_1_657' title='bbox 3494 4389 3576 4459; x_wconf 87' lang='lat' dir='ltr'><strong><em>(b)</em></strong></span> <span class='ocrx_word' id='word_1_658' title='bbox 3615 4389 3789 4442; x_wconf 78' lang='grc' dir='ltr'><strong><em>Ειδὸ-</em></strong></span> 
     </span>
    </p>
   </div>
   <div class='ocr_carea' id='block_1_89' title="bbox 505 4480 2075 4562">
    <p class='ocr_par' dir='ltr' id='par_1_89' title="bbox 505 4480 2075 4562">
     <span class='ocr_line' id='line_1_89' title="bbox 505 4480 2075 4562; baseline -0.011 -10"><span class='ocrx_word' id='word_1_659' title='bbox 505 4498 575 4552; x_wconf 89' lang='lat' dir='ltr'><strong><em>tis</em></strong></span> <span class='ocrx_word' id='word_1_660' title='bbox 592 4505 936 4562; x_wconf 87' lang='lat' dir='ltr'><strong><em>summopere</em></strong></span> <span class='ocrx_word' id='word_1_661' title='bbox 959 4486 1350 4559; x_wconf 86' lang='lat' dir='ltr'><strong><em>postularetur,</em></strong></span> <span class='ocrx_word' id='word_1_662' title='bbox 1367 4483 1436 4538; x_wconf 86' lang='lat' dir='ltr'><strong><em>ab</em></strong></span> <span class='ocrx_word' id='word_1_663' title='bbox 1451 4481 1570 4551; x_wconf 81' lang='lat' dir='ltr'><strong><em>ejus</em></strong></span> <span class='ocrx_word' id='word_1_664' title='bbox 1585 4480 1937 4536; x_wconf 80' lang='lat' dir='ltr'><strong><em>damnatione</em></strong></span> <span class='ocrx_word' id='word_1_665' title='bbox 1959 4482 2075 4535; x_wconf 88' lang='lat' dir='ltr'><strong><em>abs-</em></strong></span> 
     </span>
    </p>
   </div>
   <div class='ocr_carea' id='block_1_90' title="bbox 2180 4480 3796 4562">
    <p class='ocr_par' dir='ltr' id='par_1_90' title="bbox 2187 4482 3796 4553">
     <span class='ocr_line' id='line_1_90' title="bbox 2187 4482 3796 4553; baseline -0.004 -13"><span class='ocrx_word' id='word_1_666' title='bbox 2187 4503 2284 4552; x_wconf 79' lang='grc' dir='ltr'><strong><em>τες</em></strong></span> <span class='ocrx_word' id='word_1_667' title='bbox 2311 4486 2390 4550; x_wconf 86' lang='grc' dir='ltr'><strong><em>ὡς</em></strong></span> <span class='ocrx_word' id='word_1_668' title='bbox 2430 4482 2630 4537; x_wconf 74' lang='grc' dir='ltr'><strong>οὐδέν.</strong></span> <span class='ocrx_word' id='word_1_669' title='bbox 2683 4483 2956 4553; x_wconf 85' lang='grc' dir='ltr'><strong>Θεόδωρος</strong></span> <span class='ocrx_word' id='word_1_670' title='bbox 2975 4482 3030 4535; x_wconf 85' lang='grc' dir='ltr'><strong><em>δὲ</em></strong></span> <span class='ocrx_word' id='word_1_671' title='bbox 3055 4485 3121 4553; x_wconf 82' lang='grc' dir='ltr'><strong>τῇ</strong></span> <span class='ocrx_word' id='word_1_672' title='bbox 3168 4483 3344 4553; x_wconf 78' lang='grc' dir='ltr'><strong>οἰκείᾳ</strong></span> <span class='ocrx_word' id='word_1_673' title='bbox 3383 4482 3796 4552; x_wconf 82' lang='grc' dir='ltr'><strong>ἐντελευτὴσας</strong></span> 
     </span>
    </p>
   </div>
   <div class='ocr_carea' id='block_1_91' title="bbox 505 4572 2076 4643">
    <p class='ocr_par' dir='ltr' id='par_1_91' title="bbox 505 4572 2076 4643">
     <span class='ocr_line' id='line_1_91' title="bbox 505 4572 2076 4643; baseline -0.021 0"><span class='ocrx_word' id='word_1_674' title='bbox 505 4587 740 4643; x_wconf 86' lang='lat' dir='ltr'><strong><em>tinuisse</em></strong></span> <span class='ocrx_word' id='word_1_675' title='bbox 769 4581 984 4642; x_wconf 84' lang='lat' dir='ltr'><strong><em>Patres,</em></strong></span> <span class='ocrx_word' id='word_1_676' title='bbox 1033 4584 1226 4633; x_wconf 88' lang='lat' dir='ltr'><strong><em>narrat</em></strong></span> <span class='ocrx_word' id='word_1_677' title='bbox 1277 4574 1421 4630; x_wconf 87' lang='lat' dir='ltr'><strong><em>idem</em></strong></span> <span class='ocrx_word' id='word_1_678' title='bbox 1478 4572 1743 4628; x_wconf 80' lang='lat' dir='ltr'><strong><em>Leontius</em></strong></span> <span class='ocrx_word' id='word_1_679' title='bbox 1789 4572 2076 4634; x_wconf 64' lang='grc' dir='ltr'><strong>θοι,νι,4τ</strong></span> 
     </span>
    </p>
   </div>
   <div class='ocr_carea' id='block_1_92' title="bbox 517 4664 2084 4738">
    <p class='ocr_par' dir='ltr' id='par_1_92' title="bbox 517 4664 2084 4738">
     <span class='ocr_line' id='line_1_92' title="bbox 517 4664 2084 4738; baseline -0.015 -4"><span class='ocrx_word' id='word_1_680' title='bbox 517 4681 577 4735; x_wconf 72' lang='grc' dir='ltr'><strong><em>ὐ</em></strong></span> <span class='ocrx_word' id='word_1_681' title='bbox 613 4679 670 4732; x_wconf 75' lang='grc' dir='ltr'><strong><em>δὲ</em></strong></span> <span class='ocrx_word' id='word_1_682' title='bbox 701 4675 848 4738; x_wconf 80' lang='grc' dir='ltr'><strong>Ἰϐας</strong></span> <span class='ocrx_word' id='word_1_683' title='bbox 870 4672 967 4726; x_wconf 69' lang='grc' dir='ltr'><strong>καὶ</strong></span> <span class='ocrx_word' id='word_1_684' title='bbox 990 4669 1154 4732; x_wconf 74' lang='grc' dir='ltr'><strong>αὐτὸς</strong></span> <span class='ocrx_word' id='word_1_685' title='bbox 1182 4665 1569 4738; x_wconf 78' lang='grc' dir='ltr'><strong>Νεστοριανδς,</strong></span> <span class='ocrx_word' id='word_1_686' title='bbox 1603 4665 1679 4728; x_wconf 84' lang='grc' dir='ltr'><strong>ὡς</strong></span> <span class='ocrx_word' id='word_1_687' title='bbox 1711 4664 1863 4734; x_wconf 88' lang='grc' dir='ltr'><strong><em>δηλοί</em></strong></span> <span class='ocrx_word' id='word_1_688' title='bbox 1889 4665 1926 4734; x_wconf 71' lang='grc' dir='ltr'><strong>ἡ</strong></span> <span class='ocrx_word' id='word_1_689' title='bbox 1952 4681 2084 4734; x_wconf 78' lang='grc' dir='ltr'><strong>γρα-</strong></span> 
     </span>
    </p>
   </div>
   <div class='ocr_carea' id='block_1_93' title="bbox 509 4755 2081 4841">
    <p class='ocr_par' dir='ltr' id='par_1_93' title="bbox 509 4755 2081 4841">
     <span class='ocr_line' id='line_1_93' title="bbox 509 4755 2081 4841; baseline -0.011 -18"><span class='ocrx_word' id='word_1_690' title='bbox 509 4774 670 4841; x_wconf 77' lang='grc' dir='ltr'><strong>φεῖσα</strong></span> <span class='ocrx_word' id='word_1_691' title='bbox 695 4766 825 4838; x_wconf 84' lang='grc' dir='ltr'><strong>παρ’</strong></span> <span class='ocrx_word' id='word_1_692' title='bbox 851 4763 1015 4818; x_wconf 71' lang='grc' dir='ltr'><strong>αὐτοῦ</strong></span> <span class='ocrx_word' id='word_1_693' title='bbox 1051 4757 1308 4831; x_wconf 81' lang='grc' dir='ltr'><strong>ἐπιστολὴ</strong></span> <span class='ocrx_word' id='word_1_694' title='bbox 1341 4756 1478 4828; x_wconf 79' lang='grc' dir='ltr'><strong>πρὸς</strong></span> <span class='ocrx_word' id='word_1_695' title='bbox 1505 4757 1687 4828; x_wconf 84' lang='grc' dir='ltr'><strong>Μάριν</strong></span> <span class='ocrx_word' id='word_1_696' title='bbox 1716 4755 1808 4808; x_wconf 88' lang='grc' dir='ltr'><strong><em>τδν</em></strong></span> <span class='ocrx_word' id='word_1_697' title='bbox 1840 4755 2081 4841; x_wconf 69' lang='grc' dir='ltr'><strong>Πέρσην,</strong></span> 
     </span>
    </p>
   </div>
   <div class='ocr_carea' id='block_1_94' title="bbox 508 4839 2085 4934">
    <p class='ocr_par' dir='ltr' id='par_1_94' title="bbox 508 4839 2085 4934">
     <span class='ocr_line' id='line_1_94' title="bbox 508 4839 2085 4934; baseline -0.011 -20"><span class='ocrx_word' id='word_1_698' title='bbox 508 4839 566 4914; x_wconf 77' lang='grc' dir='ltr'><strong>ἐν</strong></span> <span class='ocrx_word' id='word_1_699' title='bbox 671 4859 782 4913; x_wconf 82' lang='grc' dir='ltr'><strong><em>ἄνω</em></strong></span> <span class='ocrx_word' id='word_1_700' title='bbox 814 4855 908 4908; x_wconf 67' lang='grc' dir='ltr'><strong><em>καὶ</em></strong></span> <span class='ocrx_word' id='word_1_701' title='bbox 942 4853 1096 4906; x_wconf 77' lang='grc' dir='ltr'><strong>κάτω</strong></span> <span class='ocrx_word' id='word_1_702' title='bbox 1125 4851 1339 4904; x_wconf 88' lang='grc' dir='ltr'><strong>ἐπαινεί</strong></span> <span class='ocrx_word' id='word_1_703' title='bbox 1362 4848 1454 4901; x_wconf 78' lang='grc' dir='ltr'><strong>τὸν</strong></span> <span class='ocrx_word' id='word_1_704' title='bbox 1484 4847 1780 4917; x_wconf 87' lang='grc' dir='ltr'><strong>Θεόδωρον,</strong></span> <span class='ocrx_word' id='word_1_705' title='bbox 1803 4846 1897 4914; x_wconf 77' lang='grc' dir='ltr'><strong><em>ἀφ’</em></strong></span> <span class='ocrx_word' id='word_1_706' title='bbox 1924 4839 1985 4898; x_wconf 71' lang='grc' dir='ltr'><strong>οὗ</strong></span> <span class='ocrx_word' id='word_1_707' title='bbox 2018 4844 2085 4898; x_wconf 75' lang='grc' dir='ltr'><strong><em>τά</em></strong></span> 
     </span>
    </p>
   </div>
   <div class='ocr_carea' id='block_1_95' title="bbox 440 4937 2086 5020">
    <p class='ocr_par' dir='ltr' id='par_1_95' title="bbox 440 4937 2086 5020">
     <span class='ocr_line' id='line_1_95' title="bbox 440 4937 2086 5020; baseline -0.01 -13"><span class='ocrx_word' id='word_1_708' title='bbox 440 4988 448 5018; x_wconf 73' lang='lat'><strong><em>-.</em></strong></span> <span class='ocrx_word' id='word_1_709' title='bbox 509 4953 621 5007; x_wconf 80' lang='grc' dir='ltr'><strong>ἴδια</strong></span> <span class='ocrx_word' id='word_1_710' title='bbox 645 4949 888 5020; x_wconf 84' lang='grc' dir='ltr'><strong>δόγματα</strong></span> <span class='ocrx_word' id='word_1_711' title='bbox 930 4942 1236 5014; x_wconf 76' lang='grc' dir='ltr'><strong>ἰσχυρίζετο</strong></span> <span class='ocrx_word' id='word_1_712' title='bbox 1263 4943 1292 4994; x_wconf 89' lang='lat'><strong><em>6</em></strong></span> <span class='ocrx_word' id='word_1_713' title='bbox 1328 4937 1641 5006; x_wconf 77' lang='grc' dir='ltr'><strong>Νεστόριος.</strong></span> <span class='ocrx_word' id='word_1_714' title='bbox 1676 4937 1801 4990; x_wconf 89' lang='lat' dir='ltr'><strong><em>Ibas</em></strong></span> <span class='ocrx_word' id='word_1_715' title='bbox 1837 4947 2012 4990; x_wconf 86' lang='lat' dir='ltr'><strong><em>autem</em></strong></span> <span class='ocrx_word' id='word_1_716' title='bbox 2035 4945 2086 4990; x_wconf 84' lang='lat' dir='ltr'><strong><em>et</em></strong></span> 
     </span>
    </p>
   </div>
   <div class='ocr_carea' id='block_1_96' title="bbox 507 5029 2088 5114">
    <p class='ocr_par' dir='ltr' id='par_1_96' title="bbox 507 5029 2088 5114">
     <span class='ocr_line' id='line_1_96' title="bbox 507 5029 2088 5114; baseline -0.011 -16"><span class='ocrx_word' id='word_1_717' title='bbox 507 5045 619 5114; x_wconf 87' lang='lat' dir='ltr'><strong><em>ipse</em></strong></span> <span class='ocrx_word' id='word_1_718' title='bbox 643 5040 996 5094; x_wconf 72' lang='lat' dir='ltr'><strong><em>Nestorianus</em></strong></span> <span class='ocrx_word' id='word_1_719' title='bbox 1021 5035 1146 5104; x_wconf 81' lang='lat' dir='ltr'><strong><em>fuit,</em></strong></span> <span class='ocrx_word' id='word_1_720' title='bbox 1165 5029 1605 5102; x_wconf 90' lang='lat' dir='ltr'><strong><em>quemadmodum</em></strong></span> <span class='ocrx_word' id='word_1_721' title='bbox 1630 5033 1695 5083; x_wconf 90' lang='lat' dir='ltr'><strong><em>ab</em></strong></span> <span class='ocrx_word' id='word_1_722' title='bbox 1715 5045 1774 5084; x_wconf 92' lang='lat' dir='ltr'><strong><em>eo</em></strong></span> <span class='ocrx_word' id='word_1_723' title='bbox 1796 5031 2088 5097; x_wconf 85' lang='lat' dir='ltr'><strong><em>perscripta</em></strong></span> 
     </span>
    </p>
   </div>
   <div class='ocr_carea' id='block_1_97' title="bbox 509 5121 2087 5193">
    <p class='ocr_par' dir='ltr' id='par_1_97' title="bbox 509 5121 2087 5193">
     <span class='ocr_line' id='line_1_97' title="bbox 509 5121 2087 5193; baseline -0.011 -3"><span class='ocrx_word' id='word_1_724' title='bbox 509 5136 578 5191; x_wconf 86' lang='lat' dir='ltr'><strong><em>ad</em></strong></span> <span class='ocrx_word' id='word_1_725' title='bbox 602 5132 798 5188; x_wconf 74' lang='lat' dir='ltr'><strong><em>Marini</em></strong></span> <span class='ocrx_word' id='word_1_726' title='bbox 827 5129 1046 5184; x_wconf 82' lang='lat' dir='ltr'><strong><em>Persam</em></strong></span> <span class='ocrx_word' id='word_1_727' title='bbox 1070 5124 1290 5193; x_wconf 84' lang='lat' dir='ltr'><strong><em>epistola</em></strong></span> <span class='ocrx_word' id='word_1_728' title='bbox 1311 5123 1479 5185; x_wconf 84' lang='lat' dir='ltr'><strong><em>docet,</em></strong></span> <span class='ocrx_word' id='word_1_729' title='bbox 1503 5123 1556 5175; x_wconf 92' lang='lat' dir='ltr'><strong><em>in</em></strong></span> <span class='ocrx_word' id='word_1_730' title='bbox 1573 5137 1676 5192; x_wconf 86' lang='lat' dir='ltr'><strong><em>qua</em></strong></span> <span class='ocrx_word' id='word_1_731' title='bbox 1696 5137 1907 5174; x_wconf 83' lang='lat' dir='ltr'><strong><em>sursum</em></strong></span> <span class='ocrx_word' id='word_1_732' title='bbox 1934 5121 2087 5175; x_wconf 83' lang='lat' dir='ltr'><strong><em>deor-</em></strong></span> 
     </span>
    </p>
   </div>
   <div class='ocr_carea' id='block_1_98' title="bbox 509 5214 2086 5284">
    <p class='ocr_par' dir='ltr' id='par_1_98' title="bbox 509 5214 2086 5284">
     <span class='ocr_line' id='line_1_98' title="bbox 509 5214 2086 5284; baseline -0.01 -2"><span class='ocrx_word' id='word_1_733' title='bbox 509 5244 628 5282; x_wconf 87' lang='lat' dir='ltr'><strong><em>sum</em></strong></span> <span class='ocrx_word' id='word_1_734' title='bbox 671 5221 1000 5279; x_wconf 85' lang='lat' dir='ltr'><strong><em>Theodorum</em></strong></span> <span class='ocrx_word' id='word_1_735' title='bbox 1034 5215 1240 5280; x_wconf 84' lang='lat' dir='ltr'><strong><em>laudat,</em></strong></span> <span class='ocrx_word' id='word_1_736' title='bbox 1281 5214 1433 5284; x_wconf 87' lang='lat' dir='ltr'><strong><em>cujus</em></strong></span> <span class='ocrx_word' id='word_1_737' title='bbox 1479 5214 1794 5267; x_wconf 89' lang='lat' dir='ltr'><strong><em>auctoritate</em></strong></span> <span class='ocrx_word' id='word_1_738' title='bbox 1835 5214 2086 5283; x_wconf 89' lang='lat' dir='ltr'><strong><em>dogmata</em></strong></span> 
     </span>
    </p>
   </div>
   <div class='ocr_carea' id='block_1_99' title="bbox 511 5304 2090 5379">
    <p class='ocr_par' dir='ltr' id='par_1_99' title="bbox 511 5304 2090 5379">
     <span class='ocr_line' id='line_1_99' title="bbox 511 5304 2090 5379; baseline -0.01 -5"><span class='ocrx_word' id='word_1_739' title='bbox 511 5336 611 5374; x_wconf 90' lang='lat' dir='ltr'><strong><em>sua</em></strong></span> <span class='ocrx_word' id='word_1_740' title='bbox 650 5314 930 5371; x_wconf 83' lang='lat' dir='ltr'><strong><em>Nestorius</em></strong></span> <span class='ocrx_word' id='word_1_741' title='bbox 959 5308 1328 5379; x_wconf 81' lang='lat' dir='ltr'><strong><em>con/innabat.</em></strong></span> <span class='ocrx_word' id='word_1_742' title='bbox 1360 5304 1426 5360; x_wconf 85' lang='lat' dir='ltr'><strong><em>Et</em></strong></span> <span class='ocrx_word' id='word_1_743' title='bbox 1472 5305 1616 5360; x_wconf 77' lang='lat' dir='ltr'><strong><em>infra</em></strong></span> <span class='ocrx_word' id='word_1_744' title='bbox 1650 5324 1663 5360; x_wconf 92' lang='lat'>:</span> <span class='ocrx_word' id='word_1_745' title='bbox 1718 5305 1882 5358; x_wconf 85' lang='grc' dir='ltr'><strong>Ἀλλὰ</strong></span> <span class='ocrx_word' id='word_1_746' title='bbox 1927 5305 2090 5358; x_wconf 85' lang='grc' dir='ltr'><strong>πάλιν</strong></span> 
     </span>
    </p>
   </div>
   <div class='ocr_carea' id='block_1_100' title="bbox 513 5397 2090 5480">
    <p class='ocr_par' dir='ltr' id='par_1_100' title="bbox 513 5397 2090 5480">
     <span class='ocr_line' id='line_1_100' title="bbox 513 5397 2090 5480; baseline -0.008 -18"><span class='ocrx_word' id='word_1_747' title='bbox 513 5407 903 5480; x_wconf 81' lang='grc' dir='ltr'><strong>ἐπαποροῦσιν,</strong></span> <span class='ocrx_word' id='word_1_748' title='bbox 931 5404 1013 5457; x_wconf 81' lang='grc' dir='ltr'><strong>ὅτι</strong></span> <span class='ocrx_word' id='word_1_749' title='bbox 1040 5400 1151 5456; x_wconf 69' lang='grc' dir='ltr'><strong><em>Καὶ</em></strong></span> <span class='ocrx_word' id='word_1_750' title='bbox 1174 5398 1266 5454; x_wconf 81' lang='grc' dir='ltr'><strong>διὰ</strong></span> <span class='ocrx_word' id='word_1_751' title='bbox 1289 5399 1344 5453; x_wconf 92' lang='grc' dir='ltr'><strong><em>τί</em></strong></span> <span class='ocrx_word' id='word_1_752' title='bbox 1368 5399 1443 5470; x_wconf 79' lang='grc' dir='ltr'><strong><em>μὴ</em></strong></span> <span class='ocrx_word' id='word_1_753' title='bbox 1467 5398 1750 5470; x_wconf 79' lang='grc' dir='ltr'><strong>ἀπῄτησεν</strong></span> <span class='ocrx_word' id='word_1_754' title='bbox 1775 5397 1935 5451; x_wconf 81' lang='grc' dir='ltr'><strong>αὐτὸν</strong></span> <span class='ocrx_word' id='word_1_755' title='bbox 1959 5397 2090 5450; x_wconf 84' lang='grc' dir='ltr'><strong>ἀνα-</strong></span> 
     </span>
    </p>
   </div>
   <div class='ocr_carea' id='block_1_101' title="bbox 514 5487 2092 5571">
    <p class='ocr_par' dir='ltr' id='par_1_101' title="bbox 514 5487 2092 5571">
     <span class='ocr_line' id='line_1_101' title="bbox 514 5487 2092 5571; baseline -0.01 -16"><span class='ocrx_word' id='word_1_756' title='bbox 514 5500 806 5571; x_wconf 81' lang='grc' dir='ltr'><strong>θεματίσαι</strong></span> <span class='ocrx_word' id='word_1_757' title='bbox 834 5495 1130 5565; x_wconf 86' lang='grc' dir='ltr'><strong>Θεόδωρον,</strong></span> <span class='ocrx_word' id='word_1_758' title='bbox 1159 5491 1275 5546; x_wconf 86' lang='grc' dir='ltr'><strong>ἀλλ’</strong></span> <span class='ocrx_word' id='word_1_759' title='bbox 1307 5489 1525 5554; x_wconf 77' lang='grc' dir='ltr'><strong>ἐδέξατο</strong></span> <span class='ocrx_word' id='word_1_760' title='bbox 1551 5489 1650 5560; x_wconf 85' lang='grc' dir='ltr'><strong><em>τὴν</em></strong></span> <span class='ocrx_word' id='word_1_761' title='bbox 1679 5487 1966 5560; x_wconf 77' lang='grc' dir='ltr'><strong>ἐπιστολὴν</strong></span> <span class='ocrx_word' id='word_1_762' title='bbox 1995 5488 2092 5540; x_wconf 75' lang='grc' dir='ltr'><strong>αὐ-</strong></span> 
     </span>
    </p>
   </div>
   <div class='ocr_carea' id='block_1_102' title="bbox 513 5577 2091 5662">
    <p class='ocr_par' dir='ltr' id='par_1_102' title="bbox 513 5577 2091 5662">
     <span class='ocr_line' id='line_1_102' title="bbox 513 5577 2091 5662; baseline -0.007 -17"><span class='ocrx_word' id='word_1_763' title='bbox 513 5590 609 5645; x_wconf 75' lang='grc' dir='ltr'><strong>τοῦ</strong></span> <span class='ocrx_word' id='word_1_764' title='bbox 639 5591 736 5662; x_wconf 78' lang='grc' dir='ltr'><strong>τὴν</strong></span> <span class='ocrx_word' id='word_1_765' title='bbox 773 5589 908 5661; x_wconf 77' lang='grc' dir='ltr'><strong>πρὸς</strong></span> <span class='ocrx_word' id='word_1_766' title='bbox 935 5587 1023 5641; x_wconf 79' lang='grc' dir='ltr'><strong><em>τὸν</em></strong></span> <span class='ocrx_word' id='word_1_767' title='bbox 1054 5583 1258 5658; x_wconf 75' lang='grc' dir='ltr'><strong>Μάριν,</strong></span> <span class='ocrx_word' id='word_1_768' title='bbox 1296 5583 1356 5636; x_wconf 93' lang='grc' dir='ltr'><strong><em>ἐν</em></strong></span> <span class='ocrx_word' id='word_1_769' title='bbox 1463 5581 1633 5638; x_wconf 86' lang='grc' dir='ltr'><strong>πολλά</strong></span> <span class='ocrx_word' id='word_1_770' title='bbox 1659 5583 1806 5636; x_wconf 78' lang='grc' dir='ltr'><strong>ἐστιν</strong></span> <span class='ocrx_word' id='word_1_771' title='bbox 1853 5580 2091 5634; x_wconf 83' lang='grc' dir='ltr'><strong>ἐπαινῶν</strong></span> 
     </span>
    </p>
   </div>
   <div class='ocr_carea' id='block_1_103' title="bbox 588 5727 2088 5807">
    <p class='ocr_par' dir='ltr' id='par_1_103' title="bbox 588 5727 2088 5807">
     <span class='ocr_line' id='line_1_103' title="bbox 588 5727 2088 5807; baseline -0.005 -17"><span class='ocrx_word' id='word_1_772' title='bbox 588 5737 668 5807; x_wconf 73' lang='lat' dir='ltr'><strong><em>(a)</em></strong></span> <span class='ocrx_word' id='word_1_773' title='bbox 706 5731 786 5789; x_wconf 77' lang='lat' dir='ltr'><strong><em>Ex</em></strong></span> <span class='ocrx_word' id='word_1_774' title='bbox 814 5733 1000 5807; x_wconf 43' lang='lat' dir='ltr'><strong><em>(Erilli</em></strong></span> <span class='ocrx_word' id='word_1_775' title='bbox 1051 5732 1231 5795; x_wconf 83' lang='lat' dir='ltr'><strong><em>libris,</em></strong></span> <span class='ocrx_word' id='word_1_776' title='bbox 1268 5745 1416 5787; x_wconf 84' lang='lat' dir='ltr'><strong><em>nunc</em></strong></span> <span class='ocrx_word' id='word_1_777' title='bbox 1440 5729 1795 5807; x_wconf 49' lang='lat' dir='ltr'><strong><em>deperdita,</em></strong></span> <span class='ocrx_word' id='word_1_778' title='bbox 1821 5727 2088 5783; x_wconf 84' lang='lat' dir='ltr'><strong><em>Adversus</em></strong></span> 
     </span>
    </p>
   </div>
   <div class='ocr_carea' id='block_1_104' title="bbox 521 5798 2086 5871">
    <p class='ocr_par' dir='ltr' id='par_1_104' title="bbox 521 5798 2086 5871">
     <span class='ocr_line' id='line_1_104' title="bbox 521 5798 2086 5871; baseline -0.01 -7"><span class='ocrx_word' id='word_1_779' title='bbox 521 5798 1308 5871; x_wconf 56' lang='lat' dir='ltr'><strong><em>Theodorum&#39;Mopsuestenum</em></strong></span> <span class='ocrx_word' id='word_1_780' title='bbox 1348 5812 1396 5856; x_wconf 90' lang='lat' dir='ltr'><strong><em>et</em></strong></span> <span class='ocrx_word' id='word_1_781' title='bbox 1429 5798 1722 5871; x_wconf 70' lang='lat' dir='ltr'><strong><em>Diodorum</em></strong></span> <span class='ocrx_word' id='word_1_782' title='bbox 1754 5798 2086 5871; x_wconf 81' lang='lat' dir='ltr'><strong><em>Tarsensem,</em></strong></span> 
     </span>
    </p>
   </div>
   <div class='ocr_carea' id='block_1_105' title="bbox 520 5867 2087 5950">
    <p class='ocr_par' dir='ltr' id='par_1_105' title="bbox 520 5867 2087 5950">
     <span class='ocr_line' id='line_1_105' title="bbox 520 5867 2087 5950; baseline -0.008 -17"><span class='ocrx_word' id='word_1_783' title='bbox 520 5879 826 5950; x_wconf 72' lang='lat' dir='ltr'><strong><em>fragiuenta</em></strong></span> <span class='ocrx_word' id='word_1_784' title='bbox 857 5867 1273 5929; x_wconf 32' lang='lat' dir='ltr'><strong><em>nos‘cdidimus</em></strong></span> <span class='ocrx_word' id='word_1_785' title='bbox 1317 5871 1371 5927; x_wconf 87' lang='lat' dir='ltr'><strong><em>in</em></strong></span> <span class='ocrx_word' id='word_1_786' title='bbox 1418 5869 1570 5926; x_wconf 86' lang='lat' dir='ltr'><strong><em>Nova</em></strong></span> <span class='ocrx_word' id='word_1_787' title='bbox 1625 5869 1851 5924; x_wconf 84' lang='lat' dir='ltr'><strong><em>Patrum</em></strong></span> <span class='ocrx_word' id='word_1_788' title='bbox 1903 5867 2087 5922; x_wconf 89' lang='lat' dir='ltr'><strong><em>biblio-</em></strong></span> 
     </span>
    </p>
   </div>
   <div class='ocr_carea' id='block_1_106' title="bbox 2186 4573 3795 4647">
    <p class='ocr_par' dir='ltr' id='par_1_106' title="bbox 2186 4573 3795 4647">
     <span class='ocr_line' id='line_1_106' title="bbox 2186 4573 3795 4647; baseline -0.002 -17"><span class='ocrx_word' id='word_1_789' title='bbox 2186 4576 2443 4647; x_wconf 75' lang='grc' dir='ltr'><strong>ἀσεϐείᾳ,</strong></span> <span class='ocrx_word' id='word_1_790' title='bbox 2475 4576 2584 4628; x_wconf 74' lang='grc' dir='ltr'><strong><em>ἀπὸ</em></strong></span> <span class='ocrx_word' id='word_1_791' title='bbox 2614 4575 2796 4646; x_wconf 80' lang='grc' dir='ltr'><strong>πάσης</strong></span> <span class='ocrx_word' id='word_1_792' title='bbox 2852 4575 3175 4645; x_wconf 84' lang='grc' dir='ltr'><strong>Ἐκκλησίας</strong></span> <span class='ocrx_word' id='word_1_793' title='bbox 3210 4573 3492 4645; x_wconf 75' lang='grc' dir='ltr'><strong>ἐξεϐλήθη.</strong></span> <span class='ocrx_word' id='word_1_794' title='bbox 3552 4575 3795 4643; x_wconf 81' lang='grc' dir='ltr'><strong>Ἀμέλει</strong></span> 
     </span>
    </p>
   </div>
   <div class='ocr_carea' id='block_1_107' title="bbox 2185 4665 3800 4738">
    <p class='ocr_par' dir='ltr' id='par_1_107' title="bbox 2185 4665 3800 4738">
     <span class='ocr_line' id='line_1_107' title="bbox 2185 4665 3800 4738; baseline -0.001 -18"><span class='ocrx_word' id='word_1_795' title='bbox 2185 4685 2268 4720; x_wconf 87' lang='grc' dir='ltr'><strong><em>τοι</em></strong></span> <span class='ocrx_word' id='word_1_796' title='bbox 2298 4668 2392 4722; x_wconf 84' lang='grc' dir='ltr'><strong>καί</strong></span> <span class='ocrx_word' id='word_1_797' title='bbox 2422 4668 2530 4720; x_wconf 76' lang='grc' dir='ltr'><strong>πᾶν</strong></span> <span class='ocrx_word' id='word_1_798' title='bbox 2558 4665 2618 4718; x_wconf 81' lang='grc' dir='ltr'><strong>τὸ</strong></span> <span class='ocrx_word' id='word_1_799' title='bbox 2645 4667 2923 4738; x_wconf 87' lang='grc' dir='ltr'><strong>πλήρωμα</strong></span> <span class='ocrx_word' id='word_1_800' title='bbox 2950 4667 3047 4737; x_wconf 80' lang='grc' dir='ltr'><strong>τῆς</strong></span> <span class='ocrx_word' id='word_1_801' title='bbox 3073 4669 3130 4720; x_wconf 88' lang='grc' dir='ltr'><strong>ἐν</strong></span> <span class='ocrx_word' id='word_1_802' title='bbox 3151 4666 3501 4735; x_wconf 66' lang='grc' dir='ltr'><strong>Μοψουεστία</strong></span> <span class='ocrx_word' id='word_1_803' title='bbox 3541 4666 3800 4735; x_wconf 76' lang='grc' dir='ltr'><strong>Ἐκκλη-</strong></span> 
     </span>
    </p>
   </div>
   <div class='ocr_carea' id='block_1_108' title="bbox 2188 4753 3800 4832">
    <p class='ocr_par' dir='ltr' id='par_1_108' title="bbox 2188 4753 3800 4832">
     <span class='ocr_line' id='line_1_108' title="bbox 2188 4753 3800 4832; baseline -0.002 -19"><span class='ocrx_word' id='word_1_804' title='bbox 2188 4761 2329 4823; x_wconf 86' lang='grc' dir='ltr'><strong>σίας.</strong></span> <span class='ocrx_word' id='word_1_805' title='bbox 2361 4762 2418 4812; x_wconf 84' lang='grc' dir='ltr'><strong><em>ἐν</em></strong></span> <span class='ocrx_word' id='word_1_806' title='bbox 2508 4758 2726 4827; x_wconf 88' lang='grc' dir='ltr'><strong>λέγεται</strong></span> <span class='ocrx_word' id='word_1_807' title='bbox 2747 4758 3041 4820; x_wconf 80' lang='grc' dir='ltr'><strong>ἐπίσκοπος</strong></span> <span class='ocrx_word' id='word_1_808' title='bbox 3065 4757 3391 4828; x_wconf 77' lang='grc' dir='ltr'><strong>γεγενῆσθαι</strong></span> <span class='ocrx_word' id='word_1_809' title='bbox 3417 4757 3506 4810; x_wconf 84' lang='grc' dir='ltr'><strong><em>διά</em></strong></span> <span class='ocrx_word' id='word_1_810' title='bbox 3524 4757 3627 4821; x_wconf 75' lang='grc' dir='ltr'><strong>τὰς</strong></span> <span class='ocrx_word' id='word_1_811' title='bbox 3656 4757 3800 4827; x_wconf 79' lang='grc' dir='ltr'><strong>βλα-</strong></span> 
     </span>
    </p>
   </div>
   <div class='ocr_carea' id='block_1_109' title="bbox 2190 4846 3803 4919">
    <p class='ocr_par' dir='ltr' id='par_1_109' title="bbox 2190 4846 3803 4919">
     <span class='ocr_line' id='line_1_109' title="bbox 2190 4846 3803 4919; baseline -0.001 -17"><span class='ocrx_word' id='word_1_812' title='bbox 2190 4847 2454 4919; x_wconf 72' lang='grc' dir='ltr'><strong>σφημίας,</strong></span> <span class='ocrx_word' id='word_1_813' title='bbox 2481 4846 2547 4899; x_wconf 83' lang='grc' dir='ltr'><strong>δι’</strong></span> <span class='ocrx_word' id='word_1_814' title='bbox 2583 4847 2762 4918; x_wconf 79' lang='grc' dir='ltr'><strong>ἇσπερ</strong></span> <span class='ocrx_word' id='word_1_815' title='bbox 2813 4846 3041 4916; x_wconf 80' lang='grc' dir='ltr'><strong>Ἕλλησί</strong></span> <span class='ocrx_word' id='word_1_816' title='bbox 3090 4864 3150 4900; x_wconf 89' lang='grc' dir='ltr'><strong><em>τε</em></strong></span> <span class='ocrx_word' id='word_1_817' title='bbox 3187 4847 3278 4900; x_wconf 84' lang='grc' dir='ltr'><strong><em>καὶ</em></strong></span> <span class='ocrx_word' id='word_1_818' title='bbox 3332 4847 3632 4910; x_wconf 71' lang='grc' dir='ltr'><strong>Ἰουδαίοις,</strong></span> <span class='ocrx_word' id='word_1_819' title='bbox 3694 4847 3803 4900; x_wconf 65' lang='grc' dir='ltr'><strong>καὶ</strong></span> 
     </span>
    </p>
   </div>
   <div class='ocr_carea' id='block_1_110' title="bbox 2193 4939 3798 5013">
    <p class='ocr_par' dir='ltr' id='par_1_110' title="bbox 2193 4939 3798 5013">
     <span class='ocr_line' id='line_1_110' title="bbox 2193 4939 3798 5013; baseline 0.001 -21"><span class='ocrx_word' id='word_1_820' title='bbox 2193 4941 2507 5012; x_wconf 86' lang='grc' dir='ltr'><strong>Σοδομίταις</strong></span> <span class='ocrx_word' id='word_1_821' title='bbox 2534 4941 2681 5011; x_wconf 77' lang='grc' dir='ltr'><strong>παρὰ</strong></span> <span class='ocrx_word' id='word_1_822' title='bbox 2711 4941 2820 4992; x_wconf 83' lang='grc' dir='ltr'><strong><em>τῶν</em></strong></span> <span class='ocrx_word' id='word_1_823' title='bbox 2854 4939 3024 5008; x_wconf 84' lang='grc' dir='ltr'><strong>ἁγίων</strong></span> <span class='ocrx_word' id='word_1_824' title='bbox 3060 4941 3319 5012; x_wconf 84' lang='grc' dir='ltr'><strong>Πατέρων</strong></span> <span class='ocrx_word' id='word_1_825' title='bbox 3366 4940 3798 5013; x_wconf 78' lang='grc' dir='ltr'><strong>συνηριθμήοη,</strong></span> 
     </span>
    </p>
   </div>
   <div class='ocr_carea' id='block_1_111' title="bbox 2192 5030 3803 5103">
    <p class='ocr_par' dir='ltr' id='par_1_111' title="bbox 2192 5030 3803 5103">
     <span class='ocr_line' id='line_1_111' title="bbox 2192 5030 3803 5103; baseline -0.001 -17"><span class='ocrx_word' id='word_1_826' title='bbox 2192 5031 2498 5103; x_wconf 71' lang='grc' dir='ltr'><strong>ἀπήλειψαν</strong></span> <span class='ocrx_word' id='word_1_827' title='bbox 2526 5031 2584 5098; x_wconf 77' lang='grc' dir='ltr'><strong>ἐξ</strong></span> <span class='ocrx_word' id='word_1_828' title='bbox 2617 5031 2825 5085; x_wconf 86' lang='grc' dir='ltr'><strong>ἐκείνου</strong></span> <span class='ocrx_word' id='word_1_829' title='bbox 2856 5030 2962 5083; x_wconf 79' lang='grc' dir='ltr'><strong>τῶν</strong></span> <span class='ocrx_word' id='word_1_830' title='bbox 2998 5030 3158 5101; x_wconf 81' lang='grc' dir='ltr'><strong>ἱερῶν</strong></span> <span class='ocrx_word' id='word_1_831' title='bbox 3190 5030 3292 5100; x_wconf 81' lang='grc' dir='ltr'><strong><em>τῆς</em></strong></span> <span class='ocrx_word' id='word_1_832' title='bbox 3337 5030 3678 5102; x_wconf 84' lang='grc' dir='ltr'><strong>Ἐκκλησίας</strong></span> <span class='ocrx_word' id='word_1_833' title='bbox 3713 5033 3803 5085; x_wconf 82' lang='grc' dir='ltr'><strong>δι-</strong></span> 
     </span>
    </p>
   </div>
   <div class='ocr_carea' id='block_1_112' title="bbox 2195 5121 3806 5195">
    <p class='ocr_par' dir='ltr' id='par_1_112' title="bbox 2195 5121 3806 5195">
     <span class='ocr_line' id='line_1_112' title="bbox 2195 5121 3806 5195; baseline -0.001 -18"><span class='ocrx_word' id='word_1_834' title='bbox 2195 5125 2416 5194; x_wconf 77' lang='grc' dir='ltr'><strong>πτύχων</strong></span> <span class='ocrx_word' id='word_1_835' title='bbox 2439 5124 2538 5195; x_wconf 76' lang='grc' dir='ltr'><strong>τὴν</strong></span> <span class='ocrx_word' id='word_1_836' title='bbox 2564 5123 2755 5176; x_wconf 79' lang='grc' dir='ltr'><strong>τούτου</strong></span> <span class='ocrx_word' id='word_1_837' title='bbox 2788 5122 3181 5193; x_wconf 82' lang='grc' dir='ltr'><strong>προσηγορίαν,</strong></span> <span class='ocrx_word' id='word_1_838' title='bbox 3218 5122 3294 5185; x_wconf 85' lang='grc' dir='ltr'><strong>ὠς</strong></span> <span class='ocrx_word' id='word_1_839' title='bbox 3324 5121 3394 5174; x_wconf 77' lang='grc' dir='ltr'><strong>τὰ</strong></span> <span class='ocrx_word' id='word_1_840' title='bbox 3422 5123 3552 5194; x_wconf 64' lang='grc' dir='ltr'><strong>περὶ</strong></span> <span class='ocrx_word' id='word_1_841' title='bbox 3579 5122 3806 5176; x_wconf 67' lang='grc' dir='ltr'><strong>τούτου</strong></span> 
     </span>
    </p>
   </div>
   <div class='ocr_carea' id='block_1_113' title="bbox 2196 5213 3808 5287">
    <p class='ocr_par' dir='ltr' id='par_1_113' title="bbox 2196 5213 3808 5287">
     <span class='ocr_line' id='line_1_113' title="bbox 2196 5213 3808 5287; baseline 0.001 -19"><span class='ocrx_word' id='word_1_842' title='bbox 2196 5216 2468 5271; x_wconf 84' lang='grc' dir='ltr'><strong>συστάντα</strong></span> <span class='ocrx_word' id='word_1_843' title='bbox 2507 5214 2645 5268; x_wconf 80' lang='grc' dir='ltr'><strong>κατὰ</strong></span> <span class='ocrx_word' id='word_1_844' title='bbox 2676 5214 2779 5286; x_wconf 81' lang='grc' dir='ltr'><strong>τὴν</strong></span> <span class='ocrx_word' id='word_1_845' title='bbox 2801 5214 2970 5287; x_wconf 77' lang='grc' dir='ltr'><strong>αὐτὴν</strong></span> <span class='ocrx_word' id='word_1_846' title='bbox 2996 5213 3150 5267; x_wconf 83' lang='grc' dir='ltr'><strong>πόλιν</strong></span> <span class='ocrx_word' id='word_1_847' title='bbox 3178 5231 3250 5266; x_wconf 86' lang='grc' dir='ltr'><strong><em>πα</em></strong></span> <span class='ocrx_word' id='word_1_848' title='bbox 3262 5213 3328 5284; x_wconf 81' lang='grc' dir='ltr'><strong>ρὰ</strong></span> <span class='ocrx_word' id='word_1_849' title='bbox 3353 5217 3420 5285; x_wconf 79' lang='grc' dir='ltr'><strong>τῇ</strong></span> <span class='ocrx_word' id='word_1_850' title='bbox 3445 5215 3666 5282; x_wconf 82' lang='grc' dir='ltr'><strong>συνόδῳ</strong></span> <span class='ocrx_word' id='word_1_851' title='bbox 3695 5218 3808 5286; x_wconf 76' lang='grc' dir='ltr'><strong>τῆς</strong></span> 
     </span>
    </p>
   </div>
   <div class='ocr_carea' id='block_1_114' title="bbox 2197 5304 3812 5379">
    <p class='ocr_par' dir='ltr' id='par_1_114' title="bbox 2197 5304 3812 5379">
     <span class='ocr_line' id='line_1_114' title="bbox 2197 5304 3812 5379; baseline 0 -19"><span class='ocrx_word' id='word_1_852' title='bbox 2197 5308 2468 5379; x_wconf 86' lang='grc' dir='ltr'><strong>ἐπαρχίας</strong></span> <span class='ocrx_word' id='word_1_853' title='bbox 2507 5305 2877 5377; x_wconf 82' lang='grc' dir='ltr'><strong>ὑπομνήματα</strong></span> <span class='ocrx_word' id='word_1_854' title='bbox 2903 5304 3193 5358; x_wconf 84' lang='grc' dir='ltr'><strong>δείκνυσιν.</strong></span> <span class='ocrx_word' id='word_1_855' title='bbox 3243 5304 3544 5360; x_wconf 82' lang='lat' dir='ltr'><strong><em>Theodorus</em></strong></span> <span class='ocrx_word' id='word_1_856' title='bbox 3573 5323 3713 5362; x_wconf 73' lang='lat' dir='ltr'><strong><em>vero</em></strong></span> <span class='ocrx_word' id='word_1_857' title='bbox 3751 5310 3812 5360; x_wconf 86' lang='lat' dir='ltr'><strong><em>in</em></strong></span> 
     </span>
    </p>
   </div>
   <div class='ocr_carea' id='block_1_115' title="bbox 2197 5393 3809 5466">
    <p class='ocr_par' dir='ltr' id='par_1_115' title="bbox 2197 5393 3809 5466">
     <span class='ocr_line' id='line_1_115' title="bbox 2197 5393 3809 5466; baseline -0.001 -12"><span class='ocrx_word' id='word_1_858' title='bbox 2197 5415 2296 5454; x_wconf 75' lang='lat' dir='ltr'><strong><em>sua</em></strong></span> <span class='ocrx_word' id='word_1_859' title='bbox 2341 5399 2609 5466; x_wconf 79' lang='lat' dir='ltr'><strong><em>impietate</em></strong></span> <span class='ocrx_word' id='word_1_860' title='bbox 2645 5405 2919 5455; x_wconf 84' lang='lat' dir='ltr'><strong><em>mortuus.</em></strong></span> <span class='ocrx_word' id='word_1_861' title='bbox 2951 5394 3019 5447; x_wconf 90' lang='lat' dir='ltr'><strong><em>ab</em></strong></span> <span class='ocrx_word' id='word_1_862' title='bbox 3061 5398 3306 5449; x_wconf 85' lang='lat' dir='ltr'><strong><em>universa</em></strong></span> <span class='ocrx_word' id='word_1_863' title='bbox 3362 5393 3606 5450; x_wconf 83' lang='lat' dir='ltr'><strong><em>Ecclesia</em></strong></span> <span class='ocrx_word' id='word_1_864' title='bbox 3661 5413 3809 5465; x_wconf 84' lang='lat' dir='ltr'><strong><em>pro-</em></strong></span> 
     </span>
    </p>
   </div>
   <div class='ocr_carea' id='block_1_116' title="bbox 2197 5481 3816 5557">
    <p class='ocr_par' dir='ltr' id='par_1_116' title="bbox 2197 5481 3816 5557">
     <span class='ocr_line' id='line_1_116' title="bbox 2197 5481 3816 5557; baseline -0.001 -15"><span class='ocrx_word' id='word_1_865' title='bbox 2197 5489 2426 5557; x_wconf 87' lang='lat' dir='ltr'><strong><em>scriptus</em></strong></span> <span class='ocrx_word' id='word_1_866' title='bbox 2446 5496 2546 5541; x_wconf 88' lang='lat' dir='ltr'><strong><em>est.</em></strong></span> <span class='ocrx_word' id='word_1_867' title='bbox 2574 5484 2715 5551; x_wconf 82' lang='lat' dir='ltr'><strong><em>Quin</em></strong></span> <span class='ocrx_word' id='word_1_868' title='bbox 2739 5494 2787 5538; x_wconf 85' lang='lat' dir='ltr'><strong><em>et</em></strong></span> <span class='ocrx_word' id='word_1_869' title='bbox 2805 5494 2916 5538; x_wconf 88' lang='lat' dir='ltr'><strong><em>tota</em></strong></span> <span class='ocrx_word' id='word_1_870' title='bbox 2942 5481 3182 5537; x_wconf 83' lang='lat' dir='ltr'><strong><em>Ecclesia</em></strong></span> <span class='ocrx_word' id='word_1_871' title='bbox 3211 5481 3602 5552; x_wconf 75' lang='lat' dir='ltr'><strong><em>Mopsuestcna,</em></strong></span> <span class='ocrx_word' id='word_1_872' title='bbox 3629 5487 3816 5554; x_wconf 81' lang='lat' dir='ltr'><strong><em>cujus</em></strong></span> 
     </span>
    </p>
   </div>
   <div class='ocr_carea' id='block_1_117' title="bbox 2198 5574 3813 5648">
    <p class='ocr_par' dir='ltr' id='par_1_117' title="bbox 2198 5574 3813 5648">
     <span class='ocr_line' id='line_1_117' title="bbox 2198 5574 3813 5648; baseline -0.002 -14"><span class='ocrx_word' id='word_1_873' title='bbox 2198 5582 2468 5648; x_wconf 87' lang='lat' dir='ltr'><strong><em>episcopus</em></strong></span> <span class='ocrx_word' id='word_1_874' title='bbox 2517 5578 2680 5647; x_wconf 79' lang='lat' dir='ltr'><strong><em>fuisse</em></strong></span> <span class='ocrx_word' id='word_1_875' title='bbox 2717 5576 2934 5643; x_wconf 87' lang='lat' dir='ltr'><strong><em>dicitur,</em></strong></span> <span class='ocrx_word' id='word_1_876' title='bbox 2973 5583 3184 5644; x_wconf 88' lang='lat' dir='ltr'><strong><em>propter</em></strong></span> <span class='ocrx_word' id='word_1_877' title='bbox 3221 5575 3336 5645; x_wconf 84' lang='lat' dir='ltr'><strong><em>ejus</em></strong></span> <span class='ocrx_word' id='word_1_878' title='bbox 3377 5574 3764 5642; x_wconf 87' lang='lat' dir='ltr'><strong><em>blasphemias</em></strong></span> <span class='ocrx_word' id='word_1_879' title='bbox 3791 5615 3813 5643; x_wconf 89' lang='lat'><strong><em>,</em></strong></span> 
     </span>
    </p>
   </div>
   <div class='ocr_carea' id='block_1_118' title="bbox 2197 5723 3818 5797">
    <p class='ocr_par' dir='ltr' id='par_1_118' title="bbox 2197 5723 3818 5797">
     <span class='ocr_line' id='line_1_118' title="bbox 2197 5723 3818 5797; baseline 0 -13"><span class='ocrx_word' id='word_1_880' title='bbox 2197 5731 2368 5793; x_wconf 82' lang='lat' dir='ltr'><strong><em>theca,</em></strong></span> <span class='ocrx_word' id='word_1_881' title='bbox 2399 5736 2439 5782; x_wconf 90' lang='lat' dir='ltr'><strong><em>t.</em></strong></span> <span class='ocrx_word' id='word_1_882' title='bbox 2469 5725 2558 5792; x_wconf 85' lang='lat' dir='ltr'><strong><em>IV,</em></strong></span> <span class='ocrx_word' id='word_1_883' title='bbox 2591 5741 2642 5796; x_wconf 90' lang='lat' dir='ltr'><strong><em>p.</em></strong></span> <span class='ocrx_word' id='word_1_884' title='bbox 2670 5725 2942 5797; x_wconf 54' lang='lat' dir='ltr'><strong><em>45le455;</em></strong></span> <span class='ocrx_word' id='word_1_885' title='bbox 2973 5723 3148 5794; x_wconf 88' lang='lat' dir='ltr'><strong><em>deque</em></strong></span> <span class='ocrx_word' id='word_1_886' title='bbox 3173 5741 3236 5781; x_wconf 75' lang='lat' dir='ltr'><strong><em>ea</em></strong></span> <span class='ocrx_word' id='word_1_887' title='bbox 3267 5741 3328 5783; x_wconf 91' lang='lat' dir='ltr'><strong><em>re</em></strong></span> <span class='ocrx_word' id='word_1_888' title='bbox 3347 5733 3502 5797; x_wconf 87' lang='lat' dir='ltr'><strong><em>plura</em></strong></span> <span class='ocrx_word' id='word_1_889' title='bbox 3527 5725 3604 5780; x_wconf 86' lang='lat' dir='ltr'><strong><em>ibi</em></strong></span> <span class='ocrx_word' id='word_1_890' title='bbox 3645 5727 3818 5784; x_wconf 70' lang='lat' dir='ltr'><strong><em>dixi-</em></strong></span> 
     </span>
    </p>
   </div>
   <div class='ocr_carea' id='block_1_119' title="bbox 2195 5796 2897 5855">
    <p class='ocr_par' dir='ltr' id='par_1_119' title="bbox 2195 5796 2897 5855">
     <span class='ocr_line' id='line_1_119' title="bbox 2195 5796 2897 5855; baseline -0.009 0"><span class='ocrx_word' id='word_1_891' title='bbox 2195 5817 2318 5855; x_wconf 87' lang='lat' dir='ltr'><strong><em>mus</em></strong></span> <span class='ocrx_word' id='word_1_892' title='bbox 2350 5801 2402 5853; x_wconf 89' lang='lat' dir='ltr'><strong><em>in</em></strong></span> <span class='ocrx_word' id='word_1_893' title='bbox 2432 5796 2897 5852; x_wconf 84' lang='lat' dir='ltr'><strong><em>adnotationibus.</em></strong></span> 
     </span>
    </p>
   </div>
   <div class='ocr_carea' id='block_1_120' title="bbox 2268 5864 3208 5940">
    <p class='ocr_par' dir='ltr' id='par_1_120' title="bbox 2268 5864 3208 5940">
     <span class='ocr_line' id='line_1_120' title="bbox 2268 5864 3208 5940; baseline 0.001 -20"><span class='ocrx_word' id='word_1_894' title='bbox 2268 5870 2342 5940; x_wconf 90' lang='lat' dir='ltr'><strong><em>(b)</em></strong></span> <span class='ocrx_word' id='word_1_895' title='bbox 2379 5867 2539 5923; x_wconf 89' lang='lat' dir='ltr'><strong><em>Conc.</em></strong></span> <span class='ocrx_word' id='word_1_896' title='bbox 2576 5865 2749 5922; x_wconf 79' lang='lat' dir='ltr'><strong><em>Labb.</em></strong></span> <span class='ocrx_word' id='word_1_897' title='bbox 2777 5875 2815 5920; x_wconf 90' lang='lat' dir='ltr'><strong><em>t.</em></strong></span> <span class='ocrx_word' id='word_1_898' title='bbox 2851 5864 2918 5931; x_wconf 82' lang='lat' dir='ltr'><strong><em>V,</em></strong></span> <span class='ocrx_word' id='word_1_899' title='bbox 2947 5867 3051 5922; x_wconf 91' lang='lat' dir='ltr'><strong><em>col.</em></strong></span> <span class='ocrx_word' id='word_1_900' title='bbox 3087 5866 3208 5923; x_wconf 76' lang='grc'><strong><em>716.</em></strong></span> 
     </span>
    </p>
   </div>
  </div>
