3994 6518
280 460 343 517 ει
1444 458 1764 514 οιειτιιιιιι
1811 453 1899 507 DE
1937 449 2355 508 TllEODORIS.
3463 447 3534 504 se

280 590 501 643 quorum
533 575 708 643 gratia
736 591 766 627 a
788 578 984 628 sanctis
1011 575 1284 640 Patribus,
1307 577 1528 644 paganis
1553 585 1599 626 et
1621 572 1848 630 Juda'is,

1956 569 2042 620 τὸν
2067 568 2124 620 δὲ
2155 568 2285 620 Θεὸν
2311 565 2482 634 Λόγον
2507 564 2594 619 διὰ
2626 565 2722 636 τὴν
2741 562 3181 633 ὑπερϐάλλουσαν
3214 562 3378 615 αὑτοῦ
3405 560 3536 634 ἀρε-

275 678 322 720 et
356 666 646 720 Sodomitis
679 666 1053 721 adnumeratus
1083 677 1180 731 est,
1205 670 1268 719 ab
1299 668 1390 720 illo
1418 678 1645 728 tempore
1666 681 1851 716 nomen

274 758 387 820 eius
437 773 500 809 ea:
533 757 862 812 sacerdotum
905 758 1137 825 ejusdem
1173 757 1424 811 Ecclesia:
1458 757 1700 826 catalogo
1760 773 1850 808 seu

276 848 534 915 (liptychis
577 851 828 915 e.rpun.rit
853 891 866 911 ,
900 849 1335 917 quemadmodum
1376 861 1494 902 acta
1529 864 1618 900 seu
1663 862 1849 899 monu-

278 950 453 989 menta
487 941 538 990 in
565 940 656 991 illa
686 942 894 993 civitate
922 941 985 993 de
1014 942 1110 993 hoc
1145 943 1202 992 in
1231 943 1588 1009 episcoporum
1629 938 1850 992 concilio

272 1028 418 1079 iflius
453 1030 731 1094 provincia:
763 1041 1040 1084 testantur.
1087 1031 1151 1084 Et
1178 1032 1230 1084 in
1264 1033 1410 1086 illius
1442 1032 1621 1085 locum
1659 1029 1846 1098 Gyrilli

270 1118 629 1173 Alexandrini
670 1124 871 1176 mentio
896 1163 910 1185 ,
961 1123 1053 1192 qui
1105 1125 1366 1177 adversus
1391 1139 1552 1190 cum,
1596 1122 1852 1190 illiusque

270 1207 528 1275 dogniata
553 1219 824 1264 certamen
849 1213 1115 1276 subierat,
1139 1212 1364 1267 suﬂ'ecta
1400 1212 1520 1277 fuit,
1550 1211 1696 1281 quod
1724 1213 1849 1282 plu-

271 1296 537 1349 rimorum
579 1300 910 1354 testimoniis
952 1302 1003 1353 in
1052 1302 1259 1370 synodo
1295 1302 1684 1370 Mopsuestena
1721 1317 1848 1368 pro—

270 1387 452 1440 batur.
485 1388 748 1459 Georgius
773 1392 1058 1447 chrenus
1087 1394 1141 1445 in
1172 1393 1398 1461 synopsi
1428 1391 1495 1444 de
1537 1389 1577 1442 V
1610 1392 1848 1460 generali

269 1477 504 1545 synodo,
563 1497 613 1549 ῃ.
667 1481 770 1533 576
800 1481 956 1532 εἘτι
1003 1482 1061 1534 δὲ
1103 1483 1199 1535 καὶ
1249 1483 1390 1536 κατά
1437 1482 1712 1554 Θεοδώρου
1755 1485 1848 1538 τοῦ

269 1567 683 1637 Μοψουεστίας,
725 1572 1042 1627 διδασκάλου
1090 1576 1375 1643 γεγονότος
1414 1575 1506 1628 τοῦ
1553 1577 1847 1648 Νεστορίου

267 1660 365 1711 τοῦ
403 1661 795 1733 ίουδαιόφρονος
819 1704 833 1727 ,
866 1665 1272 1735 ἁναθεμάτισαν
1316 1667 1456 1736 μετά
1484 1669 1581 1737 τῆς
1620 1668 1849 1738 λεγομέ.⁴

267 1769 370 1820 νης
414 1753 534 1805 Ἴδα
568 1755 848 1826 ἐπιστολῆς
874 1771 886 1786 σ
925 1756 1249 1810 Theodorum
1293 1774 1494 1826 quoque
1521 1761 1847 1826 Mopsueste-

267 1859 397 1894 nam
443 1846 740 1912 episcopum
774 1862 1143 1916 prtrceptorem
1175 1847 1410 1901 Nestorii
1455 1849 1590 1917 ejus,
1634 1851 1722 1918 qui
1748 1847 1849 1900 Ju-

1955 660 2052 727 τὴν
2078 663 2198 714 κατ’
2224 659 2469 713 εὐδοκίαν
2496 660 2554 710 ὲν
2585 657 2734 727 αὐτῷ
2767 657 3188 727 κατοικήσαντα,
3215 653 3538 725 μεταδοῦναι

1954 751 2118 805 αὑτοῦ
2146 751 2245 820 τῆς
2275 749 2460 820 θεϊκῆς
2488 749 2644 816 ἀξίας
2674 748 2769 801 καὶ
2798 749 3216 818 προσκυνήσεως
3258 747 3336 809 εἰς
3377 745 3536 798 ῦστε-

1959 861 2047 913 ρον
2077 842 2219 896 κατά
2245 842 2345 912 τὴν
2371 841 2670 894 τελείωσιν.
2695 840 2880 893 Ταῦτά
2913 856 2972 892 τε
3006 839 3099 891 καὶ
3150 839 3314 908 ἕτερα
3364 836 3537 890 πολλὰ

1954 934 2315 1003 δυσφημήσας
2331 931 2575 994 τοιαῦτα,
2598 929 2692 983 δύο
2709 929 2896 998 φύσεις
2925 929 3402 998 ίδιοπεριορίστους
3433 943 3538 995 τρη-

1957 1021 2040 1074 σὶν
2061 1022 2254 1075 εἰδέναι
2274 1021 2366 1074 ἐπὶ
2385 1019 2642 1090 Χριστοῦ,
2664 1019 2845 1090 σχέσει
2861 1018 2967 1070 τινὶ
2992 1019 3084 1069 καὶ
3111 1017 3272 1085 μόνον
3285 1015 3538 1084 ἀλλήλαις

1953 1115 2331 1183 οίκειωμένας.
2352 1113 2588 1184 Δευτέρα
2614 1113 2707 1165 καὶ
2738 1111 2875 1180 αὕτη
2893 1109 3068 1181 πλάνη
3086 1109 3177 1161 τοῦ
3199 1109 3327 1179 μίαν
3354 1108 3536 1177 φύσιν,

1953 1208 2048 1260 καὶ
2080 1206 2171 1259 δύο
2195 1205 2384 1275 φύσεις
2415 1204 2888 1275 ίδιοπεριορίστους
2929 1201 3006 1273 μὴ
3052 1199 3195 1252 κατά
3245 1200 3335 1252 τὸν
3377 1199 3538 1271 ὀρθὸν

1952 1299 2109 1367 λόγον
2133 1296 2510 1368 ὁμολογεῖσθαι
2539 1296 2595 1349 ὲν
2624 1295 2699 1366 τῷ
2732 1291 2968 1366 Χριστῷ.
3026 1290 3159 1345 Post
3204 1290 3340 1343 hunc
3376 1289 3538 1358 Apol-

1954 1393 2200 1455 linarem,
2230 1398 2435 1458 repente
2480 1389 2682 1442 exstitit
2716 1386 3022 1440 Theodorus
3054 1382 3270 1451 quidam
3301 1380 3540 1449 Mopsue-

1952 1485 2068 1536 stia:
2098 1481 2263 1544 urbis,
2296 1483 2349 1534 in
2394 1483 2600 1551 regione
2647 1478 2892 1543 Cilicum,
2925 1475 3275 1545 prtrsulatum
3330 1481 3536 1534 nactus,

1951 1575 2257 1644 Apollinari
2301 1574 2458 1641 plane
2497 1572 2819 1636 contrarius,
2881 1569 2971 1636 qui
3029 1565 3374 1620 contumelias
3435 1580 3537 1616 non

1951 1666 2190 1735 vulgares
2215 1664 2408 1718 audaci
2438 1668 2636 1726 animo,
2660 1673 2707 1716 et
2736 1662 3091 1730 imperterrita
3119 1656 3276 1711 corde
3304 1657 3356 1708 in
3382 1655 3541 1710 Chri-

1952 1768 2090 1810 stum
2115 1755 2402 1809 Dominum
2429 1754 2638 1824 effudit,
2664 1754 2924 1807 hominem
2957 1767 3141 1816 unum,
3171 1749 3339 1803 nostri
3397 1747 3542 1800 sitni-

1953 1850 2074 1910 lem,
2104 1859 2153 1901 et
2180 1850 2447 1916 vulgarem
2482 1845 2815 1915 appellando,
2838 1845 2947 1914 qui,
2973 1859 3037 1896 ea:
3060 1856 3341 1911 progressu
3359 1838 3538 1908 gratia

265 1932 438 1986 (laicis
469 1935 734 1990 erroribus
779 1956 1033 2006 germana
1083 1944 1271 2005 sensit,
1305 1951 1358 1996 et
1407 1942 1518 1997 lbw
1566 1945 1849 2012 epistolam
1879 1915 1924 1974 Β
1953 1938 2052 1992 Dei
2082 1948 2315 2004 accepta,
2349 1937 2490 1991 Deus
2519 1939 2836 1999 nominetur,
2863 1944 2910 1988 et
2931 1951 2961 1986 a
2992 1933 3307 2002 baptismate
3333 1931 3386 1982 in
3413 1927 3542 1982 Jor-

268 2028 819 2081 anathematizarunt.
852 2029 1078 2086 Pliotitls
1126 2034 1179 2086 in
1241 2033 1566 2087 Bibliotheca
1595 2036 1719 2090 cod.
1747 2036 1844 2089 18:

277 2129 618 2200 Ἀνεγνώσθη
655 2136 930 2203 πρακτικά
976 2137 1073 2206 τῆς
1101 2137 1360 2208 πέμπτης
1402 2139 1641 2203 συνόδου,
1684 2140 1741 2190 ἐν
1767 2131 1848 2201 οἷς

262 2215 331 2265 τὰ
377 2215 645 2286 λεγόμενα
688 2222 822 2286 Τρία
859 2221 1154 2290 κεφάλαια
1207 2225 1575 2294 ὲτρακταῖσθη
1624 2225 1692 2278 τὰ
1723 2225 1850 2294 περὶ

277 2308 611 2375 Ὠριγένους,
637 2313 727 2362 καὶ
750 2313 1148 2384 ἀνεθεματίσθη
1168 2317 1329 2378 αὐτὸς
1352 2318 1443 2368 καὶ
1468 2317 1534 2369 τὰ
1563 2316 1850 2387 συγγράμ-

265 2413 418 2464 ματα
447 2400 633 2452 αὒτοῦ·
657 2403 722 2454 τὰ
750 2405 877 2474 περὶ
902 2404 1164 2474 Διοδώρου
1196 2407 1434 2478 Ταρσοῦ,
1458 2410 1548 2460 καὶ
1573 2409 1848 2477 Θεοδώρου

265 2492 360 2542 τοῦ
387 2494 781 2560 Μοψουεστίας,
813 2498 906 2549 καὶ
925 2500 1077 2551 αὐτοὶ
1097 2500 1297 2568 ὁμοίως
1316 2501 1844 2572 ἀνεθεματίσθησαν⁶

264 2583 442 2636 Lecta:
463 2597 584 2638 sunt
621 2591 850 2642 actiones
881 2593 1076 2659 quian
1109 2592 1319 2661 synodi,
1347 2594 1532 2661 quibus
1563 2602 1849 2646 tractatum

269 2674 342 2728 De
373 2677 635 2738 tribus,ut
662 2690 848 2732 vocant
868 2721 881 2744 ,
911 2682 1165 2750 capitulis
1198 2703 1210 2735 :
1242 2683 1306 2735 de
1344 2683 1583 2751 Origene,
1617 2686 1705 2752 qui
1730 2701 1848 2736 cum

266 2767 482 2832 scriptis
513 2770 622 2820 suis
676 2771 1010 2824 anathemate
1063 2773 1391 2836 damnatus;
1445 2776 1508 2827 de
1577 2774 1848 2828 Theodoro

273 2853 668 2921 Mopsuesteno,
708 2871 756 2911 et
799 2860 1032 2914 Diodoro
1069 2863 1349 2924 Tarsensi,
1374 2866 1463 2932 qui
1491 2875 1540 2918 et
1572 2866 1672 2933 ipsi
1698 2866 1849 2918 simi-

268 2946 392 2997 liter
440 2949 778 3003 anathemate
822 2952 1065 3006 damnati
1117 2964 1258 3008 sunt.
1299 2954 1359 3008 Et
1392 2955 1690 3025 Gregorius
1737 2955 1849 3009 Ma-

268 3053 412 3101 gnus
448 3039 542 3093 lib.
579 3057 674 3103 vn,
729 3044 889 3110 epist.
926 3047 1014 3104 54,
1057 3047 1224 3100 tradit
1259 3047 1443 3101 sedem
1490 3048 1847 3116 apostolicam

269 3127 564 3185 Sozomeni
597 3133 891 3187 Historiam
918 3140 1193 3207 suscipere
1227 3155 1500 3198 recusare,
1527 3140 1609 3192 vel
1637 3154 1702 3192 eo
1734 3141 1851 3192 solo

270 3223 528 3283 nomine,
584 3225 726 3291 quod
778 3227 1006 3280 nimium
1052 3230 1311 3296 profusus
1348 3238 1430 3282 est
1484 3230 1536 3281 in
1593 3229 1849 3283 laudibus
1880 3252 1922 3307 ς

270 3311 545 3367 Theodori
595 3315 959 3384 Mopsuesleni
984 3360 997 3382 ,
1035 3329 1090 3373 et
1123 3336 1244 3374 eum
1277 3321 1534 3375 Ecclesia:
1569 3323 1848 3376 doctorem

269 3406 441 3459 luisse
477 3407 660 3459 tradit.
700 3407 801 3461 Sed
824 3411 995 3476 ipsam
1015 3428 1215 3479 quoque
1253 3411 1532 3466 Sozonteni
1557 3413 1848 3468 Historiam

267 3495 411 3547 sedes
472 3499 768 3563 apostolica
821 3501 1044 3566 recipere
1092 3511 1332 3562 recusat,
1377 3504 1624 3571 quoniam
1682 3504 1849 3556 multa

268 3588 542 3650 mentitur,
591 3599 639 3640 et
670 3589 996 3643 Theodorum
1026 3590 1366 3658 Mopsuestia:
1396 3594 1620 3646 nimium
1658 3595 1847 3647 laudat

269 3683 425 3741 atque
473 3691 633 3743 usque
666 3676 733 3728 ad
771 3676 910 3730 diem
956 3680 1129 3731 obitus
1162 3681 1244 3732 sui
1289 3698 1533 3749 magnum
1583 3682 1850 3736 doctorem

269 3760 524 3816 Ecclesia:
565 3764 728 3831 fuisse
767 3768 1015 3834 perhibet.
1068 3767 1166 3822 Ubi
1200 3779 1355 3823 notat
1404 3772 1627 3826 Vossius
1662 3774 1754 3828 lib.
1784 3791 1845 3832 ιι.

270 3853 348 3906 De
377 3854 500 3908 hist.
530 3854 729 3910 Gra'cis
754 3875 872 3929 cap.
901 3859 988 3913 9.0:
1011 3860 1164 3926 Quod
1194 3861 1261 3915 de
1284 3861 1579 3918 Theodoro
1597 3867 1850 3936 Mopsue-

265 3947 387 4000 stia:
413 3949 520 4010 ait,
551 3950 602 4002 id
645 3951 802 4005 hodie
838 3954 890 4004 in
947 3952 1252 4008 Sozomeno
1286 3971 1392 4009 non
1441 3957 1617 4027 leges,
1668 3960 1762 4014 sed
1792 3961 1846 4014 in

265 4035 617 4093 Theodorcto
655 4041 821 4111 (Hist.
857 4060 910 4104 v,
943 4045 1054 4114 40).
1089 4044 1268 4110 Quare
1291 4048 1459 4100 videri
1498 4050 1675 4118 possit
1712 4068 1848 4121 μνη-

266 4132 492 4197 μονικὸν
521 4130 768 4204 Gregorii
815 4136 1142 4207 ἁμάρτημα.
1180 4137 1286 4193 Sed
1330 4154 1461 4194 vero
1492 4143 1729 4196 similius
1762 4151 1847 4198 est

265 4224 562 4292 scripsisse
596 4227 697 4280 hoc
732 4227 1095 4284 Sozomenum
1150 4232 1202 4285 in
1250 4232 1319 4288 iis
1350 4249 1472 4302 qua:
1521 4235 1843 4303 perierunt;

266 4329 397 4366 nam
429 4315 543 4384 ipse
576 4319 911 4374 Sozomenus
943 4321 1107 4376 refert
1135 4322 1190 4375 in
1214 4323 1531 4392 praelatione
1563 4340 1622 4379 se
1659 4324 1845 4379 (listo-

269 4406 412 4457 riam
443 4423 597 4461 suam
633 4412 955 4478 produxisse
989 4427 1159 4482 usque
1192 4413 1258 4466 ad
1284 4415 1630 4469 consulatum
1664 4415 1848 4472 Τιιροδ

265 4496 412 4552 dosii
442 4498 688 4557 Juninris
731 4504 1022 4572 septimum
1055 4505 1349 4571 decimum,
1386 4507 1460 4559 ita
1485 4516 1542 4559 nt
1591 4523 1728 4576 pene
1761 4508 1844 4561 vi-

1951 2030 2088 2084 dane
2116 2031 2254 2084 inter
2273 2030 2472 2098 primos
2507 2030 2703 2081 donum
2730 2028 2901 2081 sancti
2931 2025 3164 2094 Spiritus
3193 2023 3258 2076 sit
3291 2037 3540 2075 consecu-

1954 2133 2058 2187 tus,
2097 2123 2153 2176 in
2193 2125 2400 2177 nomine
2453 2122 2656 2188 Patris,
2692 2132 2740 2175 et
2791 2119 2944 2183 Filii,
2988 2128 3036 2171 et
3079 2115 3312 2184 Spiritus
3360 2115 3537 2168 sancti

1952 2219 2297 2286 baptizatus;
2338 2220 2500 2272 Deum
2530 2233 2647 2272 vero
2685 2213 3016 2278 Verbum,ob
3053 2213 3388 2266 excellentem
3432 2211 3541 2263 vir-

1952 2322 2114 2364 tutem
2146 2310 2286 2379 ejus,
2323 2310 2543 2364 libenter
2586 2310 2638 2362 in
2675 2325 2734 2362 eo
2785 2307 3072 2367 habitasse,
3115 2305 3262 2374 eique
3303 2303 3538 2356 divinam

1951 2403 2264 2472 dignitatem
2299 2401 2616 2468 impertisse.
2659 2409 2707 2453 et
2741 2397 3105 2451 adorationem
3133 2396 3374 2463 deinceps
3422 2403 3540 2463 post

1952 2494 2481 2548 consummationem.
2519 2491 2619 2545 llis
2641 2501 2690 2544 et
2716 2490 2836 2543 aliis
2873 2489 3026 2557 impie
3047 2489 3225 2550 (lictis,
3266 2488 3401 2540 duas
3440 2503 3538 2539 na-

1953 2598 2101 2640 turas
2129 2587 2296 2654 inquit
2335 2601 2388 2638 se
2411 2584 2611 2636 novisse
2637 2584 2690 2635 in
2715 2580 2928 2636 Christo
2951 2580 3179 2648 propriis
3212 2581 3322 2631 suis
3351 2579 3539 2630 finibus

1952 2679 2284 2738 terminatas,
2324 2677 2542 2746 solaque
2566 2673 2871 2726 habitudine
2919 2673 3055 2725 inter
3112 2688 3166 2726 se
3202 2671 3536 2726 conciliatus.

1950 2771 2132 2823 Altera
2159 2780 2207 2823 et
2233 2769 2344 2822 Ita‘c
2369 2767 2695 2835 blasphemia
2719 2776 2820 2830 est,
2841 2782 3001 2818 unam
3022 2773 3271 2816 naturam
3313 2771 3360 2812 et
3405 2760 3540 2813 duas

1952 2872 2174 2913 naturas
2215 2860 2330 2912 suis
2369 2859 2563 2927 finibus
2619 2857 3050 2923 circumscriptus
3085 2855 3140 2907 in
3177 2853 3387 2908 Christo
3437 2869 3539 2905 non

1953 2961 2089 3004 recte
2119 2950 2384 3017 conﬁteri.
2416 2947 2542 3001 llaec
2592 2947 2708 3017 ipsa
2743 2946 2944 3000 Suidas
2997 2946 3050 2998 in
3091 2944 3328 2998 Lexicon
3377 2958 3540 2997 suum

1952 3043 2138 3096 retulit
2171 3057 2289 3094 voc.
2318 3039 2593 3107 Θεόδωρος
2622 3041 2649 3090 ό
2681 3037 3076 3106 Μοψουεστξας
3120 3035 3386 3103 Georgius
3433 3035 3541 3087 Ce—

1952 3134 2160 3187 drenus
2188 3132 2242 3185 in
2269 3130 2499 3201 Synopsi
2530 3131 2778 3183 chronica
2814 3145 2934 3197 pag.
2989 3128 3114 3193 581,
3179 3127 3319 3196 apud
3380 3140 3540 3194 quem

1953 3225 2300 3279 Justinianus
2336 3225 2468 3292 imp.
2506 3223 2559 3275 in
2605 3221 2847 3288 Epistula
2898 3219 2964 3271 ad
3002 3218 3258 3289 synodum
3287 3217 3542 3269 ἔΤούτων

1958 3313 2014 3365 δὲ
2053 3313 2160 3366 τῶν
2188 3313 2467 3381 τεσσάρων
2494 3312 2726 3364 συνόδων
2764 3310 2907 3362 οῦτω
2941 3309 3271 3378 γενομένων,
3304 3308 3397 3359 καὶ
3424 3308 3542 3358 ἑπι-

1959 3404 2379 3468 6ε6αιωθεισῶν,
2415 3405 2509 3457 καὶ
2540 3401 2856 3473 κρατουσῶν
2885 3404 2942 3454 ὲν
2974 3405 3040 3472 τῇ
3097 3400 3190 3453 τοῦ
3238 3398 3373 3451 Θεοῦ
3421 3400 3543 3450 Ἐκ-

1958 3495 2178 3565 κλησίσ..
2208 3496 2256 3547 οἱ
2283 3494 2350 3546 τά
2376 3493 2671 3563 Νεστορίου
2705 3490 3033 3561 κρατοῦντες
3061 3489 3401 3542 ἐσπούδασαν
3441 3485 3542 3540 αῦ-

1957 3588 2039 3649 θις
2102 3586 2199 3656 τὴν
2257 3586 2467 3655 αἵρεσιν
2511 3584 2692 3637 αὐτῶν
2726 3582 2992 3654 κρατῦναι
3018 3581 3106 3634 διὰ
3145 3581 3244 3651 τῆς
3265 3578 3543 3649 Θεοδώρου

1956 3675 2050 3730 τοῦ
2079 3674 2455 3744 Μοψουεστίας
2485 3673 2762 3742 ἀφορμῆς,
2786 3672 2964 3741 πολλῷ
2992 3671 3212 3740 χείρονα
3240 3669 3334 3722 τοῦ
3363 3668 3544 3740 μαθη-

1955 3765 2049 3816 τοῦ
2079 3762 2243 3816 αὐτοῦ
2273 3763 2568 3832 Νεστορίου
2611 3763 3119 3832 βλασφημήσαντος.
3159 3759 3324 3813 Ὅθεν
3365 3759 3544 3811 τοίνυν

1957 3859 2051 3910 καὶ
2073 3857 2233 3926 ἡμεῖς
2255 3853 2676 3914 ἀκολουθοῦντες
2702 3857 2815 3916 τοῖς
2849 3855 3141 3924 ἡμετέροις
3163 3853 3425 3924 πατράσι,
3451 3851 3544 3903 καὶ

1957 3949 2268 4020 βουλόμενοι
2296 3948 2395 4017 τὴν
2439 3946 2605 4019 ὀρθὴν
2650 3948 2831 3999 πίστιν
2870 3945 3149 4015 ἀλώϐητον
3193 3943 3544 4011 διαφυλάττε-

1958 4042 2099 4106 σθαι,
2137 4039 2520 4112 προτρέπομεν
2560 4039 2655 4092 καὶ
2689 4039 2878 4091 τούτου
2917 4037 3016 4100 τὰς
3057 4034 3405 4105 βλασφημίας
3432 4033 3540 4085 διε-

1956 4135 2286 4200 ξετάσαντας
2321 4131 2440 4184 κατ’
2471 4130 2666 4194 αὑτοῦ,
2709 4131 2806 4182 καὶ
2857 4129 2964 4182 τῶν
3014 4126 3330 4196 όμοιρρόνων
3377 4123 3541 4178 αὐτοῦ

1955 4221 2377 4293 ἀποφήνασθαι·
2410 4219 2547 4291 πρὸς
2581 4219 2688 4289 γὰρ
2744 4220 2865 4280 ταῖς
2914 4216 3100 4279 ἄλλαις
3154 4214 3543 4286 ἀναριθμήτοις

1956 4317 2120 4370 αὐτοῦ
2148 4313 2484 4385 δυσφημίαις
2510 4313 2588 4375 εἰς
2619 4310 2855 4382 Χριστὸν
2879 4309 2971 4364 τὸν
3005 4309 3138 4361 Θεὸν
3177 4308 3336 4379 ἡμῶν
3384 4323 3540 4374 γενο-

1959 4410 2167 4480 μέναις,
2203 4407 2361 4461 ἄλλον
2394 4402 2532 4458 εἶναι
2552 4404 2642 4458 τὸν
2685 4403 2819 4456 Θεὸν
2866 4403 3058 4472 Λόγον,
3104 4402 3198 4454 καὶ
3233 4399 3390 4454 ἄλλον
3448 4398 3542 4450 τὸν

1954 4503 2210 4574 Χριστὸν,
2260 4500 2365 4552 ὑπὸ
2424 4497 2533 4552 τῶν
2578 4497 2680 4566 τῆς
2726 4496 2908 4566 ψυχῆς
2950 4494 3158 4558 παθῶν,
3182 4493 3276 4546 καὶ
3301 4492 3408 4544 τῶν
3441 4492 3541 4560 τῆς

263 4589 408 4656 ginti
435 4605 700 4645 annorum
732 4593 960 4647 historia
1000 4593 1359 4649 desideretur.
1393 4595 1555 4648 Plura
1585 4599 1745 4650 etiam
1782 4599 1848 4652 de

1956 4597 2155 4668 σαρκὸς
2189 4592 2494 4661 ἐπιθυμιῶν
2543 4588 2946 4659 ζενοχλοόμενον,
2995 4587 3088 4640 καὶ
3131 4585 3241 4639 τῶν
3282 4583 3542 4657 χειρόνων

264 4683 376 4737 hoc
403 4685 529 4738 alibi
557 4687 726 4756 leges,
759 4695 813 4740 et
842 4689 1060 4754 quidem
1091 4690 1146 4742 in
1172 4688 1431 4743 Chronico
1467 4690 1705 4745 Victoris
1739 4691 1850 4744 Tu-

263 4777 538 4832 nunensis
564 4777 706 4847 apud
739 4779 1040 4843 Casininm,
1076 4782 1162 4834 ed.
1204 4781 1455 4851 Basnagii
1488 4790 1525 4835 t.
1562 4781 1604 4834 l.

340 4867 550 4923 Pravas
613 4869 882 4925 Theodori
925 4872 1210 4940 opiniones
1263 4874 1458 4926 recitat
1520 4872 1850 4929 Theodorus

262 4963 559 5032 presbyter
586 4962 960 5017 Rhaitenusin
993 4963 1132 5016 libro
1158 4963 1233 5016 De
1266 4963 1642 5017 Incarnatione
1669 4964 1850 5017 Domi—

261 5054 341 5106 ni.
375 5053 528 5105 Μετά
560 5054 747 5106 τοῦτον
783 5054 838 5106 δὲ
871 5055 962 5106 τὸν
997 5053 1402 5124 Ἀπολλινὰριον
1425 5095 1438 5117 ,
1485 5055 1686 5117 ευθέως
1721 5057 1851 5108 ἀνα·

262 5145 518 5213 φαίνεταί
544 5163 627 5206 τις
643 5146 915 5215 Θεόδωρος
946 5146 1042 5215 τῆς
1074 5145 1447 5213 Μοψουεστίας
1480 5146 1684 5208 πόλεως
1711 5145 1852 5197 οὕτω

260 5237 570 5306 λεγομένης
602 5239 660 5288 ὲν
692 5239 756 5304 τῇ
791 5239 861 5306 γῇ
897 5237 1004 5288 τῶν
1039 5237 1275 5288 Κιλίκων
1302 5236 1401 5306 τὴν
1431 5235 1725 5305 ἡγεμονίαν
1755 5235 1851 5288 λα-

261 5327 408 5396 χὼν,
442 5327 493 5390 ὃς
530 5330 593 5380 ἐκ
628 5327 919 5396 διαμέτρου
966 5327 1044 5397 τῷ
1095 5328 1483 5397 Ἀπολλιναρίῳ
1530 5329 1850 5397 φερόμενος,

263 5418 462 5490 ὕϐρεις
514 5419 573 5470 οὐ
627 5419 728 5480 τὰς
754 5419 1020 5487 τυχούσας
1050 5420 1300 5490 τολμηρᾷ
1340 5419 1483 5488 ψυχῇ
1535 5421 1627 5471 καὶ
1665 5420 1853 5489 ἀφόϐῳ

262 5508 472 5579 καρδίᾳ
510 5509 771 5578 καταχέει
814 5507 908 5560 τοῦ
965 5510 1233 5560 Δεσπότου
1277 5506 1534 5578 Χριστοῦ,
1569 5507 1852 5578 ἄνθρωπον

260 5601 365 5653 ἕνα
407 5603 514 5654 τῶν
543 5603 666 5656 καθ’
695 5605 843 5671 ἡμᾶς
875 5603 1052 5654 κοινὸν
1086 5601 1397 5662 ἀποκαλῶν,
1423 5604 1516 5654 καὶ
1555 5603 1619 5652 ἐκ
1651 5618 1851 5670 προκοο

261 5689 381 5757 πῆς
419 5689 643 5743 λαϐόντα
675 5691 774 5759 τὴν
812 5691 969 5761 χάριν
994 5691 1087 5743 τοῦ
1117 5692 1275 5756 Θεοῦ,
1299 5691 1430 5742 Θεὸν
1467 5690 1850 5760 ὀνομάζεσθαι,

260 5781 363 5832 καὶ
381 5781 452 5831 ἐκ
475 5781 562 5834 τοῦ
597 5785 653 5835 ἐν
681 5781 758 5851 τῷ
801 5781 1040 5854 Ἰορδάνῃ
1077 5784 1449 5852 βαπτίσματος
1473 5781 1766 5849 ἀξιωθῆναι
1795 5782 1852 5832 ὲν

262 5869 512 5937 πρώτοις
531 5874 625 5944 τῆς
647 5873 740 5926 τοῦ
767 5873 920 5941 ἁγίου
951 5875 1090 5926 Πνεύ
1100 5892 1266 5945 ματος
1291 5875 1498 5944 δωρεᾶς
1519 5915 1533 5938 ,
1569 5873 1648 5935 εἰς
1683 5873 1852 5942 ὄνομα

263 5960 492 6019 “dicit;
515 5967 600 6019 καὶ
633 5964 761 6018 Υἱοῦ
798 5967 888 6020 καὶ
925 5965 1078 6036 ἁγίου
1114 5966 1425 6034 ῐΙνετίιματος
1460 5963 1856 6034 βαπτισθέντα·

1958 4687 2098 4741 κατά
2133 4684 2327 4755 μικρὸν
2354 4682 2723 4752 ἀφιστάμενον
2749 4681 2887 4751 πρὸς
2918 4680 2986 4733 τὰ
3013 4679 3298 4751 κρείττονα
3318 4678 3382 4744 τῇ
3409 4691 3543 4746 προσ

1959 4779 2099 4846 κοπῇ
2135 4774 2242 4827 τῶν
2294 4772 2470 4842 ἔργων
2491 4769 2829 4841 ἐληλυθέναι,
2858 4769 2952 4822 καὶ
2972 4771 3038 4838 τῇ
3073 4767 3269 4838 ἀρίστῃ
3297 4763 3542 4834 πολιτείᾳ

1957 4870 2246 4938 γενόμενον
2291 4866 2542 4936 ἄμωμον,
2575 4865 2670 4917 καὶ
2703 4861 2779 4924 ὡς
2826 4861 2982 4930 ψιλὸν
3023 4859 3309 4930 ἄνθρωπον
3336 4859 3394 4909 ἐν
3423 4855 3542 4910 ὀνόο

1962 4975 2093 5027 ματι
2127 4955 2340 5025 Πατρὸς
2380 4954 2475 5007 καὶ
2505 4953 2636 5006 Υἱοῦ
2670 4953 2763 5005 καὶ
2794 4951 2951 5019 ἁγίου
2997 4949 3312 5019 Πνεῦματος
3346 4948 3540 5016 βαπτι-

1961 5050 2176 5118 σθῆναιο
2208 5047 2303 5099 καὶ
2328 5045 2418 5098 διὰ
2437 5043 2530 5096 τοῦ
2558 5043 2931 5113 βαπτίσματος
2955 5040 3054 5111 τὴν
3076 5040 3232 5110 χάριν
3261 5037 3354 5089 τοῦ
3380 5037 3537 5105 ἁγίου

1961 5135 2274 5205 ιΙνεύματος
2305 5133 2623 5201 εἰληφέναι,
2668 5132 2763 5184 καὶ
2808 5129 3081 5191 υἱοθεσίας
3117 5125 3401 5197 ἠξιῶσθαι,
3444 5127 3540 5180 καὶ

1960 5228 2081 5282 καθ’
2114 5226 2374 5297 ὁμοίωσιν
2409 5224 2694 5294 βασιλικῆς
2742 5224 2949 5286 εἰκόνος
2982 5223 3061 5284 εἰς
3106 5219 3394 5288 πρόσωπον
3442 5217 3535 5271 τοῦ

1959 5319 2094 5373 Θεοῦ
2144 5319 2315 5386 Λόγου
2348 5317 2439 5370 τὸν
2479 5315 2712 5385 Χριστὸν
2761 5313 3222 5385 προσκυνεῖσθαι,
3271 5309 3365 5364 καὶ
3399 5311 3539 5381 μετά

1958 5412 2057 5482 τὴν
2087 5411 2385 5464 ἀνάστασιν
2415 5407 2685 5478 ἄτρεπτον
2712 5409 2835 5469 ταῖς
2865 5405 3129 5466 ἐννοίαις,
3161 5401 3256 5455 καὶ
3289 5401 3541 5472 ἀναμάρ-

1958 5520 2119 5573 τητον
2156 5499 2502 5570 γεγενῆσθαι.
2542 5499 2653 5551 Καὶ
2678 5498 2811 5569 πρὸς
2855 5496 3088 5558 τούτοις,
3124 5489 3248 5546 εἷπε
3283 5494 3540 5564 τοιαύτην

1960 5593 2291 5663 γεγενῆσθαι
2320 5593 2417 5662 τὴν
2445 5592 2641 5645 ἕνωσιν
2671 5589 2765 5642 τοῦ
2781 5589 2914 5642 θεοῦ
2933 5588 3104 5656 Λόγου
3133 5586 3268 5658 πρὸς
3286 5587 3377 5638 τὸν
3405 5587 3539 5657 Χρι-

1964 5685 2108 5746 στὸν,
2141 5683 2332 5736 ὁποίαν
2365 5683 2393 5736 ό
2436 5681 2760 5742 Ἀπόστολος
2793 5679 2896 5747 ἔφη
2926 5679 3054 5749 περὶ
3076 5676 3170 5731 τοῦ
3210 5675 3404 5748 ἀνδρὸς
3444 5675 3538 5728 καὶ

1961 5778 2062 5845 τῆς
2091 5776 2350 5843 γυναικός
2376 5793 2389 5806 ·
2426 5777 2708 5828 Ἔσονται
2750 5775 2803 5824 οἱ
2845 5772 2955 5825 δύο
2997 5773 3085 5836 είς
3120 5771 3321 5839 σάρκα
3365 5769 3535 5838 μίαν.

1978 5867 2079 5924 llis
2102 5878 2329 5937 quatuor
2354 5868 2588 5920 conciliis
2611 5866 2687 5919 sic
2719 5865 2875 5927 actis,
2903 5874 2952 5918 et
2978 5863 3330 5932 confirmatis,
3355 5868 3404 5914 et
3437 5875 3536 5912 au-

1974 5960 2269 6014 ctoritatem
2303 5959 2356 6011 in
2391 5955 2631 6011 Ecclesia
2663 5955 2758 6011 Dei
2792 5955 3171 6018 obtinentibus,
3191 5950 3432 6009 Nestorii
3457 5965 3533 6006 te-
