3934 6506
441 436 514 495 85
1685 430 1776 486 ΕΧ
1828 429 2040 518 ιΕοβιτ

2149 431 2430 488 ALLATII
3640 429 3706 489 86

441 569 629 625 quaces
661 553 831 609 denuo
869 571 1020 609 suam
1053 553 1295 609 ha'resim
1324 537 1645 624 con/innare
1664 554 1843 608 conati
1870 562 2015 616 sunt,
2050 559 2090 612 A
2121 555 2330 622 ptione,
2381 556 2762 626 Interpretatio
2799 553 3116 612 creationis.
3166 553 3321 608 Liber
3363 553 3581 622 primus
3631 570 3706 606 se-

444 665 603 716 opera
663 647 926 702 Theodori
987 646 1389 715 Mopsuesteni,
1443 649 1531 718 qui
1589 647 1756 702 multo
1817 648 2020 714 pejora,

443 755 602 807 quam
640 736 921 799 Nestorius
950 737 1064 806 ejus
1119 737 1416 806 discipulus
1453 736 1860 805 blasphemavit.
1907 735 2023 788 Nos

452 830 616 899 igitur
647 839 918 898 sequentes
951 839 1165 882 sanctos
1201 829 1391 884 Patres
1427 840 1638 883 nostros
1665 872 1678 894 ,
1711 838 1761 882 et
1797 829 2024 881 volentes

447 929 643 974 restant
674 920 831 988 ﬁdem
857 921 971 975 sine
1004 922 1121 976 ulla
1147 922 1357 976 macula
1387 939 1717 986 conservare,
1749 921 2027 974 hortamur

447 1028 554 1076 vos,
577 1021 632 1064 ut
662 1011 822 1080 hujus
847 1029 1050 1082 quoque
1080 1013 1433 1081 blaspltemias
1457 1016 1840 1076 comminantes,
1876 1015 1938 1067 de
1966 1032 2025 1068 eo

446 1113 495 1154 et
523 1103 878 1158 sectatoribus
908 1105 1021 1174 ejus
1055 1108 1370 1160 sententiam
1419 1108 1606 1174 feratis
1638 1124 1655 1160 :
1687 1124 1810 1160 nam
1835 1117 2028 1174 pra'ter

447 1198 726 1248 innumera
750 1197 884 1259 alia,
910 1213 1028 1263 qua:
1048 1199 1205 1266 impie
1223 1200 1276 1250 in
1303 1198 1574 1252 Christum
1600 1199 1767 1251 Deum
1789 1210 2026 1254 nostrum

450 1289 733 1342 maledicta
782 1293 1030 1350 evomuit.
1089 1293 1144 1344 id
1181 1308 1383 1361 quoque
1420 1292 1670 1359 protulit,
1714 1293 1882 1345 alium
1917 1309 2028 1346 esse

451 1380 617 1435 Deum
650 1381 900 1444 Verbum,
935 1383 1098 1435 alium
1127 1382 1396 1437 Christum
1418 1384 1509 1452 qui
1536 1384 1600 1436 ab
1623 1385 1790 1437 animi
1817 1394 2028 1453 pertur-

451 1473 750 1527 (rationibus
776 1517 789 1539 ,
839 1485 887 1529 et
920 1477 1095 1528 carnis
1135 1477 1544 1544 cupiditatibus,
1578 1477 1879 1531 molestiam
1927 1477 2028 1546 ipsi

452 1565 817 1620 exhibentibus
845 1606 860 1629 ,
905 1568 1168 1634 paulatim
1202 1578 1259 1620 ut
1297 1587 1328 1620 a
1355 1569 1708 1622 deterioribus
1743 1567 2026 1629 desistens,

454 1669 666 1710 actuum
699 1659 940 1728 profectu
996 1661 1050 1714 in
1103 1661 1289 1715 melius
1328 1662 1598 1725 evaserit,
1654 1660 2031 1730 inculpataque

454 1752 665 1818 t'plitttte
696 1753 814 1806 vita:
847 1753 1052 1806 ratione
1075 1770 1202 1808 usus
1221 1755 1310 1819 sit,
1342 1755 1434 1826 qui
1475 1764 1532 1808 ut
1565 1769 1730 1824 purus
1766 1754 1942 1816 homo,
1974 1753 2030 1804 in

455 1843 663 1896 nomine
691 1840 894 1907 Patris,
920 1854 968 1898 et
992 1844 1144 1908 Filii,
1167 1854 1214 1899 et
1239 1844 1472 1912 Spiritus
1499 1846 1675 1900 sancti
1702 1844 2026 1914 baptizatus,

2131 656 2271 716 ptent
2303 651 2460 702 tomis
2490 649 2882 704 absolvebatur.
2919 648 3102 716 Stylus
3140 647 3224 700 illi
3275 662 3445 714 neque
3481 645 3707 697 illustris

2126 754 2287 807 neque
2329 739 2479 791 valde
2515 740 2847 807 perspicuus.
2883 736 3118 806 Fugiens
3151 753 3270 790 vero
3296 776 3311 800 ,
3341 745 3615 804 quantum
3656 735 3708 785 in

2125 832 2240 899 ipso
2268 840 2347 883 est
2377 831 2663 899 allegorias
2685 870 2700 892 ,
2733 840 2780 885 et
2815 829 3166 884 historiarum
3195 826 3470 879 duntaxat
3504 827 3710 893 exposi-

2129 924 2320 975 tionem
2341 932 2599 983 tractans,
2621 921 2805 975 eadem
2832 920 3116 974 identidem
3152 919 3358 987 repetit,
3387 925 3442 970 et
3469 917 3711 985 ingratus

2127 1021 2282 1080 atque
2311 1012 2560 1065 molestus
2597 1012 2782 1081 legenti
2811 1011 3005 1064 accidit
3035 1025 3054 1062 .'
3084 1009 3210 1077 quin
3241 1016 3289 1061 et
3322 1006 3570 1061 Nestorii
3599 1023 3714 1060 sen-

2128 1104 2365 1166 tentiam,
2403 1104 2639 1172 quamvis
2667 1103 2764 1156 illo
2794 1104 2942 1171 prior
2965 1102 3148 1171 fuerit,
3192 1100 3351 1152 tacite
3383 1100 3578 1152 vomit.
3615 1097 3716 1150 Hic

2125 1210 2201 1252 est
2227 1198 2529 1252 Theodorus
2555 1199 2645 1254 ille
2677 1198 3033 1268 Mopsuestia.
3073 1197 3238 1251 Multa
3260 1196 3504 1265 hujusce
3529 1193 3714 1247 videre

2126 1298 2211 1344 est
2233 1291 2286 1343 in
2313 1291 2523 1345 catenis
2549 1289 2752 1345 Graecis
2778 1291 2834 1344 in
2855 1289 3115 1344 Genesim.
3142 1287 3316 1357 Hujus
3335 1286 3716 1356 expositiones

2128 1395 2236 1432 non
2295 1395 2688 1449 usquequaque
2735 1380 2977 1450 probatu:
3027 1386 3157 1434 sunt
3212 1392 3242 1430 a
3288 1376 3607 1445 Philopono
3661 1374 3716 1426 in

2131 1469 2446 1525 Hexaemeri
2491 1473 2833 1539 expositione.
2891 1470 3117 1524 Photius
3169 1468 3367 1523 ibidem
3401 1485 3415 1520 :
3455 1460 3631 1528 Οὗτος
3661 1464 3716 1516 δέ

2128 1566 2275 1617 ἐστιν
2303 1567 2330 1616 ὁ
2360 1551 2758 1634 Μοψουεστίας,
2779 1564 2838 1616 ὅν
2860 1564 2952 1616 καὶ
2977 1563 3234 1625 πλείστας
3260 1561 3498 1623 εὐθύνας
3539 1557 3719 1611 Ἰωάν-

2131 1673 2228 1727 νης
2258 1659 2286 1710 ὁ
2309 1657 2619 1721 Φιλόπονος,
2649 1655 2725 1719 ὡς
2753 1655 2914 1718 αὑτός
2937 1672 3094 1725 φησι,
3117 1655 3216 1725 τῆς
3249 1651 3518 1722 τοιαύτης
3548 1653 3722 1721 ἑρμη-

2129 1751 2278 1812 νείας
2313 1750 2369 1802 ἐν
2405 1750 2590 1820 οἰκείῳ
2615 1749 2692 1818 τῷ
2719 1750 2806 1814 είς
2832 1747 2947 1816 τὴν
2963 1747 3174 1802 Κτίσιν
3201 1747 3479 1814 πονὴματι
3507 1740 3716 1811 ἐδείχθη

2135 1843 2441 1905 σπουδαίως
2487 1842 2946 1913 εἰσπραττόμενος
2981 1859 2994 1871 ·
3025 1841 3127 1895 Hic
3166 1848 3244 1892 est
3289 1835 3602 1893 Theodorus
3639 1833 3721 1886 ille

455 1949 544 1997 per
568 1933 889 2000 baptismum
925 1937 1158 2005 gratiam
1207 1935 1443 2003 Spiritus
1488 1937 1662 1990 sancti
1692 1944 2025 1996 consecutus,
2057 1901 2106 1961 Β
2136 1933 2477 2003 Mopsuestite
2505 1975 2519 1998 ,
2559 1951 2590 1986 (ι
2631 1949 2734 2003 quo
2781 1947 3139 2000 sa’penumero
3194 1938 3404 1983 constat
3455 1927 3718 1981 Joannem

456 2024 735 2094 adoptione
770 2029 839 2081 sit
883 2029 1168 2096 dignatus,
1225 2040 1273 2082 et
1320 2031 1388 2086 ad
1426 2027 1832 2084 similitudinem
1875 2027 2034 2096 regia:

459 2120 711 2190 imaginis
748 2120 990 2176 Christus
1032 2122 1084 2175 in
1122 2137 1345 2190 persona
1379 2121 1476 2175 Dei
1543 2120 1698 2174 Verbi
1735 2120 2033 2181 adoratus;

459 2222 644 2279 etpost
664 2214 1097 2267 resurrectionem
1117 2216 1297 2268 animo
1319 2213 1610 2275 constanti,
1634 2222 1682 2266 et
1702 2221 2034 2280 peccatorum

455 2321 619 2356 vacuo
639 2304 819 2370 fuerit.
853 2303 1125 2359 Pra’terea
1147 2306 1511 2374 pronuntiavit
1535 2321 1653 2358 eam
1683 2304 1850 2372 fuisse
1883 2301 2036 2356 Verbi

458 2413 576 2448 cum
602 2395 814 2452 Christo
845 2399 1112 2460 unionem,
1139 2415 1258 2468 qua:
1288 2409 1366 2453 est
1388 2399 1452 2452 ab
1476 2399 1730 2468 Apostolo
1764 2397 1908 2450 dicta
1938 2397 2038 2450 viri

457 2504 578 2540 cum
608 2489 902 2543 mulierem
941 2489 1004 2542 Et
1036 2499 1194 2544 erunt
1213 2492 1317 2544 duo
1347 2491 1400 2544 in
1434 2507 1541 2543 una
1572 2505 1752 2543 carne.
1799 2507 1817 2539 ι
1859 2487 2037 2542 Theo-

460 2578 582 2632 dori
641 2580 770 2634 item
810 2595 976 2649 prava
1011 2579 1269 2650 dogmata
1335 2578 1692 2650 prosequitur
1737 2576 2039 2647 Hesychius

466 2667 747 2737 presbyter
770 2667 1292 2740 llierosolymitanus
1324 2671 1378 2724 in
1397 2670 1642 2725 Historia
1657 2669 2037 2733 ecclesiastica,

462 2760 622 2826 cujus
652 2763 813 2815 verba
846 2762 1148 2816 recitantur
1174 2762 1227 2815 in
1251 2762 1293 2816 V
1318 2763 1754 2834 synodo,co|lat.
1781 2763 1834 2826 5,
1857 2762 2038 2817 etalii.

535 2844 769 2916 Scripsit
788 2846 1074 2900 innumera
1100 2863 1268 2917 prope
1286 2849 1586 2911 volumina,
1614 2849 1668 2902 in
1691 2847 1893 2918 quibus
1917 2862 2040 2902 cum

461 2937 692 2990 aliorum
725 2936 964 2992 lmreses
1003 2949 1317 3008 Oppugnat,
1347 2950 1460 2994 tum
1508 2941 1625 3010 ipse
1666 2941 1802 2995 alias
1844 2947 1898 2994 et
1926 2937 2044 3008 μεί-

462 3028 575 3088 ζονι
631 3026 708 3096 τῷ
765 3027 947 3098 μέτρῳ
977 3030 1238 3097 parturit,
1281 3039 1490 3085 etcum
1542 3029 1920 3099 Apollinarem
1953 3041 2044 3081 re-

464 3118 618 3181 fellit,
671 3117 908 3173 Nestorii
953 3119 1102 3188 impii
1140 3121 1394 3190 dogmata
1454 3121 1749 3190 expromit.
1799 3118 2043 3173 Joannes

462 3209 856 3273 Antiochenus,
888 3219 941 3264 et
965 3212 1225 3282 «synodus
1249 3211 1490 3267 Orientis
1515 3213 1593 3265 Ad
1619 3212 1871 3266 Proclum
1898 3210 2040 3267 Con-

463 3299 1020 3366 stantinopolitanum,
1058 3311 1113 3354 ut
1140 3311 1223 3356 est
1252 3301 1396 3371 apud
1427 3301 1745 3356 Facundum
1778 3303 1876 3358 lib.
1916 3318 2036 3367 vm,

465 3403 588 3458 cap.
621 3391 683 3442 1:
720 3388 898 3445 Nimis
941 3395 1134 3446 anima:
1177 3402 1374 3446 nostris
1403 3394 1692 3447 vulnerata:
1736 3403 1879 3454 sunt,
1913 3396 2041 3464 quia

388 3555 397 3563 ἱ
467 3495 570 3532 non
595 3479 768 3532 solum
803 3497 897 3534 nos
935 3482 1159 3535 viventes
1188 3481 1322 3536 tales
1361 3483 1661 3536 calumnias
1695 3484 1760 3536 ab
1791 3485 1871 3537 his
1896 3523 1910 3548 ,
1953 3486 2044 3554 qui

470 3572 786 3627 conturbare
809 3573 988 3627 volunt
1017 3573 1287 3629 Ecclesias
1325 3576 1571 3629 continue
1600 3578 2042 3640 sustinemus,sed

468 3668 631 3722 etiam
649 3668 737 3737 qui
766 3671 890 3722 bene
909 3666 976 3721 de
989 3669 1094 3721 vita
1113 3669 1376 3738 profectus
1407 3677 1484 3722 est
1511 3669 1692 3722 beatus
1715 3670 2040 3734 Theodorus,

471 3758 558 3826 qui
586 3758 811 3827 quinque
858 3768 906 3812 et
941 3759 1302 3829 quadraginta
1335 3761 1488 3813 annis
1529 3761 1672 3813 clare
1705 3762 1760 3814 in
1800 3761 2046 3815 doctrina

471 3847 758 3916 praefulsit,
791 3857 839 3902 et
871 3866 1075 3902 onmem
1115 3851 1357 3904 ha’resim
1390 3853 1731 3922 expugnavit,
1768 3862 1817 3906 et
1841 3853 2046 3906 nullam

477 3940 670 3993 alicubi
717 3940 1102 3995 detractionem
1144 3941 1206 3995 ab
1257 3941 1568 3997 orthodoxis
1616 3945 1669 3997 in
1718 3945 1823 3998 vita
1873 3948 2048 4000 susci—

471 4031 615 4094 piens
641 4069 656 4092 ,
686 4042 802 4100 post
836 4031 981 4102 longi
1013 4033 1262 4101 temporis
1298 4032 1419 4086 hinc
1461 4034 1792 4099 discessum,
1845 4045 1895 4090 et
1929 4048 2048 4106 post

477 4123 643 4176 multa
671 4125 985 4189 certamina,
1016 4133 1064 4177 et
1097 4134 1215 4191 post
1247 4125 1422 4178 decem
1454 4126 1631 4181 millia
1666 4128 1925 4182 librorum
1953 4131 2052 4183 ad.

473 4227 651 4264 tersus
704 4212 926 4264 haereses
975 4213 1208 4278 scripta,
1249 4222 1296 4266 et
1346 4223 1628 4282 postquam
1683 4216 1738 4268 in
1771 4230 2050 4287 conspectu

474 4302 808 4355 sacerdotum
839 4312 887 4354 et
929 4303 1313 4369 imperatorum
1346 4315 1394 4357 et
1427 4305 1744 4372 populorum
1795 4310 2048 4376 probatus

476 4402 575 4454 est,
614 4395 944 4458 periclitatur
972 4411 1091 4464 qua:
1121 4395 1494 4450 haereticorum
1531 4411 1655 4452 sunt
1689 4403 1969 4468 sustinere,
1997 4415 2048 4458 et

475 4475 584 4539 illis
601 4486 871 4553 proximus
897 4486 1207 4555 prwdicari.
1237 4486 1346 4543 Nos
1371 4505 1438 4544 ex
1464 4497 1543 4543 tot
1566 4491 1743 4558 libris,
1763 4493 1886 4548 illos
1909 4510 2049 4566 quos

2139 2023 2512 2094 Pltiloponum,
2543 2032 2600 2076 ut
2631 2025 2845 2092 ipsemet
2875 2021 3095 2089 fatetur,
3122 2020 3381 2073 rationem
3410 2013 3720 2085 hujusmodi

2137 2116 2585 2184 interpretationis
2621 2113 2755 2167 bona
2802 2113 2907 2183 ﬁde
2959 2131 3022 2168 ac
3055 2113 3192 2166 serio
3240 2110 3484 2178 exegisse
3529 2108 3584 2158 in
3625 2121 3719 2158 suo

2139 2207 2215 2262 De
2245 2207 2490 2262 universi
2523 2205 2803 2260 creatione
2837 2219 3010 2272 opere.
3049 2204 3113 2256 Et
3145 2202 3399 2271 apertius
3444 2197 3577 2251 cod.
3603 2194 3672 2248 45
3701 2210 3715 2245 :

2136 2299 2248 2352 Καὶ
2279 2295 2587 2366 συμφωνῶν
2611 2297 2639 2348 ὀ
2671 2293 2960 2357 Φιλόπονος
2997 2293 3181 2362 σχεδὸν
3216 2293 3272 2343 ἐν
3307 2292 3424 2351 τοῖς
3448 2287 3722 2346 πλείστοις

2138 2389 2406 2459 Βασιλείῳ
2452 2387 2530 2457 τῷ
2582 2386 2842 2457 Μεγάλῳ,
2893 2387 3238 2440 ἀντιπίπτων
3279 2383 3338 2435 δὲ
3373 2382 3446 2434 δι’
3481 2381 3605 2434 ὅλου
3647 2377 3722 2447 τῷ

2139 2480 2516 2550 Μοψουεστίας
2539 2478 2819 2550 Θεοδώρῳ,
2841 2478 2900 2542 ὃς
2925 2477 3022 2549 τὴν
3054 2477 3222 2547 αὐτὴν
3245 2474 3507 2528 ὑπόθεσιν
3530 2474 3720 2538 ἐνστη-

2142 2573 2397 2643 σάμενος,
2438 2570 2795 2640 Ἐρμηνείαν
2821 2570 2933 2637 τῆς
2965 2571 3216 2634 κτίσεως
3253 2568 3314 2620 τὸ
3349 2566 3562 2637 βιϐλίον
3591 2561 3718 2616 ἐπέ-

2141 2664 2381 2734 γραψεν·
2419 2657 2480 2715 οἷ)
2523 2665 2621 2725 τὰς
2663 2661 2819 2728 δόξας
2865 2661 3154 2730 διελέγχων
3208 2661 3236 2712 ό
3286 2657 3584 2719 Φιλόπονος
3625 2654 3720 2723 τὴν

2143 2755 2391 2808 ἐναντίαν
2423 2755 2693 2825 ἐτράπετο
2724 2769 2739 2784 ο
2768 2754 2937 2822 Atque
2969 2761 3028 2804 ut
3066 2750 3274 2804 Basilio
3305 2747 3510 2818 Magno
3541 2744 3720 2799 Philo-

2144 2845 2640 2915 ponus‘plurimum
2672 2844 2779 2914 fere
2812 2845 3092 2906 consentit,
3125 2843 3199 2895 sic
3226 2857 3318 2909 per
3346 2840 3531 2894 omnia
3562 2835 3721 2890 Theo-

2145 2941 2276 2993 doro
2321 2937 2658 3007 Mopsuestia:
2708 2943 3000 3005 repugnat,
3039 2935 3129 3005 qui
3166 2935 3307 2987 idem
3347 2940 3719 3002 argumentum

2148 3046 2423 3100 aggressus
2449 3071 2465 3090 ,
2505 3027 3008 3097 lnterpretationem
3053 3023 3348 3080 creationis
3382 3023 3586 3076 librum
3641 3021 3722 3072 in-

2149 3123 2384 3192 scripsit,
2425 3120 2577 3189 cujus
2635 3119 2905 3187 opiniones
2967 3116 3292 3186 Philoponus
3344 3112 3720 3184 reprehendens

2068 3238 2115 3301 ο
2148 3226 2335 3270 contra
2383 3215 2531 3268 nisus
2561 3221 2658 3268 est.
2703 3212 2767 3267 Et
2799 3211 2942 3281 quod
2981 3211 3154 3281 magis
3186 3219 3289 3273 est,
3340 3208 3395 3301 in
3437 3206 3484 3260 ν
3519 3201 3722 3301 synodo

2148 3308 2411 3380 generali,
2463 3307 2645 3360 collat.
2681 3304 2746 3371 4,
2785 3320 2850 3360 ea
2896 3314 3158 3373 tanquam
3212 3300 3468 3355 haeretica
3491 3340 3506 3360 .
3542 3306 3597 3351 et
3625 3294 3722 3364 piis

2150 3402 2374 3455 auribus
2407 3398 2569 3452 noxia
2595 3397 3047 3451 condemnamur.
3081 3391 3239 3449 Unde
3267 3393 3431 3447 etiam
3455 3387 3725 3458 colligitur

2151 3506 2289 3558 opus
2316 3491 2368 3542 in
2401 3490 2582 3558 plures
2612 3487 2782 3541 libros
2819 3485 2987 3540 fuisse
3013 3485 3248 3539 divisum
3276 3481 3375 3552 (a).

2227 3581 2474 3636 Psalmos
2504 3593 2722 3649 quoque
2748 3577 3039 3632 Davidicos
3071 3575 3466 3631 commentario
3488 3583 3542 3628 et
3575 3582 3728 3639 espo-

2155 3673 2448 3730 sitionihus
2484 3672 2790 3724 adornavit.
2824 3669 2904 3723 Ex
2931 3669 3084 3722 hisce
3118 3667 3558 3737 expositionibus
3585 3675 3728 3731 quae-

2153 3767 2277 3820 dam
2305 3766 2626 3826 recitantur,
2661 3763 2858 3832 quibus
2889 3761 3033 3815 illitis
3062 3760 3303 3823 haeresis,
3346 3768 3401 3812 et
3450 3771 3578 3812 cum
3614 3751 3728 3806 Ne—

2167 3859 2338 3911 storio
2369 3871 2672 3911 consensus
2710 3855 3073 3916 convincitur,
3103 3869 3166 3907 ex
3197 3850 3596 3906 commentario
3622 3844 3729 3902 scio

2158 3950 2284 4004 licet
2314 3950 2369 4001 in
2398 3949 2632 4016 psalmos
2679 3963 2809 4012 vm,
2850 3963 2939 4000 ΠΙ
2962 3988 2975 4004 .
3005 3954 3059 4000 et
3102 3959 3270 3999 vam
3294 3985 3308 4011 ,
3342 3945 3398 3998 in
3428 3942 3476 3995 ν
3526 3937 3727 4009 synodo

2157 4041 2416 4111 generali,
2441 4041 2623 4094 collat.
2653 4040 2708 4103 4,
2735 4048 2790 4094 et
2819 4041 2873 4093 in
2901 4039 3163 4107 psalmum
3191 4053 3376 4099 xm",
3413 4052 3442 4090 a
3476 4029 3730 4090 Facundo

2161 4133 2542 4190 llermianensi
2571 4131 2666 4186 lib.
2702 4147 2777 4194 Ix,
2817 4146 2940 4201 cap.
2974 4131 3026 4194 i,
3055 4139 3114 4184 ut
3145 4128 3495 4183 Theodorum
3528 4125 3597 4180 ab
3628 4123 3731 4176 hac-—

2159 4227 2265 4281 resi
2297 4222 2727 4288 defendat.Quod
2745 4237 2812 4275 an
2839 4229 2984 4276 recte
3011 4221 3341 4291 praestiterit,
3361 4218 3596 4272 aliorum
3619 4218 3731 4269 esto

2153 4316 2441 4386 judicium.
2461 4311 2571 4367 Nos
2592 4312 2747 4366 aliter
2769 4312 2972 4366 sentire
2988 4312 3253 4381 COgimur,
3276 4311 3369 4379 qui
3399 4311 3606 4365 scimus
3633 4305 3728 4358 has

2157 4410 2213 4462 in
2238 4406 2468 4476 psalmos
2490 4401 2861 4472 expositiones
2881 4401 3042 4456 etiam
3075 4400 3151 4455 ab
3166 4401 3285 4470 ipso
3314 4399 3607 4453 Theodoro
3623 4409 3727 4448 non

2161 4501 2330 4554 fuisse
2359 4510 2754 4567 usquequaque
2779 4493 3059 4563 probatas.
3092 4493 3256 4546 Multa
3290 4491 3435 4546 enim
3460 4493 3569 4547 sibi
3597 4486 3730 4544 cilii-

476 4574 738 4627 adnotare
771 4572 961 4626 datum
1005 4575 1130 4637 fuit,
1163 4579 1746 4635 commemorabitnus.
1776 4580 2050 4637 Primum-
2082 4599 2128 4653 ι)
2157 4594 2322 4664 gisse,
2360 4598 2419 4643 ιιι
2450 4587 2751 4657 incipienti,
2783 4602 2904 4656 qua:
2931 4586 3232 4639 maturiore
3257 4585 3624 4654 castigatione
3649 4580 3729 4632 in-

474 4683 582 4735 que
609 4665 711 4720 sibi
757 4667 936 4720 locum
965 4667 1160 4722 habeat
1199 4669 1498 4741 Ἑρμηνεία
1531 4672 1633 4742 τῆς
1663 4673 1914 4737 κτίσεως,
1955 4675 2050 4730 In-

479 4759 784 4823 terpretatio
811 4759 1119 4813 errationis.
1147 4759 1302 4831 Legit
1332 4778 1450 4816 eam
1489 4762 1718 4821 Photius
1753 4766 1805 4819 in
1843 4767 2050 4821 Biblio-

480 4849 625 4902 theca
655 4849 777 4902 cod.
801 4849 889 4902 '58.
935 4850 1276 4920 ’Λνεγνώτθη
1317 4852 1594 4924 Θεοδώρου
1637 4856 1957 4927 Ἀντιοχέως
1990 4853 2050 4912 οὗ

477 4941 510 5010 ἠ
545 4941 860 5011 ἐπιγραφὴ,
905 4940 1222 5010 Ἐρμηνεία
1272 4943 1383 5011 τῆς
1421 4945 1691 5010 κτίσεως.
1742 4949 1830 5002 Ἐν
1865 4950 2053 5020 τόμοις

479 5032 618 5086 ἑπτὰ
642 5033 674 5100 ἠ
705 5031 895 5104 πρώτη
921 5033 1103 5104 βίϐλος
1131 5036 1469 5105 ἐπεραίνετο.
1488 5037 1598 5107 Τὴν
1629 5038 1686 5091 δὲ
1709 5041 1909 5110 φράσιν
1933 5043 2053 5095 οὐδὲ

475 5125 728 5196 λαμπρὸς
756 5165 770 5188 ,
803 5125 923 5176 οὐδὲ
952 5123 1073 5178 λίαν
1113 5129 1308 5197 σαφής.
1342 5127 1561 5195 Φεύγων
1612 5129 1670 5181 δὲ
1713 5131 1806 5183 τὸν
1832 5131 2056 5186 δυνατὸν

478 5215 627 5286 αὐτῷ
653 5217 854 5287 τρόπον
885 5217 984 5280 τὰς
1013 5215 1363 5288 ἀλληγορίας,
1392 5219 1487 5271 καὶ
1525 5220 1666 5273 κατὰ
1690 5222 1788 5290 τὴν
1817 5224 2058 5294 ἱστορίαν

477 5308 577 5377 τὴν
597 5309 894 5380 ἑρμηνείαν
920 5306 1240 5378 ποιούμενος
1261 5325 1274 5338 °
1301 5310 1616 5378 ταυτολογεῖ
1636 5311 1691 5362 δὲ
1713 5312 1778 5363 τὰ
1809 5313 2058 5379 πλεῖστα,

481 5398 574 5448 καὶ
606 5396 798 5468 ἄχαρίς
833 5415 950 5462 πως
979 5399 1073 5452 καὶ
1110 5399 1278 5471 ἀηδὴς
1312 5397 1448 5455 εἶναι
1482 5401 1662 5454 δοκεῖ’
1714 5402 1850 5455 ἀλλὰ
1877 5407 2054 5460 καὶτὸ

481 5489 775 5558 Νεστορὶου
814 5489 987 5561 δόγμα
1014 5532 1029 5551 ,
1063 5492 1111 5544 εί
1149 5494 1244 5545 καὶ
1289 5493 1396 5563 πρὸ
1434 5493 1729 5562 Νεστορίου
1783 5496 2047 5567 ὑπῆρχεν,

481 5579 938 5650 ὑπερευγόμενος.
971 5577 1140 5647 Οὗτος
1165 5585 1221 5638 δέ
1247 5585 1396 5637 ἐστιν
1422 5587 1450 5638 ό
1483 5585 1878 5653 Μοψουεστίας.
1917 5591 2043 5645 Lec-

484 5679 567 5724 tus
613 5673 876 5728 Theodori
911 5677 1223 5730 Antiocheni
1255 5677 1389 5731 liber
1433 5684 1510 5730 est
1551 5693 1670 5730 cum
1710 5679 1809 5732 hac
1861 5683 2051 5738 inscri-

553 5825 630 5895 (a)
655 5827 774 5882 Non
800 5828 852 5882 in
881 5829 1215 5884 creationem
1247 5831 1645 5894 tantummodo,
1679 5832 1731 5886 id
1751 5841 1833 5888 est
1859 5835 1912 5888 in
1943 5835 2050 5891 Ge-

482 5899 681 5962 nesim,
731 5901 956 5968 scripsit
996 5897 1340 5964 Theodorus,
1397 5917 1584 5955 verum
1620 5903 1783 5956 etiam
1831 5904 1884 5958 in
1913 5907 2050 5963 alios

488 5968 655 6024 libros
693 5968 754 6024 V.
805 5969 867 6023 Τ.
915 5968 1044 6024 Mihi
1078 5972 1438 6026 occurrebant
1477 5972 1529 6028 iu
1571 5971 1846 6030 Vaticanis
1892 5977 2046 6032 codi-

2151 4687 2387 4755 digeant,
2424 4681 2613 4735 scribit
2646 4679 2785 4734 idem
2817 4681 2934 4748 ipse
2981 4678 3050 4730 ad
3083 4677 3372 4731 Cerdonem
3407 4677 3501 4730 lib.
3539 4674 3615 4727 De
3650 4668 3728 4722 al-

2152 4776 2350 4847 legoria
2376 4783 2426 4828 et
2455 4773 2678 4826 historia
2721 4769 2972 4823 adversus
3021 4768 3297 4838 Origenem
3332 4769 3474 4837 apud
3520 4765 3727 4821 Facun—

2152 4871 2279 4923 dum
2317 4868 2411 4921 lib.
2451 4883 2534 4930 m,
2570 4881 2692 4935 cap.
2726 4864 2779 4923 6,
2807 4872 2860 4918 et
2897 4863 2990 4916 lib.
3026 4879 3078 4915 κ.
3108 4878 3234 4931 cap.
3271 4862 3289 4914 ι
3323 4881 3337 4916 :
3376 4860 3488 4931 Ego
3519 4857 3722 4931 quidem

2154 4961 2290 5031 quod
2333 4967 2516 5011 nostra
2556 4958 2632 5010 sic
2679 4956 2863 5008 laudes
2891 4994 2905 5016 ,
2955 4971 3056 5020 non
3090 4954 3184 5006 alii
3219 4954 3454 5022 cuipiam
3504 4953 3722 5018 imputo.

2154 5065 2310 5119 quant
2340 5048 2592 5100 amicitia:
2611 5086 2625 5108 ,
2650 5060 2809 5113 quam
2841 5044 2986 5094 circa
3037 5059 3128 5094 nos
3161 5041 3318 5094 habes
3339 5081 3353 5100 ,
3384 5055 3541 5108 quam
3568 5035 3724 5089 etiam

2156 5144 2210 5195 in
2257 5140 2440 5193 multis
2497 5148 2547 5192 et
2592 5136 2796 5205 magnis
2849 5135 3001 5187 rebus
3057 5149 3258 5200 semper
3303 5129 3624 5184 ostendisti:
3679 5129 3725 5175 ει

2157 5232 2391 5284 maxime
2421 5228 2673 5297 quoniam
2719 5241 2782 5278 ea
2827 5241 2944 5293 qua:
2989 5226 3189 5291 scripta
3235 5231 3356 5274 sunt
3391 5221 3446 5274 in
3490 5218 3725 5288 psalmos

2162 5321 2402 5382 miraris,
2434 5335 2550 5386 qua:
2578 5318 2738 5371 etiam
2767 5317 2936 5384 primo
2985 5324 3293 5367 ca'terorum
3333 5311 3566 5364 omnium
3595 5305 3721 5360 serio

2158 5413 2380 5479 psimus.
2424 5407 2548 5460 Non
2602 5415 2778 5459 autem
2805 5413 3061 5474 quantam
3104 5410 3409 5470 oportuerat
3451 5398 3720 5451 habuimus

2160 5505 2302 5556 circa
2332 5503 2490 5554 istaut
2521 5515 2628 5551 rem
2648 5497 3012 5567 diligentiam;
3042 5494 3187 5564 passi
3214 5494 3354 5546 enim
3375 5509 3555 5545 sumus
3581 5501 3720 5560 qua:—

2159 5609 2359 5662 cunque
2387 5592 2715 5659 incipientes,
2749 5599 2806 5640 ut
2836 5588 3001 5642 evenit
3031 5625 3047 5649 ,
3082 5587 3136 5638 in
3163 5585 3429 5653 imperitia
3468 5576 3722 5638 scribendi

2159 5682 2437 5736 constituti
2471 5697 2489 5734 :
2526 5679 2783 5749 siquidem
2838 5687 2885 5731 et
2927 5676 3122 5730 multas
3169 5676 3596 5736 immutationes,
3634 5666 3720 5722 illo

2156 5836 2313 5890 cibus
2351 5833 2584 5904 sparsim
2635 5830 2878 5904 ejusdem
2919 5831 3160 5904 auctoris
3203 5829 3600 5904 lt'agtnenta_ld
3639 5826 3718 5901 est

2160 5907 2210 5957 in
2247 5891 2523 5965 Erotium,
2561 5903 2614 5953 in
2647 5891 2943 5963 Numeros,
2979 5901 3032 5952 in
3069 5899 3265 5967 .losue,
3288 5891 3360 5953 ἰη
3398 5897 3640 5958 Iudices,
3664 5891 3714 5943 in

2164 5975 2329 6031 Isaia'
2363 5973 2702 6041 Ezechia'que
2725 5989 2919 6040 preces,
2955 5972 3006 6022 in
3030 5969 3178 6022 odos.
