3994 6512
309 411 377 466 8’3
1499 410 1819 464 DIATBIBA
1863 410 1950 463 DE
1985 408 2396 464 'l'llliilDOl'llS.
3327 407 3333 411 '
3483 397 3551 453 86

313 537 538 596 tempore
573 544 690 596 gnte
728 538 910 581 nostra
940 538 1060 581 sunt
1107 539 1476 597 susceperunt,
1510 547 1642 600 quas
1675 547 1776 583 non
1807 539 1884 582 est
1921 532 1959 586 Δ

310 623 586 688 prwsentis
633 622 881 689 temporis
919 638 1169 674 enarrare
1211 636 1322 676 :ex
1365 639 1466 691 qua
1502 639 1664 675 causa
1713 623 1882 691 magis

312 713 632 781 negligenter
649 731 680 765 a
694 713 842 766 nobis
867 716 1154 779 composita
1173 725 1292 767 sunt
1311 715 1566 782 plurima,
1584 723 1631 766 et
1651 715 1883 766 maxime

315 802 409 855 illa
431 819 550 870 quin
577 804 750 871 prima
793 813 934 859 sunt.
968 803 1151 873 Neque
1194 815 1354 875 negat
1388 805 1439 858 id
1469 805 1762 859 FacutIdus
1791 807 1884 860 lib.

315 910 383 954 ι,
414 910 534 962 cap.
570 897 603 949 5
633 915 645 949 :
686 897 986 950 Theodorus
1050 899 1191 951 ultro
1245 900 1576 965 semetipsum
1612 899 1886 966 reprehen-

318 983 442 1036 dens
477 985 530 1036 in
559 988 884 1053 expositione
919 987 1265 1041 Psalmornm
1295 988 1566 1055 confessus
1595 1002 1670 1042 est
1699 1029 1713 1051 ,
1753 987 1893 1057 quod

320 1075 635 1142 negligenter
662 1093 693 1128 a
711 1093 763 1128 se
785 1080 1072 1144 composita
1103 1078 1295 1142 fuerint
1314 1076 1564 1146 plurima,
1586 1086 1634 1130 et
1658 1078 1892 1130 maxime

320 1167 419 1219 illa
444 1183 560 1234 qua:
590 1170 762 1236 prima
800 1178 961 1233 sunt,
987 1180 1042 1223 et
1077 1172 1338 1239 perhibuit
1372 1173 1553 1242 aliqua
1589 1173 1648 1224 in-
1669 1189 1792 1225 suos
1830 1172 1894 1224 Ii-

323 1261 443 1311 bros
473 1259 536 1310 ab
561 1260 959 1321 Apollinaristis
992 1263 1251 1316 immissa.
1282 1262 1413 1317 Rem
1453 1279 1581 1317 vero
1615 1265 1794 1326 nobis,
1836 1273 1896 1317 ut

323 1367 446 1405 sese
488 1352 697 1414 habuit,
748 1355 984 1422 ingenue
1022 1361 1207 1408 narrat
1256 1354 1564 1426 Hesychius
1613 1356 1897 1423 presbyter

327 1441 853 1513 llicrosolymitanus
891 1446 944 1497 in
981 1445 1218 1498 Historia
1252 1447 1612 1501 ecclesiastica
1642 1464 1661 1501 :
1706 1445 1772 1498 Et
1800 1447 1897 1499 ite-

326 1551 444 1585 rum
469 1534 594 1586 bene
626 1535 944 1594 conversari.
978 1537 1169 1590 iterum
1200 1539 1255 1589 in
1288 1538 1544 1591 clericatu
1583 1554 1696 1591 esse
1725 1538 1897 1606 erepit,

325 1634 376 1677 et
409 1625 692 1678 Antiochia
716 1627 901 1680 relicta
927 1629 980 1680 in
1008 1627 1234 1681 Tarsum
1263 1631 1678 1698 transmigrauit,
1713 1645 1777 1682 ex
1798 1646 1901 1699 qua

328 1719 387 1769 in
417 1717 798 1784 Mopsuestia»:
834 1721 1074 1782 transiit,
1107 1721 1384 1775 ordinatus
1425 1722 1480 1774 in
1507 1738 1568 1775 ea
1594 1723 1864 1790 episcopus
1887 1763 1899 1785 ,

329 1810 562 1862 nondum
589 1810 696 1863 Deo
718 1811 918 1865 volente
942 1813 1277 1881 manifestam
1297 1813 1582 1882 impietatis
1600 1814 1745 1867 illius
1768 1829 1903 1881 pra:-

330 1899 650 1952 dicationem
671 1900 806 1967 ﬁeri.
837 1899 1021 1952 Prima
1047 1910 1221 1954 autem
1247 1901 1502 1954 elementa
1524 1919 1632 1955 sua:
1647 1903 1904 1957 doctrina!

328 2001 398 2037 ea:
422 1985 652 2041 Iudaico
685 1989 986 2057 vaniloquio
1011 1990 1288 2056 incipiens,
1321 1990 1550 2043 codicem
1581 1991 1634 2044 in
1668 1992 1903 2061 prophe-

333 2079 467 2129 tiam
494 2079 829 2132 l’salmorum
854 2081 1188 2148 conscripsit,
1225 2097 1404 2134 omnes
1428 2080 1492 2134 de
1527 2081 1752 2135 Domino
1768 2097 1906 2149 prce-

333 2167 594 2221 dictiones
622 2171 984 2239 abnegantem.
1017 2169 1278 2239 Culpatus
1315 2189 1433 2226 vero
1462 2183 1512 2226 et
1549 2174 1905 2238 periclitatus,

334 2261 609 2312 contraria
634 2261 735 2313 sibi
761 2262 896 2314 dixit
928 2279 1031 2316 non
1063 2278 1127 2316 ex
1151 2262 1451 2327 voluntate,
1475 2265 1565 2317 sed
1597 2265 1903 2332 compulsus

336 2352 574 2403 omnium
611 2354 984 2422 querimoniis,
1017 2364 1065 2407 et
1089 2355 1317 2408 codicem
1348 2357 1519 2423 ipsum
1553 2355 1722 2410 delere
1752 2357 1909 2424 polli-

337 2444 499 2506 citus,
530 2443 753 2497 latenter
783 2446 1124 2499 conservabat
1147 2445 1391 2500 Judaica!
1423 2449 1712 2516 impietatis
1758 2450 1912 2502 viati-

337 2550 458 2586 cum
489 2551 508 2586 :
531 2535 637 2598 igni
656 2537 794 2588 enim
833 2553 930 2589 sua
954 2540 1335 2592 commentaria
1362 2540 1624 2593 simulans
1667 2539 1876 2594 tradere
1895 2580 1910 2602 ,

336 2626 606 2678 malitiose
630 2626 950 2682 abscondere
992 2629 1292 2683 illecebram
1338 2629 1680 2683 conabatur:
1715 2641 1911 2698 tempus

337 2717 552 2783 quidem
581 2718 888 2786 plurimum,
924 2721 976 2774 in
1000 2724 1190 2791 exiguo
1222 2727 1335 2776 loco
1362 2739 1524 2789 prava
1562 2724 1794 2791 loquens,
1827 2725 1912 2792 qni

339 2815 479 2858 esset
517 2809 701 2862 merito
747 2810 960 2865 latebat.
996 2812 1181 2867 Exstat
1221 2829 1368 2867 nunc
1397 2829 1614 2884 quoque
1643 2814 1914 2868 Theodori

341 2898 669 2952 Antiocheni
692 2900 949 2973 ἐξήγησις
979 2904 1293 2958 continuata
1328 2907 1407 2968 εἰς
1441 2906 1530 2958 τὸν
1561 2906 1833 2974 ψαλτῆρα,
1865 2907 1916 2958 in

337 2987 653 3052 psalterium
672 2992 946 3059 expositio,
974 2994 1025 3044 in
1055 2994 1379 3048 bibliotheca
1403 2993 1663 3048 Vaticana
1690 3034 1703 3056 ,
1739 2997 1790 3047 in
1821 2995 1918 3047 lis-

339 3078 542 3130 curiali
578 3079 744 3149 Regia
767 3121 782 3144 ,
814 3092 868 3136 et
900 3083 1052 3137 alibi.
1105 3083 1280 3150 Quam
1321 3086 1437 3151 ipse
1473 3084 1602 3148 vidi,
1642 3086 1834 3154 incipit
1865 3087 1918 3140 in

342 3169 562 3237 psalmo
593 3172 854 3240 secundo,
880 3174 938 3226 ὲν
957 3177 1021 3244 τῇ
1059 3178 1160 3246 μνή
1172 3195 1244 3248 μῃ
1272 3176 1382 3228 τῶν
1405 3177 1621 3230 ἀσεϐῶν
1653 3178 1744 3230 τὸν
1770 3177 1921 3249 πρῶ-

341 3275 440 3310 τον
471 3262 823 3330 συμπεράνας
846 3263 1061 3333 ψαλμὸν
1099 3267 1197 3333 (α).

420 3349 644 3406 Necnon
714 3370 780 3407 ex
835 3355 1079 3423 ejusdem
1149 3358 1544 3411 commentario
1590 3359 1643 3410 in
1701 3357 1925 3412 Cantica

344 3443 685 3497 canticorum
736 3447 1041 3499 recitantur
1074 3449 1332 3500 nonnulla
1366 3449 1417 3501 in
1452 3447 1494 3500 ν
1527 3448 1735 3519 synodo
1762 3465 1926 3517 gene-

346 3534 475 3596 rali,
505 3536 686 3590 collat.
722 3537 774 3590 4.
808 3537 948 3603 Quid
981 3555 1110 3592 vero
1157 3540 1272 3609 ipse
1302 3539 1369 3592 de
1398 3555 1464 3592 eo
1497 3540 1638 3593 libro
1672 3540 1925 3605 senserit,

346 3645 420 3683 ex
446 3632 636 3686 eodem
655 3634 943 3690 audiamus
974 3653 987 3690 :
1014 3634 1146 3688 Cum
1180 3652 1259 3689 me
1280 3637 1532 3704 piguisset
1551 3635 1778 3690 Cantica
1798 3653 1928 3689 can-

353 3723 584 3773 ticorum
621 3723 922 3793 perlegere,
972 3727 1221 3796 quoniam
1264 3743 1423 3796 neque
1472 3731 1756 3780 secundum
1805 3743 1928 3793 pro-

349 3810 616 3875 pheticum
667 3814 888 3879 speciem
936 3817 1178 3882 exposita
1225 3825 1369 3878 sunt,
1430 3831 1592 3884 neque
1645 3816 1931 3869 secundum

355 3902 707 3957 historiarum
734 3905 1110 3968 traditionem,
1140 3908 1275 3960 sicut
1306 3908 1570 3976 scriptura
1616 3907 1931 3976 Regnorum,

353 4012 526 4064 neque
584 3996 1000 4052 demonstrativa
1059 3999 1420 4054 admonitione
1477 4001 1642 4053 studii
1689 4011 1932 4064 utuntur,

353 4084 538 4136 nescio
575 4085 835 4155 quomodo
887 4097 1098 4140 tuarum
1133 4089 1431 4143 litterarum
1471 4099 1809 4159 pra’ceptum,
1873 4091 1936 4143 de

355 4172 587 4228 Cantica
631 4179 956 4232 canticorum
995 4182 1209 4250 exigens
1247 4197 1278 4233 a
1327 4181 1476 4233 nobis
1524 4180 1938 4234 irrecnsabititer

356 4282 618 4328 causam,
646 4267 766 4335 fecit
793 4285 871 4321 me
904 4270 1044 4322 circa
1082 4287 1196 4323 eam
1219 4270 1603 4338 diligentiorem
1628 4311 1643 4335 ,
1683 4270 1934 4323 violenter

355 4359 596 4424 quidem.
631 4358 695 4411 Et
726 4361 822 4424 sic,
860 4376 951 4413 nec
982 4360 1118 4412 enim
1150 4362 1390 4424 cessavi,
1423 4370 1470 4412 et
1497 4361 1650 4413 initio
1685 4361 1798 4428 ipso
1832 4361 1937 4413 lec-

359 4451 550 4506 tionis.
579 4452 730 4518 quasi
761 4451 1001 4505 studiosa
1032 4453 1315 4505 alacritate
1349 4454 1586 4506 oscitans
1618 4453 1934 4522 frequenter,

2061 527 2133 580 lix
2165 526 2409 594 ejusdem
2438 524 2601 578 etiam
2628 531 3023 576 commentario
3057 520 3108 572 in
3133 514 3406 570 duodecim
3427 527 3553 580 pro—

1987 617 2165 684 plietas
2197 615 2442 684 quaedam
2477 614 2773 666 recitantur
2802 610 2854 663 in
2878 607 3068 662 eadem
3103 605 3332 672 synodo,
3368 601 3552 655 collat.

1989 708 2038 759 -t.
2078 708 2136 758 lit
2166 715 2382 760 exstant
2409 705 2474 758 ad
2498 705 2643 757 lmnc
2668 703 2808 755 diem
2838 702 2889 754 in
2915 696 3310 759 OseamP.,Ei;
3340 692 3559 760 ἔλεγχον

1989 798 2096 851 τῶν
2126 797 2500 857 ἀϐασανίστως
2530 793 2840 845 ἐπιϐάλλειν
2868 794 2988 853 ταῖς
3023 787 3391 859 προφητικῶς
3434 785 3557 834 ἐπι-

1991 889 2311 959 χειρούντων
2363 889 2591 956 φωναῖς·
2643 887 2692 937 in
2730 883 2921 936 loelem
2959 884 3044 942 P.,
3096 879 3382 947 Πρὸκειταιι
3431 877 3562 943 ἡμῖν

1993 981 2085 1033 τοῦ
2129 978 2420 1049 μακαρίου·
2455 976 2606 1046 Ίωὴλ
2643 975 2736 1028 τοῦ
2789 975 3069 1045 προφήτου
3122 973 3222 1040 τῆς
3269 964 3564 1036 σαφηνείας

1993 1071 2340 1142 ἀπάρξασθαι
2394 1070 2488 1121 νῦν
2518 1085 2530 1097 ·
2583 1069 2636 1120 in
2685 1073 2845 1120 Amos
2889 1066 2975 1124 P.,
3013 1061 3296 1132 Πρόδηλον
3347 1054 3440 1111 οὖν
3483 1057 3564 1108 ὅτι

1995 1167 2089 1216 καὶ
2119 1166 2147 1215 ὁ
2191 1163 2456 1232 μακάριος
2511 1158 2690 1229 ’Ᾱμὼς
2719 1161 2747 1210 ὁ
2796 1155 3114 1226 προφήτης,
3145 1152 3203 1203 ὃν
3247 1147 3567 1218 ἑρμηνεύειν

1996 1255 2130 1308 Θεοῦ
2156 1255 2336 1326 χάριτι
2362 1270 2375 1283 ·
2408 1254 2460 1305 in
2480 1255 2518 1304 .4
2531 1249 2705 1303 bdiam
2732 1251 2820 1307 P.,
2861 1244 3137 1315 ’Λπεχθῶς
3165 1241 3367 1296 ἄνωθεν
3407 1240 3560 1291 160's-

2003 1351 2151 1418 μαῖηι
2187 1347 2323 1416 πρὸς
2369 1345 2495 1405 τοὺς
2565 1341 2902 1412 Ἰσραηλίτας
2936 1337 3092 1406 ἔσχον
3123 1351 3136 1364 ⁸
3173 1335 3225 1386 in
3261 1331 3446 1385 Ionam
3478 1331 3568 1388 Ρ..

2001 1430 2096 1498 Εἷς
2143 1437 2238 1488 καὶ
2267 1434 2426 1495 αὐτὸς
2458 1431 2556 1500 τῆς
2590 1448 2648 1482 τε
2688 1429 2934 1490 Heluidi;
2978 1426 3072 1477 καὶ
3129 1422 3273 1484 Νέας
3308 1420 3569 1488 ὑπάρχων

2000 1527 2158 1588 Θεός·
2202 1526 2255 1577 in
2299 1522 2577 1576 Hic/imam
2624 1521 2708 1582 P.,
2755 1515 3122 1587 Παραπλήσια
3173 1514 3283 1573 τοῖς
3333 1516 3459 1578 περὲ
3509 1523 3568 1558 τε

2016 1616 2195 1687 Ὠσηὲ.
2238 1616 2332 1668 καὶ
2365 1612 2567 1682 Ἀμὼς,
2597 1611 2686 1663 καὶ
2713 1609 2838 1672 τοὺς
2865 1607 3082 1667 λοιποὺς
3117 1604 3328 1658 ὁπόσοι·
3365 1602 3422 1654 in
3457 1598 3573 1652 Na-

2003 1709 2125 1760 Itum
2152 1709 2240 1767 P.,
2271 1703 2456 1758 Νινευῒ
2484 1702 2636 1764 πόλις
2659 1697 2727 1771 ἦν
2759 1699 2990 1769 μεγάλη,
3019 1695 3206 1766 πλήθει
3235 1711 3292 1746 τε
3323 1690 3569 1762 κομῶσαι,

2009 1799 2189 1862 καθὼς
2240 1800 2272 1866 ἡ
2315 1796 2432 1848 Θεία
2490 1795 2732 1847 διδάσκει
2788 1789 3017 1860 Γραφή·
3063 1789 3118 1840 in
3171 1785 3416 1840 Abbacuc
3470 1781 3571 1840 P.,

1940 1881 1979 1935 Β
2013 1888 2150 1959 ’Ἤδη
2179 1887 2274 1939 τοῦ
2318 1885 2604 1952 Ἀσσυρίου
2643 1883 2740 1951 μὲν
2768 1881 2874 1932 τῶν
2907 1879 3038 1930 δέκα
3081 1876 3261 1944 φυλῶν
3303 1865 3578 1941 αἰχμαλώ-

2008 1997 2135 2041 τους
2168 1981 2246 2040 εἰς
2283 1978 2380 2046 τὴν
2406 1977 2610 2029 οἰκείαν
2638 1972 3013 2039 ἀπαγαγόντος
3044 1969 3226 2038 χώραν
3249 1982 3262 1995 ·
3293 1967 3344 2018 in
3379 1962 3578 2030 Sopho-

2010 2073 2156 2125 niam
2211 2071 2300 2129 P.,
2352 2069 2426 2120 Οὐ
2482 2067 2668 2136 πόῥρω
2702 2063 2794 2115 τοῦ
2840 2061 3106 2132 μακαρίου
3150 2056 3468 2128 Ἀμὸακοὺμ
3501 2053 3579 2122 τῷ

2009 2161 2186 2232 χρόνῳ
2207 2159 2304 2228 τὴν
2329 2156 2660 2226 προφητείαν
2683 2152 2904 2220 ταύτηνο
2937 2152 2990 2202 in
3020 2157 3264 2217 Aggtcum
3289 2143 3372 2208 P.,
3419 2141 3578 2208 Ὠσηὲ

2016 2256 2132 2322 μὲν,
2162 2253 2256 2304 καὶ
2297 2249 2470 2317 ’1ωὴλ,
2501 2247 2594 2299 καὶ
2628 2242 2827 2314 Ἀμὼς,
2867 2243 2958 2295 καὶ
2981 2237 3296 2310 Μιχαίαςρὶ
3324 2234 3582 2306 μακάριοι

2011 2339 2286 2412 προτρῆται
2317 2337 2493 2389 κοινὸν
2521 2333 2656 2402 πρὸς
2686 2331 2902 2384 ἅπαντα
2938 2329 3037 2396 (b).

2085 2431 2140 2485 ln
2173 2428 2508 2498 exponendis
2541 2439 2758 2494 quoque
2795 2421 2928 2475 Novi
2975 2416 3306 2473 Tcstameuti
3353 2411 3589 2468 volumi-

2016 2524 2176 2578 nibus
2237 2519 2482 2575 sedulam
2540 2531 2763 2577 ooeram
2818 2509 3131 2567 collocavit.
3163 2506 3300 2560 lliuc
3347 2520 3415 2558 ex
3465 2501 3588 2569 ejus

2015 2611 2412 2668 commentario
2448 2610 2501 2662 in
2542 2607 2855 2660 Mattliwum
2897 2603 2990 2656 lib.
3039 2618 3051 2654 I
3092 2608 3145 2655 et
3199 2615 3286 2658 ιν.
3339 2593 3586 2664 qude

2019 2706 2322 2758 recitantur
2355 2701 2409 2754 in
2444 2699 2632 2754 eadem
2659 2696 2870 2768 synodo
2890 2735 2903 2760 ,
2931 2693 3118 2748 collat.
3147 2691 3201 2753 4,
3233 2696 3286 2742 et
3314 2685 3456 2756 apud
3483 2681 3590 2737 Fa-

2016 2795 2277 2858 cundum,
2305 2794 2396 2846 lib.
2423 2807 2506 2854 111,
2536 2806 2658 2860 cap.
2687 2789 2743 2844 2.

2091 2911 2162 2963 Ex
2197 2907 2591 2963 commentario
2634 2906 2760 2958 item
2813 2903 2865 2955 in
2899 2900 3097 2954 Lucam
3139 2893 3383 2966 quaedam
3419 2889 3595 2960 ipsius

2020 3001 2322 3054 alien-untur
2351 3001 2402 3052 in
2435 2997 2624 3051 eodem
2657 2994 2892 3049 concilio
2913 3031 2927 3054 ,
2959 3001 3013 3044 et
3043 2986 3324 3057 complura
3358 2984 3411 3038 in
3442 2989 3592 3036 cate-

2025 3089 2108 3142 nis
2143 3088 2347 3141 Gnccis
2382 3089 2432 3139 in
2455 3085 2614 3139 Lacte
2648 3083 3013 3152 Evangelium.

2097 3178 2566 3244 Quemadmodum
2608 3184 2660 3231 et
2699 3191 2763 3230 ex
2811 3170 3204 3229 conuuentario
3238 3169 3294 3220 in
3335 3165 3597 3218 Joannem

2030 3271 2123 3324 lib.
2163 3286 2174 3319 1
2234 3274 2288 3322 et
2337 3268 2433 3320 lib.
2476 3283 2550 3330 vn,
2604 3267 2884 3336 pleraque,
2937 3269 2990 3316 et
3040 3275 3068 3313 a
3115 3255 3374 3312 Facundo
3397 3253 3492 3308 lib.
3519 3267 3596 3316 ix,

2027 3377 2146 3430 cap.
2175 3361 2229 3422 '5,
2264 3359 2536 3428 quasdam.

2098 3451 2474 3520 Expositionis
2505 3447 2750 3515 ejusdem
2781 3447 2834 3499 in
2858 3445 2991 3498 Acta
3023 3442 3384 3510 apostolorum
3410 3433 3601 3490 memi-

2029 3544 2109 3596 nit
2145 3541 2493 3597 Justinianus
2526 3542 2822 3612 imperator
2854 3538 2906 3594 in
2945 3536 3131 3588 Edicto
3176 3534 3242 3587 de
3276 3531 3378 3584 ﬁde
3409 3528 3599 3583 ortbo:

2030 3635 2191 3696 doxa,
2221 3635 2380 3703 cujus
2413 3633 2738 3703 principium
2771 3639 2876 3692 est,
2910 3627 3150 3691 Εὶδότες
3173 3625 3250 3689 ὡς
3277 3619 3478 3675 οὐδέν.
3530 3616 3602 3668 Τὸ

2031 3725 2084 3778 δὲ
2125 3729 2303 3796 χεῖρον
2337 3728 2418 3778 ὅτι
2459 3727 2517 3775 ἐν
2576 3725 2640 3793 τῇ
2695 3721 2805 3774 τῶν
2847 3717 3103 3789 Πράξεων
3143 3713 3250 3766 τῶν
3292 3708 3603 3765 ἁποττόλων

2032 3817 2300 3887 γενομένῃ
2338 3816 2466 3885 παρ’
2506 3811 2672 3867 αὖτοῦ
2721 3811 2880 3880 δῆθεν
2927 3805 3190 3878 ἑρμηνείᾳ
3233 3799 3534 3868 συγκρίνων
3577 3797 3606 3846 ὁ

2034 3909 2193 3971 αὐτὸς
2225 3907 2495 3975 Θεόδωρος
2538 3905 2629 3956 τὸν
2675 3901 2925 3973 Χριστόν.
2978 3896 3132 3964 Quod
3165 3907 3338 3946 autem
3377 3889 3604 3943 deterius

2033 4002 2132 4056 est,
2158 3993 2316 4044 etiam
2344 3991 2398 4044 in
2425 3991 2769 4056 expositione,
2799 4003 2955 4056 quam
2990 3988 3041 4038 in
3079 3984 3210 4035 Acta
3238 3981 3604 4048 apostolorum

2036 4083 2348 4150 composuit,
2389 4081 2525 4134 idem
2550 4078 2850 4133 Theodorus
2878 4084 3149 4142 comparat
3181 4071 3468 4128 Christum,
3497 4075 3602 4120 etc.

2039 4174 2113 4227 Ex
2145 4173 2310 4242 hujus
2334 4171 2693 4241 expositionis
2723 4170 2870 4223 libro
2905 4185 2952 4230 1,
2982 4164 3292 4219 referuntur
3332 4160 3508 4228 aliqua
3552 4159 3612 4210 in

2036 4263 2224 4316 eadem
2259 4263 2488 4332 synodo,
2517 4261 2698 4314 collat.
2729 4259 2898 4311 dicta.

2109 4355 2264 4408 Illius,
2292 4354 2456 4408 etiam
2486 4351 2885 4420 exposititmem
2910 4348 2961 4399 in
2991 4343 3282 4412 Ii‘pistolam
3313 4339 3391 4392 ad"
3417 4335 3608 4390 Remo-

2042 4462 2134 4497 nos
2162 4443 2408 4497 meminit
2442 4440 2755 4500 Facundus,
2794 4437 2890 4490 lib.
2913 4452 2992 4497 111,
3017 4449 3134 4503 cap.
3157 4431 3205 4484 6.
3233 4429 3295 4482 Et
3322 4444 3384 4482 ex
3417 4428 3603 4480 iisdem

357 4549 413 4592 et
444 4540 730 4605 dormiens,
769 4541 904 4593 sicut
954 4542 1184 4594 convivio
1215 4542 1413 4595 codicis
1453 4542 1730 4608 nuptialis,
1759 4550 1806 4594 et
1839 4540 1934 4593 hoc
1969 4557 2009 4610 ι)
2037 4535 2284 4604 quietiam
2309 4533 2550 4586 adducit.
2578 4532 2652 4584 Ex
2677 4528 2863 4583 eadem
2895 4521 3340 4592 interpretatione
3362 4517 3605 4585 quimlam

360 4630 557 4699 regali,
608 4640 979 4697 percontatus,
1018 4638 1122 4684 etc.
1159 4629 1388 4699 Reliqua
1423 4630 1590 4683 videri
1623 4637 1854 4698 possunt
1882 4631 1935 4682 in

360 4721 559 4774 eodem
592 4721 843 4786 concilio,
875 4722 1056 4775 collat.
1092 4721 1143 4776 4.

442 4898 522 4965 (a)
552 4896 697 4951 Vidit
740 4897 970 4952 Allatius
1019 4895 1260 4949 codicem
1302 4893 1623 4948 Vaticanum
1669 4893 1798 4953 617,
1845 4893 1937 4947 ubi

363 4984 588 5036 reapse,
617 4967 773 5020 initio
801 4969 965 5020 ducto
991 4982 1028 5036 a7
1057 4965 1268 5036 psalmo
1297 4965 1557 5036 secundo,
1597 4974 1940 5018 conuuenta-

367 5032 491 5091 rius
529 5039 728 5091 dicitur
761 5035 1031 5088 Theodori
1061 5033 1406 5087 Antioclteni.
1440 5032 1542 5088 Sed
1573 5042 1753 5086 tamen
1789 5048 1942 5086 erro-

367 5125 490 5160 rem
511 5123 614 5160 non
641 5107 864 5174 agnovit
889 5104 1116 5158 Allatius
1136 5121 1150 5167 ;
1173 5113 1255 5156 est
1281 5105 1425 5157 enim
1447 5104 1492 5174 is
1515 5104 1942 5174 commentarius

367 5171 728 5238 Theodoreti,
767 5191 872 5228 non
904 5174 1200 5233 Theodori,
1236 5180 1295 5226 ut
1327 5187 1428 5238 ego
1465 5173 1650 5241 legens
1675 5171 1938 5240 comperi,

369 5260 727 5315 erroremque
758 5247 811 5299 in
844 5248 963 5313 ipso
983 5242 1264 5315 _Vaticann
1312 5241 1494 5315 indice
1541 5243 1939 5315 emendandum

369 5333 540 5370 trianu
584 5311 702 5369 mea
743 5311 951 5369 curavi.
982 5313 1097 5366 lino
1123 5328 1249 5365 vero
1298 5312 1504 5365 codicis
1538 5312 1790 5364 mendum
1817 5311 1942 5362 dili-

367 5396 567 5455 genter
595 5401 681 5440 me
709 5385 818 5452 jam
849 5383 1162 5455 coarguiss_e
1178 5381 1412 5455 _Inc‘mini
1442 5382 1493 5433 in
1528 5381 1845 5455 praefatione
1873 5378 1940 5430 ad

369 5446 614 5526 priorem
644 5446 940 5526 editionem
969 5446 1096 5506 torui
1125 5450 1142 5503 Ι
1169 5450 1367 5519 Script.
1385 5459 1482 5526 vet.
1584 5464 1720 5502 xin.
1745 5446 1943 5526 Utique

372 5517 751 5594 Mopsuesteni
791 5524 1037 5592 plurima:
1066 5529 1249 5594 partes
1283 5517 1532 5594 genuinae
1565 5517 1943 5594 commentarii

373 5600 431 5651 in
467 5588 712 5648 Psalmos
734 5588 892 5648 editae
921 5588 1108 5661 postea
1133 5588 1350 5644 fuerunt
1377 5591 1429 5661 in
1453 5588 1692 5661 (Sorderii
1721 5596 1944 5643 catena:

377 5666 480 5721 sed
522 5665 773 5734 plurima;
798 5660 995 5734 adhuc
1031 5663 1197 5714 latent
1239 5661 1290 5734 in
1331 5660 1612 5712 codicibus
1639 5699 1652 5718 ,
1689 5665 1946 5734 tantoque

377 5727 614 5789 numero
636 5773 651 5796 ,
699 5740 758 5786 ut
795 5732 846 5784 id
896 5729 1264 5799 Mopsuesteni
1299 5745 1436 5796 opus
1465 5728 1850 5799 propemodum
1885 5727 1938 5778 iu

345 5805 657 5872 ,integrum
701 5804 913 5856 restitui
950 5796 1108 5872 posse
1151 5801 1432 5872 videatur;
1467 5796 1620 5872 quod
1647 5811 1732 5850 me
1748 5796 1943 5872 jactu-

382 5865 533 5939 rum',
556 5873 668 5930 vita
690 5873 910 5939 comite,
944 5865 1245 5941 conjunctis
1273 5869 1436 5925 etiam
1463 5865 1710 5939 partibus
1741 5865 1944 5921 Corde-

2043 4627 2347 4681 recitantur
2369 4625 2422 4677 in
2451 4623 2639 4692 quinta
2678 4618 2887 4689 synodo
2915 4617 3099 4669 collat.
3128 4612 3275 4665 dicta
3307 4607 3397 4679 (c).

2115 4719 2349 4786 Scripsit
2397 4729 2613 4787 quoque
2663 4713 2861 4765 librum
2910 4725 3006 4765 seu
3057 4701 3509 4760 couuuenlarimn
3555 4698 3606 4751 in

2039 4892 2231 4954 rianis,
2262 4888 2531 4959 spondere
2565 4884 2767 4939 ausim.

2114 4981 2190 5039 (bl
2221 4979 2412 5033 Nescio
2448 4993 2546 5030 cur
2587 4976 2816 5028 Allatius
2863 4973 3090 5028 reticeat
3139 4971 3207 5025 de
3245 4965 3527 5039 7.:icliaria_
3559 4971 3613 5017 et

2046 5033 2333 5104 Malaeliia.
2371 5049 2572 5116 Utique
2610 5045 2904 5116 Zacharias
2942 5043 3105 5116 deest
3155 5041 3207 5093 in
3263 5033 3608 5116 codice'Yat.

2043 5124 2145 5174 618
2174 5161 2189 5182 ,
2244 5136 2402 5186 quem
2455 5104 2631 5171 sblum
2678 5113 2879 5186 vidisse
2927 5113 3183 5186 A_l_latium
3222 5115 3371 5186 puto.
3411 5104 3610 5186 Ibidem

2043 5173 2224 5243 tatuen
2261 5173 2557 5240 :\la|acliias
2587 5201 2693 5238 non
2731 5185 2935 5235 deerat.
2959 5181 3067 5233 Nos
3096 5173 3614 5252 veroIamleiu_ade—

2045 5261 2118 5329 pli
2153 5262 2573 5312 Columuensem
2615 5254 2857 5329 codicem
2893 5259 3262 5329 pervetustpm
3301 5253 3613 5329 comitate:

2040 5311 2278 5399 {gerrime
2311 5324 2698 5399 commentario
2725 5311 3087 5399 Mopsuesteni
3122 5319 3285 5399 ad'x‘u
3319 5311 3612 5399 prophetas

2043 5383 2224 5468 Tquem
2256 5398 2501 5468 codicem
2553 5393 2728 5468 pretio
2777 5383 3016 5468 emptum
3063 5391 3116 5468 in
3161 5385 3451 5468 Vaticanus
3493 5383 3612 5468 piu:

2043 5453 2159 5522 téos
2188 5466 2512 5533 intulimus),
2553 5453 3039 5533 praeclarissimum
3089 5459 3190 5510 hoc
3235 5453 3612 5533 Μορευεειριιί

2043 5521 2181 5606 opus
2211 5521 2635 5606 vulgavinlus'iu
2670 5531 2867 5598 Script.
2915 5538 3012 5581 vet.
3055 5534 3206 5606 to_mo
3235 5521 3330 5602 Vl;
3357 5530 3409 5573 et
3443 5533 3616 5589 nuper

2043 5596 2262 5664 deorum
2305 5596 2596 5658 Latinitate
2624 5596 2844 5670 quoque
2876 5607 3050 5652 totqu
3086 5596 3432 5650 donavimus.

2120 5699 2190 5767 (c)
2229 5698 2448 5750 Partem
2492 5692 2854 5767 expositionis
2893 5689 3162 5767 hujusnin
3350 5681 3418 5736 ad
3459 5679 3612 5767 item.

2047 5745 3036 5908 grace'tiosiedidimus'in
3070 5745 3428 5829 Spicillliom.
3459 5761 3499 5806 t.
3525 5745 3616 5833 IV,

2091 5879 2102 5892 .
2135 5859 2165 5892 ιι
2245 5857 2324 5891 'Ot
2378 5875 2390 5888 .
