3934 6562
373 411 444 466 87

1652 412 1744 467 EX
1783 412 2030 470 LEONIS
2069 412 2350 469 ALLATII

376 525 671 596 symbolum
726 526 1046 591 Nictenum,
1082 529 1388 585 sententias
1425 528 1653 585 Patrum
1700 531 1767 586 ad
1818 546 1950 588 suos

2073 531 2150 595 τὰς
2182 532 2364 596 δόξας,
2406 533 2493 584 ὅτε
2526 534 2640 593 ταῖς
2688 529 2854 584 αὑτοῦ
2897 529 3359 601 περιτυγχάνουσι
3400 526 3671 597 βίϐλοιςο

379 632 601 673 errores
670 619 1112 688 comprobandos
1182 620 1536 692 detorquens.
1605 621 1956 678 Justinianus

380 707 677 779 imperator
701 711 754 764 in
787 710 980 765 Edicto
1008 727 1173 781 supra
1196 713 1449 768 laudato:
1496 712 1637 766 Ἀλλ’
1665 714 1785 768 οὐδὲ
1826 713 1956 766 Θεό-

377 795 550 868 δωρος
573 800 602 851 ὁ
637 799 901 868 Ἕλληνάς
936 816 995 852 τε
1023 803 1116 852 xui.
1157 803 1440 864 Ἰουδαίους
1463 803 1556 856 καὶ
1579 802 1784 865 πάντας
1805 803 1955 872 αἱρε-

379 888 566 952 τικοὺς
607 891 675 958 τῇ
711 891 935 960 ἀσεϐείᾳ
968 891 1432 962 ὑπερϐαλλόμενος
1462 909 1475 921 ’
1507 886 1660 956 οὗτος
1687 895 1796 964 γὰρ
1822 894 1956 964 πρὸς

379 979 498 1040 ταῖς
553 979 742 1041 ἄλλαις
792 982 955 1033 αὑτοῦ
1013 981 1400 1054 βλασφημίαις,
1461 985 1560 1038 οὐκ
1600 985 1840 1055 ἠρκέσθη
1880 985 1957 1054 τῷ

385 1068 519 1139 πρὸς
542 1069 640 1140 τὴν
669 1071 805 1124 ἰδίαν
840 1073 1050 1143 πλάνην
1075 1075 1526 1145 παρερμηνεῦσαι
1556 1074 1822 1146 σύμϐολον
1844 1075 1954 1128 τῶν
2005 1080 2008 1083 ’

382 1163 707 1232 τριακοσίων
763 1164 894 1217 δέκα
953 1167 1046 1218 καὶ
1100 1165 1243 1219 ὀκτὼ
1289 1166 1455 1235 ἁγίων
1508 1167 1788 1237 Πατέρων,
1817 1167 1956 1222 ἀλλά

384 1251 478 1302 καὶ
499 1256 907 1324 περιφρονήσας
937 1253 1150 1319 τούτου,
1184 1255 1284 1308 καὶ
1324 1254 1396 1308 τὰ
1419 1254 1585 1324 ἑξῆς.
1639 1256 1821 1327 Neque
1849 1259 1957 1327 ipse

390 1340 694 1395 Theodorus
716 1384 731 1406 ,
768 1345 858 1414 qui
877 1359 1136 1414 paganos,
1162 1345 1412 1412 Judazos,
1445 1364 1505 1400 ac
1544 1365 1722 1403 omnes
1747 1349 1958 1404 lucreti-

387 1449 475 1485 cos
500 1432 768 1502 impietate
795 1438 1097 1502 superavit;
1134 1438 1256 1491 huic
1295 1441 1434 1492 enim
1465 1450 1657 1509 prwter
1677 1441 1815 1494 alias
1840 1441 1956 1494 bla-

387 1523 648 1591 sphemiae
672 1542 776 1579 non
801 1527 933 1581 satis
959 1529 1060 1596 fuit
1101 1540 1218 1596 apte
1247 1529 1316 1582 ad
1353 1547 1507 1584 suum
1539 1547 1770 1586 errorem
1797 1533 1956 1602 perﬁ-

387 1613 534 1667 diose
571 1616 908 1685 interpretari
949 1620 1246 1689 symbolum
1293 1631 1646 1677 trecentorum
1695 1623 1870 1677 decem
1907 1633 1957 1678 et

389 1713 508 1760 octo
541 1717 842 1761 sanctorum
867 1709 1116 1775 Patrum,
1153 1712 1243 1766 sed
1268 1725 1560 1783 contempto
1585 1714 1698 1778 illo,
1741 1723 1848 1771 etc.
1878 1714 1955 1768 Ex

393 1798 496 1853 hac
531 1800 764 1869 εγωὺοιὶ
795 1801 1002 1858 Nicaeui
1039 1804 1487 1874 interpretatione
1518 1807 1764 1876 quaedam
1815 1808 1958 1862 refe-

390 1901 587 1944 runtur
619 1892 672 1946 in
702 1892 742 1946 ν
775 1894 1008 1964 synodo,
1044 1897 1226 1951 collat.
1256 1911 1399 1967 saepe
1418 1897 1530 1967 jam
1562 1898 1838 1968 pi'azdicta.

461 1980 648 2051 quue
701 1985 919 2038 tandem
969 1993 1307 2056 contempto,
1360 1987 1580 2056 scripsit
1630 1988 1745 2058 ipse
1789 1996 1962 2043 marte

389 2074 615 2142 proprio
645 2076 950 2144 symbolum
991 2078 1139 2132 omni
1195 2078 1468 2148 impietate
1498 2081 1714 2148 plemim
1736 2122 1751 2146 ,
1783 2080 1837 2134 in
1874 2097 1962 2150 sy-

390 2161 534 2216 nodo
580 2164 852 2234 Ephesina
896 2174 950 2220 et
1003 2167 1436 2222 Chalcedonensi
1479 2169 1678 2224 lectum
1730 2181 1784 2224 et
1828 2186 1961 2225 con-

389 2252 728 2309 demnatum.
775 2256 918 2311 Idem
962 2256 1309 2314 lustinianus
1343 2259 1579 2314 ibidem:
1620 2261 1777 2314 Ἀλλὰ
1807 2279 1964 2333 περι⁹

393 2347 666 2415 φρονήσας
719 2347 949 2412 τούτου,
997 2350 1183 2421 ἕτερον
1233 2351 1501 2420 σύμϐολον
1540 2353 1752 2418 ἐξέθετο
1784 2353 1966 2422 πάσης

392 2436 643 2501 ἀσεϐείας
693 2439 1143 2511 πεπληρωμένον,
1200 2445 1256 2496 ἐν
1305 2437 1350 2510 ᾧ
1392 2442 1784 2513 ἀναθεματίσαι
1840 2446 1966 2508 τοὺς

393 2527 592 2597 ἑτέρως
625 2530 954 2600 φρονοῦντας
981 2534 1280 2604 ἐτόλμησεν
1311 2552 1325 2564 ο
1370 2534 1512 2588 ὥστε
1543 2537 1665 2590 ὅσον
1699 2536 1838 2589 κατά
1869 2535 1967 2607 τὴν

393 2616 602 2669 ἐκείνου
646 2619 846 2689 μανίαν
874 2622 1080 2685 πάντας
1110 2622 1237 2686 τοὺς
1271 2624 1459 2693 ἁγίους
1497 2625 1822 2688 ἀποστόλους
1874 2627 1968 2679 καὶ

395 2707 644 2778 Πατέρας
680 2713 1130 2783 κατακεκρίσθαι.
1172 2713 1342 2768 Τοῦτο
1386 2715 1444 2768 δὲ
1489 2716 1548 2768 τὸ
1599 2717 1792 2779 ἀσεϐὲς
1841 2717 1966 2770 Θεο-

396 2799 566 2874 δώρου
599 2802 864 2872 σύμϐολον
897 2807 989 2857 καὶ
1020 2807 1078 2859 ἐν
1107 2809 1178 2877 τῇ
1216 2810 1334 2860 κατ’
1372 2809 1602 2876 Ἔφεσον
1634 2807 1824 2880 πρώτῃ
1849 2826 1970 2862 συνο

396 2891 526 2962 ὁδῳ,
568 2895 659 2945 καὶ
718 2896 780 2947 ἐν
824 2894 1126 2967 Χαλκηδόνι
1163 2898 1530 2967 ἀναγνωσθὲν,
1578 2900 1666 2968 ὑφ’
1706 2901 1970 2971 ἑκατέρας

397 2982 613 3035 συνόδου
644 2985 780 3054 μετὰ
807 2986 899 3038 τοῦ
928 2987 1223 3059 ἐκθεμένου
1257 2990 1476 3044 καὶτῶν
1506 2990 1811 3062 δεξαμένων
1841 2992 1970 3045 αὑτὸ

399 3073 714 3146 κατεκρίθη.
750 3075 854 3130 Sed
884 3087 1175 3148 contempto
1205 3079 1511 3145 illo,'aliud
1544 3082 1786 3148 procudit
1829 3098 1972 3150 sym-

396 3162 574 3219 bolum
610 3167 753 3220 omni
784 3168 1048 3236 impietate
1088 3171 1338 3237 refertum
1363 3212 1378 3238 ,
1407 3174 1462 3225 in
1494 3187 1592 3242 quo
1621 3174 1780 3226 etiam
1820 3172 1972 3226 dam-

399 3271 527 3308 nare
559 3271 720 3311 ausus
744 3268 820 3312 est
855 3276 942 3311 eos
975 3261 1064 3328 qui
1098 3261 1254 3314 aliter
1287 3261 1351 3314 ab
1398 3264 1512 3330 ipso
1556 3265 1838 3326 sentirent,
1877 3273 1968 3328 ut,

397 3357 654 3415 quantum
690 3351 744 3402 in
776 3367 830 3403 se
858 3352 1020 3404 situm
1046 3363 1182 3416 erat,
1207 3353 1535 3407 damnauerit
1567 3371 1742 3408 omnes
1763 3366 1970 3407 sanctos

399 3442 665 3506 apostolos
700 3451 750 3494 et
787 3441 996 3495 Patres.
1066 3441 1176 3494 Hoc
1218 3453 1392 3496 autem
1445 3444 1662 3511 impium
1715 3441 1973 3496 Theodori

400 3530 695 3599 symbolum
731 3541 778 3585 et
801 3533 851 3584 in
883 3533 1084 3601 synodo
1120 3535 1292 3601 prima
1333 3532 1592 3602 Ephesina
1625 3543 1676 3587 et
1716 3535 1770 3587 in
1815 3533 1976 3587 Chal-

399 3621 679 3676 cedonensi
705 3623 930 3688 lectum,
963 3623 1026 3675 ab
1061 3634 1284 3694 utraque
1315 3640 1421 3676 una
1448 3641 1564 3677 cum
1596 3635 1808 3676 auctore
1838 3623 1972 3692 ejus,

399 3720 449 3763 et
481 3710 535 3762 id
576 3710 945 3780 recipientibus
996 3711 1310 3765 damnatum
1349 3713 1470 3780 fuit.
1530 3713 1767 3782 (Iyrillus
1797 3722 1975 3766 tamen

399 3800 801 3856 Alexandrinus
827 3841 841 3864 ,
877 3803 966 3857 cui
1002 3803 1055 3856 in
1083 3803 1187 3858 hoc
1223 3804 1439 3873 negotio
1473 3802 1648 3870 major
1690 3803 1825 3858 tides
1878 3804 1978 3857 lia-

402 3892 580 3947 benda
613 3901 722 3956 est,
751 3894 1055 3963 symbolum
1091 3903 1298 3948 tantum
1332 3896 1386 3948 in
1417 3893 1691 3965 Ephesina
1721 3894 1980 3948 condem-

407 3994 594 4038 natum
626 3984 794 4048 dicit,
822 3987 969 4039 nulla
995 3985 1136 4040 facta
1162 3986 1228 4041 de
1249 3987 1398 4041 illius
1427 3994 1651 4041 auctore
1681 3985 1972 4048 mentione,

405 4077 550 4145 quod
596 4077 708 4146 jam
756 4077 811 4132 in
860 4077 998 4134 vivis
1065 4094 1188 4133 esse
1238 4079 1514 4133 desiisset.
1574 4077 1667 4132 Sic
1716 4078 1860 4132 enim
1921 4076 1978 4128 in

411 4167 649 4235 Epistola
667 4168 735 4222 ad
755 4169 1029 4232 Proclum,
1064 4167 1710 4237 Constantinopolitanum
1743 4167 1979 4235 patriar-

406 4262 560 4314 cham
594 4262 704 4326 (ed.
737 4261 980 4323 Aubert,
1019 4268 1058 4314 t.
1093 4258 1157 4326 ν,
1207 4268 1348 4330 part.
1399 4275 1472 4322 Il,
1521 4275 1575 4328 p.
1611 4257 1780 4326 200):
1817 4258 1980 4309 Ἴστω

405 4351 464 4406 δὲ
501 4353 535 4421 ἡ
570 4351 638 4422 σὴ
671 4351 888 4420 ὁσιότης
921 4352 1010 4403 ὅτι.
1040 4350 1496 4422 προσενεχθείσης
1527 4352 1594 4420 τῇ
1619 4349 1750 4419 ἁγίᾳ
1779 4348 1981 4418 συνόδῳ

409 4441 678 4505 ἐκθέσεως
719 4443 848 4512 παρ’
883 4441 1049 4494 αὑτοῦ
1080 4442 1467 4512 συνταχθείσης
1488 4481 1502 4500 .
1534 4440 1609 4504 ὼς
1646 4442 1692 4493 οἱ
1725 4457 1981 4508 προενεγ-

408 4535 594 4597 κόντες
613 4533 866 4602 ἔφασκον,
901 4533 1053 4586 οὐδὲν
1077 4532 1304 4603 ἐχούσης
1329 4533 1498 4600 ὑγιὲς,
1529 4532 1979 4604 κατεκιϐδήλευσε

412 4624 514 4696 μὲν
553 4625 721 4696 αὐτὴν
747 4628 780 4695 ή
804 4625 934 4693 ἁγία
957 4624 1193 4688 σύνοδος,
1219 4625 1293 4688 ὡς
1317 4624 1765 4694 διεστραμμένων
1789 4624 1984 4693 γέμου-

412 4732 513 4770 σαν
555 4715 802 4778 ἐννοιῶν,
847 4717 938 4769 καὶ
981 4717 1078 4786 τὴν
1122 4716 1415 4786 Nam-Opica
1458 4715 1778 4768 δυσσέϐειαν
1827 4715 1985 4768 οἱονεί

413 4824 530 4869 πως
573 4807 924 4876 πηγάζουσαν
950 4823 965 4838 ο
997 4807 1370 4878 κατακρίνασα
1411 4806 1470 4859 δὲ
1514 4807 1640 4868 τοὺς
1668 4805 1810 4858 οὕτω
1855 4822 1988 4876 φρο-

411 4898 639 4960 νοῦντας
663 4938 677 4962 ,
711 4897 1070 4968 οἰκονομικῶς
1099 4899 1198 4951 οὐκ
1225 4899 1596 4969 ἐμνημόνευσε
1626 4896 1722 4950 τοῦ
1762 4896 1952 4967 ἀνδρὸς
1970 4936 1986 4960 ,

412 4989 535 5044 οὐδὲ
564 4989 726 5043 αὑτὸν
749 4989 1023 5060 ὑπέθηκεν
1062 4991 1320 5060 ὀνομαστὶ
1349 4989 1427 5060 τῷ
1466 4989 1893 5060 ἀναθεματισμῷ
1924 4987 1992 5042 δι’

411 5081 756 5151 οἰκονομίαν,
806 5082 894 5135 ἵνα
942 5083 1016 5151 μή
1058 5097 1205 5143 τινες
1243 5084 1311 5152 τῇ
1352 5081 1617 5153 ὑπολήψει
1656 5081 1750 5134 τοῦ
1798 5081 1989 5152 ἀνδρὸς

412 5173 852 5243 προσεσχηκότες
885 5171 1232 5225 ἀποϐάλωσιν
1263 5173 1490 5237 ἑαυτοὺς
1519 5174 1630 5226 τῶν
1659 5174 1983 5243 ἐκκλησιῶν.

419 5264 488 5318 Ἦ
525 5264 583 5318 δὲ
627 5267 684 5318 ἐν
721 5263 931 5327 τούτοις
969 5263 1250 5334 οἰκονομία
1285 5265 1504 5335 ἄριστόν
1552 5283 1606 5318 τι
1655 5266 1846 5336 χρῆμα
1893 5265 1989 5318 καὶ

413 5355 574 5422 σοφόν
612 5373 626 5385 ·
663 5357 714 5408 εί
755 5355 854 5426 μὲν
891 5355 1000 5427 γὰρ
1047 5351 1116 5425 ἦν
1151 5357 1210 5408 ἐν
1255 5359 1367 5420 τοῖς
1395 5356 1560 5420 ζῶσιν
1589 5356 1668 5409 ἔτι
1693 5398 1707 5422 ,
1744 5358 1837 5409 καὶ
1865 5356 1986 5409 σύν-

411 5445 577 5506 οπλος
599 5439 669 5514 ἦν
694 5447 814 5508 ταῖς
843 5445 1141 5516 Νεστορίου
1174 5444 1580 5516 δυσφημίαις,ἣ
1604 5445 1986 5518 συναγορεύειν

411 5533 603 5603 ἡθελεν
638 5529 720 5598 οἷς
759 5536 998 5607 ἔγραφεν
1022 5537 1222 5600 αὐτὸς,
1257 5537 1522 5590 πέπονθεν
1563 5537 1629 5590 ἂν
1661 5537 1754 5589 καὶ
1782 5536 1872 5589 τὸν
1907 5535 1986 5599 είς

412 5624 545 5678 [διον
574 5624 863 5695 πρόσωπον
889 5627 1330 5698 ἀναθεματισμόν
1347 5643 1360 5658 ⁸
1377 5628 1567 5700 ἐπειδὴ
1586 5629 1644 5681 δὲ
1669 5627 1988 5699 ἀπεδήμησε

361 5707 371 5798 ξ
414 5714 552 5787 πρὸς
581 5715 736 5779 Θεὸν,
763 5717 924 5787 ἀρκεῖ
948 5718 1195 5790 καθάπερ
1232 5712 1446 5789 ἐγῷμαι
1465 5719 1536 5772 τὰ
1564 5720 1808 5784 ἐκτόπως
1839 5721 1988 5792 αὖτῷ

416 5805 781 5878 γεγραμμένα
826 5808 1179 5866 ἐκϐάλλεσθαι
1225 5810 1377 5884 παρὰ
1413 5812 1522 5866 τῶν
1552 5811 1726 5882 ὀρθῶς
1757 5812 1987 5883 ἐχόντων

490 5886 694 5954 τιθείη.
729 5913 824 5967 vn,
863 5898 950 5954 51.

2057 622 2151 673 καὶ
2188 621 2247 673 τὸ
2279 620 2585 692 περαιτέρω
2627 622 2853 692 χωρεῖν,
2898 617 3141 688 θορύϐων
3184 616 3294 670 ἔσθ’
3323 619 3431 670 ὅτε
3479 615 3676 668 τίκτει

2056 710 2356 780 προφάσεις
2396 725 2412 739 ο
2467 709 2614 763 Sciat
2656 725 2771 764 rero
2814 709 3072 762 sanctitas
3119 717 3214 760 tua
3241 706 3385 777 quod
3431 706 3672 772 exposi—

2058 804 2197 856 tione
2223 842 2239 866 ,
2271 819 2390 871 qua:
2414 802 2547 855 nihil
2579 801 2699 855 sani
2724 800 2968 863 habebat,
3012 799 3077 852 ab
3099 816 3157 853 eo
3184 800 3501 868 composita
3528 838 3547 862 ,
3584 796 3674 849 uti

2056 894 2300 948 dicebant
2330 895 2367 948 ii
2388 896 2476 964 qui
2509 910 2624 948 eam
2657 895 2948 960 attulerant
2973 931 2988 956 ,
3021 891 3162 960 apud
3199 900 3458 944 sanctam
3493 904 3671 958 syno-

2055 987 2180 1041 dum
2207 986 2438 1057 prolata,
2467 1003 2583 1040 eam
2615 985 2824 1056 quidem
2859 983 3151 1052 reprobaoit
3178 993 3362 1036 sancta
3401 978 3674 1049 synodus

2057 1089 2234 1146 utpote
2254 1077 2509 1146 perversis
2540 1076 2871 1144 conceptibus
2900 1075 3183 1144 refertam,
3212 1083 3261 1127 et
3303 1070 3672 1126 Nestorium:

2057 1171 2330 1238 impietate
2354 1170 2510 1240 quasi
2538 1170 2821 1238 fluentem;
2852 1168 2928 1222 eis
2961 1177 3137 1221 autem
3179 1165 3270 1236 qui
3297 1166 3377 1217 ita
3424 1162 3673 1230 sapiunt

2057 1260 2444 1324 condemnatis,
2510 1257 2862 1326 dispensatire
2908 1256 3113 1309 nullam
3161 1255 3260 1308 viri
3313 1252 3672 1306 mentionem

2058 1352 2178 1420 fecit
2211 1393 2227 1416 ,
2289 1366 2380 1403 nec
2448 1350 2623 1418 ipsum
2675 1347 2989 1401 nominatim
3035 1344 3357 1399 anathemati
3411 1339 3674 1408 subiecit

2056 1450 2269 1508 propter
2309 1439 2790 1508 dispensationem,
2841 1452 2903 1489 ne
2932 1435 3130 1489 scilicet
3173 1432 3337 1502 aliqui
3379 1444 3669 1498 magnam

2058 1532 2160 1586 viri
2193 1531 2492 1600 opinionem
2520 1537 2848 1597 spectantes,
2876 1544 2930 1581 se
2959 1527 3100 1597 ipsos
3123 1525 3187 1578 ab
3209 1523 3455 1579 ecclesiis
3491 1535 3668 1588 sepa-

2059 1631 2260 1675 rarent.
2312 1619 2378 1677 In
2415 1620 2497 1675 his
2547 1637 2665 1674 vero
2715 1619 3104 1688 dispensatione
3142 1617 3241 1680 uti,
3280 1613 3564 1683 optimum
3598 1625 3669 1661 ac

2056 1714 2283 1780 prudens
2318 1722 2395 1766 est
2434 1711 2754 1776 consilium;
2782 1710 2829 1764 si
2863 1711 3004 1763 enim
3041 1708 3230 1762 viveret
3263 1719 3402 1758 nunc
3427 1741 3445 1766 ,
3481 1709 3540 1755 et
3569 1698 3670 1751 de-

2061 1802 2239 1871 fensor
2268 1810 2402 1856 esset
2447 1800 2893 1871 btasphentiarum
2931 1797 3169 1852 Nestorii
3191 1833 3208 1859 ,
3239 1811 3331 1849 seu
3366 1791 3527 1846 tueri
3560 1804 3666 1844 suo

1991 1903 2032 1958 Β
2061 1894 2357 1962 patrocinio
2384 1892 2533 1946 vellet
2561 1908 2644 1956 ea,
2676 1907 2791 1961 qua:
2820 1891 2928 1956 ipse
2945 1890 3252 1958 scripserat,
3271 1886 3458 1955 utique
3481 1883 3670 1936 etiam

2063 1986 2114 2039 in
2147 1985 2364 2053 propria
2397 1999 2621 2051 persona
2651 1983 2982 2036 anathemate
3006 1982 3254 2050 feriretur
3281 1994 3298 2032 :
3331 1985 3384 2030 at
3409 1989 3550 2028 cum
3590 1969 3666 2024 ad

2064 2077 2232 2130 Deum
2286 2077 2614 2146 migrat-erit,
2661 2084 2746 2129 sat
2787 2083 2900 2138 est,
2951 2082 3108 2142 prout
3140 2088 3230 2141 ego
3262 2085 3452 2124 censeo
3478 2105 3496 2129 ,
3536 2077 3667 2134 qua

2065 2169 2298 2222 absurda
2321 2177 2370 2222 et
2400 2169 2577 2236 inepta
2611 2166 2675 2220 ab
2715 2183 2776 2221 eo
2806 2165 3107 2234 conscripta
3137 2172 3282 2225 sunt,
3307 2159 3559 2228 expungi
3591 2160 3665 2210 ab

2066 2263 2131 2315 iis
2155 2262 2244 2330 qui
2271 2270 2407 2314 recte
2437 2262 2696 2324 sentiunt,
2741 2256 2949 2321 quando
2987 2257 3101 2325 ejus
3146 2253 3270 2307 libri
3306 2259 3616 2307 occurrant
3643 2265 3664 2312 ,-

2066 2353 2287 2406 ulterius
2305 2360 2482 2404 autem
2511 2348 2778 2420 progredi,
2808 2358 2942 2404 esset
2965 2348 3120 2415 plane
3144 2346 3423 2400 turbarum
3447 2356 3663 2396 causas

2065 2445 2314 2498 excitare.
2363 2441 2524 2496 Falso
2571 2441 2756 2510 itaque
2793 2438 3138 2494 Justinianus
3177 2444 3464 2490 auctorem
3502 2445 3666 2502 sym-

2069 2536 2176 2590 boli
2226 2534 2541 2589 damnatum
2585 2548 2709 2587 esse
2752 2540 3051 2586 asseverat.
3092 2527 3384 2582 Facundus
3421 2525 3536 2580 lib.
3571 2537 3661 2586 ιιι,

2068 2641 2190 2696 cap.
2211 2625 2266 2689 Ξ,
2298 2633 2460 2692 negat
2491 2633 2679 2693 aperte
2711 2621 3015 2694 symbolum
3054 2619 3186 2674 illud
3215 2617 3383 2672 fuisse
3414 2627 3665 2684 compo-

2069 2721 2236 2775 situm
2266 2735 2297 2773 a
2337 2718 2654 2781 Theodoro,
2695 2725 2748 2772 et
2783 2714 3211 2784 conscriptorem
3244 2710 3366 2779 ejus
3408 2706 3602 2762 fuisse
3631 2718 3662 2756 a

2069 2813 2230 2868 dictis
2253 2812 2477 2883 synodis
2515 2810 2983 2865 condemnatum:
3036 2803 3222 2858 Adhuc
3269 2811 3444 2854 tamen
3500 2794 3666 2851 aliud

2072 2921 2315 2975 magnum
2357 2920 2420 2956 ac
2457 2902 2651 2971 duplex
2689 2917 2870 2954 eorum
2904 2897 3234 2953 mendacium
3269 2893 3610 2963 publicanus
3641 2903 3661 2940 :

2069 2995 2206 3064 quod
2231 2992 2654 3047 Chalcedonense
2680 2989 2986 3050 concilium,
3014 3003 3118 3039 non
3143 2983 3391 3052 Ephesini
3410 2990 3662 3041 tantum,

2071 3101 2249 3138 rerum
2297 3084 2455 3137 etiam
2515 3083 2678 3150 ipsius
2743 3075 3182 3134 Chalcedonensis
3221 3072 3424 3142 judicio
3485 3067 3664 3132 videri

2075 3173 2306 3228 notabile
2335 3171 2611 3226 voluerunt
2641 3169 2870 3225 dicentes
2899 3185 2918 3222 :
2957 3165 3217 3222 Theodori
3247 3161 3558 3232 symbolum
3607 3165 3662 3210 et

2075 3266 2128 3318 in
2160 3263 2366 3332 Epheso
2400 3262 2494 3317 sub
2523 3271 2706 3316 sancto
2738 3258 2940 3328 Cyrillo
2969 3257 3198 3328 synodus
3221 3297 3236 3321 ,
3275 3254 3399 3307 etin
3427 3250 3665 3306 Chalce-

2074 3357 2206 3411 done
2239 3356 2712 3410 condemnaverunt
2731 3395 2745 3419 ,
2775 3362 2930 3420 atque
2951 3347 3274 3403 anathemati
3298 3343 3662 3400 subdiderunt

2073 3465 2192 3502 cum
2217 3448 2572 3516 conscriptore
2601 3445 2752 3514 ejus;
2785 3459 2903 3497 cum
2949 3443 3004 3495 in
3047 3439 3308 3509 Ephesina
3334 3435 3546 3505 synodo
3576 3449 3662 3486 re-

2075 3541 2282 3609 feratur
2311 3539 2527 3606 quidam
2562 3537 2770 3590 nomine
2813 3533 3088 3589 Charisius
3123 3529 3408 3600 presbyter,
3431 3534 3485 3580 et
3517 3541 3660 3581 iraa»-

2076 3649 2260 3686 nomus
2291 3629 2697 3698 Philadelphia,
2732 3628 2904 3681 nescio
2925 3641 3054 3694 quos
3085 3623 3373 3676 Antonium
3406 3627 3456 3672 et
3482 3617 3658 3670 Jaco-

2078 3722 2198 3775 bum
2230 3721 2561 3790 presbyteros
2594 3733 2875 3772 accusasse
2903 3715 2968 3768 de
3009 3714 3261 3767 societate
3289 3707 3530 3762 Nestorii
3558 3746 3573 3768 ,
3606 3712 3659 3757 et

2077 3813 2316 3866 docuisse
2355 3809 2491 3880 quod
2539 3826 2643 3863 non
2683 3807 2936 3862 Ecclesia:
2973 3802 3269 3874 symbolum
3291 3841 3306 3863 ,
3343 3801 3432 3854 sed
3462 3797 3622 3852 aliud
3643 3833 3659 3856 ,

2078 3905 2337 3958 conversis
2368 3903 2410 3956 Τ
2413 3899 2941 3956 essarescwdecatitis
2963 3895 3244 3956 haereticis,
3277 3893 3368 3961 qui
3395 3907 3505 3944 non
3538 3901 3662 3942 cum

2081 3993 2361 4055 Ecclesia,
2399 3991 2489 4045 sed
2542 3988 2942 4060 quartadecima
2990 3987 3118 4039 luna
3160 3982 3370 4036 Pascha
3422 3979 3660 4032 celebra-

2080 4087 2244 4147 bant,
2294 4082 2670 4145 tradiderunt;
2726 4095 2819 4133 nec
2870 4077 2943 4131 ibi
3003 4076 3249 4138 dicatur,
3300 4070 3376 4124 uel
3428 4069 3494 4122 ab
3543 4069 3667 4132 ipso

2083 4173 2351 4236 Charisio,
2387 4173 2463 4226 rel
2495 4189 2527 4224 a
2555 4185 2820 4240 quoquam
2841 4208 2857 4231 ,
2891 4167 3023 4221 illud
3056 4163 3350 4233 symbolum
3398 4157 3662 4213 Theodori

2082 4267 2266 4335 fuisse.
2314 4265 2510 4318 Beatus
2547 4262 2784 4331 Cyrillus
2813 4259 3044 4314 scribens
3083 4253 3442 4309 Orientalibus
3476 4250 3610 4304 dicit
3641 4263 3660 4299 :

2084 4357 2308 4411 Prolata
2333 4367 2407 4410 est
2441 4356 2496 4409 iu
2524 4364 2713 4408 sancta
2742 4350 2943 4420 synodo
2975 4346 3242 4416 Ephesina
3278 4343 3542 4412 deﬁnitio,
3579 4357 3661 4394 re-

2084 4449 2182 4503 luti
2212 4465 2246 4501 a
2289 4447 2559 4501 Theodoro
2586 4444 2845 4513 deposita,
2891 4440 3050 4496 sicuti
3082 4439 3352 4506 offerentes
3390 4431 3658 4487 dicebant.

2087 4538 2199 4592 Nec
2227 4538 2468 4607 affirmat
2497 4553 2616 4591 eam
2650 4533 2908 4589 Theodori
2933 4532 3119 4600 fuisse,
3144 4544 3320 4584 verum
3352 4541 3512 4594 neque
3540 4537 3662 4577 cum

2083 4631 2195 4699 ejus
2227 4631 2602 4695 conscriptore,
2639 4635 2697 4679 ut
2732 4625 2825 4679 isti
2849 4623 3150 4692 confingunt
3175 4619 3332 4687 refert
3363 4631 3474 4671 esse
3506 4613 3660 4666 dam-

2085 4731 2291 4783 natam,
2317 4721 2442 4790 quia
2468 4731 2518 4772 et
2543 4733 2635 4771 nec
2649 4718 2796 4786 juste
2826 4717 2996 4784 ﬁeret.
3028 4733 3048 4765 ι
3079 4711 3188 4766 Lex
3223 4709 3363 4764 enim
3396 4715 3604 4763 nostra,
3633 4717 3653 4751 ι

2085 4811 2223 4863 sicut
2260 4811 2314 4861 in
2342 4807 2626 4876 Evangelia
2657 4805 2910 4872 scriptum
2941 4812 3043 4866 est,
3079 4821 3097 4852 ι
3129 4817 3231 4853 non
3251 4797 3459 4867 judicat
3488 4791 3660 4846 Itami-

2088 4916 2225 4963 nem,
2266 4900 2371 4952 nisi
2413 4899 2642 4951 audierit
2683 4896 2748 4948 ab
2792 4912 2852 4949 eo
2880 4896 3026 4964 prius
3051 4932 3068 4954 ,
3100 4901 3150 4946 et
3197 4887 3490 4958 cognouerit
3532 4879 3659 4954 quid

2090 4991 2256 5058 faciat
2289 4993 2329 5044 ⁸.
2369 5008 2388 5038 ι
2427 4986 2655 5042 Falsum
2679 5003 2801 5058 ergo
2827 4995 2903 5039 est
2923 5026 2938 5050 ,
2969 4994 3018 5039 et
3051 4981 3187 5054 qucd
3227 4979 3362 5032 dixit
3405 4975 3544 5045 apud
3575 4989 3661 5042 sy-

2091 5081 2285 5135 nodum
2318 5079 2636 5149 Ephesinam
2656 5076 2914 5131 Theodori
2945 5072 3237 5145 symbolum
3266 5086 3383 5122 cum
3410 5083 3504 5120 suo
3527 5062 3660 5119 scri-

2087 5182 2237 5238 ptore
2287 5171 2624 5223 damnatum.
2675 5167 2742 5222 In
2793 5165 3119 5222 Chalcedone
3174 5162 3334 5217 etiam
3382 5175 3485 5212 non
3531 5152 3660 5210 alibi

2091 5263 2287 5316 mentio
2315 5259 2574 5316 Theodori
2597 5259 2742 5328 facta
2764 5268 2862 5321 est,
2896 5258 2999 5311 nisi
3039 5255 3127 5309 ubi
3166 5268 3242 5308 ea:-
3274 5249 3496 5321 epistola
3520 5261 3660 5301 uene-

2091 5355 2276 5408 rabilis
2321 5352 2432 5408 Ibw
2469 5352 2748 5406 recitatum
2789 5361 2865 5404 est
2917 5366 3105 5404 nomen
3147 5347 3285 5416 ejus.
3331 5344 3659 5414 Cognoscant

2091 5448 2268 5516 itaque
2289 5463 2344 5499 se
2366 5445 2496 5499 nihil
2518 5446 2628 5500 suis
2653 5441 3074 5512 subreptiouibus
3116 5439 3400 5508 profecisse
3425 5474 3439 5499 ,
3473 5433 3657 5505 quibus

2092 5540 2326 5592 obtinere
2378 5539 2554 5591 conati
2610 5543 2773 5598 sunt,
2828 5545 2886 5588 ut
2943 5528 3381 5588 Chalcedonensis
3431 5522 3661 5594 synodus

2094 5629 2194 5684 sibi
2244 5630 2521 5704 contraria
2567 5628 2848 5690 rideretur,
2903 5626 3202 5696 approbans
3243 5619 3522 5692 epistolam
3547 5615 3662 5668 lau-

2093 5723 2306 5777 dantem
2334 5720 2658 5776 Theodorum
2683 5761 2698 5786 ,
2735 5735 2885 5790 quem
2923 5736 3042 5772 cum
3070 5715 3306 5788 symbolo
3333 5707 3659 5766 damnaverit

2096 5831 2210 5871 sua.
2251 5813 2391 5886 ιιι-ευ
2423 5816 2588 5868 etiam
2620 5811 2865 5882 ejusdem
2895 5810 3019 5866 libri
3048 5807 3346 5880 capitulum
3368 5803 3658 5876 quintum.

1998 3242 2040 3298 (Σ

2014 4581 2056 4634 D
