3994 6508
192 405 249 462 se
1324 407 1647 463 DlATRlBA
1688 406 1775 463 DE
1810 406 2220 464 THEODORIS.

3345 403 3419 463 90

193 524 271 579 ubi
304 521 567 591 probatur
602 521 947 578 adversatum
997 523 1172 579 fuisse
1200 524 1475 586 Sabellio.
1520 540 1585 580 ac
1636 533 1748 578 tres
1777 530 1823 585 Α
1847 522 2126 594 genitores
2157 519 2644 590 Eutychianorum,
2687 517 2835 590 quod
2868 518 3011 576 idem
3044 516 3141 575 isti
3183 516 3425 573 affirma-

191 613 239 667 in
261 610 527 666 Trinitate
550 626 813 681 personas
831 613 1141 683 agnovisse,
1165 625 1217 670 ct
1246 617 1555 686 symbolum
1578 614 1746 677 istud,

194 707 239 758 in
281 717 387 771 quo
438 709 694 772 negatam
752 704 1043 774 perhibent
1084 705 1448 769 Trinitatem,
1502 707 1749 775 priorum

193 792 489 849 testimonio
533 807 643 847 non
704 808 828 848 esse
857 792 1166 859 Theodori,
1228 811 1330 850 nec
1379 812 1581 865 negare
1629 810 1757 851 eam

191 883 443 955 potuisse,
474 898 637 952 quem
670 884 861 938 beatus
886 884 1122 954 Cyrillus
1152 886 1398 941 adversus
1424 888 1752 941 Arianorum

190 984 235 1029 et
272 973 729 1027 Eunomianorum
771 976 1029 1041 hwreses,
1063 977 1257 1047 viginti
1300 976 1441 1032 forte
1480 986 1535 1033 et
1572 977 1753 1032 adhuc

191 1067 413 1136 amplius
451 1066 623 1122 libros
646 1107 661 1133 ,
690 1075 745 1122 et
774 1067 879 1120 alia
917 1067 1081 1122 tradit
1117 1069 1537 1138 conscripsisse.
1582 1068 1755 1135 Quid-

190 1158 313 1229 quid
343 1168 519 1211 tamen
550 1158 663 1223 sit,
689 1158 795 1213 hoc
827 1159 1139 1230 symbolum
1172 1162 1461 1215 recitatum
1502 1169 1588 1217 est
1615 1164 1672 1216 in
1708 1160 1751 1215 Υ

191 1248 393 1320 synodo
425 1249 702 1319 generali,
756 1264 975 1318 unaque
1012 1265 1137 1305 cum
1182 1252 1330 1308 illius
1358 1262 1581 1307 auctore
1620 1268 1755 1308 con-

191 1339 518 1402 damnatum,
550 1341 735 1395 collat.
765 1341 819 1397 4.
865 1340 937 1394 Et
976 1352 1254 1411 postquam
1293 1342 1441 1397 lecta:
1465 1353 1589 1396 sunt
1639 1344 1757 1397 bla-

189 1430 429 1499 sphemia:
461 1430 785 1486 TheodoriM
796 1434 1111 1501 opsuesteni,
1129 1442 1181 1487 et
1204 1435 1422 1502 impium
1452 1434 1565 1504 ejus
1596 1451 1757 1504 sgm-

192 1521 361 1575 bolum
384 1560 401 1587 ,
434 1532 623 1576 sancta
657 1522 886 1593 synodus
925 1525 1238 1579 exclamauit
1264 1540 1284 1579 :
1319 1524 1434 1580 Hoc
1459 1527 1757 1596 symbolum

190 1613 420 1669 Satanas
450 1618 757 1683 composuit.
789 1616 1085 1671 Anathema
1120 1620 1186 1680 ei,
1216 1619 1308 1687 qui
1344 1616 1440 1671 hoc
1460 1617 1758 1687 symbolum

190 1708 500 1775 composuit.
541 1706 661 1763 Hoc
696 1708 991 1779 symbolum
1030 1706 1295 1777 Ephesina
1322 1708 1497 1776 prima
1529 1710 1759 1779 synodus

189 1815 288 1852 una
328 1814 452 1852 cum
490 1808 704 1854 auctore
739 1802 851 1868 ejus
890 1799 1380 1854 anathematizauit.
1425 1797 1601 1853 Unum
1638 1808 1761 1853 tau-

1850 624 1993 677 rent,
2028 612 2162 668 dicti
2192 622 2341 666 sunt.
2390 609 2681 665 Facundus
2708 610 2805 665 lib.
2826 625 2947 675 vnt,
2978 624 3101 679 cap.
3127 608 3164 664 4
3187 626 3201 662 :
3224 608 3426 678 Agebat

1850 706 1988 759 enim
2026 703 2328 758 Theodorus
2354 702 2654 773 frequenter
2697 710 2807 755 tam
2837 701 2986 756 libris
3020 717 3181 772 quam
3226 715 3428 754 sermo-

1852 796 2005 851 nibus
2051 796 2109 850 in
2166 795 2418 864 populum
2459 792 2661 847 Contra
2707 793 3096 865 Synusiastas,
3129 795 3233 847 sive
3261 802 3321 846 ut
3358 791 3425 845 ab

1853 887 2089 941 auctoris
2115 886 2199 939 sui
2235 883 2445 938 nomine
2467 892 2589 936 sunt
2614 883 2808 948 vocati,
2836 882 3279 951 Apollinaristas,
3300 896 3427 951 pro-

1853 979 2114 1049 genitores
2147 975 2494 1045 Eutychiante
2519 973 2821 1039 dementire,
2848 973 2940 1043 qui
2973 972 3294 1040 temporibus
3310 971 3426 1039 ejus

1853 1070 2027 1125 exorti
2058 1083 2223 1121 unam
2267 1066 2471 1121 Christi
2506 1064 2750 1120 dicebant
2780 1080 2894 1119 esse
2921 1074 3204 1129 naturam;
3237 1061 3427 1134 quibus

1854 1158 2232 1230 repugnans,si
2260 1157 2399 1225 forte
2431 1172 2522 1226 per
2545 1158 2835 1210 humanam
2872 1154 3222 1225 fragilitatem
3247 1156 3427 1223 lapsus

1854 1252 2116 1307 invenitur
2142 1250 2195 1303 in
2224 1248 2395 1314 uerbo,
2429 1247 2557 1319 quid
2586 1249 2808 1317 impium
2840 1245 3075 1316 synodus
3102 1246 3248 1315 fecit,
3289 1244 3431 1314 quod

1854 1359 1974 1397 eum
2013 1341 2177 1395 tantis
2216 1338 2591 1393 attestantibus
2632 1336 2860 1392 credidit
2887 1337 2943 1389 in
2972 1351 3132 1390 sensu
3173 1335 3433 1388 mansisse

1856 1434 2119 1490 catholico
2141 1434 2165 1488 .9
2193 1429 2285 1485 Sic
2307 1431 2400 1500 qui
2426 1436 2618 1484 contra
2642 1427 3068 1498 Apollinaristas
3090 1424 3433 1485 scribebant,

1858 1526 2000 1581 κατὰ
2031 1521 2433 1578 συνουσιαστῶν
2462 1520 2706 1575 scribere
2735 1518 3078 1574 dicebantur.
3100 1515 3192 1571 Sic
3210 1514 3437 1570 Diodori

1858 1616 2149 1674 Tarsensis
2208 1612 2366 1668 Κατὰ
2422 1608 2819 1665 συνουσιαστῶν
2862 1623 2894 1662 a
2939 1606 3169 1663 Leontio
3216 1607 3314 1661 lib.
3349 1622 3436 1671 tn,

1860 1709 2114 1765 laudatur
2136 1749 2149 1772 ,
2175 1716 2230 1762 et
2257 1704 2448 1776 Cyrilli
2476 1700 2829 1757 Alexandrini
2857 1707 2912 1754 et
2936 1697 3211 1755 Theodori
3234 1698 3437 1752 Antio-

1861 1800 2022 1857 cheui
2061 1798 2254 1856 eodem
2310 1796 2472 1851 titulo
2512 1794 2581 1849 ab
2634 1792 2927 1847 Anastasio
2972 1790 3029 1844 in
3077 1791 3263 1860 ecloge
3301 1788 3440 1859 χρή-

191 1891 459 1947 tummodo
483 1893 606 1961 ﬁdei
634 1890 926 1961 symbolum
950 1890 1166 1954 scimus,
1196 1889 1334 1959 quod
1361 1887 1568 1944 Νίσαυηί
1587 1889 1761 1943 sancti
1792 1887 1833 1941 Β
1864 1909 2001 1947 σεων
2034 1906 2156 1961 cap.
2185 1890 2220 1944 5
2251 1888 2351 1959 (α).
2400 1885 2657 1953 Quaedam
2691 1899 2761 1939 ex
2808 1884 2912 1939 hoc
2939 1897 3106 1953 opere
3132 1882 3439 1936 recitantur

189 1981 378 2039 Patres
421 1992 771 2053 exposuerunt
807 1991 855 2037 et
881 1981 1237 2035 tradiderunt.

255 2072 496 2143 Scripsit
538 2082 800 2143 praetcrea
844 2082 1033 2128 contra
1078 2071 1479 2140 Apollinarem,
1511 2070 1760 2141 illiusque

190 2168 407 2221 hereses
428 2206 445 2230 ,
484 2168 669 2236 plures
692 2165 863 2219 libros
888 2204 903 2229 ,
945 2179 1084 2234 quos
1108 2202 1126 2229 ,
1153 2164 1248 2233 qui
1278 2162 1552 2218 Theodori
1584 2162 1762 2217 laudi-

191 2258 284 2313 bus
340 2258 550 2318 favent,
603 2270 947 2324 summopere
1004 2255 1321 2325 praedicant.
1384 2252 1760 2309 Theodoretus

190 2349 275 2402 lib.
329 2364 366 2403 ν
414 2346 619 2401 llistor.
679 2360 800 2415 cap.
844 2345 1075 2400 ultimo:
1136 2344 1270 2397 Κατ’
1314 2346 1520 2399 ἐκεῖνον
1563 2344 1622 2397 δὲ
1666 2344 1762 2397 τὸν

190 2437 380 2505 χρόνον
403 2475 418 2499 ,
474 2435 596 2487 καθ’
639 2434 696 2487 ὃν
741 2437 769 2487 ὁ
814 2433 954 2496 θεῖος
1003 2432 1258 2495 Θεόδοτος
1300 2433 1400 2502 τὴν
1442 2433 1760 2502 Ἀντιοχέων

191 2528 368 2581 ἴθυνεν
411 2526 757 2595 Ἐκκλησίαν,
790 2524 1065 2594 Θεόδωρος
1090 2525 1119 2577 ὁ
1143 2522 1512 2592 Μοψουεστίας
1533 2523 1759 2576 ἐπίσκο-

188 2637 279 2682 πος
312 2618 500 2688 πάσης
529 2617 628 2687 μὲν
670 2615 994 2685 Ἐκκλησίας
1030 2614 1345 2677 διδάσκαλος
1364 2655 1381 2680 ,
1415 2615 1557 2668 κατὰ
1582 2615 1762 2685 πάσης

189 2708 242 2761 δὲ
264 2707 551 2776 φάλαγγος
582 2706 862 2777 αἱρετικῆς
887 2706 1235 2775 ἀριστεύσας,
1260 2704 1355 2758 τοῦ
1385 2704 1501 2774 βίου
1521 2704 1582 2757 τὸ
1608 2704 1764 2767 τέλος

189 2799 425 2863 ἐδέξατο.
476 2792 646 2861 Οὗτος
670 2798 768 2867 τῆς
797 2798 895 2867 μὲν
923 2795 1189 2867 Διοδώρου
1214 2796 1306 2849 τοῦ
1341 2796 1483 2849 πάνυ
1512 2794 1765 2849 διδασκα-

189 2891 302 2955 λίας
345 2890 681 2961 ἀπήλαυσεν,
732 2890 977 2943 Ἰωάννου
1014 2890 1072 2943 δὲ
1098 2888 1193 2943 τοῦ
1223 2889 1500 2942 θειοτάτου
1532 2887 1764 2958 γεγένη-

187 3000 272 3034 ται
299 2982 564 3043 κοινωνός
591 2998 650 3032 τε
680 2980 772 3033 καὶ
803 2978 1061 3048 συνεργός
1091 2994 1103 3007 ·
1134 2980 1288 3048 κοινῇ
1317 2978 1426 3048 γὰρ
1461 2977 1571 3030 τῶν
1599 2991 1765 3028 πνευ-

193 3073 437 3143 ματικῶν
489 3071 755 3142 Διοδώρου
804 3070 1061 3140 ναμάτων
1106 3068 1408 3139 ἀπήλαυον.
1440 3067 1536 3133 ’Ἐξ
1575 3066 1633 3120 δὲ
1671 3066 1767 3118 καὶ

191 3164 493 3233 τριάκοντα
522 3165 579 3214 ὲν
610 3165 677 3233 τῇ
711 3160 969 3231 προεδρίᾳ
995 3159 1293 3213 διετέλεσεν
1317 3159 1409 3230 ἐτη
1431 3196 1446 3222 ,
1484 3158 1625 3212 κατὰ
1662 3154 1764 3226 τῆς

1864 1985 1921 2039 in
1954 1983 1994 2038 V
2035 1982 2279 2053 synodo,
2329 1994 2451 2050 qua:
2489 1977 2749 2032 dicuntur
2796 1976 3076 2047 proposita
3109 1981 3163 2029 et
3199 1972 3438 2030 refutata

1864 2073 2034 2130 fuisse
2062 2087 2095 2125 a
2126 2072 2286 2127 beato
2310 2069 2511 2141 Cyrillo
2534 2068 2718 2123 collat.
2752 2067 2808 2122 Δ.

1934 2166 2197 2219 Adversus
2227 2163 2552 2216 Arianorum
2597 2170 2647 2215 et
2691 2158 3150 2213 Eunomianorum
3181 2154 3435 2214 haereses.

1866 2256 2058 2326 viginti
2088 2255 2229 2310 forte
2259 2261 2315 2309 et
2343 2253 2523 2309 adhuc
2547 2252 2781 2322 amplius
2817 2250 3007 2316 libros,
3032 2260 3086 2304 et
3114 2246 3219 2301 alia
3246 2254 3442 2316 praeter

1867 2348 1982 2404 haec
2038 2346 2350 2418 evangelica
2400 2353 2454 2401 et
2498 2343 2800 2415 apostolica
2860 2340 3007 2395 dicta
3055 2340 3443 2409 interpretatus

1866 2452 1981 2511 est,
2010 2443 2079 2499 de
2108 2444 2309 2514 quibus
2356 2441 2673 2515 S.Cyrillus
2722 2440 2889 2497 refert
2936 2437 3079 2510 apud
3124 2436 3443 2492 Facundum

1868 2536 1963 2591 lib.
2004 2549 2086 2599 11:,
2118 2549 2240 2605 cap.
2281 2534 2316 2588 '5
2339 2547 2353 2585 :
2377 2533 2445 2586 Et
2472 2535 2564 2587 hos
2599 2531 2805 2604 quidem
2839 2529 3042 2584 labores
3083 2526 3259 2580 nullus
3282 2542 3447 2579 ausus

1867 2637 1945 2683 est
1979 2629 2253 2696 increpare
2278 2665 2292 2691 ,
2335 2623 2425 2679 sed
2454 2625 2638 2681 dextro
2668 2625 2872 2679 decreto
2915 2622 3176 2675 honorare
3204 2618 3445 2673 studium

1869 2726 2129 2772 rectorum
2168 2715 2473 2786 dogmatum
2503 2755 2519 2781 ,
2571 2714 2709 2785 quod
2755 2715 2810 2767 in
2856 2714 2932 2770 eis
2980 2724 3091 2778 est;
3126 2729 3247 2784 qua:
3279 2712 3443 2767 etiam

1871 2809 2178 2863 recitantur
2209 2808 2263 2862 in
2300 2807 2344 2860 V
2378 2807 2612 2878 synodo,
2649 2814 2813 2876 atque
2846 2808 2899 2860 in
2935 2807 3020 2862 his
3064 2806 3153 2860 illa
3189 2819 3307 2874 quae
3349 2801 3448 2855 Fa-

1870 2899 2084 2953 cundus
2115 2905 2535 2961 commemorat,
2569 2898 2673 2951 hoc
2706 2897 2864 2951 titulo
2897 2914 2911 2951 :
2946 2895 3029 2950 Ea:
3058 2894 3286 2949 secundo
3312 2892 3448 2946 libro

1870 2984 2062 3054 Cyrilli
2116 2984 2344 3053 episcopi
2384 2982 2728 3037 Alexandria:
2789 2982 2852 3036 de
2891 2999 2950 3036 eo
3002 2981 3140 3052 quod
3189 2996 3325 3033 unus
3370 2986 3448 3031 est

1872 3074 2116 3131 Christus
2152 3085 2338 3129 contra
2374 3072 2726 3129 Theodorum.
2788 3072 2892 3128 Sed
2929 3075 3087 3142 longe
3118 3071 3332 3127 diversa
3364 3077 3450 3124 est

1873 3168 2034 3223 lectio
2092 3166 2318 3238 synodi,
2377 3180 2484 3235 qua
2534 3163 2852 3220 Theodorus
2902 3163 3307 3235 perstringitur,
3341 3176 3450 3214 non

202 3253 409 3323 Ἀρείου
476 3252 570 3305 καὶ
612 3250 879 3319 Εὑνομίου
938 3249 1416 3320 παραταττόμενος
1468 3248 1766 3318 φάλαγγος,

1874 3261 2146 3316 laudatur.
2207 3257 2300 3314 Sic
2350 3259 2495 3315 enim
2555 3260 2765 3315 habet:
2829 3259 2975 3325 Quos
3027 3257 3236 3327 quidem
3286 3253 3451 3309 libros

191 3344 281 3397 καὶ
328 3344 426 3395 τὸν
478 3342 769 3415 λῃστρικὸν
824 3342 1229 3411 Ἀπολλιναρίου
1264 3340 1768 3409 καταγωνιζόμενος

192 3436 365 3505 λόχον,
392 3437 487 3489 καὶ
514 3437 615 3504 τὴν
658 3435 889 3505 ἀρίστην
928 3434 1064 3487 πόαν
1102 3436 1216 3495 τοῖς
1272 3433 1434 3495 θείοις
1476 3432 1770 3503 προϐάτοις

196 3527 526 3597 προσφέρων
552 3543 565 3555 ·
610 3524 716 3577 Per
747 3524 799 3576 id
832 3534 1034 3591 tempus
1055 3563 1069 3584 ,
1098 3539 1199 3592 quo
1230 3523 1437 3575 divinus
1475 3522 1770 3575 Theodotus

192 3618 573 3670 Antiochenam
602 3617 811 3683 regebat
837 3612 1151 3676 Ecclesium,
1175 3612 1477 3665 Theodorus
1500 3612 1769 3679 episcopus

193 3708 571 3777 Mopsuestiw,
618 3707 705 3775 qui
735 3715 901 3759 totam
948 3703 1148 3759 Christi
1210 3701 1501 3755 Ecclesium
1547 3717 1646 3756 sua
1681 3700 1771 3755 do-

195 3803 373 3855 ctrina
402 3800 696 3862 erudicrat,
750 3808 799 3852 et
844 3808 1032 3850 contra
1082 3796 1354 3849 universas
1405 3794 1771 3847 hwreticorum

191 3894 479 3961 phalanges
501 3892 778 3946 victoriam
810 3898 1194 3957 reportaverat,
1230 3898 1453 3942 mortem
1479 3886 1631 3940 obiit.
1663 3884 1775 3938 Iste

193 3996 239 4039 et
284 3984 518 4039 Diodori
571 3984 669 4038 viri
714 3981 1168 4044 excellentissimi,
1213 3981 1471 4035 doctrina:
1503 3980 1773 4047 particeps

195 4080 371 4147 {actus
404 4087 507 4138 est,
537 4085 587 4130 et
609 4074 937 4129 sanctissimi
962 4072 1191 4127 Joannis
1220 4073 1395 4126 socius
1417 4081 1468 4125 et
1505 4070 1722 4133 adiutor
1754 4086 1772 4123 :

192 4169 385 4222 etenim
414 4166 570 4219 ambo
613 4164 938 4231 conjunctim
970 4162 1244 4230 sapientia:
1274 4169 1533 4229 prazcepta
1568 4174 1634 4212 ea:
1663 4159 1774 4226 spi-

195 4259 449 4312 ritalibus
506 4255 729 4309 Diodori
781 4253 992 4321 ﬂuentis
1039 4255 1352 4307 hauserunt.
1396 4250 1638 4321 Triginta
1685 4263 1778 4302 sea:

194 4350 352 4402 annis
387 4346 739 4415 prwsulatum
769 4346 929 4415 gessit
964 4343 1308 4405 Theodorus;
1352 4358 1514 4411 neque
1543 4356 1777 4411 unquam

1870 3353 2033 3406 nollet
2067 3352 2263 3422 aliquis
2303 3352 2609 3420 increpare,
2640 3352 2807 3421 magis
2850 3359 3026 3403 autem
3056 3349 3374 3408 honoraret,
3405 3345 3455 3397 si

1869 3446 2063 3500 inesset
2101 3446 2175 3499 eis
2205 3444 2512 3515 dogmatum
2538 3442 2817 3498 rectitude.
2844 3440 3077 3495 Laudari
3111 3440 3185 3493 ait
3211 3437 3455 3507 potuisse

1874 3538 2045 3591 libros
2075 3536 2372 3601 Theodori,
2404 3536 2450 3592 si
2481 3535 2616 3590 nihil
2640 3534 2793 3605 pravi
2827 3533 3086 3587 docerent
3115 3548 3127 3585 :
3159 3544 3286 3583 mox
3324 3542 3459 3583 vero

1874 3630 2122 3700 quaedam
2149 3630 2203 3683 in
2237 3629 2346 3683 illis
2377 3630 2541 3699 impia
2572 3628 2753 3683 inesse
2779 3625 3207 3681 demonstratur.

1944 3721 2075 3775 Item
2102 3720 2352 3774 adversus
2384 3718 2702 3773 Eunomium
2746 3734 2841 3785 pro
2878 3716 3000 3771 diro
3049 3712 3253 3768 Basilio
3287 3709 3458 3764 libros

1874 3812 2061 3881 viginti
2084 3812 2347 3881 quinque.
2374 3810 2527 3882 Legit
2552 3809 2780 3864 Photius
2803 3809 2857 3862 in
2884 3806 3209 3862 Bibliotheca
3233 3803 3354 3857 cod.
3380 3801 3413 3854 ὁ
3438 3819 3456 3855 :

1887 3902 2227 3973 Ἀνεγνὼσθη
2258 3900 2535 3973 Θεοδώρου
2579 3899 2896 3969 Ἀντιοχέως
2932 3896 3085 3965 ὑπὲρ
3133 3892 3459 3948 Βασιλείου

1876 3996 2004 4049 κατ’
2050 3995 2349 4063 Εὐνομίου
2394 3993 2453 4044 ὲν
2509 3991 2690 4059 λόγοις
2750 3996 2887 4043 κε’.’
2916 3989 3071 4040 Ἔστι
3113 3984 3168 4036 δὲ
3210 3984 3311 4050 τὴν
3359 3980 3461 4052 μὲν

1879 4086 2077 4157 φράσιν
2113 4085 2174 4138 οὐ
2208 4085 2348 4138 πάνυ
2378 4082 2651 4154 λαμπρὸς,
2682 4084 2803 4143 ταῖς
2840 4078 2896 4132 δὲ
2935 4075 3195 4137 διανοίαις
3226 4072 3320 4127 καὶ
3346 4073 3459 4133 τοῖς

1875 4176 2399 4248 ἐπιχειρήμασι).ίαν
2419 4175 2640 4238 πυκνὸς,
2665 4174 2760 4227 καὶ
2776 4175 2897 4235 ταῖς
2927 4170 3225 4240 γραφικαῖς
3260 4164 3460 4235 ἄριστα

1879 4268 2125 4322 πλουτῶν
2171 4267 2500 4338 μαρτυρίαις
2532 4283 2546 4299 ο
2586 4266 2728 4318 κατὰ
2756 4262 2903 4327 λέξιν
2925 4261 2979 4313 δὲ
3002 4258 3189 4330 σχεδὸν
3212 4255 3318 4308 τῶν
3352 4253 3460 4307 Εὐ-

1880 4360 2068 4429 νομίου
2120 4360 2294 4427 λόγων
2339 4358 2437 4429 τὴν
2484 4353 2794 4426 ἁνασκευὴν
2845 4354 3119 4415 ποιεῖται,
3158 4345 3344 4418 ἀμαθῆ
3401 4360 3463 4397 τε

195 4442 423 4495 cessavit
458 4448 567 4491 tum
593 4448 781 4492 contra
810 4438 1069 4489 Arianam
1091 4445 1140 4488 et
1166 4434 1559 4487 Eunomianam
1581 4443 1771 4486 sectam

1881 4450 2001 4503 λίαν
2034 4448 2142 4502 τῶν
2169 4467 2228 4502 τε
2254 4448 2491 4521 θύραθεν
2528 4446 2889 4517 μαθημάτων,
2921 4441 3016 4496 καὶ
3051 4438 3231 4507 πολλῷ
3264 4433 3463 4507 μᾶλλον

191 4534 337 4587 telut
374 4536 430 4585 in
469 4532 581 4585 acie
618 4530 894 4590 dimicare,
940 4536 1049 4580 tum
1085 4525 1474 4580 clandestinum
1504 4525 1778 4593 Apollina-

193 4626 273 4678 ris
334 4623 670 4689 manipulum
722 4622 1068 4691 impugnare,
1107 4629 1218 4672 tum
1269 4618 1523 4685 optimam
1568 4615 1785 4670 herbam

192 4717 403 4771 sanctis
431 4713 634 4769 Christi
664 4714 846 4767 ovibus
884 4711 1242 4779 suppeditare.
1286 4707 1531 4762 Meminit
1567 4722 1785 4776 quoque

194 4807 469 4862 Leontius
516 4805 813 4875 Byzantius
858 4803 1061 4859 Contra
1096 4800 1405 4854 Nestorium
1434 4807 1484 4852 et
1526 4797 1785 4867 Eutyche-

195 4913 324 4956 tem.
396 4898 475 4953 Ex
533 4897 696 4952 tertio
748 4904 803 4951 et
866 4902 1064 4965 quarto
1122 4893 1261 4947 libro
1308 4891 1554 4960 ejusdem
1605 4890 1788 4959 operis

194 4993 376 5045 multa
409 4991 712 5045 recitantur
746 4994 801 5043 in
832 4987 875 5042 ν
906 4987 1149 5059 synodo,
1190 4986 1336 5040 dicta
1365 4984 1548 5038 collat.
1574 4981 1790 5037 Profert

192 5083 369 5135 etiam
432 5081 694 5139 nonnulla
746 5079 1079 5142 Facundus,
1128 5077 1225 5132 lib.
1284 5092 1376 5142 ιιι,
1430 5091 1553 5145 cap.
1608 5076 1681 5137 2.
1737 5084 1792 5129 et

195 5173 294 5226 lib.
330 5189 428 5237 ix,
462 5188 580 5242 cap.
614 5173 682 5236 4,
713 5181 768 5226 et
792 5172 886 5226 lib.
914 5185 951 5225 ι
976 5210 990 5235 ,
1033 5186 1155 5241 cap.
1184 5171 1236 5224 1.
1291 5168 1374 5222 An
1415 5168 1693 5223 diversum
1723 5166 1792 5221 ab

192 5267 303 5320 hoc
330 5264 497 5319 fuerit
525 5264 673 5319 aliud
701 5279 841 5335 opus
872 5262 1123 5333 ejusdem
1156 5270 1343 5317 contra
1361 5259 1714 5328 Sgnusiastas
1742 5266 1794 5311 et

195 5359 668 5425 Apollinaristas?
718 5354 1057 5426 Synusiasta:
1106 5354 1240 5408 dicti
1274 5359 1404 5407 sunt
1450 5350 1795 5420 Apollinari-

194 5461 337 5515 διν,
370 5451 517 5520 quod
568 5450 664 5505 Dei
692 5457 748 5504 et
779 5448 1023 5504 hominis
1068 5445 1275 5501 Christi
1328 5459 1492 5499 unam
1533 5442 1794 5496 docerent

192 5558 330 5597 esse
401 5554 652 5596 naturam
715 5539 1046 5611 σύγκρατον,
1101 5537 1153 5591 id
1210 5545 1296 5591 est
1342 5532 1687 5589 commistam
1726 5540 1794 5585 'et

192 5634 598 5703 compositam,
634 5632 931 5687 humanam
961 5637 1017 5686 et
1047 5629 1289 5684 divinam
1325 5645 1339 5681 :
1377 5626 1609 5695 ideoque
1656 5638 1785 5694 pro-

269 5759 361 5829 (a)
408 5758 533 5814 item
585 5758 824 5829 Cyrillus
866 5758 1065 5829 Contra
1108 5755 1454 5829 Synusiastas
1478 5753 1633 5829 apud
1655 5769 1781 5829 _no_s
1846 5806 1849 5807 ,

197 5824 419 5901 διῆρε,
444 5839 542 5885 vet.
567 5838 611 5884 ι.
630 5824 754 5891 vn,
786 5845 877 5901 pp.
905 5828 1004 5891 to,
1040 5824 1264 5901 l5”.'27_,
1299 5825 1436 5901 eoo.
1472 5824 1580 5901 ea;
1595 5864 1616 5901 ι,
1655 5824 1777 5878 502.

198 5894 371 5966 Quod
412 5900 545 5956 idem
572 5908 655 5957 est
688 5894 847 5972 atque
878 5910 1062 5956 contra
1098 5896 1475 5967 Synchyticos.
1517 5894 1636 5949 Bib.
1663 5911 1779 5951 ttot‘.

1880 4543 1979 4612 τῆς
2004 4542 2123 4595 καθ’
2158 4544 2305 4612 ἡμᾶς
2339 4534 2627 4609 θεοσοφίας
2663 4537 2749 4591 διὰ
2800 4534 3010 4589 πολλῶν
3048 4525 3354 4589 ἐπιδεικνύς
3385 4541 3399 4555 ⁶
3434 4525 3465 4578 ὁ

1882 4637 1939 4690 δὲ
2001 4635 2374 4703 Μοψουεστίας
2425 4633 2665 4702 γεγονὼς
2729 4629 3026 4692 ἐπίσκοπος
3076 4619 3229 4686 οὗτός
3272 4622 3461 4683 ἐστιν,

1882 4723 2039 4797 οἶμαι
2065 4744 2077 4757 ·
2128 4725 2276 4779 Lecti
2310 4735 2431 4779 sunt
2475 4724 2738 4779 Theodori
2772 4718 3087 4774 Antiocheni
3131 4732 3226 4785 pro
3260 4711 3469 4766 Basilio

1884 4817 2148 4871 adversus
2200 4815 2530 4869 Eunomium
2582 4815 2702 4868 libri
2750 4811 2932 4881 viginti
2976 4810 3221 4879 quinque.
3258 4803 3354 4859 Est
3385 4803 3468 4856 illi

1883 4908 2093 4977 phrasis
2128 4924 2233 4960 non
2266 4921 2634 4976 usquequaque
2662 4904 2947 4972 conspicua
2975 4901 3254 4956 :sensibus
3291 4909 3466 4951 tamen

1885 5008 1933 5051 et
1968 4996 2290 5067 argumentis
2328 4996 2551 5048 nimium
2583 5004 2838 5066 quantum
2866 4992 3061 5046 densus
3082 5030 3097 5053 ,
3124 5005 3292 5044 sacra:
3320 4986 3469 5041 Scri-

1886 5096 2059 5157 ptura:
2105 5087 2417 5140 testimoniis
2460 5088 2661 5156 egregie
2695 5082 2955 5138 abundat.
2994 5081 3076 5136 Ad
3110 5078 3321 5135 uerbum
3360 5076 3467 5133 fere

1891 5180 2143 5234 Eunomii
2182 5181 2416 5233 rationes
2448 5177 2665 5249 refellit,
2696 5177 3001 5247 imperitum
3034 5190 3149 5228 eum
3187 5168 3338 5224 valde
3370 5182 3468 5222 ex-

1890 5281 2162 5325 ternarum
2212 5271 2658 5340 disciplinarum,
2721 5269 2986 5338 multoque
3053 5266 3220 5333 magis
3272 5268 3468 5313 nostra:

1890 5361 2165 5432 theologia:
2193 5362 2433 5430 pluribus
2470 5360 2771 5415 ostendens.
2802 5356 2906 5410 Hic
2940 5371 3059 5410 vero
3104 5351 3464 5422 Mopsuestiw,

1888 5464 1946 5505 ut
1975 5462 2122 5521 puto,
2159 5442 2431 5520 episcopus
2466 5452 2590 5521 fuit.
2628 5450 2822 5505 Libros
2850 5445 2996 5502 infra
3026 5444 3149 5500 cod.
3181 5443 3303 5506 177,
3335 5440 3468 5495 dicit

1888 5543 2059 5598 fuisse
2102 5544 2295 5613 viginti
2348 5552 2492 5599 octo.
2552 5545 2708 5596 Ἔστι
2759 5541 2857 5612 μὲν
2890 5531 3047 5600 οὗτος
3083 5537 3111 5590 ὁ
3137 5534 3408 5602 Θεόδωρος
3439 5534 3469 5585 ὁ

1895 5632 1990 5688 καὶ
2023 5637 2144 5690 κατ’
2183 5637 2447 5709 Εὑνομίου
2484 5638 2543 5689 ὲν
2586 5637 2759 5687 εἴκοσι
2812 5631 2907 5686 καὶ
2956 5627 3102 5683 ὀκτὼ
3135 5627 3315 5696 λόγοις
3360 5624 3465 5678 οὐκ

1886 5745 2004 5800 PP.
2033 5756 2073 5801 t.
2107 5747 2196 5813 ιν,
2226 5765 2280 5818 p.
2312 5747 2435 5802 “5.
2466 5745 2644 5818 Atque
2682 5738 3069 5818 huic__scilicet_
3103 5735 3289 5808 Cyrilli
3326 5732 3466 5818 scri-

1888 5825 1991 5942 pttl)1
2040 5804 2408 5942 tiestimbnium
2468 5804 2631 5871 dabat
2682 5810 2939 5884 prmdicta
2980 5804 3169 5883 quinta
3223 5804 3463 5879 synodus

1888 5902 1946 5942 ce
2000 5928 2012 5942 .
2079 5926 2093 5942 .

1887 5902 2012 5943 CUM.
2043 5902 2093 5942 4.
