  <div class='ocr_page' id='page_1' title='image "/cluster/home/n/w/nwhite01/storage/ocr_20150623/66/hvd.32044020183315/051.png"; bbox 0 0 3994 6550; ppageno 0'>
   <div class='ocr_carea' id='block_1_1' title="bbox 510 426 3753 486">
    <p class='ocr_par' dir='ltr' id='par_1_1' title="bbox 510 426 3753 486">
     <span class='ocr_line' id='line_1_1' title="bbox 510 426 3753 486; baseline 0.002 -5"><span class='ocrx_word' id='word_1_1' title='bbox 510 429 574 484; x_wconf 84' lang='lat'><strong><em>9|</em></strong></span> <span class='ocrx_word' id='word_1_2' title='bbox 1777 427 1870 480; x_wconf 79' lang='lat' dir='ltr'><strong><em>EX</em></strong></span> <span class='ocrx_word' id='word_1_3' title='bbox 1895 426 2142 483; x_wconf 76' lang='lat' dir='ltr'><strong><em>LEONIS</em></strong></span> <span class='ocrx_word' id='word_1_4' title='bbox 2181 427 2452 486; x_wconf 79' lang='lat' dir='ltr'><strong><em>ALLATII</em></strong></span> <span class='ocrx_word' id='word_1_5' title='bbox 3689 432 3753 486; x_wconf 71' lang='lat'><strong><em>9‘3</em></strong></span> 
     </span>
    </p>
   </div>
   <div class='ocr_carea' id='block_1_2' title="bbox 515 531 2109 622">
    <p class='ocr_par' dir='ltr' id='par_1_2' title="bbox 515 544 2083 616">
     <span class='ocr_line' id='line_1_2' title="bbox 515 544 2083 616; baseline -0.001 -16"><span class='ocrx_word' id='word_1_6' title='bbox 515 545 763 614; x_wconf 75' lang='grc' dir='ltr'>ἀγεννῶς</span> <span class='ocrx_word' id='word_1_7' title='bbox 815 544 1220 615; x_wconf 73' lang='grc' dir='ltr'><strong><em>ἀγωνισάμενος</em></strong></span> <span class='ocrx_word' id='word_1_8' title='bbox 1241 584 1257 609; x_wconf 89' lang='grc'>,</span> <span class='ocrx_word' id='word_1_9' title='bbox 1314 545 1408 597; x_wconf 73' lang='grc' dir='ltr'>καὶ</span> <span class='ocrx_word' id='word_1_10' title='bbox 1479 547 1579 616; x_wconf 81' lang='grc' dir='ltr'>τὴν</span> <span class='ocrx_word' id='word_1_11' title='bbox 1640 545 1919 599; x_wconf 79' lang='grc' dir='ltr'>Βασιλείου</span> <span class='ocrx_word' id='word_1_12' title='bbox 1990 547 2083 599; x_wconf 80' lang='grc' dir='ltr'><strong><em>τοῦ</em></strong></span> 
     </span>
    </p>
   </div>
   <div class='ocr_carea' id='block_1_3' title="bbox 2212 531 3754 622">
    <p class='ocr_par' dir='ltr' id='par_1_3' title="bbox 2212 531 3754 622">
     <span class='ocr_line' id='line_1_3' title="bbox 2212 531 3754 622; baseline 0.006 -23"><span class='ocrx_word' id='word_1_13' title='bbox 2212 550 2285 602; x_wconf 84' lang='lat' dir='ltr'><strong><em>:it.</em></strong></span> <span class='ocrx_word' id='word_1_14' title='bbox 2322 549 2395 602; x_wconf 82' lang='lat' dir='ltr'><strong><em>Ex</em></strong></span> <span class='ocrx_word' id='word_1_15' title='bbox 2432 531 2497 604; x_wconf 79' lang='lat' dir='ltr'><strong><em>eo</em></strong></span> <span class='ocrx_word' id='word_1_16' title='bbox 2533 549 2794 603; x_wconf 82' lang='lat' dir='ltr'><strong><em>nonmtlla</em></strong></span> <span class='ocrx_word' id='word_1_17' title='bbox 2839 549 3187 604; x_wconf 87' lang='lat' dir='ltr'><strong><em>adducuntur</em></strong></span> <span class='ocrx_word' id='word_1_18' title='bbox 3222 549 3276 602; x_wconf 89' lang='lat' dir='ltr'><strong><em>in</em></strong></span> <span class='ocrx_word' id='word_1_19' title='bbox 3331 549 3566 602; x_wconf 87' lang='lat' dir='ltr'><strong><em>concilio</em></strong></span> <span class='ocrx_word' id='word_1_20' title='bbox 3601 547 3638 600; x_wconf 72' lang='grc' dir='ltr'>ιτ</span> <span class='ocrx_word' id='word_1_21' title='bbox 3669 570 3754 622; x_wconf 73' lang='lat' dir='ltr'><strong><em>ge-</em></strong></span> 
     </span>
    </p>
   </div>
   <div class='ocr_carea' id='block_1_4' title="bbox 520 635 2088 707">
    <p class='ocr_par' dir='ltr' id='par_1_4' title="bbox 520 635 2088 707">
     <span class='ocr_line' id='line_1_4' title="bbox 520 635 2088 707; baseline 0.001 -17"><span class='ocrx_word' id='word_1_22' title='bbox 520 637 829 699; x_wconf 81' lang='grc' dir='ltr'>θεσπεσίου,</span> <span class='ocrx_word' id='word_1_23' title='bbox 865 635 1137 705; x_wconf 82' lang='grc' dir='ltr'>μᾶλλονδὲ</span> <span class='ocrx_word' id='word_1_24' title='bbox 1155 635 1264 705; x_wconf 83' lang='grc' dir='ltr'><strong><em>τῆς</em></strong></span> <span class='ocrx_word' id='word_1_25' title='bbox 1291 635 1566 705; x_wconf 85' lang='grc' dir='ltr'>ἀληθείας,</span> <span class='ocrx_word' id='word_1_26' title='bbox 1603 636 1884 707; x_wconf 83' lang='grc' dir='ltr'><strong><em>κρατύνων</em></strong></span> <span class='ocrx_word' id='word_1_27' title='bbox 1913 638 2088 702; x_wconf 79' lang='grc' dir='ltr'>δόξαν.</span> 
     </span>
    </p>
   </div>
   <div class='ocr_carea' id='block_1_5' title="bbox 524 728 2091 800">
    <p class='ocr_par' dir='ltr' id='par_1_5' title="bbox 524 728 2091 800">
     <span class='ocr_line' id='line_1_5' title="bbox 524 728 2091 800; baseline 0.001 -16"><span class='ocrx_word' id='word_1_28' title='bbox 524 730 674 784; x_wconf 81' lang='lat' dir='ltr'><strong><em>Idem</em></strong></span> <span class='ocrx_word' id='word_1_29' title='bbox 722 730 807 782; x_wconf 88' lang='lat' dir='ltr'><strong><em>hic</em></strong></span> <span class='ocrx_word' id='word_1_30' title='bbox 858 728 1154 782; x_wconf 83' lang='lat' dir='ltr'><strong><em>Theodorus</em></strong></span> <span class='ocrx_word' id='word_1_31' title='bbox 1203 729 1294 783; x_wconf 90' lang='lat' dir='ltr'><strong><em>ille</em></strong></span> <span class='ocrx_word' id='word_1_32' title='bbox 1337 738 1455 794; x_wconf 91' lang='lat' dir='ltr'><strong><em>est,</em></strong></span> <span class='ocrx_word' id='word_1_33' title='bbox 1487 731 1579 800; x_wconf 87' lang='lat' dir='ltr'><strong><em>qui</em></strong></span> <span class='ocrx_word' id='word_1_34' title='bbox 1612 730 1875 785; x_wconf 82' lang='lat' dir='ltr'><strong><em>adversus</em></strong></span> <span class='ocrx_word' id='word_1_35' title='bbox 1905 731 2091 786; x_wconf 80' lang='lat' dir='ltr'><strong><em>Euno-</em></strong></span> 
     </span>
    </p>
   </div>
   <div class='ocr_carea' id='block_1_6' title="bbox 523 821 2092 893">
    <p class='ocr_par' dir='ltr' id='par_1_6' title="bbox 523 821 2092 893">
     <span class='ocr_line' id='line_1_6' title="bbox 523 821 2092 893; baseline 0.003 -19"><span class='ocrx_word' id='word_1_36' title='bbox 523 821 692 874; x_wconf 85' lang='lat' dir='ltr'><strong><em>mium</em></strong></span> <span class='ocrx_word' id='word_1_37' title='bbox 725 821 875 873; x_wconf 89' lang='lat' dir='ltr'><strong><em>libris</em></strong></span> <span class='ocrx_word' id='word_1_38' title='bbox 912 830 1030 873; x_wconf 88' lang='lat' dir='ltr'><strong><em>octo</em></strong></span> <span class='ocrx_word' id='word_1_39' title='bbox 1061 830 1113 874; x_wconf 91' lang='lat' dir='ltr'><strong><em>et</em></strong></span> <span class='ocrx_word' id='word_1_40' title='bbox 1148 822 1330 891; x_wconf 81' lang='lat' dir='ltr'><strong><em>uiginti</em></strong></span> <span class='ocrx_word' id='word_1_41' title='bbox 1365 839 1468 876; x_wconf 90' lang='lat' dir='ltr'><strong><em>non</em></strong></span> <span class='ocrx_word' id='word_1_42' title='bbox 1500 824 1728 890; x_wconf 86' lang='lat' dir='ltr'><strong><em>segniter</em></strong></span> <span class='ocrx_word' id='word_1_43' title='bbox 1757 824 2092 893; x_wconf 87' lang='lat' dir='ltr'><strong><em>depugnavit,</em></strong></span> 
     </span>
    </p>
   </div>
   <div class='ocr_carea' id='block_1_7' title="bbox 521 908 2095 980">
    <p class='ocr_par' dir='ltr' id='par_1_7' title="bbox 521 908 2095 980">
     <span class='ocr_line' id='line_1_7' title="bbox 521 908 2095 980; baseline 0.004 -19"><span class='ocrx_word' id='word_1_44' title='bbox 521 918 574 962; x_wconf 79' lang='lat' dir='ltr'><strong><em>et</em></strong></span> <span class='ocrx_word' id='word_1_45' title='bbox 597 908 769 961; x_wconf 87' lang='lat' dir='ltr'><strong><em>sancti</em></strong></span> <span class='ocrx_word' id='word_1_46' title='bbox 808 908 1005 962; x_wconf 86' lang='lat' dir='ltr'><strong><em>Basilii</em></strong></span> <span class='ocrx_word' id='word_1_47' title='bbox 1042 909 1121 963; x_wconf 82' lang='lat' dir='ltr'><strong><em>cel</em></strong></span> <span class='ocrx_word' id='word_1_48' title='bbox 1161 911 1431 978; x_wconf 89' lang='lat' dir='ltr'><strong><em>ipsiusmet</em></strong></span> <span class='ocrx_word' id='word_1_49' title='bbox 1480 913 1717 966; x_wconf 76' lang='lat' dir='ltr'><strong><em>veritatis</em></strong></span> <span class='ocrx_word' id='word_1_50' title='bbox 1766 915 1940 980; x_wconf 90' lang='lat' dir='ltr'><strong><em>potius</em></strong></span> <span class='ocrx_word' id='word_1_51' title='bbox 1976 929 2095 967; x_wconf 88' lang='lat' dir='ltr'><strong><em>sen-</em></strong></span> 
     </span>
    </p>
   </div>
   <div class='ocr_carea' id='block_1_8' title="bbox 527 999 2094 1074">
    <p class='ocr_par' dir='ltr' id='par_1_8' title="bbox 527 999 2094 1074">
     <span class='ocr_line' id='line_1_8' title="bbox 527 999 2094 1074; baseline 0.006 -24"><span class='ocrx_word' id='word_1_52' title='bbox 527 999 745 1052; x_wconf 84' lang='lat' dir='ltr'><strong><em>tentiam</em></strong></span> <span class='ocrx_word' id='word_1_53' title='bbox 773 1001 1130 1068; x_wconf 82' lang='lat' dir='ltr'><strong><em>conﬁrmauit.</em></strong></span> <span class='ocrx_word' id='word_1_54' title='bbox 1194 1003 1258 1056; x_wconf 86' lang='lat' dir='ltr'><strong><em>Et</em></strong></span> <span class='ocrx_word' id='word_1_55' title='bbox 1293 1003 1416 1057; x_wconf 87' lang='lat' dir='ltr'><strong><em>cod.</em></strong></span> <span class='ocrx_word' id='word_1_56' title='bbox 1460 1002 1562 1058; x_wconf 79' lang='grc'><strong><em>158</em></strong></span> <span class='ocrx_word' id='word_1_57' title='bbox 1587 1042 1602 1065; x_wconf 87' lang='grc'><strong><em>,</em></strong></span> <span class='ocrx_word' id='word_1_58' title='bbox 1631 1003 1876 1072; x_wconf 83' lang='lat' dir='ltr'><strong><em>ejusdem</em></strong></span> <span class='ocrx_word' id='word_1_59' title='bbox 1911 1007 2094 1074; x_wconf 83' lang='lat' dir='ltr'><strong><em>operis</em></strong></span> 
     </span>
    </p>
   </div>
   <div class='ocr_carea' id='block_1_9' title="bbox 523 1089 2096 1165">
    <p class='ocr_par' dir='ltr' id='par_1_9' title="bbox 523 1089 2096 1165">
     <span class='ocr_line' id='line_1_9' title="bbox 523 1089 2096 1165; baseline 0.004 -22"><span class='ocrx_word' id='word_1_60' title='bbox 523 1089 808 1154; x_wconf 84' lang='lat' dir='ltr'><strong><em>meminit,</em></strong></span> <span class='ocrx_word' id='word_1_61' title='bbox 867 1091 937 1146; x_wconf 90' lang='lat' dir='ltr'><strong><em>de</em></strong></span> <span class='ocrx_word' id='word_1_62' title='bbox 981 1091 1230 1145; x_wconf 88' lang='lat' dir='ltr'><strong><em>Eunomii</em></strong></span> <span class='ocrx_word' id='word_1_63' title='bbox 1275 1091 1524 1147; x_wconf 81' lang='lat' dir='ltr'><strong><em>adversus</em></strong></span> <span class='ocrx_word' id='word_1_64' title='bbox 1574 1093 1836 1147; x_wconf 76' lang='lat' dir='ltr'><strong><em>Basiliam</em></strong></span> <span class='ocrx_word' id='word_1_65' title='bbox 1893 1097 2096 1165; x_wconf 86' lang='lat' dir='ltr'><strong><em>scripto</em></strong></span> 
     </span>
    </p>
   </div>
   <div class='ocr_carea' id='block_1_10' title="bbox 522 1177 2098 1260">
    <p class='ocr_par' dir='ltr' id='par_1_10' title="bbox 522 1177 2098 1260">
     <span class='ocr_line' id='line_1_10' title="bbox 522 1177 2098 1260; baseline 0.003 -25"><span class='ocrx_word' id='word_1_66' title='bbox 522 1181 832 1238; x_wconf 87' lang='lat' dir='ltr'><strong><em>edisserens</em></strong></span> <span class='ocrx_word' id='word_1_67' title='bbox 867 1200 881 1237; x_wconf 89' lang='lat'><strong>:</strong></span> <span class='ocrx_word' id='word_1_68' title='bbox 927 1177 1001 1237; x_wconf 79' lang='grc' dir='ltr'><strong><em>Οὗ</em></strong></span> <span class='ocrx_word' id='word_1_69' title='bbox 1055 1186 1437 1254; x_wconf 79' lang='grc' dir='ltr'><strong><em>περιτυχόντες</em></strong></span> <span class='ocrx_word' id='word_1_70' title='bbox 1489 1186 1793 1257; x_wconf 82' lang='grc' dir='ltr'>Θεόδωρος,</span> <span class='ocrx_word' id='word_1_71' title='bbox 1823 1189 1917 1242; x_wconf 73' lang='grc' dir='ltr'><strong><em>καὶ</em></strong></span> <span class='ocrx_word' id='word_1_72' title='bbox 1956 1189 2098 1260; x_wconf 85' lang='grc' dir='ltr'><strong><em>Γρη-</em></strong></span> 
     </span>
    </p>
   </div>
   <div class='ocr_carea' id='block_1_11' title="bbox 522 1271 2097 1351">
    <p class='ocr_par' dir='ltr' id='par_1_11' title="bbox 522 1271 2097 1351">
     <span class='ocr_line' id='line_1_11' title="bbox 522 1271 2097 1351; baseline 0.003 -24"><span class='ocrx_word' id='word_1_73' title='bbox 522 1273 708 1342; x_wconf 85' lang='grc' dir='ltr'>γόριος</span> <span class='ocrx_word' id='word_1_74' title='bbox 734 1274 972 1346; x_wconf 76' lang='grc' dir='ltr'><strong><em>Νύσσης,</em></strong></span> <span class='ocrx_word' id='word_1_75' title='bbox 1000 1278 1094 1328; x_wconf 79' lang='grc' dir='ltr'>καὶ</span> <span class='ocrx_word' id='word_1_76' title='bbox 1115 1277 1438 1346; x_wconf 81' lang='grc' dir='ltr'>Σωφρόνιος,</span> <span class='ocrx_word' id='word_1_77' title='bbox 1474 1271 1548 1329; x_wconf 83' lang='grc' dir='ltr'><strong><em>ὧν</em></strong></span> <span class='ocrx_word' id='word_1_78' title='bbox 1572 1277 1923 1351; x_wconf 82' lang='grc' dir='ltr'>ἐμνήσθημεν</span> <span class='ocrx_word' id='word_1_79' title='bbox 1956 1281 2097 1332; x_wconf 82' lang='grc' dir='ltr'><strong><em>ἄνω-</em></strong></span> 
     </span>
    </p>
   </div>
   <div class='ocr_carea' id='block_1_12' title="bbox 524 1364 2098 1439">
    <p class='ocr_par' dir='ltr' id='par_1_12' title="bbox 524 1364 2098 1439">
     <span class='ocr_line' id='line_1_12' title="bbox 524 1364 2098 1439; baseline 0.004 -23"><span class='ocrx_word' id='word_1_80' title='bbox 524 1364 657 1430; x_wconf 85' lang='grc' dir='ltr'>θεν,</span> <span class='ocrx_word' id='word_1_81' title='bbox 715 1366 937 1428; x_wconf 83' lang='grc' dir='ltr'>πολλαῖς</span> <span class='ocrx_word' id='word_1_82' title='bbox 985 1368 1193 1429; x_wconf 82' lang='grc' dir='ltr'><strong><em>αἰκίαις</em></strong></span> <span class='ocrx_word' id='word_1_83' title='bbox 1248 1368 1421 1435; x_wconf 91' lang='grc' dir='ltr'>λόγων</span> <span class='ocrx_word' id='word_1_84' title='bbox 1471 1367 1887 1439; x_wconf 84' lang='grc' dir='ltr'>λωϐησάμενοι,</span> <span class='ocrx_word' id='word_1_85' title='bbox 1945 1370 2098 1423; x_wconf 82' lang='grc' dir='ltr'>οὐδὲν</span> 
     </span>
    </p>
   </div>
   <div class='ocr_carea' id='block_1_13' title="bbox 523 1451 2098 1528">
    <p class='ocr_par' dir='ltr' id='par_1_13' title="bbox 523 1451 2098 1528">
     <span class='ocr_line' id='line_1_13' title="bbox 523 1451 2098 1528; baseline 0.004 -22"><span class='ocrx_word' id='word_1_86' title='bbox 523 1451 686 1526; x_wconf 73' lang='grc' dir='ltr'>ἦττον</span> <span class='ocrx_word' id='word_1_87' title='bbox 744 1455 837 1508; x_wconf 84' lang='grc' dir='ltr'><strong><em>τοῦ</em></strong></span> <span class='ocrx_word' id='word_1_88' title='bbox 886 1457 1150 1527; x_wconf 83' lang='grc' dir='ltr'><strong><em>προτέρου</em></strong></span> <span class='ocrx_word' id='word_1_89' title='bbox 1193 1458 1414 1527; x_wconf 81' lang='grc' dir='ltr'>νεκρὸν,</span> <span class='ocrx_word' id='word_1_90' title='bbox 1465 1458 1559 1511; x_wconf 74' lang='grc' dir='ltr'><strong><em>καὶ</em></strong></span> <span class='ocrx_word' id='word_1_91' title='bbox 1606 1459 1787 1528; x_wconf 80' lang='grc' dir='ltr'><strong><em>πάσης</em></strong></span> <span class='ocrx_word' id='word_1_92' title='bbox 1828 1460 2098 1523; x_wconf 76' lang='grc' dir='ltr'>ἀπόζοντα</span> 
     </span>
    </p>
   </div>
   <div class='ocr_carea' id='block_1_14' title="bbox 526 1545 2098 1622">
    <p class='ocr_par' dir='ltr' id='par_1_14' title="bbox 526 1545 2098 1622">
     <span class='ocr_line' id='line_1_14' title="bbox 526 1545 2098 1622; baseline 0.004 -21"><span class='ocrx_word' id='word_1_93' title='bbox 526 1545 863 1617; x_wconf 78' lang='grc' dir='ltr'><strong><em>ἀκαθαρσίας</em></strong></span> <span class='ocrx_word' id='word_1_94' title='bbox 909 1547 987 1616; x_wconf 82' lang='grc' dir='ltr'>τῷ</span> <span class='ocrx_word' id='word_1_95' title='bbox 1039 1549 1389 1618; x_wconf 80' lang='grc' dir='ltr'>γεγεννηκότι</span> <span class='ocrx_word' id='word_1_96' title='bbox 1443 1550 1754 1622; x_wconf 73' lang='grc' dir='ltr'>ἀπέρριψαν</span> <span class='ocrx_word' id='word_1_97' title='bbox 1785 1566 1800 1582; x_wconf 77' lang='grc' dir='ltr'>ο</span> <span class='ocrx_word' id='word_1_98' title='bbox 1839 1551 1905 1604; x_wconf 88' lang='lat' dir='ltr'><strong><em>In</em></strong></span> <span class='ocrx_word' id='word_1_99' title='bbox 1959 1556 2098 1621; x_wconf 88' lang='lat' dir='ltr'><strong><em>quod</em></strong></span> 
     </span>
    </p>
   </div>
   <div class='ocr_carea' id='block_1_15' title="bbox 526 1634 2099 1714">
    <p class='ocr_par' dir='ltr' id='par_1_15' title="bbox 526 1634 2099 1714">
     <span class='ocr_line' id='line_1_15' title="bbox 526 1634 2099 1714; baseline 0.008 -28"><span class='ocrx_word' id='word_1_100' title='bbox 526 1634 807 1692; x_wconf 86' lang='lat' dir='ltr'><strong><em>incidentes</em></strong></span> <span class='ocrx_word' id='word_1_101' title='bbox 844 1634 1164 1698; x_wconf 88' lang='lat' dir='ltr'><strong><em>Theodorus,</em></strong></span> <span class='ocrx_word' id='word_1_102' title='bbox 1201 1648 1250 1690; x_wconf 93' lang='lat' dir='ltr'><strong><em>et</em></strong></span> <span class='ocrx_word' id='word_1_103' title='bbox 1291 1636 1570 1708; x_wconf 82' lang='lat' dir='ltr'><strong><em>Gregorius</em></strong></span> <span class='ocrx_word' id='word_1_104' title='bbox 1598 1638 1890 1710; x_wconf 83' lang='lat' dir='ltr'><strong><em>Nyssenus,</em></strong></span> <span class='ocrx_word' id='word_1_105' title='bbox 1945 1657 2099 1714; x_wconf 89' lang='lat' dir='ltr'><strong><em>atque</em></strong></span> 
     </span>
    </p>
   </div>
   <div class='ocr_carea' id='block_1_16' title="bbox 528 1725 2096 1800">
    <p class='ocr_par' dir='ltr' id='par_1_16' title="bbox 528 1725 2096 1800">
     <span class='ocr_line' id='line_1_16' title="bbox 528 1725 2096 1800; baseline 0.006 -22"><span class='ocrx_word' id='word_1_106' title='bbox 528 1725 875 1792; x_wconf 73' lang='lat' dir='ltr'><strong><em>Sophronias.</em></strong></span> <span class='ocrx_word' id='word_1_107' title='bbox 899 1743 1120 1796; x_wconf 85' lang='lat' dir='ltr'><strong><em>quorum</em></strong></span> <span class='ocrx_word' id='word_1_108' title='bbox 1143 1744 1305 1796; x_wconf 84' lang='lat' dir='ltr'><strong><em>supra</em></strong></span> <span class='ocrx_word' id='word_1_109' title='bbox 1329 1740 1406 1784; x_wconf 86' lang='lat' dir='ltr'><strong><em>est</em></strong></span> <span class='ocrx_word' id='word_1_110' title='bbox 1451 1747 1483 1782; x_wconf 91' lang='lat' dir='ltr'><strong><em>a</em></strong></span> <span class='ocrx_word' id='word_1_111' title='bbox 1528 1732 1678 1785; x_wconf 91' lang='lat' dir='ltr'><strong><em>nobis</em></strong></span> <span class='ocrx_word' id='word_1_112' title='bbox 1709 1733 1854 1800; x_wconf 80' lang='lat' dir='ltr'><strong><em>facta</em></strong></span> <span class='ocrx_word' id='word_1_113' title='bbox 1879 1737 2096 1795; x_wconf 77' lang='lat' dir='ltr'><strong><em>mentio.</em></strong></span> 
     </span>
    </p>
   </div>
   <div class='ocr_carea' id='block_1_17' title="bbox 528 1817 2100 1891">
    <p class='ocr_par' dir='ltr' id='par_1_17' title="bbox 528 1817 2100 1891">
     <span class='ocr_line' id='line_1_17' title="bbox 528 1817 2100 1891; baseline 0.007 -23"><span class='ocrx_word' id='word_1_114' title='bbox 528 1817 709 1869; x_wconf 87' lang='lat' dir='ltr'><strong><em>multis</em></strong></span> <span class='ocrx_word' id='word_1_115' title='bbox 730 1834 1028 1871; x_wconf 88' lang='lat' dir='ltr'><strong><em>sermonum</em></strong></span> <span class='ocrx_word' id='word_1_116' title='bbox 1059 1819 1231 1888; x_wconf 77' lang='lat' dir='ltr'><strong><em>plagis</em></strong></span> <span class='ocrx_word' id='word_1_117' title='bbox 1257 1837 1361 1874; x_wconf 89' lang='lat' dir='ltr'><strong><em>non</em></strong></span> <span class='ocrx_word' id='word_1_118' title='bbox 1395 1837 1544 1874; x_wconf 86' lang='lat' dir='ltr'><strong><em>secus</em></strong></span> <span class='ocrx_word' id='word_1_119' title='bbox 1571 1838 1728 1891; x_wconf 87' lang='lat' dir='ltr'><strong><em>quant</em></strong></span> <span class='ocrx_word' id='word_1_120' title='bbox 1758 1824 1906 1889; x_wconf 88' lang='lat' dir='ltr'><strong><em>prius</em></strong></span> <span class='ocrx_word' id='word_1_121' title='bbox 1953 1826 2100 1879; x_wconf 86' lang='lat' dir='ltr'><strong><em>aliud</em></strong></span> 
     </span>
    </p>
   </div>
   <div class='ocr_carea' id='block_1_18' title="bbox 2193 628 3269 709">
    <p class='ocr_par' dir='ltr' id='par_1_18' title="bbox 2193 628 3269 709">
     <span class='ocr_line' id='line_1_18' title="bbox 2193 628 3269 709; baseline 0 -17"><span class='ocrx_word' id='word_1_122' title='bbox 2193 641 2387 701; x_wconf 89' lang='lat' dir='ltr'><strong><em>uerali,</em></strong></span> <span class='ocrx_word' id='word_1_123' title='bbox 2411 628 2702 694; x_wconf 82' lang='lat' dir='ltr'><strong><em>collatione</em></strong></span> <span class='ocrx_word' id='word_1_124' title='bbox 2733 640 2766 693; x_wconf 79' lang='grc'><strong>4</strong></span> <span class='ocrx_word' id='word_1_125' title='bbox 2795 641 2995 709; x_wconf 69' lang='lat' dir='ltr'><strong><em>smpius</em></strong></span> <span class='ocrx_word' id='word_1_126' title='bbox 3030 639 3269 694; x_wconf 84' lang='lat' dir='ltr'><strong><em>laudata.</em></strong></span> 
     </span>
    </p>
   </div>
   <div class='ocr_carea' id='block_1_19' title="bbox 2263 729 3753 801">
    <p class='ocr_par' dir='ltr' id='par_1_19' title="bbox 2263 729 3753 801">
     <span class='ocr_line' id='line_1_19' title="bbox 2263 729 3753 801; baseline 0.002 -17"><span class='ocrx_word' id='word_1_127' title='bbox 2263 729 2484 786; x_wconf 91' lang='lat' dir='ltr'><strong><em>Librum</em></strong></span> <span class='ocrx_word' id='word_1_128' title='bbox 2522 732 2649 786; x_wconf 90' lang='lat' dir='ltr'><strong><em>item</em></strong></span> <span class='ocrx_word' id='word_1_129' title='bbox 2688 731 2756 785; x_wconf 91' lang='lat' dir='ltr'><strong><em>ad</em></strong></span> <span class='ocrx_word' id='word_1_130' title='bbox 2810 731 3180 801; x_wconf 78' lang='lat' dir='ltr'><strong><em>baptizandus.</em></strong></span> <span class='ocrx_word' id='word_1_131' title='bbox 3213 731 3290 784; x_wconf 82' lang='lat' dir='ltr'><strong><em>Ex</em></strong></span> <span class='ocrx_word' id='word_1_132' title='bbox 3336 745 3445 801; x_wconf 86' lang='lat' dir='ltr'><strong><em>quo</em></strong></span> <span class='ocrx_word' id='word_1_133' title='bbox 3497 736 3753 789; x_wconf 79' lang='lat' dir='ltr'><strong><em>nonnulla</em></strong></span> 
     </span>
    </p>
   </div>
   <div class='ocr_carea' id='block_1_20' title="bbox 2195 822 3757 894">
    <p class='ocr_par' dir='ltr' id='par_1_20' title="bbox 2195 822 3757 894">
     <span class='ocr_line' id='line_1_20' title="bbox 2195 822 3757 894; baseline 0 -16"><span class='ocrx_word' id='word_1_134' title='bbox 2195 825 2498 879; x_wconf 81' lang='lat' dir='ltr'><strong><em>all‘eruntur</em></strong></span> <span class='ocrx_word' id='word_1_135' title='bbox 2527 825 2581 877; x_wconf 91' lang='lat' dir='ltr'><strong><em>in</em></strong></span> <span class='ocrx_word' id='word_1_136' title='bbox 2623 822 2668 876; x_wconf 76' lang='grc' dir='ltr'>ν</span> <span class='ocrx_word' id='word_1_137' title='bbox 2702 823 2932 894; x_wconf 88' lang='lat' dir='ltr'><strong><em>synodo,</em></strong></span> <span class='ocrx_word' id='word_1_138' title='bbox 2959 825 3139 878; x_wconf 88' lang='lat' dir='ltr'><strong><em>collat.</em></strong></span> <span class='ocrx_word' id='word_1_139' title='bbox 3173 823 3340 887; x_wconf 88' lang='lat' dir='ltr'><strong><em>dicta,</em></strong></span> <span class='ocrx_word' id='word_1_140' title='bbox 3380 832 3432 877; x_wconf 91' lang='lat' dir='ltr'><strong><em>et</em></strong></span> <span class='ocrx_word' id='word_1_141' title='bbox 3463 823 3640 893; x_wconf 85' lang='lat' dir='ltr'><strong><em>aliqua</em></strong></span> <span class='ocrx_word' id='word_1_142' title='bbox 3678 840 3757 879; x_wconf 82' lang='lat' dir='ltr'><strong><em>re-</em></strong></span> 
     </span>
    </p>
   </div>
   <div class='ocr_carea' id='block_1_21' title="bbox 2193 913 3760 984">
    <p class='ocr_par' dir='ltr' id='par_1_21' title="bbox 2193 913 3760 984">
     <span class='ocr_line' id='line_1_21' title="bbox 2193 913 3760 984; baseline 0.002 -18"><span class='ocrx_word' id='word_1_143' title='bbox 2193 915 2329 967; x_wconf 83' lang='lat' dir='ltr'><strong><em>citat</em></strong></span> <span class='ocrx_word' id='word_1_144' title='bbox 2361 913 2651 969; x_wconf 81' lang='lat' dir='ltr'><strong><em>Facundus</em></strong></span> <span class='ocrx_word' id='word_1_145' title='bbox 2676 914 2768 970; x_wconf 84' lang='lat' dir='ltr'><strong><em>lib.</em></strong></span> <span class='ocrx_word' id='word_1_146' title='bbox 2811 931 2883 978; x_wconf 81' lang='lat' dir='ltr'><strong><em>Ix,</em></strong></span> <span class='ocrx_word' id='word_1_147' title='bbox 2915 930 3036 984; x_wconf 97' lang='lat' dir='ltr'><strong><em>cap.</em></strong></span> <span class='ocrx_word' id='word_1_148' title='bbox 3066 915 3119 980; x_wconf 76' lang='lat'><strong><em>5,</em></strong></span> <span class='ocrx_word' id='word_1_149' title='bbox 3150 930 3216 967; x_wconf 81' lang='lat' dir='ltr'><strong><em>ex</em></strong></span> <span class='ocrx_word' id='word_1_150' title='bbox 3251 915 3389 969; x_wconf 89' lang='lat' dir='ltr'><strong><em>libro</em></strong></span> <span class='ocrx_word' id='word_1_151' title='bbox 3427 915 3495 966; x_wconf 84' lang='lat' dir='ltr'><strong><em>ad</em></strong></span> <span class='ocrx_word' id='word_1_152' title='bbox 3527 914 3760 980; x_wconf 69' lang='lat' dir='ltr'><strong><em>baptiza-</em></strong></span> 
     </span>
    </p>
   </div>
   <div class='ocr_carea' id='block_1_22' title="bbox 2197 1000 3460 1072">
    <p class='ocr_par' dir='ltr' id='par_1_22' title="bbox 2197 1000 3460 1072">
     <span class='ocr_line' id='line_1_22' title="bbox 2197 1000 3460 1072; baseline 0.004 -20"><span class='ocrx_word' id='word_1_153' title='bbox 2197 1010 2297 1053; x_wconf 88' lang='lat' dir='ltr'><strong><em>tos.</em></strong></span> <span class='ocrx_word' id='word_1_154' title='bbox 2328 1000 2548 1055; x_wconf 89' lang='lat' dir='ltr'><strong><em>ldemne</em></strong></span> <span class='ocrx_word' id='word_1_155' title='bbox 2587 1002 2641 1054; x_wconf 89' lang='lat' dir='ltr'><strong><em>id</em></strong></span> <span class='ocrx_word' id='word_1_156' title='bbox 2675 1002 2856 1065; x_wconf 82' lang='lat' dir='ltr'><strong><em>fuerit,</em></strong></span> <span class='ocrx_word' id='word_1_157' title='bbox 2891 1017 2960 1056; x_wconf 88' lang='lat' dir='ltr'><strong><em>an</em></strong></span> <span class='ocrx_word' id='word_1_158' title='bbox 2987 1004 3262 1058; x_wconf 80' lang='lat' dir='ltr'><strong><em>diversum</em></strong></span> <span class='ocrx_word' id='word_1_159' title='bbox 3285 1004 3460 1072; x_wconf 82' lang='lat' dir='ltr'><strong><em>Opus?</em></strong></span> 
     </span>
    </p>
   </div>
   <div class='ocr_carea' id='block_1_23' title="bbox 2268 1091 3759 1165">
    <p class='ocr_par' dir='ltr' id='par_1_23' title="bbox 2268 1091 3759 1165">
     <span class='ocr_line' id='line_1_23' title="bbox 2268 1091 3759 1165; baseline 0.003 -21"><span class='ocrx_word' id='word_1_160' title='bbox 2268 1091 2342 1146; x_wconf 90' lang='lat' dir='ltr'><strong><em>De</em></strong></span> <span class='ocrx_word' id='word_1_161' title='bbox 2362 1091 2738 1148; x_wconf 86' lang='lat' dir='ltr'><strong><em>lncarnatione</em></strong></span> <span class='ocrx_word' id='word_1_162' title='bbox 2760 1095 2929 1150; x_wconf 90' lang='lat' dir='ltr'><strong><em>libros</em></strong></span> <span class='ocrx_word' id='word_1_163' title='bbox 2951 1111 3040 1148; x_wconf 77' lang='lat' dir='ltr'><strong><em>xv.</em></strong></span> <span class='ocrx_word' id='word_1_164' title='bbox 3070 1094 3287 1149; x_wconf 87' lang='lat' dir='ltr'><strong><em>Decimo</em></strong></span> <span class='ocrx_word' id='word_1_165' title='bbox 3309 1095 3502 1165; x_wconf 90' lang='lat' dir='ltr'><strong><em>quinto</em></strong></span> <span class='ocrx_word' id='word_1_166' title='bbox 3531 1110 3759 1164; x_wconf 83' lang='lat' dir='ltr'><strong><em>namque</em></strong></span> 
     </span>
    </p>
   </div>
   <div class='ocr_carea' id='block_1_24' title="bbox 2198 1183 3758 1254">
    <p class='ocr_par' dir='ltr' id='par_1_24' title="bbox 2198 1183 3758 1254">
     <span class='ocr_line' id='line_1_24' title="bbox 2198 1183 3758 1254; baseline 0 -19"><span class='ocrx_word' id='word_1_167' title='bbox 2198 1183 2340 1237; x_wconf 86' lang='lat' dir='ltr'><strong><em>libro</em></strong></span> <span class='ocrx_word' id='word_1_168' title='bbox 2370 1184 2545 1252; x_wconf 89' lang='lat' dir='ltr'><strong><em>ipsum</em></strong></span> <span class='ocrx_word' id='word_1_169' title='bbox 2573 1192 2743 1237; x_wconf 87' lang='lat' dir='ltr'><strong><em>totum</em></strong></span> <span class='ocrx_word' id='word_1_170' title='bbox 2779 1200 2917 1254; x_wconf 91' lang='lat' dir='ltr'><strong><em>opus</em></strong></span> <span class='ocrx_word' id='word_1_171' title='bbox 2945 1183 3022 1237; x_wconf 92' lang='lat' dir='ltr'><strong><em>De</em></strong></span> <span class='ocrx_word' id='word_1_172' title='bbox 3057 1183 3430 1238; x_wconf 87' lang='lat' dir='ltr'><strong><em>lncarnatione</em></strong></span> <span class='ocrx_word' id='word_1_173' title='bbox 3473 1185 3758 1247; x_wconf 84' lang='lat' dir='ltr'><strong><em>conclusit,</em></strong></span> 
     </span>
    </p>
   </div>
   <div class='ocr_carea' id='block_1_25' title="bbox 2201 1273 3764 1345">
    <p class='ocr_par' dir='ltr' id='par_1_25' title="bbox 2201 1273 3764 1345">
     <span class='ocr_line' id='line_1_25' title="bbox 2201 1273 3764 1345; baseline -0.001 -17"><span class='ocrx_word' id='word_1_174' title='bbox 2201 1283 2258 1328; x_wconf 90' lang='lat' dir='ltr'><strong><em>ut</em></strong></span> <span class='ocrx_word' id='word_1_175' title='bbox 2301 1273 2466 1329; x_wconf 79' lang='lat' dir='ltr'><strong><em>refert</em></strong></span> <span class='ocrx_word' id='word_1_176' title='bbox 2503 1273 2794 1331; x_wconf 80' lang='lat' dir='ltr'><strong><em>Facundos</em></strong></span> <span class='ocrx_word' id='word_1_177' title='bbox 2836 1276 2930 1330; x_wconf 88' lang='lat' dir='ltr'><strong><em>lib.</em></strong></span> <span class='ocrx_word' id='word_1_178' title='bbox 2982 1291 3055 1340; x_wconf 79' lang='lat' dir='ltr'><strong><em>Ix,</em></strong></span> <span class='ocrx_word' id='word_1_179' title='bbox 3101 1291 3222 1345; x_wconf 93' lang='lat' dir='ltr'><strong><em>cap.</em></strong></span> <span class='ocrx_word' id='word_1_180' title='bbox 3267 1277 3319 1328; x_wconf 79' lang='lat'><strong><em>&#39;5.</em></strong></span> <span class='ocrx_word' id='word_1_181' title='bbox 3364 1274 3561 1328; x_wconf 88' lang='lat' dir='ltr'><strong><em>Eorum</em></strong></span> <span class='ocrx_word' id='word_1_182' title='bbox 3605 1290 3764 1343; x_wconf 79' lang='lat' dir='ltr'><strong><em>argu-</em></strong></span> 
     </span>
    </p>
   </div>
   <div class='ocr_carea' id='block_1_26' title="bbox 2198 1364 3759 1433">
    <p class='ocr_par' dir='ltr' id='par_1_26' title="bbox 2198 1364 3759 1433">
     <span class='ocr_line' id='line_1_26' title="bbox 2198 1364 3759 1433; baseline 0 -16"><span class='ocrx_word' id='word_1_183' title='bbox 2198 1371 2382 1417; x_wconf 84' lang='lat' dir='ltr'><strong><em>menta</em></strong></span> <span class='ocrx_word' id='word_1_184' title='bbox 2431 1372 2681 1418; x_wconf 83' lang='lat' dir='ltr'><strong><em>recenset</em></strong></span> <span class='ocrx_word' id='word_1_185' title='bbox 2737 1365 3054 1418; x_wconf 86' lang='lat' dir='ltr'><strong><em>Gennadius</em></strong></span> <span class='ocrx_word' id='word_1_186' title='bbox 3107 1364 3179 1417; x_wconf 85' lang='lat' dir='ltr'><strong><em>De</em></strong></span> <span class='ocrx_word' id='word_1_187' title='bbox 3227 1364 3352 1416; x_wconf 86' lang='lat' dir='ltr'><strong><em>viris</em></strong></span> <span class='ocrx_word' id='word_1_188' title='bbox 3380 1364 3462 1418; x_wconf 91' lang='lat' dir='ltr'><strong><em>ill.</em></strong></span> <span class='ocrx_word' id='word_1_189' title='bbox 3491 1378 3615 1433; x_wconf 90' lang='lat' dir='ltr'><strong><em>cap.</em></strong></span> <span class='ocrx_word' id='word_1_190' title='bbox 3654 1364 3759 1417; x_wconf 74' lang='lat'><strong><em>1‘2:</em></strong></span> 
     </span>
    </p>
   </div>
   <div class='ocr_carea' id='block_1_27' title="bbox 2203 1453 3766 1524">
    <p class='ocr_par' dir='ltr' id='par_1_27' title="bbox 2203 1453 3766 1524">
     <span class='ocr_line' id='line_1_27' title="bbox 2203 1453 3766 1524; baseline -0.001 -18"><span class='ocrx_word' id='word_1_191' title='bbox 2203 1453 2502 1508; x_wconf 86' lang='lat' dir='ltr'><strong><em>Theodorus</em></strong></span> <span class='ocrx_word' id='word_1_192' title='bbox 2533 1454 2872 1508; x_wconf 66' lang='lat' dir='ltr'><strong><em>Antiochense</em></strong></span> <span class='ocrx_word' id='word_1_193' title='bbox 2906 1454 3154 1508; x_wconf 79' lang='lat' dir='ltr'><strong><em>Ecclesite</em></strong></span> <span class='ocrx_word' id='word_1_194' title='bbox 3179 1455 3462 1524; x_wconf 76' lang='lat' dir='ltr'><strong><em>presbyter.</em></strong></span> <span class='ocrx_word' id='word_1_195' title='bbox 3498 1455 3578 1507; x_wconf 80' lang='lat' dir='ltr'><strong><em>vir</em></strong></span> <span class='ocrx_word' id='word_1_196' title='bbox 3600 1455 3766 1506; x_wconf 86' lang='lat' dir='ltr'><strong><em>scien-</em></strong></span> 
     </span>
    </p>
   </div>
   <div class='ocr_carea' id='block_1_28' title="bbox 2202 1541 3764 1612">
    <p class='ocr_par' dir='ltr' id='par_1_28' title="bbox 2202 1541 3764 1612">
     <span class='ocr_line' id='line_1_28' title="bbox 2202 1541 3764 1612; baseline -0.002 -16"><span class='ocrx_word' id='word_1_197' title='bbox 2202 1545 2278 1596; x_wconf 73' lang='lat' dir='ltr'><strong><em>tia</em></strong></span> <span class='ocrx_word' id='word_1_198' title='bbox 2307 1555 2516 1607; x_wconf 87' lang='lat' dir='ltr'><strong><em>cautus,</em></strong></span> <span class='ocrx_word' id='word_1_199' title='bbox 2542 1554 2590 1597; x_wconf 92' lang='lat' dir='ltr'><strong><em>et</em></strong></span> <span class='ocrx_word' id='word_1_200' title='bbox 2618 1544 2799 1612; x_wconf 88' lang='lat' dir='ltr'><strong><em>lingua</em></strong></span> <span class='ocrx_word' id='word_1_201' title='bbox 2821 1544 3072 1604; x_wconf 89' lang='lat' dir='ltr'><strong><em>disertus,</em></strong></span> <span class='ocrx_word' id='word_1_202' title='bbox 3097 1543 3308 1609; x_wconf 83' lang='lat' dir='ltr'><strong><em>scripsit</em></strong></span> <span class='ocrx_word' id='word_1_203' title='bbox 3331 1541 3578 1595; x_wconf 82' lang='lat' dir='ltr'><strong><em>adversus</em></strong></span> <span class='ocrx_word' id='word_1_204' title='bbox 3607 1543 3764 1607; x_wconf 83' lang='lat' dir='ltr'><strong><em>Apol-</em></strong></span> 
     </span>
    </p>
   </div>
   <div class='ocr_carea' id='block_1_29' title="bbox 2203 1632 3763 1689">
    <p class='ocr_par' dir='ltr' id='par_1_29' title="bbox 2203 1632 3763 1689">
     <span class='ocr_line' id='line_1_29' title="bbox 2203 1632 3763 1689; baseline -0.003 -2"><span class='ocrx_word' id='word_1_205' title='bbox 2203 1636 2475 1688; x_wconf 86' lang='lat' dir='ltr'><strong><em>linaristas</em></strong></span> <span class='ocrx_word' id='word_1_206' title='bbox 2514 1644 2564 1688; x_wconf 91' lang='lat' dir='ltr'><strong><em>et</em></strong></span> <span class='ocrx_word' id='word_1_207' title='bbox 2601 1634 2965 1688; x_wconf 82' lang='lat' dir='ltr'><strong><em>Eunomianos</em></strong></span> <span class='ocrx_word' id='word_1_208' title='bbox 3002 1634 3078 1689; x_wconf 88' lang='lat' dir='ltr'><strong><em>De</em></strong></span> <span class='ocrx_word' id='word_1_209' title='bbox 3125 1633 3506 1688; x_wconf 85' lang='lat' dir='ltr'><strong><em>Incarnatione</em></strong></span> <span class='ocrx_word' id='word_1_210' title='bbox 3552 1632 3763 1685; x_wconf 88' lang='lat' dir='ltr'><strong><em>Domini</em></strong></span> 
     </span>
    </p>
   </div>
   <div class='ocr_carea' id='block_1_30' title="bbox 2202 1724 3767 1795">
    <p class='ocr_par' dir='ltr' id='par_1_30' title="bbox 2202 1724 3767 1795">
     <span class='ocr_line' id='line_1_30' title="bbox 2202 1724 3767 1795; baseline -0.003 -17"><span class='ocrx_word' id='word_1_211' title='bbox 2202 1725 2366 1780; x_wconf 89' lang='lat' dir='ltr'><strong><em>libros</em></strong></span> <span class='ocrx_word' id='word_1_212' title='bbox 2393 1724 2711 1795; x_wconf 82' lang='lat' dir='ltr'><strong><em>quindecim,</em></strong></span> <span class='ocrx_word' id='word_1_213' title='bbox 2753 1726 2821 1780; x_wconf 91' lang='lat' dir='ltr'><strong><em>ad</em></strong></span> <span class='ocrx_word' id='word_1_214' title='bbox 2848 1726 3144 1795; x_wconf 75' lang='lat' dir='ltr'><strong><em>quindecim</em></strong></span> <span class='ocrx_word' id='word_1_215' title='bbox 3173 1724 3343 1778; x_wconf 86' lang='lat' dir='ltr'><strong><em>millia</em></strong></span> <span class='ocrx_word' id='word_1_216' title='bbox 3372 1739 3614 1778; x_wconf 85' lang='lat' dir='ltr'><strong><em>versuum</em></strong></span> <span class='ocrx_word' id='word_1_217' title='bbox 3648 1739 3767 1775; x_wconf 51' lang='lat' dir='ltr'><strong><em>conn</em></strong></span> 
     </span>
    </p>
   </div>
   <div class='ocr_carea' id='block_1_31' title="bbox 2203 1814 3766 1886">
    <p class='ocr_par' dir='ltr' id='par_1_31' title="bbox 2203 1814 3766 1886">
     <span class='ocr_line' id='line_1_31' title="bbox 2203 1814 3766 1886; baseline -0.003 -16"><span class='ocrx_word' id='word_1_218' title='bbox 2203 1817 2442 1870; x_wconf 84' lang='lat' dir='ltr'><strong><em>tinentes.</em></strong></span> <span class='ocrx_word' id='word_1_219' title='bbox 2480 1817 2545 1869; x_wconf 86' lang='lat' dir='ltr'><strong><em>In</em></strong></span> <span class='ocrx_word' id='word_1_220' title='bbox 2589 1817 2777 1886; x_wconf 83' lang='lat' dir='ltr'><strong><em>quibus</em></strong></span> <span class='ocrx_word' id='word_1_221' title='bbox 2806 1816 3010 1870; x_wconf 89' lang='lat' dir='ltr'><strong><em>ratione</em></strong></span> <span class='ocrx_word' id='word_1_222' title='bbox 3045 1817 3332 1884; x_wconf 77' lang='lat' dir='ltr'><strong><em>purissima</em></strong></span> <span class='ocrx_word' id='word_1_223' title='bbox 3374 1824 3423 1868; x_wconf 91' lang='lat' dir='ltr'><strong><em>et</em></strong></span> <span class='ocrx_word' id='word_1_224' title='bbox 3457 1814 3766 1867; x_wconf 81' lang='lat' dir='ltr'><strong><em>testimoniis</em></strong></span> 
     </span>
    </p>
   </div>
   <div class='ocr_carea' id='block_1_32' title="bbox 527 1885 2109 1981">
    <p class='ocr_par' dir='ltr' id='par_1_32' title="bbox 527 1909 2098 1981">
     <span class='ocr_line' id='line_1_32' title="bbox 527 1909 2098 1981; baseline 0.009 -22"><span class='ocrx_word' id='word_1_225' title='bbox 527 1909 856 1975; x_wconf 70' lang='lat' dir='ltr'><strong><em>conficientes</em></strong></span> <span class='ocrx_word' id='word_1_226' title='bbox 875 1950 889 1974; x_wconf 94' lang='lat'><strong><em>,</em></strong></span> <span class='ocrx_word' id='word_1_227' title='bbox 925 1911 1044 1978; x_wconf 82' lang='lat' dir='ltr'><strong><em>jam</em></strong></span> <span class='ocrx_word' id='word_1_228' title='bbox 1060 1928 1169 1978; x_wconf 83' lang='lat' dir='ltr'><strong><em>prte</em></strong></span> <span class='ocrx_word' id='word_1_229' title='bbox 1192 1913 1495 1981; x_wconf 88' lang='lat' dir='ltr'><strong><em>impuritate</em></strong></span> <span class='ocrx_word' id='word_1_230' title='bbox 1517 1915 1717 1968; x_wconf 87' lang='lat' dir='ltr'><strong><em>alidum</em></strong></span> <span class='ocrx_word' id='word_1_231' title='bbox 1745 1916 1796 1969; x_wconf 94' lang='lat' dir='ltr'><strong><em>in</em></strong></span> <span class='ocrx_word' id='word_1_232' title='bbox 1833 1928 2098 1973; x_wconf 88' lang='lat' dir='ltr'><strong><em>auctorem</em></strong></span> 
     </span>
    </p>
   </div>
   <div class='ocr_carea' id='block_1_33' title="bbox 2212 1885 3768 1981">
    <p class='ocr_par' dir='ltr' id='par_1_33' title="bbox 2212 1885 3768 1974">
     <span class='ocr_line' id='line_1_33' title="bbox 2212 1885 3768 1974; baseline -0.004 -14"><span class='ocrx_word' id='word_1_233' title='bbox 2212 1885 2840 1974; x_wconf 10' lang='lat' dir='ltr'><strong><em>Scripturarumiostendit</em></strong></span> <span class='ocrx_word' id='word_1_234' title='bbox 2863 1905 3144 1958; x_wconf 89' lang='lat' dir='ltr'><strong><em>Dominum</em></strong></span> <span class='ocrx_word' id='word_1_235' title='bbox 3159 1904 3362 1965; x_wconf 72' lang='lat' dir='ltr'><strong><em>Iesum,</em></strong></span> <span class='ocrx_word' id='word_1_236' title='bbox 3382 1906 3517 1958; x_wconf 87' lang='lat' dir='ltr'><strong><em>sicut</em></strong></span> <span class='ocrx_word' id='word_1_237' title='bbox 3541 1903 3768 1971; x_wconf 90' lang='lat' dir='ltr'><strong><em>plenitu-</em></strong></span> 
     </span>
    </p>
   </div>
   <div class='ocr_carea' id='block_1_34' title="bbox 528 2001 2101 2076">
    <p class='ocr_par' dir='ltr' id='par_1_34' title="bbox 528 2001 2101 2076">
     <span class='ocr_line' id='line_1_34' title="bbox 528 2001 2101 2076; baseline 0.007 -24"><span class='ocrx_word' id='word_1_238' title='bbox 528 2013 683 2052; x_wconf 80' lang='lat' dir='ltr'><strong><em>suum</em></strong></span> <span class='ocrx_word' id='word_1_239' title='bbox 720 2002 1074 2068; x_wconf 86' lang='lat' dir='ltr'><strong><em>projecerunt.</em></strong></span> <span class='ocrx_word' id='word_1_240' title='bbox 1119 2001 1200 2054; x_wconf 89' lang='lat' dir='ltr'><strong><em>Au</em></strong></span> <span class='ocrx_word' id='word_1_241' title='bbox 1244 2017 1307 2055; x_wconf 79' lang='lat' dir='ltr'><strong><em>ex</em></strong></span> <span class='ocrx_word' id='word_1_242' title='bbox 1348 2002 1451 2056; x_wconf 85' lang='lat' dir='ltr'><strong><em>hoc</em></strong></span> <span class='ocrx_word' id='word_1_243' title='bbox 1485 2003 1565 2056; x_wconf 86' lang='lat' dir='ltr'><strong><em>vel</em></strong></span> <span class='ocrx_word' id='word_1_244' title='bbox 1620 2004 1890 2072; x_wconf 86' lang='lat' dir='ltr'><strong><em>superiori</em></strong></span> <span class='ocrx_word' id='word_1_245' title='bbox 1936 2021 2101 2076; x_wconf 90' lang='lat' dir='ltr'><strong><em>opere</em></strong></span> 
     </span>
    </p>
   </div>
   <div class='ocr_carea' id='block_1_35' title="bbox 529 2087 2098 2167">
    <p class='ocr_par' dir='ltr' id='par_1_35' title="bbox 529 2087 2098 2167">
     <span class='ocr_line' id='line_1_35' title="bbox 529 2087 2098 2167; baseline 0.009 -27"><span class='ocrx_word' id='word_1_246' title='bbox 529 2087 785 2159; x_wconf 81' lang='lat' dir='ltr'><strong><em>decerpta</em></strong></span> <span class='ocrx_word' id='word_1_247' title='bbox 816 2099 964 2156; x_wconf 90' lang='lat' dir='ltr'><strong><em>sunt,</em></strong></span> <span class='ocrx_word' id='word_1_248' title='bbox 998 2107 1117 2160; x_wconf 69' lang='lat' dir='ltr'><strong><em>quae</em></strong></span> <span class='ocrx_word' id='word_1_249' title='bbox 1148 2092 1340 2146; x_wconf 88' lang='lat' dir='ltr'><strong><em>recitat</em></strong></span> <span class='ocrx_word' id='word_1_250' title='bbox 1366 2091 1656 2148; x_wconf 87' lang='lat' dir='ltr'><strong><em>Facundus</em></strong></span> <span class='ocrx_word' id='word_1_251' title='bbox 1684 2095 1871 2160; x_wconf 79' lang='lat' dir='ltr'><strong><em>lib.tx,</em></strong></span> <span class='ocrx_word' id='word_1_252' title='bbox 1901 2111 2019 2167; x_wconf 88' lang='lat' dir='ltr'><strong><em>cap.</em></strong></span> <span class='ocrx_word' id='word_1_253' title='bbox 2042 2101 2098 2163; x_wconf 82' lang='lat'><strong><em>3,</em></strong></span> 
     </span>
    </p>
   </div>
   <div class='ocr_carea' id='block_1_36' title="bbox 529 2175 1722 2250">
    <p class='ocr_par' dir='ltr' id='par_1_36' title="bbox 529 2175 1722 2250">
     <span class='ocr_line' id='line_1_36' title="bbox 529 2175 1722 2250; baseline 0.012 -22"><span class='ocrx_word' id='word_1_254' title='bbox 529 2175 675 2244; x_wconf 87' lang='lat' dir='ltr'><strong><em>quis,</em></strong></span> <span class='ocrx_word' id='word_1_255' title='bbox 703 2192 826 2231; x_wconf 88' lang='lat' dir='ltr'><strong><em>cum</em></strong></span> <span class='ocrx_word' id='word_1_256' title='bbox 857 2187 1110 2234; x_wconf 87' lang='lat' dir='ltr'><strong><em>neutrum</em></strong></span> <span class='ocrx_word' id='word_1_257' title='bbox 1134 2188 1330 2245; x_wconf 73' lang='lat' dir='ltr'><strong><em>exstet,</em></strong></span> <span class='ocrx_word' id='word_1_258' title='bbox 1359 2182 1722 2250; x_wconf 82' lang='lat' dir='ltr'><strong><em>dijudicabit?</em></strong></span> 
     </span>
    </p>
   </div>
   <div class='ocr_carea' id='block_1_37' title="bbox 602 2290 2106 2367">
    <p class='ocr_par' dir='ltr' id='par_1_37' title="bbox 602 2290 2106 2367">
     <span class='ocr_line' id='line_1_37' title="bbox 602 2290 2106 2367; baseline 0.015 -26"><span class='ocrx_word' id='word_1_259' title='bbox 602 2290 864 2345; x_wconf 80' lang='lat' dir='ltr'><strong><em>Aduersus</em></strong></span> <span class='ocrx_word' id='word_1_260' title='bbox 897 2291 1172 2362; x_wconf 83' lang='lat' dir='ltr'><strong><em>Origenem</em></strong></span> <span class='ocrx_word' id='word_1_261' title='bbox 1203 2295 1266 2349; x_wconf 92' lang='lat' dir='ltr'><strong><em>de</em></strong></span> <span class='ocrx_word' id='word_1_262' title='bbox 1286 2298 1539 2367; x_wconf 87' lang='lat' dir='ltr'><strong><em>allegoria</em></strong></span> <span class='ocrx_word' id='word_1_263' title='bbox 1563 2311 1610 2354; x_wconf 90' lang='lat' dir='ltr'><strong><em>et</em></strong></span> <span class='ocrx_word' id='word_1_264' title='bbox 1641 2304 1864 2358; x_wconf 82' lang='lat' dir='ltr'><strong><em>historia</em></strong></span> <span class='ocrx_word' id='word_1_265' title='bbox 1891 2307 1957 2359; x_wconf 91' lang='lat' dir='ltr'><strong><em>ad</em></strong></span> <span class='ocrx_word' id='word_1_266' title='bbox 1984 2308 2106 2362; x_wconf 82' lang='lat' dir='ltr'><strong><em>Cer-</em></strong></span> 
     </span>
    </p>
   </div>
   <div class='ocr_carea' id='block_1_38' title="bbox 531 2381 2100 2456">
    <p class='ocr_par' dir='ltr' id='par_1_38' title="bbox 531 2381 2100 2456">
     <span class='ocr_line' id='line_1_38' title="bbox 531 2381 2100 2456; baseline 0.015 -25"><span class='ocrx_word' id='word_1_267' title='bbox 531 2381 742 2435; x_wconf 84' lang='lat' dir='ltr'><strong><em>donem.</em></strong></span> <span class='ocrx_word' id='word_1_268' title='bbox 801 2381 954 2437; x_wconf 83' lang='lat' dir='ltr'><strong><em>Unde</em></strong></span> <span class='ocrx_word' id='word_1_269' title='bbox 998 2393 1051 2439; x_wconf 91' lang='lat' dir='ltr'><strong><em>et</em></strong></span> <span class='ocrx_word' id='word_1_270' title='bbox 1109 2384 1566 2456; x_wconf 83' lang='lat' dir='ltr'><strong><em>Origenianorum</em></strong></span> <span class='ocrx_word' id='word_1_271' title='bbox 1620 2394 1803 2449; x_wconf 87' lang='lat' dir='ltr'><strong><em>odium</em></strong></span> <span class='ocrx_word' id='word_1_272' title='bbox 1851 2399 2100 2454; x_wconf 90' lang='lat' dir='ltr'><strong><em>incurrit.</em></strong></span> 
     </span>
    </p>
   </div>
   <div class='ocr_carea' id='block_1_39' title="bbox 533 2465 1302 2540">
    <p class='ocr_par' dir='ltr' id='par_1_39' title="bbox 533 2465 1302 2540">
     <span class='ocr_line' id='line_1_39' title="bbox 533 2465 1302 2540; baseline 0.014 -21"><span class='ocrx_word' id='word_1_273' title='bbox 533 2465 826 2524; x_wconf 80' lang='lat' dir='ltr'><strong><em>Facundos</em></strong></span> <span class='ocrx_word' id='word_1_274' title='bbox 856 2471 950 2526; x_wconf 87' lang='lat' dir='ltr'><strong><em>lib.</em></strong></span> <span class='ocrx_word' id='word_1_275' title='bbox 984 2487 1064 2536; x_wconf 89' lang='grc' dir='ltr'>ιιι,</span> <span class='ocrx_word' id='word_1_276' title='bbox 1090 2488 1211 2540; x_wconf 86' lang='lat' dir='ltr'><strong><em>cap.</em></strong></span> <span class='ocrx_word' id='word_1_277' title='bbox 1247 2477 1302 2530; x_wconf 89' lang='lat'><strong><em>6.</em></strong></span> 
     </span>
    </p>
   </div>
   <div class='ocr_carea' id='block_1_40' title="bbox 605 2581 2107 2662">
    <p class='ocr_par' dir='ltr' id='par_1_40' title="bbox 605 2581 2107 2662">
     <span class='ocr_line' id='line_1_40' title="bbox 605 2581 2107 2662; baseline 0.019 -30"><span class='ocrx_word' id='word_1_278' title='bbox 605 2581 871 2637; x_wconf 79' lang='lat' dir='ltr'><strong><em>Adversus</em></strong></span> <span class='ocrx_word' id='word_1_279' title='bbox 907 2601 994 2640; x_wconf 88' lang='lat' dir='ltr'><strong><em>eos</em></strong></span> <span class='ocrx_word' id='word_1_280' title='bbox 1021 2589 1111 2656; x_wconf 90' lang='lat' dir='ltr'><strong><em>qui</em></strong></span> <span class='ocrx_word' id='word_1_281' title='bbox 1170 2602 1413 2646; x_wconf 86' lang='lat' dir='ltr'><strong><em>asserunt</em></strong></span> <span class='ocrx_word' id='word_1_282' title='bbox 1459 2612 1674 2662; x_wconf 83' lang='lat' dir='ltr'><strong><em>peccare</em></strong></span> <span class='ocrx_word' id='word_1_283' title='bbox 1707 2599 1966 2657; x_wconf 82' lang='lat' dir='ltr'><strong><em>hominem</em></strong></span> <span class='ocrx_word' id='word_1_284' title='bbox 2011 2623 2107 2660; x_wconf 90' lang='lat' dir='ltr'><strong><em>na-</em></strong></span> 
     </span>
    </p>
   </div>
   <div class='ocr_carea' id='block_1_41' title="bbox 537 2675 2106 2761">
    <p class='ocr_par' dir='ltr' id='par_1_41' title="bbox 537 2675 2106 2761">
     <span class='ocr_line' id='line_1_41' title="bbox 537 2675 2106 2761; baseline 0.017 -37"><span class='ocrx_word' id='word_1_285' title='bbox 537 2681 660 2726; x_wconf 88' lang='lat' dir='ltr'><strong><em>tura</em></strong></span> <span class='ocrx_word' id='word_1_286' title='bbox 684 2690 784 2728; x_wconf 89' lang='lat' dir='ltr'><strong><em>non</em></strong></span> <span class='ocrx_word' id='word_1_287' title='bbox 809 2675 1089 2743; x_wconf 84' lang='lat' dir='ltr'><strong><em>voluntate,</em></strong></span> <span class='ocrx_word' id='word_1_288' title='bbox 1125 2681 1294 2738; x_wconf 87' lang='lat' dir='ltr'><strong><em>libros</em></strong></span> <span class='ocrx_word' id='word_1_289' title='bbox 1323 2685 1586 2755; x_wconf 87' lang='lat' dir='ltr'><strong><em>quinque.</em></strong></span> <span class='ocrx_word' id='word_1_290' title='bbox 1617 2687 1770 2761; x_wconf 83' lang='lat' dir='ltr'><strong><em>Legit</em></strong></span> <span class='ocrx_word' id='word_1_291' title='bbox 1798 2690 2026 2750; x_wconf 77' lang='lat' dir='ltr'><strong><em>I’ltotius</em></strong></span> <span class='ocrx_word' id='word_1_292' title='bbox 2051 2697 2106 2751; x_wconf 89' lang='lat' dir='ltr'><strong><em>in</em></strong></span> 
     </span>
    </p>
   </div>
   <div class='ocr_carea' id='block_1_42' title="bbox 534 2765 2110 2858">
    <p class='ocr_par' dir='ltr' id='par_1_42' title="bbox 534 2765 2110 2858">
     <span class='ocr_line' id='line_1_42' title="bbox 534 2765 2110 2858; baseline 0.015 -38"><span class='ocrx_word' id='word_1_293' title='bbox 534 2765 864 2822; x_wconf 79' lang='lat' dir='ltr'><strong><em>Bibliotheca</em></strong></span> <span class='ocrx_word' id='word_1_294' title='bbox 892 2771 1014 2825; x_wconf 91' lang='lat' dir='ltr'><strong><em>cod.</em></strong></span> <span class='ocrx_word' id='word_1_295' title='bbox 1053 2773 1158 2826; x_wconf 78' lang='grc'><strong><em>177</em></strong></span> <span class='ocrx_word' id='word_1_296' title='bbox 1187 2792 1200 2829; x_wconf 92' lang='lat'><strong>:</strong></span> <span class='ocrx_word' id='word_1_297' title='bbox 1246 2777 1584 2851; x_wconf 83' lang='grc' dir='ltr'>Ἀνεγνὼσθη</span> <span class='ocrx_word' id='word_1_298' title='bbox 1610 2781 1812 2851; x_wconf 79' lang='grc' dir='ltr'>βίϐλιον</span> <span class='ocrx_word' id='word_1_299' title='bbox 1845 2779 1904 2838; x_wconf 77' lang='grc' dir='ltr'>οὗ</span> <span class='ocrx_word' id='word_1_300' title='bbox 1933 2791 1964 2858; x_wconf 83' lang='grc' dir='ltr'>ἡ</span> <span class='ocrx_word' id='word_1_301' title='bbox 1997 2789 2110 2843; x_wconf 76' lang='grc' dir='ltr'>ἐπι-</span> 
     </span>
    </p>
   </div>
   <div class='ocr_carea' id='block_1_43' title="bbox 533 2859 2108 2942">
    <p class='ocr_par' dir='ltr' id='par_1_43' title="bbox 533 2859 2108 2942">
     <span class='ocr_line' id='line_1_43' title="bbox 533 2859 2108 2942; baseline 0.015 -33"><span class='ocrx_word' id='word_1_302' title='bbox 533 2859 742 2928; x_wconf 77' lang='grc' dir='ltr'>γραφὴ,</span> <span class='ocrx_word' id='word_1_303' title='bbox 804 2861 1103 2931; x_wconf 81' lang='grc' dir='ltr'><strong><em>Θεοδώρου</em></strong></span> <span class='ocrx_word' id='word_1_304' title='bbox 1165 2866 1529 2937; x_wconf 74' lang='grc' dir='ltr'><strong><em>Ἀντιοχέως,</em></strong></span> <span class='ocrx_word' id='word_1_305' title='bbox 1583 2874 1611 2924; x_wconf 86' lang='grc' dir='ltr'>ὁ</span> <span class='ocrx_word' id='word_1_306' title='bbox 1654 2874 2001 2942; x_wconf 68' lang='grc' dir='ltr'>Μοψουστίας</span> <span class='ocrx_word' id='word_1_307' title='bbox 2051 2881 2108 2933; x_wconf 80' lang='grc' dir='ltr'><strong><em>δέ</em></strong></span> 
     </span>
    </p>
   </div>
   <div class='ocr_carea' id='block_1_44' title="bbox 533 2951 2108 3036">
    <p class='ocr_par' dir='ltr' id='par_1_44' title="bbox 533 2951 2108 3036">
     <span class='ocr_line' id='line_1_44' title="bbox 533 2951 2108 3036; baseline 0.015 -35"><span class='ocrx_word' id='word_1_308' title='bbox 533 2951 702 3016; x_wconf 83' lang='grc' dir='ltr'>ἐστιν,</span> <span class='ocrx_word' id='word_1_309' title='bbox 725 2951 800 3016; x_wconf 86' lang='grc' dir='ltr'><strong><em>ὡς</em></strong></span> <span class='ocrx_word' id='word_1_310' title='bbox 825 2953 930 3006; x_wconf 84' lang='grc' dir='ltr'><strong><em>ἀπό</em></strong></span> <span class='ocrx_word' id='word_1_311' title='bbox 959 2971 1118 3008; x_wconf 89' lang='grc' dir='ltr'>τινων</span> <span class='ocrx_word' id='word_1_312' title='bbox 1142 2956 1437 3014; x_wconf 79' lang='grc' dir='ltr'>ἐπιστολῶν</span> <span class='ocrx_word' id='word_1_313' title='bbox 1465 2962 1755 3036; x_wconf 83' lang='grc' dir='ltr'>ἐμάθομεν,</span> <span class='ocrx_word' id='word_1_314' title='bbox 1779 2969 1937 3036; x_wconf 83' lang='grc' dir='ltr'>Πρὸς</span> <span class='ocrx_word' id='word_1_315' title='bbox 1969 2971 2108 3036; x_wconf 82' lang='grc' dir='ltr'>τοὺς</span> 
     </span>
    </p>
   </div>
   <div class='ocr_carea' id='block_1_45' title="bbox 533 3042 2108 3128">
    <p class='ocr_par' dir='ltr' id='par_1_45' title="bbox 533 3042 2108 3128">
     <span class='ocr_line' id='line_1_45' title="bbox 533 3042 2108 3128; baseline 0.014 -31"><span class='ocrx_word' id='word_1_316' title='bbox 533 3042 846 3115; x_wconf 71' lang='grc' dir='ltr'>λέγοντας,</span> <span class='ocrx_word' id='word_1_317' title='bbox 887 3050 1068 3118; x_wconf 66' lang='grc' dir='ltr'>φύσει</span> <span class='ocrx_word' id='word_1_318' title='bbox 1091 3051 1190 3106; x_wconf 80' lang='grc' dir='ltr'>καὶ</span> <span class='ocrx_word' id='word_1_319' title='bbox 1227 3055 1298 3107; x_wconf 84' lang='grc' dir='ltr'><strong><em>οὐ</em></strong></span> <span class='ocrx_word' id='word_1_320' title='bbox 1330 3054 1530 3125; x_wconf 74' lang='grc' dir='ltr'>γνώμῃ</span> <span class='ocrx_word' id='word_1_321' title='bbox 1557 3060 1789 3113; x_wconf 74' lang='grc' dir='ltr'>πταίειν</span> <span class='ocrx_word' id='word_1_322' title='bbox 1821 3063 1962 3128; x_wconf 83' lang='grc' dir='ltr'>τοὺς</span> <span class='ocrx_word' id='word_1_323' title='bbox 1999 3066 2108 3118; x_wconf 75' lang='grc' dir='ltr'><strong><em>ἀν·-</em></strong></span> 
     </span>
    </p>
   </div>
   <div class='ocr_carea' id='block_1_46' title="bbox 535 3134 2108 3224">
    <p class='ocr_par' dir='ltr' id='par_1_46' title="bbox 535 3134 2108 3224">
     <span class='ocr_line' id='line_1_46' title="bbox 535 3134 2108 3224; baseline 0.013 -36"><span class='ocrx_word' id='word_1_324' title='bbox 535 3134 824 3203; x_wconf 77' lang='grc' dir='ltr'>θρώπους.</span> <span class='ocrx_word' id='word_1_325' title='bbox 867 3141 1280 3211; x_wconf 82' lang='grc' dir='ltr'>Διαπεραίνεται</span> <span class='ocrx_word' id='word_1_326' title='bbox 1323 3145 1422 3215; x_wconf 87' lang='grc' dir='ltr'><strong><em>μὲν</em></strong></span> <span class='ocrx_word' id='word_1_327' title='bbox 1471 3147 1618 3216; x_wconf 86' lang='grc' dir='ltr'>αὐτῷ</span> <span class='ocrx_word' id='word_1_328' title='bbox 1665 3153 1692 3203; x_wconf 89' lang='grc' dir='ltr'><strong><em>ό</em></strong></span> <span class='ocrx_word' id='word_1_329' title='bbox 1735 3151 1869 3224; x_wconf 74' lang='grc' dir='ltr'>πρὸς</span> <span class='ocrx_word' id='word_1_330' title='bbox 1913 3155 2108 3220; x_wconf 80' lang='grc' dir='ltr'>αὐτοὺς</span> 
     </span>
    </p>
   </div>
   <div class='ocr_carea' id='block_1_47' title="bbox 537 3225 2110 3309">
    <p class='ocr_par' dir='ltr' id='par_1_47' title="bbox 537 3225 2110 3309">
     <span class='ocr_line' id='line_1_47' title="bbox 537 3225 2110 3309; baseline 0.015 -31"><span class='ocrx_word' id='word_1_331' title='bbox 537 3225 686 3294; x_wconf 85' lang='grc' dir='ltr'>ἁγὼν</span> <span class='ocrx_word' id='word_1_332' title='bbox 706 3229 764 3281; x_wconf 90' lang='grc' dir='ltr'>ἐν</span> <span class='ocrx_word' id='word_1_333' title='bbox 783 3226 960 3298; x_wconf 85' lang='grc' dir='ltr'>λόγοις</span> <span class='ocrx_word' id='word_1_334' title='bbox 988 3231 1169 3298; x_wconf 81' lang='grc' dir='ltr'>πέντε,</span> <span class='ocrx_word' id='word_1_335' title='bbox 1196 3235 1331 3306; x_wconf 80' lang='grc' dir='ltr'>πρὸς</span> <span class='ocrx_word' id='word_1_336' title='bbox 1350 3236 1407 3289; x_wconf 82' lang='grc' dir='ltr'><strong><em>δέ</em></strong></span> <span class='ocrx_word' id='word_1_337' title='bbox 1427 3239 1552 3302; x_wconf 80' lang='grc' dir='ltr'>τοὺς</span> <span class='ocrx_word' id='word_1_338' title='bbox 1585 3240 1690 3293; x_wconf 84' lang='grc' dir='ltr'><strong><em>ἀπὸ</em></strong></span> <span class='ocrx_word' id='word_1_339' title='bbox 1721 3242 1922 3309; x_wconf 82' lang='grc' dir='ltr'>δύσεως</span> <span class='ocrx_word' id='word_1_340' title='bbox 1950 3247 2110 3302; x_wconf 79' lang='grc' dir='ltr'>τοῦτο</span> 
     </span>
    </p>
   </div>
   <div class='ocr_carea' id='block_1_48' title="bbox 536 3318 2112 3402">
    <p class='ocr_par' dir='ltr' id='par_1_48' title="bbox 536 3318 2112 3402">
     <span class='ocr_line' id='line_1_48' title="bbox 536 3318 2112 3402; baseline 0.014 -32"><span class='ocrx_word' id='word_1_341' title='bbox 536 3318 598 3370; x_wconf 83' lang='grc' dir='ltr'>τὸ</span> <span class='ocrx_word' id='word_1_342' title='bbox 629 3319 841 3391; x_wconf 86' lang='grc' dir='ltr'>νόσημα</span> <span class='ocrx_word' id='word_1_343' title='bbox 891 3326 1246 3396; x_wconf 75' lang='grc' dir='ltr'><strong><em>νενοσηκότας</em></strong></span> <span class='ocrx_word' id='word_1_344' title='bbox 1295 3329 1496 3400; x_wconf 74' lang='grc' dir='ltr'>γράφει</span> <span class='ocrx_word' id='word_1_345' title='bbox 1545 3331 1606 3384; x_wconf 80' lang='grc' dir='ltr'>τὸ</span> <span class='ocrx_word' id='word_1_346' title='bbox 1653 3333 1875 3402; x_wconf 85' lang='grc' dir='ltr'>βιϐλίον,</span> <span class='ocrx_word' id='word_1_347' title='bbox 1906 3329 1980 3391; x_wconf 85' lang='grc' dir='ltr'>ὧν</span> <span class='ocrx_word' id='word_1_348' title='bbox 2018 3342 2112 3394; x_wconf 79' lang='grc' dir='ltr'>καὶ</span> 
     </span>
    </p>
   </div>
   <div class='ocr_carea' id='block_1_49' title="bbox 537 3412 2113 3502">
    <p class='ocr_par' dir='ltr' id='par_1_49' title="bbox 537 3412 2113 3502">
     <span class='ocr_line' id='line_1_49' title="bbox 537 3412 2113 3502; baseline 0.014 -40"><span class='ocrx_word' id='word_1_349' title='bbox 537 3413 638 3481; x_wconf 80' lang='grc' dir='ltr'>τῆς</span> <span class='ocrx_word' id='word_1_350' title='bbox 670 3412 931 3482; x_wconf 78' lang='grc' dir='ltr'>αἱρέσεως</span> <span class='ocrx_word' id='word_1_351' title='bbox 967 3415 1208 3488; x_wconf 84' lang='grc' dir='ltr'>ἀρχηγὸν</span> <span class='ocrx_word' id='word_1_352' title='bbox 1239 3419 1385 3488; x_wconf 82' lang='grc' dir='ltr'>λέγει</span> <span class='ocrx_word' id='word_1_353' title='bbox 1424 3423 1694 3490; x_wconf 84' lang='grc' dir='ltr'>γενέσθαι.</span> <span class='ocrx_word' id='word_1_354' title='bbox 1737 3426 1974 3484; x_wconf 79' lang='grc' dir='ltr'>Ἐκεῖθεν</span> <span class='ocrx_word' id='word_1_355' title='bbox 2013 3432 2113 3502; x_wconf 79' lang='grc' dir='ltr'><strong><em>μὲν</em></strong></span> 
     </span>
    </p>
   </div>
   <div class='ocr_carea' id='block_1_50' title="bbox 538 3502 2116 3589">
    <p class='ocr_par' dir='ltr' id='par_1_50' title="bbox 538 3502 2116 3589">
     <span class='ocr_line' id='line_1_50' title="bbox 538 3502 2116 3589; baseline 0.015 -35"><span class='ocrx_word' id='word_1_356' title='bbox 538 3502 876 3575; x_wconf 84' lang='grc' dir='ltr'>ὁρμώμενον,</span> <span class='ocrx_word' id='word_1_357' title='bbox 906 3511 1017 3572; x_wconf 81' lang='grc' dir='ltr'>τοῖς</span> <span class='ocrx_word' id='word_1_358' title='bbox 1044 3509 1099 3562; x_wconf 79' lang='grc' dir='ltr'>δὲ</span> <span class='ocrx_word' id='word_1_359' title='bbox 1132 3511 1230 3582; x_wconf 82' lang='grc' dir='ltr'><strong><em>τῆς</em></strong></span> <span class='ocrx_word' id='word_1_360' title='bbox 1267 3513 1532 3584; x_wconf 80' lang='grc' dir='ltr'>ἀνατολῆς</span> <span class='ocrx_word' id='word_1_361' title='bbox 1560 3517 1990 3589; x_wconf 79' lang='grc' dir='ltr'>ἐπιχωριάζοντα</span> <span class='ocrx_word' id='word_1_362' title='bbox 2027 3524 2116 3578; x_wconf 81' lang='grc' dir='ltr'>τό-</span> 
     </span>
    </p>
   </div>
   <div class='ocr_carea' id='block_1_51' title="bbox 542 3598 2116 3683">
    <p class='ocr_par' dir='ltr' id='par_1_51' title="bbox 542 3598 2116 3683">
     <span class='ocr_line' id='line_1_51' title="bbox 542 3598 2116 3683; baseline 0.015 -37"><span class='ocrx_word' id='word_1_363' title='bbox 542 3611 686 3659; x_wconf 85' lang='grc' dir='ltr'>ποις,</span> <span class='ocrx_word' id='word_1_364' title='bbox 719 3598 813 3651; x_wconf 71' lang='grc' dir='ltr'>καὶ</span> <span class='ocrx_word' id='word_1_365' title='bbox 841 3600 1201 3658; x_wconf 80' lang='grc' dir='ltr'>συντάττοντα</span> <span class='ocrx_word' id='word_1_366' title='bbox 1225 3603 1415 3673; x_wconf 73' lang='grc' dir='ltr'>λόγους</span> <span class='ocrx_word' id='word_1_367' title='bbox 1443 3608 1582 3679; x_wconf 81' lang='grc' dir='ltr'>ὑπὲρ</span> <span class='ocrx_word' id='word_1_368' title='bbox 1604 3610 1705 3679; x_wconf 82' lang='grc' dir='ltr'>τῆς</span> <span class='ocrx_word' id='word_1_369' title='bbox 1729 3616 2116 3683; x_wconf 79' lang='grc' dir='ltr'>καινοποιηθείο</span> 
     </span>
    </p>
   </div>
   <div class='ocr_carea' id='block_1_52' title="bbox 544 3686 2114 3770">
    <p class='ocr_par' dir='ltr' id='par_1_52' title="bbox 544 3686 2114 3770">
     <span class='ocr_line' id='line_1_52' title="bbox 544 3686 2114 3770; baseline 0.012 -35"><span class='ocrx_word' id='word_1_370' title='bbox 544 3699 644 3754; x_wconf 80' lang='grc' dir='ltr'><strong><em>σης</em></strong></span> <span class='ocrx_word' id='word_1_371' title='bbox 669 3686 816 3756; x_wconf 81' lang='grc' dir='ltr'>αὐτῷ</span> <span class='ocrx_word' id='word_1_372' title='bbox 846 3689 1126 3760; x_wconf 86' lang='grc' dir='ltr'>αἱρέσεως,</span> <span class='ocrx_word' id='word_1_373' title='bbox 1154 3691 1479 3764; x_wconf 71' lang='grc' dir='ltr'>διαπέμπειν</span> <span class='ocrx_word' id='word_1_374' title='bbox 1500 3698 1609 3760; x_wconf 86' lang='grc' dir='ltr'>τοῖς</span> <span class='ocrx_word' id='word_1_375' title='bbox 1629 3697 1690 3749; x_wconf 82' lang='grc' dir='ltr'><strong><em>τὸ</em></strong></span> <span class='ocrx_word' id='word_1_376' title='bbox 1711 3699 1960 3770; x_wconf 82' lang='grc' dir='ltr'>πατρῷον</span> <span class='ocrx_word' id='word_1_377' title='bbox 1992 3701 2114 3754; x_wconf 78' lang='grc' dir='ltr'>ἔδα-</span> 
     </span>
    </p>
   </div>
   <div class='ocr_carea' id='block_1_53' title="bbox 544 3776 2118 3864">
    <p class='ocr_par' dir='ltr' id='par_1_53' title="bbox 544 3776 2118 3864">
     <span class='ocr_line' id='line_1_53' title="bbox 544 3776 2118 3864; baseline 0.013 -38"><span class='ocrx_word' id='word_1_378' title='bbox 544 3791 641 3841; x_wconf 66' lang='grc' dir='ltr'><strong><em>φος</em></strong></span> <span class='ocrx_word' id='word_1_379' title='bbox 688 3777 951 3833; x_wconf 59' lang='grc' dir='ltr'>οἰκοῦσιν</span> <span class='ocrx_word' id='word_1_380' title='bbox 988 3781 1076 3852; x_wconf 77' lang='grc' dir='ltr'><strong><em>ὑφ’</em></strong></span> <span class='ocrx_word' id='word_1_381' title='bbox 1118 3776 1192 3836; x_wconf 85' lang='grc' dir='ltr'><strong><em>ὧν</em></strong></span> <span class='ocrx_word' id='word_1_382' title='bbox 1244 3786 1338 3838; x_wconf 67' lang='grc' dir='ltr'>καὶ</span> <span class='ocrx_word' id='word_1_383' title='bbox 1393 3787 1618 3852; x_wconf 83' lang='grc' dir='ltr'>πολλοὺς</span> <span class='ocrx_word' id='word_1_384' title='bbox 1664 3790 1839 3842; x_wconf 82' lang='grc' dir='ltr'>ἐκεῖσε</span> <span class='ocrx_word' id='word_1_385' title='bbox 1879 3793 2014 3864; x_wconf 81' lang='grc' dir='ltr'>πρὸς</span> <span class='ocrx_word' id='word_1_386' title='bbox 2057 3793 2118 3846; x_wconf 83' lang='grc' dir='ltr'>τὸ</span> 
     </span>
    </p>
   </div>
   <div class='ocr_carea' id='block_1_54' title="bbox 542 3867 2118 3949">
    <p class='ocr_par' dir='ltr' id='par_1_54' title="bbox 542 3867 2118 3949">
     <span class='ocr_line' id='line_1_54' title="bbox 542 3867 2118 3949; baseline 0.012 -32"><span class='ocrx_word' id='word_1_387' title='bbox 542 3867 739 3919; x_wconf 81' lang='grc' dir='ltr'>οἰκεῖον</span> <span class='ocrx_word' id='word_1_388' title='bbox 779 3869 1032 3940; x_wconf 77' lang='grc' dir='ltr'>φρόνημα</span> <span class='ocrx_word' id='word_1_389' title='bbox 1079 3872 1322 3939; x_wconf 78' lang='grc' dir='ltr'>ἑλκύσαι,</span> <span class='ocrx_word' id='word_1_390' title='bbox 1371 3875 1446 3934; x_wconf 75' lang='grc' dir='ltr'>ὡς</span> <span class='ocrx_word' id='word_1_391' title='bbox 1493 3877 1586 3929; x_wconf 74' lang='grc' dir='ltr'>καὶ</span> <span class='ocrx_word' id='word_1_392' title='bbox 1627 3878 1950 3949; x_wconf 74' lang='grc' dir='ltr'>Ἐκκλησίας</span> <span class='ocrx_word' id='word_1_393' title='bbox 1991 3881 2118 3945; x_wconf 84' lang='grc' dir='ltr'>ὅλας</span> 
     </span>
    </p>
   </div>
   <div class='ocr_carea' id='block_1_55' title="bbox 541 3957 2119 4047">
    <p class='ocr_par' dir='ltr' id='par_1_55' title="bbox 541 3957 2119 4047">
     <span class='ocr_line' id='line_1_55' title="bbox 541 3957 2119 4047; baseline 0.011 -37"><span class='ocrx_word' id='word_1_394' title='bbox 541 3957 636 4011; x_wconf 79' lang='grc' dir='ltr'><strong><em>τοῦ</em></strong></span> <span class='ocrx_word' id='word_1_395' title='bbox 667 3959 836 4031; x_wconf 79' lang='grc' dir='ltr'>ἁτοπή</span> <span class='ocrx_word' id='word_1_396' title='bbox 847 3978 1012 4029; x_wconf 85' lang='grc' dir='ltr'>ματος</span> <span class='ocrx_word' id='word_1_397' title='bbox 1036 3962 1383 4047; x_wconf 70' lang='grc' dir='ltr'>πλῃρωθῆναι</span> <span class='ocrx_word' id='word_1_398' title='bbox 1409 3984 1423 3998; x_wconf 77' lang='grc' dir='ltr'><strong>ο</strong></span> <span class='ocrx_word' id='word_1_399' title='bbox 1458 3965 1672 4021; x_wconf 85' lang='lat' dir='ltr'><strong><em>Lectum</em></strong></span> <span class='ocrx_word' id='word_1_400' title='bbox 1697 3979 1775 4022; x_wconf 91' lang='lat' dir='ltr'><strong><em>est</em></strong></span> <span class='ocrx_word' id='word_1_401' title='bbox 1797 3986 1925 4038; x_wconf 90' lang='lat' dir='ltr'><strong><em>opus</em></strong></span> <span class='ocrx_word' id='word_1_402' title='bbox 1955 3970 2119 4027; x_wconf 82' lang='lat' dir='ltr'><strong><em>Theo-</em></strong></span> 
     </span>
    </p>
   </div>
   <div class='ocr_carea' id='block_1_56' title="bbox 543 4049 2119 4132">
    <p class='ocr_par' dir='ltr' id='par_1_56' title="bbox 543 4049 2119 4132">
     <span class='ocr_line' id='line_1_56' title="bbox 543 4049 2119 4132; baseline 0.01 -30"><span class='ocrx_word' id='word_1_403' title='bbox 543 4049 663 4104; x_wconf 89' lang='lat' dir='ltr'><strong><em>dori</em></strong></span> <span class='ocrx_word' id='word_1_404' title='bbox 702 4053 1033 4118; x_wconf 80' lang='lat' dir='ltr'><strong><em>Antiocheni,</em></strong></span> <span class='ocrx_word' id='word_1_405' title='bbox 1063 4057 1153 4126; x_wconf 90' lang='lat' dir='ltr'><strong><em>qui</em></strong></span> <span class='ocrx_word' id='word_1_406' title='bbox 1182 4055 1581 4124; x_wconf 81' lang='lat' dir='ltr'><strong><em>Mopsuestenus</em></strong></span> <span class='ocrx_word' id='word_1_407' title='bbox 1610 4061 1700 4115; x_wconf 90' lang='lat' dir='ltr'><strong><em>ille</em></strong></span> <span class='ocrx_word' id='word_1_408' title='bbox 1722 4063 1990 4132; x_wconf 84' lang='lat' dir='ltr'><strong><em>episcopus</em></strong></span> <span class='ocrx_word' id='word_1_409' title='bbox 2016 4075 2119 4129; x_wconf 86' lang='lat' dir='ltr'><strong><em>est,</em></strong></span> 
     </span>
    </p>
   </div>
   <div class='ocr_carea' id='block_1_57' title="bbox 543 4145 2116 4219">
    <p class='ocr_par' dir='ltr' id='par_1_57' title="bbox 543 4145 2116 4219">
     <span class='ocr_line' id='line_1_57' title="bbox 543 4145 2116 4219; baseline 0.008 -25"><span class='ocrx_word' id='word_1_410' title='bbox 543 4151 602 4195; x_wconf 86' lang='lat' dir='ltr'><strong><em>ut</em></strong></span> <span class='ocrx_word' id='word_1_411' title='bbox 631 4158 696 4196; x_wconf 72' lang='lat' dir='ltr'><strong><em>ea:</em></strong></span> <span class='ocrx_word' id='word_1_412' title='bbox 728 4145 1043 4213; x_wconf 87' lang='lat' dir='ltr'><strong><em>quibusdam</em></strong></span> <span class='ocrx_word' id='word_1_413' title='bbox 1089 4148 1328 4211; x_wconf 83' lang='lat' dir='ltr'><strong><em>epistolis</em></strong></span> <span class='ocrx_word' id='word_1_414' title='bbox 1374 4152 1732 4219; x_wconf 85' lang='lat' dir='ltr'><strong><em>cognovimus,</em></strong></span> <span class='ocrx_word' id='word_1_415' title='bbox 1766 4153 1862 4205; x_wconf 88' lang='lat' dir='ltr'><strong><em>hoc</em></strong></span> <span class='ocrx_word' id='word_1_416' title='bbox 1919 4155 2071 4207; x_wconf 84' lang='lat' dir='ltr'><strong><em>titulo</em></strong></span> <span class='ocrx_word' id='word_1_417' title='bbox 2098 4171 2116 4208; x_wconf 91' lang='lat'><strong><em>:</em></strong></span> 
     </span>
    </p>
   </div>
   <div class='ocr_carea' id='block_1_58' title="bbox 543 4233 2116 4308">
    <p class='ocr_par' dir='ltr' id='par_1_58' title="bbox 543 4233 2116 4308">
     <span class='ocr_line' id='line_1_58' title="bbox 543 4233 2116 4308; baseline 0.008 -21"><span class='ocrx_word' id='word_1_418' title='bbox 543 4233 746 4288; x_wconf 82' lang='lat' dir='ltr'><strong><em>Contra</em></strong></span> <span class='ocrx_word' id='word_1_419' title='bbox 798 4245 1110 4293; x_wconf 83' lang='lat' dir='ltr'><strong><em>asserentes</em></strong></span> <span class='ocrx_word' id='word_1_420' title='bbox 1150 4254 1381 4308; x_wconf 87' lang='lat' dir='ltr'><strong><em>peccare</em></strong></span> <span class='ocrx_word' id='word_1_421' title='bbox 1430 4241 1680 4296; x_wconf 86' lang='lat' dir='ltr'><strong><em>homines</em></strong></span> <span class='ocrx_word' id='word_1_422' title='bbox 1740 4254 1957 4307; x_wconf 81' lang='lat' dir='ltr'><strong><em>natura,</em></strong></span> <span class='ocrx_word' id='word_1_423' title='bbox 2008 4262 2116 4300; x_wconf 92' lang='lat' dir='ltr'><strong><em>non</em></strong></span> 
     </span>
    </p>
   </div>
   <div class='ocr_carea' id='block_1_59' title="bbox 545 4325 2116 4401">
    <p class='ocr_par' dir='ltr' id='par_1_59' title="bbox 545 4325 2116 4401">
     <span class='ocr_line' id='line_1_59' title="bbox 545 4325 2116 4401; baseline 0.008 -25"><span class='ocrx_word' id='word_1_424' title='bbox 545 4325 843 4379; x_wconf 82' lang='lat' dir='ltr'><strong><em>voluntate.</em></strong></span> <span class='ocrx_word' id='word_1_425' title='bbox 889 4326 966 4380; x_wconf 86' lang='lat' dir='ltr'><strong><em>Ea</em></strong></span> <span class='ocrx_word' id='word_1_426' title='bbox 1014 4328 1305 4397; x_wconf 85' lang='lat' dir='ltr'><strong><em>disputatio</em></strong></span> <span class='ocrx_word' id='word_1_427' title='bbox 1339 4333 1562 4401; x_wconf 87' lang='lat' dir='ltr'><strong><em>quinque</em></strong></span> <span class='ocrx_word' id='word_1_428' title='bbox 1611 4333 1760 4387; x_wconf 86' lang='lat' dir='ltr'><strong><em>libris</em></strong></span> <span class='ocrx_word' id='word_1_429' title='bbox 1796 4336 2116 4400; x_wconf 87' lang='lat' dir='ltr'><strong><em>absolvitur,</em></strong></span> 
     </span>
    </p>
   </div>
   <div class='ocr_carea' id='block_1_60' title="bbox 545 4416 2116 4496">
    <p class='ocr_par' dir='ltr' id='par_1_60' title="bbox 545 4416 2116 4496">
     <span class='ocr_line' id='line_1_60' title="bbox 545 4416 2116 4496; baseline 0.01 -30"><span class='ocrx_word' id='word_1_430' title='bbox 545 4431 676 4484; x_wconf 89' lang='lat' dir='ltr'><strong><em>quos</em></strong></span> <span class='ocrx_word' id='word_1_431' title='bbox 707 4416 956 4472; x_wconf 76' lang='lat' dir='ltr'><strong><em>adversus</em></strong></span> <span class='ocrx_word' id='word_1_432' title='bbox 986 4421 1334 4475; x_wconf 84' lang='lat' dir='ltr'><strong><em>occidentales</em></strong></span> <span class='ocrx_word' id='word_1_433' title='bbox 1365 4422 1462 4475; x_wconf 90' lang='lat' dir='ltr'><strong><em>hac</em></strong></span> <span class='ocrx_word' id='word_1_434' title='bbox 1493 4424 1856 4493; x_wconf 74' lang='lat' dir='ltr'><strong><em>lubeinfeclos</em></strong></span> <span class='ocrx_word' id='word_1_435' title='bbox 1885 4429 2116 4496; x_wconf 83' lang='lat' dir='ltr'><strong><em>scripsit.</em></strong></span> 
     </span>
    </p>
   </div>
   <div class='ocr_carea' id='block_1_61' title="bbox 549 4506 2290 4622">
    <p class='ocr_par' dir='ltr' id='par_1_61' title="bbox 549 4506 2290 4622">
     <span class='ocr_line' id='line_1_61' title="bbox 549 4506 2290 4622; baseline 0.007 -61"><span class='ocrx_word' id='word_1_436' title='bbox 549 4506 683 4562; x_wconf 87' lang='lat' dir='ltr'><strong><em>Inde</em></strong></span> <span class='ocrx_word' id='word_1_437' title='bbox 697 4509 836 4562; x_wconf 89' lang='lat' dir='ltr'><strong><em>enim</em></strong></span> <span class='ocrx_word' id='word_1_438' title='bbox 862 4511 1144 4564; x_wconf 84' lang='lat' dir='ltr'><strong><em>oriundum</em></strong></span> <span class='ocrx_word' id='word_1_439' title='bbox 1166 4512 1379 4567; x_wconf 73' lang='lat' dir='ltr'><strong><em>Itazresis</em></strong></span> <span class='ocrx_word' id='word_1_440' title='bbox 1403 4513 1559 4583; x_wconf 85' lang='lat' dir='ltr'><strong><em>hujus</em></strong></span> <span class='ocrx_word' id='word_1_441' title='bbox 1588 4520 1924 4572; x_wconf 89' lang='lat' dir='ltr'><strong><em>auctoremin</em></strong></span> <span class='ocrx_word' id='word_1_442' title='bbox 1953 4521 2120 4574; x_wconf 89' lang='lat' dir='ltr'><strong><em>orien-</em></strong></span> <span class='ocrx_word' id='word_1_443' title='bbox 2151 4543 2194 4597; x_wconf 71' lang='grc' dir='ltr'><strong><em>Ι)</em></strong></span> 
     </span>
     <span class='ocr_line' id='line_1_62' title="bbox 555 4589 2289 4622; baseline 0 -6"><span class='ocrx_word' id='word_1_444' title='bbox 555 4602 616 4622; x_wconf 46' lang='grc' dir='ltr'><strong><em>,εᾼ</em></strong></span> <span class='ocrx_word' id='word_1_445' title='bbox 650 4600 798 4622; x_wconf 45' lang='grc' dir='ltr'><strong><em>,ΑΑΑΑΙ-</em></strong></span> <span class='ocrx_word' id='word_1_446' title='bbox 837 4603 1128 4622; x_wconf 26' lang='grc' dir='ltr'><strong><em>μιῗςῗηξιηῗ</em></strong></span> <span class='ocrx_word' id='word_1_447' title='bbox 1223 4621 1227 4622; x_wconf 22' lang='lat'><em>7</em></span> <span class='ocrx_word' id='word_1_448' title='bbox 1363 4606 1374 4616; x_wconf 75' lang='grc' dir='ltr'><strong><em>α</em></strong></span> <span class='ocrx_word' id='word_1_449' title='bbox 1437 4605 1492 4622; x_wconf 72' lang='grc' dir='ltr'><strong><em>..ι</em></strong></span> <span class='ocrx_word' id='word_1_450' title='bbox 1748 4606 1760 4622; x_wconf 71' lang='grc' dir='ltr'><strong><em>ι</em></strong></span> <span class='ocrx_word' id='word_1_451' title='bbox 2069 4611 2080 4622; x_wconf 80' lang='grc'>,</span> <span class='ocrx_word' id='word_1_452' title='bbox 2267 4589 2289 4602; x_wconf 74' lang='grc'><strong>“¹</strong></span> 
     </span>
    </p>
   </div>
   <div class='ocr_carea' id='block_1_62' title="bbox 551 4600 2120 4675">
    <p class='ocr_par' dir='ltr' id='par_1_62' title="bbox 551 4600 2120 4675">
     <span class='ocr_line' id='line_1_63' title="bbox 551 4600 2120 4675; baseline 0.008 -22"><span class='ocrx_word' id='word_1_453' title='bbox 551 4602 618 4654; x_wconf 90' lang='lat' dir='ltr'><strong><em>tis</em></strong></span> <span class='ocrx_word' id='word_1_454' title='bbox 647 4600 802 4655; x_wconf 90' lang='lat' dir='ltr'><strong><em>modo</em></strong></span> <span class='ocrx_word' id='word_1_455' title='bbox 833 4603 1133 4673; x_wconf 85' lang='lat' dir='ltr'><strong><em>regionibus</em></strong></span> <span class='ocrx_word' id='word_1_456' title='bbox 1175 4606 1397 4667; x_wconf 84' lang='lat' dir='ltr'><strong><em>versari,</em></strong></span> <span class='ocrx_word' id='word_1_457' title='bbox 1432 4605 1695 4675; x_wconf 88' lang='lat' dir='ltr'><strong><em>librosque</em></strong></span> <span class='ocrx_word' id='word_1_458' title='bbox 1727 4606 1789 4661; x_wconf 89' lang='lat' dir='ltr'><strong><em>de</em></strong></span> <span class='ocrx_word' id='word_1_459' title='bbox 1820 4625 1995 4665; x_wconf 90' lang='lat' dir='ltr'><strong><em>recens</em></strong></span> <span class='ocrx_word' id='word_1_460' title='bbox 2029 4611 2120 4666; x_wconf 90' lang='lat' dir='ltr'><strong><em>abs</em></strong></span> 
     </span>
    </p>
   </div>
   <div class='ocr_carea' id='block_1_63' title="bbox 549 4694 2124 4767">
    <p class='ocr_par' dir='ltr' id='par_1_63' title="bbox 549 4694 2124 4767">
     <span class='ocr_line' id='line_1_64' title="bbox 549 4694 2124 4767; baseline 0.007 -23"><span class='ocrx_word' id='word_1_461' title='bbox 549 4709 604 4748; x_wconf 88' lang='lat' dir='ltr'><strong><em>se</em></strong></span> <span class='ocrx_word' id='word_1_462' title='bbox 626 4695 923 4764; x_wconf 73' lang='lat' dir='ltr'><strong><em>excogitata</em></strong></span> <span class='ocrx_word' id='word_1_463' title='bbox 945 4694 1133 4749; x_wconf 82' lang='lat' dir='ltr'><strong><em>hteresi</em></strong></span> <span class='ocrx_word' id='word_1_464' title='bbox 1161 4698 1478 4764; x_wconf 88' lang='lat' dir='ltr'><strong><em>compositos</em></strong></span> <span class='ocrx_word' id='word_1_465' title='bbox 1512 4698 1580 4750; x_wconf 89' lang='lat' dir='ltr'><strong><em>ad</em></strong></span> <span class='ocrx_word' id='word_1_466' title='bbox 1611 4699 1886 4767; x_wconf 82' lang='lat' dir='ltr'><strong><em>populares</em></strong></span> <span class='ocrx_word' id='word_1_467' title='bbox 1917 4718 2039 4755; x_wconf 89' lang='lat' dir='ltr'><strong><em>suos</em></strong></span> <span class='ocrx_word' id='word_1_468' title='bbox 2070 4704 2124 4755; x_wconf 88' lang='lat' dir='ltr'><strong><em>in</em></strong></span> 
     </span>
    </p>
   </div>
   <div class='ocr_carea' id='block_1_64' title="bbox 547 4787 2124 4860">
    <p class='ocr_par' dir='ltr' id='par_1_64' title="bbox 547 4787 2124 4860">
     <span class='ocr_line' id='line_1_65' title="bbox 547 4787 2124 4860; baseline 0.005 -22"><span class='ocrx_word' id='word_1_469' title='bbox 547 4787 778 4854; x_wconf 86' lang='lat' dir='ltr'><strong><em>patriam</em></strong></span> <span class='ocrx_word' id='word_1_470' title='bbox 813 4788 1170 4842; x_wconf 87' lang='lat' dir='ltr'><strong><em>transmittere</em></strong></span> <span class='ocrx_word' id='word_1_471' title='bbox 1199 4798 1444 4849; x_wconf 85' lang='lat' dir='ltr'><strong><em>narrant,</em></strong></span> <span class='ocrx_word' id='word_1_472' title='bbox 1478 4798 1532 4841; x_wconf 90' lang='lat' dir='ltr'><strong><em>ut</em></strong></span> <span class='ocrx_word' id='word_1_473' title='bbox 1556 4790 1673 4856; x_wconf 88' lang='lat' dir='ltr'><strong><em>jam</em></strong></span> <span class='ocrx_word' id='word_1_474' title='bbox 1704 4790 1776 4842; x_wconf 89' lang='lat' dir='ltr'><strong><em>ibi</em></strong></span> <span class='ocrx_word' id='word_1_475' title='bbox 1807 4792 1998 4844; x_wconf 88' lang='lat' dir='ltr'><strong><em>multos</em></strong></span> <span class='ocrx_word' id='word_1_476' title='bbox 2033 4807 2124 4860; x_wconf 87' lang='lat' dir='ltr'><strong><em>per</em></strong></span> 
     </span>
    </p>
   </div>
   <div class='ocr_carea' id='block_1_65' title="bbox 548 4878 2125 4944">
    <p class='ocr_par' dir='ltr' id='par_1_65' title="bbox 548 4878 2125 4944">
     <span class='ocr_line' id='line_1_66' title="bbox 548 4878 2125 4944; baseline 0.004 -16"><span class='ocrx_word' id='word_1_477' title='bbox 548 4878 682 4931; x_wconf 90' lang='lat' dir='ltr'><strong><em>hanc</em></strong></span> <span class='ocrx_word' id='word_1_478' title='bbox 727 4887 896 4932; x_wconf 88' lang='lat' dir='ltr'><strong><em>artem</em></strong></span> <span class='ocrx_word' id='word_1_479' title='bbox 928 4879 985 4931; x_wconf 90' lang='lat' dir='ltr'><strong><em>in</em></strong></span> <span class='ocrx_word' id='word_1_480' title='bbox 1035 4895 1188 4932; x_wconf 88' lang='lat' dir='ltr'><strong><em>suam</em></strong></span> <span class='ocrx_word' id='word_1_481' title='bbox 1241 4881 1558 4944; x_wconf 71' lang='lat' dir='ltr'><strong><em>pertraxerit</em></strong></span> <span class='ocrx_word' id='word_1_482' title='bbox 1609 4884 1949 4942; x_wconf 85' lang='lat' dir='ltr'><strong><em>sententiam,</em></strong></span> <span class='ocrx_word' id='word_1_483' title='bbox 1990 4883 2125 4936; x_wconf 87' lang='lat' dir='ltr'><strong><em>inte-</em></strong></span> 
     </span>
    </p>
   </div>
   <div class='ocr_carea' id='block_1_66' title="bbox 550 4969 2128 5042">
    <p class='ocr_par' dir='ltr' id='par_1_66' title="bbox 550 4969 2128 5042">
     <span class='ocr_line' id='line_1_67' title="bbox 550 4969 2128 5042; baseline 0.004 -21"><span class='ocrx_word' id='word_1_484' title='bbox 550 4985 777 5037; x_wconf 75' lang='lat' dir='ltr'><strong><em>grosque</em></strong></span> <span class='ocrx_word' id='word_1_485' title='bbox 816 4969 948 5024; x_wconf 89' lang='lat' dir='ltr'><strong><em>adeo</em></strong></span> <span class='ocrx_word' id='word_1_486' title='bbox 986 4969 1252 5024; x_wconf 85' lang='lat' dir='ltr'><strong><em>Ecclesias</em></strong></span> <span class='ocrx_word' id='word_1_487' title='bbox 1286 4971 1530 5024; x_wconf 80' lang='lat' dir='ltr'><strong><em>absurdis</em></strong></span> <span class='ocrx_word' id='word_1_488' title='bbox 1573 4970 1682 5026; x_wconf 88' lang='lat' dir='ltr'><strong><em>illis</em></strong></span> <span class='ocrx_word' id='word_1_489' title='bbox 1720 4972 1964 5026; x_wconf 88' lang='lat' dir='ltr'><strong><em>imbuerit</em></strong></span> <span class='ocrx_word' id='word_1_490' title='bbox 2012 4976 2128 5042; x_wconf 85' lang='lat' dir='ltr'><strong><em>opi-</em></strong></span> 
     </span>
    </p>
   </div>
   <div class='ocr_carea' id='block_1_67' title="bbox 551 5060 2124 5133">
    <p class='ocr_par' dir='ltr' id='par_1_67' title="bbox 551 5060 2124 5133">
     <span class='ocr_line' id='line_1_68' title="bbox 551 5060 2124 5133; baseline 0.003 -19"><span class='ocrx_word' id='word_1_491' title='bbox 551 5061 794 5115; x_wconf 88' lang='lat' dir='ltr'><strong><em>nionibus</em></strong></span> <span class='ocrx_word' id='word_1_492' title='bbox 817 5061 917 5133; x_wconf 92' lang='lat' dir='ltr'><strong><em>(a).</em></strong></span> <span class='ocrx_word' id='word_1_493' title='bbox 947 5060 1078 5117; x_wconf 87' lang='lat' dir='ltr'><strong><em>Pete</em></strong></span> <span class='ocrx_word' id='word_1_494' title='bbox 1123 5063 1332 5132; x_wconf 85' lang='lat' dir='ltr'><strong><em>reliqua</em></strong></span> <span class='ocrx_word' id='word_1_495' title='bbox 1366 5062 1434 5115; x_wconf 86' lang='lat' dir='ltr'><strong><em>ab</em></strong></span> <span class='ocrx_word' id='word_1_496' title='bbox 1474 5062 1686 5117; x_wconf 87' lang='lat' dir='ltr'><strong><em>eodem.</em></strong></span> <span class='ocrx_word' id='word_1_497' title='bbox 1729 5064 1788 5116; x_wconf 91' lang='lat' dir='ltr'><strong><em>ln</em></strong></span> <span class='ocrx_word' id='word_1_498' title='bbox 1822 5063 1925 5117; x_wconf 82' lang='lat' dir='ltr'><strong><em>hoc</em></strong></span> <span class='ocrx_word' id='word_1_499' title='bbox 1957 5066 2124 5118; x_wconf 89' lang='lat' dir='ltr'><strong><em>etiam</em></strong></span> 
     </span>
    </p>
   </div>
   <div class='ocr_carea' id='block_1_68' title="bbox 550 5153 2127 5222">
    <p class='ocr_par' dir='ltr' id='par_1_68' title="bbox 550 5153 2127 5222">
     <span class='ocr_line' id='line_1_69' title="bbox 550 5153 2127 5222; baseline 0.003 -17"><span class='ocrx_word' id='word_1_500' title='bbox 550 5154 721 5206; x_wconf 83' lang='lat' dir='ltr'><strong><em>multa</em></strong></span> <span class='ocrx_word' id='word_1_501' title='bbox 750 5168 858 5207; x_wconf 92' lang='lat' dir='ltr'><strong><em>non</em></strong></span> <span class='ocrx_word' id='word_1_502' title='bbox 881 5169 1012 5207; x_wconf 87' lang='lat' dir='ltr'><strong><em>sana</em></strong></span> <span class='ocrx_word' id='word_1_503' title='bbox 1044 5153 1376 5222; x_wconf 86' lang='lat' dir='ltr'><strong><em>inspersisse</em></strong></span> <span class='ocrx_word' id='word_1_504' title='bbox 1405 5153 1544 5209; x_wconf 89' lang='lat' dir='ltr'><strong><em>idem</em></strong></span> <span class='ocrx_word' id='word_1_505' title='bbox 1572 5154 1800 5209; x_wconf 75' lang='lat' dir='ltr'><strong><em>Pltotius</em></strong></span> <span class='ocrx_word' id='word_1_506' title='bbox 1824 5155 2127 5221; x_wconf 80' lang='lat' dir='ltr'><strong><em>adnotavit,</em></strong></span> 
     </span>
    </p>
   </div>
   <div class='ocr_carea' id='block_1_69' title="bbox 548 5244 1767 5316">
    <p class='ocr_par' dir='ltr' id='par_1_69' title="bbox 548 5244 1767 5316">
     <span class='ocr_line' id='line_1_70' title="bbox 548 5244 1767 5316; baseline 0.001 -19"><span class='ocrx_word' id='word_1_507' title='bbox 548 5253 602 5297; x_wconf 89' lang='lat' dir='ltr'><strong><em>et</em></strong></span> <span class='ocrx_word' id='word_1_508' title='bbox 633 5244 945 5316; x_wconf 86' lang='lat' dir='ltr'><strong><em>qualisnam</em></strong></span> <span class='ocrx_word' id='word_1_509' title='bbox 979 5244 1080 5299; x_wconf 80' lang='lat' dir='ltr'><strong><em>l‘uit</em></strong></span> <span class='ocrx_word' id='word_1_510' title='bbox 1111 5246 1166 5300; x_wconf 91' lang='lat' dir='ltr'><strong><em>in</em></strong></span> <span class='ocrx_word' id='word_1_511' title='bbox 1192 5261 1257 5301; x_wconf 91' lang='lat' dir='ltr'><strong><em>eo</em></strong></span> <span class='ocrx_word' id='word_1_512' title='bbox 1280 5261 1444 5314; x_wconf 87' lang='lat' dir='ltr'><strong><em>opere</em></strong></span> <span class='ocrx_word' id='word_1_513' title='bbox 1473 5249 1767 5315; x_wconf 82' lang='lat' dir='ltr'><strong><em>expressit.</em></strong></span> 
     </span>
    </p>
   </div>
   <div class='ocr_carea' id='block_1_70' title="bbox 623 5356 2125 5428">
    <p class='ocr_par' dir='ltr' id='par_1_70' title="bbox 623 5356 2125 5428">
     <span class='ocr_line' id='line_1_71' title="bbox 623 5356 2125 5428; baseline -0.001 -16"><span class='ocrx_word' id='word_1_514' title='bbox 623 5356 768 5427; x_wconf 89' lang='lat' dir='ltr'><strong><em>Opus</em></strong></span> <span class='ocrx_word' id='word_1_515' title='bbox 799 5359 1104 5428; x_wconf 81' lang='lat' dir='ltr'><strong><em>mysticum.</em></strong></span> <span class='ocrx_word' id='word_1_516' title='bbox 1129 5357 1209 5411; x_wconf 78' lang='lat' dir='ltr'><strong><em>Ex</em></strong></span> <span class='ocrx_word' id='word_1_517' title='bbox 1243 5358 1404 5427; x_wconf 88' lang='lat' dir='ltr'><strong><em>cujus</em></strong></span> <span class='ocrx_word' id='word_1_518' title='bbox 1435 5357 1576 5410; x_wconf 88' lang='lat' dir='ltr'><strong><em>libro</em></strong></span> <span class='ocrx_word' id='word_1_519' title='bbox 1608 5358 1774 5410; x_wconf 89' lang='lat' dir='ltr'><strong><em>tertio</em></strong></span> <span class='ocrx_word' id='word_1_520' title='bbox 1796 5356 2010 5412; x_wconf 88' lang='lat' dir='ltr'><strong><em>decimo</em></strong></span> <span class='ocrx_word' id='word_1_521' title='bbox 2037 5373 2125 5412; x_wconf 90' lang='lat' dir='ltr'><strong><em>re-</em></strong></span> 
     </span>
    </p>
   </div>
   <div class='ocr_carea' id='block_1_71' title="bbox 552 5445 2128 5520">
    <p class='ocr_par' dir='ltr' id='par_1_71' title="bbox 552 5445 2128 5520">
     <span class='ocr_line' id='line_1_72' title="bbox 552 5445 2128 5520; baseline 0.001 -22"><span class='ocrx_word' id='word_1_522' title='bbox 552 5446 688 5499; x_wconf 82' lang='lat' dir='ltr'><strong><em>citat</em></strong></span> <span class='ocrx_word' id='word_1_523' title='bbox 706 5447 1000 5502; x_wconf 78' lang='lat' dir='ltr'><strong><em>Facundos</em></strong></span> <span class='ocrx_word' id='word_1_524' title='bbox 1025 5447 1122 5502; x_wconf 87' lang='lat' dir='ltr'><strong><em>lib.</em></strong></span> <span class='ocrx_word' id='word_1_525' title='bbox 1153 5463 1236 5509; x_wconf 87' lang='lat' dir='ltr'><strong><em>tu,</em></strong></span> <span class='ocrx_word' id='word_1_526' title='bbox 1255 5463 1375 5520; x_wconf 88' lang='lat' dir='ltr'><strong><em>cap.</em></strong></span> <span class='ocrx_word' id='word_1_527' title='bbox 1406 5447 1458 5512; x_wconf 82' lang='grc'>1,</span> <span class='ocrx_word' id='word_1_528' title='bbox 1487 5447 1650 5502; x_wconf 76' lang='lat' dir='ltr'><strong><em>verba</em></strong></span> <span class='ocrx_word' id='word_1_529' title='bbox 1679 5455 1872 5500; x_wconf 86' lang='lat' dir='ltr'><strong><em>contra</em></strong></span> <span class='ocrx_word' id='word_1_530' title='bbox 1904 5445 2128 5500; x_wconf 83' lang='lat' dir='ltr'><strong><em>Paulum</em></strong></span> 
     </span>
    </p>
   </div>
   <div class='ocr_carea' id='block_1_72' title="bbox 555 5531 996 5591">
    <p class='ocr_par' dir='ltr' id='par_1_72' title="bbox 555 5531 996 5591">
     <span class='ocr_line' id='line_1_73' title="bbox 555 5531 996 5591; baseline 0.014 -6"><span class='ocrx_word' id='word_1_531' title='bbox 555 5531 996 5591; x_wconf 81' lang='lat' dir='ltr'><strong><em>Samosatenum.</em></strong></span> 
     </span>
    </p>
   </div>
   <div class='ocr_carea' id='block_1_73' title="bbox 630 5642 2126 5715">
    <p class='ocr_par' dir='ltr' id='par_1_73' title="bbox 630 5642 2126 5715">
     <span class='ocr_line' id='line_1_74' title="bbox 630 5642 2126 5715; baseline 0.003 -19"><span class='ocrx_word' id='word_1_532' title='bbox 630 5642 785 5708; x_wconf 78' lang='lat' dir='ltr'><strong><em>Quod</em></strong></span> <span class='ocrx_word' id='word_1_533' title='bbox 819 5644 960 5700; x_wconf 86' lang='lat' dir='ltr'><strong><em>Deus</em></strong></span> <span class='ocrx_word' id='word_1_534' title='bbox 988 5657 1262 5715; x_wconf 89' lang='lat' dir='ltr'><strong><em>peccatum</em></strong></span> <span class='ocrx_word' id='word_1_535' title='bbox 1305 5646 1507 5712; x_wconf 85' lang='lat' dir='ltr'><strong><em>docuit,</em></strong></span> <span class='ocrx_word' id='word_1_536' title='bbox 1533 5657 1582 5700; x_wconf 93' lang='lat' dir='ltr'><strong><em>et</em></strong></span> <span class='ocrx_word' id='word_1_537' title='bbox 1627 5656 1844 5701; x_wconf 89' lang='lat' dir='ltr'><strong><em>mortem</em></strong></span> <span class='ocrx_word' id='word_1_538' title='bbox 1884 5645 2126 5700; x_wconf 86' lang='lat' dir='ltr'><strong><em>introdu-</em></strong></span> 
     </span>
    </p>
   </div>
   <div class='ocr_carea' id='block_1_74' title="bbox 2201 1992 3766 2060">
    <p class='ocr_par' dir='ltr' id='par_1_74' title="bbox 2201 1992 3766 2060">
     <span class='ocr_line' id='line_1_75' title="bbox 2201 1992 3766 2060; baseline 0.001 -16"><span class='ocrx_word' id='word_1_539' title='bbox 2201 1994 2373 2048; x_wconf 87' lang='lat' dir='ltr'><strong><em>dinem</em></strong></span> <span class='ocrx_word' id='word_1_540' title='bbox 2391 1995 2628 2057; x_wconf 83' lang='lat' dir='ltr'><strong><em>deitatis,</em></strong></span> <span class='ocrx_word' id='word_1_541' title='bbox 2648 1995 2723 2046; x_wconf 87' lang='lat' dir='ltr'><strong><em>ita</em></strong></span> <span class='ocrx_word' id='word_1_542' title='bbox 2748 1993 3126 2060; x_wconf 84' lang='lat' dir='ltr'><strong><em>plenitudinem</em></strong></span> <span class='ocrx_word' id='word_1_543' title='bbox 3141 1993 3487 2046; x_wconf 90' lang='lat' dir='ltr'><strong><em>humanitatis</em></strong></span> <span class='ocrx_word' id='word_1_544' title='bbox 3504 1992 3766 2047; x_wconf 80' lang='lat' dir='ltr'><strong><em>habuisse.</em></strong></span> 
     </span>
    </p>
   </div>
   <div class='ocr_carea' id='block_1_75' title="bbox 2205 2085 3766 2144">
    <p class='ocr_par' dir='ltr' id='par_1_75' title="bbox 2205 2085 3766 2144">
     <span class='ocr_line' id='line_1_76' title="bbox 2205 2085 3766 2144; baseline 0 -6"><span class='ocrx_word' id='word_1_545' title='bbox 2205 2086 2361 2139; x_wconf 86' lang='lat' dir='ltr'><strong><em>Docet</em></strong></span> <span class='ocrx_word' id='word_1_546' title='bbox 2380 2095 2429 2140; x_wconf 91' lang='lat' dir='ltr'><strong><em>et</em></strong></span> <span class='ocrx_word' id='word_1_547' title='bbox 2445 2085 2704 2139; x_wconf 88' lang='lat' dir='ltr'><strong><em>hominem</em></strong></span> <span class='ocrx_word' id='word_1_548' title='bbox 2726 2085 2930 2138; x_wconf 88' lang='lat' dir='ltr'><strong><em>duabus</em></strong></span> <span class='ocrx_word' id='word_1_549' title='bbox 2946 2095 3151 2138; x_wconf 87' lang='lat' dir='ltr'><strong><em>tantum</em></strong></span> <span class='ocrx_word' id='word_1_550' title='bbox 3169 2086 3486 2139; x_wconf 89' lang='lat' dir='ltr'><strong><em>substantiis</em></strong></span> <span class='ocrx_word' id='word_1_551' title='bbox 3506 2094 3766 2144; x_wconf 84' lang='lat' dir='ltr'><strong><em>constare.</em></strong></span> 
     </span>
    </p>
   </div>
   <div class='ocr_carea' id='block_1_76' title="bbox 2200 2178 3774 2247">
    <p class='ocr_par' dir='ltr' id='par_1_76' title="bbox 2200 2178 3774 2247">
     <span class='ocr_line' id='line_1_77' title="bbox 2200 2178 3774 2247; baseline -0.003 -15"><span class='ocrx_word' id='word_1_552' title='bbox 2200 2179 2257 2232; x_wconf 85' lang='lat' dir='ltr'><strong><em>id</em></strong></span> <span class='ocrx_word' id='word_1_553' title='bbox 2284 2189 2361 2232; x_wconf 90' lang='lat' dir='ltr'><strong><em>est</em></strong></span> <span class='ocrx_word' id='word_1_554' title='bbox 2397 2181 2579 2232; x_wconf 88' lang='lat' dir='ltr'><strong><em>anima</em></strong></span> <span class='ocrx_word' id='word_1_555' title='bbox 2613 2189 2661 2231; x_wconf 85' lang='lat' dir='ltr'><strong><em>et</em></strong></span> <span class='ocrx_word' id='word_1_556' title='bbox 2697 2193 2942 2242; x_wconf 89' lang='lat' dir='ltr'><strong><em>corpore,</em></strong></span> <span class='ocrx_word' id='word_1_557' title='bbox 2965 2194 3274 2247; x_wconf 87' lang='lat' dir='ltr'><strong><em>sensumque</em></strong></span> <span class='ocrx_word' id='word_1_558' title='bbox 3294 2187 3344 2231; x_wconf 91' lang='lat' dir='ltr'><strong><em>et</em></strong></span> <span class='ocrx_word' id='word_1_559' title='bbox 3385 2178 3634 2246; x_wconf 87' lang='lat' dir='ltr'><strong><em>spiritum</em></strong></span> <span class='ocrx_word' id='word_1_560' title='bbox 3675 2193 3774 2229; x_wconf 80' lang='lat' dir='ltr'><strong><em>non</em></strong></span> 
     </span>
    </p>
   </div>
   <div class='ocr_carea' id='block_1_77' title="bbox 2202 2268 3774 2338">
    <p class='ocr_par' dir='ltr' id='par_1_77' title="bbox 2202 2268 3774 2338">
     <span class='ocr_line' id='line_1_78' title="bbox 2202 2268 3774 2338; baseline -0.001 -17"><span class='ocrx_word' id='word_1_561' title='bbox 2202 2271 2425 2324; x_wconf 90' lang='lat' dir='ltr'><strong><em>alteram</em></strong></span> <span class='ocrx_word' id='word_1_562' title='bbox 2463 2269 2841 2335; x_wconf 88' lang='lat' dir='ltr'><strong><em>substantiam,</em></strong></span> <span class='ocrx_word' id='word_1_563' title='bbox 2895 2268 2984 2323; x_wconf 89' lang='lat' dir='ltr'><strong><em>sed</em></strong></span> <span class='ocrx_word' id='word_1_564' title='bbox 3014 2270 3180 2338; x_wconf 67' lang='lat' dir='ltr'><strong><em>oﬁicia</em></strong></span> <span class='ocrx_word' id='word_1_565' title='bbox 3235 2285 3348 2323; x_wconf 85' lang='lat' dir='ltr'><strong><em>esse</em></strong></span> <span class='ocrx_word' id='word_1_566' title='bbox 3395 2271 3587 2322; x_wconf 75' lang='lat' dir='ltr'><strong><em>anima:</em></strong></span> <span class='ocrx_word' id='word_1_567' title='bbox 3619 2268 3774 2338; x_wconf 78' lang='lat' dir='ltr'><strong><em>inge-</em></strong></span> 
     </span>
    </p>
   </div>
   <div class='ocr_carea' id='block_1_78' title="bbox 2204 2358 3778 2430">
    <p class='ocr_par' dir='ltr' id='par_1_78' title="bbox 2204 2358 3778 2430">
     <span class='ocr_line' id='line_1_79' title="bbox 2204 2358 3778 2430; baseline -0.003 -18"><span class='ocrx_word' id='word_1_568' title='bbox 2204 2361 2338 2425; x_wconf 86' lang='lat' dir='ltr'><strong><em>nita,</em></strong></span> <span class='ocrx_word' id='word_1_569' title='bbox 2383 2361 2570 2430; x_wconf 86' lang='lat' dir='ltr'><strong><em>quibus</em></strong></span> <span class='ocrx_word' id='word_1_570' title='bbox 2619 2360 2807 2426; x_wconf 84' lang='lat' dir='ltr'><strong><em>spirat,</em></strong></span> <span class='ocrx_word' id='word_1_571' title='bbox 2851 2358 3038 2428; x_wconf 86' lang='lat' dir='ltr'><strong><em>quibus</em></strong></span> <span class='ocrx_word' id='word_1_572' title='bbox 3090 2359 3369 2411; x_wconf 86' lang='lat' dir='ltr'><strong><em>rationalis</em></strong></span> <span class='ocrx_word' id='word_1_573' title='bbox 3421 2370 3538 2422; x_wconf 90' lang='lat' dir='ltr'><strong><em>est,</em></strong></span> <span class='ocrx_word' id='word_1_574' title='bbox 3585 2358 3778 2424; x_wconf 72' lang='lat' dir='ltr'><strong><em>quibus</em></strong></span> 
     </span>
    </p>
   </div>
   <div class='ocr_carea' id='block_1_79' title="bbox 2204 2447 3772 2518">
    <p class='ocr_par' dir='ltr' id='par_1_79' title="bbox 2204 2447 3772 2518">
     <span class='ocr_line' id='line_1_80' title="bbox 2204 2447 3772 2518; baseline -0.004 -14"><span class='ocrx_word' id='word_1_575' title='bbox 2204 2450 2452 2505; x_wconf 84' lang='lat' dir='ltr'><strong><em>sensibile</em></strong></span> <span class='ocrx_word' id='word_1_576' title='bbox 2485 2450 2614 2518; x_wconf 80' lang='lat' dir='ltr'><strong><em>facit</em></strong></span> <span class='ocrx_word' id='word_1_577' title='bbox 2645 2464 2851 2517; x_wconf 89' lang='lat' dir='ltr'><strong><em>corpus.</em></strong></span> <span class='ocrx_word' id='word_1_578' title='bbox 2884 2449 3148 2513; x_wconf 83' lang='lat' dir='ltr'><strong><em>Quartum</em></strong></span> <span class='ocrx_word' id='word_1_579' title='bbox 3174 2449 3430 2502; x_wconf 89' lang='lat' dir='ltr'><strong><em>decimum</em></strong></span> <span class='ocrx_word' id='word_1_580' title='bbox 3464 2458 3645 2500; x_wconf 89' lang='lat' dir='ltr'><strong><em>autem</em></strong></span> <span class='ocrx_word' id='word_1_581' title='bbox 3680 2447 3772 2498; x_wconf 83' lang='lat' dir='ltr'><strong><em>hu-</em></strong></span> 
     </span>
    </p>
   </div>
   <div class='ocr_carea' id='block_1_80' title="bbox 2196 2539 3772 2610">
    <p class='ocr_par' dir='ltr' id='par_1_80' title="bbox 2196 2539 3772 2610">
     <span class='ocr_line' id='line_1_81' title="bbox 2196 2539 3772 2610; baseline -0.003 -16"><span class='ocrx_word' id='word_1_582' title='bbox 2196 2541 2288 2610; x_wconf 87' lang='lat' dir='ltr'><strong><em>jus</em></strong></span> <span class='ocrx_word' id='word_1_583' title='bbox 2315 2542 2485 2610; x_wconf 90' lang='lat' dir='ltr'><strong><em>operis</em></strong></span> <span class='ocrx_word' id='word_1_584' title='bbox 2519 2540 2711 2593; x_wconf 88' lang='lat' dir='ltr'><strong><em>librum</em></strong></span> <span class='ocrx_word' id='word_1_585' title='bbox 2741 2542 2950 2609; x_wconf 88' lang='lat' dir='ltr'><strong><em>proprie</em></strong></span> <span class='ocrx_word' id='word_1_586' title='bbox 2989 2539 3051 2594; x_wconf 86' lang='lat' dir='ltr'><strong><em>de</em></strong></span> <span class='ocrx_word' id='word_1_587' title='bbox 3085 2542 3321 2595; x_wconf 90' lang='lat' dir='ltr'><strong><em>increata</em></strong></span> <span class='ocrx_word' id='word_1_588' title='bbox 3349 2549 3396 2594; x_wconf 88' lang='lat' dir='ltr'><strong><em>et</em></strong></span> <span class='ocrx_word' id='word_1_589' title='bbox 3429 2539 3545 2592; x_wconf 89' lang='lat' dir='ltr'><strong><em>sola</em></strong></span> <span class='ocrx_word' id='word_1_590' title='bbox 3596 2540 3772 2591; x_wconf 80' lang='lat' dir='ltr'><strong><em>incor-</em></strong></span> 
     </span>
    </p>
   </div>
   <div class='ocr_carea' id='block_1_81' title="bbox 2203 2629 3773 2702">
    <p class='ocr_par' dir='ltr' id='par_1_81' title="bbox 2203 2629 3773 2702">
     <span class='ocr_line' id='line_1_82' title="bbox 2203 2629 3773 2702; baseline -0.006 -15"><span class='ocrx_word' id='word_1_591' title='bbox 2203 2649 2362 2702; x_wconf 89' lang='lat' dir='ltr'><strong><em>porea</em></strong></span> <span class='ocrx_word' id='word_1_592' title='bbox 2394 2631 2710 2702; x_wconf 85' lang='lat' dir='ltr'><strong><em>dominaque</em></strong></span> <span class='ocrx_word' id='word_1_593' title='bbox 2739 2632 2973 2685; x_wconf 86' lang='lat' dir='ltr'><strong><em>omnium</em></strong></span> <span class='ocrx_word' id='word_1_594' title='bbox 3014 2640 3202 2683; x_wconf 88' lang='lat' dir='ltr'><strong><em>sancta</em></strong></span> <span class='ocrx_word' id='word_1_595' title='bbox 3236 2629 3516 2682; x_wconf 87' lang='lat' dir='ltr'><strong><em>Trinitatis</em></strong></span> <span class='ocrx_word' id='word_1_596' title='bbox 3559 2637 3773 2690; x_wconf 86' lang='lat' dir='ltr'><strong><em>natura,</em></strong></span> 
     </span>
    </p>
   </div>
   <div class='ocr_carea' id='block_1_82' title="bbox 2205 2716 3783 2783">
    <p class='ocr_par' dir='ltr' id='par_1_82' title="bbox 2205 2716 3783 2783">
     <span class='ocr_line' id='line_1_83' title="bbox 2205 2716 3783 2783; baseline -0.009 -7"><span class='ocrx_word' id='word_1_597' title='bbox 2205 2733 2255 2777; x_wconf 91' lang='lat' dir='ltr'><strong><em>et</em></strong></span> <span class='ocrx_word' id='word_1_598' title='bbox 2283 2722 2346 2775; x_wconf 89' lang='lat' dir='ltr'><strong><em>de</em></strong></span> <span class='ocrx_word' id='word_1_599' title='bbox 2385 2731 2751 2775; x_wconf 87' lang='lat' dir='ltr'><strong><em>creaturarum</em></strong></span> <span class='ocrx_word' id='word_1_600' title='bbox 2779 2719 2984 2771; x_wconf 85' lang='lat' dir='ltr'><strong><em>ratione</em></strong></span> <span class='ocrx_word' id='word_1_601' title='bbox 3025 2716 3305 2781; x_wconf 86' lang='lat' dir='ltr'><strong><em>disserens,</em></strong></span> <span class='ocrx_word' id='word_1_602' title='bbox 3347 2716 3434 2783; x_wconf 89' lang='lat' dir='ltr'><strong><em>pio</em></strong></span> <span class='ocrx_word' id='word_1_603' title='bbox 3475 2729 3636 2767; x_wconf 88' lang='lat' dir='ltr'><strong><em>sensu</em></strong></span> <span class='ocrx_word' id='word_1_604' title='bbox 3665 2727 3783 2764; x_wconf 88' lang='lat' dir='ltr'><strong><em>cum-</em></strong></span> 
     </span>
    </p>
   </div>
   <div class='ocr_carea' id='block_1_83' title="bbox 2208 2806 3778 2880">
    <p class='ocr_par' dir='ltr' id='par_1_83' title="bbox 2208 2806 3778 2880">
     <span class='ocr_line' id='line_1_84' title="bbox 2208 2806 3778 2880; baseline -0.007 -12"><span class='ocrx_word' id='word_1_605' title='bbox 2208 2815 2524 2868; x_wconf 85' lang='lat' dir='ltr'><strong><em>auctoritate</em></strong></span> <span class='ocrx_word' id='word_1_606' title='bbox 2544 2821 2850 2866; x_wconf 88' lang='lat' dir='ltr'><strong><em>sanctarum</em></strong></span> <span class='ocrx_word' id='word_1_607' title='bbox 2870 2811 3268 2880; x_wconf 86' lang='lat' dir='ltr'><strong><em>Scripturarum</em></strong></span> <span class='ocrx_word' id='word_1_608' title='bbox 3290 2807 3574 2875; x_wconf 72' lang='lat' dir='ltr'><strong><em>explicuit;</em></strong></span> <span class='ocrx_word' id='word_1_609' title='bbox 3599 2806 3778 2874; x_wconf 87' lang='lat' dir='ltr'><strong><em>quinto</em></strong></span> 
     </span>
    </p>
   </div>
   <div class='ocr_carea' id='block_1_84' title="bbox 2207 2897 3783 2970">
    <p class='ocr_par' dir='ltr' id='par_1_84' title="bbox 2207 2897 3783 2970">
     <span class='ocr_line' id='line_1_85' title="bbox 2207 2897 3783 2970; baseline -0.008 -12"><span class='ocrx_word' id='word_1_610' title='bbox 2207 2906 2408 2960; x_wconf 86' lang='lat' dir='ltr'><strong><em>decimo</em></strong></span> <span class='ocrx_word' id='word_1_611' title='bbox 2438 2920 2557 2958; x_wconf 83' lang='lat' dir='ltr'><strong><em>vero</em></strong></span> <span class='ocrx_word' id='word_1_612' title='bbox 2583 2904 2860 2968; x_wconf 82' lang='lat' dir='ltr'><strong><em>volumine,</em></strong></span> <span class='ocrx_word' id='word_1_613' title='bbox 2893 2911 3060 2956; x_wconf 86' lang='lat' dir='ltr'><strong><em>totum</em></strong></span> <span class='ocrx_word' id='word_1_614' title='bbox 3092 2901 3262 2970; x_wconf 88' lang='lat' dir='ltr'><strong><em>operis</em></strong></span> <span class='ocrx_word' id='word_1_615' title='bbox 3307 2900 3391 2952; x_wconf 87' lang='lat' dir='ltr'><strong><em>sui</em></strong></span> <span class='ocrx_word' id='word_1_616' title='bbox 3420 2913 3632 2965; x_wconf 89' lang='lat' dir='ltr'><strong><em>corpus,</em></strong></span> <span class='ocrx_word' id='word_1_617' title='bbox 3661 2897 3783 2947; x_wconf 83' lang='lat' dir='ltr'><strong><em>cita-</em></strong></span> 
     </span>
    </p>
   </div>
   <div class='ocr_carea' id='block_1_85' title="bbox 2211 2986 3782 3060">
    <p class='ocr_par' dir='ltr' id='par_1_85' title="bbox 2211 2986 3782 3060">
     <span class='ocr_line' id='line_1_86' title="bbox 2211 2986 3782 3060; baseline -0.01 -9"><span class='ocrx_word' id='word_1_618' title='bbox 2211 2999 2279 3052; x_wconf 88' lang='lat' dir='ltr'><strong><em>tis</em></strong></span> <span class='ocrx_word' id='word_1_619' title='bbox 2315 2997 2537 3050; x_wconf 90' lang='lat' dir='ltr'><strong><em>Patrum</em></strong></span> <span class='ocrx_word' id='word_1_620' title='bbox 2584 2992 2982 3056; x_wconf 86' lang='lat' dir='ltr'><strong><em>traditionibus,</em></strong></span> <span class='ocrx_word' id='word_1_621' title='bbox 3025 2991 3358 3060; x_wconf 76' lang='lat' dir='ltr'><strong><em>con/irmacit</em></strong></span> <span class='ocrx_word' id='word_1_622' title='bbox 3403 2998 3453 3042; x_wconf 91' lang='lat' dir='ltr'><strong><em>et</em></strong></span> <span class='ocrx_word' id='word_1_623' title='bbox 3492 2986 3782 3041; x_wconf 81' lang='lat' dir='ltr'><strong><em>communi-</em></strong></span> 
     </span>
    </p>
   </div>
   <div class='ocr_carea' id='block_1_86' title="bbox 2209 3077 3781 3148">
    <p class='ocr_par' dir='ltr' id='par_1_86' title="bbox 2209 3077 3781 3148">
     <span class='ocr_line' id='line_1_87' title="bbox 2209 3077 3781 3148; baseline -0.01 -6"><span class='ocrx_word' id='word_1_624' title='bbox 2209 3084 2918 3142; x_wconf 74' lang='lat' dir='ltr'><strong><em>vit.Meminitlustiniatms</em></strong></span> <span class='ocrx_word' id='word_1_625' title='bbox 2945 3083 2998 3135; x_wconf 90' lang='lat' dir='ltr'><strong><em>in</em></strong></span> <span class='ocrx_word' id='word_1_626' title='bbox 3020 3081 3208 3136; x_wconf 86' lang='lat' dir='ltr'><strong><em>Edicto</em></strong></span> <span class='ocrx_word' id='word_1_627' title='bbox 3236 3080 3310 3133; x_wconf 90' lang='lat' dir='ltr'><strong><em>De</em></strong></span> <span class='ocrx_word' id='word_1_628' title='bbox 3328 3079 3430 3148; x_wconf 81' lang='lat' dir='ltr'><strong><em>[ide</em></strong></span> <span class='ocrx_word' id='word_1_629' title='bbox 3457 3077 3781 3132; x_wconf 73' lang='lat' dir='ltr'><strong><em>orthodoxa:</em></strong></span> 
     </span>
    </p>
   </div>
   <div class='ocr_carea' id='block_1_87' title="bbox 2137 3170 3782 3273">
    <p class='ocr_par' dir='ltr' id='par_1_87' title="bbox 2137 3170 3782 3273">
     <span class='ocr_line' id='line_1_88' title="bbox 2137 3170 3782 3273; baseline -0.008 -41"><span class='ocrx_word' id='word_1_630' title='bbox 2137 3213 2181 3273; x_wconf 79' lang='lat' dir='ltr'>C</span> <span class='ocrx_word' id='word_1_631' title='bbox 2223 3178 2382 3231; x_wconf 86' lang='grc' dir='ltr'>Ἀλλὰ</span> <span class='ocrx_word' id='word_1_632' title='bbox 2407 3180 2501 3231; x_wconf 81' lang='grc' dir='ltr'>καὶ</span> <span class='ocrx_word' id='word_1_633' title='bbox 2529 3176 2635 3230; x_wconf 82' lang='grc' dir='ltr'>τῶν</span> <span class='ocrx_word' id='word_1_634' title='bbox 2667 3176 2760 3228; x_wconf 87' lang='grc' dir='ltr'>δύο</span> <span class='ocrx_word' id='word_1_635' title='bbox 2783 3174 2994 3244; x_wconf 82' lang='grc' dir='ltr'>φύσεων</span> <span class='ocrx_word' id='word_1_636' title='bbox 3031 3173 3157 3242; x_wconf 85' lang='grc' dir='ltr'>μίαν</span> <span class='ocrx_word' id='word_1_637' title='bbox 3198 3172 3443 3242; x_wconf 83' lang='grc' dir='ltr'>δύναμιν,</span> <span class='ocrx_word' id='word_1_638' title='bbox 3484 3171 3604 3241; x_wconf 71' lang='grc' dir='ltr'>ἦτοι</span> <span class='ocrx_word' id='word_1_639' title='bbox 3634 3170 3782 3221; x_wconf 81' lang='grc' dir='ltr'>δυναο</span> 
     </span>
    </p>
   </div>
   <div class='ocr_carea' id='block_1_88' title="bbox 2214 3263 3780 3339">
    <p class='ocr_par' dir='ltr' id='par_1_88' title="bbox 2214 3263 3780 3339">
     <span class='ocr_line' id='line_1_89' title="bbox 2214 3263 3780 3339; baseline -0.01 -14"><span class='ocrx_word' id='word_1_640' title='bbox 2214 3272 2397 3325; x_wconf 85' lang='grc' dir='ltr'>στείαν</span> <span class='ocrx_word' id='word_1_641' title='bbox 2425 3269 2618 3337; x_wconf 90' lang='grc' dir='ltr'>λέγων,</span> <span class='ocrx_word' id='word_1_642' title='bbox 2639 3270 2667 3320; x_wconf 90' lang='grc' dir='ltr'><strong><em>ό</em></strong></span> <span class='ocrx_word' id='word_1_643' title='bbox 2687 3266 2903 3339; x_wconf 71' lang='grc' dir='ltr'>γράψας</span> <span class='ocrx_word' id='word_1_644' title='bbox 2922 3267 3019 3337; x_wconf 87' lang='grc' dir='ltr'><strong><em>τὴν</em></strong></span> <span class='ocrx_word' id='word_1_645' title='bbox 3049 3265 3336 3335; x_wconf 83' lang='grc' dir='ltr'>ἐπιστολὴν</span> <span class='ocrx_word' id='word_1_646' title='bbox 3363 3263 3595 3333; x_wconf 75' lang='grc' dir='ltr'>φανερός</span> <span class='ocrx_word' id='word_1_647' title='bbox 3618 3264 3780 3322; x_wconf 86' lang='grc' dir='ltr'>ἐστιν,</span> 
     </span>
    </p>
   </div>
   <div class='ocr_carea' id='block_1_89' title="bbox 2181 3354 3781 3430">
    <p class='ocr_par' dir='ltr' id='par_1_89' title="bbox 2181 3354 3781 3430">
     <span class='ocr_line' id='line_1_90' title="bbox 2181 3354 3781 3430; baseline -0.009 -14"><span class='ocrx_word' id='word_1_648' title='bbox 2181 3381 2184 3384; x_wconf 65' lang='lat'><em>‘</em></span> <span class='ocrx_word' id='word_1_649' title='bbox 2213 3363 2288 3426; x_wconf 86' lang='grc' dir='ltr'>ὼς</span> <span class='ocrx_word' id='word_1_650' title='bbox 2324 3363 2416 3415; x_wconf 75' lang='grc' dir='ltr'>καὶ</span> <span class='ocrx_word' id='word_1_651' title='bbox 2445 3364 2502 3414; x_wconf 90' lang='grc' dir='ltr'>ἐν</span> <span class='ocrx_word' id='word_1_652' title='bbox 2549 3359 2720 3430; x_wconf 83' lang='grc' dir='ltr'>τούτῳ</span> <span class='ocrx_word' id='word_1_653' title='bbox 2753 3357 3034 3412; x_wconf 85' lang='grc' dir='ltr'>ἀκολουθεί</span> <span class='ocrx_word' id='word_1_654' title='bbox 3075 3359 3187 3420; x_wconf 85' lang='grc' dir='ltr'>τοῖς</span> <span class='ocrx_word' id='word_1_655' title='bbox 3225 3356 3534 3426; x_wconf 81' lang='grc' dir='ltr'><strong><em>εἰρημένοις</em></strong></span> <span class='ocrx_word' id='word_1_656' title='bbox 3577 3354 3781 3424; x_wconf 70' lang='grc' dir='ltr'>αἱρετι-</span> 
     </span>
    </p>
   </div>
   <div class='ocr_carea' id='block_1_90' title="bbox 2215 3444 3787 3521">
    <p class='ocr_par' dir='ltr' id='par_1_90' title="bbox 2215 3444 3787 3521">
     <span class='ocr_line' id='line_1_91' title="bbox 2215 3444 3787 3521; baseline -0.008 -16"><span class='ocrx_word' id='word_1_657' title='bbox 2215 3455 2348 3518; x_wconf 86' lang='grc' dir='ltr'>κοῖς,</span> <span class='ocrx_word' id='word_1_658' title='bbox 2376 3449 2637 3521; x_wconf 85' lang='grc' dir='ltr'><strong><em>Θεοδώρῳ</em></strong></span> <span class='ocrx_word' id='word_1_659' title='bbox 2677 3450 2776 3519; x_wconf 78' lang='grc' dir='ltr'><strong><em>μὲν</em></strong></span> <span class='ocrx_word' id='word_1_660' title='bbox 2807 3448 3014 3517; x_wconf 78' lang='grc' dir='ltr'>λέγοντι</span> <span class='ocrx_word' id='word_1_661' title='bbox 3047 3449 3104 3500; x_wconf 84' lang='grc' dir='ltr'>ἐν</span> <span class='ocrx_word' id='word_1_662' title='bbox 3137 3449 3249 3509; x_wconf 85' lang='grc' dir='ltr'>τοῖς</span> <span class='ocrx_word' id='word_1_663' title='bbox 3281 3446 3408 3517; x_wconf 81' lang='grc' dir='ltr'>περὶ</span> <span class='ocrx_word' id='word_1_664' title='bbox 3439 3445 3597 3498; x_wconf 86' lang='grc' dir='ltr'>ἐνανθ</span> <span class='ocrx_word' id='word_1_665' title='bbox 3609 3444 3787 3513; x_wconf 83' lang='grc' dir='ltr'>ρωπή-</span> 
     </span>
    </p>
   </div>
   <div class='ocr_carea' id='block_1_91' title="bbox 2216 3534 3787 3609">
    <p class='ocr_par' dir='ltr' id='par_1_91' title="bbox 2216 3534 3787 3609">
     <span class='ocr_line' id='line_1_92' title="bbox 2216 3534 3787 3609; baseline -0.008 -13"><span class='ocrx_word' id='word_1_666' title='bbox 2216 3559 2352 3604; x_wconf 87' lang='grc' dir='ltr'>σεως</span> <span class='ocrx_word' id='word_1_667' title='bbox 2382 3540 2545 3595; x_wconf 78' lang='grc' dir='ltr'>αὐτοῦ</span> <span class='ocrx_word' id='word_1_668' title='bbox 2576 3539 2850 3609; x_wconf 83' lang='grc' dir='ltr'>διαφόροις</span> <span class='ocrx_word' id='word_1_669' title='bbox 2890 3538 3066 3605; x_wconf 85' lang='grc' dir='ltr'>λόγοις</span> <span class='ocrx_word' id='word_1_670' title='bbox 3110 3535 3320 3599; x_wconf 84' lang='grc' dir='ltr'>ἀσεϐῶς</span> <span class='ocrx_word' id='word_1_671' title='bbox 3364 3535 3655 3597; x_wconf 84' lang='grc' dir='ltr'>ἐκτεθεῖσι,</span> <span class='ocrx_word' id='word_1_672' title='bbox 3691 3534 3787 3587; x_wconf 60' lang='lat' dir='ltr'><strong><em>Nec</em></strong></span> 
     </span>
    </p>
   </div>
   <div class='ocr_carea' id='block_1_92' title="bbox 2217 3626 3787 3705">
    <p class='ocr_par' dir='ltr' id='par_1_92' title="bbox 2217 3626 3787 3705">
     <span class='ocr_line' id='line_1_93' title="bbox 2217 3626 3787 3705; baseline -0.006 -19"><span class='ocrx_word' id='word_1_673' title='bbox 2217 3635 2418 3705; x_wconf 87' lang='grc' dir='ltr'>στορίῳ</span> <span class='ocrx_word' id='word_1_674' title='bbox 2448 3632 2506 3684; x_wconf 89' lang='grc' dir='ltr'><strong><em>δέ</em></strong></span> <span class='ocrx_word' id='word_1_675' title='bbox 2553 3633 2612 3683; x_wconf 82' lang='grc' dir='ltr'>ἐν</span> <span class='ocrx_word' id='word_1_676' title='bbox 2652 3629 2866 3693; x_wconf 86' lang='grc' dir='ltr'>πολλοῖς</span> <span class='ocrx_word' id='word_1_677' title='bbox 2909 3629 3332 3698; x_wconf 85' lang='grc' dir='ltr'>συγγράμμασιν</span> <span class='ocrx_word' id='word_1_678' title='bbox 3357 3643 3370 3657; x_wconf 91' lang='grc'><strong>·</strong></span> <span class='ocrx_word' id='word_1_679' title='bbox 3415 3626 3554 3692; x_wconf 84' lang='lat' dir='ltr'><strong><em>Quin</em></strong></span> <span class='ocrx_word' id='word_1_680' title='bbox 3583 3635 3636 3678; x_wconf 89' lang='lat' dir='ltr'><strong><em>et</em></strong></span> <span class='ocrx_word' id='word_1_681' title='bbox 3676 3640 3787 3676; x_wconf 88' lang='lat' dir='ltr'><strong><em>cum</em></strong></span> 
     </span>
    </p>
   </div>
   <div class='ocr_carea' id='block_1_93' title="bbox 2215 3718 3788 3784">
    <p class='ocr_par' dir='ltr' id='par_1_93' title="bbox 2215 3718 3788 3784">
     <span class='ocr_line' id='line_1_94' title="bbox 2215 3718 3788 3784; baseline -0.006 -5"><span class='ocrx_word' id='word_1_682' title='bbox 2215 3727 2443 3779; x_wconf 88' lang='lat' dir='ltr'><strong><em>duarum</em></strong></span> <span class='ocrx_word' id='word_1_683' title='bbox 2495 3732 2811 3777; x_wconf 87' lang='lat' dir='ltr'><strong><em>naturarum</em></strong></span> <span class='ocrx_word' id='word_1_684' title='bbox 2845 3739 3006 3776; x_wconf 89' lang='lat' dir='ltr'><strong><em>unam</em></strong></span> <span class='ocrx_word' id='word_1_685' title='bbox 3061 3721 3301 3774; x_wconf 82' lang='lat' dir='ltr'><strong><em>virtutem</em></strong></span> <span class='ocrx_word' id='word_1_686' title='bbox 3349 3720 3456 3772; x_wconf 84' lang='lat' dir='ltr'><strong><em>sive</em></strong></span> <span class='ocrx_word' id='word_1_687' title='bbox 3505 3718 3788 3784; x_wconf 79' lang='lat' dir='ltr'><strong><em>potentiam</em></strong></span> 
     </span>
    </p>
   </div>
   <div class='ocr_carea' id='block_1_94' title="bbox 2218 3807 3788 3885">
    <p class='ocr_par' dir='ltr' id='par_1_94' title="bbox 2218 3807 3788 3885">
     <span class='ocr_line' id='line_1_95' title="bbox 2218 3807 3788 3885; baseline -0.011 -12"><span class='ocrx_word' id='word_1_688' title='bbox 2218 3828 2402 3873; x_wconf 90' lang='lat' dir='ltr'><strong><em>auctor</em></strong></span> <span class='ocrx_word' id='word_1_689' title='bbox 2437 3814 2673 3885; x_wconf 81' lang='lat' dir='ltr'><strong><em>epistolte</em></strong></span> <span class='ocrx_word' id='word_1_690' title='bbox 2701 3813 2912 3876; x_wconf 87' lang='lat' dir='ltr'><strong><em>asserit,</em></strong></span> <span class='ocrx_word' id='word_1_691' title='bbox 2942 3812 3097 3880; x_wconf 87' lang='lat' dir='ltr'><strong><em>plane</em></strong></span> <span class='ocrx_word' id='word_1_692' title='bbox 3125 3827 3178 3864; x_wconf 90' lang='lat' dir='ltr'><strong><em>se</em></strong></span> <span class='ocrx_word' id='word_1_693' title='bbox 3213 3807 3389 3877; x_wconf 87' lang='lat' dir='ltr'><strong><em>prodit</em></strong></span> <span class='ocrx_word' id='word_1_694' title='bbox 3420 3808 3788 3862; x_wconf 72' lang='lat' dir='ltr'><strong><em>hwreticarum</em></strong></span> 
     </span>
    </p>
   </div>
   <div class='ocr_carea' id='block_1_95' title="bbox 2219 3897 3792 3970">
    <p class='ocr_par' dir='ltr' id='par_1_95' title="bbox 2219 3897 3792 3970">
     <span class='ocr_line' id='line_1_96' title="bbox 2219 3897 3792 3970; baseline -0.01 -7"><span class='ocrx_word' id='word_1_695' title='bbox 2219 3909 2572 3964; x_wconf 88' lang='lat' dir='ltr'><strong><em>assertionum</em></strong></span> <span class='ocrx_word' id='word_1_696' title='bbox 2610 3915 2940 3966; x_wconf 85' lang='lat' dir='ltr'><strong><em>sectatorem,</em></strong></span> <span class='ocrx_word' id='word_1_697' title='bbox 2974 3901 3230 3956; x_wconf 86' lang='lat' dir='ltr'><strong><em>Theodori</em></strong></span> <span class='ocrx_word' id='word_1_698' title='bbox 3257 3899 3488 3970; x_wconf 87' lang='lat' dir='ltr'><strong><em>quidem,</em></strong></span> <span class='ocrx_word' id='word_1_699' title='bbox 3521 3901 3612 3968; x_wconf 87' lang='lat' dir='ltr'><strong><em>qui</em></strong></span> <span class='ocrx_word' id='word_1_700' title='bbox 3659 3897 3792 3951; x_wconf 88' lang='lat' dir='ltr'><strong><em>idem</em></strong></span> 
     </span>
    </p>
   </div>
   <div class='ocr_carea' id='block_1_96' title="bbox 2218 3990 3791 4060">
    <p class='ocr_par' dir='ltr' id='par_1_96' title="bbox 2218 3990 3791 4060">
     <span class='ocr_line' id='line_1_97' title="bbox 2218 3990 3791 4060; baseline -0.009 -6"><span class='ocrx_word' id='word_1_701' title='bbox 2218 4002 2438 4055; x_wconf 84' lang='lat' dir='ltr'><strong><em>diversis</em></strong></span> <span class='ocrx_word' id='word_1_702' title='bbox 2468 3999 2544 4054; x_wconf 91' lang='lat' dir='ltr'><strong><em>De</em></strong></span> <span class='ocrx_word' id='word_1_703' title='bbox 2567 3997 2945 4053; x_wconf 86' lang='lat' dir='ltr'><strong><em>lncarnatione</em></strong></span> <span class='ocrx_word' id='word_1_704' title='bbox 2973 3994 3126 4047; x_wconf 87' lang='lat' dir='ltr'><strong><em>libris</em></strong></span> <span class='ocrx_word' id='word_1_705' title='bbox 3151 3993 3310 4060; x_wconf 83' lang='lat' dir='ltr'><strong><em>impie</em></strong></span> <span class='ocrx_word' id='word_1_706' title='bbox 3333 3990 3490 4044; x_wconf 87' lang='lat' dir='ltr'><strong><em>editis</em></strong></span> <span class='ocrx_word' id='word_1_707' title='bbox 3523 3990 3752 4058; x_wconf 73' lang='lat' dir='ltr'><strong><em>afﬁrmat</em></strong></span> <span class='ocrx_word' id='word_1_708' title='bbox 3773 4003 3791 4040; x_wconf 90' lang='lat'><strong><em>:</em></strong></span> 
     </span>
    </p>
   </div>
   <div class='ocr_carea' id='block_1_97' title="bbox 2222 4081 3792 4154">
    <p class='ocr_par' dir='ltr' id='par_1_97' title="bbox 2222 4081 3792 4154">
     <span class='ocr_line' id='line_1_98' title="bbox 2222 4081 3792 4154; baseline -0.009 -5"><span class='ocrx_word' id='word_1_709' title='bbox 2222 4094 2460 4149; x_wconf 88' lang='lat' dir='ltr'><strong><em>Nestorii</em></strong></span> <span class='ocrx_word' id='word_1_710' title='bbox 2516 4109 2635 4146; x_wconf 81' lang='lat' dir='ltr'><strong><em>vero</em></strong></span> <span class='ocrx_word' id='word_1_711' title='bbox 2688 4091 2744 4144; x_wconf 90' lang='lat' dir='ltr'><strong><em>in</em></strong></span> <span class='ocrx_word' id='word_1_712' title='bbox 2795 4088 2956 4143; x_wconf 79' lang='lat' dir='ltr'><strong><em>uariis</em></strong></span> <span class='ocrx_word' id='word_1_713' title='bbox 2989 4087 3224 4154; x_wconf 86' lang='lat' dir='ltr'><strong><em>scriptis,</em></strong></span> <span class='ocrx_word' id='word_1_714' title='bbox 3275 4090 3382 4138; x_wconf 88' lang='lat' dir='ltr'><strong><em>etc.</em></strong></span> <span class='ocrx_word' id='word_1_715' title='bbox 3437 4081 3505 4136; x_wconf 85' lang='lat' dir='ltr'><strong><em>Et</em></strong></span> <span class='ocrx_word' id='word_1_716' title='bbox 3552 4081 3792 4152; x_wconf 74' lang='lat' dir='ltr'><strong><em>(Iyrillus</em></strong></span> 
     </span>
    </p>
   </div>
   <div class='ocr_carea' id='block_1_98' title="bbox 2219 4173 3792 4252">
    <p class='ocr_par' dir='ltr' id='par_1_98' title="bbox 2219 4173 3792 4252">
     <span class='ocr_line' id='line_1_99' title="bbox 2219 4173 3792 4252; baseline -0.011 -11"><span class='ocrx_word' id='word_1_717' title='bbox 2219 4185 2625 4241; x_wconf 79' lang='lat' dir='ltr'><strong><em>Alexandrinus</em></strong></span> <span class='ocrx_word' id='word_1_718' title='bbox 2660 4184 2724 4252; x_wconf 89' lang='lat' dir='ltr'><strong><em>(t.</em></strong></span> <span class='ocrx_word' id='word_1_719' title='bbox 2763 4179 2830 4248; x_wconf 74' lang='grc' dir='ltr'>ν,</span> <span class='ocrx_word' id='word_1_720' title='bbox 2863 4188 3004 4251; x_wconf 85' lang='lat' dir='ltr'><strong><em>part.</em></strong></span> <span class='ocrx_word' id='word_1_721' title='bbox 3047 4194 3106 4243; x_wconf 89' lang='grc' dir='ltr'><strong><em>ιι,</em></strong></span> <span class='ocrx_word' id='word_1_722' title='bbox 3159 4194 3214 4247; x_wconf 87' lang='lat' dir='ltr'><strong><em>p.</em></strong></span> <span class='ocrx_word' id='word_1_723' title='bbox 3267 4175 3412 4245; x_wconf 84' lang='grc'><strong><em>198),</em></strong></span> <span class='ocrx_word' id='word_1_724' title='bbox 3466 4176 3521 4230; x_wconf 91' lang='lat' dir='ltr'><strong><em>in</em></strong></span> <span class='ocrx_word' id='word_1_725' title='bbox 3561 4173 3792 4245; x_wconf 82' lang='lat' dir='ltr'><strong><em>epistola</em></strong></span> 
     </span>
    </p>
   </div>
   <div class='ocr_carea' id='block_1_99' title="bbox 2221 4268 3792 4343">
    <p class='ocr_par' dir='ltr' id='par_1_99' title="bbox 2221 4268 3792 4343">
     <span class='ocr_line' id='line_1_100' title="bbox 2221 4268 3792 4343; baseline -0.01 -10"><span class='ocrx_word' id='word_1_726' title='bbox 2221 4279 2287 4333; x_wconf 86' lang='lat' dir='ltr'><strong><em>ad</em></strong></span> <span class='ocrx_word' id='word_1_727' title='bbox 2323 4277 2552 4334; x_wconf 88' lang='lat' dir='ltr'><strong><em>clericos</em></strong></span> <span class='ocrx_word' id='word_1_728' title='bbox 2589 4284 2642 4330; x_wconf 88' lang='lat' dir='ltr'><strong><em>et</em></strong></span> <span class='ocrx_word' id='word_1_729' title='bbox 2690 4273 3020 4343; x_wconf 81' lang='lat' dir='ltr'><strong><em>Lainponem</em></strong></span> <span class='ocrx_word' id='word_1_730' title='bbox 3067 4272 3484 4343; x_wconf 79' lang='lat' dir='ltr'><strong><em>presbyterum:</em></strong></span> <span class='ocrx_word' id='word_1_731' title='bbox 3539 4268 3792 4340; x_wconf 81' lang='grc' dir='ltr'>ᾘτιῶντο</span> 
     </span>
    </p>
   </div>
   <div class='ocr_carea' id='block_1_100' title="bbox 2219 4359 3784 4433">
    <p class='ocr_par' dir='ltr' id='par_1_100' title="bbox 2219 4359 3784 4433">
     <span class='ocr_line' id='line_1_101' title="bbox 2219 4359 3784 4433; baseline -0.009 -10"><span class='ocrx_word' id='word_1_732' title='bbox 2219 4370 2276 4424; x_wconf 85' lang='grc' dir='ltr'>δὲ</span> <span class='ocrx_word' id='word_1_733' title='bbox 2305 4370 2429 4432; x_wconf 78' lang='grc' dir='ltr'>τοὺς</span> <span class='ocrx_word' id='word_1_734' title='bbox 2463 4367 2791 4428; x_wconf 86' lang='grc' dir='ltr'>ἐπισκόπους</span> <span class='ocrx_word' id='word_1_735' title='bbox 2818 4363 2919 4433; x_wconf 83' lang='grc' dir='ltr'>τῆς</span> <span class='ocrx_word' id='word_1_736' title='bbox 2955 4363 3216 4431; x_wconf 81' lang='grc' dir='ltr'>ἀνατολῆς</span> <span class='ocrx_word' id='word_1_737' title='bbox 3256 4362 3332 4423; x_wconf 83' lang='grc' dir='ltr'>ὡς</span> <span class='ocrx_word' id='word_1_738' title='bbox 3380 4359 3784 4429; x_wconf 75' lang='grc' dir='ltr'>ἀποσιωπήσανι</span> 
     </span>
    </p>
   </div>
   <div class='ocr_carea' id='block_1_101' title="bbox 2221 4453 3794 4531">
    <p class='ocr_par' dir='ltr' id='par_1_101' title="bbox 2221 4453 3794 4531">
     <span class='ocr_line' id='line_1_102' title="bbox 2221 4453 3794 4531; baseline -0.01 -16"><span class='ocrx_word' id='word_1_739' title='bbox 2221 4479 2318 4524; x_wconf 88' lang='grc' dir='ltr'><strong><em>τας</em></strong></span> <span class='ocrx_word' id='word_1_740' title='bbox 2348 4459 2446 4531; x_wconf 85' lang='grc' dir='ltr'>μὲν</span> <span class='ocrx_word' id='word_1_741' title='bbox 2479 4457 2638 4527; x_wconf 80' lang='grc' dir='ltr'>δῆθεν</span> <span class='ocrx_word' id='word_1_742' title='bbox 2679 4457 2739 4509; x_wconf 84' lang='grc' dir='ltr'>τὺ</span> <span class='ocrx_word' id='word_1_743' title='bbox 2782 4454 3074 4525; x_wconf 83' lang='grc' dir='ltr'>Νεστορίου</span> <span class='ocrx_word' id='word_1_744' title='bbox 3119 4454 3307 4521; x_wconf 76' lang='grc' dir='ltr'>ὄνομα,</span> <span class='ocrx_word' id='word_1_745' title='bbox 3342 4453 3436 4505; x_wconf 74' lang='grc' dir='ltr'>καὶ</span> <span class='ocrx_word' id='word_1_746' title='bbox 3473 4465 3794 4520; x_wconf 82' lang='grc' dir='ltr'>προσποιου-</span> 
     </span>
    </p>
   </div>
   <div class='ocr_carea' id='block_1_102' title="bbox 2298 4538 3799 4615">
    <p class='ocr_par' dir='ltr' id='par_1_102' title="bbox 2298 4538 3799 4615">
     <span class='ocr_line' id='line_1_103' title="bbox 2298 4538 3799 4615; baseline -0.01 -12"><span class='ocrx_word' id='word_1_747' title='bbox 2298 4567 2418 4612; x_wconf 80' lang='grc' dir='ltr'>νους</span> <span class='ocrx_word' id='word_1_748' title='bbox 2438 4548 2600 4600; x_wconf 75' lang='grc' dir='ltr'>αὑτὸν</span> <span class='ocrx_word' id='word_1_749' title='bbox 2631 4544 3085 4615; x_wconf 76' lang='grc' dir='ltr'>ἀποστρέφεσθαι,</span> <span class='ocrx_word' id='word_1_750' title='bbox 3120 4541 3604 4613; x_wconf 77' lang='grc' dir='ltr'>μεταπηδήσαντας</span> <span class='ocrx_word' id='word_1_751' title='bbox 3632 4539 3689 4592; x_wconf 74' lang='grc' dir='ltr'>δὲ</span> <span class='ocrx_word' id='word_1_752' title='bbox 3711 4538 3799 4590; x_wconf 75' lang='grc' dir='ltr'>ἐπὶ</span> 
     </span>
    </p>
   </div>
   <div class='ocr_carea' id='block_1_103' title="bbox 2219 4631 3799 4710">
    <p class='ocr_par' dir='ltr' id='par_1_103' title="bbox 2219 4631 3799 4710">
     <span class='ocr_line' id='line_1_104' title="bbox 2219 4631 3799 4710; baseline -0.009 -14"><span class='ocrx_word' id='word_1_753' title='bbox 2219 4643 2290 4696; x_wconf 85' lang='grc' dir='ltr'>τὰ</span> <span class='ocrx_word' id='word_1_754' title='bbox 2325 4639 2600 4710; x_wconf 83' lang='grc' dir='ltr'>Θεοδώρου</span> <span class='ocrx_word' id='word_1_755' title='bbox 2633 4637 2812 4708; x_wconf 82' lang='grc' dir='ltr'>βιϐλία</span> <span class='ocrx_word' id='word_1_756' title='bbox 2835 4636 2903 4688; x_wconf 81' lang='grc' dir='ltr'><strong><em>τὰ.</em></strong></span> <span class='ocrx_word' id='word_1_757' title='bbox 2933 4636 3060 4706; x_wconf 73' lang='grc' dir='ltr'>περὶ</span> <span class='ocrx_word' id='word_1_758' title='bbox 3097 4635 3195 4703; x_wconf 80' lang='grc' dir='ltr'>τῆς</span> <span class='ocrx_word' id='word_1_759' title='bbox 3227 4633 3715 4705; x_wconf 82' lang='grc' dir='ltr'>ἐνανθρωπήσεως,</span> <span class='ocrx_word' id='word_1_760' title='bbox 3745 4631 3799 4682; x_wconf 84' lang='grc' dir='ltr'>ἐν</span> 
     </span>
    </p>
   </div>
   <div class='ocr_carea' id='block_1_104' title="bbox 2220 4723 3800 4800">
    <p class='ocr_par' dir='ltr' id='par_1_104' title="bbox 2220 4723 3800 4800">
     <span class='ocr_line' id='line_1_105' title="bbox 2220 4723 3800 4800; baseline -0.008 -13"><span class='ocrx_word' id='word_1_761' title='bbox 2220 4729 2302 4797; x_wconf 81' lang='grc' dir='ltr'>οἷς</span> <span class='ocrx_word' id='word_1_762' title='bbox 2350 4730 2526 4800; x_wconf 84' lang='grc' dir='ltr'>πολλῷ</span> <span class='ocrx_word' id='word_1_763' title='bbox 2568 4729 2942 4800; x_wconf 81' lang='grc' dir='ltr'>χαλεπώτεραι</span> <span class='ocrx_word' id='word_1_764' title='bbox 2969 4727 3076 4779; x_wconf 84' lang='grc' dir='ltr'>τῶν</span> <span class='ocrx_word' id='word_1_765' title='bbox 3133 4726 3426 4797; x_wconf 81' lang='grc' dir='ltr'>Νεστορίου</span> <span class='ocrx_word' id='word_1_766' title='bbox 3481 4723 3800 4795; x_wconf 78' lang='grc' dir='ltr'>δυσςρημιῶν</span> 
     </span>
    </p>
   </div>
   <div class='ocr_carea' id='block_1_105' title="bbox 2223 4816 3799 4891">
    <p class='ocr_par' dir='ltr' id='par_1_105' title="bbox 2223 4816 3799 4891">
     <span class='ocr_line' id='line_1_106' title="bbox 2223 4816 3799 4891; baseline -0.007 -15"><span class='ocrx_word' id='word_1_767' title='bbox 2223 4825 2328 4876; x_wconf 75' lang='grc' dir='ltr'>εἰσι</span> <span class='ocrx_word' id='word_1_768' title='bbox 2358 4823 2638 4891; x_wconf 72' lang='grc' dir='ltr'>κείμεναιο</span> <span class='ocrx_word' id='word_1_769' title='bbox 2673 4819 2854 4889; x_wconf 78' lang='grc' dir='ltr'>πατὴρ</span> <span class='ocrx_word' id='word_1_770' title='bbox 2881 4819 2990 4888; x_wconf 78' lang='grc' dir='ltr'><strong><em>γὰρ</em></strong></span> <span class='ocrx_word' id='word_1_771' title='bbox 3023 4818 3214 4885; x_wconf 87' lang='grc' dir='ltr'>γέγονε</span> <span class='ocrx_word' id='word_1_772' title='bbox 3242 4817 3341 4885; x_wconf 76' lang='grc' dir='ltr'>τῆς</span> <span class='ocrx_word' id='word_1_773' title='bbox 3370 4816 3666 4885; x_wconf 82' lang='grc' dir='ltr'>Νεστορίου</span> <span class='ocrx_word' id='word_1_774' title='bbox 3703 4831 3799 4865; x_wconf 83' lang='grc' dir='ltr'>κα-</span> 
     </span>
    </p>
   </div>
   <div class='ocr_carea' id='block_1_106' title="bbox 2222 4901 3801 4979">
    <p class='ocr_par' dir='ltr' id='par_1_106' title="bbox 2222 4901 3801 4979">
     <span class='ocr_line' id='line_1_107' title="bbox 2222 4901 3801 4979; baseline -0.008 -12"><span class='ocrx_word' id='word_1_775' title='bbox 2222 4912 2488 4979; x_wconf 83' lang='grc' dir='ltr'>κοδοξίας,</span> <span class='ocrx_word' id='word_1_776' title='bbox 2524 4911 2618 4964; x_wconf 76' lang='grc' dir='ltr'>καὶ</span> <span class='ocrx_word' id='word_1_777' title='bbox 2643 4910 2711 4962; x_wconf 78' lang='grc' dir='ltr'>τὰ</span> <span class='ocrx_word' id='word_1_778' title='bbox 2747 4908 2910 4962; x_wconf 78' lang='grc' dir='ltr'>αὐτοῦ</span> <span class='ocrx_word' id='word_1_779' title='bbox 2953 4908 3192 4977; x_wconf 84' lang='grc' dir='ltr'>λαλήσας</span> <span class='ocrx_word' id='word_1_780' title='bbox 3217 4907 3245 4958; x_wconf 87' lang='grc' dir='ltr'><strong><em>ό</em></strong></span> <span class='ocrx_word' id='word_1_781' title='bbox 3284 4906 3547 4974; x_wconf 83' lang='grc' dir='ltr'>δυσσεϐὴς</span> <span class='ocrx_word' id='word_1_782' title='bbox 3589 4906 3647 4956; x_wconf 88' lang='grc' dir='ltr'>ἐν</span> <span class='ocrx_word' id='word_1_783' title='bbox 3690 4901 3801 4956; x_wconf 81' lang='grc' dir='ltr'><strong><em>τού-</em></strong></span> 
     </span>
    </p>
   </div>
   <div class='ocr_carea' id='block_1_107' title="bbox 2225 4997 3803 5072">
    <p class='ocr_par' dir='ltr' id='par_1_107' title="bbox 2225 4997 3803 5072">
     <span class='ocr_line' id='line_1_108' title="bbox 2225 4997 3803 5072; baseline -0.008 -14"><span class='ocrx_word' id='word_1_784' title='bbox 2225 5023 2339 5067; x_wconf 79' lang='grc' dir='ltr'>τοις</span> <span class='ocrx_word' id='word_1_785' title='bbox 2368 5004 2611 5072; x_wconf 83' lang='grc' dir='ltr'>γέγονεν,</span> <span class='ocrx_word' id='word_1_786' title='bbox 2665 5002 2722 5053; x_wconf 83' lang='grc' dir='ltr'>ἐν</span> <span class='ocrx_word' id='word_1_787' title='bbox 2760 4998 2839 5063; x_wconf 78' lang='grc' dir='ltr'>οἷς</span> <span class='ocrx_word' id='word_1_788' title='bbox 2879 4998 2973 5053; x_wconf 85' lang='grc' dir='ltr'><strong><em>νῦν</em></strong></span> <span class='ocrx_word' id='word_1_789' title='bbox 3010 5001 3156 5052; x_wconf 83' lang='grc' dir='ltr'>ἐστιν</span> <span class='ocrx_word' id='word_1_790' title='bbox 3183 5014 3195 5028; x_wconf 91' lang='grc'><strong>·</strong></span> <span class='ocrx_word' id='word_1_791' title='bbox 3241 4997 3577 5050; x_wconf 81' lang='lat' dir='ltr'><strong><em>Accusabant</em></strong></span> <span class='ocrx_word' id='word_1_792' title='bbox 3630 5004 3803 5056; x_wconf 85' lang='lat' dir='ltr'><strong><em>autem</em></strong></span> 
     </span>
    </p>
   </div>
   <div class='ocr_carea' id='block_1_108' title="bbox 2229 5083 3804 5160">
    <p class='ocr_par' dir='ltr' id='par_1_108' title="bbox 2229 5083 3804 5160">
     <span class='ocr_line' id='line_1_109' title="bbox 2229 5083 3804 5160; baseline -0.009 -12"><span class='ocrx_word' id='word_1_793' title='bbox 2229 5094 2509 5148; x_wconf 85' lang='lat' dir='ltr'><strong><em>orientales</em></strong></span> <span class='ocrx_word' id='word_1_794' title='bbox 2537 5093 2833 5160; x_wconf 85' lang='lat' dir='ltr'><strong><em>episcopos,</em></strong></span> <span class='ocrx_word' id='word_1_795' title='bbox 2862 5090 3016 5156; x_wconf 89' lang='lat' dir='ltr'><strong><em>quasi</em></strong></span> <span class='ocrx_word' id='word_1_796' title='bbox 3060 5097 3288 5141; x_wconf 90' lang='lat' dir='ltr'><strong><em>tacentes</em></strong></span> <span class='ocrx_word' id='word_1_797' title='bbox 3316 5085 3526 5156; x_wconf 90' lang='lat' dir='ltr'><strong><em>quidem</em></strong></span> <span class='ocrx_word' id='word_1_798' title='bbox 3567 5083 3804 5136; x_wconf 76' lang='lat' dir='ltr'><strong><em>Nestorii</em></strong></span> 
     </span>
    </p>
   </div>
   <div class='ocr_carea' id='block_1_109' title="bbox 2230 5176 3805 5250">
    <p class='ocr_par' dir='ltr' id='par_1_109' title="bbox 2230 5176 3805 5250">
     <span class='ocr_line' id='line_1_110' title="bbox 2230 5176 3805 5250; baseline -0.009 -11"><span class='ocrx_word' id='word_1_799' title='bbox 2230 5202 2438 5250; x_wconf 89' lang='lat' dir='ltr'><strong><em>nomen,</em></strong></span> <span class='ocrx_word' id='word_1_800' title='bbox 2465 5193 2514 5237; x_wconf 91' lang='lat' dir='ltr'><strong><em>et</em></strong></span> <span class='ocrx_word' id='word_1_801' title='bbox 2557 5182 2952 5236; x_wconf 87' lang='lat' dir='ltr'><strong><em>dissimulantes</em></strong></span> <span class='ocrx_word' id='word_1_802' title='bbox 2985 5197 3104 5233; x_wconf 89' lang='lat' dir='ltr'><strong><em>eum</em></strong></span> <span class='ocrx_word' id='word_1_803' title='bbox 3150 5178 3406 5237; x_wconf 84' lang='lat' dir='ltr'><strong><em>aversari,</em></strong></span> <span class='ocrx_word' id='word_1_804' title='bbox 3450 5176 3805 5229; x_wconf 87' lang='lat' dir='ltr'><strong><em>transilientes</em></strong></span> 
     </span>
    </p>
   </div>
   <div class='ocr_carea' id='block_1_110' title="bbox 2229 5268 3808 5337">
    <p class='ocr_par' dir='ltr' id='par_1_110' title="bbox 2229 5268 3808 5337">
     <span class='ocr_line' id='line_1_111' title="bbox 2229 5268 3808 5337; baseline -0.006 -5"><span class='ocrx_word' id='word_1_805' title='bbox 2229 5288 2402 5332; x_wconf 88' lang='lat' dir='ltr'><strong><em>autem</em></strong></span> <span class='ocrx_word' id='word_1_806' title='bbox 2437 5276 2506 5329; x_wconf 90' lang='lat' dir='ltr'><strong><em>ad</em></strong></span> <span class='ocrx_word' id='word_1_807' title='bbox 2539 5273 2792 5329; x_wconf 89' lang='lat' dir='ltr'><strong><em>Theodori</em></strong></span> <span class='ocrx_word' id='word_1_808' title='bbox 2815 5273 2976 5326; x_wconf 90' lang='lat' dir='ltr'><strong><em>libros</em></strong></span> <span class='ocrx_word' id='word_1_809' title='bbox 3010 5271 3085 5325; x_wconf 91' lang='lat' dir='ltr'><strong><em>De</em></strong></span> <span class='ocrx_word' id='word_1_810' title='bbox 3111 5270 3511 5330; x_wconf 84' lang='lat' dir='ltr'><strong><em>lncarnatione.</em></strong></span> <span class='ocrx_word' id='word_1_811' title='bbox 3536 5271 3590 5322; x_wconf 91' lang='lat' dir='ltr'><strong><em>in</em></strong></span> <span class='ocrx_word' id='word_1_812' title='bbox 3619 5268 3808 5337; x_wconf 81' lang='lat' dir='ltr'><strong><em>quibus</em></strong></span> 
     </span>
    </p>
   </div>
   <div class='ocr_carea' id='block_1_111' title="bbox 2234 5363 3808 5436">
    <p class='ocr_par' dir='ltr' id='par_1_111' title="bbox 2234 5363 3808 5436">
     <span class='ocr_line' id='line_1_112' title="bbox 2234 5363 3808 5436; baseline -0.008 -14"><span class='ocrx_word' id='word_1_813' title='bbox 2234 5371 2398 5422; x_wconf 87' lang='lat' dir='ltr'><strong><em>multo</em></strong></span> <span class='ocrx_word' id='word_1_814' title='bbox 2425 5367 2624 5436; x_wconf 88' lang='lat' dir='ltr'><strong><em>pejores</em></strong></span> <span class='ocrx_word' id='word_1_815' title='bbox 2655 5365 2888 5419; x_wconf 86' lang='lat' dir='ltr'><strong><em>Nestorii</em></strong></span> <span class='ocrx_word' id='word_1_816' title='bbox 2924 5363 3258 5430; x_wconf 89' lang='lat' dir='ltr'><strong><em>blasphemiis</em></strong></span> <span class='ocrx_word' id='word_1_817' title='bbox 3297 5365 3482 5427; x_wconf 73' lang='lat' dir='ltr'><strong><em>posita:</em></strong></span> <span class='ocrx_word' id='word_1_818' title='bbox 3512 5371 3677 5423; x_wconf 90' lang='lat' dir='ltr'><strong><em>sunt;</em></strong></span> <span class='ocrx_word' id='word_1_819' title='bbox 3713 5376 3808 5428; x_wconf 88' lang='lat' dir='ltr'><strong><em>pa-</em></strong></span> 
     </span>
    </p>
   </div>
   <div class='ocr_carea' id='block_1_112' title="bbox 2237 5453 3812 5526">
    <p class='ocr_par' dir='ltr' id='par_1_112' title="bbox 2237 5453 3812 5526">
     <span class='ocr_line' id='line_1_113' title="bbox 2237 5453 3812 5526; baseline -0.008 -11"><span class='ocrx_word' id='word_1_820' title='bbox 2237 5474 2313 5515; x_wconf 89' lang='lat' dir='ltr'><strong><em>ter</em></strong></span> <span class='ocrx_word' id='word_1_821' title='bbox 2346 5463 2486 5514; x_wconf 87' lang='lat' dir='ltr'><strong><em>enim</em></strong></span> <span class='ocrx_word' id='word_1_822' title='bbox 2535 5460 2639 5526; x_wconf 79' lang='lat' dir='ltr'><strong><em>fuit</em></strong></span> <span class='ocrx_word' id='word_1_823' title='bbox 2676 5457 2912 5510; x_wconf 74' lang='lat' dir='ltr'><strong><em>Nestorii</em></strong></span> <span class='ocrx_word' id='word_1_824' title='bbox 2959 5455 3215 5523; x_wconf 60' lang='lat' dir='ltr'><strong><em>perﬁdiae,</em></strong></span> <span class='ocrx_word' id='word_1_825' title='bbox 3261 5464 3309 5507; x_wconf 89' lang='lat' dir='ltr'><strong><em>et</em></strong></span> <span class='ocrx_word' id='word_1_826' title='bbox 3359 5454 3504 5507; x_wconf 86' lang='lat' dir='ltr'><strong><em>illius</em></strong></span> <span class='ocrx_word' id='word_1_827' title='bbox 3559 5453 3812 5522; x_wconf 78' lang='lat' dir='ltr'><strong><em>dogmata</em></strong></span> 
     </span>
    </p>
   </div>
   <div class='ocr_carea' id='block_1_113' title="bbox 2235 5543 3810 5618">
    <p class='ocr_par' dir='ltr' id='par_1_113' title="bbox 2235 5543 3810 5618">
     <span class='ocr_line' id='line_1_114' title="bbox 2235 5543 3810 5618; baseline -0.006 -12"><span class='ocrx_word' id='word_1_828' title='bbox 2235 5555 2492 5615; x_wconf 82' lang='lat' dir='ltr'><strong><em>elocutus,</em></strong></span> <span class='ocrx_word' id='word_1_829' title='bbox 2521 5551 2849 5618; x_wconf 87' lang='lat' dir='ltr'><strong><em>irreligiosus</em></strong></span> <span class='ocrx_word' id='word_1_830' title='bbox 2867 5550 2920 5602; x_wconf 91' lang='lat' dir='ltr'><strong><em>in</em></strong></span> <span class='ocrx_word' id='word_1_831' title='bbox 2946 5550 3026 5600; x_wconf 85' lang='lat' dir='ltr'><strong><em>Itis</em></strong></span> <span class='ocrx_word' id='word_1_832' title='bbox 3048 5548 3221 5617; x_wconf 78' lang='lat' dir='ltr'><strong><em>factus</em></strong></span> <span class='ocrx_word' id='word_1_833' title='bbox 3245 5556 3344 5608; x_wconf 89' lang='lat' dir='ltr'><strong><em>est,</em></strong></span> <span class='ocrx_word' id='word_1_834' title='bbox 3369 5548 3420 5600; x_wconf 89' lang='lat' dir='ltr'><strong><em>in</em></strong></span> <span class='ocrx_word' id='word_1_835' title='bbox 3444 5545 3629 5615; x_wconf 88' lang='lat' dir='ltr'><strong><em>quibus</em></strong></span> <span class='ocrx_word' id='word_1_836' title='bbox 3656 5543 3810 5597; x_wconf 88' lang='lat' dir='ltr'><strong><em>modo</em></strong></span> 
     </span>
    </p>
   </div>
   <div class='ocr_carea' id='block_1_114' title="bbox 2236 5641 3812 5712">
    <p class='ocr_par' dir='ltr' id='par_1_114' title="bbox 2236 5641 3812 5712">
     <span class='ocr_line' id='line_1_115' title="bbox 2236 5641 3812 5712; baseline -0.008 -12"><span class='ocrx_word' id='word_1_837' title='bbox 2236 5657 2335 5700; x_wconf 86' lang='lat' dir='ltr'><strong><em>est.</em></strong></span> <span class='ocrx_word' id='word_1_838' title='bbox 2376 5643 2541 5700; x_wconf 78' lang='lat' dir='ltr'><strong><em>Multa</em></strong></span> <span class='ocrx_word' id='word_1_839' title='bbox 2575 5641 2740 5712; x_wconf 87' lang='lat' dir='ltr'><strong><em>impia</em></strong></span> <span class='ocrx_word' id='word_1_840' title='bbox 2773 5657 2840 5696; x_wconf 81' lang='lat' dir='ltr'><strong><em>ex</em></strong></span> <span class='ocrx_word' id='word_1_841' title='bbox 2875 5641 2971 5694; x_wconf 89' lang='lat' dir='ltr'><strong><em>lib.</em></strong></span> <span class='ocrx_word' id='word_1_842' title='bbox 3009 5655 3047 5707; x_wconf 88' lang='grc' dir='ltr'>ι,</span> <span class='ocrx_word' id='word_1_843' title='bbox 3080 5656 3140 5703; x_wconf 83' lang='grc' dir='ltr'><strong><em>ιι,</em></strong></span> <span class='ocrx_word' id='word_1_844' title='bbox 3171 5655 3266 5704; x_wconf 76' lang='lat' dir='ltr'><strong><em>vn,</em></strong></span> <span class='ocrx_word' id='word_1_845' title='bbox 3303 5655 3422 5703; x_wconf 77' lang='lat' dir='ltr'><strong><em>vm,</em></strong></span> <span class='ocrx_word' id='word_1_846' title='bbox 3465 5653 3561 5701; x_wconf 83' lang='lat' dir='ltr'><strong><em>xu,</em></strong></span> <span class='ocrx_word' id='word_1_847' title='bbox 3595 5651 3719 5699; x_wconf 76' lang='lat' dir='ltr'><strong><em>xm,</em></strong></span> <span class='ocrx_word' id='word_1_848' title='bbox 3758 5642 3812 5688; x_wconf 90' lang='lat' dir='ltr'><strong><em>et</em></strong></span> 
     </span>
    </p>
   </div>
   <div class='ocr_carea' id='block_1_115' title="bbox 633 5810 3814 5899">
    <p class='ocr_par' dir='ltr' id='par_1_115' title="bbox 633 5810 3814 5899">
     <span class='ocr_line' id='line_1_116' title="bbox 633 5810 3814 5899; baseline -0.005 -16"><span class='ocrx_word' id='word_1_849' title='bbox 633 5831 710 5899; x_wconf 82' lang='grc' dir='ltr'><strong><em>(α)</em></strong></span> <span class='ocrx_word' id='word_1_850' title='bbox 746 5828 858 5884; x_wconf 85' lang='lat' dir='ltr'><strong><em>Hoc</em></strong></span> <span class='ocrx_word' id='word_1_851' title='bbox 886 5827 1231 5899; x_wconf 79' lang='lat' dir='ltr'><strong><em>Theodorum</em></strong></span> <span class='ocrx_word' id='word_1_852' title='bbox 1266 5830 1406 5883; x_wconf 82' lang='lat' dir='ltr'><strong><em>libro</em></strong></span> <span class='ocrx_word' id='word_1_853' title='bbox 1440 5829 1778 5887; x_wconf 87' lang='lat' dir='ltr'><strong><em>vulnerasse.</em></strong></span> <span class='ocrx_word' id='word_1_854' title='bbox 1816 5829 1864 5885; x_wconf 88' lang='lat' dir='ltr'><strong><em>si</em></strong></span> <span class='ocrx_word' id='word_1_855' title='bbox 1893 5828 2005 5886; x_wconf 82' lang='lat' dir='ltr'><strong><em>ﬁeri</em></strong></span> <span class='ocrx_word' id='word_1_856' title='bbox 2034 5827 2320 5899; x_wconf 81' lang='lat' dir='ltr'><strong><em>potuisset,</em></strong></span> <span class='ocrx_word' id='word_1_857' title='bbox 2357 5824 2415 5880; x_wconf 87' lang='lat' dir='ltr'><strong><em>S.</em></strong></span> <span class='ocrx_word' id='word_1_858' title='bbox 2441 5821 2830 5893; x_wconf 83' lang='lat' dir='ltr'><strong><em>Hieronymum</em></strong></span> <span class='ocrx_word' id='word_1_859' title='bbox 2860 5818 2929 5876; x_wconf 88' lang='lat' dir='ltr'><strong><em>ob</em></strong></span> <span class='ocrx_word' id='word_1_860' title='bbox 2954 5831 3018 5874; x_wconf 82' lang='lat' dir='ltr'><strong><em>ea</em></strong></span> <span class='ocrx_word' id='word_1_861' title='bbox 3045 5832 3165 5886; x_wconf 79' lang='lat' dir='ltr'><strong><em>qua:</em></strong></span> <span class='ocrx_word' id='word_1_862' title='bbox 3197 5813 3458 5874; x_wconf 74' lang='lat' dir='ltr'><strong><em>adversus</em></strong></span> <span class='ocrx_word' id='word_1_863' title='bbox 3488 5810 3814 5882; x_wconf 68' lang='lat' dir='ltr'><strong><em>Pelagianos</em></strong></span> 
     </span>
    </p>
   </div>
   <div class='ocr_carea' id='block_1_116' title="bbox 563 5898 1797 5971">
    <p class='ocr_par' dir='ltr' id='par_1_116' title="bbox 563 5898 1797 5971">
     <span class='ocr_line' id='line_1_117' title="bbox 563 5898 1797 5971; baseline -0.005 -13"><span class='ocrx_word' id='word_1_864' title='bbox 563 5898 869 5968; x_wconf 75' lang='lat' dir='ltr'><strong><em>scribebat,</em></strong></span> <span class='ocrx_word' id='word_1_865' title='bbox 901 5898 1109 5970; x_wconf 78' lang='lat' dir='ltr'><strong><em>jamdiu</em></strong></span> <span class='ocrx_word' id='word_1_866' title='bbox 1145 5900 1400 5970; x_wconf 74' lang='lat' dir='ltr'><strong><em>philologi</em></strong></span> <span class='ocrx_word' id='word_1_867' title='bbox 1444 5907 1797 5971; x_wconf 55' lang='lat' dir='ltr'><strong><em>agnoverunt.</em></strong></span> 
     </span>
    </p>
   </div>
  </div>
