3934 6552
200 436 267 495 93
1388 447 1715 507 DIATRIBA
1744 451 1787 504 D

1890 448 2280 511 [‘HEODORIS.
3375 434 3446 513 οι

198 568 287 608 ιη
317 551 627 605 recitantur
658 552 713 607 in
743 552 786 606 V
828 555 1056 625 synodo.
1088 555 1224 613 Vide
1251 559 1418 614 etiam
1456 560 1770 617 Facundum
1803 572 1844 628 Α
1876 562 2049 628 posita
2079 562 2315 630 falsitate
2353 572 2763 631 corrumperent.
2796 565 2865 619 At
2892 565 2982 619 ille
3010 564 3131 619 hinc
3159 565 3237 619 vel
3262 581 3445 620 eorum

195 645 287 714 qui
321 643 631 713 saepissime
680 645 829 700 illius
877 649 1059 717 operis
1099 651 1425 707 testimoniis
1473 655 1663 708 utitur.
1704 654 1778 709 Ea

197 749 378 789 tamen
423 734 635 789 inserta
684 751 805 792 esse
839 740 908 793 ab
952 740 1245 805 haereticis,
1280 749 1335 796 et
1372 743 1778 813 Apollinaristis

196 826 577 895 potissimum,
607 834 842 881 testatur
872 830 1132 885 idenimet
1164 830 1505 897 Theodorus,
1535 834 1589 888 in
1626 836 1779 904 prin-

194 916 340 984 cipio
374 916 588 985 operis,
622 918 711 969 cui
742 917 961 971 titulum
996 918 1199 973 fecerat
1232 939 1243 973 :
1282 920 1360 974 De
1394 923 1693 989 Apollinari
1731 933 1779 977 et

193 1008 310 1075 ejus
340 1008 558 1062 liceresi.
593 1008 772 1063 Verba
809 1011 929 1078 ejus
974 1011 1293 1065 referuntur
1324 1027 1355 1065 a
1395 1010 1650 1067 Facundo
1682 1014 1778 1068 lib.

194 1116 250 1162 χ,
284 1114 408 1168 cap.
440 1100 467 1153 1
503 1118 517 1155 :
545 1100 685 1155 Ante
715 1102 935 1171 triginta
972 1103 1108 1155 enim
1136 1104 1246 1169 iam
1276 1104 1369 1158 hos
1402 1122 1567 1159 annos
1595 1106 1667 1160 De
1692 1105 1779 1160 ln-

194 1192 519 1246 carnatione
545 1191 765 1248 Domini
804 1194 1035 1249 codicem
1076 1196 1483 1264 conscripsimus
1525 1213 1687 1268 usque
1711 1202 1779 1251 ad

195 1281 499 1350 quindecim
527 1285 704 1337 millia
740 1301 981 1339 versuum
1016 1289 1405 1357 pertingentem.
1442 1288 1509 1342 In
1535 1306 1636 1358 quo
1664 1290 1783 1343 Arii

192 1385 241 1425 et
271 1373 533 1428 Eunomii
558 1376 623 1429 de
663 1377 763 1429 hac
797 1394 850 1430 re
892 1377 1103 1442 delicta,
1132 1394 1332 1431 necnon
1377 1380 1539 1432 etiam
1574 1379 1781 1448 Apolli-

194 1468 340 1519 narii
390 1484 589 1521 vanam
622 1470 1082 1536 prwsumptionem
1129 1487 1222 1539 per
1260 1479 1425 1524 totum
1471 1471 1607 1524 illud
1651 1487 1780 1540 opus

191 1561 643 1625 examinavimus,
678 1571 736 1614 ut
767 1562 921 1624 nihil,
962 1562 1100 1615 sicut
1130 1578 1246 1615 mea
1282 1563 1384 1631 fert
1414 1562 1608 1630 opinio,
1644 1580 1783 1632 pra:-

196 1654 414 1705 terirem
443 1667 510 1706 ea:
534 1653 615 1706 his
631 1670 750 1722 quae
782 1652 851 1706 ad
881 1655 1187 1721 ﬁrmitatem
1221 1655 1587 1709 ecclesiastica:
1605 1655 1776 1708 ortho-

194 1743 375 1798 ὀστέα
400 1744 746 1811 pertinerent,
773 1754 822 1797 et
852 1746 921 1797 ad
947 1744 1355 1798 convincendam
1384 1761 1564 1799 eorum
1598 1746 1781 1812 impie-

195 1844 383 1889 tatem.
423 1834 533 1889 Sed
579 1835 633 1889 hi
685 1837 777 1906 qui
803 1839 983 1897 omnia
1030 1837 1288 1906 facillime
1340 1847 1688 1903 pra'sumunt,
1727 1846 1779 1890 et

1882 652 2166 717 malitiam,
2216 652 2292 706 vel
2336 652 2649 720 facilitatem
2692 655 3070 709 catholicorum
3122 655 3447 725 ﬁducialiter

1881 745 2153 815 arguebat,
2186 750 2322 814 quod
2344 745 2522 814 palam
2544 746 2858 814 prtrdicaret
2882 748 2936 799 in
2978 746 3216 800 Ecclesia
3246 747 3446 800 Christi

1878 852 1995 905 qua:
2018 850 2163 888 sanae
2193 836 2449 889 doctrinm
2483 843 2843 903 congruerent,
2875 844 2923 889 et
2961 851 3059 889 vox
3093 837 3208 905 ejus
3237 838 3446 905 ﬁdelior

1879 926 2092 994 scriptis
2115 934 2249 978 esset
2281 924 2350 977 ad
2372 925 2740 979 documentum
2775 942 2885 979 suae
2917 928 3207 981 sententiae.
3244 929 3441 981 Absen-

1882 1017 1946 1069 tis
1970 1017 2108 1070 enim
2135 1017 2357 1084 scripta,
2392 1031 2509 1084 qua:
2535 1016 2801 1083 corrumpi
2837 1014 2901 1068 ab
2932 1016 3162 1069 inimicis
3194 1015 3444 1071 Ecclesia:

1879 1115 2119 1175 possunt,
2146 1108 2286 1161 vocis
2308 1107 2421 1175 ejus
2439 1107 2737 1160 testimonio
2755 1106 2994 1175 prwferri
3017 1124 3116 1160 non
3138 1108 3441 1163 debuerant.

1881 1200 1947 1254 Et
1985 1201 2083 1256 lib.
2117 1216 2195 1263 ιχ,
2224 1216 2343 1270 cap.
2378 1201 2412 1254 5
2438 1217 2453 1253 :
2489 1197 2631 1252 Nam
2661 1200 2744 1251 cui
2774 1198 2897 1253 bene
2923 1201 3164 1253 sentienti
3192 1217 3295 1255 non
3332 1202 3448 1271 suf-

1882 1292 2058 1359 ﬁceret
2086 1289 2154 1341 ad
2200 1290 2614 1359 cognoscendam
2647 1287 2905 1343 Theodori
2951 1288 3129 1357 fidem,
3164 1289 3274 1357 ipse
3303 1291 3448 1345 solus

1879 1379 2112 1442 eiusdem
2142 1380 2309 1446 operis
2334 1379 2560 1434 titulus?
2592 1378 2722 1444 Quis
2751 1382 2888 1434 enim
2924 1395 3043 1433 eum
3074 1378 3291 1433 audiens
3327 1396 3451 1433 con-

1879 1470 2078 1524 didisse
2103 1471 2263 1523 libros
2296 1469 2369 1525 De
2389 1472 2781 1534 incarnatione,
2802 1480 2977 1536 aut,ut
2993 1471 3201 1540 proprie
3230 1470 3326 1524 hoc
3349 1487 3447 1525 ea:-

1880 1562 2130 1631 primam,
2160 1563 2334 1615 minus
2360 1562 2566 1632 quidem
2595 1560 2808 1625 Latino,
2840 1562 2929 1615 sed
2953 1563 3244 1614 necessario
3275 1561 3449 1623 verba,

1882 1655 2017 1707 sicut
2052 1671 2085 1707 a
2117 1651 2317 1708 ercis
2356 1652 2572 1719 dicitur,
2608 1654 2671 1707 de
2710 1652 3142 1706 inhumanatione
3179 1650 3309 1705 Filii
3332 1651 3449 1716 Dei,

1882 1744 2014 1798 duos
2040 1761 2157 1798 eum
2189 1752 2333 1813 putet
2372 1745 2513 1813 ﬁlios
2540 1743 2896 1812 praedicasse?
2924 1741 3068 1795 Nam
3091 1743 3320 1812 qualiter
3356 1741 3455 1797 Fi-

1883 1834 2013 1888 lium
2036 1835 2153 1897 Dei,
2187 1834 2241 1888 id
2257 1845 2334 1888 est
2366 1833 2533 1887 Deum
2571 1834 2811 1899 Verbum,
2839 1850 2941 1887 non
2965 1832 3222 1886 hominem
3252 1848 3454 1903 quoque

194 1933 465 1992 prseterea
491 1941 706 1978 rursum
740 1925 808 1976 ab
849 1926 1206 1994 Apollinario,
1232 1926 1322 1996 qui
1358 1927 1595 1995 princeps
1621 1925 1776 1994 hujus
1812 1913 1853 1967 Β
1881 1926 2247 1997 diceret,quem
2262 1927 2454 1980 diceret
2470 1924 3171 1981 inhumanatumiDetitulo
3187 1926 3288 1979 hoc
3301 1927 3454 1993 Σαρ-

195 2015 417 2069 llaeresis
467 2015 661 2083 fuerat.
708 2017 963 2081 instituti,
1000 2016 1242 2071 omnibus
1285 2017 1490 2087 quidem
1536 2016 1783 2070 similiter

196 2104 547 2158 sentientibus
571 2120 699 2172 opus
728 2116 967 2159 nostrum
988 2108 1324 2177 manifestum
1347 2107 1599 2175 fecerunt,
1614 2108 1660 2160 si
1681 2123 1781 2177 quo

198 2194 354 2247 modo
391 2195 581 2265 aliqua
609 2198 900 2251 invenirent
935 2196 1165 2250 valentia
1189 2196 1259 2250 ad
1285 2198 1690 2251 convincendum
1719 2214 1782 2252 ea

197 2301 314 2355 qua
345 2287 404 2340 in
442 2303 504 2340 eo
535 2296 660 2340 sunt
691 2288 910 2357 scripta.
946 2287 1209 2352 Quoniam
1241 2304 1360 2343 vero
1391 2290 1566 2343 nullus
1600 2300 1782 2344 contra

198 2387 467 2431 certamen
496 2379 710 2447 scriptis
739 2381 1001 2448 suscipere
1033 2380 1407 2449 prazsumebat,
1433 2381 1634 2434 imitati
1661 2390 1780 2434 sunt

199 2470 447 2537 inﬁrmos
474 2472 705 2525 athletas
733 2482 783 2524 et
826 2470 1074 2535 callidos,
1128 2473 1236 2542 qui,
1270 2472 1396 2526 dum
1424 2491 1526 2527 non
1563 2483 1781 2542 possunt

199 2572 386 2615 contra
415 2562 670 2631 fortiores
699 2574 923 2629 certare,
950 2564 1160 2618 insidiis
1185 2581 1272 2618 eos
1306 2574 1356 2618 et
1388 2566 1782 2620 machinamen-

202 2655 264 2707 tis
316 2653 518 2724 quibus
567 2665 790 2722 possunt
843 2665 1105 2709 conantur
1152 2665 1396 2710 evertere.
1452 2655 1785 2726 Scripserunt

200 2745 334 2797 enim
362 2747 473 2813 ipsi
507 2747 649 2801 inter
672 2764 727 2801 se
759 2748 1126 2815 proculdubio
1159 2749 1404 2819 quedam
1434 2751 1633 2819 inepta,
1669 2765 1786 2819 qua:

202 2854 231 2888 ε
258 2836 413 2890 nobis
438 2854 676 2908 unquam
705 2839 922 2893 minime
939 2839 1255 2894 dicerentur.
1281 2840 1515 2910 Denique
1543 2841 1651 2895 haec
1672 2842 1786 2910 ipsa

202 2928 251 2983 in
279 2931 458 2983 medio
498 2939 806 2985 nostrorum
837 2932 1151 3000 scriptorum
1176 2934 1231 2986 in
1258 2934 1486 3003 quadam
1527 2942 1677 3001 parte
1703 2935 1787 2988 in-

206 3030 596 3089 terposuerunt,
627 3031 678 3076 et
719 3023 831 3077 suis
858 3023 1217 3092 familiaribus
1261 3025 1785 3091 demonstraverunt;

205 3113 496 3184 aliquando
527 3125 704 3168 autem
729 3125 777 3169 et
801 3117 1020 3177 nostris,
1051 3117 1141 3185 qui
1173 3132 1266 3186 per
1295 3116 1608 3184 facilitate»:
1633 3132 1785 3169 suam

1882 2018 2120 2083 κὼσεως
2131 2018 2226 2071 καὶ
2244 2019 2551 2086 ἐνανθρωπ
2559 2017 2767 2084 ήσεως,
2785 2027 2839 2073 et
2853 2018 2920 2073 de
2930 2032 2997 2072 eo
3022 2018 3163 2072 inter
3193 2015 3453 2072 orthodo-

1885 2126 1983 2164 xos
2012 2117 2173 2179 atque
2197 2110 2558 2165 heterodoxos
2580 2110 2915 2173 discrimine,
2937 2120 3121 2180 repete
3142 2125 3263 2180 qua:
3285 2124 3452 2180 supra

1883 2202 2140 2257 diximus.
2174 2202 2579 2257 Advertendum
2626 2203 2842 2257 interim
2877 2210 2982 2266 est,
3012 2218 3135 2256 cum
3184 2200 3453 2257 Gennadii

1884 2295 2047 2346 verba
2079 2294 2143 2347 ad
2177 2291 2526 2349 Theodorum
2555 2293 2883 2349 Baithenum
2921 2294 3299 2365 presbyterum
3327 2292 3458 2347 Pos-

1884 2384 2105 2438 sevinus
2128 2383 2411 2448 transfert,
2443 2385 2753 2455 asseritque
2788 2385 2935 2439 hunc
2968 2384 3165 2438 librum
3195 2399 3226 2439 e
3264 2383 3455 2438 Graeco

1888 2475 1942 2530 in
1985 2475 2239 2530 Latinum
2293 2475 2647 2532 Godefridum
2701 2474 3051 2531 Tilmannum
3106 2477 3359 2539 vertisse,
3401 2482 3457 2529 et

1888 2567 2253 2638 Margarinum
2292 2567 2567 2639 Bignseum
2590 2570 2644 2622 in
2677 2578 2985 2623 sanctorum
3015 2568 3241 2622 Patrum
3274 2567 3461 2622 biblio-

1887 2655 2089 2708 thecam
2125 2655 2428 2712 inseruisse
2471 2657 2657 2711 tom.l
2716 2657 2977 2713 editionis
3030 2673 3068 2712 ιι
3106 2656 3456 2724 Parisiensis,

1884 2762 2009 2802 eum
2044 2760 2151 2800 non
2178 2760 2287 2800 uno
2320 2746 2482 2801 modo
2512 2746 2644 2800 labi.
2681 2745 2781 2800 Hic
2813 2747 3013 2801 etenim
3060 2746 3454 2808 Antiochenus,

1880 2835 1979 2907 qui
2009 2835 2080 2889 De
2103 2836 2468 2889 incarnatione
2496 2834 2709 2890 Domini
2741 2834 2910 2892 libros
2944 2854 3013 2893 xv
3044 2838 3280 2907 scripsit,
3300 2838 3459 2908 longe

1885 2928 2136 2982 diversus
2166 2935 2250 2983 est
2283 2944 2311 2982 a
2342 2927 2632 2982 Theodoro
2666 2926 2932 2981 Baithano
2965 2943 2980 2981 :
3011 2936 3064 2980 et
3114 2927 3251 2980 liber
3276 2926 3459 2982 Theo-

1886 3019 2007 3073 dori
2038 3018 2291 3073 Raitbeni
2327 3018 2400 3072 De
2433 3018 2614 3072 divina
2651 3018 2961 3082 oeconomia,
2999 3029 3054 3071 et
3085 3018 3245 3072 modo
3276 3019 3461 3074 carnis

1887 3127 1919 3165 a
1949 3111 2057 3167 Deo
2091 3119 2406 3182 assumptis,
2437 3110 2491 3165 in
2514 3125 2646 3180 .quo
2678 3118 2746 3165 de
2785 3108 3015 3175 Maneto,
3048 3108 3218 3163 Paulo
3266 3109 3462 3163 Samo-

207 3209 380 3260 omnia
417 3209 609 3275 pronis
649 3208 843 3261 animis
876 3207 1182 3274 audiebant,
1213 3217 1261 3261 et
1301 3210 1397 3261 hoc
1435 3210 1591 3279 quasi
1623 3208 1856 3297 docu-zc
1890 3211 2102 3266 sateno,
2132 3202 2456 3271 Apollinari,
2502 3198 2789 3255 Theodoro
2815 3199 3222 3269 Mopsuesteno,
3272 3197 3463 3253 Nesto-

208 3309 462 3365 mentum,
495 3301 635 3353 sicut
656 3300 935 3368 putabant,
963 3310 1158 3354 nostra:
1179 3300 1786 3368 impietatis,videntibus

208 3391 532 3458 prebebant.
579 3390 754 3445 Unum
804 3402 978 3446 autem
1007 3407 1071 3445 ea:
1113 3392 1195 3445 his
1228 3393 1439 3460 scriptis
1484 3402 1620 3458 erat,
1656 3394 1787 3447 duos

210 3484 345 3549 ﬁlios
372 3484 572 3537 dicere.
607 3483 701 3538 Sic
738 3485 875 3538 enim
908 3502 1001 3538 nos
1034 3485 1266 3553 fecerunt
1295 3486 1351 3538 in
1394 3485 1491 3538 hoc
1528 3501 1678 3552 opere
1703 3485 1786 3537 di-

211 3582 401 3636 centes,
436 3571 582 3641 quod
611 3583 848 3641 oporteat
875 3584 1062 3644 putare
1094 3586 1140 3628 et
1174 3575 1349 3629 dicere
1372 3576 1504 3631 duos
1546 3577 1709 3645 ﬁlios,
1740 3586 1790 3631 et

211 3662 533 3715 uehementer
573 3678 668 3715 nos
696 3664 858 3716 istum
888 3680 1178 3718 sermonem
1208 3664 1502 3733 defendere,
1528 3667 1653 3718 dum
1695 3682 1789 3720 nos

211 3753 260 3805 in
280 3753 381 3805 illa
405 3754 675 3820 scriptura
694 3753 880 3822 ubique
901 3755 1179 3824 manifeste
1200 3754 1511 3815 diceremus.
1530 3755 1668 3826 quod
1688 3774 1791 3810 non

213 3855 447 3913 oporteat
471 3845 607 3899 duos
626 3846 767 3913 ﬁlios
783 3846 973 3900 dicere.
992 3845 1215 3901 Necesse
1229 3857 1339 3900 erat
1361 3863 1481 3917 ergo
1494 3864 1597 3900 non
1622 3848 1793 3902 solum

212 3936 409 4004 inepta,
447 3936 540 3990 sed
569 3938 732 3990 etiam
761 3938 977 4007 inﬁrma
1002 3939 1097 3991 illa
1121 3939 1321 4007 scripta
1345 3939 1676 3993 audientibus
1700 3955 1794 4005 ap-

212 4044 415 4096 parere,
456 4029 710 4098 quoniam
758 4046 919 4100 neque
956 4031 1115 4095 ﬁrma
1160 4031 1365 4084 ratione
1414 4047 1576 4099 neque
1611 4046 1793 4084 conre-

213 4121 377 4174 nienti
417 4121 517 4173 hoc
557 4120 810 4190 possibile
841 4131 955 4174 erat
993 4120 1228 4183 ostendi;
1266 4131 1315 4175 et
1358 4123 1421 4174 ab
1448 4122 1556 4175 illis
1595 4123 1793 4175 idcirco

214 4213 439 4280 inﬁrmis
473 4222 594 4267 erat
631 4214 1005 4280 conscriptum,
1047 4225 1303 4284 quatenus
1341 4217 1430 4271 ille
1457 4219 1546 4287 qui
1571 4219 1793 4287 scripse-

216 4316 323 4371 rat,
354 4308 571 4376 facilius
605 4308 726 4361 inde
774 4310 1010 4362 convinci
1060 4312 1331 4378 potuisset.
1375 4310 1525 4367 Unus
1578 4330 1700 4384 ergo
1730 4329 1794 4368 ex

217 4405 409 4456 nostris
457 4410 675 4470 propter
710 4402 930 4455 multam
961 4404 1277 4472 facilitatem
1304 4406 1412 4459 hcec
1448 4416 1632 4459 nostra
1683 4423 1795 4461 esse

220 4492 435 4545 credidit
466 4492 692 4561 scripta,
739 4502 789 4545 et
824 4492 979 4561 hujus
1022 4495 1099 4547 rei
1141 4497 1317 4563 gratia
1364 4496 1553 4566 dignus
1597 4496 1700 4565 ﬁde
1730 4499 1792 4550 ab

1889 3296 1971 3349 rio
2022 3303 2077 3350 et
2122 3293 2423 3366 Eutychete
2466 3295 2665 3366 agitur,
2711 3302 2765 3350 et
2818 3309 3010 3350 versus
3058 3308 3088 3347 a
3151 3290 3463 3353 Tilmanno,

1889 3388 2049 3456 longe
2076 3386 2218 3442 alius
2240 3395 2324 3442 est
2353 3386 2421 3441 ab
2449 3386 2551 3440 hoc
2573 3386 2847 3440 Theodori
2876 3383 3202 3439 Antiocheni
3231 3384 3285 3437 in
3314 3380 3462 3451 quin»

1889 3479 2064 3533 decim
2111 3477 2283 3533 libros
2322 3478 2519 3534 diviso.
2553 3477 2619 3531 Et
2651 3477 3053 3532 Antioclienum
3103 3475 3248 3529 hunc
3283 3470 3466 3526 Theo-

1890 3570 2084 3625 dorum
2112 3571 2554 3640 Mopsuestcnum
2584 3586 2725 3636 esse,
2750 3578 2805 3625 et
2835 3585 2944 3623 non
2976 3568 3323 3631 Raithenum,
3348 3566 3465 3634 plu-

1890 3664 2045 3717 ribus
2078 3662 2253 3717 modis
2286 3679 2353 3717 ex
2389 3662 2587 3717 Photio
2617 3662 2849 3731 aliisque
2895 3662 3178 3731 probatur.
3220 3657 3283 3710 Et
3312 3658 3468 3728 plane

1891 3755 2164 3809 Theodori
2208 3753 2575 3823 Mopsuesteni
2611 3754 2733 3808 libri
2777 3753 2850 3806 De
2895 3750 3277 3812 incarnatione,
3325 3746 3468 3818 quod

1893 3849 2009 3917 ipso
2046 3850 2237 3909 sciam,
2289 3863 2396 3899 non
2424 3853 2641 3901 exstant
2680 3846 2815 3915 (imo
2869 3858 3097 3913 prorsus
3144 3841 3468 3911 perierunt).

1892 3939 2028 3995 Vide
2060 3955 2181 4009 qum
2210 3938 2351 3992 infra
2386 3939 2619 3993 dicimus
2652 3937 2719 3991 de
2743 3935 3032 3990 Theodoro
3068 3932 3361 3986 Raitheno.

1969 4032 2042 4085 De
2080 4032 2367 4085 Persarum
2400 4031 2577 4099 magia
2609 4029 2779 4082 libros
2809 4037 2942 4081 tres.
2982 4025 3132 4094 Legit
3160 4023 3388 4076 Photius
3418 4022 3471 4075 in

1895 4124 2220 4180 Bibliotheca
2267 4122 2388 4177 cod.
2431 4121 2492 4174 8|
2530 4139 2542 4174 :
2590 4116 2928 4187 Ἀνεγνώσθη
2968 4114 3292 4186 βιϐλιδάριον
3343 4112 3473 4164 Θεο-

1892 4216 2065 4289 δώρου
2098 4213 2236 4282 Περὶ
2287 4212 2396 4281 τῆς
2427 4212 2497 4265 ἐν
2550 4208 2794 4277 Περσίδι
2835 4203 3117 4277 μαγικῆς,
3155 4202 3252 4255 καὶ
3297 4202 3387 4266 τίς
3433 4202 3471 4268 ὴ

1893 4311 2006 4380 τῆς
2025 4306 2335 4369 εὐσεϐείας
2368 4301 2641 4372 διαφορὰ,
2676 4302 2734 4353 ὲν
2777 4298 2953 4367 λόγοις
2986 4295 3165 4368 τρισί·
3216 4309 3474 4365 προσφω-

1894 4406 1974 4457 νεῖ
2004 4402 2060 4455 δὲ
2087 4401 2280 4463 αὐτοὺς
2328 4396 2465 4466 πρὸς
2503 4392 2844 4449 Μαστούϐιον
2871 4390 2931 4454 ἐξ
2973 4386 3261 4460 Ἀρμενίας
3289 4384 3472 4456 ὁρμώ-

1899 4512 2077 4567 μενον,
2112 4490 2525 4563 χωρεπίσκοπον
2554 4486 2611 4540 δὲ
2648 4483 2981 4554 τυγχάνοντα
3002 4497 3015 4510 °
3044 4483 3139 4532 καὶ
3162 4479 3221 4531 ἐν
3263 4476 3358 4547 μὲν
3397 4474 3475 4546 τῷ

220 4582 325 4634 illis
365 4582 600 4636 creditus
634 4591 712 4634 est
760 4583 849 4651 qui
877 4584 981 4635 ista
1027 4584 1333 4654 perlegerat,
1371 4596 1421 4639 et
1474 4589 1787 4640 renuntiavit

1897 4586 2099 4661 πρώτῳ
2124 4585 2267 4653 λόγῳ
2294 4580 2565 4634 ἐκτίθεται
2594 4577 2655 4630 τὸ
2689 4575 2881 4647 μιαρὸν
2910 4573 3017 4626 τῶν
3055 4570 3278 4641 Περσῶν
3300 4569 3477 4638 δόγμα

221 4675 362 4726 nobis
390 4691 452 4727 ea
481 4691 579 4744 que
608 4674 818 4742 fuerant
864 4676 1085 4744 scripta.
1122 4675 1255 4729 Cum
1291 4693 1413 4747 ergo
1438 4678 1793 4747 audissemus,

222 4766 540 4833 culpaoimus
572 4765 778 4835 quidem
802 4766 976 4825 illum,
1009 4766 1146 4836 quod
1178 4778 1363 4821 contra
1389 4786 1482 4822 nos
1509 4770 1668 4824 dictis
1692 4788 1797 4824 ser-

224 4858 457 4912 monibus
493 4860 803 4913 credidisset
832 4859 895 4913 de
936 4861 1016 4913 his
1062 4860 1235 4923 rebus,
1275 4878 1405 4929 quas
1429 4864 1623 4930 swpius
1664 4874 1713 4917 et
1742 4865 1794 4917 in

230 4949 457 5005 Ecclesia
488 4962 537 5005 et
565 4954 815 5019 priuatim
844 4952 1075 5006 dicentes
1120 4970 1211 5006 nos
1251 4953 1472 5018 audivit,
1506 4972 1623 5007 cum
1666 4957 1797 5023 ﬁde-

227 5042 398 5096 liorem
432 5047 643 5111 scriptis
685 5055 925 5098 nostram
960 5061 1133 5098 vocem
1166 5045 1416 5115 judicare
1450 5046 1685 5099 debuerit
1728 5047 1797 5101 ad

228 5132 588 5187 documentum
625 5146 821 5188 nostris
851 5136 1146 5199 sententiw,
1176 5153 1334 5203 quam
1373 5140 1427 5190 in
1462 5137 1796 5207 dogmatibus

230 5234 454 5275 nostrum
497 5234 675 5276 votum
716 5232 790 5277 est
832 5240 1161 5278 conservare.
1195 5225 1332 5281 Hinc
1375 5228 1657 5281 concludit
1697 5226 1799 5281 Fa-

229 5316 430 5369 cundus
480 5333 495 5368 :
556 5313 841 5379 Accepisti,
897 5313 1301 5368 clementissime
1349 5316 1658 5382 imperator,
1697 5335 1796 5388 quo

231 5406 382 5458 liuore
412 5421 634 5471 semper.
668 5414 715 5457 et
747 5422 851 5473 qua
885 5405 1110 5473 fallacia
1143 5408 1472 5462 institutores
1509 5408 1795 5480 Eutychid-

229 5509 405 5549 norum
452 5498 777 5565 syriusiasta:
806 5496 1050 5550 insidiati
1091 5498 1289 5565 fuerint
1316 5498 1473 5553 dictis
1513 5499 1796 5565 Theodori,

232 5592 557 5659 ctquomodo
609 5593 924 5646 tentaverint
980 5593 1365 5647 levissimorum
1414 5595 1798 5650 catholicorum

237 5694 412 5739 mentes
447 5704 478 5738 a
502 5684 753 5738 doctrina
781 5686 895 5754 ejus
929 5696 1182 5751 avertere,
1213 5699 1269 5739 ut
1306 5704 1407 5740 non
1443 5688 1610 5740 solum
1642 5706 1800 5759 prare

237 5775 691 5845 interpretarentur
715 5795 777 5831 ea
810 5795 927 5848 qua:
966 5780 1057 5833 ille
1089 5790 1226 5835 recto
1264 5796 1416 5832 sensu
1461 5780 1677 5833 docebat
1703 5784 1798 5834 obr-

244 5868 341 5923 tt'us
362 5887 537 5925 eorum
562 5871 827 5937 stultitim,
866 5888 1040 5927 rerum
1087 5873 1245 5927 etiam
1284 5873 1445 5927 libros
1480 5873 1594 5943 ejus
1631 5874 1791 5929 inter-

1895 4659 2238 4747 bvlaapa'tang
2280 4673 2630 4742 εἰσηγήσατο,
2662 4669 2780 4739 ἦτοι
2810 4664 3055 4735 περὶτοῦ
3104 4660 3382 4732 Ζαρουὰμ,
3417 4659 3477 4711 ὃν

1897 4769 2136 4840 ἀρχηγὸν
2179 4766 2397 4818 πάντων
2443 4762 2675 4829 εἰσάγει,
2725 4759 2782 4811 ὃν
2820 4758 2915 4810 καὶ
2950 4756 3120 4825 τύχην
3152 4754 3335 4806 καλεῖ³
3384 4754 3479 4806 καὶ

1896 4862 1978 4914 ὅτι
2012 4858 2270 4919 σπένδων,
2310 4856 2399 4908 ἵνα
2428 4853 2558 4925 τέκῃ
2584 4853 2674 4906 τὸν
2708 4849 3021 4921 Ὀρμὶσδαν,
3050 4847 3231 4899 ἔτεκεν
3275 4848 3480 4898 ἐκεῖνον

1899 4959 1992 5011 καὶ
2024 4956 2115 5009 τὸν
2148 4954 2425 5007 Σατανᾶν
2459 4952 2554 5005 καὶ
2587 4949 2716 5021 περὶ
2759 4949 2859 5017 τῆς
2903 4947 3084 5000 αὐτῶν
3127 4941 3476 5014 αἱμομιξίας’

1898 5047 1993 5099 καὶ
2019 5044 2203 5106 ἁπλῶς
2231 5044 2293 5096 τὸ
2315 5040 2573 5103 δυσσεόὲς
2611 5041 2704 5092 καὶ
2738 5037 3105 5108 ὑπέραισχρον
3133 5034 3307 5103 δόγμα
3337 5030 3480 5085 κατὰ

1898 5139 2041 5203 λέξιν
2074 5136 2253 5199 ἐκθεὶς
2282 5133 2641 5196 ἁνασκευάζει
2672 5131 2731 5183 ὲν
2767 5130 2844 5200 τῷ
2892 5128 3094 5198 πρώτῳ
3127 5125 3301 5193 λόγον
3332 5124 3388 5174 ὲν
3422 5122 3479 5173 δὲ

1897 5236 2009 5294 τοῖς
2039 5231 2244 5292 λοιποῖς
2272 5228 2391 5281 δυσὶ
2434 5225 2611 5293 λόγοις
2639 5224 2707 5277 τὰ
2743 5226 2870 5293 περὶ
2908 5221 3010 5290 τῆς
3041 5216 3296 5278 εὐσεϐοῦς
3335 5213 3478 5283 διέρ-

1898 5341 2046 5394 χεται
2085 5322 2344 5383 πίστεως,
2372 5318 2479 5372 ἀπὸ
2515 5318 2614 5388 τῆς
2638 5312 2994 5385 κοσμογονίας
3021 5309 3345 5381 ἀρξάμενος,
3366 5306 3480 5394 Δποι).

1899 5391 2028 5484 περὶ
2073 5411 2246 5480 αὐτῆς
2285 5409 2384 5478 τῆς
2431 5407 2652 5477 χάριτος
2697 5402 2916 5473 ὁμοίως,
2972 5399 3065 5451 καὶ
3120 5391 3479 5484 ἐπιτροχαδηιι

1897 5479 2149 5557 διελθών·
2194 5479 2346 5562 οὗτος
2393 5499 2438 5551 δ’
2475 5500 2504 5549 ὁ
2536 5495 2810 5565 Θεόδωρος
2846 5495 2874 5545 ὁ
2916 5487 3289 5559 Μοψουεστίας
3342 5479 3479 5537 εἶναι

1898 5597 2074 5648 δοκεῖ’
2104 5594 2200 5665 τήν
2233 5609 2291 5644 τε
2316 5591 2423 5659 γὰρ
2452 5587 2747 5657 Νεστορὶου
2777 5584 3005 5655 αἵρεσιν,
3038 5581 3132 5633 καὶ
3163 5577 3393 5649 μάλιστα
3421 5576 3480 5628 ἑν

1898 5687 1976 5757 τῷ
2020 5686 2186 5757 τρίτῳ
2233 5684 2376 5753 λόγῳ
2425 5677 2803 5750 ὲπικρατύνων
2856 5672 3305 5746 προσαναφωνεῖ·
3345 5666 3482 5722 ἀλλὰ

1902 5781 1995 5834 καὶ
2038 5778 2135 5849 τὴν
2177 5778 2285 5830 τῶν
2328 5770 2661 5846 ἁμαρτωλῶν
2702 5767 3145 5822 ἀποκατάστασιν
3192 5758 3481 5833 τερατεύε-

1901 5890 2008 5928 ται.
2052 5869 2194 5926 Lecti
2234 5878 2353 5925 sunt
2388 5867 2429 5922 Τ
2435 5863 2648 5921 heodori
2680 5861 2756 5919 De
2791 5864 3003 5933 persica
3027 5857 3226 5929 magis,
3261 5862 3316 5912 ct
3347 5850 3478 5925 quid
