3934 6544
477 414 554 476 95
1753 411 1843 468 EX
1882 410 2133 467 LEONIS
2181 411 2451 468 ALLATII
3663 413 3746 468 98

483 551 512 588 ει
545 535 636 604 pio
665 534 816 588 cultu
845 531 1082 594 differat,
1111 531 1276 586 libelli
1318 540 1443 597 tres,
1479 548 1607 602 quos
1639 531 1902 586 Mastubio
1939 529 2048 580 Ar-
2082 533 2126 588 Α
2157 527 2413 584 Nicolaus
2451 529 2804 594 Alemanuus,
2833 529 2928 598 qui
2957 526 3128 582 risqu
3159 527 3354 597 quaerit
3383 525 3436 580 in
3462 527 3744 598 lacrymis

483 642 668 692 meno,
715 627 1137 693 chorepiscopum
1188 625 1384 694 agenti,
1433 623 1696 678 inscribit.
1749 623 1825 677 Ac
1873 623 2047 692 primo
2150 618 2421 675 Theodori
2463 620 2801 692 paenitentis,
2846 619 3060 688 sibique
3100 619 3334 674 fortasse
3377 621 3638 690 permisit
3680 621 3742 675 in

482 718 691 786 quidem
748 715 882 768 libro
910 716 1126 784 exponit
1172 713 1458 784 nefandum
1513 714 1795 768 Persarum
1831 713 2046 782 dogma,
2150 712 2252 765 viri
2284 711 2429 766 docti
2471 711 2685 782 lugubri
2721 712 3107 767 lamentatione
3145 711 3413 766 facundiae
3445 711 3746 782 frigidiu-

484 806 625 874 quod
654 804 918 858 Zasrades
952 805 1204 870 induxit;
1232 806 1338 860 sive
1363 804 1427 860 de
1449 803 1709 867 Zaruam,
1737 821 1888 872 quem
1910 805 2050 871 prin-
2149 812 2231 859 tes
2258 813 2312 859 et
2361 805 2604 874 leporum
2659 805 2913 874 ineptias.
2944 802 3144 858 Verum
3197 805 3357 859 sicuti
3397 803 3746 859 Theodorus

483 899 649 964 cipem
689 897 922 950 omnium
966 897 1117 965 facit,
1157 906 1208 951 et
1249 898 1518 966 fortunam
1562 898 1725 950 etiam
1781 895 2049 963 appellat;
2150 897 2457 967 lacrymans
2486 896 2592 952 hoc
2623 911 2762 966 opus
2800 893 3060 965 profudit,
3092 910 3267 965 neque
3314 894 3570 967 frigidum
3619 905 3743 958 est,

485 988 604 1042 hinc
635 987 889 1042 libatione
913 988 1116 1050 oblata,
1141 999 1201 1042 ut
1242 987 1587 1042 Hormisdam
1623 988 1872 1057 gigneret,
1905 996 1955 1041 et
1981 987 2050 1039 il-
2150 1002 2325 1057 neque
2355 988 2616 1056 ineptum,
2647 987 2744 1043 sed
2774 995 2833 1040 ut
2863 986 2994 1041 illud
3027 984 3264 1041 Sarilius
3295 988 3583 1057 politulutn
3623 990 3752 1042 vel-

2151 1080 2228 1134 let
2251 1087 2415 1148 atque
2453 1079 2780 1144 limatulum,
2811 1080 2891 1134 sic
2922 1089 3068 1134 esset
3106 1078 3266 1148 plane
3302 1080 3631 1133 ridiculum.

2217 1169 2309 1233 At,
2330 1170 2526 1239 inquit,
2586 1170 2923 1226 Sozomeuus
2981 1169 3328 1224 Theodorum
3389 1171 3748 1241 πολυϊστορα

2151 1260 2322 1316 fuisse
2351 1262 2562 1324 scribit,
2602 1261 2737 1315 adde
2775 1265 2936 1316 etiam
2975 1262 3218 1333 ρητόρων
3253 1262 3452 1326 ἱκανῶς
3495 1264 3749 1333 ἐπιστῇ-

2155 1370 2310 1423 μονα.
2364 1353 2675 1422 Respondet
2726 1354 3062 1409 Alemanuus
3108 1353 3469 1409 doctissime:
3520 1352 3750 1408 Verum

2151 1445 2457 1516 πολυῖστωρ
2512 1447 2836 1515 appellatur,
2867 1461 2977 1500 non
3014 1447 3285 1500 facundus
3333 1453 3387 1499 et
3431 1446 3746 1514 eloquens,

2153 1536 2248 1591 sed
2281 1537 2328 1590 is
2353 1535 2448 1605 qui
2503 1535 2698 1590 litteris
2726 1536 2913 1591 multis
2941 1536 3222 1606 praeditus.
3269 1551 3566 1605 rerumque
3605 1537 3749 1605 plu-

483 1075 595 1130 lunt
619 1087 667 1131 et
697 1077 958 1133 Satanam
1002 1087 1256 1147 prseterea
1283 1076 1556 1147 genuisse;
1584 1076 1647 1129 de
1690 1091 1869 1129 eorum
1906 1075 2052 1128 insu-

483 1186 576 1239 per
625 1171 900 1239 sanguinis
945 1171 1188 1224 mistione
1233 1169 1467 1229 (incestis
1520 1167 1773 1236 nuptiis);
1833 1165 2052 1230 denique

485 1261 574 1314 ubi
593 1261 908 1329 simpliciter
931 1260 1148 1328 impium
1170 1270 1217 1312 et
1241 1260 1608 1327 perobscenum
1628 1257 1820 1326 dogma
1842 1255 1917 1309 ad
1945 1272 2053 1310 ver-

486 1353 609 1406 bum
643 1355 935 1421 proposuit,
979 1353 1154 1419 priore
1200 1351 1337 1404 illud
1379 1351 1514 1405 libro
1560 1350 1776 1418 refellit.
1817 1349 2051 1414 Reliquis

485 1443 690 1499 duobus
737 1444 801 1497 de
846 1444 968 1511 ﬁdei
1014 1445 1104 1511 pia
1157 1444 1402 1497 doctrina
1446 1453 1665 1507 tractat,
1721 1443 1978 1512 ductoque
2019 1458 2053 1494 α

487 1537 668 1590 mundi
721 1536 983 1588 creatione
1029 1535 1266 1597 exordio,
1320 1537 1389 1588 ad
1441 1537 1614 1603 ipsam
1659 1534 1819 1604 legem
1866 1535 2054 1604 gratiae

483 1627 604 1693 pari
659 1626 815 1680 modo
863 1629 1061 1681 cursim
1123 1628 1399 1682 dilabitur.
1457 1629 1557 1681 llic
1604 1626 1906 1681 Theodorus
1965 1625 2054 1679 ille

486 1714 886 1783 Mopsuestenus
908 1733 1021 1771 esse
1064 1718 1331 1782 creditur;
1369 1715 1608 1772 Nestorti
1639 1718 1778 1772 enim
1809 1716 2052 1771 heresim

485 1807 716 1860 maxime
749 1807 884 1860 libro
925 1810 1077 1862 tertio
1107 1810 1429 1878 conﬁrmans
1477 1809 1791 1878 proclamat.
1820 1807 1959 1872 Quin
2001 1817 2050 1861 et

485 1898 769 1966 impiorum
816 1899 872 1952 in
925 1899 1208 1968 pristinum
1253 1911 1452 1955 statum
1503 1901 1886 1955 restitutionem
1933 1916 2054 1954 con-

485 1991 658 2060 ﬁngit.
789 2045 791 2048 ι
1707 2057 1722 2072 Ι

558 2080 822 2136 Adversus
854 2080 1062 2137 Iuliani
1090 2083 1359 2152 Apostata:
1384 2084 1677 2140 calumnias
1705 2086 1756 2138 in
1787 2083 2053 2140 Christia-

488 2189 606 2238 nos,
641 2174 897 2228 laudatur
923 2175 976 2228 in
1009 2185 1199 2231 catena
1229 2175 1415 2231 Grzeca
1445 2177 1513 2230 ad
1541 2175 1740 2230 Lucam
1771 2178 1845 2246 (a)
1878 2197 1891 2231 :
1923 2177 2055 2230 Θεο-

485 2263 660 2333 δώρου
685 2264 1056 2335 Μοψουεστίας
1087 2269 1150 2321 ἐκ
1181 2267 1286 2321 τῶν
1303 2269 1463 2337 Πρὸς
1489 2269 1594 2337 τὰς
1621 2270 1768 2324 κατὰ
1793 2285 2057 2338 χριστιαο

487 2353 612 2407 νῶν
637 2357 993 2424 κατηγορίας
1032 2359 1355 2413 Ἰουλιανοῦ
1397 2359 1503 2413 τοῦ
1549 2359 1892 2427 παραόἀτου
1916 2377 1928 2389 ·
1972 2361 2058 2413 Ex

487 2448 881 2499 commentariis
906 2447 1164 2502 Theodori
1190 2446 1542 2517 Mopsuesteni
1570 2453 1834 2506 adversus
1852 2451 2055 2505 lnliaui

491 2537 789 2592 desertoris
816 2538 1232 2592 criminationes
1258 2539 1313 2593 in
1352 2539 1711 2596 Christianos.

563 2626 866 2695 Epistolam
934 2629 1004 2682 ad
1059 2629 1324 2684 Damnum
1389 2631 1571 2685 laudat
1621 2632 1944 2688 Anastasius
2003 2634 2056 2688 in

491 2720 680 2790 ecloge
706 2720 990 2788 Χρήσεων
1015 2721 1385 2792 δογματικῶν
1412 2724 1497 2778 his
1525 2725 1702 2780 verbis
1733 2743 1747 2778 :
1783 2724 2058 2796 Θεοδώρου

491 2811 868 2880 Μοψουεστίας
915 2814 979 2867 ὲκ
1010 2814 1108 2882 τῆς
1142 2813 1279 2884 πρὸς
1306 2813 1506 2883 Δόμνον
1553 2815 1867 2886 ἐπιστολῆς·
1903 2815 2061 2871 Tlteb-

489 2905 611 2957 dori
648 2902 1006 2972 Mopsuesteni
1031 2919 1097 2959 ea:
1123 2906 1347 2972 epistula
1370 2906 1438 2958 ad
1463 2905 1726 2960 Domuum
1757 2907 1852 2977 (ὁ).

2154 1629 2295 1680 rium
2324 1641 2390 1681 ac
2422 1627 2570 1680 varia
2609 1626 2837 1682 scientia
2869 1627 2962 1690 sit,
3005 1635 3062 1680 ut
3090 1628 3156 1682 A.
3188 1626 3397 1682 Gellius
3421 1627 3499 1680 ait
3522 1626 3600 1680 de
3621 1626 3747 1696 Ap-

2155 1721 2314 1791 pione
2351 1728 2544 1774 vocato
2574 1719 2880 1790 πολυῖστωρ
2911 1719 3260 1791 (c).Cyrillus
3298 1730 3477 1774 autem
3513 1721 3747 1790 (contra

2151 1813 2268 1867 Jul.
2292 1813 2384 1867 lib.
2419 1829 2474 1876 χ,
2495 1829 2546 1882 p.
2565 1812 2712 1882 542),
2732 1821 2790 1865 ut
2806 1813 3099 1868 Clementis
3122 1813 3474 1867 Alexandrini
3491 1811 3744 1866 faculta-

2155 1911 2262 1958 tem
2291 1901 2532 1964 dicendi,
2571 1912 2627 1957 et
2653 1901 3016 1957 eruditionem
3055 1905 3176 1957 suis‘
3202 1902 3516 1958 nominibus
3543 1903 3739 1971 expri-

2156 2003 2348 2058 meret,
2377 1993 2661 2065 ὲλλόγιμον
2688 1994 2838 2048 illum
2870 1994 3104 2059 vocavit,
3133 2002 3186 2047 et
3213 1993 3565 2062 πολυΐστορα,
3589 2007 3748 2062 quas

2155 2102 2317 2142 voces
2354 2087 2474 2156 ipse
2500 2086 2738 2156 explicat
2779 2086 2907 2140 alibi
2936 2086 3056 2155 (lib.
3089 2101 3186 2150 vn,
3217 2102 3272 2154 p.
3305 2084 3454 2153 251).
3491 2085 3748 2155 Κλήμης

2155 2179 2294 2251 ἀνὴρ
2329 2179 2612 2248 ἐλλόγιμος
2654 2178 2746 2231 καὶ
2790 2177 3126 2248 πολυμαθὴς,
3158 2179 3251 2230 καὶ
3288 2177 3750 2247 ἀναγνωσμάτων

2157 2269 2450 2339 ἑλληνικῶν
2513 2267 3045 2339 πολυπραγμονήσας
3112 2267 3292 2336 βάθος.
3353 2264 3539 2336 Neque
3602 2281 3750 2320 vero

2156 2360 2318 2415 etiam
2349 2360 2443 2429 qui
2484 2359 2540 2413 in
2588 2359 2902 2414 oratoribus
2951 2369 3201 2413 versatus
3227 2366 3332 2422 est,
3375 2366 3430 2411 et
3481 2371 3749 2412 summos

2157 2455 2406 2508 rhetores
2451 2451 2679 2517 audivit,
2717 2453 2793 2504 uti
2843 2450 3166 2504 Theodorus
3204 2450 3510 2514 Lihanium,
3548 2449 3747 2504 statim

2157 2544 2418 2612 eloquens
2446 2542 2793 2612 disertusque
2823 2542 3012 2596 evasit.
3043 2539 3154 2596 Nec
3175 2541 3320 2596 enim
3347 2542 3439 2595 ille
3474 2550 3747 2594 naturam

2158 2637 2226 2690 ad
2249 2636 2302 2689 id
2333 2633 2796 2689 accommodatam
2826 2634 3038 2696 habuit,
3076 2649 3252 2703 neque
3285 2649 3462 2702 operae
3495 2633 3747 2701 pretium

2155 2729 2315 2782 duxit
2343 2743 2462 2782 eam
2495 2736 2614 2781 arte
2644 2727 2856 2790 limare,
2886 2734 2946 2779 ut
2975 2725 3029 2779 in
3054 2727 3171 2780 suis
3198 2725 3306 2779 illis
3339 2724 3747 2782 monumentis.

2157 2835 2280 2890 qua:
2318 2819 2579 2883 vidimus,
2625 2817 2785 2886 plane
2835 2816 3100 2871 declarat.
3137 2813 3392 2884 Legimus
3431 2829 3562 2867 vero
3587 2828 3751 2881 qua:-

2157 2910 2284 2962 dam
2301 2909 2643 2962 diversorum
2673 2907 2794 2974 ejus
2821 2920 3044 2974 operum
3065 2903 3513 2974 ἀποσπασμάτια,
3531 2903 3753 2971 aliquot

565 2995 861 3065 Epistolam
889 2999 962 3050 ad
1009 2998 1307 3050 Artemium
1345 2999 1762 3054 Alexandrinum
1797 3000 2061 3072 presbyle-
2154 2999 2500 3069 psalmorum
2539 2997 2937 3062 enarrationes,
2977 3004 3033 3050 et
3083 2996 3322 3066 integros
3369 2998 3426 3048 in
3456 2995 3750 3063 prophetas

492 3101 632 3139 rum.
660 3086 732 3140 Ex
773 3103 837 3141 ea
860 3089 1053 3142 reeitat
1084 3089 1265 3158 aliqua
1302 3087 1590 3144 Facundus
1618 3092 1709 3144 lib.
1745 3109 1827 3155 ιιι,
1859 3107 1979 3161 cap.
2005 3093 2057 3147 '5.
2162 3092 2388 3144 minores
2411 3089 3007 3158 commentarios.quos
3026 3088 3132 3142 nisi
3155 3087 3390 3142 Savilius
3411 3086 3461 3140 in
3484 3095 3751 3156 promptu

565 3175 863 3245 Epistulam
889 3177 956 3230 ad
977 3177 1240 3234 Joannem
1261 3180 1719 3250 Chrysostomum,
1750 3199 1856 3252 qua
1879 3185 2055 3256 Chry-
2084 3193 2128 3253 α
2161 3185 2379 3248 habeat,
2406 3183 2659 3237 conSulat
2693 3183 2746 3236 in
2777 3183 2960 3236 citatis
2995 3181 3130 3236 locis
3155 3178 3430 3242 Photiuln,
3459 3179 3556 3248 qui
3590 3179 3752 3247 ejus-

494 3269 844 3322 sostomianae
879 3272 1170 3340 respondet
1206 3281 1326 3341 post
1354 3276 1583 3344 lapsum.
1609 3274 1764 3341 Quod
1796 3292 1919 3330 eum
1953 3293 2061 3332 non
2165 3277 2286 3332 dem
2319 3275 2522 3344 aliquot
2562 3290 2727 3344 opera
2759 3273 2906 3344 legit,
2941 3282 3104 3342 atque
3132 3273 3207 3326 ita
3255 3271 3464 3326 censuit
3496 3288 3511 3323 :
3542 3271 3660 3340 Τὴν
3693 3271 3754 3325 δὲ

495 3359 896 3416 intellexissent
947 3365 1331 3432 epitomatores
1367 3369 1685 3423 Gesneriaui
1745 3379 2058 3425 verterunt:

2167 3368 2365 3439 φράσιν
2408 3367 2528 3419 οὐδὲ
2561 3364 2833 3436 λαμπρὸς,
2865 3363 2986 3417 οὐδὲ
3036 3363 3155 3415 λίαν
3193 3363 3400 3432 σαφής·
3429 3361 3755 3429 ταυτολογεί

497 3450 865 3519 Antigramma
897 3463 1083 3506 contra
1114 3453 1375 3510 Joannem
1425 3456 1874 3528 Cltrysostomum.
1909 3463 2060 3515 luve-

2167 3459 2222 3512 δὲ
2271 3459 2340 3512 τὰ
2383 3458 2632 3516 πλεῖστα,
2668 3457 2762 3508 καὶ
2806 3454 3000 3524 ἄχαρίς
3054 3471 3191 3516 πως,
3241 3453 3335 3506 καὶ
3383 3452 3555 3522 ἀηδὴς
3603 3448 3752 3507 εἷναι

2165 3551 2344 3604 δοκεῖ·
2378 3549 2564 3617 Stylus
2590 3547 2671 3601 illi
2702 3561 2862 3616 neque
2890 3544 3103 3608 nobilis,
3133 3561 3293 3614 neque
3313 3542 3598 3596 admodum
3625 3557 3755 3609 per-

2166 3645 2378 3712 spicuus
2432 3651 2532 3696 est.
2583 3639 2789 3693 Eadem
2832 3637 3116 3692 identidem
3169 3637 3373 3705 repetit,
3408 3645 3458 3690 et
3502 3637 3754 3704 ingratus

2168 3747 2325 3807 atque
2345 3734 2596 3788 molestus
2623 3730 2909 3801 legentibus
2933 3729 3147 3783 accidit.
3174 3728 3238 3782 Et
3263 3729 3389 3782 alibi
3413 3727 3556 3793 (cod.
3580 3726 3752 3796 £77):

2181 3826 2424 3897 Ἀσαφὴς
2454 3825 2512 3878 δέ
2543 3825 2681 3888 ἐστι,
2711 3821 2803 3875 καί
2831 3839 2912 3874 τοι
2945 3820 3088 3886 λέξει
3129 3820 3190 3874 οὐ
3221 3818 3498 3888 ξενιζούσῃ
3529 3817 3757 3887 χρώμε-

2084 1864 2124 1918 Β

496 3544 756 3615 niturque
795 3561 898 3600 tus.
935 3547 1135 3616 passim
1176 3550 1229 3603 in
1263 3550 1611 3605 bibliothecis
1647 3551 1810 3607 Italiae
1837 3557 1936 3608 sub
1961 3553 2065 3607 hoc

495 3637 700 3691 titulo:
736 3638 1010 3709 Θεοδώρου
1057 3639 1149 3694 τοῦ
1187 3643 1507 3705 ἐκπεσόντος
1547 3643 1896 3714 ἀντίγραμμα
1931 3643 2068 3714 πρὸς

497 3725 589 3779 τὸν
617 3728 674 3778 ἐν
699 3729 873 3795 ἁγίοις
903 3730 1114 3801 πατέρα
1145 3732 1302 3803 ἡμῶν
1348 3733 1600 3804 Ἰωάννην
1637 3734 1726 3786 τὸν
1760 3731 2066 3803 Χρυσόστο-

501 3836 631 3889 μον·
663 3822 915 3874 Theodori
954 3825 1092 3889 lapsi
1134 3824 1400 3891 responsio
1432 3825 1500 3876 ad
1541 3824 1748 3878 litteras
1781 3825 1839 3880 S.
1875 3825 1942 3881 P.
1989 3827 2040 3880 Ν
2051 3869 2066 3884 .

497 3909 726 3965 Joannis
759 3911 1140 3981 Cltrysostomi.
1182 3912 1262 3976 P.,
1290 3914 1526 3967 Πάντοτε
1555 3918 1602 3967 οἱ
1639 3917 1695 3968 ὲν
1745 3917 1939 3980 εὐδίοις
1986 3921 2068 3972 λι-

502 4003 626 4072 μὲσι
651 4003 1020 4074 κομιζόμενοι.
1057 4003 1124 4058 Ει
1155 4019 1290 4060 sane
1330 4007 1732 4064 inconsiderate
1773 4011 2071 4081 loquuntur

498 4095 592 4164 qui
626 4097 834 4166 lapsum
870 4097 1014 4150 hunc
1048 4113 1076 4150 a
1129 4096 1415 4151 Theodoro
1447 4099 1830 4167 Mopsuesteuo
1882 4104 2073 4157 distiu-

499 4198 690 4256 guunt,
727 4204 851 4242 eum
887 4205 1030 4243 unus
1083 4189 1334 4260 idemque
1387 4190 1477 4254 sit,
1520 4200 1573 4245 et
1622 4193 1808 4262 lapsus
1857 4196 1979 4259 iste,
2019 4205 2071 4250 et

501 4279 824 4336 Theodorus
875 4281 1312 4351 Mopsuestenus,
1353 4298 1565 4338 necnon
1614 4284 1931 4342 Theodorus
1963 4289 2076 4342 An-

503 4371 812 4438 tiochenus,
844 4375 988 4443 quod
1022 4375 1267 4444 plerique
1315 4391 1438 4430 cum
1470 4392 1579 4430 non
1613 4388 1799 4433 essent
1831 4381 2073 4436 subodo-

500 4465 629 4527 rati,
679 4464 959 4520 diversum
1011 4466 1209 4523 fecere.
1267 4467 1334 4520 Et
1361 4468 1428 4523 de
1482 4468 1570 4524 his
1619 4473 1908 4539 postremis
1941 4474 2075 4529 satis

503 4558 826 4627 abundeque
855 4574 978 4614 esse
1022 4558 1239 4614 videtur
1275 4561 1590 4630 conjectura
1629 4572 1684 4618 et
1726 4566 1968 4634 suSpicio
1994 4566 2079 4620 in-

2168 3933 2278 3979 νος,
2315 3913 2453 3968 ἀλλὰ
2481 3912 2558 3984 τῷ
2594 3910 2949 3982 σχοινοτενέσι
2983 3908 3218 3979 χρῆσθαι
3244 3910 3308 3961 ὲκ
3352 3907 3445 3961 τοῦ
3472 3908 3566 3959 ὲπὶ
3594 3906 3756 3958 πλεῖ-

2172 4024 2295 4061 στον
2327 4003 2596 4075 περιόδοις
2641 4003 2733 4056 καὶ
2783 3999 3154 4072 παρεμϐολαῖς
3200 3998 3643 4067 ἁλλεπαλλήλοις,
3681 3997 3756 4050 δι’

2171 4093 2245 4152 ὧν
2272 4100 2368 4152 καὶ
2396 4099 2476 4160 εἰς
2505 4097 2764 4168 μήκιστον
2793 4096 2822 4146 ό
2847 4093 2972 4157 νοῦς
3009 4093 3352 4146 ἀποτείνεται
3384 4091 3490 4144 τῶν
3523 4107 3758 4160 προκει-

2178 4191 2377 4262 μένων,
2404 4188 2482 4259 τῷ
2503 4205 2563 4240 τε
2590 4186 2696 4239 τῶν
2737 4186 3016 4256 ὀνομάτων
3047 4188 3168 4247 ταῖς
3207 4182 3460 4251 πλαγίαις
3492 4181 3586 4234 καὶ
3631 4184 3758 4244 ταῖς

2178 4283 2490 4352 μετοχικαῖς
2518 4278 2694 4344 λέξεσι
2737 4276 3074 4340 πλεονάζειν,
3105 4276 3172 4329 τὰ
3211 4274 3350 4328 αὐτά
3379 4291 3440 4326 τε
3470 4272 3756 4335 πολλάκις.

2177 4373 2272 4426 καὶ
2299 4371 2431 4443 μηδὲ
2470 4372 2566 4424 σὺν
2598 4370 2786 4439 κόσμῳ
2820 4365 3237 4428 ὲπανακυκλεῖν,
3281 4365 3373 4417 xui.
3411 4363 3510 4424 τὰς
3551 4363 3759 4414 ἐπανα-

2177 4465 2367 4536 λήψεις
2397 4463 2556 4515 πλέον
2593 4461 2700 4514 τῶν
2729 4460 3054 4530 διηγήσεων,
3085 4459 3218 4528 ὅπερ
3265 4454 3525 4526 ἁμέθοδον
3550 4470 3725 4506 παντε
3743 4483 3757 4492 -

2180 4556 2287 4620 λῶς
2309 4557 2426 4618 ταῖς
2473 4551 2824 4622 περιστάσεσι
2865 4547 3267 4620 μεμεστῶσθαι,
3301 4547 3395 4600 καὶ
3433 4549 3545 4609 τοῖς
3591 4543 3758 4597 ιοιοιῐ⁴

504 4655 590 4702 ter
617 4649 753 4704 alios
787 4648 987 4704 Photii.
1026 4651 1324 4720 Epistolam
1357 4652 1597 4710 Savilius
1633 4656 1685 4709 in
1719 4657 2063 4726 appendicem

2173 4667 2286 4713 τοις
2327 4649 2427 4702 οὐκ
2457 4647 2627 4714 ὀλίγοι
2665 4645 2826 4714 ζόφον
2854 4642 2962 4696 τῶν
2989 4642 3151 4696 αὑτοῦ
3184 4639 3630 4712 συγγραμμάτων
3663 4655 3763 4689 κα-

505 4737 572 4791 ad
616 4754 779 4808 opera
835 4740 1211 4811 Chrysostomi
1263 4743 1465 4806 retulit,
1526 4759 1760 4814 namque
1811 4751 1878 4799 ad
1933 4749 2077 4800 illum
2175 4739 2523 4804 τασκεδάζει·
2561 4739 2677 4793 Etsi
2707 4746 2879 4791 autem
2919 4734 3239 4788 dictionibus
3278 4743 3461 4786 utatur
3493 4748 3594 4785 non
3640 4732 3765 4783 inu-

505 4828 777 4895 pertinent
804 4830 912 4882 duo
945 4830 1110 4884 libelli
1140 4829 1608 4901 Chrysostomiaui
1658 4833 1814 4899 Πρὸς
1843 4833 1948 4886 τὸν
1981 4835 2081 4887 ἐκ·
2180 4836 2378 4899 sitatis,
2415 4833 2670 4887 obscurus
2707 4841 2880 4884 tamen
2917 4837 2994 4883 est
3023 4844 3040 4881 :
3073 4838 3183 4880 tum
3222 4825 3346 4897 quia
3374 4833 3430 4876 ut
3468 4823 3762 4891 plurimum

503 4919 775 4972 πεσόντα
830 4921 937 4974 τοῦ
981 4922 1268 4989 ἐναρέτου
1313 4923 1477 4987 βίου.
1530 4923 1648 4978 Νοη
1710 4933 1888 4994 patest
1939 4941 2060 4982 esse

2183 4926 2461 4983 immodice
2490 4925 2730 4994 prolixus
2765 4921 2916 4976 habet
2951 4920 3214 4989 periodos,
3249 4927 3298 4972 et
3332 4916 3762 4983 interpositiones

505 5010 684 5081 inquit
733 5012 941 5081 rigidus
975 5028 1038 5066 ac
1083 5016 1311 5069 tetricus
1361 5030 1579 5080 censor,
1612 5014 1884 5071 Theodori
1929 5016 2084 5088 frigi-
2188 5021 2422 5083 crebras,
2452 5034 2543 5087 per
2586 5033 2720 5086 quas
2773 5017 2934 5068 etiam
2963 5029 3148 5067 sensus
3182 5027 3340 5081 quam
3389 5007 3695 5078 longissime
3731 5025 3765 5060 n

505 5105 635 5159 dum
660 5105 762 5159 hoc
783 5107 1024 5176 ineptum
1047 5115 1101 5161 et
1118 5124 1254 5176 pene
1279 5107 1570 5162 ridiculum
1592 5108 1896 5179 σύνταγμα,
1921 5126 2082 5180 quem
2192 5130 2246 5167 re
2277 5113 2545 5181 proposita
2573 5107 2797 5170 recedit;
2828 5116 2938 5158 tum
2975 5106 3136 5159 etiam
3166 5104 3291 5172 quia
3324 5101 3596 5154 nominum
3625 5098 3767 5153 obli-

506 5196 848 5252 Sozomenus
884 5198 1212 5270 πολυῖστορα
1257 5199 1445 5264 fuisse,
1477 5209 1533 5256 et
1571 5201 1889 5258 liberalibus
1914 5203 2084 5259 disci-
2191 5204 2306 5273 quis
2331 5218 2392 5254 ac
2416 5198 2708 5268 participiis
2731 5193 3013 5256 redundat,
3035 5203 3084 5247 et
3110 5209 3191 5246 res
3206 5190 3416 5246 easdem
3441 5189 3763 5259 frequenter,

507 5291 672 5359 plinis
699 5293 975 5345 excultum
1009 5291 1278 5346 tradit.At
1310 5294 1470 5362 plane
1491 5293 1780 5348 ridiculum
1801 5309 1908 5348 non
1939 5309 2084 5360 esse,
2190 5310 2351 5365 neque
2382 5293 2438 5346 id
2470 5291 2603 5345 satis
2631 5297 2834 5350 ornate,
2867 5285 3025 5340 volvit
3047 5301 3110 5338 ac
3130 5283 3366 5346 revolvit,
3399 5292 3509 5334 tum
3541 5280 3767 5347 denique

508 5381 666 5440 lletus
706 5385 823 5454 ipse
863 5393 919 5439 et
972 5385 1225 5456 lacrymaa
1272 5387 1473 5455 quibus
1525 5388 1728 5458 ubique
1764 5388 2084 5451 inundatur,
2193 5375 3764 5461 quiarepetitionesilliuspluribus,quamnarrationesipsae,

513 5493 620 5530 non
654 5480 880 5548 patitur.
909 5478 1101 5534 Potius
1128 5479 1392 5534 ridiculus
1418 5489 1502 5535 est
1533 5480 1792 5546 Savilius,
1825 5489 1884 5535 ut
1911 5481 2090 5536 aiebat
2194 5480 2332 5552 quod
2352 5478 2563 5533 omnino
2578 5474 2942 5530 sinemetltodo
2962 5473 3044 5541 ﬁt,
3064 5485 3240 5524 rerum
3260 5467 3529 5538 adjunctis
3555 5465 3767 5534 refertae

2191 5650 2340 5695 tomo
2363 5633 2478 5696 Vll,
2502 5647 2556 5701 p.
2572 5629 2675 5701 ~69.

2366 5687 2518 5778 Gell;
2547 5699 2609 5763 V,
2646 5700 2735 5754 M.
2772 5695 3030 5778 sequitur
3063 5699 3244 5778 autem
3274 5687 3770 5778 vulgaremglectip:

2193 5760 2605 5834 uein'Allalius,
2661 5783 2762 5840 pro
2793 5760 3131 5833 Plistonices,
3184 5771 3244 5819 ut
3279 5760 3426 5821 nunc
3467 5760 3669 5832 legitur
3710 5760 3767 5814 in

2195 5846 2353 5907 Gellii
2388 5849 2665 5902 contextu.

583 5633 662 5706 (a)
697 5634 907 5706 “eapse
929 5653 994 5692 ex
1023 5646 1217 5692 catena
1249 5638 1303 5690 in
1331 5635 1528 5690 Lucam
1558 5636 1764 5692 codicis
1797 5635 1915 5693 Pal.
1959 5636 2080 5692 Vat.

511 5701 837 5765 XX.’edidi't
883 5716 1041 5762 aetate
1080 5716 1268 5761 nostra
1311 5722 1405 5760 sex
1447 5721 1567 5763 num
1602 5707 1674 5758 ibi
1711 5715 1870 5760 erant
1919 5707 2085 5774 hujus

513 5777 695 5846 operis
725 5775 1028 5846 {ragnIenIa
1045 5780 1129 5832 vir
1147 5778 1439 5846 perdoctus
1461 5775 1590 5831 Fed.
1614 5775 1925 5832 Muenterus
1951 5793 2087 5846 pra:-

515 5847 600 5900 sul
635 5843 966 5900 Hafniénsis.

589 5915 664 5986 (ὁ)
708 5913 826 5971 Duo
854 5930 956 5972 nos
982 5914 1284 5986 fragmenta
1317 5916 1646 5986 protulimus
1677 5916 1732 5972 iu
1759 5917 1956 5985 Script.
1992 5930 2089 5975 rct.
