3994 6572
451 344 524 401 99
1720 337 1809 392 EX
1842 333 2093 391 LEONIS
2130 333 2405 389 ALLATII

3603 334 3623 387 l
3638 320 3727 385 ao'

455 458 612 529 ὑμῶν
675 456 909 527 δύναμαι
936 454 1331 520 ὲπιλαθέσθαις
1386 454 1575 524 Ὑμεῖς
1616 453 1739 523 ἐμοὶ
1764 454 2020 521 πατέρες,
2052 466 2066 506 l

2170 456 2358 500 elerum
2382 446 2634 515 exemplis
2657 486 2673 510 ,
2704 453 2822 500 erat
2874 445 3013 500 enim
3047 445 3207 499 varia:
3234 460 3297 498 ac
3322 445 3505 499 multa:
3522 444 3705 500 lectio-

456 552 614 622 ὑμεῖς
647 550 770 621 ἐμοὶ
798 550 930 618 ζωὴ,
957 549 1111 617 ὑμεῖς
1152 549 1274 616 ἐμοὶ
1305 546 1674 616 εὐδοκιμησιςο
1710 544 1882 597 Unum
1915 560 2037 597 cor-

454 657 552 709 pus
575 658 779 703 sumus,
799 656 959 709 neque
990 646 1147 708 caput
1170 655 1201 689 a
1222 653 1460 705 corpore,
1475 653 1637 705 neque
1660 651 1849 704 corpus
1882 652 1914 688 α
1947 651 2039 688 ca-

456 734 568 800 pite
588 741 884 801 separatur.
912 729 1144 783 Etiamsi
1169 732 1286 782 loco
1315 728 1630 791 dividimur,
1648 728 1739 780 sed
1775 726 2040 779 charitate

458 825 855 892 conjungimur;
892 838 984 890 ego
1024 838 1057 874 a
1083 822 1226 875 vobis
1264 836 1356 873 nec
1388 829 1557 872 morte
1588 818 1817 872 divellor
1854 834 1871 871 :
1914 834 2039 870 nam

459 917 754 980 etsicorpus
774 930 945 966 meum
974 914 1260 977 moriatur,
1284 913 1465 966 anima
1479 927 1593 965 mea
1608 911 1755 971 vivit,
1778 920 1824 964 et
1844 926 2042 964 memo-

460 1009 594 1061 riam
627 1007 784 1059 vestri
820 1006 1047 1069 tenebit;
1078 1023 1168 1060 vos
1213 1006 1341 1058 mihi
1396 1014 1595 1074 patres.
1636 1003 1911 1069 Quomodo
1953 1019 2041 1056 ve—

463 1110 631 1154 strum
657 1099 981 1154 obliviscar?
1023 1098 1123 1153 Vos
1158 1098 1285 1151 milii
1311 1109 1506 1165 patres,
1526 1113 1611 1150 ros
1631 1096 1757 1149 mihi
1792 1097 1915 1157 vita,
1952 1111 2041 1147 vos

464 1192 595 1245 mitti
662 1192 938 1259 gloriatio.
997 1191 1115 1256 Qua
1180 1198 1308 1243 nota
1374 1187 1664 1241 charitatis
1714 1186 2044 1256 Chrysosto—

466 1283 539 1337 mi
599 1299 725 1353 erga
779 1298 934 1345 suos,
996 1282 1160 1337 etiam
1220 1280 1499 1335 homiliam
1548 1279 1763 1333 tertiam
1800 1278 1855 1331 in
1907 1280 2044 1331 Acta

464 1374 825 1442 apostolorum
862 1373 1176 1443 insignitum
1214 1372 1481 1428 invenies.

539 1466 740 1520 Parum
770 1466 973 1537 oppido
1006 1465 1212 1519 Savilio
1240 1473 1381 1527 erat,
1444 1472 1503 1517 ut
1563 1462 1837 1533 lrigidulis
1894 1460 2046 1515 hisce

471 1557 783 1611 rationibus
829 1555 1101 1611 Theodori
1155 1556 1443 1625 epistolam
1472 1553 1807 1608 Calvinianis
1837 1551 2042 1607 Luthe-

470 1648 737 1717 ranisque
767 1647 1054 1702 adversam
1084 1647 1426 1706 exsibilaret,
1466 1646 1576 1699 nisi
1615 1644 1763 1700 aliud
1797 1644 2045 1714 ejusdem

471 1737 725 1807 putidum
755 1737 1176 1800 munimentum,
1197 1737 1312 1792 suis
1337 1736 1528 1791 favens
1562 1737 1834 1799 sectariis,
1883 1735 2048 1791 veluti

470 1829 541 1881 ab
568 1843 670 1882 ovo
691 1827 1021 1893 excitasset;
1054 1842 1178 1880 nam
1221 1829 1296 1879 ait
1333 1844 1398 1881 ex
1432 1826 1693 1881 Vaticana
1718 1827 2050 1882 bibliotheca

471 1917 857 1987 depromptum
885 1915 1157 1970 Theodori
1206 1918 1614 1987 ’Artirpayjm,
1661 1918 1708 1970 si
1749 1918 2048 1988 legitimum

472 2017 577 2071 est,
607 2016 661 2064 et
695 2026 804 2063 non
832 2008 1104 2079 spurium,
1140 2008 1296 2077 plane
1320 2008 1598 2063 diversum
1634 2024 1759 2064 esse
1816 2010 1884 2063 ab
1916 2023 2041 2062 ora-

475 2101 623 2155 tione
651 2115 681 2154 a
713 2098 1020 2154 Sozomeno
1064 2107 1392 2162 memorata,
1425 2115 1588 2169 quam
1623 2099 1842 2153 videtur
1877 2099 2056 2153 Theo-

475 2191 646 2247 dorus
666 2206 697 2245 a
726 2191 1119 2260 Chrysostomo
1154 2190 1384 2244 minime
1409 2197 1772 2259 provocatus,
1819 2191 1900 2244 vel
1930 2198 2057 2244 ante

477 2280 741 2343 reditum,
770 2280 854 2335 vel
878 2279 932 2332 in
961 2279 1081 2348 ipso
1115 2278 1290 2333 reditu
1323 2278 1392 2332 ab
1414 2293 1598 2332 eremo
1632 2279 1688 2332 in
1717 2279 1799 2332 sui
1824 2294 2057 2332 excusa-

478 2371 681 2425 tionem
713 2370 1036 2425 adornasse.
1062 2370 1321 2434 Quzenam
1358 2370 1546 2424 isthaec
1578 2368 1852 2424 Theodori
1880 2370 2058 2424 oratio

478 2469 582 2526 est,
609 2476 771 2531 quam
803 2461 1035 2531 (ιυωεὶιο
1068 2472 1295 2516 auctore
1336 2461 1639 2516 Sozomeno
1662 2462 1938 2532 sibiﬁngit
1961 2460 2059 2515 Sa-

481 2555 642 2609 vilius
666 2554 688 2589 ’
719 2554 932 2608 Acutus
974 2569 1107 2607 sane
1156 2553 1346 2607 homo!
1379 2554 1449 2608 Ut
1473 2554 1686 2607 audivit
1714 2553 2059 2608 Theodorum

482 2646 812 2700 monachum
844 2644 1254 2699 excucullatum
1288 2644 1476 2698 nescio
1514 2644 1646 2713 quid
1682 2646 1733 2698 in
1773 2646 1858 2698 sui
1897 2660 2066 2699 excu-

483 2736 755 2790 sationem
806 2736 1080 2796 attulisse.
1135 2736 1319 2790 statim
1367 2736 1641 2806 egregiam
1691 2736 1927 2805 aliquam
1980 2736 2066 2789 lu-

482 2825 961 2879 cubratiunculam
1008 2824 1378 2878 subodoratus
1422 2835 1527 2887 est,
1574 2826 1648 2877 ita
1706 2826 1868 2894 plane
1913 2824 2066 2878 ador-

485 2926 696 2980 natam,
726 2925 785 2970 ut
809 2916 1037 2969 decebat
1075 2916 1406 2969 monachum
1433 2915 1795 2979 desertorem,
1839 2916 1950 2971 Deo
1977 2918 2066 2971 cui

494 3024 554 3063 se
629 3006 927 3061 devoverat
991 3007 1422 3071 renuutiantem,
1479 3006 1720 3061 castitati
1784 3018 1837 3059 et
1886 3010 2067 3061 conti-

2142 538 2247 601 nis,
2272 538 2327 591 in
2356 538 2536 591 urbem
2554 554 2789 591 reversus
2808 546 2907 592 est.
2934 535 3148 591 Nullam
3172 535 3263 591 hic
3282 536 3584 591 orationem
3619 536 3715 591 So-

2142 642 2403 682 zomenus
2447 636 2717 682 memorat
2758 643 2790 681 a
2836 626 3125 681 Theodoro
3182 627 3565 697 compositam,
3621 626 3715 680 sed

2141 724 2351 769 tantum
2379 717 2560 770 innuit
2585 716 2829 771 rationes
2869 716 3083 785 aliquas
3123 715 3193 771 ab
3222 731 3289 770 eo
3325 718 3471 770 inter
3510 730 3717 770 consu-

2142 806 2386 871 lendum,
2411 806 2586 876 deque
2614 822 2713 862 suo
2748 807 3002 863 discessu
3051 822 3177 861 cum
3220 805 3538 861 monasterii
3581 821 3721 876 prat-

2143 895 2290 951 fecto
2354 898 2644 952 statuendo
2703 897 2841 952 forte
2888 897 3172 954 adductas.
3202 897 3335 964 Quae
3383 913 3513 951 num
3553 897 3719 951 etiam

2143 989 2211 1043 ab
2237 1004 2302 1043 eo
2335 990 2587 1045 adductae
2630 990 2855 1054 fuerint,
2901 999 3054 1045 certo
3088 1006 3147 1045 se
3192 991 3340 1045 scire
3381 991 3725 1044 Sozomenus

2145 1088 2332 1150 aperte
2357 1090 2541 1151 negat,
2588 1081 2680 1137 sed
2711 1080 2971 1135 credibile
3000 1080 3054 1134 id
3080 1094 3203 1136 esse
3234 1079 3331 1145 ait,
3425 1072 3516 1131 οἷα
3553 1078 3725 1141 εἰκός,

2149 1183 2313 1244 atque
2367 1174 2675 1244 probabile,
2717 1183 2770 1228 et
2815 1172 3147 1227 verosimile.
3195 1170 3277 1224 En
3311 1169 3410 1223 tibi
3458 1168 3725 1224 Savilium

2145 1266 2305 1335 plane
2338 1264 2624 1334 pueriliter
2664 1263 2977 1333 deceptum.
3025 1264 3087 1315 ιιι
3137 1259 3443 1315 Sozomeno
3470 1275 3575 1314 nos
3617 1257 3728 1311 alio

2146 1373 2212 1412 ex
2248 1358 2425 1426 capite
2458 1357 2619 1411 ﬁdem
2651 1356 3073 1419 desideramus;
3103 1369 3229 1408 nam
3261 1352 3557 1408 Theodoro
3593 1352 3725 1422 plus

2144 1466 2301 1520 aequo
2333 1449 2607 1514 addictus,
2664 1450 2721 1503 in
2784 1450 2904 1519 ejus
2950 1450 3139 1518 lapsus
3174 1449 3493 1502 narratione
3539 1446 3763 1500 fucum‘

2145 1542 2366 1595 veritati
2402 1541 2601 1595 fecisse
2635 1540 2881 1595 videtur.
2943 1539 3002 1594 ια
3054 1540 3221 1609 igitur
3268 1536 3729 1592 animadverten-

2148 1636 2277 1689 dum
2325 1635 2415 1689 hic
2457 1641 2564 1697 est,
2627 1649 2738 1688 non
2797 1633 2978 1688 solun)
3026 1631 3330 1687 Justiniani
3386 1628 3733 1698 temporibus

2153 1728 2330 1781 fuisse
2381 1711 2655 1780 Theodéri
2715 1725 3018 1788 studiosos,
3082 1725 3175 1795 qui
3222 1724 3344 1793 ejus
3405 1724 3619 1792 lapsum
3681 1730 3735 1774 et

2080 1797 2122 1851 Β
2154 1820 2392 1873 haereses
2429 1818 2773 1890 ὐποκορίσαι,
2811 1824 2863 1871 et
2894 1817 3166 1871 mitiorem
3204 1818 3261 1869 iu
3296 1824 3507 1885 partem
3556 1812 3739 1865 inter-

2156 1910 2362 1979 pretari
2416 1917 2781 1973 conarentur,
2845 1917 2904 1961 ut
2964 1906 3259 1962 Facundos
3318 1902 3740 1961 llermianeusis

2155 2003 2451 2072 episcopus
2492 2001 2548 2055 in
2596 1999 2884 2055 duodecim
2923 1999 3079 2054 libris
3125 1999 3202 2053 De
3232 1997 3404 2051 tribus
3461 1996 3738 2066 capitulis,

2156 2091 2396 2147 Basilius
2454 2092 2618 2157 Cilix,
2677 2090 2961 2156 Leontius,
3012 2099 3065 2145 ct
3099 2090 3225 2155 alii;
3270 2089 3365 2145 sed
3405 2088 3527 2158 ejus
3570 2087 3741 2141 etiam

2156 2185 2395 2255 aequales
2425 2193 2478 2239 et
2512 2184 2856 2254 synchronos
2887 2183 2991 2236 hoc
3020 2182 3161 2236 idem
3191 2194 3408 2234 summo
3435 2179 3622 2234 studio
3641 2193 3742 2231 eu-

2160 2294 2338 2334 rasse.
2368 2276 2504 2330 Nam
2551 2275 2930 2331 Theodoretus
2982 2275 3039 2329 in
3084 2273 3337 2343 epistolis
3376 2270 3455 2341 (a)
3483 2270 3741 2328 alIirmat.

2163 2370 2457 2439 scripsisse
2478 2384 2537 2424 se
2562 2368 2738 2438 βίϐλον
2757 2368 2895 2438 ὑπὲρ
2913 2365 3177 2435 Διοδώρου
3201 2366 3293 2418 καὶ
3309 2362 3607 2434 Θεοδώρου,
3634 2354 3747 2435 ὲν

2161 2462 2258 2533 τὴν
2287 2462 2407 2514 κατ’
2439 2461 2616 2513 αὐτῶν
2643 2459 3017 2530 γεγενημένην
3045 2457 3261 2528 γραφὴν
3290 2454 3519 2517 διέλυεν,
3544 2454 3605 2507 οὐ
3637 2454 3749 2507 δεί-

2168 2572 2265 2617 σας
2302 2553 2407 2606 τῶν
2438 2551 2762 2622 κατηγόρων
2784 2550 2881 2621 τὴν
2910 2548 3227 2602 δυναστείαν
3245 2565 3257 2576 ·
3282 2545 3499 2599 Librum
3516 2561 3610 2612 pro
3624 2544 3752 2597 Dio-

2165 2645 2295 2700 doro
2325 2655 2373 2699 et
2405 2642 2705 2707 Theodoro,
2735 2643 2787 2695 in
2819 2658 2921 2711 quo
2951 2640 3136 2695 illatas
3176 2639 3250 2693 eis
3280 2638 3646 2691 accusationes
3674 2652 3751 2689 re-

2169 2737 2400 2806 fellebat,
2428 2735 2557 2789 nihil
2591 2735 2783 2788 veritus
2812 2742 3184 2787 accusatorum
3224 2731 3537 2800 potentiam.
3578 2725 3747 2781 Hunc

2170 2829 2371 2882 librum
2401 2826 2583 2881 innuit
2611 2824 2961 2880 Justinianus
2988 2824 3045 2879 in
3074 2839 3187 2878 sure
3213 2821 3334 2876 ﬁdei
3366 2819 3749 2891 professione:

2169 2918 2510 2990 Θεοδώρητος
2537 2920 2565 2971 ὁ
2596 2917 2822 2980 πολλοὺς
2851 2916 2992 2987 ὑπὲρ
3028 2913 3301 2987 Θεοδώρου
3344 2913 3535 2981 λόγους
3554 2929 3616 2965 τε
3661 2911 3757 2964 καὶ

2173 3010 2428 3073 ἐπαίνους
2481 3010 2761 3073 ἐκτείνας
2808 3008 3163 3063 Theodoretus
3209 3008 3297 3077 qui
3338 3007 3532 3060 multos
3587 3004 3753 3058 libros

488 3098 687 3152 nentia:
715 3098 837 3151 vale
869 3095 1097 3160 dicenti,
1136 3096 1359 3165 nuptias
1392 3104 1446 3151 et
1472 3097 1747 3151 connubia
1774 3098 2069 3166 qumritan-
2098 3131 2141 3191 ο
2181 3118 2276 3170 pro
2312 3101 2583 3155 Theodoro
2617 3101 2851 3169 scripsit,
2908 3099 3188 3170 laudesque
3217 3100 3330 3171 ejus
3359 3099 3565 3167 copiose
3601 3096 3747 3151 cele-

485 3199 621 3245 tem.
665 3188 724 3243 Si
783 3188 1063 3244 Theodori
1127 3189 1433 3241 orationem
1487 3203 1549 3243 ea
1604 3194 1784 3259 capita
1831 3189 2069 3258 comple-

490 3289 730 3335 ctentem
763 3278 965 3332 alicubi
994 3276 1048 3331 in
1096 3278 1440 3332 bibliothecis
1470 3277 1707 3334 Savilius
1756 3280 2068 3348 reperisset,

492 3374 665 3427 multo
697 3373 959 3427 libentius
995 3372 1049 3427 in
1098 3372 1329 3441 gratiam
1379 3373 1743 3427 sectariorum
1784 3372 2071 3436 edidisset,

491 3480 654 3534 quam
687 3464 830 3518 hanc
863 3464 1171 3533 epistolam.
1206 3480 1329 3535 qua?
1362 3466 1722 3520 monasticam
1757 3467 1960 3521 asserit
1992 3466 2075 3520 di-

493 3556 812 3625 sciplinain,
843 3555 1116 3609 castitatis
1144 3557 1577 3621 observantiam,
1603 3567 1725 3611 vota
1761 3557 1871 3611 Deo
1899 3574 1928 3611 a
1956 3572 2074 3611 mo—

492 3646 686 3701 nachis
730 3645 1122 3716 nuncupanda,
1158 3656 1456 3717 sancteque
1482 3649 1763 3714 solvenda,
1822 3658 2077 3718 peccato-

494 3754 617 3792 rum
647 3738 1134 3807 exhomologesim,
1167 3737 1504 3808 pmnitentite
1534 3740 1827 3810 lacrymas,
1880 3747 1937 3794 et
1959 3740 2078 3794 sui-

496 3830 797 3900 fragiorum
845 3830 1255 3894 efﬁcacitatem,
1317 3846 1480 3900 quam
1536 3832 1822 3900 epistolam
1859 3833 1932 3885 ita
1963 3840 2078 3887 sto-

496 3922 788 3977 machatur
814 3930 868 3976 et
902 3931 1154 3985 nauseat,
1188 3935 1247 3978 ut
1275 3924 1346 3977 ob
1372 3924 1423 3977 id
1452 3924 1728 3994 frigidam,
1759 3926 1997 3996 ineptam
2022 3937 2078 3978 et

495 4012 785 4067 ridiculam
817 4027 935 4067 eam
973 4016 1231 4084 appellet.
1265 4015 1620 4085 Sed,quaeso,
1644 4015 1927 4072 videamus
1956 4031 2079 4086 quae

497 4102 665 4157 fuerit
699 4102 904 4157 Savilio
922 4118 1092 4158 causa
1129 4106 1439 4159 somniandi
1472 4106 1619 4160 illam
1656 4106 1927 4160 Theodori
1956 4122 2078 4160 ora-

498 4194 724 4249 tionem.
761 4192 949 4263 Neque
985 4194 1130 4247 euim
1174 4193 1537 4256 Sozomenus,
1580 4211 1741 4265 quem
1776 4196 1931 4257 citat,
1977 4197 2080 4250 hoc

500 4286 621 4349 ait;
656 4293 787 4339 sunt
816 4286 1018 4355 quippe
1070 4285 1184 4338 haec
1230 4285 1349 4353 ejus
1405 4287 1570 4340 verba
1619 4286 1735 4353 (lib.
1795 4302 1913 4350 vni,
1980 4287 2075 4355 2):

515 4374 655 4427 Ἀλλ’
689 4370 843 4438 οὗτος
877 4376 972 4445 μὲν
1003 4376 1163 4445 ἡνίκα
1196 4376 1296 4446 τὴν
1325 4376 1497 4446 ἀρχὴν
1526 4377 1743 4447 ἐνέτυχε
1770 4381 1881 4441 τοῖς
1917 4377 2081 4441 Θείοις

2176 3191 2366 3246 oravit.
2407 3191 2463 3245 In
2501 3192 2706 3261 quibus
2728 3206 2893 3261 quam
2927 3191 3192 3261 praeclare
3217 3192 3285 3244 de
3310 3189 3601 3244 Theodoro
3622 3203 3757 3243 sen-

2176 3286 2330 3346 serit,
2357 3284 2539 3353 colligi
2573 3292 2771 3353 potest,
2797 3298 2921 3337 cum
2943 3298 3009 3337 ex
3037 3282 3159 3351 ejus
3188 3280 3458 3350 epistolis,
3486 3279 3579 3334 ubi
3600 3280 3761 3348 ἅγιον

2177 3386 2417 3429 sanctum
2447 3375 2600 3429 illum
2629 3376 2896 3436 nominat,
2941 3384 3055 3428 tum
3086 3375 3253 3428 etiam
3283 3390 3350 3429 ex
3413 3373 3609 3427 ultimo
3658 3370 3760 3424 Hi-

2179 3468 2360 3521 storia:
2389 3467 2511 3536 ejus
2533 3467 2903 3521 ecclesiastica:
2934 3467 3077 3520 libro
3104 3474 3159 3521 et
3190 3466 3386 3535 capite,
3424 3465 3519 3519 ubi
3547 3465 3765 3534 magnis

2180 3559 2331 3613 illum
2378 3559 2633 3629 laudibus
2695 3558 2927 3612 extollit.
2978 3557 3103 3612 Haec
3144 3556 3332 3613 eadem
3378 3557 3637 3610 nimirum
3698 3556 3768 3611 de

2178 3650 2467 3705 Theodoro
2519 3651 2787 3705 sentiebat
2826 3650 3186 3713 Sozomenus,
3235 3664 3409 3717 quare
3457 3650 3764 3703 vehemen—

2178 3750 2263 3796 ter
2316 3741 2451 3797 lides
2506 3741 2770 3797 historica
2809 3743 3047 3808 vacillat,
3086 3742 3175 3795 ubi
3231 3739 3501 3795 Theodori
3544 3738 3765 3809 lapsum

2181 3832 2253 3887 ita
2281 3832 2655 3901 prosequitur,
2695 3843 2754 3886 ut
2788 3834 2996 3886 nullum
3030 3833 3302 3902 intelligas
3334 3833 3541 3886 crimen
3590 3831 3645 3883 in
3676 3845 3765 3890 eo,

2178 3942 2343 3995 quem
2375 3926 2804 3996 Chrysostomus
2828 3925 3038 3979 centies
3083 3923 3501 3977 ἐκπεπτωκέναι
3536 3923 3763 3993 repetit.

2184 4018 2504 4081 Ἐκπτωσις
2539 4028 2720 4073 autem
2747 4019 3137 4073 ecclesiasticis
3162 4017 3527 4087 scriptoribus
3564 4024 3673 4077 est,
3708 4022 3769 4068 ut

2181 4109 2258 4161 ait
2294 4110 2568 4164 Caesarius
2617 4109 2781 4178 paulo
2825 4118 2952 4162 ante
2991 4107 3268 4171 laudatus,
3339 4105 3404 4159 Ἦ
3447 4104 3507 4170 ἐξ
3560 4104 3767 4177 ἀρετῆς

2182 4198 2273 4249 ἐπὶ
2326 4198 2387 4249 τὸ
2416 4200 2596 4268 χεῖρον
2636 4197 3015 4266 ὑπονόστησις,
3043 4197 3137 4249 καὶ
3170 4198 3202 4267 ἡ
3242 4197 3307 4248 ὲκ
3340 4193 3639 4264 παρθενίας
3674 4195 3767 4246 ἐπὶ

2182 4289 2436 4357 λαγνείαν
2462 4289 2643 4359 ὁρμή*
2685 4287 2816 4343 Cum
2861 4307 2893 4340 a
2924 4290 3113 4341 virtute
3156 4290 3225 4339 ad
3269 4288 3417 4348 vitia,
3453 4296 3502 4339 et
3543 4303 3577 4338 a
3614 4287 3773 4351 pudi-

2184 4382 2309 4434 citia
2373 4382 2441 4432 ad
2478 4380 2749 4432 luxuriam
2806 4380 3067 4433 receditur
3120 4397 3182 4432 ac
3227 4379 3515 4448 dif/luitur.
3582 4377 3772 4447 Neque

501 4471 713 4536 νόμοις,
772 4465 865 4517 καὶ
896 4467 1061 4533 ἱεροῖς
1093 4464 1348 4535 ἀνδράσιν
1371 4464 1668 4535 ὡμίλησεν,
1696 4467 1924 4536 ἐπῄνεσε
1954 4466 2066 4520 ταύ-

2200 4484 2328 4523 vero
2359 4467 2683 4523 Theodorus
2733 4477 3025 4538 antequam
3086 4470 3156 4523 ab
3194 4485 3377 4523 eremo
3429 4469 3770 4530 discederet,

501 4574 601 4628 την
624 4556 722 4627 τὴν
753 4556 974 4626 ἀγωγὴν
1008 4556 1102 4609 καὶ
1136 4556 1381 4624 κατέγνω
1401 4556 1507 4608 τῶν
1535 4558 1787 4611 ἀστυκῶν
1807 4574 1820 4587 °
1850 4560 1908 4612 οὐ
1933 4559 2086 4631 διήρ-

504 4666 632 4702 κεσε
656 4648 712 4700 δὲ
738 4650 837 4720 τὴν
871 4648 1041 4718 αὐτὴν
1070 4646 1378 4718 προθυμίαν
1404 4647 1561 4717 ἔχων.
1596 4648 2008 4719 Μεταμεληϐεὶς
2030 4650 2086 4702 δὲ

508 4740 645 4810 πρὸς
673 4740 764 4791 τὸν
788 4740 1053 4811 πρότερον
1084 4738 1198 4809 βίον
1232 4738 1459 4798 εἵλκετο,
1487 4734 1574 4794 οἷα
1597 4741 1655 4794 δὲ
1685 4742 1850 4805 εἰκὸς,
1882 4744 2088 4796 ὲναντί-

503 4848 585 4894 οις
613 4831 789 4899 λόγοις
818 4834 1100 4901 κοσμήσας
1126 4832 1187 4884 τὸ
1212 4832 1647 4902 σπουδαζόμενον
1666 4835 1728 4886 ἐκ
1757 4835 2007 4888 παλαιῶν
2035 4837 2089 4888 ὑ-

508 4923 915 4992 ποδειγμάτων,
944 4919 1011 4993 ἦν
1037 4922 1146 4993 γὰρ
1174 4922 1501 4993 πολυῖστωρ,
1531 4925 1611 4986 εἰς
1640 4923 1735 4994 τὴν
1779 4926 1929 4978 πόλιν
1956 4928 2091 4979 sm—

506 5016 704 5085 νῆ).οεν
731 5034 741 5045 ο
773 5014 875 5067 llic
912 5033 1029 5069 tero
1068 5014 1371 5068 Theodorus
1404 5015 1467 5068 ab
1498 5016 1650 5069 initio
1694 5016 1905 5085 quidem
1972 5035 2090 5072 cum

506 5111 560 5162 in
590 5124 773 5161 sacras
804 5107 939 5175 leges
984 5107 1278 5169 incidisset,
1340 5117 1386 5160 et
1421 5123 1540 5159 cum
1579 5109 1778 5160 sanctis
1813 5109 1940 5161 viris
1971 5126 2095 5162 con-

509 5208 837 5260 t'ersaretur,
866 5198 961 5249 hoc
996 5200 1112 5251 vita:
1152 5215 1312 5267 genus
1350 5198 1697 5267 approbabat,
1745 5216 1807 5251 ac
1840 5201 2095 5253 swculare

507 5290 837 5353 damnabat;
862 5289 951 5343 sed
979 5289 1031 5342 in
1070 5290 1251 5343 eodem
1285 5291 1380 5344 hoc
1407 5291 1676 5359 proposito
1701 5308 1801 5343 non
1836 5294 2087 5359 perstitit.

512 5382 615 5435 Sed
665 5393 839 5435 tamen
865 5381 1178 5449 prenitentia
1209 5381 1420 5445 ductus,
1448 5382 1516 5434 ad
1546 5382 1778 5449 priorem
1810 5382 1931 5435 υἰιιτ
1966 5398 2093 5434 con-

509 5475 835 5528 suetudinem
874 5483 1136 5528 retractus
1172 5474 1293 5543 fuit,
1320 5485 1368 5526 et
1392 5474 1529 5543 quod
1558 5485 1633 5526 est
1660 5482 2090 5535 consentaneum,

511 5569 795 5621 contrariis
821 5567 1148 5640 argumentis
1187 5567 1516 5635 propositum
1555 5582 1710 5619 suum
1756 5583 1973 5631 ornans,
2030 5580 2095 5619 ea:

586 5757 681 5831 (a),
705 5758 760 5812 In
798 5758 1037 5831 editione
1061 5761 1365 5819 Sirmondi.
1401 5764 1565 5831 epist.
1602 5762 1689 5823 16,
1714 5779 1873 5831 quem
1909 5762 2081 5818 Theo-

513 5825 686 5883 dot‘eti
706 5845 807 5900 pro
831 5828 1119 5887 Theodoro
1154 5847 1217 5887 ac
1253 5825 1490 5886 Diodoro
1524 5825 1858 5887 librum'non
1891 5850 2080 5889 recen-

2190 4560 2265 4612 ita
2296 4567 2415 4613 erat
2451 4556 2599 4611 omni
2627 4568 2753 4611 voto
2779 4559 3013 4619 solutus,
3047 4566 3105 4610 ut
3132 4556 3335 4611 referre
3356 4558 3569 4626 pedem,
3591 4566 3775 4613 retro-

2190 4667 2297 4721 que
2325 4649 2603 4719 respicere
2638 4658 2842 4718 posset.
2888 4647 2942 4701 In
2980 4657 3215 4702 mentem
3252 4649 3299 4702 ei
3339 4647 3772 4718 Chrysostomus

2190 4752 2413 4797 revocat
2440 4742 2538 4804 τὰς
2572 4740 2708 4811 πρὸς
2760 4740 2992 4810 Χριστὸν
3041 4738 3335 4807 συνθήκας,
3403 4756 3522 4792 cum
3558 4740 3773 4794 Christo

2192 4836 2472 4907 spirituale
2496 4835 2818 4904 conjugium.
2877 4834 2995 4902 Ipse
3039 4847 3169 4886 vero
3205 4832 3529 4887 Theodorus
3580 4834 3636 4887 in
3670 4834 3773 4886 hac

2191 4929 2419 5000 epistola
2439 4948 2448 4957 ·
2471 4926 2733 4990 Εὖξασοε,
2751 4925 2922 4995 τίμιοι
2943 4925 3202 4994 Πατέρες,
3225 4923 3526 4994 μνησθῆναί
3549 4942 3650 4994 μου
3674 4924 3775 4992 τῆς

2194 5022 2364 5091 καλῆς
2407 5019 2728 5088 ὁμολογίας,
2762 5018 2829 5085 ἢν
2867 5015 3190 5085 ὡμολόγησα
3223 5013 3447 5067 ἐνώπιον
3477 5017 3572 5068 τοῦ
3610 5016 3771 5076 Θεοῦ,

2193 5115 2287 5167 καὶ
2314 5112 2560 5181 ἀγγέλων
2590 5111 2683 5163 καὶ
2724 5109 3061 5180 ἀνθρώπων·
3119 5107 3301 5170 Orate,
3336 5109 3618 5161 venerandi
3664 5107 3776 5160 Pa-

2198 5214 2324 5265 tres,
2349 5203 2514 5255 utilla
2542 5201 2669 5253 mihi
2689 5210 2809 5252 ante
2838 5199 3016 5252 oculos
3036 5208 3268 5252 versetur
3285 5197 3588 5265 promissio,
3616 5214 3777 5267 quam

2200 5309 2382 5347 corant
2421 5291 2524 5344 Deo
2554 5292 2629 5344 vel
2659 5289 2881 5360 angelis,
2902 5298 2952 5342 et
2982 5288 3279 5341 hominibus
3314 5287 3592 5355 spopondi.
3635 5286 3779 5353 Quid

2198 5401 2329 5456 ergo
2359 5384 2543 5439 subdit
2573 5384 2913 5439 Sozomenus
2941 5382 3009 5437 de
3041 5383 3269 5438 honesto
3302 5383 3566 5452 licitoque
3586 5386 3783 5437 matri-

2201 5480 2406 5541 monio,
2432 5477 2575 5547 quod
2595 5476 2916 5533 Theodorus
2944 5477 3334 5531 meditaretur?
3354 5476 3592 5530 Curnam
3613 5480 3779 5531 etiam

2202 5573 2379 5643 γάμον
2407 5570 2540 5624 illud
2571 5570 2859 5623 nominat?
2889 5569 3023 5623 Nam
3056 5568 3482 5638 Chrysostomus
3514 5570 3583 5622 ad
3614 5569 3783 5624 Theo-

2188 5775 2272 5815 set
2306 5761 2606 5817 Carnarius
2633 5765 2855 5819 dissert.
2886 5763 2940 5824 εὶ,
2984 5777 3104 5830 cap.
3147 5762 3179 5819 9
3219 5763 3361 5817 inter
3391 5775 3558 5832 opera
3600 5756 3783 5815 The0~

2190 5834 2363 5888 dorcti
2392 5835 2697 5903 deperdita.
