3934 6502
154 297 240 351 ibl
1309 290 1621 345 DIATRIISA
1662 289 1749 345 9E
1789 289 2203 346 TIIEODORIS.

3296 285 3399 341 10!

146 419 325 466 dorum
353 412 426 465 ita
457 409 653 463 scribit
688 428 700 462 :
738 408 948 476 Τίμιος,
977 407 1160 477 φησὶν,
1215 410 1247 460 ό
1276 408 1481 476 γάμος,
1531 407 1627 461 καὶ
1672 408 1709 473 ἡ

1847 423 1917 460 uo
1946 406 2154 475 scripto
2184 406 2440 460 inseruit.
2486 404 2784 461 Facundus
2819 416 2949 460 vero
2980 402 3102 471 ejus
3143 402 3395 471 epistolae

147 505 309 567 κοίτη
343 501 662 569 ἀμίαντοςο
712 501 795 551 σοὶ
833 498 890 550 δὲ
923 497 1104 550 οὐκέτι
1156 498 1379 551 δυνατὸν
1422 499 1490 551 τὰ
1534 499 1717 551 δίκαια

146 595 365 663 φυλάξαι
402 592 495 645 τοῦ
532 592 713 661 γάμου
738 608 751 620 ’
787 592 877 643 τὸν
902 590 1010 659 γὰρ
1045 590 1351 661 ἐπουρανίῳ
1380 591 1719 659 συναφθέντα

144 690 373 761 νυμφίῳ,
399 687 587 741 τοῦτον
622 689 719 757 μὲν
746 688 925 751 ἐᾶσαι,
953 687 1169 753 γυναικὶ
1198 685 1253 738 δὲ
1280 685 1440 738 αὐτὸν
1466 685 1717 753 συνάψαι,

148 780 357 852 μοιχεία
385 780 446 831 τὸ
471 777 710 847 πρᾶγμά
738 779 852 828 ἐστι
872 794 884 806 ·
916 775 1019 828 κᾶν
1055 777 1314 846 μυριάκις
1353 775 1514 828 αὑτὸν
1545 776 1723 844 γάμον

145 875 343 941 καλῇςο
388 872 481 935 At,
514 871 711 938 inquis.
755 868 1074 922 honorabile
1098 868 1457 930 connubium.
1482 875 1535 921 et
1570 876 1722 920 turus

145 964 531 1020 immaculatus
552 964 592 1015 ¹.
632 962 744 1013 Tibi
767 977 887 1013 vero
906 961 1233 1013 matrimonii
1246 960 1375 1028 jura
1397 975 1723 1028 nequaquam

144 1057 419 1109 conreuire
456 1062 695 1121 possunt.
718 1050 779 1105 Si
797 1053 911 1119 quis
932 1052 1071 1103 enim
1089 1050 1285 1104 ccelesti
1309 1067 1362 1105 se
1379 1067 1571 1119 sponso
1594 1068 1723 1104 cou-

138 1151 353 1218 junqat,
379 1144 572 1198 deinde
605 1160 663 1196 eo
695 1141 971 1211 repudiato
995 1157 1050 1195 se
1071 1142 1281 1196 mulieri
1312 1143 1535 1210 capulet,
1567 1144 1725 1196 adul-

145 1242 329 1293 terium
353 1237 667 1297 committit,
689 1233 809 1287 licet
840 1233 975 1286 illud
1004 1234 1326 1287 contentiose
1340 1234 1507 1287 decies
1534 1236 1725 1288 millies

146 1330 549 1384 matrimonium
570 1326 819 1395 appelles.
856 1324 1024 1393 Igitur
1058 1325 1151 1393 qui
1192 1324 1464 1380 Theodori
1512 1326 1724 1395 lapsum

148 1422 212 1475 ad
241 1422 525 1475 rationem
553 1418 804 1471 veritatis
839 1431 1100 1472 revocare
1140 1418 1295 1481 velit,
1343 1434 1513 1472 unum
1554 1418 1730 1489 Chry-

146 1522 455 1567 sostomum
488 1509 700 1573 audiat,
734 1524 962 1564 necesse
985 1516 1093 1572 est.
1127 1524 1194 1564 ex
1228 1524 1339 1579 quo
1371 1525 1485 1564 rem
1520 1511 1601 1566 sic
1627 1510 1727 1564 ha-

146 1607 281 1659 beat.
313 1601 655 1657 Theodorus
681 1614 790 1653 non
827 1599 920 1653 diu
956 1607 1246 1668 postquam
1276 1600 1496 1655 Christo
1526 1617 1727 1655 nomen

144 1696 389 1758 dederat,
456 1691 763 1764 φροντίζειν
793 1691 1130 1762 πραγμάτων
1162 1676 1433 1762 πατρῷων
1473 1694 1725 1763 cogitur;

1820 499 2137 551 testimonio
2158 505 2313 564 urget
2334 498 2680 552 adversarios
2700 496 2970 551 Theodori
2991 494 3388 565 Mopsuesteni.

1820 587 2084 649 Liberali,
2136 596 2189 640 et
2231 586 2473 642 Facundi
2518 587 2759 657 antiquis
2791 587 3096 651 codicibus,
3138 586 3279 640 bene
3308 598 3396 639 re-

1823 676 2091 745 spondent
2123 676 2371 731 Vaticani
2420 677 2774 745 epistolarum
2818 676 3198 748 Chrysostomi
3239 675 3398 730 codi-

1824 782 1916 821 ccs
1954 765 2199 828 DCCXII,
2229 776 2282 820 et
2318 767 2600 821 MCXCIV.
2624 767 2968 823 Justinianus
3008 777 3187 823 autem
3221 768 3396 835 impe-

1824 868 1976 911 rator
2018 860 2069 911 in
2118 858 2319 913 Libello
2369 860 2717 926 confessionis
2770 860 2896 927 fidei
2926 861 3144 913 unicam
3183 857 3400 913 videtur

1827 952 2022 1021 legisse
2056 952 2434 1021 Chrysostomi
2475 952 2542 1005 ad
2569 940 2900 1005 Theodorum
2935 951 3237 1016 epistolam,
3277 963 3397 1001 eam

1826 1042 2084 1096 nimirum
2148 1058 2311 1112 quam
2368 1043 2433 1097 ad
2481 1058 2605 1097 eum
2671 1043 2879 1110 lapsum
2922 1041 3178 1105 dederat;
3238 1040 3398 1094 aliam

1830 1146 1979 1193 vero,
2034 1147 2155 1199 quae
2204 1132 2450 1201 ejusdem
2490 1132 2679 1187 laudes
2713 1132 3042 1195 contineret,
3096 1146 3203 1185 non
3233 1146 3402 1201 agno-

1830 1236 2007 1277 scere.
2056 1222 2247 1278 Patres
2288 1233 2468 1278 autem
2525 1223 3120 1292 Constantinopolitani
3171 1221 3399 1276 secundi

1830 1313 2077 1376 concilii,
2110 1313 2237 1367 licet
2266 1328 2387 1368 eam
2420 1313 2819 1383 Chrysostomo
2842 1327 2950 1366 non
2992 1312 3270 1369 abdicent.
3298 1312 3403 1364 ali-

1831 1416 1914 1459 ter
1942 1413 2123 1460 tamen
2156 1407 2223 1462 de
2248 1408 2339 1461 illa
2362 1406 2631 1477 iudicant,
2660 1422 2823 1476 quam
2855 1408 3098 1463 fautores
3127 1406 3401 1461 Theodori

1833 1496 2220 1567 Mopsuesteni.
2251 1497 2386 1553 Nam
2430 1498 2682 1567 inquiunt
2710 1518 2722 1552 :
2749 1497 2842 1552 Sin
2872 1508 3047 1551 autem
3068 1496 3261 1566 aliquis
3281 1511 3406 1549 con-

1832 1590 1986 1643 cedat
2044 1590 2112 1641 ad
2161 1591 2334 1659 ipsum
2389 1589 2719 1643 Theodorum
2767 1590 3018 1657 scriptam
3067 1604 3183 1642 eam
3220 1588 3406 1656 fuisse,

1832 1691 2031 1735 certum
2064 1692 2138 1735 est
2178 1686 2316 1751 quod
2343 1681 2602 1741 Joannes.
2643 1682 2733 1751 qui
2765 1697 2859 1749 per
2886 1690 3052 1734 totum
3082 1696 3236 1733 suum
3273 1695 3408 1747 pon-

143 1797 191 1841 et
221 1788 353 1841 dum
397 1784 548 1838 facta
577 1784 681 1838 sibi
716 1784 986 1852 tantisper
1014 1782 1277 1836 facultate
1310 1799 1341 1835 a
1402 1786 1725 1838 monasterii
1763 1786 1801 1839 Β
1834 1771 2096 1839 ﬁliculam
2129 1771 2364 1824 υενίεαιίδ
2407 1770 2616 1824 verbum
2665 1779 2803 1823 τεειε
2843 1770 3117 1835 (factum,
3157 1771 3406 1839 ίθηοναηδ

144 1879 430 1949 praefecto,
463 1878 519 1930 in
557 1876 693 1929 urbe
741 1883 1020 1935 versatur,
1073 1874 1126 1927 in
1182 1883 1556 1929 transversum
1615 1878 1727 1947 agi-

144 1983 245 2031 tur.
273 1979 328 2025 et
363 1968 563 2023 carnis
580 1968 851 2023 illecebris
875 1967 1146 2029 irretitus,
1167 1965 1540 2031 Hermioncm,
1560 1985 1726 2038 quam

146 2062 545 2116 ardentissime
591 2058 968 2123 adamaverat,
1020 2058 1183 2112 etiam
1222 2060 1573 2112 matrimonio
1623 2060 1727 2113 sibi

148 2155 489 2227 conjungere
516 2151 762 2221 parabat.
799 2149 897 2203 llic
924 2151 1135 2219 primus
1174 2150 1446 2205 Theodori
1468 2152 1581 2221 jam
1614 2170 1731 2207 mo-

148 2246 294 2299 nachi
324 2245 530 2313 lapsus
575 2242 631 2295 in
676 2242 907 2295 luxuria:
945 2256 1187 2304 caenum,
1219 2250 1277 2295 ut
1308 2242 1734 2313 Chrysostomus

150 2341 255 2408 ipse
282 2343 472 2399 notat,
505 2336 605 2405 τῆς
630 2335 729 2405 σῆς
765 2334 943 2404 ψυχῆς
972 2336 1032 2387 τὸ
1060 2336 1274 2407 πρῶτον
1308 2336 1581 2409 πεσούσης
1596 2339 1735 2391 πτῶ-

153 2448 238 2497 μα.
267 2428 598 2496 Antequam
634 2440 764 2479 vero
784 2426 838 2478 in
864 2440 1107 2478 eremum
1139 2426 1439 2483 secederet.
1461 2428 1734 2482 immerito

151 2519 393 2587 ejusdem
434 2517 581 2572 omni
617 2524 668 2572 et
698 2517 1083 2586 impudicittca
1118 2516 1323 2572 Savilio
1360 2518 1731 2583 insimulatur,

152 2614 233 2681 qui
258 2624 564 2681 perperam
615 2608 827 2679 accepit
877 2609 931 2662 in
982 2610 1181 2663 malam
1231 2620 1442 2680 partem
1486 2610 1619 2663 illud
1657 2612 1737 2674 ei;

156 2706 374 2772 μουσεῖα
408 2700 695 2769 φοιτῶντι,
732 2708 1001 2770 putatque
1050 2704 1278 2770 μουσεῖα
1328 2702 1499 2758 fuisse
1539 2703 1738 2757 Antio-

154 2795 280 2847 chiae
327 2794 462 2847 loca
519 2792 895 2861 voluptatibus
960 2800 1014 2845 et
1070 2793 1306 2847 lasciviae
1353 2794 1554 2861 dicata,
1619 2812 1740 2864 qua:

153 2883 483 2940 Theodorus
518 2884 839 2938 adolescens
870 2884 1261 2953 frequentaret,
1291 2900 1413 2938 cum
1453 2887 1526 2940 ibi
1568 2887 1743 2960 Chry-

155 2989 434 3032 sostomus
473 2977 679 3029 usitato
732 2973 938 3029 GTIPClS
979 2975 1245 3028 vocabulo
1298 2975 1486 3030 ludum
1530 2978 1740 3032 littera-

156 3069 285 3121 rium
336 3068 617 3127 nominet,
671 3064 1134 3135 quemadmodum
1188 3066 1241 3119 in
1283 3067 1516 3137 epistola
1565 3071 1739 3138 prima

158 3159 298 3227 (edit.
346 3169 395 3211 ι.
440 3157 483 3218 Ι,
544 3156 715 3226 p.28)
748 3155 817 3207 ad
867 3154 1105 3209 eumdem
1160 3154 1490 3211 Theodorum
1542 3160 1610 3215 de
1638 3159 1741 3215 Ur-

159 3252 271 3304 bani
302 3248 599 3303 Phcenicis
631 3248 745 3301 lilio
768 3248 910 3302 idem
947 3262 1144 3302 nomen
1186 3250 1254 3303 ad
1285 3265 1396 3304 rem
1419 3251 1739 3307 litterariam

160 3342 576 3413 significandam
607 3340 776 3395 sumit
807 3359 820 3393 :
856 3331 1023 3403 Οὗτος
1068 3340 1128 3393 τό
1169 3343 1267 3411 μὲν
1309 3342 1524 3413 πρῶτον
1570 3346 1743 3417 ὲρρὦ

162 3435 271 3486 σθαι
289 3434 473 3487 πολλὰ
483 3436 607 3496 ταῖς
623 3435 679 3486 ὲν
689 3435 801 3495 τοῖς
822 3433 1094 3501 μουσείυις
1109 3434 1411 3506 διατριϐαῖς
1427 3453 1450 3487 ε
1462 3436 1596 3489 ἰπὼν
1610 3455 1622 3466 ·
1642 3436 1745 3491 llic

161 3529 384 3594 primum
420 3526 635 3597 quidem
672 3525 888 3595 longum
918 3526 1033 3579 vale
1062 3526 1241 3580 dicens
1264 3528 1563 3581 scolasticis
1603 3546 1747 3583 eaer-

163 3621 492 3683 citrementis,
532 3619 649 3675 suis
681 3619 878 3673 deinde
906 3619 1059 3674 visus
1108 3629 1191 3674 est
1220 3620 1450 3681 inutilis.
1486 3624 1743 3691 quoniam

164 3720 215 3764 ut
245 3714 439 3767 statim
473 3711 905 3781 Cbrysostomus
933 3710 1084 3763 addit
1117 3729 1129 3762 :
1162 3710 1276 3781 Πρὸ
1315 3710 1463 3780 ὥρας
1489 3712 1595 3764 τῶν
1620 3716 1748 3783 περὶ

162 3805 281 3867 τοὺς
304 3803 514 3871 λόγους
556 3804 737 3855 πόνων
768 3804 1128 3873 ἀποπηδήσας
1165 3804 1331 3874 μηδὲν
1358 3803 1567 3857 ἐκεῖθεν
1614 3822 1748 3876 καρ-

165 3896 456 3951 πώσασθαι
484 3894 752 3965 ἐδυνήθη·
786 3894 1125 3963 Prrrpropere
1165 3897 1443 3949 litterariis
1480 3895 1749 3949 laboribus

166 4006 214 4042 se
250 3986 543 4049 subduxit,
603 3988 684 4038 ita
730 3995 787 4037 ut
818 3986 937 4038 inde
976 3985 1110 4037 nihil
1145 3986 1394 4038 utilitatis
1443 3989 1746 4053 perceperit.

169 4079 224 4133 Et
262 4083 315 4132 in
350 4078 625 4146 psalmum
652 4087 900 4143 quartum
936 4077 1094 4129 ευῦκ
1149 4078 1228 4138 εἰς
1282 4080 1533 4146 μουσεῖον
1591 4078 1751 4132 ἀπιέ-

167 4190 247 4223 ναι
271 4173 372 4233 δεῖ,
417 4169 538 4221 οὐδὲ
562 4169 947 4236 παιδαγωγοὺς
978 4167 1247 4237 μισθῶσαι
1279 4170 1371 4222 καὶ
1404 4171 1639 4240 ῥήτορας
1662 4172 1753 4224 καὶ

170 4263 465 4330 σοψιστάς
508 4259 691 4329 Neque
724 4275 851 4327 opus
881 4268 957 4313 est
1008 4259 1188 4312 ludum
1227 4260 1375 4314 adire
1407 4262 1749 4328 litterarium,

169 4372 322 4421 neque
354 4354 597 4405 mercede
627 4351 941 4421 paedagogos
963 4352 1270 4419 conducere,
1297 4370 1458 4424 neque
1488 4355 1753 4423 rhetoras,

170 4462 328 4512 neque
366 4445 663 4512 sophistas.
718 4443 822 4496 Sed
852 4458 918 4497 eo
954 4444 1137 4499 minus
1179 4460 1369 4502 errare
1416 4449 1655 4504 Savilius
1689 4466 1755 4505 eo
1788 4458 1830 4512 [)

172 4538 369 4590 inloco
410 4537 705 4598 debuerat.
737 4536 884 4606 quod
918 4537 1035 4591 voci
1068 4541 1293 4607 μουσεῖα
1323 4540 1613 4610 conjunxit
1654 4558 1755 4597 au-

173 4636 290 4680 ctor
318 4629 548 4681 verbum
584 4630 795 4697 φοιτᾷν,
841 4627 987 4696 quod
1014 4626 1187 4682 Graeci
1244 4630 1543 4700 scriptores
1580 4634 1655 4686 ita
1690 4650 1757 4688 ex

174 4735 272 4772 usu
297 4721 367 4773 ad
395 4721 582 4775 studia
615 4720 1047 4785 transtulerunt,
1075 4727 1135 4773 ut
1168 4722 1296 4777 inde
1319 4724 1624 4794 discipulos
1640 4742 1761 4794 φοι-

173 4814 334 4882 τητὰς
362 4814 724 4883 appellarint.

242 4916 517 4987 Denique,
568 4932 637 4971 ne
678 4916 782 4969 hoc
824 4916 993 4971 etiam
1036 4917 1472 4982 dissimulemus,
1517 4920 1765 4990 epistolae

176 5004 688 5077 Chrysostomiana:
749 5007 893 5069 112,
957 5010 1097 5064 male
1161 5008 1403 5065 Savilius
1469 5013 1764 5077 inscribit,

176 5102 415 5169 θεοδότῳ
464 5100 773 5169 ὲπισκόπῳ.
822 5098 1030 5169 Nempe
1074 5101 1310 5170 ignorat,
1360 5114 1564 5172 quanta
1604 5106 1767 5160 fuerit

178 5196 319 5247 inter
352 5193 548 5245 Patres
571 5193 639 5246 de
659 5192 755 5245 illa
780 5193 1016 5263 epistola
1056 5198 1433 5251 controversia
1467 5198 1569 5251 sub
1594 5197 1767 5254 Justi-

181 5288 346 5337 niano
403 5285 765 5354 imperatore,
827 5284 1318 5354 reponendumque
1366 5288 1593 5343 omnino
1642 5306 1767 5345 esse

180 5375 439 5446 θεοδὼρῳ
466 5376 781 5446 ὲπισκόπῳ,
816 5377 975 5446 isque
1008 5386 1095 5432 est
1129 5377 1551 5448 Mopsuestenus
1582 5382 1669 5436 hic
1701 5382 1769 5439 de

182 5482 289 5533 quo
316 5467 560 5536 agimus,
616 5476 676 5520 ut
730 5467 1001 5521 afﬁrmant
1044 5467 1338 5527 Liberatus
1381 5473 1773 5543 Carthaginien-

184 5558 259 5609 sis
282 5558 576 5621 diaconus,
611 5567 668 5611 et
699 5556 990 5615 Facundus
1017 5560 1429 5619 llermianensis
1462 5565 1556 5620 lib.
1592 5584 1688 5625 vn.
1718 5568 1768 5631 7,

184 5649 276 5719 qui
333 5650 603 5719 integram
648 5665 769 5704 eam
819 5652 1107 5722 epistolam
1156 5653 1449 5711 Latinitate
1505 5658 1763 5713 donatam

259 5788 273 5816 ³
314 5785 485 5843 Hebr.
518 5804 637 5851 xm,
681 5787 733 5843 4.

1837 1860 1968 1914 tales
2005 1860 2356 1929 blasphemias
2400 1861 2771 1926 conscripsisse
2823 1860 3173 1922 Theodorum,
3218 1858 3406 1926 hujus-

1836 1952 1978 2003 modi
2028 1952 2104 2003 ad
2155 1967 2271 2004 eum
2313 1951 2520 2003 litteras
2555 1949 2795 2003 dederat.
2847 1950 2951 2003 Alii
2994 1950 3133 2003 duos
3178 1955 3408 2003 narrant

1837 2038 2182 2102 Theodoros,
2227 2039 2488 2095 Ecclesiae
2534 2039 2929 2111 Mopsuestente
2968 2040 3311 2108 praepositos.
3355 2046 3410 2092 et

1837 2132 1901 2184 ad
1955 2132 2315 2200 posteriorem
2373 2131 2547 2187 fuisse
2604 2133 2790 2186 datam
2851 2146 2969 2185 eam
3029 2130 3407 2200 Chrysostomi

1836 2225 2122 2292 epistolam
2149 2224 2360 2277 volunt.
2407 2224 2770 2294 Theophanes
2814 2225 2867 2278 in
2905 2223 3304 2293 chronologia:
3345 2223 3409 2274 ’Π

1838 2315 1893 2366 δὲ
1942 2312 2036 2366 τοῦ
2082 2314 2468 2383 Χρυσοστόμου
2533 2313 2786 2383 ἐπιστολὴ
2838 2316 2870 2382 ἡ
2926 2312 3076 2379 πρὸς
3114 2310 3414 2377 Θεόδωρον

1837 2404 2279 2471 Μοψουεστίας,
2335 2404 2454 2473 οὐχὶ
2508 2403 2645 2473 πρὸς
2684 2404 2777 2455 τὸν
2821 2402 3056 2473 πρῶτον,
3098 2399 3233 2453 ἀλλὰ
3275 2400 3413 2469 πρὸς

1838 2498 1931 2548 τὸν
1967 2496 2192 2565 ἔσχατον
2234 2496 2525 2565 γενόμενον
2558 2495 2705 2548 ἐστίν
2734 2511 2749 2526 ·
2778 2493 3141 2563 Chrysostomi
3191 2492 3415 2559 epistola

1842 2585 1909 2639 ad
1965 2584 2313 2638 Theodorum
2358 2584 2830 2653 Mopsuestenutn,
2891 2599 2991 2636 non
3042 2581 3112 2634 ad
3157 2582 3413 2635 seniorem

1840 2678 1953 2744 ejus
1988 2675 2241 2728 Ecclesia:
2276 2678 2598 2743 episcopum,
2629 2673 2721 2728 sed
2747 2674 2814 2725 ad
2829 2672 3095 2740 juniorem
3136 2672 3263 2724 data
3292 2670 3415 2738 luit.

1843 2766 2045 2820 Verum
2071 2775 2221 2820 errat
2248 2765 2614 2834 Theophanes
2648 2784 2660 2819 :
2697 2780 2822 2818 nam
2849 2763 3169 2817 Theodorus
3194 2760 3417 2823 Iunior,

1844 2874 2043 2928 genere
2074 2857 2286 2919 Galata,
2322 2872 2635 2927 supremum
2676 2856 2818 2910 diem
2868 2856 2992 2909 vitae
3023 2855 3158 2923 egit,
3194 2862 3254 2907 ut
3296 2868 3411 2922 per-

1846 2952 2036 3022 Spicue
2085 2951 2388 3013 declarant,
2439 2955 2494 3001 et
2538 2962 2680 3017 saepe
2725 2954 2983 3016 repetunt
3029 2954 3149 2999 acta
3196 2944 3423 2999 concilii

1848 3040 2243 3111 Mopsuesteni,
2262 3054 2406 3096 anno
2424 3036 2721 3091 Justiniaui
2749 3036 3094 3106 imperatoris
3132 3034 3418 3096 vicesimo,

1769 3128 1814 3189 C
1844 3132 2055 3189 scilicet
2076 3129 2380 3184 centesimo
2397 3126 2818 3197 quadragesimo
2839 3134 2894 3181 et
2920 3127 3159 3197 amplius
3176 3127 3244 3181 ab
3267 3126 3422 3180 obitu

1842 3221 2071 3276 Joannis
2100 3219 2495 3289 Chrysostomi.
2531 3217 2719 3288 Neque
2748 3217 3004 3288 diptycha
3051 3217 3199 3272 illius
3233 3215 3424 3271 Eccle-

1846 3314 1941 3367 siae
1980 3313 2034 3366 in
2076 3310 2263 3366 eadem
2295 3311 2504 3380 synodo
2533 3312 2760 3365 recitata
2792 3312 2957 3363 alium
2996 3310 3199 3365 habent
3236 3309 3417 3365 Theo-

1845 3399 2039 3452 dorum
2070 3406 2194 3465 post
2240 3397 2643 3452 Antiochenum
2678 3399 2828 3451 illum
2878 3399 3115 3469 lapsum.
3156 3398 3263 3454 Sed
3283 3409 3424 3459 esto.

1850 3487 2016 3541 fuerit
2066 3487 2231 3549 alius,
2269 3486 2429 3555 cujus
2463 3502 2663 3541 nomen
2703 3502 2732 3539 a
2768 3486 2969 3542 tabulis
3014 3488 3123 3542 illis
3162 3488 3429 3541 ecclesia-

1848 3580 2003 3634 sticis
2053 3578 2344 3640 exciderit,
2393 3579 2440 3633 is
2489 3594 2619 3633 vero
2671 3579 2835 3633 etiam
2878 3580 2968 3633 vix
3005 3580 3111 3633 erit
3161 3580 3344 3633 statim
3395 3595 3425 3634 ς)

1852 3671 2029 3739 lapso,
2082 3668 2154 3722 ita
2193 3676 2251 3720 ut
2303 3668 2446 3722 inter
2494 3682 2591 3723 eos
2642 3668 2826 3721 nullus
2864 3667 3242 3722 intercesserit
3288 3668 3430 3723 alius

1857 3760 2122 3814 Ecclesia:
2155 3758 2549 3827 Mepsuestenze
2577 3758 2798 3828 praesul,
2823 3768 2876 3812 et
2908 3758 2975 3812 de
3011 3759 3111 3812 hoc
3140 3757 3429 3828 Theopha-

1852 3866 1951 3905 nes
1998 3850 2292 3917 intelligat,
2328 3863 2397 3902 ne
2441 3849 2541 3901 hac
2570 3848 2793 3918 quidem
2826 3848 3038 3903 ratione
3083 3850 3250 3903 stabit
3286 3851 3433 3905 illius

1859 3942 2130 3996 sententia
2163 3958 2176 3993 :
2211 3954 2336 3993 nam
2374 3939 2806 4009 Cbrysostomus
2862 3940 2917 3993 in
2968 3940 3165 3993 exsilio
3204 3943 3435 3995 moritur

1854 4032 2019 4085 etiam
2052 4038 2168 4083 tum
2215 4029 2519 4098 superstite
2562 4029 2850 4083 Theodoro
2882 4030 3225 4083 Antiocheno
3256 4031 3433 4100 lapso,

1866 4122 1960 4190 qui
1996 4122 2154 4191 longe
2185 4127 2308 4189 post
2341 4121 2445 4175 sub
2468 4120 2779 4175 Theodosio
2809 4120 3066 4185 Juniore,
3107 4131 3299 4176 exacto
3334 4122 3437 4177 Ec-

1857 4214 2036 4267 clesiae
2089 4213 2419 4283 praesulatus
2482 4222 2639 4266 sexto
2696 4223 2860 4281 atque
2916 4214 3199 4267 tricesimo
3255 4230 3435 4279 anno,

1859 4320 2018 4360 suum
2056 4304 2198 4357 diem
2231 4303 2385 4363 obiit.
2438 4311 2497 4355 ut
2529 4303 2721 4371 quinto
2752 4305 2959 4359 Histor.
3010 4305 3153 4358 libro
3193 4313 3439 4358 extremo

1860 4406 2048 4450 narrat
2082 4394 2479 4450 Theodoretns.
2522 4394 2636 4448 lino
2677 4410 2804 4449 vero
2837 4412 3012 4464 neque
3044 4396 3157 4450 lucc
3187 4398 3437 4467 epistola,

1859 4485 1986 4555 quia
2013 4483 2389 4554 (lhrysostomi
2420 4490 2525 4545 est,
2556 4491 2609 4536 et
2640 4486 2706 4535 ad
2750 4483 3081 4538 Theodorum
3114 4484 3169 4537 Μ
3177 4497 3443 4553 opsueste-

1859 4592 1986 4629 num
2031 4574 2179 4637 data,
2218 4573 2423 4642 aliquid
2470 4572 2759 4644 suﬂ'ragari
2805 4582 2981 4643 potest
3024 4576 3331 4631 fautoribus
3373 4579 3443 4630 il-

1861 4667 2006 4727 lius,
2074 4662 2220 4732 quod
2283 4662 2632 4717 Justinianus
2685 4662 2878 4716 timent
2932 4677 2994 4715 ac
3054 4661 3441 4731 TheOphanrs.

1860 4756 1995 4809 Nam
2037 4764 2096 4807 ut
2130 4769 2332 4824 patres,
2365 4754 2457 4823 qui
2492 4754 2561 4807 ob
2610 4769 2834 4807 causam
2868 4754 3033 4806 trium
3077 4755 3445 4822 capitulorum

1861 4846 2333 4914 Constantinopoli
2374 4854 2768 4911 convenerant,
2820 4856 2982 4915 atque
3032 4848 3207 4909 alios.
3269 4847 3443 4901 latere

1863 4939 2041 5008 potuit
2070 4935 2647 5006 impietas'Theodori,
2678 4937 2757 4990 sic
2790 4935 3089 5003 aliquando
3115 4938 3448 5007 Chrysosto-

1866 5041 2014 5079 mum
2052 5020 2624 5079 houorilicentioribus
2659 5025 2842 5079 verbis
2869 5024 2937 5079 de
2970 5024 3063 5078 illo
3095 5028 3446 5080 scribentem.

1864 5115 2029 5172 Certe
2075 5116 2236 5170 latuit
2287 5130 2533 5169 summos
2582 5115 2704 5183 ejus
2759 5117 3101 5185 tempestatis
3151 5118 3203 5169 in
3241 5118 3452 5169 oriente

1870 5207 2130 5260 doctores
2157 5214 2211 5261 et
2236 5205 2594 5259 ecclesiarum
2623 5204 2926 5267 antistites,
2960 5204 3275 5258 Nectariqu
3302 5205 3449 5259 Cun-

1875 5298 2449 5367 stantinopolitanum,
2470 5295 2833 5365 Theophilum
2855 5296 3312 5357 Alexandrinum.
3331 5296 3454 5351 Fla-

1876 5391 2098 5443 vianum
2133 5389 2561 5452 Antiochenam,
2592 5388 2915 5458 Gregorium
2957 5388 3287 5459 Nysscnum,
3327 5394 3456 5444 Am-

1878 5482 2211 5551 philochium
2241 5481 2432 5546 lcouii,
2456 5479 2762 5535 Palladium
2785 5480 3204 5547 Ctesariensem,
3233 5492 3286 5537 et
3316 5483 3455 5537 alios

1879 5573 2214 5642 quibuscum
2238 5572 2559 5628 Theodorus
2585 5572 2857 5637 consedit,
2882 5587 2946 5627 ac
2970 5574 3297 5627 sententiam
3320 5573 3457 5627 dixit

1877 5665 1929 5717 iu
1953 5664 2569 5734 Constantinopolitano
2599 5662 2875 5719 celebrato
2902 5664 3329 5736 imperatoribus
3349 5664 3463 5720 Ar-
