3994 6510
507 278 629 335 103'

1296 274 1386 329 EX
1428 271 1677 329 LEONIS
1714 272 1989 329 ALLATII
2028 273 2347 327 DIATRIBA
2393 274 2476 327 DE
2517 272 2934 329 THEODORIS.

3661 266 3761 322 10!

502 396 665 451 cadio
699 394 945 459 tertium,
990 401 1047 449 et
1098 389 1342 448 llonorio
1389 391 1694 447 secundum
1734 391 2082 455 consulibus,
2115 395 2157 450 Α
2186 391 2453 460 propheta:
2476 404 2680 445 centum
2706 399 2753 443 et
2776 386 3157 459 quinquaginta
3184 382 3283 453 (b),
3312 398 3535 453 quorum
3564 383 3761 453 singuli

504 488 716 544 scilicet
762 487 925 557 paulo
981 493 1107 540 ante
1154 498 1317 552 quam
1354 482 1597 540 Joannes
1645 484 2082 554 Chrysostomns

505 579 763 634 Ecclesia
784 575 1396 645 Constantinopolitanae
1422 575 1959 633 administrationem
1984 590 2078 628 ca-

505 678 775 741 pesseret.

582 762 993 831 Subjungamus
1035 759 1141 814 hoc
1172 774 1393 829 quoque
1422 756 1697 812 :Roberto
1736 756 1985 810 Balioreo
2027 754 2081 810 in

504 853 952 907 adnotationibus
1000 855 1069 905 ad
1112 850 1444 906 Theodorum
1494 849 1814 903 Raithenum
1866 848 2084 903 videtur

506 945 646 997 alius
694 957 819 997 esse
854 941 1176 997 Theodorus
1220 941 1663 1010 Mopsuestenus,
1713 952 1877 1009 quem
1922 938 2084 1006 pleno

506 1049 602 1086 ore
640 1030 985 1101 Nicepliorus
1018 1032 1109 1086 lib.
1144 1048 1233 1085 xiv
1262 1029 1465 1083 Εειυιει
1500 1029 1692 1082 histor.
1747 1042 1873 1096 cap.
1902 1027 1991 1090 30,
2027 1034 2083 1081 et

507 1123 887 1179 Theodoretus
931 1124 1027 1178 lib.
1077 1138 1111 1173 ν
1139 1133 1385 1177 extremo
1432 1120 1675 1175 laudant.
1734 1118 1849 1174 lloc
1898 1128 2082 1173 tamen

507 1231 575 1269 ex
630 1216 698 1270 iis
729 1229 851 1284 qua:
874 1213 1113 1268 diximus
1150 1210 1347 1266 falsum
1388 1224 1510 1264 esse
1542 1207 1989 1278 deprehenditur,
2030 1212 2084 1258 et

510 1306 856 1376 potissimum
874 1320 1000 1358 eum
1020 1304 1087 1358 ad
1108 1312 1350 1371 tempora
1375 1301 1579 1372 quintze
1601 1299 1871 1370 generalis
1889 1296 2081 1368 synodi

508 1398 693 1451 nullus
724 1396 865 1450 alius
904 1394 1068 1448 fuerit
1117 1393 1534 1462 Mopsuestenus
1566 1390 1909 1451 Theodorus,
1938 1403 2080 1458 prae-

510 1498 593 1542 ter
638 1490 806 1547 hunc,
845 1486 1011 1554 idque
1056 1484 1273 1538 abunde
1323 1483 1615 1552 probatum
1667 1485 1739 1536 sit
1780 1481 1832 1535 in
1874 1481 2083 1550 synodo

512 1579 932 1648 Mopsuestena;
983 1577 1032 1630 id
1074 1575 1218 1644 quod
1268 1575 1512 1643 episcopi
1549 1574 1804 1627 secunda:
1844 1570 2080 1626 Cilicum

520 1670 834 1737 provincia),
867 1678 921 1723 et
946 1670 1130 1738 plures
1162 1668 1254 1719 alii
1283 1683 1348 1721 ex
1378 1666 1651 1735 diplychis
1684 1664 2083 1732 dmpsucstenie

510 1762 787 1821 Ecclesiae,
812 1771 865 1819 et
894 1760 1405 1829 probatissimorum
1442 1758 1722 1811 hominum
1753 1756 2083 1809 testimoniis

510 1854 769 1919 probant,
808 1850 1079 1904 Theodori
1130 1849 1351 1911 veteris,
1404 1847 1552 1902 illius
1592 1847 1807 1901 scilicet
1863 1846 1930 1900 de
1975 1861 2083 1914 quo

510 1957 658 1995 nunc
689 1941 1010 2003 scribimus,
1037 1939 1242 1993 nullam
1279 1953 1401 1993 esse
1438 1938 1799 1997 mentionem;
1838 1944 1891 1990 et
1918 1938 2082 1989 alium

508 2031 886 2090 Theodorum,
917 2032 1008 2098 qui
1036 2030 1090 2084 in
1124 2030 1227 2083 line
1252 2026 1636 2097 diptychorum
1670 2029 1910 2097 scriptus
1940 2036 2081 2089 erat,

512 2139 578 2175 ex
625 2122 837 2175 Galatia
882 2121 1197 2182 oriundum,
1250 2126 1376 2172 ante
1422 2126 1535 2174 tres
1586 2134 1759 2172 annos
1808 2127 2083 2172 mortuum

512 2210 702 2263 fuisse.
740 2209 878 2277 lirgo
904 2208 970 2261 de
1012 2209 1113 2260 hoe
1140 2205 1384 2260 secundo
1419 2220 1524 2257 non
1555 2214 1685 2258 sunt
1717 2204 1881 2257 verba
1909 2204 2086 2257 Theo-

510 2298 708 2351 doreti.
742 2298 843 2361 Qui
877 2297 1019 2350 enim
1070 2303 1150 2347 tot
1187 2303 1312 2348 ante
1356 2308 1529 2346 annos
1574 2292 1889 2353 defunctus,
1925 2294 2086 2362 hujus

511 2387 613 2439 sub
637 2381 949 2438 Justiniano
980 2384 1213 2437 viventis
1250 2383 1565 2435 meminisse
1602 2382 1817 2451 potuit?
1853 2381 1915 2435 Et
1960 2399 2083 2438 cum

511 2493 685 2545 usque
720 2476 786 2529 ad
839 2476 1001 2544 hujus
1049 2474 1375 2529 recentioris
1411 2489 1653 2542 tempora
1707 2476 1894 2528 nullus
1943 2476 2084 2529 alius

513 2569 697 2631 fuerit,
722 2576 869 2622 certa
896 2574 1025 2620 sunt
1053 2564 1383 2619 Theodoreti
1415 2567 1579 2620 verba
1604 2567 1671 2621 de
1701 2576 1881 2620 vetere
1915 2566 2087 2619 Theo-

510 2660 645 2713 doro
703 2658 1103 2727 Mopsuesteno.
1152 2655 1492 2725 Nieephorus
1534 2658 1699 2711 verba
1744 2656 2079 2712 Theodoreti

510 2758 564 2800 et
615 2750 938 2803 sententiam
982 2748 1264 2809 cxscribit,
1312 2764 1486 2816 neque
1521 2749 1587 2802 de
1628 2749 1739 2802 alio
1777 2764 2081 2803 sermonem

512 2840 691 2901 habet,
724 2856 889 2909 quam
915 2840 983 2894 de
1012 2856 1122 2908 quo
1153 2840 1533 2896 Tlieodoretus
1570 2843 1685 2909 ipso
1725 2844 1939 2896 loeutus
1967 2842 2083 2897 lue-

510 2940 612 2983 rat.
650 2929 910 2984 Facessat
956 2930 1122 2999 igitur
1152 2931 1296 2985 alius
1327 2932 1415 2984 hic
1457 2930 1780 2985 Theodorus
1811 2935 2083 2988 recentior

2184 494 2433 538 constant
2483 483 2699 553 triginta
2744 480 3020 547 capitibus.
3075 476 3211 531 Item
3270 476 3649 544 expositionem
3707 476 3762 529 in

2184 576 2425 645 quinque
2462 575 2630 629 libros
2676 571 2904 643 Moysis,
2937 585 3096 640 quam
3129 568 3298 620 tribus
3354 566 3657 633 complexus
3685 574 3763 619 est

2184 669 2361 727 tomis,
2396 667 2587 719 mirum
2626 665 2678 717 in
2714 663 2929 716 ntodum
2972 661 3359 719 elucubratam,
3400 656 3467 709 ad
3507 670 3761 725 magnum

2182 760 2483 829 Alpbteum.
2518 756 2762 810 Psalmos
2807 769 3006 824 quoque
3052 748 3269 803 Dauidis
3311 748 3548 815 exposuit
3595 748 3761 799 tribus

2186 848 2359 910 libris,
2404 847 2471 902 ad
2511 846 2812 901 Cerdonem
2844 854 2898 897 et
2926 844 3147 897 fratrem
3192 840 3332 908 ejus.
3386 837 3442 891 In
3474 836 3761 891 duodecim

2186 939 2482 1010 prophetas
2528 937 2735 991 duobus
2783 936 2936 987 tomis
2982 942 3362 987 commentatus
3405 939 3505 991 est,
3550 927 3617 983 ad
3643 944 3763 983 mar

2184 1034 2398 1106 Tyrium
2452 1030 2544 1097 (c).
2612 1029 2669 1082 In
2722 1026 3028 1081 Samuelcm
3087 1031 3468 1078 commentatus
3522 1030 3596 1073 est
3660 1034 3763 1069 uno

2184 1130 2345 1183 tonio,
2376 1120 2442 1172 ad
2474 1118 2892 1172 Mamarianum.
2926 1115 2981 1170 ln
3010 1114 3203 1169 Jobum
3234 1130 3434 1182 quoque
3462 1110 3664 1163 duobus
3684 1118 3763 1162 to-

2183 1211 2305 1272 mis,
2324 1211 2387 1262 ad
2406 1208 2666 1279 Cyrillum
2691 1206 3204 1262 AlexandrinumJn
3230 1204 3593 1259 Ecclesiasten
3610 1204 3764 1256 unico

2182 1302 2316 1355 libro
2339 1310 2721 1354 commentatus
2736 1310 2836 1367 est,
2857 1300 3163 1367 deprecante
3186 1297 3497 1368 Porphyrio.
3513 1296 3763 1363 Exposuit

2180 1396 2338 1447 etiam
2402 1392 2629 1453 Isaiam,
2671 1390 3013 1453 Ezechielem,
3048 1388 3332 1443 Jeremiam
3378 1400 3423 1442 et
3473 1387 3762 1449 Danielem,

2182 1484 2417 1554 singulos
2448 1484 2670 1554 singulis
2699 1484 2851 1536 tomis
2882 1484 3247 1551 complectens,
3270 1481 3455 1551 quibus
3484 1482 3637 1549 ﬁnem
3666 1481 3765 1531 im-

2180 1578 2353 1644 posuit
2388 1576 2499 1630 suis
2540 1574 3023 1628 elucubrationibus
3048 1574 3100 1627 in
3135 1571 3302 1627 Vetus
3328 1570 3759 1625 Testamentum.

2188 1668 2500 1721 Mttttlta'um
2546 1683 2649 1720 uno
2693 1669 2935 1734 exposuit
2984 1678 3147 1729 tonio,
3195 1665 3259 1717 ad
3303 1662 3525 1726 Julium;
3565 1660 3763 1713 Lucam

2185 1778 2301 1815 vero
2338 1770 2386 1814 et
2416 1759 2676 1814 Joannem
2722 1759 2923 1811 duobus
2965 1759 3141 1820 tomis,
3175 1757 3238 1811 ad
3275 1754 3591 1819 Eusebium;
3625 1758 3761 1806 Acta

2186 1852 2540 1919 apostolorum
2572 1867 2675 1903 uno
2702 1851 3001 1915 complexus
3031 1859 3107 1902 est
3156 1859 3320 1908 torno,
3367 1847 3431 1899 ad
3478 1845 3759 1909 Basilium;

2187 1942 2481 2011 Epistolam
2516 1941 2583 1995 ad
2616 1940 2881 1994 Romanos
2905 1941 3169 2009 exposuit,
3202 1940 3324 1991 item
3354 1937 3418 1988 ad
3444 1935 3757 1997 Eusebium;

2186 2036 2382 2089 Ambas
2426 2051 2544 2088 vero
2596 2033 2867 2100 Epistolas
2898 2033 2965 2085 ad
3012 2031 3311 2087 Corinthios
3359 2028 3562 2080 duobus
3605 2027 3759 2077 tomis

2183 2126 2423 2193 exposuit
2461 2141 2523 2176 ac
2569 2124 2906 2186 dilucidavit,
2964 2122 3271 2189 deprecante
3332 2119 3617 2172 Theodoro.
3654 2114 3761 2166 I'Iu-

2185 2219 2405 2271 stratius
2447 2218 2522 2284 (d)
2554 2216 2833 2284 postulavit
2866 2215 3237 2283 expositionem
3263 2220 3489 2281 quatuor
3512 2210 3761 2275 epistola-

2186 2322 2304 2358 rum
2325 2321 2454 2373 quas
2489 2314 2994 2357 commemoraturus
3032 2319 3170 2363 sunt,
3207 2316 3384 2368 nempe
3417 2296 3667 2366 Epistolw
3695 2296 3760 2347 ad

2187 2396 2430 2456 Galatas,
2475 2405 2521 2448 et
2573 2395 2640 2448 ad
2674 2395 2952 2463 Ephesios,
2981 2404 3029 2448 et
3062 2393 3129 2447 ad
3180 2393 3553 2459 Philippenses,
3604 2387 3761 2442 et.ad

2185 2486 2546 2542 Colossenses.
2568 2486 2734 2541 Binas
2755 2495 2930 2540 autem
2951 2486 3022 2539 ad
3049 2485 3559 2545 Thessalonicenses,
3580 2479 3758 2550 depre-

2183 2586 2336 2630 cante
2364 2575 2564 2629 Jacobo
2605 2576 2866 2643 exposuit.
2932 2574 3060 2627 Itent
3107 2574 3241 2626 duas
3292 2571 3360 2624 ad
3407 2571 3758 2629 Timotheum,

2185 2667 2511 2737 supplicante
2537 2665 2731 2730 Petro;
2762 2677 2809 2720 et
2832 2664 3138 2735 deprecante
3162 2663 3358 2733 Cyrino
3382 2670 3759 2715 commentatus

2183 2770 2259 2815 est
2285 2761 2338 2811 in
2370 2757 2639 2826 Epistolas
2672 2758 2739 2810 ad
2777 2756 2974 2819 Titum,
3002 2768 3050 2807 et
3097 2755 3474 2809 Philemonem.
3525 2753 3762 2805 Direxit-

2183 2867 2279 2921 que
2305 2851 2373 2902 ad
2398 2850 2637 2903 eumdem
2682 2850 3086 2902 commentarios
3135 2849 3187 2901 iu
3218 2846 3511 2916 Epistulam
3550 2847 3621 2899 ad
3661 2844 3764 2898 lle-

2184 2943 2389 3008 bracas;
2419 2941 2648 3010 adeoque
2674 2942 2897 3010 quinque
2940 2942 3093 2993 tomis
3134 2940 3383 3007 imposuit
3415 2940 3572 3006 ﬁnem
3615 2954 3759 2990 com-

509 3037 538 3074 a
565 3022 811 3076 Balloreo
834 3030 889 3077 et
915 3022 1039 3077 aliis
1060 3022 1422 3092 excogitatas,
1451 3030 1506 3077 et
1542 3031 1824 3092 tantopere
1849 3038 1880 3077 a
1905 3022 2085 3081 Theo-

2194 3035 2467 3088 mentariis
2496 3034 2548 3087 in
2575 3032 2845 3097 Epistolas
2870 3033 3131 3101 Apostoli.
3159 3030 3481 3097 Conscripsit
3504 3040 3760 3098 pra'terca

509 3115 702 3170 doreto
730 3115 1002 3170 laudatus.

582 3203 755 3273 llujus
785 3214 1041 3274 prseterea
1062 3203 1331 3261 Theodori
1357 3206 1502 3272 (nam
1524 3207 1627 3261 erit
1649 3222 1830 3277 Operae
1852 3208 2084 3277 pretium

511 3297 616 3351 hoc
643 3298 924 3359 adnotare,
958 3298 1071 3351 sive
1103 3298 1172 3351 ob
1227 3297 1603 3353 Nestorianam
1656 3298 1928 3363 haeresim,
1971 3301 2087 3357 sive

510 3390 582 3443 ob
611 3389 773 3442 aliam
802 3389 1047 3457 causam)
1076 3388 1217 3457 apud
1243 3388 1411 3459 Syros
1441 3397 1587 3442 tanta
1629 3389 1731 3444 fuit
1765 3393 2085 3457 auctoritas,

510 3490 563 3535 et
593 3482 792 3541 cultus,
826 3488 883 3534 ut
924 3495 1085 3549 quam
1121 3482 1353 3549 plurima
1404 3481 1549 3535 illius
1582 3482 1633 3535 in
1672 3484 1946 3552 propriam
1980 3485 2086 3538 lia-

511 3587 672 3641 guam
708 3573 1109 3626 transtulerint.
1152 3571 1411 3637 Quaenam
1446 3587 1573 3626 vero
1608 3573 1699 3626 illa
1748 3574 1968 3639 iuerint,
2014 3574 2087 3628 Ε-

511 3664 731 3717 hediesu
771 3664 1057 3731 episcopus
1106 3662 1264 3717 Saba:
1308 3672 1364 3716 et
1409 3662 1678 3717 Armeniae
1727 3664 1781 3716 in
1830 3663 2086 3735 Catatogo

511 3756 767 3809 librorum
794 3756 1295 3815 ecclesiasticorum,
1319 3769 1481 3824 quem
1528 3755 1618 3809 ille
1648 3756 1871 3825 scripsit
1902 3756 2085 3826 lingua

511 3845 755 3915 Syriaca.
786 3845 839 3898 in
872 3844 1013 3898 hunc
1043 3844 1262 3898 modum
1296 3844 1587 3914 expressit.
1622 3843 1798 3899 Verba
1828 3846 1975 3901 illius
2004 3847 2081 3901 ita

507 3936 744 3991 reddidit
773 3937 1077 4005 linguarum
1118 3936 1462 3990 orientalium
1497 3937 1861 4006 peritissimus
1904 3938 2078 3993 Abra-

508 4028 702 4082 hamus
765 4026 1135 4082 Eechellensis
1184 4028 1303 4098 (a):
1338 4026 1642 4081 Theodorus
1696 4039 2081 4083 commentator

505 4118 796 4186 composuit
840 4117 1199 4188 quadraginta
1251 4127 1303 4173 et
1352 4135 1516 4173 unum
1565 4129 1785 4184 tomum,
1822 4123 1917 4191 qui
1956 4132 2078 4177 sunt

578 4223 657 4295 (ᾳ)
680 4220 1555 4295 Ιὶθοιιύἰῑ-νρειοῃίθωεηᾶθιίρτεηι
1580 4224 1725 4295 hunc
1745 4224 2071 4295 cataloguni,

506 4292 759 4359 natisque
789 4293 1035 4360 plurimis
1079 4294 1367 4346 illustravit
1412 4292 1525 4346 .los.
1558 4294 1692 4346 Situ.
1743 4292 2077 4350 Assemauus

2184 3126 2378 3181 librum
2434 3124 2509 3179 De
2568 3126 2946 3187 sacramentis,
3000 3133 3046 3177 et
3082 3122 3151 3178 De
3207 3125 3308 3177 lide
3356 3123 3545 3180 alium,
3598 3136 3760 3173 unum

2184 3228 2383 3272 tomum
2415 3215 2491 3271 De
2537 3215 2864 3276 sacerdotio,
2914 3227 2962 3269 et
3008 3215 3140 3267 duos
3190 3212 3263 3266 De
3302 3213 3505 3283 Spiritu
3544 3223 3758 3273 sancto,

2183 3326 2348 3364 unum
2401 3308 2473 3362 De
2532 3307 2927 3368 incarnatione,
2980 3306 3111 3358 duos
3166 3314 3353 3357 contra
3412 3304 3756 3356 liunomium.

2186 3401 2320 3458 Item
2354 3404 2485 3455 duos
2515 3409 2703 3455 contra
2730 3406 3034 3455 asserentes
3070 3401 3121 3451 in
3149 3398 3264 3467 ipsa
3298 3408 3489 3449 natura
3518 3394 3755 3463 positum

2181 3510 2305 3550 esse
2348 3501 2671 3563 peccatum:
2706 3493 2837 3546 duos
2881 3490 3028 3561 (tres)
3064 3499 3254 3545 contra
3298 3489 3551 3559 magiam,
3596 3502 3756 3538 unum

2183 3584 2249 3637 ad
2290 3582 2613 3643 monachos,
2644 3598 2807 3636 unum
2841 3580 2907 3635 de
2947 3579 3185 3632 obscura
3236 3575 3529 3637 locutione,
3591 3590 3753 3627 unum

2185 3674 2259 3727 De
2286 3656 2619 3744 perfectione
2640 3685 2866 3740 operum
2890 3670 2981 3739 (e),
3011 3671 3238 3740 quinque
3254 3667 3516 3721 adversus
3539 3678 3636 3718 eos
3662 3661 3753 3725 qui

2188 3766 2507 3837 Seripturas
2528 3766 2756 3835 ﬁgurate
2785 3766 3232 3833 interpretantur,
3272 3778 3432 3814 unum
3468 3775 3569 3830 pro
3601 3757 3755 3809 Basi-

2186 3857 2283 3922 lio,
2309 3865 2356 3909 et
2386 3871 2548 3907 unum
2577 3853 2651 3909 De
2670 3861 2982 3909 assumente
3002 3860 3363 3922 etassumpto.
3395 3848 3528 3903 Item
3562 3847 3756 3901 librum

2185 3964 2345 4002 unum
2367 3962 2515 4016 quem
2538 3946 2805 4013 inscripsit
2833 3945 3269 4015 Margaritarum,
3295 3952 3341 3995 et
3361 3942 3511 3995 illum
3531 3940 3623 4009 qui
3640 3938 3754 4005 ejus

2182 4036 2546 4104 complectitur
2592 4034 2865 4103 epistolas.
2900 4033 3121 4087 Demum
3163 4041 3444 4085 tractatum
3478 4028 3552 4083 De
3590 4030 3753 4097 legis-

2185 4124 2408 4185 latione,
2441 4139 2542 4193 quo
2575 4122 2731 4192 linem
2769 4123 2877 4175 suis
2908 4122 3153 4189 imposuit
3175 4118 3628 4172 lucubrationibus
3657 4114 3752 4183 (ί).

2186 4224 2379 4280 Menda
2413 4223 2784 4279 Ecchellensis
2821 4240 2927 4278 non
2970 4227 3189 4293 agnovit
3224 4222 3478 4282 Allatins,
3514 4221 3752 4293 lingua-

2183 4312 2304 4349 rum
2337 4294 2710 4355 orientalium,
2742 4307 2798 4347 ut
2826 4291 3055 4354 videtur.
3088 4294 3399 4362 imperitus;
3436 4292 3596 4359 cujus
3626 4291 3752 4341 hor-

509 4361 575 4440 in.
599 4377 704 4440 sua
740 4360 1064 4440 Bibliotheca
1106 4363 1374 4440 orientali.
1412 4371 1451 4415 ι.
1488 4361 1577 4429 lll,
1622 4378 1653 4415 a
1695 4378 1804 4433 quo
1847 4366 2074 4419 meliora
2108 4387 2151 4440 D
2180 4374 2305 4440 tatu
2328 4366 2659 4440 caeteroquin
2688 4379 2747 4417 se
2778 4364 2921 4440 hunc
2947 4360 3253 4440 catalogiun
3289 4362 3526 4416 edidisse
3566 4369 3755 4414 narrat

507 4432 711 4501 aliquot
738 4432 1006 4501 sumenda
1032 4432 1291 4501 judicavi.

581 4501 657 4570 (b)
696 4500 751 4553 ld
779 4510 864 4555 est
895 4502 1013 4570 (ceu
1038 4500 1277 4569 explicat
1307 4501 1659 4567 Assemanus)
1687 4516 1917 4571 quorum
1956 4518 2075 4559 mo-

506 4570 588 4625 les
626 4579 774 4623 tanta
803 4580 911 4632 est,
944 4579 1002 4623 ut
1029 4572 1236 4624 centies
1268 4579 1324 4625 et
1361 4574 1720 4641 quinquagies
1752 4574 1920 4628 libros
1951 4588 2075 4641 pro-

506 4646 789 4710 phetarum
816 4642 1055 4693 omnium
1081 4650 1321 4710 superet.

579 4710 648 4781 (c)
690 4709 1060 4781 Ecebellensis
1094 4708 1296 4781 Turini,
1329 4710 1662 4766 Asscmanus
1688 4728 1803 4763 mar
1830 4710 2069 4781 Tyrium.

507 4778 923 4851 Ego'suspicog
958 4780 1264 4851 legendum,
1304 4796 1403 4850 pro
1447 4781 1674 4851 Syriaco
1722 4778 1891 4834 titulo'
1932 4799 2069 4844 mar,

506 4847 849 4917 Martyrium.
883 4847 1095 4902 Etenim
1136 4847 1450 4919 Marty'rius,
1490 4847 1581 4919 qui
1620 4851 1720 4904 fuit
1744 4850 1945 4905 deinde
1977 4868 2073 4921 pa-

508 4921 751 4973 triarcha
816 4921 1208 4991 Alitioclietiits,
1258 4936 1483 4991 pertaesus
1546 4922 1647 4974 luit
1710 4921 2070 4991 laudatorque

505 4988 906 5059 Chrysostomi,
940 4988 1169 5057 ideoque
1194 4990 1359 5043 etiam
1405 4988 1791 5057 Mopsuesteno
1825 4988 2063 5045 Ctiltlt’lll-

508 5058 798 5127 poraneus.
838 5058 1077 5113 Consule
1120 5068 1363 5113 nostram
1414 5059 1617 5112 Novam
1663 5061 1898 5112 biblioth.
1950 5060 2065 5117 PP.

506 5128 594 5200 lY.
618 5130 709 5181 ubi
729 5137 815 5200 est
839 5143 966 5195 pars
987 5130 1297 5200 panegyrici
1322 5132 1373 5182 in
1396 5130 1848 5200 Chrysostomum
1871 5132 1940 5184 ab
1966 5131 2069 5184 hoc

502 5199 769 5267 Martyrio
797 5199 948 5251 dicti.
988 5199 1132 5253 Sane
1168 5198 1324 5252 Turis
1357 5198 1659 5254 monachus
1695 5204 1893 5268 legitur
1924 5200 2067 5268 apud

503 5271 822 5339 μιοίιιάιειιηιι
872 5270 1273 5323 Ecchellensem
1313 5286 1363 5338 p.
1394 5269 1480 5327 75.
1532 5272 1627 5324 sed
1669 5271 1874 5324 omittit
1922 5270 2067 5325 hunc

502 5338 858 5397 Assemanus.
898 5341 988 5407 qui
1020 5354 1143 5392 eum
1170 5340 1410 5392 scribere
1433 5338 1709 5392 debuisset
1735 5341 1877 5392 inter
1904 5354 2087 5407 capp.

502 5410 571 5460 87
595 5417 647 5461 et
677 5408 762 5461 88.
796 5407 994 5463 Omisit
1025 5418 1229 5471 autem,
1263 5410 1660 5475 quia‘errorem
1692 5424 1813 5463 esse
1847 5413 2066 5474 agnovit

506 5477 893 5537 Ecchellensis,
931 5480 997 5534 de
1040 5480 1199 5546 cujus
1240 5480 1365 5533 aliis
1401 5478 1615 5533 mendis
1659 5478 1915 5532 admonet
1963 5494 2065 5535 nos

503 5556 647 5618 tonio
681 5549 935 5618 pracdicto
967 5565 1018 5618 p.
1060 5550 1081 5601 ί
1120 5558 1175 5603 et
1206 5549 1259 5603 4.

575 5617 651 5685 (tl)
694 5616 940 5670 I'Istratea
968 5616 1219 5673 ‘Allatius
1262 5634 1326 5673 ex
1365 5617 1703 5672 Ecchellensi
1750 5633 1799 5685 p.
1836 5617 1927 5681 29,
1968 5619 2059 5685 qui

502 5685 665 5738 etiam
702 5686 756 5738 in
790 5686 1045 5756 indiceid
1080 5688 1333 5742 mendum
1362 5688 1709 5756 repetiverat,
1736 5703 1845 5756 quo
1872 5703 2061 5741 errore

502 5774 567 5809 ex
597 5765 887 5811 intecenate
935 5754 1229 5823 Eustratio,
1261 5756 1388 5812 fecit
1429 5754 1729 5811 Estrateam
1757 5754 2055 5814 auclmem.

2182 4435 2552 4489 Eccliellensis
2588 4435 2643 4487 in
2676 4434 2830 4502 praef.

2250 4506 2316 4573 (e)
2358 4503 2729 4574 I'Ieehellensis
2768 4504 2844 4558 De
2881 4505 3198 4571 perfectione
3240 4502 3531 4574 regiminis.

2249 4572 2325 4642 (Γ)
2368 4574 2438 4627 De
2480 4572 2843 4641 Mopsiiesteni
2893 4576 3113 4642 scriptis
3157 4572 3348 4627 sedqu
3386 4587 3484 4625 nos
3530 4584 3751 4642 qiioqne

2172 4639 2413 4698 disiinus
2457 4643 2510 4695 in
2562 4639 2713 4710 pm.
2760 4645 2889 4696 Iomi
2942 4645 2958 4695 Ι
3005 4639 3203 4712 prioris
3247 4642 3501 4697 editionis
3552 4639 3746 4707 Script.

2174 4725 2297 4773 σει..
2334 4729 2399 4767 ex
2435 4728 2546 4781 quo
2574 4715 2693 4765 loco
2727 4729 2835 4766 non
2868 4723 3166 4766 memorata
3202 4714 3460 4765 nonnulla
3486 4712 3747 4781 cognosci

2175 4779 2503 4853 possuntab
2529 4782 2747 4853 Allatio,
2779 4791 2831 4837 et
2862 4784 3130 4850 prmeipue
3153 4800 3215 4835 ex
3242 4783 3401 4853 Fabr.
3438 4796 3562 4833 cum
3596 4779 3749 4834 llarl.

2173 4851 2235 4907 Β.
2264 4853 2325 4907 G.
2349 4861 2387 4905 t.
2412 4852 2477 4911 Χ,
2498 4868 2549 4922 p.
2570 4851 2673 4905 346
2699 4868 2845 4921 sqq.,
2878 4853 2929 4905 id
2954 4861 3035 4905 est
3071 4853 3308 4921 liturgia,
3333 4851 3575 4921 hymnus.
3601 4866 3747 4915 qua:-

2172 4925 2365 4977 stiones
2399 4922 2623 4982 biblicte,
2659 4924 3065 4975 commentarius
3096 4923 3149 4973 in
3184 4922 3446 4975 Marcum.
3478 4922 3543 4972 de
3578 4922 3745 4971 mira-

2171 4996 2305 5046 culis
2355 4991 2576 5045 Christi.
2636 4992 2766 5045 ltem
2829 5006 2930 5045 nos
2987 4992 3180 5057 Script.
3237 5004 3331 5045 ret.
3394 4990 3505 5048 VII,
3544 5006 3595 5059 p.
3655 4990 3742 5046 73.

2172 5061 2531 5132 fragmentum
2588 5062 2914 5132 protulimus
2964 5061 3238 5132 Geobtbpoo
3289 5062 3415 5131 περὶ
3447 5061 3746 5132 Nestopu-

2171 5129 2299 5192 νῶῦ,
2341 5133 2431 5200 qui
2468 5140 2648 5183 tamen
2682 5131 2984 5185 liaithenus
3023 5129 3286 5200 l'ortasse,
3324 5129 3431 5183 non
3491 5129 3743 5200 Mopsue-

2171 5199 2380 5261 stenus,
2416 5200 2801 5269 intelligendus
2848 5211 2953 5255 est.
3008 5199 3143 5253 Tum
3196 5216 3328 5255 vero
3380 5203 3431 5253 in
3487 5209 3636 5251 tomo
3680 5199 3743 5252 Vl

2170 5272 2365 5336 Script.
2400 5282 2497 5325 vet.
2540 5278 2663 5337 post
2689 5273 3114 5325 commentarios
3143 5273 3194 5322 in
3232 5287 3305 5323 χιι
3340 5274 3565 5324 minores
3617 5286 3743 5337 pro-

2166 5342 2372 5406 phetas,
2402 5342 2506 5393 alia
2538 5338 2907 5408 Mopsuesteni
2935 5341 3153 5408 copiosa
3180 5340 3481 5408 fragmenta
3510 5343 3744 5394 attexui-

2170 5426 2313 5471 mus,
2355 5425 2476 5477 quae
2516 5423 2703 5477 poswa
2747 5410 2899 5478 plena
2954 5426 3112 5463 manu
3157 5410 3490 5463 cumulaturi
3523 5425 3737 5463 sumus.

2167 5478 2299 5532 Item
2355 5488 2484 5530 tom.
2521 5478 2558 5539 l,
2601 5480 2653 5531 in
2689 5483 2779 5531 cit.
2836 5480 2988 5548 praef.
3048 5481 3288 5534 diximus
3317 5494 3480 5547 quam
3534 5479 3739 5531 frustra

2167 5548 2322 5601 multi
2352 5548 2591 5602 dixerint
2613 5548 2783 5617 (nunc
2813 5558 2991 5603 tainen
3032 5551 3290 5602 Allatium
3318 5549 3553 5617 excipio)
3588 5548 3737 5617 Mopo

2167 5629 2481 5672 suestenum
2514 5619 2805 5686 scripsisse
2837 5619 3025 5673 decem
3065 5620 3233 5672 millia
3272 5620 3556 5671 librorum.
3602 5618 3735 5682 Quis

2168 5689 2311 5759 enim
2341 5686 2453 5754 jam
2488 5691 2684 5751 nescit,
2719 5690 3013 5759 myriadem
3052 5689 3161 5742 dici
3194 5706 3221 5739 a
3255 5687 3456 5743 Graecis
3493 5704 3592 5757 pro
3623 5690 3733 5759 plu-

2168 5758 2306 5811 rimo
2333 5771 2581 5823 numero,
2623 5766 2681 5813 ut
2715 5772 2743 5811 a
2781 5758 2992 5813 Latinis
3023 5769 3265 5813 sexcenta
3289 5762 3314 5812 Ρ

2871 4450 2923 4502 p.
2953 4434 3044 4488 27.
