3934 6572
189 366 3351 423 ,,----------------------·Β
763 398 3286 419 W

194 406 1267 438 W—

225 729 290 761 "‘
723 700 1530 829 THEODORI
1641 697 2740 826 MOPSUESTENI

1410 979 2051 1045 COMMENTARIUS

462 1215 596 1327 lN
658 1208 1394 1328 DUODECIM
1477 1206 2326 1322 PROPHETAS
2409 1203 3043 1319 MINORES

1079 1631 1354 1721 ANG.
1453 1627 1716 1719 MAII
1784 1626 2422 1721 PBIEFATIO

545 1871 783 1936 (Preﬁxa
806 1869 1010 1920 editioni
1034 1869 1217 1920 Grece
1242 1869 1358 1917 anni
1387 1864 1512 1915 1852
1532 1864 1584 1915 in
1609 1862 1919 1929 Scriptorum
1944 1873 2160 1917 veterum
2184 1880 2307 1919 nova
2330 1865 2643 1930 Cottectione,
2674 1874 2789 1918 tom.
2812 1868 2926 1932 Vl.)

1729 2081 1800 2094 υ.

227 2234 257 2289 l.
284 2231 538 2287 Theodori
574 2228 929 2300 Mopsuestia
977 2242 1218 2297 episcopi
1249 2226 1671 2282 Commentarios
1709 2226 1782 2281 ad
1811 2226 2182 2296 prophetarum
2218 2225 2269 2279 X
2279 2225 2333 2279 11
2343 2267 2361 2291 ,
2393 2241 2531 2296 quos
2562 2226 2803 2281 minores
2826 2226 3084 2293 dicimus,
3125 2223 3373 2282 vaticinia

170 2336 268 2380 ante
286 2322 616 2392 septennium
639 2318 799 2374 edere
829 2315 972 2387 ccepi
992 2357 1007 2380 ,
1035 2316 1318 2386 impressis
1341 2316 1593 2372 videlicet
1614 2316 1793 2372 tribus
1817 2317 2185 2378 brevioribus,
2214 2332 2338 2370 cum
2374 2316 2612 2387 prologis
2646 2318 2876 2387 aliquot.
2906 2317 3062 2375 Nunc
3101 2320 3372 2391 integrum

170 2420 279 2472 tanti
306 2415 613 2487 interpretis
643 2428 781 2483 opus
806 2410 1076 2476 editurus,
1119 2412 1243 2468 illas
1272 2427 1494 2483 quoque
1527 2412 1761 2469 leviores
1794 2422 1978 2482 partes
2007 2413 2363 2468 associandas
2391 2414 2598 2481 putavi,
2648 2429 2717 2469 ne
2758 2413 3078 2472 Theodorus
3125 2417 3377 2473 videlicet

178 2527 253 2566 sua
280 2509 499 2564 membra
532 2505 838 2568 desideret,
870 2518 994 2573 quae
1028 2504 1084 2558 in
1126 2505 1262 2559 tomi
1311 2504 1743 2575 angulojantdiu
1777 2503 2028 2559 distracti
2066 2504 2354 2567 collocata,
2386 2512 2440 2559 et
2468 2520 2592 2559 cum
2622 2505 2763 2561 idem
2814 2517 2993 2564 tomus
3018 2508 3376 2563 recuderetur

173 2604 354 2665 omissa,
394 2598 650 2668 nuspiam
694 2594 1064 2666 quaerentibus
1106 2595 1264 2650 hodie
1304 2602 1590 2666 apparent.
1640 2592 1754 2649 Hoc
1801 2602 2061 2663 suscepto
2094 2595 2352 2661 consilio,
2401 2595 2487 2648 illa
2528 2595 2735 2665 pariter
2774 2601 3024 2666 prooemii
3070 2599 3173 2653 mei
3222 2611 3378 2669 repe—

174 2693 299 2747 tenda
330 2706 448 2761 pars
481 2690 613 2751 fuit,
646 2701 767 2757 qua:
791 2685 859 2742 de
892 2689 995 2744 hoc
1024 2688 1299 2745 Theodori
1329 2706 1495 2760 Opere
1528 2689 1792 2759 loquitur,
1836 2690 2207 2760 praetermissa
2258 2699 2437 2745 tamen
2473 2691 2540 2746 de
2579 2693 2807 2762 reliquis
2834 2694 3079 2764 ejusdem
3115 2697 3377 2765 operibus

170 2792 506 2863 disputatione.
533 2786 863 2842 Theodorus
898 2786 1065 2857 igitur
1087 2786 1254 2842 nobili
1281 2802 1479 2855 genere
1505 2789 1811 2843 Antiochiae
1847 2796 2010 2843 natus
2037 2797 2140 2853 est,
2168 2787 2384 2843 Libanii
2410 2789 2466 2843 in
2497 2789 2837 2858 eloquentia,
2875 2790 3119 2846 Flaviani
3159 2807 3225 2846 ac
3252 2793 3379 2849 Dio-

174 2886 263 2938 dori
294 2894 341 2939 et
377 2882 616 2938 Carterii
641 2881 695 2934 in
736 2876 1007 2947 theologia
1035 2875 1361 2946 discipulus,
1404 2877 1799 2947 philosophicis
1845 2892 2065 2947 quoque
2091 2878 2362 2933 doctrinis
2395 2879 2612 2933 abunde
2645 2883 2965 2947 instructus,
2996 2893 3050 2937 et
3082 2884 3153 2939 ob
3192 2886 3380 2940 multi-

172 2974 328 3041 plicem
381 2974 670 3030 scientiam
723 2969 1027 3041 polyhistor
1096 2968 1311 3030 dictus,
1368 2967 1933 3041 Joan.Chrysostomi
1981 2969 2395 3039 condiscipulus
2446 2984 2512 3024 ac
2563 2968 2888 3036 familiaris;
2944 2986 3052 3041 quo
3102 2972 3382 3030 hortatore

172 3069 443 3125 Theodorus
474 3065 685 3137 prioris
713 3079 745 3117 a
779 3078 840 3118 se
861 3058 1097 3112 ‘luxurire
1126 3056 1498 3111 blandimenta
1529 3058 1773 3128 depulit;
1813 3058 2141 3115 Theodoreti
2179 3059 2411 3129 (utinam
2445 3074 2553 3113 non
2580 3068 2635 3113 et
2665 3060 2899 3116 Nestorii
2934 3077 2998 3117 ac
3037 3062 3314 3119 Barsumae
3340 3067 3378 3131 !)

173 3169 417 3237 magister;
440 3168 751 3224 haereseon,
783 3156 1049 3226 Origenis,
1078 3154 1213 3217 Arii,
1239 3154 1593 3226 Apollinaris,
1618 3154 1896 3220 Eunomii,
1922 3153 2155 3210 Persica:
2188 3156 2351 3210 etiam
2385 3156 2573 3226 magiae
2599 3164 2651 3210 et
2681 3154 2883 3210 Juliani
2907 3156 3179 3226 Apostatae
3206 3173 3385 3228 oppu-

172 3267 357 3325 gnator;
381 3258 445 3311 ab
476 3254 859 3312 Orientalibus
890 3251 1172 3323 sapientiae
1204 3266 1375 3316 mare,
1405 3262 1459 3306 et
1487 3249 1897 3321 Scripturarum
1921 3251 2193 3321 interpres
2227 3250 2347 3305 κατ’
2370 3251 2566 3321 ἐξοχὴν
2593 3251 2793 3317 dictus,
2827 3254 3094 3308 universas
3127 3253 3387 3310 Ecclesiae

175 3347 325 3401 lector
354 3346 628 3402 interdum
657 3343 979 3415 appellatus,
1014 3355 1069 3400 et
1090 3341 1266 3413 Magni
1294 3342 1530 3411 denique
1562 3351 1926 3412 cognomento
1968 3341 2204 3397 donatus
2233 3341 2332 3413 (a).
2357 3342 2533 3412 Atque
2564 3357 2667 3414 ego
2693 3342 2877 3396 statim
2911 3341 3177 3399 conﬁteor
3208 3342 3387 3399 Theo-

172 3439 263 3492 dori
294 3440 483 3507 scripta
518 3436 694 3492 variis
725 3435 1005 3489 erroribus
1047 3434 1219 3488 fuisse
1256 3448 1590 3504 conspersa;
1623 3435 1879 3504 justeque
1917 3449 2041 3489 eum
2081 3435 2137 3489 in
2185 3436 2478 3500 hareseos,
2521 3435 2569 3490 si
2610 3450 2720 3489 non
2761 3435 3096 3505 pertinacem
3146 3436 3385 3506 culpam,

172 3545 289 3592 certe
316 3540 612 3592 errantiam
647 3546 899 3589 vocatum
927 3573 941 3598 ,
988 3541 1100 3586 tum
1129 3533 1258 3602 quia
1300 3532 1356 3587 id
1403 3535 1521 3602 ipse
1552 3541 1746 3587 auctor
1779 3533 2053 3588 interdum
2088 3532 2381 3589 confessus
2422 3540 2507 3589 est
2524 3532 2620 3603 (b);
2662 3538 2779 3585 tum
2807 3531 2936 3601 quia
2964 3531 3214 3602 graviora
3263 3542 3391 3587 sunt

171 3644 301 3697 quam
335 3639 384 3683 ut
411 3629 624 3685 elevari
659 3628 872 3699 possint
911 3629 1219 3684 testimonia
1248 3628 1301 3682 in
1333 3643 1458 3684 eum
1485 3627 1631 3683 dicta
1670 3644 1699 3681 a
1734 3629 1793 3684 S.
1821 3630 2026 3701 Cyrillo
2060 3630 2115 3684 in
2149 3629 2391 3698 Epistota
2426 3628 2495 3682 ad
2534 3626 2806 3689 Proclum,
2854 3642 2885 3681 a
2923 3626 3151 3684 Leontio
3190 3626 3391 3684 Contra

176 3716 297 3772 Neu.
328 3720 417 3774 lib.
446 3737 524 3785 ut,
559 3736 593 3774 a
626 3719 859 3773 Maximo
887 3718 942 3772 in
968 3718 1251 3787 opusculis
1278 3732 1331 3787 p.
1369 3718 1460 3782 9i,
1499 3734 1529 3772 a
1555 3717 1869 3774 Justiniano
1893 3722 1948 3774 in
1984 3736 2142 3775 sacra
2175 3722 2405 3791 epistola
2450 3728 2504 3775 et
2536 3720 2589 3773 in
2636 3719 2727 3773 illa
2753 3718 3047 3789 prolixiora
3085 3735 3247 3789 quam
3280 3722 3393 3791 pri-

173 3826 268 3865 mus
290 3812 584 3868 Bandinius
619 3811 821 3879 edidit;
861 3828 892 3867 a
921 3812 1210 3868 Theodoro
1240 3812 1607 3869 Raithunensi
1645 3815 1698 3869 in
1730 3816 1999 3885 opusculo
2042 3816 2116 3871 Dc
2148 3818 2379 3882 incaru.,
2412 3832 2442 3871 a
2477 3816 2648 3870 Mario
2682 3812 2983 3869 Mercatore
3023 3815 3078 3869 in
3119 3818 3291 3884 Actis,
3324 3821 3392 3872 al.

175 3898 440 3958 Hamartolo
467 3904 523 3959 in
539 3901 820 3959 Chronico
861 3903 1089 3967 inedito,
1124 3920 1156 3958 a
1191 3902 1387 3959 Photio
1423 3902 1478 3958 in
1510 3904 1839 3959 Bibliotheca
1866 3916 1917 3959 et
1947 3906 2003 3959 in
2028 3906 2298 3975 epistolis,
2324 3913 2379 3960 et
2413 3920 2443 3958 a
2489 3910 2725 3974 generali
2750 3910 2940 3978 quinto
2985 3912 3220 3966 concilio
3263 3914 3392 3967 totis

173 3995 441 4051 actionibus
472 4004 678 4067 quarta
703 4007 757 4053 et
776 3998 987 4066 quinta,
1029 4006 1084 4052 et
1110 4012 1319 4052 canone
1347 3995 1695 4061 duodecimo,
1732 4014 1945 4053 necnon
1983 4000 2035 4051 in
2070 3997 2390 4067 pontificum
2429 4000 2787 4054 maximorum
2816 4002 2995 4071 magni
3024 4002 3268 4071 Gregorii
3296 4004 3389 4073 (ε).

174 4091 216 4134 et
236 4087 520 4151 prasertim
560 4085 771 4155 Pelagii
799 4084 839 4138 ll
863 4082 942 4155 (d)
980 4085 1264 4153 epistolis:
1294 4099 1395 4139 nec
1434 4082 1690 4155 Vigilium
1722 4096 2005 4155 praetereo,
2049 4086 2165 4155 qtti,
2196 4084 2299 4139 etsi
2343 4085 2614 4156 principio
2654 4089 2917 4145 damnare
2948 4089 3389 4159 Mopsuestenum

175 4180 336 4245 noluit,
363 4197 428 4236 ne
462 4183 741 4251 plurimos
766 4181 1058 4250 episcopos
1100 4180 1231 4233 huic
1260 4178 1507 4235 faventes
1539 4180 1761 4250 gravius
1787 4179 2104 4245 offenderet,
2146 4178 2345 4234 deinde
2388 4187 2591 4244 tamen,
2628 4182 2695 4235 ad
2720 4183 2925 4252 scripta
2952 4193 3101 4238 certe
3128 4184 3272 4254 quod
3309 4194 3392 4239 at-
3455 4248 3460 4253 ,

176 4270 303 4335 tinet,
334 4274 614 4330 damnanti
642 4276 852 4346 synodo
890 4289 1149 4329 assensus
1180 4281 1286 4339 est,
1313 4282 1475 4343 atque
1512 4290 1729 4329 errores
1754 4274 2000 4345 singulos
2028 4275 2261 4329 mirabili
2288 4276 2589 4330 constituto
2630 4280 2898 4348 coarguit.
2933 4280 3087 4336 Mitto
3122 4281 3258 4335 alios
3293 4282 3395 4334 mi-

173 4366 294 4418 noris
322 4370 645 4440 plerumque
677 4369 912 4424 nominis
951 4378 1337 4437 accusatores;
1368 4371 1527 4426 mitto
1556 4370 1853 4427 bodiernos
1887 4382 2313 4442 oppugnatores,
2344 4388 2483 4442 quos
2523 4374 2665 4429 inter
2690 4373 2966 4432 Norisium
3015 4380 3069 4433 in
3099 4377 3393 4449 Pelagiana

174 4462 393 4529 historia;
432 4469 698 4538 quamvis
723 4475 777 4523 et
809 4468 967 4522 multi
997 4468 1317 4524 defensores
1346 4478 1496 4532 sunt,
1530 4470 1834 4539 praesertim
1868 4470 2144 4525 liberioris
2192 4474 2477 4526 sententia:
2507 4472 2777 4527 homines.
2826 4470 2932 4526 Sed
2976 4470 3107 4524 mihi
3140 4468 3394 4539 equidem

172 4570 330 4620 parum
360 4562 537 4627 placet
562 4562 786 4616 illorum
820 4561 1150 4629 institutum,
1183 4566 1274 4634 qui
1302 4567 1581 4621 hominum
1611 4582 1641 4620 a
1664 4574 1846 4622 vetere
1868 4565 2113 4621 Ecclesia
2140 4567 2544 4633 damnatorum,
2575 4566 2868 4622 neotericis
2891 4564 3180 4621 conatibus
3204 4563 3395 4617 ortho-

172 4650 356 4708 doxiam
386 4658 436 4709 vi
467 4658 799 4714 obtrudunt.
826 4659 1151 4733 Quanquam
1176 4671 1230 4717 et
1250 4663 1325 4732 pii
1354 4664 1626 4718 interdum
1656 4663 1896 4733 theologi
1925 4663 1977 4716 id
2024 4664 2315 4718 consilium
2358 4666 2533 4718 secuti
2580 4667 2728 4724 sunt,
2766 4658 2841 4713 ita
2876 4665 2934 4712 ut
2980 4673 3068 4712 ex.
3100 4671 3180 4727 gr.
3208 4654 3398 4725 Orige-

172 4762 271 4799 nem
314 4750 640 4817 Halloivius,
673 4756 928 4813 Stavolus
960 4759 1138 4814 adhuc
1176 4760 1416 4815 inedittts
1455 4760 1847 4816 Caesariensem
1880 4760 2172 4817 Eusebium
2219 4761 2458 4831 copiosis
2493 4760 2714 4831 scriptis
2749 4756 3108 4814 defenderint.
3144 4753 3291 4809 Sane
3328 4755 3399 4809 ad

174 4831 506 4903 ansuesteni
538 4845 767 4897 tutelam
800 4847 1071 4904 Occidens
1098 4865 1264 4920 prape
1295 4852 1585 4906 universus
1619 4867 1741 4905 cum
1767 4852 1952 4905 Africa
1980 4852 2109 4905 olim
2135 4852 2575 4921 conspiraverat:
2616 4865 2785 4921 quare
2804 4858 2857 4903 et
2875 4846 3401 4902 tristissimumillud

170 4925 373 4982 schisnta
402 4935 617 4986 exarsit
650 4933 1000 5003 Aquileiense
1027 4939 1409 5009 episc0porum
1443 4940 1727 4995 Theodoro
1768 4941 2252 5008 patrocinantium,
2285 4940 2433 5010 quod
2465 4940 2698 4995 Romani
2732 4940 3016 5011 pontiﬁces
3056 4938 3147 4991 vix
3180 4938 3399 4991 tandem

171 5022 429 5090 aliquando
470 5038 599 5098 post
641 5045 743 5083 cur
772 5043 947 5083 annos
990 5029 1475 5097 exstinxerunt(e).
1518 5028 1657 5084 Tum
1687 5037 1907 5084 exstant
1936 5027 2180 5084 Facundi
2212 5029 2626 5086 Hermianensis
2662 5032 2715 5085 in
2753 5029 2938 5083 Africa
2966 5027 3207 5097 episcopi
3245 5029 3404 5083 volu—

171 5112 289 5166 mina
316 5115 638 5181 duodecitn,
673 5128 725 5174 et
750 5121 854 5173 alia
889 5116 998 5170 duo
1028 5119 1274 5187 ejusdem
1301 5120 1505 5189 scripta
1532 5137 1547 5186 ;
1584 5129 1638 5175 et
1663 5129 1925 5189 praeterea
1951 5121 2234 5190 complura
2263 5129 2507 5176 veterum
2539 5122 2848 5176 testimonia
2882 5127 3010 5183 sunt
3044 5117 3404 5175 (Theodoreti
3448 5174 3452 5185 ,

170 5197 356 5272 lbznque
378 5212 563 5276 puta),
592 5226 714 5279 qua:
738 5210 1026 5268 Theodoro
1050 5216 1264 5269 Iaudem
1305 5217 1612 5271 aﬂ‘undunt.
1654 5216 1760 5270 Sed
1795 5224 1945 5271 certe
1978 5217 2044 5270 ad
2075 5216 2298 5272 Latinos
2330 5218 2642 5272 laudatores
2678 5217 2821 5287 quod
2858 5217 3070 5275 attinet,
3101 5213 3406 5266 audiendus

167 5291 389 5366 Pelagius
435 5300 477 5354 ll
512 5316 651 5370 papa
695 5304 752 5356 in
780 5303 1155 5360 disertissimis
1195 5308 1262 5360 ad
1310 5306 1485 5359 Etiam
1534 5307 1898 5374 patriarcham
1946 5306 2344 5361 schismaticum
2378 5316 2431 5363 et
2465 5308 2533 5359 ad
2566 5305 2746 5360 Istria:
2769 5307 3034 5374 episcopos
3075 5301 3333 5373 tittcrisﬂ‘
3358 5299 3411 5365 )2

228 5474 295 5537 (α)
331 5474 557 5554 Socrat.
594 5494 661 5554 v._
694 5478 762 5541 ὃς
797 5477 1016 5554 S_ozom.
1048 5495 1165 5554 κρυ,
1215 5480 1284 5554 2;
1343 5479 1533 5546 Evagr.
1580 5498 1618 5543 ι,
1653 5482 1721 5549 ‘2;
1824 5484 1993 5537 berat.
2026 5483 2261 5537 Breviar.
2297 5499 2415 5554 cap.
2440 5485 2493 5539 4.

167 5537 472 5621 Facundum,
503 5548 581 5611 2;
621 5537 1018 5621 Gennadzxu;
1052 5537 1377 5604 Tlteodo'ret.
1420 5537 1563 5605 Hist.
1597 5537 1720 5604 ἐτι-ιζ

1203 5537 1377 5603 ιιοὶει.
1420 5537 1563 5605 Hist.
1597 5537 1721 5604 ξεί-ιζ
1898 5554 1968 5621 (ο)
2008 5554 2106 5621 Ep.
2140 5571 2177 5608 1.
2207 5555 2299 5615 es.
2329 5537 2389 5615 ιι’,
2422 5537 2509 5615 5t,
2544 5571 2640 5613 vn,
2672 5555 2756 5609 54.

172 5624 217 5693 ξ..
241 5614 340 5693 40;
384 5616 815 5693 LeontLAconlra
844 5614 1111 5682 Νεδιζιιι,
1154 5630 1208 5675 et
1246 5623 1321 5674 De
1356 5632 1478 5675 sect.
1514 5630 1620 5677 act.
1654 5624 1685 5675 4
1714 5641 1725 5686 ;

1405 5632 1478 5675 tct.
1514 5630 1620 5677 act.
1654 5624 1685 5675 4
1714 5641 1727 5686 ;
1901 5614 1980 5693 ((1⁷)
2024 5614 2167 5679 Hztrd
2223 5614 2426 5679 t'dncil.
2460 5634 2591 5677 tum.
2633 5624 2719 5687 Ill,
2751 5640 2801 5693 p.
2832 5624 2958 5679 450.

169 5677 367 5763 M‘ff’Pll-
408 5686 654 5763 lelv_30-
741 5756 753 5763 _
945 5758 965 5763 Δ
1099 5677 1107 5682 ⁷
1143 5760 1165 5763 μ
1252 5758 1297 5763 __
1431 5760 1445 5763 _
1546 5759 1562 5763 _
1717 5677 1727 5686 ’
1906 5677 1974 5759 ξεί
2019 5677 2257 5749 Monum.
2288 5677 2465 5763 Aquit.
2499 5694 2610 5748 ind.
2635 5677 2828 5747 cltrdn.

204 5753 483 5834 _(l1)_Apnd
534 5755 888 5834 [facundum
930 5758 989 5834 Δ6,
1037 5775 1089 5812 x.
1137 5760 1203 5825 5;
1243 5758 1731 5834 _l_i_esych._fragm.
2032 5764 2198 5819 Hard.
2236 5753 2440 5819 Concit.
2465 5774 2596 5818 tom.
2628 5763 2713 5827 Ill,
2747 5780 2797 5834 p.
2830 5763 2952 5820 430.

171 5818 280 5874 hist;
313 5818 600 5880 in'concil.
634 5826 695 5891 V,
732 5829 817 5882 ed.
847 5818 1017 5884 Colet.
1066 5818 1200 5883 tom.
1242 5829 1331 5898 lX,
1366 5819 1427 5901 'p.
1466 5818 1737 5896 248;].1—

485 5919 762 5981 ΡΑτιιοι..
813 5920 909 5979 Gn
987 5921 1200 5987 LXVI;

3099 5930 3130 5983 ι.
