3994 6522
492 336 587 390 ltl'l
1726 334 1885 391 ANG.
1928 336 2070 390 MAII
2112 334 2505 392 PREFATIO.
3640 343 3739 405 I08

490 454 668 508 Latini
694 434 935 506 homines
960 450 1255 506 Grazcitatis
1289 451 1480 521 ignari,
1515 450 1639 503 dum
1670 451 1905 520 linguam
1945 453 2208 517 nesciunt,
2265 472 2495 509 errorem
2557 452 2705 505 tarde
2741 460 3119 523 cognoverunt;
3168 471 3388 525 quorum
3421 462 3744 521 constantia.

488 566 752 620 quousque
776 565 949 603 rerum
985 556 1373 617 cognoscerent,
1405 564 1438 599 a
1466 545 1748 600 certamine
1780 563 1881 598 non
1918 547 2130 614 quievit.
2162 548 2341 603 Causa
2374 550 2453 603 rei
2501 557 2665 602 tantm
2697 544 2818 609 fuit,
2849 545 2992 617 quod
3020 547 3257 618 episcopi
3290 550 3363 603 illi
3395 556 3663 619 praeconia
3692 566 3749 609 et

488 643 689 711 scripta
730 640 997 694 Theodori
1022 640 1077 692 in
1118 640 1571 707 Chalcedonensi,
1614 650 1671 694 ut
1719 638 1856 695 falso
1889 642 2177 710 putabant,
2222 642 2455 698 concilio
2495 653 2756 713 prouata,
2804 641 2859 694 in
2898 640 3507 713 Constantinopolitano
3548 649 3748 704 deinde

490 735 746 789 damnata
783 750 922 803 aegre
951 733 1219 788 ferebant.

559 876 621 929 ll.
647 876 1096 930 Commentarium
1137 880 1203 932 ad
1246 879 1363 932 XII
1403 882 1682 949 prophetas
1728 881 1977 945 minores,
2015 898 2174 950 quem
2204 897 2349 937 nunc
2378 883 2544 938 edere
2570 883 2877 954 aggredior,
2911 884 2963 937 in
2996 884 3210 938 duobus
3239 880 3439 937 oll‘endi
3463 880 3745 938 Vaticana:

492 970 833 1025 bibliothecae
857 971 1157 1035 codicibus,
1191 972 1362 1025 altero
1390 974 1480 1041 qui
1513 973 1613 1025 fuit
1652 973 1777 1027 olim
1810 973 2098 1041 cujusdam
2137 974 2401 1043 dignitate
2428 976 2945 1046 πρωτοασηκρήτις.
2979 975 3175 1029 deinde
3206 990 3333 1029 vero
3378 973 3605 1028 Joannis
3634 991 3755 1029 car-

489 1062 686 1118 dinalis
734 1062 1032 1119 Florentini
1084 1065 1349 1134 Salviati;
1392 1076 1582 1137 postea
1632 1068 1687 1122 in
1746 1066 2116 1124 Romanorqu
2174 1070 2625 1124 Columnensium
2676 1070 3057 1125 bibliothecam
3099 1072 3359 1133 transiit;
3403 1071 3637 1141 denique
3686 1071 3754 1124 ad

490 1162 709 1217 codices
735 1160 1029 1238 Vaticanos
1072 1170 1197 1216 ante
1225 1162 1576 1228 decennium,
1614 1179 1700 1217 me
1731 1164 2016 1233 przefecto,
2053 1167 2310 1219 accessit.
2346 1165 2394 1220 Is
2425 1174 2508 1222 est
2543 1167 2714 1220 codex
2757 1167 3137 1220 membraneus
3172 1172 3539 1233 pervetustus,
3568 1164 3754 1220 saeculi

491 1259 712 1313 circiter
741 1256 1035 1321 undecimi,
1057 1256 1441 1325 integerrimus
1474 1265 1525 1310 et
1553 1259 2062 1323 emendatissimus.
2086 1260 2235 1313 Alter
2264 1260 2435 1314 codex
2466 1260 2533 1314 ad
2564 1255 2876 1313 Vaticanam
2911 1257 3286 1312 collectionem
3312 1253 3423 1325 jam
3457 1257 3548 1311 diu
3582 1258 3755 1326 perti-

494 1366 652 1413 nens,
691 1350 1020 1403 chartaceus
1054 1355 1107 1402 et
1148 1362 1361 1413 recens,
1395 1347 1901 1418 commentarioque
1924 1348 1991 1401 ad
2023 1347 2343 1402 Zachariam
2384 1364 2601 1410 carens,
2636 1348 2793 1413 cujus
2833 1347 2911 1401 rei
2947 1362 3054 1401 non
3086 1347 3302 1401 dubiam
3340 1362 3561 1403 causam
3592 1347 3756 1417 paulo

492 1450 615 1513 post
650 1440 911 1495 recitabo.
958 1437 1076 1492 Jam
1108 1438 1196 1491 hic
1243 1454 1435 1492 recens
1465 1436 1601 1491 adeo
1636 1440 1951 1494 vetustioris
1978 1440 2124 1493 illius
2159 1440 2444 1493 lectionem
2496 1438 2765 1508 sequitur,
2801 1446 2859 1490 ut
2904 1452 2967 1491 ex
3007 1436 3195 1493 eodem
3231 1438 3563 1507 exscriptum
3597 1437 3757 1491 valde

493 1539 745 1593 arbitrer.
787 1535 899 1607 Ego
930 1543 1077 1589 certe
1127 1533 1333 1587 nullam
1369 1533 1689 1587 recentioris
1726 1534 1993 1587 rationem
2028 1534 2214 1594 habui.
2263 1534 2358 1588 sed
2416 1539 2711 1601 praestante
2744 1534 2970 1600 antiquo
2997 1543 3211 1597 semper
3262 1544 3381 1582 sum
3418 1544 3573 1583 usus.
3607 1526 3754 1582 Satis

496 1632 681 1698 itaque
714 1627 843 1680 mihi
881 1624 949 1678 ad
983 1625 1283 1679 curandam
1317 1626 1611 1679 editionem
1642 1626 1696 1679 in
1722 1624 2008 1680 Pontificia
2038 1627 2368 1680 bibliotheca
2397 1626 2628 1681 subsidii
2662 1624 2800 1691 fuit;
2840 1624 2934 1679 sed
2964 1626 3091 1693 quia
3121 1633 3299 1676 tamen
3330 1638 3426 1693 par
3460 1624 3755 1677 thesaurus

493 1722 619 1775 alibi
654 1733 873 1789 quoque
910 1727 1108 1780 exstat,
1147 1732 1253 1770 non
1304 1718 1579 1787 gravabor
1613 1717 1869 1771 notitiam
1927 1728 2239 1773 exterorum
2288 1718 2565 1782 codicum,
2602 1733 2724 1786 qua:
2758 1716 2891 1769 mihi
2929 1715 3206 1785 indaganti
3244 1718 3508 1779 occurrit,
3563 1718 3755 1785 paucis

494 1833 791 1889 exponere.
830 1815 887 1869 In
916 1815 1110 1885 primis
1165 1814 1397 1869 Cresaris
1444 1816 1774 1869 bibliotheca
1814 1815 2255 1871 Vindohonensis
2286 1814 2427 1869 duos
2462 1814 2625 1869 habet
2675 1812 2947 1868 Theodori
2975 1811 3030 1864 in
3065 1829 3140 1867 xtt
3176 1812 3455 1881 prophetas
3506 1812 3753 1873 codices,

495 1927 729 1982 quorum
771 1910 1001 1965 alterum
1040 1908 1144 1963 sub
1176 1923 1407 1962 numero
1438 1907 1647 1962 CLXIII
1680 1902 1976 1979 descripsit
2007 1909 2333 1964 Lambecius
2382 1911 2495 1979 (a);
2538 1909 2604 1964 de
2634 1910 2806 1963 altero
2843 1908 2971 1962 huic
2995 1906 3153 1977 plane
3174 1905 3347 1960 simili
3385 1906 3594 1974 prolixe
3622 1903 3759 1957 For-

495 2008 631 2061 Iosia
665 2004 777 2075 (qui
802 2004 868 2058 de
910 2003 1148 2057 editione
1189 2015 1406 2070 quoque
1455 2001 1737 2070 cogitavit)
1783 2001 2028 2072 loquitur
2056 2001 2199 2070 apud
2232 2001 2537 2055 Kollarium
2572 2001 2626 2054 iu
2663 1997 3057 2070 supplementis
3087 2013 3137 2067 p.
3178 1996 3299 2049 167.
3353 1997 3529 2064 Atque
3560 1994 3613 2047 hi
3647 1994 3757 2049 duo

498 2100 953 2155 Vindobonenses
984 2096 1260 2151 chartacei
1293 2105 1441 2158 sunt,
1474 2112 1573 2149 nec
1604 2096 1815 2165 antiqui
1845 2114 1858 2150 :
1897 2098 2031 2165 quin
2059 2096 2196 2151 adeo
2231 2097 2506 2151 secundus
2536 2096 2749 2150 delatus
2788 2111 2855 2149 ex
2894 2091 3051 2146 Italia
3089 2088 3189 2142 fuit
3218 2088 3287 2141 ab
3319 2086 3581 2156 Apostolo
3610 2084 3759 2138 Zeno

501 2194 881 2247 Viudobonam
908 2210 920 2245 :
954 2191 1087 2246 satis
1122 2198 1304 2243 autem
1337 2198 1563 2261 apparet
1602 2190 1976 2260 apographurn
2015 2205 2139 2245 esse
2167 2191 2370 2245 veteris
2398 2190 2605 2243 codicis
2638 2187 3047 2248 Columnensis,
3092 2196 3238 2235 nunc
3270 2180 3555 2241 Vaticani;
3584 2194 3761 2248 quan-

497 2284 790 2354 doquidetn
840 2282 945 2335 tria
994 2282 1086 2334 illa
1136 2282 1343 2335 scholia
1381 2298 1409 2335 a
1441 2281 1681 2335 Kollario
1734 2282 1900 2343 edita,
1958 2282 2239 2351 quibusin
2276 2281 2558 2336 Zacharias
2596 2282 2871 2351 propheta:
2920 2279 3164 2349 margine
3200 2280 3486 2347 theologus
3532 2275 3759 2329 Grzecus

508 2378 693 2431 nescio
727 2375 851 2443 quis
888 2378 1118 2442 castigat
1144 2374 1406 2441 quasdam
1435 2373 1706 2427 Theodori
1742 2374 1918 2426 nostri
1951 2374 2273 2437 sententias,
2301 2388 2386 2439 ea,
2420 2374 2666 2442 inquam,
2693 2372 2897 2426 scholia
2933 2371 2986 2424 in
3013 2372 3348 2441 marginibus
3372 2368 3761 2424 Columnensis

499 2476 707 2529 codicis
746 2482 988 2535 exstant,
1026 2481 1190 2540 atque
1220 2472 1287 2526 ad
1319 2473 1555 2526 litteram
1589 2488 1711 2526 cum
1760 2473 1868 2526 illis
1910 2472 2074 2528 editis
2120 2483 2447 2541 congruunt.
2486 2470 2603 2525 Jam
2655 2471 2783 2539 quia
2834 2466 3259 2523 commentarius
3304 2460 3669 2531 Mopsuesteni
3704 2459 3762 2511 in

502 2563 824 2617 Zachariam
859 2560 1229 2615 criminationi
1274 2561 1437 2614 alicui
1472 2569 1659 2630 patere
1686 2562 1835 2615 visus
1866 2569 1970 2622 est,
2004 2561 2210 2614 idcirco
2237 2562 2387 2614 illum
2418 2559 2665 2615 Vaticani
2694 2558 3018 2613 recentioris
3040 2556 3244 2612 codicis
3276 2555 3510 2623 scriptor
3532 2560 3761 2620 praeter-

502 2663 690 2717 misit:
723 2660 868 2730 quod
908 2674 1009 2729 ego
1056 2657 1343 2712 consilium
1380 2657 1605 2711 minime
1634 2657 1842 2726 probo;
1876 2671 2053 2725 neque
2082 2657 2223 2710 enim
2256 2657 2596 2725 periclitatur
2632 2655 2890 2709 Ecclesia:
2930 2659 3127 2715 status,
3178 2648 3354 2704 sicubi
3390 2646 3530 2698 forte
3572 2642 3762 2712 Mops-

501 2765 763 2810 ucsteuus
821 2753 1049 2808 audacia
1106 2753 1191 2806 vel
1246 2748 1484 2802 novitate
1551 2746 1946 2817 interpretandi
2005 2746 2168 2814 paulo
2218 2746 2441 2800 liberius
2491 2754 2738 2817 vagatur.
2790 2744 3027 2811 Quintus
3077 2739 3245 2795 codex
3304 2735 3541 2789 Venetus
3595 2745 3682 2789 est
3730 2748 3765 2785 a

499 2848 906 2903 Montl'auconio
929 2846 1004 2916 (ὁ)
1036 2846 1092 2898 in
1121 2845 1505 2899 Grimanorum
1536 2842 1866 2895 bibliotheca
1895 2841 2240 2895 observatus.
2276 2839 2473 2895 Sextus
2504 2856 2657 2910 teque
2697 2838 2937 2894 Venetus
2984 2844 3090 2898 est,
3117 2847 3278 2902 quem
3314 2829 3452 2883 idem
3486 2825 3764 2881 Montl'au-

500 2944 693 2998 conius
714 2942 783 3010 (ε)
814 2941 956 3011 apud
989 2938 1262 2992 Meletium
1298 2935 1601 3007 'l‘ypaldum
1628 2936 1782 2991 vidit.
1810 2934 2088 3005 Septimus
2128 2935 2301 2988 codex
2347 2936 2488 3005 apud
2520 2934 2863 2990 Gerasimum
2907 2930 3167 2986 Blachum
3195 2926 3248 2979 in
3279 2924 3449 2978 Gallia
3476 2922 3597 2989 fuit,
3624 2928 3767 2976 teste

498 3031 827 3088 Combeﬁsio
864 3029 964 3097 (ιι).
995 3029 1173 3097 Atque
1200 3026 1347 3080 hunc
1374 3027 1616 3081 codicem
1660 3026 1897 3093 inspexit
1942 3024 2127 3086 etiam,
2160 3032 2220 3076 ut
2272 3031 2422 3091 puto,
2457 3021 2769 3091 Stephanus
2809 3023 2876 3075 ab
2902 3023 3169 3078 Altimura
3199 3020 3541 3092 (Lequinius)
3572 3017 3665 3088 qui
3708 3018 3766 3071 in

503 3126 764 3194 Panoplia
793 3142 846 3195 p.
872 3126 999 3187 455,
1033 3123 1109 3175 ait
1145 3138 1205 3176 se
1252 3124 1449 3193 legisse
1497 3120 1867 3191 Mopsuesteu’i
1922 3118 2345 3171 Commentarios
2376 3118 2430 3169 in
2467 3133 2541 3170 xu
2587 3116 2885 3185 prophetas.
2921 3115 3110 3171 Octavi
3138 3117 3346 3171 codicis
3378 3114 3625 3169 notitiam
3654 3113 3769 3183 pri-

502 3233 647 3283 mus,
678 3226 737 3270 ut
762 3215 1022 3280 arbitror,
1059 3212 1298 3284 prodidit
1328 3212 1668 3267 Possevinus
1693 3212 1785 3279 (e),
1811 3210 1902 3279 qui
1928 3216 2147 3263 exstare
2178 3223 2301 3261 eum
2334 3207 2472 3260 dixit
2507 3208 2691 3261 Roma:
2733 3208 2786 3261 in
2818 3208 3146 3262 bibliotheca
3173 3206 3542 3261 Vallicelliana
3564 3222 3578 3270 ;
3601 3218 3767 3274 quem

502 3327 600 3379 ego
621 3310 862 3363 codicem
899 3321 1024 3359 cum
1072 3306 1443 3367 observarem,
1480 3303 1815 3373 deprehendi
1862 3318 1986 3357 esse
2038 3312 2201 3357 tenue
2252 3304 2722 3373 interpretationis
2771 3305 2825 3358 in
2880 3305 3070 3358 Oscam
3124 3304 3513 3374 fragmentum,
3548 3300 3768 3370 paginis

502 3399 791 3453 duodecim
829 3404 1114 3458 constans,
1150 3411 1325 3463 usque
1352 3401 1418 3449 ad
1459 3394 1688 3449 secundi
1721 3394 1918 3463 capitis
1949 3396 2285 3449 versiculum
2322 3396 2540 3448 tertium
2572 3396 2868 3449 decimum.
2904 3396 3079 3452 Huius
3111 3412 3273 3464 porro
3302 3397 3546 3467 praeclari
3579 3394 3768 3464 operis

503 3492 721 3545 codices
751 3490 842 3557 qui
876 3504 1039 3541 manu
1081 3487 1287 3540 diutius
1318 3485 1680 3547 versaverint,
1714 3493 1825 3540 tres
1852 3486 2047 3539 saltem
2081 3486 2357 3554 comperio
2390 3486 2575 3552 viros;
2623 3503 2857 3556 quorum
2893 3491 3101 3558 primus
3132 3496 3215 3543 est
3247 3488 3574 3542 Franciscus
3623 3486 3767 3540 Tur-

502 3600 690 3639 rianus
714 3583 801 3651 (D,
835 3598 865 3635 a
903 3596 1011 3650 quo
1051 3579 1235 3632 Romae
1261 3579 1489 3647 degente
1532 3578 1853 3634 Vaticanum
1902 3581 2082 3649 ipsum
2115 3581 2360 3635 codicem
2398 3582 2598 3635 lectum
2630 3584 2889 3652 augurari
2922 3585 3066 3639 licet.
3097 3583 3386 3638 Secundus
3425 3590 3510 3637 est
3540 3580 3766 3636 Samuel

506 3677 790 3737 Tenulius,
830 3676 922 3744 qui
964 3674 1017 3725 iu
1050 3674 1249 3727 litteris
1289 3676 1357 3727 ad
1392 3674 1514 3730 Nic.
1553 3674 1834 3729 Heinsium
1870 3680 1943 3745 (g)
1977 3678 2052 3729 ait
2094 3693 2151 3732 se
2186 3678 2239 3731 in
2283 3677 2436 3731 Latio
2480 3677 2841 3749 descripsisse
2878 3682 2980 3736 sibi
3025 3679 3296 3734 Theodori
3341 3680 3672 3733 Antiocheni
3713 3680 3767 3732 in

505 3769 697 3827 Oscam
735 3768 1079 3839 fragmenta;
1126 3785 1246 3837 qme
1283 3773 1483 3826 locutio
1517 3774 1637 3841 ejus
1684 3773 1815 3828 facit
1866 3782 1923 3827 ut
1975 3776 2283 3829 existimem
2335 3775 2481 3844 loqui
2537 3774 2827 3828 Teuuliutn
2873 3776 2941 3830 de
2976 3776 3165 3830 codice
3215 3774 3618 3837 Vallicelliano,
3675 3776 3766 3844 qui

504 3880 695 3934 reapse
726 3864 862 3917 nihil
896 3864 1077 3925 habet,
1112 3871 1169 3916 ut
1198 3864 1459 3928 diximus,
1494 3873 1691 3933 praeter
1720 3866 1881 3920 breve
1910 3867 1961 3919 in
1990 3865 2181 3920 Oseam
2214 3864 2599 3935 fragmentum.
2628 3865 2846 3921 Tertius
2874 3876 2959 3922 est
2993 3868 3283 3922 Anselmus
3310 3866 3641 3929 Bandurius,
3675 3868 3769 3937 qui

508 3958 560 4010 in
583 3964 878 4025 conspectu
906 3972 1135 4026 Oper-um
1166 3956 1455 4025 Nicephori
1487 3973 1648 4026 quem
1675 3956 1964 4012 Fabricius
2010 3958 2253 4027 vulgavit
2290 3956 2389 4025 (h),
2426 3957 2502 4009 ait
2536 3974 2585 4017 ο.
2620 3956 2747 4013 ϐἓδν
2782 3973 2840 4012 se
2865 3959 3006 4012 inter
3045 3968 3238 4013 caetera
3282 3960 3553 4013 editurum
3589 3959 3768 4016 Theo-

501 4052 622 4103 dori
652 4064 870 4119 quoque
901 4047 1265 4117 Mopsuesteni
1300 4052 1351 4102 in
1377 4051 1655 4117 prophetas
1705 4068 1776 4105 xu
1812 4054 2271 4104 commentarium.
2303 4049 2420 4104 Jam
2466 4052 2593 4120 quia
2624 4051 2929 4107 Bandurius
2968 4070 3025 4107 se
3063 4056 3115 4108 id
3153 4056 3414 4110 beneficio
3444 4057 3631 4111 Cosmi
3673 4056 3764 4121 III,

502 4142 658 4195 ducis
688 4140 937 4203 Etruriae,
971 4140 1130 4208 cujus
1165 4139 1279 4206 ipse
1323 4142 1711 4195 bibliothecam
1752 4144 1992 4212 regebat.
2033 4142 2305 4196 facturqu
2338 4143 2633 4213 spopondit
2663 4144 3003 4214 (quanquam
3042 4146 3198 4201 fidem
3250 4164 3425 4217 neque
3454 4147 3769 4204 Bandurius

504 4238 789 4292 Florentia:
836 4252 1015 4306 neque
1057 4235 1303 4290 Forlosia
1336 4234 1673 4290 Vindobonaa
1706 4234 2663 4305 liberaverunt),putabatFabricius
2690 4237 2751 4307 (i)
2790 4241 3036 4294 codicem
3086 4243 3206 4310 ejus
3241 4244 3423 4312 operis
3476 4243 3533 4296 in
3570 4244 3769 4298 biblio-

506 4334 662 4387 theca
690 4332 929 4387 Medicea
956 4339 1192 4385 exstare.
1225 4329 1379 4383 Nunc
1408 4339 1589 4383 autem
1632 4332 1899 4397 ejusmodi
1938 4332 2182 4385 codicem
2216 4331 2490 4387 Bandurio
2518 4333 2761 4403 ignotum
2796 4336 3074 4396 videmus;
3110 4349 3173 4386 ex
3203 4349 3310 4401 quo
3342 4334 3593 4402 sequitur
3622 4340 3680 4387 ut
3711 4338 3771 4387 in

506 4428 748 4483 Medicea
801 4427 1131 4481 bibliotheca
1165 4440 1275 4479 non
1308 4420 1491 4475 fuerit.
1545 4419 1751 4475 Revera
1802 4421 2105 4477 Baudurius
2140 4422 2215 4475 nil
2248 4423 2395 4476 aliud
2432 4424 2506 4475 ait
2539 4424 2645 4478 nisi
2691 4440 2749 4479 se
2798 4426 2847 4479 id
2886 4442 3024 4495 opus
3078 4440 3107 4479 e
3157 4423 3503 4477 bibliothecis
3532 4424 3768 4485 eruisse,

505 4536 642 4589 quas
672 4522 815 4573 inter
842 4520 1003 4589 paulo
1030 4527 1155 4573 ante
1188 4516 1504 4568 Vaticanum
1550 4522 2105 4567 commemoraverat:
2144 4520 2198 4567 et
2228 4514 2444 4580 quidem
2480 4514 2526 4567 si
2562 4513 2629 4568 de
2659 4530 2757 4569 sua
2790 4515 3027 4569 Medicea
3058 4517 3393 4583 loqueretur,
3429 4514 3775 4584 Mopsueste-

510 4627 638 4663 num
675 4610 815 4679 apud
845 4624 903 4664 se
940 4609 1136 4663 habere
1163 4608 1411 4663 dixisset.
1456 4605 1592 4658 Tum
1640 4620 1767 4658 vero
1814 4614 1868 4657 et
1918 4606 2009 4657 ille
2035 4604 2204 4658 codex
2256 4604 2647 4669 Salviatorum,
2681 4622 2827 4660 nunc
2873 4605 3191 4669 Vaticanus,
3242 4609 3328 4659 illa
3385 4608 3565 4661 adhuc
3611 4615 3776 4661 aetate

508 4701 799 4755 Florentiae
854 4702 995 4770 apud
1040 4709 1248 4755 veteres
1296 4698 1569 4759 dominos,
1604 4704 1661 4748 ut
1692 4696 1877 4759 credo,
1916 4695 2051 4761 fuit;
2086 4712 2191 4765 qua
2243 4698 2297 4749 in
2352 4697 2483 4750 urbe
2534 4697 2602 4750 ad
2638 4695 2902 4753 Bandurii
2946 4703 3193 4756 notitiam
3254 4718 3561 4771 manusque
3609 4702 3777 4756 facile

510 4799 675 4849 venit.

582 4932 665 4986 IlI.
739 4932 849 5002 Age
931 4948 1095 4995 vero,
1154 4931 1220 4984 de
1292 4938 1515 4984 auctore
1596 4929 1780 4998 operis
1854 4930 2149 4998 quominus
2233 4931 2596 5001 dubitemus,
2675 4938 2829 4992 testis
2951 4939 3106 4993 adest
3195 4940 3246 4992 in
3330 4939 3591 5002 cunctis,
3676 4941 3783 5009 qui

508 5027 619 5080 noti
685 5034 841 5093 sunt,
910 5027 1298 5097 manuscriptis
1361 5024 1645 5079 codicibus
1705 5034 1964 5079 constans
2020 5026 2081 5078 tit

2205 5026 2532 5099 ιΘεοδὼρου
2594 5031 2944 5101 Ἀιτιοχέυ›;,
3010 5033 3267 5086 Theodori
3320 5035 3528 5089 scilicet
3592 5036 3782 5105 patria

506 5123 834 5177 Antiocheni.
903 5121 1007 5179 Sed
1041 5123 1168 5192 quia
1236 5141 1345 5178 non
1406 5142 1547 5179 unus
1609 5125 1709 5179 fuit
1755 5128 2057 5183 Antiochia:
2110 5138 2272 5184 natus
2325 5129 2677 5198 Theodorus,
2734 5150 2861 5189 ecce
2928 5135 3086 5189 nobis
3131 5134 3358 5189 Photius
3400 5136 3467 5205 (j)
3527 5146 3787 5206 quatuor

599 5330 651 5412 at
695 5321 851 5412 Ictu.
887 5322 1062 5412 lV,lp.
1094 5325 1220 5412 3:52,
1257 5324 1500 5412 e‘d.nn'o'v.
1765 5396 1855 5412 nm
2184 5328 2485 5412 Inrrianus
2542 5328 2610 5382 de
2673 5328 3067 5412 interpretandi
3126 5347 3323 5412 genere
3350 5370 3378 5412 ,ι
3417 5348 3527 5401 quo
3601 5334 3801 5412 utitur

600 5394 649 5476 ὁ)
692 5392 841 5476 ρξατ.
877 5391 1004 5476 irai.
1042 5410 1093 5462 p.
1247 5393 1469 5476 etulllibl.
1502 5412 1627 5448 mss.
1667 5396 1877 5476 p.178.
2185 5399 2640 5476 Mopsuestenus,
2691 5391 2863 5469 atque
2905 5401 2957 5454 id
3011 5391 3449 5476 non'immerito'
3497 5405 3740 5472 castigat
3768 5428 3797 5476 ς

578 5464 650 5543 teli
882 5461 1010 5515 Ital.
1043 5461 1096 5530 ιι.
1130 5464 1390 5543 46..Βὶὁρ
1415 5480 1573 5543 _mss.
1610 5461 1816 5534 p.178.
2183 5461 2427 5537 satisque
2474 5461 2815 5543 demonstrat
2855 5479 3028 5524 totum
3084 5487 3114 5525 a
3167 5487 3227 5526 se
3277 5472 3332 5525 in
3372 5488 3448 5525 xu
3481 5461 3801 5543 propheta;

577 5533 655 5601 (ά)
698 5532 837 5585 Bibl.
868 5550 1011 5589 conc.
1047 5543 1180 5586 tom.
1215 5535 1253 5597 I,
1280 5551 1331 5602 p.
1366 5534 1454 5587 44.
1610 5532 1623 5534 ἡ
2182 5532 2615 5592 commentarium
2648 5538 2815 5593 fuisse
2845 5543 3063 5594 lectum.

578 5606 646 5641 (Il
695 5604 867 5641 Annnr
926 5614 1033 5641 lmn
1104 5603 1162 5641 ΙΙΙ
1226 5604 1325 5641 nnrl
1391 5603 1558 5641 Vollin
1618 5622 1650 5641 n
1703 5604 1772 5641 9'7
2254 5611 2327 5641 .n\
2370 5608 2607 5641 Dnmmun
2676 5608 2848 5641 ρηιιηη
2898 5619 3007 5641 om“

578 5606 646 5670 (ε)
688 5604 885 5668 Appar.
926 5614 1056 5657 tom.
1103 5603 1186 5665 Ill,
1226 5604 1347 5658 cod.
1391 5603 1580 5658 Vallic.
1618 5622 1669 5674 p.
1703 5604 1791 5657 9.7.

578 5672 645 5740 (θ’)
687 5673 967 5756 All-cons};
1006 5689 1089 5742 ap.
1133 5672 1195 5726 II.
1220 5673 1285 5740 5;
1322 5689 1417 5743 pro
1441 5688 1559 5756 epp.
1591 5688 1748 5756 _pont.
1786 5691 1843 5741 ιι,
1874 5675 2071 5756 ίᾷοιπιν,

2253 5611 2328 5677 lg)
2370 5608 2629 5661 Burman.
2668 5608 2869 5677 Syllog.
2898 5619 3030 5674 tom,
3066 5611 3130 5669 II.
3161 5628 3211 5674 ι).
3249 5611 3373 5666 801.

1906 5675 2071 5756 κΟᾎιν,
2360 5680 2509 5756 Bibl.
2672 5682 2918 5756 etIL-ttnv.
2956 5690 3088 5735 tom.
3127 5680 3234 5746 VII,
3274 5698 3326 5751 p.
3358 5682 3483 5736 6U.

514 5741 595 5797 ill.
636 5757 687 5795 v.
730 5742 872 5818 2|}-
915 5742 987 5818 De
1009 5741 1150 5818 auct.
1172 5741 1359 5818 summ.
1376 5755 1530 5818 pont._
1591 5741 1688 5818 lib.
1722 5760 1801 5808 Ill,
1834 5745 1920 5818 ed.
1956 5745 2076 5797 Flo-
2257 5741 2320 5815 (ii
2360 5749 2513 5802 Tom.
2556 5748 2620 5818 Χ.
2653 5766 2703 5818 p.
2743 5750 2865 5803 558.

514 5820 649 5865 rent.
705 5828 756 5882 p.
810 5811 897 5865 99.
942 5812 1007 5865 Et
1054 5816 1226 5882 prittto
1259 5811 1475 5883 quidem
1523 5816 1640 5871 loco
1678 5816 1785 5871 late
1832 5815 2077 5885 disputat
2354 5818 2522 5874 Codd.
2562 5811 2965 5887 ινξχλχγιιι,
3019 5819 3252 5888 LXXXI,
3304 5820 3616 5877 CLXXVII.
