3994 6552
215 363 305 417 ΙΟὲ
1436 365 1594 425 ANG.
1638 366 1781 422 MAI!

1875 366 2209 423 RAEFATIO.
3354 368 3373 420 Ι
3391 365 3452 421 ιυ

214 494 504 536 recensens
580 496 748 553 opera
818 482 1088 537 Theodori
1160 481 1481 537 Antiocbcni
1584 484 1803 537 nomine
1838 483 2140 553 insignita,
2233 479 2673 550 Mopsuestenum
2744 482 2955 539 diserte
3042 486 3452 557 intelligendum

208 590 324 629 esse
396 577 591 642 docet;
663 579 837 647 primo
908 577 1128 648 quidem
1201 579 1321 631 loco
1397 578 1632 631 dicens:
1725 578 1783 629 ὐ

1881 577 1911 628 ῐὲ
1981 576 2357 645 Μοῲουεστίας
2424 576 2660 642 γεγονὼς
2730 580 3022 644 ἐπίσκοπος
3077 577 3229 645 οὗτός
3285 584 3458 646 ἐστιν.

210 661 375 735 οἶμαι·
408 670 649 722 secundo
681 679 858 723 autem
893 671 1011 724 loco
1051 664 1251 731 εΟὗτος
1275 668 1331 720 δέ
1357 668 1501 720 ἐστιν
1535 668 1782 735 saton

1880 668 1992 729 ‘iag'
2031 670 2191 721 tertio
2223 669 2341 721 loco
2370 678 2496 738 post
2532 680 2890 723 memoratum
2924 671 2991 726 de
3046 675 3222 742 magia
3255 672 3457 727 Persa-

213 774 322 810 rum
382 757 652 813 Theodori
692 762 1015 815 Antiocbeui
1080 777 1239 829 opus,
1296 760 1481 815 subdit
1518 780 1530 813 :
1568 752 1734 823 Οὗτος
1764 759 1790 811 ὅ

1902 759 2175 829 Θεόδωρος
2224 761 2251 811 ὁ
2299 758 2675 827 Μοψουεστίας
2721 757 2857 812 εἶναι
2914 763 3058 815 δοκεῖ
3115 763 3191 833 (et
3234 765 3456 833 quidem

208 851 350 904 δοκεῖ
379 854 431 905 in
464 870 521 907 re
556 863 706 907 certa
742 856 851 908 dici
892 856 1111 909 solitum
1140 856 1284 925 apud
1309 855 1529 910 Graecos
1560 857 1827 925 quosdam
1872 866 2150 915 auctores,
2198 854 2537 911 demonstrat
2574 853 3018 908 Montiauconius
3042 855 3197 923 praef.
3230 854 3298 908 ad
3342 855 3458 907 Eu-

207 942 309 995 seb.
331 960 517 997 comm.
544 946 600 998 in
626 944 718 999 Ps.
744 960 862 1016 cap.
894 950 981 1014 x);
1007 956 1200 1015 quarto
1229 948 1465 1016 denique
1496 948 1647 1001 loco:
1684 948 1784 999 ’Aw

1879 945 2021 1016 ώσθη
2053 945 2270 1015 βιϐλίον,
2295 940 2408 1016 οὗή
2437 945 2719 1016 ἐπιγραφὴ
2750 943 3049 1011 Θεοδώρου
3078 946 3456 1014 Ἀντιοχέως-⁸

207 1040 232 1090 ὁ
267 1040 639 1106 Μοῴουεστίας
666 1042 723 1094 δέ
757 1043 923 1107 ἐστιν,
949 1042 1024 1105 ὡς
1044 1041 1150 1094 ἀπό
1173 1059 1331 1094 τινων
1361 1042 1657 1094 ἐπιστολῶν
1688 1042 1784 1112 ὲμό

1884 1059 1964 1095 ιεν
1990 1061 2001 1073 ·
2029 1041 2220 1096 Lectus
2252 1053 2327 1096 est
2350 1042 2479 1096 liber
2512 1042 2768 1097 Theodori
2796 1041 3145 1108 Antiocheni;
3170 1044 3253 1097 hic
3283 1056 3461 1098 autem

202 1131 290 1183 itte
310 1141 389 1184 est
415 1130 752 1201 Mopsuestia:
772 1134 1067 1201 episcopus,
1095 1141 1151 1184 ut
1177 1148 1244 1185 ea:
1264 1133 1579 1201 quibusdam
1608 1133 1844 1201 epistolis
1866 1133 1994 1185 milii
2018 1133 2263 1185 innotuit.
2299 1132 2438 1202 Ergo
2468 1134 2582 1185 duo
2618 1132 2746 1187 hinc
2782 1134 3085 1200 noscimus,
3119 1152 3311 1204 nempe
3343 1146 3460 1190 tum

202 1225 425 1277 codices
460 1243 678 1297 quoque
718 1235 929 1282 veteres
969 1244 1195 1296 Operum
1232 1226 1623 1297 Mopsuesteni,
1689 1232 1885 1282 nedum
1928 1244 2022 1283 eos
2057 1245 2196 1299 quos
2228 1244 2375 1282 nunc
2408 1229 2694 1292 habemus,
2730 1245 2841 1299 prae
2867 1247 2925 1285 se
2958 1233 3154 1287 tulisse
3182 1233 3459 1290 Theodori

204 1322 527 1375 Attiim‘ht‘lti
567 1338 795 1387 nomen;
833 1329 948 1375 tum
998 1323 1212 1391 quoties
1258 1324 1312 1399 in
1347 1323 1429 1376 his
1460 1323 1512 1376 id
1544 1338 1743 1376 nomen
1774 1338 1943 1391 prope
1974 1338 2069 1391 per
2112 1323 2552 1377 antonomasiam
2600 1322 2863 1385 occurrit,
2893 1325 3303 1395 intelligendum
3336 1341 3459 1381 esse

204 1410 668 1477 Illopsuestenum.
695 1413 866 1466 Porro
904 1420 1082 1467 autem
1117 1414 1261 1482 quod
1294 1424 1486 1468 noster
1516 1412 1840 1467 Theodorus
1887 1414 1940 1465 in
1976 1430 2050 1466 xu
2094 1413 2375 1481 prophetas
2416 1413 2729 1481 scripserit,
2773 1413 2977 1469 diserte
3010 1416 3242 1470 aliirmat
3285 1418 3459 1489 Syrus

204 1508 497 1563 tibediesus
522 1511 575 1562 in
603 1511 851 1579 catalogo
885 1528 901 1564 :
934 1520 1296 1578 praeterquam
1337 1509 1481 1579 quod
1501 1510 1621 1578 ejus
1646 1510 1828 1578 operis
1858 1510 2050 1564 titulus
2082 1511 2137 1564 in
2178 1509 2413 1564 concilio
2450 1510 2615 1565 etiam
2660 1508 2947 1578 quinto(a)
2977 1508 3267 1575 scribitur;
3296 1524 3458 1578 quem

202 1609 381 1651 tamen
414 1609 747 1666 postremum
780 1600 956 1654 locum
988 1600 1056 1654 ad
1081 1601 1344 1654 trutinam
1378 1600 1635 1669 deinceps
1664 1608 1961 1656 vacaturus
1987 1616 2129 1655 sum.
2161 1599 2430 1655 Przeterea
2469 1598 2614 1669 quod
2676 1612 2815 1669 Opus
2857 1598 3228 1669 Mopsuesteni
3253 1599 3308 1653 in
3336 1612 3458 1652 ma-

200 1693 364 1745 nibus
396 1692 858 1760 habeamus,inde
886 1694 1049 1748 etiam
1081 1696 1479 1764 cognoscimus,
1500 1696 1628 1765 quia
1683 1697 1740 1750 in
1769 1696 1994 1750 exordio
2043 1696 2412 1749 commentarii
2442 1694 2511 1749 ad
2555 1699 2743 1748 Oseam
2771 1700 2825 1746 et
2850 1692 2975 1745 alibi
3012 1707 3118 1744 non
3162 1689 3333 1745 semel
3358 1690 3461 1745 de-

196 1781 375 1833 clarat
414 1791 603 1835 auctor
632 1799 690 1838 se
708 1785 759 1836 iu
785 1782 1029 1842 Psalmos
1061 1805 1278 1860 quoque
1294 1791 1619 1861 scripsisse:
1663 1806 1825 1861 porro
1856 1808 1885 1845 a
1916 1791 2302 1862 Mopsuesteno
2332 1793 2662 1847 illustratum
2696 1791 2864 1848 fuisse
2900 1791 3247 1848 Psalterium.
3283 1788 3460 1843 notis-

196 1879 399 1931 simum
434 1889 537 1933 est.
569 1879 673 1934 Sed
707 1882 853 1937 enim
878 1884 1013 1940 nihil
1044 1904 1197 1958 aeque
1227 1890 1572 1944 demonstrat
1608 1905 1903 1959 germanas
1937 1905 2061 1945 esse
2097 1889 2467 1959 Mopsuesteni
2514 1891 2612 1944 has
2640 1888 3030 1959 prophetarum
3052 1884 3328 1936 minorum
3363 1895 3461 1934 ex-

196 1970 562 2036 planationes,
586 1989 749 2042 quam
780 1974 956 2044 ipsum
986 1977 1256 2031 scribendi
1292 1993 1485 2048 genus,
1519 1980 1661 2048 quod
1699 1989 1939 2033 veterum
1997 1978 2065 2033 de
2099 1994 2165 2033 eo
2196 1979 2527 2034 testimoniis
2562 1979 2681 2035 sine
2717 1979 2826 2032 ulla
2863 1976 3207 2030 dubitatione
3233 1986 3461 2040 respon—

195 2067 307 2121 det.
346 2068 403 2120 In
435 2068 626 2136 primis
656 2072 932 2126 cernimus
984 2071 1129 2127 hunc
1156 2081 1435 2128 auctorem
1490 2076 1643 2145 sequi
1682 2075 1918 2129 maxime
1945 2076 2183 2129 litteram
2217 2084 2272 2131 et
2327 2076 2639 2137 historiam.
2678 2087 2842 2143 atque
2889 2085 3107 2126 omnem
3141 2068 3458 2138 allegoriam

195 2159 611 2213 studiosissime
639 2158 825 2231 iugere
859 2180 873 2215 :
913 2178 1105 2219 rursus
1139 2166 1290 2220 nullo
1317 2167 1449 2221 vitio
1478 2182 1631 2236 aeque
1663 2167 1933 2229 laborare,
1967 2181 2130 2237 quam
2157 2167 2548 2235 permultarum
2574 2166 2956 2235 repetitionum
2984 2162 3041 2214 in
3069 2160 3257 2215 eadem
3285 2160 3462 2211 inter-

193 2252 325 2304 dum
382 2252 577 2321 pagina
633 2254 961 2321 iugestarum
992 2272 1005 2307 :
1037 2273 1158 2326 quae
1191 2273 1324 2313 sane
1360 2259 1658 2327 tautologia
1712 2258 1960 2313 delicatis
2018 2257 2247 2312 auribus
2280 2259 2452 2312 multo
2500 2265 2585 2312 est
2626 2258 3034 2313 molestissima.
3075 2254 3219 2309 Idem
3282 2251 3460 2321 longis

192 2348 442 2418 periodis
471 2350 785 2410 involvitur,
814 2351 919 2406 alte
955 2348 1168 2417 incipit,
1195 2348 1285 2401 diu
1321 2348 1540 2417 pendet,
1573 2348 1654 2402 vel
1702 2347 1923 2401 insertis
1950 2348 2105 2401 novis
2145 2347 2430 2401 sententiis
2471 2346 2630 2415 longe
2679 2347 2903 2409 recedit,
2943 2348 3014 2399 ita
3044 2352 3099 2397 ut
3148 2341 3341 2411 legenti
3377 2337 3461 2394 vel

192 2444 580 2513 interpretanti
600 2445 915 2499 salebrosus
945 2442 1219 2497 interdum
1252 2442 1362 2498 ﬁat.
1385 2445 1431 2495 A
1459 2442 1844 2512 Mopsuesteno
1866 2442 1997 2496 dum
2024 2440 2340 2511 Scripturas
2367 2441 2597 2495 arbitrio
2623 2456 2723 2495 suo
2748 2440 3065 2507 explanaret
3098 2436 3459 2504 reprehensos

190 2543 362 2603 atque
392 2536 583 2589 irrisos
624 2551 766 2605 saepe
792 2535 961 2591 fuisse
991 2536 1325 2606 antiquiores
1358 2537 1686 2607 interpretes
1720 2538 1799 2591 ait
1828 2536 2089 2593 Leontius
2123 2548 2309 2592 contra
2342 2535 2497 2591 Nest.
2532 2552 2614 2599 ιιι,
2660 2537 2746 2589 ii.
2774 2534 2906 2605 Ejus
2954 2549 3082 2588 vero
3114 2549 3261 2586 nunc
3291 2532 3461 2586 moris

188 2624 636 2694 pcrt'requentem
667 2625 1190 2681 demonstrationem
1223 2627 1275 2679 in
1310 2627 1396 2683 his
1424 2629 1838 2683 commentariis
1879 2629 2149 2684 videmus.
2191 2628 2323 2683 item
2364 2630 2659 2698 Scriptura!
2708 2627 3009 2696 permultas
3039 2626 3397 2679 auctoritates
3430 2639 3459 2675 a

190 2716 585 2785 Mopsuesteno
616 2717 771 2769 citari
800 2717 989 2774 solitas
1023 2721 1099 2773 ait
1134 2719 1395 2789 Pbotius;
1426 2722 1570 2792 quod
1602 2723 1669 2777 ab
1700 2738 1765 2778 eo
1795 2725 2081 2779 verissime
2103 2724 2309 2778 dictum
2339 2723 2724 2778 commentarii
2752 2738 2900 2776 nunc
2924 2721 3141 2777 docent.
3169 2720 3274 2775 Sed
3311 2719 3461 2773 enim

184 2812 341 2881 quod
372 2811 451 2863 ait
480 2809 859 2865 Tillemontius
892 2811 965 2884 (ὁ)
1000 2814 1443 2885 Mopsuestenum
1474 2817 1730 2871 universa
1763 2816 1938 2870 Biblia
1984 2818 2330 2885 complexum
2363 2815 2626 2869 memoria
2665 2814 2861 2877 fuisse,
2915 2812 3077 2881 cujus
3125 2812 3204 2865 rei
3262 2820 3456 2865 testem

183 2910 322 2962 citat
361 2906 654 2961 Leontium
696 2906 774 2960 De
804 2908 956 2960 sectis
992 2912 1099 2958 act.
1132 2914 1382 2969 1v;errat
1432 2904 1592 2973 plane
1622 2905 1703 2957 vir
1747 2905 1944 2958 doctus
1987 2919 2095 2957 non
2125 2903 2415 2957 intellectis
2449 2903 2659 2957 Leontii
2692 2904 2875 2958 verbis
2902 2902 3003 2973 τὴν
3041 2901 3208 2970 ἄλλην
3243 2899 3459 2970 Γραφὴν

184 3005 673 3075 ὑπεμνημάτισεν.
722 3004 865 3058 Sane
895 3020 994 3074 pro
1018 3003 1182 3073 ἄλλην
1218 3001 1503 3073 legendum
1529 3016 1652 3055 esse
1684 3000 1761 3053 ὃλι

1882 3018 1957 3056 res
1990 3002 2109 3070 ipsa
2137 3001 2355 3063 clamat,
2381 3007 2434 3054 et
2464 3014 2655 3054 revera
2690 2998 2903 3053 Leontii
2934 2998 3272 3064 interpretes
3287 2993 3459 3062 expli-

181 3108 313 3152 cant
348 3099 611 3149 universa.
650 3093 1041 3149 Verumtamen
1063 3094 1511 3164 ὑπεμνημάτισεν
1557 3109 1666 3147 non
1695 3094 1950 3146 memoria
1974 3092 2250 3155 retinebat,
2284 3092 2379 3146 sed
2432 3101 2812 3145 commentatus
2835 3099 2915 3143 est
2959 3088 3250 3159 signiﬁcat.
3280 3085 3463 3151 Quare

177 3188 503 3243 dicendum,
518 3189 587 3239 ad
603 3188 845 3239 universa
874 3184 1053 3239 Biblia
1084 3194 1467 3239 commentatus
1493 3195 1591 3239 est.
1623 3185 1733 3238 lmo
1763 3186 2056 3253 plerosque
2086 3199 2278 3239 omnes
2303 3185 2547 3239 auctoris
2571 3199 2731 3252 quem
2755 3182 2971 3235 edimus
2995 3180 3368 3236 characteres,
3397 3178 3454 3229 in

180 3282 488 3338 Theodoro
511 3280 741 3333 Photius
763 3276 1228 3348 deprehendebat.
1256 3276 1347 3331 Sic
1371 3277 1517 3330 enim
1542 3276 1665 3330 cod.
1695 3291 1757 3329 xx

1889 3292 1904 3328 ι
1933 3292 1945 3328 :
1970 3274 2190 3344 Φεύγων
2214 3275 2303 3328 τὸν
2330 3275 2553 3331 δυνατὸν
2576 3273 2725 3344 αὑτῷ
2748 3272 2945 3344 τρόπον
2975 3275 3073 3335 τὰς
3107 3268 3460 3340 ἀλληγορίας.

176 3380 275 3432 καὶ
316 3377 468 3431 κατὰ
500 3376 598 3446 τὴν
638 3375 876 3445 ἱστορίαν
923 3373 1022 3441 τὴν
1087 3373 1385 3443 ἑρμηνείαν
1434 3370 1788 3441 ποιούμενος·
1831 3371 2149 3439 ταυτολογεῖ
2178 3370 2235 3423 δὲ
2289 3370 2357 3423 τὰ
2396 3371 2750 3434 πλεῖστα,καὶ
2779 3369 2979 3439 ἄχαρίς
3024 3383 3138 3426 πως
3170 3366 3261 3418 καὶ
3290 3364 3464 3434 ἀηδὴς

176 3468 323 3523 εἶναι
347 3471 518 3522 δοκεῖ,
564 3466 701 3520 Tum
730 3468 853 3521 cod.
904 3482 978 3531 tv,
1014 3468 1169 3520 Ἐστι
1198 3467 1255 3520 δὲ
1292 3466 1389 3537 μὲν
1423 3466 1621 3537 φράσιν
1651 3470 1716 3522 οὐ
1741 3468 1882 3520 πάνυ
1912 3467 2195 3537 λαμπρός·
2233 3470 2354 3530 ταῖς
2383 3468 2439 3520 δὲ
2466 3468 2724 3529 διανοίαις
2769 3468 2861 3519 καὶ
2888 3469 2999 3526 τοῖς
3038 3466 3461 3533 ἐπιχειρήμασιν

174 3563 301 3616 λίαν
336 3562 565 3625 πυκνὸς,
603 3562 697 3613 καὶ
722 3563 842 3623 ταῖς
864 3562 1159 3631 γραφικαῖς
1191 3562 1389 3631 ἄριστα
1418 3560 1662 3613 πλουτῶν
1693 3578 1751 3629 με

1884 3561 2037 3631 ρίαις.
2083 3561 2335 3627 (Photius
2368 3562 2557 3616 codice
2602 3564 2730 3616 item
2760 3567 2916 3614 serto
2967 3557 3291 3611 densitatem
3331 3570 3461 3608 sen-

173 3661 485 3715 tentiarum
517 3657 788 3711 Theodori
810 3656 1034 3719 innuit.)
1064 3653 1307 3723 Denique
1336 3654 1458 3706 cod.
1495 3667 1711 3705 CLxxvu

1878 3654 2052 3721 σαφὴς
2085 3652 2143 3705 δέ
2177 3656 2314 3715 ἐστι,
2339 3652 2429 3705 καί
2455 3669 2537 3705 τοι
2566 3652 2713 3717 λέξει
2745 3652 2804 3704 οὐ
2831 3647 3113 3718 ξενιςούσῃ
3145 3646 3455 3716 χρώμενος·

167 3755 318 3809 ἀλλὰ
349 3762 429 3831 τῷ
456 3754 813 3825 σχοινπενέσι
848 3749 1080 3823 χρῆσθαι
1108 3751 1171 3803 ἐκ
1193 3748 1289 3802 τοῦ
1320 3749 1411 3800 ἐπὶ
1438 3748 1688 3800 πλεῖστον
1723 3748 1991 3818 περιόδοις
2022 3748 2115 3800 καὶ¹
2164 3747 2536 3820 παρεμϐολαῖς
2586 3744 3028 3814 ἀλλεπαλλήλοις,
3055 3742 3121 3794 δι’
3153 3735 3228 3795 ὧν
3257 3742 3350 3793 καὶ
3382 3743 3463 3804 εἰς

171 3853 456 3919 μήκιστον
485 3852 514 3902 ὁ
542 3846 665 3907 νοῦς
690 3847 1031 3899 ἀποτείνεται
1058 3844 1168 3897 τῶν
1205 3844 1602 3913 προκειμένων,
1632 3845 1752 3906 ταῖς
1798 3859 1859 3894 τε
1900 3842 2008 3895 τῶν
2058 3842 2336 3910 ὀνομάτων
2368 3842 2623 3911 πλαγίαις
2650 3840 2742 3893 καὶ
2785 3842 2904 3901 ταῖς
2939 3839 3253 3907 μετοχικαῖς
3281 3835 3461 3899 λέξεσι

166 3942 527 4005 πλεονάζειν,
558 3940 625 3991 τά
645 3938 785 3992 αὑτά
814 3954 871 3989 τε
902 3936 1161 3998 πολλάκις
1180 3936 1274 3989 καὶ
1297 3935 1417 3987 οὐδὲ
1449 3936 1545 3988 σὺν
1572 3934 1761 4004 κόσμῳ
1786 3936 2205 3997 ὲπανακυκλείν,
2230 3935 2321 3987 καὶ
2352 3934 2449 3997 τὰς
2470 3934 2834 4003 ἐπαναλήψεις
2851 3933 3011 3986 πλέον
3035 3932 3141 3984 τῶν
3156 3932 3462 4001 διηγήσεων

163 4042 341 4111 (ὅπερ
366 4033 641 4107 άμέθοδον
657 4029 959 4098 παντελῶς)
992 4034 1108 4093 ταῖς
1164 4029 1519 4101 περιστάσεσι
1561 4019 1966 4098 μεμεσὲὦσθαι,
2021 4029 2117 4081 καὶ
2161 4030 2276 4090 τοῖς
2309 4027 2590 4091 τοιούτοις,
2625 4028 2725 4080 οὐκ
2757 4028 2936 4095 ὀλίγον
2962 4026 3124 4095 ζόφον
3151 4025 3259 4078 τῶν
3291 4025 3459 4078 αὐτοῦ

161 4135 533 4202 γραμμάτων
564 4125 977 4190 κατασκεδάζει.
1022 4123 1192 4177 Porro
1221 4122 1286 4175 ad
1340 4122 1520 4190 fugam
1558 4121 1733 4188 allego

1878 4135 1944 4173 tm
1978 4118 2123 4188 quod
2181 4120 2396 4182 attinet,
2438 4120 2524 4173 cui
2559 4119 2977 4189 Mopsuestenus
3026 4120 3230 4189 ubique
3254 4119 3455 4178 studet,

160 4223 287 4281 ipse
324 4223 550 4276 scilicet
606 4220 710 4274 sibi
762 4227 847 4273 est
906 4219 1331 4277 consentaneus,
1379 4212 1469 4281 qui
1514 4226 1655 4281 opus
1696 4218 1893 4265 contra
1933 4210 2222 4281 Origenem
2264 4221 2427 4282 atque
2452 4213 2778 4282 allegoricos
2818 4213 3039 4283 scripsit
3074 4213 3169 4284 (c).
3205 4211 3461 4267 Proiecto

154 4315 475 4385 Origenem
501 4314 623 4367 sine
656 4311 824 4365 limite
852 4307 1158 4379 allegoricis
1188 4305 1737 4376 interpretationibus
1778 4306 2101 4370 indulsisse,
2138 4322 2312 4376 eoque
2363 4308 2614 4361 instituto
2662 4323 2879 4364 sacram
2912 4309 3215 4364 doctrinam
3251 4317 3307 4362 ct
3347 4309 3460 4364 his-

158 4406 383 4456 toriam
412 4417 639 4472 pessum
674 4416 818 4471 szepe
843 4400 1086 4469 dedisse,
1117 4412 1281 4471 atque
1309 4401 1600 4456 innumera
1630 4417 1881 4456 errorum
1914 4411 2167 4472 portenta
2213 4403 2506 4467 invexisse,
2539 4420 2702 4458 nemo
2738 4416 2823 4459 est
2865 4406 2954 4477 qui
2989 4412 3165 4474 neget.
3208 4404 3456 4458 Morbum

152 4492 320 4547 hunc
380 4493 815 4562 ingeniosissimi
862 4492 1113 4563 Origenis
1165 4493 1302 4547 satis
1357 4500 1724 4561 praesenserat
1764 4502 1918 4563 pater
1961 4494 2116 4561 ejus,
2164 4493 2370 4547 Christi
2410 4496 2647 4566 inclytus
2687 4507 2892 4567 martyr
2926 4496 3215 4560 Leonidas,
3239 4497 3359 4565 qui.
3398 4502 3459 4549 ut

152 4587 343 4639 tradit
394 4584 669 4638 Eusebius
713 4584 829 4653 id),
872 4585 1313 4639 admonefecerat
1349 4583 1521 4636 lilium
1581 4600 1646 4637 ne
1700 4584 1843 4637 ultra
1908 4584 2130 4637 obvium
2185 4600 2406 4638 sensum
2460 4588 2513 4639 in
2572 4586 2773 4641 divinis
2812 4587 3110 4656 Scripturis
3159 4587 3457 4657 quidquam

150 4678 513 4747 requireret,
560 4674 635 4745 μὴ
683 4677 781 4746 τῆς
814 4676 1124 4746 προφανοῦς
1154 4675 1393 4739 διανοίας
1432 4677 1727 4747 περαιτέριι

1879 4678 2058 4742 ζητεῖν
2097 4681 2397 4749 παραινῶν.
2460 4681 2523 4734 Ει
2563 4682 2785 4753 quidem
2830 4698 2930 4752 ego
2972 4694 3163 4736 contra
3208 4681 3456 4751 Origenis

145 4768 508 4821 audaciores
531 4766 741 4834 aliquot
769 4766 1079 4835 allegorias,
1119 4766 1267 4820 locos
1301 4767 1598 4821 nonnullos
1635 4766 1857 4820 Patrum
1915 4769 2225 4837 incognitos
2278 4771 2649 4839 producturus
2682 4774 2734 4828 in
2778 4774 2952 4829 lucem
2982 4774 3276 4844 aliquando
3311 4790 3455 4830 sum.

141 4857 541 4913 Carsariensis
574 4854 841 4909 Eusebius
866 4856 1116 4924 Origenis
1141 4854 1522 4927 perstudiosus
1555 4856 1936 4926 apologeticon
1972 4860 2194 4928 scripsit
2229 4876 2328 4929 pro
2357 4863 2664 4932 allegoricis
2682 4864 2848 4933 hujus
2868 4866 3456 4935 interpretationibus;

138 4953 324 5020 cujus
360 4952 446 5004 rei
476 4950 741 5003 certiores
776 4964 876 5002 nos
926 4949 1058 5003 facit
1094 4949 1394 5004 Ebediesus
1426 4950 1478 5003 in
1525 4951 1775 5021 catalogo
1815 4950 1910 5021 (ε),
1962 4952 2056 5021 qui
2099 4952 2251 5007 addit
2304 4954 2524 5010 Eusebii
2557 4958 2611 5011 id
2665 4972 2805 5028 opus
2857 4958 3154 5015 refutatum
3214 4960 3388 5017 fuisse
3426 4978 3461 5017 τι

139 5042 493 5097 Theodoro.
525 5040 709 5105 Quare
732 5041 844 5109 jam
872 5057 1033 5095 nemo
1064 5042 1380 5105 mirabitur,
1401 5043 1537 5097 nihil
1564 5044 1797 5098 omnino
1825 5044 2123 5113 allegorico
2153 5060 2319 5101 sensu
2355 5049 2495 5116 apud
2530 5060 2779 5103 nostrum
2813 5062 3094 5105 auctorem
3122 5053 3257 5108 dici.
3280 5053 3455 5107 Cmte‘
3499 5044 3505 5060 ’

131 5138 317 5207 roqui
373 5134 529 5203 quod
554 5135 752 5188 attinet
796 5135 863 5188 ad
905 5136 1198 5205 Augustini
1250 5137 1316 5205 (Γ)
1376 5152 1469 5193 seu
1510 5140 1693 5207 potius
1724 5138 1882 5194 Pauli
1925 5140 2152 5205 dictum,
2206 5144 2350 5212 quod
2401 5160 2563 5198 omne
2588 5143 2759 5200 Vetus
2809 5146 3223 5202 Testamentum
3285 5148 3458 5219 ﬁgura

132 5232 212 5283 sit
252 5229 442 5291 Novi,
478 5226 737 5295 quodque
763 5228 947 5280 omnia
976 5229 1043 5281 ad
1092 5229 1373 5285 Christum
1404 5240 1589 5300 postea
1619 5240 1914 5287 venturum
1952 5236 2123 5289 relata
2164 5237 2386 5301 fuerint,
2424 5237 2695 5293 Theodori
2718 5256 2940 5310 quoque
2968 5241 3144 5296 nostri
3192 5250 3459 5296 constans

130 5318 452 5375 sententia
476 5325 562 5371 est
594 5325 707 5370 tum
746 5317 798 5371 in
835 5319 1076 5389 prologis
1110 5327 1225 5373 tum
1262 5322 1425 5373 etiam
1457 5322 1608 5375 alibi.
1648 5323 1903 5379 Proiecto
1939 5326 2293 5396 allegoricum
2340 5336 2394 5382 et
2422 5330 2781 5399 anagogicum
2818 5339 2871 5386 et
2902 5331 3135 5401 quodvis
3162 5332 3458 5402 mysticum

127 5409 579 5481 interpretandi
623 5424 797 5476 genus
852 5425 1011 5464 nemo
1054 5411 1176 5479 pius
1207 5426 1302 5478 per
1336 5427 1395 5465 se
1428 5421 1765 5476 contemnet,
1803 5414 1950 5483 quod
2005 5417 2142 5485 ipsis
2190 5419 2450 5487 apostolis
2513 5418 2884 5490 Patribusque
2937 5420 3260 5491 apostolicis
3311 5421 3453 5474 haud

126 5507 502 5559 inusitatum
537 5500 809 5554 videmus.
842 5500 1188 5572 Caeteroquin
1222 5511 1496 5571 quatenus
1530 5506 1938 5574 procedendum
1972 5508 2061 5574 sit,
2097 5508 2151 5561 id
2199 5508 2417 5564 demum
2456 5512 2753 5580 prudentes
2783 5512 3105 5577 decernent,
3141 5512 3236 5582 qui
3288 5523 3465 5580 neque

202 5656 296 5728 (α)
332 5655 489 5728 -ᾼςμ
530 5653 585 5717 4,
615 5657 813 5725 p.211.

1945 5663 2020 5728 (tl)
2054 5662 2189 5715 Hist.
2224 5664 2351 5718 eccl.
2393 5662 2480 5726 Vl,
2510 5664 2562 5716 ‘2.

202 5722 288 5803 (ὁ)
319 5722 662 5803 gentico-cit.
699 5735 833 5803 tom.
874 5725 965 5779 Xll
1002 5743 1055 5796 p.
1378 5801 1387 5803 Α
1574 5800 1588 5803 ᾼ
1669 5800 1684 5803 _
1718 5802 1723 5803 ί

714 5741 833 5803 ,om.
874 5725 965 5779 XII
1002 5743 1055 5796 p.
1378 5801 1387 5803 Α
1574 5800 1588 5803 A
1669 5800 1684 5803 _
1718 5802 1723 5803 γ
1944 5722 2009 5798 (ιε)
2034 5732 2165 5803 Cap.
2209 5734 2291 5786 11.

197 5802 283 5861 (ε)
327 5794 651 5852 Ebediesus
684 5797 845 5851 catal.
877 5794 1017 5866 capf
1046 5802 1128 5864 l9,
1169 5800 1411 5857 Facund.
1446 5817 1526 5867 ut,
1563 5800 1629 5866 6;
1669 5800 1758 5854 Li-
1940 5794 2002 5872 θ’)
2043 5794 2261 5860 ὓέϐειι.
2290 5805 2356 5857 ad
2393 5805 2497 5858 litt.
2535 5804 2572 5869 ῐ,
2619 5806 2667 5858 l.

118 5870 318 5925 δεταί.
352 5880 491 5931 cap.
516 5864 606 5919 24.
