3934 6504
515 383 610 436 ιιι
1746 361 1905 417 ANG.
1949 357 2095 414 ΜΑιι
2133 354 2527 411 PREFATIO.
3658 356 3754 412 ,η

515 506 625 551 tota
651 487 987 548 credulitatis
1021 484 1170 538 lrena
1206 481 1488 542 laxabunt.
1535 491 1709 547 neque
1749 474 2090 528 committent
2128 479 2186 523 ιιι
2227 485 2334 546 non
2366 477 2475 522 tam
2524 469 2872 538 interpretari
2926 467 3211 524 videantur
3249 484 3411 538 quam
3450 471 3557 524 vim
3607 471 3754 523 Scri-

516 587 690 659 pturis
726 583 924 640 inferre
957 574 1149 644 :quasi
1175 586 1285 626 non
1317 571 1388 626 sit
1423 569 1694 637 piaculum
1725 579 1937 620 sacram
1965 562 2272 617 doctrinam
2306 560 2624 629 depravare,
2661 568 2713 612 et
2735 560 2801 612 ad
2833 560 3165 615 voluntatem
3201 576 3355 615 suam
3390 564 3612 616 oracula
3648 572 3759 616 tra-

519 650 644 736 liere
679 672 1055 743 repugnantia.
1083 665 1343 721 Nonnulli
1372 660 1590 716 interim
1620 666 1830 713 tantum
1868 656 1970 710 sibi
2004 669 2308 724 sumpsere,
2350 660 2409 706 ut
2445 650 2710 721 quidquid
2738 651 2842 721 ipsi
2874 653 3392 723 vellent,Scriptura
3420 655 3669 710 sentiret.
3697 655 3762 709 Et

517 785 696 828 tamen
731 781 960 836 magnus
992 761 1354 830 Hieronymus
1383 756 1460 825 (a)
1483 751 1926 810 commemoratis
1955 749 2318 802 vetustiorum
2349 746 2556 816 aliquot
2584 747 2638 797 in
2661 742 2978 797 Zachariam
3010 747 3315 814 prophetam
3350 749 3760 802 commentariis

517 866 783 940 mysticis.
833 861 1018 916 statim
1068 855 1254 911 subdit
1307 868 1366 906 se
1419 849 1663 903 historia:
1708 845 2022 900 Judaeorum
2081 841 2444 912 tropologiam
2496 839 2786 894 miscuisse
2829 838 3290 907 Christianorum,
3353 851 3410 896 ut
3465 844 3764 897 aediﬁcaret

518 976 681 1030 supra
717 965 926 1028 petram
967 959 1152 1006 etnon
1191 962 1355 1017 super
1379 959 1622 1008 arenam,
1656 956 1720 996 ac
1759 940 1957 997 stabile
1981 939 2186 1008 iaceret
2205 936 2624 992 fundamentum
2653 933 2798 1006 quod
2817 934 3022 991 Paulus
3049 937 3385 991 architectus
3423 941 3678 1008 posuisse
3708 957 3766 994 se

518 1051 730 1107 scribit.

585 1143 676 1198 Ν.
711 1140 1004 1206 Reliquum
1033 1140 1114 1187 est
1149 1140 1206 1184 ut
1238 1129 1580 1184 suborientes
1610 1123 1875 1194 quasdam
1911 1128 2104 1174 contra
2148 1120 2484 1175 authentiam
2510 1121 2710 1188 operis,
2737 1138 2832 1178 seu
2877 1119 3057 1191 potius
3084 1119 3149 1172 de
3171 1126 3391 1172 auctore
3423 1121 3563 1188 ejus,
3601 1121 3769 1174 dubi-

519 1240 754 1293 lationes
788 1233 1053 1288 relellam.
1087 1226 1144 1280 In
1170 1227 1374 1295 quinta:
1399 1221 1593 1293 synodi
1633 1219 1850 1273 actione
1879 1225 2098 1286 quarta,
2126 1216 2424 1270 multarum
2461 1215 2725 1272 adversus
2773 1215 3118 1271 Theodorum
3147 1214 3595 1270 criminationum
3625 1218 3773 1268 vice-

520 1340 656 1389 sima
692 1334 838 1384 hunc
867 1329 1029 1382 habet
1054 1325 1270 1378 titulum
1303 1340 1315 1374 :
1353 1316 1614 1372 Theodori
1636 1313 1995 1382 Hopsuesteni
2031 1326 2094 1364 ea:
2127 1312 2386 1380 principio
2413 1313 2777 1365 commentarii
2800 1310 2898 1380 (b),
2933 1309 3072 1379 quod
3097 1309 3150 1361 in
3178 1289 3456 1361 duodecim
3488 1311 3772 1377 prophetas

523 1431 753 1498 scripsit,
774 1424 1035 1492 abnegans
1056 1416 1355 1487 prophetias
1385 1415 1448 1466 de
1484 1410 1697 1467 Christo
1723 1424 1834 1462 esse
1855 1406 2139 1476 priedictas
2157 1422 2176 1470 ;
2209 1406 2299 1460 sed
2332 1423 2436 1459 non
2489 1406 2714 1460 volentes
2769 1406 3035 1475 (loquitur
3063 1403 3469 1473 lllopsuetenus)
3507 1405 3611 1456 ista
3642 1421 3774 1456 con-

523 1525 777 1579 siderare,
807 1532 950 1572 voces
977 1527 1151 1566 omnes
1178 1510 1383 1562 trahere
1419 1506 1486 1559 ad
1516 1505 1799 1558 Dominum
1824 1512 2024 1556 tentant
2053 1500 2344 1564 Christum,
2373 1509 2497 1554 utet
2523 1517 2638 1570 qua:
2660 1501 2722 1554 de
2748 1502 2940 1570 populo
2963 1500 3110 1566 facta
3133 1509 3277 1562 sunt,
3315 1499 3480 1550 simili
3504 1502 3662 1551 modo
3689 1501 3777 1551 in-

524 1617 834 1686 telligerent,
887 1618 934 1661 et
981 1607 1146 1659 risum
1195 1605 1508 1669 praestarent
1558 1594 1802 1658 Judteis,
1861 1593 2072 1664 quando
2122 1607 2187 1646 ea:
2225 1593 2544 1660 scriptorum
2588 1593 2856 1661 sequentia
2894 1591 3028 1644 nihil
3077 1589 3144 1643 ad
3177 1591 3457 1642 Dominum
3500 1589 3779 1646 Christum

523 1680 833 1774 pertinentes
854 1695 1131 1751 ostendunt
1153 1707 1319 1744 voces.
1360 1687 1539 1757 Pergit
1568 1685 1765 1740 deinde
1793 1683 2166 1753 MOpsuesteni
2193 1689 2484 1736 accusator
2517 1696 2639 1750 cap.
2663 1683 2731 1736 21
2757 1693 2809 1737 et
2840 1683 2910 1735 '29
2936 1680 3181 1752 proferre
3203 1682 3412 1750 aliquot
3438 1684 3776 1749 psalmorum

527 1803 696 1857 locos,
730 1811 759 1848 e
799 1789 999 1860 quibus
1024 1782 1340 1838 vaticinium
1372 1779 1657 1833 exclusum
1689 1776 2046 1845 conqueritur
2077 1789 2107 1826 a
2147 1772 2558 1843 Mopsuesteno.
2581 1771 2835 1826 Jamvero
2877 1771 3258 1826 Commentarii
3291 1773 3347 1823 in
3390 1787 3465 1824 xu
3491 1774 3778 1842 prophetas

525 1898 642 1954 sine
666 1891 831 1945 dubio
860 1885 1076 1939 initium
1104 1875 1480 1946 interpretatio
1507 1873 1661 1927 Osca:
1684 1881 1788 1933 est,
1827 1887 1934 1924 non
1960 1879 2070 1923 tam
2107 1871 2235 1939 quia
2288 1868 2342 1923 id
2372 1867 2508 1921 ordo
2550 1868 2666 1937 ipse
2699 1867 2752 1921 in
2798 1867 3080 1922 codicibus
3119 1868 3298 1932 docet.
3344 1885 3505 1940 quam
3535 1872 3665 1940 quia
3695 1872 3780 1926 sic

526 1993 600 2044 ait
623 1983 814 2058 primis
839 1977 1021 2033 verbis
1052 1982 1264 2025 auctor.
1301 1964 1462 2034 Atqui
1498 1963 1552 2015 in
1575 1962 1700 2023 hoc,
1747 1960 1891 2029 quod
1919 1958 2055 2020 dixi,
2105 1957 2266 2010 initio
2317 1956 2526 2009 nullum
2556 1969 2860 2008 consonmn
2896 1955 3168 2025 synodico
3191 1954 3272 2006 illi
3313 1963 3626 2012 testimonio
3654 1976 3780 2013 ver-

527 2051 654 2140 bum
676 2089 777 2136 est.
805 2073 946 2140 Quid
980 2065 1144 2138 ergo?
1169 2063 1444 2118 idcircone
1495 2058 1562 2112 de
1590 2066 1815 2110 auctore
1844 2055 2100 2108 dubitare
2131 2053 2295 2106 licet?
2329 2052 2553 2105 minime
2592 2051 2856 2120 gentium.
2887 2052 3025 2104 Cum
3079 2052 3227 2106 enim
3273 2053 3492 2108 aliunde
3519 2057 3780 2125 explora-

529 2181 802 2235 tissimum
848 2171 941 2233 sit,
988 2156 1365 2219 commentarii
1393 2153 1557 2223 hujus
1611 2151 2055 2220 Mopsuestenum
2117 2163 2240 2203 esse
2295 2156 2598 2208 auctorem,
2640 2147 2891 2216 sequitur
2941 2156 3000 2201 ut
3053 2147 3110 2200 in
3144 2147 3408 2218 synodiéo
3444 2151 3632 2207 codice
3679 2169 3784 2222 pro

529 2263 922 2329 Commentario
945 2260 1001 2312 in
1036 2269 1109 2308 xu
1136 2248 1438 2320 prophetas,
1467 2245 1888 2299 Commentarius
1913 2245 1967 2294 in
1992 2240 2241 2294 Psalmos
2274 2240 2621 2308 reponendus
2651 2239 2756 2305 sit;
2800 2239 2952 2309 isque
2983 2255 3140 2294 error
3179 2241 3264 2295 vel
3307 2241 3624 2313 Callonymo
3651 2261 3787 2300 con-

529 2303 920 2329 υυιιιυιιη-..ην
947 2303 1000 2312 ν.-
1037 2303 1108 2308 .-η
1137 2303 1147 2320 ,
1235 2303 1245 2312 ,
1428 2303 1436 2308 ,
2337 2303 2353 2308 _
2745 2303 2750 2305 Ἴ
2865 2303 2878 2309 -

527 2363 639 2417 eilii
671 2355 885 2412 notario
916 2364 1010 2405 seu
1032 2340 1324 2413 eclogario,
1355 2338 1447 2407 qui
1474 2337 1545 2390 ibi
1576 2336 1790 2398 recitat,
1822 2331 2186 2388 ascribendus
2207 2341 2330 2396 est;
2367 2331 2452 2384 vel
2481 2338 2629 2384 certe
2654 2341 2836 2398 postea
2872 2330 2926 2382 in
2955 2329 3250 2399 synodicos
3279 2303 3516 2394 codices;
3543 2349 3784 2400 quorum

533 2455 716 2510 nullus
745 2447 880 2502 satis
914 2440 1172 2506 antiquus
1189 2444 1478 2500 superesse
1509 2427 1748 2492 videtur,
1786 2426 2038 2496 irrepsit.
2078 2423 2284 2496 Synodi
2319 2425 2527 2492 quinta:
2557 2421 2782 2478 Graecus
2812 2423 2896 2477 vel
2932 2422 3124 2476 saltem
3178 2422 3405 2477 Latinus
3434 2425 3603 2479 codex
3651 2427 3788 2482 mihi

533 2548 716 2602 "unus
750 2539 815 2593 ad
840 2547 1059 2589 manum
1089 2537 1194 2589 est,
1230 2525 1284 2577 in
1310 2537 1419 2593 quo
1452 2521 1742 2575 lectionem
1775 2520 2030 2588 vestigem
2065 2535 2079 2571 :
2119 2519 2420 2586 praesertim
2453 2515 2580 2584 quia
2614 2515 2807 2585 synodi
2839 2514 3006 2583 hujus
3042 2524 3164 2568 acta
3191 2516 3449 2585 pleraque
3479 2518 3785 2586 perierunL

537 2638 677 2705 Ergo
700 2628 938 2690 interim,
969 2624 1142 2677 donec
1173 2619 1470 2687 synodicus
1497 2615 1669 2670 codex
1710 2614 1909 2670 aliquis
1945 2614 2225 2666 meliorem
2279 2611 2516 2665 fortasse
2549 2610 2838 2664 lectionem
2887 2607 3098 2672 oﬂerat,
3124 2624 3223 2678 ego
3252 2611 3469 2679 quidem
3504 2613 3568 2665 ad
3611 2630 3792 2669 remo-

536 2730 764 2786 vendam
797 2727 938 2778 hanc
965 2714 1457 2773 contradictionem
1508 2711 1868 2781 sequentibus
1899 2719 2022 2763 utar
2065 2710 2422 2778 argumentis.
2465 2705 2682 2759 Titulus
2729 2705 2820 2759 ille
2860 2720 2923 2758 ea:
2949 2702 3207 2773 principio
3243 2708 3608 2759 commentarii
3630 2708 3685 2760 in
3714 2724 3790 2760 xu

537 2825 817 2896 prophetas
863 2829 1090 2888 prorsus
1120 2809 1334 2864 videtur
1379 2819 1503 2858 esse
1535 2802 1896 2871 obreptitius;
1954 2797 2222 2868 quidquid
2269 2797 2414 2850 enim
2468 2797 2540 2849 ibi
2578 2795 2833 2864 praecedit
2877 2803 2971 2848 aut
3019 2793 3291 2861 sequitur,
3330 2794 3382 2848 id
3427 2809 3458 2850 e
3511 2793 3791 2853 Theodori

540 2883 935 2973 tiommeatario
964 2909 1017 2959 in
1053 2901 1299 2956 Psalmos
1337 2893 1640 2948 desumitur
1689 2909 1700 2944 :
1742 2888 1997 2958 praecedit
2038 2887 2183 2941 enim
2231 2884 2464 2951 eiusdem
2497 2900 2561 2937 ea:
2593 2883 3022 2951 interpretatione
3070 2889 3239 2940 octavi
3275 2889 3498 2954 psalmi;
3543 2893 3796 2960 sequitur

541 3009 775 3080 ejusdem
833 3005 886 3056 in
915 2999 1175 3068 psalmum
1198 2992 1498 3045 vicesimum
1526 2990 1774 3057 primum.
1800 2984 1858 3037 Et
1887 2994 2076 3051 postea
2103 2981 2339 3052 ejusdem
2371 2981 2434 3034 de
2457 2979 2888 3048 interpretatione
2909 2995 3076 3035 uvm
3108 2983 3320 3049 psalmi.
3346 2983 3449 3039 Sed
3469 2987 3610 3055 quod
3629 2998 3797 3057 caput

543 3074 650 3168 est,
688 3102 791 3157 loci
827 3097 950 3167 ipsi,
983 3093 1075 3162 qui
1127 3089 1229 3144 sub
1259 3087 1397 3141 falso
1432 3085 1590 3138 titulo
1635 3079 2016 3137 Commentarii
2058 3079 2114 3131 in
2163 3093 2238 3131 xu
2282 3080 2558 3144 prophetas
2607 3075 2872 3134 citantur,
2919 3074 3155 3128 universi
3187 3091 3217 3129 e
3251 3074 3483 3132 Psalmis
3511 3089 3797 3149 petuntur,

549 3209 710 3267 atque
735 3184 1043 3246 intermedii
1073 3187 1202 3234 sunt
1232 3180 1374 3236 inter
1410 3189 1666 3236 octavum
1696 3187 1743 3231 et
1779 3174 2099 3230 vicesimum
2121 3176 2356 3241 primum
2376 3169 2668 3237 psalmum,
2701 3168 2793 3237 qui
2829 3167 3082 3221 laudatur
3111 3167 3166 3221 in
3211 3170 3578 3240 subsequente
3606 3175 3796 3244 titulo;

552 3301 744 3356 nempe
771 3279 1124 3352 proferuntur
1178 3287 1207 3325 e
1244 3273 1470 3340 psalmis
1497 3285 1572 3325 ιιι
1605 3277 1661 3322 et
1686 3283 1776 3333 xv,
1806 3274 1861 3320 et
1901 3280 1964 3320 ex
1998 3263 2119 3331 ipso
2143 3279 2263 3326 ut;
2292 3274 2400 3331 qua
2429 3275 2495 3314 ex
2532 3275 2591 3313 re
2641 3266 2866 3328 apparet
2913 3257 3234 3328 synodicum
3277 3263 3604 3332 eclogarium
3664 3267 3801 3320 nihil

552 3383 697 3440 aliud
726 3381 798 3434 ibi
840 3374 1066 3429 recitare
1100 3381 1263 3435 quam
1292 3362 1538 3415 locorum
1577 3357 1774 3412 seriem
1803 3369 1868 3408 ex
1913 3351 2304 3405 Commentario
2355 3348 2724 3418 M0psuesteni
2778 3349 2834 3400 in
2875 3345 3120 3401 Psalmos
3150 3351 3440 3405 ordinatim
3503 3370 3801 3427 excerptu—

553 3489 694 3530 rum.
721 3468 784 3522 Et
816 3461 1034 3534 quidem
1073 3459 1126 3510 in
1168 3451 1400 3508 Psalmis
1427 3447 1660 3501 maxime
1711 3440 2136 3510 interpretandis
2179 3455 2368 3493 ansam
2409 3438 2890 3493 criminationibus
2925 3438 3197 3492 obtulerat
3246 3440 3683 3510 Mopsuestenus,
3709 3450 3799 3516 qui

549 3563 774 3642 jm‘cnili
807 3561 861 3612 in
891 3557 959 3610 iis
990 3550 1215 3605 audacia
1242 3542 1608 3599 exsultaverat
1636 3556 1650 3592 :
1681 3549 1804 3589 nam
1832 3535 1878 3588 si
1909 3539 2057 3586 certe
2081 3547 2204 3586 vera
2235 3540 2425 3584 narrat
2463 3528 2724 3582 Leontius
2753 3529 2849 3582 lib.
2886 3543 2968 3591 ιιι,
3003 3528 3092 3587 15.
3118 3541 3303 3583 contra
3342 3531 3520 3596 Nest.,
3553 3538 3799 3604 psalmos

1087 3641 1092 3642 ,
1157 3641 1163 3642 ,
1362 3631 1402 3642 ru
1507 3629 1518 3640 ο
1719 3633 1730 3642 .
1762 3626 1910 3642 κι-ᾼ,.
1975 3623 2146 3642 .__!L__-
2189 3631 2394 3642 .,.-_.___.
2435 3621 2653 3642 l‘L_'..\-..
2689 3618 2915 3642 n--_:_...
2962 3622 3257 3642 -..κη-κηιξᾼ
3320 3622 3450 3642 mu”,
3503 3623 3541 3642 ιι
3682 3628 3693 3642 ι
3721 3628 3730 3638 ι

553 3618 743 3714 omnes
773 3651 840 3706 ad
867 3641 1256 3701 Zorobabelem
1283 3643 1336 3687 et
1362 3629 1613 3684 Ezeciam
1655 3626 1936 3687 retulerat,
1975 3623 2150 3676 tribus
2189 3631 2398 3675 tantum
2434 3621 2657 3678 Christo
2688 3618 2918 3671 Domino
2962 3622 3280 3673 reservatis.
3320 3622 3454 3676 Tum
3503 3623 3807 3696 Hesychius

557 3747 848 3806 historicus
889 3735 1032 3809 apud
1052 3729 1249 3786 concil.
1288 3723 1354 3786 V,
1397 3728 1504 3774 ad.
1535 3735 1594 3779 v,
1621 3717 1688 3771 de
1725 3715 2109 3783 Mopsuesteno
2139 3714 2218 3765 sic
2251 3709 2492 3778 loquitur
2521 3728 2533 3762 :
2583 3705 2766 3760 Prima
2791 3707 3044 3760 elementa
3073 3725 3183 3761 sui:
3212 3709 3467 3766 doctrinm
3487 3729 3551 3767 επ
3573 3713 3806 3768 ,ιυάοεσο

557 3843 857 3910 vaniloquio
891 3832 1166 3900 incipiens,
1209 3821 1440 3877 codicem
1485 3815 1538 3869 in
1573 3811 1910 3884 prophetiam
1943 3809 2282 3879 psalmorum
2315 3804 2843 3870 conscripsit,omnes
2884 3802 2948 3854 de
2992 3801 3218 3856 Domino
3255 3804 3618 3868 praedictiones
3649 3806 3810 3860 abne-

559 3891 787 4008 qanteni.
819 3891 1009 3994 Neque.
1038 3929 1219 3974 tamen
1245 3918 1474 3967 externo
1512 3902 1826 3960 testimonio
1855 3914 1995 3969 opus
2017 3904 2120 3961 est,
2150 3911 2274 3950 cum
2309 3895 2487 3963 ipsum
2513 3900 2790 3945 auctorem
2825 3891 3119 3944 habeamus
3148 3893 3347 3960 scripta
3377 3907 3474 3946 sua
3498 3895 3548 3946 in
3572 3896 3807 3961 psalmos

559 4001 569 4008 ι
1345 4002 1353 4008 .
1501 3999 1510 4007 .
1551 4003 1561 4008 -
1610 3996 1620 4008 I
1820 3993 1830 4008 ι
1889 4007 1892 4008 ,
1965 3989 2095 4008 .,,__,I
2133 3986 2445 4008 l.‘,..--_--.l.---.
2486 3999 2543 4008 ...
2609 3983 2642 4008 Λὶ
2679 4000 2693 4008 .
2744 3982 2814 4008 1-³,-
2842 3998 2954 4008 ’.ιιι-1
2978 3983 3172 4008 ρηηέκιι.
3205 3994 3322 4008 --.με
3359 3984 3409 4008 2..
3447 3986 3684 4008 _-..I_-.._
3709 3989 3780 4008 ---Ξ

558 3982 829 4100 ἑνωρὶριιθ
860 3982 940 4072 sic
960 4013 1310 4066 accusantem
1343 4002 1396 4053 in
1428 3996 1658 4067 epistola
1690 3993 1924 4063 quadam
1955 3989 2097 4058 apud
2131 3986 2446 4040 Faciundum
2485 3999 2568 4047 ιιι,
2609 3983 2644 4036 6
2679 4000 2694 4036 :
2736 3982 2816 4034 Ea
2839 3998 2954 4050 qua:
2976 3983 3172 4051 scripta
3201 3994 3322 4037 sunt
3359 3984 3410 4037 in
3447 3986 3687 4054 psalmos
3709 3989 3808 4040 mi-

1742 4089 1750 4098 .
1967 4088 1975 4096 -
2051 4085 2059 4094 ο
2216 4098 2255 4100 _,
2293 4098 2343 4100 μ-
2380 4090 2542 4100 ---ΔΑ---
2577 4087 2820 4100 ___-__-._---
2856 4084 3150 4100 --.-....---..o
3173 4075 3446 4100 l.-.L...‘..-..-
3478 4077 3612 4100 -.'-.--
3645 4078 3805 4100 :-.__-_

558 4075 862 4187 :aris,rqute
891 4113 1050 4166 etiam
1080 4104 1252 4173 prima
1275 4104 1586 4149 casterorum
1610 4089 1843 4143 omnium
1869 4085 2179 4148 scripsimus
2208 4098 2348 4134 :non
2371 4090 2545 4132 autem
2568 4087 2823 4146 quantam
2850 4084 3150 4142 oportuerat
3169 4075 3446 4128 habuimus
3470 4077 3615 4129 circa
3643 4078 3808 4130 istam

557 4231 667 4270 mm
688 4171 1013 4277 άείξςρηιίαιη
1045 4191 1229 4263 :passi
1251 4195 1390 4245 enim
1423 4203 1604 4242 sumus
1631 4196 1948 4254 quwcunque
1988 4179 2314 4246 incipientes,
2342 4187 2395 4228 ut
2429 4175 2614 4236 evenit,
2644 4175 2697 4226 in
2728 4174 2991 4240 imperitia
3015 4171 3278 4223 scribendi
3300 4174 3572 4224 constituti
3595 4188 3613 4225 :
3647 4174 3810 4243 siqui-

560 4317 678 4370 dem
720 4324 768 4363 et
822 4303 1019 4359 multas
1041 4291 1434 4349 immutationes
1457 4276 1522 4337 a6
1545 4282 1640 4335 illo
1685 4290 1913 4347 tempore
1941 4292 2057 4345 qua:
2097 4283 2278 4328 nostra
2305 4283 2427 4326 sunt
2463 4280 2820 4339 susceperunt,
2869 4286 2998 4338 quas
3025 4284 3126 4320 non
3154 4279 3230 4321 est
3261 4271 3534 4336 pra’sentis
3558 4274 3808 4337 temporis

561 4417 813 4462 enarrare
845 4412 863 4449 :
892 4409 957 4448 ea:
984 4406 1088 4461 qua
1127 4397 1292 4437 causa
1316 4377 1484 4447 magis
1513 4372 1827 4442 negligenter
1857 4384 1888 4420 a
1911 4366 2059 4420 nobis
2093 4366 2386 4431 composita
2403 4371 2524 4416 sunt
2554 4362 2806 4430 plurima,
2853 4369 2902 4412 et
2928 4359 3153 4410 maxime
3177 4357 3272 4410 illa
3305 4375 3420 4427 qum
3465 4361 3636 4426 prima
3663 4373 3806 4414 sunt.

564 4503 762 4554 lterum
798 4493 911 4560 ipse
938 4479 1300 4541 Facundusx,
1322 4476 1354 4528 5
1389 4493 1401 4527 :
1441 4469 1744 4525 Theodorus
1783 4471 1924 4519 ultro
1955 4464 2291 4530 semetipsum
2320 4459 2696 4530 reprehendens
2729 4459 2784 4510 in
2809 4457 3134 4524 expositione
3159 4456 3512 4518 Psalmorum,
3537 4458 3809 4526 confessus

564 4600 642 4646 est
674 4549 1160 4659 quodmegligenter
1194 4585 1297 4623 ase
1317 4564 1604 4629 composita
1634 4561 1828 4627 fuerint
1869 4558 2121 4625 plurima,
2147 4563 2194 4608 et
2223 4555 2451 4606 maxime
2485 4553 2582 4605 illa
2630 4567 2744 4620 qua:
2783 4551 2954 4618 prima
2989 4557 3129 4603 sunt.
3176 4545 3318 4599 Sane
3347 4547 3480 4599 side
3513 4561 3622 4598 uno
3645 4562 3812 4614 opere

569 4684 655 4736 hic
686 4643 925 4746 loquitur
964 4665 1272 4724 Facundns,
1301 4662 1490 4716 utiaue
1514 4663 1756 4729 apparet,
1784 4653 2126 4707 'I‘hcodorum
2166 4667 2230 4706 ex
2269 4665 2366 4704 sua
2391 4649 2732 4703 Psalmorum
2760 4647 3206 4713 interpretatione
3235 4643 3505 4713 praecipue
3533 4643 3807 4710 vitupera-

570 4779 714 4831 visse
765 4769 1089 4843 principiqu
1147 4761 1326 4828 operis
1359 4759 1447 4825 (de
1475 4770 1585 4826 quo
1622 4753 1834 4809 scilicet
1883 4749 2156 4820 principio
2187 4748 2326 4816 apud
2385 4753 2592 4799 textum
2641 4743 2958 4812 synodicum
3005 4753 3184 4793 sermo
3212 4737 3338 4804 est).
3385 4737 3487 4787 Sel
3532 4741 3653 4786 esto
3683 4750 3813 4788 sane

569 4823 905 4934 ambigtium,
934 4867 1118 4912 utrum
1145 4850 1286 4922 apud
1315 4846 1632 4902 Facundum
1661 4842 1988 4896 vocabulum
2038 4839 2210 4907 prima
2235 4838 2506 4903 signiticet
2541 4833 2838 4902 primordia
2868 4834 3057 4898 operis,
3097 4847 3165 4883 an
3213 4829 3390 4898 potius
3421 4824 3684 4878 scribendi
3713 4823 3815 4874 ini-

573 4967 741 5026 tium;
798 4957 1020 5010 tninitne
1048 4966 1176 5003 vero
1209 4945 1371 5000 dubia
1402 4952 1486 4997 est
1512 4941 1727 4995 Leontii
1751 4937 2051 4992 auctoritas
2080 4943 2266 4986 contra
2299 4931 2452 4988 Nest.
2495 4932 2588 4984 lib.
2620 4947 2702 4992 ιιι,
2732 4931 2820 4994 45,
2847 4931 2936 4984 ubi
2985 4929 3188 4995 scripta
3219 4920 3580 4990 Mopsuesteni
3605 4917 3813 4984 vitupe-

571 5071 723 5116 rans,
758 5054 810 5106 in
837 5051 921 5105 his
941 5052 1188 5103 recenset
1211 5044 1308 5109 τὴν
1333 5040 1472 5093 κατὰ
1493 5039 1601 5091 τῶν
1637 5035 1795 5107 ἱερῶν
1842 5032 2072 5103 ψαλμῶν
2095 5049 2124 5083 τ

2258 5029 2416 5082 ,ποιὸν
2447 5027 2820 5098 προοεωρίανε
2855 5027 2935 5080 sic
2960 5025 3103 5078 enim
3137 5018 3278 5074 edidi
3321 5032 3382 5068 ex
3415 5015 3604 5068 Graeco
3629 5013 3811 5066 codice

577 5151 859 5209 Vaticano,
902 5156 1024 5214 quae
1050 5140 1213 5193 verba
1245 5138 1298 5190 in
1336 5132 1592 5188 Turriani
1618 5130 1930 5187 Latinitate.
1951 5143 2071 5196 qua-3
2088 5126 2202 5181 sola
2249 5126 2512 5177 hactenus
2540 5122 2686 5176 edita
2714 5121 2910 5179 fuerat,
2945 5119 3025 5173 sic
3057 5116 3280 5175 habent,
3329 5121 3378 5164 et
3405 5108 3810 5179 prtemeditatin-

575 5258 689 5298 nem
717 5244 1066 5293 exca’cantem
1090 5233 1146 5284 in
1164 5245 1342 5282 sacros
1381 5228 1642 5282 Psalmos.
1669 5224 1812 5278 Sane
1831 5222 2140 5276 Turrianus
2172 5218 2518 5287 interpretari
2549 5216 2815 5284 potuisset
2837 5212 3199 5282 pra’fationem
3232 5223 3250 5262 :
3287 5205 3410 5274 quis
3443 5203 3588 5258 enim
3618 5201 3810 5261 nescit,

577 5337 898 5400 argumenta
938 5339 1034 5380 seu
1075 5320 1418 5390 praefationes
1457 5315 1768 5370 Graecarum
1810 5313 1893 5368 vel
1945 5311 2253 5365 orationum
2302 5309 2385 5362 vel
2427 5305 2742 5374 hujusmodi
2793 5303 3234 5357 lucubrationum
3273 5294 3534 5366 appellari
3578 5291 3822 5362 προθεω-

579 5419 740 5490 ρίαςῖ
775 5415 942 5468 Valde
977 5414 1142 5482 igitur
1176 5422 1376 5463 censeo
1408 5403 1731 5476 synodicum
1759 5399 2095 5472 eclogarium
2119 5399 2430 5467 respexisse
2457 5395 2524 5448 ad
2554 5393 2927 5464 praelationem
2959 5389 3341 5447 Commentarii
3369 5386 3732 5444 Psalmorum,
3769 5377 3827 5429 in

578 5524 683 5578 qua
713 5506 1035 5561 Theodorus
1063 5501 1316 5554 liberiore
1341 5496 1558 5568 ingenio
1574 5495 1797 5555 luserat,
1831 5499 1884 5545 et
1917 5488 2168 5560 quaedam
2191 5497 2380 5542 contra
2409 5487 2670 5557 mysticos
2696 5485 3023 5554 liguratosve
3048 5496 3242 5535 sensus
3275 5477 3535 5531 audacius
3563 5471 3830 5526 elluderat

583 5607 732 5672 (puta
769 5603 857 5654 illa
905 5600 1069 5653 verba
1125 5593 1372 5667 synodiei
1431 5585 1774 5656 testimonii),
1805 5601 1928 5657 quae
1970 5583 2166 5639 deinde
2199 5583 2428 5652 ipsemet
2477 5582 2813 5639 retractavit.
2870 5587 2927 5632 ut
2959 5579 3033 5631 ait
3069 5573 3390 5644 Hesychius.
3426 5569 3669 5636 Denique
3715 5579 3783 5617 uo

657 5790 732 5854 (ιι)
771 5789 976 5852 l'rolog.
1015 5783 1080 5854 ad
1120 5780 1398 5854 comm._i_n_
1430 5776 1594 5831 Zach.
1703 5846 1714 5854 _
1869 5844 1885 5854 _
2035 5845 2046 5854 _
2111 5844 2158 5854 __
2267 5787 2389 5827 esse
2420 5769 2673 5854 mendum
2721 5761 2927 5818 librarii
2967 5761 3060 5829 qui
3113 5751 3588 5854 qanilltntall'lexcrit
3622 5750 3813 5802 Ιίιιοκρ

655 5825 731 5927 ab;
771 5825 980 5912 Conci’l:
1040 5853 1129 5906 hic
1175 5860 1230 5907 et
1274 5850 1402 5905 alibi
1439 5846 1758 5908 commenti;
1793 5844 1887 5900 sed
1945 5845 2086 5900 malo
2111 5844 2161 5898 id
2276 5825 2654 5910 compendium
2686 5849 2808 5890 cum
2841 5825 3183 5901 superposita
3221 5825 3431 5880 lineola.
