3994 6548
200 445 286 502 115
1416 445 1576 502 ANG.
1619 444 1764 500 MAI!

1870 445 2192 504 lASFATlO.
3349 447 3402 498 11
3424 446 3447 499 1

190 576 506 631 magnopere
540 561 846 615 mirandum
887 571 994 626 est,
1035 563 1082 617 si
1125 563 1261 616 forte
1303 579 1470 616 unum
1515 577 1614 632 pro
1643 563 1818 618 altero
1849 560 2225 632 Mopsuesteni
2280 575 2418 627 opus
2459 560 2744 613 recitatum
2791 558 2915 623 fuit,
2967 559 3011 614 si
3042 567 3189 614 certe
3236 570 3451 614 constat

190 657 371 711 nonid
427 656 604 710 solum
657 673 779 712 esse
826 661 1200 721 commissum,
1248 674 1433 711 verum
1495 667 1548 712 et
1570 658 1691 727 ejus
1725 659 1914 712 titulos
1951 657 2222 711 interdum
2257 655 2427 710 fuisse
2483 655 2638 709 valde
2674 670 2980 724 perversos.
3048 654 3241 710 Nonne
3302 654 3449 706 enim

193 749 440 802 Leontius
474 749 644 804 libros
680 749 951 802 Theodori
986 749 1062 802 De
1081 750 1447 802 incarnatione
1471 757 1524 803 et
1557 747 1977 803 Commentarios
2000 748 2055 800 in
2076 745 2294 810 Jobum,
2339 756 2621 814 propterea
2655 744 2800 813 quod
2839 746 3049 800 insanis
3079 744 3368 798 sententiis
3398 751 3451 795 et

188 841 489 895 damniﬁcis
529 839 712 894 referti
749 849 926 904 erant,
993 842 1272 912 inscripsit
1319 859 1416 896 scu
1476 837 1763 909 appellavit

1875 841 1947 894 τὰ
1997 836 2529 906 ἐνανθρωπήσεως,
2581 836 2831 890 adversus
2894 838 3336 898 incarnationem,
3399 846 3450 891 et

188 932 331 985 mo
349 930 454 986 τὸν
494 933 632 994 me,
660 934 912 986 adversus
941 932 1135 987 Jobum
1156 937 1180 989 ?
1204 933 1458 988 Profecto
1493 934 1546 988 id
1583 934 1639 987 in
1669 933 1785 1003 ipso
1813 932 2047 986 concilio
2088 931 2282 1001 quinto
2317 945 2382 984 ex
2415 929 2545 982 odio
2586 930 2666 982 vel
2693 939 2838 982 certe
2884 930 3227 982 notariorum
3263 944 3452 984 errore

187 1027 228 1078 lit
269 1036 383 1079 tum
410 1026 722 1094 justissime
749 1026 947 1082 asserit
990 1029 1043 1080 in
1096 1029 1548 1082 adnotationibus
1597 1027 1665 1080 ad
1711 1027 1961 1080 notitiam
2010 1024 2280 1079 Theodori
2323 1023 2495 1077 nostri
2552 1026 2629 1093 (α)
2668 1023 3073 1086 Tillemontius,
3115 1023 3275 1092 cujus
3331 1024 3445 1076 haec

187 1123 344 1172 verba
382 1127 513 1173 sunt
548 1137 561 1172 :
598 1119 742 1172 Dans
772 1119 819 1172 le
856 1119 1147 1188 cinquiéme
1179 1120 1375 1173 concile
1398 1119 1497 1189 (ὁ),
1527 1128 1681 1173 θωνα
1711 1119 1784 1172 les
1806 1134 2054 1187 passages
2093 1119 2219 1170 cilés
2251 1116 2315 1169 de
2346 1113 2613 1169 Théodore
2635 1114 2699 1168 de
2729 1113 3028 1180 Mopsueste
3065 1131 3198 1182 pour
3218 1116 3455 1184 justiﬁer

186 1230 239 1263 sa
270 1209 704 1270 condamnation.
737 1229 802 1266 on
825 1228 888 1266 en
923 1222 1100 1264 trouve
1136 1227 1205 1263 an
1242 1211 1344 1264 cité
1367 1215 1428 1264 de
1450 1227 1546 1263 son
1577 1209 1970 1263 comt‘nentaire
2005 1223 2100 1262 sur
2121 1207 2262 1260 saint
2297 1205 2597 1270 Matthieu;
2632 1215 2680 1257 et
2711 1205 2743 1256 ὰ
2778 1204 2831 1256 la
2862 1212 2988 1256 teste
3017 1203 3087 1254 du
3118 1204 3322 1256 suirant
3353 1204 3389 1256 il
3423 1221 3454 1273 y

187 1320 234 1363 α,
259 1303 507 1370 ejusdem
541 1319 608 1356 ex
650 1305 789 1358 libro
831 1306 976 1374 quod
1011 1303 1153 1360 Deus
1209 1313 1494 1374 peccaturo
1537 1304 1724 1358 docuit
1771 1311 1824 1356 et
1851 1311 2084 1356 mortem
2135 1299 2460 1354 introduxit.
2529 1297 2796 1352 Théodore
2824 1305 2908 1350 n'a
2948 1298 3092 1364 point
3127 1298 3455 1350 assurément

186 1399 358 1449 donué
382 1413 439 1449 ce
461 1399 584 1451 titre
613 1400 645 1451 ὰ
673 1416 847 1453 aucun
884 1401 948 1454 de
970 1417 1050 1454 ses
1086 1417 1335 1471 ouvrages
1364 1415 1382 1452 :
1415 1410 1463 1454 et
1490 1402 1529 1453 il
1550 1401 1667 1469 {aut
1699 1417 1796 1470 que
1819 1416 1874 1453 ce
1903 1401 2006 1453 soil
2050 1415 2149 1452 une
2181 1414 2363 1452 erreur
2391 1397 2547 1467 qu‘on
2577 1394 2794 1464 prétend
2822 1395 2948 1448 tirer
2986 1393 3048 1445 de
3082 1394 3361 1462 quelqu‘un
3393 1394 3457 1445 de

186 1505 259 1542 μς
297 1489 475 1551 liores,
503 1499 553 1543 et
578 1508 703 1544 sans
732 1491 889 1546 dante
921 1493 992 1544 du
1021 1493 1422 1548 Commentaire
1458 1509 1552 1548 sur
1583 1495 1728 1550 saint
1761 1492 2046 1556 Matthieu,
2090 1493 2299 1544 nommé
2334 1489 2778 1543 immédiatement
2823 1501 3177 1557 auparavant,
3230 1489 3276 1542 si
3323 1502 3454 1539 nous

186 1580 350 1633 lisons
381 1596 447 1634 ex
477 1581 668 1636 eodem
702 1583 860 1638 libro.
896 1583 1130 1639 Prorsus
1158 1587 1230 1638 ita
1265 1587 1520 1655 superius
1550 1601 1651 1641 nos
1681 1586 1945 1648 diximus,
1976 1585 2156 1638 locum
2192 1585 2367 1646 illum,
2407 1583 2500 1652 qui
2545 1584 2747 1637 dicitur
2778 1601 2842 1638 ex
2874 1583 3267 1637 Commentario
3299 1582 3354 1632 in
3380 1594 3455 1633 xtt

185 1678 492 1743 prophetas,
525 1677 874 1732 referendum
922 1695 1046 1734 esse
1072 1681 1137 1733 ad
1172 1682 1397 1734 citatum
1437 1681 1492 1735 in
1541 1682 1978 1752 praecedentibus
2033 1679 2282 1736 Psalterii
2324 1680 2544 1734 librum.
2606 1680 2752 1744 llaec,
2791 1681 3037 1750 inquam,
3083 1679 3449 1748 peremptoris

185 1775 582 1828 demonstratio
607 1784 691 1828 est
720 1777 986 1831 adversus
1017 1792 1112 1832 eos
1140 1777 1231 1847 qui
1267 1777 1587 1846 synodicum
1617 1778 1996 1832 testimonium
2036 1778 2198 1832 nobis
2233 1777 2556 1846 objecerint.
2590 1808 2660 1817 ——
2700 1777 2789 1832 Sic
2831 1780 2960 1833 olim
2998 1795 3098 1845 ego
3136 1777 3457 1845 disputave-

188 1880 328 1925 ram,
355 1871 415 1917 ut
449 1867 756 1932 prae-mium
802 1873 857 1920 in
909 1867 1158 1922 Psalmos
1206 1885 1302 1938 pro
1349 1870 1602 1937 prommio
1657 1872 1710 1922 in
1764 1885 1838 1922 xu
1891 1868 2171 1937 prophetas
2222 1868 2572 1924 scribendum
2599 1883 2722 1923 esse
2774 1869 2828 1922 in
2885 1870 3094 1939 synodo
3147 1869 3456 1922 suaderem.

189 1955 346 2010 Nunc
378 1957 511 2011 illud
545 1959 598 2011 in
632 1968 866 2014 mentem
897 1963 1064 2024 venit,
1099 1962 1210 2015 fieri
1255 1978 1414 2031 posse
1446 1971 1501 2015 ut
1547 1963 1798 2031 generale
1844 1963 2064 2032 aliquod
2105 1962 2432 2032 prooemium
2464 1963 2517 2015 in
2549 1963 2775 2016 minores
2815 1963 3096 2029 prophetas
3123 1961 3253 2016 olim
3284 1961 3458 2014 exsti-

186 2049 313 2101 terit
353 2048 624 2104 Theodori
657 2055 852 2115 nostri,
885 2053 1030 2122 quod
1063 2054 1114 2106 in
1149 2054 1430 2109 codicibus
1453 2070 1562 2108 non
1597 2056 1666 2109 sit
1687 2063 2092 2118 conservatum,
2131 2061 2353 2122 propter
2374 2055 2732 2109 reverentiam
2759 2053 2992 2107 fortasse
3007 2067 3136 2122 erga
3163 2051 3462 2105 concilium

186 2154 213 2190 a
243 2155 362 2208 quo
397 2139 495 2193 fuil
533 2141 666 2195 illud
697 2143 1088 2212 vituperatum.
1121 2146 1326 2200 Certea
1357 2145 1722 2207 Theodoreto.
1761 2145 1853 2214 qui
1891 2137 2242 2199 Theodorum
2272 2145 2325 2198 in
2354 2145 2674 2200 eorumdem
2707 2145 3095 2214 prophetarum
3135 2145 3466 2213 interpreta-

186 2233 339 2284 tione
365 2233 526 2287 valde
556 2244 822 2297 sectatur,
853 2241 1163 2306 generalem
1203 2227 1488 2308 prologum
1515 2239 1793 2308 prmscribi
1819 2239 2067 2294 videmus
2102 2257 2114 2292 :
2152 2246 2268 2292 tum
2312 2240 2367 2292 in
2402 2247 2554 2294 textu
2591 2247 2786 2294 nostro
2835 2238 3104 2294 Theodori
3162 2241 3207 2293 si
3241 2256 3340 2308 pro
3381 2241 3462 2299 εἰς

188 2323 415 2394 ἔλεγχον
446 2326 575 2387 τῶν,
600 2336 706 2382 etc.
743 2331 1020 2384 scribatur
1041 2333 1122 2394 εἰς
1154 2332 1372 2403 ἔλεγχον
1395 2328 1488 2388 οὖν
1532 2333 1662 2394 τῶν,
1697 2343 1765 2386 ett

1892 2348 1969 2386 aee
2013 2347 2119 2386 una
2178 2334 2473 2402 particula,
2507 2349 2630 2404 qua:
2664 2334 2900 2388 fortasse
2940 2342 3053 2386 tum
3082 2342 3167 2389 est
3193 2334 3465 2388 subducta

185 2432 312 2470 cum
354 2418 542 2485 priora
571 2431 975 2483 resecarcntur,
1003 2424 1136 2477 satis
1168 2425 1436 2479 indicaret
1461 2427 1711 2496 generale
1748 2441 1778 2478 a
1823 2426 2114 2481 Theodoro
2150 2428 2478 2497 prommium
2531 2427 2701 2482 fuisse
2755 2428 3128 2497 prrepositum.
3157 2426 3247 2478 llla
3301 2427 3465 2481 etiam

186 2510 356 2564 verba
395 2527 450 2581 p.
483 2513 532 2578 1,
561 2529 614 2567 v.
651 2514 704 2568 5.
740 2516 862 2569 καθ’
900 2515 936 2568 ἃ
968 2517 1200 2586 πρόσθεν
1261 2519 1432 2592 ἔφθην
1479 2521 1649 2574 εἰπὼν
1687 2522 1756 2591 (si

1887 2529 1936 2575 te
1979 2523 2402 2592 interpungatur
2449 2529 2574 2575 ante
2623 2522 2682 2573 ὲν
2716 2520 2972 2590 ψαλμοῖς,
3001 2536 3162 2574 secus
3181 2520 3226 2574 si
3253 2522 3464 2589 postea)

181 2601 333 2656 haud
364 2619 478 2658 rem
507 2605 559 2658 in
573 2604 789 2660 diverso
813 2624 977 2677 opere
994 2608 1218 2674 dictam,
1245 2612 1338 2666 sed
1359 2613 1412 2666 in
1432 2625 1697 2682 praesente
1724 2614 1929 2683 scripto
1949 2614 2212 2668 denotant
2239 2614 2410 2684 :quod
2431 2614 2474 2669 si
2499 2613 2572 2666 ita
2589 2620 2693 2678 est,
2710 2613 2980 2682 generalis
3003 2614 3260 2682 prologus
3279 2627 3470 2667 neces-

183 2699 340 2751 sario
358 2698 698 2770 intelligitur,
717 2702 808 2770 qui
825 2702 944 2756 sine
967 2703 1136 2757 dubio
1151 2710 1258 2756 tam
1283 2706 1524 2775 copiosis
1561 2707 1614 2759 in
1636 2723 1710 2759 xu
1753 2706 2030 2775 prophetas
2049 2707 2443 2759 commentariis
2474 2705 2690 2760 videtur
2710 2703 2880 2759 fuisse
2894 2703 3467 2758 convenientissimus.

254 2791 321 2846 V.
359 2793 517 2847 Nunc
553 2811 662 2863 quo
699 2797 936 2866 ingenio,
978 2813 1088 2867 qua
1135 2800 1371 2863 ratione,
1417 2816 1528 2870 quo
1555 2800 1661 2855 line
1704 2799 2030 2855 Theodorus
2065 2801 2164 2855 hos
2211 2801 2276 2854 ad
2328 2800 2629 2870 prephetas
2663 2799 3094 2853 commentarios
3140 2799 3471 2853 instruxisse

177 2889 462 2953 videatur,
494 2892 677 2945 sobria
717 2908 840 2946 cum
885 2894 1149 2950 brevitate
1197 2897 1491 2952 dicendum
1539 2906 1645 2952 est.
1679 2902 1856 2969 Atque
1905 2898 1960 2952 in
2005 2899 2199 2967 primis
2230 2897 2527 2951 fecundum
2574 2896 2850 2951 Theodori
2901 2895 3138 2963 felixque
3190 2894 3469 2963 ingenium

178 2982 383 3034 mirari
420 2981 568 3048 licet,
598 2986 691 3054 qui
727 2987 795 3040 de
827 3002 969 3055 penu
1012 2999 1114 3040 suo
1160 2985 1424 3057 pleraque
1473 2987 1658 3040 omnia
1706 2987 1900 3050 sumit,
1951 2986 2225 3039 neminem
2266 2985 2538 3049 imitatur,
2589 2983 2795 3038 nedum
2845 2983 3067 3050 expilat.
3124 2979 3374 3049 Cumque
3417 2980 3471 3031 hi

176 3079 473 3148 pmphetae
493 3093 605 3146 prae
627 3079 884 3134 omnibus
899 3095 1186 3134 sacrorum
1212 3081 1513 3136 Bibliorum
1552 3084 1803 3154 partibus
1821 3084 1933 3140 sint
1967 3082 2374 3141 obscurissimi,
2409 3082 2482 3135 ita
2526 3088 2584 3133 ut
2614 3079 2733 3134 sine
2782 3079 3080 3146 interprete
3110 3092 3339 3147 prorsus
3367 3077 3472 3145 legi

179 3189 290 3227 non
328 3175 571 3243 possint.
600 3175 923 3231 Theodorus
958 3183 1108 3230 tanta
1143 3193 1240 3234 eos
1264 3178 1547 3241 facilitate,
1569 3188 1680 3234 tam
1713 3181 1950 3234 naturali
1987 3193 2272 3249 pronoque
2314 3177 2555 3231 decursu
2600 3175 2876 3237 edisserit,
2907 3182 2969 3228 ut
3001 3175 3118 3243 ipse
3156 3190 3266 3227 non
3307 3175 3472 3226 verba

178 3270 392 3340 legere,
417 3271 518 3325 sed
545 3272 597 3324 in
631 3273 911 3343 prophetae
939 3275 1210 3342 cujusque
1242 3277 1809 3340 mentem,oculorum
1829 3278 2003 3331 aciem
2034 3274 2320 3329 intendere
2334 3273 2607 3328 videatur.
2645 3272 3010 3338 Quamobrem
3028 3285 3138 3324 non
3170 3271 3290 3324 sine
3308 3283 3472 3322 causa

177 3380 206 3414 a
241 3365 446 3418 multis
484 3379 669 3418 arcem
704 3366 1067 3434 interpretum
1103 3375 1286 3420 tenere
1319 3366 1500 3422 dictus
1522 3376 1626 3423 est.
1658 3367 1846 3438 Neque
1877 3384 2006 3423 vero
2041 3368 2366 3422 Theodorus
2386 3366 2470 3420 vel
2499 3364 2829 3419 Hebraicum
2849 3370 3054 3417 textum
3081 3361 3166 3414 vel
3193 3358 3474 3433 Syriacam

173 3473 242 3512 ex
281 3457 520 3513 Hebraeo
551 3457 850 3512 derivatam
883 3457 1420 3527 interpretationem,
1448 3461 1531 3514 vel
1553 3460 1810 3530 Origenis
1846 3459 2118 3529 Ilcxapla,
2157 3460 2212 3514 in
2248 3473 2476 3513 censum
2511 3463 2671 3511 vocat
2708 3473 2723 3512 :
2759 3456 2868 3508 imo
2906 3453 3186 3525 Syriacam
3213 3451 3478 3527 interpre-

175 3549 453 3604 tationem
491 3550 887 3622 (Antiochenus
921 3555 1048 3608 licet
1088 3555 1271 3626 homo)
1298 3555 1528 3626 ejusque
1565 3572 1896 3626 anonymum
1923 3558 2276 3626 interpretem
2309 3572 2420 3612 non
2449 3555 2618 3611 semel
2652 3552 2870 3608 vellicat
2896 3567 2987 3620 pp.
3025 3549 3148 3614 185,
3183 3548 3308 3613 194,
3339 3545 3475 3613 202ς

174 3638 394 3708 quippe
423 3637 617 3692 Greco
639 3639 776 3693 LXX
797 3641 1158 3713 lnterpretum
1184 3653 1331 3699 textu
1357 3657 1670 3711 contentus,
1698 3648 1840 3703 hunc
1859 3665 2026 3702 unum
2051 3649 2336 3703 osculatur
2355 3662 2420 3702 ac
2443 3647 2713 3717 sequitur,
2739 3653 2963 3715 pr0pter
2980 3656 3273 3707 summam,
3296 3648 3354 3694 ut
3377 3640 3474 3703 ait,

172 3736 477 3787 seniorum
503 3735 720 3788 illorum
744 3737 993 3806 peritiam
1019 3747 1182 3808 atque
1200 3740 1549 3809 sapientiam,
1569 3750 1622 3796 et
1638 3751 1858 3813 propter
1881 3744 2256 3813 apostolorum
2273 3743 2682 3803 auctoritatem,
2708 3740 2799 3810 qui
2828 3740 2966 3791 hanc
2985 3738 3293 3792 versionem
3320 3735 3478 3789 Chri-

174 3827 390 3881 stianis
418 3828 712 3899 neophytis
736 3829 1258 3884 commendaverunt
1280 3833 1392 3902 (pp.
1416 3833 1539 3896 185,
1565 3834 1751 3895 19131

1896 3836 2057 3904 teque
2085 3835 2261 3905 ipsam
2288 3833 2639 3888 Hebraeorum
2662 3833 2900 3902 linguam
2922 3831 3244 3885 Theodorus
3261 3829 3473 3891 calluit,

173 3933 202 3970 a
237 3934 354 3987 qua
381 3919 600 3972 nullum
635 3929 921 3976 mutuatur
953 3924 1134 3978 lumen
1158 3945 1172 3992 ;
1194 3935 1246 3981 et
1269 3939 1531 3996 praatcrea
1561 3947 1613 3999 p.
1637 3931 1698 3984 91
1737 3950 1749 3984 :
1777 3932 1964 3994 Aiunt,
1998 3933 2198 4002 inquit,
2226 3931 2443 4001 ρεμφάν
2477 3930 2791 4001 signiﬁcare
2817 3928 3175 3997 phosphorum
3208 3927 3263 3979 in
3295 3925 3478 3994 lingua

169 4012 547 4065 [horreorum
579 4029 597 4066 :
630 4029 741 4082 quo
759 4014 924 4079 dicto,
944 4031 1052 4070 non
1094 4017 1321 4072 scientia
1342 4021 1691 4090 propria,scd
1724 4023 1900 4076 aliena
1937 4024 2283 4081 auctoritate,
2321 4022 2387 4074 de
2404 4022 2671 4076 vocabulo
2693 4019 2961 4073 Hebraico
2989 4018 3242 4087 judicare
3281 4032 3341 4070 se
3379 4017 3476 4069 de-

173 4115 498 4158 monsrrat.
536 4105 756 4161 Rursus
792 4123 844 4177 p.
880 4107 1006 4164 185.
1039 4123 1163 4162 cum
1194 4109 1511 4165 Graecorum
1541 4110 1905 4182 lnterpretum
1940 4111 2222 4167 discordia
2259 4113 2330 4166 sit
2363 4127 2390 4163 a
2431 4112 2570 4183 Syro
2605 4113 2658 4165 in
2716 4114 2970 4167 vocabuli
3015 4111 3265 4166 llebraici
3304 4109 3470 4178 ειη)ιί-

167 4196 438 4259 catione,
491 4197 610 4266 ipse
637 4198 857 4267 quidem
908 4199 1131 4256 Graecos
1160 4205 1432 4269 sequitur,
1468 4221 1576 4260 non
1629 4208 1789 4276 quasi
1829 4208 2234 4278 grammaticali
2282 4207 2483 4262 ductus
2534 4207 2609 4272 vi,
2647 4205 2745 4263 sed
2785 4208 3116 4263 reverentia.
3156 4207 3336 4271 Quare
3370 4221 3478 4258 non

169 4294 339 4339 recte
375 4285 647 4340 collineat
675 4290 817 4358 apud
853 4288 1332 4347 Rosenmullerum
1372 4294 1442 4366 (c)
1473 4295 1784 4363 Ernestius,
1838 4299 1930 4367 qui
1979 4299 2295 4368 suspicatur
2327 4297 2448 4353 ideo
2475 4298 2851 4367 judaizantem
2888 4301 3066 4355 visum
3111 4299 3280 4354 fuisse
3320 4297 3480 4350 Chri-

167 4375 396 4428 stianis
431 4375 916 4446 Mopsuestenum,
959 4384 1106 4452 quod
1155 4387 1454 4442 secundum
1503 4398 1684 4444 textus
1735 4389 2033 4446 Ilebraicos
2081 4391 2586 4461 interpretationem
2634 4390 2872 4447 fecisset.
2921 4391 3109 4462 Neque
3153 4390 3478 4444 Theodorus

164 4469 382 4536 {secus
434 4487 502 4525 ac
543 4473 790 4529 hodierni
834 4478 1015 4533 critici
1057 4482 1368 4551 pompatice
1407 4484 1653 4552 quidem,
1706 4485 1803 4539 sed
1853 4500 1964 4539 non
2018 4485 2139 4540 sine
2172 4483 2502 4540 confusione
2551 4493 2715 4552 atque
2754 4483 3144 4554 impedimento
3180 4482 3476 4553 legentium

173 4565 440 4632 faciunt)
485 4567 845 4636 multiplicem
871 4573 1270 4642 eruditionem,
1310 4577 1680 4634 multorumve
1716 4589 2008 4634 auctorum
2047 4582 2274 4634 nomina
2310 4582 2591 4649 congerit;
2630 4579 2742 4632 imo
2773 4594 2898 4632 cum
2935 4579 3075 4633 forte
3100 4577 3480 4633 controversia

163 4655 409 4708 incidat
444 4655 513 4710 de
544 4658 777 4713 urbibus
815 4660 1043 4730 Bothro,
1077 4664 1332 4734 Tharsis,
1363 4676 1527 4740 atque
1559 4673 1848 4736 Ammone,
1881 4672 2313 4742 disputationem
2345 4675 2679 4742 quantocius
2710 4673 2992 4741 abrumpit
3016 4681 3225 4733 uoster,
3261 4670 3478 4739 quomi-

161 4763 283 4803 nus
321 4763 358 4799 a
397 4761 506 4801 suo
541 4751 806 4820 propheta
845 4769 912 4808 ne
947 4757 1120 4812 latum
1163 4761 1386 4830 quidem
1426 4781 1665 4836 unguem
1703 4768 1982 4822 discedat.
2017 4765 2093 4820 Ex
2126 4774 2207 4820 tot
2239 4774 2422 4822 autem
2459 4777 2586 4822 ante
2610 4784 2668 4822 se
2700 4767 3000 4821 Bibliorum
3024 4766 3481 4835 explicatorihus,

158 4859 235 4897 ne
267 4858 470 4898 unum
505 4845 727 4914 quidem
760 4851 1090 4909 nominatim
1123 4860 1401 4926 appellat;
1434 4877 1740 4930 anonymos
1782 4881 2061 4934 nunquam
2104 4864 2218 4920 fere
2261 4865 2381 4919 sine
2422 4864 2828 4935 vituperatione
2861 4870 3278 4925 commemorat,
3311 4862 3477 4915 veluti

154 4962 259 5014 pp.
310 4945 418 5008 7-l,
462 4947 583 5012 111,
616 4949 742 5014 222,
780 4952 906 5008 254.
941 4952 1044 5018 Qui
1079 4971 1210 5009 vero
1246 4955 1359 5012 sint
1393 4959 1481 5012 isti
1523 4961 1817 5029 anonymi,
1844 4977 1909 5016 ex
1956 4962 2297 5033 Hieronymi,
2334 4963 2430 5032 qui
2465 4961 2566 5017 fuit
2597 4962 2981 5031 Mopsucsteno
3017 4971 3207 5016 nostro
3238 4972 3477 5021 coaevus,

152 5037 436 5107 Pro/ago
478 5038 546 5090 ad
580 5038 772 5094 Oscam
804 5043 1114 5113 intelligere
1156 5047 1395 5104 fortasse
1445 5049 1600 5115 licet,
1635 5051 1731 5120 qui
1774 5052 1852 5104 ait
1892 5061 2020 5106 ante
2061 5068 2120 5106 se
2165 5051 2557 5121 prophetarum
2607 5052 2880 5108 minorum
2923 5053 3096 5107 fuisse
3151 5052 3482 5119 interpretes

147 5132 518 5203 Origenem.
552 5136 948 5206 Apollinarem,
980 5133 1246 5201 Pierium,
1293 5134 1594 5192 Eusebium
1629 5140 2052 5207 Caesariensem,
2085 5156 2149 5195 ac
2179 5142 2490 5212 Didymum.
2527 5141 2640 5198 Hos
2673 5142 2862 5214 igitur,
2900 5143 2984 5197 vel
3016 5159 3083 5197 ex
3119 5144 3205 5196 his
3237 5143 3477 5210 aliquos,

147 5249 179 5280 ;ι
214 5230 552 5284 Theodoro
588 5233 917 5302 reprehendi
964 5234 1246 5303 suspicor.
1285 5233 1420 5287 Nam
1457 5234 1524 5290 de
1569 5235 1701 5305 ipso
1742 5236 2078 5306 Hieronymo
2126 5235 2478 5307 cogitandum
2508 5238 2599 5292 vix
2645 5247 2798 5307 puto,
2830 5252 2939 5291 non
2968 5248 3076 5290 tam
3120 5237 3246 5306 quia
3279 5243 3481 5288 coaeta-

146 5344 335 5391 neus,
383 5334 450 5378 ut
492 5326 629 5390 dixi,
657 5337 798 5394 erat,
824 5345 987 5399 quam
1025 5331 1154 5400 quia
1188 5331 1620 5384 commentarios
1655 5329 1883 5385 Latinos
1917 5347 1945 5384 a
1977 5331 2150 5386 Graeci
2177 5333 2452 5388 sermonis
2485 5331 2706 5387 homine
2734 5333 2908 5386 lectos
2936 5330 3025 5383 vix
3069 5335 3153 5383 est
3195 5328 3475 5382 credibile.

148 5423 539 5474 Immensum
567 5436 740 5491 prope
767 5438 930 5492 opus,
959 5436 1110 5475 nunc
1142 5421 1515 5490 deperditum,
1552 5419 1621 5473 ad
1659 5422 1962 5490 prophetas
1999 5424 2245 5478 minores
2275 5422 2539 5493 Origenes
2567 5424 2865 5492 seripserat
2896 5440 2908 5475 :
2939 5435 3110 5491 quare
3145 5435 3480 5488 magnopere

142 5519 443 5570 arbitror
475 5516 523 5569 id
559 5518 833 5587 praecipue
878 5517 1292 5586 Mopsuesteno,
1327 5524 1553 5586 prepter
1579 5515 1857 5571 diversam
1910 5519 2304 5588 interpretandi
2348 5519 2610 5584 indolem,
2649 5519 3017 5590 diSplicuisse.
3059 5517 3164 5572 Sed
3200 5534 3268 5572 ne
3314 5516 3480 5570 Pierii

141 5608 421 5678 quidem
459 5608 538 5661 vel
571 5609 912 5678 Apollinaris
941 5613 1024 5664 vel
1058 5609 1272 5680 Didymi
1304 5607 1512 5677 aliquid
1537 5607 3483 5687 Superest:deniqueetEusebiiDemonstrationisevangelica:liberxvm,

144 5704 204 5757 iu
241 5717 385 5771 quo
427 5699 496 5754 de
524 5697 669 5754 Osca
706 5701 956 5771 quaedam
993 5703 1395 5772 disputaret-at,
1426 5702 1605 5770 periit.

255 5872 319 5934 ετξ
360 5864 687 5942 gem}ch
730 5867 979 5942 tom._§_ll
1009 5887 1059 5938 ιι.
1089 5869 1214 5942 liii.
1961 5871 2030 5942 (c)
2065 5869 2204 5926 Hist.
2234 5873 2453 5936 interpr.
2486 5875 2606 5938 part
2643 5883 2721 5931 tu,
2757 5881 2806 5937 p.
2845 5864 2988 5926 266.,

222 5942 318 6014 (ά)
365 5937 484 5991 ιω.
516 5937 686 5993 Coleti
714 5947 850 5996 tom.
877 5937 963 6007 IX,
993 5937 1043 5995 ῡ.
1078 5940 1199 5992 221.
1234 5954 1350 6009 cap.
1385 5939 1470 5992 50.
