3934 6510
494 451 600 513 115
1714 438 1876 496 ΛΜΞ.
1919 434 2037 490 MAI

2178 428 2490 486 UEFATIO.
3622 403 3731 465 με

560 565 647 620 Vl.
687 563 841 618 Nune
869 559 996 630 quia
1035 557 1102 613 de
1138 556 1204 611 iis
1243 555 1376 618 dixi,
1418 555 1507 624 qui
1543 553 1899 606 Theodorum-
1927 550 1980 604 in
2013 548 2098 602 his
2131 544 2465 615 exponendis
2507 537 2782 611 pr0pbetis
2827 538 3261 603 praecesserunt,
3300 531 3455 585 liceat
3484 527 3726 581 breviter

481 661 784 719 nonnullos
814 671 1051 727 quoque,
1083 653 1176 722 qui
1207 647 1549 702 Theodorum
1585 642 1861 697 subsecuti
1899 647 2046 700 sunt,
2079 649 2541 698 commemorare;
2581 632 2821 699 priscos,
2857 629 3096 695 inquam,
3132 639 3364 693 quorum
3413 620 3618 689 scripta
3653 618 3725 670 ad

479 775 586 816 nos
611 761 976 829 pervenerunt
1013 771 1025 805 :
1058 757 1183 804 sunt
1213 745 1357 798 enim
1390 743 1470 809 (ut
1502 740 1750 794 omittam
1782 736 2040 791 Judaicos
2072 741 2125 788 et
2151 731 2470 786 brevissima
2508 725 2764 796 Hesyebii
2795 721 2992 791 capita)
3026 717 3196 770 Graeci
3228 724 3362 780 tres,
3391 711 3720 780 Ibeodore-

481 813 918 919 tus,'Cyrillu5,
959 841 1435 910 Tbeophylactus;
1483 834 1664 888 Latinl
1709 832 1837 885 item
1883 843 2016 894 tres,
2044 827 2442 897 Hieronymus,
2485 822 2714 876 Ruﬁnus
2758 827 2918 887 atque
2963 813 3240 884 Remigius
3283 829 3298 864 :
3347 823 3580 877 quorum
3623 821 3730 872 ego

480 936 915 992 commentarios
943 933 1216 990 lectilans,
1247 926 1649 982 'l‘heodoretum
1677 921 1892 991 quidem
1923 916 2288 988 MOpsuesteni
2317 915 2579 968 asseclam
2617 927 2738 966 esse
2768 909 3017 963 videbam
3043 951 3059 976 ,
3100 910 3155 963 in
3201 905 3437 976 prologis
3480 900 3729 971 quando-

479 1045 588 1096 que
634 1028 802 1082 etiam
854 1021 1223 1093 plagiarium:
1285 1016 1379 1071 sed
1417 1024 1597 1068 tamen
1657 1025 1832 1079 neque
1883 1009 2134 1061 acumine
2180 1019 2355 1073 neque
2401 1004 2650 1057 ubertate
2685 1017 2808 1054 cum
2854 1000 2958 1053 hoc
2992 995 3445 1068 comparandum.
3486 992 3729 1061 Cyrillus

478 1121 742 1189 grandem
771 1128 979 1172 tomum
1013 1111 1533 1167 commentariorum
1568 1120 1794 1159 suorum
1828 1102 2095 1172 implevit,
2128 1101 2182 1154 in
2220 1100 2422 1169 quibus
2451 1098 2682 1166 plurima
2727 1093 2957 1148 moralia
2991 1091 3123 1145 dicit
3170 1103 3233 1141 ac
3263 1085 3510 1156 mystica.
3549 1081 3732 1135 Theo-

477 1218 770 1287 pbylactus
803 1212 1038 1279 denique
1072 1207 1343 1277 sequioris
1383 1205 1482 1259 aevi
1509 1203 1674 1256 homo
1703 1214 1875 1271 pauca
1904 1206 1962 1252 ut
1993 1205 2126 1267 puto
2153 1196 2220 1249 de
2257 1209 2359 1248 suo
2386 1193 2609 1263 profert,
2647 1190 2739 1245 sed
2769 1204 2835 1242 ex
2865 1187 3214 1255 antiquorum
3246 1175 3737 1233 lucubrationibus

478 1309 769 1371 litterales,
796 1306 1054 1361 murales.
1089 1302 1352 1371 mystieas
1376 1297 1772 1366 expositiones,
1805 1309 1902 1361 pro
1929 1293 2014 1346 sui
2057 1291 2321 1359 temporis
2364 1302 2538 1351 more,
2569 1283 2820 1340 deﬂorat.
2849 1282 2906 1336 In
2957 1276 3167 1333 Latinis
3202 1274 3567 1342 Hieronymus
3611 1268 3733 1320 sin-

475 1398 652 1467 gulari
699 1410 796 1450 sua
827 1393 1138 1464 praestantia
1172 1393 1408 1455 eminet;
1452 1403 1645 1442 omnes
1676 1385 1818 1438 enim
1864 1381 2087 1452 ingenii,
2133 1377 2461 1448 eloquentia:
2505 1375 2874 1442 doctrinaeque
2916 1371 3208 1424 thesauros
3235 1365 3303 1418 ad
3352 1376 3481 1416 suas
3513 1360 3570 1411 in
3625 1357 3738 1410 hos

475 1453 776 1557 prophetas
809 1452 1181 1551 carpes-itiones
1220 1452 1477 1533 contulit.
1514 1476 1642 1529 Post
1673 1489 1845 1544 quem
1878 1471 2109 1524 Rufinus
2141 1467 2526 1538 prOphetarum
2566 1463 2808 1531 quinque
2853 1474 3146 1529 aggressus
3193 1452 3728 1522 interpretationem.

479 1579 757 1647 copiosam
790 1577 970 1645 potius
1012 1573 1379 1637 muralemque
1431 1539 1788 1635 pttl‘aphl'a-sin
1840 1560 1988 1624 fecit,
2035 1569 2088 1613 et
2135 1558 2190 1612 in
2232 1556 2457 1627 prologo
2501 1555 2747 1623 iniquum
2797 1551 2864 1605 de
2901 1549 3233 1617 Hieronymo
3277 1544 3546 1614 judicium
3580 1539 3732 1603 tulit,

479 1669 642 1739 cujus
668 1669 971 1723 orationem
1011 1665 1094 1717 vel
1122 1679 1216 1732 per
1242 1660 1530 1728 allegorias
1557 1655 1808 1724 Origenis
1839 1654 1920 1705 vel
1955 1667 2048 1720 per
2083 1649 2360 1704 fabulosas
2388 1637 2697 1701 Judmorum
2736 1643 3058 1697 traditiones
3088 1647 3254 1692 totam
3303 1634 3596 1689 defluxisse
3630 1631 3730 1683 ait.

480 1763 706 1820 Tertius
735 1760 1017 1827 Remigius
1047 1752 1523 1809 Antisiodorensis
1561 1759 1667 1815 est,
1705 1754 1795 1818 qui
1843 1749 2044 1800 smeulo
2081 1759 2226 1799 nono
2269 1743 2373 1797 sub
2397 1739 2592 1794 Carolo
2635 1740 2802 1794 Calvo
2851 1736 3052 1791 ﬂoruit.
3101 1732 3274 1800 Hujus
3310 1729 3734 1784 Commentarios

486 1817 556 1907 ad
582 1849 694 1905 ΧΗ
735 1817 1021 1916 prophetas
1047 1850 1275 1897 minores
1308 1856 1452 1894 anno
1495 1837 1634 1891 1545
1679 1817 1916 1888 Joannes
1948 1831 2249 1885 llenteuius
2284 1827 2474 1893 edidit,
2502 1827 2592 1895 qui
2633 1823 2831 1878 deinde
2866 1825 2919 1877 in
2950 1822 3350 1893 Lugdunensem
3385 1817 3498 1870 PP.
3528 1817 3738 1869 Biblia-—

489 1952 689 2002 thecam
720 1942 968 1998 translati
997 1940 1237 1994 fuerunt.
1265 1933 1715 1991 Commentarium
1747 1944 1877 1980 vero
1906 1929 1964 1980 in
2004 1931 2194 1980 Oscam
2224 1921 2541 1978 necessario
2577 1933 2637 1974 se
2674 1917 2926 1972 omisisse
2949 1917 3252 1974 lientenius
3283 1917 3380 1976 ait,
3414 1914 3540 1983 quia
3584 1913 3734 1966 hunc

480 2039 703 2100 unicus,
733 2051 895 2106 quem
945 2039 1144 2086 nactus
1170 2038 1308 2091 erat,
1338 2024 1507 2080 codex
1558 2019 1929 2076 desiderabat.
1980 2015 2091 2086 Ego
2133 2028 2264 2068 vero
2307 2010 2593 2080 antiquum
2637 2007 2878 2062 codicem
2918 2005 3242 2063 Vaticanum
3284 2004 3625 2076 perlustrans
3675 2005 3740 2056 in

485 2135 679 2192 Oscam
724 2147 942 2202 quoque
980 2125 1424 2184 commentarium
1477 2119 1710 2190 Remigii
1768 2116 1968 2186 reperi,
2008 2112 2261 2167 mutilum
2308 2117 2512 2172 tamen,
2557 2121 2754 2175 nempe
2792 2120 2966 2175 usque
3006 2104 3074 2159 ad
3119 2104 3422 2174 capitulum
3476 2101 3732 2171 quintum

481 2227 713 2282 necdum
746 2226 1040 2292 expletum.
1085 2219 1271 2288 Neque
1315 2216 1362 2272 is
1390 2214 1640 2271 defectus
1673 2213 2113 2267 membranarum
2145 2215 2250 2270 est,
2285 2219 2426 2274 quae,
2452 2203 2617 2266 utﬁt,
2659 2200 3004 2255 exciderint:
3045 2200 3246 2254 etenim
3296 2198 3350 2251 in
3389 2212 3493 2266 qua
3534 2193 3734 2264 pagina

483 2321 657 2377 Oseas
688 2319 1041 2390 imperfectus
1072 2313 1294 2377 desinit,
1327 2310 1527 2366 ibidem
1560 2308 1749 2377 incipit
1786 2306 1903 2360 Joél
1934 2324 1948 2360 :
1993 2303 2135 2358 unde
2164 2298 2548 2370 cognoscimus
2586 2295 2871 2365 antiquum
2902 2304 3287 2348 amanuensem
3333 2285 3554 2341 nonnisi
3589 2284 3734 2336 hanc

481 2412 785 2480 Remigiani
822 2406 1198 2463 Commentarii
1239 2407 1294 2457 in
1331 2403 1523 2459 Oscam
1559 2410 1767 2471 partem
1804 2415 1912 2468 prae
1943 2397 2196 2450 manibus
2236 2393 2515 2448 habuisse.
2545 2389 2663 2444 Jam
2695 2390 2799 2444 etsi
2836 2387 3137 2443 Hentenius
3159 2384 3373 2455 magnis
3407 2381 3662 2436 laudibus
3701 2395 3732 2432 a

481 2526 540 2561 se
570 2509 747 2562 editos
781 2505 1205 2560 commentarios
1230 2499 1403 2563 eﬂert,
1439 2513 1539 2567 ego
1569 2507 1748 2551 tamen
1780 2495 2083 2562 Remigium
2130 2493 2183 2545 in
2215 2491 2502 2544 calonibus
2536 2489 2717 2558 potius
2763 2488 3248 2557 ἑρμηνείας-(ιιιιιιιι
3301 2485 3355 2538 in
3393 2480 3736 2552 principibus

483 2612 805 2660 numerem;
832 2594 978 2665 quod
1004 2595 1078 2652 de,
1098 2593 1220 2647 aliis
1250 2591 1413 2646 etiam
1447 2586 2002 2643 commentationibus
2031 2583 2151 2652 ejus
2181 2581 2250 2636 ad
2301 2596 2456 2637 sacra
2490 2580 2662 2633 Biblia
2708 2593 2813 2648 qua
2844 2577 3007 2632 editis
3059 2593 3164 2647 qua
3192 2575 3413 2630 ineditis
3444 2588 3595 2641 atque
3643 2571 3736 2638 ju-

479 2693 626 2745 dico.
661 2688 819 2742 Certe
849 2660 982 2740 illud
1014 2685 1270 2754 frequens
1309 2680 1756 2752 etymologiarum
1790 2677 2025 2730 studium
2062 2688 2252 2744 parum
2284 2671 2416 2726 utile
2457 2681 2541 2726 est
2576 2671 2660 2725 vel
2696 2669 2952 2723 solidum.
3001 2671 3251 2723 Attamen
3282 2665 3424 2720 aliud
3466 2665 3596 2718 mihi
3629 2660 3735 2716 Re-

479 2782 628 2852 migii
660 2795 796 2848 opus
836 2785 920 2833 est
949 2778 1312 2843 observatum,
1350 2774 1579 2845 profana
1613 2771 1918 2828 eruditione
1958 2769 2112 2822 valde
2143 2775 2410 2828 saturum,
2448 2769 2604 2834 cujus
2639 2765 2819 2819 hercle
2847 2763 3161 2824 editionem,
3200 2777 3320 2817 cum
3350 2760 3516 2814 otium
3551 2757 3733 2818 fuerit,

477 2888 587 2926 non
620 2871 907 2942 negligam.
945 2871 1161 2924 Interim
1202 2875 1314 2922 tam
1355 2866 1464 2920 rari
1499 2865 1703 2921 codicis
1734 2864 1943 2932 copiam
1985 2869 2200 2922 nactus,
2245 2859 2391 2912 nolui
2425 2858 2763 2911 committere
2806 2863 2862 2908 ut
2907 2855 3021 2909 hmc
3061 2853 3262 2908 inedita
3297 2867 3421 2922 pars
3459 2848 3728 2904 Commen-

481 2965 608 3016 tarii
640 2963 708 3016 ad
735 2963 924 3019 Oscam
951 2963 1156 3018 diutius
1180 2962 1236 3015 in
1271 2960 1509 3016 tenebris
1539 2958 1900 3013 delitesceret.
1935 2953 2123 3023 Itaque
2145 2955 2199 3007 in
2233 2961 2384 3022 parte
2414 2953 2515 3006 mei
2550 2951 2862 3014 voluminis,
2888 2950 3029 3005 unde
3052 2950 3213 3003 aliam
3239 2946 3488 3002 canonici
3518 2941 3736 3015 generis

487 3054 916 3111 lucubrationem
941 3057 1225 3123 ejeceram,
1254 3053 1356 3107 hoc
1379 3051 1605 3120 Remigii
1643 3049 2080 3118 supplementum
2116 3045 2310 3099 locavi.

553 3189 665 3242 Vll.
700 3190 804 3245 Sed
839 3191 951 3260 jam
978 3193 1153 3246 oratio
1181 3199 1484 3246 revertatur
1511 3189 1575 3243 ad
1612 3185 1982 3248 Theodorum,
2025 3187 2184 3253 cujus
2223 3184 2270 3240 si
2313 3182 2577 3253 plurimas
2607 3180 3010 3250 expositionum
3045 3179 3236 3234 barum
3271 3177 3458 3232 laudes
3482 3177 3738 3231 detexere

482 3285 668 3346 velim,
695 3287 776 3338 vel
807 3285 1050 3339 infinitus
1068 3286 1191 3349 sim,
1221 3287 1302 3337 vel
1333 3294 1482 3338 certe
1505 3293 1826 3354 perpetuum
1858 3279 2235 3336 commentarii
2258 3279 2376 3348 ejus
2397 3278 2847 3333 commentarium
2872 3277 3140 3330 adornare
3162 3276 3432 3330 deberem.
3463 3271 3517 3325 In
3545 3271 3740 3341 primis

486 3391 676 3434 auctor
701 3380 1008 3432 universam
1038 3379 1416 3432 vaticiniorum
1443 3380 1724 3432 materiam
1751 3384 1931 3431 mente
1954 3376 2292 3441 complexus,
2320 3375 2456 3428 mire
2488 3374 2630 3427 inter
2655 3389 2711 3427 se
2736 3373 3074 3433 commiscet,
3109 3371 3448 3438 invicemque
3475 3369 3734 3433 illustrat,

486 3482 541 3526 et
572 3490 694 3526 cum
727 3473 1008 3543 prophetis
1043 3473 1364 3542 majoribus,
1398 3474 1698 3541 praesertim
1730 3487 1860 3525 vero
1895 3486 2018 3524 cum
2065 3469 2297 3523 Psalmis
2344 3467 2619 3521 Davidicis
2649 3467 2852 3536 passim
2882 3466 3174 3520 connectit.
3207 3462 3560 3533 Prologorum
3607 3477 3738 3516 vero

486 3568 747 3638 dignitas,
776 3581 1104 3622 excu‘rsumu
1132 3570 1246 3622 sive
1267 3569 1745 3636 ainplitlealionum
1769 3566 2007 3626 ubertas,
2029 3563 2390 3633 quaestionum
2417 3577 2665 3623 acumen,
2695 3562 2935 3615 locorum
2962 3560 3397 3615 dimcillimorum
3437 3568 3734 3626 spontanea

489 3682 554 3720 ac
576 3662 870 3718 ludibunda
905 3665 1296 3734 propemodum
1329 3664 1623 3733 explicatio
1651 3665 1892 3733 legentes
1919 3663 2224 3732 philologos
2251 3674 2603 3730 magnopere,
2628 3667 2686 3712 ut
2715 3673 2896 3727 spero,
2917 3654 3232 3710 oblectabit.
3267 3651 3508 3720 Exempli
3547 3663 3736 3706 causa,

491 3756 675 3811 Amosi
710 3756 870 3810 verba
905 3771 1024 3825 cap.
1055 3773 1091 3819 ι,
1117 3757 1186 3811 5:
1224 3757 1391 3826 Super
1419 3758 1583 3810 tribus
1613 3757 1890 3811 sceleribus
1927 3755 2181 3808 Damasci"
2203 3765 2252 3808 et
2281 3772 2437 3823 super
2470 3765 2697 3824 quatuor
2731 3768 2830 3806 non
2853 3761 3172 3814 convertam,
3211 3747 3523 3802 felicissime
3550 3754 3738 3798 noster

489 3852 653 3914 atque
684 3861 748 3898 ex
778 3845 958 3900 indole
986 3847 1329 3900 orientalium
1367 3847 1682 3901 idiomatum
1713 3847 1946 3914 explicat
1976 3847 2054 3898 sic
2091 3864 2102 3897 :
2130 3843 2272 3896 Dicu
2303 3859 2456 3910 super
2486 3845 2651 3895 tribus
2675 3853 2724 3895 et
2756 3853 3006 3910 quatuor,
3039 3857 3218 3908 nempe
3243 3855 3335 3906 pro
3367 3837 3564 3890 multis.
3594 3833 3738 3887 Nam

489 3942 612 4008 quia
644 3957 887 3994 numerus
930 3951 1046 4008 post
1079 3957 1238 3994 unum
1269 3952 1318 3996 et
1365 3941 1468 3996 duo
1501 3941 1724 4010 pluralis
1769 3942 1984 4004 dicitur,
2028 3939 2177 3992 verbo
2223 3939 2388 3990 tribus
2428 3937 2619 3989 multos
2659 3935 2892 3997 denotat,
2935 3933 3085 3989 verba
3131 3945 3304 3988 autem
3339 3943 3565 4003 quatuor
3598 3931 3737 3983 mul-

494 4036 767 4087 titudinem
793 4045 1096 4104 exaggerat.
1150 4035 1360 4090 Rursus
1390 4035 1457 4090 ad
1499 4036 1663 4089 verba
1709 4032 1943 4086 Micbzca:
1976 4047 2096 4095 cap.
2141 4047 2194 4090 v,
2227 4030 2300 4082 5:
2354 4026 2762 4082 Suscitabuntur
2803 4039 2958 4094 super
2994 4043 3108 4079 eum
3139 4036 3330 4094 septem
3381 4033 3638 4092 pastores,
3691 4031 3739 4073 et

491 4141 612 4182 octo
637 4146 843 4183 morsus
877 4131 1166 4196 hominum,
1206 4136 1326 4199 post
1355 4128 1570 4182 irrisum
1616 4125 1996 4178 nonnullorum
2033 4122 2385 4190 interpretum
2429 4119 2745 4181 vanitatem,
2785 4118 2858 4170 ait
2892 4119 3211 4186 simpliciter
3254 4126 3442 4184 septem
3474 4130 3624 4169 more
3660 4115 3739 4168 bi-

491 4223 635 4273 lilieo
666 4222 889 4291 intelligi
923 4224 990 4276 de
1021 4222 1260 4290 perfecto
1285 4239 1377 4276 seu
1411 4235 1606 4290 magno
1636 4233 1884 4280 numero,
1927 4227 2040 4270 octo
2078 4222 2258 4266 autem
2301 4212 2367 4265 de
2398 4209 2518 4280 ejus
2549 4225 2796 4264 excessu.
2827 4207 2992 4274 quue
3021 4209 3290 4262 illuminat
3321 4207 3532 4260 Domini
3559 4206 3740 4259 verbis

491 4315 655 4370 Petro
683 4314 935 4374 dicentis,
971 4321 1029 4365 ut
1055 4329 1161 4366 non
1197 4311 1395 4380 septies
1439 4317 1658 4377 peccata
1698 4304 1996 4357 dimitteret
2026 4301 2120 4355 sed
2159 4301 2468 4369 septuagies
2499 4299 2735 4368 septies;
2772 4305 2824 4350 et
2872 4297 2978 4351 illis
3026 4298 3386 4358 Ecclesiaste,
3423 4296 3504 4348 Da
3535 4306 3740 4364 partem

489 4414 686 4472 septem
739 4421 942 4458 necnon
983 4415 1031 4459 et
1080 4415 1226 4464 octo;
1270 4406 1335 4458 de
1376 4402 1576 4471 quibus
1617 4399 1845 4466 mystica
1879 4397 2124 4466 quaedam
2171 4402 2224 4448 et
2268 4395 2582 4463 persubtilia
2632 4399 3032 4445 commentatur
3073 4389 3394 4443 Ambrosius
3429 4389 3567 4440 libro
3598 4403 3649 4448 v,
3690 4386 3742 4436 in

490 4500 694 4554 Lucam
736 4518 792 4555 n.
829 4503 936 4556 ωε
988 4518 1147 4571 quem
1197 4501 1464 4554 Ambrosii
1511 4500 1694 4551 locum
1742 4493 2048 4549 Cimmeriis
2100 4491 2340 4545 tenebris
2385 4490 2621 4544 obsitum
2673 4487 2906 4540 Mam-ini
2948 4486 3186 4540 editores
3231 4499 3372 4553 atgrc
3425 4482 3742 4545 declarant;

493 4594 913 4664 Mopsucstenus
947 4606 1131 4650 autem
1175 4595 1431 4664 prmdicta
1473 4592 1637 4644 verba
1668 4588 1990 4658 simpliciter
2031 4601 2264 4654 vereque
2312 4586 2587 4654 explicat:
2635 4581 2888 4650 Muniﬁce
2926 4581 2996 4633 da
3037 4579 3318 4651 egentibus,
3359 4593 3516 4647 neque
3550 4577 3603 4627 in
3645 4575 3741 4626 hoc

495 4689 769 4744 abundare
799 4707 1025 4744 recuses.
1070 4690 1135 4743 Et
1167 4689 1480 4744 universum
1513 4685 1732 4754 quidem
1779 4684 2187 4738 Testamentum
2220 4681 2386 4734 Vetus
2417 4681 2865 4751 praeparationettt
2911 4677 3045 4730 Novi
3089 4674 3274 4735 fuisse,
3306 4680 3466 4739 atque
3500 4669 3683 4721 omnia
3711 4683 3739 4719 a

495 4785 607 4839 Deo
635 4786 700 4839 ad
737 4794 1026 4840 venturum
1064 4785 1341 4839 Christum
1373 4781 1603 4841 directa,
1633 4779 1844 4833 sincere
1881 4788 2174 4846 sancteque
2209 4777 2394 4829 multis
2428 4777 2558 4829 locis
2584 4773 2903 4829 Theodorus
2935 4772 3214 4846 fatetur,_v.
3249 4784 3330 4838 gr.
3364 4783 3418 4835 p.
3445 4765 3496 4826 l,
3529 4764 3618 4827 69,
3649 4763 3740 4826 7‘2,

498 4883 514 4930 1
538 4883 552 4931 ι
574 4882 652 4933 l-l
675 4881 754 4939 l6,
793 4881 914 4942 120,
942 4880 1069 4938 208,
1098 4878 1364 4947 praecipue
1414 4889 1542 4928 vero
1577 4875 1629 4926 in
1674 4873 1889 4941 prologo
1911 4871 1978 4923 ad
2002 4869 2238 4923 Jonam:
2268 4868 2426 4936 cujus
2452 4869 2726 4938 propheta:
2754 4865 2956 4936 grande
2981 4864 3112 4920 illud
3138 4839 3281 4916 intra
3307 4868 3483 4915 cetum
3508 4859 3746 4911 viventis-

493 4974 842 5030 miracnlum.
875 4972 1018 5041 quod
1043 4969 1264 5040 quidam
1288 4973 1538 5020 recentes
1563 4963 1742 5015 critici
1776 4961 2038 5015 scelerate
2061 4960 2309 5014 derident
2336 4961 2425 5028 (ne
2445 4959 2665 5014 Christo
2693 4957 2913 5026 quidem
2938 4955 3128 5010 Matth.
3164 4971 3258 5016 χιι,
3289 4951 3377 5015 40,
3403 4951 3739 5018 credentes),

494 5064 740 5118 nonnulli
789 5062 1076 5131 allegorice
1126 5067 1335 5113 tantum
1390 5055 1715 5118 admittunt,
1776 5054 1858 5106 vel
1925 5053 2202 5122 prophetae
2257 5053 2529 5105 somnium
2600 5053 2949 5113 existimant,
3024 5048 3116 5101 alii
3179 5063 3247 5102 ex
3306 5045 3503 5099 fabulis
3561 5043 3746 5096 ethni-

495 5170 707 5214 corum.
771 5161 898 5222 puta
950 5151 1018 5206 de
1067 5146 1438 5206 Andromeda,
1495 5143 1578 5197 vel
1626 5143 1693 5195 de
1752 5139 1984 5195 Hercule
2037 5140 2128 5208 qui
2179 5138 2432 5208 Neptunii
2481 5141 2634 5194 canis
2679 5140 2986 5194 visceribus
3029 5140 3204 5193 evasit
3254 5136 3564 5199 incolumis,
3613 5150 3747 5189 con-

497 5247 824 5314 glutinatum
873 5241 1161 5308 dictitant;
1207 5239 1294 5308 pie
1349 5235 1693 5296 Theodorus,
1741 5239 1801 5285 ut
1849 5246 1967 5285 mos
2015 5238 2098 5285 est
2146 5230 2403 5284 Ecclesia:
2437 5233 2654 5284 Patrum
2691 5240 2744 5284 et
2786 5231 3204 5293 catholicorum,
3254 5242 3574 5296 summaque
3617 5242 3742 5282 cum

500 5334 804 5388 reverentia
864 5333 1212 5402 amplectitur
1263 5343 1365 5383 nec
1415 5327 1482 5381 de
1535 5341 1599 5379 eo
1652 5321 2010 5392 quaestionem
2059 5321 2223 5373 ullam
2270 5321 2382 5374 fieri
2433 5322 2656 5390 patitur.
2707 5319 2775 5374 Ut
2821 5327 3000 5374 autem
3052 5321 3252 5373 mentis
3299 5316 3596 5382 Theodori,
3638 5332 3748 5385 qua

499 5430 815 5497 prophetias
877 5426 945 5481 de
998 5425 1219 5479 Christo
1264 5423 1448 5484 tradit,
1495 5421 1707 5475 illustre
1763 5417 2039 5486 specimen
2090 5416 2236 5476 dem,
2289 5430 2396 5468 non
2449 5416 2713 5470 recusabo
2770 5417 2825 5469 in
2883 5413 3114 5485 gratiam
3172 5411 3386 5463 illorum
3435 5407 3748 5478 quiGraece

502 5519 756 5572 nesciunt
788 5516 1258 5586 (quandoquidem
1300 5514 1547 5569 Latinam
1584 5509 2088 5580 interpretationem
2133 5509 2202 5562 ab
2232 5509 2334 5562 hoc
2361 5509 2638 5563 volumine
2669 5510 2897 5571 exclusi,
2931 5521 3092 5576 quam
3138 5504 3376 5559 liberiori
3411 5503 3523 5556 otio
3569 5502 3748 5556 absol-

497 5609 728 5661 rr-udam
765 5611 1280 5680 perpoliendamque
1309 5611 1548 5669 reservo)
1577 5609 1910 5662 luculentum
1946 5611 2180 5658 tractum
2222 5603 2412 5658 Latine
2444 5620 2639 5670 ponere
2669 5604 2736 5657 ad
2767 5605 2858 5657 illa
2889 5601 3057 5656 Joelis
3086 5601 3250 5654 verba
3284 5613 3402 5667 cap.
3434 5613 3493 5662 ιι,
3529 5595 3692 5650 28-51
3730 5615 3743 5649 :

501 5705 794 5772 Effundam
829 5706 892 5759 de
933 5706 1136 5774 Spiritu
1168 5723 1279 5759 nico
1311 5721 1463 5773 super
1493 5719 1694 5758 omnem
1739 5715 1970 5763 carnem,
2004 5707 2052 5750 et
2085 5698 2466 5766 prophetabunt
2497 5698 2599 5766 ﬁlii
2631 5698 2786 5750 vestri
2813 5707 2863 5750 et
2905 5695 3032 5764 ﬁlia:
3067 5703 3269 5754 vestrm,
3304 5699 3354 5744 et
3403 5705 3548 5743 senes
3587 5698 3744 5740 uestri

501 5797 712 5851 somnia
753 5797 1104 5855 sonmiabunt,
1134 5806 1184 5848 et
1213 5798 1421 5864 juvenes
1458 5797 1616 5850 vestri
1664 5795 1888 5847 visiones
1930 5791 2194 5844 videbunt.
2240 5789 2307 5842 Et
2351 5807 2505 5857 super
2537 5807 2709 5844 servos
2751 5806 2912 5851 meos,
2945 5799 2994 5843 et
3041 5801 3194 5853 super
3240 5781 3464 5837 ancillas
3504 5797 3646 5833 meas
3695 5781 3745 5830 ia

505 5890 687 5980 diebus
719 5892 826 5945 illis
865 5893 1132 5960 c/I'undam
1162 5891 1224 5944 de
1259 5889 1457 5959 Spiritu
1490 5903 1636 5953 meo;
1671 5897 1716 5940 et
1753 5881 2196 5940 vaticinabantur.
2235 5881 2296 5934 Et
2331 5881 2465 5936 dabo
2493 5883 2735 5953 prodigia
2767 5883 2818 5935 in
2852 5881 2979 5936 caelo
3012 5890 3059 5934 et
3093 5895 3248 5949 super
3280 5887 3499 5940 terram,
3529 5870 3742 5939 sangui-
