3994 6518
218 407 305 462 117
1463 405 1623 460 ANG.
1664 404 1795 459 ΜΑΙΙ

1881 402 2234 458 ’ΒᾹΞΕΑΊΊα
3362 398 3458 452 HS

208 537 314 579 nem
342 532 391 573 et
420 522 591 593 ignem
624 532 674 576 et
702 538 939 591 vaporem
961 522 1124 591 fumi;
1156 523 1237 577 sol
1266 531 1493 577 vertetur
1515 525 1570 575 in
1604 524 1860 587 tenebras,
1892 533 1941 577 et
1965 524 2093 578 luna
2112 524 2167 577 in
2192 522 2518 592 sanguinem,
2543 531 2663 575 ante
2692 535 2849 591 quam
2886 518 3057 572 veniat
3078 515 3189 571 dies
3230 513 3449 567 Domini

208 632 419 685 magnus
451 627 500 668 et
532 616 782 671 illustris.
816 616 911 681 lbi,
940 620 1186 687 inquam,
1222 627 1344 689 post
1370 619 1473 672 alia
1503 619 1650 672 dicta
1682 617 2004 674 Theodorus
2033 620 2272 689 disputat
2301 618 2380 672 sic
2408 636 2422 671 :
2461 616 2626 671 Verba
2650 617 2757 670 [nec
2787 619 2967 668 beatus
3006 613 3196 666 Petrus
3226 609 3449 664 Indicos

205 710 469 778 alloquens
489 710 554 764 de
585 711 816 779 Spiritus
856 715 1028 765 sancti
1062 712 1284 767 adventu
1301 715 1570 781 usurpavit
1598 714 2102 778 convenientissima,
2134 709 2551 782 quandoquidem
2582 710 2758 778 prisca
2786 710 2869 762 lea:
2899 713 3199 776 futurorum
3225 706 3458 758 omnium

203 803 437 871 quadam
462 802 649 856 umbra
683 804 979 873 fuit.—Et
1009 806 1105 859 illa
1135 806 1341 875 quidem
1376 816 1545 860 vetera
1577 822 1795 876 parvum
1824 806 1952 876 quid
1988 816 2140 860 erant
2164 818 2213 860 et
2246 815 2495 874 tanquam
2520 800 2928 862 adumbratam;
2965 800 3041 851 ita
3075 807 3133 851 ut
3173 796 3457 851 secundum

204 899 508 965 hyperbolen
536 901 710 967 potius
751 917 908 970 quam
950 903 1232 957 secundum
1264 905 1338 958 rei
1368 906 1657 971 veritatem,
1692 905 1833 959 dicta
1856 906 2073 974 fuerint,
2109 905 2198 959 sed
2222 906 2335 973 ipsa
2359 903 2569 957 demum
2587 899 2846 952 dictorum
2866 897 3127 950 veracitas
3157 896 3211 948 in
3242 893 3456 947 Christo

204 991 424 1046 Domino
449 994 686 1061 effectum
718 997 993 1064 manifeste
1024 999 1243 1063 habuit;
1267 1016 1367 1069 quo
1392 1011 1620 1070 tempore
1652 1019 1842 1072 magna
1865 1004 2041 1056 omnia
2068 1012 2113 1055 et
2147 1003 2377 1070 terrifica
2409 1014 2638 1067 novaque
2666 1004 2714 1049 et
2743 995 2877 1046 mira
2909 1008 3018 1063 pra:
3045 992 3244 1044 cunctis
3270 991 3459 1059 prisca:

203 1085 325 1152 leqis
366 1085 631 1139 eventibus
674 1099 1027 1156 apparuerunt
1068 1105 1087 1142 :
1126 1091 1204 1143 ita
1252 1100 1311 1142 ut
1362 1090 1515 1144 Vetus
1566 1091 1955 1145 Testamentum
1998 1093 2290 1161 a'nigmatis
2325 1090 2438 1144 loco
2468 1087 2649 1156 fuerit,
2681 1101 2855 1138 rerum
2896 1093 3071 1135 autem
3103 1083 3194 1135 sub
3244 1081 3457 1136 Christo

205 1176 426 1229 Domino
468 1186 731 1247 gestarum
772 1177 1078 1247 magnitudo
1122 1179 1391 1232 veritatem
1439 1180 1646 1233 demum
1673 1182 1886 1236 stiterit.
1924 1181 2086 1251 Atque
2118 1183 2191 1234 ita
2232 1182 2412 1235 beatus
2446 1177 2617 1231 aiebat
2658 1174 2827 1228 David
2856 1174 2918 1227 de
2963 1173 3195 1239 populo:
3228 1171 3343 1225 Non
3375 1180 3459 1228 est

202 1275 456 1328 derelicta
492 1275 670 1328 anima
700 1276 819 1344 ejus
846 1277 899 1329 in
930 1276 1162 1337 inferno,
1200 1292 1375 1345 neque
1408 1292 1536 1332 caro
1564 1278 1683 1347 ejus
1718 1279 1852 1334 vidit
1875 1280 2280 1349 corruptionem
2315 1281 2330 1309 ¹
2359 1294 2373 1331 :
2406 1274 2542 1347 quod
2573 1289 2699 1329 sane
2730 1269 2794 1323 de
2822 1286 2876 1321 re
2916 1277 3024 1320 tum
3058 1276 3203 1336 gesta
3236 1267 3461 1336 intelligi

200 1367 394 1432 nequit,
428 1367 518 1421 sed
542 1369 891 1438 metaphorice
913 1380 1065 1439 atque
1101 1371 1428 1440 hyperbolice
1456 1373 1651 1426 dicitur
1680 1382 1882 1437 ereptus
1920 1374 2141 1443 papulas
2171 1374 2234 1427 de
2262 1373 2492 1442 periculo
2523 1378 2675 1440 atque
2700 1364 2942 1435 pernicie.
2977 1361 3067 1417 Rei
3104 1380 3261 1431 porro
3291 1364 3459 1431 ipsius

201 1458 530 1528 vaticiniique
554 1462 745 1514 veritas
775 1463 829 1515 in
856 1462 1067 1517 Christo
1097 1462 1322 1518 Domino
1352 1466 1531 1535 palam
1560 1466 1703 1533 facta
1725 1473 1822 1533 est,
1847 1482 1962 1519 cum
1995 1475 2207 1535 propter
2234 1464 2536 1534 resurgendi
2567 1464 2807 1517 virtutem
2829 1472 2988 1524 neque
3015 1457 3193 1507 anima
3222 1456 3334 1523 ejus
3369 1456 3461 1507 diu

202 1550 340 1617 apud
367 1551 563 1620 inferos
592 1569 808 1621 corpore
836 1555 1077 1624 sejuncta
1102 1557 1318 1622 mansit,
1344 1573 1505 1626 neque
1531 1572 1715 1625 corpus
1739 1559 2121 1624 corruptionem
2151 1557 2317 1609 ullam
2338 1571 2552 1623 passum
2583 1554 2705 1622 fuit,
2738 1558 2876 1625 quod
2902 1571 3006 1607 non
3035 1552 3205 1606 solum
3233 1550 3460 1619 ﬁguram

200 1647 468 1713 propriam
492 1647 728 1712 retinuit,
760 1651 813 1703 in
843 1668 946 1721 qua
975 1660 1239 1705 mortuum
1270 1653 1466 1721 fuerat,
1492 1670 1667 1708 verum
1695 1654 1857 1707 etiam
1888 1653 1956 1706 ad
1987 1654 2337 1707 immortalem
2365 1652 2915 1721 incorruptibilemque
2944 1660 3190 1703 naturam
3221 1645 3455 1699 transiit.

198 1734 549 1799 Quamobrem
583 1740 764 1807 priora
792 1742 911 1804 illa,
942 1745 1161 1814 amiqma
1193 1744 1440 1813 fuerunt;
1471 1747 1582 1802 haec
1613 1748 1928 1815 posteriora,
1959 1749 2172 1801 veritas.
2202 1747 2396 1801 Beatus
2430 1748 2592 1817 igitur
2629 1746 2818 1799 Petrus
2854 1745 3018 1799 verbis
3063 1744 3170 1797 illis
3203 1752 3459 1809 tanquam

198 1826 325 1878 olim
357 1827 703 1895 metaphorice
735 1847 836 1884 non
859 1833 971 1885 sine
1006 1851 1169 1887 causa
1191 1835 1367 1900 dictis,
1410 1853 1545 1889 nunc
1593 1848 1767 1890 autem
1798 1846 2032 1890 eventum
2069 1854 2245 1890 verum
2276 1838 2329 1889 in
2374 1848 2518 1905 gesta
2548 1852 2602 1889 re
2639 1838 2949 1899 consecutis,
2985 1852 3110 1888 usus
3135 1843 3241 1895 est;
3280 1834 3356 1885 ita
3403 1841 3458 1882 ut

198 1934 337 1972 nunc
376 1922 544 1989 magis
579 1924 921 1989 pra'sentibus
951 1936 1082 1979 esset
1128 1927 1459 1991 credendum,
1492 1946 1649 1999 quam
1694 1929 1756 1982 de
1804 1931 1993 1999 priscis
2037 1931 2146 1984 illis
2186 1931 2672 2000 obstupescendum.
2724 1930 2790 1983 Et
2834 1932 2995 2001 paulo
3036 1928 3174 1983 infra
3207 1947 3218 1980 :
3255 1928 3459 1981 Cuncta

197 2014 473 2068 verissima
502 2016 556 2069 in
587 2016 797 2071 Christo
828 2019 1052 2074 Domino
1083 2030 1392 2086 evaserunt;
1424 2040 1544 2076 nam
1562 2033 1609 2076 et
1636 2024 1717 2077 sol
1740 2041 1851 2077 vere
1880 2023 2244 2083 obtenebratus
2273 2025 2396 2093 fuit,
2422 2034 2470 2078 et
2502 2024 2628 2077 luna
2656 2025 2884 2093 pariter;
2907 2038 3199 2093 magnaque
3219 2032 3267 2076 et
3292 2021 3460 2074 multa

198 2104 326 2156 calo
358 2114 598 2177 terraque
624 2111 868 2180 prodigia
902 2114 1241 2180 acciderunt;
1284 2126 1333 2170 et
1374 2115 1575 2172 Christi
1620 2118 1835 2171 Domini
1874 2119 2128 2172 salutaris
2158 2119 2375 2188 sanguis
2420 2119 2561 2171 visus
2601 2127 2717 2177 est;
2756 2126 2803 2169 et
2835 2118 2970 2186 ignis
3010 2130 3291 2183 spectrum,
3322 2116 3459 2184 quod

195 2192 555 2253 descendentis
583 2199 813 2269 Spiritus
842 2205 942 2258 vim
979 2208 1356 2278 significabat;
1389 2211 1475 2263 cui
1498 2212 1764 2279 prwcessit
1795 2212 1929 2274 fumi
1960 2226 2143 2280 vapor,
2175 2212 2263 2282 qui
2299 2221 2572 2265 eventuras
2603 2209 3005 2278 cruciﬁxoribus
3035 2225 3213 2277 poenas
3248 2218 3459 2275 porten-

196 2282 372 2338 debat.
401 2286 544 2341 Tunc
565 2292 726 2345 etiam
756 2292 989 2363 Spiritus
1014 2300 1187 2352 sancti
1214 2300 1403 2368 gratiae
1429 2302 1602 2355 cuncti
1628 2303 1909 2371 participes
1943 2301 2073 2371 facti
2105 2310 2263 2368 sunt,
2298 2302 2579 2370 multisque
2616 2317 2678 2353 ac
2706 2302 2868 2354 variis
2896 2300 3303 2352 charismatibus
3331 2300 3461 2353 insi-

194 2380 370 2447 gniti:
400 2398 562 2451 quare
605 2387 702 2440 alii
722 2391 1125 2459 prophetabant,
1169 2394 1264 2447 alii
1294 2396 1525 2463 plurima
1566 2396 1785 2451 edebant
1825 2399 2106 2461 miracula,
2142 2397 2203 2451 ob
2248 2397 2583 2451 asserendam
2631 2410 2786 2467 gesta:
2830 2399 2904 2452 rei
2930 2397 3367 2467 magnitudinem,
3410 2406 3461 2450 et

198 2472 399 2527 Christi
427 2476 642 2533 Domini
666 2499 757 2535 seu
777 2485 935 2553 ﬁdem
956 2504 1046 2542 seu
1073 2489 1300 2558 gloriam
1320 2492 1813 2548 constabiliendam.
1839 2493 1992 2560 Quod
2028 2494 2152 2548 olim
2177 2495 2339 2564 igitur
2368 2494 2715 2562 metaphorice
2742 2495 2995 2563 propheta
3031 2495 3107 2547 vel
3134 2494 3461 2562 hyperbolice

193 2570 426 2639 dixerat,
463 2592 599 2630 nunc
626 2580 961 2649 manifestam
995 2583 1147 2638 habet
1174 2586 1594 2656 signiﬁcatarurn
1628 2605 1803 2641 rerum
1836 2589 2141 2651 veritatem;
2181 2589 2287 2642 imo
2319 2588 2472 2641 verba
2507 2588 2649 2656 infra
2688 2607 2770 2643 res
2801 2591 2942 2658 ipsas
2975 2600 3119 2642 sunt.
3153 2588 3261 2641 Cur
3283 2590 3459 2657 itaque

194 2659 286 2711 hoc
332 2665 636 2719 vaticinium
666 2669 887 2742 itemque
910 2678 1133 2747 reliqua,
1166 2687 1415 2747 quotquot
1443 2679 1507 2733 de
1533 2680 1655 2733 aliis
1681 2680 1823 2733 dicta
1850 2698 1881 2733 a
1905 2679 2167 2747 prophetis
2216 2688 2357 2745 sunt,
2384 2680 2447 2733 de
2468 2678 2669 2734 Christi
2697 2679 2909 2733 Domini
2935 2680 3296 2733 incarnatione
3318 2677 3457 2731 beati

194 2753 426 2852 att-ostoli
454 2756 821 2827 intellexerint,
839 2765 972 2819 hanc
998 2769 1184 2823 merito
1204 2786 1364 2839 quam
1390 2771 1621 2825 diximus
1644 2788 1860 2825 causam
1880 2772 2085 2826 credere
2114 2772 2250 2825 licet.
2286 2770 2374 2825 Sic
2403 2773 2536 2825 enim
2567 2780 2613 2825 et
2646 2774 2984 2842 antiquarum
3012 2789 3187 2825 rerum
3232 2769 3458 2821 historia

195 2843 410 2898 minime
440 2847 566 2914 ﬁcta
598 2865 829 2922 apparet,
856 2867 905 2910 et
935 2857 1241 2927 magnitudo
1270 2861 1607 2926 prtesentium
1637 2876 1701 2913 ea:
1728 2860 1944 2913 illarum
1975 2860 2369 2928 comparatione
2392 2860 2559 2928 magis
2586 2861 2925 2928 coarguitur;
2959 2869 3113 2929 atque
3138 2856 3271 2911 illud
3303 2856 3459 2908 undi-

192 2949 287 3002 que
330 2951 571 3006 apparet,
605 2961 686 2998 res
718 2948 966 3003 nimirum
996 2950 1177 3003 veteris
1203 2951 1329 3021 legis
1366 2951 1434 3003 ad
1468 2952 1607 3006 Novi
1638 2952 1962 3007 Testamenti
1990 2962 2200 3007 eventus
2226 2952 2456 3020 referri:
2494 2952 2624 3006 adeo
2657 2961 2829 3006 tamen
2857 2955 3038 3023 priora
3077 2950 3459 3021 posterioribus

193 3030 395 3093 cedere,
427 3046 684 3102 quantum
717 3058 930 3111 corpore.
959 3043 1198 3096 umbram
1227 3044 1538 3099 deteriorem
1571 3063 1683 3100 esse
1704 3062 1801 3115 par
1832 3056 1930 3106 est,
1960 3047 2060 3100 etsi
2086 3045 2153 3098 ad
2203 3045 2297 3097 hoc
2330 3044 2594 3114 quadrare
2625 3044 2848 3101 videtur.
2888 3048 3164 3102 Hactenus
3205 3045 3457 3100 Theodo-

193 3138 326 3189 rus;
360 3128 447 3180 cui
493 3130 878 3198 astipulantem
909 3138 1050 3193 dabo
1077 3138 1357 3205 Ruﬁnum,
1395 3142 1486 3211 qui
1522 3142 1575 3194 in
1622 3141 2017 3196 Commentario
2056 3141 2125 3194 ad
2158 3139 2308 3195 Osca:
2339 3141 2495 3193 verba
2525 3154 2644 3208 cap.
2678 3157 2753 3209 ιι,
2790 3145 2843 3210 i,
2881 3143 2964 3196 Ea:
3005 3142 3238 3212 Egypto
3281 3140 3459 3193 vocavi

195 3213 399 3271 Filium
442 3237 633 3287 meum,
664 3226 743 3281 sic
770 3229 996 3285 scribit:
1027 3232 1179 3298 Quod
1212 3234 1276 3289 de
1312 3236 1505 3303 populo
1544 3235 1741 3288 dictum
1788 3253 1899 3290 esse
1933 3236 2218 3305 prophetia:
2251 3244 2423 3288 textus
2467 3234 2716 3301 ostendit,
2757 3235 2853 3289 hoc
2882 3237 3041 3288 etiam
3072 3233 3140 3287 ad
3179 3248 3458 3302 personam

193 3305 412 3362 Domini
449 3316 617 3366 nostri
652 3315 782 3371 Jesu
811 3319 1009 3376 Christi
1034 3340 1185 3393 posse
1230 3327 1535 3395 transferri,
1567 3327 1863 3395 apostolica
1897 3327 2209 3381 monstravit
2258 3326 2584 3388 auctoritas;
2622 3340 2713 3393 per
2762 3343 2911 3394 quem
2959 3326 3195 3379 videlicet
3234 3341 3295 3379 ea
3341 3340 3459 3394 qui:

189 3399 397 3458 Judceis
441 3406 569 3461 data
600 3421 751 3465 erant
775 3412 967 3471 divina:
1019 3421 1232 3488 pietatis
1273 3421 1527 3491 insignia,
1579 3432 1628 3475 et
1665 3423 1990 3475 cumulatius
2026 3422 2178 3475 nobis
2216 3421 2580 3489 conferrentur
2617 3431 2664 3473 et
2691 3419 2917 3489 gratius.
2950 3416 3024 3471 Ne
3074 3415 3205 3470 illud
3235 3432 3457 3485 quoque

196 3510 303 3547 non
340 3496 638 3553 dicendum
678 3513 781 3567 est.
830 3508 974 3575 quod
1017 3511 1406 3579 prophetarum
1446 3511 1580 3566 ordo
1618 3512 1761 3581 apud
1798 3511 2148 3566 Theodorum
2187 3512 2440 3566 diversus
2470 3528 2499 3565 a
2533 3510 2813 3565 communi
2859 3510 2913 3561 in
2946 3509 3153 3561 Graacis
3198 3508 3456 3562 editioni-

190 3589 291 3645 bus
326 3600 440 3655 est,
475 3594 554 3648 illi
593 3612 722 3651 vero
755 3600 1057 3659 conformis
1087 3621 1248 3674 quem
1290 3604 1484 3659 Latina
1525 3608 1742 3676 vulgata
1792 3606 2012 3659 retinet.
2047 3604 2120 3657 Ea
2159 3620 2322 3674 porro
2359 3605 2756 3658 versiculorum
2792 3600 3102 3662 distinctio,
3129 3614 3292 3670 quam
3327 3612 3459 3652 neo-

190 3686 345 3741 terici
384 3689 734 3758 invexerunt,
774 3711 1050 3767 quamque
1077 3698 1191 3769 jam
1241 3707 1458 3755 mutare
1504 3700 1573 3753 ob
1606 3700 1991 3770 pervulgatum
2044 3715 2204 3754 usum
2240 3715 2351 3754 non
2384 3699 2625 3769 expedit,
2678 3697 2919 3751 absurda
2964 3712 3105 3766 saepe
3151 3704 3206 3751 et
3257 3703 3450 3749 contra

186 3780 465 3836 orationis
501 3787 827 3841 sententiam
879 3791 1276 3860 cognoscitur:
1315 3791 1460 3861 quod
1495 3792 1690 3845 vitium
1734 3793 1787 3845 in
1822 3792 2124 3860 majoribus
2163 3806 2383 3861 quoque
2420 3792 2785 3860 capitulorum
2832 3789 3171 3845 sectionibus
3204 3789 3455 3859 quando-

188 3889 293 3942 que
320 3875 630 3932 admissum
663 3880 949 3951 videmus;
979 3900 1099 3954 quae
1128 3886 1309 3940 omnia
1348 3886 1620 3940 Theodori
1669 3900 1872 3948 sermo,
1904 3887 1999 3956 qui
2035 3887 2269 3942 diversis
2304 3888 2476 3941 utitur
2507 3886 2714 3956 pansis,
2764 3884 3040 3938 emendat.
3076 3884 3255 3953 Atque
3308 3884 3448 3935 hanc

188 3966 439 4035 capitum
471 3968 797 4026 divisionem
833 3975 1144 4031 inconsulte
1175 3976 1468 4030 admodum
1504 3976 1702 4031 factam
1737 3978 1791 4031 in
1817 3977 2103 4031 Ciceronis
2131 3992 2350 4045 quoque
2378 3974 3173 4040 orationibus,demonstrasse
3212 3988 3297 4025 me
3327 3973 3458 4026 olim

189 4064 439 4125 memini.
468 4080 591 4120 cum
620 4066 972 4124 Verrinarum
1014 4081 1198 4141 partes
1233 4088 1301 4127 ex
1337 4072 1725 4142 antiquissimo
1757 4070 2034 4125 Vaticana:
2066 4071 2414 4126 bibliotheca:
2461 4072 2816 4140 palimpsesto
2862 4070 3099 4124 ederem.
3131 4066 3237 4121 Sed
3275 4076 3457 4122 tamen

184 4158 520 4219 Theodorus
550 4181 659 4220 non
697 4166 903 4226 idcirco
931 4173 1091 4228 aliter
1123 4184 1440 4228 contextum
1477 4174 1738 4229 biblicum
1769 4171 2268 4228 discriminandum
2296 4172 2662 4235 demonstrat,
2695 4171 2839 4241 quod
2874 4170 2991 4240 ipse
3023 4170 3188 4222 ullam
3215 4168 3456 4238 capitum

185 4257 707 4329 versiculorumque
739 4263 1035 4319 sectionem
1080 4264 1283 4331 faciat;
1321 4272 1405 4319 est
1446 4267 1594 4319 enim
1635 4265 1689 4319 in
1725 4265 1916 4319 codice
1958 4265 2222 4319 continua
2260 4264 2534 4334 scriptura
2571 4263 2695 4331 (etsi
2732 4278 2832 4332 ego
2880 4261 2937 4314 in
2970 4260 3211 4315 editione
3256 4260 3460 4314 discri-

187 4354 455 4426 minavi);
487 4356 583 4410 sed
616 4358 742 4427 quia
771 4358 900 4414 dum
930 4362 1090 4415 aliter
1120 4361 1403 4415 exorditur
1432 4361 1762 4426 orationem,
1803 4364 2047 4432 itemque
2077 4362 2236 4416 aliter
2277 4362 2506 4421 claudit,
2539 4376 2701 4431 quam
2743 4358 3009 4430 Vulgatus
3040 4364 3223 4413 textus
3253 4373 3364 4428 prae
3399 4374 3459 4413 se

185 4448 321 4511 fert,
358 4450 638 4506 diversam
673 4455 1097 4523 respirationum
1130 4456 1550 4524 sectionumque
1580 4457 1851 4510 rationem
1880 4470 1940 4510 se
1967 4454 2259 4525 agnovisse
2290 4454 2649 4509 demonstrat.

257 4540 396 4596 Vill.
441 4542 703 4613 Superest
752 4554 809 4600 ut
848 4545 1217 4611 Theodorum,
1246 4555 1516 4616 quatenus
1552 4562 1583 4600 a
1626 4556 1775 4601 recto
1815 4548 2036 4601 tramite
2082 4546 2298 4600 videtur
2330 4544 2637 4608 deﬂectere,
2680 4558 3085 4613 coarguamus;
3124 4543 3271 4597 haud
3304 4542 3454 4598 illius

182 4640 411 4710 quidem
440 4641 695 4696 diatriba:
727 4657 881 4697 more
917 4658 1039 4712 quae
1085 4644 1230 4697 inter
1288 4644 1491 4713 scripta
1540 4642 1919 4714 Chrysostomi
1974 4644 2038 4697 ad
2083 4641 2429 4696 Theodorum
2469 4641 2677 4711 lapsum
2721 4642 2940 4712 legitur,
2987 4641 3080 4695 sed
3120 4641 3227 4695 leni
3278 4640 3459 4710 potius

181 4733 569 4790 admonitione
598 4735 889 4806 legentium
920 4746 980 4790 ut
1001 4738 1362 4806 periculosam
1397 4739 1727 4808 quandoque
1764 4739 1939 4808 ipsius
1970 4737 2270 4809 ἑρμηνείαν
2306 4743 2557 4792 caveant.
2593 4737 2687 4790 Est
2712 4738 2855 4790 enim
2887 4737 3156 4805 peculiare
3184 4734 3458 4791 Theodori

180 4825 528 4892 institutum,
570 4837 629 4881 ut
663 4829 953 4898 prophetas
1001 4829 1264 4885 historice
1303 4830 1557 4899 explicet,
1596 4829 1649 4883 id
1695 4839 1777 4885 est
1828 4839 1887 4883 ut
1933 4830 2040 4883 vim
2080 4830 2283 4899 passim
2335 4828 2713 4881 vaticiniorum
2765 4828 2831 4882 de
2883 4827 3093 4883 Veteris
3122 4826 3455 4883 Testamenti

176 4923 355 4977 rebus
384 4921 813 4992 hominibusque
837 4922 1104 4993 intelligat
1135 4938 1198 4977 ac
1234 4923 1625 4992 interpretetur
1654 4942 1667 4977 :
1701 4933 1864 4993 atque
1886 4923 1941 4976 in
1973 4922 2062 4976 his
2089 4922 2411 4975 nominatim
2446 4920 2751 4975 minoribus
2775 4921 3055 4991 prophetis
3086 4922 3455 4989 captivitatem

178 5030 407 5083 semper
432 5031 498 5068 ac
530 5015 925 5085 postliminium
960 5014 1268 5070 Iudaeorum
1303 5030 1413 5086 prae
1456 5015 1633 5070 oculis
1678 5015 1873 5081 habet;
1916 5016 1971 5069 in
2016 5015 2233 5070 duobus
2270 5021 2452 5069 autem
2498 5012 2812 5083 postremis,
2859 5012 3125 5065 Zacharia
3165 5013 3376 5067 scilicet
3407 5021 3459 5065 et

178 5106 483 5169 Malacbia,
517 5113 764 5176 tempora
792 5122 1009 5177 quoque
1047 5107 1481 5162 Machabaeorum
1532 5107 1810 5179 agnoscit;
1848 5108 1915 5161 ad
1945 5107 2226 5161 Christum
2257 5113 2438 5159 autem
2475 5106 2707 5173 ejusque
2754 5102 3053 5157 Ecclesiam
3088 5106 3311 5158 nonnisi
3350 5104 3460 5159 fere

175 5210 411 5270 propter
438 5202 706 5255 veriorem
733 5201 1142 5272 plenioremque
1171 5201 1415 5266 ἔκϐασιν,
1458 5202 1512 5256 id
1545 5212 1629 5257 est
1672 5210 1930 5265 eventum,
1973 5198 2237 5254 vaticinia
2285 5197 2473 5259 refert.
2524 5206 2582 5251 ut
2629 5197 2684 5250 in
2728 5197 2951 5250 recitato
2981 5196 3229 5265 exemplo
3253 5211 3457 5266 cogno-

172 5296 389 5357 vimus,
424 5310 729 5364 rursusque
752 5296 818 5348 ad
852 5295 1129 5350 Michaeam
1173 5314 1226 5364 v,
1273 5297 1327 5361 2,
1367 5297 1458 5351 ubi
1502 5297 1568 5351 de
1617 5298 2076 5367 promissionibus
2112 5310 2143 5348 a
2179 5294 2288 5349 Deo
2315 5294 2500 5351 Davidi
2546 5292 2707 5347 factis
2757 5300 2945 5347 noster
2983 5291 3262 5361 disputat;
3299 5299 3352 5345 et
3392 5292 3458 5346 ad

174 5387 514 5444 Zachariam
548 5407 627 5453 ιι,
659 5389 745 5456 10,
773 5390 867 5446 ubi
898 5390 1214 5445 vaticinium
1247 5394 1390 5448 inter
1416 5392 1810 5448 Zorobabelem
1848 5402 1903 5448 et
1925 5393 2206 5447 Christum
2240 5390 2408 5445 dividi
2437 5404 2601 5459 posse
2623 5398 2808 5458 negat.
2846 5388 3009 5457 Atqui
3041 5388 3155 5442 haec
3182 5388 3327 5441 ratio
3350 5403 3459 5442 non

171 5485 464 5540 immerito
490 5485 701 5540 Graecis
738 5484 1057 5557 Latinisque
1084 5481 1341 5543 Patribus
1372 5489 1617 5559 ipsisque
1646 5490 1809 5544 etiam
1836 5488 2086 5543 conciliis
2109 5493 2367 5556 suspecta
2391 5491 2553 5553 atque
2597 5483 2900 5552 improbata
2938 5481 3042 5534 fuit
3080 5500 3093 5535 :
3149 5491 3278 5535 sunt
3311 5481 3456 5535 enim

173 5593 386 5647 reapse
413 5579 675 5633 vaticinia
706 5582 895 5641 multa,
938 5594 1059 5649 quae
1090 5579 1370 5635 Christum
1402 5580 1583 5646 unice,
1630 5582 1849 5635 nemine
1897 5579 2244 5649 interposito,
2288 5581 2574 5645 spectant;
2625 5590 2804 5644 neque
2846 5575 3115 5630 Theodori
3158 5576 3459 5630 auctoritas

169 5674 335 5721 tanta
380 5676 485 5732 est,
518 5684 695 5738 neque
719 5670 837 5740 ejus
868 5689 1095 5733 acumen
1125 5685 1232 5730 tam
1265 5677 1542 5745 singulare
1587 5675 1941 5740 credendum,
1982 5686 2040 5729 ut
2082 5674 2228 5743 quod
2265 5673 2355 5726 alii
2394 5670 2607 5733 Patres,
2654 5673 2792 5727 tales
2836 5674 3079 5744 tantique
3112 5673 3237 5733 viri.
3282 5673 3456 5729 subli-

174 5761 366 5815 miore
398 5762 489 5815 illo
519 5768 897 5824 tantummodo
934 5787 1096 5826 sensu
1133 5771 1448 5840 praedictum
1494 5780 1754 5841 putarunt
1800 5787 1863 5826 ac
1906 5772 2234 5835 docuerunt,
2280 5767 2409 5821 huic
2463 5766 2729 5821 arbitratu
2774 5779 2873 5819 suo
2905 5765 2971 5819 de
3018 5765 3181 5820 rebus
3220 5766 3455 5834 primum

249 5902 274 5937 ⁸
315 5900 469 5957 Psal.
496 5919 585 5958 sv.
622 5902 707 5957 l0.
