3934 6506
526 390 626 446 H9
1292 342 1307 354 ν
1749 394 1909 449 ANG.
1956 390 2072 447 MAI

2186 390 2534 452 ΒᾸΞΡΑΤΙΟ.
3655 389 3738 444 ‘99

520 504 779 561 humanis
806 505 1077 576 explicare
1106 505 1286 567 liceat,
1326 502 1522 560 deinde
1554 504 1621 558 ad
1660 504 1877 561 divinas
1909 507 2207 564 transferre
2240 526 2253 562 :
2285 523 2407 577 quae
2435 508 2573 562 ratio
2597 511 2933 574 quantopere
2965 498 3107 570 apud
3136 499 3328 572 vulgus
3356 501 3737 572 prophetiannu

510 595 661 646 vires
716 592 997 664 infringat,
1052 592 1469 648 imbecilliorum
1521 594 1682 649 tidem
1736 596 2000 660 debilitet,
2051 596 2304 667 foresque
2342 600 2504 652 etiam
2567 595 2933 651 incredulitati
2992 596 3381 651 nonnullorum
3423 596 3634 665 pandat.
3675 600 3737 666 pii

510 704 709 746 omnes
745 691 1005 745 sentiunt.
1045 686 1189 743 Sane
1229 687 1335 741 hoc
1362 700 1533 754 genus
1576 686 2041 755 interpretationis
2077 689 2319 757 apprime
2366 687 2569 743 ludatis
2612 686 2933 756 capitalibus
2972 683 3177 740 Christi
3216 686 3739 755 ChriStianorumque

512 788 658 838 omni
691 792 931 853 tempore
969 782 1241 845 hostibus,
1272 778 1549 850 placuisse
1584 794 1684 848 par
1725 788 1847 834 est:
1884 781 1955 834 ob
1988 795 2216 849 eamque
2257 796 2479 834 causam
2536 779 2906 849 ἰουδαιόφρονα
2942 774 3283 830 Theodon
3317 792 3347 829 a
3383 776 3608 846 Georgio
3640 776 3733 829 lia-

516 872 745 925 martolo
772 872 826 925 in
857 871 1121 926 chronico
1143 869 1323 924 adhuc
1352 867 1559 922 inedito
1584 866 1790 921 dictum
1822 879 1987 937 puto;
2024 876 2139 923 tum
2165 870 2329 924 etiam
2359 872 2485 940 quia
2520 869 2930 940 synedricorum
2963 865 3387 920 commentarios
3416 866 3618 937 (nescio
3643 882 3734 935 quo

514 977 648 1017 usus
683 963 996 1031 interprete)
1030 962 1242 1016 videtur
1286 962 1531 1017 studiose
1570 963 1923 1026 lectitavisse,
1978 964 2063 1019 vel
2114 968 2297 1035 potius
2337 964 2555 1021 Judaeos
2602 966 2892 1035 magistros
2924 961 3141 1017 audisse
3186 977 3201 1013 :
3250 974 3375 1013 nam
3424 972 3567 1014 certe
3612 966 3731 1030 apud

511 1052 911 1110 lienaudotium
947 1058 1023 1127 (α)
1052 1054 1451 1112 Bar-Salibazus
1492 1057 1590 1113 abs
1633 1056 1837 1113 Iudaeis
1872 1060 2181 1115 institutum
2223 1061 2566 1118 Theodorum
2605 1070 2851 1115 nostrum
2883 1060 3134 1116 affirmat.
3168 1060 3365 1132 Utique
3397 1079 3533 1130 quas
3561 1064 3732 1116 Hiero-

510 1160 705 1215 nymus
744 1149 875 1202 dicit
908 1163 1030 1202 esse
1065 1147 1413 1202 Hebraeorum
1456 1150 1777 1210 sententias,
1822 1164 1917 1204 eas
1947 1151 2088 1219 apud
2122 1152 2465 1207 Theodorum
2502 1153 2828 1221 quandoque
2854 1151 3102 1219 legimus.
3136 1151 3288 1217 Quod
3331 1163 3508 1206 tamen
3550 1154 3723 1206 obser-

509 1251 598 1296 rat
628 1243 679 1295 in
712 1258 811 1297 suo
841 1243 1228 1298 Commentario
1252 1245 1306 1297 in
1343 1241 1540 1299 Jonam
1576 1244 1956 1318 Hieronymus,
1990 1245 2271 1302 Hebraeum
2311 1248 2607 1317 Josephum
2641 1247 2858 1301 Tharsis
2890 1243 3222 1300 intellexisse
3250 1242 3455 1295 Cilicia:
3483 1240 3725 1306 Tarsum;

508 1335 562 1388 id
590 1334 931 1391 Theodorum
980 1336 1356 1390 adversantem
1397 1335 1577 1389 habet.
1622 1336 1734 1390 Nec
1782 1351 1944 1405 porro
1970 1335 2215 1392 Judaicze
2256 1346 2417 1391 sectas
2464 1351 2703 1389 amorem
2736 1333 3024 1387 Theodoro
3060 1332 3328 1399 imputare
3367 1330 3514 1391 licet,
3544 1328 3731 1382 etenim

506 1429 564 1483 in
598 1432 819 1501 prologo
847 1432 911 1485 ad
941 1429 1131 1486 Jonam
1158 1430 1469 1484 Judzeorum
1496 1429 1758 1484 adversus
1788 1431 2064 1486 Christum
2093 1432 2457 1498 pervicaciam
2486 1445 2673 1485 severe
2700 1429 2949 1497 castigat.
2974 1423 3113 1478 Illud
3142 1424 3303 1478 etiam
3327 1423 3489 1491 paulo
3526 1422 3729 1476 liberius

508 1521 651 1588 apud
684 1520 1027 1577 Theodorum
1069 1524 1178 1577 dici
1210 1524 1426 1578 videtur
1461 1541 1513 1593 p.
1561 1524 1649 1589 63,
1689 1526 1817 1589 212,
1844 1526 1972 1593 225,
2006 1525 2150 1597 quod
2196 1524 2409 1580 Veteris
2444 1522 2778 1579 Testamenti
2812 1520 3126 1576 hominibus
3170 1535 3349 1588 neque
3407 1516 3526 1571 Filii
3573 1533 3728 1586 neque

510 1609 748 1679 Spiritus
776 1613 949 1666 sancti
979 1629 1227 1682 persona:
1254 1629 1483 1683 prorsus
1516 1613 1856 1669 innotuerint
1890 1614 2072 1684 ;.quod
2115 1624 2295 1669 tamen
2328 1613 2669 1682 privilegium
2697 1610 2975 1681 prophetis
2998 1620 3147 1667 certe
3177 1612 3459 1665 nonnullis
3487 1611 3623 1663 haud
3650 1609 3730 1663 de-

507 1702 698 1759 bemus
728 1705 960 1774 eripere.
1006 1705 1186 1772 Quare
1225 1711 1619 1766 commentario
1652 1709 1720 1764 ad
1772 1710 2094 1765 Zachariam
2139 1711 2415 1765 substrata
2465 1709 2696 1778 legimus
2727 1706 2900 1761 Graeci
2938 1706 3175 1762 hominis
3224 1707 3456 1766 scholia.
3489 1705 3732 1759 adversus

503 1796 648 1851 lianc
681 1795 953 1855 Theodori
978 1801 1285 1867 audaciam,
1320 1820 1482 1866 quam
1529 1819 1631 1875 ego
1676 1820 1895 1875 quoque
1934 1806 2270 1874 aliquantum
2304 1804 2537 1858 inhibui.
2579 1803 2716 1857 Illud
2743 1802 2978 1871 denique
3007 1805 3094 1854 vix
3122 1806 3208 1854 est
3239 1800 3577 1869 probandum
3604 1798 3730 1866 quod

503 1887 596 1942 Dei
629 1889 930 1947 locutiones
976 1894 1041 1947 ad
1082 1896 1344 1966 prapheta
1418 1897 1763 1967 visionesque
1799 1907 1853 1951 et
1884 1899 2065 1952 varias
2106 1896 2467 1951 revelationes
2496 1896 2659 1949 unico
2686 1909 2829 1963 saepe
2868 1894 3091 1947 denotat
3129 1890 3413 1961 ἐνεργείας
3452 1888 3727 1947 vocabulo;

504 1996 814 2053 quanquam
842 1986 945 2041 hac
978 2002 1146 2059 super
1186 2005 1247 2044 re
1276 1991 1551 2059 sapienter
1575 2002 1839 2061 acuteque
1862 1991 2185 2047 Theodorus
2214 1991 2458 2059 disputat
2491 1991 2595 2046 sub
2633 1989 2848 2043 initium
2896 1986 3152 2048 Nahumi,
3180 1985 3269 2039 ubi
3299 1984 3494 2053 λῆμμα
3512 1982 3728 2036 vocabu-

504 2080 614 2134 lum
638 2080 894 2149 explicat.
924 2089 978 2137 et
999 2082 1055 2137 in
1090 2092 1241 2139 recta
1270 2102 1497 2157 prorsus
1523 2089 1792 2143 sententia
1832 2088 2107 2143 consistit.
2141 2085 2327 2156 Neque
2354 2101 2484 2140 vero
2513 2086 2802 2155 quisquam
2836 2096 3004 2137 sanus
3036 2081 3165 2135 mihi
3209 2079 3575 2139 succensebit,
3600 2078 3731 2147 quod

504 2170 775 2228 Theodori
809 2173 1035 2243 scripta,
1073 2177 1176 2230 etsi
1212 2180 1384 2233 errori
1417 2180 1716 2249 aliquando
1750 2180 2022 2249 proxima,
2056 2180 2113 2233 in
2153 2179 2327 2232 lucem
2372 2178 2653 2241 emittam;
2692 2173 2827 2228 naavi
2856 2173 3000 2225 enim
3034 2187 3099 2227 ac
3127 2170 3259 2225 vitia
3298 2171 3482 2230 bonis,
3514 2179 3570 2223 ut
3592 2175 3733 2238 puto,

500 2264 752 2329 plurimis
782 2266 1136 2321 obruuntur:
1172 2278 1287 2322 tum
1318 2284 1419 2339 ego
1459 2272 1600 2324 hanc
1636 2272 1941 2341 apologiam
1990 2270 2045 2324 in
2085 2270 2404 2339 praefatione
2454 2268 2522 2322 ad
2566 2264 2843 2330 Photium,
2884 2263 3187 2333 praesertim
3222 2277 3353 2316 vero
3383 2261 3448 2315 ad
3519 2260 3729 2315 Ariano-

500 2372 619 2411 rum
653 2358 957 2429 fragmenta
990 2365 1053 2429 (t.
1085 2362 1179 2427 ill,
1213 2371 1354 2433 part.
1388 2382 1449 2429 ιι,
1491 2382 1542 2435 p.
1578 2365 1836 2436 £86487)
1868 2376 1975 2420 tam
2008 2367 2207 2420 invicte
2237 2364 2494 2428 instruxi,
2532 2370 2592 2417 ut
2631 2361 2840 2415 nullum
2872 2358 3072 2412 addere
3095 2356 3323 2411 verbum
3350 2357 3464 2425 jam
3488 2368 3620 2423 opus
3645 2352 3731 2409 sit.

570 2446 661 2501 IX.
702 2450 1101 2509 Constitueram
1160 2457 1287 2510 olim
1334 2465 1532 2511 cuncta
1572 2457 1845 2513 Theodori
1911 2456 2213 2528 fragmenta
2267 2472 2334 2509 ex
2384 2452 2667 2509 Vaticanis
2723 2449 3024 2521 praesertim
3073 2445 3285 2501 catenis
3334 2443 3536 2499 Gracis
3584 2452 3728 2510 atque

498 2549 856 2604 Orientalium
890 2552 1195 2622 linguarum
1238 2551 1521 2608 codicibus
1564 2553 1904 2621 coniunctim
1952 2554 2114 2608 edere
2137 2552 2213 2619 (ὑ)
2252 2571 2265 2606 :
2302 2551 2446 2620 quod
2496 2550 2623 2619 quia
2671 2563 2819 2601 nunc
2858 2561 2956 2617 per
3003 2538 3390 2609 occupationes
3433 2550 3537 2589 non
3572 2534 3724 2593 licuit,

500 2644 801 2714 fragmenta
835 2647 1023 2701 saltem
1055 2648 1231 2716 ampla
1265 2660 1331 2699 ex
1361 2644 1482 2711 ejus
1505 2643 1803 2713 deperditis
1831 2642 1906 2695 De
1928 2644 2301 2698 incarnatione
2337 2642 2570 2705 Domini,
2602 2648 2653 2693 et
2674 2632 2875 2691 Contra
2907 2632 3297 2705 Apollinarem,
3331 2638 3385 2683 et
3418 2629 3473 2682 in
3507 2626 3725 2680 Psalmos

498 2734 677 2797 libris,
700 2750 817 2803 q'ue
846 2734 1106 2789 Leontius
1137 2735 1264 2788 olim
1294 2733 1661 2800 trausrripsit,
1689 2732 1940 2785 Canisius
1982 2730 2171 2784 Latine
2202 2728 2576 2783 tantummodo
2621 2726 2812 2787 edidit,
2848 2740 2993 2777 nunc
3031 2737 3132 2791 ego
3178 2720 3366 2774 Graece
3397 2736 3464 2773 ex
3488 2716 3725 2769 Vaticano

497 2832 809 2892 pervetusto
843 2828 1031 2882 codice
1073 2826 1396 2896 proferenda
1433 2826 1641 2889 curavi,
1680 2842 1804 2880 cum
1847 2825 2058 2881 Leontii
2100 2823 2168 2879 de
2208 2824 2292 2878 his
2330 2821 2561 2892 judicio,
2590 2821 2682 2887 qui
2713 2820 2968 2873 latentem
2998 2814 3053 2869 in
3084 2814 3168 2867 bis
3202 2812 3452 2866 hzeresim
3477 2818 3615 2864 recte
3647 2822 3721 2860 ar-

495 2914 631 2978 guit,
657 2924 710 2969 et
739 2915 791 2969 in
834 2917 1099 2985 prommio
1144 2916 1424 2984 complura
1465 2911 1736 2969 Theodori
1787 2927 1951 2984 opera
1983 2921 2290 2975 enumerat,
2326 2926 2446 2980 quae
2485 2910 2838 2965 consectanei
2872 2917 2983 2960 tam
3024 2908 3268 2963 studiose
3301 2906 3657 2967 occultabant,
3676 2912 3729 2953 ut

495 2998 753 3056 Leontius
784 3004 900 3073 ipse
923 3004 1141 3059 nonnisi
1177 3018 1344 3073 opere
1375 3003 1449 3057 De
1480 3004 1847 3057 incarnatione
1889 3005 2096 3073 potitus
2127 3004 2218 3058 sit.
2254 3001 2361 3057 Sed
2392 3003 2533 3055 enim
2559 3016 2661 3056 nos
2696 3001 2867 3055 multo
2900 3001 3029 3055 olim
3064 3001 3221 3071 plura
3248 2998 3521 3053 Theodori
3543 2994 3723 3064 scripta

495 3090 553 3144 in
590 3091 909 3161 praefatione
935 3094 1001 3147 ad
1034 3094 1268 3163 primum
1296 3093 1651 3149 Collectionis
1681 3103 1885 3148 nostrae
1917 3095 2172 3147 volumen
2199 3093 2635 3164 percensuimus.

566 3264 642 3337 (ᾳ)
684 3262 885 3337 Liturg.
920 3266 1013 3337 0r.
1047 3276 1087 3321 ι.
1112 3266 1175 3329 ll,
1208 3283 1261 3336 p.
1291 3265 1418 3320 622.
1550 3336 1553 3337 ν
2008 3336 2015 3337 ί
2044 3334 2053 3337 Α
2166 3268 2387 3329 Nicctm,
2422 3268 2511 3321 ubi
2546 3267 2611 3322 de
2636 3278 2827 3323 sancto
2858 3268 3061 3337 Spiritu
3093 3268 3146 3322 in
3190 3268 3381 3323 Jesum
3408 3266 3721 3337 baptizatum

567 3335 637 3408 (ὁ)
681 3334 893 3408 Horum
929 3334 1365 3408 fragmentorum
1412 3336 1709 3408 specimen,
1741 3345 1963 3408 praeter
2005 3334 2057 3388 id
2169 3339 2585 3408 superveniente
2634 3353 2814 3393 sermo
2857 3334 2932 3399 ﬁt,
2978 3349 3082 3393 etc.
3134 3339 3353 3408 Legitur
3412 3334 3546 3391 infra
3594 3334 3718 3389 inter

495 3406 637 3477 quod
663 3406 805 3458 edidi
832 3406 895 3459 ad
929 3404 1105 3477 Photii
1132 3406 1655 3477 Amphilochianam_
1670 3404 1902 3473 primam
1935 3420 2056 3472 cap.
2167 3404 2437 3463 Theodori
2471 3408 2773 3477 fragmenta
2810 3410 2862 3461 in
2887 3409 3174 3463 Joannem.

494 3475 598 3538 55,
642 3484 819 3532 exstat
876 3478 931 3532 in
975 3472 1254 3529 Vaticana
1278 3476 1331 3527 in
1372 3472 1572 3528 Lucam
1615 3472 1819 3528 Catena
1861 3477 2058 3527 inedita

1783 3678 3701 3706 ____________________________________...

516 3687 1003 3709 hcc——

1184 3879 1449 3972 ANG.
1548 3879 1813 3969 MAII
1902 3873 2544 3965 PRIEFATIO
2615 3866 3115 3964 ALTERA.

1418 4094 1733 4160 (Bibliotheca
1752 4106 1874 4145 nova
1898 4095 2121 4153 Patrum,
2146 4098 2261 4142 tom.
2284 4094 2391 4152 Ἧι,
2420 4095 2581 4143 Romae
2603 4092 2765 4157 (854.)

2086 4296 2156 4311 Ἀ

566 4460 608 4515 Ι.
652 4458 727 4515 De
748 4474 1029 4515 sacrorum
1061 4460 1325 4516 librorum
1366 4463 1705 4518 obscuritate
1754 4465 1941 4534 (quam
1986 4464 2038 4518 in
2087 4466 2370 4536 pr0phetis
2409 4466 2680 4534 praecipue
2708 4462 3001 4533 comperiri
3056 4477 3281 4518 necesse
3314 4465 3420 4534 est)
3446 4459 3717 4532 Polychrtr

503 4560 619 4612 nius
647 4556 977 4625 Apamensis
1007 4560 1296 4629 episcopus
1318 4558 1481 4611 breve
1511 4559 1640 4611 olim
1673 4559 1972 4627 capitulum
1998 4561 2247 4631 scripsit,
2279 4560 2421 4629 quod
2452 4575 2554 4613 nos
2587 4563 2639 4612 in
2662 4558 3043 4628 antiquissimo
3066 4555 3254 4611 codice
3275 4553 3533 4611 Vaticano
3551 4554 3718 4607 obser‘

495 4657 704 4711 vatum,
731 4656 784 4704 et
812 4665 841 4702 a
873 4650 1068 4703 Photio
1100 4652 1263 4703 etiam
1292 4652 1435 4702 inter
1466 4649 1953 4717 Amphilochianas
1985 4652 2319 4719 quaastioncs
2362 4666 2500 4720 quas
2536 4651 2808 4704 edidimus
2848 4651 3098 4717 relatum,
3151 4659 3277 4706 ante
3329 4650 3429 4705 hos
3472 4660 3635 4703 annos
3670 4642 3719 4693 in

498 4741 840 4810 Scriptorum
871 4752 1111 4795 veterum
1146 4741 1321 4809 primo
1350 4740 1627 4794 volumine
1675 4742 2091 4796 collocavimus.
2130 4741 2302 4808 Quam
2347 4757 2492 4796 nunc
2536 4756 2647 4794 rem
2698 4755 3129 4796 commemorare
3160 4756 3267 4795 non
3300 4740 3400 4793 fuit
3436 4738 3635 4795 inutile,
3666 4740 3716 4784 ut

497 4836 674 4904 major
698 4837 825 4890 hinc
859 4836 981 4890 laus
1014 4834 1083 4888 ad
1118 4833 1465 4903 Polychronii
1499 4833 1721 4888 fratrem
1745 4829 2097 4890 Theodorum
2123 4845 2372 4891 nostrum
2402 4836 2840 4905 Mopsuestenum
2874 4834 3166 4896 redundet,
3199 4834 3363 4903 cujus
3390 4846 3496 4887 tam
3521 4830 3714 4900 planam

496 4935 715 4996 tamque
740 4927 1087 4998 perspicuam
1124 4927 1515 4996 prophetarum
1561 4930 1835 4983 minorum
1879 4931 2389 5001 interpretationem
2436 4930 2736 4993 ell‘erimus,
2784 4944 3017 4999 quorum
3058 4930 3376 4999 plerumque
3406 4924 3649 4985 elocutio,
3676 4918 3714 4971 si

494 5022 637 5074 nuda
673 5030 969 5089 spectetur,
1009 5035 1147 5091 pene
1181 5035 1291 5090 pra:
1339 5023 1554 5077 caeteris
1586 5034 1961 5079 sacrosancta!
1991 5026 2292 5094 Scriptura:
2323 5026 2640 5080 auctoribus
2671 5025 3024 5080 obscuritatis
3054 5022 3285 5093 caligine
3314 5022 3480 5092 premi
3504 5016 3714 5072 videtur.

492 5108 558 5161 Et
586 5111 950 5169 nihilominus
985 5113 1296 5167 luminosus
1324 5115 1461 5169 adeo
1495 5116 1579 5169 vir
1610 5113 1937 5173 Theodorus
1980 5118 2181 5173 librum
2216 5120 2333 5188 ipse
2367 5135 2585 5190 quoque
2629 5121 2696 5174 de
2736 5120 2970 5175 obseura
3006 5119 3282 5174 locutione
3326 5117 3634 5185 (Bibliorum
3666 5110 3717 5159 ut

495 5205 648 5272 puto)
679 5207 1113 5275 conscripserat,
1149 5209 1217 5261 ab
1250 5207 1520 5263 Ehediesu
1567 5211 1621 5264 in
1651 5213 1901 5281 catalogo
1932 5228 2032 5267 suo
2075 5223 2460 5275 memoratum.
2503 5230 2611 5283 quo
2647 5215 2855 5283 scripto
2894 5214 3045 5267 fratri
3080 5227 3181 5267 suo
3213 5206 3571 5280 Polychronio
3599 5210 3715 5267 sup-

494 5298 669 5363 petias
726 5297 961 5351 fortasse
1012 5301 1238 5357 ferebat.
1277 5302 1386 5359 Sed
1418 5322 1601 5361 nonne
1639 5323 1790 5373 vero,
1819 5310 1966 5363 dicet
1988 5308 2212 5377 aliquis,
2247 5310 2369 5362 alia:
2399 5310 2567 5363 etiam
2598 5318 2819 5363 exstant
2858 5308 2925 5362 ad
2958 5309 3060 5363 hos
3098 5308 3410 5362 salebrosos
3449 5296 3716 5373 prophem

492 5398 946 5462 explanationes?
972 5398 1201 5457 Exstant
1240 5420 1391 5468 sane,
1432 5416 1489 5459 ut
1524 5408 1730 5476 publici
1769 5409 1895 5462 libri
1940 5409 2160 5467 docent,
2202 5417 2371 5477 utque
2422 5409 2558 5461 alias
2611 5407 2935 5461 nominatim
2984 5401 3278 5465 recensui;
3319 5400 3614 5462 mirumque
3642 5389 3713 5439 es!

490 5488 636 5553 quod
676 5489 817 5541 intra
844 5491 1235 5563 quinquaginta
1260 5499 1483 5554 circiter
1514 5517 1709 5562 annos,
1738 5518 1934 5570 nempe
1957 5503 2025 5555 ab
2047 5509 2291 5556 extrema
2324 5503 2509 5557 saeculi
2546 5503 2723 5570 quarti
2760 5510 2937 5569 parte,
2968 5500 3033 5553 ad
3077 5497 3315 5551 medium
3348 5495 3457 5547 fere
3478 5482 3711 5545 szeculum

491 5582 743 5639 quintum
792 5580 956 5648 (quod
1014 5583 1201 5638 hercle
1244 5588 1461 5643 doctius
1513 5590 1767 5643 lii-clcsiaa
1810 5606 1983 5643 aevum
2036 5591 2159 5657 fuit)
2202 5591 2503 5644 ﬂoruerunt
2550 5590 2873 5643 nobilissimi
2914 5590 3300 5658 prophetarum
3344 5588 3528 5639 horum
3565 5579 3713 5629 inter-

498 5678 676 5723 l'retes
710 5668 999 5724 Theodoro
1033 5683 1225 5727 nostro
1256 5681 1728 5747 contemporanei,
1765 5679 1817 5741 1,
1862 5679 1923 5731 S.
1956 5679 2351 5751 Hieronymus;
2394 5682 2449 5743 2,
2489 5680 2741 5746 Rufinus,
2780 5690 2839 5735 ut
2869 5683 3031 5751 vulgo
3067 5680 3120 5733 in
3161 5678 3441 5732 codicibus
3470 5668 3710 5732 librisqne

496 5758 791 5823 soribitur;
826 5762 878 5822 3,
904 5760 959 5814 S.
985 5764 1221 5832 Cyrillus
1252 5767 1689 5831 Alexandrinus;
1725 5768 1779 5830 4,
1812 5766 2210 5824 Theodoretus.
2248 5770 2454 5825 Horum
2502 5772 2723 5838 inquam
2763 5770 3003 5823 omnium
3044 5770 3294 5823 videmus
3329 5767 3465 5838 typis
3496 5763 3711 5826 imprcs'

504 5862 592 5901 tos
623 5848 930 5911 luculentus
950 5858 1392 5918 commentarios.
1425 5872 1563 5925 auos
1586 5874 1708 5913 cum
1736 5859 2121 5927 Mopsucsteno
2152 5873 2349 5916 nostro
2386 5861 2659 5928 conferre,
2693 5862 2926 5930 perutile
2956 5862 3371 5932 jucundumque
3405 5859 3582 5913 iecton
3609 5845 3707 5899 ἶθη
