3934 6558
213 410 313 469 ιῖἲ
1454 420 1616 478 ANG.
1657 422 1766 478 MAI

1916 421 2227 480 lAZF‘ATlO.
3372 428 3469 485 122

200 537 349 597 puto
377 546 391 583 :
417 528 622 599 quibus
648 545 751 599 ego
781 529 883 584 etsi
919 527 1050 583 nihil
1082 527 1371 587 detrahere
1404 536 1549 599 volo,
1584 537 1674 590 aio
1704 536 2069 591 nihilominus
2101 544 2349 591 nostrum
2391 536 2536 593 hunc
2572 537 2742 593 videri
2784 539 3055 595 scribendi
3097 550 3211 597 arte
3255 557 3362 596 non
3386 544 3473 596 in-

199 620 492 683 feriorem,
525 621 871 690 limpitudine
903 635 1080 679 autem
1112 633 1165 680 et
1192 630 1433 681 naturali
1455 629 1691 699 quadam
1718 630 1977 684 facilitate
2005 646 2171 699 prope
2212 631 2526 700 gratiorem.
2574 630 2806 686 Felicem
2836 650 3024 689 rursus
3059 645 3270 689 aetatem
3321 636 3470 688 illam
3530 618 3538 625 ’

199 710 472 775 ιιι-πιόίςο,
504 727 627 779 qua:
672 727 863 779 praeter
894 708 997 770 hos
1029 718 1294 785 quinque,
1329 720 1451 772 tulit
1490 735 1542 773 et
1588 721 1727 774 alios
1774 736 1922 775 nunc
1967 722 2279 791 deperdilos
2322 721 2637 776 earumdem
2680 725 3066 792 prophetarmu
3118 725 3469 791 interpretes:

198 801 425 853 scilicet
464 802 754 874 Didymum
784 816 922 863 teste
948 811 1279 883 Hieronymo
1318 815 1391 866 De
1422 817 1519 871 vir.
1556 816 1637 869 ill.
1670 833 1720 870 c.
1755 817 1889 884 109;
1921 817 2399 888 Chrysostomum,
2428 834 2588 886 quem
2625 833 2684 873 se
2724 820 2920 888 legisse
2952 822 3028 871 ait
3066 822 3116 873 in
3149 819 3468 889 prastatione

197 909 307 946 sua
349 894 603 959 Rufinus,
638 904 951 973 pariterque
981 906 1321 975 Ephrasmius
1352 914 1730 969 Autiochenus
1777 915 1920 984 apud
1954 914 2206 968 Photium
2239 915 2387 982 (cod.
2421 914 2542 977 {29,
2576 915 2662 969 ed.
2694 931 2748 984 p.
2776 913 2932 981 820);
2974 914 3267 967 Eudociam
3316 911 3468 965 dcui-

196 1002 312 1077 que
351 1000 669 1060 augustam,
702 1004 758 1048 ut
785 997 922 1052 idem
955 1002 1008 1054 in
1043 1003 1233 1059 codice
1272 1007 1371 1060 184
1429 1009 1598 1061 tradit
1623 1008 1871 1064 Pholitts.
1905 1010 2058 1075 Quod
2093 1012 2137 1065 si
2170 1026 2295 1065 vera
2325 1020 2408 1064 est
2437 1010 2764 1065 Parisieusis
2788 1010 2994 1063 codicis
3031 1010 3129 1063 “2
3157 1009 3463 1077 inscriptio,

195 1076 339 1127 latet
369 1078 446 1131 ibi
472 1084 639 1135 coaevi
677 1089 955 1153 prmdictis
986 1089 1277 1160 Epiphanii
1327 1098 1381 1148 in
1431 1095 1738 1151 Naliumum
1785 1103 2199 1154 commentatio.
2260 1100 2394 1155 Nam
2446 1102 2735 1169 cujusnam
2783 1104 2966 1158 saeculi
3005 1104 3164 1157 homo
3198 1105 3243 1156 is
3280 1103 3461 1168 fuerit,

194 1169 367 1234 cujus
416 1186 519 1225 nos
572 1176 701 1229 olim
756 1177 1059 1248 fragmenta
1097 1185 1203 1238 tria
1247 1189 1603 1244 recitavimus
1645 1191 1747 1256 (861

1911 1203 2009 1248 vet.
2049 1211 2141 1256 VII,
2197 1210 2250 1263 p.
2286 1195 2408 1265 68),
2457 1197 2559 1249 hoc
2592 1198 2750 1251 titulo
2782 1217 2795 1253 :
2826 1197 3083 1260 Ἑϐίωνος
3109 1200 3171 1250 ὲκ
3204 1198 3301 1267 τῆς
3337 1197 3464 1267 περὶ

193 1265 507 1335 πρθφητῶν
537 1268 871 1342 ἐξηγήσεως,
906 1276 1123 1333 Ebionis
1147 1295 1211 1333 ea:
1235 1288 1570 1339 enarratione
1605 1290 1659 1340 in
1681 1288 1981 1355 prophetas.
2013 1306 2122 1343 non
2164 1289 2323 1344 facile
2356 1291 2648 1345 definietur
2684 1310 2697 1346 :
2732 1288 2933 1344 etenim
2972 1289 3025 1340 in
3068 1287 3257 1340 codice
3295 1286 3461 1339 nobili

193 1357 496 1451 Faticano,
532 1381 695 1434 quem
731 1369 923 1423 iterum
956 1372 1319 1441 inspeximus,
1350 1377 1615 1432 scribitur
1647 1381 1936 1449 perspicue
1964 1380 2240 1445 Ἐδίωνος,
2277 1382 2351 1435 ita
2391 1391 2449 1435 ut
2490 1382 2838 1451 cogitandum
2875 1380 3129 1433 videatur
3164 1378 3232 1432 de
3260 1377 3464 1431 Ebione

192 1441 435 1541 Joannis
462 1454 699 1530 apostoli
724 1464 1206 1527 contemporaneo.
1251 1463 1395 1518 Sane
1440 1441 1703 1529 Ebionaei,
1738 1441 1964 1522 auctore
2005 1441 2321 1525 authentico
2367 1441 2670 1541 Epiphanio
2713 1472 2847 1541 (hter
2892 1467 3063 1531 XXX,
3103 1469 3213 1537 18),
3241 1476 3464 1521 caeteros

191 1538 505 1631 prophetas
542 1541 900 1609 detestantes,
932 1566 1101 1603 unum
1133 1552 1415 1607 Christum
1458 1558 1830 1624 agnoscebant
1873 1560 2217 1628 prophetam,
2261 1562 2328 1615 de
2363 1538 2615 1631 quo—uno
2648 1538 2840 1630 reapse
2882 1561 2988 1615 tria
3025 1561 3118 1613 illa
3160 1559 3465 1628 fragmenta

194 1628 534 1693 loquuntur.
571 1632 637 1683 At
678 1650 808 1688 vero
845 1636 1096 1693 Labbeus
1140 1642 1444 1711 (conspect.
1468 1658 1557 1712 op.
1592 1643 1842 1698 Damasc.
1886 1662 1941 1715 p.
1979 1646 2089 1716 50).
2126 1648 2336 1716 legebat
2374 1628 2428 1703 in
2462 1650 2651 1706 codice
2676 1628 2957 1709 Gallicano
3003 1654 3292 1715 Εὐϐίωνος-
3332 1651 3463 1705 υῑτίι

192 1717 363 1817 lectio
400 1723 481 1774 sit
512 1725 713 1817 verior,
746 1725 891 1783 Deus
915 1731 1052 1799 scit;
1087 1736 1181 1789 sed
1203 1745 1352 1791 certe
1379 1748 1431 1790 et
1455 1736 1668 1793 Euhion
1703 1741 1967 1810 antiquus
2001 1742 2162 1795 homo
2186 1741 2308 1807 fuit,
2333 1743 2775 1814 quandoquidem
2802 1748 3133 1802 Anastasius
3158 1745 3460 1817 presbyter,

190 1810 336 1908 apud
374 1827 549 1881 quem
581 1816 885 1887 fragmenta
913 1822 1005 1878 illa
1040 1838 1253 1882 servata
1279 1838 1428 1892 sunt,
1468 1833 1533 1885 ad
1564 1835 1739 1901 prisca
1772 1837 1971 1887 saecula
2008 1837 2265 1904 pertinet,
2299 1810 2397 1892 nec
2434 1838 2547 1893 fere
2576 1810 2970 1908 iMopsuesteno
3008 1810 3279 1896 recentior
3307 1810 3462 1907 judi-

189 1904 414 2003 candus
439 1916 548 2003 est.
578 1910 871 2003 Anastasio
894 1926 1076 1971 autem
1102 1928 1599 1989 contemporaneus
1625 1922 1729 1977 fuit
1760 1926 2091 1996 Hesychius,
2124 1927 2286 1997 cujus
2319 1929 2505 1984 multa:
2536 1904 2769 2000 sparsim
2806 1932 2873 1986 ad
2908 1932 3200 2003 prophetas
3232 1929 3463 1983 adnota-

188 1996 372 2050 tiones
399 1997 460 2051 in
489 1996 774 2057 Vaticanis
802 2006 1088 2062 codicibus
1120 2010 1310 2064 latent.

166 2174 179 2185 .
256 2134 324 2189 ll.
375 2138 777 2195 Verumtamen
816 2151 875 2197 ut
897 2143 962 2196 ad
996 2142 1439 2213 Mopsuestenum
1480 2159 1731 2202 nostrum
1778 2150 2087 2215 redeamus,
2127 2152 2366 2208 hominis
2394 2154 2612 2224 quidem
2644 2154 2960 2217 historiam,
2996 2164 3108 2209 tota
3137 2151 3464 2220 antiquitate

190 2235 239 2279 et
269 2234 590 2297 praesertim
624 2234 675 2286 in
705 2232 927 2290 Oriente
957 2234 1280 2304 famigerati,
1305 2239 1357 2290 in
1385 2239 1487 2291 alia
1512 2255 1612 2294 nos
1651 2237 1991 2308 Scriptorum
2019 2243 2338 2298 collectione
2368 2251 2406 2297 t.
2438 2243 2524 2309 Vl,
2558 2246 3026 2309 adumbravimus,
3074 2244 3248 2314 deque
3296 2234 3462 2296 libro-

190 2333 305 2371 rum
332 2323 469 2391 ejus
508 2326 877 2393 multitudine,
921 2332 1153 2396 meritis,
1190 2348 1255 2386 ac
1288 2336 1829 2404 reprehensionibus,
1863 2338 2018 2403 satis,
2052 2347 2112 2392 ut
2135 2348 2284 2409 puto,
2317 2340 2577 2406 diximus,
2610 2349 2665 2395 et
2700 2342 2858 2397 nobis
2894 2357 3040 2396 nunc
3060 2341 3215 2409 plura
3246 2337 3462 2392 dicendi

190 2420 362 2471 otium
409 2419 668 2477 fecimus.
712 2426 850 2488 Quia
894 2434 1075 2480 tamen
1105 2428 1363 2497 pleraque
1404 2431 1622 2485 nonnisi
1653 2429 1838 2486 Graece
1881 2433 1938 2486 in
1972 2434 2146 2486 lucem
2189 2443 2345 2488 antea
2371 2434 2691 2500 extulimus,
2727 2434 2903 2488 visum
2930 2440 3014 2487 est
3052 2438 3204 2484 tanto
3238 2438 3463 2482 auctore

190 2510 403 2563 diutius
433 2512 685 2568 homines
720 2512 905 2581 Graece
946 2520 1169 2586 ignaros
1195 2535 1301 2573 non
1333 2518 1587 2574 fraudare
1621 2540 1634 2574 :
1681 2522 1864 2590 itaque
1905 2524 2142 2591 antiquae
2187 2532 2389 2577 nostra:
2430 2524 2814 2592 promissionis
2845 2535 3114 2576 memores
3152 2525 3329 2570 totum
3354 2515 3460 2571 im-

190 2606 338 2677 pigre
378 2606 646 2662 Latinum
695 2608 947 2677 fecimus,
991 2623 1211 2685 tamque
1269 2618 1449 2685 spisso
1483 2632 1645 2686 opere
1685 2633 1937 2686 magnam
1986 2618 2150 2686 hujus
2184 2618 2480 2673 voluminis
2529 2627 2735 2687 partem
2774 2615 3138 2685 implevimus.
3170 2612 3235 2666 Et
3262 2620 3467 2680 scapus

191 2700 415 2766 quidem
448 2700 822 2772 MOpsuesteni
858 2705 1260 2775 est,Judaicam
1294 2708 1595 2776 praesertim
1632 2707 1917 2762 historiam
1965 2711 2277 2773 illustrare;
2325 2710 2399 2763 ita
2424 2718 2606 2764 tamen
2656 2720 2715 2762 ut
2766 2708 3147 2779 propheticum
3182 2706 3458 2775 spiritum.

190 2798 240 2843 et
267 2791 601 2846 relationem
636 2794 703 2847 ad
729 2793 1003 2849 Christum
1029 2797 1319 2865 praecipuis
1355 2798 1409 2850 in
1437 2796 1573 2851 locis
1614 2805 1876 2868 agnoscat
1907 2814 1971 2852 ac
2001 2800 2260 2863 fateatur,
2286 2815 2599 2869 quanquam
2651 2816 2793 2870 saape
2850 2799 2972 2853 κατ’
3007 2798 3253 2861 ἔκϐασιν,
3290 2795 3344 2850 id
3376 2803 3463 2850 est

191 2887 503 2941 secundum
533 2889 834 2958 pleniorem
876 2890 929 2943 in
961 2888 1182 2945 Christo
1212 2890 1647 2961 Christianisque
1684 2893 1850 2947 rebus
1890 2895 2275 2949 vaticiniorum
2308 2904 2561 2950 eventum
2598 2913 2611 2950 :
2641 2896 2784 2964 quod
2820 2911 2994 2966 genus
3038 2891 3457 2963 interpretandi,

193 2981 290 3033 etsi
320 2981 454 3035 aliis
478 2998 704 3053 quoque
734 2981 834 3036 SS.
880 2982 1182 3037 Bibliorum
1217 2985 1612 3056 interpretibus
1658 3002 1765 3040 non
1813 2988 1971 3058 plane
2019 2990 2323 3051 insolitum,
2374 2990 2429 3043 in
2478 2988 2768 3043 Theodoro
2799 2997 2983 3041 tamen
3019 2991 3335 3054 suspectum
3361 2982 3465 3034 ali-

193 3074 419 3139 quando
448 3071 597 3142 fuit;
642 3081 697 3129 et
744 3074 797 3128 id
845 3090 978 3129 sane
1027 3076 1248 3130 nonnisi
1292 3078 1376 3147 pie
1416 3077 1742 3147 sinceraque
1782 3093 1907 3132 cum
1947 3077 2051 3131 tide
2091 3093 2119 3130 a
2155 3077 2471 3134 Christiano
2521 3080 2793 3149 scriptore
2824 3076 2937 3130 fieri
2971 3073 3154 3128 debet.
3184 3071 3358 3136 Quam
3390 3070 3467 3125 ob

192 3178 300 3215 rem
333 3173 539 3218 noster
572 3164 727 3218 visus
748 3171 832 3219 est
856 3165 1131 3234 aliquibus
1168 3166 1554 3239 ἱουδαιόφρων;
1586 3184 1899 3238 quanquam
1938 3169 2056 3238 ipse
2093 3167 2317 3223 Christo
2348 3184 2408 3224 se
2438 3170 2668 3224 ﬁrmiter
2694 3168 2938 3233 credere,
2970 3177 3023 3221 et
3052 3166 3172 3235 ejus
3200 3163 3462 3218 deitatem

194 3259 633 3329 (economizeque
667 3260 985 3331 mysterium
1026 3260 1278 3330 religiose
1322 3262 1592 3323 venerari,
1630 3262 1837 3331 liquido
1880 3262 2240 3327 demonstrat,
2281 3272 2409 3333 puta
2462 3280 2554 3335 pp.
2591 3264 2714 3329 159,
2762 3262 2885 3327 150,
2936 3261 3057 3315 191.
3103 3258 3298 3314 Utrum
3330 3271 3465 3311 vero

194 3361 242 3405 et
267 3352 545 3407 llebraice
572 3354 816 3415 sciverit,
846 3368 953 3407 non
986 3353 1121 3408 satis
1152 3360 1404 3419 constat;
1436 3354 1531 3409 sed
1561 3354 1801 3424 Syriaca:
1838 3356 2030 3409 saltem
2064 3342 2284 3409 dialecti
2325 3372 2431 3409 non
2471 3355 2575 3410 fuit
2607 3359 2851 3426 ignarus,
2880 3358 3136 3429 quoniam
3166 3355 3362 3428 Syrum
3394 3370 3463 3408 ex

195 3441 465 3498 llehraico
506 3444 857 3514 interpretem
911 3458 1017 3497 non
1056 3444 1222 3498 semel
1263 3446 1502 3513 exagitat
1543 3460 1607 3498 ac
1650 3443 1852 3499 refutat
1884 3461 1971 3514 pp.
2005 3446 2130 3509 2M,
2175 3445 2302 3510 252,
2335 3446 2461 3501 265.
2499 3445 2567 3499 At
2611 3447 2727 3515 ipse
2764 3457 2913 3502 certe
2948 3444 3088 3499 LXX
3124 3446 3452 3509 interpretes

196 3539 346 3594 unice
375 3539 660 3607 sequitur,
687 3538 1011 3601 admiratur,
1049 3552 1111 3593 ac
1150 3539 1334 3592 laudat
1370 3554 1422 3609 p.
1449 3537 1575 3592 252.
1614 3537 1885 3593 I’razterea
1914 3540 2123 3592 variam
2156 3549 2209 3593 ct
2239 3541 2516 3593 curiosam
2546 3540 2908 3594 eruditionem
2952 3550 3144 3607 sponte
3169 3535 3470 3605 deditaque.

195 3644 349 3699 opera
384 3630 569 3685 vitare
594 3646 655 3686 se
687 3631 821 3686 dicit
846 3649 901 3703 p.
938 3633 1059 3699 l36,
1103 3634 1221 3699 159,
1249 3633 1374 3699 227,
1406 3643 1459 3688 et
1498 3634 1890 3705 prophetarum
1935 3635 2313 3690 tantummodo
2342 3635 2573 3690 vocibus
2598 3634 2955 3705 explanandis
2979 3634 3316 3689 incumbere.

264 3748 347 3803 lli.
397 3747 521 3803 Hoc
556 3764 657 3804 nos
686 3764 826 3818 opus
865 3749 919 3803 in
951 3749 1240 3815 Vaticano,
1269 3750 1401 3805 olim
1430 3750 1808 3815 Columnensi,
1840 3751 1993 3805 mira:
2026 3750 2355 3820 integritatis
2385 3759 2439 3805 et
2463 3750 2804 3820 antiquitatis
2826 3749 3013 3804 codice
3044 3748 3373 3811 invenimus,
3406 3756 3467 3800 et!

199 3858 313 3898 cuiu
343 3846 464 3899 alio
498 3844 726 3912 insuper
758 3842 1044 3906 Vaticano,
1079 3858 1181 3897 nec
1219 3843 1447 3910 antiquo
1472 3850 1653 3897 tamen
1687 3857 1789 3898 nec
1818 3842 2050 3911 integro,
2083 3842 2360 3895 interdum
2398 3841 2752 3895 contulimus.
2804 3840 2992 3895 Testes
3032 3838 3248 3907 quidem
3278 3835 3469 3904 operis

199 3946 368 4000 erant,
402 3935 653 4007 synodus
684 3937 876 4003 quinta
907 3934 1244 3990 mcumenica
1275 3945 1385 3988 act.
1412 3933 1477 4000 ις
1514 3935 1711 3988 deinde
1743 3934 2012 3988 Ebediesu
2050 3935 2102 3987 in
2140 3935 2389 4003 catalogo
2418 3948 2539 4003 cap.
2566 3933 2663 3998 l9;
2700 3939 2968 4001 quotquot
3005 3929 3239 3999 denique
3271 3928 3459 3996 operis

198 4028 419 4083 cozlices
452 4042 652 4080 nomen
705 4026 880 4079 nostri
921 4024 1192 4081 Theodori
1236 4024 1563 4093 inscriptum
1613 4025 1835 4077 habent.
1862 4024 1926 4076 Et
1954 4025 2172 4093 quidem
2216 4025 2485 4078 Ebediesu
2537 4025 2611 4076 ait
2655 4021 3002 4076 Theodorum
3033 4018 3322 4087 scripsisse
3357 4016 3459 4068 hoc

200 4136 326 4188 Opus
356 4119 435 4175 ad
468 4118 760 4188 quemdam
796 4136 912 4171 mar
939 4118 1141 4181 Turim,
1180 4124 1239 4169 ut
1277 4117 1468 4170 scribit
1512 4116 1850 4171 Ecliellensis
1891 4116 2159 4170 Ebediesu
2207 4116 2413 4181 editor;
2455 4122 2508 4168 at
2537 4130 2664 4168 vero
2693 4115 3028 4169 Assemanus
3062 4113 3115 4165 in
3147 4110 3313 4163 altera
3344 4109 3460 4162 edi‘

199 4220 337 4273 tione
378 4216 666 4273 scribebat
706 4233 823 4269 mar
867 4215 1106 4284 Tyrium,
1145 4229 1422 4281 nunquam
1469 4214 1759 4267 immemor
1786 4214 1870 4267 sui
1906 4213 2161 4282 Syriatici
2201 4229 2351 4277 mar;
2377 4227 2475 4282 ego
2515 4226 2643 4264 vero
2673 4208 2846 4263 ausim
2882 4210 3071 4259 contra
3098 4202 3457 4254 Assemanum

201 4309 496 4364 emendare
525 4306 871 4376 Martyrium,
898 4304 1278 4375 Chrysostomi
1314 4305 1559 4372 adeoque
1597 4304 1763 4357 etiam
1800 4302 2073 4357 Theodori
2114 4302 2401 4372 aequalem,
2444 4310 2499 4357 et
2522 4307 2711 4371 postea
2743 4294 3046 4351 Antiochia:
3068 4289 3456 4362 patriarcham,

202 4417 311 4469 quae
334 4401 445 4453 fuit
489 4400 765 4453 Theodori
814 4396 1026 4466 patria;
1061 4396 1292 4463 ideoque
1335 4410 1568 4464 pronum
1606 4394 1819 4449 creditu
1867 4401 1973 4454 est,
2009 4395 2237 4448 missum
2284 4393 2352 4445 ab
2394 4408 2459 4446 eo
2506 4406 2646 4461 opus
2676 4389 2743 4444 ad
2787 4388 2957 4442 civem
2985 4391 3046 4437 ut
3071 4382 3458 4439 verisimilecst

202 4508 379 4554 suum,
418 4492 686 4544 illustrem
725 4488 863 4543 adeo
894 4487 1096 4551 virum,
1133 4486 1226 4554 qui
1264 4485 1638 4539 Antiochenas
1670 4483 1889 4537 demum
1939 4482 2141 4537 infulas
2188 4488 2517 4536 consecutus
2554 4486 2659 4535 est.
2687 4476 2840 4544 Quod
2883 4476 2928 4531 si
2969 4474 3092 4544 quis
3123 4476 3329 4540 quaerat
3359 4483 3459 4520 cur

205 4590 402 4656 passim
434 4586 764 4641 Theodorus
793 4586 847 4638 in
881 4583 1166 4637 codicibus
1190 4583 1544 4636 Aulim-lienus
1581 4583 1762 4651 potius
1796 4596 1954 4650 quam
1992 4578 2394 4649 Mopsuestenus
2429 4580 2675 4641 dicatur;
2707 4578 2847 4629 hanc
2877 4583 3100 4626 causam
3143 4581 3266 4621 esse
3291 4571 3460 4634 puto,

202 4683 337 4748 quod
366 4678 721 4749 Mopsuestia:
742 4674 982 4745 episcopi
1008 4673 1118 4727 duo
1154 4672 1374 4726 fuerunt
1405 4670 1703 4735 Tha-odori,
1736 4673 1885 4740 prior
1932 4672 2210 4738 antiquior
2253 4670 2343 4738 qui
2392 4667 2646 4722 secunda:
2683 4665 3038 4719 Autiochenac
3079 4659 3287 4749 synodo
3322 4656 3455 4710 sub-

204 4747 424 4838 scripsit
444 4747 761 4836 {posterior
793 4764 881 4817 hic
904 4762 1294 4817 celeberrimus
1322 4769 1529 4823 noster,
1556 4760 1651 4828 qui
1680 4759 2054 4814 distinctionis
2078 4760 2253 4828 gratia
2281 4759 2624 4812 vocitahatur
2646 4771 2709 4811 ex
2735 4754 2906 4824 patria
2933 4768 3029 4805 sua
3055 4747 3455 4801 Antiochentts.

208 4860 291 4914 Sic
315 4876 421 4931 ego
456 4861 511 4913 in
537 4858 826 4913 codicibus
848 4853 964 4909 ﬁeri
994 4852 1151 4906 video
1181 4852 1247 4905 de
1269 4849 1477 4904 Joanne
1505 4848 1790 4918 Xiphilino
1816 4850 2130 4919 patriarcha
2164 4848 2773 4917 Constantinopolitano
2811 4845 2930 4913 ejus
2971 4840 3207 4895 nominis
3237 4846 3458 4898 octavo,

207 4952 292 5017 qui
324 4950 539 5017 pariter
569 4941 947 5000 distinctionis
979 4941 1158 5009 gratia
1188 4939 1395 4993 dicitur
1428 4937 1895 4999 Chalcedonensis,
1929 4955 1956 4991 a
1986 4939 2161 5007 patria
2203 4938 2283 4989 vel
2326 4938 2560 4991 fortasse
2586 4952 2613 4989 a
2652 4938 2835 5006 priore
2869 4936 3209 5005 episc0patu,
3235 4939 3294 4983 ut
3324 4944 3455 4982 con-

206 5045 548 5112 jecturaliter
572 5040 784 5108 judico.
828 5036 989 5092 Certe
1036 5037 1177 5091 duos
1213 5036 1505 5089 Anthituos
1554 5036 1647 5104 qui
1685 5044 1845 5090 aetate
1894 5051 2012 5088 mea
2064 5035 2722 5103 Constautiuopolitanam
2754 5034 3065 5087 cathedram
3111 5027 3461 5083 insederunt,

208 5136 342 5189 haud
380 5133 654 5190 numerali
685 5138 815 5185 nota
848 5128 993 5198 apud
1032 5128 1251 5183 Graecos
1286 5128 1551 5196 distingui
1601 5127 1790 5189 audio,
1831 5127 1925 5181 sed
1978 5126 2214 5195 priorem
2262 5122 2544 5192 Ephesium
2581 5126 2669 5177 ubi
2703 5124 2804 5177 fuit
2840 5130 3001 5176 antea
3041 5119 3311 5175 exarchus
3342 5117 3456 5184 epi-

209 5247 434 5301 scopus;
473 5231 706 5284 alterum
741 5224 1278 5286 Thessalonicensem,
1307 5236 1337 5273 a
1366 5236 1549 5290 priore
1578 5222 1704 5275 item
1741 5221 2079 5291 episcopatu,
2113 5219 2406 5274 nominari.

274 5342 359 5400 ιν,
400 5341 767 5396 Promisimus
806 5339 937 5392 olim
963 5345 1175 5406 partem
1209 5335 1481 5390 Theodori
1512 5350 1618 5389 non
1656 5337 1923 5389 modicam
1964 5334 2346 5389 Commentarii
2379 5336 2430 5387 in
2462 5334 2728 5399 Psalmos,
2762 5350 2826 5386 cx
2859 5332 3138 5388 codicibus
3175 5328 3457 5381 Vaticanis

214 5436 550 5497 sumendam,
585 5433 813 5498 cﬂerre;
849 5448 1035 5487 verum
1062 5448 1123 5487 ea
1159 5448 1249 5486 res
1292 5432 1598 5487 breviorem
1644 5441 1832 5502 postea
1869 5434 2158 5497 ambitum,
2210 5434 2280 5485 ob
2323 5431 2446 5484 illas
2480 5446 2676 5484 causas
2724 5438 2882 5481 nacta
2926 5435 3029 5489 est,
3067 5439 3204 5492 quas
3231 5431 3356 5491 apto
3398 5422 3453 5472 in

216 5531 323 5583 loco
350 5531 613 5592 diximus,
654 5530 745 5582 ubi
778 5528 1040 5598 quidquid
1070 5528 1188 5596 ejus
1213 5529 1397 5597 operis
1422 5528 1641 5582 interim
1673 5530 1726 5581 in
1756 5544 1951 5581 manus
1986 5529 2152 5589 venit,
2196 5535 2317 5597 post
2349 5527 2639 5597 prophetas
2673 5521 3046 5592 exposuimus.
3080 5515 3370 5569 Feliciores
3400 5514 3452 5562 in

217 5619 477 5677 Theodori
507 5622 903 5675 commentario
934 5617 999 5671 ad
1022 5616 1285 5671 Joannem
1320 5616 1544 5680 fuimus,
1569 5617 1726 5685 cujus
1760 5617 2032 5687 ingentem
2066 5631 2256 5685 reapse
2287 5624 2518 5669 tractum
2550 5631 2671 5669 cum
2698 5611 2959 5683 peculiari
2985 5607 3151 5661 animi
3175 5605 3453 5672 voluptate

223 5713 267 5764 in
298 5717 467 5768 lucem
500 5713 892 5783 protraximus.
923 5707 1109 5778 Neque
1145 5716 1323 5761 tamen
1363 5722 1509 5761 nunc
1540 5715 1784 5776 repetere
1812 5709 2032 5776 placuit,
2062 5716 2245 5777 partes
2274 5708 2394 5760 illas
2430 5723 2537 5762 non
2570 5708 2812 5761 modicas
2838 5710 2889 5759 in
2915 5704 3205 5774 Epistolam
3241 5700 3309 5754 ad
3342 5698 3445 5787 Ro:

223 5816 413 5863 nsanos,
458 5818 577 5872 qua:
629 5801 815 5853 (ἐι-ποθ
854 5811 1051 5868 quarto
1098 5801 1369 5871 Spicilegii
1412 5800 1635 5855 Romani
1680 5803 1945 5857 volumini
1980 5803 2109 5857 olim
2150 5803 2529 5859 inseruimus:
2573 5818 2747 5872 neque
2788 5804 2915 5857 item
2951 5803 3258 5872 complures
3298 5801 3455 5861 illas,

227 5906 334 5961 qua:
364 5908 483 5949 cum
514 5893 709 5948 Latine
739 5897 949 5945 tantum
982 5899 1260 5947 exstarent
1297 5891 1380 5944 vel
1410 5890 1462 5946 iu
1501 5892 1693 5963 synodi
1729 5895 1932 5965 quintae
1976 5897 2134 5963 actis,
2173 5896 2254 5949 vcl
2283 5894 2425 5963 apud
2465 5893 2747 5948 Leontium
2780 5894 2834 5948 in
2865 5892 3201 5964 Basnagiana
3234 5889 3444 5950 Canisii
