3934 6510
494 381 598 441 125
1677 375 2022 431 THEODORI
2062 372 2543 430 MOPSUESTENI
3620 358 3705 414 tu

494 498 752 561 editione,
779 511 878 551 nos
909 497 1068 566 primi
1099 494 1285 550 Grzece
1312 494 1364 548 in
1396 502 1608 549 sextum
1649 492 1976 562 Scriptorum
2019 504 2245 546 veterum
2289 499 2492 545 tomum
2532 484 2882 542 contulimus.
2914 481 3169 537 Lectores
3196 492 3325 548 ergo
3361 481 3578 529 utantur
3609 474 3710 529 feli-

494 590 626 641 citer
666 587 822 642 novis
855 587 938 641 his
972 586 1316 642 celeberrimi
1357 584 1459 639 SS.
1493 584 1793 638 Bibliorum
1828 582 2275 637 commentatoris
2305 581 2532 640 divitiis,
2565 593 2705 648 quas
2744 576 3037 646 pontilicize
3078 572 3421 627 bibliotheca:
3450 567 3709 622 codicibus

493 684 745 745 acceptas
773 677 968 732 debent
1004 696 1018 729 :
1053 681 1527 750 meminerintque,
1567 695 1749 733 rerum
1784 678 2003 748 quidem
2039 676 2321 733 historiam
2348 691 2415 730 ne
2458 675 2510 727 in
2544 671 2823 743 prophetis
2852 669 3066 739 quidem
3103 682 3223 722 esse
3252 663 3633 735 perimendam.
3660 670 3710 714 ut

490 770 727 837 Cyrillus
762 770 876 837 ipse
909 778 962 824 et
996 770 1421 841 Chrysostomus
1478 781 1531 827 et
1582 773 1878 843 Gregorius
1926 770 2056 834 PP.,
2111 772 2312 839 aliique
2363 768 2553 823 Patres
2600 774 2868 822 monent:
2904 765 3180 818 Christum
3233 771 3412 816 tamen
3468 774 3711 828 praecipue

490 865 721 932 ejusque
748 863 1069 929 Ecelesiam,
1098 870 1187 936 qui
1223 877 1306 921 est
1335 883 1507 922 sacrae
1545 866 1842 937 Scriptum
1873 881 2093 935 seopus,
2132 875 2442 932 nostraeque
2472 862 2666 916 salutis
2702 858 2997 929 negotium,
3036 872 3145 926 pra:
3173 855 3348 909 oculis
3380 854 3626 907 habeant.

564 954 657 1008 Est
688 963 867 1009 autem
904 956 1059 1021 ordo,
1093 973 1254 1025 quem
1283 958 1454 1013 codex
1494 957 1611 1013 Vat.
1639 966 1805 1021 tenet,
1837 956 2355 1010 commentariorum
2392 952 2663 1007 Theodori
2701 949 2843 1019 apud
2877 966 2976 1004 nos
3008 949 3096 1002 hic
3127 968 3141 1002 :

769 1048 831 1099 In
870 1044 1058 1098 05mm
1089 1063 1140 1116 p.
1178 1049 1224 1100 1.

772 1133 840 1186 In
877 1134 1077 1187 Joelem
1112 1153 1163 1205 p.
1199 1136 1288 1189 68.

774 1223 841 1277 In
869 1228 1117 1279 Amosum
1151 1246 1198 1295 p.
1235 1228 1322 1279 91.

774 1309 839 1364 In
876 1312 1100 1365 Abdiam
1136 1330 1190 1383 p.
1228 1314 1345 1367 140.

772 1400 837 1454 In
868 1401 1063 1455 Jonam
1090 1419 1143 1472 p.
1182 1404 1300 1458 150.

770 1494 833 1548 In
865 1494 1141 1549 Hic/uvam
1177 1512 1227 1565 p.
1265 1497 1388 1550 170.

2448 1040 2515 1093 In
2548 1039 2852 1093 Nahumum
2881 1056 2934 1108 p.
2962 1039 3083 1092 ero.

2444 1133 2511 1185 In
2543 1131 2880 1185 Habacucum
2908 1146 2961 1199 ι).
2991 1130 3115 1184 251.

2445 1223 2510 1275 1η
2545 1221 2868 1290 Saphom'am
2899 1238 2953 1291 p.
2979 1222 3109 1275 249.

2449 1311 2513 1365 In
2543 1312 2791 1381 Aggwum
2819 1326 2873 1380 p.
2905 1310 3030 1364 269.

2450 1399 2515 1454 In
2541 1400 2859 1453 Zachariam
2886 1416 2936 1468 p.
2972 1398 3100 1453 9.81.

2446 1492 2512 1546 In
2536 1491 2861 1545 Malachiam
2894 1508 2945 1561 p.
2978 1490 3104 1545 265.

565 1583 877 1654 Sequuntur
904 1585 1203 1656 fragmenta
1237 1587 1289 1639 in
1332 1584 1575 1638 Psalmos
1618 1600 1671 1655 p.
1705 1584 1846 1650 590;
1888 1592 1941 1639 et
1973 1587 2025 1638 in
2050 1582 2276 1638 Joannis
2309 1581 2647 1650 Evangelium
2675 1596 2728 1650 p.
2763 1580 2866 1635 396
2881 1581 3021 1635 «£08.

492 1790 3706 1846 aM

781 1980 1973 2155 ΘΕΟΔΩΡΟΥ
2117 1903 3425 2153 ΑΝΤΙΟΧΕΩΣ

622 2257 1461 2398 ΕΡΜΗΝΕΙΑ
1575 2265 2021 2391 ΩΣΗΕ
2130 2262 2476 2395 ΤΟΥ
2579 2264 3566 2399 ΠΡΟΦΗΤΟΥ.

964 2712 1950 2867 THEODORI
2063 2713 2302 2869 AN
2326 2711 3231 2869 TIOCHENI

642 3030 1771 3146 COMMENTARIUS
1862 3032 1996 3143 ΙΝ
2098 3032 2567 3145 OSEAM
2642 3034 3553 3147 PROPHETAM.

554 3454 598 3524 ι
640 3451 839 3507 Contra
868 3468 962 3507 eos
997 3452 1089 3521 qui
1130 3460 1333 3507 temere
1372 3453 1689 3524 prophetica
1724 3452 1888 3508 verba
1929 3459 2038 3505 tra-
2068 3455 2117 3512 Α

478 3545 677 3602 Clultda
703 3546 1026 3615 suscipiunt,
1058 3552 1219 3614 atque
1245 3553 1301 3598 ut
1331 3548 1473 3599 viam
1508 3545 1902 3616 posterioribus
1926 3560 2044 3597 mu-

477 3634 651 3698 niam,
688 3633 990 3704 aggrediar,
1028 3633 1137 3689 Deo
1172 3636 1440 3704 adjutore,
1473 3638 1539 3691 ad
1572 3652 1659 3689 res
1701 3636 2046 3706 propheticas

476 3726 869 3795 explanandas,
899 3736 1059 3796 capto
1090 3727 1246 3781 initio
1274 3729 1339 3782 ab
1370 3728 1530 3791 Osca,
1566 3729 1657 3797 qui
1692 3736 1745 3782 et
1790 3728 2044 3797 princeps

478 3816 623 3869 inter
669 3816 903 3885 reliquos
954 3816 1244 3886 prophetas
1292 3829 1449 3873 aetate
1495 3830 1597 3873 est.
1640 3817 1772 3871 Nam
1820 3834 1887 3873 ex
1936 3834 2045 3888 quo

477 3906 669 3961 beatus
702 3906 890 3969 David,
925 3910 1068 3963 sicut
1106 3925 1205 3978 ego
1250 3910 1300 3962 in
1338 3910 1711 3978 superioribus
1739 3910 1873 3971 dixi,
1908 3925 2046 3963 cun-

476 4008 596 4053 etas
624 4015 743 4069 quae
769 4001 965 4068 populo
988 4011 1265 4054 eventura:
1296 4012 1453 4054 erant
1485 4016 1665 4056 rerum
1701 4001 2041 4071 publicarum

474 4091 862 4145 conversiones
900 4091 1190 4146 manifeste
1228 4092 1281 4144 in
1310 4092 1535 4161 psalmis
1565 4098 1941 4155 enarraverat,
1970 4092 2043 4147 si-

475 4180 702 4233 lentium
733 4183 1055 4236 iutermedia
1084 4192 1329 4253 tempora
1350 4185 1659 4253 occupavit,
1679 4184 1808 4252 quia
1834 4184 2046 4237 scilicet

475 4270 611 4323 nihil
649 4272 718 4323 ab
754 4273 846 4324 illo
880 4274 1215 4327 vaticinante
1245 4273 1675 4341 prmtermissum
1710 4272 1905 4327 fuerat.
1936 4271 2043 4327 Sed

473 4362 619 4416 cnim
649 4363 833 4416 statim
868 4380 931 4417 ac
965 4375 1179 4434 tempus
1225 4365 1425 4429 adfuit,
1471 4380 1582 4435 quo
1617 4374 1903 4438 cmperunt
1946 4365 2042 4418 ad-

476 4468 632 4507 versa
656 4454 767 4518 pati
797 4453 985 4509 decem
1007 4450 1449 4529 tribus,Assyriis
1501 4471 1596 4512 eas
1644 4457 2039 4525 prementibus,

472 4542 648 4598 donec
692 4543 940 4601 funditus
984 4548 1145 4601 avitis
1185 4562 1410 4602 eversas
1434 4547 1658 4601 sedibus
1684 4547 2043 4603 Sennacheri-

473 4651 597 4693 mus
625 4638 678 4691 in
711 4646 969 4693 extranea
996 4640 1113 4693 loea
1145 4640 1455 4705 transtulit;
1485 4654 1608 4693 cum
1635 4640 1769 4709 jam,
1796 4641 2037 4711 inquam,

472 4726 675 4782 factum
716 4738 861 4783 esset
897 4730 1112 4783 initium
1146 4730 1541 4791 calamitatum,
1573 4745 1709 4799 quas
1743 4734 1889 4801 genti
1923 4735 2041 4787 im-

2213 3449 2381 3521 (Cod.
2417 3450 2669 3507 Column.
2718 3450 2893 3518 XLV,
2948 3468 3001 3523 p.
3048 3454 3127 3523 1.)
3198 3455 3292 3517 Εἰς
3340 3454 3559 3523 ἔλεγχον
3608 3454 3706 3506 τῶν

2148 3541 2518 3607 ἀϐασανίστως
2568 3542 2877 3596 ἐπιϐάλλειν
2927 3547 3049 3609 ταῖς
3093 3551 3463 3617 προφητικαῖς
3517 3548 3704 3615 ἐπιχει-

2150 3632 2383 3703 ρούντων
2439 3637 2675 3702 φωναῖς,
2743 3635 2834 3686 καὶ
2890 3634 2994 3705 μὴν
3040 3637 3132 3688 καὶ
3188 3638 3320 3707 πρὸς
3376 3636 3704 3705 κατασκευὴν

2142 3723 2251 3776 τῶν
2272 3724 2418 3795 ἑξῆς,
2446 3725 2739 3795 ἀρξώμεθα
2762 3726 2859 3795 τῆς
2882 3726 2992 3779 τῶν
3018 3729 3372 3797 προφητικῶν
3399 3729 3700 3799 σαφηνείας,

2143 3815 2278 3867 θεοῦ
2300 3815 2549 3878 διδόντος,
2584 3814 2691 3868 ἀπὸ
2712 3814 2805 3868 τοῦ
2831 3817 2986 3887 Ὠσηὲ
3010 3818 3105 3887 τὴν
3132 3820 3304 3889 ἀρχὴν
3338 3820 3700 3891 ποιησάμενοι,

2143 3904 2202 3957 ὃν
2252 3906 2344 3957 καὶ
2373 3905 2582 3975 πρῶτον
2630 3902 2767 3960 εἶναι
2788 3906 2867 3977 τῷ
2899 3908 3073 3979 χρόνῳ
3104 3910 3415 3980 συμϐέϐηκε
3459 3911 3564 3964 τῶν
3608 3909 3700 3961 λοι-

2145 3996 2263 4048 πῶν
2323 3999 2617 4067 προφητῶν
2645 4014 2660 4029 ’
2713 3997 2808 4050 τοῦ
2856 4000 2964 4069 γὰρ
3018 4001 3287 4071 μακαρίου
3334 4002 3533 4065 Δαυῖδ,
3590 3998 3702 4053 καθ’

2143 4086 2179 4139 ἃ
2217 4086 2451 4156 πρόσθεν
2476 4086 2646 4159 ἔφθην
2689 4088 2859 4142 είπὼν
2885 4089 2985 4160 (1),
3021 4090 3081 4142 ἐν
3109 4089 3341 4160 ψαλμοῖς
3372 4094 3585 4155 ἁπάσας
3614 4090 3701 4152 τὰς

2144 4178 2272 4249 περὶ
2312 4178 2404 4231 τὸν
2430 4178 2557 4231 λαὸν
2597 4180 2862 4249 ἐσομένας
2903 4181 3199 4251 μεταϐολὰς
3225 4183 3471 4248 ὲπίοντος
3514 4182 3701 4255 προδή-

2142 4267 2283 4333 λως,
2349 4269 2474 4341 σιγὴ
2523 4270 2622 4341 μὲν
2655 4269 2747 4323 τὸν
2795 4273 2853 4323 ἐν
2885 4275 3037 4342 μέσῳ
3089 4274 3278 4343 χρόνον
3321 4279 3588 4346 κατεῖχεν,
3616 4272 3700 4326 ἅτε

2141 4360 2453 4429 ἀρκούντως
2508 4361 2724 4415 ἅπαντα
2755 4364 3142 4433 προειρηκότος
3169 4365 3375 4417 ἑκείνου
3400 4382 3413 4393 ·
3448 4364 3626 4434 ἐπειδὴ
3650 4362 3699 4413 δὲ

2142 4448 2428 4520 ἐπιστῆναι
2455 4450 2547 4503 τὸν
2583 4452 2769 4521 καιρὸν
2803 4451 3004 4518 συνέϐη
3037 4452 3158 4505 καθ’
3188 4453 3245 4504 ὃν
3272 4454 3504 4524 ἦρξαντο
3534 4450 3701 4512 κακῶς

2140 4540 2369 4610 πάσχειν
2394 4543 2449 4595 αί
2481 4541 2615 4595 δέκα
2650 4542 2835 4610 φυλαὶ,
2878 4544 2986 4596 τῶν
3034 4544 3333 4616 Ἀσσυρίων
3366 4546 3535 4608 αὐτὰς
3565 4543 3693 4596 πολι-

2140 4630 2443 4701 ορκούντων
2488 4633 2648 4703 ἄχρις
2691 4628 2752 4687 οὗ
2801 4634 3083 4697 παντελῶς
3138 4636 3306 4698 αὑτὰς
3349 4637 3459 4688 τῶν
3502 4634 3705 4688 οίκείων

2138 4724 2318 4776 τόπων
2349 4725 2378 4776 ὁ
2426 4724 2797 4795 Σενναχηρεὶμ
2839 4726 3054 4793 ἀφελὼν
3092 4730 3169 4789 είς
3216 4728 3528 4799 ἀλλοτρίους
3580 4742 3701 4797 μετ·

471 4817 707 4887 pendere
739 4819 909 4872 multo
937 4831 1063 4873 ante
1108 4820 1278 4872 David
1314 4820 1678 4888 praedixerat;
1715 4792 1923 4877 Evzecia:
1950 4826 2038 4877 ni-

2144 4814 2307 4885 ᾠκισε
2340 4816 2557 4879 τόπους.
2720 4792 2780 4871 τε
2811 4819 3095 4890 πόρρωθεν
3128 4820 3203 4888 τῷ
3242 4792 3497 4890 μακαρίῳ
3551 4792 3704 4870 Ᾰαυῗδ

470 4901 667 4956 mirum
692 4910 871 4966 aetate,
902 4904 994 4972 qui
1026 4901 1178 4958 Iuda:
1214 4912 1267 4957 et
1298 4902 1600 4971 Benjamini
1639 4906 1892 4960 tribubus
1936 4908 2039 4960 im-

467 4993 771 5062 peritabat;
803 4995 985 5049 divina
1008 4996 1201 5065 gratia,
1223 4997 1384 5050 rebus
1401 4996 1512 5064 jam
1538 4996 1891 5061 instantibus,
1910 5014 2039 5068 pro-

467 5085 659 5152 phetas
703 5086 917 5155 publice
953 5087 1123 5150 misit,
1171 5088 1520 5158 primumque
1565 5089 1621 5143 in
1674 5089 1760 5143 bis
1810 5088 2036 5155 Oscam,

464 5175 558 5243 qui
584 5175 849 5246 quidquid
885 5177 1148 5231 divinitus
1178 5178 1287 5233 illis
1318 5186 1639 5233 eventurum
1669 5190 1787 5235 erat
1819 5184 2039 5235 nuntia-

466 5276 547 5320 ret
570 5285 583 5321 :
603 5268 805 5337 quique
829 5268 883 5321 in
912 5270 1231 5323 memoriam
1260 5271 1428 5324 veluti
1453 5286 1718 5328 revocans
1744 5274 2036 5342 praedictas

464 5358 593 5411 olim
630 5373 661 5411 a
695 5357 894 5414 Davide
925 5362 1296 5429 calamitates,
1332 5362 1526 5418 harum
1567 5379 1688 5417 mox
1728 5364 2035 5420 futurarum

463 5450 677 5520 culpam
709 5452 970 5507 lsraelitis
998 5454 1322 5524 imponeret,
1360 5470 1390 5509 a
1427 5454 1520 5511 Dei
1562 5456 1713 5508 cultu
1745 5470 1809 5510 ac
1855 5457 2037 5512 notio-

463 5557 532 5597 ne
586 5541 909 5613 jampridem
957 5548 1193 5611 aversis,
1236 5558 1398 5618 atque
1436 5549 1503 5602 ad
1542 5548 1683 5601 idola
1726 5548 2023 5607 daemones-

534 5682 604 5719 ¹-⁸
628 5679 646 5733 1
685 5698 755 5734 m.
789 5681 1011 5738 θειόθεν.

2143 4912 2516 4983 προειρημένα
2546 4913 2675 4985 περὶ
2708 4914 2814 4968 τῶν
2845 4916 2921 4985 τῷ
2957 4915 3069 4984 λαῴ
3099 4916 3524 4985 συμϐησομένων
3552 4914 3701 4983 χαλε-

2144 5004 2281 5069 πῶν,
2310 5005 2407 5076 τὴν
2447 5005 2621 5076 ἀρχὴν
2645 5005 2893 5059 ἐντεῦθεν
2920 5007 3129 5076 ἐδέχετο
3150 5026 3161 5039 ι
3205 5010 3342 5079 ὅπερ
3368 5004 3462 5061 οὖν
3486 5010 3575 5061 ἐπὶ
3601 5005 3700 5057 τῶν

2143 5097 2283 5149 κατά
2308 5097 2399 5149 τὸν
2438 5098 2684 5162 Ἐζεκίαν
2718 5099 2931 5166 ἐγένετο
2951 5101 3177 5172 καιρῶν,
3206 5101 3307 5169 τῆς
3340 5101 3507 5153 Ἰούδα
3535 5096 3696 5167 φυλῆς

2137 5186 2489 5257 βασιλεύοντα
2524 5190 2620 5241 σὺν
2649 5192 2712 5258 τῇ
2744 5189 3021 5259 Βενιαμὶν,
3070 5191 3401 5260 προεϐάλετο
3428 5190 3534 5243 τῶν
3564 5202 3697 5256 πρα-

2135 5280 2358 5348 γμάτων
2404 5280 2633 5347 ἐγγύθεν
2656 5279 2819 5332 ὅντων
2860 5280 3026 5350 ἡθεία
3064 5283 3221 5351 χάρις
3243 5282 3368 5345 τοὺς
3400 5280 3692 5352 προφήτας.

2134 5371 2226 5423 καὶ
2256 5371 2360 5439 πρό
2386 5387 2448 5439 γε
2478 5370 2584 5423 τῶν
2611 5370 2812 5423 λοιπῶν
2842 5370 2933 5424 τὸν
2979 5372 3135 5438 Ὠσηὲ
3167 5371 3439 5442 μηνύοντα
3472 5370 3540 5422 τά
3577 5366 3697 5437 περὶ

2132 5463 2325 5525 αὐτοὺς
2356 5462 2538 5515 θεόθεν
2559 5464 2632 5503 ⁸-³
2658 5463 2908 5533 ἐσόμενα,
2937 5468 3011 5533 (p.
3047 5465 3101 5531 2)
3133 5465 3387 5536 καθάπερ
3410 5462 3529 5516 τινὰ
3567 5458 3692 5514 ὑπόν-

2133 5571 2326 5623 μνησιν
2367 5554 2687 5625 ποιούμενον
2719 5556 2828 5609 τῶν
2868 5556 3019 5627 παρά
3046 5556 3124 5626 τῷ
3150 5556 3314 5610 Δαυῒδ
3357 5556 3523 5608 πάλαι
3548 5567 3605 5605 τε
3630 5549 3696 5600 εἰ·

532 5791 609 5857 (1)
652 5790 914 5851 Vidclicct
962 5798 1015 5851 in
1065 5795 1459 5852 commentario
1512 5808 1613 5849 suo
1650 5794 1718 5847 ad
1762 5794 2027 5863 Psalmos,
2067 5801 2225 5871 cujus
2279 5805 2526 5876 ingentes
2566 5809 2818 5878 reliquias
2876 5820 2976 5863 nos
3032 5808 3304 5864 volumine
3341 5807 3442 5863 hoc
3477 5795 3689 5859 cxhibo-

469 5866 668 5936 bimus.
