3934 6510
211 405 307 462 725
472 418 475 421 '
1225 396 1766 454 COMMENTARIUS

1908 389 2107 447 OSEE
2140 384 2294 443 CAP.
2325 387 2363 443 ῐ.
3330 377 3432 435 128

209 517 445 591 ρημένων
473 512 568 568 καὶ
608 512 898 586 πρόπαλαι,
926 514 999 577 ὡς
1023 515 1088 567 ἂν
1115 515 1221 567 τῶν
1250 533 1306 568 τε
1348 516 1616 585 ἐσομένων
1655 532 1755 584 χαι

1883 523 1964 578 μιο
1996 521 2257 576 perquam
2280 504 2527 559 studiose
2555 501 2869 570 conversis;
2912 499 2963 569 2
3004 507 3164 569 atque
3193 504 3250 554 ut
3287 496 3429 551 idem

1864 600 2040 669 palam
2076 598 2299 658 faceret,
2332 594 2478 647 haud
2508 608 2640 648 casu
2674 595 2858 662 aliquo
2898 591 3012 645 haec
3043 590 3184 643 mala
3215 589 3432 641 contin-

1860 708 2005 761 gere,
2041 690 2135 745 sed
2166 689 2338 743 multo
2368 695 2494 740 ante
2529 687 2772 740 edicente
2814 700 2877 738 ac
2924 683 3251 738 decernente
3298 679 3432 737 Deo,

1862 785 1948 836 cui
1983 791 2036 836 et
2071 780 2446 834 Israelitarum
2498 778 2820 845 improbitas
2867 776 3148 845 explorata
3189 780 3329 835 erat,
3375 777 3431 822 et

1862 874 2024 930 simul
2060 881 2339 941 comperta
2375 871 2539 932 ratio,
2568 884 2675 938 qua
2700 883 2823 921 cum
2852 867 2937 922 his
2974 864 3244 935 agendum
3287 868 3429 923 erat,

1864 966 1935 1019 ob
1969 965 2109 1017 viam
2138 962 2431 1032 parandam
2471 960 2675 1014 Christi
2722 957 2938 1011 Domini
2982 953 3283 1010 ostensioni
3344 957 3435 1003 at—

1864 1073 1970 1127 que
2000 1053 2279 1109 adventui.
2317 1051 2459 1104 Dens
2497 1050 2693 1105 etenim
2729 1058 2787 1102 ut
2813 1062 3001 1101 omnes
3048 1046 3309 1099 certiores
3354 1047 3434 1094 la-

1863 1160 2030 1209 ceret,
2068 1163 2126 1202 se
2165 1147 2347 1216 populi
2380 1159 2565 1197 curam
2602 1156 2788 1212 gerere
2827 1149 3046 1209 propter
3083 1152 3206 1193 eum
3244 1135 3335 1205 qui
3363 1149 3431 1188 ex

1864 1242 2028 1310 hujus
2060 1254 2255 1309 genere
2279 1238 2524 1291 oriturus
2554 1232 2997 1302 exspectabatur,
3028 1228 3234 1282 idcirco
3263 1226 3441 1280 tradi-

203 608 377 661 λεπῶν
414 608 537 668 τοὺς
586 605 923 675 Ἰσραηλίτας
963 608 1292 675 ἁποφήνειεν
1339 608 1577 669 αίτίους,
1627 608 1762 658 ἁπο-

202 700 426 757 στὰντας
447 696 544 764 μὲν
574 695 671 764 τῆς
694 696 820 763 περὶ
844 695 935 746 τὸν
959 694 1091 747 Θεὸν
1115 696 1410 767 Θεραπείας
1435 714 1494 748 τε
1517 696 1608 749 καὶ
1625 695 1763 763 γνὼ-

201 804 352 849 σεως.
393 786 522 853 περὶ
552 784 609 836 δὲ
644 794 708 837 τα
740 786 933 837 εῖδωλα
958 786 1051 839 καὶ
1079 788 1206 850 τοὺς
1245 788 1502 856 δαίμονας
1549 786 1763 839 ἅπασαν

198 880 413 947 ἔχοντας
441 877 541 946 τὴν
570 877 836 946 σπουδήν*
882 875 1038 944 δῆλόν
1067 892 1141 928 ’τε
1170 878 1442 945 ποιήσειεν
1468 878 1549 929 ὅτι
1574 877 1671 927 οὐκ
1701 876 1764 927 ἐκ

196 984 333 1027 τινος
366 966 655 1036 συντυχίας
676 966 920 1034 γίγνεται
954 966 1126 1019 ταῦτα
1149 982 1164 997 ⁸
1201 967 1482 1037 πόρρωθεν
1505 968 1559 1019 δὲ
1582 968 1765 1037 εἴρητό

195 1075 248 1109 τε
276 1058 367 1109 καὶ
398 1057 705 1127 προώριστο
745 1057 823 1125 τῷ
863 1056 982 1127 Θεῷ
1016 1057 1286 1125 γενέσθαι,
1319 1057 1418 1128 τὴν
1445 1058 1648 1111 τούτων
1674 1060 1766 1112 αύ-

196 1146 301 1197 τὼν
330 1145 684 1215 ἐπισταμένῳ
709 1146 928 1209 κακίαν,
955 1148 1049 1199 καὶ
1084 1146 1151 1199 τὰ
1190 1147 1319 1217 περὶ
1367 1147 1561 1210 αὐτοὺς
1586 1148 1767 1201 ὅντινα

194 1238 387 1306 τρόπον
419 1236 695 1305 προσῆκεν
741 1237 1044 1305 οἰκονομεῖν
1077 1237 1239 1291 είδότι
1288 1238 1493 1305 σαφῶς,
1525 1241 1602 1301 εἰς
1634 1256 1766 1308 προ-

193 1328 549 1398 παρασκευὴν
567 1328 768 1399 τῆςτοῦ
803 1329 1068 1382 Δεσπότου
1091 1329 1325 1398 Χριστοῦ
1348 1330 1565 1396 δείξεώς
1588 1348 1645 1382 τε
1673 1333 1766 1384 καὶ

193 1419 502 1487 παρουσίας
524 1434 539 1449 ⁶
574 1416 715 1471 ὥστε
738 1418 849 1488 γὰρ
875 1418 1031 1488 δῆλον
1056 1417 1259 1472 ἅπασιν
1286 1420 1533 1486 γενέσθαι
1563 1422 1642 1473 ὅτι
1667 1423 1766 1492 τὴν

192 1510 315 1576 περὶ
346 1511 443 1561 τὸν
476 1510 604 1562 λαὸν
614 1510 961 1592 ᾄήδέμονίαν
994 1509 1082 1561 διὰ
1118 1510 1207 1561 τὸν
1250 1511 1307 1575 ἐξ
1341 1511 1518 1562 αὐτῶν
1544 1513 1768 1581 προσδο-

192 1598 434 1667 κώμενον
461 1586 1088 1668 φανήσεσθῖῖῗτδῖεῖται,
1115 1598 1359 1651 ἐκδίδωσι
1383 1601 1482 1669 μὲν
1507 1602 1606 1664 τὰς
1637 1601 1767 1654 δέκα

192 1690 358 1753 φυλὰς
390 1692 462 1759 τῇ
507 1690 615 1741 τῶν
652 1690 950 1759 Ἀσσυρίων
988 1689 1330 1759 αἰχμαλωσίᾳ
1353 1708 1367 1721 ·
1418 1691 1673 1760 φυλάττει
1713 1693 1767 1746 δὲ

190 1784 277 1833 ἐπὶ
303 1782 415 1835 τῶν
440 1782 625 1834 τόπων
653 1782 751 1852 τὴν
783 1782 952 1835 Ἰούδα
983 1784 1169 1852 μόνην,
1194 1783 1252 1847 ἐξ
1281 1779 1462 1856 ⁴ἧσπερ
1490 1788 1721 1856 ἤμελλεν
1741 1791 1769 1842 6

1866 1331 1944 1385 dit
1971 1330 2154 1383 decem
2190 1327 2365 1381 tribus
2388 1325 2693 1394 Assyriaca:
2722 1318 3046 1389 captivitati,
3082 1317 3299 1370 unicam
3339 1331 3434 1369 ve-

1866 1439 1927 1478 ro
1961 1422 2185 1476 retinuit
2238 1421 2293 1473 in
2326 1418 2444 1472 suis
2493 1415 2718 1471 sedibus
2768 1412 2923 1467 Iuda:
2955 1410 3183 1471 tribum,
3208 1407 3276 1461 de
3327 1423 3435 1476 qua

1867 1515 2128 1569 Dominus
2157 1512 2404 1567 exiturus
2434 1517 2551 1563 erat
2578 1507 2879 1562 secundum
2911 1517 3131 1557 carnem
3159 1499 3433 1555 Christus.

1868 1605 2040 1671 Quam
2084 1604 2211 1658 item
2266 1603 2532 1671 captivam
2581 1598 2834 1662 deinceps
2882 1594 3168 1648 abductam
3214 1598 3439 1659 propter

1868 1714 2029 1769 pares
2082 1694 2401 1764 iniquitates
2433 1706 2463 1744 a
2518 1687 3055 1742 Nabuchodonosoro
3104 1678 3439 1750 Babylonio-

1871 1805 1990 1843 rum
2027 1803 2172 1856 rege,
2216 1784 2395 1838 redire
2433 1780 2757 1835 mirabiliter
2788 1778 2988 1843 voluit;
3024 1774 3243 1843 quicum
3276 1771 3439 1824 etiam

188 1873 465 1941 Δεσπότης
491 1873 879 1941 ἀναφαίνεσθαι
910 1874 969 1925 τὸ
993 1873 1132 1925 κατὰ
1163 1854 1339 1945 σάρκα
1364 1854 1616 1947 Χριστός.
1643 1879 1770 1930 ’Ἡν-

1883 1880 1936 1934 le
1967 1877 2193 1946 reliquis
2229 1873 2481 1928 tribubus
2525 1872 2755 1939 exiguus
2796 1882 3057 1923 numerus
3106 1862 3444 1933 postlimini»

191 1980 292 2033 περ
315 1958 411 2015 οὖν
436 1965 521 2026 εἰς
547 1963 923 2034 αἰχμαλωσίαν
941 1964 1163 2035 ὕστερον
1194 1967 1530 2019 ἀπελθοῦσαν
1563 1969 1649 2021 διὰ
1671 1970 1769 2032 τὰς

192 2054 363 2107 αὐτῶν
405 2054 637 2106 ἐκείνων
676 2056 1013 2124 παρανομίας
1048 2057 1151 2108 ὑπὸ
1187 2058 1653 2130 Ναϐουχοδονόσορ
1676 2061 1766 2113 τοῦ

192 2144 252 2213 βα
262 2143 406 2197 σιλεύ
416 2161 613 2206 σαντος
628 2144 732 2196 τῶν
747 2144 1115 2205 Βαϐυλωνίων,
1134 2148 1441 2201 ἐπανελθεῖν
1455 2149 1770 2219 παραδόξως

189 2236 491 2305 πεποίηκεν
505 2251 519 2264 ’
534 2236 933 2289 ἐπανελθόντων
957 2238 1054 2307 μὲν
1070 2239 1161 2291 καὶ
1181 2241 1243 2291 ἐκ
1260 2241 1364 2292 τῶν
1379 2240 1580 2296 λοιπῶν
1593 2243 1771 2312 φυλῶν

187 2326 341 2379 τινῶν
372 2327 765 2397 εύαριΟμήτων
811 2328 868 2391 ἐξ
901 2329 1156 2399 ἑκάστης,
1193 2331 1289 2401 τῆς
1329 2332 1497 2384 Ἰούδα
1518 2333 1573 2386 δὲ
1603 2336 1771 2404 μόνης

190 2416 595 2485 ἐπαναχθείσης
622 2416 749 2485 ὅλης
770 2432 784 2445 ο
819 2415 892 2478 ὡς
920 2415 986 2470 ἂν
1014 2418 1223 2485 γένοιτο
1249 2419 1405 2489 δῆλον
1431 2422 1512 2475 ὅτι
1543 2423 1773 2492 ἠδύνατο

195 2508 285 2575 μὲν
322 2507 620 2577 βουληθεὶς
647 2509 675 2559 6
713 2509 843 2571 Θεὸς
873 2510 963 2562 καὶ
1008 2514 1131 2575 τοὺς
1159 2512 1378 2577 λοιποὺς
1406 2516 1649 2581 ἅπαντας
1671 2519 1771 2571 ἐπ-

192 2600 491 2667 αναγαγεῖν
523 2600 726 2669 ὁμοίως
763 2601 933 2673 ταύτῃ
962 2618 975 2631 '
1033 2602 1107 2672 (p.
1147 2605 1198 2674 5)
1246 2605 1524 2676 ἀμελήσας
1573 2609 1628 2661 δὲ
1666 2611 1774 2663 τῶν

192 2689 411 2795 λοιπὶὖν,
454 2692 587 2762 περὶ
641 2691 842 2761 ταύτην
894 2693 1108 2746 ἅπασαν
1157 2696 1305 2749 ἔθετο
1349 2700 1448 2767 τὴν
1497 2702 1772 2771 φροντίδα,

195 2780 280 2845 ἀφ’
306 2780 501 2851 ἧσπερ
553 2780 785 2849 ἤμελλεν
819 2783 847 2833 6
876 2783 1152 2852 Δεσπότης
1182 2786 1595 2843 ἀναδείκνυσθαι
1624 2794 1775 2867 ,ξρι-

198 2872 330 2933 στος,
350 2874 453 2923 ἐπὶ
479 2876 631 2941 κοινῇ
655 2876 719 2941 τῇ
747 2876 961 2928 πάντων
985 2875 1319 2946 φανούμενος
1336 2883 1606 2952 σωτηρίᾳ·
1638 2886 1779 2940 κατὰ

196 2966 247 3017 δὲ
273 2966 471 3018 τοῦτον
501 2968 593 3019 τὸν
638 2968 794 3036 Λόγον
840 2970 931 3021 καὶ
970 2970 1026 3021 αἱ
1061 2970 1169 3023 τῶν
1194 2972 1489 3044 προφητῶν
1520 2975 1779 3045 μηνύσεις

198 3054 494 3125 ἐτύγχανον
517 3058 834 3125 ἀναγκαῖαι,
860 3059 1119 3131 δηλοῦσαι
1141 3061 1223 3114 ὅτι
1252 3062 1417 3116 πάλαι
1443 3081 1500 3117 τε
1525 3065 1673 3134 δεδογ
1685 3068 1781 3137 μέ-

1873 1985 2125 2027 reversus
2156 1978 2275 2033 est;
2316 1964 2533 2020 interim
2571 1962 2699 2015 dum
2752 1975 2858 2013 una
2908 1956 3059 2011 Iudae
3097 1954 3272 2008 tribus
3315 1966 3438 2004 cum

1872 2078 1973 2119 suo
1992 2059 2193 2131 populo
2226 2057 2373 2111 omni
2402 2036 2463 2109 in
2481 2053 2713 2124 patriam
2744 2050 3022 2116 serecepit
3050 2065 3062 2100 :
3092 2060 3200 2116 quo
3232 2040 3443 2112 perspi-

1874 2168 2034 2207 cuum
2053 2152 2222 2214 ﬁeret,
2248 2147 2445 2201 volenti
2466 2144 2574 2197 Deo
2590 2141 2849 2212 possibile
2862 2139 3035 2193 fuisse
3062 2137 3301 2204 reliquas
3321 2133 3445 2186 uni-

1873 2260 2061 2300 versas
2075 2242 2216 2296 haud
2235 2254 2395 2295 secus
2407 2250 2567 2306 quam
2582 2235 2739 2288 istam
2756 2245 3013 2286 revocare
3033 2248 3045 2282 :
3067 2234 3442 2282 verumtamen

1873 2338 2131 2407 neglectis
2158 2332 2391 2394 caeteris,
2412 2328 2478 2383 ad
2496 2328 2635 2381 hanc
2666 2339 2831 2378 unam
2850 2336 3011 2376 curas
3026 2334 3154 2374 suas
3182 2316 3448 2371 contuliso

1875 2447 1954 2491 se.
1980 2447 2044 2484 ex
2076 2442 2183 2498 qua
2218 2424 2482 2479 Dominus
2512 2417 2827 2489 proditurus
2858 2422 2976 2469 erat
3014 2411 3287 2471 Christus.
3323 2421 3446 2463 cum

1875 2524 2109 2592 denique
2138 2536 2233 2591 pro
2264 2517 2543 2572 communi
2571 2515 2747 2569 salute
2777 2505 3228 2577 conspiciendum
3262 2518 3322 2557 se
3350 2502 3448 2556 da—

1876 2625 1978 2670 ret.
2029 2613 2123 2667 His
2170 2613 2245 2666 ita
2279 2625 2338 2665 se
2378 2608 2737 2667 habentibus,
2796 2601 3185 2671 prophetarum
3232 2609 3451 2667 quoque

1875 2706 2127 2760 vaticinia
2166 2701 2478 2756 necessaria
2508 2709 2687 2759 erant,
2724 2692 2959 2765 quorum
2996 2705 3097 2760 ope
3133 2696 3325 2742 notum
3359 2684 3452 2739 ﬁe-

1877 2806 1981 2860 ret,
2014 2811 2205 2865 ptenas
2241 2795 2367 2846 olim
2404 2806 2432 2844 a
2471 2789 2579 2843 Deo
2607 2789 2856 2842 decretas
2887 2795 3049 2851 atque
3080 2796 3109 2834 a
3145 2782 3302 2835 beato
3345 2778 3450 2831 [ta-

1878 2892 1999 2946 vide
2031 2889 2338 2960 praedictas,
2376 2898 2521 2937 nunc
2570 2881 2785 2935 demum
2821 2877 3085 2932 inﬁictum
3122 2874 3210 2935 iri,
3250 2884 3450 2924 arcana

1881 2985 1971 3038 Dei
2013 2979 2352 3052 providentia
2388 2983 2616 3029 cunctas
2668 2969 2856 3040 populi
2912 2969 3059 3021 vices
3115 2964 3455 3018 moderante.

1880 3077 2055 3146 Atque
2082 3074 2152 3127 ob
2180 3072 2320 3124 hanc
2350 3067 2602 3121 videlicet
2633 3076 2853 3117 causam
2877 3059 3070 3114 beatus
3091 3067 3306 3125 quoque
3330 3065 3457 3121 pro-

199 3164 258 3245 να
285 3147 359 3246 τῷ
393 3148 543 3246 Θειξ),
582 3150 677 3201 καὶ
709 3150 795 3203 διὰ
829 3151 921 3204 τοῦ
968 3153 1238 3224 μακαρίου
1283 3154 1444 3208 Δαυῒδ
1492 3158 1774 3227 είρημένα,

1883 3143 2040 3238 pheta
2060 3164 2229 3219 Oseas
2260 3157 2548 3213 manifeste
2576 3153 2846 3226 signiﬁcat
2876 3164 2997 3221 quae
3017 3148 3128 3203 Deo
3163 3143 3458 3199 mandante

197 3255 284 3289 νυν
307 3239 587 3310 λαμϐάνει
623 3242 816 3312 πέρας,
847 3243 1175 3313 ἀπορῤήτως
1199 3244 1413 3297 ἅπαντα
1437 3248 1779 3319 οἰκονομοῦν-

198 3344 283 3390 to;
306 3330 374 3382 τὰ.
417 3332 553 3400 περὶ
578 3331 775 3394 αὐτοὺς
797 3331 890 3383 τοῦ
921 3331 1054 3384 Θεοῦ
1076 3350 1088 3362 ·
1128 3333 1265 3403 ὅπερ
1297 3328 1388 3385 οὖν
1417 3337 1511 3388 καὶ
1539 3339 1567 3389 6
1602 3344 1778 3408 μακὰ-

1884 3235 2143 3313 eventura
2190 3252 2390 3323 populo
2428 3254 2586 3304 erant
2634 3250 2856 3316 pr0pter
2907 3240 3026 3311 ejus
3097 3235 3456 3306 impietatem.

1886 3348 1977 3402 Sic
2011 3355 2190 3400 autem
2229 3343 2422 3412 incipit
2461 3357 2474 3392 :

201 3438 303 3493 pio;
338 3422 505 3493 Ὠσηὲ
530 3423 700 3474 ποιῶν
726 3425 753 3475 6
785 3422 1177 3495 προφήτης,τὰ
1203 3423 1329 3494 περὶ
1355 3424 1445 3479 τὸν
1476 3426 1602 3483 λαὸν
1638 3433 1777 3507 ὑπὲρ
1806 3428 1878 3490 ὧν
1930 3438 2158 3508 ἠσέϐουν
2209 3433 2348 3488 κατὰ
2414 3431 2562 3485 θείαν
2602 3428 2837 3499 ἐσόμενα
2886 3421 3082 3495 βουλὴν
3130 3416 3322 3492 μηνύει
3362 3428 3467 3470 σα-

210 3515 317 3578 etii;
337 3530 351 3544 ·
378 3515 615 3584 ἄρχεται
648 3514 704 3566 δὲ
734 3512 906 3576 οὕτως
930 3529 943 3542 ·

867 3606 1021 3659 ΚΕΦ.
1058 3606 1135 3659 A'.

266 3699 415 3770 Στίχ.
434 3704 508 3751 α’.
533 3729 603 3739 —
626 3716 645 3748 ι
682 3696 855 3765 Λόγος
884 3696 1089 3767 Κυρίου
1121 3696 1180 3759 ὃς
1204 3696 1433 3768 ἐγενήθη
1470 3700 1601 3771 πρὸς
1634 3702 1792 3775 Ὠσηὲ

202 3795 287 3844 τὶν
330 3792 431 3845 τοῦ
489 3790 693 3861 Βεηρὶ,
751 3791 811 3841 ἐν
864 3789 1098 3861 ἡμέραις
1161 3788 1340 3851 Ὀζίου
1392 3792 1486 3843 καὶ
1554 3792 1793 3865 Ἰωάοαμ

206 3886 288 3937 καὶ
330 3880 515 3952 Ἀχαζ
577 3881 672 3934 καὶ⁸
737 3879 978 3944 Ἐζεκίου
1036 3878 1299 3950 βασιλέων
1360 3881 1551 3943 Ἰούδα,
1596 3884 1688 3936 καὶ
1733 3886 1790 3938 ἐν

206 3976 439 4047 ἡμέραις
498 3972 780 4045 ἰεροϐοὰμ
813 3971 928 4024 υἱοῦ
982 3973 1136 4035 um;
1177 3972 1441 4037 βασιλέως
1493 3975 1730 4046 Ἰσραήλ.
1762 3996 1779 4028 ι

208 4065 300 4131 Ὠς
320 4068 611 4136 ἐπιγραφή
638 4065 721 4128 τίς
741 4067 886 4117 ἐστιν
916 4063 1051 4135 αὕτη
1079 4066 1171 4117 τοῦ
1208 4066 1411 4135 βιϐλίου
1443 4067 1783 4138 περιεκτικὴ,

204 4160 435 4230 δηλοῦσα
461 4160 555 4211 τόν
577 4175 635 4211 τε
661 4158 943 4227 προφήτην
966 4151 1134 4227 οὗπερ
1155 4158 1268 4210 ἐστὶ
1290 4157 1355 4211 τὰ
1394 4157 1678 4229 εἰρημένα,
1696 4159 1790 4211 καὶ

204 4255 288 4305 τὸν
318 4254 515 4323 καιρὸν
538 4252 660 4304 καθ’
678 4252 735 4303 ὃν
757 4250 966 4320 εἰρήκει
990 4250 1162 4303 ταῦτα
1186 4267 1198 4280 °
1222 4251 1376 4319 λόγον
1398 4252 1451 4304 δὲ
1470 4253 1669 4323 Κυρίου
1691 4254 1790 4323 τὴν

208 4347 489 4415 ἐνέργειαν
518 4341 832 4411 ἁπανταχοῦ
857 4341 1003 4408 λέγει
1025 4341 1121 4411 τὴν
1154 4343 1236 4410 ἐφ’
1256 4344 1362 4412 ὅτῳ
1393 4343 1589 4413 δήποτε
1611 4360 1792 4412 γιγνο-·

209 4438 370 4507 μένην
397 4454 411 4467 ·
456 4437 533 4500 ὡς
556 4436 637 4498 τὸ,
674 4455 691 4486 ι
729 4435 819 4505 Τῷ
844 4434 986 4504 λόγῳ
1015 4434 1218 4506 Κυρίου
1249 4437 1298 4488 οἱ
1324 4436 1542 4503 ούρανοί
1573 4439 1792 4503 ἐστερε-

205 4530 451 4603 ώῡησαν,
494 4550 513 4582 ι
557 4530 645 4584 ἵνα
683 4530 809 4600 εἴπῃ
843 4531 922 4582 ὅτι
962 4532 1028 4599 τῇ
1066 4531 1316 4601 ἐνεργείᾳ
1364 4532 1695 4600 συνέστησαν
1725 4532 1789 4600 τῇ

207 4624 355 4695 θείαν
414 4623 570 4697 θείαν
616 4624 674 4674 δὲ
707 4623 988 4694 ἐνέργειαν
1029 4622 1307 4675 κάνταῦθα
1357 4622 1505 4689 λέγει
1559 4622 1681 4675 κατ’
1727 4623 1780 4693 ήπ

1899 4627 2114 4684 quoque
2130 4608 2279 4669 dicit,
2298 4619 2325 4656 a
2344 4617 2450 4672 qua

208 4696 679 4784 ὰποκάλυψῖςτῶν
709 4715 981 4783 ἐσομένων
1015 4714 1223 4781 ἐγίνετο
1261 4716 1337 4781 τῷ
1368 4714 1621 4784 προφήτῃ
1642 4730 1654 4744 ⁸
1698 4716 1791 4783 ἀφ’

207 4803 386 4879 ἧσπερ
415 4805 567 4875 αὐτῷ
598 4806 691 4858 καὶ
710 4806 771 4857 τὸ
803 4804 981 4872 λέγειν
1008 4822 1067 4857 τε
1094 4805 1187 4857 καίι
1218 4805 1443 4875 μηνύειν
1472 4804 1539 4857 τὰ
1562 4805 1795 4875 ἐσόμενα

208 4902 438 4971 δύναμις
477 4899 723 4967 ὑπῆρχεν
743 4913 757 4927 '
792 4900 872 4959 είς
906 4897 1136 4968 δήλωσιν
1169 4897 1223 4949 δὲ
1254 4897 1670 4968 ἀκριϐεστέραν,
1703 4898 1795 4950 καὶ

222 4992 383 5045 τὸτοῦ
427 4989 639 5061 Πατρὸς
672 4989 1025 5061 προστίθησιν
1044 4988 1248 5059 ὄνομα·
1280 4989 1590 5058 ἀναγκαίως
1627 4989 1683 5042 δὲ
1714 4988 1798 5040 λέ-

216 5102 299 5150 γει
335 5085 433 5137 καὶ
478 5082 570 5134 τὸν
617 5080 833 5152 καιρὸν,
865 5083 922 5133 ἐν
967 5073 1119 5151 ᾧπερ
1149 5080 1291 5133 κατὰ
1331 5080 1428 5151 τὴν
1456 5080 1797 5148 ἀποκάλυψιν

210 5178 305 5247 τὴν
337 5174 707 5246 ἐγγενομένην
737 5172 888 5243 αὐτῷ
924 5172 1130 5225 Θειόθεν
1171 5175 1373 5243 ἐμήνυε
1421 5173 1488 5226 τὰ
1531 5173 1795 5241 ἐσόμενα’

215 5276 288 5337 (p.
324 5269 379 5337 4)
416 5268 564 5336 λέγει
606 5267 662 5319 δέ
700 5268 782 5319 ὅτι
814 5264 935 5318 καθ’
969 5265 1028 5317 ὃν
1059 5267 1250 5336 καιρὸν
1296 5264 1478 5329 Ὀζίας
1524 5282 1581 5315 τε
1620 5262 1801 5317 ἐϐασί-

215 5361 334 5413 λευε
368 5361 462 5413 καὶ
505 5358 748 5429 Ἰωόιθαμ
786 5358 880 5409 καὶ
923 5356 1101 5427 Ἀχαζ
1130 5357 1222 5409 καὶ
1265 5356 1512 5420 Ἐζεκίας
1537 5374 1551 5387 ·
1607 5355 1699 5424 ἀφ¹
1727 5348 1801 5407 ὧν

220 5454 542 5521 σκοπήσειεν
566 5452 631 5503 ἂν
666 5467 749 5512 τις
782 5450 1005 5512 εἰκότως
1026 5450 1107 5501 ότι
1130 5450 1227 5518 οὐχ
1260 5449 1363 5501 ὑπὸ
1396 5450 1523 5519 μίαν
1545 5448 1666 5501 τινὰ
1704 5447 1802 5517 ἁρ-

223 5543 410 5611 μονίαν
438 5541 823 5611 συγγέγραφεν
854 5540 914 5593 τὸ
955 5540 1158 5611 βιϐλίον
1191 5541 1219 5592 ὁ
1258 5542 1563 5611 προφήτης,
1596 5537 1712 5591 ἀλλ’
1742 5537 1800 5588 ἐν

218 5631 493 5699 διαφόροις
523 5632 739 5700 καιροῖς
780 5629 878 5693 τὰς
927 5631 1055 5699 περὶ
1082 5628 1190 5681 τῶν
1224 5628 1499 5699 ἐσομένων
1527 5624 1801 5681 ἀποκαλύ-

219 5722 340 5794 ψεις
372 5723 678 5794 δεχόμενος.
710 5724 944 5775 ἐποιεῖτο
975 5722 1081 5775 τῶν
1111 5722 1381 5792 ἐσομένων
1404 5720 1501 5791 τὴν
1532 5721 1761 5791 μήνυσιν
1782 5734 1796 5747 ⁵

292 5881 318 5910 ⁸
342 5878 481 5933 Psal.
524 5894 695 5941 xuii,
719 5878 773 5931 6.

2556 3599 2713 3657 CAP.
2753 3596 2791 3650 Ι.

1959 3703 2124 3757 Vens.
2176 3700 2222 3752 l.
2265 3727 2319 3738 --η
2341 3694 2608 3749 «Verbum
2641 3687 2857 3743 Domini
2893 3681 3037 3754 quod
3064 3681 3265 3735 factum
3289 3682 3372 3731 est
3395 3674 3461 3727 ad

1887 3796 2081 3852 Oscam
2113 3791 2279 3844 ﬁlium
2316 3786 2489 3846 Beeri,
2521 3784 2575 3837 in
2612 3780 2802 3834 diebus
2833 3774 2976 3828 Ozim
3011 3780 3063 3825 et
3107 3766 3380 3823 Joathauai
3413 3771 3467 3817 et

1886 3885 2085 3941 Aehazi
2121 3890 2174 3937 et
2214 3878 2418 3932 Ezeeiae
2456 3888 2645 3943 regum
2681 3868 2854 3931 Judae,
2892 3871 2946 3919 et
2988 3864 3042 3915 in
3075 3860 3268 3914 diebus
3313 3852 3466 3908 Jero-

1894 3977 2074 4035 boami
2105 3972 2268 4027 Joaso
2305 3968 2417 4022 nati
2440 3965 2490 4035 3
2524 3962 2666 4031 regis
2698 3956 2935 4014 lsraelis.
2965 3974 2981 4002 ι
3009 3951 3108 4005 Hie
3128 3948 3322 4001 titulus
3348 3943 3471 4013 qui—

1894 4071 2016 4123 dam
2040 4072 2143 4125 est,
2163 4059 2287 4114 libri
2316 4032 2692 4126 arguinentmn
2722 4048 2954 4105 habens,
2990 4039 3263 4105 simulque
3287 4032 3470 4088 deela-

1897 4175 2022 4214 rans
2040 4164 2094 4210 et
2110 4170 2138 4207 a
2156 4166 2262 4222 quo
2284 4124 2542 4218 propheta
2573 4152 2623 4196 et
2649 4155 2758 4207 quo
2777 4146 3022 4204 tempore
3050 4129 3303 4182 dicantur
3331 4124 3466 4177 haec.

1897 4249 2134 4303 Verbum
2193 4250 2370 4295 autem
2420 4233 2631 4289 Domini
2683 4245 2780 4299 pro
2811 4228 2859 4281 vi
2900 4224 3083 4279 divina
3137 4219 3341 4286 ubique
3388 4214 3471 4267 di-

1898 4340 1968 4394 cit
1997 4335 2301 4402 Scriptura,
2326 4336 2668 4397 quaeumque
2700 4320 2753 4371 in
2784 4332 2843 4370 re
2870 4330 2928 4369 se
2958 4317 3194 4367 exscrat.
3221 4304 3379 4359 Velut
3409 4303 3474 4355 il-

1897 4430 2047 4486 iudzt
2068 4397 2248 4481 verbo
2268 4418 2478 4473 Domini
2504 4413 2625 4467 caeli
2654 4410 2848 4465 ﬁrmati
2872 4414 2999 4462 sunt
3018 4404 3093 4467 ⁸,»
3117 4400 3273 4471 quasi
3302 4397 3470 4459 dicat,

1896 4524 1949 4577 vi
1967 4520 2149 4576 divina
2165 4530 2260 4569 eos
2281 4513 2448 4565 fuisse
2465 4510 2801 4575 compactos.
2821 4500 2987 4553 Porro
3007 4496 3109 4547 vim
3128 4492 3363 4546 divinam
3384 4486 3475 4540 hic

2494 4599 2802 4651 futurorum
2823 4589 3081 4645 revelatio
3100 4584 3378 4654 prophetae
3395 4578 3474 4643 ﬁt,

1890 4669 2216 4770 dicendique
2247 4669 2420 4751 virtus
2453 4689 2742 4746 exhibetur
2776 4694 2941 4751 atque
2970 4688 3094 4733 ante
3132 4669 3478 4745 signiﬁcandi

1891 4814 2010 4869 quae
2035 4802 2259 4847 ventura
2289 4792 2462 4841 erant.
2498 4780 2615 4834 Jam
2659 4778 2726 4831 ob
2761 4776 2841 4828 sui
2878 4772 3171 4835 pleniorem
3206 4763 3478 4824 notitiam,

1891 4853 2071 4940 Il’att'is
2092 4892 2309 4949 quoque
2332 4888 2527 4928 nomen
2558 4868 2781 4923 ascribit
2808 4884 2820 4917 :
2846 4875 2959 4916 tum
2990 4861 3150 4913 etiam
3172 4853 3483 4910 necessario

1894 4988 2110 5045 tempus
2133 4970 2376 5030 adnotat,
2408 4978 2515 5033 quo
2543 4958 2842 5015 secundum
2864 4952 3190 5023 impertitam
3211 4947 3314 5002 sibi
3345 4944 3484 4998 divi-

1895 5036 2043 5123 nitus
2066 5060 2450 5118 revelationem
2495 5067 2582 5106 res
2606 5058 2852 5119 posteras
2874 5042 3225 5116 praecinebat.
3244 5036 3485 5092 Przzeﬁnit

1897 5158 2061 5227 igitur
2083 5161 2297 5219 tempus
2318 5161 2425 5215 quo
2448 5147 2813 5211 regnaverunt
2832 5133 2991 5189 Ozias
3014 5142 3067 5185 ct
3087 5129 3408 5184 Joathamus
3431 5137 3485 5179 et

1897 5226 2153 5304 Achazus
2181 5253 2231 5297 et
2262 5238 2507 5293 Ezeeias.
2545 5232 2697 5287 Unde
2728 5229 2910 5299 quivis
2944 5239 3271 5298 cognoscere
3302 5226 3486 5289 queat.

1900 5342 2044 5398 haud
2081 5355 2187 5394 una
2218 5330 2581 5389 continuatim
2616 5327 2759 5382 serie
2786 5328 3047 5392 scriptum
3079 5319 3249 5372 fuisse
3279 5315 3424 5369 hunc
3458 5329 3488 5367 a

1908 5435 2169 5508 propheta
2190 5430 2407 5489 librum,
2432 5423 2528 5479 sed
2551 5428 2711 5492 prout
2739 5418 2902 5472 variis
2921 5413 3259 5484 temporibus
3278 5408 3489 5462 futuro-

1910 5544 2030 5583 rum
2053 5525 2304 5580 notiones
2326 5516 2649 5586 excipiebat,
2674 5515 2753 5566 sic
2768 5510 3023 5565 vaticinia
3047 5504 3320 5569 edidisse;
3347 5501 3492 5554 facta

1910 5620 2054 5676 haud
2071 5615 2236 5671 semel
2254 5609 2568 5668 earumdem
2598 5620 2784 5661 rerum
2805 5600 3081 5656 mentione
3099 5612 3197 5668 pro
3210 5592 3409 5649 divinis
3430 5590 3501 5642 ad

1911 5706 1969 5770 se
1998 5708 2257 5772 oraculis,
2286 5718 2406 5776 qua:
2441 5701 2495 5755 in
2525 5698 2722 5770 populo
2755 5694 3031 5767 vulgabat,
3057 5698 3115 5746 ut
3147 5689 3293 5744 hunc
3324 5682 3504 5739 futuri
