3934 6548
231 339 332 392 129

1293 345 1835 404 COMMENTARIUS
1867 349 1933 403 IN
1974 348 2177 406 OSEIE
2211 352 2362 408 CAP.
2406 353 2446 408 Ι.

3397 351 3502 405 130

221 465 452 523 ἥκοντος
496 459 701 531 πολλὴν
734 458 1048 530 ἐπιμέλειαν
1087 460 1246 530 ἔχων,
1281 461 1594 514 καταλιπὼν
1623 463 1721 526 τὰς
1750 465 1807 516 ἐν

1918 472 2015 520 set.
2057 463 2309 522 Jamvero
2365 469 2442 522 rei
2490 467 2653 537 hujus
2699 469 2916 524 novitas
2967 471 3308 526 occasionem
3362 486 3493 540 pro-

222 550 525 619 σεμνότητί
567 567 686 611 πως
719 545 855 601 εἶναι
880 549 1162 612 δοκούσας,
1210 551 1290 612 εἰς
1319 550 1498 620 γάμου
1529 551 1812 606 κοινωνίαν

222 642 400 694 εἵλετο
435 642 648 711 πόρνην
679 641 863 694 λαϐεῖν
894 659 907 672 ·
941 643 972 711 ή
1006 641 1061 694 δὲ
1088 641 1182 694 τοῦ
1215 643 1536 714 γιγνομένου
1561 647 1815 715 καινότης

219 733 483 803 ἀφορμὴν
525 733 697 785 ἐδίδου
746 733 822 803 τῷ
864 733 1122 805 προφήτῃ
1163 732 1229 785 τὰ
1264 737 1606 805 προσήκοντα
1635 735 1816 805 λέγειν

220 825 364 896 πρὸς
390 825 596 888 αὐτούς
621 842 635 852 ·
665 826 798 894 πρὸς
819 825 882 877 τὸ
905 823 963 876 δὲ
989 825 1159 894 πολλῇ
1190 828 1255 896 τῇ
1274 825 1572 896 παραθέσει
1593 827 1816 897 μείζονα

219 916 519 984 φαίνεσθαι
558 916 624 969 τὸ
671 916 763 968 τὸν
785 915 918 968 Θεὸν
964 916 1234 988 αἱρεῖσθαι
1266 915 1438 980 οὕτως
1485 918 1815 988 ἀγνωμόνων

216 1009 436 1078 ἀνδρῶν
461 1011 547 1070 είς
564 1007 885 1078 ἐπιμέλειαν
914 1007 1105 1060 ἑαυτὸν
1134 1007 1378 1060 κατιέναι
1397 1022 1411 1037 ’
1436 1008 1489 1060 εί
1511 1024 1573 1075 γε
1607 1008 1701 1061 καὶ
1724 1009 1815 1062 τὸν

219 1103 294 1170 (p.
315 1102 369 1169 7)
384 1101 680 1170 προφήτην
696 1099 1003 1168 θαυμαστὸν
1023 1095 1093 1170 ἦν
1109 1097 1510 1168 ἐπειλημμένον
1527 1099 1621 1152 τού
1642 1117 1812 1170 προσ-

215 1195 453 1262 ήκοντος
482 1194 565 1255 εἰς
604 1192 808 1261 πόρνης
846 1190 1060 1259 ὁμιλίαν
1106 1192 1327 1260 χωρεῖν.
1372 1189 1589 1261 Ἐπειδὴ
1611 1192 1812 1254 τοίνυν,

215 1287 412 1355 φησὶν,
451 1284 827 1354 ἐπιμελοῦμαι
870 1284 978 1337 τῶν
1019 1282 1369 1353 Ἰσραηλιτῶν
1403 1283 1661 1354 πορνικὸν
1700 1283 1818 1354 τρό-

215 1394 319 1428 πον
343 1376 588 1429 πάντοτε
619 1375 1070 1443 ἐπιδεδειγμένων
1105 1373 1234 1443 περὶ
1261 1372 1383 1442 ἐμὲ,
1412 1373 1507 1426 καὶ
1539 1373 1661 1426 καθ’
1689 1373 1817 1426 ἐκά-

215 1486 350 1538 στην
375 1468 602 1539 ἡμέραν
635 1468 759 1537 ἄχρι
776 1465 871 1519 τοῦ
896 1464 1057 1537 δεῦρο
1084 1463 1288 1534 ταύτην
1317 1464 1692 1517 ἐπιτεινόντων
1717 1464 1816 1535 τὴν

211 1563 472 1634 γνώμην,
514 1562 609 1614 καὶ
639 1561 790 1632 παρὰ
808 1561 1016 1622 πάντας
1049 1558 1370 1629 ἀνθρώπους
1396 1559 1592 1622 αὐτοὺς
1625 1561 1705 1622 εἰς
1738 1561 1817 1612 οἰ-

211 1655 485 1724 κειότητα
517 1654 739 1725 εἱλόμην
767 1651 868 1723 τὴν
886 1651 1024 1721 ἐμήν
1043 1667 1058 1680 ·
1112 1652 1231 1720 μετ’
1252 1649 1312 1702 ού
1347 1649 1483 1704 πολὺ
1513 1650 1570 1703 δὲ
1598 1649 1815 1720 ἔλεγχον

211 1746 313 1815 τῆς
344 1746 482 1815 περί
516 1745 617 1815 ἐμὲ
645 1742 872 1813 γνώμης
887 1742 1113 1813 ἀκριϐὲς
1142 1741 1469 1811 παρέξονται
1495 1740 1594 1810 τὴν
1617 1743 1817 1809 ἐπαγο-

1915 556 2090 624 phetae
2134 557 2442 626 praebebat,
2489 573 2612 627 quae
2659 574 2797 630 opus
2843 567 2961 614 erat
3001 559 3203 615 Judwis
3235 560 3496 629 dicendi;

1915 657 2286 719 praetereaque
2309 651 2457 720 gravi
2482 651 2730 720 exemplo
2751 653 3112 708 monstrandi.
3134 653 3297 721 quale
3316 667 3463 721 quan
3483 680 3498 690 -

1914 746 2030 792 tum
2059 755 2205 794 esset
2237 741 2526 796 consilium
2555 740 2668 806 Dei,
2692 743 2786 810 qui
2812 753 2918 796 tam
2949 744 3283 811 ingratorum
3312 741 3494 796 homi-

1916 846 2045 885 num
2075 847 2263 886 curam
2293 833 2436 886 ultro
2467 833 2833 904 suscepisset:
2865 836 3134 904 siquidem
3169 843 3222 889 et
3257 836 3491 905 prephe-

1913 927 2027 972 tam
2070 921 2266 973 mirum
2300 930 2441 985 erat,
2467 923 2558 991 qui
2598 922 2738 993 frugi
2770 923 2932 976 vitam
2960 924 3212 993 elegerat,
3250 925 3315 978 ad
3343 939 3494 978 scor-

1915 1013 1957 1066 ti
1993 1013 2216 1082 nuptias
2251 1029 2536 1084 proruere.
2575 1013 2836 1070 Videlicet
2867 1025 2922 1070 et
2956 1031 3076 1084 ego.
3111 1017 3286 1085 inquit
3321 1016 3488 1082 Deus,

1917 1104 2182 1160 lsraelitis
2212 1105 2428 1169 studeo,
2463 1108 2557 1177 qui
2587 1107 2900 1161 meretricio
2929 1123 3155 1176 prorsus
3192 1123 3341 1162 more
3381 1123 3493 1161 me-

1915 1212 2038 1251 cmn
2068 1209 2256 1267 agunt,
2285 1200 2624 1269 singulisque
2658 1199 2925 1254 hactenus
2955 1200 3150 1254 diebus
3172 1201 3311 1254 hanc
3342 1215 3493 1253 men-

1915 1296 2022 1345 tem
2053 1291 2319 1356 retinent;
2339 1308 2477 1361 quos
2500 1302 2680 1346 tamen
2703 1308 2802 1362 ego
2822 1307 2929 1361 prae
2945 1293 3162 1347 caeteris
3181 1292 3492 1346 hominibus

1918 1379 1971 1431 in
1992 1395 2163 1432 meam
2191 1379 2618 1435 familiaritatem
2639 1397 2973 1452 receperam.
2994 1381 3097 1437 Sed
3119 1383 3262 1436 enim
3284 1382 3335 1435 hi
3365 1399 3495 1450 pau-

1920 1470 1971 1522 lo
2007 1478 2126 1538 post
2160 1469 2227 1524 de
2262 1472 2446 1524 animo
2479 1487 2606 1541 erga
2637 1488 2722 1526 me
2751 1488 2851 1527 suo
2881 1481 3250 1542 coarguentur
3278 1488 3306 1526 a
3333 1489 3493 1542 poma

1916 1575 2078 1629 quam
2111 1562 2191 1614 eis
2226 1561 2523 1628 imponam,
2559 1577 2682 1615 cum
2719 1565 2900 1616 traditi
2948 1565 3274 1633 captivitati,
3311 1565 3495 1619 fundi-

1915 1658 2006 1704 tus
2027 1651 2126 1704 hac
2146 1652 2366 1720 regione
2382 1661 2712 1714 evertentur,
2735 1669 2894 1723 quam
2923 1656 3216 1722 hucusque
3232 1657 3494 1711 beneﬁcio

1920 1756 2041 1795 meo
2065 1743 2386 1807 incolentes,
2405 1743 2542 1812 jussi
2567 1743 2777 1797 fuerant
2816 1748 2949 1799 meis
2975 1749 3258 1815 praeceptis
3277 1747 3492 1801 obtem-

215 1839 389 1908 μένην
426 1838 619 1900 αὐτοῖς
652 1836 744 1888 ὑπ’
792 1833 929 1904 ἐμοῦ
969 1833 1243 1903 τιμωρίαν
1264 1849 1277 1862 °
1309 1833 1398 1885 ὅτε
1439 1834 1506 1901 τῇ
1534 1831 1812 1901 αἰχμαλω-

1918 1847 2138 1902 perare:
2177 1834 2318 1887 haud
2349 1849 2508 1888 secus
2535 1851 2696 1904 quam
2719 1835 2952 1891 feminas
2979 1839 3030 1890 in
3063 1839 3374 1908 conjugium
3399 1856 3493 1894 as-

213 1931 304 1999 σία
337 1928 770 1999 παραδιδόμενα
795 1925 1074 1988 παντελῶς
1104 1923 1307 1993 ταύτης
1329 1922 1810 1993 άπαλλοτριοῦνται

211 2019 307 2088 τῆς
334 2018 451 2087 γῆς
470 2036 484 2048 ·
524 2019 583 2071 ἐν
613 2013 758 2090 ᾗπερ
786 2015 1071 2078 οἰκοῦντας
1101 2013 1419 2084 ἐπιμελείας
1447 2030 1507 2065 τε
1538 2013 1638 2082 τῆς
1671 2012 1814 2082 ἐμῆς

211 2108 586 2180 ἀξιουμένους
645 2109 739 2162 ἐπὶ
783 2106 890 2160 τῶν
933 2106 1114 2176 νόμων
1149 2105 1334 2174 μένειν
1385 2104 1644 2158 ἐκέλευσα
1705 2105 1813 2156 τῶν

212 2200 362 2270 ἐμῶν
385 2217 401 2230 ·
467 2201 641 2271 ὅνπερ
674 2199 738 2268 δὴ
768 2198 970 2269 τρόπον
1007 2197 1102 2250 καὶ
1141 2200 1261 2259 ταῖς
1290 2195 1535 2264 γυναιξὶν
1575 2193 1696 2257 ἔθος
1732 2195 1812 2257 εἰς

211 2292 512 2346 κοινωνίαν
553 2290 1017 2362 λαμϐανομέναις,
1061 2288 1153 2342 ἐπὶ
1197 2287 1305 2341 τῶν
1341 2287 1596 2357 γαμικῶν
1633 2286 1812 2356 μένειν

213 2386 401 2455 νόμων
426 2402 442 2417 ο
488 2385 577 2454 ἐφ’
608 2383 783 2438 ἅπασι
816 2382 874 2436 δὲ
917 2381 1147 2446 τούτοις,
1185 2381 1248 2434 ού
1294 2380 1392 2450 τὴν
1432 2381 1813 2450 προσήκουσαν

1915 1929 2186 1989 sumptas,
2213 1923 2548 1991 nuptialibus
2574 1923 2784 1993 legibus
2809 1926 3063 1979 insistere
3085 1943 3201 1978 mos
3217 1936 3320 1979 est.
3348 1925 3494 1981 Prte-

1919 2019 2002 2066 ter
2055 2012 2169 2066 haec
2200 2013 2405 2074 omnia,
2438 2014 2490 2066 hi
2527 2014 2668 2068 haud
2712 2015 2923 2083 justum
2974 2025 3248 2083 gestarum
3309 2031 3492 2070 rerum

1919 2118 2141 2158 sensum
2189 2103 2413 2167 habent,
2447 2120 2624 2174 neque
2670 2120 2794 2159 cum
2846 2106 3045 2160 animis
3073 2107 3191 2161 suis
3237 2116 3497 2177 reputant

1918 2195 2048 2264 quid
2098 2195 2182 2249 vel
2228 2194 2434 2249 faciant
2483 2197 2564 2250 vel
2609 2198 2805 2252 merito
2847 2199 3063 2268 passuri
3130 2201 3260 2254 sint.
3313 2201 3497 2267 Quare

1919 2299 2018 2354 age
2053 2295 2132 2350 tu,
2166 2286 2450 2354 propheta,
2489 2284 2754 2342 facinoris
2798 2289 3040 2345 novitate
3085 2301 3396 2361 susceptam
3425 2292 3494 2347 ab

1924 2377 2009 2430 his
2041 2376 2438 2433 absurditatem
2471 2395 2725 2450 coargue.

211 2483 315 2535 τῶν
349 2480 666 2551 γινομένων
695 2477 947 2546 αἰσθησιν
991 2476 1226 2547 ἔχουσιν,
1277 2475 1394 2528 οὗθ’
1435 2468 1510 2528 ὧν
1570 2472 1836 2536 ποιοῦσιν,
1889 2470 1999 2524 οὗθ’
2053 2465 2129 2526 ὢν
2154 2473 2430 2528 πείσονται
2458 2475 2717 2538 δικαίως·
2765 2477 2897 2548 φέρε
2922 2476 2986 2548 δὴ
3016 2478 3101 2542 σὺ,
3134 2479 3404 2549 προφῆτα,
3427 2481 3492 2550 τῇ

212 2572 303 2627 τοῦ
363 2570 666 2641 γινομένου
715 2568 994 2638 καινότητι
1035 2566 1256 2636 ἔλεγχον
1304 2565 1403 2636 τῆς
1449 2564 1578 2633 παρ’
1629 2561 1813 2614 αὐτῶν
1847 2562 2224 2633 πραττομένης
2257 2564 2480 2636 ποίησαι
2507 2566 2755 2628 ἀτοπίας.

282 2691 444 2760 Στεχ,
501 2693 651 2756 γι-εν,
696 2715 768 2727 -
812 2683 1064 2737 Πείθεται
1100 2682 1165 2753 δὴ
1194 2682 1405 2743 τούτοις
1434 2681 1462 2731 ὁ
1501 2680 1810 2751 προφήτης,

215 2785 302 2838 καὶ
333 2785 544 2852 ἄγεται
571 2777 708 2850 πρὸς
734 2777 914 2846 γάμον
943 2775 1169 2846 πόρνην,
1201 2770 1268 2846 ἧς
1303 2774 1396 2825 καὶ
1423 2772 1482 2824 τὸ
1514 2771 1685 2840 ὄνομα
1719 2771 1814 2824 καὶ

213 2876 300 2928 τὸν
337 2872 567 2943 πατέρα
590 2870 739 2938 λέγει
761 2908 776 2932 ,
805 2867 880 2930 ὡς
917 2866 991 2938 μὴ
1030 2865 1258 2935 πλάσμα
1281 2863 1434 2933 ψιλόν
1461 2881 1516 2915 τι
1541 2862 1724 2928 δοκοίη
1753 2861 1816 2915 τὸ

214 2967 540 3036 λεγόμενον,
590 2959 801 3032 ἱστορία
847 2957 904 3012 δὲ
935 2957 1140 3028 ἀληθὴς
1178 2956 1522 3027 πραγμάτων
1548 2971 1562 2984 ·
1601 2953 1812 3022 γίνεται

1986 2677 2150 2732 Vens.
2177 2679 2296 2734 5-5.
2321 2679 2606 2734 —Morem
2631 2681 2788 2750 jusso
2825 2680 2962 2750 gerit
2997 2682 3279 2753 propheta,
3312 2691 3495 2738 scorto

1910 2769 2091 2833 nubit,
2124 2770 2284 2837 cujus
2306 2770 2466 2823 etiam
2491 2785 2686 2824 nowen
2713 2783 3030 2841 patremque
3051 2782 3232 2839 notat;
3254 2789 3322 2827 ne
3355 2774 3496 2828 forte

1910 2860 2059 2929 quod
2073 2863 2274 2914 dictum
2293 2869 2396 2924 est,
2414 2877 2608 2931 purum
2627 2863 2958 2931 figmentum.
2981 2865 3078 2919 sed
3098 2872 3156 2917 ut
3174 2880 3301 2920 vera
3322 2866 3494 2920 histo-

1912 2953 1991 3006 ria
2007 2953 2292 3007 habeatur.
2307 2952 2564 3009 Nascitur
2583 2954 2860 3023 eiquoque
2881 2955 3023 3007 [ilius
3037 2971 3102 3009 ex
3124 2956 3224 3010 hac
3242 2956 3360 3022 conj
3371 2972 3492 3025 uge,

217 3059 269 3111 δέ
296 3055 455 3126 αὐτῷ
489 3053 588 3107 καὶ
621 3052 734 3113 υίὸς
770 3052 834 3103 ἐκ
871 3047 1097 3118 ταύτης,
1131 3046 1190 3099 ὃν
1231 3045 1517 3098 ἐκέλευσεν
1554 3043 1812 3140 Σιεζραὴλ

1918 3059 2072 3112 quem
2130 3043 2426 3100 Jezraelem
2466 3047 2647 3099 vocari
2699 3047 2872 3114 jubet.
2917 3048 2994 3100 Ita
3042 3063 3170 3101 vero
3209 3048 3494 3103 dicebatur

216 3147 595 3219 ὀνομασθῆναι
615 3160 628 3174 ⁸
662 3142 804 3196 οὕτω
825 3141 881 3194 δὲ
904 3140 967 3192 τὸ
994 3138 1192 3210 χωρίον
1224 3137 1440 3206 ἐλέγετο
1469 3139 1524 3189 ἐν
1616 3154 1675 3188 τε
1699 3136 1810 3188 Να-

217 3241 413 3295 ϐουθαὶ
447 3239 554 3307 τὴν
594 3235 912 3306 παράνομον
953 3231 1338 3302 ὑπομεμένηκε
1375 3231 1612 3299 σφαγήν·
1643 3232 1719 3298 (p.
1757 3227 1811 3294 8)

220 3337 307 3388 καὶ
341 3333 457 3404 μὴν
488 3331 588 3385 κα)⁸
623 3325 858 3392 Ἰεζάϐελ
879 3324 1223 3394 κατεσφάγη,
1251 3323 1404 3386 δίκας
1428 3321 1529 3392 τῆς
1554 3320 1639 3373 ἐπ’
1665 3320 1813 3391 αὐτῷ

219 3428 442 3479 τίνουσα
501 3418 885 3494 παρανομίας·
940 3417 1111 3486 αὑτήν
1146 3433 1204 3468 τε
1251 3414 1344 3468 καὶ
1378 3413 1520 3467 ἅπαν
1555 3412 1615 3464 τὸ
1657 3411 1812 3480 γένος

218 3517 305 3571 τοῦ
391 3512 604 3585 Ἀχαάϐ
669 3509 793 3563 ἀντὶ
855 3507 955 3577 τῆς
1011 3505 1354 3576 παρανομίας
1407 3502 1614 3571 ταύτης
1673 3501 1814 3555 κατὰ

219 3612 561 3681 πρόσταγμα
607 3604 747 3656 θεῖον
792 3600 1156 3660 ἀπολέσαντος
1201 3596 1294 3649 τοῦ
1346 3594 1504 3664 Ἰηοῦ.
1557 3615 1574 3645 ι
1602 3593 1812 3664 Μικρὸν

219 3701 346 3770 γὰρ,
383 3696 581 3766 φησὶν.
629 3692 721 3745 xui.
767 3691 1038 3758 ἐκδικήσω
1062 3686 1122 3739 τὸ
1149 3681 1287 3754 αἷμα
1326 3684 1419 3736 τοῦ
1455 3681 1697 3754 ’ῐεζραὴλ
1722 3683 1813 3735 ἐπὶ

220 3792 304 3844 τὸν
350 3786 510 3843 οἷκον
563 3784 727 3854 Ἰηοῦ,
791 3783 885 3836 καὶ
943 3777 1282 3834 καταπαύσω
1328 3778 1604 3847 βασιλείαν
1659 3777 1811 3831 οἴκου

231 3883 471 3954 Ἰσραήλο
517 3899 535 3930 ι
575 3877 690 3931 ἀνθ’
735 3869 809 3928 ὧν
858 3873 986 3943 γὰρ,
1041 3873 1223 3940 φησὶν,
1275 3872 1355 3933 εἰς
1405 3869 1676 3939 βασιλείαν
1721 3869 1811 3920 ὑπ’

223 3976 351 4046 ἓ.μοῦ
405 3968 782 4045 προχειριθείς
815 3967 843 4018 ό
889 3963 1061 4036 Ἰηοῦ,
1097 3963 1244 4017 ἅπαν
1275 3963 1369 4015 τοῦ
1413 3963 1560 4015 οἴκου
1606 3961 1811 4031 Ἀχαὰϐ

223 4065 508 4118 ἀπώλεσεν
539 4059 603 4112 τὸ
635 4058 809 4126 γένος,
856 4055 996 4124 ὑπὲρ
1047 4071 1106 4106 τε
1134 4053 1236 4122 τῆς
1278 4053 1533 4114 ἀσεϐείας
1577 4051 1669 4104 καὶ
1712 4051 1812 4121 τῆς

224 4154 576 4228 παρανομίας
605 4152 670 4222 ἢν
702 4148 844 4202 κατὰ
877 4145 971 4199 τοῦ
1007 4144 1284 4198 Ναϐουθαὶ
1319 4144 1411 4196 ἐπὶ
1449 4142 1540 4194 τού
1574 4143 1814 4212 προρρη-

223 4252 400 4312 θέντος
446 4244 756 4312 τετόλμηκε
801 4239 1000 4291 τόπου’
1041 4232 1159 4288 εἶτα
1199 4235 1258 4286 ού
1295 4232 1684 4305 σωφρονισθεὶς
1720 4231 1813 4284 ἐπὶ

222 4344 454 4403 τούτοις,
498 4337 605 4389 οὐδ’
642 4334 734 4400 ἀφ’
765 4325 837 4383 ὧν
875 4330 1060 4398 ἴσχυσε
1104 4327 1224 4380 καθ’
1276 4327 1478 4396 ἐτέρων
1511 4341 1812 4395 παρανενο-

1921 3136 2141 3200 fundus,
2171 3138 2260 3191 ubi
2298 3137 2576 3192 Nabuthes
2603 3138 2784 3207 iniqua
2816 3153 2946 3191 nece
2973 3139 3164 3207 periit:
3200 3147 3250 3193 et
3273 3141 3492 3209 quidem

1917 3229 2079 3281 etiam
2115 3227 2333 3283 Jezabel
2365 3227 2565 3283 ibidem
2597 3245 2737 3284 caesa
2771 3229 2893 3290 fuit.
2932 3239 2989 3282 ut
3021 3232 3216 3298 patrati
3243 3232 3350 3282 illic
3375 3247 3496 3285 sce-

1917 3319 2048 3372 leris
2070 3335 2261 3389 pinnas
2289 3320 2568 3390 penderet,
2593 3321 2721 3390 quia
2747 3320 3001 3374 videlicet
3031 3324 3202 3390 ipsam
3230 3337 3351 3375 cum
3376 3324 3497 3375 uni-

1919 3426 2073 3464 Versa
2110 3411 2166 3481 6
2203 3409 2444 3464 Achaabi
2482 3411 2685 3466 familia
2721 3421 2940 3481 propter
2977 3414 3118 3466 illam
3161 3414 3492 3484 impietatem

1917 3502 2105 3556 divino
2148 3503 2402 3555 mandato
2438 3500 2576 3556 Jehu
2619 3503 2725 3555 leto
2763 3505 2931 3556 dedit.
2977 3523 2994 3554 ι
3047 3503 3236 3568 Brevi,
3280 3506 3492 3574 inquit,

1917 3605 2106 3660 pinnas
2155 3591 2438 3660 sanguinis
2473 3592 2613 3660 apud
2658 3589 2956 3645 Jezraelem
3009 3592 3113 3646 fusi
3155 3608 3432 3662 reposcam
3464 3611 3495 3645 ιι

1914 3680 2050 3735 Jehu
2077 3683 2269 3744 domo,
2314 3682 2586 3752 ﬁnemque
2616 3683 2890 3752 imponam
2945 3699 3114 3753 regno
3160 3684 3420 3740 lsraelis:
3469 3705 3488 3736 ι

1915 3773 2066 3842 quia,
2093 3774 2190 3834 ait,
2219 3773 2357 3829 Jehu
2403 3775 2469 3829 ad
2508 3776 2658 3844 regni
2691 3776 2954 3829 honorem
2987 3792 3016 3829 a
3051 3793 3135 3831 me
3172 3791 3492 3848 provectus,

1915 3873 2170 3918 cunctam
2214 3866 2435 3933 quidem
2470 3865 2714 3919 Acbaabi
2747 3868 2972 3936 stirpem
3005 3867 3233 3932 delevit,
3276 3878 3495 3939 propter

1917 3956 2097 4009 scelus
2138 3964 2302 4024 atque
2350 3956 2714 4017 maleficium,
2767 3959 2911 4026 quod
2963 3959 3218 4028 prmdicto
3268 3961 3320 4013 in
3375 3963 3494 4014 loco

1915 4054 2105 4098 contra
2122 4043 2425 4100 Nabuthem
2451 4045 2626 4100 fuerat
2649 4055 2954 4116 patratum:
2977 4058 3351 4104 verumtamen
3380 4053 3494 4120 ipse

1915 4153 2024 4190 non
2054 4137 2187 4192 satis
2218 4136 2346 4190 hinc
2377 4138 2722 4204 emendatus,
2751 4155 2819 4193 ne
2846 4140 2914 4193 ab
2941 4141 3009 4194 iis
3029 4141 3244 4209 quidem
3273 4157 3331 4197 se
3362 4158 3495 4194 con-

1917 4228 2079 4282 tinuit
2100 4229 2446 4292 criminibus,
2477 4245 2598 4298 qua:
2631 4230 2683 4283 in
2708 4231 3060 4286 cmtorisreis
3090 4233 3489 4288 vindicaverat:

1915 4322 2209 4390 cunctique
2240 4321 2331 4390 qui
2357 4331 2545 4390 postea
2579 4321 2799 4376 fuerunt
2841 4322 3060 4377 Israelis
3107 4339 3284 4394 reges.
3313 4340 3492 4379 mores

228 4435 479 4505 μηκότων
522 4425 826 4496 ἐφυλάξατο
868 4423 967 4492 τὴν
1003 4418 1377 4491 παρανομίαν*
1411 4417 1649 4480 ἅπαντες
1677 4417 1732 4469 δὲ
1762 4417 1811 4469 οἱ

1918 4413 2162 4466 Achaabi
2198 4412 2395 4466 imitati
2447 4421 2595 4468 sunt.
2629 4414 2772 4482 Ergo
2801 4415 2970 4468 ociter
3002 4415 3319 4469 universum
3351 4414 3492 4468 Isra-

225 4526 420 4594 ἑφεξῆς
467 4521 562 4574 τοῦ
607 4517 826 4588 Ἰσραὴλ
873 4513 1296 4585 βασιλεύσαντες
1335 4509 1432 4580 τὴν
1467 4509 1559 4562 τοῦ
1608 4507 1812 4578 Ἀχαὰϐ

227 4622 566 4689 ἐμιμήσαντο
594 4610 847 4680 γνώμην·
889 4607 1007 4678 μετ’
1047 4607 1106 4658 οὐ
1141 4603 1274 4656 πολὺ
1303 4602 1368 4672 δὴ
1405 4602 1584 4653 πᾶσαν
1620 4599 1813 4652 παύσω

225 4685 330 4760 τοῦν
364 4685 583 4776 Ἰσραὴλ
613 4702 714 4772 τὴν
752 4697 1028 4768 βασιλείαν
1053 4713 1066 4725 ·
1126 4694 1249 4747 ἐπεὶ
1288 4693 1361 4763 μὴ
1405 4693 1462 4744 δὲ
1515 4688 1624 4743 οἷόν
1655 4707 1714 4742 τε
1745 4685 1813 4760 ἦν

227 4803 421 4852 οἰκεῖον
472 4797 617 4865 ἔχειν
678 4790 900 4861 βασιλέα
955 4789 1078 4849 τοὺς
1127 4785 1231 4837 ὑπὸ
1277 4783 1374 4853 τὴν
1433 4781 1813 4852 αἰχμαλωσίαν

227 4890 592 4962 τυγχάνοντας
621 4884 714 4936 τοῦ
745 4880 954 4934 λοιποῦ.
995 4899 1011 4929 ι
1050 4877 1331 4947 Συντρίψω
1359 4874 1414 4926 δὲ
1454 4874 1548 4926 καὶ
1574 4871 1633 4924 τό
1658 4870 1810 4936 τόξον

228 4985 314 5037 τοῦ
374 4981 591 5053 Ἰσραὴλ
635 4981 691 5030 ἐν
734 4978 800 5045 τῇ
845 4972 1052 5026 κοιλάδι
1095 4970 1190 5021 τοῦ
1247 4966 1510 5038 Ἰεζραήλο
1551 4984 1569 5014 ι
1609 4966 1674 5016 ἐκ
1713 4962 1809 5015 τοῦ

234 5078 428 5146 μέρους
476 5076 657 5126 πᾶσαν
695 5069 871 5122 αὐτῶν
900 5065 1136 5125 καλέσας
1179 5059 1275 5120 τὴν
1303 5058 1486 5128 χώραν
1508 5074 1524 5090 ·
1560 5057 1646 5108 ἵνα
1680 5057 1807 5126 εἴπῃ

1914 4507 2013 4560 clis
2039 4521 2264 4574 regnum
2289 4506 2657 4574 exstinguam.
2683 4505 2814 4558 Nam
2849 4509 2962 4560 fieri
2998 4523 3103 4561 non
3137 4515 3349 4575 poterat
3377 4515 3433 4560 ut
3457 4507 3492 4560 ii

1917 4613 2097 4667 regem
2129 4597 2416 4659 haberent,
2455 4598 2547 4666 qui
2575 4597 2832 4666 deinceps
2867 4599 2917 4650 in
2971 4600 3284 4666 captivitate
3325 4600 3490 4652 vitam

1915 4690 2289 4742 erantacturi.
2325 4707 2343 4738 ι
2381 4686 2672 4743 Conteram
2716 4706 2933 4758 quoque
2961 4706 3146 4744 arcum
3185 4692 3399 4746 Israelis
3439 4694 3493 4746 in

1915 4782 2054 4834 valle
2093 4780 2380 4854 Jezraelis,
2405 4801 2423 4832 ι
2461 4797 2490 4832 a
2516 4790 2669 4850 parte
2703 4781 3015 4836 universam
3051 4783 3290 4851 ipsorum
3318 4785 3494 4851 regio-

1922 4889 2045 4926 nem
2077 4874 2388 4942 appellans:
2425 4889 2618 4942 nempe
2651 4874 2745 4936 ait,
2780 4888 2837 4928 se
2861 4883 3090 4928 cunctas
3115 4875 3328 4928 illorum
3351 4876 3493 4929 vires

1920 4965 2105 5017 irritas
2129 4963 2466 5017 redditurum
2489 4964 2540 5014 in
2567 4964 2743 5031 patrio
2770 4963 2908 5026 solo,
2929 4964 3178 5020 hostibus
3199 4981 3293 5020 eos
3316 4968 3495 5035 subji-

1919 5055 2174 5117 cientem,
2202 5070 2396 5124 nempe
2428 5057 2688 5125 Assyriis.

235 5170 518 5224 ὃτιΠᾱςαν
559 5166 740 5220 αὐτῶν
779 5165 876 5232 τὴν
919 5161 1146 5229 δύναμιν
1201 5157 1482 5226 ἄπρακτον
1531 5152 1836 5223 ἐργάσομαι
1885 5150 1944 5202 ἐν
1992 5153 2103 5214 τοῖς
2149 5151 2369 5214 οἰκείοις
2414 5153 2600 5217 τόποις
2650 5154 2992 5225 ὑποχειρίους
3045 5157 3156 5218 τοῖς
3213 5155 3493 5225 πολεμίοις

232 5263 620 5336 ἐργασάμενος,
654 5259 800 5323 λέγει
831 5256 886 5307 δὲ
915 5255 1028 5315 τοῖς
1068 5249 1395 5319 Ἀσσυρίοις.

299 5376 447 5446 Στίχ.
495 5379 634 5438 ς’-ι’.
673 5402 744 5412 -
775 5365 908 5422 Εἶτα
939 5365 1091 5434 λέγει
1123 5364 1205 5416 ὅτι
1250 5361 1476 5429 γέγονεν
1516 5357 1668 5427 αὐτῷ
1719 5357 1814 5410 καὶ

234 5469 468 5538 θυγάτηρ
484 5469 549 5518 ἐκ
570 5464 671 5532 τῆς
695 5461 866 5528 αὐτῆς
890 5457 1168 5528 γυναικὸς,
1189 5457 1253 5526 ἠν
1285 5473 1303 5505 ι
1325 5453 1438 5506 Ούκ
1456 5450 1767 5522 ὴλεημένην
1791 5469 1808 5500 ι

237 5551 313 5616 (Ι).
329 5558 382 5625 9)
401 5537 668 5626 κληθῆναι
682 5549 914 5610 κελεύει,
934 5544 1238 5615 ὑπόμνημά
1259 5560 1312 5595 τι
1337 5541 1715 5611 παρεχομένην
1730 5537 1820 5591 διά

230 5652 328 5718 τῆς
351 5650 551 5712 οἰκείας
580 5641 953 5716 προσηγορίας
976 5637 1072 5692 τοῦ
1102 5634 1328 5707 μηδενὸς
1356 5633 1504 5686 ἐλέου
1532 5630 1818 5695 τεύξεσθαι

236 5744 358 5802 τοὺς
399 5739 768 5812 Ἰσραηλίτας,
810 5737 902 5790 ἐπὶ
938 5731 1191 5786 παντελεῖ
1235 5729 1290 5781 δὲ
1329 5721 1805 5798 παραδοθήσεσθαι

242 5834 595 5904 αἰχμαλωσίᾳ,
631 5832 693 5886 οὐ
723 5833 790 5903 τῇ
827 5828 1053 5898 δυνάμει
1085 5825 1195 5879 τῶν
1223 5820 1499 5892 πολεμίων
1519 5857 1534 5885 ,
1565 5815 1678 5871 ἀλλ’
1705 5815 1806 5870 αύ-

1986 5353 2150 5410 Vens.
2193 5355 2351 5410 6-10.
2384 5385 2453 5394 —
2483 5353 2690 5408 Deinde
2723 5356 2800 5408 ait
2845 5357 3108 5425 propheta
3148 5363 3333 5409 natam
3388 5358 3492 5412 sibi

1912 5461 1977 5499 ex
2008 5446 2198 5500 eadem
2234 5445 2435 5500 femina
2471 5445 2659 5506 tiliam,
2685 5461 2849 5514 quam
2883 5465 2902 5498 ι
2942 5449 3149 5516 absque
3181 5446 3494 5502 misericor-

1913 5533 2002 5587 dia
2034 5553 2050 5584 ι
2105 5533 2288 5586 vocari
2330 5532 2517 5600 jubet;
2545 5548 2665 5600 qua:
2697 5534 2830 5587 satis
2864 5533 3182 5589 admoneret
3211 5551 3304 5604 per
3333 5552 3489 5590 suam

1914 5623 2089 5692 ipsius
2114 5621 2532 5690 appellationem
2565 5619 2683 5694 fgre
2724 5629 2783 5675 ut
2807 5623 3011 5676 nullam
3061 5624 3322 5687 Israelitze
3354 5642 3492 5680 con-

1914 5724 2274 5786 sequerentur
2316 5714 2781 5778 misericordiam,
2839 5715 2931 5770 sed
2969 5721 3207 5785 generali
3265 5721 3490 5779 servitio

1916 5810 2282 5877 irretirentur,
2310 5806 2453 5862 haud
2485 5807 2738 5877 equidem
2774 5808 3013 5864 hostium
3041 5812 3268 5876 viribus,
3295 5827 3488 5868 verum
