3934 6506
488 312 583 367 131

1668 299 2013 355 ΤΙΙΕΟΠΟΒΙ
2049 286 2543 351 ΜΟΡΒῐΕδἸῈΝῐ.
3599 274 3679 332 132

490 430 668 501 ipsius
704 427 794 481 Dei
832 424 1117 479 manifeste
1156 421 1462 493 pugnantis.
1503 420 1617 475 Hoc
1655 421 1800 474 enim
1851 417 2059 483 signiﬁ-

2179 412 2254 466 τοῦ
2286 428 2347 479 γε
2371 409 2550 468 αὐτοῖς
2578 397 2938 470 πολεμοῦντος
2964 396 3057 449 τοῦ
3082 396 3217 450 Θεοῦ
3247 395 3531 467 προδήλως·
3557 400 3682 455 τοῦτο

492 530 619 575 cant
650 520 812 573 verba
852 535 870 567 ι
901 517 1196 570 adversatus
1228 512 1563 568 adversabor
1588 512 1718 565 illis.
1746 529 1766 562 ι
1805 510 1981 579 Atque
2003 516 2061 561 ut

492 610 687 677 magis.
716 608 912 676 inquit,
934 606 1327 667 demonstrem,
1358 604 1634 657 voluntate
1663 617 1781 655 mea
1806 600 1920 653 hzec
1956 600 2061 653 illis

490 696 769 758 accidere,
822 693 1017 747 addam
1060 690 1214 747 Iudae
1265 694 1625 754 mentionem,
1671 690 1830 759 cujus
1870 696 2061 742 contra

496 788 815 848 miserebor,
848 800 971 837 cum
1006 783 1060 837 in
1095 784 1237 838 idem
1270 783 1562 837 discrimen
1594 782 1662 837 ab
1694 772 1934 851 Assyriis
1966 794 2063 833 vo-

497 880 733 940 cabitur,
764 878 855 946 qui
880 876 1134 930 lsraelem
1162 875 1368 929 faciunt
1389 876 1658 944 captivum
1683 893 1695 928 :
1727 874 2062 941 servaboque

500 972 651 1023 illum
687 970 891 1023 virtute
920 982 1060 1029 mea,
1092 982 1201 1021 non
1232 982 1361 1021 arcu
1383 969 1466 1021 vel
1499 982 1629 1021 ense
1660 973 1751 1019 aut
1781 964 1937 1027 bello,
1972 980 2065 1018 ne-

497 1078 606 1131 que
634 1061 745 1116 ullo
776 1074 1002 1130 prorsus
1032 1059 1311 1112 hominum
1347 1058 1549 1111 auxilio
1585 1056 1804 1120 fretum,
1831 1060 1925 1110 sed
1949 1069 2065 1109 mea

500 1155 675 1209 solius
706 1153 758 1206 vi
807 1160 959 1205 tanto
1002 1150 1241 1219 periculo
1288 1157 1554 1219 ereptum.
1604 1147 1658 1201 ld
1692 1148 1835 1217 quod
1882 1162 2067 1201 revera

500 1246 749 1314 contigit,
772 1244 961 1313 angelo
979 1250 1143 1295 noctu
1166 1250 1383 1295 centum
1406 1241 1680 1309 octoginta
1717 1239 1882 1292 millia
1906 1238 2069 1309 Assy-

505 1337 711 1388 riorum
746 1335 1035 1388 acervatim
1064 1333 1379 1397 occidente;
1423 1333 1472 1401 7
1508 1334 1579 1385 ita
1611 1341 1670 1384 ut
1696 1331 1888 1400 reliqui
1918 1348 1975 1385 se
2015 1333 2067 1385 in

505 1427 687 1495 fugam
723 1423 1079 1492 conjecerint,
1121 1422 1311 1477 incolae
1351 1434 1529 1477 autem
1570 1422 2068 1494 Hierosolymorum

509 1518 732 1569 liberam
765 1516 991 1568 salutem
1017 1514 1298 1567 consecuti
1334 1513 1465 1567 sint.
1494 1512 1707 1566 Paritur
1738 1527 1956 1566 rursum
1988 1513 2069 1564 al-

506 1610 592 1657 ter
629 1604 801 1665 ﬁlius,
852 1616 1011 1671 quem
1060 1602 1328 1655 dictorum
1366 1616 1531 1653 causa
1576 1601 2069 1655 conﬁrmandorum

503 1694 659 1761 jubet
688 1692 871 1745 vocari
909 1708 927 1741 ι
954 1706 1057 1743 non
1092 1692 1324 1759 populus
1359 1706 1542 1756 meus;
1568 1710 1584 1741 ι
1620 1706 1948 1760 causamque
1976 1706 2073 1744 no-

2162 502 2269 572 γὰρ
2291 498 2437 570 δηλοῖ
2455 494 2567 562 τὺ,«
2599 489 3071 559 Ἀντιτασσύμενος
3100 486 3447 555 ἀντιτάξομαι
3474 488 3643 551 αὐτοῖς,
3666 510 3680 540 ι

2162 595 2257 655 Εἰς
2298 590 2518 662 μείζονα
2553 586 2609 639 δὲ
2650 582 2925 646 ἀπόδειξιν
2963 580 3056 634 τοῦ
3106 579 3321 650 γνώμῃ,
3362 579 3546 649 φησιν.
3600 584 3683 651 ἐμῇ

2161 681 2334 734 ταῦτα
2362 676 2603 746 γίνεσθαι
2630 673 2762 745 περὶ
2794 671 3010 736 αὐτοὺς,
3043 669 3351 739 παρέξομαι
3377 669 3442 721 τὰ
3468 670 3592 722 κατὰ
3616 670 3687 722 τὸν

2176 771 2410 830 Ἰούδαν,
2463 767 2556 830 οὒς
2590 764 2796 835 ἐλεήσω
2840 778 2901 814 τε
2956 760 3060 813 ὑπὸ
3112 758 3219 811 τῶν
3277 757 3561 827 Ἀσσυρίων
3602 760 3691 810 τῐυν

2164 862 2405 922 ἐκείνους
2441 853 3005 927 αἰχμαλωτευσάντων
3039 849 3105 901 τὰ
3136 850 3298 918 ὃμοια
3333 845 3691 908 κινδυνεύοντας

2168 955 2358 1009 παθεῖν
2377 967 2389 981 ·
2422 951 2518 1005 καὶ
2557 944 2847 1018 περισώσω
2876 946 2942 1014 τῇ
2982 941 3207 1009 δυνάμει
3232 941 3299 1009 τῇ
3348 941 3471 1009 ἐμῇ,
3502 939 3555 992 ού
3580 937 3692 1007 τόξῳ

2167 1048 2263 1103 καὶ
2290 1046 2434 1114 ξίφει
2461 1042 2556 1095 καὶ
2582 1039 2826 1109 πολέμῳ,
2849 1035 2964 1089 ἀλλ’
2989 1032 3109 1086 ούδέ
3130 1048 3239 1085 τινι
3268 1031 3568 1102 ἀνθρωπίνῃ
3593 1047 3695 1098 σύμ.

2171 1140 2340 1212 μαχίᾳ
2383 1133 2775 1207 βοηθουμένους
2827 1125 3116 1191 καθάπαξ,
3154 1123 3290 1194 μόνῃ
3322 1123 3376 1175 δὲ
3402 1125 3465 1193 τῇ
3503 1124 3597 1191 ἐμῇ
3621 1122 3694 1174 δυ-

2168 1234 2325 1303 νάμει
2353 1230 2444 1282 τὸν
2477 1224 2727 1280 τοσοῦτον
2751 1221 2992 1275 κίνδυνον
3030 1216 3420 1286 διαφεύγοντας
3444 1231 3457 1244 ’
3491 1216 3613 1285 ὅπερ
3645 1214 3695 1284 δὴ

2168 1326 2262 1380 καὶ
2296 1323 2535 1391 γέγονεν,
2570 1315 2804 1383 ἀγγέλου
2838 1310 2927 1365 διὰ
2962 1309 3062 1379 τῆς
3090 1307 3286 1369 νυκτὸς
3321 1306 3506 1376 ἀθρόον
3536 1306 3698 1357 ἑκατὸν

2168 1416 2492 1485 ὀγδοήκοντα
2517 1408 2676 1462 πέντε
2706 1403 2949 1475 χιλιάδας
2972 1400 3080 1454 τῶν
3119 1399 3415 1468 Ἀσσυρίων
3439 1396 3697 1449 ἀνελόντος

2169 1507 2243 1569 ὡς
2270 1502 2542 1575 τραπῆναι
2574 1498 2671 1569 μὲν
2698 1496 2834 1566 πρὸς
2860 1492 3035 1562 φυγὴν
3065 1491 3191 1553 τοὺς
3217 1488 3453 1549 λοιποὺς,
3482 1488 3701 1557 ἀναντίρο

2177 1599 2335 1669 ρητον
2366 1592 2421 1645 δὲ
2447 1590 2573 1651 τοὺς
2605 1587 2697 1639 ἐπὶ
2736 1588 2800 1655 τῇ
2845 1580 3202 1652 Ἰερουσαλὴμ
3232 1578 3481 1669 δέξασθαι
3505 1578 3593 1646 τὴν
3617 1594 3701 1628 σω-

2176 1667 2387 1755 τηρίαν.
2416 1679 2670 1732 Τίκτεται
2698 1676 2753 1727 δέ
2780 1674 2940 1727 πάλιν
2968 1673 3061 1724 καὶ
3088 1670 3274 1739 ἕτερος
3292 1668 3423 1729 υίὸς.
3455 1667 3509 1717 ὃν
3534 1668 3602 1726 είς
3626 1668 3703 1733 τὴν

509 1756 672 1838 minis
698 1778 898 1835 additu
921 1756 1130 1850 Quippe
1162 1756 1256 1835 vos
1305 1782 1446 1833 haud
1490 1781 1601 1849 jam
1649 1756 1877 1851 pepulus
1920 1796 2073 1835 meus

2179 1776 2277 1829 τῶν
2292 1772 2594 1846 εἰρημένων
2611 1767 2913 1839 βεϐαίωσιν,
2936 1784 2953 1814 ι
2967 1765 3027 1816 ού
3040 1762 3166 1815 λαὸν
3188 1780 3205 1811 ι
3225 1758 3434 1812 κελεύει
3451 1756 3701 1825 κληθῆναγ

508 1876 686 1936 eritis,
714 1886 890 1940 neque
915 1886 1013 1939 ego
1042 1881 1221 1923 vester
1244 1886 1340 1923 ero
1368 1869 1553 1938 (Deus)
1572 1888 1584 1922 :
1605 1880 1731 1921 nos
1746 1870 1891 1923 enim
1920 1884 1951 1923 a
1978 1884 2075 1922 cu—

511 1980 571 2017 ra
604 1978 720 2017 mea
752 1962 1007 2030 deinceps
1038 1962 1197 2014 alieni
1237 1961 1425 2026 eritis,
1470 1976 1609 2031 quos
1657 1977 1757 2029 ego
1817 1969 2075 2030 tanquam

509 2062 799 2107 extraneos
861 2051 1298 2120 impendentibus
1368 2051 1577 2104 tradam
1630 2050 2073 2106 adversitatihus.

514 2140 715 2194 Deinde
749 2139 1012 2208 adjungit,
1056 2156 1073 2187 ι
1102 2152 1383 2191 nmnerum
1414 2136 1645 2189 ﬁliorum
1666 2136 1877 2190 lsraelis
1910 2136 2078 2189 fuisse

513 2232 677 2287 veluti
734 2231 1229 2285 immensurabilem
1278 2230 1445 2283 maris
1503 2243 1721 2283 arenam
1748 2237 1801 2282 et
1832 2229 2079 2283 inndmev

515 2322 758 2375 rabilem.
783 2340 799 2372 ι
837 2319 1009 2388 Maius
1030 2320 1230 2388 quippe
1251 2318 1571 2371 miraculum
1594 2326 1731 2382 erat,
1754 2328 1807 2372 et
1824 2317 2081 2371 manifes-

513 2421 627 2464 tum
654 2411 852 2463 divinae
881 2410 972 2462 irae
1002 2416 1378 2477 argumentum
1405 2408 1689 2471 exhibens,
1729 2409 1773 2461 si
1810 2407 1944 2460 tanti
1976 2422 2080 2460 nu-

517 2500 648 2553 meri
682 2500 937 2568 populum
984 2497 1037 2550 in
1085 2497 1456 2565 captivitatem
1503 2496 1789 2550 confertim
1836 2495 2082 2561 dederet,

518 2588 730 2642 nemine
787 2588 838 2640 in
875 2594 1022 2640 tanta
1070 2586 1417 2641 multitudine
1486 2585 1553 2639 ad
1603 2585 1876 2641 ferendam
1924 2600 2079 2655 opem

516 2678 735 2733 idoneo.

589 2855 825 2921 Deinde,
859 2856 937 2909 uti
978 2870 1098 2910 mos
1124 2861 1211 2909 est
1245 2852 1557 2925 prophetis,
1586 2861 1639 2907 et
1667 2854 1885 2922 quidem
1917 2854 2077 2907 etiam
2108 2843 2149 2900 C

516 2947 678 3001 beato
730 2946 919 2999 Davidi
956 2982 973 3001 .
1028 2959 1152 2998 cum
1208 2943 1455 2998 molestis
1516 2942 1696 2995 dulcia
1752 2944 2079 3006 nuntiandi,

514 3037 1040 3105 conversionemque
1082 3036 1150 3088 ad
1196 3035 1428 3096 laetiora,
1462 3044 1683 3104 propter
1728 3036 1885 3089 malis
1930 3037 2081 3089 labo-

518 3130 755 3181 rantium
785 3128 1058 3180 solamen:
1099 3143 1117 3176 ι
1150 3125 1209 3177 Et
1236 3126 1365 3189 erit,
1457 3125 1657 3194 inquit,
1751 3126 1805 3179 in
1840 3127 1961 3179 loco
1993 3126 2081 3179 ubi

519 3222 725 3271 dictum
761 3218 868 3270 illis
912 3215 1121 3279 fuerat,
1156 3214 1260 3270 Vos
1286 3229 1395 3269 non
1430 3216 1662 3285 populus
1699 3232 1885 3279 meus,
1920 3215 2082 3269 iidem

519 3314 863 3365 vocabuntur
907 3308 1001 3361 ﬁlii
1044 3307 1136 3360 Dei
1176 3308 1433 3362 viventis.
1494 3326 1512 3358 ι
1560 3308 1653 3361 Sic
1693 3310 1855 3362 etiam
1893 3308 2084 3361 beatus

522 3401 689 3453 David
727 3402 793 3453 de
826 3399 1137 3469 Assyriacis
1185 3400 1348 3453 rebus
1380 3401 1632 3461 locutus,
1676 3400 1741 3452 ad
1780 3406 2083 3452 extremum

517 3492 690 3546 addit:
731 3509 749 3541 ι
782 3492 916 3556 Quis
948 3491 1098 3544 dabit
1140 3506 1207 3544 ex
1254 3492 1387 3543 Sion
1445 3494 1684 3546 salutare
1715 3489 1915 3544 Israel?
1947 3488 2081 3542 Cum

520 3582 781 3635 averterit
810 3580 1072 3633 Dominus
1096 3580 1467 3649 captivitatem
1493 3582 1673 3650 populi
1702 3582 1809 3647 sui,
1839 3582 2085 3635 exsulta-

518 3675 599 3727 bit
649 3672 856 3737 Jacob,
903 3679 957 3726 et
1004 3673 1274 3725 laetabitur
1304 3672 1548 3727 lsrael";
1598 3690 1619 3723 ι
1660 3670 1865 3727 docens
1898 3671 2086 3726 adfore

521 3772 769 3832 tempus,
831 3777 942 3832 quo
988 3763 1355 3829 captivitatem
1397 3778 1587 3818 eorum
1629 3762 1771 3819 Deus
1812 3763 2084 3833 expediat.

522 3854 679 3908 Nunc
717 3854 856 3907 idem
891 3854 1123 3918 dicitur,
1164 3856 1403 3908 futurum
1445 3856 1653 3910 scilicet
1685 3863 1744 3909 ut
1783 3857 1872 3910 ubi
1906 3854 2084 3910 lsrae-

520 3944 630 3998 lita:
661 3945 839 3997 vocati
876 3943 1093 3998 fuerant
1118 3945 1262 3998 «Non
1295 3948 1544 4017 populus,
1568 3966 1586 4000 ι
1610 3947 1662 4001 id
1688 3954 1817 4003 esta
1847 3946 1937 4001 Dei
1963 3963 2088 4017 pro-

518 4035 757 4089 videntia
831 4036 1077 4105 abjecti;
1142 4037 1340 4092 ibidem
1403 4040 1745 4109 appellentur
1817 4038 1911 4094 ﬁlii
1990 4039 2084 4094 Dei

517 4127 777 4190 viventis,
846 4127 897 4180 id
947 4136 1031 4182 est
1091 4128 1210 4196 ejus
1270 4130 1567 4183 amicitiam
1625 4139 1967 4200 recuperent.
2018 4131 2082 4184 Et

520 4218 783 4287 praeclare
816 4218 1017 4270 dicitur
1051 4237 1067 4268 ι
1108 4220 1159 4271 in
1195 4220 1312 4274 loco
1350 4221 1454 4275 isto
1493 4241 1511 4273 ι
1551 4238 1616 4275 ex
1651 4237 1760 4290 quo
1793 4230 2080 4292 postquam

518 4311 643 4363 illos
692 4307 834 4362 Deus
878 4310 1246 4373 transtulerat,
1295 4312 1346 4364 in
1409 4313 1659 4366 eumdem
1719 4329 1911 4366 rursus
1968 4320 2085 4365 erat

519 4397 867 4451 reducturus.
917 4396 1149 4465 Snbjicit
1196 4402 1361 4469 igitur
1410 4401 1478 4454 ad
1524 4402 1785 4469 majorem
1833 4403 1916 4455 sui
1951 4404 2079 4455 dicti

522 4489 985 4555 declarationem,
1024 4488 1187 4543 Vens.
1228 4491 1287 4542 il
1346 4520 1414 4529 -—
1456 4509 1473 4541 σ
1515 4491 1576 4543 Et
1602 4492 2084 4561 congregabuntur

517 4579 573 4632 in
611 4594 777 4631 nnmn
826 4578 920 4631 ﬁlii
951 4577 1106 4632 Juda:
1146 4588 1308 4649 atque
1349 4580 1587 4646 lsraelis,
1635 4581 1945 4652 facientque
1976 4585 2080 4637 sibi

518 4670 881 4740 principatum
929 4687 1130 4733 unum,
1185 4679 1237 4724 et
1300 4672 1594 4725 ascendent
1650 4672 1716 4727 de
1777 4676 2018 4743 regione.
2060 4693 2077 4725 ι

515 4760 723 4830 Nempe
753 4762 827 4813 ait
861 4761 996 4824 fore,
1036 4771 1091 4815 ut
1130 4763 1358 4831 depulso
1391 4779 1420 4816 a
1460 4762 1612 4819 Judte
1661 4766 1805 4819 tribu
1850 4765 2079 4837 Babylo-

513 4852 623 4906 nici
650 4851 856 4905 servitii
884 4851 1037 4921 jugo,
1068 4852 1125 4922 8
1161 4868 1265 4905 una
1316 4857 1559 4908 omnium
1604 4857 1826 4912 libertas
1856 4859 1947 4923 sit,
1999 4868 2080 4912 at-

510 4957 619 5012 que
662 4956 853 4995 omnes
886 4942 989 4995 sub
1019 4958 1130 4995 uno
1169 4944 1279 4997 sint
1314 4945 1654 5015 principatu,
1698 4948 1841 5001 hami
1869 4949 1980 5016 jam
2020 4958 2081 5002 ut

514 5042 673 5086 antea
708 5034 1009 5095 divisi,sed
1045 5034 1210 5089 unius
1242 5037 1452 5105 imperii
1486 5037 1678 5108 ditioni
1709 5041 1957 5104 obnoxii,
1989 5044 2075 5095 cui

516 5123 697 5189 praesit
719 5121 873 5176 Judze
899 5123 1077 5177 tribus
1102 5146 1117 5187 λ
1142 5135 1194 5178 et
1230 5127 1323 5194 qui
1371 5128 1437 5180 de
1483 5129 1583 5180 hoc
1615 5146 1811 5197 genere
1850 5140 1999 5195 sunt,
2026 5134 2079 5185 in

516 5216 663 5282 regia
693 5214 961 5284 dignitate
996 5217 1419 5274 constituantur.
1454 5219 1654 5275 Deinde
1685 5224 1854 5279 addit.
1895 5244 1912 5274 ‹
1940 5226 2077 5289 Quia

514 5322 709 5374 magna
756 5308 873 5362 dies
910 5306 1192 5362 Jezraelis.
1238 5327 1254 5358 ι
1287 5310 1420 5363 Nam
1464 5328 1586 5365 cum
1619 5315 1755 5367 dixit
1789 5332 1979 5384 poenas
2011 5320 2078 5372 ab

512 5397 594 5449 eis
625 5398 806 5450 datum
837 5399 925 5464 iri,
959 5400 1060 5451 hoc
1089 5398 1373 5465 intellexit,
1409 5401 1523 5457 fore
1546 5405 1804 5458 nimirum
1838 5418 1894 5459 ut
1929 5418 2080 5477 post-

513 5502 674 5557 quam
710 5504 933 5543 snorum
966 5490 1231 5545 scelerum
1270 5507 1433 5547 causa
1480 5496 1618 5549 male
1663 5498 1907 5551 mulctati
1955 5501 2073 5556 fue-

522 5580 651 5644 rint,
704 5588 815 5631 tum
857 5578 1075 5635 demum
1118 5584 1377 5638 terribilis
1402 5586 1587 5647 ,veluti
1637 5595 1801 5657 atque
1843 5590 2074 5648 illustris

622 5732 641 5767 ²
671 5730 939 5794 Pettium,
977 5734 1024 5787 7.

2172 1867 2265 1920 καὶ
2292 1864 2391 1934 τὴν
2426 1862 2604 1915 αἰτίαν
2636 1860 2814 1927 λέγει·
2853 1877 2870 1908 ι
2900 1857 3020 1909 Ὀτι
3055 1854 3213 1923 ὑμεῖς
3245 1850 3305 1902 οὐ
3336 1850 3460 1911 λαός
3489 1865 3602 1918 μου,
3632 1846 3706 1898 καὶ

2172 1953 2281 2025 ἐγὼ
2305 1955 2406 2009 οὐκ
2436 1953 2550 2023 είμὶ
2588 1950 2760 2021 ὑμῶν’
2800 1968 2819 1999 ›
2843 1948 3000 2016 ὑμεῖς
3038 1961 3097 1997 τε
3130 1945 3241 2013 γὰρ
3278 1936 3708 2025 ἁπαλλοτροιωθή-

2175 2022 2331 2098 σεσθε
2362 2044 2461 2115 τῆς
2493 2022 2631 2112 ἐμῆς
2665 2036 2994 2115 κηδεμονίας
3034 2033 3244 2095 λοιπὸν,
3291 2030 3442 2099 κάγὼ
3477 2022 3529 2081 δὲ
3561 2028 3626 2089 ὡς
3657 2026 3709 2079 ἂν

2175 2136 2489 2207 ἀλλοτρίους
2532 2122 2690 2194 ὄντας
2725 2132 2835 2193 τοῖς
2868 2126 3239 2195 ἐπικειμένοις
3272 2122 3489 2177 ἐκδώσω
3521 2121 3708 2179 κακοῖς’

2174 2224 2292 2280 εἶτα
2336 2225 2552 2293 ἐπάγει·
2593 2243 2611 2273 ‹
2639 2223 2761 2275 Ὅτι
2804 2219 2869 2289 ἥν
2905 2216 3136 2288 ἀριθμὸς
3182 2214 3293 2266 τῶν
3348 2212 3476 2264 υἱῶν
3530 2207 3715 2279 Ἰσραὴλ

2175 2318 2308 2371 ὼσεὶ
2345 2318 2530 2386 ἄμμος
2573 2314 2668 2379 τῆς
2705 2312 3004 2379 θαλάσσης,
3058 2308 3153 2359 καὶ
3196 2306 3300 2358 ούκ
3348 2299 3714 2372 ἐκμετρηθήσε-

2177 2426 2289 2472 ται,
2338 2407 2413 2477 (p.
2454 2406 2541 2475 10)
2622 2402 2747 2458 οὐδὲ
2780 2398 3301 2471 ἐξαριθμηθήσεται·
3356 2414 3373 2446 ι
3417 2394 3588 2463 μεῖζον
3625 2394 3714 2459 γὰρ

2178 2496 2246 2570 ἦν
2275 2496 2335 2551 τὸ
2373 2496 2555 2566 θαῦμα
2586 2502 2679 2546 και
2717 2493 2863 2561 σαφῆ
2895 2492 2993 2561 τῆς
3024 2487 3174 2551 θείας
3205 2487 3377 2559 ὀργῆς
3405 2486 3492 2537 τὸν
3531 2484 3715 2549 ἔλεγχον

2190 2588 2582 2660 παρεχόμενον,
2614 2587 2662 2636 εί
2693 2582 2977 2643 τοσούτους
3000 2579 3156 2641 ὄντας
3188 2578 3384 2647 ἀθρόον
3412 2572 3717 2646 αἰχμαλωσίᾳ

2189 2675 2506 2745 παρεδίδου,
2556 2673 2719 2743 μηδὲν
2768 2672 2827 2735 ἐξ
2860 2670 3037 2723 αὐτῶν
3082 2669 3354 2721 τοσούτων
3404 2668 3562 2720 ὄντων
3596 2664 3716 2732 ὡφε-

2186 2768 2391 2821 λεῖσθαι
2418 2766 2562 2829 οἴους
2590 2782 2647 2817 τε
2677 2765 2853 2826 ὄντας.

2255 2853 2365 2910 Εἶθ’
2409 2858 2544 2924 ὅπερ
2592 2855 2709 2918 ἐθος
2742 2858 2854 2918 τοῖς
2893 2854 3234 2925 προφήταις,
3286 2852 3379 2905 καὶ
3424 2851 3516 2920 μέν
3548 2847 3629 2899 καὶ
3658 2844 3720 2912 τῷ

2185 2949 2439 3020 μακαρίῳ
2461 2947 2622 3000 Δαυῒδ
2651 2947 2709 2999 τὸ
2738 2948 2794 2999 ἐν
2824 2946 2973 3016 μέσῳ
2996 2946 3103 2998 τῶν
3131 2944 3390 3015 λυπηρῶν
3420 2943 3507 2995 καὶ
3530 2941 3589 2992 τὰ
3613 2938 3722 3007 ἡδέι

2186 3041 2433 3111 μηνύειν,
2461 3041 2558 3110 τήν
2586 3056 2643 3091 τε
2675 3040 2765 3091 ἐπὶ
2790 3039 2850 3090 τὸ
2873 3041 3111 3108 κρεῖττον
3148 3035 3448 3106 μεταὸολὴν
3471 3033 3721 3101 ἐπἰψυχα-

2182 3134 2359 3205 γωγίᾳ
2398 3134 2506 3187 τῶν
2554 3136 2610 3184 ἐν
2646 3135 2755 3195 τοῖς
2788 3133 2993 3202 χείροσι
3031 3132 3349 3202 γινομένων,
3392 3150 3410 3181 ‹
3440 3130 3541 3181 Καὶ
3574 3126 3720 3185 ἔσται,

2183 3225 2368 3295 φησὶν,
2400 3224 2460 3277 ἐν
2487 3224 2564 3293 τῷ
2591 3223 2741 3293 τόπῳ
2770 3218 2830 3277 οὗ
2873 3222 3079 3295 tamen
3129 3224 3331 3285 αὐτοῖς,
3377 3222 3447 3275 Uti
3488 3218 3604 3281 λαός
3639 3233 3724 3282 μου

2185 3316 2359 3383 ὑμεῖς,
2391 3314 2541 3367 αὐτοὶ
2575 3315 2939 3386 κληθήσονται
2984 3316 3090 3367 υίοὶ
3132 3314 3266 3367 Θεοῦ
3299 3315 3511 3378 ζῶντος.
3542 3331 3560 3362 ι
3593 3308 3725 3363 Οὕτω

2184 3408 2276 3460 καὶ
2312 3407 2340 3457 ὁ
2371 3406 2637 3476 μακάριος
2676 3406 2838 3459 Δαυῒδ
2870 3405 2935 3459 τὰ
2970 3406 3109 3458 κατὰ
3141 3407 3267 3465 τοὺς
3329 3403 3630 3463 Ἀσσυρίους
3664 3400 3726 3449 εἰσ

2184 3499 2319 3562 πὼν,
2350 3501 2598 3569 ἐπάγειη
2628 3501 2723 3561 Τίς
2759 3500 2919 3551 δώσει
2951 3502 3014 3551 ἐκ
3070 3498 3206 3552 Σιὼν
3248 3499 3311 3551 τὸ
3357 3498 3613 3567 σωτήριον
3646 3490 3723 3543 τοῦ

2198 3590 2451 3664 ’1σραήλ;
2504 3593 2592 3644 Ἐν
2636 3590 2713 3661 τῷ
2757 3591 3079 3661 ἐπιπρέψαι
3154 3590 3358 3660 Κύριον
3403 3589 3498 3659 τὴν
3551 3588 3725 3655 αἰχμα-

2183 3679 2384 3736 λωσίαν
2420 3682 2511 3735 τοῦ
2545 3682 2674 3736 λαοῦ
2722 3682 2906 3744 αὑτοῦ,
2956 3680 3345 3750 ἀγαλλιάοεται
3399 3678 3602 3739 Ἰακὼϐ,
3648 3674 3725 3727 καὶ

2185 3774 2619 3844 εὐφρανθήσεται
2681 3773 2897 3843 Ἰσραήλ
2967 3791 2985 3822 ι
3037 3771 3247 3835 δεικνὺς
3298 3774 3381 3825 ὅτι
3436 3773 3578 3823 ἔσται
3628 3783 3727 3818 atat-

2187 3866 2297 3936 ρος,
2326 3864 2560 3935 ὁπηνίκα
2598 3865 2695 3934 τὴν
2728 3861 3105 3933 αἰχμαλωσίαν
3139 3861 3288 3914 λύσει
3326 3862 3537 3922 πάντως
3568 3859 3726 3916 αὐτοῖς

2184 3960 2212 4011 ὁ
2237 3956 2399 4019 Θεός’
2438 3956 2499 4008 τὸ
2532 3957 2639 4027 γὰρ
2673 3954 2803 4006 αὐτὸ
2831 3954 2893 4024 δὴ
2924 3954 3203 4007 κάνταῦθά
3244 3972 3431 4023 φησιν,
3461 3955 3538 4005 ὅτι
3583 3948 3728 4001 Ἔνθα

2184 4046 2247 4116 δὴ
2277 4044 2585 4116 ἐκλήθησαν
2620 4047 2700 4097 Οὐ
2730 4044 2900 4108 λαὸς,
2934 4044 3078 4095 τοῦτ’
3106 4044 3219 4096 ἔστι
3248 4046 3620 4115 ἀπερρίφησαν
3647 4039 3729 4106 τῆς

2188 4135 2443 4204 προνοίας
2496 4135 2595 4204 τῆς
2643 4134 2803 4203 ἐμῆς,
2844 4134 3075 4185 ἐνταῦθα
3125 4133 3188 4203 δὴ
3239 4133 3592 4205 κληθήσονται
3640 4125 3730 4179 υἱοὶ

2188 4225 2321 4277 Θεοῦ
2351 4226 2549 4289 ζῶντος
2568 4241 2580 4254 ·
2614 4224 2699 4276 ἵνα
2734 4226 2881 4296 εἴπῃ,
2910 4223 3200 4287 Τεύξονται
3242 4224 3402 4277 πάλιν
3430 4225 3524 4293 τῆς
3549 4216 3732 4272 οἰκειώ-

2188 4333 2322 4376 σεως
2362 4316 2461 4384 τῆς
2505 4315 2675 4385 ἐμῆς·
2714 4314 2893 4377 καλῶς
2925 4314 3092 4367 εἰπὼν
3134 4316 3195 4367 τὸ
3233 4316 3301 4367 ἐν
3332 4315 3409 4379 τῷ
3452 4316 3619 4378 τόπῳ,
3651 4305 3730 4374 ἀφ’

2185 4402 2353 4478 οὗπερ
2389 4409 2580 4470 αὐτοὺς
2610 4406 2821 4474 ἀφελὼν
2848 4408 2923 4469 εἰς
2952 4407 3043 4459 τὸν
3077 4407 3237 4459 αὐτὸν
3265 4406 3554 4472 ἐπανάγειν
3582 4399 3730 4472 ἠμελ-

2185 4502 2272 4552 λεν
2307 4498 2496 4551 πάλιν⁹
2544 4500 2737 4565 ἐπάγει
2768 4498 2896 4565 γοῦν
2937 4500 3016 4561 είς
3064 4497 3285 4567 μείζονα
3332 4497 3425 4548 τοῦ
3462 4490 3731 4561 λεγομένου

2188 4591 2511 4660 σαφήνειαν·
2570 4588 2717 4657 Στίχ.
2783 4588 2851 4639 ια’
2925 4617 2993 4626 -
3039 4606 3056 4637 ι
3102 4588 3208 4640 Καὶ
3250 4587 3662 4656 συναχθήσονται
3691 4581 3730 4631 οἱ

2186 4683 2291 4733 υἱοὶ
2335 4680 2502 4733 Ἰούδα
2532 4681 2622 4732 καὶ
2651 4681 2699 4731 οί
2731 4680 2839 4731 υἱοὶ
2881 4678 3097 4748 Ἰσραὴλ
3127 4679 3219 4731 ἐπί
3256 4678 3317 4729 τὸ
3372 4679 3521 4737 αὐτὸ,
3554 4679 3623 4746 (ρ.
3656 4672 3732 4740 Η)

2185 4772 2279 4823 καὶ
2319 4771 2575 4840 θήσονται
2617 4772 2827 4831 ἑαυτοῖς
2878 4769 3050 4839 ἀρχὴν
3108 4770 3256 4838 μίαν,
3314 4771 3404 4822 καὶ
3455 4766 3732 4835 ἀναϐήσον-

2183 4877 2271 4913 ται
2304 4863 2367 4911 ἐκ
2403 4860 2500 4927 τῆς
2534 4861 2655 4927 γῆς.
2691 4875 2708 4906 ›
2754 4857 2912 4924 Λέγει
2946 4857 3001 4908 δὲ
3043 4856 3124 4908 ὅτι
3167 4856 3302 4924 μετὰ
3328 4856 3423 4924 τὴν
3462 4856 3537 4915 εἰς
3576 4850 3735 4903 Βαϐυ-

2183 4952 2329 5004 λῶνα
2366 4950 2742 5019 αἰχμαλωσίαν
2772 4948 2879 5000 τῶν
2926 4949 3021 5017 τῆς
3075 4946 3246 4999 ’ἰούδα
3292 4948 3479 5016 φυλῆς,
3530 4944 3620 5015 μία
3662 4955 3735 5000 τις

2184 5041 2436 5093 ἁπάντων
2457 5040 2746 5107 γενήσεται
2774 5037 3052 5107 ἐλευθερία
3071 5054 3084 5067 ·
3116 5038 3197 5090 ὃτι
3227 5037 3290 5106 δὴ
3314 5039 3417 5089 ὑπὸ
3450 5038 3573 5107 μίαν
3602 5033 3736 5085 ἐσον·

2182 5152 2269 5187 ται
2300 5134 2396 5201 τὴν
2426 5131 2634 5202 ἀρχὴν,
2667 5130 2849 5183 ούκέτι
2881 5124 3230 5201 διῃρημένοι,
3263 5130 3490 5199 καθάπερ

2185 5243 2297 5297 ρον,
2330 5223 2434 5275 ὑπὸ
2467 5222 2593 5292 μίαν
2631 5223 2688 5273 δέ
2713 5221 2863 5284 ὄντες
2892 5222 2988 5291 τὴν
3022 5222 3194 5291 ἀρχήν
3215 5236 3228 5249 ⁸
3268 5221 3377 5273 τῶν
3408 5222 3616 5273 πάντων
3649 5214 3736 5284 μὲν

2184 5315 2430 5387 ἡγεῖσθαι
2460 5313 2558 5383 τὴν
2604 5313 2772 5365 Ἰούδα
2806 5312 2999 5382 φυλὴν,
3028 5314 3086 5364 ἐν
3118 5312 3363 5381 βασιλείᾳ
3402 5314 3456 5365 δὲ
3485 5311 3576 5363 καὶ
3602 5306 3733 5376 ἀρχῇ

2184 5407 2513 5463 καθεστάναι
2540 5406 2665 5467 τους
2710 5404 2765 5469 ἐξ
2794 5404 3010 5475 ἐκείνης
3037 5406 3400 5474 τυγχάνοντας
3433 5405 3527 5473 τῆς
3556 5398 3732 5469 φυλῆς.

2186 5499 2303 5554 εἶτα
2350 5498 2576 5566 ἐπάγει,
2611 5516 2628 5547 ‹
2668 5496 2790 5547 Ὅτι
2829 5493 3038 5564 μεγάλη
3072 5493 3255 5565 ἡμέρα
3291 5495 3382 5545 τοῦ
3423 5488 3672 5561 Ίεζραήλ.
3715 5504 3730 5533 ι

2197 5592 2412 5661 Ἐπειδὴ
2452 5589 2559 5660 γὰρ
2592 5582 2741 5640 εἶπεν
2769 5587 2850 5639 ὅτι
2895 5586 3032 5657 ὑπὲρ
3076 5584 3264 5638 τούτου
3304 5585 3530 5639 δώσουσι
3574 5581 3731 5634 δίκας,
