3994 6532
296 317 404 374 I525
1332 315 1880 374 COMMENTARIUS
1921 316 1987 371 IN
2020 315 2218 372 OSEE
2257 315 2410 371 CAP.
2441 314 2505 374 II.
3448 316 3554 372 154

296 440 453 494 τοῦτο
490 437 737 509 βούλεται
767 440 963 502 εἰπεῖν,
999 439 1083 494 ὅτι
1115 438 1319 494 τούτων
1347 440 1412 511 δὴ
1450 441 1560 495 τῶν
1590 442 1730 512 ὑπὲρ
1776 442 1861 512 τῆς

1976 436 2172 493 evadat
2222 435 2342 491 dies
2400 434 2517 501 illa,
2546 448 2654 504 qua
2715 441 2916 504 praeter
2970 449 3187 491 omnem
3254 435 3548 492 humanam

294 532 532 602 πρόσθεν
561 532 742 585 αὐτῶν
774 532 1033 596 ἀσεὸείας
1059 533 1404 586 πεπονθότων
1424 534 1610 597 κακῶς
1628 574 1642 596 ,
1669 535 1861 603 φοϐερά

1976 543 2127 598 spem
2159 527 2395 582 reditum
2429 526 2483 579 in
2522 526 2754 596 patriam
2800 536 3236 598 consequentur.
3285 527 3548 593 Quaenam

291 640 377 685 τις
405 624 556 678 ἔσται
592 626 685 677 καὶ
709 626 949 691 ἐπίδοξος
977 629 1009 697 ἡ
1034 628 1213 697 ἡμέρα
1242 626 1447 697 ἐκείνη.
1480 628 1601 681 καθ’
1630 629 1696 699 ἦν
1722 629 1874 699 παρὰ

292 714 475 766 πᾶσαν
518 715 866 787 ἀνθρωπίνην
900 718 1110 779 ἐλπίδα,
1156 718 1255 787 τῆς
1297 718 1557 772 ἐπανόδου
1589 718 1872 784 τεύξονται

294 804 394 858 ἐπὶ
422 806 491 860 τά
517 807 696 861 οἰκεῖα
715 824 727 839 ’
757 810 849 861 καὶ
880 808 964 872 τίς
991 812 1023 878 ἠ
1056 808 1362 876 ἀπόδειξις;

946 900 1106 953 ΚΕΦ.
1146 900 1223 953 B'.

366 989 514 1057 Στίχ.
550 998 620 1053 α’,
648 991 712 1061 β’.
753 1022 821 1033 —-
856 1011 874 1043 ι
912 990 1116 1046 Εἴπατε
1144 991 1220 1063 τῷ
1268 992 1480 1063 ἀδελφῷ
1522 993 1693 1065 ὑμῶν,
1730 997 1876 1058 Δαός

296 1099 401 1152 μου
428 1099 443 1113 ο
504 1083 597 1135 καὶ
626 1086 691 1152 τῆ
745 1084 945 1153 ἀδελφῇ
999 1084 1170 1153 ὑμῶν,
1236 1086 1558 1157 Ἠλεημένη.
1600 1106 1617 1138 ι
1667 1089 1870 1141 Εἴπατε

290 1171 417 1223 ἀντὶ
446 1171 540 1223 τοῦ
587 1172 812 1243 Ἐρεῖτε,
845 1173 929 1226 ἴνα
961 1172 1088 1244 εἴπῃ
1118 1175 1199 1227 ὃτι
1235 1175 1661 1246 ἐναλλαγήσεται
1691 1179 1871 1242 αὐτοῖς

289 1263 362 1315 τὰ
386 1265 644 1333 ὀνόματα.
695 1264 949 1335 Ἀρμόσει
976 1266 1083 1337 γὰρ
1110 1267 1314 1331 αὐτοῖς,
1343 1269 1496 1338 φησὶ,
1523 1268 1582 1322 τὸ
1609 1270 1730 1324 Aab
1780 1271 1869 1325 λέο

290 1356 486 1423 γεσθαι
521 1356 613 1409 καὶ
672 1356 995 1427 Ἦλεημένη,
1037 1358 1114 1420 ὼς
1152 1357 1519 1428 ᾠκειωμένοις
1542 1378 1601 1414 τε
1643 1361 1737 1413 καὶ
1769 1363 1872 1431 τῆς

291 1449 702 1519 φιλανθρωπίας
737 1449 1069 1503 ἀπολαύουσι
1109 1452 1230 1504 τότε
1274 1452 1373 1521 τῆς
1407 1454 1579 1523 ἐμῆς·
1612 1450 1730 1508 εἶτα
1764 1455 1870 1508 ἀπὸ

291 1540 390 1608 τῆς
420 1541 789 1611 προκειμένης
816 1542 1044 1607 εἰκόνος,
1074 1542 1169 1595 τοῦ
1192 1542 1352 1611 λόγου
1376 1544 1476 1615 τὴν
1500 1545 1755 1618 ἀφορμὴν
1777 1547 1872 1600 λα-

287 1631 395 1684 ϐὼν
426 1647 440 1660 ⁸
474 1651 493 1683 ι
528 1633 789 1703 Κρίθητε,
837 1636 988 1705 φησι,
1035 1635 1171 1705 πρὸς
1208 1635 1306 1706 τὴν
1333 1636 1542 1708 μητέρα
1571 1638 1724 1707 ὑμῶν
1751 1639 1871 1710 κρί-

286 1722 438 1790 θητεο
480 1722 563 1775 ὅτι
607 1722 741 1793 αὐτὴ
791 1724 852 1776 οὐ
897 1724 1029 1795 γυνή
1084 1743 1207 1795 μου,
1253 1726 1409 1793 κάγὼ
1452 1725 1552 1778 ούκ
1590 1726 1730 1797 ἀνὴρ
1768 1728 1865 1781 αὐ-

282 1812 403 1883 τῆς.
438 1832 457 1863 ι
495 1814 618 1866 Ἑπί
649 1814 747 1883 μὲν
774 1814 882 1885 γὰρ
909 1816 1006 1885 τῆς
1026 1817 1395 1887 προκειμένης
1421 1818 1648 1881 εἰκόνος,
1674 1822 1750 1887 (p.
1778 1819 1866 1887 1‘2)

283 1903 508 1970 εὔδηλον
549 1904 629 1955 ὅτι
674 1904 886 1974 μητέρα
917 1905 1015 1974 μὲν
1050 1906 1148 1976 τὴν
1177 1907 1382 1976 πόρνην
1411 1907 1585 1970 καλεῖ,
1614 1906 1780 1961 τέκνα
1810 1908 1866 1960 δέ

283 1994 352 2045 τά
396 1994 454 2059 ἐξ
496 1994 671 2063 αὐτῆς
702 1995 776 2058 ὡς
809 1995 956 2059 εἰκὸς
988 1998 1314 2067 γεννηθέντα
1337 2015 1353 2031 ο
1394 1999 1628 2052 ἐνταῦθα
1657 2000 1714 2052 δέ
1760 2018 1866 2072 μη-

282 2084 417 2155 τέρα
458 2086 557 2155 μὲν
598 2085 744 2154 λέγει
787 2087 887 2157 τὴν
933 2088 1254 2159 συναγωγὴν
1299 2089 1410 2142 τῶν
1464 2090 1756 2155 Ἰουδαίων,
1799 2092 1865 2163 ἣν

280 2174 494 2227 ἄνωθεν
511 2176 709 2228 ὡσανεὶ
735 2177 1210 2247 μνηστευσάμενός
1229 2194 1287 2230 τε
1306 2178 1399 2232 καὶ
1426 2179 1664 2248 συνάψας
1687 2180 1863 2252 ἐαυτῷ

280 2270 350 2337 τῇ
381 2268 709 2337 κηδεμονίας
738 2269 1012 2341 ὑπερϐολῇ
1050 2270 1285 2340 ἐξήγαγέ
1322 2287 1381 2323 τε
1421 2272 1519 2341 τῆς
1561 2272 1859 2340 Αἰγύπτου,

281 2360 378 2411 καὶ
421 2359 735 2431 ἐλευθερίας
764 2360 1003 2427 ἀξιώσας
1043 2364 1122 2425 εἰς
1149 2362 1247 2432 τὴν
1276 2360 1478 2432 ἔρημον
1505 2364 1734 2433 ἢγαγεν,
1770 2364 1862 2416 ἐπὶ

280 2449 359 2519 τῷ
393 2451 495 2521 τὴν
535 2450 846 2504 θεοσέϐειαν
888 2452 1241 2505 ἐκπαιδεῦσαι
1287 2456 1367 2517 εἰς
1413 2455 1633 2523 μείζονα
1679 2455 1861 2525 σχέσιν

280 2546 511 2611 ἀγαγεῖν
542 2543 768 2597 ἐαυτοῦ·
805 2545 947 2597 καθά
985 2546 1078 2598 καὶ
1117 2546 1145 2597 ὁ
1183 2547 1448 2615 μακάριος
1510 2546 1670 2598 Δαυίδ
1704 2562 1856 2615 φησι·

284 2655 304 2686 ι
337 2634 625 2705 Μνήσθητι
658 2638 759 2706 τῆς
799 2635 1124 2705 συναγωγῆς
1169 2654 1263 2688 σου
1294 2634 1362 2709 ἦς
1396 2639 1611 2707 ἐκτήσω
1643 2637 1736 2690 ἀπ’
1760 2638 1860 2707 ἀρ-

275 2725 413 2795 χῆς,
456 2724 744 2793 ἐλυτρώσω
779 2726 971 2796 ῥάϐδον
1028 2725 1390 2797 κληρονομίας
1449 2744 1564 2781 σου.
1610 2746 1628 2778 ι
1680 2728 1857 2781 Τέκνα

275 2817 336 2870 δέ
388 2816 595 2885 ταύτης
634 2817 726 2869 τὸν
778 2817 920 2869 κατὰ
965 2817 1216 2887 διαδοχὴν
1256 2820 1313 2884 ἐξ
1366 2818 1532 2889 αὐτῆς
1583 2820 1855 2874 συστάντα

274 2907 411 2960 λαόν
429 2922 442 2934 '
486 2907 561 2970 ὡς
586 2907 696 2979 γάρ
722 2908 770 2959 οἰ
809 2908 1045 2980 πατέρες
1070 2911 1118 2961 οἰ
1151 2909 1271 2960 τότε
1300 2910 1547 2977 λέγονται
1573 2910 1682 2964 τῶν
1720 2911 1859 2981 μετά

273 2998 485 3051 ταῦτα’
525 3018 544 3051 ι
584 3000 653 3053 Οἱ
695 2998 805 3070 γάρ
851 3000 1087 3071 πατέρες
1146 3001 1319 3070 ὑμῶν,
1368 3003 1520 3071 φησί,
1574 3002 1636 3055 τὸ
1684 3003 1859 3073 μάννα

273 3092 483 3159 ἔφαγον
516 3093 573 3144 ἐν
603 3094 671 3163 τῇ
703 3094 913 3163 ἐρήμῳ,
943 3093 1038 3146 καὶ
1068 3093 1358 3146 ἀπέθανον.
1392 3113 1409 3144 ι
1441 3094 1597 3147 Οὕτω
1622 3096 1716 3149 καὶ
1748 3097 1856 3166 μή-

1964 3102 2217 3165 parentes
2272 3094 2641 3148 recentiorum
2686 3111 2699 3147 :

269 3198 384 3252 τηρ
428 3183 463 3251 ἡ
513 3183 716 3252 ταύτης
761 3184 1050 3255 συναγωγὴ
1103 3184 1321 3238 καλοῖτο
1361 3184 1425 3237 ἂν
1473 3185 1719 3249 δικαίως,
1763 3188 1855 3256 ἀφ’

268 3266 457 3342 ἧσπερ
489 3272 549 3324 τὸ
579 3273 719 3343 μετά
740 3273 907 3327 ταῦτα
935 3276 1189 3344 σύστημα
1215 3274 1406 3343 γέγονε
1426 3275 1535 3328 τῶν
1567 3277 1855 3330 Ἰουδαίων·

268 3364 549 3427 ὀνειδίζων
570 3361 662 3418 οὖν
690 3367 889 3429 αὐτοὺς
912 3365 1009 3435 τὴν
1039 3366 1338 3437 μοχθηρίαν
1371 3366 1467 3419 τοῦ
1492 3368 1718 3438 τρόπου,
1761 3384 1860 3421 κα-

270 3454 383 3514 λῶς
412 3455 574 3523 φησὶν
609 3456 691 3507 ὅτι
711 3496 725 3519 ,
771 3454 1012 3508 Ἀνωθεν
1043 3457 1165 3509 ἐστέ
1199 3456 1492 3527 μοχθηροὶ,
1523 3459 1617 3510 καὶ
1648 3461 1714 3529 τῇ
1754 3477 1859 3529 μη-

266 3542 365 3612 τρὶ
416 3544 601 3612 σαφῶς
646 3544 883 3607 ἐοικότες
924 3548 988 3615 τῇ
1029 3547 1227 3616 οἰκείᾳ.
1263 3548 1327 3599 Εἰ
1356 3548 1489 3615 γοῦν
1528 3567 1610 3612 τις
1648 3548 1716 3601 τὰ
1748 3549 1858 3602 τῶν

264 3635 395 3686 τότε
433 3634 606 3704 κρίνοι
642 3636 735 3688 καὶ
776 3635 847 3689 τὰ
880 3636 995 3702 νῦν,
1042 3638 1241 3710 πολλὴν
1280 3640 1458 3693 αὐτῶν
1499 3641 1720 3711 εὑρήσει
1765 3658 1860 3694 σα-

268 3724 391 3792 φῶς
415 3724 512 3796 τὴν
542 3728 862 3794 συγγένειαν
886 3744 899 3758 ·
932 3729 1157 3781 ἐκείνων
1187 3730 1286 3799 μὲν
1322 3732 1457 3800 μετά
1486 3731 1548 3784 τὸ
1585 3731 1857 3785 τοσούτων

264 3817 370 3870 καὶ
403 3818 738 3886 τηλικούτων
760 3823 943 3890 τυχεῖν
972 3820 1215 3889 ἀγαθῶν,
1243 3823 1631 3893 τολμησάντων
1658 3823 1859 3894 μόσχον

264 3925 331 3959 τε
385 3911 793 3963 κατασκευάσαι
840 3912 933 3965 καὶ
988 3914 1179 3977 εἰπεῖν,
1241 3933 1259 3965 ι
1301 3908 1460 3967 Οὗτοι
1496 3915 1544 3966 οἱ
1589 3914 1700 3967 θεοί
1741 3932 1855 3980 σου,

279 4000 537 4069 Ἰσραὴλ,
574 4002 623 4053 οἳ
659 4001 925 4073 ἐξὴγαγόν
968 4020 1023 4055 σε
1061 4005 1123 4056 ἐκ
1157 4004 1260 4074 γῆς
1290 4006 1563 4073 Αἰγύπτου
1586 4023 1599 4036 ·
1643 4026 1662 4058 ι
1705 4007 1858 4077 ὑμῶν

261 4092 326 4142 δὲ
368 4092 492 4143 καθ’
532 4094 824 4163 ὁμοιότητα
858 4095 1079 4149 ἐκείνων
1110 4095 1578 4151 καταλελοιπότων
1627 4098 1725 4170 μὲν
1759 4099 1857 4171 τὴν

262 4184 474 4249 γνῶσιν
516 4184 613 4254 τὴν
650 4185 812 4255 ἐμὴν,
850 4186 943 4238 τοῦ
986 4185 1253 4255 τοσαύτην
1287 4187 1439 4257 ὑμῶν
1484 4188 1721 4241 πάντοτε
1760 4207 1859 4242 πε-

263 4278 568 4347 ποιημένου
599 4278 947 4349 κηδεμονίαν,
991 4278 1065 4347 (p.
1108 4279 1194 4349 15)
1231 4281 1321 4331 ἐπὶ
1346 4280 1402 4332 δέ
1437 4280 1533 4349 τὴν
1557 4280 1665 4333 τῶν
1700 4281 1856 4334 εἰδώ-

262 4364 379 4415 λων
414 4370 709 4440 θεραπείαν
740 4371 1091 4441 τραπέντωνο
1128 4372 1264 4425 ὥστ’
1298 4372 1361 4425 ἂν
1392 4373 1669 4442 ἁρμοδίως
1710 4374 1855 4443 ὑμᾶς

1977 634 2104 675 vero
2132 627 2217 674 est
2247 620 2369 689 ejus
2399 619 2480 673 rei
2508 618 2907 673 demonstratio
2931 620 2953 672 ?

2625 890 2777 947 CAP.
2818 891 2883 944 II.

2043 985 2211 1040 Vens.
2244 984 2297 1047 I,
2325 983 2381 1037 2.
2410 1013 2482 1023 —
2514 1001 2532 1034 ι
2575 982 2749 1037 Dicite
2803 982 2957 1038 fratri
3013 994 3197 1041 vestro
3218 1026 3233 1050 ,
3298 983 3543 1054 Populus

1973 1095 2130 1133 meus
2152 1096 2166 1144 ;
2192 1086 2247 1133 et
2270 1078 2445 1132 sorori
2478 1086 2691 1141 vestrae,
2724 1076 3153 1132 Misericordiam
3173 1089 3487 1134 consecuta.
3519 1097 3541 1133 ι

1975 1169 2171 1233 Dicite,
2205 1184 2306 1241 pro
2337 1168 2543 1223 Dicetis
2575 1186 2588 1222 :
2622 1168 2837 1223 scilicet
2867 1169 2943 1221 ait
2976 1167 3094 1222 fore
3125 1176 3184 1221 ut
3214 1170 3323 1223 illis
3354 1169 3548 1222 immu-

1974 1268 2158 1315 tentur
2210 1260 2435 1314 nomina
2485 1278 2498 1314 :
2551 1258 2867 1313 nominibus
2915 1266 3093 1313 autem
3149 1259 3291 1313 facta
3339 1258 3547 1330 signifi-

1972 1364 2060 1406 cat
2086 1352 2188 1421 (2).
2240 1352 2520 1421 Congruet
2554 1352 2700 1406 enim
2731 1352 2899 1422 ipsis,
2931 1352 3042 1417 ait,
3080 1354 3260 1406 vocari
3297 1351 3505 1421 Populo
3529 1394 3545 1417 ,

1971 1454 2027 1499 et
2058 1445 2416 1500 Clementiam
2439 1455 2782 1512 consecutae;
2816 1453 3074 1514 tanquam
3105 1443 3467 1497 familiaribus
3493 1452 3548 1497 et

1973 1537 2263 1590 clementia
2294 1550 2416 1589 mea
2446 1545 2580 1588 tunc
2606 1535 2938 1590 fruentibus.
2972 1533 3173 1589 Deinde
3203 1548 3231 1587 a
3266 1535 3547 1603 proposita

1973 1627 2208 1697 imagine
2248 1641 2438 1681 ansam
2480 1626 2696 1680 dicendi
2748 1626 2999 1694 capiens,
3034 1643 3052 1676 ι
3089 1625 3247 1680 Ferte
3328 1626 3542 1696 inquit,

1968 1717 2104 1771 ferte
2183 1718 2508 1772 sententiam
2529 1727 2719 1772 contra
2737 1728 2962 1773 matrem
2988 1728 3256 1784 vestram;
3282 1721 3407 1787 quia
3428 1720 3543 1789 ipsa

1903 1780 1942 1834 Β
1972 1808 2116 1863 haud
2149 1824 2289 1865 uxor
2316 1826 2460 1875 mea,
2491 1825 2590 1865 nec
2616 1826 2719 1880 ego
2750 1812 2833 1865 vir
2863 1811 3003 1880 ejus.
3042 1830 3061 1862 ι
3094 1809 3213 1865 .Iam
3244 1813 3545 1867 secundum

1968 1901 2171 1955 dictam
2206 1902 2501 1971 imaginem
2548 1904 2902 1972 perspicuum
2947 1911 3052 1967 est,
3107 1911 3338 1957 matrem
3386 1905 3454 1959 ab
3478 1920 3547 1959 eo

1966 1994 2156 2047 vocari
2207 1995 2549 2049 meretricem
2599 1995 2780 2057 illam,
2830 1994 2971 2050 filios
3000 2002 3180 2049 autem
3228 1997 3347 2051 sine
3380 1995 3548 2052 dubio

1963 2100 2058 2140 eos
2092 2087 2186 2154 qui
2221 2086 2288 2139 de
2326 2085 2515 2140 eadem
2565 2087 2679 2140 nati
2719 2097 2892 2141 erant.
2934 2087 3039 2142 Sed
3082 2095 3267 2143 tamen
3310 2088 3397 2142 hic
3427 2104 3545 2143 ma-

1962 2184 2101 2232 trem
2143 2178 2274 2232 dicit
2308 2177 2619 2232 Iudaeorum
2657 2193 3024 2249 synagogam,
3054 2196 3219 2250 quam
3257 2183 3545 2250 superiore

1962 2278 2209 2338 tempore
2239 2278 2503 2339 tanquam
2537 2270 2642 2323 sibi
2678 2271 3011 2340 desponsam
3042 2281 3206 2341 atque
3225 2275 3540 2343 copulatam

1958 2360 2161 2415 eximia
2199 2361 2543 2430 providentia
2583 2360 2848 2416 eduxerat
2885 2378 2949 2417 ex
2980 2362 3241 2433 Egypto,
3276 2380 3339 2420 ac
3370 2366 3542 2420 liber-

1960 2458 2072 2506 tate
2115 2452 2372 2522 dignatus
2423 2453 2475 2506 in
2519 2454 2797 2508 desertum
2842 2470 3017 2524 usque
3054 2457 3440 2524 transtulerat;
3483 2467 3543 2513 ut

1960 2545 2033 2598 ibi
2061 2559 2180 2597 eam
2218 2544 2440 2599 doceret
2468 2545 2725 2614 pietatem
2768 2562 2896 2616 erga
2933 2562 2993 2602 se
3026 2548 3234 2616 majore
3268 2549 3423 2603 cultu
3473 2565 3538 2605 ac

1959 2635 2144 2704 specie
2179 2648 2521 2704 expromere.
2556 2633 2731 2689 Sicuti
2777 2639 2938 2690 etiam
2983 2636 3177 2693 beatus
3227 2639 3301 2693 ait
3347 2637 3538 2702 David,

1967 2748 1986 2781 ι
2016 2727 2221 2783 Memor
2251 2737 2372 2783 esto
2407 2728 2854 2798 congregationis
2886 2736 3014 2791 tuae,
3044 2745 3207 2798 quam
3240 2730 3541 2800 possedisti

1963 2820 2032 2873 ab
2064 2819 2245 2874 initio.
2280 2818 2578 2874 Redemisti
2606 2820 2816 2889 virgam
2872 2821 3206 2877 hereditatis
3261 2822 3475 2877 tuae”.
3514 2841 3534 2875 ι

1973 2910 2274 2981 Synagoga:
2313 2926 2440 2965 vero
2473 2911 2673 2965 liberos
2705 2913 2800 2974 ait,
2824 2920 3142 2981 generatum
3174 2928 3239 2967 ex
3270 2928 3331 2967 ea
3362 2928 3539 2983 popuc

1958 3002 2095 3056 lum.
2154 3002 2364 3073 Reapse
2414 3003 2563 3057 illius
2635 3004 2902 3072 temporis
2965 3001 3217 3057 homines
3282 3002 3541 3057 dicuntur

2751 3112 2770 3145 ι
2809 3092 2943 3148 Nam
2984 3104 3168 3165 patres
3224 3095 3279 3164 9
3340 3095 3537 3161 vestri,

1963 3185 2162 3253 inquit,
2195 3183 2674 3237 manducaverunt
2705 3198 2905 3237 manna
2940 3182 2995 3236 in
3033 3182 3275 3242 deserto.
3308 3190 3363 3236 et
3393 3197 3542 3236 mor-

1960 3276 2039 3328 tui
2088 3280 2239 3328 sunt.
2286 3293 2305 3325 ›
2354 3273 2447 3327 Sic
2486 3274 2652 3327 etiam
2692 3273 2885 3327 matris
2934 3272 3155 3327 nomine
3189 3273 3543 3342 congregatio

1961 3367 2077 3421 haec
2104 3366 2231 3435 jure
2270 3364 2656 3435 appellabitur,
2688 3379 2754 3418 ex
2788 3379 2894 3432 qua
2941 3372 3159 3433 postera
3199 3378 3332 3433 gens
3356 3361 3540 3417 Iuda:-

1960 3473 2117 3512 orum
2147 3463 2443 3527 propagata
2465 3463 2570 3510 est.
2602 3455 2952 3524 Exprobrans
2976 3455 3158 3524 itaque
3191 3454 3301 3509 illis
3325 3469 3537 3508 morum

1962 3550 2365 3619 improbitatem
2406 3560 2556 3604 recte
2596 3549 2695 3602 ait:
2736 3546 2942 3602 Fuistis
2980 3547 3049 3601 ab
3083 3547 3311 3616 antiquo
3352 3547 3536 3616 pravi,

1959 3648 2263 3710 vestraeque
2283 3640 2441 3694 matri
2471 3641 2719 3708 apprime
2742 3638 2974 3693 similes.
2997 3635 3114 3690 Jam
3137 3637 3184 3691 si
3206 3638 3328 3707 quis
3358 3647 3540 3692 vetera

1961 3747 2090 3786 cum
2125 3730 2487 3801 praesentibus
2527 3728 2809 3791 conferet,
2864 3728 3037 3781 multa
3090 3728 3216 3783 inde
3252 3728 3432 3782 eliciet
3475 3742 3541 3781 ac

1962 3823 2304 3892 perspicuam
2364 3822 2827 3876 similitudinem:
2876 3834 3071 3887 nempe
3127 3819 3271 3889 quod
3326 3820 3401 3872 illi
3460 3828 3540 3872 tot

1961 3913 2235 3981 tantisque
2282 3912 2557 3966 beneficiis
2596 3911 2808 3973 affecti,
2857 3911 3090 3965 conflato
3130 3910 3407 3963 audaciter
3460 3910 3540 3964 vi-

1966 4007 2097 4067 tulo,
2127 4005 2366 4057 dixerint
2397 4023 2409 4057 :
2446 4022 2463 4053 ι
2498 4003 2561 4056 Ili
2614 4012 2741 4058 sunt
2770 4003 2841 4057 dii
2882 4004 2980 4067 tui,
3011 4003 3174 4056 Israel
3203 4043 3217 4063 ,
3260 4003 3351 4069 qui
3386 4010 3438 4056 te
3470 4017 3535 4057 ex

1963 4088 2196 4166 {Egypto
2232 4094 2557 4149 eduxerunt.
2604 4115 2623 4147 ι
2662 4095 2769 4149 Vos
2808 4109 2957 4158 vero,
3005 4091 3144 4146 Deus
3172 4093 3367 4161 inquit,
3419 4092 3538 4145 tllo-

1962 4204 2080 4240 i-um
2112 4188 2373 4255 exemplis
2409 4187 2488 4240 usi
2513 4228 2526 4251 ,
2561 4186 2776 4256 ahjecta
2810 4184 3006 4239 notitia
3038 4185 3174 4245 mei,
3204 4184 3295 4253 qui
3327 4191 3536 4238 tantam

1960 4278 2125 4331 vestri
2179 4278 2602 4332 sollicimd‘nem
2669 4278 2834 4347 gessi,
2885 4276 2948 4329 ad
3009 4275 3274 4329 idolorum
3329 4276 3534 4331 cultura

1961 4369 2215 4422 conversi
2250 4368 2384 4422 estis
2418 4382 2430 4417 :
2466 4383 2572 4436 quo
2608 4366 2663 4419 fit
2693 4374 2750 4419 ut
2777 4374 2899 4434 apte
2921 4365 3073 4419 vobis
3097 4366 3536 4419 accommodetur

260 4460 706 4531 παρεικασθῆναι
743 4464 807 4531 τῇ
842 4462 1013 4533 πόρνῃ
1037 4480 1049 4491 ·
1078 4464 1200 4515 ἐπεὶ
1231 4465 1368 4533 μήτε
1402 4465 1530 4533 ὑμῖν
1560 4463 1703 4516 οὕτω
1734 4464 1852 4517 δια-

1964 4458 2265 4512 meretricis
2297 4458 2494 4528 imago.
2520 4456 2771 4511 Jamvero
2812 4473 2905 4511 vos
2941 4458 3041 4509 hac
3074 4458 3381 4509 animorum
3413 4472 3538 4526 pra—

258 4552 547 4620 κειμένοις
586 4553 854 4623 ἁρμόττον
880 4553 941 4606 τὸ
971 4556 1137 4624 ἐμοὺς
1178 4555 1257 4607 ἔτι
1286 4555 1569 4609 καλεῖσθαι
1593 4571 1605 4584 ·
1642 4555 1751 4624 ἐγώ
1792 4573 1850 4608 τε

258 4643 781 4714 ἀπηλλοτριωμένος
841 4644 996 4713 ὑμῶν
1048 4645 1107 4712 ἐξ
1158 4645 1337 4699 αὐτῶν
1397 4646 1682 4716 δείκνυμαι
1742 4646 1851 4699 τῶν

259 4736 613 4803 πραγμάτων
629 4749 642 4763 ’
667 4734 956 4806 τοιγαροῦν
978 4736 1031 4789 τί
1050 4753 1063 4800 ;
1656 4728 1672 4750 ⁸

339 4829 469 4897 Στίχ
494 4835 633 4897 γ’-ε’.
655 4857 724 4868 —-
751 4848 769 4880 ι
814 4830 923 4883 Καὶ
959 4830 1137 4901 ἐξαρῶ
1166 4831 1264 4902 τὴν
1301 4830 1554 4901 πορνείαν
1599 4831 1767 4900 αὐτῆς
1798 4832 1862 4883 ἐκ

261 4919 564 4986 προσώπου
591 4937 713 4989 μου,
740 4921 833 4973 καὶ
862 4918 959 4991 τὴν
986 4922 1231 4991 μοιχείαν
1248 4922 1416 4991 αὐτῆς
1443 4923 1506 4973 ἐκ
1535 4920 1700 4990 μέσου
1721 4938 1858 4991 μασ-

257 5011 376 5063 τῶν
404 5011 605 5081 αὐτῆς*
633 5029 650 5061 ι
684 5013 898 5081 μακρὰν
925 5011 1034 5083 γάρ
1060 5012 1251 5072 αὐτοὺς
1276 5012 1512 5082 ἐμαυτοῦ
1534 5014 1860 5083 καταστήσω

260 5103 355 5156 διά
376 5103 475 5172 τῆς
518 5102 912 5172 αἰχμαλωσίας,
945 5103 1040 5156 καὶ
1072 5103 1158 5155 διά
1192 5105 1290 5173 τῆς
1327 5104 1515 5175 πόρρω
1549 5104 1655 5155 τῶν
1680 5104 1859 5156 τόπων

257 5196 572 5265 ἀπαγωγῆς
594 5212 605 5223 ·
644 5195 719 5256 ὡς
750 5194 943 5265 μηκέτι
976 5195 1199 5265 θεωρεῖν
1229 5196 1396 5265 αὐτὴν
1446 5199 1573 5263 παρ’
1603 5196 1724 5264 ἐμοὶ
1759 5195 1857 5264 τὴν

256 5288 527 5355 πορνείαν
586 5285 908 5339 ἐκτελοῦσαν
954 5286 1054 5356 τὴν
1113 5288 1349 5340 οἰκείαν·
1406 5290 1543 5356 μήτε
1610 5287 1704 5355 μὲν
1760 5284 1858 5357 τὴν

262 5376 520 5447 μοιχείαν
549 5377 616 5446 ἢν
666 5376 803 5444 μετά
842 5377 1040 5447 πολλῆς
1079 5378 1369 5447 ἐργάζεται
1409 5382 1503 5449 τῆς
1540 5376 1854 5439 ἀκολασίας,

256 5469 485 5521 ἃπασαν
521 5466 721 5536 ἑαυτὴν
755 5467 1017 5538 προθεῖσα
1060 5472 1175 5532 τοῖς
1228 5470 1497 5532 εἰδώλοιςο
1546 5468 1701 5521 τοῦτο
1749 5468 1857 5538 γὰρ

255 5557 445 5627 λέγει·
504 5558 565 5611 τὸ
604 5578 623 5610 ι
678 5561 742 5611 ἐκ
787 5559 949 5628 μέσου
992 5561 1210 5630 μαστῶν
1255 5562 1441 5632 αὐτῆς,
1480 5582 1497 5612 ›
1528 5562 1601 5624 ὡς
1640 5560 1704 5613 ἂν
1748 5559 1854 5611 τῶν

334 5676 411 5713 ’-9
438 5672 587 5728 Psal.
640 5687 836 5728 tnui.
869 5672 921 5727 2.

1968 4553 2133 4605 vitate
2175 4550 2417 4603 imbutos
2450 4547 2589 4600 haud
2625 4562 2721 4615 par
2760 4558 2841 4601 est
2880 4548 3084 4603 diutius
3124 4564 3274 4602 meos
3305 4548 3483 4601 vocari
3519 4567 3532 4602 :

1960 4650 2012 4696 et
2057 4640 2277 4710 quidem
2332 4654 2431 4709 ego
2488 4656 2516 4692 a
2583 4638 2735 4693 vobis
2782 4639 3127 4693 abalienatus
3189 4654 3331 4693 sum.
3393 4639 3535 4703 Quid

1958 4733 2128 4802 ergo?

2042 4826 2205 4880 Vsus.
2251 4824 2372 4877 5-5.
2418 4852 2470 4862 —-
2509 4839 2527 4872 ι
2572 4820 2825 4875 Auferam
2865 4820 3283 4875 fornicationem
3336 4823 3454 4891 ejus
3503 4837 3534 4876 a

1960 4926 2259 4988 conspectu
2297 4930 2416 4969 meo
2444 4956 2457 4976 .
2499 4921 2550 4966 et
2591 4913 2918 4967 adulterium
2960 4914 3079 4982 ejus
3110 4928 3139 4966 e
3184 4912 3361 4967 medio
3403 4915 3536 4968 ube-

1962 5028 2081 5065 rum
2139 5010 2280 5079 ejus.
2353 5027 2372 5059 ι
2430 5005 2650 5059 Scilicet
2725 5005 2913 5074 procul
2979 5019 3066 5059 me
3118 5013 3328 5075 gentem
3391 5006 3533 5060 hanc

1962 5103 2221 5171 abigam,
2294 5097 2594 5168 projectatn
2670 5097 2723 5149 in
2792 5097 3158 5164 captivitatem
3235 5105 3399 5161 atque
3463 5099 3531 5152 ad

1962 5193 2260 5263 longinqua
2317 5193 2433 5243 loca
2483 5188 2803 5242 translatam
2841 5207 2852 5240 :
2898 5202 2963 5240 ne
3012 5187 3221 5241 diutius
3263 5188 3401 5255 apud
3448 5204 3532 5243 me

1961 5286 2170 5338 videam
2221 5282 2585 5336 scortationes
2622 5280 2743 5347 ejus
2774 5290 2823 5333 et
2866 5278 3134 5331 adulteria
3175 5278 3533 5347 cupidissime

1959 5377 2221 5439 admissa,
2272 5374 2400 5428 duvn
2456 5388 2515 5427 se
2560 5372 2718 5425 idolis
2764 5378 2930 5422 totam
3000 5369 3223 5422 addicit.
3281 5368 3337 5422 Id
3386 5370 3530 5423 enim

1960 5467 2232 5536 Signiﬁcat
2292 5483 2310 5514 ι
2348 5480 2377 5517 e
2420 5460 2598 5516 medio
2639 5461 2867 5513 uberum
2919 5460 3060 5529 ejus,
3098 5479 3116 5510 ι
3168 5468 3425 5528 tanquam
3483 5460 3530 5513 si

1965 5568 2144 5613 scorta
2179 5573 2272 5627 per
2304 5556 2524 5610 nimiam
2570 5553 2846 5608 lasciviam
2882 5566 3004 5606 cum
3050 5551 3381 5605 amatoribus
3414 5563 3531 5609 suis

329 5789 415 5863 (2)
459 5790 584 5844 Haec
627 5789 993 5847 nominibus...
1040 5787 1328 5860 signiﬁco',
1374 5786 1427 5838 in
1470 5783 1658 5838 (ἕπετο
1714 5781 1929 5837 desunt.
1980 5778 2133 5832 Eozr.
