3994 6512
470 284 571 339 935

1646 276 1995 335 THEODORI
2021 272 2503 332 MOPSUESTENI

3617 274 3706 327 136

471 401 546 459 ita
571 406 875 456 versentur.
916 400 1089 470 Atque
1113 399 1197 455 bis
1232 409 1604 455 consentanea
1640 400 2032 470 prosequitur:

2172 398 2352 470 πορνῶν
2388 398 2454 452 δι’
2496 394 2799 468 ὑπερϐολὴν
2844 392 3135 454 ἀκολασίας
3165 392 3291 457 τοὺς
3326 393 3560 463 μαστοὺς
3593 411 3710 461 τους

476 518 496 552 ι
538 496 610 553 Ut
637 508 758 549 eam
787 492 1032 547 vestibus
1058 491 1311 560 spoliem.
1350 491 1656 559 faciamque
1687 500 1746 546 ut
1775 492 1829 545 in
1853 491 2045 545 diebus

472 584 779 640 nativitatis
819 583 958 651 ejus.
1004 600 1022 632 ι
1059 580 1221 636 Omni
1268 590 1489 644 ornatu,
1522 582 1736 650 inquit,
1775 581 2043 643 detracto,

468 691 628 744 quem
662 676 709 727 ei
745 681 967 743 propter
998 688 1177 726 meum
1201 673 1443 726 studium
1472 670 1962 733 circmndederam,
1992 672 2045 723 in

468 766 701 833 speciem
750 764 894 814 illam
933 762 1217 816 restituam
1245 802 1260 825 ,
1315 776 1423 829 qua
1464 761 1719 813 utebatur
1767 774 1889 811 cum
1937 758 2049 827 pri-

472 871 617 908 nmm
687 854 742 907 in
800 852 1038 923 Egypto
1094 854 1286 911 crevit.
1363 853 1417 905 in
1469 851 1739 921 angustiis
1788 850 2046 903 nimirum

470 958 631 1012 atque
692 944 976 999 laboribus
1046 952 1211 1012 atque
1270 944 1471 995 acerbo
1533 942 1762 994 servitio
1818 941 2045 1010 degens.

472 1036 828 1088 Nativitatem
860 1036 1005 1089 enim
1036 1036 1155 1103 ejus
1194 1036 1429 1103 appellat
1470 1044 1681 1101 tempus
1716 1034 1870 1096 illud,
1913 1048 2052 1102 quo-

471 1128 617 1179 niam
673 1126 914 1180 Judaicae
963 1125 1203 1178 nationis
1247 1134 1377 1177 tunc
1431 1124 1587 1177 initia
1634 1122 1876 1177 fuerunt.
1917 1142 1935 1173 ι
1989 1123 2051 1175 Et

474 1228 668 1289 ponam
722 1233 843 1271 eam
894 1218 1053 1287 quasi
1100 1218 1471 1279 solitudinem,
1530 1226 1584 1269 et
1644 1224 1879 1268 statuam
1931 1230 2052 1269 eam

472 1310 630 1377 quasi
662 1310 766 1379 ιο
798 1319 998 1362 terram
1033 1324 1173 1376 aqua
1201 1316 1501 1360 carentem.
1526 1326 1543 1357 ι
1578 1306 1669 1359 Sic
1700 1307 1957 1360 nimirum
1986 1307 2053 1360 ab

474 1402 624 1454 omni
654 1418 711 1454 re
755 1403 894 1453 bona
937 1400 1279 1464 derelictam,
1324 1400 1486 1452 veluti
1528 1400 1802 1454 desertam
1852 1409 2052 1454 terram

476 1504 638 1563 atque
690 1494 1057 1561 inaqnosam,
1128 1493 1417 1561 onmisque
1483 1490 1698 1547 fructus
1750 1499 2051 1561 expertem.

483 1600 501 1632 ι
547 1582 758 1650 Sitique
788 1596 907 1634 eam
943 1582 1206 1650 perimam
1251 1598 1270 1633 ι
1316 1582 1574 1636 omnibus
1596 1581 1842 1635 orbatam
1872 1581 2051 1644 bonis,

474 1688 775 1743 eorumque
801 1673 1001 1742 oppido
1020 1673 1295 1743 cupidam,
1318 1674 1715 1728 nulliustamen
1738 1674 2052 1743 potientem.

481 1783 499 1814 ι
530 1762 843 1819 Liberorum
867 1764 985 1830 ejus
1003 1779 1109 1816 non
1143 1764 1461 1825 miserebor,
1492 1764 1618 1832 quia
1644 1764 1885 1833 germina
1906 1778 2058 1817 scor-

475 1858 739 1908 tationum
757 1862 881 1910 sunt
903 1873 914 1907 :
933 1864 1171 1908 seortata
1188 1864 1271 1909 est
1293 1857 1436 1908 enim
1458 1861 1630 1909 mater
1649 1870 1861 1917 eorum,
1879 1855 2059 1923 turpi—

478 1957 559 2000 ter
595 1948 704 2017 egit
734 1964 853 2016 quzu
882 1948 1087 2016 peperit
1117 1962 1232 2001 eos.
1271 1966 1288 1998 ι
1326 1946 1420 2001 llis
1448 1962 1574 2001 vero
1602 1949 1872 2000 exercitos
1900 1947 2058 2001 malis

480 2040 622 2091 nulla
645 2055 941 2109 prosequar
960 2038 1333 2091 misericordia
1354 2055 1368 2103 ;
1388 2052 1547 2092 secus
1571 2052 1636 2090 ac
1658 2038 1786 2091 olim
1818 2038 1869 2090 in
1891 2036 2061 2107 Egy-

479 2138 670 2198 ptome
687 2129 828 2194 gessi
859 2130 1150 2195 :quoniam
1176 2126 1265 2180 isti
1296 2142 1479 2196 parem
1509 2128 1667 2179 matri
1692 2142 1803 2180 suae
1828 2136 2061 2180 mentem

487 2224 799 2271 induerunt.
840 2217 1013 2271 Mater
1043 2218 1186 2271 enim
1222 2218 1351 2270 dum
1388 2218 1663 2285 ejusmodi
1711 2218 1838 2270 olim
1873 2230 2063 2271 contra

490 2325 574 2363 me
602 2311 840 2364 animum
868 2312 1025 2381 gerit,
1073 2311 1370 2381 ignominia
1403 2309 1645 2379 perfudit
1673 2320 1863 2378 partus
1895 2328 2026 2365 suos
2045 2351 2060 2374 ,

488 2403 579 2470 qui
612 2414 918 2456 maternam
956 2404 1218 2457 malitiam
1253 2403 1445 2457 imitati
1476 2411 1623 2457 sunt.
1656 2421 1674 2453 ι
1713 2403 1850 2468 Quia
1880 2404 2015 2457 dixit
2047 2420 2061 2456 :

487 2494 578 2549 Ibo
632 2507 753 2565 post
802 2504 1078 2551 amatores
1139 2510 1330 2558 meos,
1386 2496 1479 2565 qui
1520 2496 1651 2549 dant
1707 2497 1840 2549 mihi
1899 2511 2067 2565 panes

485 2603 657 2651 meos,
714 2596 767 2641 et
820 2602 1017 2657 aquam
1074 2602 1274 2650 meam,
1332 2595 1385 2640 et
1446 2588 1772 2640 vestimenta
1828 2603 1967 2649 mea,
2014 2595 2068 2641 et

484 2676 656 2731 linum
692 2693 893 2741 meum,
937 2686 990 2732 et
1022 2679 1200 2731 oleum
1238 2693 1444 2742 meum,
1487 2687 1541 2731 et
1576 2679 1757 2731 omnia
1789 2694 1908 2747 qtne
1938 2679 2068 2732 milii

487 2773 611 2825 usui
645 2780 792 2827 sunt.
820 2790 839 2823 ι
870 2772 1061 2826 Cuncti
1089 2772 1234 2825 enim
1260 2772 1650 2825 daemoniorum
1698 2769 1981 2825 famulatui
2011 2788 2068 2827 se

486 2862 840 2927 addixerunt,
883 2872 1048 2932 atque
1089 2863 1174 2918 his
1211 2868 1352 2916 bona
1407 2877 1506 2917 sua
1547 2874 1767 2932 accepta
1805 2863 2067 2929 referunt,

487 2970 610 3023 qure
647 2971 767 3010 mea
799 2965 982 3011 tamen
1013 2955 1293 3011 evidenter
1327 2955 1589 3009 beneﬁcia
1634 2965 1761 3009 sunt
1786 2995 1801 3018 ,
1851 2958 1941 3024 qui
1983 2972 2069 3011 res

486 3062 679 3102 omnes
703 3048 907 3102 creavi.
942 3046 1063 3101 Jam
1088 3060 1360 3103 amatores
1389 3063 1579 3102 eorum
1613 3050 1890 3103 dazmonas
1916 3049 2069 3107 dicit.

488 3149 549 3192 ut
583 3142 894 3194 dzemonum
918 3142 1158 3195 declaret
1185 3142 1467 3196 libidinem
1494 3142 1755 3211 perdendi
1787 3143 2071 3209 homines;

488 3241 652 3299 atque
702 3232 895 3286 borum
959 3234 1230 3288 furiosum
1285 3250 1413 3303 erga
1475 3236 1757 3288 dzetnonas
1803 3234 2068 3298 studium,

489 3337 630 3389 quos
686 3326 916 3377 deorum
970 3325 1144 3377 instar
1184 3333 1349 3394 atque
1388 3334 1448 3379 ut
1503 3325 1749 3379 omnium
1800 3324 2069 3378 bonorum

491 3422 746 3473 auctores
787 3415 1136 3483 impudenter
1167 3416 1441 3470 colebant.

2150 490 2307 553 ἰδίους
2367 489 2478 550 τοῖς
2514 487 2771 558 ἐρασταῖς
2830 482 3182 552 παρεχουσῶν
3206 498 3217 510 ·
3280 483 3373 536 καὶ
3420 484 3540 537 καθ’
3596 484 3713 555 ἑξῆς

2145 580 2213 632 τὰ
2262 577 2528 631 ἀκόλουθα
2590 577 2763 645 λέγων
2794 594 2807 609 ο
2875 595 2893 628 ι
2955 576 3143 638 Ὅπως
3185 574 3250 627 ἂν
3303 575 3511 628 ἐκδύσω
3556 577 3713 646 αὐτὴν

2148 669 2329 731 καθὼς
2372 670 2429 721 ἐν
2464 667 2700 739 ἡμέραις
2754 666 2853 735 τῆς
2901 668 3202 735 γεννήσεως
3242 666 3430 736 αὐτῆς.
3491 683 3508 715 ι
3541 666 3718 719 nam

2149 762 2239 815 τὸν
2281 757 2975 829 κόσμον,φησ“ιν,ἀφελὼν,
3026 757 3083 809 ὅν
3141 757 3227 810 διὰ
3258 757 3356 827 τῆς
3399 758 3536 827 ἐμῆς
3588 757 3716 828 αὐτῇ

2168 848 2471 919 περιέθηκα
2562 847 2884 917 κηδεμονίας
2912 888 2927 912 ,
2998 848 3056 899 ἐν
3131 846 3322 916 ἐκείνῳ
3403 849 3718 912 καταστήσω

2149 940 2225 1009 τῷ
2298 942 2576 1011 σχήματι,
2630 940 2689 991 ἐν
2736 932 2887 1010 ᾧπερ
2924 934 2992 1008 ἦν
3041 938 3134 990 ἐπὶ
3176 938 3273 1008 τῆς
3333 938 3611 1005 Αἰγύπτου
3665 953 3719 991 το

2151 1033 2365 1103 πρῶτον
2418 1034 2659 1085 συστᾶσα
2683 1070 2699 1095 ,
2750 1031 2837 1082 ὅτε
2889 1031 2949 1084 ἐν
2994 1030 3259 1098 ἀνάγκαις
3308 1025 3376 1100 ἦν
3423 1031 3515 1083 καὶ⁵
3547 1029 3723 1094 πόνοις

2152 1126 2245 1177 καὶ
2290 1124 2501 1194 δουλείᾳ
2541 1124 2741 1195 πικρᾷο
2791 1124 3003 1191 γένεσιν
3039 1124 3149 1194 γὰρ
3194 1123 3361 1193 αὐτῆς
3403 1124 3494 1176 τὸν
3542 1124 3724 1195 καιρὸν

2152 1218 2355 1269 ἐκεῖνον
2412 1215 2592 1269 καλεῖ·
2642 1215 2720 1285 (p.
2773 1216 2879 1284 M)_
2907 1215 3092 1285 ἐπειδὴ
3140 1215 3236 1285 τῆς
3280 1214 3574 1285 Ἰουδαϊκῆς
3605 1233 3725 1268 συν-

2154 1308 2377 1377 αγωγῆς
2411 1307 2553 1378 ἀρχὴ
2603 1307 2702 1375 τῆς
2747 1306 3055 1367 συστάσεως
3096 1307 3124 1358 ὁ
3170 1306 3358 1377 καιρὸς
3401 1302 3468 1376 ἦν
3506 1307 3725 1366 ἐκεῖνος.

2160 1417 2177 1448 ι
2224 1400 2333 1451 Καὶ
2366 1397 2518 1468 θήσω
2546 1397 2713 1467 αὐτὴν
2750 1396 2823 1459 ὼς
2864 1396 3085 1467 ἔρημον,
3129 1398 3225 1449 καὶ
3267 1396 3413 1460 τάξω
3454 1397 3624 1467 αὐτὴν
3663 1398 3730 1461 ὡς

2155 1490 2258 1560 γῆν
2288 1489 2529 1558 ἄνυδρον.
2573 1507 2591 1540 ι
2628 1487 2812 1550 Οὕτως
2859 1489 3058 1551 παντὸς
3104 1489 3471 1559 ἐστερημένην
3507 1488 3730 1556 ἀγαθοῦ,

2156 1585 2343 1653 ῶσπερ
2381 1584 2414 1651 ἡ
2461 1581 2663 1651 ἔρημος
2705 1580 2798 1633 καὶ
2835 1579 3061 1649 ἄνυδρος
3113 1580 3183 1648 γῆ
3238 1579 3465 1649 καρπῶν
3511 1581 3734 1650 ἄμοιρός

2159 1680 2271 1730 ἐστι
2295 1674 2594 1737 παντελῶς.
2619 1693 2637 1724 ι
2663 1672 2771 1725 Καὶ
2799 1671 3080 1725 ἀποκτενῶ
3094 1672 3264 1742 αὐτὴν
3285 1672 3341 1725 ὲν
3367 1672 3526 1741 δίψει·
3559 1691 3575 1722 ι
3603 1673 3736 1724 πάν-

2158 1786 2264 1823 των
2314 1765 2681 1838 ἐστερημένην
2729 1762 2838 1817 τῶν
2884 1762 3125 1831 ἀγαθῶν,
3166 1764 3259 1816 καὶ
3298 1764 3591 1833 ἐφιεμένην
3646 1765 3739 1833 μὲν

2160 1859 2337 1913 αὐτῶν
2374 1858 2449 1920 ὼς
2496 1856 2660 1918 εἰκὸς,
2691 1852 3063 1924 τυγχάνουσαν
3108 1853 3164 1905 δὲ
3210 1853 3440 1914 οὐδενός.
3483 1872 3499 1903 ι
3533 1854 3644 1905 Καὶ
3677 1854 3741 1906 τὰ

2160 1951 2325 2013 τέκνα
2383 1948 2549 2018 αὐτῆς
2600 1947 2661 1999 οὐ
2716 1944 2789 2016 μὴ
2844 1945 3079 2014 ἐλεήσω,
3135 1945 3215 1997 ὃτι
3272 1945 3434 1998 τέκνα
3487 1946 3742 2015 πορνείας

2162 2041 2342 2093 ἐστίν’
2388 2041 2469 2093 ὅτι
2524 2036 2910 2108 ἐξεπὸρνευσεν
2948 2036 2981 2104 ὴ
3017 2036 3199 2107 μήτηρ
3234 2034 3429 2099 αὐτῶν,
3474 2036 3744 2105 κατῄσχυο

2162 2134 2311 2203 νενή
2351 2131 2583 2185 τεκοῦσα
2633 2128 2793 2182 αὑτά.
2832 2146 2850 2178 ι
2891 2128 2980 2181 Ἑν
3020 2128 3075 2180 δὲ
3110 2126 3383 2190 τοσούτοις
3425 2126 3747 2196 ἐξεταζομέ-

2164 2244 2269 2278 νων
2308 2228 2494 2287 κακοῖς
2545 2222 2691 2275 ἔλεον
2728 2223 2789 2274 οὐ
2827 2221 3155 2289 ποιήσομαι·
3201 2222 3336 2289 ὅπερ
3374 2216 3467 2272 οὖν
3517 2221 3608 2272 ἐπὶ
3654 2222 3747 2286 τῆς

2164 2317 2437 2387 Αἰγύπτου
2465 2316 2584 2370 τότε
2617 2314 2913 2382 πεποίηκα,
2944 2312 3127 2383 ἐπειδὴ
3159 2306 3301 2366 οὗτοί
3326 2330 3384 2365 τε
3418 2314 3656 2379 ἀνάλογα
3685 2315 3747 2382 τῇ

2170 2410 2334 2480 μητρὶ
2364 2408 2734 2478 πεφρονήκασι
2758 2407 2824 2475 τῇ
2855 2403 3030 2475 οίκείᾳ
3053 2421 3066 2434 ·
3097 2405 3190 2457 καὶ
3213 2406 3247 2475 ή
3278 2407 3459 2474 μήτηρ
3486 2404 3541 2455 δὲ
3573 2404 3750 2456 αὐτῶν

2167 2501 2369 2556 ἄνωθεν
2406 2500 2656 2568 τοιαύτην
2678 2497 3058 2568 ὲπιδειξαμὲνη
3089 2498 3216 2568 περὶ
3251 2498 3348 2567 ἐμὲ
3376 2499 3473 2566 τὴν
3504 2496 3751 2567 γνώμην,

2168 2592 2397 2663 αἰσχύνῃ
2424 2592 2515 2644 καὶ
2545 2590 2615 2644 τὰ
2636 2590 2900 2661 τεχθέντα
2931 2590 2987 2657 ἐξ
3020 2590 3187 2659 αὐτῆς
3215 2590 3627 2661 περιϐέϐληκεν,
3664 2592 3754 2644 ἅτε

2171 2686 2526 2756 μιμησάμενα
2568 2684 2667 2754 τὴν
2713 2683 2969 2754 μητρῴαν
3012 2682 3228 2736 κακίαν.
3271 2702 3290 2734 ι
3329 2684 3449 2735 Ὀτι
3480 2679 3626 2745 εἷπε,
3661 2684 3758 2735 [Ιο-

2171 2776 2433 2849 ρεύσομαι
2489 2776 2664 2828 ὀπίσω
2721 2774 2830 2827 τῶν
2877 2774 3123 2845 ἐραστῶν
3186 2792 3307 2843 μου,
3355 2774 3467 2825 τῶν
3508 2774 3759 2826 διδόντων

2173 2886 2261 2938 μοι
2309 2871 2435 2931 τοὺς
2479 2868 2674 2940 ἄρτους
2730 2884 2869 2936 μου,
2914 2866 3007 2919 καὶ
3060 2867 3121 2919 τὸ
3169 2866 3308 2937 ὕδωρ
3363 2883 3496 2935 μου,
3552 2866 3649 2918 καὶ
3696 2865 3759 2917 τὰ

2174 2961 2365 3031 ἱμάτιά
2414 2978 2538 3030 μου,
2586 2961 2678 3013 καὶ
2728 2959 2796 3012 τὰ
2846 2960 3028 3012 ὀθόνιά
3096 2976 3230 3029 μου,
3272 2958 3333 3010 τὸ
3394 2958 3569 3011 ἔλαιόν
3621 2975 3760 3027 μου,

2100 3069 2141 3124 C
2174 3054 2266 3106 καὶ
2321 3053 2497 3106 πάντα
2550 3053 2648 3104 ὃσα
2710 3069 2799 3121 μοι
2864 3050 3113 3116 καθήκει.
3163 3068 3182 3101 ι
3236 3049 3592 3102 Ἑκδεδώκασι
3651 3048 3764 3119 γὰρ

2181 3147 2415 3206 ἅπαντες
2464 3145 2686 3207 ἑαυτοὺς
2736 3147 2801 3215 τῇ
2849 3144 2957 3197 τῶν
2995 3140 3283 3212 δαιμονίων
3317 3140 3602 3212 θεραπείᾳ,
3635 3149 3761 3211 παρ’

2180 3235 2357 3288 αὐτῶν
2380 3236 2520 3305 ἔχειν
2546 3235 2758 3289 ἅπαντα
2783 3236 3025 3297 εἰπόντες
3054 3234 3225 3286 ὁπόσα
3254 3250 3356 3303 περ
3386 3234 3569 3294 αὐτοῖς
3591 3232 3765 3303 πρόσ-

2177 3342 2324 3377 εστιν
2374 3324 2573 3393 ἀγαθὰ,
2628 3325 2663 3377 ὃ.
2713 3324 3026 3396 προσδήλως
3071 3322 3251 3391 ἔχουσι
3293 3325 3421 3390 παρ’
3481 3321 3619 3391 ἐμοῦ
3674 3319 3767 3373 τοῦ

2178 3416 2398 3485 ποιητοῦ
2432 3415 2538 3466 τῶν
2581 3416 2862 3468 ἁπάντωνο
2893 3414 3127 3484 ἐραστὰς
3172 3413 3226 3464 δέ
3274 3412 3437 3481 αὐτῆς
3479 3414 3604 3474 τοὺς
3654 3411 3773 3463 δαί-

2090 1736 2129 1790 Β

496 3521 659 3573 μονας
690 3502 860 3569 εἶπεν,
898 3519 972 3575 tp.
1016 3508 1099 3575 15)
1149 3507 1224 3569 ῶς
1262 3508 1326 3560 ἂν
1360 3510 1454 3560 καὶ
1498 3513 1596 3579 τὴν
1636 3508 1861 3561 ἐκείνων
1902 3508 2185 3578 ἐκφήνειεν
2252 3507 2503 3578 σπουδὴν,
2538 3508 2604 3578 ἢν
2656 3510 2783 3578 περὶ
2828 3507 2926 3575 τῆς
2968 3504 3239 3567 ἀπωλείας
3295 3504 3476 3573 ἔχουσι
3513 3505 3623 3555 τῶν
3678 3506 3773 3557 ἀν-

493 3595 753 3666 θρώπων,
807 3597 899 3648 καὶ
950 3596 1152 3648 τούτων
1196 3597 1292 3667 τὴν
1356 3598 1587 3667 μανικὴν
1637 3598 1765 3669 περῖ¹
1818 3597 2061 3660 ἐκείνους

492 3687 639 3748 τίους
668 3686 775 3738 τῶν
801 3686 1021 3754 ἀγαθῶν
1055 3686 1337 3756 περιέπειν
1364 3688 1627 3758 ἐτόλμων.

564 3839 733 3894 Vens.
770 3840 970 3894 6-8.-—-
1014 3859 1032 3890 ι
1070 3838 1301 3910 Propter
1358 3839 1461 3894 hoc
1524 3854 1654 3894 ecce
1707 3853 1809 3907 ego
1867 3837 2071 3907 sepiam

498 3933 642 3986 viam
678 3933 798 4000 ejus
827 3933 996 3993 vallo,
1023 3942 1076 3985 et
1116 3932 1398 3986 obstruam
1432 3930 1609 3984 exitus
1632 3930 1770 3997 ejus,
1808 3929 1881 3981 ita
1908 3937 1965 3980 ut
1991 3944 2076 3981 se-

496 4024 684 4075 mitam
740 4037 849 4075 non
894 4021 1155 4075 inveniat.
1205 4041 1221 4073 ι
1272 4022 1636 4087 Quamobrem
1665 4020 2075 4075 inevitabilibus

500 4113 741 4166 irretiam
776 4127 871 4165 eos
910 4114 1089 4166 malis.
1120 4110 1301 4166 Veluti
1342 4113 1386 4168 si
1423 4114 1546 4183 quis
1592 4115 1734 4164 intro
1761 4111 2077 4172 conclusus,

498 4202 601 4255 viis
651 4200 891 4271 undique
934 4202 1268 4265 obstructis,
1327 4204 1609 4270 multaque
1656 4200 1791 4254 sude
1834 4201 2081 4253 circnm-

501 4292 715 4343 vallatis
746 4301 802 4344 et
835 4294 1048 4359 asperis
1068 4332 1082 4353 ,
1126 4293 1525 4362 impossibilem
1552 4288 1774 4345 haberet
1834 4291 2038 4344 exitum
2066 4309 2079 4345 :

501 4382 580 4436 sic
616 4381 883 4434 bellorum
924 4383 1163 4449 pondere
1196 4393 1250 4435 et
1276 4383 1597 4451 captivitate
1639 4389 1692 4434 et
1721 4381 1988 4449 angustiis
2017 4397 2081 4433 ex

501 4488 566 4526 ea
601 4474 1065 4541 consequentibus
1109 4475 1319 4525 nullum
1349 4474 1626 4526 invenient
1654 4473 1921 4525 malorum
1953 4472 2084 4525 elin-

502 4564 674 4631 ginm.
707 4582 725 4614 ι
752 4562 832 4615 Et
866 4564 1168 4617 sectabitur
1190 4573 1463 4615 amatores
1497 4579 1625 4617 suos
1648 4603 1660 4619 .
1699 4579 1874 4631 neque
1900 4570 2079 4615 tamen

504 4653 875 4722 apprelteinlet
917 4668 1044 4716 eos;
1098 4658 1303 4721 quaeret
1374 4668 1491 4715 eos,
1540 4668 1715 4720 neque
1752 4653 2007 4705 inveniet.
2058 4670 2075 4701 ι

505 4747 657 4799 Tunc
722 4748 1055 4799 iuvorabunt
1125 4746 1478 4808 daemonum,
1552 4760 1689 4815 quos
1752 4745 2082 4807 coluerunt,

504 4841 806 4904 auxilium;
834 4840 965 4907 quin
995 4850 1173 4891 tamen
1201 4840 1320 4907 opis
1352 4839 1647 4906 quidquam
1672 4837 2079 4891 nanciscantur.

508 4930 606 4997 ιι
656 4948 673 4979 ι
713 4927 974 4995 Dicelque
1000 4947 1012 4980 ι
1046 4928 1309 4981 Revertar
1332 4930 1396 4981 ad
1426 4928 1659 4997 priorem
1685 4928 1859 4980 virum
1880 4944 2079 4989 meum,

504 5020 727 5087 quicum
784 5018 993 5072 beatius
1048 5036 1212 5087 quam
1265 5020 1518 5087 ιιι-ωεξηιί
1576 5027 1820 5087 tempore
1873 5019 2001 5071 vixi.
2061 5038 2077 5068 ι

505 5112 757 5162 ili-rorem
794 5124 953 5162 suum
988 5119 1100 5162 tum
1142 5110 1382 5178 denique
1418 5116 1717 5179 agnoscent
1741 5150 1755 5168 ,
1790 5123 2085 5177 secumque

505 5202 699 5255 melius
729 5208 910 5254 actum
946 5201 1083 5263 fore,
1104 5202 1149 5256 si
1183 5203 1352 5255 cultui
1376 5216 1495 5254 meo
1520 5201 2083 5269 adlimsissent,tpiani

505 5293 549 5345 si
594 5294 658 5345 ad
692 5294 1001 5349 daemonum
1037 5297 1458 5365 superstitiones
1490 5306 1662 5349 semet
1713 5294 2081 5347 demisissent.

512 5402 529 5431 ι
572 5382 781 5452 Quippe
833 5384 977 5437 haud
1033 5396 1259 5439 noverat
1296 5387 1409 5455 ipsa
1460 5401 1519 5439 se
1560 5385 1891 5439 frumentum
1929 5397 1958 5434 a
2001 5396 2085 5434 me

509 5484 795 5543 acceptum
828 5479 1043 5543 tulisse,
1078 5480 1316 5546 vinoque
1346 5483 1398 5530 et
1427 5478 1547 5530 oleo
1570 5518 1584 5541 ,
1619 5483 1842 5546 argento
1869 5483 1923 5529 et
1950 5488 2085 5526 auro

510 5580 539 5616 a
574 5583 657 5617 me
689 5566 856 5620 fuisse
874 5570 1158 5636 repletam.
1178 5568 1396 5621 Interim
1414 5568 1531 5637 ipsa
1556 5577 1840 5637 argenteas
1863 5580 2086 5617 aureas-

508 5675 616 5727 que
667 5660 969 5713 oblationes
1022 5660 1165 5713 Baali
1222 5660 1442 5715 dicavit.
1490 5680 1510 5712 )
1567 5659 1791 5713 Discent
1847 5657 2085 5728 denique

510 5764 706 5819 magna
731 5765 790 5805 se
815 5750 1030 5805 inscitia
1060 5754 1419 5819 laboravisse,
1450 5753 1580 5808 dum
1619 5752 1779 5807 idolis
1814 5750 2081 5805 bonorum

2106 3596 2330 3667 γνώμην
2352 3615 2363 3627 ·
2400 3601 2519 3653 καθ’
2548 3600 2613 3670 ἢν
2668 3600 2742 3662 ὼς
2802 3598 2955 3661 θεούς
2981 3614 3037 3650 τε
3080 3598 3174 3650 καὶ
3211 3598 3425 3651 πάντων
3461 3599 3649 3662 αὐτοῖς
3689 3603 3773 3653 αἰ-

2252 3841 2396 3909 Στίχ.
2426 3845 2575 3908 ς’-η’.
2603 3870 2670 3880 —
2702 3856 2719 3888 ι
2759 3838 2856 3891 Διὰ
2895 3837 3051 3891 τοῦτο
3095 3838 3202 3891 ίδοῦ
3253 3840 3362 3907 ἐγὼ
3396 3841 3625 3910 φράσσω
3673 3842 3777 3911 τὴν

2180 3933 2298 3985 ὁδὸν
2357 3932 2525 3999 αὐτῆς
2600 3931 2659 3980 ἐν
2713 3930 2970 3997 σκόλοψι,
3040 3931 3133 3981 καὶ
3204 3931 3607 4003 ἀνοικοδομήσω
3677 3936 3777 3999 τὰς

2180 4022 2332 4083 ὁδοὺς
2373 4022 2562 4090 αὐτῆς,
2614 4020 2707 4071 καὶ
2749 4019 2844 4089 τὴν
2886 4019 3069 4090 τρίϐον
3114 4022 3282 4091 αὐτῆς
3327 4024 3388 4075 οὐ
3434 4024 3507 4093 μὴ
3542 4024 3699 4097 εὕρῃ.
3754 4045 3772 4076 ο

2183 4112 2482 4183 Τοιγαροῦν
2545 4110 2925 4174 ἀδιεξοδεύτοις
2986 4112 3179 4174 αὐτοὺς
3237 4113 3515 4183 περιϐαλῶ
3580 4118 3781 4178 κακοῖς

2181 4204 2371 4256 τούτου
2406 4220 2469 4271 γε
2510 4202 2714 4263 ἐνεκεν,
2743 4202 2807 4253 ἵν’
2846 4202 3033 4275 ὥσπερ
3064 4205 3217 4267 εἴτις
3251 4204 3397 4260 ἔνδον
3427 4207 3784 4278 ἀπειλημμέ-

2183 4311 2269 4355 νος
2291 4294 2398 4346 τῶν
2436 4310 2493 4345 τε
2537 4291 2671 4345 ὁδῶν
2706 4292 3224 4363 ἁνῳκοδομημένων,
3262 4295 3351 4347 καὶ
3394 4296 3616 4364 σκόλοψι
3647 4298 3786 4349 πολ,

2182 4382 2293 4445 λοῖς
2324 4383 2720 4452 διειλημμένων
2765 4384 2857 4434 καὶ
2900 4383 3177 4451 χαλεποῖς,
3214 4386 3473 4438 ἀδύνατον
3520 4388 3634 4457 ἔχοι
3679 4389 3786 4456 τὴν

2118 4509 2158 4561 D
2185 4475 2358 4540 ἔξοδον
2383 4494 2393 4503 ·
2426 4476 2566 4528 οὓτω
2595 4478 2660 4545 τῇ
2690 4475 2952 4545 βαρύτητι
2983 4476 3089 4528 τῶν
3119 4476 3366 4546 πολέμων
3397 4482 3461 4549 τῇ
3497 4498 3556 4531 τε
3580 4483 3791 4550 “imm”-

2184 4564 2353 4633 λωσία
2385 4567 2475 4616 καὶ
2516 4568 2633 4626 ταῖς
2678 4564 2885 4616 ἐκεῖθεν
2942 4566 3367 4635 κατασχεθέντες
3396 4568 3666 4631 ἀνάγκαις
3683 4587 3793 4637 μη·
3838 4590 3843 4593 ·

2184 4654 2373 4723 δεμίαν
2454 4654 2753 4723 εὑρίσκοιεν
2789 4654 3019 4719 διέξοδον
3049 4656 3157 4707 τῶν
3192 4657 3395 4708 κακῶν.
3439 4675 3457 4706 ι
3511 4654 3619 4706 Καὶ
3650 4655 3791 4708 διώ-

2187 4743 2333 4807 ξεται
2376 4744 2499 4805 τοὺς
2541 4744 2775 4813 ἐραστὰς
2837 4746 3038 4815 αὐτῆς,
3103 4749 3196 4799 καὶ
3248 4748 3306 4799 οὐ
3362 4747 3435 4818 μὴ
3484 4748 3795 4819 παραλάὸῃ

2185 4836 2412 4897 αὐτούς·
2463 4836 2555 4887 καὶ
2600 4835 2821 4905 ζητήσει
2872 4837 3088 4899 αὐτοὺς,
3128 4843 3221 4890 καὶ
3266 4840 3327 4891 οὐ
3383 4832 3471 4908 μὴ’
3505 4838 3645 4911 εὕρῃ
3685 4841 3796 4895 αὐσ-

2184 4926 2328 4989 τούς.
2360 4945 2377 4976 ι
2408 4926 2539 4978 Τότε
2579 4925 2863 4979 καλέσουσι
2909 4929 3007 4986 μὲν
3055 4931 3132 4991 είς
3169 4928 3416 4998 βοήθειαν
3449 4929 3542 4993 οὓς
3579 4932 3796 5003 ἐθερά-

2187 5034 2349 5070 πευον
2374 5017 2659 5087 δαίμονας.
2704 5018 2995 5086 Περιέσται
3028 5018 3083 5070 δέ
3124 5020 3304 5082 αὐτοῖς
3341 5020 3529 5090 κέρδος
3563 5024 3799 5076 ἐκεῖθεν

2185 5108 2357 5159 οὐδέν.
2401 5126 2418 5156 ι
2458 5108 2561 5158 Καὶ
2602 5110 2733 5175 ἐρεῖ,
2770 5110 3110 5179 ΙΙορεύσομαι
3159 5111 3253 5161 καὶ
3293 5112 3602 5181 ἐπιστρέψω
3646 5116 3803 5182 πρὸς

2186 5200 2276 5250 τὸν
2327 5199 2492 5267 ἄνδρα
2557 5217 2658 5267 μου
2716 5200 2805 5251 τὸν
2859 5200 3154 5271 πρότερον,
3203 5202 3284 5254 ὅτι
3334 5204 3512 5267 καλῶς
3568 5222 3657 5274 μοι
3726 5201 3805 5275 ἦν

2186 5292 2305 5343 τότε
2334 5292 2365 5360 ἢ
2394 5291 2506 5343 νῦν.
2543 5311 2559 5341 ι
2597 5290 2729 5343 Τότε
2772 5291 2834 5361 δὴ
2878 5292 2974 5361 τὴν
3011 5292 3217 5363 πλάνην
3259 5294 3655 5362 ἐπιγνώσονται
3690 5298 3807 5364 τὴν

2186 5381 2410 5446 οἰκείαν,
2443 5383 2535 5434 καὶ
2560 5382 2636 5444 ῶς
2669 5383 2887 5451 ἄμεινον
2918 5380 2983 5453 ἦν
3020 5385 3201 5447 αὐτοῖς
3242 5385 3339 5454 τῆς
3386 5387 3523 5455 ἐμῆς
3562 5389 3807 5457 ἀντέχε-

2188 5472 2308 5524 σθαι
2342 5474 2658 5544 θεραπείας,
2701 5476 2731 5544 ἢ
2781 5478 2905 5545 περὶ
2952 5476 3048 5545 τὴν
3098 5476 3205 5529 τῶν
3250 5477 3518 5546 δαιμόνων
3567 5479 3809 5545 ἀπάτην

2187 5566 2465 5620 εἰλεῖσθαι.
2502 5586 2519 5617 ι
2555 5569 2660 5619 Καὶ
2691 5569 2826 5637 αὑτὴ
2858 5568 2955 5620 οὐκ
2992 5569 3130 5636 ἔγνω
3161 5571 3241 5621 ὅτι
3273 5569 3382 5636 ἐγὼ
3406 5570 3613 5621 δέδωκα
3644 5572 3806 5639 αὑτῇ

2186 5660 2276 5710 τὸν
2295 5662 2368 5729 (p.
2392 5660 2474 5728 l6)
2500 5662 2642 5710 σῖτον
2661 5659 2857 5711 καὶτὸν
2875 5655 3014 5711 οἶνον
3039 5661 3193 5711 καὶτί
3210 5656 3810 5729 ἓλαιον,καὶ”αργύρεσν

2187 5752 2282 5804 καὶ
2326 5752 2546 5821 χρυσίον
2602 5750 2875 5821 ἐπλῄθυνα
2915 5752 3073 5821 αὐτῇ.
3126 5751 3270 5820 Αὐτὴ
3328 5750 3383 5801 δὲ
3428 5752 3643 5821 ἀργυρᾶ
3695 5755 3807 5806 καὶ
