3994 6508
155 452 242 507 I57

1187 444 1736 504 COMMENTARIUS
1771 444 1835 501 ΙΝ
1876 442 2076 499 08ΕᾹΞ
2100 443 2259 500 CAP.
2295 444 2366 498 11.

3282 441 3382 496 158

156 566 316 637 χρυσᾶ
346 566 564 634 ἐποίησε
596 569 662 636 τῇ
692 566 853 619 Βαάλ.
894 586 912 618 ι
947 568 1293 638 Μαθὴσονταί
1322 588 1381 622 τε
1416 570 1489 633 ὡς
1518 567 1716 639 πολλήν

1850 581 2040 619 norum
2086 581 2308 622 causam
2354 566 2702 637 imputarent,
2762 578 2882 633 qua;
2928 572 3109 617 tamen
3174 575 3208 617 a
3259 577 3383 628 me,

154 674 264 710 τινα
305 658 405 726 τὴν
450 658 670 723 ἄγνοιαν
716 658 953 724 ἐνόσουν,
987 660 1215 724 ἐκείνοις
1248 661 1581 731 λογιζόμενοι
1611 659 1719 711 τῶν

157 746 453 816 προσόντων
481 746 701 813 ἀγαθῶν
730 749 911 812 αὐτοῖς
947 749 1043 819 τὴν
1080 750 1282 802 αἰτίαν·
1319 750 1460 821 ἀπερ
1497 745 1589 802 οὖν
1626 749 1721 802 αὐ-

157 840 259 897 τοῖς
308 838 494 905 σαφῶς
552 840 681 909 παρ’
724 840 854 909 ἐμοῦ
906 841 999 894 τοῦ
1050 843 1271 913 ποιητοῦ
1319 843 1425 896 τῶν
1471 842 1722 896 ἁπάντων

158 928 386 998 διαρκῶς
430 931 760 1000 ἐχορηγεῖτο,
795 932 857 983 οὐ
904 934 1148 1003 καρποὺς
1181 934 1505 1003 παρέχοντος
1542 932 1720 1001 μόνον,

158 1020 286 1073 ἀλλά
318 1021 410 1072 καὶ
446 1022 704 1092 ἀργύριον
734 1023 826 1075 καὶ
860 1025 1098 1093 χρυσίον,
1138 1023 1201 1077 ἐκ
1224 1042 1280 1076 τε
1321 1024 1418 1094 τῆς
1451 1024 1591 1076 κατά
1628 1023 1724 1092 τὴν

158 1112 421 1178 Αἴγυπτον
458 1114 655 1178 ἐξόδου,
691 1116 783 1166 καὶ
832 1115 937 1185 μὴν
967 1117 1060 1168 καὶ
1097 1117 1236 1169 κατά
1270 1116 1475 1169 πολλῶν
1503 1115 1726 1183 ὕστερον

158 1202 413 1272 ἀφορμῶν
463 1205 692 1275 ἐτέρων·
726 1205 815 1273 ἀφ’
842 1200 916 1259 ῶν
942 1208 1043 1259 οὐκ
1084 1206 1291 1261 ὤκνουν
1330 1206 1519 1259 εἴδωλα
1563 1223 1728 1258 κατα-

159 1292 503 1359 σκευάζοντες
549 1297 778 1361 έαυτοῖς,
822 1300 1023 1369 σεμνήν
1059 1316 1179 1352 τινα
1216 1298 1303 1351 διὰ
1342 1296 1436 1366 τὴν
1467 1298 1563 1367 τῆς
1598 1296 1727 1366 ὕλης

159 1381 463 1447 πλεονεξίαν
496 1384 595 1454 τὴν
622 1386 915 1460 θεραπείαν
949 1386 1127 1442 αὐτῶν
1150 1387 1417 1459 ἡγεῖσθαι.

220 1536 372 1606 Στίχ.
425 1537 579 1607 θ’-ιβ’.
620 1559 737 1591 -ι
772 1540 870 1593 Διά
926 1540 1082 1594 τοῦτο
1126 1542 1436 1611 ἐπιστρέψαι
1500 1542 1593 1593 καὶ
1642 1558 1731 1592 κο-

160 1628 385 1701 μιοῦμαι
410 1629 499 1682 τὸν
533 1630 678 1683 σῖτόν
715 1649 814 1701 μου
851 1632 970 1685 καθ’
994 1632 1141 1703 ὥραν
1170 1634 1352 1686 αὐτοῦ.
1388 1651 1405 1683 ι
1435 1630 1732 1702 Τοιγαροῦν

157 1721 356 1791 πολλὴν
393 1723 450 1773 ἐν
490 1722 671 1785 αὐτοῖς
705 1723 1005 1794 ἐργάσομαι
1040 1724 1138 1795 τὴν
1175 1724 1479 1793 ἀκαρπίαψ
1509 1725 1568 1775 ἐν
1595 1717 1639 1791 ᾧ
1670 1722 1733 1794 δὴ

160 1810 395 1881 μάλιστα
430 1811 605 1883 καιρῷ
648 1812 745 1883 τὴν
796 1813 1117 1885 προσδοκίαν
1168 1814 1345 1867 αὐτῶν
1376 1815 1474 1885 τῆς
1500 1813 1734 1867 ἀπολαύ-

1819 670 2003 710 rerum
2051 657 2297 710 omnium
2346 664 2593 717 auctore,
2640 656 2853 711 abunde
2886 655 3022 724 ipsis
3071 652 3389 724 suppedita-

1820 745 2049 813 bantur;
2073 762 2250 816 neque
2282 747 2426 801 enim
2454 744 2640 816 fruges
2668 745 3049 800 tantummodo
3078 745 3146 800 iis
3174 743 3387 809 suﬁ‘eci,

1821 853 2009 891 rerum
2058 838 2222 892 etiam
2262 837 2546 907 argentum
2592 844 2756 907 atque
2793 853 2986 890 aurum
3029 844 3145 890 tum
3186 851 3386 891 exeuno

1823 929 1968 986 tibus
2002 945 2066 983 ex
2099 928 2353 998 Egypto,
2394 940 2505 982 tum
2538 928 2661 984 aliis
2691 936 2878 998 postea
2914 928 3200 997 permultis
3229 942 3391 983 even-

1825 1020 1989 1074 tibus.
2023 1018 2092 1072 At
2118 1035 2245 1073 vero
2298 1021 2401 1091 ipsi
2449 1020 2701 1075 conflatis
2727 1036 2790 1076 ex
2817 1020 2919 1074 hac
2954 1022 3181 1076 materia
3205 1021 3389 1082 idolis.

1828 1125 1935 1164 non
1994 1110 2318 1165 dubitarunt
2375 1111 2501 1165 vani
2567 1111 2749 1166 cultus
2801 1110 3265 1174 observationem,
3318 1112 3389 1166 ob

1828 1202 2025 1257 metalli
2066 1204 2453 1272 priestantiam,
2484 1203 2702 1273 plurimi
2734 1202 2933 1258 facere.

1908 1537 2067 1592 Vens.
2108 1537 2262 1590 9-12.
2293 1566 2359 1577 -—
2404 1556 2423 1588 ι
2466 1536 2756 1606 Propterea
2801 1546 3070 1601 revertar,
3113 1544 3168 1591 et
3212 1537 3397 1593 tollam

1833 1626 2075 1681 triticum
2115 1642 2291 1681 meum
2335 1628 2389 1680 in
2418 1635 2662 1695 tempore
2693 1642 2812 1680 suo.
2848 1644 2864 1677 ›
2895 1625 3168 1681 Grandem
3190 1628 3402 1683 scilicet

1834 1720 1968 1789 ipsis
2012 1719 2213 1772 creabo
2270 1718 2655 1783 sterilitatem;
2716 1734 2840 1772 nam
2893 1735 3002 1788 quo
3052 1720 3397 1788 potissimum

1836 1821 2084 1879 tempore
2134 1809 2240 1863 frui
2290 1810 2455 1864 bonis
2505 1822 2751 1881 sperant,
2806 1819 2936 1864 tunc
2983 1812 3131 1864 omni
3182 1819 3405 1880 repente

160 1918 297 1965 σεως
319 1901 549 1971 ἔχουσιν,
582 1904 701 1956 τότε
726 1903 789 1974 δὴ
819 1904 1027 1968 πάντας
1053 1904 1231 1958 αὐτῶν
1255 1905 1447 1976 ἀθρόον
1472 1904 1733 1974 ἀφαιρού-

1848 1910 2019 1971 3repto
2042 1904 2122 1956 eis
2153 1900 2760 1963 fructu,eonsuetorum
2783 1903 3048 1956 varietate
3076 1903 3402 1957 damnorum

162 2009 323 2062 μενος
351 1995 477 2056 τοὺς
514 1995 776 2064 καρποὺς,
811 1998 877 2066 τῇ
920 1996 1162 2067 ποικιλίᾳ
1198 1996 1306 2049 τῶν
1338 1996 1601 2049 εἰωθότων
1640 1996 1734 2048 λυ-

165 2084 447 2154 μαίνεσθαι
488 2088 602 2148 τοίς
652 2085 931 2149 τοιούτοις,
978 2086 1224 2157 ἐρυσίὸῃ,
1269 2081 1380 2139 οἷον
1416 2088 1609 2154 εἰπεῖν,
1642 2087 1736 2142 καὶ

160 2174 385 2259 magn.
419 2176 515 2229 καὶ
557 2179 670 2239 τοῖς
717 2175 994 2242 τοιούτοις,
1036 2178 1204 2232 ὁπόσα
1236 2178 1425 2250 ἀθρόον
1458 2179 1738 2249 συμϐάντα

159 2266 421 2328 πολλάκις
466 2267 576 2319 τῶν
630 2268 969 2337 φαινομένων
1018 2270 1246 2341 καρπῶν
1295 2270 1527 2341 παντελῆ
1574 2270 1739 2323 ἀπώ-

160 2356 309 2409 λειαν
346 2357 662 2428 εἴργασται·
709 2357 849 2411 ὥστε
902 2359 961 2411 ὃν
1014 2360 1114 2413 οὐκ
1146 2360 1387 2429 ἔγνωσαν
1435 2362 1604 2414 αίτιον
1642 2362 1739 2413 αὐ-

158 2452 264 2513 τοῖς
306 2448 413 2501 τῶν
470 2448 709 2516 ἀγαθῶν,
741 2451 807 2519 τῇ
866 2450 1180 2521 ἐπαγομένη
1232 2450 1489 2522 τιμωρίᾳ,
1536 2451 1628 2503 καὶ
1672 2453 1737 2521 τῇ

160 2538 259 2590 τῶν
322 2537 581 2591 δοθέντων
631 2539 952 2610 ἀφαιρέσει,
1001 2540 1200 2608 γνῶναι
1278 2541 1481 2609 σαφῶς.
1544 2562 1561 2593 ι
1633 2543 1740 2595 Καὶ

161 2629 466 2700 ἀφελοῦμαι
499 2631 568 2683 τά
597 2632 787 2701 ἱμάτιά
822 2650 945 2703 μου,
974 2632 1157 2686 καὶτὰ
1184 2632 1367 2687 όθόνιά
1393 2650 1514 2702 μου,
1543 2634 1617 2703 (p.
1654 2632 1740 2703 17)

162 2722 247 2775 τοῦ
280 2722 359 2792 μὴ
400 2722 692 2774 καλύπτειν
718 2722 817 2793 τὴν
849 2722 1231 2794 ἀσχημοσύνην
1274 2724 1462 2794 αὐτῆς.
1508 2743 1525 2775 ι
1560 2724 1742 2777 Πάντα

162 2814 329 2867 ὁπόσα
360 2814 635 2885 διαφόρως
664 2815 845 2877 αὐτοῖς
869 2816 997 2886 παρ’
1033 2815 1165 2885 ἐμοῦ
1214 2815 1591 2886 χορηγούμενα
1620 2815 1742 2867 ἐκό-

167 2920 285 2973 σμει
320 2920 384 2955 τε
428 2904 523 2957 καὶ
560 2903 1025 2977 εὐπρεπεστέρους
1076 2903 1283 2956 ἐδείκνυ
1316 2902 1425 2955 τῶν
1462 2904 1560 2973 τῆς
1606 2904 1743 2956 ἀπο-

161 2992 405 3058 λαύσεως
434 2993 635 3047 λοιπῶν
668 2994 991 3064 ἀνθρώπων,
1026 2994 1198 3047 ταῦτα
1262 2992 1493 3062 ἀφελὼν,
1551 2996 1743 3063 ἀτιμο-

163 3086 349 3156 τέρους
402 3085 707 3155 ἐργάσομαι
767 3085 1002 3137 πάντων.
1040 3102 1059 3134 ‹
1112 3084 1223 3137 Καὶ
1271 3084 1364 3137 νῦν
1417 3084 1746 3154 ἀποκαλύψω

167 3177 261 3245 τὴν
288 3175 637 3246 ἀκαθαρσίαν
665 3174 833 3245 αὐτῆς
862 3174 1089 3228 ἐνώπιον
1131 3174 1238 3227 τῶν
1270 3174 1513 3245 ἐραστῶν
1542 3175 1710 3244 αὐτῆς
1728 3192 1740 3203 ·

164 3269 254 3319 καὶ
298 3266 478 3329 οὐδεὶς
519 3266 580 3318 οὐ
637 3264 713 3336 μὴ
753 3265 999 3336 ἐξέληται
1034 3265 1202 3336 αὐτὴν
1241 3266 1304 3318 ἐκ
1348 3264 1526 3336 χειρός
1556 3281 1677 3335 μου.
1722 3284 1742 3316 ι

167 3356 322 3409 Ὥστε
355 3355 449 3408 διὰ
473 3354 573 3424 τῆς
604 3353 873 3423 τιμωρίας
891 3354 987 3423 τῆς
1018 3352 1159 3424 ἐμῆς
1185 3352 1517 3421 σαφεστέραν
1545 3350 1748 3404 ἀπασιν

164 3447 337 3503 αὐτῶν
395 3445 652 3514 γενέσθαι
722 3444 821 3515 τὴν
870 3443 1215 3513 παρανομίαν
1276 3444 1343 3512 ἢν
1414 3440 1746 3511 εἰργάζοντο,

164 3536 477 3605 ἀφεστῶτες
530 3535 625 3604 μὲν
671 3533 829 3603 ἐμοῦ,
878 3535 946 3603 τῇ
1003 3531 1111 3584 τῶν
1151 3530 1420 3601 δαιμόνων
1464 3529 1522 3581 δὲ
1577 3544 1747 3598 προσ·-

166 3627 451 3696 ανέχοντες
482 3624 767 3694 θεραπείᾳ·
791 3617 866 3677 ὧν
897 3624 980 3675 ἐπ’
1004 3622 1158 3693 ὄψεσι
1181 3620 1486 3692 βαρυτάτας
1515 3618 1751 3683 δέξονται

167 3719 292 3787 παρ’
322 3715 463 3786 ἐμοῦ
496 3715 595 3777 τὰς
639 3714 928 3785 τιμωρίας,
970 3713 1090 3766 οὐδὲ
1125 3714 1252 3782 μιᾶς
1291 3712 1382 3764 ὑπ’
1411 3708 1587 3763 αὐτῶν
1621 3709 1748 3781 βοη-

167 3805 311 3869 θείας
361 3803 646 3869 ἀξιοῦσθαι
694 3798 794 3856 οἶοί
850 3820 909 3855 τε
956 3802 1135 3865 δντεςσ
1188 3802 1309 3854 ἐπεὶ
1353 3801 1446 3854 καὶ
1489 3799 1751 3870 κρείττων

169 3898 346 3968 πάσης
380 3898 483 3968 τῆς
533 3895 878 3966 ἐπαγομένης
914 3896 1095 3957 αὐτοῖς
1123 3896 1254 3965 παρ’
1304 3892 1439 3964 ἐμοῦ
1485 3891 1750 3961 τιμωρίας

169 4003 201 4055 η
224 3986 482 4058 δύναμις.
520 4005 540 4038 t
579 3987 689 4040 Kal
724 3985 1047 4056 ἀποστρέψω
1076 3984 1254 4047 πάσας
1293 3984 1391 4047 τὰς
1420 3982 1753 4054 εὐφροσύνας

169 4079 358 4147 αὐτῆς.
396 4078 495 4131 καὶ
526 4078 705 4141 πάσας
732 4077 831 4140 τὰς
861 4077 1052 4147 ἐορτάς
1083 4076 1271 4143 αὐτῆς,
1311 4078 1403 4129 καὶ
1433 4076 1530 4139 τὰς
1554 4092 1754 4146 νουμηι

168 4170 285 4231 νίας
314 4169 515 4239 αὐτῆς,
550 4169 645 4221 καὶ
682 4168 753 4221 τά
788 4166 1039 4220 Σάῦϐατα
1084 4168 1273 4237 αὐτῆς,
1308 4166 1399 4219 καίΙ
1448 4166 1625 4229 πάσας
1656 4165 1754 4229 τὰς

170 4260 531 4331 πανηγύρεις.
582 4278 601 4310 ι
646 4258 780 4312 Οὐδὲ
819 4258 947 4326 γοῦν
980 4258 1336 4330 πανηγύρεως
1375 4258 1468 4310 καὶ
1500 4256 1693 4327 ἑορτῆς
1719 4257 1755 4327 ἦ

167 4368 307 4415 τινος
340 4349 685 4421 εὐφροσύνης
714 4350 924 4415 ἕξουσιν
960 4348 1040 4403 ἔτι
1076 4349 1284 4420 καιρὸν,
1314 4348 1408 4402 ἆτε
1448 4352 1515 4420 τῇ
1552 4349 1753 4418 αἰχμα-

169 4440 340 4511 λωσίᾳ
378 4442 819 4513 παραδιδόμενοι,
842 4443 935 4495 καὶ
950 4444 1066 4504 ταί.⁸
1090 4441 1197 4494 τῶν
1229 4440 1562 4511 κατεχόντων
1587 4439 1755 4507 ἀνάγ-

1836 1994 2087 2057 obruam,
2130 1993 2384 2061 rubigine
2432 1990 2639 2063 (puta),
2689 1992 2955 2063 grandine
2991 1999 3046 2045 ct
3087 1992 3405 2061 liujusmodi

1837 2086 1960 2139 aliis
1985 2126 2000 2147 ,
2038 2099 2159 2154 qua:
2204 2085 2386 2138 subito
2426 2086 2755 2156 ingruentia,
2811 2099 2953 2153 saepe
2997 2083 3245 2153 frugibus
3286 2084 3401 2153 jam

1838 2190 1959 2230 sese
1989 2173 2402 2229 ostendentibus
2426 2191 2740 2245 supremum
2771 2175 2999 2229 exitium
3025 2176 3289 2237 inferunt,
3322 2184 3400 2239 ut,

1840 2280 2002 2337 quem
2029 2266 2299 2321 bonorum
2328 2281 2553 2322 suorum
2586 2276 2866 2321 auctorem
2904 2282 3010 2320 non
3050 2277 3405 2337 agnoverant.

1842 2372 1908 2410 ex
1938 2357 2172 2427 impacta
2201 2357 2391 2412 saltem
2427 2373 2609 2429 paena,
2635 2368 2689 2413 et
2725 2360 2798 2413 rei
2826 2358 2965 2412 datae
2994 2359 3267 2414 ablatione
3296 2375 3413 2414 ma-

1842 2443 2037 2500 nifeste
2064 2453 2421 2513 cognoscant.
2453 2465 2471 2497 ι
2512 2445 2578 2499 Ει
2620 2446 2862 2501 auferam
2910 2448 3238 2503 vestimenta
3268 2463 3410 2509 mea,

1842 2549 1895 2592 et
1927 2537 2244 2593 linteamina
2269 2553 2411 2602 mea,
2448 2554 2518 2593 ne
2545 2540 2792 2607 operiant
2819 2538 3173 2608 ignominiam
3208 2538 3348 2609 ejus.
3387 2558 3408 2591 ι

1843 2628 2195 2696 Quaecunque
2252 2643 2281 2681 a
2349 2644 2435 2681 me
2484 2627 2835 2681 multifariam
2895 2630 3091 2681 collata
3145 2629 3416 2683 ornabant

1842 2735 1970 2782 eos,
2005 2728 2059 2774 et
2088 2722 2349 2775 lautiores
2393 2722 2606 2775 caeteris
2650 2718 2924 2775 faciebant
2962 2721 3056 2790 qui
3086 2721 3199 2774 haec
3234 2723 3415 2790 possi—

1844 2810 1973 2863 dent
2012 2810 2347 2873 hominibus,
2389 2810 2503 2863 hinc
2543 2811 2768 2879 inquam
2800 2808 3080 2873 auferens,
3126 2811 3419 2879 despectis—

1846 2902 2015 2955 simos
2088 2903 2332 2957 omnium
2409 2904 2703 2972 praestabo.
2752 2908 2787 2953 ’‹
2845 2902 2909 2955 Et
2962 2918 3109 2956 nunc
3165 2905 3419 2958 revelabo

1847 2993 2249 3047 immunditiam
2286 2994 2463 3063 ipsius
2502 2993 2558 3048 in
2599 3005 2897 3063 conspectu
2938 3006 3243 3050 amatorum
3277 2997 3418 3063 ejus,

1846 3090 1900 3138 et
1929 3100 2089 3138 nemo
2111 3094 2266 3139 eruet
2293 3100 2413 3138 eam
2444 3084 2509 3139 de
2537 3100 2702 3139 manu
2730 3100 2869 3139 mea.
2912 3104 2933 3137 ι
2968 3088 3145 3155 Atque
3181 3088 3255 3141 ita
3288 3088 3423 3140 ultio

1848 3191 1967 3230 mea
2000 3176 2429 3231 manifestiorem
2464 3177 2565 3246 12
2595 3178 2811 3231 cunctis
2844 3177 3032 3232 reddet
3052 3181 3273 3253 culpam
3315 3196 3423 3248 qua

1850 3283 1908 3322 se
1949 3268 2334 3331 irretiverunt,
2383 3269 2511 3322 dum
2558 3284 2643 3322 me
2689 3269 2950 3324 derelicto
2998 3269 3063 3323 ad
3108 3270 3423 3339 daamonnm

1849 3361 2054 3413 cultum
2096 3375 2155 3413 se
2184 3360 2537 3415 contulerunt
2570 3379 2584 3415 :
2628 3360 2787 3431 cujus
2818 3376 3016 3425 causa,
3069 3362 3427 3430 gravissimas

1852 3452 2026 3521 palam
2072 3452 2219 3507 luent
2276 3468 2503 3522 pinnas,
2553 3453 2703 3506 nulla
2747 3452 3056 3507 daemonum
3116 3468 3219 3522 ope
3248 3450 3427 3522 potiti

1850 3543 2124 3607 valentes;
2170 3545 2369 3598 etenim
2404 3544 2594 3598 inflicti
2628 3546 2737 3600 illis
2772 3561 2804 3598 a
2842 3560 2930 3599 me
2978 3545 3233 3615 supplicii
3271 3546 3430 3614 longe

1851 3635 2080 3689 validior
2102 3634 2184 3689 vis
2214 3644 2315 3689 est.
2348 3654 2367 3686 ι
2413 3635 2477 3690 Ει
2507 3644 2749 3691 avertam
2786 3646 3012 3690 cunctas
3049 3635 3263 3691 laetitias
3287 3636 3429 3704 ejus,

1850 3734 1905 3781 et
1934 3728 2248 3781 neomenias
2291 3727 2474 3795 ipsius
2509 3742 2573 3782 ac
2604 3727 2867 3792 Sabbata,
2892 3743 3194 3799 omnesque
3228 3730 3432 3783 solem-

1850 3819 2071 3873 nitates.
2127 3836 2146 3869 ι
2197 3817 2385 3887 Neque
2429 3819 2793 3874 solemnitatis
2828 3820 2996 3890 igitur
3044 3835 3223 3888 neque
3266 3820 3433 3874 ullius

1850 3908 1980 3969 festi
2006 3948 2019 3970 ,
2047 3924 2227 3978 neque
2262 3910 2557 3979 cujuslibet
2588 3911 2772 3981 gaudii
2809 3920 3025 3980 tempus
3058 3911 3322 3980 deinceps
3351 3911 3434 3966 eis
3464 3920 3467 3921 '

1853 4000 1985 4065 erit,
2008 3999 2120 4068 jam
2150 4000 2403 4055 videlicet
2424 4001 2720 4071 captivitati
2742 4001 2979 4066 traditis,
2996 4010 3050 4057 et
3080 4002 3431 4059 dominorum

1853 4090 2109 4143 violentia
2143 4092 2290 4147 varie
2328 4092 2553 4160 pressis.
2594 4110 2612 4155 ι
2660 4090 2726 4144 Ει
2760 4091 3037 4148 destruam
3065 4091 3278 4147 'vineam
3314 4091 3437 4160 ejus

1855 4197 1919 4236 ac
1948 4181 2106 4245 ﬁcus,
2134 4183 2203 4238 de
2226 4184 2424 4253 quibus
2448 4184 2565 4254 ipsa
2590 4184 2805 4239 dixerat
2838 4206 2849 4238 :
2882 4183 2976 4238 Hae
3001 4191 3129 4239 sunt
3154 4184 3437 4240 mercedes

1857 4288 2008 4338 meaa,
2041 4290 2178 4343 quas
2208 4275 2339 4328 mihi
2370 4282 2644 4330 amatores
2677 4274 2782 4330 mei
2810 4272 3096 4329 dederunt.
3136 4294 3156 4325 ι
3191 4274 3437 4329 Cunctos

1860 4364 2018 4432 plane
2048 4364 2262 4418 fructus
2292 4365 2372 4419 eis
2388 4363 2638 4432 eripiam,
2661 4378 2803 4433 quos
2822 4374 3078 4433 acceptos
3098 4363 3439 4419 daemonibus

1858 4453 2189 4509 referebant.
2237 4474 2255 4505 ι
2307 4455 2485 4524 Atque
2520 4469 2585 4509 ea
2635 4469 2835 4523 ponam
2876 4455 2931 4509 in
2978 4455 3373 4509 testimonium.
3412 4473 3432 4506 ι

168 4551 293 4597 καις
333 4533 649 4604 πιεζόμενοι
688 4534 962 4598 ποικίλως.
1016 4553 1035 4586 ι
1080 4534 1191 4586 Kal
1246 4532 1459 4600 ἀφανιῶ
1516 4531 1745 4602 ἄμπελοι

1860 4542 2065 4614 Nempe
2117 4544 2231 4599 haec
2277 4546 2533 4615 spoliatio
2574 4545 2871 4618 maximum
2915 4547 3022 4601 erit
3065 4548 3438 4601 testimonium

168 4623 361 4693 αὐτῆς,
391 4624 487 4675 καὶ
515 4622 613 4685 τάς
648 4624 817 4685 συκᾶς
844 4622 1034 4693 αὐτῆς,
1068 4623 1228 4683 Ὅσα,
1258 4619 1396 4687 εἷπε,
1434 4620 1745 4692 μισθώματά

1867 4635 2152 4705 prazterita:
2181 4636 2509 4707 iniquitatis,
2534 4652 2640 4706 qua
2666 4637 2808 4691 bona
2842 4638 2929 4691 illa
2954 4653 2983 4690 a
3005 4637 3349 4693 daemonibus
3381 4654 3443 4693 so

172 4730 271 4783 μου
315 4714 447 4766 ἐστὶ
477 4714 652 4768 ταῦτα
674 4713 709 4767 ἀ
746 4714 952 4768 ἔδωκάν
983 4731 1074 4785 μοι
1120 4716 1169 4767 οἱ
1217 4713 1441 4785 ἐρασταί
1474 4731 1595 4784 μου.
1627 4732 1645 4764 ι
1672 4714 1758 4783 (ι).

174 4806 257 4871 18)
288 4806 517 4869 Πάντας
544 4806 608 4876 δὴ
661 4806 785 4870 τοὺς
828 4808 1070 4877 καρποὺς
1109 4806 1287 4861 αὐτῶν
1334 4806 1653 4876 ἀφελοῦμαι,
1686 4800 1762 4859 ὧν

169 4899 277 4959 toi;
320 4897 582 4967 δαίμοσιν
636 4896 938 4964 ἐλογίζοντο
978 4898 1079 4968 τὴν
1119 4898 1284 4951 δόσιν.
1316 4915 1335 4947 ι
1371 4897 1482 4950 Kal
1531 4896 1763 4968 θήσομαι

170 4986 312 5039 αὐτά
361 4989 449 5051 εἰς
500 4985 819 5057 μαρτύριον.
858 5006 875 5037 ι
907 4986 1069 5038 Ὥστε
1116 4986 1217 5057 τὴν
1262 4984 1549 5055 ἀφαίρεσιν
1589 4982 1765 5036 αὐτῶν

174 5079 454 5156 μεγίστην
502 5074 645 5132 εἶναι
698 5078 1002 5150 μαρτυρίαν
1058 5078 1158 5148 τῆς
1199 5077 1540 5148 παρανομίας
1587 5075 1765 5129 αὐτῶν

169 5171 265 5241 τῆς
290 5171 560 5243 πρόσθεν,
587 5170 709 5223 καθ’
739 5171 805 5241 ἢν
828 5174 937 5234 τοίς
962 5172 1211 5242 δαίμοσιν
1243 5171 1541 5238 ἐλογίζοντο
1564 5171 1767 5233 ἐκεῖνα,

166 5262 236 5319 ὧν
276 5264 380 5317 καὶ
414 5263 517 5332 τῆς
548 5262 745 5331 δόσεως
776 5264 868 5317 καὶ¹
900 5263 999 5333 τῆς
1030 5263 1366 5335 ἀφαιρέσεως
1402 5262 1589 5334 κύριος
1622 5265 1769 5335 ήμην

167 5359 296 5423 ἐγώ.
341 5376 362 5407 σ
405 5356 521 5410 Καὶ
549 5356 925 5425 καταφάγεται
962 5355 1103 5410 αὐτὰ
1145 5357 1211 5410 τά
1244 5356 1407 5428 θηρία
1452 5356 1543 5409 τοῦ
1575 5356 1765 5426 ἀγροῦ,

173 5448 264 5501 καὶ
294 5448 373 5501 τὰ
405 5447 633 5501 πετεινά
653 5446 746 5501 τοῦ
767 5448 1016 5515 οὐρανοῦ,
1042 5450 1137 5501 καὶ
1157 5447 1224 5501 τά
1244 5447 1448 5518 ἑρπετά
1468 5447 1569 5517 τῆς
1596 5448 1715 5518 γῆς.
1744 5466 1763 5499 ι

174 5539 267 5603 El;
288 5539 485 5610 λύμην
508 5539 651 5594 αὐτὰ
692 5539 949 5611 προθήσω
991 5542 1173 5605 πᾶσιν,
1212 5539 1351 5593 ὥστε
1391 5540 1554 5611 μηδὲν
1589 5540 1648 5606 ἐξ
1672 5547 1770 5595 σιο-

1870 4724 2072 4778 liabere
2112 4712 2427 4788 dicebant,
2478 4741 2711 4795 quorum
2772 4735 2953 4780 tamen
3023 4726 3331 4781 dandorum
3388 4735 3456 4790 et,

1871 4816 2289 4872 auferendorum
2331 4818 2538 4873 arbiter
2575 4834 2676 4889 ego
2716 4833 2889 4872 eram.
2922 4836 2941 4869 ι
2983 4818 3049 4871 Et
3082 4816 3357 4873 vorabunt
3380 4834 3444 4872 ea

1871 4906 1999 4961 fera:
2036 4908 2173 4978 agri,
2228 4918 2282 4964 et
2333 4910 2572 4964 volatilia
2617 4911 2774 4975 caeli,
2823 4919 2876 4965 et
2934 4911 3151 4980 reptilia
3195 4918 3375 4967 terra.
3418 4928 3439 4962 ι

1869 4999 2080 5053 Cuncta
2113 5002 2316 5070 passim
2352 5001 2616 5056 vastanda
2649 5001 2930 5071 objiciam,
2962 5002 3037 5054 ita
3063 5010 3122 5055 ut
3150 5001 3287 5055 nihil
3312 4994 3449 5054 utile

1872 5091 2284 5159 superfuturum
2315 5093 2383 5147 iis
2406 5094 2499 5147 sit.
2531 5093 2661 5163 Agri
2691 5092 2846 5155 feris,
2875 5092 2997 5147 caeli
3029 5091 3245 5152 avibus,
3286 5099 3451 5170 terra;

1875 5177 2222 5246 serpentibus
2272 5179 2594 5233 varietatem
2649 5178 2911 5232 denotare
2961 5176 3136 5230 voluit
3180 5175 3446 5234 hostium.

1874 5268 1966 5337 qui
2017 5268 2140 5322 illos
2170 5284 2390 5339 pessum
2442 5277 2603 5323 erant
2650 5268 2853 5323 daturi.
2896 5266 3033 5322 Nam
3063 5266 3193 5322 ferae
3229 5264 3449 5337 quidem

1877 5360 2082 5414 saevitia
2131 5360 2379 5416 nocendo
2434 5360 2723 5417 imminent
2760 5379 2775 5416 :
2816 5375 2943 5417 aves
2990 5359 3059 5415 iis
3107 5375 3229 5430 qua:
3260 5358 3453 5414 volunt

1881 5450 2047 5506 facile
2083 5452 2330 5506 involant
2365 5472 2377 5507 :
2412 5453 2751 5523 serpentium
2802 5451 3037 5522 denique
3058 5447 3451 5525 gravissimum
3503 5504 3515 5529 ι

1877 5551 2265 5598 nocumentum
2297 5552 2405 5600 est.

175 5634 284 5689 τῶν
305 5630 624 5689 ἀπόνασθαι
666 5629 884 5693 τούτους
906 5646 918 5659 ·
971 5630 1134 5702 θηρία
1171 5629 1280 5701 γὰρ
1312 5630 1517 5700 ἀγροῦ,
1551 5631 1645 5682 καὶ
1691 5631 1909 5684 πετεινά
1953 5631 2219 5702 ούρανοῦ,
2259 5632 2352 5685 καὶ
2402 5632 2605 5704 ἑρπετὰ
2640 5632 2772 5701 γῆς,
2809 5632 2870 5686 τὸ
2906 5632 3243 5704 πολύτροπον
3281 5632 3455 5687 εἰπεῖν

174 5724 461 5798 ἐϐουλήθη
498 5725 607 5777 τῶν
658 5722 1008 5795 λυμαίνεσθαι
1072 5720 1371 5789 μελλόντων
1428 5720 1608 5782 αὐτοῖς
1652 5720 1954 5790 πολεμίων
2014 5722 2199 5793 ἐπειδὴ
2269 5722 2330 5775 τὸ
2373 5722 2473 5792 μὲν
2523 5723 2739 5793 θηρίον,
2784 5727 2849 5795 τῇ
2899 5724 3141 5795 ὠμότητι
3198 5724 3456 5795 βλάπτειν

175 5817 436 5890 ῑτοιμοψ
472 5816 538 5870 τὰ
571 5818 790 5871 πετεινὰ
820 5817 896 5880 δὲ,
932 5808 1011 5882 τῷ
1043 5814 1203 5865 πᾶσιν
1232 5810 1559 5881 ἐφίπτασθαι
1589 5803 1668 5870 οἷς
1707 5810 1773 5863 ἂν
1800 5811 1960 5885 ἐθέλῃ
1997 5813 2194 5883 ῥαδίως
2215 5827 2228 5841 ο
2262 5812 2330 5865 τά
2363 5813 2566 5885 ἑρπετά
2600 5813 2677 5878 δὲ,
2719 5817 2786 5885 τῇ
2816 5816 3079 5887 βαρύτητι
3118 5817 3217 5887 τῆς
3257 5816 3453 5886 λύμης.

247 5932 409 6003 Στίχ.
430 5937 524 5996 ιγ’,
548 5934 697 5990 ιδ’.-
717 5950 735 5981 ι
752 5932 866 5985 Καὶ
877 5933 1149 6004 ἐκδικήσω
1166 5934 1250 5987 ἐπ’
1273 5932 1441 6002 αὐτὴν
1462 5932 1557 5997 τὰς
1580 5931 1784 6003 ἡμέρας

432 6029 709 6091 Parnm.
754 6030 870 6091 Gn.
920 6030 1135 6090 LXVI.

1963 5931 2129 5989 Vitas.
2162 5934 2250 6001 15,
2286 5933 2373 5989 Η.
2402 5962 2473 5975 --
2508 5950 2528 5986 ι
2564 5932 2630 5987 Et
2672 5934 2908 5991 ulciscar
2950 5951 3115 6006 super
3145 5949 3281 5990 eam
3333 5934 3453 5988 dies

3162 6030 3203 6095 5
