3994 6518
561 473 635 528 39
1719 461 2067 519 THEODORI
2125 461 2609 518 MOPSUESTENI

2041 589 2092 634 et
2124 592 2168 641 Α
2196 581 2305 634 τῶν
2338 581 2569 650 Βααλῖμ,
2603 580 2660 630 ὲν
2692 571 2778 640 αἷς
2811 575 3038 628 ἐπέθυεν
3079 574 3281 638 αὐτοῖς,
3318 571 3413 624 καὶ
3443 570 3778 642 περιετίθετο

529 589 756 651 Baalim,
799 586 997 656 quibus
1037 599 1231 652 nempe
1274 582 1360 637 bis
1406 581 1566 636 idolis
1610 581 1924 636 immolabat
1980 599 1993 635 :

531 685 752 738 inaures
809 693 938 732 suas
1001 676 1334 744 moniliaque
1409 690 1509 728 sua
1585 674 2029 742 circumponebat
2080 692 2092 725 :

529 785 769 841 suosque
822 783 1096 822 amatores
1151 767 1490 828 sectabatur,
1549 765 1653 819 mei
1712 765 1909 829 oblita,
1965 763 2097 817 dicit

528 863 812 917 Dominus.
846 879 863 910 ι
892 858 1016 912 Haec
1041 858 1298 912 nimirum
1326 857 1623 926 patientur,
1653 870 1842 923 poenas
1872 854 2095 910 luendo.

527 962 812 1026 propterea
845 951 986 1020 quod
1019 949 1181 1002 idolis
1212 947 1562 1008 adhaaserint,
1595 945 1796 1013 quibus
1829 943 2096 998 sacrificia

526 1060 740 1115 quoque
777 1043 1112 1101 obtulerunt,
1159 1047 1213 1093 et
1256 1037 1631 1093 solemnitates
1660 1037 1876 1088 illorum
1922 1035 2094 1087 cultui

526 1137 870 1196 dedicarunt,
937 1133 1228 1202 plurimum
1288 1130 1759 1196 circumponentes
1819 1138 2093 1191 ornatum,

525 1237 812 1295 metusque
868 1225 1112 1278 celebres
1162 1222 1228 1274 ad
1282 1222 1586 1274 dazmomim
1647 1219 2094 1287 superstitionem

522 1324 916 1370 convocantes.
936 1313 1138 1365 nullam
1156 1325 1282 1363 vero
1303 1309 1405 1362 mei
1429 1309 1743 1362 memoriam
1769 1308 2092 1361 retinentes.

527 1405 665 1459 Dicit
681 1413 859 1457 autem
877 1401 978 1470 13
994 1400 1218 1463 Baalini,
1235 1399 1352 1450 loco
1370 1396 1661 1463 idolorum,
1674 1396 1724 1448 in
1747 1405 1899 1464 parte
1912 1395 2096 1448 omnia

524 1500 845 1568 cempletus
883 1512 896 1548 :
930 1503 1043 1546 tum
1071 1502 1124 1546 et
1159 1500 1431 1544 amatores
1463 1504 1614 1542 more
1642 1489 1803 1543 solito
1832 1488 1964 1540 dicit
1998 1502 2097 1556 pro

525 1589 866 1646 daemonibus
895 1603 911 1652 ;
947 1591 1161 1639 constat
1199 1583 1344 1636 enim
1366 1621 1381 1645 ,
1417 1581 1470 1634 in
1514 1581 1783 1634 idolorum
1829 1580 2096 1647 obsequio

524 1698 715 1750 reapse
739 1681 1015 1733 daemones
1049 1675 1228 1729 cultos
1267 1673 1460 1727 fuisse.
1499 1692 1517 1722 ‹
1556 1670 1769 1725 Idcirco
1802 1687 1903 1740 ego
1931 1671 2098 1726 sedu-

521 1789 643 1827 cam
689 1773 857 1833 illam,
900 1776 954 1822 et
995 1768 1168 1820 inslar
1203 1764 1404 1818 deserti
1451 1779 1670 1833 ponam.
1712 1783 1731 1814 ι
1780 1761 2094 1831 Captivitati

517 1881 641 1919 eam
667 1862 899 1922 tradam,
944 1860 1142 1926 inquit,
1187 1857 1260 1910 ita
1291 1863 1351 1909 ut
1385 1855 1544 1908 bonis
1575 1855 1834 1908 erunibus
1867 1855 2094 1923 spoliata

521 1963 750 2024 vagetur
774 1953 829 2006 in
864 1951 969 2004 viis
991 1990 1005 2012 ,
1029 1964 1169 2018 quas
1195 1956 1352 2001 antea
1392 1947 1706 2009 nesciebat,
1737 1961 1883 1999 nunc
1915 1954 2093 1997 autem
2131 1927 2169 1981 Β

523 2046 842 2101 calamitose
892 2041 1185 2095 decurrere
1243 2038 1476 2108 cogitur.
1529 2036 1651 2089 Mox
1696 2045 1874 2090 tamen
1926 2051 2097 2105 pinna.-

521 2139 745 2193 decreto
762 2132 1181 2189 conversionem
1209 2144 1428 2199 quoque
1450 2129 1504 2180 in
1537 2127 1732 2182 melius
1755 2127 2100 2187 commiscet,

523 2231 616 2300 qui
657 2237 744 2282 est
778 2226 1170 2297 preplictarum
1208 2237 1347 2283 mos,
1390 2222 1469 2275 sic
1495 2222 1658 2274 etiam
1687 2220 1904 2274 beatum
1937 2218 2097 2270 Davi-

522 2325 645 2376 dem
695 2317 1045 2377 imitantium,
1073 2315 1164 2383 qui
1211 2329 1352 2382 satpe
1394 2314 1447 2366 in
1481 2312 1714 2368 Psalmis
1761 2311 2098 2365 calamitates

522 2413 728 2484 pariter
763 2409 1017 2471 dicebat,
1049 2415 1102 2460 et
1139 2406 1467 2460 solutionem
1503 2404 1888 2475 pollicebatur.
1920 2402 2097 2457 Veluti

523 2519 648 2558 cum
711 2503 765 2555 in
812 2499 1094 2553 tricesimo
1155 2499 1369 2567 psalmo
1427 2497 1502 2549 ait
1537 2512 1600 2550 τι
1661 2495 1919 2550 Miserere
1971 2494 2096 2557 mei,

524 2593 784 2653 Domine.
813 2590 1069 2659 quoniam
1102 2589 1358 2642 tribulor.
1399 2587 1626 2641 Turbati
1667 2595 1798 2641 sunt
1831 2587 1883 2640 in
1919 2586 2100 2640 furore

521 2685 667 2740 oculi
713 2684 854 2742 mei,
897 2691 951 2736 et
989 2682 1168 2734 anima
1224 2695 1341 2733 mea
1387 2695 1451 2732 ac
1499 2688 1687 2733 venter
1737 2694 1912 2733 meus.
1961 2677 2098 2742 Quia

521 2773 724 2828 defecit
754 2774 808 2826 in
838 2773 1026 2825 dolore
1055 2773 1160 2824 vita
1190 2786 1330 2833 mea,
1374 2779 1426 2824 et
1480 2769 1608 2822 anni
1642 2770 1748 2823 mei
1792 2772 1844 2822 in
1881 2769 2097 2839 gemiti-

519 2866 626 2920 bus
679 2863 745 2918 ⁸⁸.
778 2882 796 2913 ι
839 2861 975 2914 Tum
1030 2872 1086 2915 et
1130 2861 1328 2916 deinde
1375 2859 1480 2913 alia
1522 2859 1611 2914 bis
1667 2860 1890 2914 similia.
1930 2858 2100 2912 Paulo

523 2966 645 3022 post
701 2964 914 3013 tamen,
965 2950 1152 3005 dicere
1203 2965 1471 3020 pergens,
1526 2949 1654 3002 ait:
1706 2967 1724 2998 ι
1770 2947 2098 3002 Benedictus

521 3045 810 3106 Dominus,
851 3044 944 3112 qui
995 3041 1307 3096 mirificavit
1352 3039 1791 3094 misericordiam
1831 3055 1988 3092 suam
2042 3041 2097 3093 in

509 3134 743 3194 civitate
795 3133 1025 3186 munita.
1066 3151 1085 3183 ι
1124 3131 1189 3185 Et
1245 3148 1372 3185 mox
1424 3133 1550 3185 item
1603 3132 1709 3184 alia
1759 3132 2095 3202 hujusmodi.

520 3225 690 3280 Multa
746 3225 832 3279 bis
886 3223 1037 3291 paria
1086 3223 1142 3276 in
1185 3222 1419 3277 Psalmis
1471 3225 1780 3291 comperire
1820 3232 1925 3287 est,
1975 3239 2098 3292 qua:

522 3315 800 3388 prophetae
834 3313 1147 3367 necessario
1193 3312 1376 3366 studio
1423 3310 1728 3375 faciebant,
1773 3328 1883 3366 non
1918 3314 2094 3367 modi-

511 3421 641 3461 cam
684 3403 1034 3458 audientibus
1079 3413 1329 3457 creantes
1375 3402 1664 3458 utilitatem
1709 3418 1724 3458 :
1765 3420 2002 3476 namque
2041 3413 2099 3459 ut

519 3495 851 3551 calamitatis
875 3493 1232 3564 praedictione
1251 3494 1591 3560 territarent,
1619 3495 1891 3550 bonorum
1915 3506 2097 3552 autem

513 3587 939 3642 denuntiatione
972 3586 1024 3638 in
1058 3601 1210 3655 spem
1240 3586 1536 3654 erigerent.

593 3847 761 3903 Vens.
803 3848 887 3901 15.
916 3847 1141 3914 —Quid
1173 3863 1303 3918 ergo
1343 3849 1452 3902 ait?
1489 3868 1505 3897 σ
1541 3847 1606 3901 Et
1649 3848 1842 3918 loquar
1889 3847 1954 3902 ad
2004 3863 2101 3902 cor

517 3942 661 4006 ejus.
697 3959 716 3990 ι
766 3938 1013 4003 Solabor,
1041 3940 1236 4009 inquit,
1275 3940 1422 3992 illam
1453 3956 1573 4009 qua:
1613 3940 2100 3994 inconsolabilibus

519 4029 870 4083 conflictatur
905 4030 1082 4082 malis.
1130 4047 1150 4079 ι
1191 4029 1255 4082 Et
1288 4029 1431 4083 dabo
1459 4030 1508 4084 ei
1549 4030 1932 4098 possessiones
1969 4045 2101 4084 suas

520 4117 744 4175 ibidem.
784 4139 802 4170 ι
862 4118 1166 4174 Restituam
1221 4121 1370 4174 illam
1420 4122 1474 4175 in
1525 4121 1770 4190 priorum
1827 4125 2098 4175 bonorum

522 4224 707 4274 usum,
742 4211 1053 4279 captivitate
1081 4211 1348 4267 liberans.
1401 4231 1420 4263 ι
1472 4211 1539 4265 Et
1575 4213 1773 4267 vallem
1817 4213 2001 4267 Aclior
2030 4215 2099 4268 ad

515 4301 870 4370 aperiendam
906 4301 1320 4370 intelligentiam
1347 4303 1540 4372 ipsius.
1584 4323 1604 4355 ι
1643 4302 1720 4357 Ita
1750 4312 1810 4356 ut
1836 4319 2099 4373 quaecun-

519 4408 628 4461 que
657 4392 753 4446 illo
791 4393 846 4470 in
896 4394 1020 4447 loco
1055 4396 1301 4463 perpessi
1353 4397 1592 4460 fuerunt,
1640 4414 1700 4452 ea
1731 4399 1988 4468 deinceps
2030 4400 2098 4454 ad

512 4483 919 4538 restitutionem
965 4484 1018 4537 in
1070 4485 1586 4540 meliorem-statum
1623 4498 1676 4542 et
1710 4491 1955 4558 priorum
1989 4496 2100 4544 cla-

518 4574 670 4628 dium
718 4574 1150 4629 sublevationem
1195 4585 1496 4632 vertantur.
1549 4577 1796 4634 Sentieut
1825 4581 1992 4643 enim,
2039 4591 2099 4634 ut

513 4677 619 4732 par
652 4673 755 4725 est,
778 4678 842 4717 ex
874 4664 977 4716 hac
1018 4665 1072 4717 in
1119 4667 1314 4719 melius
1339 4671 1716 4735 conversione,
1749 4671 1893 4739 quod
1924 4680 1977 4725 et
2008 4673 2096 4725 illa

477 4755 698 4832 Itristia
751 4771 858 4808 non
910 4758 1123 4809 incuria
1169 4773 1288 4811 mea
1327 4760 1534 4828 experti
1581 4760 1807 4823 fuerint,
1831 4765 1923 4817 sed
1967 4765 2096 4832 quia

479 4835 762 4923 Ecadendo
793 4849 1036 4915 oportuit
1064 4849 1185 4903 illos
1207 4859 1554 4919 peccatorum
1587 4850 1690 4923 14
1721 4868 1946 4908 suorum
1974 4871 2095 4908 sen-

489 4922 638 5008 isum
670 4940 970 5008 percipere.
997 4939 1130 4993 Nam
1164 4959 1182 4992 ι
1211 4942 1403 4996 vallem
1431 4944 1632 5006 Achor,
1673 4965 1690 4994 ι
1717 4946 1890 4999 locum
1916 4947 2099 5001 dicere

670 4982 970 5008 "mre.-.
1165 4982 1181 4992 .
1222 4982 1403 4996 .....υ...
1431 4982 1632 5006 “cum,
1673 4982 1689 4994 .
1717 4982 1890 4999 .υ.,ι....
1916 4982 2096 5001 “mae

489 4982 752 5122 Evidetur,
783 5032 834 5084 in
875 5048 984 5101 quo
1024 5036 1324 5101 praesertim
1354 5037 1734 5104 gravissimam
1769 5049 2096 5108 acceperant

492 5123 640 5227 ibelli
675 5125 925 5178 cladem:
973 5141 1037 5179 ex
1081 5142 1186 5193 qua
1232 5138 1527 5182 consecuta
1585 5130 1759 5183 fuerat
1804 5133 2095 5198 captivitas

490 5217 636 5294 ,’cum
667 5218 888 5284 prepria
948 5217 1215 5271 malorum
1268 5223 1508 5289 sequela.
1553 5222 1731 5290 Atque
1764 5240 1830 5277 cx
1862 5224 1964 5278 hac
1993 5225 2096 5277 loci

511 5315 691 5376 parte,
725 5315 892 5359 totam
925 5308 1141 5361 videtur
1180 5310 1422 5377 ipsorum
1457 5295 1751 5381 designare
1775 5316 2052 5384 regionem
2082 5333 2095 5369 :

516 5399 571 5450 in
602 5414 709 5466 qua
740 5407 1034 5468 postquam
1066 5401 1356 5456 innumera
1398 5404 1466 5457 ab
1501 5404 1751 5460 hostibus
1796 5409 1941 5460 mala
1974 5424 2097 5477 per-

515 5488 664 5559 pessi
715 5488 950 5553 fuerant,
1002 5493 1056 5545 in
1105 5495 1475 5564 captivitatem
1534 5499 1767 5569 denique
1801 5502 1869 5555 ab
1899 5502 2092 5556 iisdem

515 5579 733 5633 abducti
763 5580 1001 5636 fuerunt.
1049 5603 1065 5634 ι
1099 5583 1162 5637 Et
1201 5586 1582 5643 liumiliabitur
1635 5589 1747 5646 illic
1783 5594 1945 5662 juxta
1980 5597 2099 5650 dies

515 5669 758 5724 infantiae
808 5688 939 5738 sum,
974 5675 1207 5743 etjuxta
1255 5678 1370 5735 dies
1425 5685 1766 5741 ascensionis
1814 5687 1986 5756 ipsius
2032 5689 2099 5743 de

512 5772 658 5820 terra
687 5762 926 5836 1Egypti.
963 5785 980 5817 ι
1008 5767 1274 5834 Quoniam
1301 5775 1568 5844 superbire
1597 5779 1819 5834 nomine
1840 5780 2094 5852 indigitat

584 5929 636 5964 ⁸⁸
659 5931 811 5986 Psal.
838 5946 966 5997 xxx,
1001 5933 1085 5986 10.

3673 453 3773 512 “0

2198 674 2265 726 τὰ
2314 672 2509 726 ἐνώτια
2549 670 2739 738 αὐτῆς,
2776 669 2870 722 καὶ
2901 666 2968 719 τά
3008 665 3280 735 καθορμια
3311 663 3497 733 αὐτῆς,
3530 661 3624 715 καὶ
3657 663 3777 715 ἑπο-

2201 765 2386 835 ρεύετο
2410 764 2583 815 ὀπίσω
2609 760 2715 813 τῶν
2740 757 2982 829 ἐραστῶν
3010 755 3197 824 αὐτῆς,
3225 751 3359 824 ὲμοῦ
3386 752 3443 805 δὲ
3467 751 3777 818 ἐπελάθετο,

2199 855 2346 922 λέγει
2372 853 2596 921 Κύριος.
2650 871 2668 902 ι
2715 849 2899 902 Ταῦτα
2939 847 2995 900 δὲ
3042 845 3314 898 πείσονται
3355 843 3509 906 δίκας
3549 843 3779 908 διδόντες

2199 943 2338 1014 ὑπὲρ
2359 937 2434 996 ὧν
2454 945 2568 1004 τοῖς
2599 939 2834 1000 εἰδώλοις
2856 938 3162 1008 προσεῖχον,
3191 928 3270 995 οἷς
3293 932 3356 1002 δὴ
3385 930 3484 994 τὰς
3509 931 3702 994 θυσίας
3719 946 3780 984 τε

2199 1035 2494 1104 προσῆγον,
2526 1032 2618 1085 καὶ
2662 1028 2995 1099 πανηγύρεις
3034 1027 3126 1078 ἐπὶ
3169 1028 3236 1095 τῇ
3280 1023 3483 1077 τούτων
3517 1022 3780 1093 θρησκείᾳ.

2200 1127 2481 1186 συνίστων,
2515 1125 2716 1193 κόσμον
2742 1139 2801 1174 τε
2832 1118 3232 1190 περιτιθέμενοι
3273 1115 3542 1178 πλεῖστον,
3571 1115 3650 1183 (p.
3685 1114 3777 1184 l9)

2197 1219 2290 1274 καὶ
2310 1214 2643 1286 πανηγύρεις
2670 1212 3021 1273 συνιστῶντες
3045 1208 3139 1262 ἐπὶ
3163 1210 3230 1278 τῇ
3259 1206 3368 1260 τῶν
3396 1205 3662 1275 δαιμόνων
3685 1203 3779 1258 θε-

2200 1310 2420 1382 ραπείᾳ,
2453 1307 2585 1378 ἐμοῦ
2612 1307 2667 1359 δὲ
2695 1307 2912 1376 μνήμην
2937 1303 3149 1372 ἔχοντες
3179 1298 3462 1370 οὐδεμίαν·
3495 1299 3643 1366 λέγει
3670 1298 3782 1373 γάρ

2196 1404 2307 1463 τοῖς
2342 1400 2438 1470 μὲν
2472 1397 2683 1466 Βααλὶμ
2709 1396 2852 1448 τοῦτ’
2884 1393 2997 1446 ἐστι
3042 1394 3152 1454 τοῖς
3191 1390 3449 1454 εἰδώλοις,
3488 1391 3549 1441 ὲκ
3580 1389 3781 1460 μέρους

2195 1491 2264 1543 τά
2289 1491 2464 1542 πάντα
2495 1489 2694 1555 λέγων·
2729 1485 2964 1558 ἐραστὰς
3004 1484 3061 1536 δὲ
3089 1484 3329 1554 συνήθως
3356 1479 3611 1549 ὀνομάζει
3653 1481 3782 1543 τοὺς

2195 1577 2485 1648 δαίμονας·
2519 1574 2736 1645 εὔδηλον
2768 1574 2874 1646 γὰρ
2912 1575 2993 1627 ὅτι
3025 1575 3083 1625 ὲν
3113 1575 3178 1642 τῇ
3221 1572 3329 1624 τῶν
3354 1569 3585 1624 εἰδώλων
3621 1570 3782 1639 θερα-

2196 1669 2327 1742 πείᾳ
2369 1669 2620 1739 δαίμονες
2663 1663 2799 1738 ἦσαν
2851 1669 2899 1719 οἱ
2950 1665 3374 1737 θεραπευόμενοι
3416 1665 3545 1734 παρ’
3577 1661 3780 1718 αὐτῶν.

2203 1780 2220 1811 ι
2262 1760 2358 1813 Διὰ
2395 1759 2552 1812 τοῦτο
2592 1758 2700 1826 ἐγὼ
2742 1758 2926 1810 πλανῶ
2965 1757 3156 1827 αὐτὴν,
3201 1758 3294 1808 καὶ
3329 1755 3474 1820 τάξω
3506 1755 3678 1825 αὐτὴν
3706 1753 3784 1817 ὠς

2197 1853 2421 1924 ἔρημον.
2467 1873 2484 1904 ι
2518 1851 2871 1921 Αἰχμαλωσίᾳ
2904 1848 3232 1921 παραδώσω,
3265 1849 3448 1918 φησιν,
3497 1847 3639 1900 ὥστε
3684 1847 3784 1899 αύ-

2197 1946 2295 2019 τὴν
2339 1945 2554 1998 πάντων
2601 1945 2802 2016 ἔρημον
2853 1939 3015 1996 οὖσαν
3064 1943 3172 1996 τῶν
3217 1940 3436 2009 ἀγαθῶν
3479 1940 3785 1994 πλανᾶσθαι

2199 2035 2338 2088 κατά
2368 2035 2465 2098 τὰς
2492 2035 2663 2098 ὁδοὺς,
2696 2034 2763 2096 ἃς
2810 2033 3074 2104 πρότερον
3103 2033 3202 2086 οὐκ
3253 2031 3445 2096 εἰδυῖα,
3476 2029 3571 2082 νῦν
3597 2029 3783 2084 ἀνύειν

2199 2125 2305 2176 ὑπὸ
2349 2123 2448 2192 τῆς
2493 2124 2776 2193 συμφορᾶς
2819 2120 3187 2190 ἠναγκάζετο·
3228 2116 3346 2172 εἶτα
3384 2119 3783 2189 καταμίγνυσιν

2197 2218 2263 2287 τῇ
2298 2216 2569 2283 ἀποφάσει
2611 2214 2710 2283 τῆς
2742 2214 3008 2284 τιμωρίας
3045 2212 3139 2264 καὶ
3171 2211 3270 2282 τὴν
3310 2210 3402 2262 ἐπὶ
3439 2209 3502 2262 τὸ
3533 2213 3785 2279 κρεῖττον

2202 2305 2527 2377 μεταϐολὴν,
2557 2304 2740 2367 καθὼς
2785 2303 2903 2366 έθος
2949 2306 3060 2368 τοῖς
3102 2304 3406 2373 προφήταις
3457 2302 3655 2363 ποιεῖν,
3695 2318 3784 2370 μι-

2204 2399 2491 2469 μουμένοις
2519 2399 2609 2451 καὶ
2642 2397 2781 2450 κατὰ
2810 2396 3068 2451 τοῦτοτὸν
3089 2395 3356 2466 μακάριον
3387 2392 3584 2446 Δαυῗδς
3630 2393 3695 2457 ὃς
3726 2395 3782 2447 ὲν

2199 2490 2448 2559 Ψαλμοῖς
2479 2487 2612 2558 ὁμοῦ
2646 2504 2705 2538 τε
2739 2485 2994 2548 πολλάκις
3025 2484 3124 2548 τὰς
3160 2484 3444 2554 συμφορὰς
3474 2483 3651 2552 ἔλεγε,
3690 2485 3784 2536 καὶ

2198 2582 2296 2650 τὴν
2337 2579 2488 2632 λύσιν
2538 2580 2876 2647 ὑπισχνεῖτο·
2914 2576 2989 2639 ὡς
3031 2578 3156 2629 ὅταν
3199 2577 3292 2628 ἐπὶ
3331 2573 3424 2627 τοῦ
3454 2573 3784 2645 τριακοστοῦ

2199 2671 2334 2743 λέγῃ
2356 2669 2600 2739 ψαλμοῦ·
2638 2688 2657 2719 ι
2704 2668 2954 2738 Ἐλέησόν
3004 2684 3094 2737 με,
3147 2667 3338 2738 Κύριε,
3369 2667 3450 2720 ὅτι
3491 2666 3779 2736 θλίϐομαι·

2199 2761 2576 2832 ἐταράχθησαν
2611 2763 2666 2813 ὲν
2696 2759 2848 2829 θυμῷ
2893 2761 2942 2811 οἱ
2983 2757 3246 2828 ὀφθαλμοί
3293 2775 3414 2828 μου,
3437 2760 3470 2828 ἡ
3500 2759 3645 2828 ψυχή
3683 2775 3785 2828 μου

2200 2855 2294 2907 καὶ
2323 2856 2355 2923 ή
2388 2855 2601 2924 γαστήρ
2634 2870 2734 2923 μου
2755 2867 2768 2879 ·
2800 2852 2881 2904 ὅτι
2909 2850 3152 2915 ἐξέλιπεν
3182 2854 3239 2904 ἐν
3264 2851 3423 2923 ὀδύνῃ
3446 2853 3479 2920 ἡ
3513 2851 3624 2920 ζωή
3657 2868 3780 2920 μου,

2200 2943 2294 2997 καὶ
2330 2944 2397 2997 τά
2426 2943 2520 3014 ἔτη
2563 2961 2661 3013 μου
2693 2945 2750 2996 ὲν
2780 2945 3119 3012 στεναγμοῖς.
3152 2961 3170 2992 ι
3206 2942 3316 2995 Καὶ
3369 2941 3490 2994 καθ’
3542 2941 3673 3011 ἑξῆς
3719 2941 3784 2994 τά

2200 3039 2360 3107 ὅμοια
2386 3040 2624 3098 τούτοις·
2662 3031 2782 3088 εἶτα
2826 3035 3129 3105 προϐαίνων
3155 3033 3247 3086 τοῦ
3292 3033 3448 3102 λόγου
3473 3031 3614 3085 κατά
3646 3032 3784 3102 βρα-

2201 3127 2301 3197 χέα
2327 3125 2489 3196 φησίν
2509 3141 2521 3154 ·
2543 3146 2559 3176 ‹
2590 3125 2891 3194 Εὐλογητὸς
2919 3123 3141 3194 Κύριος,
3183 3125 3262 3179 ὃτι
3294 3122 3688 3192 ὲθαυμάστωσε
3724 3121 3787 3176 τὸ

2197 3219 2347 3281 ἔλεος
2380 3217 2542 3270 αὐτοῦ
2570 3219 2626 3270 ἐν
2662 3217 2811 3268 πόλει
2837 3217 3114 3287 περιοχῆς·
3150 3235 3168 3268 ι
3203 3216 3295 3268 καὶ
3322 3214 3442 3267 καθ’
3474 3212 3599 3282 έξῆς
3624 3213 3684 3266 δὲ
3719 3213 3788 3265 τὰ

2197 3311 2360 3379 ὃμοια
2401 3308 2640 3370 τούτοις·
2687 3306 2854 3359 πολλά
2899 3305 2956 3359 δὲ
2999 3306 3222 3360 τοιαῦτα
3267 3306 3359 3359 ἐπὶ
3400 3306 3507 3358 τῶν
3535 3303 3789 3375 Ψαλμῶν

2197 3400 2345 3471 εὖροι
2380 3417 2463 3461 τις
2489 3399 2553 3453 ἄν
2572 3416 2585 3428 ·
2617 3398 2759 3468 ἆπερ
2791 3393 2885 3450 οὖν
2916 3398 3228 3465 ἀναγκαίως
3265 3396 3547 3466 ἐζήλωσαν
3568 3396 3622 3449 οἱ
3650 3413 3786 3467 προ-

2198 3496 2383 3566 φῆται,
2413 3496 2491 3564 (p.
2523 3492 2616 3564 20)
2642 3492 2842 3564 πολλὴν
2872 3495 2982 3556 τοῖς
3011 3492 3266 3546 ἀκούουσι
3294 3491 3659 3563 παρεχόμενοι
3685 3489 3787 3562 τὴν

2197 3587 2414 3658 χρείαν³
2451 3586 2525 3649 ὡς
2557 3585 2623 3640 ἂν
2651 3585 2738 3639 διά
2771 3587 2869 3657 μὲν
2901 3585 3010 3641 τῶν
3049 3587 3148 3657 τῆς
3199 3587 3482 3656 συμφορᾶς
3520 3585 3788 3657 ῥημάτων

2199 3678 2438 3746 φοϐοῖεν·
2471 3678 2560 3731 διὰ
2585 3678 2640 3731 δὲ
2664 3677 2764 3747 τῆς
2791 3677 2900 3730 τῶν
2929 3677 3149 3746 ἀγαθῶν
3182 3676 3534 3746 ἐπαγγελίας,
3564 3675 3786 3728 εὸέλπι-

2196 3771 2291 3835 δας
2322 3774 2545 3824 ποιοῖεν.

2267 3863 2418 3933 Στίχ.
2452 3869 2532 3916 ιε’.
2566 3894 2636 3905 -—
2671 3863 2736 3915 Τί
2791 3858 2884 3916 οὖν
2915 3878 3082 3932 φησις
3111 3881 3130 3912 ι
3155 3860 3264 3914 Καὶ
3293 3859 3508 3931 λαλήσω
3551 3859 3646 3913 ἐπὶ
3682 3859 3788 3930 τὴν

2197 3955 2426 4025 καρδίαν
2461 3954 2655 4024 αὐτῆς.
2690 3973 2716 4006 ι»
2746 3953 3122 4025 Παρακαλέσω
3143 3992 3156 4014 ,
3215 3952 3401 4023 φησὶν,
3436 3950 3608 4021 αὐτὴν
3643 3951 3788 4021 μετά

2195 4046 2374 4111 τοῦτο,
2395 4045 2848 4117 ἀπαραμυθήτοις
2869 4044 3204 4100 παλαίουσαν
3239 4045 3350 4106 τοῖς
3379 4044 3590 4105 κακοῖς.
3627 4062 3646 4096 ι
3673 4044 3788 4096 Καὶ

2197 4136 2352 4191 δώσω
2383 4139 2520 4208 αὐτῇ
2555 4138 2626 4191 τὰ
2650 4139 2908 4208 κτήματα
2949 4136 3118 4206 αὐτῆς
3146 4133 3374 4188 ἐκεῖθεν.
3417 4153 3436 4185 ι
3471 4135 3788 4187 Ἀποκατα-

2201 4231 2379 4300 στήσω
2404 4229 2566 4283 πάλιν
2587 4229 2757 4299 αὐτὴν
2779 4229 2871 4282 ἐπὶ
2889 4229 2988 4299 τὴν
3013 4228 3120 4281 τῶν
3147 4209 3428 4298 προτέρων
3454 4227 3788 4291 ἀπόλαυσιν,

2197 4321 2297 4391 τῆς
2313 4321 2684 4391 αἰχμαλωσίας
2705 4321 3008 4384 ὲκσπάσας.
3035 4341 3053 4370 ι
3080 4322 3189 4374 Καὶ
3218 4321 3314 4391 τὴν
3343 4320 3562 4374 κοιλάδα
3578 4321 3788 4395 Ἀχὼρ,

2196 4410 2457 4475 διανοῐξαι
2487 4410 2706 4464 σύνεσιν
2745 4412 2931 4481 αὐτῆς.
2966 4429 2985 4463 ι
3049 4411 3210 4464 Ὥστε
3252 4412 3426 4465 ὁπόσα
3469 4413 3592 4464 κατ’
3639 4414 3792 4466 ἐκεῖ·

2134 4538 2175 4590 D
2203 4519 2294 4556 vov
2320 4501 2623 4555 πεπόνθασι
2669 4503 2760 4555 τὸν
2793 4503 2979 4564 τόπον,
3021 4502 3340 4556 συντελέσαι
3368 4502 3553 4555 λοιπὸν
3595 4504 3793 4566 αὐτοῖς

2203 4595 2282 4657 είς
2316 4594 2596 4663 βελτίωσιν
2619 4597 2713 4647 καὶ
2731 4594 3015 4665 διόρθωσιν
3046 4593 3154 4647 τῶν
3185 4593 3595 4664 προειληφότων
3627 4613 3793 4648 πται-

2203 4687 2454 4754 σμάτων·
2491 4685 2842 4755 αἰσθήσονται
2895 4687 3024 4757 γάρ,
3053 4687 3129 4749 ὡς
3176 4685 3343 4748 εἰκὸς,
3371 4689 3436 4738 ὲκ
3472 4686 3572 4755 τῆς
3605 4687 3704 4739 ἐπὶ
3731 4685 3794 4738 τὸ

2199 4777 2444 4846 κρεῖττον
2467 4777 2789 4846 μεταϐολῆς,
2826 4778 2906 4830 ὅτι
2931 4777 3154 4831 καὶτῶν
3192 4777 3452 4848 λυπηρῶν
3489 4777 3591 4830 οὐκ
3629 4780 3793 4830 ἐπει-

2203 4865 2442 4936 ράθησαν
2477 4868 2543 4920 δι’
2582 4867 2845 4938 ἀμέλειαν
2885 4868 3042 4940 ἐμὴν,
3085 4868 3198 4921 ἀλλ’
3222 4868 3408 4939 ἐπειδὴ
3442 4869 3795 4934 πταίσαντας

2199 4957 2447 5026 αἴσθησιν
2471 4959 2637 5029 ἐχρῆν
2653 4961 2762 5012 τῶν
2776 4961 3190 5030 ἁμαρτημάτων
3205 4960 3390 5013 λαϐεῖν
3409 4959 3519 5012 τῶν
3536 4962 3657 5013 οίκε
3669 4960 3792 5013 ίων·

2199 5050 2259 5100 τδ
2281 5049 2388 5120 γὰρ
2421 5069 2438 5100 ι
2463 5051 2682 5105 κοιλάδα.
2715 5051 2913 5122 ’Λχὼρ,
2947 5071 2966 5102 ι
2996 5053 3158 5105 τόπον
3189 5052 3330 5106 ἔοικε
3360 5052 3538 5120 λέγειν
3561 5054 3621 5104 ὲν
3729 5052 3798 5123 δὴ

2203 5142 2438 5211 μάλιστα
2455 5143 2552 5212 τὴν
2575 5143 2884 5215 βαρυτάτην
2903 5144 3150 5210 ἐδέξαντο
3169 5144 3264 5197 τοῦ
3287 5145 3525 5215 πολέμου
3545 5149 3797 5216 τροπήν·

2199 5233 2272 5295 ὼς
2299 5234 2660 5305 ἀκολουθῆσαι
2685 5239 2784 5308 τήν
2809 5253 2866 5288 τε
2897 5237 3274 5307 αἰχμαλωσίαν
3295 5277 3309 5301 ,
3355 5239 3448 5290 καὶ
3473 5238 3541 5290 τά
3570 5237 3801 5291 ἐκεῖθεν

2201 5327 2346 5378 κακὰ
2395 5326 2581 5380 λοιπόν
2607 5345 2619 5358 ·
2651 5327 2725 5392 ὼς
2779 5329 2946 5395 εἰκὸς,
2996 5333 3059 5384 ἐκ
3092 5331 3291 5402 μέρους
3331 5330 3472 5383 κατά
3499 5330 3559 5382 τὸ
3592 5331 3803 5394 εἰωθὸς

2199 5419 2380 5470 πᾶσαν
2408 5419 2586 5472 αὐτῶν
2603 5420 2780 5472 καλῶν
2811 5421 2907 5491 τὴν
2937 5423 3013 5490 (p.
3043 5423 3134 5484 21)
3163 5422 3377 5493 χώραν·
3418 5417 3525 5495 ἐ.νῇ
3550 5422 3803 5476 πλεῖστα

2199 5511 2299 5563 ὅσα
2316 5512 2464 5581 παρὰ
2481 5513 2585 5564 τῶν
2601 5511 2872 5582 πολεμίων
2891 5516 3066 5584 ύπομε
3075 5515 3370 5586 μενηκότες
3391 5516 3554 5576 κακὰ,
3571 5515 3671 5566 ἐπὶ
3694 5516 3802 5586 τὴν

2200 5601 2571 5670 αἰχμαλωσίαν
2589 5603 2911 5673 ἀπήχθησαν
2937 5605 3040 5656 ὑπὸ
3068 5605 3176 5656 τῶν
3199 5604 3525 5674 πολεμίων.ι
3557 5606 3676 5658 Καὶ
3709 5623 3806 5660 τα·

2199 5690 2590 5760 πεινωθήσεται
2609 5693 2726 5744 ἐκεῖ
2747 5693 2888 5745 κατὰ
2906 5694 3002 5755 τὰς
3020 5695 3230 5764 ἡμέρας
3247 5695 3569 5764 νηπιότητος
3585 5695 3661 5747 αὐ
3672 5696 3802 5766 τῆς,

2147 5843 2152 5846 _
2199 5782 2444 5836 καὶκατὰ
2471 5781 2567 5860 τὰς
2600 5783 2813 5854 ἡμέρας
2846 5785 3161 5850 ἀναϐάσεως
3185 5786 3356 5855 αὐτῆς
3390 5789 3454 5839 ἐκ
3486 5786 3587 5855 γῆς
3613 5787 3800 5857 Αιτο-
