3994 6510
237 477 326 535 ιιι
1288 482 1795 538 (IOMMENTARIU:

1900 482 1935 535 Ν
1976 483 2176 537 ΟδΕίΕ
2217 484 2365 539 CAP.
2410 484 2471 538 ll.

3376 490 3481 544 ΝΞ

232 612 419 647 πτου.»
454 593 668 662 Ἐπειδζς
695 594 801 663 γὰρ
833 596 1205 665 ὑπερηφανίαν
1234 598 1381 666 λέγει
1413 598 1473 651 τὸ
1502 598 1795 668 ἀποστῆναὲ

1908 598 2236 665 apostasiam
2289 599 2702 668 neglectumque
2756 598 2872 663 Dei,
2919 599 3348 657 humiliationem
3396 606 3449 661 vi

229 704 289 739 τε
316 684 411 737 καὶ
430 683 701 754 ἀμελῆσαι
727 683 820 736 τού
842 684 1025 772 Θείου,
1056 688 1537 755 ταπείνωσινλέγει
1566 689 1664 760 τὴν
1698 690 1811 741 ἐπί-

230 799 430 850 γνωσιν
458 782 551 833 τοῦ
576 782 944 852 προσήκοντος
963 801 976 813 ·
1014 786 1183 837 καὶτὸ
1215 785 1289 847 ὡς
1318 784 1584 853 δεσπότην
1617 799 1676 834 τε
1716 781 1810 833 καὶ

230 875 422 945 κριτὴν
434 874 527 926 καὶ
543 875 744 945 Κύριον
758 875 862 927 τῶν
880 876 1129 929 ἁπάντων
1146 876 1422 945 φοϐεῖσθαι
1438 876 1676 937 δικαίως·
1696 892 1809 927 τοι--

227 962 401 1016 ούτων
417 959 530 1025 οὖν,
549 965 733 1033 φησὶν,
748 966 805 1017 ἐν
829 965 906 1035 τῷ
928 966 1102 1036 καιρῷ
1123 966 1368 1031 τεύξεται
1383 966 1480 1036 τῆς
1506 967 1805 1035 συμφορᾶς.

229 1054 349 1106 καθ’
376 1056 665 1124 ὁμοιότητα
689 1055 796 1107 τῶν
829 1056 970 1108 κατὰ
992 1056 1087 1125 τὴν
1111 1056 1382 1122 Αἴγυπτον
1410 1056 1729 1123 γεγονότων,
1758 1057 1805 1108 οἳ

225 1148 293 1216 τῇ
320 1146 425 1198 τῶν
454 1146 689 1198 πλίνθων
710 1147 943 1217 ἐργασία
960 1149 1389 1218 συντριϐόμενοι,
1408 1149 1724 1216 ἐπέγνωσάν
1746 1167 1805 1201 τε

223 1232 351 1285 ὅθεν
380 1234 618 1304 προσῆκε
638 1236 736 1304 τὴν
766 1234 970 1287 τούτων
1011 1236 1264 1306 εὑρέσθαι
1300 1237 1451 1290 λύσιν
1474 1254 1487 1267 ⁸
1522 1239 1615 1290 καὶ
1640 1239 1803 1307 ἐϐόη-

226 1345 331 1379 σαν
370 1329 608 1391 ἀπαντες
659 1329 793 1398 πρὸς
852 1331 1016 1382 Θεόν·
1064 1330 1203 1383 ὥστε
1249 1332 1409 1384 αὐτὸν
1448 1332 1805 1385 ἐπινεύσαντα

221 1422 345 1481 ταῖς
391 1421 497 1471 τῶν
542 1418 787 1489 βοώντων
825 1422 1071 1491 αἰτήσεσι
1101 1422 1243 1491 μετά
1283 1424 1519 1493 μεγάλου
1550 1422 1641 1477 τοῦ
1672 1424 1802 1478 θαύ-

222 1524 398 1575 ματος
440 1512 738 1577 παρασχεῖν
768 1510 949 1573 αὐτοῖς
982 1511 1079 1580 τὴν
1108 1512 1312 1567 οἰκείαν
1345 1513 1616 1583 βοήθειαν.
1663 1514 1799 1567 Καθ’

216 1600 520 1671 ὁμοιότητα
542 1600 627 1671 δὴ,
662 1604 847 1671 φησὶν,
873 1603 1095 1657 ἐκείνων
1123 1605 1275 1657 ἔσται
1307 1607 1483 1659 καὶτά
1512 1607 1607 1659 νῦν
1626 1624 1637 1636 ⁸
1659 1608 1802 1660 οὓτω

220 1691 712 1762 σωφρονιζομένων
734 1710 791 1745 τε
822 1694 924 1747 ὑπὸ
964 1695 1063 1765 τῆς
1098 1699 1401 1767 συμφορᾶς,
1426 1699 1520 1751 καὶ
1544 1700 1796 1767 ἐπιγινωο

218 1780 464 1832 σχόντων
498 1780 588 1833 τὸν
618 1781 797 1834 αἴτιον
825 1783 933 1835 τῶν
968 1784 1216 1851 ἀγαθῶν·
1258 1787 1352 1839 καὶ
1383 1789 1673 1843 αἰτούντων
1697 1790 1797 1859 μὲν

215 1870 322 1941 τὴν
351 1871 599 1943 βοήθειαν
646 1876 879 1937 ἐκεῖθεν,
918 1877 1056 1947 μετὰ
1090 1877 1286 1947 πολλῆς
1314 1879 1371 1932 δέ
1410 1881 1511 1951 τῆς
1550 1882 1799 1946 εὐκολίας

214 1963 597 2031 τυγχανόντων
637 1966 828 2035 αὐτῆς.

289 2054 441 2123 Στίχ.
476 2061 645 2119 ις’-κ’.
683 2086 753 2095 -—-
794 2078 809 2107 ι
852 2060 962 2111 Καὶ
991 2060 1141 2114 ἔσται
1190 2064 1248 2115 ἐν
1290 2067 1355 2135 τῇ
1388 2066 1569 2137 ἡμέρα
1594 2069 1797 2140 ἐκείνῃ,

214 2142 369 2211 λέγει
405 2145 625 2215 Κύριος,
657 2148 873 2200 καλεσει
903 2168 969 2219 με
999 2150 1027 2201 6
1060 2153 1198 2225 ἀνήρ
1226 2172 1349 2224 μου,
1377 2158 1469 2209 καὶ
1488 2158 1549 2209 ού
1583 2159 1800 2211 καλεσει

216 2253 291 2319 με
316 2237 397 2289 ἔτι
434 2238 645 2308 Βααλίμ
667 2256 680 2268 ·
722 2241 815 2293 καὶ
842 2241 1023 2312 ἐξαρῶ
1049 2244 1118 2297 τὰ
1168 2246 1405 2317 ὀνόματα
1446 2249 1552 2302 τῶν
1589 2250 1800 2319 Βααλὶμ

214 2316 291 2381 ἔχ’
354 2330 447 2382 τοῦ
499 2331 761 2399 στόματος
818 2334 1022 2403 αὐτῆς·
1084 2336 1179 2401 καὶ
1227 2339 1287 2390 ού
1352 2338 1426 2409 μὴ
1490 2342 1799 2411 μνησθῶσιν

213 2422 293 2490 (p.
346 2421 439 2481 22)
492 2422 675 2473 οὐκετι
729 2420 838 2473 τῶν
884 2424 1165 2494 ὀνομάτων
1210 2429 1410 2485 αὐτῶν.
1464 2449 1483 2481 ι
1535 2432 1666 2483 Τότε
1710 2434 1796 2505 δὴ,

213 2516 407 2583 φησὶν,
459 2514 849 2582 ἐπιγνῶσονται
909 2518 1185 2589 κηδεμόνα
1224 2522 1444 2585 οἰκεῖον,
1507 2525 1600 2577 καὶ
1659 2526 1797 2578 πάν·

209 2622 327 2656 των
358 2607 696 2673 ἀποστάντες
723 2612 831 2665 τῶν
856 2612 1081 2676 λοιπῶν,
1108 2616 1173 2683 τῇ
1191 2613 1450 2686 θεραπείᾳ
1475 2616 1798 2685 προσέξουσι

209 2701 274 2767 τῇ
316 2699 446 2768 ἐμῇ,
491 2702 672 2770 πάσης
708 2702 809 2772 τῆς
846 2704 954 2756 τῶν
986 2703 1219 2756 εἰδώλων
1249 2706 1609 2776 ἀφιστάμενοι
1635 2708 1797 2779 θερα-

210 2789 378 2851 πείας
403 2805 417 2818 ο
449 2788 523 2853 ὡς
573 2792 841 2861 μηδεμίαν
905 2795 1126 2864 μνήμην
1164 2795 1362 2858 αὐτοὺς
1401 2795 1546 2865 ἔχειν
1576 2797 1797 2849 ἐκείνων

210 2882 319 2947 ἔτι,
345 2881 481 2952 μηδέ
501 2900 628 2937 τινα
657 2884 814 2953 λόγον
838 2886 1018 2939 αὐτῶν
1050 2887 1319 2939 ποιεῖσθαι
1349 2888 1442 2940 τοῦ
1476 2888 1663 2941 λοιποῦ
1693 2906 1706 2920 ο
1738 2890 1799 2943 τὸ

208 2976 288 3042 δὲ,
324 2996 343 3027 ‹
381 2978 457 3029 Ού
488 2977 706 3031 καλεσει
748 2996 817 3048 με
861 2979 939 3032 ἐτι
969 2980 1199 3049 Βααλίμ,
1239 2998 1257 3030 ι
1291 2980 1476 3050 ἐπειδὴ
1506 2980 1635 3044 Θεὸς
1672 2977 1741 3052 ἧν
1770 2983 1799 3033 6

207 3069 387 3123 ταῦτα
421 3069 616 3136 λέγων,
649 3069 873 3133 υύκέτι,
899 3070 1052 3137 φησί,
1084 3070 1184 3141 τὴν
1214 3071 1512 3141 ὀνομασίαν
1538 3073 1637 3141 τὴν
1658 3074 1798 3143 ἐμὴν

208 3160 535 3232 ἐπιθήσουσι
567 3164 681 3224 τοῖς
714 3160 927 3230 Βααλίμ
948 3178 962 3191 '
996 3162 1092 3215 ἅτε
1124 3162 1225 3231 τῆς
1258 3162 1356 3231 μὲν
1389 3164 1604 3233 ἀπάτης
1622 3181 1796 3233 κεχω-

211 3254 460 3323 ρισμένοι
499 3253 598 3321 τῆς
647 3252 891 3314 ἐκείνων,
933 3253 1069 3324 πρὸς
1098 3253 1197 3323 ἐμὲ
1240 3253 1295 3305 δὲ
1328 3254 1463 3324 ὀρᾷν
1494 3256 1797 3322 ἐγνωκότες
1824 3279 1865 3334 C

207 3343 301 3395 τοῦ
331 3341 526 3395 λοιποῦ
546 3342 637 3395 τὸν
676 3341 846 3404 ὅντως
889 3342 1042 3395 Θεόν.
1074 3360 1091 3392 ι
1122 3343 1230 3395 Καὶ
1258 3342 1585 3413 διαθήσομαι
1615 3346 1796 3409 αὐτοῖς

206 3438 479 3507 διαθήκην
516 3438 574 3489 ἐν
632 3439 700 3506 τῇ
764 3436 948 3507 ἡμέρᾳ
998 3436 1180 3507 ἐκείνῃ
1235 3437 1372 3507 μετὰ
1424 3437 1532 3490 τῶν
1591 3437 1795 3509 θηρίων

205 3529 301 3581 τοῦ
353 3529 554 3599 ἀγροῦ,
606 3530 700 3583 καὶ
741 3529 878 3599 μετά
910 3528 1020 3581 τῶν
1064 3528 1325 3581 πετεινῶν
1378 3529 1472 3582 τοῦ
1518 3531 1750 3601 ούρανοῦ
1775 3570 1791 3595 ,

205 3622 301 3673 καὶ
355 3622 499 3688 μετά
551 3620 657 3673 τῶν
690 3620 933 3689 ἑρπετῶν
966 3620 1066 3689 τῆς
1106 3619 1230 3689 γῆς.
1268 3638 1287 3670 ι
1322 3620 1461 3683 Τοὺς
1506 3622 1791 3692 πρότερον,

206 3714 395 3781 φησὶν,
428 3712 613 3774 αὐτοῖς
641 3710 1111 3774 ἐπιϐουλεύοντας,
1142 3710 1238 3762 καὶ
1269 3709 1542 3780 πολεμίως
1572 3711 1794 3781 ἔχοντας

203 3805 345 3876 πρὸς
380 3805 603 3866 αὐτοὺς,
635 3802 1036 3871 παρασκευάσω
1074 3801 1171 3871 τὴν
1201 3802 1337 3871 πρὸς
1358 3802 1555 3866 αὐτοὺς
1577 3803 1792 3859 ἑλέσθαι

202 3894 411 3961 φιλίαν.
438 3914 456 3943 ι
487 3895 598 3946 Καὶ
642 3892 794 3957 τόξον
843 3894 936 3945 καὶ
980 3890 1252 3961 ῥομφαίαν
1288 3891 1382 3944 καὶ
1408 3891 1642 3955 πόλεμον
1669 3912 1793 3947 συν-

198 3984 385 4055 τρίψω
425 3983 534 4036 ἀπὸ
567 3983 666 4053 τῆς
704 3984 827 4051 γῆς·
860 4002 879 4035 ι
916 3983 1095 4052 πάσης
1137 3982 1334 4045 αὐτοὺς
1382 3982 1615 4052 πολέμου
1676 3985 1793 4037 πεί-

200 4098 307 4150 ρας
358 4079 521 4141 ἐκτὸς
566 4078 910 4147 καταστήσω.
959 4096 976 4127 ι
1017 4076 1127 4130 Καὶ
1166 4075 1407 4129 κατοικῶ
1464 4078 1659 4140 αὐτοὺς
1704 4077 1792 4130 ἐπ’

196 4172 413 4225 ἐλπίδι·
479 4190 498 4222 ι
551 4169 955 4239 παρασκευάσω
1009 4167 1065 4220 δὲ
1108 4168 1172 4220 ἐκ
1201 4166 1309 4219 τῶν
1350 4168 1792 4238 προσγινομένων

196 4265 390 4326 αὐτοῖς
440 4261 683 4329 ἀγαθῶν,
736 4260 830 4312 καὶ
878 4259 1006 4328 περὶ
1056 4257 1163 4310 τῶν
1196 4258 1334 4327 μετά
1365 4258 1535 4312 ταῦτα
1562 4262 1793 4331 χρηστό-

192 4373 339 4425 τερα
376 4354 640 4417 ἐλπίζειν.
686 4371 705 4404 ι
750 4352 858 4404 Καὶ
896 4350 1302 4421 μνηστεύσομαί
1346 4368 1407 4403 σε
1452 4352 1672 4421 ἐμαυτῷ
1712 4354 1792 4416 είς

193 4451 289 4500 τὸν
346 4448 551 4501 αἰῶνα·
590 4447 684 4498 καὶ
727 4443 1133 4515 μνηστεύσομαι
1188 4444 1410 4514 ἐμαυτῷ
1465 4445 1522 4496 ἐν
1590 4444 1792 4497 δικαιο-

194 4540 342 4609 σύνῃ
388 4541 484 4591 καὶ
540 4541 598 4590 ἐν
656 4538 884 4607 κρίμασι
927 4538 1022 4590 καὶ
1068 4539 1125 4589 ὲν
1179 4536 1315 4607 ἐλέῳ
1349 4539 1443 4591 καὶ
1479 4540 1537 4590 ἐν
1586 4540 1790 4609 οἰκτιρ-

194 4636 348 4701 μοῖς.
391 4650 410 4681 ι
455 4632 545 4682 Ἐν
588 4633 654 4699 τῇ
702 4629 994 4699 οἰκειότητί
1053 4646 1112 4681 σε
1170 4629 1329 4682 πάλιν
1382 4630 1670 4695 κατατάξω
1716 4634 1782 4700 τῇ
1822 4613 1863 4666 ί)

189 4725 303 4793 ἐμῇ
334 4741 349 4751 ⁸
381 4722 604 4792 παρέξω
629 4722 684 4773 δέ
710 4739 812 4781 σω,
844 4721 1000 4791 φησὶ,
1036 4721 1111 4788 (p.
1136 4721 1227 4790 9.5)
1255 4721 1351 4791 τὴν
1386 4722 1657 4774 οἱκείωσιν
1685 4722 1784 4793 τὴν

187 4817 368 4885 ἐμὴν,
388 4814 775 4884 ἐτιμελόμενός
795 4830 852 4865 τε
886 4813 979 4865 τοῦ
1010 4813 1244 4875 δικαίου,
1274 4814 1367 4865 καὶ
1397 4814 1641 4877 κολάζων
1662 4815 1791 4877 τοὺς

182 4906 535 4973 ἠδικηκότας
584 4922 643 4956 σε
699 4904 841 4958 κατὰ
896 4904 986 4957 τὸν
1032 4906 1132 4975 τῆς
1158 4906 1538 4975 αἰχμαλωσίας
1576 4906 1787 4975 καιρὸν,

184 5000 408 5066 κρίνων
440 5015 497 5048 τε
530 4998 700 5050 ἅπασι
726 4997 861 5066 μετά
886 4996 980 5048 τοῦ
999 4996 1207 5049 δικαίου
1230 5014 1241 5026 ⁸
1274 4996 1367 5049 καὶ
1402 4998 1507 5068 μὴν
1536 4998 1629 5049 καὶ
1653 4997 1789 5066 ἐλέῳ

180 5093 254 5143 τά
291 5088 451 5143 κατά
478 5090 534 5141 σέ
563 5088 801 5143 διοικῶν.
838 5110 854 5138 ι
893 5089 1003 5141 Καὶ
1034 5088 1437 5159 μνηστεύσομαί
1473 5106 1531 5140 σε
1565 5088 1788 5159 ἐμαυτῷ

1914 686 2101 739 cissim
2134 685 2265 738 dicit
2311 686 2471 739 oﬂicii
2505 688 2711 756 proprii
2741 688 3127 758 cognitionem,
3161 690 3480 764 justumque

1917 775 2029 839 Dei,
2060 786 2119 830 ut
2154 777 2438 847 principis,
2476 777 2790 847 judicisqne
2835 794 2898 833 ac
2924 780 3159 846 Domini,
3198 784 3475 843 timorem.

1913 867 2068 922 Hunc
2092 885 2245 941 ergo,
2291 871 2387 935 ait,
2424 872 2748 926 calamitatis
2794 880 3033 943 tempore
3068 874 3305 930 fructum
3342 894 3480 932 nan-

1911 962 2170 1037 cisgctur,
2230 971 2390 1032 prout
2430 964 2556 1017 olim
2615 964 2667 1018 in
2720 963 2955 1034 Egypto
3009 969 3288 1031 usuvenit,
3351 984 3477 1024 cum

1911 1068 2073 1122 opere
2120 1054 2364 1108 latericio
2405 1054 2651 1108 faciendo
2690 1056 2882 1117 attriti,
2926 1068 3261 1126 agnoverunt
3306 1062 3478 1115 unde—

1909 1159 2035 1197 nam
2086 1146 2346 1199 malorum
2387 1147 2707 1201 solutionem
2753 1156 2934 1216 petere
2974 1149 3267 1218 deberent;
3336 1168 3477 1205 cun-

1909 1238 2091 1304 ctique
2144 1233 2214 1287 ad
2268 1235 2435 1290 Deum
2492 1238 2900 1305 elatnaverunt;
2963 1254 3070 1308 quo
3123 1239 3285 1304 facto,
3333 1241 3477 1297 Deus

1909 1340 2155 1379 annuens
2206 1327 2555 1380 clamantium
2623 1327 2896 1395 precibus,
2948 1345 3057 1383 non
3106 1330 3223 1385 sine
3285 1332 3478 1400 grandi

1909 1414 2171 1469 miraculo
2193 1432 2350 1470 suum
2376 1416 2453 1470 eis
2477 1417 2737 1470 auxilium
2760 1420 3139 1488 suppeditavit.
3158 1420 3475 1489 Praesentia,

1912 1504 2106 1574 inquit,
2139 1507 2255 1575 pari
2283 1521 2347 1561 ac
2382 1507 2469 1560 illa
2509 1517 2690 1562 vetera
2727 1510 3035 1564 conditione
3065 1512 3227 1565 ﬁent:
3270 1512 3358 1567 his
3392 1512 3477 1563 vi-

1907 1596 2104 1651 delicet
2132 1599 2443 1653 calamitate
2482 1600 2805 1665 emendatis,
2837 1610 2889 1656 et
2908 1618 3030 1657 eum
3062 1605 3153 1674 qui
3179 1618 3346 1658 causa
3380 1603 3477 1657 bo-

1907 1702 2101 1741 norum
2144 1697 2229 1743 est
2272 1692 2730 1759 agnoscentibus,
2772 1692 3118 1764 indidemque
3169 1710 3326 1765 opem
3379 1710 3475 1763 po—

1908 1779 2207 1844 scentibus,
2233 1796 2511 1852 pronaque
2541 1783 2955 1853 impetrantibus
2984 1782 3261 1839 facilitate.

1974 2058 2139 2113 Vens.
2174 2058 2447 2114 46-20.—
2470 2080 2487 2112 ‹
2520 2060 2740 2131 Eritque
2761 2060 2848 2116 die
2881 2063 2991 2126 illa,
3022 2062 3155 2117 dicit
3190 2064 3475 2129 Dominus,

1900 2148 2119 2203 vocabit
2158 2164 2246 2204 me
2292 2150 2375 2203 vir
2417 2166 2608 2213 meus,
2657 2161 2709 2205 et
2751 2167 2858 2205 non
2888 2152 3104 2206 vocabit
3151 2168 3238 2207 me
3269 2153 3477 2207 diutius

1903 2238 2129 2293 Baalim.
2182 2239 2547 2311 Auferamque
2594 2242 2811 2297 nomina
2840 2241 3044 2296 Baalim
3087 2259 3154 2299 ex
3195 2261 3288 2299 ore
3332 2245 3475 2314 ejus,

1902 2347 2002 2387 nec
2058 2332 2491 2387 recordabuntur
2559 2333 2792 2389 ulterius
2856 2335 3139 2389 nominum
3201 2351 3410 2391 eorum.
3450 2356 3469 2387 ο

1902 2423 2054 2477 Tunc
2116 2424 2436 2494 proprium,
2496 2425 2703 2495 inquit,
2764 2433 3071 2481 curatorem
3139 2436 3474 2497 agnoscent,

1900 2516 2221 2586 cunctisque
2251 2516 2373 2570 aliis
2402 2517 2642 2580 omissis,
2668 2516 2737 2571 ad
2760 2518 2965 2572 cultum
2992 2534 3170 2573 meum
3193 2520 3473 2585 accedent,

1900 2605 1968 2658 ab
1998 2607 2145 2660 omni
2185 2607 2449 2662 idolorum
2477 2608 2739 2678 obsequio
2789 2610 3136 2677 recedentes;
3176 2613 3231 2666 in
3264 2621 3475 2669 tantum

1900 2704 1961 2749 ut
2005 2697 2208 2750 nullam
2250 2698 2467 2752 illorum
2519 2699 2841 2753 memoriam
2868 2701 3159 2765 retineant,
3192 2704 3274 2757 vel
3308 2704 3476 2758 mini-

1900 2803 2045 2841 mam
2079 2790 2336 2859 posthinc
2361 2805 2546 2845 curam
2572 2800 2783 2860 gerant.
2807 2790 2963 2858 Quod
2996 2809 3126 2849 vero
3156 2797 3251 2857 ait,
3295 2813 3314 2844 ι
3354 2794 3475 2850 Νοη

1899 2878 2173 2931 vocabunt
2207 2894 2291 2933 me
2311 2879 2545 2948 amplius
2574 2878 2799 2946 Baalim,
2836 2899 2855 2932 ›
2888 2883 3144 2951 quoniam
3180 2883 3323 2939 Deus
3354 2893 3475 2939 erat

1898 2968 1989 3037 qui
2025 2969 2127 3039 15
2176 2970 2249 3023 ita
2299 2971 2559 3040 loquitur,
2617 2970 2773 3026 Haud
2825 2974 2989 3039 ultra,
3038 2974 3236 3044 inquit,
3272 2992 3477 3032 nomen

1900 3076 2079 3116 meum
2124 3062 2329 3115 Baalim
2371 3062 2687 3132 imponent;
2721 3065 3160 3135 quandoquidem
3190 3069 3258 3121 ab
3295 3067 3474 3124 idolo-

1902 3168 2019 3205 rum
2042 3168 2227 3208 errore
2261 3154 2517 3223 regressi,
2546 3154 2613 3208 ad
2656 3171 2743 3210 me
2768 3155 2822 3210 in
2853 3165 3133 3225 posterum
3163 3159 3477 3215 didicerunt

1899 3250 2170 3319 respicere
2196 3266 2385 3305 verum
2419 3249 2609 3304 Deum.
2642 3268 2661 3301 ι
2689 3249 3013 3320 Curaboque
3039 3253 3121 3308 eis
3161 3254 3340 3309 ftedus
3384 3256 3475 3311 die

1899 3342 1988 3395 illa
2018 3356 2141 3395 cum
2174 3340 2306 3396 feris
2333 3343 2471 3411 agri,
2516 3348 2571 3395 et
2600 3357 2723 3396 cum
2750 3343 2875 3397 caeli
2898 3343 3236 3410 volucribus,
3262 3354 3317 3400 et
3348 3361 3474 3401 cum

1898 3440 2057 3485 terrae
2100 3432 2405 3500 reptilibus.
2442 3451 2463 3483 ι
2499 3432 2614 3495 Illa,
2662 3432 2858 3502 inquit,
2890 3449 3010 3503 qua:
3038 3436 3174 3505 ipsis
3202 3445 3360 3490 antea
3390 3438 3477 3491 in-

1898 3523 2260 3587 sidiabantur,
2299 3531 2353 3577 et
2382 3524 2566 3578 hostili
2605 3524 2788 3577 animo
2838 3532 3016 3589 erant,
3056 3526 3197 3581 dabo
3227 3543 3470 3597 operam,

1898 3622 1957 3667 ut
1984 3613 2187 3669 eisdem
2223 3614 2463 3667 amicitia
2505 3614 2827 3685 jungantur.
2874 3634 2893 3667 ι
2929 3618 3237 3688 Arcumque
3264 3628 3318 3673 et
3360 3621 3473 3688 gla-

1896 3705 2043 3759 dium
2084 3719 2147 3758 ae
2190 3704 2387 3758 bellum
2428 3706 2806 3776 tota,regione
2853 3715 3155 3764 conteram.
3193 3729 3213 3761 ι
3266 3709 3475 3783 Nempe

1896 3795 2017 3850 illos
2047 3796 2194 3848 omni
2247 3795 2373 3850 belli
2417 3796 2664 3850 molestia
2707 3798 3011 3868 expediam.
3063 3818 3082 3849 ι
3118 3798 3183 3853 Et
3226 3799 3475 3857 habitare

1894 3905 1989 3945 eos
2036 3889 2231 3943 faciam
2282 3904 2408 3942 cum
2463 3905 2578 3957 spe.
2617 3909 2637 3943 ι
2696 3889 2846 3946 Dabo
2884 3907 3125 3962 operam,
3160 3900 3218 3946 ut
3246 3909 3313 3949 ex
3355 3895 3471 3962 jam

1896 3984 2199 4053 impetratis
2222 3983 2405 4047 bonis,
2434 3984 2658 4038 meliora
2697 3984 2861 4037 etiam
2898 4000 2956 4039 se
2988 3992 3171 4053 postea
3204 3999 3473 4040 consecu-

1894 4083 2048 4129 turos
2080 4082 2322 4144 sperent.
2360 4094 2379 4125 ι
2415 4073 2481 4127 Ει
2521 4074 2794 4143 sponsabo
2826 4081 2878 4128 te
2910 4074 3043 4127 mihi
3088 4075 3143 4128 in
3186 4075 3473 4143 sempiter-

1894 4184 2023 4222 num
2052 4186 2065 4221 ι
2094 4178 2148 4221 et
2180 4167 2456 4236 sponsabo
2484 4166 2616 4219 mihi
2650 4166 2701 4219 in
2749 4164 2984 4233 iustitia,
3038 4165 3092 4220 in
3136 4165 3384 4233 judiciis,
3416 4175 3473 4222 et

1895 4259 1949 4312 in
1976 4258 2370 4323 misericordia,
2397 4266 2451 4312 et
2477 4258 2532 4311 in
2556 4257 3019 4313 miserationibus.
3052 4277 3073 4312 ι
3103 4256 3200 4321 Te,
3225 4259 3470 4329 inquam,

1894 4352 1949 4406 in
1982 4352 2275 4406 amicitiam
2298 4366 2471 4406 meam
2494 4366 2779 4420 reponam,
2806 4352 3013 4421 tibique
3044 4351 3470 4408 familiaritatem

1893 4461 2068 4501 meam
2113 4446 2397 4499 restituam
2425 4461 2439 4507 ;
2468 4458 2626 4515 aaqno
2659 4444 2784 4513 jure
2815 4459 3001 4514 agens,
3026 4453 3081 4499 et
3108 4460 3203 4501 eos
3232 4448 3323 4515 qui
3370 4447 3471 4501 tibi

1892 4536 2225 4609 captivitatis
2275 4547 2516 4605 tempore
2551 4536 2739 4605 injurii
2799 4537 3019 4590 fuerunt
3068 4537 3323 4605 puniens,
3374 4538 3468 4607 ju—

1892 4637 2145 4699 stumque
2206 4628 2268 4683 de
2321 4628 2577 4684 omnibus
2625 4628 2891 4699 judicium
2953 4628 3153 4695 ferens,
3205 4646 3294 4686 res
3344 4637 3468 4685 tuas

1892 4723 2127 4792 denique
2170 4722 2401 4792 benigne
2447 4737 2660 4791 regens.
2694 4740 2711 4773 ι
2753 4721 2819 4775 Et
2848 4722 3125 4791 sponsabo
3149 4730 3201 4777 te
3236 4722 3367 4777 mihi
3410 4724 3467 4779 in

1894 4816 2014 4878 fide,
2057 4826 2109 4869 et
2140 4830 2440 4884 cognosces
2461 4814 2767 4867 Dominum.
2800 4834 2819 4865 ι
2847 4813 2975 4879 Vos,
3001 4814 3243 4884 inquam,
3276 4816 3330 4869 in
3367 4832 3467 4870 ne-

1890 4907 2258 4961 cessariorum
2308 4920 2538 4959 numero
2566 4906 2821 4975 posthinc
2850 4906 3079 4971 habebo,
3116 4907 3209 4976 qui
3252 4916 3306 4961 et
3331 4908 3466 4962 mihi

1890 4997 2202 5051 credidistis
2257 5003 2418 5065 prout
2453 4995 2561 5050 Deo
2591 5012 2688 5065 par
2718 5006 2821 5061 est,
2843 5012 3037 5065 meque
3068 5005 3314 5051 vestrum
3355 4997 3464 5051 Do-

1892 5090 2099 5142 minttm
2129 5090 2449 5158 agnovistis.

178 5188 242 5238 ἐν
266 5186 487 5247 πίστει,
530 5183 624 5235 καὶ
661 5181 935 5252 ἐπιγνώσῃ
970 5183 1059 5234 τὸν
1102 5181 1325 5252 Κύριον.
1362 5202 1379 5231 ι
1414 5182 1645 5251 Δέξομαι
1685 5182 1785 5251 τὴν
1833 5181 2106 5235 οἰκείωσιν
2150 5181 2304 5250 ὑμῶν
2352 5180 2536 5234 λοιπὸν
2583 5180 3022 5235 πεπιστευκότων
3057 5182 3118 5233 τέ
3158 5197 3249 5250 μοι
3283 5178 3465 5240 καθὼς

180 5281 450 5351 προσῆκε
482 5276 628 5348 Θεῷ,
650 5276 743 5330 καὶ
767 5276 1043 5345 Δεσπότην
1071 5275 1541 5343 ἐπιγινωσκόντων
1563 5276 1782 5330 οἰκεῖον.

250 5372 425 5440 Στίχ.
469 5368 576 5423 κα’.
612 5397 683 5407 -
714 5386 733 5419 ‹
768 5368 878 5419 Καὶ
922 5367 1073 5420 ἔσται
1116 5370 1173 5419 ἐν
1229 5370 1295 5438 τῇ
1354 5367 1538 5438 ἡμέρα
1577 5366 1783 5439 ἐκείνῃ,

173 5465 339 5531 λέγει
361 5461 590 5533 Κύριος,
620 5458 988 5529 ἐπακούσομαι
1015 5458 1093 5528 τῷ
1129 5457 1361 5528 οὐρανῷ.
1390 5458 1484 5511 καὶ
1508 5458 1536 5508 6
1555 5459 1783 5528 οὐρανὸς

175 5553 566 5608 ἐπακούσεται
588 5555 654 5622 τῇ
689 5554 780 5621 γῇ,
820 5550 911 5603 καὶ
954 5553 986 5619 ἡ
1020 5550 1092 5619 γῆ
1138 5548 1503 5603 ἐπακούσεται
1538 5548 1616 5619 τῷ
1651 5550 1780 5618 σίτῳ

173 5648 278 5701 καὶ
304 5646 399 5715 τῷ
427 5646 552 5715 οϊνῳ
573 5645 669 5695 καὶ
695 5644 772 5711 τῷ
796 5642 961 5712 ἐλαίῳ
994 5660 1005 5672 ⁸
1028 5642 1121 5695 καί¹
1144 5636 1281 5693 αὐτὰ
1312 5640 1675 5693 ἐπακούσεται
1699 5640 1778 5711 τῷ

187 5742 437 5813 Ἰσραήλ
457 5758 470 5771 ο
511 5746 605 5794 καὶ
631 5738 817 5809 σπερῶ
846 5740 1014 5808 αὐτὴν
1039 5736 1261 5807 ἐμαυτῷ
1299 5738 1391 5788 ἐπὶ
1423 5738 1521 5806 τῆς
1544 5738 1665 5805 γῆς,
1688 5736 1782 5789 καὶ

173 5836 413 5902 ἐλεήσω
435 5832 531 5901 τὴν
553 5832 653 5883 οὐκ
674 5830 811 5898 ὴλεη
822 5829 986 5899 μένην
1004 5844 1017 5857 ·
1053 5828 1147 5881 καὶ
1171 5827 1280 5896 ἐρῶ
1314 5826 1389 5896 τῷ
1417 5829 1478 5879 οὐ
1510 5829 1623 5897 λαῷ
1656 5843 1780 5898 μου,

176 5928 335 5990 Λαός
366 5941 473 5995 μου
517 5920 566 5975 εἷ
606 5922 669 5974 σύ
691 5939 704 5951 ’
730 5924 822 5975 καὶ
852 5922 1013 5983 αὐτὸς
1040 5922 1173 5991 ἐρεῖ,
1217 5921 1419 5989 Κύριος
1449 5923 1477 5973 6
1509 5919 1641 5982 Θεός
1680 5938 1781 5990 μου

174 6016 229 6073 εἷ
276 6035 379 6071 συ.
421 6035 438 6066 ι
465 6016 594 6068 Τότε
632 6014 697 6084 δὴ
726 6013 926 6083 πολλὴν
967 6014 1115 6079 ἕξετε
1153 6013 1246 6066 καὶ
1287 6012 1394 6066 τῶν
1426 6014 1652 6083 καρπῶν
1684 6013 1781 6085 τὴν

1960 5365 2127 5420 Vsus.
2160 5366 2251 5419 21.
2287 5395 2355 5403 —
2382 5383 2401 5416 ι
2426 5366 2650 5435 Eritque
2696 5365 2781 5419 die
2832 5364 2946 5427 illa,
2995 5363 3127 5418 dicit
3174 5362 3463 5428 Dominus.

1888 5458 2178 5513 exaudiam
2230 5458 2457 5521 οωιυω,
2483 5466 2538 5512 et
2594 5458 2793 5512 ctelum
2838 5457 3093 5511 exaudiet
3134 5464 3360 5522 terram,
3408 5466 3466 5512 et

1886 5560 2029 5605 terra
2083 5550 2335 5605 exaudiet
2393 5549 2638 5602 triticum
2683 5556 2737 5602 et
2800 5548 2983 5601 vinum
3028 5556 3082 5601 et
3131 5548 3352 5611 oleum,
3406 5556 3465 5605 et

1884 5640 2000 5695 haec
2041 5642 2335 5695 exaudient
2372 5640 2644 5695 lsraelem.
2691 5639 2988 5708 Seramque
3035 5655 3155 5695 eam
3209 5640 3343 5694 mihi
3404 5641 3461 5696 in

1880 5741 2049 5792 terra,
2079 5742 2134 5787 et
2162 5732 2463 5787 miserebor
2499 5732 2618 5799 ejus
2646 5731 2805 5798 cujus
2836 5745 2945 5783 non
2985 5746 3135 5786 eram
3171 5732 3455 5786 misertus.

1882 5824 2175 5893 Dicamqne
2208 5823 2407 5893 populo
2442 5838 2551 5877 non
2588 5838 2741 5885 meo,
2792 5822 3031 5891 Populus
3065 5840 3217 5878 meus
3247 5839 3307 5878 es
3339 5831 3399 5877 tu
3438 5840 3453 5875 :

1880 5923 1931 5969 et
1956 5917 2072 5985 ipse
2092 5915 2253 5977 dicet,
2270 5915 2532 5967 Dominus
2548 5913 2690 5967 Deus
2716 5929 2870 5969 meus
2899 5931 2957 5971 es
2978 5924 3057 5971 tu.
3100 5914 3286 5969 i'l‘unc
3306 5922 3458 5969 certe

1882 6010 2107 6064 multam
2145 6009 2415 6066 habebitis
2444 6008 2661 6080 frugum
2705 6008 3004 6065 ubertatem
3043 6028 3055 6063 :
3092 6008 3292 6064 etenim
3322 6020 3452 6076 aer,
