3994 6530
494 417 601 476 HI!

1704 410 2055 468 THEODORI
2090 410 2587 471 MOPSUESTENI

3652 413 3753 470 με

489 555 580 595 me
618 536 848 598 volente,
895 530 1121 585 imbrem
1168 527 1347 584 telluri
1389 527 1672 595 demittet;
1723 529 1925 599 quippe
1952 542 2064 583 οω-

2174 530 2433 600 ἁφθονίαν
2460 547 2473 561 ⁸
2507 533 2534 582 ὁ
2564 530 2661 600 μὲν
2682 530 2787 600 γὰρ
2810 530 2916 601 ἀὴρ
2937 530 3073 582 κατά
3098 528 3323 600 γνώμην
3359 529 3493 602 ἐμὴν
3524 531 3751 603 παρέξει

493 630 606 683 lum
637 640 734 697 pro
763 637 887 678 aere
912 620 1075 683 dicit,
1104 619 1272 674 veluti
1303 634 1427 673 cum
1465 620 1589 673 caeli
1628 619 1881 673 volucres
1904 618 2070 682 dicit,

493 732 688 788 nempe
730 715 847 768 illas
878 727 998 782 quae
1042 726 1224 766 aerem
1261 709 1494 764 ﬁndunt.
1540 709 1712 765 Terra
1754 718 1936 765 autem
1969 710 2073 764 rite

492 809 716 879 irrigata
761 804 970 859 fructus
1003 818 1135 857 suos
1182 801 1526 857 abundanter
1554 802 1821 869 prmbebit
1870 816 1885 853 :
1929 815 2072 871 quo-

491 915 613 954 rum
644 898 792 951 lauto
814 894 981 949 lsrael
1008 910 1107 948 usu
1137 892 1348 948 fruetur
1372 934 1387 959 ,
1414 892 1466 947 id
1492 902 1578 948 est
1596 904 1752 948 terra:
1775 892 2067 947 bonorum.

489 990 821 1059 Faciamque
855 996 913 1041 ut
948 986 1052 1056 ιθ
1089 985 1364 1055 propriam
1395 986 1670 1055 regionem
1707 983 1888 1039 denuo
1917 983 2071 1037 into-

490 1082 627 1146 lant,
685 1094 791 1149 qua
853 1086 1011 1133 antea
1064 1077 1259 1147 privati
1314 1075 1566 1141 fuerant;
1620 1086 1783 1144 atque
1847 1074 1923 1127 ita
1989 1072 2066 1128 ibi

494 1171 756 1239 degentes
785 1170 987 1224 cultum
1019 1168 1147 1221 mihi
1186 1166 1537 1222 exhibebunt.
1575 1164 1630 1218 ld
1667 1166 1812 1219 enim
1859 1162 2067 1233 signiﬁ-

494 1273 624 1316 cant
654 1264 742 1317 illa
771 1262 957 1323 verba,
987 1280 1004 1310 ι
1030 1258 1217 1314 Seram
1248 1273 1367 1313 eam
1396 1256 1528 1310 mihi
1554 1256 1607 1309 in
1643 1266 1783 1309 terra
1810 1273 1825 1308 :
1856 1274 1873 1305 ι
1898 1266 2068 1308 meta-

491 1354 666 1420 phora
723 1367 753 1405 a
791 1348 1218 1407 seminatoribus
1266 1356 1481 1415 sumpta
1523 1346 1706 1400 dicere
1754 1347 1964 1407 volens,
2009 1364 2068 1399 se

493 1445 615 1498 illos
650 1452 758 1497 tota
791 1456 982 1496 rursus
1010 1441 1230 1511 regione
1264 1438 1439 1507 patria
1477 1452 1824 1507 sparsurum,
1872 1436 1926 1489 in
1959 1452 2067 1505 qua

495 1550 688 1588 secure
738 1532 1100 1596 habitabant,
1162 1530 1472 1598 debitisque
1538 1543 1665 1598 erga
1724 1543 1810 1581 me
1869 1527 2066 1582 ofﬁciis

494 1626 811 1694 fungentur.
880 1624 1011 1691 Qua:
1059 1622 1278 1693 quidem
1319 1622 1396 1675 ita
1446 1621 1736 1684 evenient,
1795 1620 1923 1688 quia
1980 1634 2067 1673 res

491 1725 709 1782 vestrae,
760 1732 847 1771 me
873 1724 1120 1777 curante,
1160 1714 1386 1768 meliore
1439 1711 1751 1767 conditione
1798 1725 1919 1765 esse
1956 1725 2067 1764 ca:-

495 1816 720 1878 perunt;
771 1808 905 1863 adeo
935 1814 994 1861 ut
1025 1806 1307 1861 misertum
1349 1805 1421 1859 sit
1452 1804 1598 1861 illius
1636 1818 1758 1874 quae
1788 1812 1941 1857 extra
1965 1804 2069 1856 mi-

494 1900 848 1956 sericordiam
908 1897 1122 1964 fuerat;
1184 1895 1471 1964 factusque
1538 1895 1611 1949 sit
1659 1894 1914 1964 populus,
1974 1892 2068 1963 qui

494 2000 654 2048 antea
674 2006 781 2046 non
810 2000 929 2045 erat
954 1988 1209 2058 populus.
1258 1992 1433 2057 Atque
1461 1988 1535 2040 ita
1570 1987 1697 2056 jure
1746 1987 1953 2056 optimo
1981 1986 2071 2043 bis

494 2084 607 2149 ﬁet,
656 2082 783 2153 quia
829 2087 884 2136 et
930 2080 1034 2151 ipsi
1090 2088 1272 2135 vetere
1320 2094 1508 2133 errore
1564 2078 1779 2142 relicto,
1824 2078 2069 2133 debitum

492 2189 656 2230 suum
692 2180 1011 2245 agnoscent,
1044 2170 1300 2239 claraque
1327 2185 1462 2225 voce
1488 2169 1705 2232 dicent,
1740 2170 1914 2224 solum
1947 2185 2071 2225 esse

493 2266 851 2337 ipsorummet
903 2279 1026 2319 vere
1081 2262 1371 2315 Dominum
1428 2276 1492 2315 ac
1553 2259 1747 2326 Deum,
1792 2276 1916 2315 eum
1975 2260 2069 2331 qui

494 2357 736 2413 omnium
771 2363 985 2410 creator
1011 2360 1117 2419 est,
1154 2353 1556 2423 specialemque
1585 2354 1665 2407 eis
1695 2368 1883 2407 curam
1914 2368 2069 2407 suam

492 2448 719 2505 ccelitus
750 2447 961 2502 tribuit.

1144 2769 1298 2824 CAP.
1340 2767 1425 2822 ΙΙΙ.

564 2886 734 2944 Vens.
773 2887 824 2941 1.
863 2913 932 2925 -
963 2902 982 2936 ι
1023 2882 1275 2953 Dixitque
1319 2880 1451 2934 mihi
1505 2878 1770 2934 Dominus
1822 2898 1834 2933 :
1874 2878 2067 2934 Adhuc

495 2980 650 3048 vade,
685 2986 740 3034 et
774 2977 937 3046 dilige
982 2975 1263 3028 mulierem
1299 2971 1615 3042 diligentem
1654 2970 1806 3040 .mala
1841 2976 1895 3024 et
1924 2970 2073 3024 sdul-

494 3082 670 3127 teram
736 3090 750 3125 :
814 3067 958 3122 haud
1013 3081 1173 3122 secus
1223 3078 1388 3133 quam
1452 3061 1594 3117 Deus
1654 3060 1796 3117 ﬁlios
1853 3061 2070 3117 lsraelis

497 3164 692 3234 diligit,
737 3162 866 3216 dum
912 3158 1014 3229 ipsi
1058 3157 1122 3210 ad
1162 3156 1295 3211 deos
1331 3155 1540 3209 alienos
1576 3153 1901 3224 respiciunt,
1948 3153 2070 3208 dili-

499 3263 743 3325 guntque
767 3250 1026 3322 cupedias
1046 3258 1100 3303 et
1123 3248 1371 3301 vinacea.
1406 3265 1424 3297 ι
1460 3244 1598 3299 Hinc
1634 3259 1851 3314 quoque
1882 3245 2071 3314 explo-

498 3356 677 3401 ratum
727 3344 806 3412 ﬁt,
839 3340 985 3413 quod
1036 3341 1312 3395 multoties
1358 3338 1630 3404 diximus,
1666 3352 1775 3390 non
1819 3337 1887 3391 ad
1932 3336 2074 3392 scri-

498 3440 702 3511 ptionis
736 3437 988 3500 formam,
1013 3448 1233 3503 unoque
1268 3438 1477 3493 tenore,
1509 3430 1897 3499 prephetarum
1941 3443 2070 3483 ora-

499 3531 621 3586 cula
642 3529 809 3584 fuisse
829 3525 1170 3595 conscripta,
1196 3522 1290 3579 sed
1320 3538 1386 3577 ex
1415 3521 1703 3575 intervallo
1719 3519 1950 3583 dictata,
1983 3534 2071 3574 se-

499 3621 737 3677 cundum
756 3626 1100 3688 acceptarum
1123 3625 1367 3683 tempora
1384 3612 1777 3668 revelationum
1800 3628 1813 3664 :
1836 3625 2067 3682 quarum

498 3709 762 3764 instinctu
806 3706 873 3761 ad
904 3707 1162 3778 populum
1210 3702 1533 3759 necessario
1564 3702 1729 3757 verba
1770 3700 2067 3763 faciebant,

498 3802 698 3857 divinis
753 3798 1243 3853 illuminationibus
1305 3794 1679 3849 consectanei.
1748 3795 1879 3849 Nam
1942 3808 2066 3847 cum

498 3893 751 3963 superius
777 3897 1090 3946 enarrasset
1124 3888 1358 3941 oblatam
1389 3887 1494 3942 sibi
1536 3887 1752 3940 illarum
1784 3901 1969 3939 rerum
1999 3886 2071 3941 ob

499 3986 683 4057 populi
754 3983 1205 4053 vituperationem
1277 3980 1604 4050 imaginem,
1667 3979 1863 4034 merito
1922 3995 2069 4036 nunc

499 4075 883 4133 revelationem
917 4073 1141 4126 alteram
1177 4069 1382 4141 pariter
1409 4070 1656 4139 exponit,
1688 4084 1851 4139 quam
1880 4078 2071 4141 utpote

501 4180 530 4217 a
548 4163 658 4219 Deo
686 4162 787 4217 sibi
818 4161 1141 4225 immissam,
1162 4159 1352 4228 nequit
1374 4160 1621 4213 reticere.
1650 4158 1857 4213 Etenim
1880 4159 2067 4224 verba,

505 4272 523 4303 ι
559 4252 702 4305 Dixit
732 4250 864 4303 mihi
888 4247 1173 4309 Dominus.
1214 4266 1233 4299 ι
1280 4248 1385 4301 hoc
1424 4247 1751 4317 signiﬁcant,
1808 4249 2069 4304 nimirum

502 4341 596 4394 Dei
645 4340 917 4409 loquentis
956 4354 1143 4393 vocem
1177 4340 1344 4393 veluti
1367 4354 1513 4404 esse,
1556 4338 1755 4392 factam
1788 4339 1936 4394 illam
1965 4340 2069 4396 sibi

502 4430 606 4502 17
660 4431 923 4485 divinitus
979 4429 1382 4485 revelationem.
1434 4429 1709 4484 Mandavit
1756 4448 1885 4503 ergo
1936 4434 2067 4488 mihi

498 4527 785 4580 mulierem
824 4525 1026 4579 habere
1060 4524 1397 4588 adulteram,
1430 4531 1485 4579 et
1528 4524 1771 4593 cujusvis
1802 4523 2067 4576 malorum

500 4617 717 4686 generis
761 4615 1123 4683 operatricem
1160 4630 1173 4667 :
1209 4621 1269 4667 ut
1309 4614 1423 4668 haec
1455 4614 1620 4669 etiam
1664 4615 2069 4683 repraesentatio

498 4704 749 4779 quaedam
789 4708 861 4761 sit
889 4706 1118 4767 mentis,
1153 4720 1320 4774 quam
1364 4721 1463 4777 ego
1497 4720 1625 4775 erga
1671 4706 1888 4760 Israelis
1929 4707 2069 4761 ﬁlios

500 4798 739 4852 retinere
764 4796 986 4859 studui,
1020 4810 1338 4865 quanquam
1362 4796 1507 4848 omni
1543 4796 1878 4865 improbitati
1914 4795 2071 4850 dedi-

500 4900 606 4952 tos,
628 4904 892 4957 sinnnque
910 4896 1093 4956 aperte
1110 4886 1436 4939 adulterium
1458 4896 1822 4953 ostentantes;
1845 4888 1937 4956 qui
1959 4888 2068 4942 diis

498 4977 641 5034 {also
668 4979 810 5047 apud
854 4978 1101 5031 ethnicos
1130 4977 1393 5046 reputatis
1420 4976 1687 5043 student;
1740 4992 2070 5047 magnOpere

498 5079 809 5139 satagentes
857 5070 1181 5125 constitutas
1218 5068 1329 5122 illic
1370 5068 1663 5139 religiones
1696 5069 1922 5138 exsequi
1962 5088 1975 5122 :
2014 5070 2069 5122 id

495 5165 642 5217 enim
675 5161 985 5233 signiﬁcant
1012 5162 1177 5215 verba
1216 5179 1235 5211 ι
1270 5159 1514 5230 cupedia:
1547 5174 1674 5213 cum
1720 5160 2002 5225 vinaceis;
2043 5179 2062 5211 ι

497 5257 653 5326 quasi
714 5255 863 5310 dicat
912 5269 1081 5323 panes
1138 5252 1287 5307 varie
1346 5252 1659 5315 laboratos,
1710 5266 1835 5305 cum
1889 5251 2069 5320 passis

497 5346 753 5399 nimirum
798 5343 940 5407 uvis,
990 5342 1241 5396 admistis
1287 5342 1553 5405 bellariis,
1597 5357 1737 5411 quos
1785 5356 1936 5397 more
1967 5355 2069 5395 suo

498 5436 733 5505 quodam
788 5436 950 5490 idolis
992 5434 1291 5490 oﬁerebant
1334 5452 1346 5487 ε
1388 5448 1516 5487 nam
1562 5451 1581 5486 ι
1633 5434 1897 5503 cupedias
1938 5450 2069 5489 cum

496 5527 740 5582 vinaceis
766 5538 1035 5596 appetere,
1071 5545 1090 5577 ι
1116 5525 1321 5579 dictum
1351 5535 1433 5579 est
1456 5540 1555 5594 pro
1583 5527 1861 5595 voluptate
1898 5540 2063 5596 quam

498 5620 834 5675 honorandis
869 5620 1032 5673 idolis
1073 5619 1317 5688 capiunt.
1363 5616 1536 5672 Porro
1575 5618 1873 5687 superiora
1916 5619 2065 5673 dicta

499 5712 649 5767 luere
667 5711 971 5780 praesertim
990 5711 1057 5764 ad
1078 5711 1266 5764 decem
1283 5710 1527 5763 tribuum
1546 5709 2067 5779 reprehensionem,

500 5820 725 5878 quarum
750 5804 981 5874 populus
1005 5803 1267 5856 derelicto
1298 5802 1430 5865 Deo,
1459 5818 1518 5858 se
1540 5803 1704 5857 idolis
1729 5803 2017 5857 addixerat
2051 5821 2064 5856 :

499 5906 610 5947 haec
654 5901 837 5948 autem
896 5892 964 5946 ad
1018 5893 1501 5965 reprehensionem
1563 5895 1773 5964 pariter
1831 5895 2051 5950 illorum

2176 624 2242 690 τῇ
2267 624 2336 692 γῇ
2360 622 2451 674 τὸν
2466 622 2621 674 ὑετόν
2645 637 2656 651 ο
2680 621 2904 690 οὐρανὸν
2929 620 3038 691 γὰρ
3055 621 3143 673 τὸν
3157 622 3293 692 ἀέρα
3331 623 3489 675 καλεῖ
3514 640 3528 653 ·
3553 623 3628 686 ώς
3660 625 3753 678 καὶ

2175 714 2245 767 τὰ
2287 714 2506 767 πετεινά
2538 714 2632 766 τοῦ
2668 711 2898 784 οὐρανοῦ
2925 714 3052 766 ὅταν
3081 712 3234 784 λέγῃ,
3273 715 3359 768 ἵνα
3397 714 3525 786 εῐπῃ
3552 716 3619 768 τά
3664 716 3751 768 τέ-

2176 820 2379 872 μνοντα
2406 802 2496 857 τὸν
2525 803 2729 874 ἀέρα’ή
2754 803 2810 855 δὲ
2826 802 2898 872 γῆ
2921 803 2994 865 ώς
3012 802 3154 865 εἰκὸς
3175 803 3444 874 ἀρδομένη
3464 806 3589 869 τοὺς
3618 823 3750 880 καρ-

2173 896 2310 958 ποὺς
2324 894 2569 965 ἀφθόνως
2595 896 2891 967 παρέξεται
2920 896 3046 959 τοὺς
3080 896 3312 960 οἰκείους
3332 914 3345 927 ·
3376 897 3441 950 ἐκ
3472 897 3527 951 δὲ
3548 898 3751 953 τούτων

2170 987 2402 1055 ἄφθονον
2422 987 2449 1038 ὁ
2478 986 2692 1058 Ἰσραὴλ
2714 989 2810 1058 τὴν
2833 987 3129 1041 ἀπόλαυσιν
3143 988 3400 1059 κτήσεται
3422 988 3530 1043 τῶν
3564 992 3628 1043 ἐκ
3655 991 3751 1060 τῆς

2170 1077 2274 1145 γῆς
2294 1076 2531 1144 ἀγαθῶν’
2552 1076 2957 1139 παρασκευάσω
2973 1093 3029 1128 τε
3048 1076 3207 1130 πάλιν
3229 1077 3425 1139 αὐτοὺς
3442 1077 3541 1146 τὴν
3563 1077 3667 1146 γῆν
3681 1077 3747 1130 οἰ.

2175 1170 2295 1219 κεῖν
2315 1167 2411 1238 τὴν
2437 1167 2595 1227 ἰδίαν,
2625 1164 2807 1239 ἧσπερ
2837 1163 2928 1221 οῦν
2955 1166 3307 1239 ἀφῃρέθησαν
3322 1167 3573 1239 πρόσθεν,
3591 1168 3667 1231 ώς
3687 1167 3754 1221 ἂν

2171 1256 2249 1329 (p.
2286 1259 2377 1327 24)
2413 1258 2598 1311 αὐτόθι
2628 1258 2906 1326 διάγοντες
2931 1259 3030 1329 τῆς
3050 1259 3189 1329 ἐμῆς
3238 1259 3579 1329 ἐπιμελοῖντο
3601 1259 3754 1329 θερα-

2170 1349 2348 1412 πείαςο
2368 1350 2525 1403 τοῦτο
2550 1351 2658 1422 γὰρ
2686 1350 2834 1418 λέγει
2858 1350 2939 1415 τὸ,
2960 1369 2977 1400 ι
3000 1350 3193 1420 Σπερῶ
3220 1350 3386 1419 αὐτὴν
3417 1350 3639 1420 ἐμαυτῷ
3661 1351 3755 1402 ἐπὶ

2168 1440 2268 1509 τῆς
2304 1442 2407 1509 γῆς
2427 1457 2441 1470 ο
2483 1460 2502 1493 ι
2531 1442 2593 1492 ἐκ
2622 1442 2934 1511 μεταφορᾶς
2966 1441 3072 1493 τῶν
3108 1440 3437 1509 σπειρόντων
3472 1438 3754 1510 βουληθεὶς

2171 1532 2366 1591 εἰπεῖν,
2393 1532 2474 1584 ὅτι
2504 1532 2660 1585 Κατά
2680 1532 2861 1602 πάσης
2882 1530 3078 1593 αὐτοὺς
3104 1529 3306 1583 ἐκτενῶ
3337 1530 3495 1583 πάλιν
3522 1530 3622 1600 τῆς
3650 1531 3755 1601 γῆς

2171 1620 2269 1690 τῆς
2286 1621 2513 1685 οἰκείας,
2543 1620 2681 1691 μετά
2707 1622 3006 1690 ἀσφαλείας
3026 1638 3085 1674 τε
3111 1620 3393 1683 οἰκοῦντας
3410 1622 3465 1672 ἐν
3478 1622 3636 1691 αὐτῇ.
3657 1619 3755 1672 καὶ

2169 1706 2279 1759 τῶν
2317 1709 2442 1777 ἐμοὶ⁵
2491 1709 2874 1780 προσηκόντων
2913 1710 3304 1780 ἀντεχομένους
3328 1710 3546 1764 λοιπόν
3596 1711 3754 1763 ἔσται

2170 1801 2226 1854 δὲ
2255 1800 2451 1860 ταῦτα.
2498 1802 2684 1872 ἐπειδὴ
2738 1801 3043 1874 μεταϐολὴν
3077 1804 3175 1873 τὴν
3215 1805 3306 1856 ἐπὶ
3328 1804 3388 1856 τὸ
3412 1805 3657 1875 κρεῖττον
3682 1804 3755 1858 τὰ

2174 1892 2296 1946 καθ’
2327 1894 2473 1963 ὑμᾶς
2499 1893 2589 1947 διά
2615 1895 2714 1964 τῆς
2743 1895 3068 1965 κηδεμονίας
3100 1895 3311 1964 δέχεται
3338 1895 3439 1964 τῆς
3468 1894 3608 1964 ἐμῆς
3634 1910 3647 1923 ·
3676 1896 3757 1959 ώς

2174 1985 2440 2039 ἐλεεῖσθαι
2471 1986 2568 2055 μὲν
2600 1985 2698 2057 τὴν
2741 1988 2841 2039 οὐκ
2890 1987 3227 2057 ἠλεημένην·
3259 1987 3386 2040 λαὸν
3409 1986 3464 2039 δὲ
3500 1982 3637 2039 εἶναι
3659 1986 3754 2039 τὸν

2171 2078 2232 2129 οὐ
2284 2077 2550 2149 πρότερον
2599 2076 2725 2130 λαόν
2752 2094 2766 2109 ο
2795 2078 2931 2149 ὅπερ
2959 2074 3051 2132 οῦν
3096 2079 3318 2140 εἰκότως
3362 2078 3542 2140 αὐτοῖς
3583 2094 3755 2149 προσ-

2172 2169 2345 2233 έσται,
2371 2170 2556 2241 ἐπειδὴ
2588 2172 2828 2223 κάκεῖνοι
2856 2172 2952 2240 τῆς
2977 2171 3241 2242 πρότερον
3257 2170 3588 2232 ἀποστάντες
3616 2170 3757 2223 πλά-

2171 2280 2270 2333 νης
2332 2263 2721 2331 ἐπιγνώσονταί
2775 2280 2834 2316 τε
2897 2264 2959 2316 τὸ
2990 2262 3126 2327 δέον,
3164 2264 3258 2316 καὶ
3306 2261 3444 2332 μετὰ
3488 2262 3755 2332 λαμπρᾶς

2173 2351 2359 2422 ἐροῦσι
2403 2353 2500 2422 τῆς
2551 2353 2752 2422 φωνῆς,
2783 2354 2866 2407 ὅτι
2904 2353 3065 2416 αὐτὸς
3095 2353 3158 2422 δὴ
3194 2354 3355 2423 μόνος
3388 2353 3535 2405 ἐστὶν
3570 2350 3755 2403 αὐτῶν

2173 2442 2340 2503 ὅντως
2370 2442 2571 2513 Κύριός
2602 2459 2661 2494 τε
2691 2443 2784 2495 καὶ
2813 2443 2963 2506 Θεὸς,
2998 2445 3026 2495 ὁ
3057 2444 3163 2496 τῶν
3189 2443 3439 2497 ἁπάντων
3475 2443 3572 2513 μὲν
3601 2459 3757 2511 ποιη-

2175 2532 2271 2602 τὴς
2306 2534 2400 2586 καὶ
2427 2533 2713 2604 δεσπότης,
2744 2534 2877 2587 ἰδίαν
2896 2534 2953 2588 δὲ
2981 2536 3164 2598 αὐτοῖς
3188 2536 3392 2590 ἄνωθεν
3412 2537 3510 2605 τὴν
3541 2534 3755 2588 οἰκείαν

2176 2625 2366 2695 νείμας
2394 2625 2735 2696 κηδεμονίαν.

2835 2761 2987 2817 ΚΕΦ.
3016 2761 3089 2816 Γ’.

2247 2878 2395 2946 Στιχ.
2452 2882 2523 2929 α’.
2571 2904 2643 2914 -
2674 2894 2692 2927 ι
2732 2876 2842 2928 Καὶ
2893 2871 3017 2929 εἶπε
3071 2876 3275 2947 Κύριος
3322 2877 3458 2946 πρός
3501 2893 3593 2947 με,
3628 2875 3757 2930 Ἔτι

2177 2967 2471 3040 πορεύθητι
2493 2970 2585 3021 καὶ
2607 2969 2890 3040 ἁγάπησον
2924 2972 3157 3039 γυναῖκα
3202 2968 3503 3037 ἀγαπῶσαν
3536 2968 3762 3040 πονηρά

2180 3061 2272 3113 καὶ⁸
2309 3060 2577 3130 μοιχαλίν⁶
2601 3058 2785 3123 καθὼς
2815 3062 3008 3132 ἀγαπᾷ
3026 3063 3054 3113 ὁ
3072 3060 3203 3124 Θεὸς
3226 3062 3375 3123 υἱοὺς
3390 3060 3627 3131 Ἰσραὴλ,
3655 3061 3761 3114 καὶ

2178 3154 2334 3207 αὐτοὶ
2353 3152 2749 3207 ἀποϐλέπουσιν
2774 3155 2865 3207 ἐπὶ
2879 3154 3034 3217 θεοὺς
3054 3152 3387 3225 ἀλλοτρίους,
3415 3154 3509 3207 καὶ
3536 3153 3762 3221 φιλοῦσι

2178 3245 2440 3315 πέμματα
2466 3244 2603 3315 μετά
2629 3244 2920 3314 σταφίδων.
2956 3264 2973 3296 ι
3002 3244 3235 3316 Εὔδηλον
3263 3245 3291 3297 δ
3308 3244 3564 3307 πολλάκις
3600 3245 3761 3314 εἰρή-

2176 3353 2352 3407 καμεν
2411 3335 2724 3401 κάντεῦθεν,
2776 3337 2859 3389 ὅτι
2895 3336 2967 3407 μὴ
3002 3336 3060 3389 ἐν
3100 3336 3422 3406 συγγραφῆς
3448 3334 3572 3387 εἴδει
3608 3335 3762 3387 κατὰ

2178 3429 2306 3498 μίαν
2354 3428 2619 3499 ἁρμονίαν
2681 3428 3091 3499 συγγέγραπται
3144 3427 3214 3480 τά
3253 3426 3362 3480 τῶν
3414 3425 3757 3497 προφητῶν*

2173 3520 2515 3590 διῃρημένως
2548 3519 2603 3572 δὲ
2635 3520 2710 3589 (p.
2744 3519 2835 3591 25)
2862 3520 3077 3591 εἴρηται
3098 3519 3238 3572 κατά
3262 3518 3352 3571 τὸν
3376 3518 3487 3571 τῶν
3539 3518 3762 3572 ἀποκα·

2173 3610 2383 3680 λύψεων
2412 3604 2486 3664 ὧν
2524 3611 2774 3677 ἐδέξαντο
2794 3612 2984 3683 καιρόν
3008 3629 3021 3643 ο
3049 3611 3132 3680 ἐφ’
3159 3606 3247 3675 αἷς
3273 3611 3364 3664 καὶ
3395 3610 3466 3663 τὰ
3489 3611 3629 3681 πρὸς
3658 3612 3761 3664 τὸν

2172 3701 2300 3755 λαὸν
2362 3702 2673 3770 ἀναγκαίως
2715 3704 3052 3773 προσήγοντο
3104 3702 3295 3769 λέγειν.
3325 3704 3439 3764 ταῖς
3472 3701 3762 3755 ἀποκαλύ-

2171 3795 2329 3864 ψεσιν
2356 3792 2610 3864 ἐπόμενοι
2640 3796 2760 3857 ταῖς
2809 3793 2981 3857 θείαις
3004 3809 3018 3824 ’
3050 3792 3289 3865 εἰρηκὼς
3319 3793 3426 3864 γὰρ
3453 3793 3554 3862 τὴν
3584 3793 3764 3862 λῆψιν

2170 3888 2269 3957 τῆς
2298 3888 2417 3940 κατ’
2433 3890 2615 3940 ἐκεῖνα
2635 3886 2840 3949 εἰκόνος
2866 3885 2951 3937 ἐπ’
2977 3885 3195 3955 ἔλεγχον
3217 3884 3313 3937 τοῦ
3340 3885 3469 3938 λαοῦ
3492 3884 3760 3956 ρηθέντα,

2171 3979 2393 4041 δικαίως
2420 3979 2613 4049 ἑτέραν
2644 3976 2984 4046 ἀποκάλυψιν
3008 3975 3239 4029 ἐνταῦθα
3260 3975 3527 4043 διηγεῖται
3563 3976 3763 4041 πάλιν,

2171 4070 2238 4141 ἢν
2257 4069 2402 4140 παρά
2420 4068 2555 4121 Θεοῦ
2575 4067 2863 4139 δεξάμενος
2883 4065 3155 4120 ἐκτίθεται
3171 4067 3483 4133 ἀναγκαίως
3500 4083 3512 4095 ·
3541 4067 3765 4139 τὸγὰρ,

2176 4180 2196 4213 ι
2234 4158 2368 4216 Eine
2394 4160 2597 4233 Κύριος
2624 4161 2759 4230 πρὸς
2790 4160 2877 4229 μέ,
2913 4177 2931 4211 ι
2956 4158 3114 4211 τοῦτο
3133 4158 3303 4228 δηλοῖ,
3336 4158 3472 4211 Θεοῦ
3499 4159 3767 4226 λέγοντος

2171 4251 2311 4309 εἶναι
2382 4256 2565 4326 φωνὴν
2616 4254 2713 4324 τὴν
2779 4251 3151 4322 γεγενημένην
3208 4251 3547 4320 ἀποκάλυψιν
3600 4251 3769 4321 αὐτῷ

2172 4345 2376 4399 θειόθεν
2405 4362 2420 4375 ο
2476 4343 2642 4399 Εἶπεν
2679 4339 2772 4395 οὖν
2824 4359 2935 4412 μοι,
2987 4341 3142 4410 φησὶ,
3181 4340 3308 4409 περὶ
3332 4343 3566 4407 γυναῖκα
3607 4340 3773 4411 ἔχειν

2177 4436 2461 4508 μοιχαλίδα
2509 4435 2605 4488 καὶ
2638 4434 2915 4486 παντοίων
2952 4432 3174 4503 ἐργάτιν
3200 4430 3422 4483 κακῶν*
3451 4431 3526 4493 ὡς
3562 4432 3630 4485 ἂν
3665 4433 3772 4501 μί-

2102 4575 2145 4629 D
2177 4546 2340 4601 μησις
2373 4529 2456 4600 εἴη
2484 4528 2578 4580 καὶ
2608 4525 2769 4579 τοῦτο
2800 4526 2899 4595 τῆς
2912 4522 3155 4594 γνώμης,
3195 4524 3265 4594 ἢν
3289 4528 3418 4593 περὶ
3442 4524 3571 4587 τοὺς
3602 4525 3775 4589 υἱοὺς

2186 4621 2399 4693 Ἰσραὴλ
2470 4620 2774 4683 ἀποσώζειν
2864 4616 3206 4683 ἐσπούδακα,
3254 4616 3403 4687 πάσῃ
3479 4616 3779 4689 μοχθηρίᾳ⁵

2176 4714 2468 4777 συζῶντας,
2519 4710 2615 4763 καὶ
2663 4709 2807 4780 σαφῆ
2867 4708 2965 4778 τὴν
3021 4708 3229 4762 ἑαυτῶν
3271 4708 3778 4776 ἐπιδεικνυμένους

2176 4803 2458 4874 μοιχείανο
2512 4802 2562 4854 οἳ
2622 4800 2753 4871 περὶ
2823 4799 3111 4871 διαφόρους
3175 4799 3545 4853 ἐσπουδάκασι
3596 4798 3778 4862 θεοὺς

2172 4895 2297 4957 τοὺς
2344 4892 2496 4963 παρὰ
2551 4894 2661 4954 τοῖς
2715 4890 2893 4944 έθνεσι
2932 4890 3283 4962 νομισθέντας
3337 4890 3571 4959 ψευδῶς,
3623 4893 3780 4962 περὶ

2174 4984 2369 5040 πολλοῦ
2396 4982 2706 5054 ποιούμενοι
2745 4982 2806 5036 τὸ
2836 4983 2937 5053 τὴν
2973 4982 3104 5052 παρ’
3134 4982 3318 5044 αὐτοῖς
3350 4981 3782 5052 νενομισμένην

2174 5076 2470 5145 θεραπείαν
2503 5074 2819 5146 προσάγειν
2858 5073 3014 5127 τοῦτο
3042 5073 3151 5145 γὰρ
3168 5073 3317 5142 λέγει
3345 5073 3406 5125 τὸ
3428 5092 3446 5123 ι
3478 5073 3786 5143 πέμματα

2176 5168 2315 5237 μετὰ
2361 5166 2670 5233 σταφίδων·
2716 5184 2734 5216 ι
2774 5165 2860 5218 ἵνα
2916 5165 3048 5236 εἴπῃ
3112 5164 3310 5234 ἄρτους
3347 5163 3442 5227 οὒς
3486 5166 3784 5229 ποικίλαις

2173 5255 2672 5319 κατασκευάζοντες
2703 5254 2922 5323 σταφίσι
2946 5271 3005 5307 τε
3052 5255 3281 5323 καὶτοῖς
3304 5254 3628 5324 τραγήμασι
3676 5272 3790 5324 μι-

2172 5348 2416 5416 γνύντες,
2482 5346 2625 5400 κατά
2672 5364 2724 5400 τι
2778 5347 2887 5399 τῶν
2940 5346 3070 5418 περὶ
3130 5345 3301 5399 ταῦτα
3331 5345 3564 5415 ἐχόντων
3606 5345 3787 5413 ἔθος,

2175 5438 2508 5511 προσέφερον
2533 5441 2646 5502 τοῖς
2679 5437 2934 5501 εἰδώλοιςο
2968 5437 3030 5491 τὸ
3057 5438 3166 5508 γὰρ
3197 5457 3215 5489 ι
3247 5438 3459 5503 φιλοῦσι
3484 5439 3795 5509 πέμματα.

2175 5529 2315 5601 μετὰ
2355 5529 2649 5599 σταφίδων,
2685 5549 2704 5580 ι
2747 5530 2867 5582 ἀντὶ
2906 5528 3023 5591 τοῦ,
3067 5528 3132 5581 δι’
3160 5529 3350 5600 ἡδονῆς
3389 5530 3540 5583 ἐστιν
3564 5531 3791 5596 αὐτοῖς

2171 5622 2344 5676 ταῦτα
2365 5625 2538 5676 ποιεῖν
2563 5623 2654 5675 ἐπὶ
2672 5623 2805 5692 τιμῇ
2833 5620 2943 5675 τῶν
2974 5620 3227 5675 εἰδώλων.
3273 5622 3351 5691 (p.
3376 5620 3469 5691 26)
3502 5622 3680 5676 Ἐστι
3718 5624 3796 5677 δὲ

2172 5712 2320 5783 αύτῷ
2341 5713 2409 5765 τά
2437 5711 2535 5782 μὲν
2562 5712 2801 5783 πρότερα
2837 5711 3100 5783 εἰρημένα
3126 5711 3261 5782 πρὸς
3296 5711 3517 5781 ἔλεγχον
3547 5710 3795 5781 μᾶλλον

2171 5804 2279 5858 τῶν
2306 5804 2437 5857 δέκα
2466 5805 2665 5873 φυλῶν
2685 5805 2735 5857 οἳ
2762 5803 3211 5866 καταλελοιπὸτες
3239 5803 3329 5856 τὸν
3364 5803 3495 5856 Θεὸν
3524 5804 3648 5865 τοῖς
3691 5806 3790 5856 εἰ-

2172 5895 2360 5961 δώλοις
2392 5897 2677 5967 προσεῖχον
2696 5911 2709 5925 ο
2745 5895 2904 5949 ταυτὶ
2920 5894 2975 5948 δὲ
3005 5894 3141 5966 πρὸς
3172 5893 3389 5963 ἔλεγχον
3405 5892 3513 5946 τῶν
3544 5892 3615 5962 τῇ
3662 5892 3792 5963 βει-
