3994 6508
276 317 380 375 N5

1332 301 1881 365 COMMENTARIUS
1915 300 1981 355 IN
2017 298 2220 356 OSEJE
2260 299 2415 354 CAP.
2447 297 2535 352 ΠΡ.

3436 268 3537 345 us

276 440 450 513 σιλείᾳ
478 438 859 509 προσηκόντων
885 435 984 504 τῆς
1016 431 1277 495 Ἰουδαίας
1305 448 1319 462 ο
1352 431 1402 484 οἳ
1429 429 1520 482 τὸν
1553 428 1678 481 ναὸν
1710 427 1845 496 έχον-

1968 419 2268 489 pet-tinent,
2299 417 2391 487 qui
2428 416 2482 470 in
2515 400 2718 470 Iudaea
2760 424 2928 482 regno
2954 408 3207 466 vivebant
3243 424 3258 461 :
3298 421 3537 478 namque

271 551 362 597 τες
412 530 545 604 παρ’
604 531 834 592 ἑαυτοῖς,
882 526 976 581 καὶ
1011 526 1075 594 δὴ
1121 524 1211 578 καί
1253 540 1371 577 τινα
1413 520 1646 591 σπουδὴν
1682 519 1770 572 διά
1794 535 1853 571 τε

276 621 638 692 πανηγύρεων
666 619 759 672 καὶ
777 614 977 669 θυσιῶν
1000 611 1398 682 ἐνδεικνύμενοι
1414 626 1480 661 πε
1491 610 1543 680 pl.
1564 608 1654 662 τὸν
1686 606 1855 668 ὅντως

272 713 422 776 Θεὸν,
456 709 852 783 μοιχευομένης
898 707 1053 775 δίκην
1089 703 1187 775 τὴν
1220 704 1349 773 περὶ
1374 703 1442 754 τὰ
1474 699 1667 754 εἴδωλα
1696 699 1855 769 θερα-

274 807 429 858 πείαν
488 802 758 872 συνῆπτον
827 803 892 872 τῇ
964 798 1189 864 ἐνδείξει
1250 798 1350 867 τῆς
1401 795 1530 866 περὶ
1593 794 1654 846 τὸ
1702 793 1855 847 Θεῖον

275 896 532 967 σπουδῆς.

342 1169 835 1243 Στιχ.β’-ε¹.-Ε.ἷτα
859 1171 1023 1237 λέγει·
1058 1190 1075 1224 ι
1096 1171 1205 1223 Kal.
1223 1169 1611 1240 ἐμισθωσάμην
1633 1171 1854 1238 ἐμαυτῷ

268 1266 432 1320 πέντε
450 1267 542 1320 καί
555 1265 689 1319 δέκα
701 1266 839 1336 ἁργυ
850 1265 984 1334 ρίου,
1026 1264 1117 1318 καὶ
1132 1280 1196 1331 γο
1203 1264 1269 1334 μδ
1276 1282 1306 1334 ρ
1320 1262 1544 1333 κριθῶν,
1579 1263 1669 1316 καὶ
1696 1260 1850 1314 νεὸὲλ

267 1354 466 1412 οῐνου·»
516 1361 583 1429 τῇ
624 1356 979 1429 ἀκριϐολογίᾳ.
1002 1355 1344 1427 χρησάμενος
1386 1356 1467 1419 εἰς
1495 1354 1727 1424 δήλωσιν
1756 1352 1849 1407 τοῦ

276 1448 552 1516 γεγονότος
568 1446 756 1509 ὅντως*
775 1447 1065 1514 ἀναγκαῖον
1077 1443 1133 1495 δὲ
1151 1442 1243 1495 καὶ
1257 1440 1351 1495 τοῦ
1374 1460 1391 1494 ι
1413 1439 1804 1512 ἐμισθωσάμην
1826 1459 1844 1491 ι

265 1540 331 1593 τὸ
354 1539 677 1610 ὑπόδειγμα,
708 1538 829 1591 ἐπεὶ
842 1537 936 1590 καὶ
955 1538 983 1590 ὁ
1005 1536 1137 1599 Θεὸς
1153 1535 1245 1589 ἐπὶ
1265 1534 1524 1606 μεγάλαις
1541 1534 1771 1604 δωρεαῖς
1786 1550 1847 1585 τε

265 1631 367 1682 καὶ
395 1629 604 1699 μισθοῖς
625 1628 750 1689 τοὺς
788 1624 1070 1693 Ἰουδαίους
1099 1622 1273 1694 ἐαυτῷ
1305 1622 1559 1691 συνῆψεν.
1599 1623 1738 1675 «Καὶ
1768 1617 1848 1675 εἷ-

264 1736 374 1773 πον
420 1720 554 1789 πρὸς
595 1717 784 1787 αὐτὴν,
820 1716 1059 1788 Ἡμέρας
1104 1715 1302 1779 πολλὰς
1339 1714 1537 1787 καθίσῃ
1578 1715 1666 1768 ἐπ’
1701 1714 1846 1784 ἐμοὶ,

1963 521 2016 568 et
2050 511 2128 576 bi,
2161 525 2475 582 quanquam
2508 508 2768 579 templum
2807 503 2954 575 apud
2993 518 3054 559 se
3084 502 3373 564 haberem,
3405 512 3538 553 nec-

1967 621 2076 660 non
2111 606 2350 675 aliquam
2376 601 2784 658 observantiam
2821 596 3231 654 solemnitatum
3261 608 3326 648 ac
3362 593 3537 649 sacri-

1964 696 2213 751 ﬁciorum
2271 710 2383 766 prae
2443 709 2505 749 se
2551 693 2769 748 ferrent
2824 692 2880 745 in
2914 689 3029 745 veri
3092 686 3189 742 Dei
3244 685 3533 748 honorem,

1964 786 2327 843 nihilominus
2380 785 2559 839 instar
2605 782 2911 846 adulterae,
2956 780 3231 836 idolorum
3288 776 3534 839 cultum,

1965 896 2090 935 cum
2137 877 2613 936 demonstratione
2656 874 2832 931 studii
2885 888 3017 945 erga
3077 872 3254 928 Deum
3317 869 3519 939 copula

1962 970 2111 1026 bant.

2038 1170 2205 1225 Vens.
2245 1169 2363 1224 2-5.
2398 1198 2468 1213 --
2502 1184 2522 1219 ι
2560 1166 2627 1219 Et
2676 1164 2933 1221 mercede
2980 1163 3219 1217 conduxi
3247 1176 3367 1218 eam
3399 1160 3535 1215 mihi

1964 1262 2285 1333 quindecim
2332 1258 2632 1329 argenteis,
2676 1266 2731 1311 et
2765 1271 2901 1311 coro
2937 1254 3126 1309 hordei
3178 1268 3244 1307 ac
3273 1267 3535 1307 mensura

1959 1353 2097 1409 vini.
2141 1371 2160 1404 ι
2204 1351 2411 1405 Minuta
2462 1350 2566 1404 bac
2614 1350 2895 1403 locutione
2936 1348 3111 1400 utitur
3157 1345 3226 1399 ad
3270 1359 3413 1399 verte
3457 1344 3535 1398 rei

1959 1453 2124 1513 gestae
2142 1440 2696 1496 demonstrationem.
2722 1438 2855 1493 Item
2888 1453 3029 1507 opus
3064 1436 3166 1489 fuit
3188 1453 3206 1486 ι
3229 1432 3531 1489 mercedis»

1957 1533 2230 1603 exemplo,
2273 1533 2402 1603 quia
2443 1530 2589 1585 Deus
2636 1546 2861 1600 quoque
2905 1528 3121 1598 magnis
3158 1526 3319 1581 donis
3370 1532 3537 1594 atque

1958 1626 2304 1681 mercedibus
2345 1622 2565 1679 Iudaeos
2602 1621 2711 1677 sibi
2748 1620 3065 1676 addixerat.
3105 1637 3124 1670 ι
3160 1617 3395 1687 Dixique
3432 1617 3482 1672 ei
3515 1636 3531 1671 :

1958 1716 2085 1772 Dies
2124 1716 2327 1770 multos
2374 1712 2722 1784 exspectabis
2778 1727 2902 1776 me,
2953 1721 3007 1765 et
3056 1726 3157 1781 ego
3184 1718 3277 1777 te;
3330 1720 3386 1764 et
3419 1724 3533 1765 non

264 1813 369 1866 καὶ
390 1785 500 1879 ἐγώ
527 1812 620 1864 ἐπὶ
649 1785 753 1873 σοί,
785 1785 971 1862 καὶ-ού
1002 1808 1077 1879 μὴ
1104 1806 1426 1883 πορνεύσῃς,
1455 1785 1575 1860 ούδὲ
1609 1807 1684 1877 μὴ
1715 1806 1845 1877 γένῃ

1951 1808 2334 1872 fornicaberis,
2374 1823 2552 1877 neque
2596 1808 2717 1860 viro
2749 1805 2885 1860 eris.
2945 1824 2965 1857 ι
3011 1803 3179 1870 Quasi
3220 1804 3361 1858 Deus
3395 1818 3533 1873 quo-

259 1903 445 1975 ἀνδρί.
476 1922 495 1955 ι
554 1904 638 1966 Ὧς
673 1903 745 1956 ἂν
783 1902 878 1955 καὶ
919 1899 1012 1954 τοῦ
1063 1899 1198 1953 Θεοῦ
1236 1901 1338 1953 οὐκ
1374 1902 1459 1953 ἐπ’
1488 1900 1686 1969 ὀλίγον,
1733 1900 1847 1954 ἀλλ’

258 1997 362 2048 ἐπὶ
390 1995 586 2068 μακρῷ
609 1993 688 2065 τῷ
719 1994 895 2067 χρόνῳ
918 1993 1204 2065 προσέχειν
1233 2010 1293 2045 τε
1325 1992 1473 2063 αὐτῷ
1501 1993 1850 2064 βουληθέντος

257 2092 395 2154 τοὺς
438 2089 755 2153 Ἰουδαίους,
801 2090 895 2144 καὶ
923 2089 1026 2159 τὴν
1054 2088 1379 2158 κηδεμονίαν
1410 2088 1593 2152 αὺτοῖς
1622 2088 1852 2158 ὑποσχο-

262 2182 433 2252 μένου
470 2180 575 2252 τὴν
594 2180 800 2234 οἰκείαν
820 2196 834 2210 ·
876 2179 1019 2234 οὕτω
1055 2197 1116 2233 τε
1148 2180 1346 2244 αὐτοὺς
1388 2179 1740 2249 βουληθέντος
1774 2178 1848 2251 μὴ

261 2270 510 2342 πρὸςτὰ
530 2270 726 2324 εἴδωλα
757 2270 953 2334 νεύειν,
988 2270 1080 2323 ἐπὶ
1107 2270 1165 2323 δὲ
1195 2270 1294 2339 τῆς
1325 2269 1453 2339 περί⁵
1476 2269 1639 2323 αὐτὸν
1670 2269 1850 2339 μένειν

255 2364 499 2427 εὐνοίας.
527 2358 654 2415 Είτα
673 2362 842 2430 λέγει⁶
876 2381 895 2412 ι
919 2361 1063 2414 Διότι
1085 2362 1299 2434 ἡμέρας
1318 2361 1518 2424 πολλὰς
1537 2360 1850 2414 καθίσονται

256 2458 312 2509 οἱ
347 2456 453 2508 υἱοὶ
489 2455 705 2528 Ἰσραὴλ
744 2457 844 2509 οὐκ
871 2454 1023 2518 ὄντος
1062 2453 1345 2524 βασιλέως,
1387 2453 1508 2506 οὐδὲ
1554 2453 1705 2516 ὄντος
1746 2452 1847 2522 ἆρ-

255 2563 453 2617 κοντος
487 2546 561 2618 (p.
588 2547 704 2616 ‘27),
732 2548 854 2601 οὐδὲ
884 2545 1048 2617 οὔσης
1082 2546 1296 2610 θυσίας,
1329 2547 1451 2600 οὐδὲ
1479 2547 1631 2611 ὄντος
1661 2547 1850 2601 θυσια-

254 2640 512 2710 στηρίου,
544 2638 663 2692 οὐδὲ
697 2640 987 2710 ἱερατείας,
1014 2640 1135 2693 οὐδὲ
1164 2640 1360 2711 δήλων.
1392 2659 1411 2691 ι
1466 2641 1552 2704 Ὠς
1574 2640 1682 2712 γὰρ
1708 2641 1849 2695 ὲκεί-

253 2749 364 2802 νης
391 2733 494 2786 οὐκ
517 2733 610 2786 ἐπὶ
637 2733 745 2786 τῶν
776 2734 1058 2806 συνθηκῶν
1088 2734 1351 2805 μεινάσης
1378 2734 1486 2789 τῶν
1518 2734 1750 2799 οἰκείων,
1778 2738 1846 2806 τῇ

252 2824 318 2877 δὲ
355 2828 587 2897 πορνικῇ
618 2825 812 2897 γνώμῃ
839 2828 977 2898 πρὸς
1004 2828 1222 2899 ἐτέρους
1250 2828 1536 2897 νευσάσης,
1562 2827 1733 2892 οὕτως
1762 2830 1848 2882 ἐν·

254 2914 439 2968 ταῦθα
462 2915 632 2985 λέγει,
666 2915 1053 2989 ὃτιΠαρόμοια
1082 2918 1148 2991 δὴ
1177 2919 1266 2973 καί
1295 2918 1404 2972 τῶν
1431 2919 1694 2974 Ἰουδαίων
1720 2920 1849 2991 περὶ

254 3003 367 3073 ἐμὲ.
394 3006 792 3075 πεποιηκότων,
825 3008 1096 3079 τιμωρίαν
1123 3010 1309 3074 αὐτοῖς
1339 3009 1601 3079 ἀνάλογον
1636 3012 1844 3079 ἐπάξω,

1951 1918 2058 1972 que
2089 1917 2197 1955 non
2241 1900 2553 1971 paulisper,
2595 1899 2687 1956 sed
2738 1898 3000 1954 diuturno
3030 1904 3277 1967 tempore
3313 1896 3532 1951 Judzeos

1948 1994 2083 2047 velit
2117 1992 2223 2046 sibi
2258 1991 2580 2053 adhaerere.
2626 1989 2832 2061 quibus
2871 1986 3119 2043 vicissim
3151 2001 3340 2041 curam
3375 2002 3531 2041 suam

1951 2087 2224 2160 promittit
2265 2103 2280 2140 :
2322 2087 2401 2141 ita
2440 2083 2715 2139 mandans
2744 2083 3043 2154 quominus
3079 2080 3147 2135 ad
3183 2080 3325 2134 idola
3364 2080 3535 2135 decli-

1948 2186 2100 2246 nent,
2133 2178 2229 2235 sed
2263 2192 2396 2248 erga
2422 2194 2481 2233 se
2516 2176 2956 2232 benevolentiam
2999 2173 3298 2228 retineant.
3335 2172 3532 2228 Postea

1948 2273 2085 2329 dicit
2136 2291 2151 2327 :
2194 2288 2214 2324 ι
2264 2270 2405 2338 Quia
2451 2270 2572 2326 dies
2614 2268 2819 2323 multos
2854 2267 3129 2323 sedebunt
3172 2266 3267 2320 ﬁlii
3312 2264 3532 2319 lsraelis

1948 2367 2067 2423 sine
2098 2380 2248 2438 rege,
2285 2371 2340 2419 et
2371 2363 2493 2419 sine
2512 2362 2811 2439 principe,
2849 2370 2905 2416 et
2941 2361 3062 2417 sine
3096 2360 3203 2430 18
3232 2357 3527 2421 sacriﬁcio,

1949 2470 2004 2516 et
2028 2459 2151 2515 sine
2194 2456 2381 2523 altari,
2414 2470 2480 2511 ac
2523 2456 2646 2511 sine
2696 2454 3261 2510 manifestationibus.
3303 2471 3322 2503 ι
3367 2450 3533 2506 Nam-

1950 2567 2079 2623 que,
2111 2551 2247 2606 utsi
2284 2550 2377 2604 illa
2407 2548 2610 2604 mulier
2641 2549 2697 2602 in
2740 2546 2950 2603 fcedere
2983 2561 3086 2600 suo
3125 2560 3236 2599 non
3274 2558 3529 2615 perman-

1950 2647 2148 2705 sisset,
2187 2641 2282 2697 sed
2317 2639 2637 2695 meretricio
2669 2638 2856 2692 animo
2890 2638 2957 2691 ad
2990 2637 3128 2691 alios
3162 2637 3528 2691 declinasset:

1950 2735 2024 2790 ita
2047 2735 2138 2789 hic
2166 2734 2318 2798 dicit,
2357 2731 2414 2787 Si
2447 2732 2600 2802 paria
2631 2731 2804 2786 Judmi
2838 2730 2971 2784 mihi
3006 2729 3242 2785 fecerint
3263 2768 3277 2793 ,
3308 2742 3529 2799 poenam

1946 2826 2020 2882 iis
2070 2825 2294 2895 dignam
2363 2822 2687 2892 imponam,
2753 2821 2920 2891 longo
2986 2818 3211 2891 quidem
3284 2825 3532 2887 tempore

1949 2915 2257 2987 captivitati
2309 2912 2534 2969 tradens
2564 2952 2579 2977 ,
2629 2919 2684 2966 et
2730 2912 2979 2967 omnium
3039 2909 3231 2980 patriae
3288 2907 3531 2979 regionis

1950 3025 2136 3064 rerum
2174 3008 2385 3063 faciens
2419 3015 2643 3078 egentes
2682 3023 2696 3059 :
2740 3019 2868 3074 rege
2909 3004 3125 3059 scilicet
3162 3002 3248 3056 vel
3279 3000 3533 3070 principe

252 3097 349 3165 ἐφ’
376 3097 548 3203 ἱκανῷ
568 3099 671 3203 μὲν
690 3099 769 3170 τῷ
788 3100 963 3171 χρόνῳ
983 3101 1258 3173 παραδοὺς
1278 3102 1648 3175 αἰχμαλωσίᾳ,
1670 3121 1845 3175 παρα-

1952 3102 2178 3172 proprio
2230 3101 2483 3171 expulso,
2531 3098 2777 3168 ipsisque
2825 3096 2983 3151 alteri
3031 3096 3143 3165 regi
3197 3092 3528 3163 suppositis,

254 3189 540 3254 σκευάσας
564 3190 621 3243 δὲ
648 3192 864 3246 πάντων
880 3192 989 3245 τῶν
1016 3192 1158 3247 κατά
1182 3194 1285 3264 τὴν
1309 3194 1492 3266 χώραν
1518 3194 1614 3264 τὴν
1642 3197 1847 3249 οἰκείαν

251 3281 507 3353 ἐρήμους
538 3277 677 3337 εἶναι
722 3284 1035 3349 παντελῶς⁶
1082 3286 1156 3349 ὠς
1207 3285 1467 3355 βασιλέως
1505 3287 1602 3358 μὲν
1646 3288 1845 3342 οἰκείου

251 3373 425 3436 ἐκτὸς
462 3370 601 3427 εἶναι
632 3375 727 3428 καὶ
750 3375 1029 3448 ἄρχοντος,
1072 3376 1170 3430 ἅτε
1203 3377 1293 3447 ὑφ’
1318 3378 1491 3449 ἑτέρῳ
1518 3378 1728 3449 βασιλεί
1756 3397 1844 3433 τεο.

248 3462 602 3533 ταγμένους,
644 3459 797 3537 ᾧπερ
835 3466 1215 3538 αἰχμαλώτους
1252 3469 1545 3537 γεγονότας
1577 3470 1847 3525 δουλεύειν

249 3554 475 3624 ἀνάγκη
501 3572 514 3584 “
565 3557 914 3630 ἀφαιρεῖσθαι
956 3559 1013 3612 δὲ
1042 3559 1220 3613 αὐτῶν
1266 3560 1486 3625 καὶτὰς
1519 3561 1707 3626 θυσίας
1753 3564 1849 3617 καὶ

250 3644 356 3713 τὴν
396 3646 494 3700 τοῦ
535 3646 920 3721 θυσιαστηρίου
950 3652 1163 3722 χρείαν,
1195 3652 1290 3705 καὶ
1317 3654 1496 3708 πᾶσαν
1524 3654 1621 3724 τὴν
1647 3656 1848 3725 ἱερατιη-

249 3739 361 3812 κὴν
392 3737 768 3812 λειτουργίαψ
799 3743 886 3796 διὰ
909 3744 971 3796 τὸ
1003 3744 1291 3812 γεγονότας
1316 3747 1692 3816 αἰχμαλώτους
1713 3749 1850 3819 πόρο

252 3835 339 3905 ῥω
354 3831 691 3887 καθεστάναι
706 3834 815 3887 τῶν
830 3834 1008 3888 τόπων
1034 3837 1093 3888 ἐν
1117 3833 1200 3900 οἷς
1223 3824 1520 3909 ἱερατεύειν
1550 3839 1670 3909 Θεῷ
1696 3855 1845 3893 νενο⁴

251 3924 531 3995 μισμένον
579 3924 822 3996 ὑπῆρχεν
848 3965 866 3991 ,
907 3927 1155 3998 ἀμοιρεῖν
1201 3929 1259 3982 δὲ
1310 3930 1404 3984 καὶ
1452 3931 1551 4000 τῆς
1600 3932 1694 3985 ἐπὶ
1732 3933 1848 3995 τοῖς

246 4015 658 4088 ἀπορουμένοις
700 4017 789 4070 διὰ
821 4017 928 4071 τῶν
972 4019 1267 4090 προφητῶν
1300 4019 1585 4092 δηλώσεως
1614 4040 1628 4053 ·
1676 4018 1845 4092 οὗπερ

245 4103 350 4161 οὖν
375 4107 644 4179 πρότερον
680 4108 974 4180 ἐτύγχανον
1003 4110 1284 4173 ποικίλως.
1327 4130 1347 4163 ι
1376 4113 1485 4167 Καὶ
1513 4113 1651 4184 μετά
1673 4112 1846 4167 ταῦτα

244 4198 682 4268 ἐπιστρέφουσιν
714 4202 760 4253 οἰ
786 4202 892 4254 υἰοὶ
937 4201 1176 4274 Ἰσραὴλ,
1198 4202 1291 4255 καὶ
1321 4200 1613 4275 ζητήσουσι
1642 4203 1846 4275 Κύριον

243 4289 345 4343 τὸν
394 4288 532 4342 Θεὸν
568 4290 783 4355 αὐτῶν,
832 4292 927 4347 καί⁵
969 4293 1135 4346 Δαόὶδ
1180 4293 1272 4347 τὸν
1311 4293 1533 4363 βασιλέα
1585 4295 1783 4349 αὐτῶν.
1818 4314 1837 4348 ι

242 4380 595 4451 Τηνικαῦτα,
628 4385 821 4454 φησὶν,
868 4385 1177 4456 αἰσθόμενοι
1221 4386 1331 4440 τῶν
1380 4386 1596 4441 οἰκείων
1633 4386 1840 4452 κακῶν,

1949 3195 2040 3249 cui
2067 3193 2317 3263 captivos
2355 3191 2530 3247 factos
2557 3190 2765 3247 servire
2792 3203 3024 3243 necesse
3054 3188 3164 3242 erit
3202 3206 3215 3240 :
3252 3185 3532 3255 simulque

1948 3285 2155 3342 auferri
2196 3283 2596 3341 sacriﬁciorum
2659 3282 2855 3346 ritum,
2894 3288 2948 3334 et
2981 3278 3177 3333 altaris
3229 3291 3430 3340 usum,
3478 3284 3533 3329 et

1948 3378 2290 3437 sacerdotale
2319 3392 2480 3432 omne
2508 3374 2904 3438 ministerium,
2936 3374 3066 3443 quia
3099 3369 3303 3441 captivi
3333 3367 3531 3439 procul

1947 3474 2019 3530 iis
2052 3474 2191 3529 locis
2221 3470 2628 3534 consisterent,
2663 3468 2756 3523 ubi
2800 3467 2912 3523 Deo
2943 3480 3102 3521 sacra
3148 3463 3335 3519 facere
3359 3462 3533 3533 legiti-

1948 3579 2102 3617 mum
2142 3569 2298 3625 erat,
2348 3570 2404 3616 et
2428 3560 2726 3615 dubiorum
2775 3572 3000 3629 quoque
3049 3555 3363 3618 solutione,
3406 3567 3533 3621 (ιιιιε

1946 3655 2342 3726 prophetarum
2392 3668 2489 3709 ore
2533 3648 2734 3719 ﬁebat,
2779 3657 3061 3714 carerent,
3105 3662 3324 3719 quaque
3369 3654 3532 3701 antea

1946 3745 2302 3801 multifariam
2339 3745 2683 3801 fruebantur.
2727 3762 2748 3796 ι
2786 3743 2852 3797 Ει
2878 3750 3003 3815 post
3029 3742 3146 3796 haec
3184 3744 3532 3796 revertentur

1949 3836 2044 3891 ﬁlii
2067 3835 2312 3901 lsraelis,
2334 3843 2391 3890 et
2428 3842 2681 3906 quaerent
2720 3833 3013 3889 Dominum
3057 3831 3226 3886 Deum
3258 3845 3442 3893 suum,
3476 3836 3530 3881 et

1947 3925 2206 3981 Davidem
2254 3940 2434 3996 regem
2486 3940 2672 3982 suum.
2704 3944 2725 3977 ι
2776 3923 2954 3989 Tunc,
3002 3922 3200 3991 inquit,
3257 3921 3528 3974 malorum

1946 4030 2172 4070 suorum
2212 4030 2381 4070 sensu
2423 4015 2591 4078 tacti,
2631 4015 2968 4069 sententiam
3006 4011 3448 4074 commutabunt,
3472 4016 3528 4062 et

1946 4104 2041 4160 Dei
2073 4105 2361 4160 scientiam
2385 4106 2703 4175 cultumque
2733 4104 2982 4160 studiose
3004 4103 3303 4157 asciscent.
3333 4101 3437 4155 Sed
3472 4108 3527 4153 et

1945 4213 2130 4266 regem
2182 4197 2385 4253 habere
2434 4198 2706 4268 optabunt
2756 4211 2823 4251 ex
2873 4195 3095 4250 Davidis
3143 4193 3522 4249 successione.

1945 4289 2073 4345 Hazc
2118 4290 2265 4345 enim
2312 4305 2411 4345 ceu
2461 4298 2585 4359 post
2628 4288 2865 4344 reditum
2905 4295 3167 4342 eventura
3208 4285 3363 4350 dicit,
3399 4300 3526 4336 cum

1946 4384 2051 4439 sub
2101 4398 2213 4438 uno
2266 4398 2396 4454 rege
2444 4381 2777 4437 Zorobabele
2809 4380 3141 4435 exstiterunt
3188 4391 3400 4440 omnes,
3458 4388 3528 4428 ex

245 4471 693 4542 μεταϐαλοῦνται
720 4474 818 4546 τὴν
843 4476 1097 4547 γνώμην,
1129 4478 1229 4549 τὴν
1262 4478 1357 4531 τοῦ
1397 4478 1533 4532 Θεοῦ
1565 4478 1839 4549 μετιόντες

1950 4473 2151 4530 Davide
2197 4474 2427 4545 stirpem
2478 4473 2750 4539 ducente;
2784 4472 3036 4541 deposita
3083 4470 3194 4540 jam
3251 4466 3525 4523 sententia

241 4562 463 4629 γνῶσίν
491 4580 553 4616 τε
584 4565 677 4617 καὶ
720 4565 1011 4637 θεραπείαν
1043 4568 1243 4639 σπουδῇ
1265 4584 1280 4598 ’
1325 4570 1419 4622 καὶ
1458 4568 1520 4639 δὴ
1554 4570 1648 4623 καὶ
1683 4569 1837 4639 βασι-

241 4652 353 4705 Αέα
390 4653 705 4725 στέρξουσιν
727 4656 870 4727 ἔχειν
901 4658 990 4711 τὸν
1015 4660 1080 4713 ὲκ
1108 4659 1209 4729 τῆς
1237 4659 1332 4713 τοῦ
1365 4660 1531 4714 Δαυῖδ
1554 4661 1801 4733 διαδοχῆς
1820 4679 1833 4693 ·

240 4744 331 4813 (p.
360 4742 458 4811 28)
492 4745 666 4800 ταῦτα
693 4748 801 4819 γὰρ
821 4749 895 4812 ὡς
919 4750 1056 4821 μετά
1078 4751 1175 4821 τὴν
1202 4750 1459 4805 ἐπάνοδον
1488 4753 1720 4822 ἐσόμενα
1750 4753 1839 4807 λέ-

240 4850 337 4904 γει
364 4875 383 4899 ,
434 4837 523 4889 ὅτε
574 4838 663 4908 ὑφ’
692 4841 772 4894 ἐνὶ
819 4840 1025 4912 βασιλεῖ
1065 4842 1143 4914 τῷ
1189 4842 1493 4914 Ζοροϐάϐελ
1544 4844 1838 4914 ἐτύγχανον

233 4926 499 4991 ἅπαντες
528 4931 593 4983 ἐκ
618 4930 711 4985 τοῦ
736 4932 899 4986 Δαυῖδ
927 4934 1301 5005 καταγομένῳ,
1337 4936 1520 4989 ούκέτι
1548 4936 1838 5007 ζηλοῦντες

234 5018 349 5089 τὴν
385 5018 616 5090 γνώμην
643 5022 878 5093 ἐκείνην,
927 5023 1048 5077 καθ’
1095 5024 1164 5095 ἢν
1205 5026 1509 5080 ἀποστᾶσαι
1555 5029 1655 5097 τῆς
1686 5028 1839 5098 βασι-

232 5110 412 5174 λείας
448 5112 559 5167 τῶν
609 5114 868 5187 διαδόχων
906 5117 1002 5170 τοῦ
1040 5118 1307 5189 μακαρίου
1346 5118 1509 5172 Δαυῒδ
1532 5160 1547 5185 ,
1598 5121 1655 5173 αἰ
1706 5120 1841 5175 δέκα

232 5202 429 5269 φυλαὶ
456 5202 710 5272 βασιλέας
752 5208 957 5262 εἵλοντο
985 5210 1223 5281 ἑτέρους.
1286 5229 1305 5262 ι
1330 5212 1440 5264 καὶ
1484 5213 1839 5282 ἐκστήσονται

230 5294 344 5345 ἐπὶ
374 5296 492 5358 τοῖς
523 5295 745 5366 ἀγαθοῖς
785 5299 947 5353 αὐτοῦ
993 5302 1081 5354 ἐπ’
1110 5301 1356 5373 ἐσχάτων
1397 5303 1504 5356 τῶν
1539 5304 1779 5375 ἡμερῶν.
1812 5326 1833 5357 ι

233 5384 348 5448 Εἰς
388 5384 647 5441 ἔκστασιν
674 5390 731 5443 δὲ
764 5393 1196 5463 καταστήσονται
1228 5394 1428 5458 πάντες
1461 5397 1527 5465 τῇ
1561 5396 1832 5468 ὑπερϐολῇ

1943 4568 2059 4631 illa,
2088 4582 2197 4638 qua
2225 4567 2356 4621 olim
2399 4581 2429 4620 a
2462 4565 2609 4621 beati
2642 4563 2866 4619 Davidis
2896 4563 3065 4632 regiis
3105 4558 3525 4616 successoribus

1944 4659 2263 4715 deﬁcientes
2322 4657 2511 4713 decem
2564 4657 2771 4719 tribus,
2830 4656 2970 4710 alios
3024 4654 3128 4709 sibi
3186 4652 3522 4721 delegerant.

1951 4769 1970 4802 «
2011 4750 2079 4804 Et
2133 4750 2435 4820 stupebunt
2492 4763 2657 4819 super
2712 4747 2873 4802 bonis
2920 4745 3041 4815 ejus
3096 4744 3152 4796 in
3207 4740 3526 4795 novissimis

1945 4845 2158 4899 diebus.
2218 4862 2238 4895 ι
2289 4841 2566 4898 Exstasim
2619 4838 2912 4910 quamdam
2978 4836 3255 4906 patientur
3333 4846 3526 4886 omnes

1945 4948 2158 4988 summa
2192 4947 2377 4987 rerum
2420 4929 2817 4993 admiratione,
2858 4932 3181 4996 reputantes
3220 4922 3405 4993 qualia
3444 4921 3524 4974 illi

1947 5033 2263 5097 quantaque
2302 5024 2444 5079 bona
2486 5036 2517 5075 a
2556 5020 2649 5075 Dei
2690 5018 3030 5089 providentia
3069 5014 3353 5071 consecuti
3390 5013 3520 5068 sint.

1948 5120 2050 5174 His
2089 5118 2155 5173 ad
2197 5116 2503 5171 incolarum
2542 5113 2744 5168 Judaeze
2794 5108 3276 5181 reprehensionem
3318 5105 3481 5159 dictis
3506 5143 3521 5164 ,

1946 5223 2292 5265 communem
2333 5206 2529 5261 deinde
2562 5204 2629 5259 ad
2660 5218 2854 5258 omnes
2891 5200 3194 5256 orationem
3229 5195 3521 5260 convertit,

1946 5299 2110 5356 modo
2158 5299 2280 5366 bos,
2325 5297 2485 5352 modo
2535 5296 2680 5360 illos,
2732 5295 2896 5349 modo
2942 5296 3173 5346 cunctos
3220 5285 3384 5342 simul
3425 5283 3521 5338 ob-

1938 5396 2191 5465 jurgans.

229 5474 341 5529 τθδ
403 5474 707 5549 θαύματος,
748 5482 1183 5554 ἀναλογιζόμενοι
1219 5486 1431 5539 ὁπόσων
1475 5465 1917 5555 αὑτοῖς-ἀγαθῶν
1942 5484 2031 5540 διὰ
2059 5484 2161 5554 τῆς
2198 5483 2455 5553 προνοίας
2484 5480 2583 5551 τῆς
2610 5478 2780 5543 θείας,
2812 5474 3089 5545 ἐνεγένετο
3117 5473 3299 5543 τυχεῖν
3320 5486 3334 5500 ’
3371 5469 3430 5522 ἐν
3462 5465 3521 5520 δέ

230 5569 468 5634 τούτοις
520 5572 615 5626 καὶ
648 5572 717 5627 τὰ
748 5574 883 5645 πρὸς
922 5574 1143 5649 ἔλεγχον
1186 5578 1295 5632 τῶν
1328 5578 1470 5632 κατά
1515 5578 1613 5649 τὴν
1655 5580 1914 5634 Ἰουδαίαν
1942 5576 2133 5639 εἰπὼν,
2164 5576 2341 5629 κοινὸν
2381 5572 2567 5626 λοιπον
2609 5571 2744 5642 πρὸς
2777 5569 3021 5632 ἅπαντας
3050 5567 3281 5621 ποιεῖται
3311 5560 3403 5618 τὸν
3435 5559 3519 5613 λό·

231 5677 373 5731 γον,
408 5663 535 5717 ποτέ
582 5664 683 5733 μὲν
728 5666 967 5735 τούτους,
1013 5669 1144 5724 ποτέ
1186 5669 1241 5723 δὲ
1286 5671 1707 5735 ἐκείνους,.ποτέ
1731 5671 1785 5724 δὲ
1814 5672 2055 5733 ἅπαντας
2088 5667 2325 5737 ἐλέγχων
2356 5668 2531 5735 κοινῇ.
