3934 6514
450 238 554 296 M'l

1093 367 1246 427 CAP.
1286 369 1378 428 Π.

526 485 691 545 Vens.
724 493 838 547 1-5.
871 524 942 535 -
974 498 1079 568 19
1110 499 1316 557 ldcirco
1339 505 1418 558 ait
1449 519 1463 556 :
1509 524 1528 556 ι
1574 507 1771 562 Audite
1802 510 2028 566 verbum

453 580 692 646 Domini,
726 601 760 636 ο
795 584 1007 644 lsraelis
1043 590 1158 656 lilii,
1193 595 1318 661 quia
1343 595 1611 664 judicium
1645 597 1873 656 Domino
1905 618 2028 655 cum

455 668 860 731 habitatoribus
887 684 1046 734 terra:
1077 700 1089 735 :
1132 699 1242 738 non
1275 694 1360 741 est
1390 688 1534 742 enim
1569 691 1790 756 veritas,
1829 700 1883 747 et
1921 711 2028 748 non

453 770 539 819 est
571 768 968 835 misericordia.
996 791 1174 847 neque
1203 780 1432 835 scientia
1461 780 1558 837 Dei
1589 785 1641 838 iu
1673 793 1839 841 terra.
1865 789 2031 842 Male—

453 855 682 924 dictum,
708 871 762 916 et
790 869 1165 935 mendacium,
1196 879 1250 924 et
1294 873 1676 938 homicidium.
1711 885 1766 933 et
1800 879 2028 946 furtum,

453 956 509 1000 et
540 949 868 1008 adulterium
896 955 1301 1014 iuundaveruut
1339 971 1561 1032 terram,
1591 977 1644 1020 et
1665 969 1887 1038 sanguis
1913 985 2034 1025 san-

456 1038 606 1099 guini
641 1042 966 1098 commistus
1017 1056 1119 1100 est.
1159 1067 1178 1100 ι
1238 1050 1372 1119 Age,
1415 1052 1530 1121 jam
1582 1056 1787 1121 audite,
1833 1058 2027 1130 inquit,

449 1128 661 1198 judicio
695 1133 976 1189 vobiscum
1001 1137 1396 1210 disceptant-em
1429 1143 1621 1213 Deum,
1657 1158 1821 1219 atque
1855 1128 2033 1208 osten-

455 1217 674 1276 dentem
699 1225 847 1292 quali
877 1237 1194 1300 quantaque
1232 1235 1439 1289 malitia
1482 1217 1880 1307 providentiam
1909 1245 2031 1313 ejus

455 1317 794 1371 remunerati
833 1319 975 1376 sitis.
1029 1322 1202 1379 Nemo
1251 1329 1453 1399 quippe
1495 1342 1737 1388 vestrum
1786 1337 2032 1395 veritatis

457 1419 646 1458 curam
672 1409 828 1477 gerit,
866 1427 1045 1484 neque
1084 1416 1250 1470 ullam
1296 1419 1584 1478 charitatis
1617 1440 1743 1495 erga
1783 1427 2033 1484 homines

455 1495 723 1552 rationem
751 1500 913 1558 habet
947 1523 960 1558 :
993 1508 1265 1577 siquidem
1302 1528 1369 1567 ne
1406 1513 1473 1569 de
1505 1514 1597 1570 Dei
1620 1519 1838 1586 quidem
1863 1521 2034 1576 scien-

457 1586 531 1639 tia
561 1590 781 1646 solliciti
811 1597 981 1664 estis;
1017 1600 1112 1654 sed
1143 1601 1296 1658 fraus
1329 1613 1385 1660 et
1416 1611 1777 1664 cxsecrabilia
1809 1627 2033 1681 prorsus

457 1690 644 1746 opera,
677 1681 1052 1754 homicidium,
1095 1691 1298 1748 furtum
1339 1705 1501 1766 atque
1538 1701 1865 1756 adulterium
1903 1720 2026 1774 pas-

458 1765 562 1819 sim
594 1768 651 1822 in
681 1779 826 1826 terra
861 1788 1222 1850 exercentur;
1272 1765 1589 1858 mutuisque
1631 1791 1873 1848 caedibus
1907 1801 2032 1847 tau-

459 1865 644 1925 topere
696 1860 1016 1935 indulgetis,
1061 1879 1120 1924 ut
1168 1887 1385 1943 semper
1419 1891 1544 1930 cum
1600 1881 2035 1949 praecedentibus

456 1963 622 2003 cruor
655 1953 996 2025 subsequens
1025 1962 1340 2019 misceatur.
1377 1985 1396 2017 ι
1433 1966 1664 2039 Propter
1699 1972 1803 2026 hoc
1832 1973 2036 2042 lugebit

457 2050 628 2105 terra,
647 2046 995 2104 etminuetur
1011 2070 1134 2107 cum
1161 2059 1420 2114 omnibus
1441 2062 1534 2130 qui
1558 2062 1804 2117 habitant
1833 2080 1975 2119 eam.
2009 2084 2028 2116 ι

456 2130 516 2185 in
554 2132 703 2188 luctu
748 2146 894 2193 terra
938 2145 1122 2200 omnis
1153 2150 1485 2217 versabitur,
1522 2165 1744 2224 propter
1778 2156 2036 2226 ingruen-

457 2222 593 2277 tium
626 2228 895 2285 malorum
945 2237 1414 2305 magnitudinem:
1464 2243 1592 2297 dum
1628 2245 1660 2296 ii
1694 2253 1805 2299 tam
1838 2247 2036 2300 imma-

455 2314 600 2370 niter
627 2320 696 2372 ab
737 2319 992 2382 hostibus
1039 2329 1408 2397 trucidantur,
1441 2344 1502 2387 ut
1537 2337 1754 2392 nonnisi
1803 2339 2035 2409 exiguus

455 2407 760 2466 incolarum
791 2430 1054 2476 numerus
1085 2423 1362 2491 supersit:
1387 2426 1438 2480 id
1469 2428 1614 2481 enim
1647 2430 1826 2484 valent
1846 2432 2030 2493 verba,

460 2517 481 2550 ι
511 2497 782 2559 Minuetur
811 2516 953 2563 terra
987 2526 1112 2566 cum
1148 2514 1521 2575 habitantibus
1549 2535 1690 2574 eam.
1723 2541 1741 2571 ι
1762 2553 1832 2562 -
1856 2543 1874 2574 ι
1897 2524 2032 2579 Cum

455 2592 587 2649 feris
610 2598 748 2666 agri,
773 2615 896 2654 cum
918 2605 1201 2674 reptilibus
1219 2617 1397 2672 terrze.
1421 2623 1616 2667 etcum
1643 2615 1766 2668 ρωιί
1796 2617 2034 2670 volucri-

454 2684 580 2741 bus.
621 2708 640 2740 ι
677 2689 905 2762 Tropice
936 2713 1086 2754 more
1133 2717 1234 2756 suo
1277 2704 1432 2769 dicit,
1472 2706 1591 2760 fore
1622 2717 1678 2762 ut
1725 2725 1848 2763 cum
1880 2711 2035 2779 plebe

453 2778 730 2850 principes
778 2800 998 2857 quoque
1055 2790 1303 2861 ejusdem
1361 2807 1612 2865 pereant,
1649 2801 1742 2868 qui
1794 2778 2032 2856 ferarum

454 2870 630 2923 instar
679 2874 1072 2938 inﬁrmioribus
1124 2885 1401 2942 nocebant
1435 2909 1448 2944 :
1496 2898 1551 2944 et
1593 2907 1691 2946 ceu
1729 2909 1858 2950 aves
1889 2911 2034 2964 qua:-

455 2959 580 3015 dam
613 2963 936 3035 diripiendis
974 2977 1310 3044 pauperibus
1346 2980 1530 3036 subito
1564 2959 1920 3052 involabant;
1949 2987 2031 3040 vel

1646 257 1991 318 THEODORI
2034 263 2516 328 MOPSUESTENI

3604 283 3704 343 ΗΒ

2760 393 2918 450 ΚΕΨ.
2960 397 3034 449 A'.

2204 524 2350 594 Στίχ.
2377 533 2506 580 α’-ε’.
2532 559 2598 568 --
2622 527 2714 580 Διό
2736 546 2917 601 φησιν’
2945 551 2964 582 ι
2988 530 3280 586 Ἀκούσατε
3301 531 3456 601 λόγον
3476 533 3705 604 Κυρίου,

2131 617 2238 670 υἱοὶ
2282 618 2497 690 Ἰσραὴλ
2524 660 2537 683 ,
2585 622 2665 674 ὅτι
2695 623 2872 692 κρίσις
2905 622 2984 694 τῷ
3027 623 3215 694 Κυρίῳ
3253 623 3390 694 πρὸς
3417 623 3543 686 τοὺς
3573 641 3708 676 κατο-

2130 709 2413 774 οικοῦντας
2453 711 2552 782 τὴν
2599 712 2702 781 γῆν
2728 729 2742 743 ’
2787 713 2919 766 διότι
2967 715 3067 766 οὐκ
3102 714 3248 767 ἐστιν
3292 713 3540 784 ἀλήθεια,
3587 715 3710 767 οὐδὲ

2131 799 2296 864 ἕλεος,
2330 803 2450 854 οὐδὲ
2499 802 2791 870 ἐπίγνωσις
2823 803 2956 857 Θεοῦ
2993 805 3087 857 ἐπὶ
3124 805 3222 875 τῆς
3255 804 3359 875 γῆς
3383 823 3396 836 ο
3455 804 3568 877 ἀρὰ
3615 807 3710 858 καὶ

2131 885 2343 949 ψεῦδος,
2366 888 2459 941 καὶ
2484 890 2664 956 φόνος,
2683 891 2778 943 καὶ
2803 891 2998 962 κλοπὴ,
3017 893 3110 945 καὶ
3136 893 3349 963 μοιχεία
3375 894 3598 964 κέχυται
3621 895 3714 947 ἐπὶ

2132 976 2232 1046 τῆς
2258 978 2379 1046 γῆς,
2420 979 2514 1031 καὶ
2543 981 2750 1051 αἵματα
2791 983 2875 1050 ἐφ’
2909 983 3105 1052 αἵμασι
3140 985 3447 1054 μίσγουσιν.
3480 1005 3498 1038 ι
3551 984 3717 1038 Ἀλλά

2131 1069 2240 1138 γὰρ
2289 1068 2382 1121 ἐπὶ
2429 1069 2660 1134 τούτοις,
2706 1073 2906 1142 φησὶν,
2952 1072 3222 1126 ἀκούσατε
3252 1076 3570 1146 κρινομένου
3618 1072 3716 1126 τοῦ

2131 1159 2266 1212 Θεοῦ
2301 1160 2437 1230 πρὸς
2467 1161 2610 1230 ὑμᾶς
2638 1163 2732 1214 καὶ
2772 1161 3076 1226 δεικνύντος
3106 1164 3239 1226 οἵοις
3266 1181 3326 1216 τε
3372 1164 3468 1218 καὶ
3506 1164 3718 1234 ἡλίκοις

2133 1250 2298 1304 αὐτοῦ
2339 1252 2440 1324 τὴν
2471 1252 2796 1330 κηδεμοχρκν
2828 1254 3134 1324 ἠμείψασθε
3167 1257 3389 1318 κακοῖς·
3437 1255 3724 1324 φροντίζει

2138 1345 2236 1414 μὲν
2263 1344 2373 1415 γὰρ
2394 1345 2650 1415 ἀληθείας
2673 1347 2850 1410 οὐδεὶς
2875 1349 2932 1400 ἐν
2960 1348 3110 1419 ὑμῖν,
3135 1349 3248 1402 ἀλλ’
3271 1349 3391 1402 οὐδὲ
3417 1348 3610 1417 φιλανθ
3619 1366 3724 1431 ρω-

2135 1438 2264 1500 πίας
2291 1438 2420 1507 ὑμῖν
2446 1437 2631 1506 λόγος·
2685 1439 2760 1509 (p.
2794 1440 2886 1504 29)
2928 1441 3050 1494 ἐπεὶ
3080 1441 3212 1512 μηδέ
3244 1442 3341 1510 τῆς
3399 1439 3550 1504 Θείας
3576 1439 3722 1508 γνώ-

2137 1547 2274 1592 σεως
2307 1529 2458 1598 ἔχετε
2489 1529 2776 1600 φροντίδαν
2823 1531 3003 1600 ἀπάτη
3031 1531 3089 1583 δέ
3132 1531 3225 1583 καὶ
3263 1530 3331 1582 τὰ
3366 1531 3546 1601 πάσης
3589 1529 3725 1594 ἄξια

2135 1619 2401 1690 κατάρας,
2433 1620 2678 1695 φόνοςὴτε
2709 1619 2802 1672 καὶ
2831 1619 3004 1688 κλοπὴ
3035 1620 3128 1671 καὶ
3161 1619 3372 1688 μοιχεία
3402 1617 3492 1670 διὰ
3527 1618 3715 1684 πάσης

2135 1710 2300 1781 χύδην
2326 1693 2652 1764 ἐπιτελεῖται
2680 1712 2779 1780 τῆς
2804 1712 2906 1780 γῆς
2940 1727 2954 1742 ο
3003 1707 3272 1778 τοσαύτην
3300 1709 3452 1779 ὑμῶν
3482 1709 3724 1777 ἐχόντων

2135 1803 2264 1875 περὶ
2310 1803 2369 1856 τὸ
2420 1803 2665 1872 φονεύειν
2709 1802 2970 1873 ἀλλήλους
3014 1802 3112 1873 τὴν
3159 1800 3412 1871 σπουδὴν,
3457 1800 3598 1853 ὥστε
3631 1799 3725 1853 ἀεὶ

2133 1900 2242 1960 τοῖς
2274 1895 2624 1968 προειληφόσι
2653 1895 2762 1948 τῶν
2795 1894 2916 1948 καθ’
2949 1893 3074 1964 ἐξῆς
3104 1893 3356 1964 μιγνῦναι
3383 1893 3452 1946 τά
3483 1893 3715 1962 αἵματα.

2140 2003 2158 2034 ι
2183 1983 2281 2036 Διὰ
2309 1983 2466 2037 τοῦτο
2493 1983 2752 2054 πενθήσει
2779 1985 2812 2054 ἡ
2838 1983 2912 2053 γῆ
2935 2023 2949 2045 ,
2994 1983 3090 2036 καὶ
3124 1982 3587 2054 σμικρυνθήσεται
3617 1982 3720 2034 σὺν

2135 2077 2270 2128 πᾶσι
2313 2077 2428 2138 τοῖς
2477 2073 2821 2128 κατοικοῦσιν
2869 2075 3059 2144 αὑτήν.
3107 2092 3126 2126 ι
3193 2075 3281 2127 Ἐν
3330 2074 3513 2128 πένθει
3563 2075 3718 2128 πᾶσα

2134 2167 2207 2240 χῆ
2229 2167 2518 2237 γενήσεται
2539 2165 2626 2220 διὰ
2653 2165 2713 2218 τὸ
2738 2166 2963 2235 μέγεθος
2985 2166 3092 2220 τῶν
3119 2167 3510 2238 ἐπιγινομένων
3533 2168 3718 2257 αὐτοῖς

2134 2257 2320 2310 κακῶν
2346 2274 2360 2288 ·
2425 2256 2576 2310 οὕτω
2618 2256 2726 2310 τῶν
2771 2256 3042 2328 πολεμίων
3091 2259 3458 2330 ἀναιρούντων
3512 2259 3714 2322 αὐτοὺς

2134 2347 2399 2416 ἀφειδῶς,
2451 2346 2592 2400 ὥστε
2643 2349 2723 2410 εἰς
2774 2346 3066 2420 ἐλάττωσιν
3120 2349 3438 2419 περιστῆναι
3485 2349 3596 2400 τῶν
3639 2349 3714 2401 ol-

2135 2439 2370 2492 κούντων
2401 2439 2492 2492 τὸν
2517 2437 2768 2509 ἀριθμόν’
2793 2437 2950 2491 τοῦτο
2977 2438 3086 2509 γὰρ
3112 2438 3257 2506 λέγει
3286 2439 3367 2502 τὸ,
3395 2458 3417 2490 ι
3443 2438 3716 2509 Σμικρυν-

2135 2530 2357 2602 θήσεται
2415 2533 2449 2602 ἡ
2502 2531 2573 2600 γῆ
2627 2531 2723 2583 σὺν
2775 2533 2889 2593 τοῖς
2937 2529 3281 2583 κατοικοῦσιν
3327 2528 3530 2601 αὑτήν(
3577 2549 3595 2580 ι
3647 2558 3716 2570 -—

2141 2642 2158 2672 ι
2187 2623 2290 2674 Σὺν
2316 2623 2426 2684 τοῖς
2453 2621 2660 2691 θηρίοις
2686 2619 2781 2674 τοῦ
2815 2620 3007 2691 ἀγροῦ,
3037 2620 3132 2675 καὶ
3176 2622 3289 2684 τοῖς
3333 2621 3584 2692 ἑρπετοῖς
3614 2619 3714 2690 τῆς

2133 2717 2258 2784 γῆς,
2280 2714 2372 2767 καὶ
2395 2715 2490 2767 σὺν
2520 2717 2634 2776 τοῖς
2657 2715 2920 2776 πετεινοῖς
2953 2711 3046 2766 τοῦ
3084 2711 3336 2784 ούρανοῦ.
3372 2731 3391 2764 ι
3423 2711 3712 2784 Τροπικῶς

2134 2807 2451 2875 λέγεικατά
2497 2806 2558 2859 τὸ
2591 2806 2798 2870 εἰωθὸς,
2852 2806 2934 2859 ὅτι
2979 2804 3400 2859 συναπολοῦνται
3432 2805 3527 2858 καὶ⁵
3559 2806 3612 2858 οί
3659 2806 3716 2858 ἐν

2135 2901 2314 2962 αὐτοῖς
2346 2899 2560 2951 δυνατοὶ
2586 2901 2696 2960 τοῖς
2725 2898 2950 2963 λοιποῖς,
2974 2899 3022 2950 οί
3049 2897 3251 2968 θηρίων
3289 2915 3349 2951 τε
3381 2897 3534 2967 δίκην
3577 2899 3717 2966 ἐπη-

2139 2991 2418 3062 ρεάζοντες
2447 2993 2559 3053 τοῖς
2590 2988 3027 3061 ἀσθενεστέροιςο
3049 2990 3142 3042 καὶ
3167 2989 3356 3060 ὥσπερ
3383 2987 3504 3042 τινὰ
3538 2988 3719 3058 πτηνά

395 3075 398 3077 ·
455 3049 695 3122 denique
737 3063 1073 3129 serpentium
1125 3070 1232 3121 ritu
1281 3071 1562 3138 proximos
1624 3091 1870 3145 quosque
1910 3079 2032 3130 vul-

2139 3049 2350 3153 ἀθρόον.
2380 3049 2501 3145 ταῖς
2537 3049 2646 3135 τῶν
2679 3049 2927 3152 πενήτων
2959 3049 3236 3151 ἀρπαγαῖς
3283 3082 3529 3144 ἐπιόντες
3553 3097 3566 3109 ·
3620 3081 3720 3133 καὶ

455 3159 651 3200 nerare
680 3150 995 3207 studebant.
1023 3175 1041 3206 ι
1074 3156 1238 3215 Maris
1263 3178 1482 3232 quoque
1507 3167 1688 3236 pisces
1709 3169 1983 3224 deficient.
2012 3190 2032 3222 ι

457 3237 673 3301 Cuncti,
723 3250 782 3293 ut
833 3259 945 3299 uno
997 3250 1165 3305 verbo
1202 3252 1404 3319 dicam,
1442 3259 1556 3326 qui,
1599 3265 1860 3329 tanquam
1889 3277 2041 3317 mare

458 3326 660 3395 pisces,
703 3332 784 3386 sic
819 3343 1019 3391 terram
1055 3343 1360 3412 replebant,
1400 3346 1648 3406 funditus
1673 3326 2036 3422 disperibunt.

457 3415 556 3472 llis
582 3420 733 3475 addit
772 3442 786 3478 :
838 3442 856 3475 ι
910 3425 980 3481 Ut
1029 3446 1191 3486 nemo
1231 3437 1315 3490 vel
1351 3437 1647 3505 judicetur,
1672 3415 2042 3514 vel-arguatur

458 3509 771 3579 quisquam.
786 3516 1119 3586 :20Tauta,
1140 3523 1336 3594 inquit,
1353 3530 1596 3584 omnium
1613 3547 1793 3586 rerum
1813 3536 2040 3592 vastitas

457 3600 585 3664 erit,
605 3611 858 3676 utneque
889 3610 1329 3684 deincepsjudex
1357 3624 1619 3690 supersit,
1654 3640 1754 3679 nec
1782 3628 1875 3696 qui
1907 3629 2041 3684 alio-

459 3707 581 3747 rum
605 3697 838 3753 crimina
864 3706 1104 3775 corrigat
1130 3728 1142 3763 :
1173 3713 1386 3767 cunctis
1405 3730 1510 3769 una
1532 3719 1867 3786 captivitatis
1889 3724 2039 3776 cala-

463 3783 646 3839 mitate
663 3802 816 3857 :rque
836 3792 1070 3851 obrutis.
1095 3816 1114 3848 ι
1134 3796 1376 3868 Populus
1393 3813 1573 3858 autem
1596 3783 1754 3863 meus
1773 3817 2031 3879 tanquam

461 3877 739 3944 sacerdos,
791 3883 880 3936 cui
924 3888 1325 3944 contradicitur
1357 3911 1370 3946 :
1411 3913 1430 3945 ι
1464 3893 1729 3965 dignitate
1766 3902 1914 3955 omni
1944 3903 2041 3957 de-

459 3965 676 4033 ciduus,
720 3975 983 4047 nulloque
1015 3980 1130 4048 jam
1188 3983 1411 4040 habitus
1459 4001 1712 4059 respectu
1774 3993 1973 4064 dignus
2021 4014 2033 4048 :

458 4057 628 4113 veluti
661 4063 709 4116 si
747 4067 873 4134 quis
903 4071 1241 4130 sacerdosin
1267 4084 1696 4138 controversiam
1727 4086 1952 4153 incidat,
1985 4103 2037 4144 et

459 4147 783 4218 deponatur,
821 4169 984 4229 atque
1037 4165 1179 4234 apud
1219 4183 1412 4225 omnes
1462 4172 1872 4232 dehonestetur.
1915 4200 1932 4231 ι
1973 4180 2040 4234 Et

457 4239 709 4296 inlirmus
756 4247 859 4300 erit
908 4250 1167 4310 interdiu.
1205 4275 1224 4306 ι
1272 4257 1589 4317 Diutissime
1635 4263 1690 4318 in
1725 4265 2038 4323 infirmitate

457 4333 772 4388 versabitur
816 4337 1249 4400 incumbentium
1296 4352 1581 4407 malorum.
1622 4373 1640 4405 ι
1683 4355 1750 4410 Ει
1788 4358 2038 4416 inﬁrmus

2145 3175 2241 3244 ούχ
2273 3169 2434 3244 ἦττον
2475 3172 2716 3244 ἑρπετῶν
2747 3172 3002 3242 βλάπτειν
3035 3172 3428 3235 ἐσπουδακότες
3461 3172 3590 3235 τοὺς
3621 3173 3727 3224 πέ-

2143 3264 2254 3328 λας.
2287 3268 2363 3334 (p.
2387 3263 2477 3334 50)
2513 3282 2531 3314 ι
2558 3264 2668 3317 Καὶ
2696 3261 2876 3333 ἰχθύες
2898 3264 2998 3334 τῆς
3025 3263 3298 3334 θαλάσσης
3321 3264 3717 3334 ἐκλείψουσιν.»

2143 3358 2444 3422 Ἅπαντες,
2497 3357 2776 3426 συντόμως
2814 3358 3006 3423 εἰπεῖν,
3040 3358 3090 3410 οἱ
3125 3358 3247 3411 καθ’
3276 3358 3566 3428 ὁμοιότητα
3605 3357 3722 3410 τῶν

2140 3450 2237 3519 τῆς
2268 3449 2534 3518 θαλάττης
2569 3448 2766 3519 ἰχθύων
2806 3449 3138 3520 πληροῦντες
3166 3450 3264 3519 τὴν
3300 3450 3406 3520 γῆν
3419 3449 3587 3521 ἄρδην
3610 3451 3723 3504 ἀπ-

2139 3539 2406 3595 ολοῦνται.
2437 3540 2661 3601 Τούτοις
2685 3541 2896 3608 ἐπάγει·
2935 3541 3155 3603 «Ὅπως
3191 3539 3378 3610 μηδεὶς
3408 3541 3544 3611 μήτε
3567 3541 3726 3594 δικάο

2141 3629 2320 3700 ζηται,
2354 3631 2490 3702 μήτε
2520 3631 2808 3700 ἐλέγχηται
2837 3629 3043 3701 μηδείς.
3077 3649 3095 3681 ›
3141 3628 3387 3700 Τοσαύτη
3421 3631 3498 3693 δέ,
3531 3635 3721 3704 φησιν,

2141 3717 2358 3770 ἅπαντα
2390 3718 2593 3789 ἐρημία
2626 3718 2866 3784 καθέξει,
2916 3719 2992 3782 ὡς
3030 3721 3167 3790 μήτε
3199 3719 3291 3772 τὸν
3317 3720 3605 3785 δικάζοντα
3640 3717 3725 3774 εἷ-

2139 3826 2228 3861 ναι
2260 3809 2464 3876 λοιπὸν,
2503 3810 2640 3880 μήτε
2680 3809 2771 3862 τὸν
2798 3809 2867 3863 τὰ
2901 3809 3105 3881 ἐτέρων
3140 3809 3519 3881 διορθούμενον
3563 3812 3728 3864 πταί-

2141 3919 2350 3972 σματα·
2386 3903 2487 3973 μιᾷ
2508 3904 2574 3972 τῇ
2604 3903 2701 3972 τῆς
2729 3902 3106 3972 αἰχμαλωσίας
3140 3905 3393 3975 συμφορᾷ
3424 3905 3725 3974 κατεχομέ-

2138 4012 2243 4047 νων
2259 3995 2510 4048 ἀπάντων
2525 3995 2743 4064 ὁμοίως.
2771 4014 2788 4044 ι
2812 3994 2868 4047 '0
2884 3994 2942 4047 δέ
2957 3994 3084 4058 λαός
3099 4013 3197 4066 μου
3220 3997 3294 4059 ὼς
3311 3998 3407 4049 ἀντ
3415 3997 3726 4068 ιλεγόμενος

2142 4085 2336 4155 ἱερεύς·
2351 4104 2369 4136 ι
2393 4086 2572 4155 πάσης
2583 4085 2874 4138 ἀποπεσὼν
2886 4086 2984 4156 τῆς
3003 4085 3234 4154 πρόσθεν
3246 4086 3422 4151 ἀξίας,
3441 4087 3728 4140 καὶοὺδενὶ

2138 4176 2280 4246 λόγῳ
2294 4176 2614 4244 φαινόμενος
2627 4175 2794 4240 ἄξιος·
2810 4175 2998 4246 ὥσπερ
3011 4175 3076 4228 ἂν
3097 4178 3148 4229 εῖ
3158 4194 3242 4240 τις
3261 4177 3436 4248 ἱερεὺς
3451 4179 3530 4240 είς
3542 4178 3724 4249 ἀντίρ-

2141 4273 2298 4341 ρησιν
2313 4269 2515 4331 πεσὼν.
2539 4270 2781 4324 ἀθετοῖτό
2796 4287 2855 4324 τε
2875 4273 2968 4325 καὶ
2988 4272 3307 4342 ἀτιμάζοιτο
3319 4273 3466 4344 παρά
3480 4274 3720 4330 πάντων.

2145 4382 2164 4412 ‹
2189 4362 2294 4414 Καὶ
2319 4363 2603 4433 ἀσθενήσει
2629 4363 2859 4432 ἡμέρας.
2895 4381 2913 4414 ι
2960 4363 3082 4416 Ἐπὶ
3116 4363 3363 4419 πλεῖστον
3386 4368 3443 4417 ἐν
3468 4365 3724 4436 ἀσθενείᾳ.

457 4423 563 4477 erit
603 4427 862 4495 propheta
903 4439 1081 4487 tecum
1126 4446 1313 4492 noctu.
1353 4461 1372 4492 ι
1424 4441 1490 4496 Ει
1540 4447 1632 4515 qui
1682 4448 1836 4504 falsis
1875 4461 2033 4508 antea

2142 4455 2246 4508 ὑπὸ
2273 4456 2381 4507 τῶν
2405 4455 2768 4524 ἐπικειμένων
2801 4457 3089 4524 γενήσεται
3116 4458 3320 4511 κακῶν.
3365 4478 3384 4510 ι
3422 4459 3530 4511 Καὶ
3558 4459 3723 4512 ἀσθε-

458 4516 906 4584 praedictionibus
962 4525 1028 4578 ad
1095 4544 1192 4582 vos
1247 4530 1599 4602 decipiendos
1655 4540 2036 4612 abutebantur,

458 4607 703 4678 plerique
748 4627 940 4669 omnes
989 4617 1442 4694 inlirmabuntur;
1499 4630 1567 4685 ab
1625 4633 1892 4692 obruente
1944 4655 2039 4696 eos

458 4699 790 4769 calamitate,
850 4712 1136 4766 nocturnis
1215 4716 1379 4771 veluti
1456 4724 1696 4780 tenebris
1761 4734 2035 4802 occupati,

458 4788 668 4847 fraudis
693 4810 806 4850 sua:
847 4797 1038 4857 inutile
1073 4803 1186 4872 jam
1219 4809 1474 4865 molimen
1497 4827 1804 4873 cernentes.
1835 4839 1854 4872 ι
1884 4822 2036 4878 Νοοιί

458 4883 756 4939 assimilavi
811 4898 1038 4946 matrem
1093 4904 1263 4952 tuam.
1321 4919 1338 4951 ι
1383 4903 1535 4960 Adeo
1569 4908 1684 4961 haec
1717 4912 1768 4964 in
1819 4913 2034 4968 inscitia

457 4981 622 5044 atque
652 4992 839 5035 errore
867 4997 1084 5054 semper
1116 4995 1395 5045 versatur!

527 5276 695 5336 Vens.
725 5283 839 5340 6-8.
865 5318 934 5329 -—
974 5307 993 5339 ι
1026 5289 1192 5348 Visus
1219 5303 1302 5349 est
1326 5299 1561 5366 populus
1595 5315 1747 5352 meus
1777 5311 2032 5369 tanquam

453 5384 565 5423 non
604 5372 809 5432 habens
840 5378 1148 5435 scientiam.
1186 5403 1205 5436 ι
1235 5383 1345 5440 Vos
1385 5403 1602 5456 quoque
1635 5389 1878 5457 ejusdem
1910 5391 2032 5444 imi-

452 5467 661 5518 tatores
707 5466 856 5534 facti,
911 5473 1116 5527 nullam
1165 5476 1410 5532 scientize
1456 5495 1588 5533 mea:
1630 5482 1891 5535 rationem
1932 5484 2034 5535 ha-

454 5552 680 5612 buistis.
713 5576 732 5609 ι
775 5561 913 5625 Quia
949 5575 1004 5620 et
1037 5575 1095 5620 tu
1124 5571 1374 5638 repulisti
1419 5575 1727 5635 scientiam,
1767 5575 2030 5644 repellam

452 5651 510 5697 te
544 5661 644 5712 ego
685 5665 926 5720 quoque,
961 5660 1257 5725 quominus
1300 5664 1613 5718 sacerdotio
1657 5666 1784 5718 mihi
1834 5666 2030 5738 {tinga-

451 5736 554 5793 ris.
594 5758 612 5790 ι
646 5738 819 5798 Sicuti
843 5759 940 5802 vos
971 5749 1258 5808 scientiam
1282 5769 1456 5810 meam
1498 5764 1677 5812 mente
1711 5768 1888 5816 vestra
1920 5762 2030 5831 eje-

2138 4549 2290 4618 νήσει
2314 4549 2598 4617 προφήτης
2630 4547 2767 4617 μετὰ
2798 4547 2892 4601 σοῦ
2919 4550 3130 4610 νυκτός.
3158 4551 3300 4603 »Καὶ
3329 4552 3377 4604 οἱ
3404 4554 3526 4612 ταῖς
3549 4554 3722 4623 προρ-

2143 4642 2332 4712 ρήσεσι
2360 4641 2417 4692 δὲ
2445 4643 2554 4703 τοῖς
2586 4639 2805 4709 ψευδέσι
2848 4641 2985 4712 πρὸς
3027 4642 3241 4712 ἀπάτην
3269 4643 3422 4712 ὑμῶν
3453 4643 3722 4716 πρότερον

2139 4733 2508 4804 κεχρημένοι,
2561 4734 2619 4785 ἐν
2651 4732 2906 4805 ἀσθενείᾳ
2958 4737 3194 4788 πλεῖστοι
3234 4737 3328 4790 καὶ
3374 4737 3527 4790 αὐτοὶ
3555 4740 3719 4809 γενή-

2137 4843 2320 4879 σονται
2337 4843 2349 4855 ·
2383 4825 2488 4877 ὑπὸ
2508 4825 2606 4894 τῆς
2628 4827 2967 4897 κατεχούσης
2987 4829 3182 4890 αὐτοὺς
3205 4831 3509 4900 συμφορᾶς,
3531 4829 3680 4883 ὥσπε
3690 4847 3721 4900 ρ

2140 4917 2438 4988 νυκτερινῷ
2466 4935 2572 4971 τινι
2602 4918 3051 4989 περιϐαλλόμενοι
3080 4921 3276 4991 σκότῳ,
3314 4922 3407 4974 καὶ
3451 4922 3549 4992 τῆς
3577 4924 3721 4976 ἀπάη

2139 5027 2239 5080 της
2287 5009 2560 5080 ἄχρηστον
2625 5011 2836 5073 ἐαυτοῖς
2899 5010 2997 5082 τὴν
3061 5013 3403 5084 ἐπιτήδευσιν
3461 5013 3718 5085 ὁρῶντες.

2147 5123 2165 5153 ‹
2190 5103 2362 5155 Νυκτὶ
2388 5101 2647 5172 ώμοίωσα
2676 5102 2774 5171 τὴν
2803 5104 3013 5173 μητέρα
3043 5120 3189 5160 σου.»
3223 5103 3410 5168 Οὕτως
3438 5107 3496 5158 ἐν
3529 5106 3722 5176 ἀγνοίᾳ
3763 5132 3770 5139 ·

2139 5196 2234 5248 καὶ
2263 5195 2442 5265 πλάνῃ
2472 5194 2828 5248 καθεστῶσαν
2855 5196 2962 5249 ἀεί.

2210 5305 2355 5376 Στίχ.
2385 5314 2535 5378 ις’-η’.
2564 5338 2635 5347 -—
2667 5326 2686 5357 ι
2710 5307 2976 5379 Ὡμοιώθη
3007 5311 3036 5362 ό
3065 5309 3192 5373 λαός
3226 5328 3324 5378 μου
3354 5311 3430 5372 ώς
3457 5310 3557 5363 οὐκ
3576 5309 3718 5380 ἔχων

2135 5396 2450 5464 ἐπίγνωσιν.
2479 5418 2495 5447 ι
2550 5399 2924 5469 Ἐμιμήσασθε
2955 5399 3017 5470 δὴ
3052 5401 3254 5470 ταύτην
3291 5401 3382 5454 καὶ
3418 5403 3594 5471 ὑμεῖς,
3627 5402 3718 5454 ού-

2134 5489 2260 5541 δένα
2292 5490 2390 5559 τῆς
2425 5490 2771 5558 ἐπιγνώσεως
2799 5492 2896 5560 τῆς
2923 5491 3065 5561 ἐμῆς
3095 5492 3307 5562 ἔχοντες
3340 5493 3514 5558 λόγον.
3559 5493 3717 5546 ι”Οτι

2134 5586 2227 5638 καὶ
2253 5585 2315 5638 σὺ
2347 5586 2642 5654 ἐπίγνωσιν
2667 5584 2891 5648 ἀπώσω,
2921 5586 3212 5656 ἀπώσομαί
3250 5589 3322 5656 (p.
3354 5588 3440 5654 3i)
3476 5603 3533 5638 σε
3558 5587 3715 5653 κάγὼ

2132 5673 2226 5727 τοῦ
2268 5674 2342 5746 μὴ
2377 5676 2674 5747 ἱερατεύειν
2707 5694 2817 5744 μοι·
2847 5696 2864 5726 ι
2919 5675 3108 5747 ὥσπερ
3141 5677 3198 5730 δέ
3228 5678 3382 5748 ὑμεῖς
3410 5677 3718 5747 ἀποόεϐλή-

2139 5781 2270 5819 κατε
2314 5766 2412 5834 τὴν
2453 5766 2652 5835 γνῶσιν
2691 5768 2897 5824 ἑαυτῶν
2943 5768 3042 5840 τὴν
3073 5769 3230 5840 ἐμὴν,
3261 5768 3401 5823 οὕτω
3431 5767 3586 5840 κάγὼ
3616 5771 3716 5839 τῆς
