3994 6508
261 269 344 327 li?!
1275 277 1819 337 COMMENTARIUS
1857 280 1924 336 IN
1962 282 2162 339 OSE/E
2204 281 2356 340 CAP.
2397 287 2486 342 Ν.

3370 281 3471 341 ἰῖἱο

256 385 371 459 περί
415 385 515 457 ἐμὲ
549 387 842 456 θεραπείας
878 389 1020 461 ὑμᾶς
1049 391 1279 462 ἐκϐαλῶ,
1327 398 1542 469 μακρὰν
1583 398 1670 452 διὰ
1700 400 1794 469 τῆς

1901 400 2077 462 cistis,
2126 401 2205 455 sic
2251 417 2350 472 ego
2380 417 2600 470 quoque
2633 418 2728 456 vos
2763 416 2792 455 a
2829 397 2979 455 cultu
3023 411 3145 455 meo
3180 394 3470 471 expellam,

254 477 610 547 αἰχμαλωσίας
644 484 871 551 ποιήσας
900 481 1009 534 τῶν
1037 484 1234 548 τόπων,
1284 489 1342 540 ἐν
1389 485 1472 552 οἷς
1510 489 1805 558 ἱερατεύειν

255 571 382 640 ὑμᾶς
406 570 678 639 προσῆκον
701 568 769 642 ἦν
797 573 936 642 ἐμοί.
970 574 1139 628 Τοῦτο
1166 577 1312 643 λέγει
1339 578 1459 649 τὸ,ι
1494 581 1805 653 Ἀπὼσομαί

254 679 304 716 σε
328 660 418 713 τοῦ
455 659 529 731 μὴ
560 662 854 732 ἱερατεύειν
887 681 998 734 μοι.
1027 685 1043 717 ι
1077 667 1294 740 Ἐπειδὴ
1313 669 1422 741 γὰρ
1437 672 1612 726 κοινὸν
1637 674 1807 726 ἁπάν-

251 768 345 806 των
371 751 562 820 κέρδος
587 754 619 822 ἡ
645 755 904 822 ἱερατεία,
935 758 1116 821 καθὼς
1142 761 1171 812 6
1199 763 1464 832 μακάριος
1492 764 1639 833 λέγει
1667 767 1806 820 Παῦ-

252 836 346 900 λος,
380 835 466 888 διὰ
487 838 646 891 τοῦτο
674 841 873 908 ὀφείλει
901 843 1090 918 ὥσπερ
1114 847 1254 920 ὑπὲρ
1277 851 1489 916 ἑαυτοῦ,
1517 853 1688 918 οὕτως
1713 859 1805 910 καὶ

250 929 344 980 τῶν
390 928 482 980 τοῦ
541 929 670 982 λαοῦ
721 934 1049 1005 προσφέρειν
1106 939 1466 1010 ἀγνοημάτων
1503 962 1518 977 ο

251 1017 483 1080 ἅπαντας
511 1019 907 1077 ἀποϐάλλεσθαι
935 1027 1033 1096 τῆς
1068 1029 1366 1100 ἱερωσύνης
1393 1034 1558 1102 λέγει,
1590 1055 1800 1090 πεπαυ-

249 1109 406 1201 μένης
448 1111 696 1182 ἐκείνης·
747 1115 930 1187 ἐπειδὴ
971 1116 1159 1192 ὥσπερ
1200 1127 1456 1197 γινομένη
1486 1129 1663 1182 κοινὸν
1689 1126 1803 1201 εἶχε

247 1200 298 1294 τὸ
324 1200 531 1294 κέρδος,
561 1203 702 1257 οὕτω
727 1207 821 1259 καὶ
860 1211 1141 1282 παυομένη
1173 1214 1358 1286 κοινὴν
1405 1219 1658 1274 ἀποτελεῖ
1704 1200 1802 1294 τὴν

246 1289 460 1384 ζημίαν.
506 1311 525 1343 ι
547 1295 652 1347 Καὶ
679 1296 942 1353 ἐπελάθου
972 1301 1136 1372 νόμου
1165 1304 1300 1358 Θεοῦ
1325 1325 1440 1361 σου·
1477 1289 1801 1384 ἐπιλήσομαι

470 1399 561 1476 σου
593 1385 765 1476 κάγώ.
812 1407 830 1440 ι
897 1393 1440 1466 Παραλογισαμένους
1485 1401 1555 1454 τά
1597 1376 1804 1476 νόμίμα

245 1467 304 1566 τά
327 1469 459 1566 ἐ-μά,
487 1473 543 1566 ἐν
571 1475 744 1530 οὐδενὶ
771 1482 1062 1553 ποιήσομαι
1098 1484 1256 1556 λόγῳ.
1294 1506 1314 1539 ι
1333 1490 1488 1546 Κατὰ
1513 1491 1574 1546 τὸ
1601 1467 1802 1566 πλῆθος

242 1557 435 1651 αὐτῶν,
466 1560 636 1626 οὕτως
661 1566 907 1639 ἣμαρτόν
938 1589 1048 1641 μοι.
1081 1594 1099 1625 ι
1155 1577 1264 1629 Καὶ
1295 1578 1403 1650 γὰρ
1434 1581 1618 1636 πολλοί
1659 1557 1802 1651 τίνες

350 1650 711 1746 ἀναρίθμητοι
753 1657 841 1711 διὰ
885 1659 986 1730 τῆς
1028 1664 1353 1734 κηδεμονίας
1374 1647 1668 1739 ’γεγονότες
1701 1647 1801 1746 τῆς

239 1739 407 1810 ἐμῆς,
452 1742 568 1796 δέον
607 1747 986 1815 ἐπιγινώσκειν
1029 1755 1121 1808 τὸν
1164 1758 1366 1830 ταύτης
1411 1763 1594 1828 αὐτοῖς
1633 1739 1799 1822 αἴτιον

237 1832 491 1934 γεγονότα
515 1835 616 1934 τῆς
648 1837 855 1934 δωρεᾶς
876 1859 889 1873 ·
937 1847 987 1898 οἱ
1022 1846 1078 1899 δὲ
1104 1849 1364 1920 ἀνάλογον
1394 1855 1473 1925 τῷ
1501 1858 1694 1931 πλήθει
1724 1863 1800 1934 τῷ

236 1919 416 1990 οἰκείῳ
567 1926 646 2020 εἱς
675 1928 774 1997 ἐμὲ
805 1935 1146 2004 παρανομίαν
1179 1919 1520 2005 ἐπεδείξαντο
1538 1983 1552 2007 ,
1593 1919 1799 2020 πολλήν

235 2026 345 2110 τινα
366 2013 471 2110 καὶ.
485 2015 790 2110 ἀμέτρητον
815 2021 982 2093 αὐτὴν
1004 2025 1382 2098 ἐργασάμενοι.
1413 2033 1477 2085 Τί
1498 2031 1621 2101 οὖν;
1660 2013 1797 2110 «Tria

234 2098 393 2198 δόξαν⁸
411 2103 590 2198 αὐτῶν
617 2108 697 2170 εἰς
725 2109 947 2179 ἀτιμίαν
973 2113 1261 2185 θήσομαι.»
1305 2121 1436 2175 Ἀπὸ
1461 2124 1570 2177 τῶν
1604 2098 1795 2198 προτέ-

365 2193 592 2288 ἀγαθῶν
618 2198 698 2260 εἰς
725 2201 981 2270 χειρόνων
1011 2209 1201 2277 πεῖραν
1226 2211 1421 2276 αὐτοὺς
1449 2193 1792 2288 καταστήσω.

236 2299 253 2382 ι
287 2283 597 2382 “tt—apti};
624 2289 752 2382 liqu
784 2309 884 2361 μου
915 2296 1196 2364 φάγονται.
1223 2320 1244 2353 ›
1292 2308 1369 2373 (p.
1402 2305 1492 2375 32)
1526 2309 1642 2362 Ἵνα
1669 2283 1796 2382 εἴπῃ

228 2374 338 2472 6-13.,-
372 2376 614 2472 Tetaﬁ-‘ra
638 2380 694 2434 δὲ
733 2385 761 2436 6
791 2384 918 2448 λαὸς
946 2389 975 2440 6
1010 2389 1140 2459 ἐμὸς
1178 2374 1516 2467 ἡμαρτηκὼς
1560 2403 1641 2464 εἱς
1673 2374 1793 2472 ἐμὲ,

229 2465 490 2536 ἀνάλογον
523 2463 597 2523 ὧν
628 2473 892 2546 πεποίηκε
915 2477 1142 2548 λήψεται
1163 2484 1256 2537 τὸν
1283 2488 1512 2558 καρπὸνο
1539 2463 1796 2548 τοιούτων

226 2556 540 2656 ἀπολαύσας
572 2565 816 2636 καρπῶν,
836 2563 925 2622 οἷά
949 2588 1054 2642 περ
1070 2571 1308 2647 ἐσπειρεο
1331 2556 1392 2631 τὸ
1416 2581 1524 2651 γὰρ
1544 2601 1563 2633 ι
1599 2582 1796 2656 Ἀμαρ-

227 2647 336 2712 τίας
380 2650 527 2705 λαοῦ·
558 2672 656 2723 μου
696 2657 976 2726 φάγονται,
1008 2682 1028 2714 ι
1065 2666 1184 2718 διντί¹
1211 2668 1326 2732 τοῦ,
1362 2647 1628 2728 Τοιούτων

229 2736 516 2797 λαύσουσιν
544 2748 594 2798 οἱ
627 2749 720 2802 τοῦ
748 2750 874 2805 λαοῦ
903 2772 1004 2824 μου
1037 2753 1126 2812 οἶά
1151 2777 1258 2831 περ
1286 2762 1552 2835 ἥμαρτον.

1583 947 1805 1012 εἰκότως

294 2912 447 3006 ξτίχ.
488 2916 652 2972 θ’-ια¹.
693 2952 764 2963 -
795 2942 814 2976 ι
849 2927 957 2979 Καὶ
1003 2930 1060 2981 ἐν
1107 2934 1225 2995 ταῖς
1274 2933 1566 3006 ἁμαρτίαις
1614 2943 1792 2996 αὐτῶν

227 2998 484 3107 λήψονται
515 3008 662 3107 aut;
681 3013 857 3107 φοχάς
883 3019 1077 3073 αὐτῶν.
1120 3041 1140 3072 ι
1183 2998 1351 3096 ’Υπὲρ
1374 2998 1482 3099 έάρ
1511 2998 1586 3084 ῶν
1611 3034 1792 3107 ἡμάρ-

227 3108 385 3188 τανον
413 3097 493 3160 είς
536 3100 654 3169 ἐμὲ,
687 3103 755 3156 δι’
787 3107 988 3179 ἐτέρων
1021 3110 1248 3166 δώσουσι
1272 3115 1426 3188 δίκην
1449 3097 1556 3173 τῶν
1582 3097 1790 3179 ἐπιέναι

230 3184 530 3278 μελλόντων
569 3193 753 3258 αὐτοῖς
802 3199 1094 3270 πολεμίων.
1132 3223 1150 3256 ι
1203 3207 1313 3260 Καὶ
1349 3184 1496 3263 ἔσται
1542 3213 1723 3278 καθὼς
1765 3218 1794 3269 6

223 3271 576 3374 λαδςῖοὔτως
623 3287 714 3338 καί⁵
751 3289 780 3340 ὁ
815 3288 1009 3361 ἱερεύς.
1052 3313 1072 3345 ι
1125 3296 1214 3349 Ἐν
1261 3299 1496 3373 τοσαύτῃ
1539 3271 1794 3374 συγχύσει

223 3381 277 3416 τε
302 3370 401 3462 καὶ
436 3377 691 3462 συμφορᾷ
720 3377 808 3432 διὰ
838 3381 936 3450 τῆς
957 3385 1331 3455 αἰχμαλωσίας
1356 3370 1691 3461 γενήσονται,
1719 3398 1794 3462 ὡς

228 3459 356 3556 μηδὲ
410 3462 542 3560 μίαν
573 3460 713 3520 εἶναι
766 3470 1136 3541 ἱερατεύοντός
1179 3495 1239 3532 τε
1281 3483 1374 3535 καὶ
1415 3459 1510 3538 τοῦ
1553 3459 1794 3560 ὑπὺτὴν

227 3548 528 3649 ἱερωσύνην
568 3554 860 3627 διαφοράν·
892 3561 988 3616 ἅτε
1028 3567 1254 3635 μηδενὸς
1288 3573 1386 3642 μὲν
1421 3574 1528 3628 τῶν
1560 3577 1618 3629 ἐν
1649 3548 1796 3649 ἱερά-

223 3639 336 3710 τείᾳ
376 3641 501 3714 θείᾳ
557 3651 940 3720 προσηκόντων
973 3661 1254 3729 γινομένου
1298 3665 1440 3728 τότε,
1476 3669 1694 3723 πάντων
1735 3671 1793 3724 δὲ

221 3731 829 3830 τῇὶῆιςαίχμαλωσίας
855 3751 1108 3818 συμφορᾷ
1145 3756 1540 3824 περικειμένων
1570 3761 1791 3830 ὁμοίως.

228 3835 246 3914 ι
288 3820 403 3873 Καὶ
430 3822 704 3896 ἐκδικήσω
728 3832 812 3883 ἐπ’
838 3835 1031 3899 αὐτοὺς
1063 3837 1160 3903 τὰς
1194 3820 1346 3907 όδοὺς
1365 3820 1575 3914 αὐτῶν,
1602 3820 1694 3904 καὶ
1724 3820 1795 3904 τὰ

219 3908 500 4014 διαδούλια
533 3918 730 4014 ,αὐτῶν
770 3923 1132 4014 ἀνταποδῶσω
1165 3934 1367 4000 αὐτοῖς.
1404 3957 1424 3990 ι
1472 3908 1792 4014 Τιμωρήσο-

221 4014 318 4066 μαι
339 4001 454 4073 γὰρ
487 4005 684 4070 αὐτοὺς
707 4010 942 4082 ἀνάλογα
970 4011 1050 4080 οἷς
1075 4037 1133 4073 τε
1162 4022 1504 4084 ἐϐουλεύοντο
1527 4001 1793 4090 ἐπιτελεῖν

354 4097 686 4202 προῄρηντο.
733 4123 752 4155 ι
784 4106 1192 4202 Καὶῌφάγονται
1229 4119 1324 4172 καὶ
1367 4122 1428 4176 οὐ
1467 4124 1542 4196 μὴ
1584 4127 1793 4202 ἐμπλη-

219 4179 436 4282 σθῶσιν.
478 4205 498 4235 ι
541 4189 846 4246 ’Λπαυστον
869 4196 1046 4263 ἕξουσι
1086 4203 1195 4257 τῶν
1226 4208 1410 4262 κακῶν
1575 4179 1787 4288 πεῖραν,

216 4272 300 4324 ἀεὶ
326 4276 444 4376 τοῖς
465 4279 723 4376 Δ’πρώτοις
765 4289 1202 4361 προστιθεμένων
1249 4272 1577 4370 ἐτέρων⁶’ἐκ
1631 4272 1793 4376 μεταζ-

215 4370 388 4468 φορέ
419 4371 560 4468 αὐτὸ⁸
592 4375 912 4468 εᾼῐπὼνπῶν
953 4383 1118 4436 ἐπειδ’
1169 4385 1234 4439 ἂν
1282 4393 1544 4459 φαγόντες
1577 4370 1650 4468 μη
1698 4417 1788 4452 κοδ

215 4458 508 4528 ρεσθῶσιν,
544 4464 826 4520 ἐσθιόντων
874 4470 1062 4524 ’πάλιν⁹
1090 4474 1174 4529 ἵνα
1207 4479 1334 4552 εἴπῃ
1371 4458 1463 4535 γὸτι
1505 4458 1600 4540 καὶ
1639 4458 1788 4542 οὗτοι

216 4551 272 4600 ἐν
303 4553 474 4623 πείρα
504 4558 817 4628 γενήσονται
845 4562 954 4615 τῶν
989 4567 1173 4620 κακῶν
1194 4586 1208 4599 ο
1242 4575 1336 4624 καὶ
1362 4573 1467 4627 τῶν
1510 4580 1788 4652 προτέρων

214 4646 539 4741 γεγονότων,
570 4650 672 4741 —(p.
707 4652 796 4722 55)
844 4656 1004 4708 πάλιν
1033 4657 1184 4712 ἔσται
1226 4661 1452 4734 δεύτερα
1476 4683 1488 4694 ·
1519 4646 1691 4741 πέρας
1729 4675 1787 4728 δέ

210 4732 317 4786 τῶν
350 4739 688 4808 γιγνομένων
723 4745 823 4798 οὐκ
841 4745 990 4800 ἔσται
1015 4765 1028 4779 ·
1054 4749 1114 4802 τὸ
1141 4752 1248 4823 γὰρ
1272 4773 1290 4805 ‹
1323 4732 1600 4824 φάγονται.
1619 4782 1638 4813 ι
1665 4732 1787 4818 κάν-

210 4824 390 4924 ταῦθα
406 4824 556 4883 εἶπεν
569 4831 644 4924 ὡς
657 4834 715 4886 ἐν
735 4838 844 4898 τοῖς
858 4837 1150 4909 ἀνωτέροις
1170 4863 1187 4894 ι
1210 4843 1506 4918 Ἀμαρτίας
1530 4850 1658 4905 λαοῦ
1683 4873 1786 4924 μου

210 4916 500 4984 φάγονται,
540 4939 562 4972 ›
601 4923 720 4978 ἀντὶ
765 4926 880 4991 τοῦ,
931 4916 1375 5004 Πειραθήσονταιξ
1422 4959 1440 4990 ι
1504 4916 1788 5015 Ἐπόρνευ-

211 5023 310 5108 σαν
340 5011 518 5064 κοιὶού
551 5013 624 5083 μὴ
647 5017 1094 5076 κατευθυνθῶσιν.
1131 5043 1149 5074 ›
1184 5025 1399 5099 Ἐπειδὴ
1421 5031 1525 5103 γάρ
1543 5011 1786 5108 ἀπέστη-

208 5099 308 5152 σάν
361 5119 466 5171 μου
492 5108 789 5174 παντελῶς,
816 5111 966 5165 οὐδὲν
997 5116 1179 5180 αὐτοῖς
1215 5120 1295 5181 είς
1325 5120 1442 5174 δέον
1471 5099 1783 5196 ἐκϐήσεται.

212 5209 230 5238 ι
261 5193 416 5291 arma.
457 5195 547 5291 τον
591 5198 793 5291 ιξύριον
838 5204 1213 5272 ἐγκατέλιπον,
1259 5210 1350 5264 τοῦ
1390 5193 1616 5282 φυλάξαι
1649 5237 1786 5291 ,πορ-

205 5281 361 5335 νείαν
384 5299 401 5312 ·
440 5286 530 5338 καὶ
573 5284 712 5342 οἶνον
738 5293 832 5345 καὶ
876 5297 1125 5368 μέθυσμα
1170 5281 1614 5376 ἐδέξατοκαρδία
1651 5281 1786 5365 -λαοῦ

210 5392 337 5464 μου.
377 5394 397 5426 ι
442 5378 839 5452 Ἀμελήσαντες
868 5387 975 5457 γάρ
1016 5390 1108 5442 τοῦ
1135 5391 1291 5446 Θείου
1320 5397 1616 5464 παντελῶς,
1657 5403 1786 5455 πολ-

205 5463 307 5534 λὴν
332 5469 654 5538 ἐπιμέλειαν
697 5476 797 5542 τῆς
824 5480 1039 5548 περὶτὰ
1065 5483 1256 5538 εἴδωλα
1300 5488 1580 5544 ἐποιοῦντο
1624 5509 1788 5548 σπου-

205 5554 342 5608 δῆεο
389 5560 524 5608 ὥστε
585 5567 877 5608 ιιβθξῖηυς-ηρ
932 5577 1123 5608 κεῖ-ηεα-
1164 5581 1274 5608 -λτρ
1323 5586 1510 5608 ...ηητμ
1607 5586 1734 5608 .-μοι

259 5597 272 5627 ι

284 5720 327 5754 ⁵⁸
367 5725 524 5780 lle’rr.
565 5745 662 5785 νη.
695 5733 777 5786 12.

1907 492 2098 560 procul
2149 507 2246 546 vos
2283 501 2502 561 prepter
2546 495 2912 563 captivitatem
2947 493 3014 547 ab
3064 493 3130 546 iis
3170 492 3306 547 locis
3341 492 3469 547 Sub-

1906 595 2152 640 movcus,
2189 581 2240 633 in
2273 582 2475 650 quibus
2510 597 2619 636 rem
2671 583 2801 636 mihi
2849 597 3060 636 sacram
3104 596 3132 634 a
3164 582 3318 636 vobis
3353 580 3468 634 ﬁeri

1906 673 2262 726 constitutum
2294 676 2487 727 fuerat.
2523 672 2634 726 lloc
2663 674 2967 744 signiﬁcant
2995 674 3181 740 verba,
3220 692 3236 724 ι
3278 671 3470 741 llepcl-

1906 763 2011 815 lam
2049 771 2100 817 te
2139 766 2430 832 quominus
2465 764 2770 818 sacerdotio
2814 765 3057 833 fungaris
3090 764 3242 818 mihi.
3278 782 3296 815 ι
3331 761 3466 816 Nam

1905 854 2030 922 quia
2055 869 2345 908 conunune
2377 857 2588 908 lucrmn
2617 862 2698 908 est
2734 856 3118 916 sacerdotium,
3149 862 3306 924 prout
3340 853 3468 906 bea-

1905 953 1992 998 tus
2027 944 2230 999 Paulus
2273 948 2369 1007 ait,
2408 962 2468 1000 ac
2521 959 2804 1017 propterea
2847 945 3005 1000 debet
3049 947 3304 1000 sacerdos
3353 955 3467 998 tum

1907 1053 2003 1106 pro
2027 1053 2106 1100 se,
2127 1047 2238 1091 tum
2273 1039 2435 1092 etiam
2468 1053 2565 1108 pro
2598 1039 2782 1108 pepuli
2814 1039 3138 1108 ignorantiis
3175 1038 3370 1094 oﬂ'erre
3392 1039 3467 1091 “’z

1904 1131 2099 1184 merito
2165 1139 2396 1187 cunctos
2445 1133 2513 1186 de
2570 1130 2877 1186 sacerdotio
2930 1131 3126 1200 expelli
3189 1131 3341 1191 dicit,
3378 1129 3471 1183 -εί-

1903 1226 2121 1293 quando
2188 1227 2290 1280 hoc
2346 1226 2598 1281 desinit:
2647 1241 2771 1279 nam
2826 1225 2985 1280 sicuti
3047 1225 3174 1276 dum
3231 1225 3468 1286 exsistit’,

1903 1329 2245 1369 communem
2280 1315 2479 1385 przehet
2523 1315 2840 1376 utilitatem,
2883 1315 2962 1369 sic
3008 1314 3284 1374 desinens,
3319 1329 3470 1366 com-

1903 1420 2063 1460 mune
2085 1407 2469 1460 detrimentum
2516 1407 2678 1477 parit.
2719 1425 2737 1457 ι
2786 1404 2852 1459 Et
2893 1406 3056 1458 oblita
3099 1420 3158 1459 es
3207 1405 3339 1474 legis
3373 1403 3466 1455 Dei

1901 1496 2020 1563 tui;
2054 1497 2352 1552 obliviscar
2396 1497 2632 1550 liliorum
2676 1505 2890 1551 tuorum
2934 1506 2986 1550 et
3035 1511 3156 1563 ego.
3197 1515 3214 1546 ι
3245 1494 3351 1549 Eos
3377 1495 3468 1563 qui

1902 1588 2139 1658 legitima
2202 1604 2322 1644 mea
2393 1589 2878 1659 transgredientur,
2946 1589 3099 1642 nihili
3164 1588 3465 1642 mstimabn.

1907 1698 1925 1730 ι
1967 1679 2276 1734 Secundum
2311 1680 2715 1735 multitudinem
2762 1681 2863 1749 21
2915 1697 3124 1745 eorum,
3161 1683 3239 1737 sic
3281 1679 3468 1749 pecca-

1903 1780 2095 1824 verunt
2122 1771 2275 1824 mihi.
2321 1789 2338 1822 ι
2378 1771 2512 1825 Cum
2545 1771 2721 1836 multi,
2765 1773 2873 1824 imo
2920 1772 3364 1835 innumerabiles,
3398 1771 3468 1823 ob

1899 1860 2298 1929 providentiam
2356 1879 2530 1917 meam
2569 1862 2696 1916 facti
2733 1872 2934 1924 essent,
2973 1879 3183 1934 aequum
3223 1863 3466 1932 profecto

1901 1959 2040 2015 erat,
2073 1961 2132 2004 ιιι
2162 1952 2324 2021 hujus
2359 1954 2601 2008 muneris
2645 1963 2921 2008 auctorem
2963 1961 3383 2024 cognoscerent;
3412 1963 3466 2006 at

1899 2041 1975 2096 illi
2003 2051 2215 2107 contra,
2245 2059 2428 2113 parem
2454 2060 2682 2099 numero
2708 2060 2805 2099 suo
2830 2045 3168 2114 iniquitatem
3197 2047 3470 2100 adversus

1897 2153 1983 2191 me
2030 2150 2506 2208 exprompserunt,
2558 2141 2782 2194 multam
2831 2141 3039 2194 scilicet
3083 2149 3136 2195 et
3199 2139 3466 2194 inﬁnitain

1897 2238 2197 2298 patrantes.
2240 2230 2379 2296 Quid
2423 2233 2595 2302 ergo?
2631 2251 2648 2283 ι
2688 2231 2926 2286 Gloriam
2973 2248 3159 2287 eorum
3210 2233 3264 2286 in
3311 2235 3463 2302 ignoo

1896 2318 2118 2371 miniam
2150 2321 2513 2374 commutatio.
2561 2340 2580 2371 ι
2625 2322 2662 2374 Α
2696 2322 2972 2391 prioribus
3002 2323 3161 2378 bonis
3198 2324 3460 2393 deiectos,

1895 2410 2080 2480 pejora
2132 2409 2329 2465 faciant
2371 2414 2628 2482 experiri.
2668 2433 2684 2463 ι
2719 2414 2946 2469 Peccata
2991 2416 3172 2485 pOpuli
3226 2417 3329 2470 mei
3364 2432 3463 2470 co-

1895 2501 2128 2556 medent.
2151 2521 2170 2554 »
2194 2501 2360 2568 Quasi
2377 2503 2544 2566 dicat,
2563 2504 2710 2557 Talia
2734 2505 2964 2574 populus
2981 2520 3133 2560 meus
3152 2521 3275 2558 eum
3301 2506 3354 2558 in
3378 2520 3463 2559 me

1895 2595 2215 2660 peccaverit,
2229 2609 2524 2664 congruum
2542 2593 2702 2650 factis
2715 2596 2829 2651 suis
2847 2595 3081 2651 fructum
3096 2597 3374 2667 percipiet;
3391 2604 3467 2650 ta-

1893 2681 1973 2736 les
1989 2698 2179 2754 nempe
2201 2684 2414 2741 fructus
2430 2686 2671 2756 capiens,
2689 2689 2850 2757 quale
2872 2703 3052 2743 semen
3071 2689 3221 2759 jecit.
3237 2689 3365 2741 Nam
3387 2690 3467 2743 lo-

1894 2775 2062 2840 cutio,
2081 2797 2099 2828 ι
2117 2775 2344 2832 Peccata
2365 2779 2545 2848 populi
2566 2780 2668 2834 mei
2693 2779 2995 2846 comedent,
3010 2799 3028 2831 ι
3053 2781 3272 2850 perinde
3287 2792 3366 2835 est
3385 2790 3465 2833 at-

1895 2879 2020 2933 que,
2038 2865 2262 2921 Talibus
2276 2867 2554 2938 pcrl'uetur
2570 2870 2799 2938 populus
2815 2886 2988 2933 meus,
3002 2872 3178 2939 qualia
3194 2872 3460 2941 peccavit.

1970 2957 2133 3012 Vens.
2176 2958 2328 3013 9-H.
2366 2988 2436 2999 —-
2465 2977 2483 3009 ι
2523 2957 2587 3011 Et
2619 2959 2672 3012 in
2715 2959 3093 3029 iniquitatibus
3139 2977 3326 3015 eorum
3373 2976 3463 3014 ac-

1821 3075 1864 3133 c
1896 3049 2100 3118 cipient
2142 3047 2234 3100 alii
2269 3047 2485 3101 animas
2515 3047 2776 3116 ipsorum.
2815 3067 2832 3099 ι
2871 3046 3114 3118 Namque
3137 3050 3206 3102 ob
3248 3063 3310 3103 ea
3343 3062 3463 3116 qua:

1897 3140 1954 3194 in
1990 3155 2074 3194 me
2115 3145 2436 3208 peccarunt,
2479 3139 2740 3192 ultionem
2788 3140 2857 3193 ab
2887 3141 3010 3195 aliis
3058 3142 3338 3210 patientur
3363 3140 3463 3195 ho-

1897 3231 2095 3293 stibus,
2122 3231 2215 3300 qui
2252 3237 2604 3298 consurgent.
2637 3249 2654 3280 ι
2693 3229 2757 3283 Εῑ
2779 3230 2892 3284 terit
2924 3230 3066 3285 sicut
3096 3231 3350 3299 populus,
3383 3230 3462 3284 sic

1895 3321 2172 3378 sacerdos.
2207 3340 2226 3373 ι
2257 3321 2312 3374 In
2338 3320 2718 3375 confusionem
2747 3330 2950 3375 tantam
2985 3322 3462 3390 calamitatemque

1893 3411 2185 3467 devenient
2215 3419 2437 3481 propter
2467 3411 2864 3481 captivitatem,
2896 3420 2954 3465 ut
2983 3412 3131 3465 nulla
3164 3412 3233 3466 sit
3273 3427 3462 3465 sacer-

1896 3503 2042 3558 dotis
2087 3503 2156 3557 ab
2192 3518 2257 3558 eo
2289 3503 2383 3572 qui
2430 3504 2534 3558 sub
2582 3504 2892 3559 sacerdotio
2935 3511 3020 3558 est
3057 3502 3458 3573 discrepantia;

1895 3600 2166 3661 quatenus
2230 3591 2366 3646 nihil
2415 3598 2548 3645 tunc
2601 3591 2668 3645 ad
2717 3591 3051 3646 sacerdotale
3096 3592 3462 3645 ministerium

1894 3682 2179 3752 pertinens
2209 3681 2318 3744 iiet,
2352 3682 2570 3737 cunctis
2601 3682 2880 3738 servitutis
2920 3683 3220 3737 infortunio
3252 3681 3465 3736 indiﬂ‘eo

1893 3781 2079 3827 renter
2123 3773 2413 3842 correptis.
2451 3793 2469 3824 ι
2504 3772 2568 3828 Ει
2604 3774 2842 3830 ulciscar
2875 3789 3038 3843 super
3075 3789 3172 3828 eos
3212 3774 3330 3829 vias
3362 3788 3462 3828 eo-

1893 3880 2039 3927 rum,
2085 3873 2139 3917 et
2184 3865 2541 3934 cogitationes
2587 3881 2778 3920 eorum
2830 3866 3053 3920 reddam
3102 3866 3256 3936 ipsis.
3288 3885 3307 3918 ι
3351 3867 3458 3920 Ρυο

1893 3957 2041 4010 niam
2073 3971 2170 4010 eos
2204 3971 2447 4026 congrua
2503 3957 2608 4020 his,
2660 3974 2782 4027 qua:
2825 3959 3134 4027 cogitarunt
3171 3959 3347 4012 facere
3393 3972 3459 4012 ac

1892 4047 2202 4110 voluerunt,
2235 4047 2497 4101 vindicta.
2537 4066 2555 4097 ι
2587 4047 2652 4102 Et
2687 4049 2992 4107 comedent,
3040 4057 3096 4103 et
3141 4064 3250 4102 non
3282 4048 3459 4117 reple-

1893 4139 2118 4194 buntur.
2158 4158 2176 4190 ι
2208 4139 2589 4194 lndesinenter
2624 4139 2765 4193 mala
2796 4139 3168 4208 experientur,
3199 4139 3322 4193 aliis
3350 4141 3456 4192 alia

1892 4231 2314 4300 excipientibus.
2353 4229 2538 4285 Utitur
2567 4239 2748 4284 autem
2784 4231 3100 4300 metaphora
3130 4246 3318 4285 eorum
3360 4231 3456 4300 qui

1893 4321 2235 4376 comestione
2261 4337 2369 4377 non
2398 4321 2603 4384 satiati,
2639 4337 2837 4376 rursus
2875 4322 3201 4389 comedunt;
3231 4329 3289 4375 ut
3311 4322 3463 4376 dicat

1822 4399 1866 4455 Ι)
1896 4409 2018 4465 fore
2068 4418 2127 4464 ttt
2176 4411 2230 4464 hi
2277 4412 2439 4464 etiam
2489 4412 2631 4464 mala
2683 4411 3069 4479 experiantur;
3121 4421 3173 4466 et
3217 4414 3456 4482 peractis

1895 4502 2195 4572 prioribus.
2247 4501 2363 4556 fore
2409 4509 2468 4554 ut
2515 4502 2820 4572 posteriora
2873 4501 3458 4572 superveniantnnul-

1894 4593 2116 4662 lumque
2145 4592 2304 4645 tinem
2342 4591 2656 4660 impositum
2686 4593 2772 4645 iri.
2803 4591 2935 4645 Nam
2967 4593 3188 4646 verbum
3225 4607 3458 4647 Leome-

1894 4681 2027 4736 dent
2057 4699 2077 4733 ι
2114 4680 2204 4734 hic
2234 4681 2362 4733 item
2394 4695 2460 4733 co
2489 4694 2654 4734 sensu
2678 4680 2811 4734 dicit
2839 4696 2949 4752 quo
2973 4682 3028 4734 in
3055 4682 3452 4750 superioribus,

1890 4790 1909 4822 ι
1951 4783 2172 4840 peccata
2222 4769 2410 4839 populi
2461 4771 2568 4824 mei
2602 4772 2911 4836 comedent,
2946 4792 2966 4824 ι
3016 4773 3069 4826 id
3115 4781 3218 4834 est,
3275 4772 3455 4840 Expe-

1887 4865 2116 4919 rientur.
2167 4882 2185 4914 ι
2220 4861 2502 4916 Fornicati
2547 4875 2695 4927 sunt,
2732 4875 2781 4918 et
2821 4880 2928 4917 non
2961 4873 3109 4918 recte
3152 4865 3234 4918 eis
3260 4865 3387 4920 erit.
3427 4882 3448 4915 ι

1887 4952 2021 5006 Nam
2056 4951 2184 5021 quia
2225 4967 2254 5003 a
2292 4968 2377 5006 me
2400 4953 2624 5006 omnino
2655 4961 3022 5015 recesserunt,
3053 4952 3191 5007 nihil
3221 4954 3289 5007 iis
3316 4952 3454 5007 bene

1887 5043 2124 5098 eveniet.
2185 5061 2202 5093 ι
2243 5042 2513 5108 Quoniam
2558 5044 2848 5098 Dominum
2876 5045 2982 5114 22
3019 5045 3452 5114 dereliquerunt,

1889 5147 1948 5191 ut
1995 5137 2318 5191 fornicando
2355 5137 2702 5191 inhaererent.
2750 5135 3216 5200 Fornicationem,
3261 5137 3450 5190 vinum

1884 5235 1939 5281 et
1975 5227 2311 5280 ebrietatem
2361 5241 2457 5278 cor
2499 5227 2685 5295 populi
2743 5228 2846 5282 mei
2905 5228 3139 5296 excepit.
3177 5247 3196 5278 ι
3243 5226 3453 5294 Quippe

1886 5316 1998 5371 Deo
2024 5331 2255 5386 prorsus
2284 5321 2556 5386 neglecto,
2588 5319 2812 5371 multam
2850 5318 2997 5371 circa
3030 5317 3299 5371 idolorum
3330 5315 3452 5368 dili-

1887 5411 2132 5478 gentiam
2156 5418 2615 5478 exprnmpserunt
2646 5426 2660 5462 :
2698 5409 2833 5464 adeo
2856 5419 2915 5462 ut
2944 5410 3102 5464 malis
3132 5409 3348 5473 ebriati,
3383 5424 3452 5464 ne

1887 5513 2109 5553 sensum
2135 5498 2354 5568 quidem
2387 5499 2694 5568 iniquitatis
2721 5515 2838 5554 suae
2868 5500 3123 5555 habeant.

273 5575 342 5621 ς’
389 5560 524 5618 ὥστε
581 5567 877 5636 μεθύοντας
930 5577 1123 5640 αὐτοὺς
1163 5581 1274 5645 τοῖς
1323 5586 1543 5652 κακοῖς,
1603 5586 1736 5657 μηδὲ
1782 5588 2046 5662 αἴσθησιν·
2075 5560 2539 5663 παρανομίέις
2566 5591 2750 5646 λοιπὸν
2779 5591 2922 5665 ἔχειν
2948 5593 3044 5665 τῆς
3082 5593 3240 5658 tam“
