3994 6518
537 233 632 290 151

1739 242 2087 299 THEODORI
2140 245 2618 305 MOPSUESTENI

3676 254 3769 313 152

604 346 771 402 Vsus.
805 348 994 406 iQ-H.
1030 379 1099 390 —-—
1134 370 1151 401 ι
1183 353 1241 405 Iu
1273 354 1537 423 auspiciis
1576 355 2008 428 interrogabant,
2050 370 2096 414 cl

2279 364 2425 435 Στίχ.
2478 364 2655 434 ιβὐιδ.
2690 393 2760 405 --
2794 385 2811 416 ι
2860 366 2949 420 Ἑν
3003 365 3290 436 συμϐόλοις
3337 364 3658 438 ἐπηρώτων,
3683 371 3771 425 καὶ

530 438 587 494 in
645 439 817 513 virgis
868 441 984 496 suis
1045 443 1444 498 annuntiabant
1501 445 1571 499 ei.
1608 466 1623 496 ι
1684 446 1849 510 More,
1906 450 2101 519 inquit,

530 532 877 586 ethnicorum
922 532 1174 602 agebant,
1218 536 1309 605 qui
1356 536 1633 593 daemones
1667 540 2100 612 interrogabant,

530 626 647 680 sive
674 627 867 680 borum
910 627 1248 695 sacerdotes,
1282 647 1347 686 ex
1378 634 1639 702 auspiciis
1672 635 1887 691 discere
1913 638 2099 693 volen-

530 723 614 770 tes
642 733 763 785 quae
793 717 926 785 ipsis
955 733 1094 788 opus
1127 732 1281 775 erant
1317 742 1329 775 :
1358 739 1589 793 quorum
1622 736 1739 779 erat
1763 730 2103 783 consuetudo

532 814 589 859 ut
625 808 794 877 virgis
817 809 1148 878 quibusdam
1175 823 1413 880 utentes,
1440 814 1815 871 fraudulenter
1843 820 1907 870 ad
1936 819 2103 874 inter-

530 904 715 965 rogata
751 899 1165 966 responderent.
1201 920 1219 952 ι
1253 901 1493 974 Spiritus
1528 904 1911 963 fornicationis
1938 909 2100 963 dece-

531 986 609 1054 pit
633 1001 751 1051 eos,
780 998 833 1042 et
865 988 1121 1045 fornicati
1152 1004 1280 1047 sunt
1322 1010 1349 1047 a
1385 994 1494 1051 Deo
1528 1012 1645 1052 suo.
1676 1019 1693 1050 ι
1730 998 2099 1053 Fornicariam

529 1076 793 1134 habentes
819 1088 1078 1146 mentem,
1115 1084 1184 1137 ad
1213 1101 1456 1141 errorem
1486 1103 1515 1141 a
1539 1088 1649 1144 Deo
1676 1106 1902 1159 prorsus
1924 1094 2098 1147 aversi

527 1169 959 1230 declinaverunt.
998 1194 1016 1226 ι
1052 1177 1230 1247 Super
1255 1182 1489 1236 vertices
1516 1184 1781 1237 montium
1816 1184 2098 1239 sacriﬁca-

523 1260 676 1325 bant,
713 1270 767 1317 et
800 1279 967 1334 super
994 1266 1163 1320 colles
1193 1268 1564 1325 accendebant
1598 1272 1895 1344 thymiama
1929 1292 1942 1330 :
1969 1276 2099 1329 sub-

523 1359 615 1407 tus
663 1368 927 1423 quercum
966 1366 1019 1409 et
1056 1359 1317 1427 populum
1351 1366 1405 1414 et
1449 1362 1765 1418 umbrosam
1819 1365 2093 1429 arborem,

523 1442 653 1510 quia
690 1443 891 1497 bonum
932 1457 1047 1500 erat
1080 1449 1481 1503 umbraculum.
1521 1469 1539 1503 ι
1575 1450 1780 1508 Deinde
1828 1454 1893 1508 ad
1941 1469 2097 1508 mou-

520 1540 608 1591 tes
641 1536 916 1606 collesque
947 1540 1262 1605 currebant,
1299 1540 1485 1612 ibique
1515 1542 1854 1599 daemonibus
1886 1545 2096 1600 sacriﬁ-

522 1624 608 1677 cia
661 1626 966 1691 faciebant,
1031 1644 1367 1700 magnasque
1420 1640 1473 1685 et
1527 1634 1817 1690 umbrosas
1873 1637 2095 1691 arbores

2209 456 2265 506 ὲν
2319 455 2528 526 ῥάϐδοις
2576 455 2738 508 αὐτοῦ
2771 455 3109 527 ἀπήγγελλον
3162 458 3328 527 αὐτῷ.
3369 477 3388 509 ›
3438 460 3504 510 Ἀ
3532 459 3674 513 κατά
3715 460 3771 513 τὸ

2221 545 2526 615 Ἰἰλληνικὺν
2545 546 2665 610 ἔθος
2697 548 2935 613 ἐποίουν,
2968 548 3135 613 λέγει,
3160 550 3308 601 ὅτιοί
3345 550 3443 619 μὲν
3481 551 3770 621 ἐπηρώτων

2206 640 2329 701 τοὺς
2357 638 2631 707 δαίμονας,
2674 639 2783 692 εἴτε
2815 641 2940 702 τοὺς
2982 638 3183 692 τούτων
3226 641 3425 711 ἱερέας,
3459 641 3546 694 διά
3578 640 3771 711 ωμὸόο

2207 732 2312 786 λων
2345 733 2633 804 μανθάνειν
2660 733 2990 805 βουλόμενοι,
3017 733 3067 787 τί
3090 734 3199 787 τῶν
3228 736 3409 797 αὐτοῖς
3447 734 3767 802 ἀναγκαίωνυ

2206 825 2254 877 οἳ
2304 824 2443 877 κατά
2490 825 2550 877 τὸ
2598 824 2787 887 εἰωθὸς
2848 825 3029 887 αὐτοῖς
3071 825 3285 896 ράὁδοις
3335 827 3445 878 τισὶ
3496 826 3769 896 κεχρημέ-

2206 931 2284 968 νοι
2353 912 2488 983 μετά
2534 914 2749 985 ἀπάτης
2789 915 2899 967 τῶν
2966 915 3283 985 ἐρωτήσεων
3341 916 3441 985 τὴν
3488 917 3770 987 ἀπόκρισιν

2204 1006 2502 1059 ἐποιοῦντο.
2541 1024 2560 1057 ι
2595 1006 2870 1076 Πνεύματι
2920 1007 3173 1076 πορνείας
3235 1007 3634 1079 ἐπλανήθησαν,
3681 1014 3769 1064 καὶ

2204 1096 2597 1168 ἐξεπόρνευσαν
2616 1098 2724 1150 ἀπὸ
2745 1096 2838 1149 τοῦ
2866 1095 3002 1150 Θεοῦ
3023 1097 3221 1150 αὐτῶν.
3260 1116 3279 1148 ›
3310 1099 3547 1170 Πορνικῇ
3573 1102 3771 1173 χρησά·

2207 1208 2355 1261 μενοι
2407 1190 2619 1263 γνώμῃ,
2678 1191 2814 1261 πρὸς
2859 1190 3067 1260 πλάνην
3115 1186 3252 1244 εἶδον
3306 1192 3638 1257 ἀποστάντες
3681 1195 3769 1249 τοῦ

2201 1282 2335 1335 Θεοῦ
2369 1281 2664 1346 παντελῶς.
2706 1303 2724 1335 ‹
2771 1285 2893 1338 Ἐπὶ
2915 1284 3012 1348 τὰς
3045 1283 3289 1354 κορυφὰς
3321 1284 3429 1338 τῶν
3459 1285 3628 1356 ὀρέων
3654 1286 3769 1340 ἐθυ-

2204 1373 2406 1438 σίαζον.
2439 1372 2515 1443 (p.
2558 1374 2647 1445 54)
2686 1375 2777 1427 καὶ
2814 1374 2906 1427 ἐπὶ
2934 1375 3058 1437 τοὺς
3100 1373 3319 1444 βουνοὺς
3346 1374 3499 1429 ἔθυον
3520 1375 3771 1429 ὑποκάτω

2200 1465 2357 1536 δρυὸς
2382 1466 2475 1519 καὶ
2501 1465 2699 1536 λεύκης
2724 1467 2815 1520 καὶ
2836 1466 3051 1537 δένδρου
3083 1466 3482 1531 συσκιάζοντος,
3503 1468 3584 1521 ὅτι
3612 1468 3772 1522 καλὸν

2202 1557 2398 1626 σκέπη.
2426 1577 2443 1609 ι
2467 1553 2599 1611 Εἶτα
2622 1558 2711 1610 ἐπὶ
2740 1558 2809 1611 τά
2838 1558 2937 1629 ὅρη
2966 1575 3026 1611 τε
3052 1558 3288 1620 καὶτοὺς
3318 1558 3537 1628 βουνοὺς
3564 1560 3776 1629 ἀνέτρε-

2202 1669 2314 1720 χον,
2357 1650 2541 1704 αὐτόθι
2581 1651 2769 1713 Θυσίας
2814 1650 3184 1715 ἐπιτελοῦντες
3238 1656 3349 1716 τοῖς
3394 1653 3610 1723 δαίμοσι
3635 1669 3651 1683 ’
3685 1654 3774 1704 καὶ

520 1715 854 1786 deligebam,
890 1719 979 1772 ubi
1013 1733 1146 1774 suas
1175 1722 1562 1790 perversitates
1594 1734 1952 1795 peragerent;
1995 1742 2096 1779 ma-

2203 1715 2432 1812 δένδρων
2460 1743 2527 1797 τὰ
2575 1744 2783 1814 μεγάλα
2814 1761 2874 1796 τε
2914 1745 3009 1798 καὶ
3036 1744 3231 1798 σύσκια
3276 1715 3639 1817 ἐκλεγόμενοι,
3677 1747 3772 1799 αὐ-

521 1822 690 1876 gnum
715 1808 847 1878 quid
878 1817 931 1863 et
965 1819 1216 1865 sanctum
1245 1821 1505 1881 putantes
1534 1829 1657 1869 esse
1692 1815 1949 1870 arborum
1987 1831 2103 1870 am-

519 1898 847 1968 plitudinem
882 1916 946 1956 ac
987 1902 1338 1967 densitatem,
1385 1912 1438 1960 et
1486 1921 1599 1961 sua:
1642 1907 1908 1977 impietati
1951 1924 2101 1963 com-

519 1990 744 2044 modum
799 1992 1201 2050 existimantes.
1267 2014 1285 2046 ι
1317 1996 1445 2051 ldeo
1508 1997 1927 2052 fornicabuntur
1979 2000 2102 2053 tiliae

519 2088 735 2144 vestrae,
781 2090 836 2136 et
876 2098 1092 2152 sponsae
1137 2091 1328 2141 vestra:
1366 2088 1629 2143 adultera:
1660 2096 1841 2143 erunt.
1888 2088 1954 2141 Et
1990 2105 2100 2144 non

519 2177 754 2232 visitabo
777 2194 943 2240 super
970 2181 1109 2235 ﬁlias
1140 2188 1357 2237 vestras
1397 2198 1524 2237 cum
1561 2182 1767 2238 fuerint
1793 2183 2097 2247 fornicatzc,

518 2277 575 2324 et
602 2285 768 2341 super
796 2286 1031 2341 sponsas
1060 2283 1273 2329 vestras
1299 2289 1423 2327 cum
1461 2273 1892 2330 adulteraverint
1926 2294 1939 2329 :
1965 2291 2098 2346 quo-

518 2359 668 2414 niam
695 2369 750 2415 et
788 2360 893 2431 ipsi
927 2377 1052 2416 cum
1092 2363 1477 2419 meretricibus
1509 2364 2001 2432 conversabantur,
2047 2375 2100 2421 et

517 2466 645 2507 cum
698 2452 929 2509 initiatis
972 2454 1351 2510 immolabant.
1400 2456 1466 2509 Et
1512 2458 1749 2526 p0pulus
1786 2456 2099 2528 intelligens

520 2545 837 2600 adhaerebat
870 2544 1165 2601 meretrici.
1204 2564 1224 2598 ι
1258 2545 1467 2616 Dignas
1496 2548 1714 2603 delictis
1748 2548 1951 2603 vestris
1981 2563 2101 2618 pce-

517 2652 620 2691 nas
644 2637 869 2702 dabitis,
897 2652 1021 2692 cum
1047 2638 1204 2693 vobis
1230 2639 1384 2708 potiti
1414 2640 1624 2704 hostes,
1654 2640 1875 2695 filiabus
1901 2641 2098 2695 vestris

517 2742 583 2782 ac
612 2729 873 2783 uxoribus
904 2737 1095 2799 stupra
1140 2728 1403 2795 inferent,
1434 2746 1668 2800 quorum
1700 2746 1801 2802 ego
1825 2731 2097 2786 factorum

516 2821 724 2875 nullam
787 2836 970 2892 geram
1026 2821 1492 2890 sollicitudinem;
1544 2824 1675 2894 quia
1739 2825 1936 2880 merito
1981 2824 2097 2878 haec

515 2914 820 2984 patiemini,
856 2916 949 2985 qui
985 2914 1091 2984 23
1126 2914 1428 2970 fornicario
1478 2932 1667 2971 errore
1705 2932 1804 2972 vos
1852 2917 2097 2971 irretivi-

517 3004 640 3067 stis,
692 3002 1047 3074 conjurantes
1091 3005 1279 3070 simul,
1315 3013 1374 3060 ut
1417 3022 1504 3062 me
1536 3006 1801 3061 derelicto
1844 3007 1910 3061 ad
1951 3007 2096 3061 idola

518 3094 826 3161 accedatis;
863 3096 917 3150 in
940 3104 1172 3162 tantum,
1210 3106 1269 3151 ut
1296 3099 1450 3153 multi
1480 3114 1548 3154 ex
1574 3099 1731 3154 vobis
1761 3100 2097 3156 constitutas

517 3202 737 3258 quoque
765 3188 909 3259 apud
953 3190 1206 3245 ethnicos
1246 3190 1585 3247 initiationes
1623 3193 1996 3262 susceperint,
2043 3200 2098 3247 et

518 3279 791 3335 sacrificia
831 3281 918 3336 his
956 3290 1219 3338 consueta
1253 3289 1516 3353 tanquam
1559 3298 1658 3353 pro
1689 3283 1882 3353 grandi
1914 3283 2097 3353 aliquo

516 3369 662 3425 bono
687 3380 973 3441 peragant.
1005 3374 1189 3443 Atque
1218 3381 1278 3427 ut
1312 3374 1624 3428 summatim
1662 3373 1937 3441 dicamus,
1973 3375 2099 3428 uni-

516 3476 714 3517 versus
794 3464 1052 3533 populus,
1091 3464 1185 3534 qui
1243 3464 1481 3519 maxime
1533 3464 1777 3519 omnium
1839 3465 2099 3521 cordatus

516 3569 643 3609 esse
680 3554 965 3620 debuerat,
1000 3564 1054 3611 et
1105 3555 1275 3612 Deum
1316 3572 1415 3612 ceu
1467 3558 1746 3627 preprium
1794 3567 2096 3613 creatorem

518 3658 838 3713 agnoscere,
882 3643 1105 3698 illorum
1147 3645 1465 3701 societatem
1514 3644 1777 3714 praztulit,
1823 3645 1915 3714 qu'i
1955 3644 2099 3699 hanc

516 3733 823 3803 improbam
860 3736 1423 3807 intemperantemque
1457 3735 1876 3790 fornicationem
1916 3745 2099 3807 patra-

515 3826 672 3891 bant,
714 3842 745 3881 a
793 3826 905 3883 Deo
955 3829 1158 3895 aversi,
1196 3836 1252 3884 et
1301 3828 1644 3885 daemonibus
1691 3829 1901 3883 cultum
1944 3827 2099 3883 exhi-

516 3917 731 3974 Dentes.

586 4205 756 4264 Vsus.
791 4208 973 4265 15-19.
994 4240 1065 4249 —
1094 4229 1113 4262 ι
1152 4208 1234 4264 Tu
1269 4225 1421 4277 vero,
1444 4210 1633 4275 Israel,
1654 4227 1723 4267 ne
1746 4212 1986 4282 ignores,
2019 4219 2094 4277 et,

515 4294 657 4351 Juda
690 4314 759 4351 ne
794 4300 1034 4369 pergatis
1071 4300 1127 4354 in
1159 4300 1404 4372 Galgala,
1439 4316 1617 4372 neque
1650 4302 1706 4356 in
1749 4302 1973 4356 domum
2011 4302 2096 4357 0n

2200 1839 2315 1892 τόθι
2344 1840 2440 1909 τὴν
2482 1839 2696 1909 ἀπάτην
2728 1839 2998 1910 ἐπλήρουν
3029 1840 3127 1911 τὴν
3173 1842 3396 1905 οἰκείαν,
3432 1841 3573 1910 μέγα
3599 1856 3652 1892 τι
3684 1840 3774 1893 καὶ

2203 1930 2395 2001 σεμνὸν
2417 1929 2725 2000 νομίζοντες
2746 1925 2884 1983 εἶναι
2909 1931 2969 1983 τὸ
3005 1931 3232 2001 μέγεθος
3263 1933 3361 2001 τῆς
3397 1932 3505 1985 ἀπὸ
3529 1931 3637 1984 τῶν
3666 1929 3773 1983 δέν-

2199 2022 2339 2092 δρων
2380 2022 2567 2082 σκιᾶςο
2593 2020 2731 2074 ὥστε
2766 2022 2862 2074 καὶ
2892 2023 3026 2093 πρὸς
3058 2022 3155 2093 τὴν
3185 2023 3437 2075 ἀσέϐειαν
3460 2022 3776 2093 ἐπιτηδείως

2199 2114 2344 2184 ἔχειν
2390 2114 2529 2167 αὐτὰ
2581 2115 2841 2184 νομίζειν.
2880 2133 2898 2166 ι
2946 2115 3047 2168 Διά
3092 2116 3250 2169 τοῦτο
3292 2114 3685 2187 πορνεύσουσιν
3722 2114 3773 2167 αἰ

2201 2205 2495 2278 θυγατέρες
2529 2207 2700 2277 ὑμῶν,
2732 2208 2826 2259 καὶ
2864 2208 2920 2261 αἰ
2958 2208 3164 2278 νύμφαι
3197 2208 3349 2279 ὑμῶν
3395 2208 3773 2279 μοιχεύσουσι·

2197 2300 2291 2351 καὶ
2330 2298 2390 2350 οὐ
2428 2298 2499 2368 μὴ
2544 2298 2923 2368 ἐπισκέψωμαι
2975 2300 3065 2352 ἐπὶ
3104 2298 3204 2363 τὰς
3242 2300 3458 2371 νύμφας
3510 2300 3666 2370 ὑμῶν
3704 2302 3773 2352 ὅτ’

2198 2385 2266 2438 ἂν
2314 2385 2671 2456 πορνεύσωσι,
2723 2384 2818 2439 καὶ
2857 2385 2950 2439 ἐπὶ
3009 2387 3107 2450 τὰς
3137 2388 3354 2458 νύμφας
3402 2388 3556 2460 ὑμῶν
3604 2390 3777 2443 ὅτ’ἃν

2200 2474 2557 2544 μοιχεύσωσιν
2580 2491 2594 2505 ο
2634 2476 2714 2528 ὅτι
2754 2475 2850 2528 καὶ
2880 2475 3034 2531 αὐτοὶ
3068 2477 3205 2547 μετά
3242 2478 3351 2531 τῶν
3395 2479 3608 2551 πορνῶν
3655 2496 3777 2532 συν-

2196 2567 2473 2638 εφέροντο,
2507 2567 2601 2620 καὶ
2630 2566 2767 2637 μετά
2809 2567 2918 2621 τῶν
2948 2570 3343 2640 τετελεσμένων
3386 2572 3541 2625 ἔθυον
3560 2589 3574 2602 ο
3622 2574 3719 2626 καὶ
3749 2576 3779 2628 δ

2195 2657 2321 2721 λαὸς
2342 2660 2371 2711 ὁ
2401 2658 2474 2728 (5)
2506 2658 2702 2712 συνιὼν
2726 2661 3080 2715 συνεπλέκετο
3104 2662 3243 2731 μετά
3285 2662 3508 2733 πόρνης.
3558 2681 3577 2713 ι
3628 2663 3778 2716 Ἀναο

2195 2750 2385 2819 λόγους
2423 2750 2486 2822 δὴ
2523 2753 2636 2814 τοῖς
2678 2751 3110 2823 πλημμελήμασι
3157 2753 3268 2815 τοῖς
3317 2752 3535 2816 οἰκείοις
3576 2751 3778 2806 δώσετε

2194 2840 2293 2903 τὰς
2330 2840 2483 2903 δίκας
2502 2857 2517 2870 ο
2548 2841 2717 2894 ἐπειδ¹
2757 2841 2823 2895 ἂν
2858 2842 3226 2913 κατασχόντες
3250 2842 3404 2913 ὑμῶν
3429 2845 3477 2895 οἰ
3505 2842 3777 2913 πολέμιοι,

2194 2934 2274 2995 εἰς
2300 2931 2398 2995 τὰς
2442 2934 2824 3005 προσηκούσας
2856 2934 2984 3004 ὑμῖν
3024 2933 3327 3005 θυγατέρας
3353 2951 3413 2986 τε
3448 2932 3781 3005 ἐξυῦρίςωσι

2198 3024 2295 3076 καὶ
2327 3023 2547 3095 νύμφας
2567 3039 2580 3056 ·
2616 3018 2691 3079 ὧν
2722 3023 3020 3094 γινομένων
3043 3025 3230 3079 οὐδένα
3253 3026 3547 3097 ποιήσομαι
3581 3025 3741 3093 λόγον
3761 3041 3776 3054 ⁸

2198 3114 2429 3186 ἐπείπερ
2466 3113 2688 3178 δικαίως
2726 3115 3041 3185 ὑπομενεῖτε
3090 3114 3282 3177 ταῦτα,
3316 3114 3691 3187 συμφυρέντες
3718 3131 3779 3167 τε

2198 3208 2263 3276 τῇ
2295 3209 2524 3276 πορνικῇ
2552 3205 2749 3279 πλάνῃ,
2780 3206 2875 3260 καὶ
2918 3207 3203 3259 κοινωνίαν
3236 3208 3593 3278 ποιησάμενοι
3644 3208 3784 3278 πρὸς

2198 3294 2461 3365 ἀλλήλους
2504 3296 2597 3348 ἐπὶ
2631 3296 2709 3366 τῷ
2742 3296 3060 3351 καταλιπεῖν
3102 3296 3200 3367 μὲν
3239 3296 3360 3366 ἐμὲ,
3401 3298 3694 3368 προσέχειν
3724 3298 3782 3352 δι

2196 3388 2311 3448 τοῖς
2354 3385 2592 3449 εἰδώλοις
2614 3403 2629 3418 ο
2683 3387 2756 3456 (p.
2801 3387 2892 3458 55)
2935 3387 3076 3441 ὥστε
3116 3387 3385 3442 τελεῖσθαι
3420 3389 3518 3459 μὲν
3552 3390 3786 3452 πολλοὺς

2198 3477 2257 3542 ἐξ
2286 3477 2440 3548 ὑμῶν
2471 3479 2571 3548 τὴν
2603 3479 2755 3549 παρά
2789 3482 2901 3543 τοῖς
2928 3479 3155 3551 Ἕλλησι
3204 3482 3601 3552 νενομισμένην
3639 3482 3782 3552 μύη-

2200 3586 2313 3623 σιν’
2355 3570 2543 3632 θυσίας
2582 3571 2626 3623 δ’
2657 3572 2743 3623 ἐπ’
2770 3571 2998 3634 ἐκείνοις
3032 3572 3108 3635 ὡς
3132 3573 3273 3643 ὑπὲρ
3316 3573 3585 3643 μεγίστων
3619 3573 3787 3627 τινῶν

2200 3662 2464 3715 ἐπιτελεῖν
2490 3661 2709 3729 ἀγαθῶν
2728 3678 2743 3693 ⁸
2773 3662 2919 3726 ἀπας
2941 3680 3022 3727 τε,
3061 3665 3338 3735 συντόμως
3368 3667 3561 3729 εἰπεῖν,
3601 3666 3631 3717 ὀ
3657 3667 3785 3728 λαός

2195 3755 2227 3807 ὀ
2256 3754 2488 3823 μάλιστα
2527 3752 2742 3807 πάντων
2774 3754 3012 3807 συνιέναι
3036 3753 3098 3807 τό
3123 3754 3242 3807 δέον
3274 3753 3501 3822 ὀφείλων
3521 3756 3619 3808 καλ⁸
3651 3755 3789 3807 Θεὸν

2198 3841 2578 3910 ἐπιγινώσκειν
2604 3842 2696 3896 τὸν
2727 3843 2917 3895 ἑαυτοῦ
2945 3842 3190 3914 ποιητὴν,
3216 3844 3315 3914 τὴν
3350 3844 3487 3913 μετά
3524 3845 3788 3897 τοιούτων

2198 3935 2373 3989 εἵλετο
2411 3934 2691 3988 κοινωνίαν
2723 3935 2772 3988 οἳ
2816 3935 2917 4005 τὴν
2956 3934 3236 4006 μοχθηρὰν
3280 3935 3483 4006 ταύτην
3524 3936 3621 3988 καὶ
3654 3936 3785 3987 ἀκό-

2199 4026 2393 4080 λαστον
2412 4025 2690 4092 ὲξετέλουν
2712 4027 2986 4098 πορνείαν,
3004 4026 3140 4079 Θεοῦ
3169 4027 3265 4097 μὲν
3290 4027 3648 4090 ἀποστάντες,
3678 4028 3789 4080 δαί-

2203 4135 2328 4188 μοσι
2355 4117 2413 4170 δὲ
2441 4117 2865 4187 προσανέχοντες
2897 4116 3211 4187 θεραπείαν.

2270 4207 2416 4278 Στίχ.
2456 4205 2635 4259 ιε’-ιϐ’.
2662 4236 2734 4247 -—
2768 4226 2786 4257 ι
2834 4206 2906 4259 Σὺ
2931 4206 3009 4271 δὲ,
3043 4204 3277 4277 Ἰσραήλ,
3312 4205 3384 4275 μὴ
3424 4205 3630 4274 ἀγνόει,
3692 4206 3793 4259 καὶ

2213 4298 2380 4352 Ἰούδα
2415 4298 2489 4368 μὴ
2520 4296 2903 4366 εἰσπορεύεσθε
2933 4298 3012 4359 είς
3034 4296 3305 4364 Γάλγαλα,
3330 4296 3423 4349 καὶ
3456 4297 3531 4366 μὴ
3560 4294 3794 4348 ἀναϐαί-

516 4389 847 4453 ascendatis,
879 4400 932 4444 et
970 4406 1039 4446 ne
1062 4391 1265 4459 juretis
1295 4394 1567 4447 viventem
1604 4391 1914 4447 Dominum.
1950 4413 1973 4447 ι
2016 4392 2096 4449 Ne

2201 4407 2318 4445 νετε
2354 4391 2435 4454 εἰς
2467 4389 2559 4442 τὸν
2601 4384 2746 4442 οἶκον
2785 4390 2898 4454 Ὢν,
2934 4388 3031 4441 καὶ
3066 4388 3143 4456 μὴ
3180 4386 3406 4458 ὀμνύετε
3450 4386 3631 4450 ζῶντα
3670 4387 3792 4440 xc-

516 4478 624 4545 sic,
673 4480 921 4550 inquam,
991 4498 1182 4537 omnes
1235 4483 1477 4552 pessimo
1536 4483 1799 4540 laboretis
1864 4485 2096 4542 inscitiae

515 4570 729 4637 morbo,
764 4579 821 4624 ut
850 4571 905 4625 in
949 4571 1171 4642 Galgala
1214 4573 1283 4628 ad
1315 4575 1655 4630 adorandum
1682 4577 1920 4634 veniatis
1963 4594 2096 4634 con-

516 4661 769 4715 stitutum
810 4663 923 4717 illic
964 4664 1205 4731 idolum;
1244 4672 1300 4719 et
1347 4666 1621 4721 simuletis
1658 4668 1930 4724 honorare
1971 4678 2097 4724 tan-

516 4770 686 4824 quam
716 4762 979 4809 :eternum
1004 4756 1156 4810 illum
1190 4758 1284 4827 qui
1311 4773 1477 4813 verus
1510 4759 1653 4814 Deus
1686 4776 1793 4815 non
1824 4770 1928 4816 est.
1956 4762 2094 4817 Cum

517 4846 665 4901 scire
693 4856 963 4916 oporteat,
1010 4849 1353 4917 impossibile
1391 4865 1513 4905 esse
1551 4851 1669 4906 hac
1701 4852 1865 4907 simul
1911 4853 2095 4909 consi-

515 4939 909 4993 sterezmulta
961 4939 1106 4994 enim
1154 4950 1237 4995 est
1277 4940 1587 4997 diderentia
1634 4944 1826 4998 mterni
1882 4944 1978 4999 Dei
2021 4945 2093 5000 ab

514 5029 686 5093 idolo,
724 5032 867 5100 quod
912 5031 1030 5087 beri
1071 5047 1268 5088 manus
1306 5034 1590 5090 hominum
1633 5035 2046 5092 fabricaverunt
2078 5054 2093 5091 :

514 5124 908 5195 confitentique
950 5132 1216 5180 aeternum
1258 5127 1425 5181 Deum
1471 5143 1701 5197 prorsus
1754 5144 1879 5184 esse
1919 5128 2093 5184 absti-

513 5215 751 5268 nendum
782 5215 851 5269 ab
878 5215 947 5272 iis
991 5216 1085 5285 qui
1118 5214 1244 5270 ficte
1274 5215 1415 5270 hanc
1444 5227 1642 5287 gerunt
1668 5217 1950 5272 obtrusam
1996 5232 2096 5288 ap-

512 5308 857 5376 pellationem
888 5327 901 5363 :
933 5308 1245 5377 cuiusmodi
1291 5316 1374 5364 est
1417 5309 1500 5363 0n
1531 5309 1761 5374 idolum,
1801 5310 1962 5379 cujus
2012 5311 2092 5365 fa-

516 5411 644 5451 num
678 5398 863 5464 aditis,
892 5399 1038 5453 haud
1073 5399 1489 5455 convenientem
1526 5400 1579 5455 ei
1603 5401 1809 5455 cultum
1844 5399 2095 5457 deferen-

516 5499 617 5544 tes.
642 5508 660 5539 ι
686 5489 955 5556 Quoniam
976 5491 1121 5547 sicut
1144 5506 1311 5546 vacca
1356 5491 1494 5546 asilo
1516 5506 1803 5562 percussa,
1836 5493 2095 5549 insanivit

510 5579 700 5636 lsrael.
728 5603 747 5635 ι
788 5582 979 5639 Vacca:
1010 5586 1185 5641 instar
1212 5585 1483 5640 naturalis
1512 5584 1793 5654 cupidinis
1834 5593 1984 5641 motu
2025 5584 2095 5640 ad

585 5696 665 5763 (ὅ)
697 5695 833 5751 Cod.
873 5697 988 5761 σοῦ,
1018 5698 1250 5755 fortasse
1284 5714 1380 5767 pro
1413 5698 1535 5766 μοῦ.
1565 5696 1830 5767 Vulgatus
1854 5697 1971 5751 Lat.
2004 5698 2085 5751 le-

511 5770 676 5839 gebat
703 5768 787 5836 οὐ,
819 5784 945 5822 non.
971 5768 1077 5824 Sed
1105 5768 1454 5825 Theodorum
1487 5777 1736 5823 nostrum
1773 5768 1969 5839 legisse
1992 5784 2076 5837 ap-

2203 4499 2337 4555 ριον.
2376 4501 2395 4534 ι
2434 4482 2594 4536 Ἀλλά
2634 4482 2742 4553 γὰρ
2779 4482 2853 4551 μὴ
2887 4479 3031 4534 οὓτω
3062 4481 3260 4542 πάντες
3302 4480 3545 4550 χαλεπὴν
3577 4482 3794 4534 νοσεῖτε

2196 4575 2296 4645 τὴν
2316 4574 2557 4642 ἄγνοιαν,
2588 4571 2729 4626 ὥστε
2753 4571 2959 4625 ἀνιέναι
2989 4571 3086 4642 μὲν
3113 4571 3193 4634 εἰς
3221 4569 3467 4638 Γάλγαλα
3500 4570 3595 4622 ἐπὶ
3621 4570 3796 4641 θερα-

2198 4666 2328 4738 πείᾳ
2355 4664 2451 4718 τοῦ
2480 4664 2667 4718 αὐτόθι
2697 4664 2982 4735 ἱδρυμένου
3012 4660 3250 4723 εἰδώλου,
3278 4659 3701 4727 προσποιεῖσθαι
3732 4658 3795 4711 δὲ

2196 4758 2363 4828 τιμᾷν
2394 4756 2485 4809 τὸν
2516 4757 2684 4809 ἀΐδιον
2716 4755 2808 4808 καὶ
2840 4754 3007 4817 ὅντως
3047 4753 3175 4806 ὅντα
3202 4752 3367 4805 Θεόνο
3402 4751 3518 4804 δέον
3554 4749 3791 4807 εἰδέναι.

2199 4852 2276 4915 ὡς
2310 4850 2544 4903 συνιέναι
2570 4848 2743 4901 ταῦτα
2772 4847 3041 4919 ἀλλήλοις,
3074 4846 3183 4900 τῶν
3203 4845 3503 4900 ἀδυνάτων·
3532 4843 3714 4913 πολλὴ
3734 4843 3796 4896 δὲ

2198 4941 2432 5013 διαφορὰ
2470 4940 2644 4995 ἀῖδίου
2677 4956 2735 4992 τε
2768 4938 2903 4991 Θεοῦ
2924 4938 3020 4991 καὶ
3050 4936 3267 4991 εἰδώλου
3290 4936 3387 4990 τοῦ
3412 4935 3539 5005 χθὲς
3566 4935 3664 4987 ὐπ’
3694 4936 3798 4987 ἀν-

2201 5031 2488 5104 θρωπείων
2532 5027 3066 5091 κατασκευασθέντος
3098 5026 3295 5099 χειρῶν
3314 5043 3328 5056 ·
3362 5026 3458 5077 καὶ
3500 5024 3578 5087 ὡς
3610 5022 3702 5093 τῷ
3732 5038 3801 5090 γε

2199 5123 2292 5176 τὸν
2314 5123 2483 5176 ἀΐδιον
2511 5119 2858 5193 ὁμολογοῦντι
2889 5120 3020 5173 Θεὸν
3045 5118 3341 5188 ἀφεστῆναι
3379 5116 3662 5188 προσῆκον
3706 5117 3801 5185 εἴη

2200 5215 2419 5270 πάντων
2440 5213 2838 5285 πεπλασμένως
2857 5212 2955 5285 τὴν
2975 5210 3265 5282 ὀνομασίαν
3284 5207 3633 5279 ἐπαγομένην
3661 5207 3804 5259 ταὺ-

2198 5323 2336 5379 τηψ
2363 5301 2476 5361 οἷόν
2522 5306 2631 5378 πέρ
2678 5306 2795 5359 ἐστι
2835 5304 2897 5358 τὸ
2930 5303 3025 5356 Ὧν
3072 5301 3319 5355 εἴδωλον
3349 5294 3518 5370 οὗπερ
3565 5300 3654 5362 εἰς
3703 5300 3806 5352 τὸν

2198 5396 2349 5455 οἷκον
2371 5401 2559 5463 εἴσιτε,
2588 5399 2686 5471 τὴν
2713 5399 2811 5469 οὐχ
2834 5396 3096 5469 ἁρμοδίαν
3126 5393 3274 5464 αὐτῷ
3298 5391 3676 5463 προσάγοντες
3709 5389 3809 5443 θε-

2202 5492 2450 5564 ραπείαν.
2488 5511 2509 5544 ‹
2542 5492 2664 5546 Ὅτι
2689 5490 2767 5554 ὡς
2786 5489 3017 5561 δάμαλις
3039 5484 3425 5558 παροιστρῶσα
3454 5481 3810 5552 παροίστρηο

2203 5600 2295 5636 σεν
2337 5582 2571 5656 Ἰσραήλ.
2612 5600 2632 5633 ι
2668 5580 2833 5651 Δίκην
2863 5578 2971 5651 γὰρ
3007 5576 3289 5647 δαμάλεως
3318 5574 3530 5642 κινήσει
3552 5570 3661 5633 τῆς
3692 5586 3810 5639 φυ-

2195 5704 2348 5821 ga?
2381 5698 2431 5764 ὁ,
2466 5703 2628 5769 prout
2655 5693 2820 5749 habet
2842 5692 3004 5749 etiam
3044 5686 3212 5746 codex
3241 5683 3623 5743 nobilissimus
3661 5676 3802 5740 Vat-

2199 5768 2357 5823 i209.
