3994 6510
222 272 316 329 ιτς

1261 270 1810 329 COMMENTARIUS
1845 271 1915 328 1N
1951 274 2150 333 OSEIE
2171 277 2327 334 CAP.
2366 277 2431 333 γ.

3341 277 3444 334 154

221 388 373 459 σικῆς
421 386 714 458 ἐπιθυμίας
764 387 898 459 πρὸς
933 388 1157 453 ἀταξίαν
1211 388 1496 458 νευσάσης.
1541 388 1616 457 (p.
1660 386 1774 456 56)

1887 388 2327 446 incontinentiam
2372 391 2668 454 tendentis.
2710 406 2739 445 a
2769 390 2996 448 servitio
3032 406 3154 446 meo
3184 390 3449 450 discessi—

219 481 483 551 ἀπέστητε
515 478 614 549 μὲν
649 478 749 547 τῆς
791 479 1029 543 δουλείας
1068 479 1168 550 τῆς
1201 481 1356 551 ἐμῆς,
1405 480 1683 549 ἀκολάστῳ
1720 478 1775 531 δὲ

219 572 406 646 γνώμῃ
441 573 580 642 πρὸς
622 571 721 641 τὴν
744 572 850 626 τῶν
891 572 1121 627 εἰδώλων
1164 574 1414 627 ἐνεύσατε
1460 572 1771 644 θεραπείαν.

223 682 241 715 ι
281 662 394 715 Νῦν
434 664 655 733 νεμήσει
690 663 885 727 αὐτοὺς
930 664 1132 735 Κύριος
1177 665 1252 727 ὡς
1295 665 1464 736 ἀμνὸν
1505 666 1562 717 ἐν
1613 664 1775 734 εὐρυ-

217 753 391 826 χώρῳ.
442 773 460 805 ι
510 755 887 826 Διασκορπίσω
923 757 1101 809 τοίνυν
1145 757 1341 821 αὐτοὺς
1390 758 1513 829 τῇδε
1556 756 1776 809 κάκεῖσε

220 844 492 913 περιάγων
530 846 595 914 τῇ
622 842 732 898 τῶν
765 845 1033 915 πολεμίων
1064 846 1256 917 ἐφόδῳ,
1284 847 1357 910 ὡς
1405 847 1569 917 μηδὲν
1604 845 1776 917 ἀμνοῦ

218 930 548 986 διαλλάττειν
606 933 663 986 ἐν
704 933 928 1004 μεγίστῃ
976 934 1128 1007 χώρᾳ
1172 936 1538 1006 διατρέχοντός
1587 953 1647 988 τε
1684 935 1779 988 καὶ

220 1024 567 1093 πλανωμένου
600 1026 693 1078 καὶ
730 1026 827 1096 τὴν
871 1026 1073 1079 οἰκείαν
1102 1027 1480 1098 ἐπιζητοῦντος
1525 1027 1734 1098 μητέρα
1759 1042 1775 1056 ·

217 1113 277 1166 τὸ
303 1114 410 1183 γὰρ
436 1115 749 1184 σκορπίσειν
778 1115 943 1185 λέγει,
971 1117 1078 1170 ἀπὸ
1106 1118 1212 1170 τῶν
1239 1114 1594 1187 διανεμόντων
1620 1117 1695 1187 (4)
1725 1134 1779 1170 τι

217 1206 447 1273 ἀφειδῶς
494 1207 583 1259 καὶ
642 1207 1148 1277 διασκορπιζόντων.
1196 1227 1215 1260 ι
1265 1208 1503 1279 Μέτοχος
1548 1209 1779 1262 εἰδώλων

228 1298 482 1367 Ἐφρατμ.
525 1317 543 1349 ι
577 1299 687 1369 Τὴν
729 1299 865 1369 πρὸς
895 1299 963 1352 τὰ
1002 1298 1194 1353 εἴδωλα
1227 1300 1429 1353 εἵλοντο
1458 1301 1739 1355 κοινωνίαν
1762 1318 1775 1332 ·

226 1384 467 1457 Ἐφραῖμ
494 1386 602 1457 γὰρ
638 1387 903 1459 πολλαχοῦ
932 1406 991 1441 τε
1020 1389 1243 1461 ἑτέρωθι
1276 1390 1551 1445 κάνταῦθα
1582 1393 1647 1444 ἐκ
1682 1390 1779 1461 μέο

216 1495 345 1548 ρους
376 1478 468 1531 τὸν
511 1479 723 1550 Ἰσραὴλ
748 1479 1017 1549 ὀνομάζει,
1054 1482 1116 1533 ἐκ
1144 1483 1241 1551 τῆς
1283 1481 1654 1553 δυνατωτέρας
1682 1500 1780 1549 φυ-

214 1570 313 1639 λῆς
339 1573 396 1623 ἐν
433 1574 551 1634 ταῖς
576 1571 710 1624 δέκα
733 1571 829 1642 τὴν
858 1572 1139 1642 ὀνομοσίαν
1165 1572 1328 1635 τιθείς
1345 1591 1359 1605 ο
1392 1573 1467 1636 ώς
1487 1574 1567 1639 τὸ,
1608 1593 1626 1625 ι
1662 1575 1779 1627 Υἱοὶ

1882 481 2007 545 stis,
2044 481 2361 553 lascivaque
2394 492 2575 539 mente
2599 483 2666 538 ad
2699 483 2970 539 idolorum
3001 483 3206 538 cultum
3229 480 3445 537 deﬂexi-

1883 572 2005 626 stis.
2037 589 2057 621 ι
2090 570 2243 626 Nunc
2283 580 2471 642 pascet
2515 588 2611 628 eos
2656 571 2923 627 Dominus
2949 572 3106 643 quasi
3147 586 3347 642 agnum
3390 570 3444 624 in

1879 662 2187 718 latitudine.
2218 682 2237 716 ι
2288 662 2589 733 Dispertiar
2642 664 2825 733 itaque
2870 663 3014 727 illos,
3066 664 3169 717 hac
3216 670 3273 717 et
3320 662 3445 716 illac

1877 754 2257 825 circumagens
2309 755 2362 808 in
2406 738 2644 808 hostium
2685 755 3021 817 incursione,
3068 754 3204 809 adeo
3271 761 3331 807 ut
3376 754 3447 808 ab

1879 859 2019 915 agno
2054 862 2164 901 non
2203 846 2457 902 differant
2491 847 2584 917 qui
2615 848 2668 902 in
2702 851 2941 917 spatiosa
2976 847 3196 917 regione
3223 847 3446 901 oberrat

1879 947 2107 991 matrem
2144 953 2297 993 suam
2324 938 2631 1008 requirens.
2667 937 2802 993 Nam
2842 947 3060 1008 pascet,
3102 954 3199 1006 pro
3233 940 3446 1007 disper-

1880 1028 2068 1090 tietur,
2113 1028 2218 1091 ait,
2280 1035 2439 1097 capta
2498 1028 2813 1096 metaphora
2864 1029 2931 1081 ab
2978 1028 3046 1082 iis
3088 1028 3181 1099 qui
3229 1026 3448 1095 profuse

1879 1115 2278 1185 dispertiuntur
2298 1116 2502 1186 aliquid
2543 1126 2707 1187 atque
2736 1115 3078 1185 dispergunt.
3116 1134 3133 1165 ι
3168 1114 3448 1183 Particeps

1879 1205 1988 1277 24
2017 1206 2281 1261 idolorum
2314 1206 2597 1277 Ephraim.
2636 1226 2654 1257 ι
2692 1206 2916 1262 Scilicet
2943 1223 3064 1260 cum
3107 1206 3266 1260 idolis
3295 1222 3449 1259 com-

1881 1298 2198 1351 municavit.
2229 1297 2293 1351 Et
2318 1314 2459 1368 sape
2496 1298 2624 1351 alibi
2650 1308 2705 1353 et
2726 1314 2871 1352 nunc
2897 1300 3061 1353 etiam
3096 1298 3447 1367 Ephraimum

1884 1403 1984 1458 pro
2018 1388 2218 1444 lsraele
2245 1388 2397 1452 dicit,
2433 1404 2498 1443 ex
2533 1389 2840 1458 potentiore
2867 1390 3011 1442 inter
3044 1387 3230 1443 decem
3266 1389 3445 1444 tribus

1884 1495 2083 1535 nomen
2118 1495 2426 1543 assumens,
2457 1480 2602 1537 sicut
2632 1480 2803 1535 illud:
2842 1499 2861 1531 ι
2905 1479 3027 1534 Filii
3058 1479 3333 1550 Ephraimi
3374 1480 3454 1533 in-

1882 1570 2165 1625 tcndentes
2195 1586 2257 1625 ac
2281 1570 2588 1640 jaculantes
2613 1571 2850 1625 arcubus
2880 1572 2944 1625 ".
2976 1589 2994 1621 ι
3023 1599 3095 1609 -
3125 1588 3143 1621 ι
3184 1568 3463 1629 Scandala

225 1659 464 1730 Ἐερραῒμ
523 1662 843 1724 ἐντείνοντες
904 1663 997 1715 καὶ
1057 1661 1335 1732 βάλλοντες
1391 1664 1583 1731 τόξοις.
1640 1683 1658 1715 ι
1708 1694 1779 1704 —-

1887 1662 1984 1717 sibi
2024 1670 2341 1732 posuerunt.
2375 1682 2393 1715 ›
2429 1663 2551 1731 lpse
2600 1663 2702 1717 sibi
2738 1662 3150 1734 conversionem
3190 1660 3257 1715 ad
3302 1660 3453 1715 dete-

218 1769 236 1801 ι
261 1752 508 1821 Ἕθήκαν
526 1754 733 1815 ἑαυτοῖς
756 1752 1044 1806 σκάνδαλα.
1071 1771 1088 1805 ι
1109 1753 1276 1816 Αὐτὸς
1296 1755 1586 1825 ἐπενόησεν
1607 1754 1780 1825 ἐαυτῷ

210 1841 311 1905 τὰς
338 1844 430 1895 ἐπὶ
466 1844 525 1895 τὸ
551 1846 727 1914 χεῖρον
776 1845 1045 1913 ἐκτροπάς
1065 1861 1081 1875 ⁸
1116 1844 1232 1909 πῶς
1276 1846 1370 1898 καὶ
1397 1846 1516 1899 τίνα
1542 1848 1739 1916 τρόπον
1762 1865 1777 1915 ;

218 1954 235 1986 ι
278 1936 531 2007 ᾚρέτισε
561 1937 915 2001 Χαναναίους,
952 1956 970 1988 ι
1000 1936 1097 2007 τὴν
1129 1937 1350 1992 ἐκείνων
1381 1936 1627 2009 ζηλώσας
1657 1939 1783 1993 ἀσέ-

211 2024 384 2078 ϐειαν.
425 2045 441 2075 ι
475 2025 831 2096 Πορνεύοντες
858 2027 1266 2097 ἐξεπόρνευσαν.
1298 2047 1316 2078 ι
1356 2027 1630 2082 Ἐντεῦθεν
1657 2046 1782 2081 παν·

210 2116 380 2179 τελῶς
413 2116 631 2170 ἕνευσαν
666 2119 801 2189 πρὸς
833 2118 894 2171 τὸ
921 2121 1123 2190 χεῖρον.
1154 2136 1173 2170 ι
1217 2119 1537 2189 Ἡγάπησαν
1563 2122 1782 2190 ἀτιμίαν

210 2209 267 2260 ἐκ
296 2208 655 2279 φρυάγματος
698 2209 883 2279 αὐτῆς.
923 2228 941 2260 ι
978 2210 1149 2280 Πολλῇ
1190 2213 1256 2281 τῇ
1297 2209 1521 2281 ἀπονοίᾳ
1558 2212 1634 2280 (p.
1690 2213 1779 2279 57)

210 2299 563 2369 χρησάμενοι,
594 2300 687 2352 καὶ
714 2304 779 2370 τῇ
809 2300 1076 2372 ὑπεροψίᾳ
1116 2304 1183 2372 τῇ
1213 2302 1332 2355 κατ’
1368 2300 1523 2370 ἐμοῦ,
1548 2304 1646 2370 τὴν
1673 2302 1782 2354 τῶν

208 2388 444 2442 εἰδώλων
465 2390 667 2444 εἴλοντο
706 2390 1079 2462 θεραπείαν,ἢ
1111 2393 1287 2462 πάσης
1333 2393 1512 2455 αὐτοῖς
1560 2394 1783 2463 ἀτιμίας

210 2478 468 2549 πρόξενος
512 2480 681 2533 ἔσται.
720 2499 739 2532 ι
778 2483 1063 2554 Συστροφὴ
1113 2483 1417 2553 πνεύματος
1459 2484 1655 2546 αὐτοὺς
1691 2501 1784 2537 συ-

212 2573 313 2641 ριεῖ
340 2574 403 2623 ἐν
436 2572 554 2635 ταῖς
592 2572 847 2643 πτέρυξιν
881 2573 1069 2643 αὐτῆς.
1103 2591 1120 2623 ι
1166 2574 1252 2637 Ὧς
1280 2573 1386 2645 γὰρ
1410 2574 1701 2645 ίπτάμενον
1722 2576 1784 2630 τὺ

208 2660 394 2730 ὄρνεον
430 2665 550 2725 ταῖς
588 2661 811 2734 πτέρυξι
838 2665 957 2727 ταῖς
998 2663 1224 2726 οίκείαις
1250 2664 1311 2716 τὸ
1338 2666 1519 2736 ἀέριον
1564 2666 1783 2722 ἐλαῦνον

209 2753 446 2825 πνεῦμα,
472 2756 759 2826 μετάρσιον
790 2755 999 2825 αἴρεται
1021 2758 1083 2825 τῇ
1107 2756 1320 2826 πτήσει,
1350 2756 1523 2820 οὕτως
1555 2758 1659 2811 ὑπὸ
1684 2760 1785 2829 τῆς

207 2843 376 2917 ὀργῆς
424 2837 566 2900 οὗτοι
628 2846 919 2917 ληφθέντες
964 2847 1062 2917 τῆς
1094 2848 1251 2919 ἐμῆς,
1281 2847 1478 2902 ώσανεὶ
1524 2850 1783 2922 μετέωροι

208 2935 513 3003 γεγονότες,
536 2937 671 3006 μετά
697 2937 898 3006 πολλῆς
924 2937 1327 3008 ἀπαχθήσονται
1343 2939 1441 3010 τῆς
1469 2939 1678 3011 ὕϐρεως
1700 2943 1780 3006 είς

1880 1752 2023 1805 riora
2052 1752 2397 1822 excogitavit.
2426 1752 2811 1817 Quamobrem,
2839 1751 2923 1805 vel
2948 1750 3256 1821 quomodo?
3285 1769 3301 1800 ι
3326 1748 3458 1803 Pro-

1878 1843 2092 1897 vocavit
2131 1843 2490 1907 Chananaeos,
2521 1862 2540 1894 ι
2588 1844 2806 1897 illorum
2854 1841 3187 1912 impietatem
3229 1841 3454 1896 aemula-

1878 1940 1989 1987 tus.
2046 1951 2065 1983 ι
2092 1932 2451 1988 Fornicantes
2499 1932 2747 1987 fornicati
2783 1940 2936 1988 sunt.
2967 1951 2985 1984 ι
3030 1929 3166 1984 Exin
3191 1931 3257 1995 ﬁin
3295 1930 3453 1998 pejus

1878 2025 2105 2079 omnino
2150 2032 2403 2079 ruerunt.
2448 2042 2466 2075 ι
2502 2023 2823 2079 Dilexerunt
2866 2022 3222 2093 ignominiam
3265 2020 3334 2073 ob
3367 2019 3452 2071 fa-

1880 2126 2022 2170 stum
2051 2116 2190 2184 ejus.
2228 2135 2247 2167 ›
2285 2113 2454 2168 Multa
2482 2122 2698 2169 utentes
2733 2114 2946 2169 insania
2976 2123 3030 2167 et
3067 2112 3334 2165 adversus
3366 2124 3453 2164 me

1881 2205 2158 2275 superbia,
2204 2205 2475 2259 idolorum
2514 2204 2833 2275 religionem
2868 2202 3099 2272 amplexi
3142 2209 3291 2265 sunt,
3336 2216 3458 2269 quae

1879 2296 2245 2351 omnimodam
2306 2296 2441 2365 ipsis
2490 2295 2841 2365 ignominiam
2887 2301 3157 2364 aspergct.
3218 2310 3236 2343 ι
3272 2291 3459 2345 Turbo

1881 2386 2107 2455 spiritus
2152 2384 2309 2455 quasi
2358 2385 2557 2441 sibilus
2608 2385 2831 2440 extollet
2878 2399 2974 2439 eos
3019 2384 3074 2436 in
3115 2384 3217 2438 alis
3261 2382 3397 2437 suis.
3432 2399 3453 2432 ι

1883 2478 2038 2532 Sicut
2066 2478 2304 2539 volucer,
2340 2492 2562 2532 aereum
2593 2476 2846 2546 spiritum
2874 2476 2977 2530 alis
3001 2474 3118 2529 suis
3147 2474 3458 2543 impellens,

1882 2570 1935 2623 in
1961 2570 2191 2624 sublime
2220 2568 2452 2623 volando
2476 2569 2647 2623 fertur
2680 2587 2693 2622 :
2745 2569 2826 2623 sic
2858 2568 2949 2622 isti
2980 2569 3047 2621 ab
3082 2567 3160 2620 ira
3191 2580 3309 2620 mea
3340 2580 3463 2619 cor-

1882 2663 2044 2732 repti,
2076 2669 2131 2717 et
2167 2662 2325 2730 quasi
2354 2677 2450 2730 per
2485 2676 2664 2717 aerem
2706 2661 2934 2731 raptati,
2980 2658 3151 2711 multa
3190 2670 3313 2710 cum
3347 2656 3463 2707 vio-

1881 2757 2047 2812 lentia
2078 2756 2134 2810 in
2164 2755 2540 2825 captivitatem
2578 2753 2937 2823 abripientur.
2974 2768 2992 2801 ι
3025 2748 3089 2802 Ει
3116 2749 3319 2818 probro
3350 2746 3465 2799 alli-

1882 2852 2097 2905 cientur
2141 2864 2208 2904 ex
2256 2847 2522 2902 altaribus
2561 2846 2699 2900 suis.
2736 2863 2755 2897 ›
2788 2845 2945 2897 Tunc
2995 2842 3215 2895 demum
3263 2838 3464 2892 intelli-

1884 2951 2032 3013 gent,
2078 2942 2243 2997 stulto
2306 2955 2366 2994 se
2414 2953 2479 2992 ac
2528 2938 2694 2991 noxio
2745 2936 2895 2990 circa
2954 2934 3222 2988 idolorum
3272 2928 3463 2983 altaria

207 3027 602 3096 αἰχμαλωσίαν.
645 3046 665 3080 t
699 3030 810 3082 Καὶ
854 3028 1404 3100 καταισχυνθήσονται
1453 3032 1517 3085 ἐκ
1552 3033 1661 3087 τῶν
1687 3033 1782 3086 θυ-

1887 3034 2069 3089 studio
2092 3032 2404 3089 defunctos.

210 3120 543 3190 σιαστηρίων
586 3120 786 3174 αὐτῶν.
824 3139 843 3171 ι
888 3121 1049 3176 Ὥστε
1108 3126 1304 3188 αὐτοὺς
1352 3126 1470 3180 τότε
1527 3128 1778 3199 αἴσθησιν
1812 3128 1997 3183 λαϐεῖν
2026 3130 2109 3182 ὅτι
2160 3126 2419 3199 ματαίανὶ
2446 3124 2541 3179 καὶ
2574 3120 2842 3193 ἐπιϐλαϐῆ
2892 3119 2990 3191 τὴν
3028 3116 3155 3188 περὶ⁵
3184 3116 3253 3169 τά
3282 3114 3466 3168 θυσια-

209 3217 409 3286 στήρια
434 3214 543 3268 τῶν
568 3214 798 3269 είδώλων
821 3214 964 3287 εἶχον
1003 3219 1256 3289 σπουδήν.

858 3308 1018 3362 ΚΕΦ.
1060 3312 1135 3366 E'.

272 3401 429 3470 Στίχ.
475 3407 615 3453 α’-ε’.
651 3429 723 3440 —-
752 3419 773 3453 ι
821 3400 1113 3456 ’Δκούσατε
1157 3404 1347 3470 ταῦτα,
1370 3406 1419 3458 oi
1462 3406 1647 3476 ίερεῑς,
1698 3405 1790 3460 καὶ

207 3491 529 3561 προσέχετε,
553 3484 699 3554 οἶκος
736 3490 973 3561 Ἰσραὴλ,
997 3492 1091 3545 καὶ
1113 3488 1258 3554 οἷκος
1282 3492 1377 3545 τοῦ
1403 3492 1682 3562 βασιλέως,
1707 3494 1794 3545 ἐνδ

207 3582 491 3645 ωτίζεσθε.
522 3601 539 3633 ι
560 3581 728 3652 Δῆλον
749 3583 830 3635 ὅτι
858 3582 1018 3636 πάλιν
1051 3583 1282 3637 ἐνταῦθα
1308 3584 1367 3649 ἐξ
1397 3586 1790 3655 ἀποκαλύψεως

208 3674 406 3745 ἐτέρας
434 3674 610 3744 ἀρχὴν
629 3673 728 3742 τῆς
757 3673 1039 3745 παρούσης
1060 3675 1343 3739 διαλέξεως
1373 3680 1624 3741 ποιεῖται,
1656 3677 1787 3748 πρός

207 3782 262 3818 τε
291 3766 425 3827 τοὺς
472 3762 651 3834 ίερέας
683 3764 778 3816 καὶ
809 3764 901 3817 τὸν
952 3764 1185 3835 Ἰσραὴλ,
1220 3765 1314 3818 καὶ
1352 3767 1477 3829 τοὺς
1504 3767 1601 3837 τῆς
1636 3767 1784 3837 βασις

208 3858 362 3929 λικῆς
388 3856 570 3919 οἰκίας
599 3856 841 3918 ἅπαντας
873 3854 1066 3924 λέγων.
1096 3876 1113 3908 ι
1150 3857 1294 3911 Διότι
1331 3858 1465 3929 πρὸς
1489 3858 1632 3929 ὑμᾶς
1670 3862 1787 3913 ἐστι

209 3951 265 4004 τὸ
286 3952 493 4020 κρῖμα.
531 3966 552 4002 ι
596 3948 768 4017 ’Υμᾶς
796 3947 903 4017 γάρ
925 3947 1155 4017 ἐλήλυθα
1174 3949 1278 4001 ὑπὸ
1300 3948 1400 4019 τὴν
1424 3949 1603 4019 κρίσιν
1628 3967 1786 4020 ποιη-

209 4040 441 4111 σόμενος
466 4038 567 4109 τὴν
607 4038 767 4109 ἐμὴν,
802 4038 895 4091 καὶ
942 4038 1095 4102 δίκας
1134 4040 1274 4110 ὑπὲρ
1303 4033 1378 4093 ὧν
1420 4040 1787 4111 τετολμήκατε

208 4132 518 4203 ληψόμενος
566 4132 696 4201 παρ’
742 4129 913 4200 ὑμῶν.
949 4147 968 4180 ι
1010 4130 1131 4185 Ὀτι
1174 4132 1339 4200 παγίς
1382 4131 1672 4203 ἐγενήθητε
1720 4135 1784 4204 τῇ

208 4224 436 4293 σκοπιᾷ,
458 4222 553 4275 καὶ
569 4222 644 4285 ὡς
666 4222 878 4275 δίκτυον
903 4222 1256 4292 ἐκτεταμένον
1275 4223 1366 4276 ἐπὶ
1388 4222 1451 4276 τὸ
1474 4222 1786 4293 Ἰταϐύριον,

2542 3297 2699 3355 CAP.
2739 3296 2807 3351 V.

1952 3404 2125 3459 Vens.
2156 3397 2272 3453 1-5.
2296 3426 2366 3438 -
2395 3414 2415 3447 ι
2450 3392 2649 3448 Audite
2666 3391 2793 3454 hoc,
2825 3386 3162 3449 sacerdotes,
3201 3391 3256 3436 et
3285 3388 3466 3433 alleu-

1887 3494 2020 3559 dite,
2068 3491 2265 3545 domus
2307 3486 2495 3548 Israel,
2533 3492 2587 3539 et
2630 3482 2828 3537 domus
2869 3476 3041 3547 regis,
3076 3472 3406 3529 auscultate.
3442 3486 3462 3517 ι

1889 3584 2235 3638 Manifestum
2275 3586 2380 3641 est,
2415 3576 2543 3630 hinc
2573 3586 2791 3644 quoque
2820 3583 3035 3628 rursus,
3066 3580 3132 3619 ex
3179 3563 3283 3617 alia
3314 3574 3469 3615 reve-

1890 3677 2093 3731 latione
2124 3673 2337 3727 initium
2378 3666 2662 3737 sequentis
2696 3659 2954 3716 dictionis
2986 3659 3181 3719 facere,
3214 3652 3470 3707 sacerdo-

1890 3776 1973 3821 tes
2017 3764 2203 3828 simul,
2257 3773 2312 3816 et
2347 3758 2626 3819 lsraelem,
2674 3762 2730 3809 et
2765 3751 2927 3823 regia:
2972 3747 3196 3803 familia:
3236 3752 3467 3798 cunctos

1888 3858 2198 3927 alloquens.
2245 3870 2263 3904 t
2293 3851 2429 3916 Quia
2478 3848 2633 3902 vobis
2698 3842 2969 3914 judicium
3023 3845 3129 3894 est.
3164 3855 3182 3888 ›
3235 3834 3316 3888 Ad
3370 3847 3468 3886 vos

1886 3951 2030 4005 cnim
2055 3945 2179 4001 veni
2218 3952 2279 3997 ut
2306 3940 2576 4011 judicium
2627 3950 2809 3990 meum
2838 3945 3147 3992 exerceam,
3185 3934 3240 3981 et
3275 3939 3468 3995 pmnas

1886 4041 1954 4095 de
1982 4037 2212 4091 ausibus
2256 4033 2459 4088 vestris
2499 4031 2612 4085 lata
2662 4024 2936 4082 sententia
2989 4034 3224 4077 sumam.
3273 4036 3292 4067 ι
3328 4015 3468 4082 Quia

1893 4133 2123 4200 laqueus
2170 4125 2303 4180 facti
2342 4123 2477 4179 estis
2531 4121 2585 4175 in
2632 4117 2877 4188 specula,
2930 4122 2985 4169 et
3036 4110 3193 4182 quasi
3244 4113 3362 4163 rete
3411 4106 3467 4158 in

1893 4220 2129 4292 ltabyrio
2175 4228 2487 4280 extensum,
2532 4210 2676 4283 quod
2725 4216 3016 4265 venatores
3075 4200 3271 4274 praedm
3301 4212 3469 4292 causa

208 4314 236 4368 δ
264 4315 316 4368 οί
335 4291 666 4383 ἀγρεύοντες
696 4313 793 4383 τὴν
826 4313 995 4384 θήραν
1027 4291 1361 4384 κατέπηξαν.
1393 4334 1412 4367 ι
1449 4316 1527 4384 (p.
1556 4291 1784 4384 38)_Ata-

1899 4291 2154 4370 ﬁxerunt.
2189 4330 2209 4364 ι
2260 4307 2477 4371 Varias,
2525 4304 2725 4375 inquit,
2771 4298 3056 4372 prophetis
3111 4293 3286 4349 moliti
3333 4291 3469 4346 estis

208 4404 434 4475 φόρους,
463 4404 647 4473 φησιν,
689 4403 988 4468 ὑποϐουλάς
1020 4405 1158 4459 κατά
1194 4404 1301 4456 τῶν
1338 4407 1629 4475 προφητῶν
1669 4408 1784 4461 ἐτε-

209 4494 487 4566 κτήνασθε
514 4494 621 4546 τῶν
649 4492 817 4563 ἐμῶν,
842 4494 995 4564 δίκην
1022 4492 1131 4547 τῶν
1155 4494 1223 4546 τὰ
1250 4494 1437 4547 δίκτυα
1476 4495 1785 4549 ἀπλούντων

207 4587 302 4641 ἐπὶ
331 4586 515 4657 θήραν
544 4584 652 4638 τῶν
680 4586 1082 4654 ἀγρευομένων,
1114 4584 1387 4655 διαφόροις
1411 4586 1604 4649 αὐτοὺς
1635 4605 1790 4658 περι-

207 4678 434 4733 ϐάλλειν
456 4675 845 4738 ἐσπουδακότες
870 4679 1058 4740 κακοῖς
1076 4692 1090 4705 ’
1122 4678 1349 4731 σκοπιάν
1374 4678 1501 4749 γάρ,
1529 4678 1637 4732 τῶν
1658 4696 1791 4749 προ-

208 4772 404 4842 φητῶν
433 4769 526 4825 τὸν
562 4770 815 4838 σύλλογον
840 4770 1016 4839 λέγει’
1045 4770 1120 4834 ώς
1145 4771 1298 4842 παρά
1324 4772 1402 4842 τῷ
1441 4770 1686 4843 Ἐζεκιὴλ
1710 4774 1790 4839 τὸ,

213 4878 234 4911 ι
267 4863 486 4917 Σκοπὸν
530 4862 740 4916 δέδωκά
786 4880 844 4916 σε
876 4862 955 4933 τῷ
996 4863 1133 4934 οἴκῳ
1170 4864 1403 4935 Ἰσραήλ.
1439 4883 1457 4915 ι
1489 4895 1561 4905 —
1588 4884 1608 4918 ι
1655 4867 1794 4935 Ἐγὼ

202 4949 262 5005 δὲ
298 4951 602 5022 παιδευτὴς
639 4950 792 5020 ὑμῶν
812 4953 946 5021 εἰμι.
987 4968 1008 5003 ι
1050 4952 1186 5005 Ἀλλ’
1218 4952 1403 5024 ἐπειδὴ
1423 4954 1794 5026 δυσχεραίνον-

204 5058 299 5105 τες
328 5042 427 5110 ἐφ’
450 5038 531 5103 οἷς
562 5042 793 5111 ἐμήνυον
808 5041 938 5111 ὑμῖν
967 5043 1163 5095 ἐκεῖνοι
1203 5042 1272 5095 τά
1291 5043 1542 5113 ἐσόμενα,
1570 5046 1793 5099 τοιαῦτα

203 5131 331 5185 κατ’
364 5131 551 5185 αὐτῶν
582 5131 947 5201 ἐμηχανᾶσθε,
983 5131 1143 5195 αὐτὸς
1170 5131 1354 5197 ἐπάξω
1379 5132 1477 5203 τὴν
1507 5135 1795 5205 τιμωρίαν,

204 5222 493 5276 παιδεύων
538 5222 681 5291 ὑμᾶς
720 5223 805 5290 ἐφ’
829 5216 908 5286 οἷς
936 5224 1311 5294 ἡμαρτήκατε,
1345 5225 1411 5294 ἢν
1446 5225 1538 5277 καὶ
1578 5228 1799 5290 ἄκοντες

202 5310 547 5377 ὑποδέξεσθε
574 5312 811 5375 πάντως.
845 5331 864 5365 ι
916 5312 1056 5382 Ἐγὼ
1085 5313 1254 5383 ἔγνων
1284 5314 1376 5368 τὸν
1420 5315 1678 5388 Ἐφραῒμ,
1705 5321 1800 5373 καὶ

219 5407 452 5478 Ἰσραὴλ
483 5408 584 5460 οὐκ
616 5406 842 5459 ἄπεστιν
863 5405 957 5459 ἀπ’
986 5405 1143 5476 ἐμοῦ.
1182 5424 1202 5458 ι
1232 5406 1342 5459 Καὶ
1361 5406 1469 5478 γάρ
1500 5406 1799 5479 ἐπίσταμαι

207 5499 278 5552 τὰ
308 5498 578 5567 γινόμενα
609 5496 738 5567 παρ’
785 5495 963 5549 αὐτῶν
998 5496 1258 5568 ἀκριϐῶς,
1303 5497 1401 5552 ἆτε
1444 5499 1673 5554 πάντοτε
1700 5503 1799 5554 αὐ-

285 5635 332 5667 ¹⁹
360 5632 511 5689 Psal.
548 5649 753 5697 Lxxvn,
784 5632 838 5687 9.
913 5631 960 5667 ”
988 5631 1183 5689 Ezech.
1215 5649 1297 5699 ιιι,
1334 5633 1418 5688 17.

1890 4404 2212 4468 insidias,et
2240 4408 2559 4457 venatorum
2600 4410 2750 4450 more
2780 4393 2871 4465 qui
2901 4398 3015 4446 rete
3041 4387 3108 4442 ad
3150 4384 3465 4454 capiendam

1890 4498 1998 4568 25
2043 4496 2283 4566 praedam
2349 4490 2672 4551 extendunt,
2726 4485 2961 4540 diversis
3013 4483 3137 4536 illos
3187 4478 3470 4547 implicare

1894 4592 2054 4646 malis
2088 4587 2403 4645 studuistis.
2438 4583 2571 4638 Nam
2602 4580 2879 4651 speculam
2913 4574 3150 4645 appellat
3177 4569 3470 4640 pr0pheta-

1895 4700 2017 4738 rum
2052 4692 2254 4738 emtum
2283 4699 2299 4747 ;
2328 4678 2496 4734 veluti
2540 4675 2685 4746 apud
2724 4670 3066 4727 Ezechielem
3101 4684 3115 4720 :
3156 4684 3174 4717 ι
3211 4662 3472 4733 Specula-

1894 4782 2070 4829 torem
2100 4772 2224 4827 dedi
2246 4780 2300 4826 te
2321 4768 2506 4823 domui
2526 4766 2751 4822 lsraelis
2772 4765 2838 4816 ⁸³.
2873 4781 2891 4815 ι
2914 4790 2984 4801 -
3005 4779 3022 4810 ι
3054 4756 3164 4827 Ego
3189 4770 3318 4810 vero
3344 4769 3470 4807 eru-

1893 4863 2040 4917 ditur
2073 4868 2254 4917 vester
2284 4873 2429 4914 sum.
2465 4876 2483 4909 ›
2520 4855 2627 4909 Sed
2658 4854 2787 4924 quia
2818 4866 2935 4914 vos,
2974 4847 3201 4902 moleste
3229 4843 3471 4897 ferentes

1908 4969 2029 5024 qua:
2076 4952 2156 5007 illi
2189 4951 2344 5006 vobis
2386 4955 2647 5005 eventura
2680 4945 2981 5005 canebant,
3034 4939 3162 4992 talia
3207 4937 3472 4991 adversus

1896 5059 1993 5099 eos
2028 5039 2325 5097 machinati
2366 5038 2520 5103 estis,
2550 5035 2804 5107 equidem
2842 5030 3081 5103 peccatis
3127 5025 3325 5080 vestris
3356 5037 3473 5093 pm-

1895 5151 2022 5191 nam
2067 5134 2372 5204 imponam,
2428 5143 2593 5200 quam
2647 5126 2804 5181 inviti
2851 5123 2980 5177 licet
3014 5120 3132 5175 sine
3171 5116 3337 5170 dubio
3376 5127 3472 5183 pa-

1896 5226 2129 5282 tiemini.
2180 5246 2198 5277 ι
2238 5224 2352 5294 Ego
2394 5222 2523 5277 novi
2575 5218 2949 5290 Ephraimum,
2998 5220 3052 5267 et
3092 5209 3258 5265 Israel
3301 5222 3331 5259 a
3385 5220 3472 5258 me

1895 5336 2006 5375 non
2040 5320 2217 5374 abest.
2248 5337 2268 5370 ι
2306 5316 2483 5386 Opera
2509 5314 2656 5369 enim
2681 5312 2893 5365 illorum
2925 5305 3090 5376 probe
3118 5302 3255 5363 scio,
3283 5305 3471 5367 utpote

1894 5411 1990 5482 qui
2027 5425 2305 5479 nunquam
2341 5408 2449 5462 illis
2481 5421 2589 5460 non
2630 5403 2847 5459 adsum.
2883 5417 2901 5449 ο
2936 5396 3075 5463 Quia
3123 5407 3268 5447 nunc
3299 5390 3471 5445 forni-

1905 5515 2063 5560 catus
2111 5511 2196 5559 est
2242 5500 2594 5573 prraimus,
2638 5493 3044 5551 contaminatus
3087 5496 3170 5543 est
3222 5483 3409 5541 Israel.
3445 5500 3465 5533 ο

280 5773 370 5843 (4)
414 5771 598 5829 Graece
627 5772 775 5845 νέμω
810 5770 1043 5829 refertur
1073 5773 1140 5829 ad
1166 5773 1421 5844 διανέμω.
1456 5773 1561 5831 Sed
1594 5773 1783 5832 Latine
1809 5792 1920 5832 non
1961 5776 2033 5832 ita
2059 5790 2119 5832 se
2151 5774 2374 5832 haberet
2404 5782 2578 5843 pascet
2604 5770 2669 5826 ad
2698 5768 3047 5840 dispertietur.
