3994 6520
546 283 652 342 I55

1773 288 2117 348 THEODORI
2144 287 2621 346 MOPSUESTENI

3669 286 3763 343 156

549 397 675 454 Vidi
725 398 847 456 illos
884 415 1112 472 prorsus
1162 417 1193 456 a
1234 418 1325 457 me
1378 403 1693 467 recessisse,
1745 415 1801 461 et
1838 406 2103 460 idolorum

2211 407 2316 468 τοῖς
2376 405 2581 476 παρών.
2642 423 2661 456 ι
2721 405 2862 457 Διότι
2916 403 3011 458 νῦν
3058 400 3441 473 ἐξεπόρνευσεν
3502 401 3763 472 Ἑφραῒμ,

549 493 819 562 religione
857 510 916 549 se
943 495 1225 565 polluisse.
1258 513 1278 547 ι
1309 494 1426 551 Non
1457 498 1723 553 dederunt
1754 499 2110 569 c0gitationes

546 596 679 635 suas
727 591 784 636 ut
820 592 1162 639 revertantur
1190 585 1257 639 ad
1290 603 1394 654 me,
1436 590 1564 658 quia
1608 589 1832 658 spiritus
1876 590 2111 644 fornica~

547 674 721 729 tionis
754 676 889 743 ipsis
917 676 1081 739 ineSt,
1114 685 1168 732 et
1196 677 1484 733 Dominum
1522 696 1627 733 non
1661 688 2054 750 cognoverunt.
2086 698 2104 731 ›

548 763 735 834 Neque
775 767 1227 837 resipiscentibus
1254 787 1405 825 mens
1440 770 1541 824 fuit
1565 771 1632 825 ad
1668 788 1751 826 me
1779 771 2106 836 revertendi,

546 859 679 925 quia
737 858 792 911 in
827 858 1022 913 vitium
1074 869 1188 915 toto
1244 862 1460 917 homine
1506 863 1867 927 incurrerunt,
1903 862 2108 915 nullum

548 948 654 1003 mei
699 958 1007 1019 respectum
1052 952 1252 1007 habere
1294 955 1559 1008 volentes.
1598 972 1616 1005 ι
1647 952 1712 1005 Ει
1743 953 2113 1006 humiliahitur

548 1041 866 1109 arrogantia
899 1041 1116 1099 lsraelis
1149 1044 1202 1097 in
1244 1043 1432 1099 faciem
1462 1046 1599 1113 ejus.
1640 1064 1657 1095 ι
1690 1045 1850 1113 Atqui
1879 1044 2111 1098 vesaniae

542 1131 714 1202 hujus
762 1140 928 1204 atque
982 1136 1341 1205 arrogantiae,
1384 1151 1487 1204 qua
1525 1135 1784 1190 adversus
1826 1150 1911 1190 me
1960 1136 2112 1189 insa-

543 1208 769 1277 nierunt
803 1226 1075 1293 apostasia
1115 1242 1213 1279 sua
1268 1242 1296 1278 a
1348 1242 1448 1289 me,
1494 1235 1546 1279 et
1575 1240 1797 1279 accessu
1830 1225 1899 1279 ad
1941 1225 2107 1291 idola,

546 1312 743 1383 dignas
783 1314 931 1369 luent
962 1330 1175 1384 pinnas,
1206 1330 1328 1369 cum
1362 1331 1517 1369 suam
1545 1315 1951 1385 depressionem
1986 1330 2111 1384 spe-

548 1406 795 1467 ctabunt,
848 1406 900 1459 in
934 1421 1097 1474 quam
1149 1421 1235 1460 me
1285 1407 1585 1461 ulciscente
1625 1406 1934 1460 devenient.
1974 1425 1992 1457 ‹
2042 1405 2108 1459 Et

543 1498 714 1551 tsrael
746 1504 908 1566 atque
935 1497 1261 1562 Ephraimus
1306 1497 1723 1551 intirmahuntur
1760 1498 1812 1551 in
1854 1497 2112 1567 iniquita-

520 1588 693 1641 otibus
734 1588 868 1642 suis.
905 1585 1081 1666 Iudas.
1107 1589 1307 1658 pariter
1346 1603 1468 1643 cum
1500 1589 1633 1658 ipsis
1668 1588 2052 1644 inﬁrmabitur.
2083 1608 2103 1643 ι

544 1677 743 1731 Cuncti
773 1668 1133 1734 communiter
1152 1688 1462 1749 peccantes,
1502 1680 1863 1735 communiter
1892 1694 2107 1749 quoque

2212 492 2440 564 ἐμιάνθη
2478 493 2707 563 Ἰσραήλ.
2758 511 2775 545 ι
2810 489 2938 546 υἷδα
2988 493 3163 546 τοίνυν
3195 492 3389 555 αὐτοὺς
3429 492 3608 545 τέλεον
3642 493 3755 545 ἀπο

2215 585 2442 647 στάντας
2463 585 2618 654 ἐμοῦ,
2648 586 2740 638 καί
2771 588 2826 639 ἐν
2856 588 2918 656 τῇ
2944 586 3050 638 τῶν
3074 584 3302 637 εἰδώλων
3327 584 3643 655 μιανθέντας
3681 584 3761 637 λα-

2213 675 2388 746 τρεία.
2414 693 2431 725 ι
2457 676 2570 728 Ούκ
2593 676 2798 730 ἔδωκαν
2823 676 2889 729 τά
2918 675 3191 729 διαϐούλια
3214 676 3387 728 αὐτῶν
3412 675 3501 727 τοῦ
3521 676 3764 746 ἐπιστρέο

2209 764 2307 833 ψαι
2346 763 2481 832 πρὸς
2510 764 2599 817 τὸν
2614 765 2743 819 Θεὸν
2775 764 2971 828 αὐτῶν,
2996 765 3076 818 ὅτι
3102 764 3315 835 πνεῦμα
3351 762 3603 835 πορνείας
3627 766 3767 817 ἐστὶν

2210 857 2267 907 ἐν
2300 856 2510 919 αὐτοῖς·
2539 857 2628 909 τὸν
2653 856 2706 909 δὲ
2736 855 2935 926 Κύριον
2960 856 3056 909 οὐκ
3077 856 3407 923 ἐπέγνωσαν.
3448 874 3466 905 ›
3510 856 3640 909 Οὐδὲ
3663 857 3768 927 γάρ

2214 945 2668 1017 μεταϐαλλόμενοι
2700 945 2923 1017 γνώμην
2962 946 3117 1017 ἔσχον
3154 946 3248 999 τοῦ
3275 948 3459 999 νεῦσαι
3488 948 3623 1017 πρὸς
3650 948 3764 1017 ἐμὲ,

2209 1037 2393 1108 ἐπειδὴ
2433 1038 2707 1101 παντελῶς
2748 1038 2882 1109 πρὸς
2913 1039 2973 1091 rb
3027 1041 3205 1109 χεῖρον
3243 1036 3551 1104 ἐξώκειλαν,
3585 1038 3768 1092 οὐδένα

2210 1129 2364 1197 λόγον
2392 1128 2662 1191 ἐθέλοντες
2694 1129 2826 1199 ἐμοῦ
2861 1129 3148 1184 ποιεῖσθαι.
3182 1149 3200 1181 ι
3247 1128 3767 1198 Καὶταπεινωθήσε-

2209 1224 2348 1291 ταιή
2380 1220 2534 1290 ὕϐρις
2557 1220 2650 1273 τοῦ
2684 1221 2898 1291 Ἰσραὴλ
2921 1223 3000 1284 εἰς
3025 1222 3307 1293 πρόσωπον
3333 1220 3515 1273 αὐτοῦ.
3547 1240 3565 1272 ι
3611 1221 3771 1275 Ἀλλά

2208 1311 2315 1379 γὰρ
2330 1309 2529 1381 ταύτης
2549 1311 2603 1363 δέ
2623 1311 2719 1381 τῆς
2746 1312 3027 1381 παροινίας
3048 1313 3139 1364 καὶ
3162 1312 3259 1382 τῆς
3288 1311 3581 1383 ῦὸρεωςῆν
3604 1314 3769 1383 ἐπαρ-

2206 1403 2381 1455 οίνουν
2422 1403 2753 1466 ἀποστάντες
2806 1403 2938 1473 ἐμοῦ
2962 1443 2978 1467 ,
3039 1406 3130 1457 καὶ
3183 1406 3607 1474 προσανέχοντες
3659 1408 3769 1469 τοῖς

2208 1493 2462 1559 εἰδώλοις,
2498 1494 2653 1561 ἀξίαν
2689 1493 2913 1549 δώσουσι
2950 1495 3124 1567 δίκην,
3153 1496 3314 1550 αὐτοὶ¹
3340 1495 3530 1549 θεαταὶ
3565 1497 3664 1566 τῆς
3690 1496 3769 1548 οἰ-

2208 1586 2360 1648 κείας
2384 1586 2651 1657 γινόμενοι
2697 1586 3091 1651 ταπεινώσεως,
3128 1590 3206 1650 εἰς
3238 1590 3302 1657 ἢν
3331 1586 3417 1641 διά
3458 1587 3558 1658 τῆς
3601 1605 3771 1658 τιμω-

2212 1677 2333 1748 ρίας
2375 1679 2800 1749 καταστήσονται
2837 1679 2939 1749 τῆς
2992 1679 3149 1749 ἐμῆς.
3187 1698 3205 1729 ι
3247 1679 3356 1733 Kal
3413 1679 3625 1749 Ἰσραήλ
3678 1679 3770 1732 καὶ

543 1785 762 1837 pmnam
795 1771 1094 1840 perferent,
1123 1782 1409 1843 propterea
1449 1773 1593 1843 quod
1636 1774 1898 1828 adversus
1928 1773 2107 1828 scien—

2220 1768 2457 1839 Ἐφραὶμ
2484 1769 2865 1842 ἀσθενήσουσιν
2888 1772 2947 1823 ἐν
2961 1774 3078 1834 ταῖς
3098 1770 3329 1833 ἀδικίαις
3346 1771 3539 1824 αὐτῶΨ
3562 1773 3637 1840 (p.
3654 1771 3724 1825 59
3752 1772 3790 1841 )~

542 1863 676 1913 tiam
729 1876 907 1916 meam
947 1861 1133 1931 injurii
1170 1861 1408 1917 fuerunt.
1442 1862 1532 1915 Sic
1567 1862 1727 1916 etiam
1789 1862 1982 1916 beatus
2028 1859 2106 1913 ait

541 1950 747 2008 l’aulu‘s
778 1972 792 2008 :
829 1972 848 2005 ι
878 1954 1099 2023 Eorum,
1133 1955 1225 2025 qui
1273 1958 1556 2011 veritatem
1605 1957 1658 2009 in
1702 1954 1973 2025 injustitia
2010 1953 2105 2007 de-

543 2046 813 2113 tinent“;
852 2067 869 2098 ι
912 2064 1103 2117 nempe
1150 2064 1361 2112 eorum,
1392 2049 1483 2118 qui
1527 2047 1741 2102 veritati
1782 2046 1989 2102 faciunt
2024 2046 2106 2099 in-

534 2132 741 2203 juriam
775 2154 872 2191 sua
906 2137 971 2191 ad
1004 2139 1194 2193 vitium
1229 2138 1595 2210 perversione.

612 2402 778 2458 Vens.
802 2409 1164 2471 6-9.-—«Cum
1180 2413 1369 2468 ovibus
1382 2410 1493 2467 suis
1507 2427 1569 2468 ac
1583 2416 1761 2474 vitulis
1789 2419 2010 2479 perge"!
2038 2408 2104 2463 ad

540 2495 890 2562 qumrendum
914 2495 1288 2563 Dominum,et
1310 2515 1415 2553 non
1436 2499 1709 2554 invenient
1730 2516 1851 2555 eum
1873 2517 1885 2566 ;
1905 2500 2102 2554 etenim

543 2586 613 2640 ab
640 2587 775 2655 ipsis
804 2588 1127 2652 declinavit,
1159 2601 1443 2661 postquam
1487 2591 1772 2646 Dominum
1805 2593 2105 2662 derelique-

541 2685 691 2730 runt.
716 2697 733 2728 ι
758 2676 980 2735 Etiamsi
1009 2680 1212 2737 hostias
1234 2683 1576 2748 adduxerim,
1594 2684 1679 2737 his
1707 2692 1956 2753 putantes
1982 2700 2108 2755 pro-

540 2771 732 2838 pitium
751 2772 852 2826 sibi
874 2773 1082 2829 Numen
1112 2776 1358 2839 reddere,
1380 2777 1513 2830 nihil
1544 2777 1666 2831 inde
1681 2778 1788 2848 26
1803 2779 2105 2847 proﬁcient,

540 2860 652 2916 Deo
678 2879 901 2932 prorsus
930 2875 1252 2934 aversante;
1290 2868 1723 2938 quandoquidem
1752 2886 1817 2924 eo
1848 2870 2106 2933 dimisso,

536 2953 698 3008 idolis
732 2963 876 3011 totos
903 2972 961 3011 se
982 2957 1325 3014 dediderunt.
1362 2979 1379 3011 ι
1411 2959 1546 3025 Quia
1580 2961 1720 3016 ﬁlios
1753 2962 1960 3016 alienos
1998 2963 2103 3017 sibi

2206 1861 2299 1914 καὶ
2340 1860 2623 1931 ἀσθενήσει
2674 1863 2765 1915 καὶ
2809 1861 3005 1926 Ἰούδας
3046 1863 3162 1932 μετ’
3190 1863 3387 1915 αὐτῶν.
3431 1881 3450 1914 ι
3499 1862 3771 1924 ’Ἅπαντες

2205 1957 2356 2025 κοινῇ
2388 1953 2847 2025 πλημμελοῦντες,
2887 1958 3036 2025 κοινῇ
3072 1956 3162 2008 καὶ
3199 1954 3296 2025 τὴν
3327 1954 3597 2023 τιμωρίαν
3637 1954 3787 2007 ὑπο--

2209 2044 2475 2114 μενοῦσιν,
2519 2046 2658 2118 ὑπὲρ
2699 2040 2772 2101 ὧν
2814 2046 2911 2118 τὴν
2947 2047 3145 2116 γνῶσιν
3195 2046 3413 2116 ἠδίκουν
3464 2046 3561 2115 τὴν
3608 2046 3768 2115 ἐμήν.

2206 2136 2361 2190 Οῦτω
2405 2138 2498 2190 καὶ
2529 2140 2556 2190 ὁ
2594 2138 2861 2209 μακάριος
2900 2138 3046 2206 λέγει
3086 2136 3292 2200 Παῦλος
3333 2137 3413 2202 rb,
3460 2155 3479 2187 ι
3518 2136 3639 2188 Τῶν
3674 2135 3791 2204 τήνν

2211 2224 2468 2294 ἀλήθειαν
2491 2228 2547 2279 ἐν
2574 2226 2754 2297 ἀδικίᾳ
2786 2226 3136 2297 κατεχόντων·
3177 2244 3195 2277 ι
3230 2226 3316 2280 ἵνα
3348 2226 3494 2298 εἴπῃ,
3525 2224 3647 2276 Τῶν
3676 2221 3792 2293 τὴνιο

2209 2314 2465 2387 ἀλήθειαν
2498 2319 2564 2388 τῇ
2592 2317 2727 2387 πρὸς
2753 2320 2814 2371 τὸ
2841 2320 3019 2389 χεῖρον
3055 2315 3378 2371 ἀδικούντων
3409 2318 3671 2387 ἐκτροπῇ.

2279 2408 2425 2480 Στίχ.
2484 2410 2632 2475 ς’-θ’.
2689 2440 2759 2451 -
2808 2431 2826 2463 ι
2886 2410 3039 2465 Μετά
3089 2411 3373 2482 προϐάτων
3414 2411 3509 2463 xal
3556 2408 3789 2479 μόσχων

2210 2498 2559 2569 πορεύσονται
2616 2500 2707 2553 τοῦ
2767 2501 3061 2571 ἐκζητήσαι
3118 2501 3208 2553 τὸν
3267 2498 3503 2569 Κύριον,
3557 2496 3653 2549 καὶ
3712 2496 3770 2547 οὗ

2212 2591 2285 2661 μὴ
2320 2591 2552 2661 εὕρωσιν
2590 2594 2783 2647 αὐτόν’
2821 2593 3105 2647 ἐκκέκλικε
3150 2593 3258 2663 γὰρ
3303 2594 3396 2645 ἀπ’
3442 2590 3642 2654 αὐτῶν,
3690 2590 3772 2642 ὅτι

2203 2681 2294 2733 rbv
2356 2681 2560 2752 Κύριον
2605 2683 2976 2751 ἐγκατέλιπον.
3034 2702 3053 2735 ι
3102 2684 3220 2737 Κᾶν
3269 2682 3457 2744 Θυσίας
3499 2682 3556 2734 δὲ
3606 2697 3776 2753 προσ-

2204 2770 2400 2838 άγωσι,
2424 2771 2631 2834 τούτοις
2664 2772 3000 2837 ἐξιλεοῦσθαι
3030 2772 3339 2842 νομίζοντες
3371 2773 3433 2826 rb
3470 2772 3650 2835 Θεῖον,
3677 2771 3774 2823 οῦς

2202 2862 2290 2914 δέν
2338 2861 2585 2915 ἐντεῦθεν
2630 2863 2809 2926 ἕξουσι
2843 2864 3026 2925 πλέον,
3072 2863 3515 2933 ἐκτετραμμένον
3554 2862 3773 2925 πάντως

2202 2952 2398 3014 αὐτοὺς
2428 2953 2521 3005 τοῦ
2551 2952 2685 3005 Θεοῦ
2710 2969 2724 2982 ·
2754 2954 2893 3026 ὑπὲρ
2917 2947 2990 3009 ὧν
3015 2955 3241 3022 ἀφέντες
3263 2954 3446 3018 αὐτὸν,
3488 2952 3777 3015 παντελῶς

538 3056 863 3109 genuerunt.
891 3066 909 3099 ι
948 3045 1083 3101 Nam
1106 3058 1159 3102 et
1186 3066 1307 3103 cum
1344 3051 1597 3120 gentibus
1630 3060 1823 3119 przeter
1854 3052 2101 3121 praescri-

2211 3042 2312 3102 τοῖς
2328 3039 2561 3105 εἰδώλοις
2588 3044 2892 3111 προσεῖχον.
2916 3060 2934 3093 ι
2966 3041 3083 3097 Ὀτι
3100 3044 3261 3096 τέκνα
3281 3044 3533 3114 ἀλλότρια
3549 3042 3775 3113 ἐγέννη-

540 3143 693 3201 ptum
722 3137 969 3207 eonjugia
992 3139 1303 3203 miscentes,
1336 3156 1400 3195 ex
1445 3142 1872 3213 alienigenarum
1912 3145 2105 3212 copula

542 3226 744 3279 liberos
779 3241 1158 3298 susceperunt.
1198 3231 1337 3302 Ergo
1373 3233 1500 3287 hinc
1538 3234 1703 3288 etiam
1738 3234 2105 3289 omnimodam

542 3316 757 3368 illorum
818 3334 939 3371 cum
992 3320 1310 3387 alienigenis
1357 3323 1790 3378 commistionem
1845 3325 2103 3390 ostendit,

541 3409 668 3476 quia
705 3426 768 3463 ex
814 3410 899 3464 his
930 3411 1093 3464 etiam
1126 3412 1281 3466 liberi
1327 3414 1460 3482 ipsis
1490 3414 1601 3467 nati
1640 3415 1772 3469 sint.
1808 3413 1922 3468 Hoc
1959 3416 2104 3469 enim

541 3498 651 3551 illis
702 3499 1031 3568 improperat
1083 3501 1243 3555 etiam
1294 3503 1486 3555 beatus
1526 3501 1693 3556 David
1728 3504 1957 3559 dicens:
1997 3524 2015 3555 ι
2044 3504 2108 3558 Ει

540 3588 811 3642 commisti
832 3597 960 3641 sunt
982 3589 1125 3642 inter
1141 3596 1328 3658 gentes
1344 3590 1404 3642 ³³.
1420 3608 1538 3639 ›-‹
1554 3587 1705 3642 Nunc
1722 3589 1996 3643 devorabit
2013 3604 2107 3644 eos

542 3681 761 3749 rubigo,
812 3697 1023 3735 necnon
1053 3682 1397 3737 haereditates
1439 3683 1705 3752 ipsorum.
1734 3704 1751 3735 ι
1786 3682 1926 3737 Dicit
1956 3684 2110 3737 nimi-

541 3785 662 3825 rum
689 3788 747 3827 se
775 3781 1031 3842 tauquam
1063 3774 1297 3845 rubigini
1327 3776 1653 3829 traditurum
1680 3790 1774 3830 eos
1801 3776 1969 3831 exitio
1986 3792 2108 3831 cum

540 3864 870 3934 patrimonio
891 3866 1163 3921 universo.
1196 3884 1214 3916 ι
1228 3865 1474 3937 Clangite
1491 3868 1722 3922 buccina
1740 3883 1903 3937 super
1920 3868 2107 3934 colles,

540 3963 731 4009 sonate
782 3971 944 4024 super
999 3956 1233 4023 excelsa,
1294 3958 1583 4027 praedicate
1620 3959 1675 4013 in
1727 3958 1888 4012 domo
1945 3957 2047 4012 0n.
2084 3977 2103 4009 ι

543 4046 794 4111 Cum-tis,
828 4048 1025 4118 inquit,
1056 4048 1213 4114 locis,
1247 4050 1339 4103 ubi
1375 4050 1706 4119 impietatem
1756 4058 1990 4105 vestram
2016 4066 2111 4119 pa-

541 4140 750 4202 trastis,
798 4142 1018 4195 omissis
1048 4142 1328 4197 consuetis
1367 4140 1589 4206 ritibus,
1646 4141 1877 4194 clamate
1904 4143 2107 4210 potius,

2207 3149 2302 3184 σαν
2327 3134 2557 3196 ἑαυτοῖς.
2595 3150 2615 3184 ι
2647 3132 2755 3186 Kal
2771 3132 2877 3203 γὰρ
2905 3134 2997 3187 καὶ
3028 3137 3138 3198 τοῖς
3170 3134 3345 3188 ἔθνεσι
3384 3136 3534 3207 παρά
3559 3135 3622 3187 rb
3650 3135 3779 3188 δια-

2204 3221 2529 3292 τεταγμένον
2573 3222 2936 3292 ἐπιμιγέντες,
2962 3221 3020 3287 ἐξ
3047 3223 3355 3292 ἀλλοφύλων
3400 3225 3777 3278 ἐτεκνώσαντσ

2206 3312 2483 3382 ἐπιμιξίας
2507 3328 2520 3343 ⁸
2567 3312 2724 3365 τοῦτο
2764 3312 2871 3383 γὰρ
2902 3314 3083 3378 αὐτοῖς
3123 3314 3218 3366 καὶ
3244 3316 3272 3366 ὁ
3314 3313 3582 3385 μακάριος
3614 3314 3778 3369 Δαυῖδ

2206 3403 2425 3471 ἐγκαλεῖ
2468 3403 2641 3472 λέγων
2664 3420 2677 3434 ·
2713 3424 2732 3456 ι
2767 3406 2876 3458 Kal
2906 3406 3244 3475 ἐπεμίγησαν
3281 3407 3338 3458 ἐν
3370 3408 3479 3469 τοῖς
3512 3406 3713 3461 ἔθνεσι.
3753 3426 3772 3457 ι

2207 3496 2500 3550 Κάνταῦθα
2532 3497 2705 3551 τοίνυν
2730 3497 2827 3566 τὴν
2862 3498 3097 3569 παντελῆ
3134 3498 3268 3569 πρὸς
3301 3499 3427 3561 τοὺς
3454 3498 3777 3567 ἀλλοτρίους

2208 3587 2485 3656 ἐπιμιξίαν
2505 3586 2671 3657 δηλοῖ,
2707 3588 2768 3640 rb
2798 3589 2962 3643 τέκνα
2987 3589 3169 3653 αὐτοῖς
3199 3588 3256 3655 ἐξ
3289 3589 3466 3642 αὐτῶν
3495 3589 3776 3655 γενέσθαι.

2214 3696 2232 3729 ι
2265 3675 2374 3729 Νῦν
2400 3678 2770 3746 καταφάγεται
2806 3680 3060 3751 αύτοὺςή
3092 3679 3318 3750 ἐρυσίϐη
3360 3678 3453 3731 καὶ
3492 3680 3621 3741 τοὺς
3645 3679 3783 3749 κλή-

2213 3786 2337 3839 ρους
2376 3769 2573 3824 αὐτῶν.
2602 3788 2619 3820 ι
2647 3770 2764 3822 Ἵνα
2795 3770 2923 3841 εἴπῃ
2955 3771 3035 3823 ὅτι
3070 3770 3234 3840 Δίκην
3275 3787 3333 3821 τε
3380 3770 3639 3841 ἐρυσίϐης
3683 3769 3784 3822 αύ-

2208 3859 2333 3923 τούς
2360 3877 2421 3912 τε
2460 3862 2553 3913 καὶ
2577 3860 2645 3914 τὰ
2678 3861 2946 3931 προσόντα
2994 3862 3176 3924 αὐτοῖς
3217 3862 3431 3915 ἅπαντα
3467 3860 3784 3933 παραδώσω

2211 3950 2406 4021 φθορᾷ.
2459 3971 2478 4003 ι
2536 3951 2837 4004 Σαλπίσατε
2885 3951 3147 4021 σάλπιγγι
3203 3951 3296 4004 ἐπὶ
3344 3952 3470 4015 τοὺς
3519 3951 3781 4021 βουνούς’

2210 4045 2451 4113 ἠχήσατε
2509 4044 2600 4096 ἐπὶ
2645 4042 2751 4095 τῶν
2804 4042 3045 4113 ὑψηλῶν,
3096 4041 3365 4113 κηρύξατε
3417 4042 3472 4095 ἐν
3522 4040 3600 4110 τῷ
3642 4042 3785 4113 οἴκῳ

2214 4137 2331 4188 "Ov.
2372 4154 2389 4187 ι
2440 4136 2527 4187 Ἐν
2569 4134 2742 4188 ἅπασι
2772 4134 2851 4198 δέ,
2897 4134 3049 4205 φησὶ,
3079 4136 3191 4195 τοῖς
3232 4132 3415 4194 τόποις
3454 4134 3510 4184 ἐν
3557 4127 3640 4195 οἷς
3681 4133 3788 4204 τὴν

540 4245 650 4298 quo
675 4230 828 4286 vobis
858 4242 1117 4287 eventura
1147 4234 1284 4286 mala
1304 4231 1936 4304 portendatis.Quamam
1965 4232 2108 4286 haec?

2211 4227 2462 4280 ἀσέϐειαν
2516 4225 2832 4297 εἰργάζεσθε
2890 4226 2987 4297 τήν
3032 4226 3255 4289 οἰκείαν,
3292 4224 3365 4294 (p.
3400 4222 3490 4293 40)
3540 4224 3785 4292 ἀφέντες

548 4341 563 4371 ι
585 4320 877 4392 Obstupuit
904 4323 1210 4391 Benjamin,
1244 4323 1503 4393 Ephraim
1533 4324 1586 4377 in
1616 4323 1949 4379 desolatione
1987 4323 2108 4386 fuit,

2214 4318 2310 4381 τὰς
2355 4318 2606 4388 συνήθεις
2648 4317 2902 4381 σπουδὰς,
2965 4317 3194 4388 βοήσατε
3241 4315 3467 4385 μᾶλλον,
3527 4316 3597 4368 τά
3650 4317 3788 4387 περὶ

542 4414 597 4467 in
629 4414 821 4468 diebus
850 4416 1233 4485 correptionis.
1262 4437 1279 4467 ι
1321 4415 1620 4485 Benjamini
1646 4417 1885 4478 nomine,
1914 4416 2108 4471 Judteaa

2216 4412 2357 4479 ὑμᾶς
2396 4410 2531 4481 ὑπὲρ
2576 4409 2777 4461 τούτων
2815 4409 3046 4479 ἐσόμενα
3097 4407 3391 4478 μηνύοντες
3427 4407 3591 4460 κακά.
3644 4408 3789 4459 Ποῖα

541 4521 770 4575 regnum
797 4506 957 4573 dicit;
990 4506 1283 4576 Ephraimo
1313 4516 1518 4569 autent,
1556 4506 1744 4560 decem
1779 4507 2001 4561 denotat
2023 4509 2108 4561 tri-

2211 4502 2412 4566 ταύτας
2470 4519 2488 4551 ι
2554 4499 2775 4569 Ἐξέστη
2847 4500 3122 4569 Βενιαμὶν,
3203 4497 3436 4569 Ἐφραῒμ
3494 4500 3573 4561 εἰς
3636 4501 3793 4567 ἀφα-

543 4597 667 4651 bus.
705 4595 889 4666 Neque
917 4614 1046 4651 vero
1077 4599 1153 4651 ait
1183 4598 1333 4650 illum
1359 4598 1727 4667 obstupuisse,
1757 4598 1903 4651 hunc
1934 4606 2108 4652 autem

2211 4590 2398 4657 νισμὸν
2438 4589 2653 4656 ἐγένετο
2677 4589 2735 4641 ἐν
2771 4589 3006 4659 ήμέραις
3038 4588 3279 4658 ἐλέγχου.
3316 4606 3333 4637 ι
3382 4587 3510 4639 ’Λπὸ
3543 4587 3644 4656 μὲν
3673 4588 3795 4657 γὰρ

542 4688 880 4754 desolatum;
917 4689 1010 4743 sed
1039 4691 1109 4743 de
1160 4697 1391 4757 utroque
1432 4689 1797 4743 communiter
1824 4698 2108 4759 utrumque

2211 4681 2300 4734 τοῦ
2336 4680 2589 4749 Βενιαμὶν
2636 4679 2731 4749 τὴν
2760 4679 2858 4748 τῆς
2897 4677 3153 4742 Ἰουδαίας
3196 4677 3339 4745 λέγει
3370 4676 3649 4745 βασιλείαν
3676 4695 3690 4705 ·
3724 4678 3793 4728 ἐκ

542 4781 695 4843 dicit,
734 4796 930 4850 nempe
982 4780 1126 4851 quod
1173 4782 1560 4849 obstupescent
1613 4790 1666 4835 et
1695 4782 2106 4837 desolabuntur.

547 4890 566 4923 ι
586 4871 645 4925 In
677 4872 868 4925 diebus
888 4872 1268 4940 correptionis,
1293 4892 1310 4923 ι
1329 4871 1381 4925 id
1408 4880 1491 4925 est
1520 4873 1573 4924 in
1598 4872 1835 4926 hostium
1854 4874 2103 4938 incursu,

506 4979 682 5033 quos
738 4964 854 5033 ipse
909 4964 1161 5027 adducet,
1212 4973 1271 5017 ut
1324 4964 1508 5033 populi
1562 4963 1647 5017 sui
1695 4966 2108 5033 perversitatem

538 5056 718 5124 palam
776 5055 1026 5125 castiget.
1068 5054 1467 5123 Obstupescent
1516 5073 1666 5125 ergo,
1705 5058 1799 5121 ait,
1848 5057 2109 5111 mirantes

542 5148 779 5200 subitam
815 5161 996 5199 rerum
1037 5161 1260 5200 suarum
1308 5148 1714 5216 catastrophen,
1765 5148 1818 5200 in
1851 5163 1956 5217 qua
1990 5147 2113 5201 fun-

542 5240 688 5293 ditus
730 5239 1114 5298 destruentur,
1166 5254 1251 5291 me
1297 5239 1485 5292 hostes
1543 5240 1624 5292 eis
1658 5239 2003 5300 immittente,
2062 5248 2117 5294 et

543 5337 821 5396 peractam
864 5329 933 5381 ab
971 5328 1105 5397 ipsis
1149 5326 1641 5397 transgressionem
1677 5328 1955 5396 puniente.
1995 5326 2115 5380 Jam

546 5434 659 5471 rem
686 5435 1029 5473 communem
1062 5420 1273 5473 dimresi
1302 5419 1432 5483 dici,
1466 5419 1668 5488 passim
1702 5418 2005 5487 comperire
2035 5427 2119 5472 est

547 5507 711 5560 etiam
739 5508 881 5578 apud
914 5511 1130 5563 beatum
1154 5508 1410 5563 Davidem
1436 5547 1451 5570 ,
1489 5509 1634 5561 velut
1657 5523 1780 5561 eum
1820 5508 1927 5560 ait:
1976 5525 1992 5557 ι
2020 5507 2115 5560 Die

552 5600 803 5663 clamavi,
838 5610 890 5654 et
921 5609 1079 5656 nocte
1108 5617 1292 5655 coram
1336 5601 1473 5665 te”;
1499 5619 1515 5650 ι
1553 5615 1659 5654 non
1689 5599 1761 5651 ait
1792 5616 1850 5653 se
1878 5598 2113 5651 interdiu

626 5756 665 5787 “
698 5755 853 5810 Rom.
890 5772 924 5820 ι,
960 5757 1038 5812 l8.
1123 5760 1161 5791 η
1185 5758 1326 5813 Psal.
1361 5771 1445 5825 rv,
1483 5758 1550 5811 ἀὸ

2212 4773 2269 4825 δὲ
2294 4772 2388 4824 τοῦ
2431 4770 2666 4842 Ἐφραῒμ
2690 4771 2788 4833 τὰς
2821 4770 2951 4822 δέκα
2979 4767 3170 4840 μηνύει
3199 4768 3370 4836 φυλάς
3390 4785 3403 4797 ·
3437 4767 3495 4820 οὐ
3526 4767 3693 4819 τοῦτο
3732 4768 3794 4822 δὲ

2214 4863 2380 4931 λέγει,
2412 4862 2542 4915 ὅτιὸ
2569 4863 2664 4931 μὲν
2690 4861 2902 4930 ἐξέστη,
2930 4861 2957 4911 ὁ
2980 4859 3035 4911 δὲ
3060 4861 3140 4920 εἰς
3186 4858 3484 4927 ἀφανισμὸν
3524 4858 3791 4925 ἐγένετο·

2215 4954 2328 5007 ἀλλ’
2365 4955 2449 5007 ἵνα
2482 4954 2632 5022 κοινῇ
2666 4953 2751 5003 ἐπ’
2803 4949 3126 5021 ἀμφοτέρων
3169 4950 3296 5019 εἴπῃ
3335 4948 3395 5001 rb
3442 4949 3800 5019 συναμφότε-

2218 5065 2331 5119 ρον,
2366 5049 2447 5100 ὅτι
2496 5046 2845 5114 ἐκστήσονται
2896 5044 2990 5095 καὶ
3045 5042 3123 5106 εἰς
3176 5040 3481 5109 ἀφανισμὸν
3526 5040 3796 5095 ἔσονταιο

2214 5140 2307 5191 καλ⁵
2345 5157 2361 5188 ι
2401 5140 2455 5190 ἐν
2482 5136 2715 5207 ἡμέραις
2740 5134 2832 5188 τοῦ
2862 5134 3080 5202 ἐλέγχου
3122 5152 3139 5184 ι
3169 5133 3316 5200 λέγει
3345 5133 3400 5185 δέ
3426 5134 3483 5185 ἐν
3504 5135 3571 5202 τῇ
3606 5133 3803 5203 ἐφόδῳ

2212 5231 2320 5284 τῶν
2366 5229 2659 5298 πολεμίων,
2707 5228 2775 5297 ἢν
2830 5226 3041 5291 ἐπάξει,
3067 5224 3164 5288 τὰς
3206 5224 3549 5295 παρανομίας
3601 5223 3803 5277 αὐτῶν

2214 5323 2449 5391 ἐλέγχων
2499 5320 2801 5390 προδήλως.
2867 5318 3254 5388 Ἐκστήσονται
3292 5313 3405 5380 οὖν,
3455 5317 3642 5383 φησιν,
3701 5318 3805 5368 ἐκο

2216 5414 2569 5483 πληττόμενοι
2606 5411 2705 5480 τῆς
2738 5410 2866 5480 περὶ
2892 5409 3089 5470 αὐτοὺς
3130 5405 3428 5477 μεταῦολῆς
3456 5406 3517 5457 τὸ
3564 5406 3802 5474 ἀθρόον,

2220 5506 2310 5573 ὑφ’
2344 5499 2409 5574 ἧς
2435 5504 2891 5573 ἀφανισθήσονται
2921 5499 3197 5561 παντελῶς
3218 5515 3233 5529 ·
3259 5497 3392 5568 ἐμοῦ
3426 5497 3553 5558 τούς
3580 5513 3640 5547 τε
3692 5513 3808 5551 πο-

2219 5596 2438 5667 λεμίους
2488 5595 2666 5657 αὐτοῖς
2713 5594 3029 5662 ἐπάγοντος,
3076 5591 3171 5644 καὶ
3214 5588 3312 5661 τὴν
3360 5586 3808 5657 ἐπιτελουμένην

1650 5758 1691 5788 ³⁸
1724 5753 2209 5820 ι’δυ1.ι.χχχγιι,ἳ.
