3994 6504
203 276 289 334 157
1234 282 1778 344 COMMENTARIUS
1809 287 1877 343 IN
1914 288 2116 346 OSEAE
2153 289 2301 345 CAP.
2336 287 2400 342 V.

3304 286 3406 347 158

200 395 313 464 mp‘
336 394 518 458 αὐτοῖς
548 393 859 464 ἐλέγχοντος
893 398 1262 469 παρανομίανσ
1294 401 1353 453 τὸ
1376 400 1433 453 δὲ
1460 400 1522 453 τὸ
1562 401 1736 453 κοινὸν

1842 405 2098 469 clamare,
2131 416 2184 459 et
2214 412 2375 459 noctu
2402 418 2588 459 coram
2624 404 2733 459 Deo
2760 403 2938 473 loqul;
2975 402 3067 459 sed
3099 402 3173 457 ait
3200 403 3403 473 potius,

199 484 324 539 κατά
349 486 607 553 διαίρεσιν
632 486 829 553 λέγειν,
852 486 1001 558 εὖροι
1027 489 1093 543 ἀν
1118 507 1203 553 τις
1234 493 1453 560 συνεχὲς
1478 492 1570 544 καὶ
1599 492 1746 562 παρὰ

197 576 262 645 τῷ
291 575 543 647 μακαρίῳ
576 576 738 628 Δαυῖδ
760 592 773 605 ·
808 576 882 639 ὡς
910 578 1037 631 ὅταν
1065 579 1199 652 λέγῃ
1220 596 1236 612 ο
1275 602 1293 632 ι
1347 581 1583 651 Ἡμέρας
1621 581 1747 633 ἐκέ-

198 666 381 735 κραξα,
400 667 493 719 καὶ
521 668 758 719 ὲννυκτὶ
788 669 1026 721 ἐναντίον
1054 686 1147 722 σου
1171 686 1184 699 ·
1213 690 1233 722 ι
1254 672 1352 723 ούκ
1369 673 1426 723 ὲν
1452 671 1632 741 ἡμέρα
1651 672 1747 741 μὲν

198 756 314 827 βοᾷν
348 756 539 824 λέγων,
595 759 653 810 ὲο
699 760 854 812 νυκτὶ
895 759 951 812 δὲ
1002 761 1243 813 ἐναντίον
1282 762 1613 830 φθέγγεσθαι
1651 762 1745 815 τοῦ

195 846 317 899 Θεοῦ
338 863 353 876 ο
388 848 502 900 ἀλλ’
538 849 623 901 ἵνα
651 849 805 920 εἴπῃ,
832 851 913 903 ὅτι
968 852 1207 923 Ἡμέρας
1251 853 1346 905 καὶ
1391 852 1581 915 νυκτὸς
1621 854 1744 907 ἐκέ-

195 936 358 1005 κραξα
386 938 626 991 ἐναντίον
654 956 746 992 σου
770 958 784 970 σ
818 940 960 993 κατὰ
1010 941 1268 1013 διαίρεσιν
1317 942 1492 995 τοίνυν
1536 937 1657 996 εἷπε
1682 943 1744 996 τὸ

194 1028 395 1079 κοινόνο
425 1027 565 1082 οὕτω
596 1030 870 1084 κάνταῦθα
892 1030 1039 1098 λέγει
1061 1032 1177 1091 τὸ,ι
1216 1030 1433 1100 Ἐξέστη
1466 1032 1738 1101 Βενιαμὶν,

205 1117 436 1188 Ἑφραῖμ
458 1121 870 1191 είςάφανισμὸν
900 1124 1134 1190 ἐγένετο·
1176 1142 1194 1174 ι
1225 1124 1310 1177 ἵνα
1342 1124 1469 1195 εἴπῃ
1491 1127 1573 1179 ὅτι
1602 1128 1741 1180 κατά

189 1208 361 1262 κοινοῦ
385 1210 677 1281 ἐξέστησαν
718 1230 777 1265 τε
835 1215 928 1266 καὶ
965 1216 1044 1277 είς
1084 1216 1388 1286 ἀφανισμὸν
1432 1217 1736 1285 γεγόνασιν.

192 1318 209 1349 ι
251 1300 343 1352 Ἐν
380 1302 497 1363 ταῖς
541 1301 731 1369 φυλαῖς
782 1303 996 1374 Ἰσραὴλ
1038 1305 1216 1372 ἔδειξα
1264 1308 1449 1360 πιστά.
1488 1327 1505 1358 ι
1543 1308 1617 1376 (p.
1646 1308 1736 1373 41)

1850 494 2089 549 Interdiu
2125 504 2396 561 noctuque
2414 494 2642 547 clamavi
2669 509 2849 548 coram
2874 501 2947 547 te.
2985 492 3124 562 Ergo
3155 508 3247 561 per
3272 492 3408 563 ﬁgu-

1848 598 1963 635 ram
1991 584 2281 638 diazreseos
2312 599 2422 637 rem
2445 598 2791 637 communem
2812 583 2971 637 dixit.
3004 583 3094 636 Sic
3118 582 3281 636 etiam
3306 582 3411 635 hoc

1846 673 1967 727 loco
1992 675 2095 728 ait:
2145 672 2477 743 «Obstupuit
2517 673 2825 741 Benjamin.
2876 673 3129 743 Ephraim
3168 672 3221 726 in
3253 670 3410 726 deso-

1848 765 2047 819 latione
2099 765 2227 831 fuit;
2274 785 2291 815 ι
2333 772 2391 818 ιιι
2423 765 2697 818 communi
2733 765 2837 833 27
2865 766 3125 818 ambobus
3172 763 3411 817 dictione

1845 856 2439 926 dicat,0bstupuerunt
2470 864 2523 909 et
2550 855 2776 910 desolati
2816 866 2960 910 sunt.
3018 874 3035 905 ι
3064 855 3121 910 In
3153 856 3410 910 tribubus

1846 947 2064 1002 lsraelis
2097 948 2308 1002 ostendi
2341 948 2537 1003 lidelia.
2561 967 2580 999 ι
2622 947 2745 1001 Haec
2778 947 3035 1000 nimirum
3068 948 3174 1001 illis
3210 946 3407 1013 impia-

1846 1053 1999 1107 gens,
2055 1039 2321 1092 minarum
2369 1054 2611 1093 mearum
2660 1039 2939 1092 veritatem
2991 1037 3408 1105 firmitatemque

1844 1129 2230 1197 comprobabo,
2268 1129 2467 1198 quibus
2506 1144 2537 1182 a
2568 1128 2955 1198 prophetarum
2986 1127 3265 1180 intentatis
3311 1124 3404 1181 isti

1843 1233 1952 1272 non
2018 1219 2413 1273 crediderunt:
2488 1219 2724 1274 sentient
2794 1227 2973 1271 autem
3034 1212 3409 1285 eXperimenlo

1839 1310 2015 1365 edocti
2068 1311 2249 1365 ﬁdelia
2296 1311 2481 1365 omnia
2526 1325 2590 1365 ac
2634 1310 2850 1365 veracia
2897 1309 3221 1377 fuissequae
3257 1306 3405 1360 dicta

187 1390 364 1444 Ταῦτα
392 1393 449 1445 δὲ
473 1393 692 1461 ἐπάγων
741 1396 940 1459 αὐτοῖς,
988 1396 1190 1464 ἐλέγξω
1213 1398 1320 1451 τῶν
1360 1398 1598 1451 ἀπειλῶν
1628 1399 1735 1451 τῶν
1833 1400 2071 1454 fuerant.

184 1482 328 1551 ἐμῶν
354 1483 416 1536 τὸ
438 1483 634 1554 ἀληθὲς
661 1488 755 1539 καὶ
783 1487 1016 1555 βέϐαιον,
1060 1485 1147 1553 αἷς
1184 1491 1273 1544 διά
1309 1492 1417 1546 τῶν
1467 1493 1758 1564 προφητῶν
1786 1496 2096 1565 γινομέναις
2144 1496 2438 1567 ἠπίστουνο
2470 1495 2816 1566 αἰσθήσονται
2877 1494 2932 1548 δὲ
2963 1494 3026 1546 ὲκ
3069 1492 3169 1561 τῆς
3211 1491 3409 1561 πείρας

183 1576 253 1628 ὅτι
290 1574 470 1628 πάντα
496 1571 564 1646 ἦν
592 1577 757 1630 πιστά
783 1595 840 1630 τε
864 1581 957 1632 καὶ
983 1581 1183 1653 ἀψευδῆ
1210 1581 1278 1635 τὰ
1305 1582 1588 1654 λεγόμενα.

242 1669 395 1738 Στίχ.
435 1668 589 1738 ι’-ιβ’.
619 1699 691 1712 -—
726 1691 744 1723 ι
792 1672 1063 1740 Ἐγένοντο
1089 1675 1139 1726 οἱ
1168 1676 1424 1745 ἄρχοντες
1464 1676 1630 1729 Ἰούδα
1656 1675 1730 1739 ὡς

1904 1674 2071 1729 Vsus.
2098 1675 2281 1730 10-12.
2299 1703 2369 1715 ——
2399 1694 2418 1727 ι
2439 1672 2587 1728 Facti
2613 1681 2741 1727 sunt
2768 1673 3045 1743 principes
3068 1671 3223 1726 Judaa
3244 1669 3407 1741 quasi

182 1761 555 1832 μετατιθέντες
600 1764 741 1833 ὅρια.
780 1782 799 1815 ι
834 1765 1041 1836 Ὥσπερ
1074 1765 1181 1837 γὰρ
1220 1769 1268 1819 oi
1295 1767 1363 1820 τὰ
1409 1770 1611 1838 σημεῖα
1641 1768 1738 1837 τῆς

177 1853 276 1907 τῶν
306 1854 500 1926 χωρῶν
530 1856 842 1927 διαιρέσεως
871 1858 1227 1930 ἀφαιροῦντες
1255 1860 1601 1930 λυμαίνονται
1626 1864 1739 1924 τοῖς

177 1946 267 2010 τῆς
302 1947 620 2012 δεσποτείας
650 1949 897 2013 δικαίοις,
928 1952 1099 2015 οὓτως
1128 1952 1303 2023 ὑμεῖς,
1340 1953 1496 2023 φησὶ,
1540 1953 1739 2023 πολλῆς

177 2039 340 2108 οὔσης
365 2037 681 2109 διαιρέσεως
720 2042 920 2111 μεταξὺ
957 2043 1089 2113 ἐμοῦ
1126 2060 1185 2095 τε
1219 2044 1443 2097 καὶτῶν
1485 2044 1735 2108 εἰδώλων,

178 2128 246 2197 τῷ
275 2130 581 2199 προσήκειν
623 2131 719 2200 μὲν
744 2132 867 2201 ἐμοὶ
891 2132 989 2203 τὴν
1034 2132 1169 2186 Θεοῦ
1200 2135 1364 2204 τιμήν
1396 2152 1454 2187 τε
1489 2136 1583 2188 καὶ
1622 2135 1739 2188 δνο-

181 2221 397 2287 μασίαν,
434 2220 735 2284 ἐκείνοιςσδὲ
760 2223 868 2274 οὐδ’
892 2221 1047 2287 ὅλως,
1067 2224 1284 2295 ἀρραγῆ
1312 2224 1493 2278 δίκαια
1524 2225 1736 2290 πολλοῖς

174 2327 229 2365 τε
264 2310 369 2365 καὶ
396 2312 659 2375 ποικίλοις
686 2312 985 2385 διῃρημένα
1019 2315 1259 2387 τρόποις,
1288 2316 1351 2368 τό
1395 2332 1459 2385 γε
1492 2316 1577 2386 ἐφ’
1606 2317 1733 2387 ὑμῖν

175 2400 470 2467 διελύσατε,
491 2402 590 2473 τὴν
608 2404 729 2473 ἐμοὶ
751 2403 1059 2475 προσοῦσαν
1078 2405 1371 2475 ὀνομασίαν
1386 2424 1443 2459 τε
1458 2409 1553 2460 καὶ
1574 2408 1738 2478 τιμὴν

175 2494 539 2565 περιάψαντες
564 2494 809 2557 ἐκείνοις.
842 2514 860 2547 ι
914 2495 1029 2549 Ἐπ’
1054 2498 1249 2560 αὐτοὺς
1279 2499 1456 2568 ἐκχεῶ
1482 2498 1557 2563 ὡς
1587 2499 1731 2569 ὕδωρ

173 2585 228 2637 τὸ
252 2584 488 2655 ὅρμημά
520 2602 641 2655 μου.
680 2604 699 2637 ι
732 2584 942 2656 Φοϐερᾷ
979 2587 1033 2654 γ’
1068 2582 1162 2639 οῦν
1203 2604 1308 2639 τινι
1352 2588 1625 2658 χρήσομαι
1668 2590 1733 2658 τῇ

174 2678 285 2729 κατ’
328 2676 514 2728 αὐτῶν
550 2678 693 2748 ὁρμῇ
718 2675 1127 2748 τετολμηκότων
1164 2676 1408 2741 τοιαῦτα,
1437 2676 1590 2748 δίκην
1621 2676 1738 2729 ὓδα-

171 2785 256 2829 τος
310 2766 615 2829 ἐπικλύσας
669 2768 863 2831 αὐτοὺς
914 2767 993 2837 τῷ
1037 2767 1229 2838 πλήθει
1277 2768 1386 2821 τῶν
1441 2768 1733 2837 πολεμίων.

176 2876 196 2909 ι
250 2858 762 2912 Κατεδυνάστευσεν
818 2858 1058 2929 Ἐφραῖμ
1104 2858 1196 2911 τὸν
1243 2858 1511 2911 ἀντίδικον
1549 2857 1734 2921 αὑτοῦ,

169 2948 519 3018 κατεπάτησε
547 2947 608 3000 τὸ
634 2950 827 3021 κρῖμα.
861 2967 880 3000 ι
927 2948 1128 3002 Οὐδένα
1156 2948 1311 3016 λόγον
1343 2946 1486 3019 εἶχον
1527 2948 1620 3002 τοῦ
1658 2949 1733 3001 διο

1838 1764 2102 1817 terminos
2145 1762 2595 1818 transferentes»
2646 1761 3113 1827 Quemadmodum
3159 1762 3258 1823 illi,
3308 1762 3402 1830 qui

1837 1854 2167 1909 divisionum
2201 1855 2254 1908 in
2291 1853 2501 1922 campis
2527 1853 2679 1923 signa
2707 1852 2983 1913 auferunt,
3033 1852 3260 1905 dominii
3289 1851 3400 1920 juri

1837 1953 2034 2000 nocent
2068 1962 2080 1998 :
2114 1945 2194 1999 sic
2232 1960 2349 2010 vos,
2379 1944 2578 2013 inquit,
2614 1960 2736 1999 cum
2784 1951 2933 1997 tanta
2963 1950 3109 1997 esset
3147 1943 3286 1995 inter
3318 1957 3405 1996 me

1836 2045 2001 2107 atque
2059 2037 2203 2091 idola
2256 2036 2625 2107 intercapedo,
2680 2043 2950 2105 quatenus
2995 2033 3127 2087 mihi
3176 2033 3405 2087 debetur

1837 2126 2011 2181 honor
2060 2134 2113 2181 et
2158 2142 2355 2182 nomen
2388 2128 2652 2190 divinum,
2713 2127 2821 2182 illis
2848 2140 2977 2180 vero
3021 2140 3404 2194 nequaquam;

1836 2216 1991 2272 ﬁrma
2045 2218 2194 2285 jura,
2236 2220 2531 2288 multisque
2578 2232 2642 2271 ac
2694 2218 2863 2273 variis
2894 2216 3151 2271 distincta
3204 2215 3401 2282 modis,

1834 2326 1933 2364 vos
1951 2309 2169 2379 quidem
2192 2326 2290 2379 pro
2306 2310 2448 2363 virili
2469 2316 2624 2380 parte
2640 2308 2989 2369 dissolvistis,
3011 2322 3204 2361 nomen
3226 2323 3401 2361 meum

1835 2399 2209 2470 honoremque
2252 2399 2412 2455 idolis
2443 2400 2805 2455 attribuendo.
2854 2418 2871 2451 ι
2896 2400 3068 2473 Super
3106 2416 3199 2457 eos
3229 2399 3404 2453 ell'un-

1836 2489 1960 2544 dam
2020 2491 2175 2559 quasi
2238 2506 2433 2561 aquam
2501 2492 2760 2561 impetum
2838 2509 3080 2550 meum.»
3147 2492 3403 2548 Terribili

1836 2581 2071 2650 quodam
2123 2582 2323 2651 impetu
2352 2582 2498 2636 ferar
2544 2582 2598 2634 in
2627 2596 2743 2646 eos,
2786 2583 2877 2650 qui
2926 2584 3048 2637 talia
3094 2593 3222 2637 sunt
3257 2583 3401 2645 ausi,

1836 2687 1988 2741 aqua:
2044 2672 2217 2726 instar
2264 2687 2360 2726 eos
2411 2671 2685 2726 inundans
2737 2673 3085 2727 multitudine
3138 2674 3399 2728 hostium.

1840 2764 2165 2833 «Oppressit
2214 2762 2541 2832 Ephraimus
2592 2764 2963 2818 adversarium
3021 2781 3201 2828 suum,
3270 2780 3402 2819 con-

1836 2853 2070 2907 culcavit
2116 2853 2406 2923 judicium.
2432 2873 2450 2905 ι
2496 2852 2708 2906 Nullam
2754 2854 2978 2922 justitim
3010 2855 3274 2908 rationem
3308 2855 3403 2906 ha-

1836 2944 2107 2999 buerunt:
2161 2945 2539 3015 unusquisque
2578 2960 2677 3013 pro
2722 2945 2929 2999 viribus
2976 2946 3082 2998 vim
3137 2945 3399 3013 injustam

168 3041 355 3091 καίου·
388 3010 617 3102 ἕκαστος
645 3010 703 3092 δὲ
730 3010 911 3103 καθὼς
956 3040 1135 3110 ἴσχυεν
1176 3010 1350 3109 ἠδίκει
1389 3010 1481 3093 τὸν
1525 3040 1729 3109 ἕτερον,

1838 3037 1989 3090 alteri
2020 3036 2225 3099 intulit,
2255 3010 2346 3106 jus
2369 3010 2757 3091 conculcantes
2785 3052 2849 3091 ac
2882 3052 2979 3106 pro
3008 3010 3399 3093 uihilohaben-

169 3131 546 3201 πεπατηκότες
569 3130 629 3183 τὺ
653 3130 876 3194 δίκαιον,
905 3133 998 3184 καὶ
1031 3132 1233 3202 μηδένα
1262 3134 1451 3185 τούτου
1476 3131 1731 3201 ποιούμε-

170 3241 244 3275 νοι
276 3224 472 3291 λόγον’
513 3223 589 3286 ὡς
644 3223 737 3277 καὶ
778 3226 806 3277 ὁ
849 3224 1050 3294 Κύριος
1094 3226 1153 3279 ὲν
1202 3228 1312 3288 τοῖς
1349 3223 1728 3292 Εὐαγγελίοιςο

1832 3136 1934 3182 tes.
1988 3126 2142 3181 Sicut
2182 3126 2440 3181 Dominus
2484 3127 2538 3180 in
2570 3126 2872 3196 Evangeliis
2906 3142 2919 3177 :
2973 3146 2991 3179 ι
3018 3128 3397 3197 Dereliquistis

1831 3218 2153 3273 cbaritatem
2179 3225 2233 3271 et
2253 3218 2515 3288 judicium
2538 3233 2601 3273 ac
2619 3218 3047 3271 misericordiam
3068 3220 3132 3284 ‘7;
3158 3238 3175 3271 ι
3212 3234 3310 3289 pro
3336 3234 3403 3272 eo

174 3333 191 3363 ι
225 3314 563 3367 Κατελίπετε
603 3313 701 3384 τὴν
754 3315 971 3384 ἀγάπην
1018 3316 1112 3368 καὶ
1145 3314 1242 3385 τὴν
1287 3316 1467 3385 κρίσιν
1500 3315 1594 3367 καὶ
1642 3314 1732 3366 τὸν

1838 3325 1897 3364 ac
1937 3310 2083 3363 dicat
2124 3328 2137 3363 :
2172 3309 2319 3362 Nihil
2370 3307 2525 3379 pensi
2582 3308 2793 3364 habetis
2828 3309 3184 3374 cliaritatem,
3240 3309 3402 3378 justi-

168 3404 309 3455 ἔλεον
339 3403 439 3472 (5).
476 3422 498 3453 ι
535 3404 612 3473 (p.
638 3402 729 3470 4‘2)
754 3403 867 3454 ’Ἰνα
892 3404 1041 3477 εἴπῃ,
1077 3404 1158 3456 ὅτι
1183 3404 1354 3473 Λόγον
1376 3403 1563 3456 οὐδένα
1584 3402 1733 3472 ἔχετε

1838 3404 1985 3466 tiam,
2024 3418 2087 3456 ac
2115 3402 2524 3471 benignitatem.
2558 3399 2693 3454 Nam
2718 3411 2769 3453 et
2798 3401 3166 3454 adversarium
3190 3400 3403 3454 videtur

166 3492 260 3561 τῆς
289 3492 517 3561 ἀγάπης
546 3491 760 3544 καὶ-τοῦ
791 3492 999 3546 δικαίου
1037 3496 1130 3546 καὶ
1154 3494 1255 3563 τῆς
1293 3494 1696 3565 φιλανθρωπίας
1715 3511 1730 3526 ο

1838 3496 2015 3551 dicere
2042 3495 2302 3549 Dominus
2332 3509 2431 3564 pro
2454 3509 2519 3548 eo
2542 3495 2631 3563 qui
2660 3495 2821 3548 laesus
2846 3494 2945 3546 fuit
2970 3512 2985 3560 ;
3019 3496 3197 3547 velut:
3233 3512 3250 3544 ι
3274 3492 3404 3547 Esto

162 3585 256 3637 καὶ
283 3586 557 3638 ἀντίδικον
584 3585 665 3647 δὲ,
703 3585 794 3640 τὸν
824 3586 1173 3658 ἀδικούμενον
1192 3588 1219 3639 ὁ
1246 3588 1448 3659 Κύριος
1486 3586 1732 3657 φαίνεται

1838 3588 2131 3643 benevolus
2167 3586 2479 3641 adversario
2510 3594 2602 3638 tuo
2631 3585 3003 3651 celeriter";i
3044 3594 3225 3638 monet
3254 3584 3404 3638 scili-

166 3676 342 3729 καλῶν
360 3694 377 3707 ο
397 3678 475 3739 ὠς
510 3676 626 3744 τὸ,ι
650 3676 787 3730 Ἰσθι
815 3678 1113 3749 εύνοῶνντῴ
1140 3679 1390 3748 ἀντιδίκῳ
1408 3696 1501 3732 σου
1516 3678 1652 3749 ταχύ
1669 3694 1681 3706 ·
1709 3697 1728 3730 ι

162 3771 267 3832 τοῖς
290 3769 540 3823 ἀδικοῦσι
560 3769 836 3840 παραινῶν
862 3770 1011 3841 πάσῃ
1038 3770 1261 3840 δυνάμει
1290 3772 1416 3833 τοὺς
1444 3769 1736 3839 ἀδικουμέ-

163 3875 282 3920 νους
315 3858 414 3910 ὑπ’
447 3856 625 3909 αὐτῶν
668 3855 1007 3926 θεραπεύειν.
1054 3877 1072 3909 ι
1114 3860 1235 3910 Ὅτι
1267 3858 1468 3929 ἡρξατο
1509 3857 1737 3928 πορεύε-

163 3947 288 4001 σθαι
316 3947 500 4001 ὀπίσω
540 3947 649 4000 τῶν
695 3948 954 4019 ματαίων.
996 3967 1015 4001 ι
1050 3948 1233 4002 Ταῦτα
1253 3948 1311 4001 δὲ
1355 3948 1736 4019 διεπράττοντο

162 4038 309 4101 ἐξότε
336 4038 473 4109 περὶ
507 4038 605 4110 τὴν
642 4039 749 4092 τῶν
771 4038 1000 4093 εἰδώλων
1033 4040 1384 4110 προσανέχειν
1411 4038 1614 4091 εἴλοντο
1646 4036 1735 4090 θε-

164 4130 421 4199 ραπείαν,
466 4130 562 4183 ἅτε
594 4130 796 4201 μηδένα
825 4130 932 4184 τῶν
988 4132 1166 4201 νόμων
1194 4131 1300 4184 τῶν
1342 4131 1491 4201 ἐμῶν
1520 4131 1615 4184 καὶ
1642 4128 1733 4182 τοῦ

159 4224 533 4292 προσήκοντος
561 4220 639 4274 ἔτι
662 4220 971 4292 ποιούμενοι
1000 4221 1177 4291 λόγον.
1220 4241 1237 4273 ι
1275 4223 1383 4275 Καὶ
1407 4220 1516 4290 ἐγὼ
1541 4222 1615 4285 ὡς
1641 4238 1737 4273 τα-

1835 3686 1921 3735 cet
1955 3678 2252 3733 offensores
2303 3686 2361 3730 ut
2409 3676 2634 3729 omnino
2680 3685 2948 3729 conentur
2998 3675 3097 3730 abs
3145 3690 3205 3731 se
3244 3675 3405 3729 laesos

1835 3769 2072 3838 placare.
2115 3787 2133 3818 ι
2159 3768 2295 3833 Quia
2323 3769 2489 3837 coepit
2522 3766 2676 3821 abire
2715 3777 2838 3835 post
2861 3781 3020 3821 vana.
3045 3786 3062 3816 ι
3099 3766 3177 3819 lta
3205 3765 3405 3834 quippe

1836 3873 1896 3912 se
1922 3857 2201 3927 gerebant,
2242 3872 2309 3910 ex
2350 3870 2460 3925 quo
2509 3855 2775 3909 idolorum
2812 3855 3185 3925 superstitioni
3218 3870 3278 3909 se
3306 3853 3403 3907 ad-

1836 3951 2113 4011 dixerunt,
2145 3949 2349 4002 omissa
2383 3948 2558 4016 legum
2604 3963 2844 4002 mearum
2872 3948 3239 4011 observantia,
3282 3962 3400 4000 om-

1836 4045 2003 4112 nique
2033 4042 2228 4097 ollicio.
2267 4059 2285 4091 ι
2315 4039 2379 4093 Et
2408 4054 2509 4107 ego
2535 4039 2688 4109 quasi
2720 4040 3067 4093 conturbatio
3086 4038 3402 4107 Ephraimo,

1836 4146 1890 4191 et
1918 4137 2028 4205 28
2051 4135 2205 4204 quasi
2238 4133 2492 4187 stimulus
2518 4129 2689 4189 Judm.
2712 4150 2730 4182 ι
2767 4131 2821 4184 In
2840 4129 3031 4202 grandi
3055 4145 3149 4185 eos
3168 4131 3402 4183 hostium

1838 4242 2005 4282 causa
2064 4224 2471 4296 perturbatione
2525 4223 2876 4282 constituam,
2938 4222 3065 4275 belli
3126 4220 3404 4275 doloribus

160 4314 299 4386 ραχὴ
326 4315 410 4383 τῷ
448 4314 706 4384 Ἐφραῖμ,
738 4316 831 4368 καὶ
860 4316 935 4377 ὡς
963 4315 1184 4385 κέντρον
1215 4315 1293 4384 τῷ
1320 4318 1451 4385 οἴκῳ
1490 4314 1677 4367 Ἰούδα.
1711 4332 1729 4363 ›

1839 4318 1994 4388 quasi
2029 4315 2177 4385 gravi
2220 4313 2442 4367 stimulo
2493 4312 2614 4365 illos
2642 4326 3036 4380 compungens.
3066 4309 3237 4363 Porro
3269 4310 3406 4365 satis

170 4403 259 4455 Ἐν
302 4402 482 4470 πολλῇ
523 4406 735 4474 ταραχῇ
765 4403 853 4456 διὰ
878 4405 984 4457 τῶν
1020 4404 1289 4473 πολεμίων
1324 4405 1521 4466 αὐτοὺς
1564 4419 1732 4455 κατα-

154 4490 371 4561 στήσω,
402 4490 593 4562 ὧσπερ
618 4494 723 4544 τινὶ
746 4493 903 4562 βαρεῖ
931 4493 1139 4564 κέντρῳ
1159 4496 1275 4557 ταῖς
1297 4492 1503 4547 ἐκεῖθεν
1521 4491 1733 4553 ὀδύναις

154 4582 421 4653 πλήττων
462 4584 691 4648 αὐτούς’
740 4584 962 4655 εὔδηλον
1000 4586 1107 4657 γὰρ
1155 4588 1235 4638 ὅτι
1280 4586 1399 4655 οὐχὶ
1426 4586 1487 4638 τὸ
1520 4585 1617 4654 μὲν
1657 4582 1735 4653 τῷ

168 4675 435 4745 Ἐφραῖμ,
489 4677 553 4729 τὸ
597 4678 649 4730 δὲ
699 4677 777 4747 τῷ
829 4678 999 4749 Ἰούδᾳ
1042 4678 1221 4746 λέγει·
1272 4678 1412 4731 κατά
1458 4675 1637 4731 κοινοῦ
1679 4676 1737 4729 δὲ

152 4767 500 4836 ἀμφοτέροις
532 4769 632 4837 τήν
658 4785 718 4820 τε
750 4770 991 4840 ταραχὴν
1022 4770 1257 4821 ἐποίσειν
1291 4770 1384 4821 καὶ
1423 4769 1483 4820 τὸ
1513 4768 1742 4837 κέντρον

150 4859 313 4927 φησὶ,
365 4858 547 4922 καθὼς
580 4861 671 4913 καὶ
711 4862 768 4913 ὲν
800 4864 909 4923 τοῖς
936 4862 1229 4933 ἀνωτέροις
1264 4861 1563 4930 ἐδείξαμεν.

219 4949 387 5021 Στίχ.
437 4958 616 5019 ιγ’-ιε’.
652 4984 718 4995 -
755 4972 773 5004 ι
816 4956 924 5007 Καὶ
952 4954 1110 5007 ⁴εῖδεν
1162 4954 1400 5023 Ἐφραῖμ
1446 4954 1541 5024 τὴν
1582 4955 1736 5008 νόσον

146 5038 348 5104 αὐτοῦ,
382 5042 474 5092 καὶ
516 5042 713 5105 Ἰούδας
742 5044 837 5113 τὴν
870 5044 1063 5115 ὀδύνην
1103 5044 1266 5095 αὑτοῦ
1288 5062 1300 5073 ·
1338 5044 1432 5097 καὶ
1464 5045 1735 5116 ἐπορεύθη

160 5129 418 5199 Ἐιξραῒμ
466 5133 599 5202 πρὸς
652 5134 988 5203 ’Λσσυρίους,
1024 5135 1117 5186 καὶ
1151 5133 1436 5186 ἀπέστειλε
1478 5133 1735 5203 πρέσϐεις

148 5220 293 5290 πρὸς
326 5219 556 5290 βασιλέα
608 5221 845 5292 Ἰαρείμο
895 5224 987 5275 καὶ
1031 5224 1189 5287 αὐτὸς
1223 5224 1322 5276 οὐκ
1363 5222 1599 5292 ἠδυνήθη
1641 5222 1735 5292 ῥύ-

150 5312 366 5365 σασθαι
413 5316 578 5382 ὑμᾶς.
629 5334 647 5365 ι
694 5316 825 5367 Τότε
877 5316 939 5386 δὴ
971 5315 1079 5367 τῶν
1123 5316 1337 5368 οἰκείων
1389 5313 1733 5385 αἰσθήσονται

213 5470 259 5499 ³⁷
299 5470 442 5524 Luc.
470 5487 544 5533 XI,
574 5472 666 5525 42.
729 5473 771 5504 "’
801 5473 986 5527 Matth.
1022 5490 1073 5539 v,
1098 5474 1186 5529 ΞΒ.

150 5687 159 5695 ο
220 5617 307 5683 (5)
354 5620 741 5695 animadverte
773 5624 1084 5695 praeclaram
1129 5625 1412 5678 lectionem
1439 5626 1605 5695 ἔλεον,
1645 5638 1734 5676 cu-

142 5690 239 5755 jus
274 5690 511 5757 vestigia
558 5692 686 5742 alibi
740 5708 845 5743 non
892 5694 1255 5755 inveniebam,
1283 5711 1351 5747 ne
1380 5696 1432 5747 in
1470 5693 1734 5746 Vaticano

155 5758 399 5827 quidem
432 5762 709 5830 pra-nobili
745 5762 903 5827 1209,
936 5779 1033 5817 nec
1067 5766 1119 5817 in
1144 5763 1390 5834 Vulgata.
1414 5764 1733 5818 l’rmclaram

1830 4416 2070 4473 constat,
2129 4404 2275 4475 quod
2328 4403 2472 4457 haud
2518 4404 2746 4455 alterum
2794 4401 2860 4455 de
2908 4400 3202 4470 Ephraimo
3236 4399 3403 4464 dicat,

1830 4504 2058 4557 alterum
2090 4498 2156 4552 de
2184 4496 2342 4559 Juda,
2381 4493 2473 4549 sed
2500 4508 2840 4547 communem
2867 4492 3137 4545 ambobus
3166 4490 3406 4543 minatur

1832 4590 2305 4649 conturbationem
2334 4602 2397 4639 ac
2422 4586 2723 4649 stimulum,
2780 4591 2837 4637 ut
2878 4584 2990 4653 jam
3023 4583 3077 4637 in
3117 4580 3406 4651 superiori-

1836 4684 1940 4738 bus
1976 4676 2494 4735 demonstravimus.

1917 4954 2075 5006 \'sns.
2116 4952 2303 5006 lS-lb‘.
2335 4980 2402 4990 —-
2439 4971 2456 5002 ι
2485 4950 2550 5004 Ει
2574 4951 2708 5005 vidit
2735 4949 3059 5018 Ephraimus
3090 4949 3405 5017 languorem

1838 5060 2018 5105 suum,
2051 5053 2102 5097 ct
2135 5043 2304 5097 Judas
2333 5043 2577 5096 dolorem
2609 5056 2788 5095 suum.
2820 5040 2884 5092 Et
2917 5040 3049 5093 abiit
3084 5038 3405 5107 Ephraimus

1835 5136 1900 5187 ad
1933 5134 2211 5204 Assyrios,
2258 5135 2513 5202 misitque
2566 5133 2769 5201 legatos
2797 5130 2863 5183 ad
2895 5145 3072 5197 regem
3123 5127 3316 5189 Jarim,
3357 5134 3404 5179 et

1842 5226 1957 5293 ipse
1988 5242 2094 5279 non
2138 5225 2309 5294 potuit
2338 5241 2531 5278 sanare
2576 5239 2688 5278 vos.
2718 5243 2735 5275 ι
2777 5221 2931 5275 Tunc
2960 5221 3237 5274 enimvero
3268 5217 3406 5270 mala

1842 5332 1939 5370 sua
1964 5318 2323 5385 persentient:
2357 5317 2472 5371 haec
2493 5317 2637 5371 enim
2662 5315 2894 5384 appellat
2914 5313 3226 5380 languorem
3249 5315 3404 5376 atquc

1841 5622 1973 5683 dixi,
2012 5621 2119 5673 imo
2159 5622 2449 5689 pretiosam
2486 5616 2768 5669 lectionem
2795 5654 2836 5693 ,.
2863 5613 2985 5690 quia
3046 5608 3402 5663 misericordia

1842 5699 2219 5758 argumentum
2253 5690 2570 5757 fructusque
2608 5698 2686 5739 est
2726 5690 2987 5745 caritatis,
3012 5698 3130 5751 qua:
3169 5691 3239 5736 mi
3270 5696 3401 5751 pra:-

1843 5764 2006 5816 cedit.
