3994 6522
575 296 681 347 ιτς

1806 294 2148 353 THEODORI
2188 297 2414 355 MOPSU
2424 298 2666 355 ESTENI

3704 302 3800 358 [60

574 407 854 461 dolorem:
891 419 1015 458 cum
1048 402 1297 459 videlicet
1330 403 1578 474 captivus
1606 404 1906 461 abducetur
1936 407 2003 460 ad
2032 406 2138 462 As-

2258 408 2457 462 ιακῶν·
2510 408 2666 461 τοῦτο
2706 406 2815 479 γὰρ
2864 407 3010 475 λέγει
3043 407 3197 461 νόσον
3229 408 3321 461 καὶ
3357 408 3574 480 όδύνηψ
3623 411 3699 463 ὅτ’
3737 416 3799 470 ἂν

578 497 756 567 syrios
790 495 1145 565 Ephraimus:
1180 496 1272 564 qui
1304 495 1371 549 ad
1414 494 1790 566 Egyptiorum
1815 498 2032 567 quidem
2067 513 2148 551 re-

578 604 698 657 gem
727 589 930 657 legatos
964 586 1208 649 miserat,
1254 586 1346 641 sed
1379 588 1582 640 nullam
1633 587 1758 643 inde
1783 604 1940 659 opem
1977 592 2142 660 impe-

582 686 844 733 traverat.
882 696 898 727 ι
929 677 993 730 Ει
1039 691 1147 730 non
1193 678 1408 733 desinet
1450 687 1627 733 vester
1654 679 1842 748 dolor;
1892 683 2147 751 quoniam

578 788 681 841 ego
713 770 869 840 quasi
899 770 1159 839 panthera
1203 770 1604 844 Ephraimoret
1635 773 1797 843 quasi
1848 774 1933 828 leo
1963 774 2148 828 domui

578 863 760 918 Judae:
791 876 892 931 ego
916 862 1123 931 rapiam
1147 870 1203 916 et
1224 863 1416 916 vadam
1444 871 1495 917 et
1526 863 1848 928 tollam,,nec
1874 865 1964 935 qui
1996 874 2151 919 eruat

578 954 705 1007 erit.
734 972 751 1004 ι
814 951 872 1007 1η
914 953 1193 1008 continuis
1242 955 1660 1023 perseverabitis
1704 956 1897 1021 malis;
1949 958 2149 1012 etenim

578 1052 839 1113 tauquam
870 1044 1131 1113 panthera
1164 1044 1358 1112 leoque
1388 1044 1540 1099 vobis
1566 1060 1682 1108 ero,
1715 1046 1883 1098 multa
1912 1062 2006 1100 vos
2026 1062 2149 1101 cum

580 1135 859 1189 celeritate
888 1136 1102 1204 rapiens
1129 1142 1183 1189 et
1204 1136 1479 1190 abducens
1511 1153 1605 1205 per
1626 1138 1862 1191 hostium
1894 1139 2153 1193 incursio-

582 1240 735 1289 uem;
786 1226 918 1295 quin
947 1240 1041 1279 vos
1071 1226 1268 1295 aliquis
1300 1226 1750 1282 incumbentibus
1789 1230 1947 1285 malis
1978 1231 2152 1300 possit

583 1316 922 1370 subtrahere.
952 1334 970 1367 ι
1000 1314 1089 1370 Ibo
1111 1327 1165 1370 et
1192 1325 1435 1371 revertar
1459 1316 1525 1369 ad
1555 1318 1730 1372 locum
1763 1334 1963 1381 meum,
1982 1321 2153 1376 donec

584 1405 918 1475 dispereant.
950 1425 969 1458 ι
1010 1407 1445 1462 Consentaneum
1489 1410 1779 1478 proposita:
1810 1410 2152 1467 similitudini

580 1497 690 1552 huc
718 1513 934 1568 quoque
970 1499 1134 1553 dicit:
1187 1500 1625 1570 quandoquidem
1671 1500 1908 1563 ferarum
1959 1503 2143 1574 hujus-

586 1588 728 1642 modi
774 1589 862 1642 hic
910 1603 1027 1643 mos
1070 1597 1176 1653 est,
1223 1601 1281 1644 ut
1322 1604 1446 1643 cum
1480 1591 1768 1645 velocitate
1814 1592 2049 1661 rapiant,
2102 1601 2156 1649 et

2248 498 2529 567 ἀπάγηται
2589 496 2685 566 μὲν
2742 496 3084 566 αἰχμάλωτος
3136 497 3217 559 είς
3263 497 3389 559 τοὺς
3452 497 3805 569 Ἀσσυρίουςό

2261 585 2521 655 Ἐφραίμ,
2567 586 2910 638 ἀποστέλλων
2939 586 2994 639 δὲ
3031 586 3288 657 πρέσϐεις
3315 586 3408 639 ἐπὶ
3451 587 3542 642 τὸν
3570 589 3681 640 τῶν
3718 590 3807 642 Ai-

2248 679 2492 747 γυπτίων
2532 677 2771 747 βασιλέα,
2808 677 2881 747 (p.
2910 678 3000 745 45)
3047 676 3181 747 μηδὲ
3230 676 3356 747 μίαν
3402 677 3608 731 ἐκεῖθεν
3654 680 3806 750 κομί-

2248 773 2408 842 ζηται
2458 771 2729 843 βοήθειαν.
2771 788 2790 819 ι
2846 769 2955 823 Καὶ
3006 769 3064 822 ού
3118 769 3190 839 μὴ
3232 769 3501 842 διαπαύσῃ
3552 770 3611 838 ἐξ
3656 773 3805 843 ὑμῶν

2248 862 2409 932 ὀδύνη
2430 878 2443 891 ο
2470 861 2602 914 διότι
2629 859 2737 928 ἐγώ
2771 861 2885 931 εἰμι
2915 860 2991 923 ὡς
3020 859 3233 929 πάνθηρ
3277 858 3354 928 τῷ
3407 860 3677 931 Ἕφραῖμ,
3718 864 3810 917 καὶ

2251 952 2326 1015 ὡς
2353 950 2490 1005 λέων
2520 953 2576 1003 ἐν
2619 950 2696 1020 τῷ
2744 948 2878 1018 οίκῳ
2920 948 3119 1001 Ἰούδα·
3154 948 3247 1000 καὶ
3274 947 3384 1015 ἐγὼ
3425 950 3688 1020 ἀρπῶμαι
3719 952 3811 1003 καὶ

2252 1040 2589 1113 πορεύσομαι
2628 1040 2721 1093 καὶ
2749 1039 3006 1109 λήψομαι,
3039 1037 3132 1092 καὶ
3176 1039 3275 1091 οὐκ
3306 1038 3456 1091 ἔσται
3498 1040 3527 1091 ὁ
3570 1040 3812 1110 ἐξαιρού-

2255 1150 2435 1203 μενος.
2476 1151 2496 1184 ι
2547 1130 2636 1185 Ἐν
2675 1132 2971 1193 ἀπαύστοις
3012 1132 3222 1200 μενεῖτε
3260 1134 3468 1194 κακοῖς,
3505 1133 3691 1201 ἐπειδὴ
3742 1133 3813 1196 ὡς

2251 1225 2318 1278 ἂν
2412 1224 2625 1295 πάνθηρ
2658 1241 2718 1276 τε
2747 1223 2838 1276 καὶ
2867 1222 3002 1276 λέων
3030 1223 3156 1291 ὑμῖν
3193 1222 3406 1291 ἔσομαι,
3445 1224 3582 1292 μετά
3617 1224 3814 1293 πολλῆς

2253 1316 2396 1385 ὑμᾶς
2426 1314 2528 1385 τῆς
2555 1315 2810 1385 ὀξύτητος
2834 1314 3093 1384 ἁρπάζων
3111 1331 3171 1366 τε
3206 1316 3300 1367 καὶ
3332 1316 3557 1382 ἀπάγων
3601 1315 3690 1368 διὰ
3714 1317 3814 1384 τῆς

2250 1408 2359 1460 τῶν
2400 1407 2672 1477 πολεμίων
2714 1406 2931 1475 ἐφόδουο
2993 1405 3202 1468 οὐδενὸς
3258 1406 3618 1459 ἀπαλλάττειν
3671 1407 3814 1476 ὑμᾶς

2252 1499 2361 1552 τῶν
2386 1498 2747 1568 ἐπικειμένων
2775 1497 2958 1551 κακῶν
2988 1497 3100 1550 οἴου
3133 1514 3191 1549 τε
3218 1496 3387 1559 ὄντος.
3419 1515 3437 1547 ι
3478 1498 3816 1569 Πορεύσομαι

2252 1592 2348 1644 καὶ
2380 1589 2690 1661 ἐπιστρέψω
2741 1590 2818 1652 εἰς
2867 1589 2957 1641 τὸν
2993 1589 3157 1641 τόπον
3206 1605 3327 1658 μου,
3376 1588 3482 1650 ἓως
3513 1584 3574 1641 οὗ
3622 1590 3817 1657 ἀφανι-

584 1683 729 1753 quod
765 1682 1067 1738 occurrerit
1094 1682 1377 1750 auferant;
1408 1698 1534 1738 mox
1561 1683 1627 1739 ad
1656 1684 1970 1753 speluncam
2001 1701 2151 1741 suam

2258 1678 2443 1731 σθῶσι.
2481 1696 2501 1730 ι
2550 1670 2878 1739 Ἀκολούθῶς
2924 1679 2991 1747 τῇ
3042 1676 3210 1729 εἰκόνι
3255 1679 3320 1747 τῇ
3358 1677 3694 1749 προκειμένῃ
3728 1678 3818 1731 καὶ

584 1776 801 1839 abeant,
839 1774 1022 1844 ibique
1048 1775 1308 1832 devorent
1332 1774 1568 1843 praedam
1606 1784 1766 1845 atque
1807 1785 2153 1830 consumant.

2254 1768 2409 1823 τοῦτο
2438 1769 2748 1840 ἐπήγαγενο
2783 1766 2967 1838 ἐπειδὴ
3004 1765 3113 1819 τῶν
3156 1766 3406 1820 τοιούτων
3447 1767 3652 1839 θηρίων
3682 1768 3809 1822 ῐόιόν

582 1865 726 1936 Ergo
776 1866 844 1921 ad
890 1842 1211 1936 pantheram
1241 1874 1296 1921 et
1334 1842 1546 1921 leonem
1584 1842 1698 1921 haec
1726 1882 1945 1936 quoque
1986 1869 2153 1922 verba

2258 1862 2365 1913 ἐστι
2401 1859 2537 1931 μετά
2576 1859 2832 1930 ὀξύτητος
2870 1858 2967 1928 μὲν
3000 1842 3261 1930 ἁρπάζειν
3310 1877 3368 1912 τε
3416 1861 3508 1913 καὶ
3549 1862 3809 1931 ἀφαιρεῖν

586 1959 805 2021 retulit,
855 1972 953 2027 pro
980 1973 1044 2013 eo
1078 1967 1135 2011 ut
1161 1957 1397 2013 diceret:
1450 1956 1743 2028 Postquam
1777 1973 1875 2013 vos
1914 1958 2152 2012 hostium

592 2065 758 2104 manu
798 2049 1071 2118 przedatus
1102 2048 1276 2113 fuero,
1325 2057 1379 2104 et
1411 2049 1651 2118 captivos
1692 2048 1892 2113 fecero,
1944 2055 2153 2104 mecum

585 2139 705 2211 ipse
754 2141 1032 2203 habitabo.
1088 2156 1265 2210 neque
1309 2140 1375 2194 ad
1426 2148 1629 2210 gestam
1675 2156 1789 2196 rem
1834 2142 2150 2211 respiciam,

584 2233 847 2301 nulloque
874 2232 1038 2286 modo
1063 2233 1217 2288 vobis
1238 2232 1565 2303 cpitulabor,
1599 2232 1773 2288 donec
1814 2233 1883 2288 ab
1926 2249 2152 2305 oppres-

588 2321 808 2377 soribus
825 2322 1024 2376 vestris
1043 2337 1357 2391 supremum
1380 2322 1601 2375 exitium
1623 2322 1922 2391 patiamini.
1962 2342 1981 2375 ι
2005 2322 2155 2378 Tunc

587 2410 804 2465 demum
831 2420 1233 2477 convertentur,
1270 2419 1324 2465 et
1356 2411 1549 2467 faciem
1597 2427 1772 2468 meam
1804 2413 2105 2483 requirent.
2130 2433 2150 2465 ι

2250 1952 2311 2005 τὸ
2358 1950 2713 2024 προσπίπτον,
2748 1950 2966 2003 ἀπιέναι
2995 1948 3051 2002 δὲ
3081 1949 3173 2001 ἐπὶ
3202 1949 3299 2020 τὴν
3334 1950 3572 2022 μάνδραν
3613 1952 3723 2021 τὴν
3744 1955 3817 2005 οξ.

2252 2044 2426 2108 κείαν,
2458 2038 2575 2096 εἶτα
2604 2042 2788 2095 αὐτόθι
2818 2041 3119 2094 κατεσθίειν
3158 2059 3217 2094 τε
3262 2044 3354 2095 καὶ
3392 2043 3813 2097 καταναλίσκειν

2252 2133 2313 2186 τὸ
2339 2132 2537 2204 ληφθέν
2556 2149 2568 2162 ·
2595 2132 2729 2197 πρὸς
2768 2127 2860 2185 οὖν
2884 2133 2944 2185 τὸ
2973 2134 3048 2195 ὼς
3089 2131 3300 2203 πάνθηρ
3358 2133 3452 2185 καὶ
3498 2133 3636 2186 λέων
3656 2174 3671 2198 ,
3714 2135 3817 2187 ἀπα

2246 2223 2418 2277 έδωκε
2467 2223 2559 2276 καὶ
2584 2222 2740 2276 τοῦτο
2761 2240 2774 2252 ·
2810 2222 2929 2275 ἀντὶ
2959 2223 3073 2289 τοῦ,
3116 2224 3394 2295 ’Δρπάσας
3424 2224 3567 2294 ὑμᾶς
3584 2224 3675 2276 διὰ
3706 2225 3815 2277 τῶν

2251 2316 2543 2386 πολεμίων,
2572 2316 2665 2370 καὶ
2692 2315 3066 2386 αἰχμαλώτους
3097 2317 3460 2387 καταστήσας,
3495 2318 3615 2371 κατ’
3647 2320 3813 2386 ἐμαυι-

2252 2413 2343 2467 τὸν
2369 2412 2582 2482 ἔσομαι,
2624 2411 2722 2465 οὐκ
2766 2411 3220 2483 ἐπιστρεφόμενος
3270 2412 3405 2482 πρὸς
3432 2411 3499 2465 τὰ
3528 2412 3818 2480 γινόμενα,

588 2503 745 2559 Tunc
766 2520 897 2560 sane
922 2514 977 2561 et
1000 2505 1077 2559 illi
1100 2504 1485 2574 resipiscentes
1508 2519 1663 2574 opem
1713 2520 1885 2560 meam
1910 2505 2153 2576 implora-

2258 2505 2377 2558 οὐδέ
2410 2520 2532 2557 τινα
2578 2503 2756 2573 νέμων
2806 2503 2933 2573 ύμῖν
2977 2501 3241 2571 βοήθειαν,
3282 2502 3409 2574 ἄχρι
3456 2502 3523 2555 ἂν
3566 2504 3673 2556 ὑπὸ
3718 2504 3821 2555 τῶν

590 2590 748 2646 bunL

2256 2595 2592 2666 κατεχόντων
2612 2592 2849 2661 παντελῆ
2873 2593 2970 2662 τὴν
2995 2591 3265 2645 ἀπώλειαν
3287 2592 3637 2663 ὑπομείνητε.
3668 2612 3688 2643 ι
3719 2594 3828 2646 Καὶ

586 2684 972 2755 ἐπιστρέφουσι
1018 2686 1112 2740 καὶ
1156 2685 1448 2757 ζητήσουσι
1494 2686 1555 2739 τὸ
1604 2686 1892 2758 πρόσωπόν
1940 2704 2058 2758 μου.
2125 2707 2143 2740 ι
2203 2688 2337 2741 Τότε
2399 2686 2509 2758 γὰρ
2563 2685 2626 2756 δὴ
2673 2686 2915 2739 κάκεῖνοι
2966 2682 3393 2755 μεταϐαλόμενοι
3432 2685 3531 2754 τῆς
3576 2684 3826 2755 βοηθείας

585 2776 866 2848 δεήσονται
904 2780 1001 2849 τῆς
1034 2779 1194 2852 ἐμῆς.

1238 2867 1389 2921 CAP.
1420 2866 1509 2920 Vl.

656 2959 765 3030 39
797 2957 963 3013 Vsus.
984 2960 1089 3014 1-3.
1117 2989 1187 2999 --
1220 2978 1237 3010 ι
1261 2960 1319 3013 ln
1343 2959 1694 3015 tribulatione
1720 2974 1818 3015 sua
1844 2974 1999 3013 mane
2026 2959 2153 3029 vigi-

588 3048 779 3101 labuut
808 3047 874 3100 ad
909 3063 995 3102 me
1032 3048 1275 3102 dicentes
1310 3063 1324 3099 :
1375 3045 1730 3101 Revertantur
1760 3046 1828 3100 ad
1866 3047 2150 3101 Dominum

590 3135 760 3191 Deum
786 3145 1070 3202 nostrum;
1100 3136 1229 3206 quia
1257 3137 1373 3205 ipse
1392 3137 1683 3206 percussit,
1703 3145 1760 3192 et
1778 3136 1993 3192 sanabit
2022 3152 2145 3203 nos;

589 3228 921 3289 vulneravit,
957 3235 1013 3281 et
1040 3226 1345 3281 medebitur
1381 3228 1540 3283 nobis
1565 3248 1579 3283 :
1612 3242 1777 3282 sanos
1808 3243 1911 3283 nos
1938 3236 2157 3298 praesta-

590 3318 670 3372 bit
697 3326 817 3386 post
836 3317 1082 3381 biduum,
1117 3318 1274 3373 tertia
1298 3318 1387 3373 die
1405 3334 1774 3389 resurgemus,
1799 3320 2157 3391 vivemusque

590 3423 774 3463 coram
806 3409 919 3474 illo,
960 3419 1014 3463 et
1035 3410 1293 3465 sciemus.
1316 3430 1335 3461 ι
1369 3408 1597 3480 Propter
1624 3410 2000 3467 incumbentes
2022 3413 2155 3482 ipsis

589 3500 970 3555 trihulationes
1002 3501 1170 3554 multa
1211 3515 1336 3553 cum
1371 3501 1650 3555 celeritate
1684 3501 1749 3555 ad
1784 3517 1869 3556 me
1898 3511 2154 3571 current;

592 3605 918 3660 magnopere
937 3591 1293 3654 conﬁdentes,
1324 3591 1439 3647 fore
1463 3601 1522 3645 ut
1544 3592 1635 3661 qui
1659 3608 1752 3647 eos
1770 3594 2154 3662 percusserim,

591 3682 796 3750 pariter
831 3684 1054 3737 omnino
1104 3698 1325 3746 sanem,
1370 3690 1423 3736 et
1467 3684 1702 3752 acceptis
1743 3684 2156 3740 convenientem

589 3772 912 3827 vulneribus
956 3773 1277 3829 medicinam
1334 3773 1553 3837 faciam,
1608 3775 1717 3828 cito
1770 3775 2058 3829 admodum
2103 3784 2158 3829 et

588 3864 839 3932 expedite
891 3878 981 3918 res
1026 3879 1216 3918 eorum
1267 3864 1622 3935 prosperitati
1677 3865 1990 3921 restituens.
2044 3864 2157 3919 Hoc

588 3954 735 4007 enim
771 3954 1031 4009 denotant
1070 3956 1271 4010 verba:
1304 3976 1323 4008 ι
1357 3955 1585 4011 Sanabit
1614 3972 1714 4012 nos
1750 3966 1874 4028 post
1912 3958 2155 4023 biduum,

588 4051 643 4096 et
680 4044 840 4096 tertia
874 4044 962 4099 die
984 4061 1349 4116 resurgemus.
1386 4066 1405 4099 ι
1444 4046 1575 4100 Tam
1605 4048 1776 4113 brevi,
1815 4049 2012 4119 inquit,
2058 4064 2157 4104 nos

590 4134 826 4199 sanabit,
874 4147 934 4190 ut
978 4137 1045 4191 ad
1080 4154 1354 4193 summum
1390 4139 1553 4194 biduo
1592 4141 1672 4194 vel
1713 4140 1893 4194 triduo
1924 4142 1976 4194 in
2010 4141 2156 4194 anti-

588 4241 751 4295 quam
784 4242 880 4308 nos
906 4238 1132 4297 reponat
1148 4232 1528 4286 valetudinem.
1554 4231 1723 4286 Dictio
1746 4248 1873 4287 vero
1904 4252 1921 4283 ι
1943 4231 2009 4285 Ει
2026 4233 2161 4287 εείθο

590 4330 714 4371 mus
736 4337 753 4367 ι
788 4319 1007 4387 ponitur
1036 4337 1156 4390 pro,
1185 4321 1404 4377 Meliore
1435 4325 1745 4379 conditione
1773 4325 1999 4379 erimus.
2031 4323 2158 4381 Vel-

2892 2863 3048 2916 ΚΕΦ.
3104 2863 3193 2928 ς’.

2328 2956 2476 3027 Στίχ.
2520 2958 2670 3023 αὀγ’,
2724 2972 2743 3006 ι
2809 2954 2897 3006 Ἐν
2948 2951 3123 3020 θλίψει
3175 2952 3355 3004 αὐτῶν
3408 2951 3827 3022 προσορθριοῦσι

2258 3049 2391 3119 πρός
2440 3064 2508 3117 με
2539 3045 2817 3114 λέγοντες·
2858 3042 3221 3114 Πορευθῶμεν
3269 3042 3362 3097 καὶ
3404 3043 3827 3114 ἐπιστρέψωμεν

2253 3141 2389 3212 πρὸς
2404 3140 2499 3192 τὸν
2530 3138 2734 3207 Κύριον
2752 3135 2848 3189 τόν
2876 3135 3006 3188 Θεὸν
3045 3135 3222 3205 ἡμῶν,
3253 3135 3336 3188 ὅτι
3365 3134 3523 3197 αὐτὸς
3556 3135 3825 3188 πέπαικεν

2255 3230 2349 3283 καὶ
2386 3228 2597 3281 ίάσεται
2623 3227 2789 3296 ἡμᾶς,
2830 3223 3059 3288 πατάξει
3096 3223 3190 3276 καὶ
3243 3222 3571 3294 μοτὼσεται·
3613 3224 3696 3294 (p.
3735 3224 3826 3294 44)

2256 3321 2468 3390 ύγιάσει
2494 3321 2641 3392 ἡμᾶς
2672 3317 2807 3389 μετά
2824 3316 2917 3371 δύο
2937 3317 3170 3388 ἡμέρας,
3196 3317 3254 3369 ἐν
3278 3319 3342 3387 τῇ
3371 3318 3640 3388 ἡμέρᾳστῇ
3667 3316 3831 3388 τρίτη

2254 3410 2697 3482 ἀναστησόμεθα,
2740 3410 2833 3463 καὶ
2876 3408 3154 3481 ζησόμεθα
3209 3409 3449 3463 ἐναντίον
3497 3408 3700 3474 αὑτοῦ,
3738 3412 3833 3461 κα)⁵

2254 3502 2592 3574 γνωσόμεθα.
2625 3521 2643 3553 ι
2675 3501 2811 3555 ’Υπὸ
2832 3499 2939 3570 γὰρ
2967 3500 3076 3553 τῶν
3107 3499 3467 3569 ἐπικειμένων
3501 3500 3691 3561 αὐτοῖς
3719 3499 3831 3551 θλί-

2254 3597 2400 3666 ψεων
2426 3596 2563 3667 μετὰ
2591 3595 2790 3665 πολλῆς
2821 3596 3150 3665 ὁρμήσουσιν
3177 3595 3264 3648 ἐπ’
3290 3595 3390 3663 ἐμὲ
3413 3593 3512 3662 τῆς
3535 3591 3831 3662 egomt-0;.

2257 3686 2461 3758 σφόδρα
2494 3704 2557 3755 γε
2590 3684 2919 3757 θαρροῦντες
2966 3684 3047 3737 ὅτι
3094 3684 3341 3749 πατάξας
3372 3684 3569 3745 αὐτοὺς
3603 3682 3702 3734 καὶ
3748 3682 3831 3734 ἰά-

2261 3795 2424 3847 σομαι
2455 3777 2693 3839 πάντως,
2728 3774 3027 3845 θεραπείαν
3069 3790 3129 3825 τε
3165 3772 3350 3836 ἐπάξω
3388 3773 3501 3834 τοῖς
3548 3770 3834 3838 συμϐεϐη-

2256 3869 2410 3921 κόσιν
2436 3868 2621 3930 αὐτοῖς
2650 3863 2983 3935 κατάλληλον
3007 3863 3303 3935 τραύμασι,
3338 3862 3475 3932 μετά
3506 3860 3713 3931 πολλῆς
3736 3861 3835 3928 τῆς

2256 3958 2512 4029 ὀξύτητος
2534 3960 2626 4012 καὶ
2646 3958 2745 4029 τῆς
2763 3956 3064 4027 εύμαρείας
3090 3956 3168 4017 είς
3195 3953 3479 4024 διόρθωσιν
3510 3952 3661 4021 ἄγων
3693 3969 3835 4004 παν-

2254 4050 2387 4121 τελῆ
2414 4050 2483 4104 τὰ
2511 4052 2629 4103 κατ’
2659 4048 2852 4112 αύτούς
2874 4065 2889 4080 ο
2917 4047 3076 4101 τοῦτο
3113 4046 3219 4117 γὰρ
3243 4045 3390 4113 λέγει
3408 4046 3491 4109 τὸ,
3519 4064 3541 4096 ι
3583 4044 3836 4112 ’Υγιάσει

2256 4143 2407 4213 ἡμᾶς
2475 4140 2614 4212 μετά
2666 4140 2758 4193 δύο
2807 4140 3054 4210 ἡμέρας.
3108 4140 3165 4190 ὲν
3217 4140 3283 4209 τῇ
3330 4137 3513 4209 ἡμέρᾳ
3563 4140 3629 4207 τῇ
3673 4136 3836 4207 τρίτη

2258 4231 2706 4302 ἀναστησόμεθαο
2750 4251 2769 4282 ι
2807 4230 2978 4293 οὕτως
3016 4228 3124 4300 γὰρ
3153 4230 3320 4299 ἡμᾶς,
3346 4231 3496 4298 φησὶ,
3550 4230 3836 4299 συντόμως

2263 4324 2490 4383 ἰάσεται.
2550 4323 2692 4376 ὥστε
2730 4324 2789 4375 ἐν
2832 4321 2925 4375 δύο
2974 4322 3067 4374 καὶ
3112 4321 3291 4391 τρισὶν
3331 4320 3567 4391 ἡμέραις
3609 4320 3676 4372 τὸ
3729 4322 3836 4390 μή-

591 4410 672 4462 uti
701 4411 827 4465 illud
855 4428 867 4462 :
900 4430 919 4464 ι
952 4412 1118 4469 Notas
1139 4414 1269 4468 mihi
1296 4415 1473 4470 fecisti
1503 4417 1620 4472 vias
1646 4418 1877 4481 vitae",i
1915 4417 1965 4471 id
1984 4417 2151 4482 est,In

2260 4430 2459 4477 xtcrov,
2511 4414 2591 4475 εἰς
2634 4410 2731 4482 τὴν
2753 4410 2984 4464 παλαιὰν
3018 4413 3163 4481 ἡμᾶς
3184 4409 3641 4478 ἀποκαταστῆναι
3667 4408 3837 4461 πάλιν

590 4502 701 4554 vita
726 4518 811 4557 me
831 4506 1181 4561 constituisti.
1210 4527 1227 4558 ι
1250 4508 1665 4579 Persequamur,
1686 4519 1745 4562 ut
1766 4524 2153 4579 cognoscamus

2258 4502 2559 4574 εὐπραγίαν
2577 4518 2591 4532 ο
2617 4501 2677 4554 τὸ
2704 4500 2781 4567 δὲ,
2815 4519 2835 4552 ι
2869 4502 2978 4553 Καὶ
3000 4500 3335 4570 γνωσόμεθα,
3365 4518 3383 4550 ι
3412 4499 3532 4552 ἀντὶ
3554 4496 3649 4551 τοῦ
3672 4539 3687 4561 ,
3743 4498 3837 4551 Ἐν

593 4590 901 4648 Dominum.
924 4615 943 4647 ι
984 4596 1239 4654 Studiose
1269 4600 1555 4653 scientiam
1587 4600 1713 4669 ejus
1746 4601 2155 4670 conquiramus.

597 4682 805 4750 «Quasi
875 4696 1121 4755 paratum
1188 4690 1485 4745 diluculum
1552 4692 1892 4747 inveniemus
1950 4688 2151 4746 cum.»

591 4776 935 4844 Adjutorium
1004 4780 1128 4849 ejus
1184 4783 1567 4837 nanciscemur
1626 4786 1784 4853 quasi
1836 4783 2157 4847 diluculum,

592 4867 754 4936 quasi
780 4869 1032 4923 nimirum
1061 4886 1091 4925 e
1117 4874 1355 4929 tenebris
1378 4890 1465 4928 res
1490 4884 1687 4929 nostra:
1710 4875 1762 4927 in
1781 4874 1954 4929 lucem
1981 4882 2159 4929 trans-

592 4954 859 5010 ferantur.
914 4956 1256 5030 «Venietque
1303 4963 1367 5018 ad
1414 4977 1515 5017 nos
1563 4964 1719 5032 quasi
1764 4964 1937 5018 imber
1976 4964 2155 5019 telluri

590 5050 892 5105 matutinus
921 5060 1014 5106 aut
1043 5054 1337 5110 serotiuus.
1361 5074 1380 5107 ι
1441 5054 1672 5110 Uberem
1714 5056 1969 5126 praebebit
1996 5057 2159 5110 bono-

591 5152 713 5191 rum
735 5139 1100 5210 Iargitionem,
1129 5144 1294 5198 veluti
1319 5144 1385 5200 de
1406 5154 1548 5200 terra
1574 5145 1786 5201 fructus
1810 5145 2154 5215 proveniunt.

588 5244 711 5297 quae
744 5233 893 5285 omni
929 5243 1169 5303 tempore
1204 5234 1456 5290 idoneum
1482 5236 1709 5291 imbrem
1739 5236 2056 5291 obtinuerit.

2254 4593 2547 4648 ἀπολαύσει
2564 4594 2671 4646 τῶν
2694 4590 3017 4663 κρειττόνων
3047 4591 3314 4662 ἐσόμεθα·
3347 4591 3423 4653 ὡς
3460 4590 3541 4655 τὸ,
3567 4609 3588 4641 ι
3628 4588 3840 4658 Ἐγνώ-

2260 4689 2412 4758 ρισάς
2463 4703 2551 4756 μοι
2606 4684 2757 4747 ὀδοὺς
2794 4683 2959 4753 ζωῆς,
2999 4702 3019 4735 ι
3045 4683 3164 4737 ἀντὶ
3206 4681 3323 4742 τοῦ,
3370 4682 3457 4735 Ἐν
3510 4680 3592 4751 τῷ
3622 4679 3730 4751 ζῇν
3768 4696 3841 4751 με

2256 4779 2615 4846 κατέστησας.
2669 4794 2686 4827 ι
2741 4775 3010 4845 Διώξομεν
3039 4774 3132 4828 τοῦ
3169 4773 3370 4842 γνῶναι
3402 4773 3493 4827 τὸν
3534 4771 3773 4843 Κύριον.
3810 4790 3829 4823 ο

2262 4870 2417 4927 Μετὰ
2470 4868 2701 4937 σπουδῆς
2745 4867 2907 4921 αὐτοῦ
2949 4867 3049 4937 τῆς
3077 4866 3328 4935 γνώσεως
3357 4864 3840 4935 ἐπιμελησόμεθα.

2268 4982 2287 5013 ι
2359 4963 2447 5025 Ὠς
2489 4960 2682 5033 ὄρθρον
2737 4961 2949 5030 ἕτοιμον
3012 4959 3313 5029 εὑρήσομεν
3354 4956 3534 5009 αὐτόν.
3584 4975 3603 5007 ι
3636 4955 3846 5019 Τευξόο

2267 5051 2405 5123 μεθα
2428 5051 2539 5122 γὰρ
2582 5048 2747 5104 αὑτοῦ
2783 5052 2881 5122 τῆς
2917 5048 3166 5120 βοηθείας
3207 5047 3363 5119 δίκην
3393 5047 3613 5119 ὄρθρου,
3658 5046 3743 5110 ὤς
3774 5046 3844 5098 ἂν

2261 5145 2327 5195 ἐκ
2360 5143 2582 5205 σκότους
2607 5144 2687 5205 είς
2720 5140 2835 5210 φῶς
2865 5138 3233 5211 μεταϐαλόντα
3261 5138 3332 5189 τὰ
3358 5136 3621 5208 ἡμέτερα.
3660 5155 3679 5186 ι
3725 5136 3847 5189 Καὶ

2256 5234 2375 5305 ἥξει
2422 5236 2554 5305 ἡμῖν
2607 5233 2683 5298 ὡς
2731 5232 2881 5294 ὑετὸς
2922 5229 3168 5301 πρώῖμος
3218 5231 3285 5299 τῇ
3334 5230 3425 5297 γῇ.
3480 5245 3501 5278 ι
3560 5226 3848 5293 ’Δφθονον

589 5321 815 5392 παρέξει
833 5322 943 5377 τῶν
964 5326 1185 5393 ἀγαθῶν
1210 5327 1306 5399 τὴν
1342 5328 1621 5400 χορηγίαν,
1656 5328 1812 5399 δίκην
1853 5328 1959 5381 τῶν
1998 5329 2063 5380 ἐκ
2100 5326 2205 5397 γῆς
2249 5326 2645 5396 ἀναδιδομένων
2687 5321 2949 5395 καρπῶν¹,
2996 5322 3070 5375 ὅτ’
3120 5320 3187 5374 ἂν
3234 5319 3373 5373 κατά
3420 5318 3597 5371 πάντα
3641 5318 3854 5387 καιρὸν

590 5413 891 5483 ἐπιτηδείου
925 5417 1166 5490 τυγχάνῃ
1196 5419 1290 5472 τοῦ
1328 5420 1501 5473 ὑετοῦ.

666 5499 832 5559 Vens.
881 5506 1001 5561 4.7.
1032 5538 1103 5547 -
1134 5507 1318 5574 «Quid
1374 5508 1567 5563 faciam
1641 5509 1761 5575 tibi,
1829 5502 2161 5577 Ephraime?

593 5592 726 5663 quid
764 5594 956 5651 faciam
991 5600 1108 5663 tibi,
1147 5599 1326 5657 Juda?
1374 5601 1739 5658 Misericordia
1777 5609 1954 5657 vestra
2004 5600 2158 5669 quasi

675 5752 717 5786 "
758 5752 903 5809 Psal.
936 5771 1025 5820 xv,
1054 5757 1139 5811 ll.

2337 5501 2486 5568 Στιχ.
2514 5494 2654 5558 ο-ςκ
2673 5522 2742 5533 ——
2767 5495 2842 5564 (p.
2873 5490 2963 5559 45)
2983 5508 3003 5542 ι
3027 5490 3092 5543 Τί
3123 5506 3205 5543 σοι
3230 5488 3460 5557 ποιήσω,
3476 5486 3764 5555 Ἐφραῖμ;
3794 5483 3852 5539 τί

2269 5611 2350 5647 σοι
2398 5589 2633 5661 ποιήσω,
2673 5584 2872 5651 Ἰούδα;
2919 5584 2980 5636 τὸ
3022 5582 3077 5635 δὲ
3130 5581 3277 5643 ἔλεος
3322 5578 3472 5651 ὑμῶν
3510 5578 3586 5643 ὡς
3633 5578 3852 5649 νεφέλη
