3994 6514
222 406 309 458 161

1203 399 1750 458 COMMENTANUS
1781 398 1848 454 IN
1888 397 2092 455 ()SEE
2129 396 2284 454 CAP.
2316 397 2406 453 Vl.

3351 398 3455 451 162

220 515 458 588 πρωῖνὴ,
489 513 586 568 καὶ
622 515 697 579 ὡς
722 516 907 585 δρόσος
933 515 1155 587 ὀρθρινὴ
1182 517 1539 588 πορευομένη.
1569 535 1587 568 ι
1624 516 1787 587 Ἀρχή

1902 517 2066 573 nubes
2110 516 2397 579 matutina,
2424 520 2479 569 et
2511 514 2666 583 quasi
2704 527 2796 568 ros
2826 526 2983 567 mane
3010 510 3402 582 pertransiens.
3427 530 3448 564 ι

219 625 299 672 τις
344 607 503 678 ἐτέρα
540 608 636 660 καὶ
676 606 815 679 αῦτη
848 607 1163 673 διαλέξεως,
1202 609 1268 679 ἢν
1308 609 1444 680 πρὸς
1477 607 1565 661 τὸν
1592 607 1720 661 λαὸν
1762 609 1791 660 ὁ

218 700 503 771 προφήτης
540 700 863 770 ἐποιήσατο,
909 700 969 764 ἐξ
1002 697 1069 773 ἦς
1116 700 1332 765 ἐδέξατο
1374 700 1789 769 ἀποκαλύψεως,

217 794 315 863 τὴν
344 792 598 863 ἀφορμὴν
626 791 722 845 τοῦ
751 792 905 861 λόγου
936 791 1136 848 λαϐὼν.
1168 793 1232 846 Τί
1260 792 1316 845 δέ
1347 793 1622 864 προσῆκεν
1640 792 1788 863 ὑμῖν,

218 885 373 953 φησὶ,
403 886 534 955 παρ’
560 884 697 954 ἐμοῦ
736 883 1014 953 γενέσθαι.
1048 883 1191 937 οὕτω
1228 888 1567 956 παρανομεῖν
1597 887 1792 938 ἐσπου-

215 976 469 1039 δακόσιν;
524 974 667 1043 Ἐγὼ
720 976 816 1045 μὲν
871 976 977 1045 γὰρ
1021 975 1188 1029 ἐλεεῖν
1235 976 1379 1045 ὑμᾶς
1417 974 1582 1029 θέλω·
1624 974 1696 1028 τὰ
1734 975 1792 1029 δὲ

215 1066 567 1136 πραττόμενα
593 1068 725 1136 παρ’
758 1066 910 1136 ὑμῶν
942 1067 1041 1120 οὐκ
1083 1068 1149 1137 ἐᾷ
1177 1066 1422 1135 γίνεσθαι
1464 1066 1643 1130 τοῦτο,
1694 1068 1793 1137 τὴν

211 1158 486 1228 τιμωρίαν
524 1158 834 1225 ἀναγκαίως
866 1158 1091 1211 ἕλκοντα
1116 1158 1201 1228 ἐφ’
1229 1160 1403 1230 ὑμᾶς·
1440 1159 1541 1213 κᾶν
1568 1161 1614 1212 εί
1637 1159 1693 1212 δέ
1716 1159 1791 1227 (6)

215 1244 387 1297 ἐλεεῖν
440 1246 579 1315 ὑμᾶς
609 1245 995 1317 ἐῦουλευόμην,
1031 1248 1240 1319 ἀνάγκη
1270 1248 1470 1317 ταύτην
1506 1249 1670 1319 ἀτελῆ
1704 1250 1796 1319 μέ-

213 1354 329 1388 νειν
378 1336 464 1405 ἐφ’
519 1338 646 1407 ὑμῖν
687 1338 786 1407 τὴν
836 1338 1096 1409 γνώμην,
1150 1340 1244 1408 ἀφ’
1281 1334 1355 1393 ὧν
1398 1338 1794 1412 διαπράττεσθε

214 1429 397 1500 ἀφανῆ
437 1429 764 1499 γιγνομένην
802 1430 1053 1493 πάντως·
1085 1430 1161 1494 ὡς
1201 1431 1267 1486 ἂν
1301 1432 1348 1483 εί
1395 1431 1593 1501 νεφέλη
1635 1448 1719 1495 τις
1758 1430 1791 1501 ἢ

211 1519 407 1589 δρόσος
435 1512 602 1571 ἕωθεν
631 1518 766 1590 πρὸς
799 1519 977 1588 ὀλίγον
1010 1521 1268 1589 φανέντα,
1309 1523 1651 1593 παραχρῆμα
1680 1520 1795 1574 δια·-

210 1609 426 1680 λυθείη.
461 1629 480 1660 ‹
514 1610 612 1663 Διὰ
640 1609 799 1663 τοῦτο
822 1612 1124 1684 ἀπεθέρισα
1154 1614 1278 1676 τοὺς
1311 1614 1596 1684 προφήτας
1617 1611 1792 1682 ὑμῶν,

209 1702 517 1756 ἀπέκτεινα
561 1702 756 1765 αὐτοὺς
793 1704 850 1756 ἐν
889 1705 1093 1774 ῥήματι
1132 1703 1397 1774 στόματός
1432 1720 1556 1774 μου.
1591 1722 1610 1755 ι
1659 1701 1797 1755 Καί-

208 1811 295 1847 τοι
338 1810 423 1862 γε,
472 1797 654 1863 φησὶν,
704 1792 814 1862 ἐγὼ
847 1795 940 1849 καὶ
984 1798 1097 1859 τοῖς
1145 1795 1451 1866 προφήταις
1482 1796 1594 1858 τοῖς
1622 1796 1792 1865 ἐμοῖς,

1893 602 2007 657 lloc
2026 619 2245 674 quoque
2271 604 2502 656 alterum
2540 603 2889 657 allocutionis
2916 602 3127 656 initium
3158 611 3262 664 est,
3288 617 3454 672 quam

1893 693 1957 746 ad
1992 695 2250 763 pupulum
2284 691 2409 747 fecit
2441 691 2724 762 propheta,
2761 706 2826 746 ex
2872 697 3093 760 accepta
3125 689 3455 745 revelatione

1892 783 2238 837 occasionem
2262 780 2477 835 dicendi
2510 795 2751 835 sumens.
2789 777 2929 845 Quid
2954 779 3217 848 Oportuit,
3254 776 3453 847 inquit,

1894 890 1923 927 a
1966 890 2050 929 me
2088 874 2242 929 vobis
2281 874 2418 939 ﬁeri,
2466 874 2557 943 qui
2592 880 2703 925 tam
2743 871 2986 926 studiose
3014 870 3121 940 3o
3148 867 3457 939 peccastis?

1894 965 2156 1038 Equidem
2178 967 2343 1022 vestri
2370 966 2612 1022 misereri
2640 965 2854 1030 vellem,
2891 964 2983 1018 sed
3012 963 3252 1017 facinora
3275 971 3456 1018 vestra

1894 1076 2002 1113 non
2057 1060 2262 1124 sinunt,
2305 1076 2424 1131 quae
2453 1059 2820 1115 necessariam
2864 1072 3077 1127 pmnam
3109 1057 3261 1113 vobis
3298 1065 3459 1110 attra-

1896 1153 2059 1207 hunt:
2094 1153 2309 1207 etiamsi
2343 1154 2485 1207 enim
2524 1151 2946 1207 misericorditer
2982 1149 3263 1205 vobiscum
3296 1164 3459 1219 agere

1893 1246 2147 1314 cogitem,
2216 1259 2405 1299 carere
2461 1245 2601 1298 hanc
2650 1243 2845 1298 eﬁ‘ectu
2891 1242 3220 1296 voluntatem
3281 1254 3460 1294 meam

1895 1344 2128 1405 oportet,
2161 1337 2287 1405 quia
2318 1335 2460 1390 facta
2489 1344 2666 1389 vestra
2698 1333 3059 1388 frustraneam
3090 1345 3316 1401 prorsus
3341 1330 3459 1383 elli-

1894 1430 2067 1483 ciunt.
2102 1427 2281 1483 Veluti
2314 1429 2359 1483 si
2382 1442 2501 1498 quae
2529 1427 2726 1482 nebula
2757 1433 2851 1479 aut
2888 1440 2981 1479 ros
3010 1438 3167 1477 mane
3193 1422 3342 1477 brevi
3374 1436 3463 1491 ap-

1896 1527 2105 1590 pareat,
2147 1521 2329 1574 statim
2362 1519 2696 1575 dissolvitur.
2735 1536 2753 1568 ‹
2778 1516 3069 1587 PrOpterea
3101 1514 3309 1570 succidi
3338 1528 3463 1583 pro-

1897 1611 2087 1681 phetas
2136 1621 2372 1676 vestros,
2438 1618 2493 1665 et
2537 1609 2711 1664 occidi
2764 1624 2857 1664 eos
2903 1609 3068 1663 verbo
3123 1606 3236 1661 oris
3287 1604 3457 1661 mei.»

1895 1702 2150 1758 Profecto
2191 1718 2313 1774 ego,
2365 1702 2564 1773 inquit,
2604 1702 2768 1756 etiam
2815 1700 3096 1772 prophetis
3127 1698 3287 1761 meis,
3319 1710 3461 1767 quos

1897 1796 2152 1851 utilitatis
2179 1804 2377 1851 vestras
2407 1810 2572 1851 causa
2604 1794 2909 1858 mittebam,
2946 1793 3096 1849 necis
3125 1791 3464 1846 ministrator

206 1886 313 1950 οῦς
359 1861 500 1956 ὑπὲρ
537 1861 638 1956 τῆς
664 1886 935 1956 ὑμετέρας
962 1861 1291 1941 ἀπέστελλον
1316 1861 1525 1958 γρείας,
1561 1861 1790 1941 θανάτου

1902 1887 2010 1943 fui:
2060 1887 2328 1959 siquidem
2368 1901 2469 1958 ego
2518 1885 2642 1940 illos
2696 1886 2991 1940 admonere
3036 1897 3135 1939 vos
3173 1886 3240 1937 de
3287 1882 3463 1936 cilicio

210 1978 476 2049 πρόξενος
507 1978 801 2048 ἐγιγνόμην
820 1993 834 2008 ·
865 1977 1050 2048 ἐπειδὴ
1094 1977 1203 2046 ἐγὼ
1244 1979 1341 2047 μὲν
1363 1977 1560 2042 αὐτοὺς
1593 1979 1795 2049 ὑπομι-

213 2072 484 2143 μνήσκειν
519 2071 661 2140 ὑμᾶς
703 2070 830 2142 περὶ
874 2070 982 2122 τῶν
1006 2070 1234 2125 δεόντων
1274 2071 1523 2124 ἐκέλευον
1547 2087 1561 2103 ·
1595 2072 1794 2124 ἐκεῖνοι

206 2163 267 2216 δέ
315 2163 625 2234 πειθόμενοι
676 2163 776 2234 μὲν
803 2158 943 2234 ἦσαν
986 2163 1123 2233 πρὸς
1155 2164 1299 2234 ὑμᾶς
1323 2181 1337 2195 ·
1378 2163 1531 2218 αὐτοὶ
1568 2164 1625 2217 δέ
1667 2162 1791 2217 οὕτε

209 2251 327 2305 τῶν
351 2252 660 2324 λεγομένων
704 2251 826 2306 οὔτε
855 2251 948 2307 τοῦ
1003 2253 1312 2323 πέμποντος
1338 2253 1471 2325 ἐμοῦ
1503 2254 1628 2309 τινά
1652 2254 1794 2326 έχον-

210 2360 308 2406 τες
331 2343 484 2408 αίδῶ,
524 2344 791 2408 ποικίλοις
818 2344 1015 2409 αὐτοὺς
1040 2344 1392 2416 περιεϐάλετέ
1420 2345 1672 2410 θανάτοις
1694 2364 1708 2378 ·
1736 2345 1799 2400 τὸ

206 2430 332 2498 οὖν,
352 2455 371 2486 ι
404 2435 778 2506 Ἀπεθέρισα,ι
796 2436 890 2488 καὶ
922 2453 942 2487 ι
976 2435 1297 2490 Ἀπέκτεινα
1317 2437 1516 2501 αὐτοὺς
1530 2437 1608 2509 (p.
1629 2437 1718 2508 46)
1736 2440 1795 2491 ἐν

212 2528 431 2599 ῥήματι
462 2526 725 2598 στόματός
774 2544 899 2598 μου,
936 2545 957 2578 ι
997 2528 1118 2581 ἀντὶ
1144 2526 1260 2591 τοῦ,
1291 2528 1473 2592 Αίτιος
1510 2531 1693 2593 αὐτοῖς
1727 2530 1794 2584 δι’

208 2614 288 2675 ὧν
341 2621 635 2675 ἐπέταττον
680 2623 852 2674 ποιεῖν
877 2621 1137 2691 ἐγινόμην
1165 2620 1358 2675 τούτου
1378 2638 1391 2652 ·
1421 2623 1482 2677 οὐ
1509 2623 1617 2695 γὰρ
1641 2622 1799 2677 τοῦτο

209 2712 391 2781 λέγει,
408 2713 491 2766 ὅτι
511 2713 672 2775 αὐτὸς
687 2712 773 2766 διὰ
794 2713 892 2782 τῆς
910 2711 1116 2775 οἰκείας
1139 2715 1321 2783 φωνῆς
1340 2713 1564 2767 τοιαῦτα
1581 2714 1801 2769 διετίθει

207 2806 345 2869 τοὺς
375 2806 680 2876 προφήτας,
726 2803 840 2857 ἀλλ’
870 2804 958 2856 ἵνα
1002 2805 1129 2875 εἴπῃ
1162 2805 1266 2871 ὅτι,
1295 2805 1372 2856 Δι’
1394 2797 1469 2857 ὧν
1506 2805 1797 2859 ἐπέταττον

208 2898 404 2960 αὐτοῖς
451 2896 587 2966 πρὸς
635 2897 781 2965 ὑμᾶς
826 2895 1248 2968 παραγίνεσθαι,
1288 2895 1483 2968 μικροῦ
1527 2913 1592 2966 γε
1640 2896 1800 2951 τοῦτο

206 2988 383 3051 αὐτὸς
426 2986 792 3059 εἰργαζόμην·
841 2983 953 3042 οἶόν
991 2988 1109 3041 ἐστι
1150 2989 1243 3041 καὶ
1293 2989 1445 3061 παρὰ
1498 2988 1578 3059 τῷ
1622 3006 1806 3060 μακα-

213 3080 322 3148 ρίῳ
355 3079 520 3132 Δαυῖδ
553 3079 645 3147 τὺ,
701 3099 719 3132 ι
762 3080 1069 3145 Ἐξέκλινας
1115 3080 1215 3145 τὰς
1246 3080 1466 3151 τρίϐους
1509 3080 1665 3151 ήμῶν
1694 3080 1803 3135 ἀπὸ

1896 1992 2080 2037 vestro
2111 1979 2471 2045 mandabam;
2518 1986 2572 2033 et
2617 1978 2695 2032 illi
2728 1976 2945 2047 quidem
2971 1992 3072 2031 vos
3108 1974 3469 2031 adhortaban-

1896 2083 2017 2137 tur;
2074 2073 2167 2129 sed
2212 2088 2309 2128 vos
2356 2081 2571 2136 contra,
2621 2072 2827 2127 nullam
2870 2071 2983 2125 sive
3020 2067 3315 2123 dicentium
3351 2067 3467 2122 sive

1899 2164 2005 2218 mei
2063 2163 2334 2219 mittentis
2387 2163 2747 2219 reverentiam
2799 2161 3082 2225 habentes,
3143 2159 3315 2214 variis
3370 2173 3467 2214 eos

1899 2254 2168 2309 mortibus
2198 2253 2476 2310 aﬁ‘ecistis.
2504 2253 2692 2325 itaque
2712 2252 2976 2309 vocabula
3012 2271 3029 2303 ε
3059 2250 3310 2316 Succidi,
3336 2270 3356 2303 ι
3388 2259 3467 2314 et,

1904 2365 1923 2398 ι
1943 2345 2132 2401 Occidi
2154 2361 2248 2402 eos
2274 2347 2442 2401 verbo
2474 2345 2587 2401 oris
2616 2345 2751 2406 mei.
2775 2364 2793 2397 ι
2836 2352 3115 2414 ponuntur
3147 2358 3266 2413 pro,
3289 2341 3469 2397 Causa

1899 2456 1999 2513 ego
2031 2442 2117 2497 his
2145 2440 2224 2495 fui
2257 2441 2337 2495 rei
2372 2437 2683 2510 hujusmodi
2714 2446 2936 2509 propter
2982 2437 3299 2507 impositum
3333 2434 3468 2506 ipsis

1900 2534 2239 2589 mandatum.
2269 2532 2388 2587 Non
2420 2547 2551 2603 ergo
2575 2532 2671 2594 ait,
2713 2545 2772 2586 se
2793 2544 2923 2585 voce
2951 2533 3169 2599 propria
3194 2529 3274 2583 sic
3304 2528 3471 2582 inter-

1900 2623 2101 2680 fecisse
2132 2622 2450 2693 pr0phetas,
2499 2621 2595 2677 sed
2630 2621 2780 2691 quia,
2828 2619 3057 2689 Propter
3080 2618 3469 2674 demandatum

1901 2715 1969 2771 iis
1994 2714 2139 2785 apud
2164 2730 2263 2769 vos
2291 2713 2556 2777 ofﬁcium,
2588 2712 2706 2782 ipse
2732 2710 3122 2782 propemodum
3153 2725 3316 2764 neces
3347 2709 3470 2765 illas

1900 2818 2195 2866 exsecutus
2220 2822 2363 2864 sum.
2397 2804 2557 2861 Velut
2584 2806 2745 2861 etiam
2775 2803 2916 2874 apud
2939 2804 3157 2859 beatum
3178 2802 3468 2857 Davidem:

1909 2923 1927 2955 ι
1951 2900 2243 2957 Declinasti
2270 2899 2497 2956 semitas
2520 2906 2738 2954 nostras
2763 2912 2795 2951 a
2817 2897 2901 2951 via
2928 2903 3019 2950 tua
3035 2896 3112 2947 ὀε
3136 2914 3156 2946 ι
3190 2908 3299 2948 non
3323 2892 3472 2963 quod

1903 2996 2020 3065 ipse
2041 2994 2265 3049 semitas
2291 2990 2645 3045 declinaverit
2670 3032 2685 3056 ,
2709 2988 2804 3045 sed
2837 2986 2965 3057 quia
2989 2984 3235 3056 permisit
3269 2985 3323 3038 in
3357 2992 3473 3037 tan-

1903 3094 2017 3141 tum
2058 3086 2184 3140 illos
2211 3083 2467 3139 devenire
2492 3081 2782 3145 malorum,
2832 3079 2955 3133 ideo
2995 3076 3099 3133 sibi
3137 3076 3214 3132 rei
3244 3090 3471 3131 causam

204 3173 316 3241 τῆς
342 3170 468 3223 ὀδοῦ
512 3187 640 3223 σου·
690 3190 709 3223 ι
748 3172 848 3243 οὐχ
891 3172 975 3225 ὅτι
1020 3171 1181 3235 αὐτὸς
1221 3170 1511 3237 ἐξέκλινεν,
1548 3172 1685 3226 ἀλλά
1722 3171 1795 3243 τῷ

1903 3174 2311 3248 quodammodo
2355 3172 2622 3228 attribuit.
2664 3170 2768 3223 «Et
2808 3168 3072 3239 judicium
3101 3182 3280 3223 meum
3312 3165 3472 3236 quasi

211 3266 575 3335 συγχωρῆσαι
626 3263 764 3335 πρὸς
807 3264 1077 3318 τοσούτων
1128 3267 1323 3336 πεῖραν
1375 3265 1571 3329 αὐτοὺς
1620 3264 1796 3320 ἐλθεῖν

210 3353 431 3418 κακῶν,
479 3353 628 3425 αὐτῷ
674 3353 1159 3426 προσλογιζόμενος
1200 3356 1295 3409 τοῦ
1336 3358 1656 3428 γιγνομένου
1698 3359 1797 3433 τήν

209 3446 422 3498 αἰτίαν.
461 3465 481 3498 ι
526 3447 634 3501 Καὶ
659 3446 722 3499 τὸ
766 3446 941 3517 κρῖμά
976 3464 1075 3517 μου
1101 3447 1177 3511 ὡς
1215 3447 1331 3516 φῶς
1368 3446 1725 3513 ἐξελεύσεται.
1770 3468 1791 3502 ι

221 3536 368 3590 Ἀλλ’
421 3538 481 3589 ού
527 3537 634 3608 γὰρ
682 3538 1034 3608 ἀνεκδίκητον
1078 3539 1283 3610 ταύτην
1316 3540 1470 3610 ὑμῶν
1510 3541 1655 3595 ἐάσω
1698 3542 1797 3613 τὴν

207 3629 604 3700 παρανομίαν·
637 3629 878 3700 λήψομαι
905 3630 963 3682 δὲ
994 3630 1150 3694 δίκας
1182 3633 1311 3700 παρ’
1343 3632 1532 3702 ὑμῶν·
1567 3633 1706 3688 ὥστε
1737 3634 1798 3699 ἐξ

203 3714 285 3775 ὧν
331 3721 634 3791 ὑπομένειν
684 3721 902 3792 μέλλετε
955 3722 1162 3787 κακῶν,
1231 3723 1408 3792 φωτὸς
1456 3725 1797 3799 ἐνδηλότερον

207 3815 392 3869 ἅπασι
436 3813 710 3879 γενέσθαι,
757 3815 838 3867 ὅτι
863 3817 928 3885 τῇ
963 3817 1041 3877 εἰς
1080 3815 1208 3878 τοὺς
1245 3820 1527 3887 προφήτας
1572 3835 1797 3889 γεγενη-

208 3908 361 3981 μένῃ
411 3907 542 3977 παρ’
576 3907 730 3975 ὑμῶν
777 3908 1089 3979 παρανομίᾳ
1120 3908 1340 3979 κρίνων,
1367 3910 1479 3971 τοῖς
1523 3909 1798 3974 τοσούτοις

207 4000 361 4070 ὑμᾶς
393 3999 767 4070 περιϐέϐληκα
801 4001 990 4063 κακοῖς
1009 4016 1022 4030 ·
1050 4000 1145 4052 καὶ
1174 3999 1387 4062 δεικνὺς
1418 4000 1499 4052 ὅτι
1536 4001 1634 4054 οὐκ
1675 4001 1799 4055 ὀιλό⁶

206 4108 326 4160 γως
358 4091 498 4145 αὐτὸ
526 4091 936 4160 διαπράττεται,
961 4108 980 4141 ι
1013 4093 1157 4144 Διότι
1183 4090 1329 4144 έλεον
1361 4090 1553 4162 θέλωῆ
1588 4091 1796 4157 θυσίαν,

202 4187 308 4238 καὶ
336 4185 640 4253 ἐπίγνωσιν
664 4183 800 4236 θεοῦ
828 4184 860 4253 ἢ
892 4182 1271 4254 όλοκαύτωμα.
1315 4203 1335 4236 ι
1385 4184 1527 4253 Ἐγὼ
1557 4185 1654 4255 μὲν
1688 4186 1797 4257 γὰρ

203 4276 287 4340 ὡς
315 4278 415 4330 καί
443 4275 646 4329 θυσιῶν
683 4276 775 4329 καὶ
816 4275 1284 4345 ὁλοκαυτωμάτων
1321 4275 1598 4347 προτιθεὶς
1635 4277 1696 4330 τὸ
1718 4279 1801 4330 εὑο

201 4370 370 4433 τελές
394 4370 526 4439 ὑμῖν
551 4368 795 4439 ποιῆσαι,
824 4369 916 4421 καὶ
943 4368 1079 4441 πρὸς
1101 4368 1397 4438 ἐπίγνωσιν
1430 4371 1660 4439 ἀγαγεῖν
1700 4370 1796 4442 τὴν

200 4462 379 4532 ἐμὴν,
430 4461 677 4531 ἔπεμπον
719 4461 843 4524 τοὺς
887 4462 1202 4531 προφήτας·
1255 4459 1440 4531 ἐπειδὴ
1480 4460 1535 4512 δέ
1573 4460 1797 4516 τοιαῦτα

1904 3270 1996 3324 lux
2031 3267 2361 3339 egredietur.
2389 3285 2407 3317 ι
2456 3264 2618 3335 Atqui
2663 3278 2772 3318 non
2824 3263 3098 3330 impunem
3154 3259 3474 3329 praevarica-

1903 3362 2107 3418 tionem
2140 3360 2282 3415 hanc
2326 3365 2562 3414 vestram
2598 3371 2722 3413 esse
2751 3355 2964 3420 sinam;
3019 3368 3145 3407 nam
3193 3366 3384 3422 pmnas
3439 3364 3474 3403 a

1903 3452 2061 3507 vobis
2091 3464 2414 3521 reposcam;
2456 3449 2530 3503 ita
2561 3454 2621 3502 ut
2652 3461 2717 3502 ex
2743 3446 2809 3501 iis
2843 3459 2963 3515 qua:
2984 3442 3258 3512 patiemini
3288 3441 3471 3503 malis,

1902 3546 2026 3601 luce
2048 3544 2250 3600 clarius
2282 3541 2499 3597 cunctis
2527 3540 2641 3605 ﬁat,
2673 3553 2762 3593 me
2792 3545 3034 3592 vestrum
3062 3535 3326 3589 adversus
3354 3547 3475 3603 pro-

1902 3638 2096 3709 phetas
2152 3636 2365 3691 crimen
2412 3634 2787 3693 ulciscentem,
2839 3630 3004 3682 tantis
3052 3642 3149 3682 vos
3176 3627 3334 3681 malis
3372 3627 3476 3679 im-

1902 3727 2181 3798 plicuisse.
2225 3722 2531 3792 Caeteroqui
2562 3728 2622 3775 ut
2642 3718 2897 3775 ostendat
2926 3733 2985 3773 se
3012 3732 3119 3771 non
3148 3717 3355 3786 absque
3383 3729 3473 3767 ra-

1904 3818 2054 3874 tione
2086 3818 2140 3873 id
2180 3831 2362 3887 agere,
2401 3834 2420 3866 ι
2463 3812 2603 3879 Quia
2636 3809 3088 3874 misericordiam,
3119 3807 3316 3877 inquit,
3353 3806 3476 3860 volo

1904 3918 1960 3966 et
1996 3925 2107 3964 non
2131 3906 2483 3969 sacriﬁcium,
2510 3912 2566 3959 et
2592 3902 2881 3958 scientiam
2911 3900 3004 3954 Dei
3038 3901 3161 3970 plus
3188 3914 3353 3968 quam
3384 3898 3477 3951 ho-

1904 4004 2170 4058 locausta.
2197 4018 2216 4052 ι
2253 3998 2462 4053 Etenim
2494 4010 2595 4065 ego
2626 4011 2725 4050 ceu
2765 3995 2813 4050 si
2842 3993 3033 4047 vellem
3077 3990 3473 4046 sacriﬁciorum

1904 4106 2123 4164 quoque
2162 4097 2216 4145 et
2259 4089 2701 4143 holocaustorum
2731 4083 2994 4138 vilitatem
3020 4080 3123 4150 31
3164 4080 3317 4135 vobis
3354 4094 3476 4134 sua-

1904 4186 2053 4249 dere,
2085 4191 2249 4252 atque
2272 4180 2338 4235 ad
2365 4178 2468 4233 mei
2498 4176 2841 4252 agnitionem
2865 4173 3158 4237 adducere,
3186 4170 3473 4242 prophetas

1905 4247 2208 4327 mittebam.
2249 4267 2405 4322 Nunc
2454 4268 2582 4336 quia
2624 4265 2705 4320 sic
2742 4247 2864 4318 illos
2908 4271 3230 4327 tractantes,
3272 4261 3473 4316 malam

1905 4362 2038 4417 mihi
2082 4359 2494 4415 retributionem
2542 4355 2839 4421 obtulistis,
2876 4355 3078 4424 justam
3123 4358 3473 4422 peccatorum

1904 4454 2201 4511 vindictam
2251 4450 2552 4522 perferetis.
2609 4446 2744 4501 Nam
2791 4444 3183 4500 misericordia:
3231 4440 3472 4496 oﬁicium

199 4528 416 4616 αύτοὺς
447 4528 781 4616 διατιθέντες
829 4528 1020 4615 κακοῖς
1060 4528 1355 4622 ημείόεσθε
1390 4528 1458 4605 τά
1490 4553 1620 4623 παρ’
1664 4550 1795 4622 ἐμοῦ

1906 4560 2124 4617 quoque
2145 4554 2251 4605 est,
2304 4549 2527 4610 propter
2554 4551 2651 4592 eos
2673 4535 2766 4605 qui
2800 4534 2941 4588 male
2966 4540 3096 4586 sunt
3135 4528 3305 4600 passi,
3341 4542 3475 4597 sup-

198 4646 516 4715 γινόμενα,
570 4643 771 4697 δώσετε
830 4643 942 4697 τῶν
996 4642 1482 4713 παρανομημάτων
1524 4643 1680 4715 δίκην
1728 4644 1805 4697 δι-

201 4755 277 4790 κα
288 4738 382 4790 ίαν
398 4754 411 4766 ·
445 4738 525 4806 (p.
549 4737 639 4804 47)
665 4736 816 4790 ἐλέου
840 4735 949 4807 γὰρ
969 4735 1030 4788 τὸ
1056 4734 1154 4787 καὶ
1186 4734 1325 4805 ὑπὲρ
1344 4733 1453 4787 τῶν
1483 4736 1800 4804 πασχόντων

199 4826 405 4890 κακῶς
435 4827 677 4897 τιμωρίᾳ
702 4843 767 4878 πε
779 4824 1046 4895 ριϐάλλειν
1066 4824 1192 4887 τοὺς
1213 4822 1552 4886 ἀδικοῦντας.
1587 4843 1604 4875 ι
1636 4825 1801 4878 Αὐτοὶ

196 4919 259 4971 δέ
305 4921 452 4972 εἰσιν
505 4919 581 4981 ὡς
624 4919 907 4988 ἄνθρωπος
958 4916 1313 4987 παραϐαίνων
1359 4916 1647 4987 διαθήκην,
1684 4919 1801 4970 ἐκεῖ

196 5011 635 5081 κατεφρόνησαν
681 5028 803 5081 μου.
846 5029 864 5060 ι
909 5008 1263 5079 Μεμενήκατε
1306 5008 1413 5077 γὰρ
1456 5008 1549 5061 ἐπ)⁸
1576 5008 1672 5080 τῆς
1702 5008 1798 5078 βά-

196 5121 357 5167 σεως
401 5104 480 5173 (7)
514 5104 612 5174 τῆς
650 5103 874 5167 οἰκείας,
918 5102 1029 5156 τῶν
1070 5102 1169 5172 μὲν
1203 5100 1407 5156 ἄνωθεν
1455 5100 1584 5171 ὑμῖν
1616 5118 1800 5154 συντε-

1901 4637 2125 4707 plicium
2164 4632 2449 4703 injuriosis
2474 4629 2789 4684 decernere.
2828 4643 2849 4675 ι
2872 4624 2977 4693 Ipsi
3007 4630 3186 4677 autem
3211 4629 3471 4689 tanquam

1902 4731 2069 4785 homo
2111 4734 2329 4798 pactum
2377 4720 2806 4792 transgrediens,
2859 4716 2969 4771 illic
3011 4729 3098 4769 me
3129 4721 3472 4782 contempse-

1902 4829 2049 4876 runt.
2078 4838 2096 4870 ι
2135 4815 2247 4873 Vos
2281 4822 2460 4869 autem
2502 4813 2556 4867 in
2606 4808 3046 4880 transgressione
3073 4816 3255 4860 vestra
3285 4818 3469 4873 perse-

1902 4910 2158 4973 verastis,
2207 4907 2452 4976 neglecto
2483 4902 2629 4974 quod
2678 4914 2891 4956 mecum
2921 4896 3206 4969 pepigistis
3245 4895 3472 4964 antiquo

1904 5003 2127 5065 fmdere,
2156 5013 2351 5068 meque
2372 5009 2598 5066 prorsus
2618 4992 2893 5061 despecto,
2929 4990 3066 5043 adeo
3101 4996 3161 5041 ut
3184 4986 3473 5056 prophetas

1902 5110 2119 5167 quoque
2147 5093 2199 5147 id
2229 5091 2381 5146 vobis
2410 5092 2901 5144 commemorantes
2936 5082 3343 5137 interfeceritis.

196 5197 425 5250 θέντων
484 5173 619 5267 πρὸς
659 5196 761 5267 ἐμὲ
796 5194 952 5265 λόγον
993 5193 1184 5249 οὐδένα
1224 5192 1569 5263 ποιούμενοι,
1626 5188 2176 5265 καταπεφρονηκότες
2236 5185 2293 5239 δέ
2346 5201 2447 5255 μου
2497 5177 2804 5242 παντελῶς⁶
2856 5176 2996 5230 ὥστε
3036 5175 3131 5229 καὶ
3177 5175 3303 5236 τοὺς
3342 5173 3473 5225 ὕπο-

194 5290 626 5361 μιμνήσκοντας
673 5288 817 5359 ὑμᾶς
862 5287 992 5358 περὶ
1048 5286 1239 5340 τούτου
1315 5284 1424 5339 τῶν
1491 5285 1784 5355 προφητῶν
1819 5284 2048 5339 ἀνελεῖν.

272 5411 440 5480 Στίχ.
476 5416 649 5478 ηὀιαθ.
688 5440 757 5451 —-
790 5426 809 5460 ι
844 5407 1096 5475 Γάλγαλα
1124 5406 1277 5470 πόλις
1309 5404 1652 5477 ἐργαζομένη
1694 5404 1797 5475 μά-

193 5521 366 5559 ταια.
416 5521 435 5554 ι
492 5502 650 5560 Attia
684 5500 742 5555 δὲ
782 5500 989 5554 τούτων
1026 5500 1154 5569 ὑμῖν
1187 5499 1223 5569 ὴ
1256 5496 1506 5566 Γάλγαλα
1528 5537 1543 5561 ,
1586 5498 1713 5568 παρ’

315 5640 376 5672 ³⁸
404 5640 547 5695 Psal.
569 5656 729 5701 mn,
758 5639 847 5694 10.

278 5783 373 5854 (6)
429 5780 565 5836 Cod.
606 5779 763 5854 ούδέ,
810 5776 955 5849 quod
998 5776 1176 5854 visum
1234 5780 1319 5830 est
1380 5771 1786 5854 corrigendum,

189 5842 551 5927 quamquam
596 5842 915 5927 plerumque
947 5845 1119 5927 code!
1161 5854 1246 5927 est
1287 5842 1787 5907 emendatissitnus,

194 5919 485 5994 ﬁrmaque
510 5930 565 5978 et
590 5919 794 5993 optima
824 5935 987 5975 manu
1013 5919 1267 5989 scriptus.

1971 5400 2142 5457 Vens.
2195 5397 2351 5453 8-H.
2391 5425 2462 5435 —
2513 5412 2530 5444 ι
2556 5390 2779 5462 Galgala
2816 5387 3009 5442 civitas
3047 5397 3169 5454 quae
3215 5389 3472 5451 operatur

1902 5508 2106 5549 vana.»
2162 5490 2337 5545 Causa
2388 5489 2581 5540 horum
2635 5482 2792 5537 vobis
2834 5477 3079 5548 Galgala,
3126 5471 3269 5544 apud
3308 5485 3471 5543 quam

1968 5770 2048 5839 (7)
2068 5771 2154 5841 ita
2179 5768 2302 5824 cod.
2329 5769 2559 5841 βάσεως,
2580 5779 2675 5821 seu
2696 5759 2983 5828 mendose,
3005 5764 3068 5816 ut
3088 5756 3348 5822 arbitror,
3369 5763 3475 5825 pro

1897 5840 2279 5912 παραὸἀσεως.
