3994 6532
536 438 638 492 185

1691 439 2040 496 TIIEODORI
2082 438 2567 495 MOPSUESTENI

3666 438 3763 492 l6!

531 550 752 605 noxium
805 562 1113 617 vanumque
1164 547 1430 602 idolorum
1478 552 1722 606 studium
1753 555 2093 624 expromitis.

2199 557 2298 626 τὴν
2332 552 2596 622 ἐπιϐλαϐἦ
2631 551 2722 604 καί⁹
2769 551 2994 620 μάταιον
3027 549 3153 620 περί
3197 550 3266 602 τά
3300 547 3492 604 εἴδωλα
3527 552 3762 624 σπουδὴν

529 640 618 695 Sic
647 641 788 694 enim
818 651 870 693 et
914 641 966 692 in
1006 639 1384 708 superioribus
1416 642 1574 707 dixit,
1626 665 1644 695 ι
1670 644 1746 700 Ne
1775 647 2013 702 abieritis
2042 649 2096 701 in

528 727 748 797 Galgala
798 728 1108 794 civitatem;
1167 745 1340 801 neque
1394 747 1531 785 vana
1584 736 1955 804 opercmini,»
2000 739 2094 798 ait,

531 831 588 872 ut
616 835 733 888 qua:
766 820 819 872 in
847 835 909 873 ea
936 828 1242 888 patrantur,
1277 823 1566 891 signiﬁcet.
1608 843 1626 874 ι
1648 825 1779 890 Qua:
1808 828 2099 882 conturbat

526 925 785 979 aquam.»
828 907 908 962 llli
961 912 1051 980 qui
1108 912 1504 981 linipitudinem
1559 925 1611 969 et
1657 917 1946 984 puritatem
1996 919 2098 987 piae

531 999 826 1068 religionis,
859 1001 911 1054 in
944 1002 1048 1055 mei
1094 1003 1370 1071 agnitione
1399 1018 1772 1074 apparentem,
1827 1009 2095 1063 idolorum

527 1089 851 1145 admistione
869 1092 1172 1161 inquinant.
1206 1112 1224 1144 ι
1250 1093 1307 1148 Et
1324 1095 1583 1151 fortitudo
1601 1099 1826 1160 tua,viri
1853 1102 2090 1171 piratae.»

526 1180 657 1246 Quze
700 1182 807 1236 vim
848 1199 1001 1236 suam
1037 1184 1289 1238 videlicet
1335 1186 1388 1239 in
1433 1188 1732 1241 errantium
1787 1191 1984 1245 damno
2011 1193 2096 1247 de-

526 1281 829 1335 monstrat;
868 1273 1324 1342 quemadmodum
1353 1293 1470 1332 mos
1505 1289 1588 1332 est
1619 1281 1830 1348 piratis,
1863 1283 2094 1338 aliorum

528 1363 741 1420 (lamnis
808 1365 1138 1431 incumbere,
1190 1383 1429 1438 suasque
1471 1371 1615 1425 vires
1671 1373 1726 1426 in
1777 1384 2096 1430 creterorum

527 1455 769 1525 pernicie
823 1456 1130 1511 ostendere.
1197 1458 1491 1513 «Celarunt
1551 1462 1864 1518 sacerdotes
1926 1465 2092 1530 viam,

525 1545 805 1597 occisione
846 1543 1046 1598 Sicima
1076 1555 1441 1615 peremerunt,
1477 1550 1603 1618 quia
1635 1551 1975 1621 iniquitatem
2011 1571 2097 1624 pa-

535 1642 814 1687 travcrant
838 1635 904 1689 “.
938 1653 957 1687 ι
997 1635 1258 1705 Exemplo
1283 1639 1399 1691 vult
1426 1640 1642 1694 illorum
1681 1643 1975 1712 nequitiam
2010 1661 2097 1700 ex-

528 1725 799 1793 planare:
841 1726 998 1792 Quia,
1051 1737 1234 1798 patres
1283 1733 1471 1797 vestri,
1525 1733 1698 1803 inquit
1730 1736 1883 1804 (dicit
1915 1747 2097 1792 autem

529 1814 716 1871 Jacobi
751 1818 890 1874 ﬁlios
916 1819 1098 1874 Levim
1131 1836 1195 1876 ac
1224 1822 1581 1890 Simeonem),
1611 1834 1895 1896 postquam
1923 1827 2097 1883 forni-

2198 644 2566 700 ἐπιδείκνυσθε
2589 658 2600 669 ·
2622 641 2763 694 οὓτω
2780 640 2887 709 γάρ
2908 640 3002 694 καί
3020 640 3274 710 ἀνωτέρω
3291 640 3459 708 λέγει,
3480 661 3498 692 ι
3527 643 3620 714 Μὴ
3651 646 3763 698 εῑσ.

2197 735 2491 808 πορεύεσθε
2533 735 2610 796 εἰς
2651 725 2898 800 Γάλγαλα
2939 732 3039 799 τὴν
3075 732 3261 785 πόλιν
3304 733 3397 784 καὶ
3426 733 3762 803 ἐργάζεσθε,

2197 831 2364 896 λέγει,
2418 827 2650 898 μάταια,
2703 841 2719 878 ι
2755 824 2820 878 τὰ
2847 827 2903 877 ἐν
2936 824 3069 893 αὑτῇ
3110 824 3402 894 γιγνόμενα
3468 826 3765 897 σημαίνων.

2202 938 2221 970 ι
2255 918 2611 988 Ταράσσουσα
2639 917 2798 987 ὕδωρ.
2841 935 2860 967 ι
2896 917 2956 968 υἱ
2983 917 3040 969 τὸ
3067 915 3254 979 διειδές
3281 916 3374 969 καὶ
3393 916 3632 988 καθαρὸν
3663 917 3764 986 τῆς

2196 1011 2475 1074 εὑσεϐείας
2513 1012 2569 1064 ἐν
2609 1012 2676 1080 τῇ
2725 1007 2920 1077 γνώσει
2966 1008 3369 1076 διαφαινόμενον
3415 1011 3481 1079 τῇ
3515 1011 3622 1078 ἐμῇ
3645 1049 3661 1074 ,
3696 1011 3760 1079 τῇ

2195 1101 2303 1154 τῶν
2331 1100 2560 1153 εἰδώλων
2593 1098 2963 1162 ἐπιθολοῦντες
2996 1098 3265 1169 ἐπιμιξίᾳ.
3314 1117 3332 1150 ι
3385 1099 3495 1151 Καὶ
3541 1101 3575 1168 ἡ
3611 1098 3760 1168 ἰσχύς

2199 1207 2291 1244 σου
2331 1190 2406 1253 ὡς
2448 1175 2638 1260 ἀνδρὸς
2667 1188 2949 1260 πειρατοῦ.
3005 1208 3023 1241 ι
3074 1189 3141 1240 Ἢ
3183 1191 3362 1243 πᾶσαν
3390 1191 3488 1261 τὴν
3536 1190 3764 1259 δύναμιν

2194 1281 2293 1349 τὴν
2337 1280 2540 1334 οἰκείαν
2595 1280 2651 1332 ἐν
2703 1281 2774 1350 τῇ
2807 1279 2914 1331 τῶν
2969 1279 3345 1348 ἀπατωμένων
3395 1279 3763 1333 ἐπιδείκνυται

2198 1371 2394 1445 βλάϐῃ·
2431 1372 2489 1425 ὂν
2535 1371 2598 1442 δὴ
2640 1371 2838 1441 τρόπον
2875 1371 3110 1433 καὶτοῖς
3153 1373 3441 1442 πειραταῖς
3479 1370 3598 1434 έθος
3645 1371 3763 1424 ἐστὶ

2197 1480 2264 1515 πε
2272 1463 2323 1534 pl.
2339 1462 2436 1532 τὴν
2463 1460 2660 1531 ἐτέρων
2687 1459 3069 1513 ἐσπουδακέναι
3091 1459 3309 1530 βλάϐην,
3333 1462 3426 1512 καὶ
3443 1459 3541 1529 τὴν
3556 1461 3763 1513 οἰκείαν

2195 1555 2423 1624 δύναμιν
2477 1552 2564 1605 διὰ
2614 1551 2714 1621 τῆς
2767 1550 2971 1621 ἐτέρων
3017 1550 3414 1603 διαδείκνυσθαι
3465 1549 3758 1614 ἀπωλείας.

2202 1664 2221 1698 ι
2263 1644 2541 1716 Ἔκρυψαν
2573 1644 2736 1714 ἱερεῖς
2761 1641 2877 1696 ὀδόν
2897 1658 2910 1671 ο
2938 1640 3230 1710 ἐφόνευσαν
3262 1641 3462 1712 Σίκιμα
3486 1659 3501 1673 ·
3529 1643 3612 1694 ὅτι
3641 1643 3764 1695 ἀνο-

2200 1736 2327 1807 μίαν
2357 1735 2640 1805 ἐποίησαν.
2677 1752 2694 1787 ι
2740 1733 2834 1785 Ἐκ
2864 1731 3216 1803 παραθέσεως
3244 1731 3489 1802 βούλεται
3514 1731 3614 1802 τὴν
3637 1729 3763 1786 1:06-

2197 1845 2301 1880 των
2326 1825 2582 1890 ἐπιδεῖξαι
2607 1825 2822 1878 κακίανο
2844 1825 2966 1878 Ὅτι
2995 1825 3042 1877 οἰ
3077 1824 3173 1894 μὲν
3207 1824 3459 1896 πατέρες,
3491 1824 3678 1894 φησὶν,
3713 1825 3763 1880 οξ

529 1908 734 1962 cariam
774 1910 1028 1980 injuriam
1057 1915 1233 1968 sorori
1265 1930 1378 1970 suae
1407 1916 1609 1970 illatam
1635 1917 1906 1981 viderunt,
1943 1927 2092 1974 tanta

2198 1917 2447 1988 ὑμέτεροι
2487 1915 2666 1983 (λέγει
2707 1915 2764 1968 δὲ
2794 1916 2920 1978 τοὺς
2959 1915 3107 1971 υἱοὺς
3164 1913 3380 1977 Ἰακὼϐ,
3405 1916 3535 1967 Λευτ
3573 1932 3631 1967 τε
3670 1916 3764 1967 καὶ

527 2001 601 2054 rei
648 2001 1018 2072 indignatione
1046 2014 1389 2071 exarserunt,
1423 2016 1480 2061 ut
1510 2009 1728 2079 oblique
1763 2012 1981 2081 quidem
2029 2028 2093 2067 ac

525 2096 750 2151 subdole
790 2096 1065 2152 Sicimitas
1106 2098 1216 2153 sint
1246 2099 1487 2163 allocuti,
1523 2098 1815 2156 amicitiam
1842 2105 2095 2158 simulan-

527 2194 640 2240 tes:
675 2187 726 2240 id
755 2187 897 2240 enim
925 2187 1155 2242 innuunt
1190 2191 1387 2245 verba:
1429 2209 1447 2240 ‹
1468 2189 1622 2246 Viam
1653 2194 1919 2259 celarunt,
1945 2215 1964 2247 ι
1999 2196 2094 2252 sed

526 2277 721 2331 idoneo
741 2286 958 2346 captato
981 2287 1242 2349 tempore,
1263 2291 1492 2338 cunctos
1514 2299 1620 2337 uno
1653 2285 1852 2354 impetu
1877 2296 2096 2357 propter

520 2366 654 2426 Illud
681 2368 938 2439 flagitium
970 2371 1380 2427 interemerunt.
1431 2395 1448 2426 ‹
1471 2377 1527 2429 1η
1553 2377 1716 2431 domo
1741 2379 1959 2435 lsraelis
1986 2380 2092 2435 vidi

527 2459 838 2525 horribilia;
879 2460 985 2530 32
1030 2462 1103 2516 ibi
1159 2462 1573 2521 fornicationem
1629 2467 1924 2537 prraimi.
1960 2490 1979 2522 ι
2030 2471 2096 2524 Et

527 2563 614 2602 res
643 2549 859 2617 quidem
886 2551 1102 2604 illorum
1135 2551 1208 2605 ita
1240 2568 1298 2607 se
1335 2553 1542 2610 habuit.
1573 2555 1729 2611 Nunc
1757 2574 1881 2613 vero
1903 2561 1956 2614 in
1980 2561 2095 2614 uni-

525 2652 685 2690 verso
711 2635 908 2692 lsraele
939 2639 1094 2707 plena
1121 2638 1368 2696 horroris
1398 2644 1582 2711 aspexi
1610 2661 1625 2710 ;
1674 2645 2092 2702 fornicationem

523 2728 904 2791 universalem,
938 2745 1047 2783 non
1069 2733 1340 2800 corporis,
1366 2733 1462 2788 sed
1498 2744 1770 2806 corrupta:
1797 2739 1991 2793 animae
2014 2749 2096 2793 at-

521 2833 628 2887 que
651 2833 678 2869 a
708 2816 814 2871 Deo
845 2819 1174 2888 apostaticze.
1218 2841 1236 2872 ι
1256 2823 1670 2880 Contaminatus
1700 2834 1784 2882 est
1820 2830 2010 2891 lsrael,
2041 2837 2095 2884 et

524 2906 691 2960 Judas
719 2909 901 2962 omisit
929 2923 1158 2963 messem
1200 2926 1374 2967 suam.
1398 2931 1416 2964 ι
1455 2913 1653 2968 Cuncti
1675 2916 1743 2970 ad
1775 2920 2095 2986 praevarica-

520 3000 725 3054 tionem
768 2999 1106 3068 spectabant,
1145 3001 1412 3056 idolorum
1445 3005 1595 3059 cultu
1632 3009 1863 3077 polluti;
1908 3012 2093 3066 cuncti

527 3090 799 3144 infirmum
828 3105 891 3145 ac
923 3091 1265 3162 proﬂigatum
1299 3096 1492 3150 salutis
1523 3113 1636 3152 sure
1668 3103 1943 3170 negotium
1972 3119 2094 3160 esse

527 3181 912 3236 ostendebant.
941 3181 1076 3236 Nam
1116 3185 1281 3239 veluti
1324 3187 1368 3240 si
1403 3188 1528 3256 quis
1567 3190 1806 3258 agricola
1857 3195 2093 3261 peractis

530 3274 1003 3338 scminationibus,
1047 3283 1102 3329 et
1135 3275 1244 3344 jam
1277 3276 1522 3347 frugibus
1557 3297 1788 3338 messem
1813 3286 2094 3353 postulan-

535 3361 700 3425 tibus,
728 3379 852 3417 mox
880 3364 1108 3435 ignavia:
1131 3382 1190 3421 se
1211 3367 1450 3433 dederet,
1474 3371 1916 3439 agricolationem
1939 3390 2094 3430 suam

525 3455 936 3523 pessunidaret,
987 3458 1319 3526 praeteritum
1354 3475 1570 3516 onmem
1613 3463 1852 3519 laborem
1899 3467 2095 3522 inertia

526 3558 624 3599 sua
661 3543 863 3598 futileni
891 3545 1174 3601 redderet:
1213 3548 1295 3601 sic
1314 3564 1431 3615 vos,
1475 3551 1675 3622 inquit,
1705 3564 1786 3609 tot
1818 3559 2096 3629 tantisque

525 3635 684 3688 bonis
705 3634 880 3704 potiti,
920 3637 1128 3704 egressi
1160 3635 1396 3709 Egypto
1414 3678 1430 3703 ,
1457 3657 1681 3699 emenso
1708 3645 1946 3712 deserto,
1978 3649 2096 3721 lege

525 3734 765 3796 accepta,
792 3728 1115 3796 promissam
1141 3738 1340 3786 terram
1364 3733 1567 3804 adepti,
1585 3744 1640 3790 et
1663 3737 1717 3790 in
1739 3741 2096 3800 conveniente

526 3819 771 3887 religioni
797 3819 914 3874 loco
937 3821 1256 3890 constituti;
1288 3841 1412 3880 cum
1433 3826 1544 3895 jam
1571 3826 1778 3886 fructus
1811 3835 2096 3900 oportebat

525 3912 594 3966 ad
629 3913 794 3968 Deum
826 3914 986 3982 ferre,
1016 3922 1150 3969 tunc
1184 3920 1366 3972 omnia
1400 3920 1570 3974 vestri
1612 3922 1784 3991 gratia
1821 3932 1965 3989 acta,
2000 3941 2098 3994 per

525 4004 784 4059 malitiam
817 4013 1054 4060 vestram
1090 4021 1249 4062 cassa
1289 4008 1578 4065 effecistis:
1615 4013 1820 4068 omissa
1848 4017 2096 4071 videlicet

525 4103 648 4163 post
699 4105 776 4150 tot
827 4097 1064 4167 taliaque
1116 4098 1379 4154 beneficia
1438 4100 1714 4158 fructuum
1769 4106 2092 4173 redditione,

527 4187 775 4256 factaque
804 4188 869 4241 ad
893 4189 1081 4242 vitium
1117 4191 1413 4247 universali
1443 4200 1608 4262 atque
1629 4196 1943 4250 omnimoda
1971 4214 2094 4268 per-

523 4278 794 4332 versione.
835 4277 992 4332 Paria
1034 4280 1120 4336 his
1169 4283 1310 4350 apud
1363 4282 1596 4337 Isaiam:
1645 4284 2002 4354 «Exspectavi
2037 4297 2096 4342 ut

525 4369 728 4423 faceret
750 4385 929 4434 uvam,
955 4371 1082 4425 fecit
1107 4382 1284 4428 autem
1307 4373 1892 4444 spinas".i—clncipe
1913 4376 2095 4448 fruges

523 4459 798 4528 colligere,
848 4475 970 4513 cum
1017 4477 1115 4530 ego
1158 4472 1481 4517 convertero
1512 4464 1878 4532 captivitatem
1911 4469 2094 4537 p0puli

2197 2005 2466 2076 Σιμεὼν),
2494 2005 2582 2058 ἵνα
2631 2005 2708 2074 (8)
2764 2005 3026 2075 πορνικὴν
3075 2005 3336 2075 ἐπήρειαν
3392 2005 3762 2073 ὑπομείνασαν

2198 2098 2377 2150 ἴδωσιν
2402 2096 2580 2149 αὑτῶν
2610 2096 2708 2166 τὴν
2749 2095 3004 2166 ἀδελφὴν,
3045 2095 3064 2165 (
3089 2110 3144 2164 p.
3173 2096 3276 2166 48)
3303 2095 3569 2166 τοσαύτην
3608 2095 3762 2164 ἔσχον

2195 2187 2293 2258 τὴν
2332 2186 2698 2257 ἀγανάκτησιν
2745 2186 2836 2238 ἐπὶ
2873 2185 2950 2256 τῷ
2983 2187 3260 2254 γεγονότι,
3308 2185 3448 2239 ὥστε
3489 2185 3762 2257 λαθραίως

2199 2280 2296 2349 μὲν
2322 2279 2414 2332 καὶ
2445 2278 2580 2348 μετά
2603 2277 2752 2330 δόλου
2767 2277 3107 2348 διαλεχθῆναι
3134 2279 3244 2339 τοῖς
3266 2276 3573 2345 Σικιμίταις
3598 2290 3765 2344 προσ-

2195 2369 2503 2440 ποιούμενοι
2545 2367 2757 2438 φιλίαν·
2803 2369 2960 2421 τοῦτο
2991 2368 3097 2439 γὰρ
3134 2367 3279 2435 λέγει
3309 2368 3388 2430 τὸ,
3419 2385 3438 2416 ι
3476 2364 3761 2436 Ἐκρυψαν

2195 2463 2332 2516 ὁδόνο
2359 2481 2378 2513 ι
2405 2460 2594 2534 καιροῦ
2610 2462 2665 2514 δέ
2680 2460 2984 2531 λαϐόμενοι,
3003 2461 3204 2521 πάντας
3231 2459 3348 2510 κατ’
3369 2457 3531 2511 αὑτὸν
3551 2458 3761 2510 ἀνεῖλον

2196 2552 2336 2622 ὑπὲρ
2353 2550 2442 2604 τοῦ
2467 2550 2766 2620 γεγονότος.
2805 2569 2823 2600 ι
2863 2550 2950 2602 Ἐν
2982 2550 3060 2619 τῷ
3092 2547 3224 2619 οἴκῳ
3253 2547 3342 2600 τοῦ
3376 2547 3588 2618 Ἰσραὴλ
3623 2544 3760 2600 εἶδον

2197 2642 2462 2714 φρικώδη,
2490 2644 2606 2695 ἐκεῖ
2637 2641 2890 2712 πορνείαν
2925 2640 3019 2693 τοῦ
3066 2641 3322 2712 Ἐφραῖμ.
3364 2660 3384 2694 ι
3423 2641 3532 2692 Καὶ
3562 2640 3630 2692 τὰ
3661 2640 3759 2707 μὲν

2196 2735 2436 2802 ἐκείνων,
2464 2735 2616 2806 φησι,
2644 2733 2892 2787 τοιαῦτα·
2921 2731 3015 2786 νῦν
3037 2732 3094 2786 δέ
3126 2735 3183 2785 ἐν
3209 2733 3407 2786 ἅπαντι
3432 2730 3511 2801 τῷ
3544 2731 3761 2801 Ἰσραὴλ

2197 2829 2396 2899 φρίκης
2417 2825 2552 2881 εἰδον
2579 2827 2769 2898 μεστά,
2790 2825 3046 2896 πορνείαν
3070 2825 3325 2879 ἀπάντων
3345 2824 3445 2877 οὑκ
3469 2826 3526 2875 ἐν
3549 2821 3762 2892 σώματι

2197 2921 2487 2984 συστᾶσαν,
2535 2919 2650 2972 ἀλλ’
2689 2920 2746 2972 ἐν
2775 2917 3038 2988 διαφθορᾷ
3085 2917 3263 2987 ψυχῆς
3306 2915 3400 2969 καὶ
3461 2916 3760 2968 ἀποστάσει

2194 3009 2354 3064 Θεοῦ.
2391 3031 2410 3062 ι
2458 3009 2719 3080 Ἐμιάνθη
2768 3008 3003 3080 Ἰσραὴλ,
3037 3010 3131 3062 καὶ
3174 3007 3370 3072 Ἰούδας
3398 3006 3579 3076 ἀφῆκε
3608 3004 3758 3075 θεριο

2196 3103 2330 3173 σμὸν
2359 3101 2542 3156 αὑτοῦ.
2583 3119 2603 3153 ι
2632 3100 2837 3162 Πάντες
2857 3098 2991 3169 πρὸς
3015 3098 3141 3169 μίαν
3165 3093 3301 3150 εἶδον
3318 3097 3662 3168 παρανομίαν
3689 3099 3759 3167 τῇ

2119 3226 2161 3284 C
2192 3197 2301 3250 τῶν
2329 3195 2558 3249 εἰδώλων
2587 3193 2899 3266 μιανθέντες
2925 3192 3190 3264 θρησκεία
3209 3209 3222 3224 ⁸
3247 3191 3340 3244 καὶ
3365 3191 3564 3254 πάντες
3592 3189 3758 3258 ἀτελή

2195 3288 2289 3342 καὶ
2321 3285 2720 3358 διεφθαρμένην
2752 3284 2848 3356 τὴν
2884 3283 3090 3337 ἑαυτῶν
3127 3281 3413 3348 ἀπέδειξαν
3451 3280 3723 3351 σωτηρίαν
3748 3296 3763 3310 ’

2195 3380 2270 3443 ὼς
2293 3379 2402 3450 γὰρ
2427 3378 2479 3431 εί
2495 3396 2579 3440 τις
2607 3377 2848 3446 γεωργὸς
2877 3375 3266 3430 τελειωθέντων
3292 3374 3640 3445 σπερμάτων,
3666 3373 3760 3425 καὶ

2193 3464 2286 3518 τοῦ
2316 3465 2528 3536 καρποῦ
2555 3462 2647 3516 τὸν
2682 3461 2940 3532 θερισμὸν
2963 3460 3337 3523 ἀπαιτοῦντος,
3364 3460 3464 3530 ἤδη
3493 3459 3629 3530 πρὸς
3663 3460 3761 3528 ρᾳ-

2196 3557 2396 3626 θυμίαν
2433 3555 2574 3619 ἰδὼν,
2600 3553 2917 3607 ἀπολέσειεν
2951 3553 3049 3624 μὲν
3079 3552 3148 3606 τὰ
3174 3552 3573 3624 γεωργηθέντα,
3604 3551 3760 3602 κενὸν

2194 3643 2251 3696 δὲ
2278 3647 2452 3698 πάντα
2474 3645 2564 3698 τὸν
2593 3642 2956 3713 προειληφότα
2978 3641 3137 3695 πόνον
3164 3642 3251 3694 διὰ
3274 3641 3374 3712 τῆς
3394 3642 3598 3704 οἰκείας
3627 3642 3760 3693 ἀπο-

2195 3737 2412 3806 φήνειεν
2439 3735 2706 3805 ῥᾳθυμίας
2730 3751 2742 3763 ·
2777 3735 2945 3796 οὕτως
2975 3735 3149 3804 ὑμεῖς,
3174 3733 3306 3803 φησι
3324 3774 3339 3797 ,
3368 3731 3635 3784 τοσούτων
3663 3732 3759 3783 καὶ

2195 3826 2526 3894 τηλικούτων
2594 3826 3024 3888 ἀπολελαυκότες
3081 3825 3326 3894 ἀγαθῶν,
3382 3823 3760 3893 ἐξεληλυθότες

2193 3920 2467 3989 Αἰγύπτου
2489 3961 2504 3978 .
2538 3919 2819 3982 διαϐάντες
2860 3919 2960 3989 τὴν
2989 3917 3212 3988 ἔρημον,
3247 3917 3408 3986 νόμον
3453 3915 3756 3984 δεξάμενοι,

2194 4013 2292 4080 τὴν
2346 4011 2451 4080 γῆν
2503 4009 2860 4080 ἀπειληφότες
2912 4009 3010 4079 τὴν
3057 4007 3494 4079 ἐπηγγελμένην,
3545 4008 3637 4058 τὸν
3688 4009 3754 4076 τῇ

2196 4101 2459 4171 θρησκεία
2486 4101 2761 4170 πρέποντα
2783 4099 3112 4169 κτησάμενοι
3138 4097 3300 4148 τόπον
3323 4113 3338 4128 ’
3360 4097 3447 4149 ὅτε
3472 4097 3598 4157 τοὺς
3623 4112 3758 4166 καρο

2196 4193 2328 4256 ποῦς
2373 4192 2537 4263 ἐχρῆν
2586 4191 2768 4244 λοιπὸν
2809 4191 2884 4260 (p.
2923 4189 3012 4261 49)
3043 4188 3122 4259 τῷ
3174 4187 3292 4258 Θεῷ
3347 4185 3754 4259 προσκομίζειν,

2197 4282 2313 4334 τότε
2345 4283 2523 4334 πάντα
2553 4281 2623 4334 τὰ
2651 4281 2789 4347 ὑπὲρ
2823 4281 2975 4351 ὑμῶν
3005 4279 3264 4350 γεγονότα
3291 4278 3520 4350 περιττά
3545 4278 3631 4331 διὰ
3658 4279 3758 4346 τῆς

2195 4374 2402 4426 ἑαυτῶν
2450 4372 2766 4436 ἀπεδείξατε
2813 4371 3043 4433 κακίας·
3081 4373 3306 4438 ἀφέντες
3341 4370 3438 4439 μὲν
3468 4369 3531 4421 τὸ
3571 4369 3760 4422 ἀποδι-

2194 4464 2338 4516 δόναι
2357 4461 2432 4532 τῷ
2455 4463 2572 4532 Θεῷ
2590 4464 2713 4524 τοὺς
2737 4462 2880 4532 ὑπὲρ
2899 4461 3004 4514 τῶν
3025 4461 3290 4513 τοσούτων
3314 4460 3405 4512 καὶ
3428 4459 3758 4530 τηλικούτων

525 4555 650 4614 mei,
671 4561 725 4607 et
745 4553 998 4608 lsraelem
1023 4570 1307 4608 sanavero.
1331 4574 1349 4608 ι
1388 4555 1752 4622 Quamobrem
1775 4559 1928 4613 vobis
1950 4575 2090 4615 novo

2193 4555 2516 4626 εὐεργεσιῶν
2536 4556 2796 4625 καρποὺς,
2829 4553 2956 4624 περὶ
2975 4553 3031 4605 δέ
3052 4553 3147 4623 τὴν
3173 4551 3266 4605 τοῦ
3296 4553 3537 4623 χείρονος
3569 4554 3760 4622 ἐκτρο-

525 4645 678 4699 initio
708 4660 846 4714 opus
867 4653 972 4709 est,
991 4648 1135 4714 quod
1164 4662 1267 4716 ego
1295 4663 1390 4718 per
1413 4663 1680 4702 summam
1703 4649 2093 4721 benignitatem

525 4736 679 4790 vobis
710 4737 1025 4799 concedam,
1076 4738 1207 4790 dum
1236 4748 1429 4807 praeter
1455 4754 1603 4808 spem
1637 4756 1852 4796 omnem
1900 4742 2092 4798 huma-

526 4843 650 4880 nam
682 4829 747 4882 de
776 4830 1088 4897 captivitate
1117 4844 1212 4883 vos
1257 4829 1535 4884 reducam.
1571 4829 1706 4885 Nam
1746 4841 1892 4888 certe
1919 4834 1962 4887 si
1991 4850 2088 4888 vo-

526 4919 734 4974 lucritis
769 4919 836 4973 ad
873 4921 1150 4975 meliorem
1189 4923 1350 4974 vitam
1397 4921 1697 4979 intendere.
1748 4939 1890 4978 novo
1933 4927 2088 4980 vobis

524 5013 680 5065 initio
700 5028 836 5080 opus
861 5020 943 5066 est
970 5029 984 5078 ;
1018 5023 1075 5065 ut
1097 5013 1140 5065 si
1165 5013 1398 5082 denique
1425 5023 1770 5082 acceptorum
1801 5031 2084 5070 munerum

523 5104 896 5174 magnitudine
929 5103 1224 5172 pudefacti,
1272 5105 1324 5157 in
1357 5106 1574 5160 virtutis
1616 5106 1798 5160 studio
1825 5107 2082 5178 deinceps

523 5196 835 5258 versemini,
883 5197 934 5249 id
963 5197 1117 5250 vobis
1166 5195 1414 5250 factitare
1465 5197 1645 5252 liceat.
1696 5197 1828 5250 Nam
1857 5200 2085 5252 verbum

527 5307 545 5338 ι
570 5288 748 5356 Incipe
771 5307 786 5336 ι
825 5287 960 5341 dicit
993 5303 1113 5356 pro.
1144 5286 1388 5356 Incipere
1417 5287 1648 5355 poteris,
1685 5302 1807 5340 cum
1850 5288 2088 5342 volueris

522 5381 588 5432 ad
617 5380 854 5433 oflicium
885 5389 1151 5448 spectare.
1188 5383 1339 5432 Nunc
1368 5394 1495 5432 vero
1520 5379 1692 5448 quid?

2190 4647 2299 4716 πὴν
2327 4645 2715 4715 ἀσχοληθέντες
2748 4645 2856 4697 ὅλοι
2903 4645 2968 4697 δι’
3005 4644 3175 4698 ὅλων·
3213 4642 3396 4713 ὅμοιόν
3429 4645 3543 4695 ἐστι
3579 4643 3758 4709 τούτῳ

2190 4737 2378 4791 καὶτὸ
2429 4736 2580 4807 παρὰ
2646 4737 2719 4806 τῷ
2764 4737 2992 4808 Ἡσαΐᾳ·
3033 4756 3052 4787 ι
3123 4737 3351 4806 Ἔμεινα
3405 4735 3495 4789 ἵνα
3557 4737 3760 4806 ποιήσῃ

2189 4830 2479 4898 σταφυλὴν,
2511 4829 2730 4898 ἐποίησε
2754 4828 2810 4881 δὲ
2837 4827 3094 4890 ἀκάνθας.
3122 4846 3139 4877 ι
3177 4857 3245 4867 --
3279 4846 3296 4877 ι
3328 4827 3527 4895 Ἀρχου
3551 4826 3758 4896 τρυγᾷν

2188 4919 2397 4987 σεαυτῷ
2437 4921 2493 4970 ἐν
2535 4918 2611 4987 τῷ
2645 4918 2992 4988 ἐπιστρέφειν
3021 4935 3086 4986 με
3117 4918 3216 4988 τὴν
3246 4917 3617 4987 αἰχμαλωσίαν
3659 4918 3758 4970 τοῦ

2190 5011 2318 5064 λαοῦ
2355 5014 2560 5080 μου,ἐν
2589 5011 2666 5082 τῷ
2698 5011 2878 5064 ἰᾶσθαί
2903 5028 2969 5081 με
2999 5011 3090 5064 τὸν
3130 5011 3364 5080 Ἰσραήλ.
3405 5028 3424 5059 ι
3455 5011 3617 5062 Ὢστε
3649 5011 3757 5063 δεῖν

2193 5105 2320 5173 ὑμῖν
2348 5103 2508 5157 πάλιν
2537 5103 2728 5174 ἐτέρας
2756 5103 2948 5173 ἀρχῆς,
2981 5103 3049 5172 ἣν
3072 5103 3137 5154 δι’
3173 5101 3614 5171 ὑπερϐάλλουσαν
3641 5101 3761 5170 φιλ-

2192 5194 2504 5265 ανθρωπίαν
2539 5194 2649 5263 ἐγὼ
2683 5193 2925 5265 παρέξω,
2961 5196 3024 5248 ἐκ
3055 5196 3156 5264 τῆς
3184 5194 3556 5265 αἰχμαλωσίας
3615 5193 3757 5263 ὑμᾶς

2195 5289 2347 5359 παρά
2377 5289 2556 5340 πᾶσαν
2589 5286 2935 5357 ἀνθρωπίνην
2983 5287 3269 5353 ἐπανάγων
3298 5285 3485 5338 ἐλπίδα
3510 5301 3523 5314 ’
3548 5282 3671 5335 τότε
3693 5281 3760 5352 δὴ

2193 5379 2380 5432 λοιπὸν
2420 5379 2556 5450 πρὸς
2588 5378 2648 5431 τὸ
2687 5380 2933 5448 κρεῖττον
2963 5379 3094 5448 όρᾷν
3135 5376 3396 5441 ἐθέλοιτε,
3430 5374 3604 5446 ἀρχῆς
3632 5374 3762 5443 ὑμῖν

523 5474 711 5543 ἐτέρας
742 5474 954 5544 δεήσει’
991 5475 1076 5526 ἵνα
1114 5472 1214 5526 κᾶν
1238 5472 1368 5541 γοῦν
1401 5473 1507 5525 τῶν
1550 5473 1668 5525 τότε
1703 5473 1918 5543 δωρεῶν
1969 5474 2345 5545 αἰσχυνθέντες
2395 5474 2455 5526 τὸ
2513 5473 2760 5544 μέγεθος,
2794 5474 2921 5542 περί
2974 5473 3073 5543 τὴν
3122 5471 3215 5525 τοῦ
3275 5470 3580 5542 κρείττονος
3631 5470 3760 5520 ἐαυ-

521 5569 646 5630 τοὺς
684 5569 992 5637 ἐπιμέλειαν
1032 5567 1266 5638 τρέψητε
1323 5567 1414 5619 τοῦ
1449 5567 1668 5630 λοιποῦ,
1716 5567 1834 5620 τότε
1872 5568 1968 5629 μὲν
2000 5569 2063 5638 δὴ
2087 5570 2264 5628 τοῦτο,
2297 5572 2480 5640 φησὶν,
2532 5571 2702 5621 ποιεῖν
2732 5570 2858 5638 ὑμῖν
2888 5568 3126 5632 ἐξέσται·
3160 5564 3221 5616 τὸ
3266 5563 3372 5631 γὰρ
3405 5579 3424 5613 ι
3477 5563 3698 5631 Ἄρχων
3735 5577 3756 5608 ³

521 5657 667 5723 λέγει
697 5659 815 5709 ἀντὶ
850 5658 966 5720 τοῦ,
999 5657 1298 5726 ’Λρξασθαι
1339 5657 1542 5729 δυνήσῃ
1565 5699 1578 5719 ,
1615 5651 1891 5727 βουληθεὶς
1924 5658 2056 5728 πρὸς
2083 5661 2140 5712 τὸ
2171 5661 2286 5712 δέον
2321 5661 2460 5712 ἰδεῖν.
2505 5660 2617 5712 Νῦν
2651 5659 2706 5711 δὲ
2742 5660 2824 5722 τί;

591 5785 635 5814 ’ί
673 5781 808 5841 Gen.
841 5799 1025 5846 xxxnv,
1058 5783 1127 5836 27
1156 5775 1276 5855 sqq.
1389 5786 1434 5816 “
1474 5783 1575 5838 lsa.
1613 5801 1666 5844 v,
1703 5784 1756 5837 4.

596 5894 672 5965 (8)
713 5894 934 5948 Videtur
969 5893 1160 5947 dgesse
1208 5895 1280 5964 μή
1311 5933 1323 5955 ,
1357 5895 1437 5948 vel
1471 5897 1818 5950 scribendum
1853 5909 1980 5948 csse
2005 5891 2145 5945 ὅτ’ἆν
2178 5889 2332 5945 εἶδον.
