3994 6510
243 405 348 461 .165

868 520 1022 575 ΚΕΦ.
1055 521 1128 576 Ζ’.

316 655 466 723 Στιχ.
509 653 650 708 α’-δ’.
681 683 751 698 --
786 673 805 708 ‹
861 656 970 710 Καὶ
1000 659 1506 733 ἀποκαλυφθήσεται
1555 662 1590 732 ἠ
1625 660 1805 716 ἀδικία

259 742 500 815 Ἑφραῒμ
522 785 537 807 ,
575 745 670 799 καὶ
703 746 736 816 ἡ
771 747 939 800 κακία
981 749 1328 821 Σαμαρείας,
1374 753 1455 805 ὄτι
1487 753 1806 824 εἰργάσαντο

243 837 432 907 ψευδῆ.
468 855 486 888 ι
503 836 773 908 Πρόδηλος
795 837 995 892 ἅπασιν
1021 843 1054 912 ή
1078 843 1387 914 παρανομία
1403 845 1468 914 ἢν
1488 844 1802 914 είργάζεσθε

242 929 482 993 ἅπαντες
502 970 516 994 ,
551 931 643 983 καὶ
673 931 754 983 ὅτι
800 932 1131 996 ἀποστάντες
1169 951 1268 1004 μου
1289 975 1304 1000 ,
1340 935 1476 1005 πρὸς
1519 935 1578 987 τὸ
1613 935 1804 1005 ψεῦδος

241 1025 473 1094 ἑωρᾶτε,
501 1026 577 1094 (p.
611 1025 698 1092 50)
735 1022 822 1076 διὰ
861 1024 961 1093 τῆς
991 1025 1260 1096 τιμωρίας
1285 1026 1353 1096 ἦν
1379 1026 1695 1096 ὑπομενεῖτε
1731 1027 1804 1079 δι-

239 1115 413 1176 καίως
451 1115 588 1186 ὑπὲρ
617 1109 692 1168 ῶν
730 1115 1083 1185 παρενομείτε
1113 1115 1367 1168 τοιαῦται
1397 1117 1536 1183 πῶς,
1572 1116 1665 1170 καὶ
1685 1117 1802 1170 τίνα

238 1207 334 1258 τὸν
355 1207 554 1276 τρόπον
579 1222 592 1269 ;
617 1224 635 1256 ι
668 1206 778 1259 Καὶ
812 1205 1047 1274 κλέπτης
1073 1205 1208 1277 πρὸς
1235 1206 1395 1260 αὐτὸν
1422 1207 1801 1275 εἰσελεύσεται,

237 1295 568 1349 ὲκδιδύσκων
596 1295 797 1366 λῃστὴς
827 1297 884 1347 ὲν
902 1298 966 1366 τῇ
995 1294 1097 1365 ὁδῷ
1125 1295 1311 1358 αὑτοῦ,
1341 1297 1486 1359 ὅπως
1508 1297 1802 1367 συνᾴδωσιν

235 1386 458 1456 ᾄδοντες
491 1386 546 1436 ὲν
583 1388 648 1455 τῇ
705 1384 901 1454 καρδίᾳ
940 1384 1140 1437 αὐτῶν.
1191 1403 1211 1436 ι
1267 1385 1355 1447 Ὦς
1383 1384 1490 1455 γάρ
1531 1385 1595 1438 ἂν
1632 1386 1684 1438 εἴ
1718 1403 1804 1450 τις

235 1476 539 1547 κλέπτηςῆ
571 1473 770 1547 λῃστὴς
815 1475 873 1526 ἐν
902 1473 1006 1544 ὁδῷ
1051 1492 1182 1528 ποτε
1213 1475 1517 1546 περιτυχὼν
1535 1475 1806 1529 ὲκδύσειεν

225 1569 366 1629 τοὺς
398 1566 813 1637 προστυχόντας,
839 1567 932 1619 καὶ
963 1568 1041 1630 είς
1063 1567 1238 1620 οίκίαν
1253 1567 1505 1620 εἰσελθὼν
1524 1567 1592 1620 τά
1617 1568 1802 1620 ἐνόντα

229 1657 428 1712 λάϐοι·
478 1656 640 1720 οὕτω,
687 1658 868 1726 φησὶν,
917 1656 1233 1720 ἐπελθόντες
1286 1660 1416 1729 ὑμῖν
1461 1660 1510 1711 ol.
1558 1659 1802 1730 πολέμιοι

223 1749 456 1802 ἅπαντα
481 1749 552 1802 τά
580 1765 639 1800 τε
666 1748 786 1800 κατ’
831 1749 1009 1801 οίκίαν
1040 1749 1109 1803 τά
1130 1765 1190 1802 τε
1221 1749 1324 1815 ἔξω
1358 1751 1630 1820 προσόντα
1673 1752 1802 1821 ὑμῖν

225 1839 518 1909 αἱροῦσιν,
556 1839 626 1890 τά
669 1837 768 1907 μὲν
803 1839 1192 1908 ἀφαιροῦντες,
1231 1841 1300 1894 τά
1345 1841 1401 1893 δὲ
1451 1843 1800 1910 ἀφανίζοντες

231 1929 549 1991 παντελῶςο
598 1929 738 1981 ὥστε
780 1929 1023 1993 ἅπαντας
1073 1932 1218 2001 ὑμᾶς
1248 1933 1351 1985 ὑπὸ
1379 1935 1478 2005 τῆς
1520 1939 1798 2007 συμφορᾶς

229 2019 669 2088 κατεχομένους,
701 2019 917 2089 ᾄσματα
965 2019 1162 2090 θρήνου
1205 2022 1376 2091 μεστά
1418 2024 1556 2077 κατὰ
1607 2025 1799 2078 ταυτὸν

231 2109 403 2178 ᾄδειν,
437 2109 803 2177 ὖδυνωμένους
823 2125 882 2160 τε
911 2110 1052 2162 κατά
1078 2111 1302 2182 καρδίαν
1327 2113 1419 2165 ἐπὶ
1447 2117 1556 2177 τοῖς
1579 2114 1799 2184 γινομέ-

230 2217 384 2263 νοις,
419 2201 512 2252 καὶ
551 2200 974 2271 ὀλοφυρομένους
1027 2202 1092 2253 δι’
1129 2203 1495 2274 ὀλοφυρτικῶν
1539 2207 1798 2275 ῥημάτων

229 2294 331 2344 ἐπὶ
364 2292 444 2362 τῷ
495 2293 709 2360 μεγέθει
757 2293 862 2344 τῶν
901 2293 1191 2364 συμφορῶν
1235 2295 1344 2348 τῶν
1388 2297 1797 2366 συμϐαινουσῶν

228 2383 388 2451 ὑμῖν.
429 2401 447 2432 ‹
481 2381 594 2433 Νῦν
625 2381 928 2435 ὲκύκλωσεν
961 2383 1156 2446 αὐτοὺς
1182 2384 1248 2436 τά
1274 2384 1554 2438 διαϐούλια
1598 2387 1795 2452 αὐτῶν,

227 2471 497 2524 ἀπέναντι
532 2471 624 2523 τοῦ
657 2471 946 2542 προσώπου
997 2489 1094 2541 μου
1128 2474 1393 2543 ἐγένοντο.
1442 2495 1461 2523 ι
1521 2475 1796 2530 Ἀπάντων

225 2560 298 2630 δὴ
335 2560 444 2611 τῶν
477 2561 611 2629 μετά
636 2561 834 2630 πολλῆς
859 2562 1036 2616 αὐτῶν
1061 2563 1548 2634 ὲπιτετελεσμένων
1567 2567 1665 2636 τῆς
1696 2585 1796 2619 κα-

228 2653 359 2714 κίας
415 2653 633 2722 μνήμην
687 2653 884 2717 λαϐὼν,
939 2654 1214 2726 περιϐαλῶ
1274 2657 1551 2726 μεγίστοις
1601 2659 1796 2722 αὐτοὺς

223 2743 422 2803 κακοῖς
439 2757 452 2769 ·
479 2742 738 2809 ἀνάλογον
763 2737 841 2804 οἷς
865 2741 1236 2813 βουλευόμενοι
1259 2746 1398 2813 μετά
1421 2746 1625 2816 πολλῆς
1651 2749 1798 2802 ἀναι-

225 2831 378 2891 δείας
414 2832 500 2884 ἐπ’
529 2831 680 2899 ὄψεσι
722 2831 1098 2902 διεπράττοντο
1131 2837 1247 2896 ταῖς
1279 2836 1456 2903 ὲμαῖς.
1487 2853 1506 2886 ι
1555 2836 1641 2888 Ἐν
1675 2840 1796 2901 ταῖς

225 2921 455 2984 κακίαις
467 2920 747 2991 ηύφραναν
765 2921 1018 2991 βασιλεῖς,
1043 2926 1136 2976 καὶ
1157 2924 1214 2976 ὲν
1232 2928 1342 2987 τοῖς
1357 2925 1602 2994 ψεύδεσιν
1619 2929 1796 2982 αὐτῶν

224 3012 520 3082 ἄρχοντας.
560 3033 578 3063 ι
607 3018 681 3083 (p.
709 3013 797 3078 51)
827 3015 986 3066 Ὥστε
1020 3015 1216 3086 πολλὴν
1253 3021 1365 3080 τοῖς
1391 3019 1650 3083 ἐναντίοις
1686 3023 1793 3074 εἴτε

227 3102 545 3172 βασιλεῦσιν
564 3103 671 3154 εἴτε
699 3105 951 3173 ἄρχουσιν
969 3103 1156 3175 ἡδονὴν
1185 3104 1520 3174 ἐγγενέσθαι,
1549 3106 1598 3159 οἳ
1624 3125 1794 3161 κατα-

1253 406 1801 468 COMMENTABIUS
1836 409 2140 471 LVOSEJE
2175 410 2329 466 CAP.
2357 411 2469 467 VII.

1830 534 1881 588 Α

3355 413 3458 468 160

2490 523 2714 581 CAPUT
2754 523 2862 579 VII.

1968 653 2458 726 33Vsns.l-4.—-¢
2471 655 2536 712 Et
2547 659 2870 714 revctabitur
2887 657 3143 728 iniquitas
3159 657 3457 728 Epliraimi,

1899 755 1954 800 et
1992 745 2248 802 Samariae
2271 748 2492 812 maiitia,
2515 749 2639 819 quia
2665 750 2866 819 operati
2890 759 3017 804 sunt
3043 749 3401 804 mendacium.
3433 768 3454 802 ι

1901 837 2073 902 Quam
2111 838 2412 908 operamini
2449 853 2638 894 omnes
2673 839 2966 908 nequitiam
2991 879 3006 904 ,
3038 840 3164 893 dum
3193 855 3222 893 a
3253 857 3337 894 me
3374 840 3460 894 di-

1898 929 2072 999 gressi
2107 929 2173 984 ad
2205 929 2549 985 mendacium
2579 931 2837 999 spectatis
2859 972 2872 995 ,
2909 945 2971 984 ea
3005 929 3287 987 manifesta
3322 948 3460 986 cun-

1899 1021 2003 1075 ctis
2052 1022 2141 1075 ﬁet
2191 1036 2222 1076 a
2280 1036 2474 1090 poma,
2509 1037 2670 1092 quam
2722 1022 2919 1076 merito
2972 1023 3042 1077 ob
3093 1023 3205 1078 haec
3260 1024 3460 1094 ﬂagitia

1899 1111 2078 1166 luetis.
2108 1113 2278 1177 Quam
2316 1115 2386 1168 ob
2423 1129 2570 1177 rem,
2611 1121 2704 1166 aut
2743 1115 3049 1182 quomodo?
3076 1134 3093 1166 ‹
3123 1114 3188 1168 Et
3238 1115 3326 1169 iur
3373 1117 3459 1170 in-

1901 1201 2172 1270 gredietur
2212 1201 2278 1255 ad
2313 1218 2457 1268 eum,
2491 1203 2628 1256 latro
2659 1205 2897 1272 spolians
2932 1205 2985 1258 in
3025 1205 3128 1270 via,
3177 1215 3236 1259 ut
3273 1207 3460 1260 conci-

1900 1298 2032 1344 nant
2084 1300 2340 1348 canentes
2387 1294 2440 1346 in
2494 1293 2659 1348 corde
2704 1308 2822 1348 suo.
2857 1313 2876 1345 ι
2902 1293 3034 1347 Nam
3065 1295 3230 1349 veluti
3261 1297 3306 1350 si
3336 1299 3462 1365 quis

1899 1372 1988 1429 fur
2024 1383 2118 1429 aut
2155 1376 2292 1430 latro
2332 1377 2386 1432 in
2423 1379 2509 1432 via
2547 1381 2838 1450 aliquando
2884 1396 3179 1438 occurrens
3223 1384 3461 1440 viatores

1899 1467 2114 1537 spoliet,
2152 1477 2206 1523 et
2238 1469 2381 1526 aedes
2420 1471 2720 1540 ingressus,
2762 1488 2872 1526 rem
2913 1473 3262 1528 domesticam
3311 1472 3461 1528 aufe-

1900 1565 1983 1611 rat
2010 1576 2026 1614 :
2062 1561 2140 1614 sic
2160 1599 2175 1624 ,
2207 1561 2415 1633 inquit,
2448 1565 2892 1632 supervenientes
2918 1566 3070 1620 vobis
3101 1566 3314 1630 hostes,
3343 1582 3461 1619 om-

1899 1650 1990 1703 nia
2037 1666 2158 1721 qua:
2207 1653 2320 1708 sive
2353 1653 2498 1708 domi
2537 1655 2652 1710 sive
2685 1664 2838 1711 extra
2875 1658 3162 1726 possidetis
3211 1659 3456 1728 capient,

1899 1740 2097 1810 partim
2127 1755 2464 1812 asportantes
2485 1785 2500 1810 ,
2535 1748 2729 1816 partim
2763 1747 3008 1803 funditus
3031 1759 3412 1806 consumentes
3438 1769 3456 1818 ;

1900 1830 1974 1886 ita
2026 1841 2084 1887 ut
2131 1850 2226 1890 vos
2279 1851 2466 1892 omnes
2517 1840 2824 1895 calamitate
2859 1828 3098 1910 'pressi,
3162 1843 3456 1898 cantilenas

1899 1921 2134 1979 lamento
2175 1925 2362 1994 plenas
2406 1927 2568 1982 simul
2615 1930 2950 1996 concinatis,
2999 1947 3121 1986 cum
3169 1934 3456 2004 gentilibus

1898 2015 2080 2069 cordis
2112 2015 2182 2069 ob
2215 2015 2524 2085 hujusmodi
2553 2029 2804 2075 eventum
2823 2061 2838 2086 ,
2867 2031 2920 2075 et
2947 2037 3070 2076 cum
3101 2023 3250 2078 vocis
3277 2025 3454 2078 ulula-

1897 2104 2079 2166 tibus,
2121 2115 2343 2175 propter
2380 2107 2804 2164 inl'ortumorum
2843 2112 3160 2181 gravitatem
3201 2131 3320 2184 quae
3359 2131 3456 2170 vos

1896 2195 2323 2264 corripuerunm
2336 2197 2377 2250 N
2388 2211 2490 2250 unc
2505 2195 2972 2254 circumdederunt
2987 2214 3081 2257 eos
3103 2205 3456 2274 cogitationes

1896 2297 2047 2349 suat;
2080 2297 2263 2338 coram
2299 2284 2437 2339 facie
2473 2301 2590 2339 mea
2625 2287 2781 2342 facta:
2815 2298 2961 2343 sunt.
2992 2309 3009 2342 ι
3039 2289 3154 2344 Jam
3189 2309 3314 2345 vero
3340 2309 3458 2346 om-

1896 2375 2045 2427 nium
2085 2375 2152 2429 ab
2200 2376 2334 2446 ipsis
2374 2384 2709 2446 patratorum
2749 2381 3006 2434 malitiam
3046 2381 3101 2435 in
3141 2385 3454 2436 memoriam

1896 2476 2191 2527 revocans,
2217 2465 2474 2533 gravibus
2496 2483 2590 2522 eos
2613 2469 2770 2522 malis
2799 2469 3036 2523 irretiam
3066 2487 3081 2536 ;
3116 2472 3304 2524 merito
3332 2472 3455 2540 qui-

1895 2551 2014 2606 dem
2048 2565 2266 2624 propter
2297 2558 2518 2611 multam
2551 2575 2658 2628 qua
2693 2576 2802 2629 prae
2838 2562 3011 2616 oculis
3048 2565 3179 2616 meis
3219 2564 3289 2615 ita
3329 2579 3456 2633 ege-

1895 2651 2024 2697 runt
2061 2644 2470 2714 impudentiam.
2506 2669 2524 2700 ι
2555 2650 2932 2720 lniquitatibus
2985 2653 3098 2707 suis
3151 2653 3456 2708 laetiﬁcave-

1895 2743 2022 2787 runt
2073 2751 2267 2805 reges,
2320 2739 2615 2794 mendaciis
2663 2743 2778 2796 suis
2834 2743 3122 2813 principes.
3163 2763 3181 2794 ι
3220 2744 3458 2814 Contigit

1894 2827 2056 2889 enim,
2083 2835 2140 2879 ut
2170 2827 2295 2882 hinc
2325 2831 2546 2882 multam
2580 2839 2691 2884 tum
2724 2848 2876 2902 reges
2912 2845 3022 2887 tum
3060 2835 3331 2903 principes
3360 2849 3456 2889 ca-

1895 2927 2081 2986 perent
2106 2919 2464 2988 voluptatem;
2487 2923 2578 2990 qui
2617 2923 2817 2977 ideirco
2845 2939 2938 2978 eos
2970 2927 3325 2994 superabunt,
3363 2941 3456 2979 ca-

1894 3011 2176 3081 ptivosque
2227 3015 2526 3079 abducent,
2581 3026 2800 3086 propter
2849 3027 3070 3086 peccata
3123 3019 3454 3074 adamussim

1894 3118 2014 3171 quae
2042 3105 2476 3171 commiserunt;
2513 3115 2566 3159 et
2612 3109 2737 3174 quia
2782 3107 3008 3162 scientia
3065 3109 3165 3162 mei
3218 3110 3455 3172 omissa,

224 3197 404 3264 κρατή
414 3193 562 3246 σουσί
577 3209 635 3244 τε
659 3193 832 3245 αὐτῶν
855 3195 946 3246 καὶ
961 3192 1334 3264 αἰχμαλώτους
1347 3194 1627 3265 λήψονται,
1653 3197 1793 3267 ὑπὲρ

1895 3191 2090 3246 falsum
2133 3202 2186 3248 et
2221 3194 2622 3251 frauduientum
2657 3198 2961 3252 daemonum
3010 3200 3212 3254 cultum
3248 3201 3458 3256 ascive-

223 3279 302 3338 ὧν
328 3300 389 3336 τε
418 3283 802 3354 διεπράττοντο
817 3283 1000 3336 κακῶν
1022 3301 1035 3314 ο
1057 3285 1149 3338 καὶ
1168 3285 1249 3337 ὅτι
1271 3285 1334 3356 δὴ
1357 3286 1456 3356 τὴν
1483 3286 1620 3358 ἐμὴν
1641 3287 1797 3356 ἀφέν-

221 3393 317 3439 τες
335 3376 558 3444 γνῶσιν,
571 3375 668 3446 τὴν
681 3376 855 3446 ψευδῆ·
866 3378 956 3429 καὶ
971 3377 1251 3447 άπατηλὴν
1265 3377 1374 3430 τῶν
1385 3377 1650 3447 δαιμόνων
1667 3396 1794 3449 μετ-

219 3467 398 3537 ῄεσαν
433 3466 748 3538 θρησκείαν.
778 3486 795 3516 ι
835 3467 1041 3530 Πάντες
1081 3466 1420 3538 μοιχεύοντες
1447 3468 1522 3531 ὡς
1549 3467 1794 3532 κλίϐανος

223 3560 522 3631 καιόμενος
551 3561 632 3622 είς
665 3559 846 3627 πέψιν.
893 3578 910 3610 ι
947 3557 1257 3628 Συμφώνως
1294 3558 1402 3630 γάρ
1430 3559 1662 3623 ἀπαντες
1694 3560 1796 3630 τῆς

221 3652 481 3720 γνώσεως
504 3651 835 3711 ἀποστάντες
872 3650 969 3718 τῆς
995 3649 1131 3720 ὲμῆς
1150 3650 1400 3720 μοιχικήν
1425 3667 1548 3704 τινα
1571 3651 1794 3721 γνώμην

219 3741 574 3804 ἀνεδέξαντο,
623 3740 756 3810 πρὸς
800 3741 897 3810 τὴν
947 3739 1054 3792 τῶν
1097 3739 1364 3810 δαιμόνων
1409 3741 1793 3805 ἀποκλίναντες

221 3834 524 3905 θεραπείαν
545 3850 560 3865 ο
592 3834 683 3886 καὶ
704 3832 856 3902 δίκην
885 3831 1134 3886 κλιϐάνου
1171 3831 1305 3900 πρὸς
1329 3831 1490 3902 πέψιν
1519 3834 1792 3886 ἐκκεκαυ-

223 3925 392 3996 μένου
413 3965 428 3987 ,
461 3923 600 3995 μετά
635 3922 844 3995 θερμῆς
883 3939 1025 3987 τινος
1059 3922 1158 3992 τῆς
1194 3923 1500 3994 προθυμίας
1529 3923 1668 3995 πρὸς
1691 3924 1791 3994 τὴν

215 4016 525 4070 ἀκολασίαν
558 4015 812 4086 ῥέποντες
845 4014 1078 4086 ἐκείνην.
1137 4032 1156 4065 ι
1211 4013 1564 4067 Κατακαύσει
1594 4015 1791 4079 αὐτοὺς

216 4109 332 4161 ἀπὸ
374 4109 476 4178 τῆς
524 4108 737 4176 φλογός.
793 4125 812 4158 ι
870 4106 1028 4160 Ἀλλά
1059 4105 1168 4178 γάρ
1194 4107 1252 4172 ἐξ
1281 4107 1452 4176 αὐτῆς
1493 4107 1549 4159 δὲ
1591 4107 1792 4176 ταύτης

209 4197 770 4266 καταναλωθήσονται
811 4196 912 4264 τῆς
952 4195 1194 4266 γνώμης.
1241 4215 1264 4246 ‹
1337 4197 1468 4250 Ἀπὸ
1507 4197 1790 4267 φυράσεως

216 4288 448 4354 στέατος
493 4289 598 4350 ἓως
636 4287 729 4339 τοῦ
776 4286 1088 4358 ζυμωθῆναι
1136 4286 1266 4338 αὐτὸ
1311 4286 1450 4350 ὅλον,
1488 4288 1540 4340 αἱ
1589 4287 1790 4358 ἡμέραι

208 4381 333 4432 τῶν
364 4377 630 4448 βασιλέων
661 4376 835 4446 ὑμῶν.
890 4397 908 4429 ι
960 4377 1046 4440 Ὡς
1085 4376 1192 4447 γὰρ
1226 4378 1273 4428 εί
1314 4378 1474 4439 στέας
1503 4376 1703 4445 ληφθέν
1731 4395 1789 4430 τε

209 4470 320 4522 καὶ
365 4466 634 4538 ἐμϐληθὲν
672 4466 884 4537 ἀλεύρῳ
921 4465 1082 4534 ζυμοῖ
1122 4482 1180 4517 τε
1226 4467 1316 4518 καὶ
1369 4465 1682 4518 ὲναποτελεῖ
1729 4466 1789 4518 τὸ

1896 3293 2042 3338 runt.
2075 3303 2093 3334 ‹
2122 3285 2322 3342 Omnes
2348 3285 2712 3343 adulterantes
2732 3329 2747 3352 ,
2772 3290 2927 3358 quasi
2956 3289 3201 3344 clibanus
3231 3305 3457 3344 succen-

1895 3392 1990 3431 sus
2026 3376 2092 3430 ad
2126 3379 2486 3446 coquendum.
2519 3397 2536 3430 ι
2564 3378 2917 3434 Concorditcr
2951 3396 3140 3435 omnes
3171 3396 3200 3433 a
3230 3381 3457 3436 scientia

1893 3467 1997 3522 mei
2029 3468 2343 3523 recedentes
2363 3510 2376 3532 ,
2404 3471 2758 3526 adulterinam
2789 3471 2953 3526 veluti
2983 3473 3304 3526 sententiain
3337 3487 3457 3527 sus-

1892 3567 2154 3626 ceperunt
2193 3559 2259 3611 ad
2307 3561 2608 3614 dienionum
2645 3563 2846 3615 cultum
2885 3563 3237 3628 declinandi;
3288 3564 3456 3616 cliba-

1893 3649 2057 3718 nique
2090 3649 2264 3704 instar
2301 3650 2367 3704 ad
2406 3653 2748 3721 coquendum
2787 3651 2895 3724 34
2932 3655 3209 3716 succensi,
3253 3653 3456 3708 fervido

1891 3741 2125 3810 quodam
2171 3743 2334 3796 animi
2375 3744 2576 3814 impetu
2614 3745 2680 3798 ad
2722 3743 2855 3798 illud
2895 3743 3154 3814 ﬂagitium
3206 3745 3459 3800 decurre-

1892 3839 2038 3886 runt.
2067 3849 2086 3882 c
2119 3829 2320 3886 Exuret
2353 3848 2448 3886 eos
2483 3833 2536 3886 in
2571 3832 2804 3886 ﬂamma.
2845 3850 2862 3883 ι
2895 3832 2999 3886 Sed
3028 3833 3169 3886 enim
3207 3832 3308 3887 hoc
3340 3833 3458 3902 ipso

1891 3920 2122 3976 consilio
2155 3937 2256 3976 suo
2286 3931 2696 3977 consumentur.
2727 3941 2745 3974 ι
2776 3921 3063 3977 Fermento
3095 3921 3295 3976 arvinae
3317 3962 3331 3990 ,
3358 3923 3456 3975 do-

1891 4031 1992 4069 nec
2025 4015 2380 4069 fermentetur
2429 4023 2637 4071 totum.
2685 4014 2802 4068 dies
2842 4029 3028 4082 regum
3075 4020 3397 4066 vestrorum.
3433 4031 3450 4063 ι

1897 4104 2070 4160 Veluti
2103 4105 2145 4160 si
2182 4105 2306 4174 quis
2341 4112 2608 4172 sumptam
2645 4102 2883 4154 arvinam
2927 4105 2978 4153 in
3014 4098 3240 4152 farinam
3278 4099 3454 4167 conji-

1893 4195 2002 4248 ciat
2025 4233 2040 4255 ,
2078 4201 2188 4247 tota
2224 4194 2337 4247 lizec
2371 4191 2746 4252 fermentatur,
2784 4197 2837 4241 et
2882 4189 3186 4242 universam
3223 4203 3454 4241 massam

1892 4284 2099 4354 perlicit
2143 4285 2258 4338 :ita
2307 4300 2371 4337 ex
2413 4298 2522 4352 quo
2567 4281 2902 4352 illegitimmn
2954 4280 3057 4334 hoc
3095 4279 3456 4335 constituistis

1891 4391 2152 4445 regnum,
2212 4383 2370 4444 capto
2425 4375 2576 4427 initio
2629 4373 2725 4426 abs
2772 4370 3130 4434 Jeroboamo,
3185 4371 3236 4423 in
3294 4387 3455 4424 unam

1889 4465 2243 4534 eamdemque
2274 4464 2592 4519 sententiam
2624 4462 2805 4515 cuncti
2840 4463 3042 4530 pariter
3067 4463 3449 4531 conspirastis.

211 4559 466 4627 σύμπαν,
510 4556 680 4620 οὕτως
725 4557 869 4622 ἐξότε
901 4573 1004 4626 περ
1045 4557 1142 4626 τὴν
1193 4557 1503 4627 παράνομον
1550 4555 1751 4626 ταύτην
1805 4556 2208 4626 κατεστήσασθε
2253 4555 2560 4625 βασιλείαν,
2624 4553 2731 4605 ἀπὸ
2781 4551 2872 4604 τοῦ
2933 4550 3212 4622 Ἰεροϐοὰμ
3262 4550 3452 4605 λαϐόνα

202 4668 310 4712 ⁴τες
341 4651 435 4720 τὴν
463 4650 660 4720 ἀρχὴν,
690 4648 822 4717 πρὸς
847 4647 941 4718 τὴν
977 4648 1146 4718 αὐτὴν
1190 4647 1411 4717 γνώμην
1437 4647 1536 4716 τῆς
1563 4647 1757 4710 κακίας
1787 4648 2022 4721 ἅπαντες
2049 4645 2300 4698 ὲνεύσατε
2325 4643 2542 4714 ὁμοίως.

285 4787 438 4856 Στίχ.
471 4785 608 4838 ε’-θ’.
640 4814 710 4824 -
739 4802 756 4833 ι
800 4782 1068 4852 Ἤρξαντο
1099 4783 1354 4850 ἄρχοντες
1382 4781 1683 4852 θυμοῦσθαι
1729 4780 1786 4846 ἐξ
1825 4746 1868 4799 D

199 4881 387 4932 οἴνου.
433 4897 450 4928 ι
486 4877 553 4930 υῖ
581 4892 639 4928 τε
663 4875 770 4945 γὰρ
804 4875 1060 4944 ἄρχοντες
1095 4873 1272 4925 αὐτῶν
1324 4872 1514 4942 μέθαις
1536 4874 1628 4926 καὶ
1653 4875 1792 4926 οἰνο-

203 4969 478 5038 φλυγίαις
524 4968 832 5036 προσεῖχον,
877 4964 1098 5034 ἀκράτῳ
1144 4963 1284 5014 κατᾶ
1343 4963 1559 5016 πάντων
1611 4963 1685 5027 ὡς
1725 4967 1790 5018 ἐκ

197 5059 473 5127 τοιαύτης
521 5057 804 5126 παροινίας
837 5055 912 5125 τῷ
956 5055 1110 5124 θυμῷ
1143 5054 1491 5124 κεχρημένοι.
1528 5056 1623 5126 (p.
1671 5057 1786 5128 52)

208 5172 229 5200 σ
285 5149 592 5212 Ἐξέτειναν
623 5147 719 5216 τὴν
748 5149 904 5216 χεῖρα
934 5144 1110 5197 αὐτῶν
1141 5145 1279 5214 μετά
1315 5144 1535 5213 λοιμῶν.
1592 5165 1608 5196 ι
1645 5147 1786 5217 Πρὸς

204 5237 534 5303 πλεονεξίαν
567 5237 774 5306 ἑώρων,
801 5235 1077 5287 κοινωνίαν
1107 5234 1346 5304 ἑλόμενοι
1382 5235 1514 5306 πρὸς
1546 5234 1788 5298 ἃπαντας

200 5333 350 5390 τοὺς
380 5327 798 5397 διεφθαρμένους
827 5326 916 5376 τὸν
940 5325 1158 5394 τρόπον.
1190 5345 1208 5375 ι
1240 5326 1384 5377 Διὸτι
1407 5326 1786 5394 ἀνεκαύθησαν

198 5421 288 5482 ὡς
321 5419 571 5480 κλίϐανος
607 5419 662 5470 αί
704 5417 915 5487 καρδίαι
945 5417 1142 5479 αὐτῶν,
1173 5419 1230 5468 ὲν
1281 5417 1358 5487 τῷ
1385 5419 1786 5487 καταρράσσειν

201 5510 422 5571 αὐτοὺς
479 5509 605 5577 ὃλην
651 5508 750 5578 τὴν
798 5510 987 5560 νύκτα.
1033 5527 1050 5558 ι
1103 5507 1437 5572 Ἐξεκαίςιντο
1485 5509 1594 5576 γάρ
1631 5508 1784 5576 δίκην

202 5596 475 5651 κλιϐάνου
507 5597 604 5666 τὴν
637 5597 870 5649 διάνοιαν
896 5598 958 5648 ἐκ
992 5595 1090 5665 τῆς
1121 5595 1290 5665 μέθης
1320 5591 1386 5664 ἧς
1414 5597 1480 5648 δι’
1514 5597 1636 5665 ὅλης
1663 5599 1786 5647 ἐπε-

197 5692 442 5761 τήδευον
461 5689 558 5757 τῆς
582 5688 790 5750 νυκτός.
831 5706 848 5738 ι
885 5688 1091 5740 ’Ὕπνου
1136 5686 1374 5757 Ἐιρραῒμ
1399 5688 1730 5758 ἐνεπλήσθη.
1763 5708 1780 5738 ι

213 5783 316 5842 Ὡς
355 5782 413 5833 ἐκ
442 5781 609 5850 μέθης
639 5781 814 5833 τοίνυν
847 5779 1098 5847 τοιαύτης
1123 5779 1278 5849 δίκην
1308 5779 1412 5830 τῶν
1441 5777 1590 5844 ὕπνῳ
1632 5780 1786 5847 βαρεῖ

199 5875 638 5939 κατεχομένων,
691 5873 878 5925 οὐδένα
929 5871 1021 5923 τοῦ
1089 5872 1452 5940 προσήκοντος
1507 5868 1785 5922 ἐποιοῦντο

1965 4779 2132 4834 Vens.
2185 4778 2307 4833 5-9.
2349 4809 2420 4818 —-
2466 4795 2484 4828 ι
2514 4778 2808 4847 C(eperunt
2865 4778 3137 4847 principes
3193 4776 3372 4833 furere
3424 4795 3452 4831 a

1892 4870 2037 4923 vino.
2073 4889 2091 4921 ›
2123 4868 2406 4938 Principes
2453 4884 2641 4922 eorum
2694 4870 2930 4938 crapulae
2978 4877 3032 4923 et
3075 4869 3324 4922 ebrietati
3375 4870 3456 4922 iu-

1891 4964 2217 5033 dulgebant,
2253 4964 2329 5017 ira
2364 4964 2648 5017 immodica
2682 4965 2943 5020 adversus
2974 4980 3160 5019 omnes
3199 4973 3453 5032 tanquam

1889 5056 2152 5124 crapulati
2183 5064 2412 5109 utentes.
2445 5074 2462 5106 ι
2494 5054 2862 5110 Extenderunt
2889 5070 3108 5109 manum
3143 5068 3296 5109 suam
3331 5067 3455 5108 cum

1887 5146 2285 5215 pestilentibus.
2314 5167 2331 5198 ι
2360 5147 2550 5200 Ανιιτω
2597 5146 2880 5215 cupiditati
2929 5153 3163 5200 mentem
3212 5142 3456 5198 intende-

1897 5250 2022 5292 runt
2046 5279 2060 5301 ,
2097 5239 2229 5292 inita
2260 5253 2383 5292 cum
2417 5238 2666 5307 pessimis
2694 5237 2948 5290 omnibus
2977 5236 3256 5289 societate.
3285 5253 3303 5285 ι
3333 5235 3454 5287 Ideo

1894 5339 2216 5384 exarserunt
2272 5339 2331 5383 ut
2379 5329 2624 5382 clibanus
2677 5329 2840 5382 corda
2893 5342 3116 5388 eorum,
3167 5325 3294 5377 dum
3343 5333 3454 5378 tota

1894 5429 2051 5474 nocte
2087 5421 2382 5489 agitantur.
2416 5437 2434 5469 ι
2465 5418 2696 5473 Mentem
2736 5433 2884 5472 more
2916 5416 3113 5470 clibani
3153 5414 3455 5468 inﬂamma-

1891 5517 2000 5562 tam
2047 5510 2307 5579 gerebant
2352 5525 2382 5561 a
2429 5509 2649 5576 crapula
2675 5549 2689 5572 ,
2719 5509 2806 5561 cui
2837 5514 2946 5561 tota
2979 5513 3136 5558 nocte
3170 5513 3451 5558 vacarunt.

1895 5617 1912 5648 (
1947 5598 2150 5654 Somno
2186 5601 2422 5663 repletus
2453 5609 2538 5654 est
2579 5599 2927 5669 prraimus.
2959 5617 2976 5649 ι
3007 5598 3151 5666 Ergo
3195 5605 3453 5665 tanquam

1887 5706 1951 5743 ex
1983 5693 2204 5760 crapula
2243 5691 2551 5758 hujusmodi
2588 5706 2779 5746 somno
2825 5691 2972 5760 gravi
3016 5691 3283 5758 correpti,
3331 5688 3454 5741 nul-

1888 5782 1994 5835 lius
2039 5783 2252 5837 honesti
2300 5782 2459 5836 ollicii
2491 5797 2678 5837 curam
2711 5783 2987 5852 gerebant.
3017 5800 3035 5832 ι
3064 5781 3218 5833 Mane
3253 5783 3452 5833 factum

1887 5882 1969 5927 est
1989 5915 2005 5939 ,
2037 5884 2090 5930 et
2119 5889 2386 5931 succensa
2416 5882 2498 5931 est
2527 5876 2681 5944 quasi
2713 5877 2856 5944 ignis
2885 5876 2977 5932 lux
3004 5888 3017 5926 :
3050 5874 3293 5931 calci'acti
3327 5885 3454 5927 sunt
