  <div class='ocr_page' id='page_1' title='image "/cluster/home/n/w/nwhite01/storage/ocr_20150623/66/hvd.32044020183315/089.png"; bbox 0 0 3994 6536; ppageno 0'>
   <div class='ocr_carea' id='block_1_1' title="bbox 491 426 595 482">
    <p class='ocr_par' dir='ltr' id='par_1_1' title="bbox 491 426 595 482">
     <span class='ocr_line' id='line_1_1' title="bbox 491 426 595 482; baseline -0.019 0"><span class='ocrx_word' id='word_1_1' title='bbox 491 426 595 482; x_wconf 76' lang='grc'><strong>167</strong></span> 
     </span>
    </p>
   </div>
   <div class='ocr_carea' id='block_1_2' title="bbox 1647 420 2524 485">
    <p class='ocr_par' dir='ltr' id='par_1_2' title="bbox 1647 420 2524 485">
     <span class='ocr_line' id='line_1_2' title="bbox 1647 420 2524 485; baseline 0.002 -5"><span class='ocrx_word' id='word_1_2' title='bbox 1647 425 1997 483; x_wconf 79' lang='lat' dir='ltr'><strong>THEODORI</strong></span> <span class='ocrx_word' id='word_1_3' title='bbox 2045 420 2524 485; x_wconf 75' lang='lat' dir='ltr'><strong>MOPSUESTENI</strong></span> 
     </span>
    </p>
   </div>
   <div class='ocr_carea' id='block_1_3' title="bbox 3616 427 3713 483">
    <p class='ocr_par' dir='ltr' id='par_1_3' title="bbox 3616 427 3713 483">
     <span class='ocr_line' id='line_1_3' title="bbox 3616 427 3713 483; baseline 0.021 -2"><span class='ocrx_word' id='word_1_4' title='bbox 3616 427 3713 483; x_wconf 78' lang='grc'><strong>168</strong></span> 
     </span>
    </p>
   </div>
   <div class='ocr_carea' id='block_1_4' title="bbox 490 512 2079 609">
    <p class='ocr_par' dir='ltr' id='par_1_4' title="bbox 490 532 2051 603">
     <span class='ocr_line' id='line_1_4' title="bbox 490 532 2051 603; baseline 0.003 -14"><span class='ocrx_word' id='word_1_5' title='bbox 490 548 680 589; x_wconf 87' lang='lat' dir='ltr'><strong>omnes</strong></span> <span class='ocrx_word' id='word_1_6' title='bbox 734 533 892 603; x_wconf 89' lang='lat' dir='ltr'><strong>quasi</strong></span> <span class='ocrx_word' id='word_1_7' title='bbox 948 532 1198 588; x_wconf 84' lang='lat' dir='ltr'><strong>clibanus</strong></span> <span class='ocrx_word' id='word_1_8' title='bbox 1251 533 1636 592; x_wconf 68' lang='lat' dir='ltr'><strong>ardens.»Die</strong></span> <span class='ocrx_word' id='word_1_9' title='bbox 1689 538 2051 602; x_wconf 85' lang='lat' dir='ltr'><strong>succedente,</strong></span> 
     </span>
    </p>
   </div>
   <div class='ocr_carea' id='block_1_5' title="bbox 2180 512 3715 609">
    <p class='ocr_par' dir='ltr' id='par_1_5' title="bbox 2180 512 3715 609">
     <span class='ocr_line' id='line_1_5' title="bbox 2180 512 3715 609; baseline -0.002 -18"><span class='ocrx_word' id='word_1_10' title='bbox 2180 540 2333 607; x_wconf 88' lang='grc' dir='ltr'>.όγον.</span> <span class='ocrx_word' id='word_1_11' title='bbox 2375 559 2392 591; x_wconf 80' lang='grc' dir='ltr'><strong>ι</strong></span> <span class='ocrx_word' id='word_1_12' title='bbox 2451 537 2603 609; x_wconf 77' lang='grc' dir='ltr'><strong>Πρωῖ</strong></span> <span class='ocrx_word' id='word_1_13' title='bbox 2632 512 2913 609; x_wconf 80' lang='grc' dir='ltr'><strong>¹ἐγενήθη,</strong></span> <span class='ocrx_word' id='word_1_14' title='bbox 2964 536 3057 590; x_wconf 76' lang='grc' dir='ltr'><strong>καὶ</strong></span> <span class='ocrx_word' id='word_1_15' title='bbox 3104 535 3373 606; x_wconf 88' lang='grc' dir='ltr'>ἀνεκαύθη</span> <span class='ocrx_word' id='word_1_16' title='bbox 3421 536 3497 600; x_wconf 83' lang='grc' dir='ltr'><strong>ὡς</strong></span> <span class='ocrx_word' id='word_1_17' title='bbox 3547 538 3715 608; x_wconf 75' lang='grc' dir='ltr'>πυρὸς</span> 
     </span>
    </p>
   </div>
   <div class='ocr_carea' id='block_1_6' title="bbox 492 624 2062 701">
    <p class='ocr_par' dir='ltr' id='par_1_6' title="bbox 492 624 2062 701">
     <span class='ocr_line' id='line_1_6' title="bbox 492 624 2062 701; baseline 0.003 -22"><span class='ocrx_word' id='word_1_18' title='bbox 492 640 685 681; x_wconf 85' lang='lat' dir='ltr'><strong>rursus</strong></span> <span class='ocrx_word' id='word_1_19' title='bbox 734 624 789 679; x_wconf 92' lang='lat' dir='ltr'><strong>in</strong></span> <span class='ocrx_word' id='word_1_20' title='bbox 830 624 1016 679; x_wconf 89' lang='lat' dir='ltr'><strong>eodem</strong></span> <span class='ocrx_word' id='word_1_21' title='bbox 1065 639 1231 695; x_wconf 92' lang='lat' dir='ltr'><strong>opere</strong></span> <span class='ocrx_word' id='word_1_22' title='bbox 1271 635 1466 691; x_wconf 91' lang='lat' dir='ltr'><strong>erant,</strong></span> <span class='ocrx_word' id='word_1_23' title='bbox 1495 629 1651 698; x_wconf 89' lang='lat' dir='ltr'><strong>quasi</strong></span> <span class='ocrx_word' id='word_1_24' title='bbox 1695 629 1818 701; x_wconf 90' lang='lat' dir='ltr'><strong>igue</strong></span> <span class='ocrx_word' id='word_1_25' title='bbox 1852 630 2062 684; x_wconf 84' lang='lat' dir='ltr'><strong>inflam-</strong></span> 
     </span>
    </p>
   </div>
   <div class='ocr_carea' id='block_1_7' title="bbox 490 714 2060 790">
    <p class='ocr_par' dir='ltr' id='par_1_7' title="bbox 490 714 2060 790">
     <span class='ocr_line' id='line_1_7' title="bbox 490 714 2060 790; baseline 0.002 -20"><span class='ocrx_word' id='word_1_26' title='bbox 490 717 620 770; x_wconf 86' lang='lat' dir='ltr'><strong>mati</strong></span> <span class='ocrx_word' id='word_1_27' title='bbox 644 755 660 781; x_wconf 93' lang='lat'><strong>,</strong></span> <span class='ocrx_word' id='word_1_28' title='bbox 693 722 747 770; x_wconf 89' lang='lat' dir='ltr'><strong>et</strong></span> <span class='ocrx_word' id='word_1_29' title='bbox 776 715 933 784; x_wconf 89' lang='lat' dir='ltr'><strong>quasi</strong></span> <span class='ocrx_word' id='word_1_30' title='bbox 962 714 1211 772; x_wconf 85' lang='lat' dir='ltr'><strong>clibanus</strong></span> <span class='ocrx_word' id='word_1_31' title='bbox 1240 717 1519 785; x_wconf 85' lang='lat' dir='ltr'><strong>calefacti,</strong></span> <span class='ocrx_word' id='word_1_32' title='bbox 1554 727 1717 789; x_wconf 90' lang='lat' dir='ltr'><strong>atque</strong></span> <span class='ocrx_word' id='word_1_33' title='bbox 1763 719 1831 774; x_wconf 92' lang='lat' dir='ltr'><strong>ad</strong></span> <span class='ocrx_word' id='word_1_34' title='bbox 1879 720 2060 790; x_wconf 83' lang='lat' dir='ltr'><strong>turpia</strong></span> 
     </span>
    </p>
   </div>
   <div class='ocr_carea' id='block_1_8' title="bbox 494 807 2059 880">
    <p class='ocr_par' dir='ltr' id='par_1_8' title="bbox 494 807 2059 880">
     <span class='ocr_line' id='line_1_8' title="bbox 494 807 2059 880; baseline 0.001 -19"><span class='ocrx_word' id='word_1_35' title='bbox 494 810 635 862; x_wconf 83' lang='lat' dir='ltr'><strong>facta</strong></span> <span class='ocrx_word' id='word_1_36' title='bbox 673 808 902 861; x_wconf 85' lang='lat' dir='ltr'><strong>incitati.</strong></span> <span class='ocrx_word' id='word_1_37' title='bbox 931 826 951 859; x_wconf 78' lang='grc' dir='ltr'><strong>ι</strong></span> <span class='ocrx_word' id='word_1_38' title='bbox 981 807 1045 862; x_wconf 83' lang='grc' dir='ltr'><strong>Ει</strong></span> <span class='ocrx_word' id='word_1_39' title='bbox 1077 809 1220 878; x_wconf 83' lang='lat' dir='ltr'><strong>ignis</strong></span> <span class='ocrx_word' id='word_1_40' title='bbox 1250 810 1527 864; x_wconf 88' lang='lat' dir='ltr'><strong>devoravit</strong></span> <span class='ocrx_word' id='word_1_41' title='bbox 1554 811 1770 880; x_wconf 86' lang='lat' dir='ltr'><strong>judices</strong></span> <span class='ocrx_word' id='word_1_42' title='bbox 1802 827 2013 866; x_wconf 90' lang='lat' dir='ltr'><strong>eorum.</strong></span> <span class='ocrx_word' id='word_1_43' title='bbox 2041 830 2059 863; x_wconf 73' lang='grc' dir='ltr'><strong>ι</strong></span> 
     </span>
    </p>
   </div>
   <div class='ocr_carea' id='block_1_9' title="bbox 494 900 2064 971">
    <p class='ocr_par' dir='ltr' id='par_1_9' title="bbox 494 900 2064 971">
     <span class='ocr_line' id='line_1_9' title="bbox 494 900 2064 971; baseline -0.001 -16"><span class='ocrx_word' id='word_1_44' title='bbox 494 900 737 955; x_wconf 81' lang='lat' dir='ltr'><strong>Meritam</strong></span> <span class='ocrx_word' id='word_1_45' title='bbox 775 914 905 969; x_wconf 88' lang='lat' dir='ltr'><strong>ergo</strong></span> <span class='ocrx_word' id='word_1_46' title='bbox 936 914 1152 970; x_wconf 69' lang='lat' dir='ltr'><strong>pmnam</strong></span> <span class='ocrx_word' id='word_1_47' title='bbox 1185 900 1458 956; x_wconf 88' lang='lat' dir='ltr'><strong>sustinent</strong></span> <span class='ocrx_word' id='word_1_48' title='bbox 1482 941 1499 965; x_wconf 90' lang='lat'><strong>,</strong></span> <span class='ocrx_word' id='word_1_49' title='bbox 1532 902 1660 955; x_wconf 89' lang='lat' dir='ltr'><strong>dum</strong></span> <span class='ocrx_word' id='word_1_50' title='bbox 1709 902 1820 971; x_wconf 83' lang='lat' dir='ltr'><strong>igni</strong></span> <span class='ocrx_word' id='word_1_51' title='bbox 1868 904 2064 966; x_wconf 91' lang='lat' dir='ltr'><strong>veluti,</strong></span> 
     </span>
    </p>
   </div>
   <div class='ocr_carea' id='block_1_10' title="bbox 492 990 2065 1061">
    <p class='ocr_par' dir='ltr' id='par_1_10' title="bbox 492 990 2065 1061">
     <span class='ocr_line' id='line_1_10' title="bbox 492 990 2065 1061; baseline 0.001 -17"><span class='ocrx_word' id='word_1_52' title='bbox 492 991 807 1061; x_wconf 82' lang='lat' dir='ltr'><strong>quicunque</strong></span> <span class='ocrx_word' id='word_1_53' title='bbox 838 990 980 1059; x_wconf 88' lang='lat' dir='ltr'><strong>apud</strong></span> <span class='ocrx_word' id='word_1_54' title='bbox 1015 1005 1112 1046; x_wconf 78' lang='lat' dir='ltr'><strong>eos</strong></span> <span class='ocrx_word' id='word_1_55' title='bbox 1147 994 1478 1060; x_wconf 84' lang='lat' dir='ltr'><strong>regnabant,</strong></span> <span class='ocrx_word' id='word_1_56' title='bbox 1510 991 1693 1047; x_wconf 83' lang='lat' dir='ltr'><strong>hostili</strong></span> <span class='ocrx_word' id='word_1_57' title='bbox 1728 1001 1854 1047; x_wconf 90' lang='lat' dir='ltr'><strong>sunt</strong></span> <span class='ocrx_word' id='word_1_58' title='bbox 1882 993 2065 1047; x_wconf 84' lang='lat' dir='ltr'><strong>traditi</strong></span> 
     </span>
    </p>
   </div>
   <div class='ocr_carea' id='block_1_11' title="bbox 492 1080 2069 1151">
    <p class='ocr_par' dir='ltr' id='par_1_11' title="bbox 492 1080 2069 1151">
     <span class='ocr_line' id='line_1_11' title="bbox 492 1080 2069 1151; baseline -0.001 -14"><span class='ocrx_word' id='word_1_59' title='bbox 492 1082 645 1137; x_wconf 67' lang='lat' dir='ltr'><strong>caedi.</strong></span> <span class='ocrx_word' id='word_1_60' title='bbox 676 1101 693 1133; x_wconf 80' lang='grc' dir='ltr'><strong>ι</strong></span> <span class='ocrx_word' id='word_1_61' title='bbox 718 1080 910 1137; x_wconf 86' lang='lat' dir='ltr'><strong>Cuncti</strong></span> <span class='ocrx_word' id='word_1_62' title='bbox 961 1097 1116 1151; x_wconf 89' lang='lat' dir='ltr'><strong>reges</strong></span> <span class='ocrx_word' id='word_1_63' title='bbox 1160 1096 1348 1136; x_wconf 89' lang='lat' dir='ltr'><strong>eorum</strong></span> <span class='ocrx_word' id='word_1_64' title='bbox 1393 1082 1726 1138; x_wconf 87' lang='lat' dir='ltr'><strong>ceciderunt.</strong></span> <span class='ocrx_word' id='word_1_65' title='bbox 1760 1102 1777 1134; x_wconf 77' lang='grc' dir='ltr'><strong>ι</strong></span> <span class='ocrx_word' id='word_1_66' title='bbox 1808 1084 1982 1137; x_wconf 82' lang='lat' dir='ltr'><strong>Exitio</strong></span> <span class='ocrx_word' id='word_1_67' title='bbox 2016 1091 2069 1138; x_wconf 90' lang='lat' dir='ltr'><strong>et</strong></span> 
     </span>
    </p>
   </div>
   <div class='ocr_carea' id='block_1_12' title="bbox 492 1170 2065 1235">
    <p class='ocr_par' dir='ltr' id='par_1_12' title="bbox 492 1170 2065 1235">
     <span class='ocr_line' id='line_1_12' title="bbox 492 1170 2065 1235; baseline 0 -8"><span class='ocrx_word' id='word_1_68' title='bbox 492 1174 625 1227; x_wconf 63' lang='lat' dir='ltr'><strong>caedi</strong></span> <span class='ocrx_word' id='word_1_69' title='bbox 655 1188 843 1227; x_wconf 86' lang='lat' dir='ltr'><strong>omnes</strong></span> <span class='ocrx_word' id='word_1_70' title='bbox 872 1172 1177 1226; x_wconf 86' lang='lat' dir='ltr'><strong>tradentur.</strong></span> <span class='ocrx_word' id='word_1_71' title='bbox 1206 1170 1357 1226; x_wconf 86' lang='lat' dir='ltr'><strong>Cur?</strong></span> <span class='ocrx_word' id='word_1_72' title='bbox 1382 1190 1401 1222; x_wconf 85' lang='grc'><strong><em>‹</em></strong></span> <span class='ocrx_word' id='word_1_73' title='bbox 1426 1171 1597 1228; x_wconf 88' lang='lat' dir='ltr'><strong>Nemo</strong></span> <span class='ocrx_word' id='word_1_74' title='bbox 1622 1181 1741 1227; x_wconf 92' lang='lat' dir='ltr'><strong>erat</strong></span> <span class='ocrx_word' id='word_1_75' title='bbox 1770 1174 1913 1227; x_wconf 89' lang='lat' dir='ltr'><strong>inter</strong></span> <span class='ocrx_word' id='word_1_76' title='bbox 1938 1188 2032 1227; x_wconf 91' lang='lat' dir='ltr'><strong>eos</strong></span> <span class='ocrx_word' id='word_1_77' title='bbox 2051 1214 2065 1235; x_wconf 85' lang='lat'><strong>,</strong></span> 
     </span>
    </p>
   </div>
   <div class='ocr_carea' id='block_1_13' title="bbox 494 1263 2070 1334">
    <p class='ocr_par' dir='ltr' id='par_1_13' title="bbox 494 1263 2070 1334">
     <span class='ocr_line' id='line_1_13' title="bbox 494 1263 2070 1334; baseline 0.001 -19"><span class='ocrx_word' id='word_1_78' title='bbox 494 1265 587 1334; x_wconf 86' lang='lat' dir='ltr'><strong>qui</strong></span> <span class='ocrx_word' id='word_1_79' title='bbox 633 1264 911 1317; x_wconf 85' lang='lat' dir='ltr'><strong>invocaret</strong></span> <span class='ocrx_word' id='word_1_80' title='bbox 960 1278 1067 1320; x_wconf 90' lang='lat' dir='ltr'><strong>me.</strong></span> <span class='ocrx_word' id='word_1_81' title='bbox 1097 1282 1117 1315; x_wconf 74' lang='grc' dir='ltr'><strong>ι</strong></span> <span class='ocrx_word' id='word_1_82' title='bbox 1145 1263 1283 1329; x_wconf 86' lang='lat' dir='ltr'><strong>Quia</strong></span> <span class='ocrx_word' id='word_1_83' title='bbox 1333 1279 1439 1317; x_wconf 90' lang='lat' dir='ltr'><strong>una</strong></span> <span class='ocrx_word' id='word_1_84' title='bbox 1488 1274 1668 1319; x_wconf 86' lang='lat' dir='ltr'><strong>mente</strong></span> <span class='ocrx_word' id='word_1_85' title='bbox 1713 1270 1903 1329; x_wconf 84' lang='lat' dir='ltr'><strong>erant,</strong></span> <span class='ocrx_word' id='word_1_86' title='bbox 1947 1263 2070 1317; x_wconf 91' lang='lat' dir='ltr'><strong>nul-</strong></span> 
     </span>
    </p>
   </div>
   <div class='ocr_carea' id='block_1_14' title="bbox 498 1353 2066 1423">
    <p class='ocr_par' dir='ltr' id='par_1_14' title="bbox 498 1353 2066 1423">
     <span class='ocr_line' id='line_1_14' title="bbox 498 1353 2066 1423; baseline -0.003 -15"><span class='ocrx_word' id='word_1_87' title='bbox 498 1355 717 1423; x_wconf 86' lang='lat' dir='ltr'><strong>lumque</strong></span> <span class='ocrx_word' id='word_1_88' title='bbox 761 1368 985 1422; x_wconf 88' lang='lat' dir='ltr'><strong>prorsus</strong></span> <span class='ocrx_word' id='word_1_89' title='bbox 1032 1353 1231 1408; x_wconf 86' lang='lat' dir='ltr'><strong>habere</strong></span> <span class='ocrx_word' id='word_1_90' title='bbox 1282 1353 1386 1407; x_wconf 89' lang='lat' dir='ltr'><strong>mei</strong></span> <span class='ocrx_word' id='word_1_91' title='bbox 1434 1362 1741 1422; x_wconf 89' lang='lat' dir='ltr'><strong>respectum</strong></span> <span class='ocrx_word' id='word_1_92' title='bbox 1794 1353 2066 1408; x_wconf 83' lang='lat' dir='ltr'><strong>volebant.</strong></span> 
     </span>
    </p>
   </div>
   <div class='ocr_carea' id='block_1_15' title="bbox 502 1439 2067 1513">
    <p class='ocr_par' dir='ltr' id='par_1_15' title="bbox 502 1439 2067 1513">
     <span class='ocr_line' id='line_1_15' title="bbox 502 1439 2067 1513; baseline -0.001 -19"><span class='ocrx_word' id='word_1_93' title='bbox 502 1462 522 1494; x_wconf 73' lang='grc' dir='ltr'><strong>ι</strong></span> <span class='ocrx_word' id='word_1_94' title='bbox 552 1442 876 1513; x_wconf 86' lang='lat' dir='ltr'><strong>prraimus</strong></span> <span class='ocrx_word' id='word_1_95' title='bbox 920 1441 1241 1496; x_wconf 88' lang='lat' dir='ltr'><strong>commistus</strong></span> <span class='ocrx_word' id='word_1_96' title='bbox 1287 1448 1370 1496; x_wconf 90' lang='lat' dir='ltr'><strong>est</strong></span> <span class='ocrx_word' id='word_1_97' title='bbox 1423 1441 1660 1510; x_wconf 85' lang='lat' dir='ltr'><strong>populis.</strong></span> <span class='ocrx_word' id='word_1_98' title='bbox 1691 1460 1709 1492; x_wconf 75' lang='grc' dir='ltr'><strong>ι</strong></span> <span class='ocrx_word' id='word_1_99' title='bbox 1740 1439 1856 1495; x_wconf 84' lang='lat' dir='ltr'><strong>Hoc</strong></span> <span class='ocrx_word' id='word_1_100' title='bbox 1903 1440 2067 1495; x_wconf 87' lang='lat' dir='ltr'><strong>etiam</strong></span> 
     </span>
    </p>
   </div>
   <div class='ocr_carea' id='block_1_16' title="bbox 499 1530 2068 1602">
    <p class='ocr_par' dir='ltr' id='par_1_16' title="bbox 499 1530 2068 1602">
     <span class='ocr_line' id='line_1_16' title="bbox 499 1530 2068 1602; baseline -0.003 -14"><span class='ocrx_word' id='word_1_101' title='bbox 499 1534 688 1588; x_wconf 87' lang='lat' dir='ltr'><strong>beatus</strong></span> <span class='ocrx_word' id='word_1_102' title='bbox 733 1534 1063 1602; x_wconf 87' lang='lat' dir='ltr'><strong>improperat</strong></span> <span class='ocrx_word' id='word_1_103' title='bbox 1106 1531 1307 1594; x_wconf 82' lang='lat' dir='ltr'><strong>David,</strong></span> <span class='ocrx_word' id='word_1_104' title='bbox 1341 1531 1569 1586; x_wconf 90' lang='lat' dir='ltr'><strong>dicens:</strong></span> <span class='ocrx_word' id='word_1_105' title='bbox 1600 1548 1617 1582; x_wconf 82' lang='grc' dir='ltr'><strong>ι</strong></span> <span class='ocrx_word' id='word_1_106' title='bbox 1644 1530 1930 1586; x_wconf 87' lang='lat' dir='ltr'><strong>Commisti</strong></span> <span class='ocrx_word' id='word_1_107' title='bbox 1962 1530 2068 1600; x_wconf 81' lang='lat'><strong>35</strong></span> 
     </span>
    </p>
   </div>
   <div class='ocr_carea' id='block_1_17' title="bbox 499 1621 2068 1693">
    <p class='ocr_par' dir='ltr' id='par_1_17' title="bbox 499 1621 2068 1693">
     <span class='ocr_line' id='line_1_17' title="bbox 499 1621 2068 1693; baseline -0.004 -14"><span class='ocrx_word' id='word_1_108' title='bbox 499 1632 627 1679; x_wconf 90' lang='lat' dir='ltr'><strong>sunt</strong></span> <span class='ocrx_word' id='word_1_109' title='bbox 655 1625 794 1677; x_wconf 91' lang='lat' dir='ltr'><strong>inter</strong></span> <span class='ocrx_word' id='word_1_110' title='bbox 820 1632 1007 1693; x_wconf 88' lang='lat' dir='ltr'><strong>gentes</strong></span> <span class='ocrx_word' id='word_1_111' title='bbox 1030 1621 1098 1675; x_wconf 76' lang='grc'><strong>’³.</strong></span> <span class='ocrx_word' id='word_1_112' title='bbox 1133 1641 1151 1675; x_wconf 83' lang='grc'><strong>›</strong></span> <span class='ocrx_word' id='word_1_113' title='bbox 1176 1622 1531 1677; x_wconf 87' lang='lat' dir='ltr'><strong>Interdictum</strong></span> <span class='ocrx_word' id='word_1_114' title='bbox 1554 1622 1753 1692; x_wconf 88' lang='lat' dir='ltr'><strong>quippe</strong></span> <span class='ocrx_word' id='word_1_115' title='bbox 1778 1638 1874 1693; x_wconf 87' lang='lat' dir='ltr'><strong>per</strong></span> <span class='ocrx_word' id='word_1_116' title='bbox 1897 1623 2068 1691; x_wconf 86' lang='lat' dir='ltr'><strong>legem</strong></span> 
     </span>
    </p>
   </div>
   <div class='ocr_carea' id='block_1_18' title="bbox 499 1715 2071 1787">
    <p class='ocr_par' dir='ltr' id='par_1_18' title="bbox 499 1715 2071 1787">
     <span class='ocr_line' id='line_1_18' title="bbox 499 1715 2071 1787; baseline -0.004 -14"><span class='ocrx_word' id='word_1_117' title='bbox 499 1718 581 1773; x_wconf 90' lang='lat' dir='ltr'><strong>eis</strong></span> <span class='ocrx_word' id='word_1_118' title='bbox 624 1716 849 1772; x_wconf 90' lang='lat' dir='ltr'><strong>omnino</strong></span> <span class='ocrx_word' id='word_1_119' title='bbox 880 1725 1031 1781; x_wconf 90' lang='lat' dir='ltr'><strong>erat,</strong></span> <span class='ocrx_word' id='word_1_120' title='bbox 1062 1716 1356 1787; x_wconf 91' lang='lat' dir='ltr'><strong>quominus</strong></span> <span class='ocrx_word' id='word_1_121' title='bbox 1389 1716 1711 1786; x_wconf 84' lang='lat' dir='ltr'><strong>alienigenis</strong></span> <span class='ocrx_word' id='word_1_122' title='bbox 1747 1715 2071 1770; x_wconf 90' lang='lat' dir='ltr'><strong>commisce-</strong></span> 
     </span>
    </p>
   </div>
   <div class='ocr_carea' id='block_1_19' title="bbox 501 1804 2066 1878">
    <p class='ocr_par' dir='ltr' id='par_1_19' title="bbox 501 1804 2066 1878">
     <span class='ocr_line' id='line_1_19' title="bbox 501 1804 2066 1878; baseline 0.001 -17"><span class='ocrx_word' id='word_1_123' title='bbox 501 1816 727 1873; x_wconf 88' lang='lat' dir='ltr'><strong>rentur;</strong></span> <span class='ocrx_word' id='word_1_124' title='bbox 754 1807 981 1878; x_wconf 89' lang='lat' dir='ltr'><strong>ideoque</strong></span> <span class='ocrx_word' id='word_1_125' title='bbox 1007 1807 1058 1861; x_wconf 88' lang='lat' dir='ltr'><strong>id</strong></span> <span class='ocrx_word' id='word_1_126' title='bbox 1083 1804 1278 1863; x_wconf 90' lang='lat' dir='ltr'><strong>merito</strong></span> <span class='ocrx_word' id='word_1_127' title='bbox 1308 1808 1396 1862; x_wconf 90' lang='lat' dir='ltr'><strong>hic</strong></span> <span class='ocrx_word' id='word_1_128' title='bbox 1425 1809 1587 1861; x_wconf 88' lang='lat' dir='ltr'><strong>etiam</strong></span> <span class='ocrx_word' id='word_1_129' title='bbox 1620 1807 1727 1862; x_wconf 93' lang='lat' dir='ltr'><strong>illis</strong></span> <span class='ocrx_word' id='word_1_130' title='bbox 1756 1807 2066 1875; x_wconf 81' lang='lat' dir='ltr'><strong>exprobrat.</strong></span> 
     </span>
    </p>
   </div>
   <div class='ocr_carea' id='block_1_20' title="bbox 507 1897 2066 1969">
    <p class='ocr_par' dir='ltr' id='par_1_20' title="bbox 507 1897 2066 1969">
     <span class='ocr_line' id='line_1_20' title="bbox 507 1897 2066 1969; baseline 0.001 -18"><span class='ocrx_word' id='word_1_131' title='bbox 507 1918 528 1951; x_wconf 73' lang='grc' dir='ltr'><strong>ι</strong></span> <span class='ocrx_word' id='word_1_132' title='bbox 557 1898 879 1969; x_wconf 83' lang='lat' dir='ltr'><strong>Ephraimus</strong></span> <span class='ocrx_word' id='word_1_133' title='bbox 928 1898 1106 1952; x_wconf 86' lang='lat' dir='ltr'><strong>factus</strong></span> <span class='ocrx_word' id='word_1_134' title='bbox 1154 1905 1239 1952; x_wconf 88' lang='lat' dir='ltr'><strong>est</strong></span> <span class='ocrx_word' id='word_1_135' title='bbox 1286 1897 1686 1953; x_wconf 89' lang='lat' dir='ltr'><strong>subcinericius</strong></span> <span class='ocrx_word' id='word_1_136' title='bbox 1736 1898 1926 1967; x_wconf 89' lang='lat' dir='ltr'><strong>panis,</strong></span> <span class='ocrx_word' id='word_1_137' title='bbox 1977 1901 2066 1968; x_wconf 81' lang='lat' dir='ltr'><strong>qui</strong></span> 
     </span>
    </p>
   </div>
   <div class='ocr_carea' id='block_1_21' title="bbox 503 1986 2074 2058">
    <p class='ocr_par' dir='ltr' id='par_1_21' title="bbox 503 1986 2074 2058">
     <span class='ocr_line' id='line_1_21' title="bbox 503 1986 2074 2058; baseline -0.001 -15"><span class='ocrx_word' id='word_1_138' title='bbox 503 2004 612 2043; x_wconf 86' lang='lat' dir='ltr'><strong>non</strong></span> <span class='ocrx_word' id='word_1_139' title='bbox 647 1997 975 2043; x_wconf 87' lang='lat' dir='ltr'><strong>reversatur.</strong></span> <span class='ocrx_word' id='word_1_140' title='bbox 1006 2007 1024 2039; x_wconf 77' lang='grc' dir='ltr'><strong>ι</strong></span> <span class='ocrx_word' id='word_1_141' title='bbox 1049 1986 1198 2042; x_wconf 86' lang='lat' dir='ltr'><strong>Adeo</strong></span> <span class='ocrx_word' id='word_1_142' title='bbox 1234 1986 1588 2042; x_wconf 88' lang='lat' dir='ltr'><strong>inconversus</strong></span> <span class='ocrx_word' id='word_1_143' title='bbox 1622 1988 1678 2041; x_wconf 88' lang='lat' dir='ltr'><strong>in</strong></span> <span class='ocrx_word' id='word_1_144' title='bbox 1720 1988 1908 2043; x_wconf 87' lang='lat' dir='ltr'><strong>eadem</strong></span> <span class='ocrx_word' id='word_1_145' title='bbox 1949 2004 2074 2058; x_wconf 88' lang='lat' dir='ltr'><strong>per-</strong></span> 
     </span>
    </p>
   </div>
   <div class='ocr_carea' id='block_1_22' title="bbox 512 2079 2075 2146">
    <p class='ocr_par' dir='ltr' id='par_1_22' title="bbox 512 2079 2075 2146">
     <span class='ocr_line' id='line_1_22' title="bbox 512 2079 2075 2146; baseline 0.001 -13"><span class='ocrx_word' id='word_1_146' title='bbox 512 2080 715 2134; x_wconf 84' lang='lat' dir='ltr'><strong>mansit</strong></span> <span class='ocrx_word' id='word_1_147' title='bbox 751 2081 985 2146; x_wconf 87' lang='lat' dir='ltr'><strong>malitia,</strong></span> <span class='ocrx_word' id='word_1_148' title='bbox 1024 2079 1165 2135; x_wconf 90' lang='lat' dir='ltr'><strong>sicut</strong></span> <span class='ocrx_word' id='word_1_149' title='bbox 1197 2079 1287 2133; x_wconf 90' lang='lat' dir='ltr'><strong>ille</strong></span> <span class='ocrx_word' id='word_1_150' title='bbox 1330 2094 1550 2134; x_wconf 89' lang='lat' dir='ltr'><strong>manere</strong></span> <span class='ocrx_word' id='word_1_151' title='bbox 1598 2080 1736 2134; x_wconf 84' lang='lat' dir='ltr'><strong>solet</strong></span> <span class='ocrx_word' id='word_1_152' title='bbox 1779 2079 2075 2135; x_wconf 88' lang='lat' dir='ltr'><strong>immobilis</strong></span> 
     </span>
    </p>
   </div>
   <div class='ocr_carea' id='block_1_23' title="bbox 505 2169 2077 2241">
    <p class='ocr_par' dir='ltr' id='par_1_23' title="bbox 505 2169 2077 2241">
     <span class='ocr_line' id='line_1_23' title="bbox 505 2169 2077 2241; baseline 0.002 -18"><span class='ocrx_word' id='word_1_153' title='bbox 505 2170 564 2223; x_wconf 93' lang='lat' dir='ltr'><strong>in</strong></span> <span class='ocrx_word' id='word_1_154' title='bbox 598 2185 923 2241; x_wconf 88' lang='lat' dir='ltr'><strong>quocunque</strong></span> <span class='ocrx_word' id='word_1_155' title='bbox 972 2170 1194 2240; x_wconf 87' lang='lat' dir='ltr'><strong>ponitur</strong></span> <span class='ocrx_word' id='word_1_156' title='bbox 1240 2171 1380 2226; x_wconf 89' lang='lat' dir='ltr'><strong>loco.</strong></span> <span class='ocrx_word' id='word_1_157' title='bbox 1432 2187 1453 2222; x_wconf 84' lang='grc' dir='ltr'><strong>ι</strong></span> <span class='ocrx_word' id='word_1_158' title='bbox 1500 2169 1866 2226; x_wconf 90' lang='lat' dir='ltr'><strong>Comederunt</strong></span> <span class='ocrx_word' id='word_1_159' title='bbox 1914 2172 2077 2228; x_wconf 90' lang='lat' dir='ltr'><strong>alieni</strong></span> 
     </span>
    </p>
   </div>
   <div class='ocr_carea' id='block_1_24' title="bbox 505 2259 2073 2331">
    <p class='ocr_par' dir='ltr' id='par_1_24' title="bbox 505 2259 2073 2331">
     <span class='ocr_line' id='line_1_24' title="bbox 505 2259 2073 2331; baseline 0.001 -17"><span class='ocrx_word' id='word_1_160' title='bbox 505 2261 676 2315; x_wconf 72' lang='lat' dir='ltr'><strong>robur</strong></span> <span class='ocrx_word' id='word_1_161' title='bbox 718 2262 857 2329; x_wconf 85' lang='lat' dir='ltr'><strong>ejus.</strong></span> <span class='ocrx_word' id='word_1_162' title='bbox 887 2280 906 2314; x_wconf 73' lang='grc' dir='ltr'><strong>ι</strong></span> <span class='ocrx_word' id='word_1_163' title='bbox 937 2260 1184 2317; x_wconf 87' lang='lat' dir='ltr'><strong>Sustinet</strong></span> <span class='ocrx_word' id='word_1_164' title='bbox 1230 2276 1359 2331; x_wconf 86' lang='lat' dir='ltr'><strong>ergo</strong></span> <span class='ocrx_word' id='word_1_165' title='bbox 1406 2259 1645 2315; x_wconf 87' lang='lat' dir='ltr'><strong>debitam</strong></span> <span class='ocrx_word' id='word_1_166' title='bbox 1696 2262 2073 2331; x_wconf 89' lang='lat' dir='ltr'><strong>punitionem:</strong></span> 
     </span>
    </p>
   </div>
   <div class='ocr_carea' id='block_1_25' title="bbox 508 2349 2076 2422">
    <p class='ocr_par' dir='ltr' id='par_1_25' title="bbox 508 2349 2076 2422">
     <span class='ocr_line' id='line_1_25' title="bbox 508 2349 2076 2422; baseline 0 -16"><span class='ocrx_word' id='word_1_167' title='bbox 508 2352 741 2411; x_wconf 86' lang='lat' dir='ltr'><strong>sceleste</strong></span> <span class='ocrx_word' id='word_1_168' title='bbox 766 2351 909 2406; x_wconf 91' lang='lat' dir='ltr'><strong>enim</strong></span> <span class='ocrx_word' id='word_1_169' title='bbox 944 2351 1262 2422; x_wconf 90' lang='lat' dir='ltr'><strong>alienigenis</strong></span> <span class='ocrx_word' id='word_1_170' title='bbox 1292 2351 1642 2415; x_wconf 89' lang='lat' dir='ltr'><strong>commistus,</strong></span> <span class='ocrx_word' id='word_1_171' title='bbox 1676 2350 1745 2406; x_wconf 87' lang='lat' dir='ltr'><strong>ab</strong></span> <span class='ocrx_word' id='word_1_172' title='bbox 1787 2351 1919 2421; x_wconf 89' lang='lat' dir='ltr'><strong>ipsis</strong></span> <span class='ocrx_word' id='word_1_173' title='bbox 1954 2349 2076 2406; x_wconf 91' lang='lat' dir='ltr'><strong>fun-</strong></span> 
     </span>
    </p>
   </div>
   <div class='ocr_carea' id='block_1_26' title="bbox 506 2442 2073 2512">
    <p class='ocr_par' dir='ltr' id='par_1_26' title="bbox 506 2442 2073 2512">
     <span class='ocr_line' id='line_1_26' title="bbox 506 2442 2073 2512; baseline -0.001 -14"><span class='ocrx_word' id='word_1_174' title='bbox 506 2443 655 2499; x_wconf 85' lang='lat' dir='ltr'><strong>ditus</strong></span> <span class='ocrx_word' id='word_1_175' title='bbox 696 2443 1163 2498; x_wconf 83' lang='lat' dir='ltr'><strong>exterminabitur.</strong></span> <span class='ocrx_word' id='word_1_176' title='bbox 1196 2461 1215 2494; x_wconf 74' lang='grc' dir='ltr'><strong>ι</strong></span> <span class='ocrx_word' id='word_1_177' title='bbox 1246 2442 1368 2512; x_wconf 90' lang='lat' dir='ltr'><strong>lpse</strong></span> <span class='ocrx_word' id='word_1_178' title='bbox 1409 2449 1591 2496; x_wconf 90' lang='lat' dir='ltr'><strong>autem</strong></span> <span class='ocrx_word' id='word_1_179' title='bbox 1630 2442 1905 2508; x_wconf 86' lang='lat' dir='ltr'><strong>nescivit;</strong></span> <span class='ocrx_word' id='word_1_180' title='bbox 1951 2443 2073 2496; x_wconf 92' lang='lat' dir='ltr'><strong>cani</strong></span> 
     </span>
    </p>
   </div>
   <div class='ocr_carea' id='block_1_27' title="bbox 505 2529 2078 2604">
    <p class='ocr_par' dir='ltr' id='par_1_27' title="bbox 505 2529 2078 2604">
     <span class='ocr_line' id='line_1_27' title="bbox 505 2529 2078 2604; baseline -0.003 -16"><span class='ocrx_word' id='word_1_181' title='bbox 505 2533 857 2588; x_wconf 79' lang='lat' dir='ltr'><strong>efﬂoruerunt</strong></span> <span class='ocrx_word' id='word_1_182' title='bbox 886 2532 971 2598; x_wconf 89' lang='lat' dir='ltr'><strong>ei,</strong></span> <span class='ocrx_word' id='word_1_183' title='bbox 1015 2541 1069 2587; x_wconf 93' lang='lat' dir='ltr'><strong>et</strong></span> <span class='ocrx_word' id='word_1_184' title='bbox 1098 2532 1214 2604; x_wconf 91' lang='lat' dir='ltr'><strong>ipse</strong></span> <span class='ocrx_word' id='word_1_185' title='bbox 1259 2530 1551 2602; x_wconf 86' lang='lat' dir='ltr'><strong>ignoravit.</strong></span> <span class='ocrx_word' id='word_1_186' title='bbox 1583 2548 1601 2582; x_wconf 78' lang='grc' dir='ltr'><strong>ι</strong></span> <span class='ocrx_word' id='word_1_187' title='bbox 1632 2530 1771 2596; x_wconf 85' lang='lat' dir='ltr'><strong>Quia</strong></span> <span class='ocrx_word' id='word_1_188' title='bbox 1816 2531 1873 2585; x_wconf 91' lang='lat' dir='ltr'><strong>in</strong></span> <span class='ocrx_word' id='word_1_189' title='bbox 1918 2529 2078 2585; x_wconf 82' lang='lat' dir='ltr'><strong>ollicii</strong></span> 
     </span>
    </p>
   </div>
   <div class='ocr_carea' id='block_1_28' title="bbox 511 2621 2078 2694">
    <p class='ocr_par' dir='ltr' id='par_1_28' title="bbox 511 2621 2078 2694">
     <span class='ocr_line' id='line_1_28' title="bbox 511 2621 2078 2694; baseline -0.003 -15"><span class='ocrx_word' id='word_1_190' title='bbox 511 2623 596 2679; x_wconf 86' lang='lat' dir='ltr'><strong>sui</strong></span> <span class='ocrx_word' id='word_1_191' title='bbox 626 2624 928 2694; x_wconf 88' lang='lat' dir='ltr'><strong>ignorantia</strong></span> <span class='ocrx_word' id='word_1_192' title='bbox 961 2623 1365 2693; x_wconf 90' lang='lat' dir='ltr'><strong>perseveravit,</strong></span> <span class='ocrx_word' id='word_1_193' title='bbox 1395 2636 1463 2676; x_wconf 92' lang='lat' dir='ltr'><strong>ne</strong></span> <span class='ocrx_word' id='word_1_194' title='bbox 1509 2637 1538 2675; x_wconf 94' lang='lat' dir='ltr'><strong>a</strong></span> <span class='ocrx_word' id='word_1_195' title='bbox 1588 2621 1926 2692; x_wconf 65' lang='lat' dir='ltr'><strong>longaevitate</strong></span> <span class='ocrx_word' id='word_1_196' title='bbox 1952 2623 2078 2692; x_wconf 83' lang='lat' dir='ltr'><strong>qui-</strong></span> 
     </span>
    </p>
   </div>
   <div class='ocr_carea' id='block_1_29' title="bbox 511 2711 2075 2785">
    <p class='ocr_par' dir='ltr' id='par_1_29' title="bbox 511 2711 2075 2785">
     <span class='ocr_line' id='line_1_29' title="bbox 511 2711 2075 2785; baseline -0.001 -16"><span class='ocrx_word' id='word_1_197' title='bbox 511 2715 633 2771; x_wconf 84' lang='lat' dir='ltr'><strong>dem</strong></span> <span class='ocrx_word' id='word_1_198' title='bbox 685 2715 752 2769; x_wconf 89' lang='lat' dir='ltr'><strong>ad</strong></span> <span class='ocrx_word' id='word_1_199' title='bbox 799 2715 995 2769; x_wconf 89' lang='lat' dir='ltr'><strong>bonam</strong></span> <span class='ocrx_word' id='word_1_200' title='bbox 1038 2713 1248 2785; x_wconf 80' lang='lat' dir='ltr'><strong>frugem</strong></span> <span class='ocrx_word' id='word_1_201' title='bbox 1297 2711 1542 2767; x_wconf 87' lang='lat' dir='ltr'><strong>converti</strong></span> <span class='ocrx_word' id='word_1_202' title='bbox 1591 2727 1819 2782; x_wconf 88' lang='lat' dir='ltr'><strong>passus,</strong></span> <span class='ocrx_word' id='word_1_203' title='bbox 1869 2712 2075 2768; x_wconf 91' lang='lat' dir='ltr'><strong>idcirco</strong></span> 
     </span>
    </p>
   </div>
   <div class='ocr_carea' id='block_1_30' title="bbox 512 2806 998 2876">
    <p class='ocr_par' dir='ltr' id='par_1_30' title="bbox 512 2806 998 2876">
     <span class='ocr_line' id='line_1_30' title="bbox 512 2806 998 2876; baseline -0.002 -18"><span class='ocrx_word' id='word_1_204' title='bbox 512 2806 625 2858; x_wconf 71' lang='lat' dir='ltr'><strong>haec</strong></span> <span class='ocrx_word' id='word_1_205' title='bbox 654 2806 998 2876; x_wconf 87' lang='lat' dir='ltr'><strong>perpetietur.</strong></span> 
     </span>
    </p>
   </div>
   <div class='ocr_carea' id='block_1_31' title="bbox 2166 620 3715 701">
    <p class='ocr_par' dir='ltr' id='par_1_31' title="bbox 2166 620 3715 701">
     <span class='ocr_line' id='line_1_31' title="bbox 2166 620 3715 701; baseline -0.002 -18"><span class='ocrx_word' id='word_1_206' title='bbox 2166 632 2395 701; x_wconf 66' lang='grc' dir='ltr'>φέγγος⁶</span> <span class='ocrx_word' id='word_1_207' title='bbox 2438 631 2637 692; x_wconf 86' lang='grc' dir='ltr'>πάντες</span> <span class='ocrx_word' id='word_1_208' title='bbox 2662 628 3069 699; x_wconf 86' lang='grc' dir='ltr'>ἐθερμάνθησαν</span> <span class='ocrx_word' id='word_1_209' title='bbox 3110 627 3184 691; x_wconf 84' lang='grc' dir='ltr'>ὡς</span> <span class='ocrx_word' id='word_1_210' title='bbox 3216 620 3469 690; x_wconf 87' lang='grc' dir='ltr'>κλίϐανος</span> <span class='ocrx_word' id='word_1_211' title='bbox 3503 628 3715 697; x_wconf 74' lang='grc' dir='ltr'>καιόμε-</span> 
     </span>
    </p>
   </div>
   <div class='ocr_carea' id='block_1_32' title="bbox 2164 718 3719 791">
    <p class='ocr_par' dir='ltr' id='par_1_32' title="bbox 2164 718 3719 791">
     <span class='ocr_line' id='line_1_32' title="bbox 2164 718 3719 791; baseline -0.003 -16"><span class='ocrx_word' id='word_1_212' title='bbox 2164 740 2269 786; x_wconf 92' lang='grc' dir='ltr'>νος.</span> <span class='ocrx_word' id='word_1_213' title='bbox 2319 742 2339 775; x_wconf 67' lang='grc' dir='ltr'><strong>ι</strong></span> <span class='ocrx_word' id='word_1_214' title='bbox 2406 722 2648 791; x_wconf 82' lang='grc' dir='ltr'><strong>Ἡμέρας</strong></span> <span class='ocrx_word' id='word_1_215' title='bbox 2701 721 2759 775; x_wconf 82' lang='grc' dir='ltr'>δὲ</span> <span class='ocrx_word' id='word_1_216' title='bbox 2806 719 3320 791; x_wconf 82' lang='grc' dir='ltr'>ἐπιλαμϐανούσης.</span> <span class='ocrx_word' id='word_1_217' title='bbox 3375 718 3485 771; x_wconf 91' lang='grc' dir='ltr'><strong>τῶν</strong></span> <span class='ocrx_word' id='word_1_218' title='bbox 3542 718 3719 772; x_wconf 80' lang='grc' dir='ltr'>αὐτῶν</span> 
     </span>
    </p>
   </div>
   <div class='ocr_carea' id='block_1_33' title="bbox 2163 808 3720 884">
    <p class='ocr_par' dir='ltr' id='par_1_33' title="bbox 2163 808 3720 884">
     <span class='ocr_line' id='line_1_33' title="bbox 2163 808 3720 884; baseline -0.003 -18"><span class='ocrx_word' id='word_1_219' title='bbox 2163 815 2392 884; x_wconf 70' lang='grc' dir='ltr'>ἥπτοντο</span> <span class='ocrx_word' id='word_1_220' title='bbox 2442 812 2631 877; x_wconf 87' lang='grc' dir='ltr'>πάλιν,</span> <span class='ocrx_word' id='word_1_221' title='bbox 2678 810 3036 881; x_wconf 84' lang='grc' dir='ltr'>ἀναπτόμενοι</span> <span class='ocrx_word' id='word_1_222' title='bbox 3076 826 3136 863; x_wconf 91' lang='grc' dir='ltr'><strong>τε</strong></span> <span class='ocrx_word' id='word_1_223' title='bbox 3174 809 3327 881; x_wconf 84' lang='grc' dir='ltr'>δίκην</span> <span class='ocrx_word' id='word_1_224' title='bbox 3376 808 3578 881; x_wconf 76' lang='grc' dir='ltr'>πυρὸς,</span> <span class='ocrx_word' id='word_1_225' title='bbox 3627 811 3720 863; x_wconf 69' lang='grc' dir='ltr'>καὶ</span> 
     </span>
    </p>
   </div>
   <div class='ocr_carea' id='block_1_34' title="bbox 2165 901 3719 976">
    <p class='ocr_par' dir='ltr' id='par_1_34' title="bbox 2165 901 3719 976">
     <span class='ocr_line' id='line_1_34' title="bbox 2165 901 3719 976; baseline -0.003 -18"><span class='ocrx_word' id='word_1_226' title='bbox 2165 905 2353 976; x_wconf 82' lang='grc' dir='ltr'>ὥσπερ</span> <span class='ocrx_word' id='word_1_227' title='bbox 2376 922 2459 967; x_wconf 91' lang='grc' dir='ltr'><strong>τις</strong></span> <span class='ocrx_word' id='word_1_228' title='bbox 2488 903 2735 966; x_wconf 88' lang='grc' dir='ltr'>κλίϐανος</span> <span class='ocrx_word' id='word_1_229' title='bbox 2758 902 3257 975; x_wconf 88' lang='grc' dir='ltr'>διαθερμαινόμενοί</span> <span class='ocrx_word' id='word_1_230' title='bbox 3288 919 3369 966; x_wconf 89' lang='grc' dir='ltr'><strong>τε,</strong></span> <span class='ocrx_word' id='word_1_231' title='bbox 3404 903 3498 954; x_wconf 74' lang='grc' dir='ltr'>καὶ</span> <span class='ocrx_word' id='word_1_232' title='bbox 3522 901 3719 968; x_wconf 88' lang='grc' dir='ltr'>διεγει-</span> 
     </span>
    </p>
   </div>
   <div class='ocr_carea' id='block_1_35' title="bbox 2168 990 3721 1067">
    <p class='ocr_par' dir='ltr' id='par_1_35' title="bbox 2168 990 3721 1067">
     <span class='ocr_line' id='line_1_35' title="bbox 2168 990 3721 1067; baseline -0.002 -21"><span class='ocrx_word' id='word_1_233' title='bbox 2168 995 2382 1067; x_wconf 83' lang='grc' dir='ltr'>ρόμενοι</span> <span class='ocrx_word' id='word_1_234' title='bbox 2414 995 2548 1066; x_wconf 79' lang='grc' dir='ltr'>πρὸς</span> <span class='ocrx_word' id='word_1_235' title='bbox 2579 995 2675 1066; x_wconf 85' lang='grc' dir='ltr'>τὴν</span> <span class='ocrx_word' id='word_1_236' title='bbox 2704 994 2812 1047; x_wconf 90' lang='grc' dir='ltr'><strong>τῶν</strong></span> <span class='ocrx_word' id='word_1_237' title='bbox 2844 994 3061 1048; x_wconf 81' lang='grc' dir='ltr'><strong>ἀτόπων</strong></span> <span class='ocrx_word' id='word_1_238' title='bbox 3089 993 3371 1065; x_wconf 91' lang='grc' dir='ltr'>ἐργασίαν.</span> <span class='ocrx_word' id='word_1_239' title='bbox 3405 1011 3424 1044; x_wconf 80' lang='grc' dir='ltr'><strong>ι</strong></span> <span class='ocrx_word' id='word_1_240' title='bbox 3465 991 3571 1045; x_wconf 79' lang='grc' dir='ltr'><strong>Καὶ</strong></span> <span class='ocrx_word' id='word_1_241' title='bbox 3608 990 3721 1061; x_wconf 87' lang='grc' dir='ltr'><strong>πῦρ</strong></span> 
     </span>
    </p>
   </div>
   <div class='ocr_carea' id='block_1_36' title="bbox 2167 1082 3723 1157">
    <p class='ocr_par' dir='ltr' id='par_1_36' title="bbox 2167 1082 3723 1157">
     <span class='ocr_line' id='line_1_36' title="bbox 2167 1082 3723 1157; baseline -0.004 -18"><span class='ocrx_word' id='word_1_242' title='bbox 2167 1086 2441 1155; x_wconf 79' lang='grc' dir='ltr'>κατέφαγε</span> <span class='ocrx_word' id='word_1_243' title='bbox 2488 1088 2612 1149; x_wconf 78' lang='grc' dir='ltr'>τοὺς</span> <span class='ocrx_word' id='word_1_244' title='bbox 2642 1086 2835 1157; x_wconf 82' lang='grc' dir='ltr'>κριτὰς</span> <span class='ocrx_word' id='word_1_245' title='bbox 2867 1085 3062 1138; x_wconf 81' lang='grc' dir='ltr'>αὐτῶν.</span> <span class='ocrx_word' id='word_1_246' title='bbox 3108 1103 3126 1134; x_wconf 75' lang='grc' dir='ltr'><strong>ι</strong></span> <span class='ocrx_word' id='word_1_247' title='bbox 3173 1083 3519 1152; x_wconf 84' lang='grc' dir='ltr'>Κατάλληλον</span> <span class='ocrx_word' id='word_1_248' title='bbox 3544 1082 3723 1134; x_wconf 84' lang='grc' dir='ltr'><strong>τοίνυν</strong></span> 
     </span>
    </p>
   </div>
   <div class='ocr_carea' id='block_1_37' title="bbox 2168 1173 3723 1248">
    <p class='ocr_par' dir='ltr' id='par_1_37' title="bbox 2168 1173 3723 1248">
     <span class='ocr_line' id='line_1_37' title="bbox 2168 1173 3723 1248; baseline -0.003 -19"><span class='ocrx_word' id='word_1_249' title='bbox 2168 1177 2496 1247; x_wconf 74' lang='grc' dir='ltr'>ὑπομένουσι</span> <span class='ocrx_word' id='word_1_250' title='bbox 2524 1178 2621 1248; x_wconf 82' lang='grc' dir='ltr'>τὴν</span> <span class='ocrx_word' id='word_1_251' title='bbox 2664 1177 2954 1248; x_wconf 76' lang='grc' dir='ltr'><strong>τιμωρίαν,</strong></span> <span class='ocrx_word' id='word_1_252' title='bbox 2979 1176 3132 1247; x_wconf 87' lang='grc' dir='ltr'>δίκην</span> <span class='ocrx_word' id='word_1_253' title='bbox 3166 1176 3335 1247; x_wconf 83' lang='grc' dir='ltr'>πυρὸς</span> <span class='ocrx_word' id='word_1_254' title='bbox 3367 1176 3583 1227; x_wconf 86' lang='grc' dir='ltr'>πάντων</span> <span class='ocrx_word' id='word_1_255' title='bbox 3614 1173 3723 1226; x_wconf 92' lang='grc' dir='ltr'><strong>τῶν</strong></span> 
     </span>
    </p>
   </div>
   <div class='ocr_carea' id='block_1_38' title="bbox 2167 1265 3725 1338">
    <p class='ocr_par' dir='ltr' id='par_1_38' title="bbox 2167 1265 3725 1338">
     <span class='ocr_line' id='line_1_38' title="bbox 2167 1265 3725 1338; baseline -0.003 -18"><span class='ocrx_word' id='word_1_256' title='bbox 2167 1268 2356 1337; x_wconf 81' lang='grc' dir='ltr'>ἄρχειν</span> <span class='ocrx_word' id='word_1_257' title='bbox 2407 1270 2464 1321; x_wconf 89' lang='grc' dir='ltr'><strong>ἐν</strong></span> <span class='ocrx_word' id='word_1_258' title='bbox 2505 1270 2686 1332; x_wconf 77' lang='grc' dir='ltr'>αὐτοῖς</span> <span class='ocrx_word' id='word_1_259' title='bbox 2733 1267 3146 1338; x_wconf 77' lang='grc' dir='ltr'><strong>ὑπειλημμένων</strong></span> <span class='ocrx_word' id='word_1_260' title='bbox 3187 1269 3252 1337; x_wconf 82' lang='grc' dir='ltr'><strong>τῇ</strong></span> <span class='ocrx_word' id='word_1_261' title='bbox 3298 1265 3406 1318; x_wconf 90' lang='grc' dir='ltr'><strong>τῶν</strong></span> <span class='ocrx_word' id='word_1_262' title='bbox 3452 1265 3725 1335; x_wconf 90' lang='grc' dir='ltr'>πολεμίων</span> 
     </span>
    </p>
   </div>
   <div class='ocr_carea' id='block_1_39' title="bbox 2169 1353 3726 1430">
    <p class='ocr_par' dir='ltr' id='par_1_39' title="bbox 2169 1353 3726 1430">
     <span class='ocr_line' id='line_1_39' title="bbox 2169 1353 3726 1430; baseline -0.004 -18"><span class='ocrx_word' id='word_1_263' title='bbox 2169 1358 2607 1430; x_wconf 81' lang='grc' dir='ltr'>παραδιδομένων</span> <span class='ocrx_word' id='word_1_264' title='bbox 2647 1362 2850 1430; x_wconf 83' lang='grc' dir='ltr'><strong>σφαγῇ.</strong></span> <span class='ocrx_word' id='word_1_265' title='bbox 2897 1377 2916 1410; x_wconf 83' lang='grc' dir='ltr'><strong>ι</strong></span> <span class='ocrx_word' id='word_1_266' title='bbox 2956 1358 3162 1419; x_wconf 84' lang='grc' dir='ltr'><strong>Πάντες</strong></span> <span class='ocrx_word' id='word_1_267' title='bbox 3196 1359 3244 1410; x_wconf 90' lang='grc' dir='ltr'>οἱ</span> <span class='ocrx_word' id='word_1_268' title='bbox 3277 1355 3513 1427; x_wconf 83' lang='grc' dir='ltr'><strong>βασιλεῖς</strong></span> <span class='ocrx_word' id='word_1_269' title='bbox 3545 1353 3726 1408; x_wconf 78' lang='grc' dir='ltr'>αὐτῶν</span> 
     </span>
    </p>
   </div>
   <div class='ocr_carea' id='block_1_40' title="bbox 2169 1447 3726 1521">
    <p class='ocr_par' dir='ltr' id='par_1_40' title="bbox 2169 1447 3726 1521">
     <span class='ocr_line' id='line_1_40' title="bbox 2169 1447 3726 1521; baseline -0.003 -18"><span class='ocrx_word' id='word_1_270' title='bbox 2169 1452 2379 1504; x_wconf 77' lang='grc' dir='ltr'>ἔπεσον.</span> <span class='ocrx_word' id='word_1_271' title='bbox 2451 1469 2471 1501; x_wconf 73' lang='grc' dir='ltr'><strong>ι</strong></span> <span class='ocrx_word' id='word_1_272' title='bbox 2545 1449 2813 1521; x_wconf 79' lang='grc' dir='ltr'>Ἀπωλείᾳ</span> <span class='ocrx_word' id='word_1_273' title='bbox 2874 1451 2968 1503; x_wconf 78' lang='grc' dir='ltr'>καὶ</span> <span class='ocrx_word' id='word_1_274' title='bbox 3021 1452 3200 1519; x_wconf 83' lang='grc' dir='ltr'>σφαγῇ</span> <span class='ocrx_word' id='word_1_275' title='bbox 3262 1447 3726 1519; x_wconf 81' lang='grc' dir='ltr'>παραδοθήσονται</span> 
     </span>
    </p>
   </div>
   <div class='ocr_carea' id='block_1_41' title="bbox 2169 1536 3731 1611">
    <p class='ocr_par' dir='ltr' id='par_1_41' title="bbox 2169 1536 3731 1611">
     <span class='ocr_line' id='line_1_41' title="bbox 2169 1536 3731 1611; baseline -0.003 -16"><span class='ocrx_word' id='word_1_276' title='bbox 2169 1543 2387 1605; x_wconf 85' lang='grc' dir='ltr'>πάντες.</span> <span class='ocrx_word' id='word_1_277' title='bbox 2416 1541 2571 1604; x_wconf 84' lang='grc' dir='ltr'>Τίνος</span> <span class='ocrx_word' id='word_1_278' title='bbox 2598 1543 2810 1605; x_wconf 80' lang='grc' dir='ltr'>ἐνεκεν;</span> <span class='ocrx_word' id='word_1_279' title='bbox 2857 1558 2875 1591; x_wconf 88' lang='grc'><strong>‹</strong></span> <span class='ocrx_word' id='word_1_280' title='bbox 2912 1540 3026 1594; x_wconf 82' lang='grc' dir='ltr'><strong>Οὐκ</strong></span> <span class='ocrx_word' id='word_1_281' title='bbox 3063 1536 3131 1611; x_wconf 79' lang='grc' dir='ltr'>ἦν</span> <span class='ocrx_word' id='word_1_282' title='bbox 3169 1542 3226 1592; x_wconf 89' lang='grc' dir='ltr'><strong>ἐν</strong></span> <span class='ocrx_word' id='word_1_283' title='bbox 3263 1540 3444 1601; x_wconf 82' lang='grc' dir='ltr'>αὐτοῖς</span> <span class='ocrx_word' id='word_1_284' title='bbox 3478 1540 3506 1590; x_wconf 87' lang='grc' dir='ltr'>ὁ</span> <span class='ocrx_word' id='word_1_285' title='bbox 3541 1539 3731 1591; x_wconf 82' lang='grc' dir='ltr'>ἐπικα-</span> 
     </span>
    </p>
   </div>
   <div class='ocr_carea' id='block_1_42' title="bbox 2169 1626 3727 1704">
    <p class='ocr_par' dir='ltr' id='par_1_42' title="bbox 2169 1626 3727 1704">
     <span class='ocr_line' id='line_1_42' title="bbox 2169 1626 3727 1704; baseline -0.003 -18"><span class='ocrx_word' id='word_1_286' title='bbox 2169 1634 2424 1703; x_wconf 82' lang='grc' dir='ltr'>λούμενος</span> <span class='ocrx_word' id='word_1_287' title='bbox 2443 1635 2577 1704; x_wconf 88' lang='grc' dir='ltr'>πρός</span> <span class='ocrx_word' id='word_1_288' title='bbox 2605 1650 2691 1703; x_wconf 89' lang='grc' dir='ltr'><strong>με.</strong></span> <span class='ocrx_word' id='word_1_289' title='bbox 2723 1651 2741 1683; x_wconf 73' lang='grc' dir='ltr'><strong>ι</strong></span> <span class='ocrx_word' id='word_1_290' title='bbox 2788 1632 3002 1703; x_wconf 81' lang='grc' dir='ltr'><strong>Ἐπειδὴ</strong></span> <span class='ocrx_word' id='word_1_291' title='bbox 3024 1633 3115 1684; x_wconf 72' lang='grc' dir='ltr'>καὶ</span> <span class='ocrx_word' id='word_1_292' title='bbox 3150 1631 3437 1701; x_wconf 83' lang='grc' dir='ltr'>σύμφωνον</span> <span class='ocrx_word' id='word_1_293' title='bbox 3466 1626 3607 1699; x_wconf 79' lang='grc' dir='ltr'>εἶχον</span> <span class='ocrx_word' id='word_1_294' title='bbox 3630 1627 3727 1699; x_wconf 80' lang='grc' dir='ltr'>τὴν</span> 
     </span>
    </p>
   </div>
   <div class='ocr_carea' id='block_1_43' title="bbox 2168 1720 3729 1796">
    <p class='ocr_par' dir='ltr' id='par_1_43' title="bbox 2168 1720 3729 1796">
     <span class='ocr_line' id='line_1_43' title="bbox 2168 1720 3729 1796; baseline -0.002 -20"><span class='ocrx_word' id='word_1_295' title='bbox 2168 1723 2409 1796; x_wconf 85' lang='grc' dir='ltr'>γνώμην,</span> <span class='ocrx_word' id='word_1_296' title='bbox 2445 1725 2634 1778; x_wconf 78' lang='grc' dir='ltr'>οὐδένα</span> <span class='ocrx_word' id='word_1_297' title='bbox 2666 1723 2823 1792; x_wconf 88' lang='grc' dir='ltr'>λόγον</span> <span class='ocrx_word' id='word_1_298' title='bbox 2866 1722 2998 1793; x_wconf 84' lang='grc' dir='ltr'>ἐμοῦ</span> <span class='ocrx_word' id='word_1_299' title='bbox 3032 1723 3300 1777; x_wconf 87' lang='grc' dir='ltr'>ποιεῖσθαι</span> <span class='ocrx_word' id='word_1_300' title='bbox 3330 1720 3584 1786; x_wconf 80' lang='grc' dir='ltr'><strong>καθάπαξ</strong></span> <span class='ocrx_word' id='word_1_301' title='bbox 3618 1721 3729 1773; x_wconf 79' lang='grc' dir='ltr'>ἐθέ-</span> 
     </span>
    </p>
   </div>
   <div class='ocr_carea' id='block_1_44' title="bbox 2170 1810 3730 1884">
    <p class='ocr_par' dir='ltr' id='par_1_44' title="bbox 2170 1810 3730 1884">
     <span class='ocr_line' id='line_1_44' title="bbox 2170 1810 3730 1884; baseline -0.004 -18"><span class='ocrx_word' id='word_1_302' title='bbox 2170 1815 2370 1878; x_wconf 89' lang='grc' dir='ltr'>λοντες.</span> <span class='ocrx_word' id='word_1_303' title='bbox 2429 1832 2448 1866; x_wconf 82' lang='grc' dir='ltr'><strong>ι</strong></span> <span class='ocrx_word' id='word_1_304' title='bbox 2508 1813 2746 1884; x_wconf 77' lang='grc' dir='ltr'>Ἐφραῖμ</span> <span class='ocrx_word' id='word_1_305' title='bbox 2790 1814 2846 1865; x_wconf 86' lang='grc' dir='ltr'><strong>ἐν</strong></span> <span class='ocrx_word' id='word_1_306' title='bbox 2887 1814 3000 1875; x_wconf 85' lang='grc' dir='ltr'>τοῖς</span> <span class='ocrx_word' id='word_1_307' title='bbox 3046 1812 3193 1875; x_wconf 81' lang='grc' dir='ltr'>λαοῖς</span> <span class='ocrx_word' id='word_1_308' title='bbox 3228 1812 3397 1875; x_wconf 80' lang='grc' dir='ltr'>αὐτὸς</span> <span class='ocrx_word' id='word_1_309' title='bbox 3438 1810 3730 1880; x_wconf 81' lang='grc' dir='ltr'>συνανεμί-</span> 
     </span>
    </p>
   </div>
   <div class='ocr_carea' id='block_1_45' title="bbox 2168 1898 3731 1973">
    <p class='ocr_par' dir='ltr' id='par_1_45' title="bbox 2168 1898 3731 1973">
     <span class='ocr_line' id='line_1_45' title="bbox 2168 1898 3731 1973; baseline -0.002 -17"><span class='ocrx_word' id='word_1_310' title='bbox 2168 1921 2348 1973; x_wconf 87' lang='grc' dir='ltr'>γνυτο.</span> <span class='ocrx_word' id='word_1_311' title='bbox 2388 1922 2407 1955; x_wconf 83' lang='grc'><strong>›</strong></span> <span class='ocrx_word' id='word_1_312' title='bbox 2434 1902 2602 1957; x_wconf 84' lang='grc' dir='ltr'>Τοῦτο</span> <span class='ocrx_word' id='word_1_313' title='bbox 2625 1904 2719 1956; x_wconf 73' lang='grc' dir='ltr'>καὶ</span> <span class='ocrx_word' id='word_1_314' title='bbox 2738 1904 2765 1955; x_wconf 87' lang='grc' dir='ltr'><strong>ό</strong></span> <span class='ocrx_word' id='word_1_315' title='bbox 2801 1902 3065 1973; x_wconf 88' lang='grc' dir='ltr'>μακάριος</span> <span class='ocrx_word' id='word_1_316' title='bbox 3089 1902 3285 1964; x_wconf 74' lang='grc' dir='ltr'>αὐτοὺς</span> <span class='ocrx_word' id='word_1_317' title='bbox 3312 1903 3547 1955; x_wconf 83' lang='grc' dir='ltr'>αἰτιᾶται</span> <span class='ocrx_word' id='word_1_318' title='bbox 3569 1898 3731 1953; x_wconf 76' lang='grc' dir='ltr'>Δαυῒδ</span> 
     </span>
    </p>
   </div>
   <div class='ocr_carea' id='block_1_46' title="bbox 2168 1990 3724 2063">
    <p class='ocr_par' dir='ltr' id='par_1_46' title="bbox 2168 1990 3724 2063">
     <span class='ocr_line' id='line_1_46' title="bbox 2168 1990 3724 2063; baseline -0.003 -18"><span class='ocrx_word' id='word_1_319' title='bbox 2168 1994 2370 2062; x_wconf 82' lang='grc' dir='ltr'>λέγων·</span> <span class='ocrx_word' id='word_1_320' title='bbox 2405 1994 2480 2062; x_wconf 90' lang='lat' dir='ltr'><strong>(p.</strong></span> <span class='ocrx_word' id='word_1_321' title='bbox 2515 1994 2604 2060; x_wconf 81' lang='grc'><strong>55)</strong></span> <span class='ocrx_word' id='word_1_322' title='bbox 2641 2011 2659 2043; x_wconf 78' lang='grc' dir='ltr'><strong>ι</strong></span> <span class='ocrx_word' id='word_1_323' title='bbox 2700 1992 2809 2046; x_wconf 70' lang='grc' dir='ltr'><strong>Καὶ</strong></span> <span class='ocrx_word' id='word_1_324' title='bbox 2850 1993 3188 2063; x_wconf 85' lang='grc' dir='ltr'>ἐπεμίγησαν</span> <span class='ocrx_word' id='word_1_325' title='bbox 3227 1994 3284 2045; x_wconf 88' lang='grc' dir='ltr'><strong>ἐν</strong></span> <span class='ocrx_word' id='word_1_326' title='bbox 3321 1994 3432 2053; x_wconf 87' lang='grc' dir='ltr'>τοῖς</span> <span class='ocrx_word' id='word_1_327' title='bbox 3467 1990 3669 2043; x_wconf 77' lang='grc' dir='ltr'>ἔθνεσι.</span> <span class='ocrx_word' id='word_1_328' title='bbox 3704 2005 3724 2040; x_wconf 70' lang='grc' dir='ltr'><strong>ι</strong></span> 
     </span>
    </p>
   </div>
   <div class='ocr_carea' id='block_1_47' title="bbox 2170 2070 3730 2155">
    <p class='ocr_par' dir='ltr' id='par_1_47' title="bbox 2170 2070 3730 2155">
     <span class='ocr_line' id='line_1_47' title="bbox 2170 2070 3730 2155; baseline -0.002 -19"><span class='ocrx_word' id='word_1_329' title='bbox 2170 2085 2279 2137; x_wconf 77' lang='grc' dir='ltr'><strong>Καὶ</strong></span> <span class='ocrx_word' id='word_1_330' title='bbox 2302 2087 2408 2155; x_wconf 77' lang='grc' dir='ltr'>γὰρ</span> <span class='ocrx_word' id='word_1_331' title='bbox 2436 2080 2502 2155; x_wconf 78' lang='grc' dir='ltr'>ἦν</span> <span class='ocrx_word' id='word_1_332' title='bbox 2535 2070 2880 2154; x_wconf 81' lang='grc' dir='ltr'>ἀπειρημένη</span> <span class='ocrx_word' id='word_1_333' title='bbox 2912 2081 3189 2144; x_wconf 84' lang='grc' dir='ltr'>παντελῶς</span> <span class='ocrx_word' id='word_1_334' title='bbox 3218 2082 3401 2144; x_wconf 78' lang='grc' dir='ltr'>αὐτοῖς</span> <span class='ocrx_word' id='word_1_335' title='bbox 3425 2082 3488 2133; x_wconf 86' lang='grc' dir='ltr'><strong>ἐκ</strong></span> <span class='ocrx_word' id='word_1_336' title='bbox 3517 2078 3613 2133; x_wconf 88' lang='grc' dir='ltr'><strong>τοῦ</strong></span> <span class='ocrx_word' id='word_1_337' title='bbox 3644 2081 3730 2133; x_wconf 87' lang='grc' dir='ltr'>νό-</span> 
     </span>
    </p>
   </div>
   <div class='ocr_carea' id='block_1_48' title="bbox 2173 2166 3732 2245">
    <p class='ocr_par' dir='ltr' id='par_1_48' title="bbox 2173 2166 3732 2245">
     <span class='ocr_line' id='line_1_48' title="bbox 2173 2166 3732 2245; baseline -0.002 -19"><span class='ocrx_word' id='word_1_338' title='bbox 2173 2192 2270 2244; x_wconf 87' lang='grc' dir='ltr'><strong>μου</strong></span> <span class='ocrx_word' id='word_1_339' title='bbox 2316 2176 2349 2245; x_wconf 83' lang='grc' dir='ltr'>ἠ</span> <span class='ocrx_word' id='word_1_340' title='bbox 2381 2174 2514 2244; x_wconf 83' lang='grc' dir='ltr'>πρὸς</span> <span class='ocrx_word' id='word_1_341' title='bbox 2546 2174 2670 2236; x_wconf 72' lang='grc' dir='ltr'>τοὺς</span> <span class='ocrx_word' id='word_1_342' title='bbox 2703 2171 3011 2241; x_wconf 80' lang='grc' dir='ltr'>ἀλλοτρίους</span> <span class='ocrx_word' id='word_1_343' title='bbox 3047 2170 3293 2242; x_wconf 81' lang='grc' dir='ltr'>ἐπιμιξία</span> <span class='ocrx_word' id='word_1_344' title='bbox 3321 2188 3335 2201; x_wconf 74' lang='grc' dir='ltr'><strong>ο</strong></span> <span class='ocrx_word' id='word_1_345' title='bbox 3376 2170 3601 2233; x_wconf 78' lang='grc' dir='ltr'>εἰκότως</span> <span class='ocrx_word' id='word_1_346' title='bbox 3641 2166 3732 2224; x_wconf 79' lang='grc' dir='ltr'><strong>οῦν</strong></span> 
     </span>
    </p>
   </div>
   <div class='ocr_carea' id='block_1_49' title="bbox 2170 2261 3735 2334">
    <p class='ocr_par' dir='ltr' id='par_1_49' title="bbox 2170 2261 3735 2334">
     <span class='ocr_line' id='line_1_49' title="bbox 2170 2261 3735 2334; baseline -0.004 -15"><span class='ocrx_word' id='word_1_347' title='bbox 2170 2267 2351 2329; x_wconf 83' lang='grc' dir='ltr'>αὐτοῖς</span> <span class='ocrx_word' id='word_1_348' title='bbox 2374 2264 2620 2329; x_wconf 76' lang='grc' dir='ltr'>ὀνειδίζει</span> <span class='ocrx_word' id='word_1_349' title='bbox 2660 2264 2932 2318; x_wconf 87' lang='grc' dir='ltr'>κάνταῦθα</span> <span class='ocrx_word' id='word_1_350' title='bbox 2961 2263 3135 2317; x_wconf 89' lang='grc' dir='ltr'>τοῦτο.</span> <span class='ocrx_word' id='word_1_351' title='bbox 3175 2280 3195 2314; x_wconf 77' lang='grc' dir='ltr'><strong>ι</strong></span> <span class='ocrx_word' id='word_1_352' title='bbox 3243 2261 3482 2334; x_wconf 66' lang='grc' dir='ltr'>Ἐφραίμ</span> <span class='ocrx_word' id='word_1_353' title='bbox 3519 2262 3735 2329; x_wconf 85' lang='grc' dir='ltr'>ἐγένετο</span> 
     </span>
    </p>
   </div>
   <div class='ocr_carea' id='block_1_50' title="bbox 2175 2353 3736 2429">
    <p class='ocr_par' dir='ltr' id='par_1_50' title="bbox 2175 2353 3736 2429">
     <span class='ocr_line' id='line_1_50' title="bbox 2175 2353 3736 2429; baseline -0.004 -18"><span class='ocrx_word' id='word_1_354' title='bbox 2175 2358 2474 2429; x_wconf 80' lang='grc' dir='ltr'>ἐγκρυφίας</span> <span class='ocrx_word' id='word_1_355' title='bbox 2505 2358 2566 2409; x_wconf 83' lang='grc' dir='ltr'>οὐ</span> <span class='ocrx_word' id='word_1_356' title='bbox 2604 2355 3129 2429; x_wconf 78' lang='grc' dir='ltr'>μεταστρεφόμενος.</span> <span class='ocrx_word' id='word_1_357' title='bbox 3166 2371 3185 2406; x_wconf 73' lang='grc' dir='ltr'><strong>ι</strong></span> <span class='ocrx_word' id='word_1_358' title='bbox 3220 2353 3404 2417; x_wconf 81' lang='grc' dir='ltr'>Οῦτως</span> <span class='ocrx_word' id='word_1_359' title='bbox 3425 2353 3736 2423; x_wconf 79' lang='grc' dir='ltr'>ἀμετάϐλη-</span> 
     </span>
    </p>
   </div>
   <div class='ocr_carea' id='block_1_51' title="bbox 2174 2442 3734 2518">
    <p class='ocr_par' dir='ltr' id='par_1_51' title="bbox 2174 2442 3734 2518">
     <span class='ocr_line' id='line_1_51' title="bbox 2174 2442 3734 2518; baseline -0.003 -17"><span class='ocrx_word' id='word_1_360' title='bbox 2174 2466 2265 2512; x_wconf 92' lang='grc' dir='ltr'><strong>τος</strong></span> <span class='ocrx_word' id='word_1_361' title='bbox 2310 2448 2399 2501; x_wconf 83' lang='grc' dir='ltr'>τὸν</span> <span class='ocrx_word' id='word_1_362' title='bbox 2432 2448 2631 2518; x_wconf 82' lang='grc' dir='ltr'>τρόπον</span> <span class='ocrx_word' id='word_1_363' title='bbox 2662 2446 2755 2499; x_wconf 73' lang='grc' dir='ltr'>ἐπὶ</span> <span class='ocrx_word' id='word_1_364' title='bbox 2796 2446 2894 2516; x_wconf 84' lang='grc' dir='ltr'>τῆς</span> <span class='ocrx_word' id='word_1_365' title='bbox 2930 2445 3099 2515; x_wconf 83' lang='grc' dir='ltr'>αὐτῆς</span> <span class='ocrx_word' id='word_1_366' title='bbox 3133 2444 3450 2515; x_wconf 85' lang='grc' dir='ltr'>μεμενηκὼς</span> <span class='ocrx_word' id='word_1_367' title='bbox 3501 2442 3734 2506; x_wconf 82' lang='grc' dir='ltr'>κακίας,</span> 
     </span>
    </p>
   </div>
   <div class='ocr_carea' id='block_1_52' title="bbox 2175 2526 3736 2608">
    <p class='ocr_par' dir='ltr' id='par_1_52' title="bbox 2175 2526 3736 2608">
     <span class='ocr_line' id='line_1_52' title="bbox 2175 2526 3736 2608; baseline -0.004 -17"><span class='ocrx_word' id='word_1_368' title='bbox 2175 2539 2362 2608; x_wconf 87' lang='grc' dir='ltr'>ῶσπερ</span> <span class='ocrx_word' id='word_1_369' title='bbox 2395 2540 2569 2591; x_wconf 82' lang='grc' dir='ltr'>ἐκεῖνο</span> <span class='ocrx_word' id='word_1_370' title='bbox 2596 2537 2774 2606; x_wconf 88' lang='grc' dir='ltr'>μένειν</span> <span class='ocrx_word' id='word_1_371' title='bbox 2800 2534 2986 2589; x_wconf 79' lang='grc' dir='ltr'>εἴωθεν</span> <span class='ocrx_word' id='word_1_372' title='bbox 3023 2534 3417 2605; x_wconf 85' lang='grc' dir='ltr'>ἀμετακίνητον</span> <span class='ocrx_word' id='word_1_373' title='bbox 3454 2534 3537 2602; x_wconf 84' lang='grc' dir='ltr'>ἐφ’</span> <span class='ocrx_word' id='word_1_374' title='bbox 3565 2526 3736 2603; x_wconf 73' lang='grc' dir='ltr'>οὗπερ</span> 
     </span>
    </p>
   </div>
   <div class='ocr_carea' id='block_1_53' title="bbox 2178 2623 3737 2696">
    <p class='ocr_par' dir='ltr' id='par_1_53' title="bbox 2178 2623 3737 2696">
     <span class='ocr_line' id='line_1_53' title="bbox 2178 2623 3737 2696; baseline -0.003 -15"><span class='ocrx_word' id='word_1_375' title='bbox 2178 2629 2435 2682; x_wconf 89' lang='grc' dir='ltr'>τέτακται</span> <span class='ocrx_word' id='word_1_376' title='bbox 2474 2627 2660 2679; x_wconf 81' lang='grc' dir='ltr'>τόπου.</span> <span class='ocrx_word' id='word_1_377' title='bbox 2711 2645 2730 2678; x_wconf 78' lang='grc' dir='ltr'><strong>ι</strong></span> <span class='ocrx_word' id='word_1_378' title='bbox 2788 2625 3107 2694; x_wconf 83' lang='grc' dir='ltr'>Κατέφαγον</span> <span class='ocrx_word' id='word_1_379' title='bbox 3142 2624 3405 2696; x_wconf 79' lang='grc' dir='ltr'>ἀλλότριοι</span> <span class='ocrx_word' id='word_1_380' title='bbox 3442 2623 3538 2695; x_wconf 83' lang='grc' dir='ltr'>τὴν</span> <span class='ocrx_word' id='word_1_381' title='bbox 3581 2625 3737 2694; x_wconf 79' lang='grc' dir='ltr'>ἰσχὺν</span> 
     </span>
    </p>
   </div>
   <div class='ocr_carea' id='block_1_54' title="bbox 2180 2713 3735 2787">
    <p class='ocr_par' dir='ltr' id='par_1_54' title="bbox 2180 2713 3735 2787">
     <span class='ocr_line' id='line_1_54' title="bbox 2180 2713 3735 2787; baseline -0.005 -15"><span class='ocrx_word' id='word_1_382' title='bbox 2180 2718 2366 2772; x_wconf 85' lang='grc' dir='ltr'>αὑτοῦ.</span> <span class='ocrx_word' id='word_1_383' title='bbox 2402 2737 2420 2769; x_wconf 71' lang='grc' dir='ltr'><strong>ι</strong></span> <span class='ocrx_word' id='word_1_384' title='bbox 2462 2716 2753 2787; x_wconf 87' lang='grc' dir='ltr'>Ὑπομένει</span> <span class='ocrx_word' id='word_1_385' title='bbox 2799 2716 2977 2768; x_wconf 88' lang='grc' dir='ltr'>τοίνυν</span> <span class='ocrx_word' id='word_1_386' title='bbox 3015 2716 3271 2783; x_wconf 86' lang='grc' dir='ltr'>ἀνάλογον</span> <span class='ocrx_word' id='word_1_387' title='bbox 3312 2716 3409 2785; x_wconf 82' lang='grc' dir='ltr'>τὴν</span> <span class='ocrx_word' id='word_1_388' title='bbox 3433 2713 3735 2785; x_wconf 86' lang='grc' dir='ltr'>τιμωρίαν·</span> 
     </span>
    </p>
   </div>
   <div class='ocr_carea' id='block_1_55' title="bbox 2184 2801 3740 2875">
    <p class='ocr_par' dir='ltr' id='par_1_55' title="bbox 2184 2801 3740 2875">
     <span class='ocr_line' id='line_1_55' title="bbox 2184 2801 3740 2875; baseline -0.001 -19"><span class='ocrx_word' id='word_1_389' title='bbox 2184 2803 2512 2875; x_wconf 86' lang='grc' dir='ltr'>παρανόμως</span> <span class='ocrx_word' id='word_1_390' title='bbox 2536 2803 2644 2873; x_wconf 83' lang='grc' dir='ltr'><strong>γὰρ</strong></span> <span class='ocrx_word' id='word_1_391' title='bbox 2665 2805 2775 2865; x_wconf 87' lang='grc' dir='ltr'>τοῖς</span> <span class='ocrx_word' id='word_1_392' title='bbox 2798 2802 3092 2873; x_wconf 85' lang='grc' dir='ltr'>ἀλλοτρίοις</span> <span class='ocrx_word' id='word_1_393' title='bbox 3118 2802 3411 2873; x_wconf 78' lang='grc' dir='ltr'>ὲπιμιγεὶς,</span> <span class='ocrx_word' id='word_1_394' title='bbox 3441 2802 3531 2854; x_wconf 75' lang='grc' dir='ltr'><strong>ὑπ’</strong></span> <span class='ocrx_word' id='word_1_395' title='bbox 3559 2801 3740 2855; x_wconf 80' lang='grc' dir='ltr'>αὐτῶν</span> 
     </span>
    </p>
   </div>
   <div class='ocr_carea' id='block_1_56' title="bbox 506 2892 3743 2968">
    <p class='ocr_par' dir='ltr' id='par_1_56' title="bbox 506 2892 3743 2968">
     <span class='ocr_line' id='line_1_56' title="bbox 506 2892 3743 2968; baseline -0.002 -16"><span class='ocrx_word' id='word_1_396' title='bbox 506 2900 729 2952; x_wconf 75' lang='grc' dir='ltr'>ἐκείνων</span> <span class='ocrx_word' id='word_1_397' title='bbox 791 2898 1215 2968; x_wconf 79' lang='grc' dir='ltr'>ἀφανισθήσεται</span> <span class='ocrx_word' id='word_1_398' title='bbox 1275 2896 1569 2959; x_wconf 87' lang='grc' dir='ltr'>παντελῶς.</span> <span class='ocrx_word' id='word_1_399' title='bbox 1624 2914 1643 2947; x_wconf 76' lang='grc' dir='ltr'><strong>ι</strong></span> <span class='ocrx_word' id='word_1_400' title='bbox 1699 2895 1869 2960; x_wconf 80' lang='grc' dir='ltr'>Αὐτὸς</span> <span class='ocrx_word' id='word_1_401' title='bbox 1909 2896 1966 2947; x_wconf 89' lang='grc' dir='ltr'>δὲ</span> <span class='ocrx_word' id='word_1_402' title='bbox 2016 2896 2114 2952; x_wconf 82' lang='grc' dir='ltr'>οὐκ</span> <span class='ocrx_word' id='word_1_403' title='bbox 2166 2896 2337 2964; x_wconf 77' lang='grc' dir='ltr'><strong>ἔγνω⁹</strong></span> <span class='ocrx_word' id='word_1_404' title='bbox 2380 2896 2475 2949; x_wconf 65' lang='grc' dir='ltr'><strong>καὶ</strong></span> <span class='ocrx_word' id='word_1_405' title='bbox 2524 2895 2683 2949; x_wconf 82' lang='grc' dir='ltr'>πολιὰ</span> <span class='ocrx_word' id='word_1_406' title='bbox 2732 2893 3023 2965; x_wconf 80' lang='grc' dir='ltr'>ἐξήνθησεν</span> <span class='ocrx_word' id='word_1_407' title='bbox 3071 2893 3256 2963; x_wconf 84' lang='grc' dir='ltr'>αὐτῷ,</span> <span class='ocrx_word' id='word_1_408' title='bbox 3298 2895 3390 2947; x_wconf 73' lang='grc' dir='ltr'><strong>καὶ</strong></span> <span class='ocrx_word' id='word_1_409' title='bbox 3426 2892 3587 2956; x_wconf 79' lang='grc' dir='ltr'>αὐτὸς</span> <span class='ocrx_word' id='word_1_410' title='bbox 3645 2892 3743 2944; x_wconf 82' lang='grc' dir='ltr'>οὐκ</span> 
     </span>
    </p>
   </div>
   <div class='ocr_carea' id='block_1_57' title="bbox 505 2983 3745 3059">
    <p class='ocr_par' dir='ltr' id='par_1_57' title="bbox 505 2983 3745 3059">
     <span class='ocr_line' id='line_1_57' title="bbox 505 2983 3745 3059; baseline -0.001 -18"><span class='ocrx_word' id='word_1_411' title='bbox 505 2988 662 3057; x_wconf 74' lang='grc' dir='ltr'>ἔγνω.</span> <span class='ocrx_word' id='word_1_412' title='bbox 699 3007 718 3039; x_wconf 74' lang='grc' dir='ltr'><strong>ι</strong></span> <span class='ocrx_word' id='word_1_413' title='bbox 765 2987 980 3058; x_wconf 81' lang='grc' dir='ltr'>Ἐπειδὴ</span> <span class='ocrx_word' id='word_1_414' title='bbox 1012 2988 1118 3059; x_wconf 81' lang='grc' dir='ltr'>γὰρ</span> <span class='ocrx_word' id='word_1_415' title='bbox 1161 2987 1555 3057; x_wconf 79' lang='grc' dir='ltr'>διαμεμένηκεν</span> <span class='ocrx_word' id='word_1_416' title='bbox 1606 2988 1700 3040; x_wconf 79' lang='grc' dir='ltr'>ἐπὶ</span> <span class='ocrx_word' id='word_1_417' title='bbox 1749 2988 1845 3057; x_wconf 77' lang='grc' dir='ltr'>τῆς</span> <span class='ocrx_word' id='word_1_418' title='bbox 1890 2987 1998 3041; x_wconf 88' lang='grc' dir='ltr'><strong>τῶν</strong></span> <span class='ocrx_word' id='word_1_419' title='bbox 2038 2987 2420 3059; x_wconf 85' lang='grc' dir='ltr'>προσηκόντων</span> <span class='ocrx_word' id='word_1_420' title='bbox 2466 2988 2718 3057; x_wconf 85' lang='grc' dir='ltr'>ἀγνοίας,</span> <span class='ocrx_word' id='word_1_421' title='bbox 2753 2987 2873 3040; x_wconf 76' lang='grc' dir='ltr'>οὐδὲ</span> <span class='ocrx_word' id='word_1_422' title='bbox 2930 2983 3008 3056; x_wconf 82' lang='grc' dir='ltr'>τῷ</span> <span class='ocrx_word' id='word_1_423' title='bbox 3056 2985 3252 3059; x_wconf 86' lang='grc' dir='ltr'>μακρῷ</span> <span class='ocrx_word' id='word_1_424' title='bbox 3283 2987 3458 3059; x_wconf 87' lang='grc' dir='ltr'>χρόνω</span> <span class='ocrx_word' id='word_1_425' title='bbox 3500 2985 3641 3057; x_wconf 75' lang='grc' dir='ltr'>πρὸς</span> <span class='ocrx_word' id='word_1_426' title='bbox 3686 2985 3745 3038; x_wconf 77' lang='grc' dir='ltr'><strong>τὸ</strong></span> 
     </span>
    </p>
   </div>
   <div class='ocr_carea' id='block_1_58' title="bbox 506 3082 1919 3156">
    <p class='ocr_par' dir='ltr' id='par_1_58' title="bbox 506 3082 1919 3156">
     <span class='ocr_line' id='line_1_58' title="bbox 506 3082 1919 3156; baseline -0.001 -18"><span class='ocrx_word' id='word_1_427' title='bbox 506 3086 622 3139; x_wconf 88' lang='grc' dir='ltr'>δέον</span> <span class='ocrx_word' id='word_1_428' title='bbox 649 3086 899 3156; x_wconf 87' lang='grc' dir='ltr'>ἐλόμενος</span> <span class='ocrx_word' id='word_1_429' title='bbox 939 3085 1086 3147; x_wconf 79' lang='grc' dir='ltr'>ἰδεῖν,</span> <span class='ocrx_word' id='word_1_430' title='bbox 1114 3083 1202 3137; x_wconf 86' lang='grc' dir='ltr'>διὰ</span> <span class='ocrx_word' id='word_1_431' title='bbox 1225 3083 1380 3136; x_wconf 89' lang='grc' dir='ltr'>τοῦτο</span> <span class='ocrx_word' id='word_1_432' title='bbox 1408 3084 1653 3136; x_wconf 89' lang='grc' dir='ltr'>πείσεται</span> <span class='ocrx_word' id='word_1_433' title='bbox 1673 3082 1919 3137; x_wconf 90' lang='grc' dir='ltr'>τοιαῦτα.</span> 
     </span>
    </p>
   </div>
   <div class='ocr_carea' id='block_1_59' title="bbox 586 3168 2079 3244">
    <p class='ocr_par' dir='ltr' id='par_1_59' title="bbox 586 3172 2079 3244">
     <span class='ocr_line' id='line_1_59' title="bbox 586 3172 2079 3244; baseline 0 -14"><span class='ocrx_word' id='word_1_434' title='bbox 586 3177 755 3233; x_wconf 71' lang='lat' dir='ltr'><strong>Vens.</strong></span> <span class='ocrx_word' id='word_1_435' title='bbox 790 3178 975 3232; x_wconf 67' lang='lat'><strong>10-12.</strong></span> <span class='ocrx_word' id='word_1_436' title='bbox 1005 3205 1076 3215; x_wconf 93' lang='lat'><strong>—</strong></span> <span class='ocrx_word' id='word_1_437' title='bbox 1108 3195 1126 3228; x_wconf 77' lang='grc' dir='ltr'><strong>ι</strong></span> <span class='ocrx_word' id='word_1_438' title='bbox 1156 3174 1220 3229; x_wconf 83' lang='grc' dir='ltr'><strong>Ει</strong></span> <span class='ocrx_word' id='word_1_439' title='bbox 1253 3174 1628 3229; x_wconf 88' lang='lat' dir='ltr'><strong>bumiliabitur</strong></span> <span class='ocrx_word' id='word_1_440' title='bbox 1664 3175 1975 3244; x_wconf 87' lang='lat' dir='ltr'><strong>arrogantia</strong></span> <span class='ocrx_word' id='word_1_441' title='bbox 2007 3172 2079 3230; x_wconf 83' lang='lat' dir='ltr'><strong>ls—</strong></span> 
     </span>
    </p>
   </div>
   <div class='ocr_carea' id='block_1_60' title="bbox 2180 3168 3743 3244">
    <p class='ocr_par' dir='ltr' id='par_1_60' title="bbox 2252 3168 3743 3244">
     <span class='ocr_line' id='line_1_60' title="bbox 2252 3168 3743 3244; baseline -0.005 -15"><span class='ocrx_word' id='word_1_442' title='bbox 2252 3174 2402 3244; x_wconf 85' lang='grc' dir='ltr'>Στίχ.</span> <span class='ocrx_word' id='word_1_443' title='bbox 2434 3172 2585 3242; x_wconf 82' lang='grc' dir='ltr'>ι’-ιβ⁹.</span> <span class='ocrx_word' id='word_1_444' title='bbox 2614 3204 2685 3213; x_wconf 94' lang='grc'><strong><em>-</em></strong></span> <span class='ocrx_word' id='word_1_445' title='bbox 2715 3190 2734 3224; x_wconf 77' lang='grc' dir='ltr'><strong>ι</strong></span> <span class='ocrx_word' id='word_1_446' title='bbox 2771 3170 2883 3225; x_wconf 78' lang='lat' dir='ltr'><strong>Kal</strong></span> <span class='ocrx_word' id='word_1_447' title='bbox 2908 3170 3373 3241; x_wconf 85' lang='grc' dir='ltr'>ταπεινωθήσεται</span> <span class='ocrx_word' id='word_1_448' title='bbox 3403 3170 3437 3240; x_wconf 87' lang='grc' dir='ltr'><strong>ή</strong></span> <span class='ocrx_word' id='word_1_449' title='bbox 3467 3168 3628 3239; x_wconf 76' lang='grc' dir='ltr'>ὕϐρις</span> <span class='ocrx_word' id='word_1_450' title='bbox 3653 3168 3743 3222; x_wconf 87' lang='grc' dir='ltr'><strong>τοῦ</strong></span> 
     </span>
    </p>
   </div>
   <div class='ocr_carea' id='block_1_61' title="bbox 508 3263 2083 3334">
    <p class='ocr_par' dir='ltr' id='par_1_61' title="bbox 508 3263 2083 3334">
     <span class='ocr_line' id='line_1_61' title="bbox 508 3263 2083 3334; baseline -0.003 -13"><span class='ocrx_word' id='word_1_451' title='bbox 508 3269 672 3321; x_wconf 88' lang='lat' dir='ltr'><strong>raelis</strong></span> <span class='ocrx_word' id='word_1_452' title='bbox 708 3268 762 3320; x_wconf 91' lang='lat' dir='ltr'><strong>in</strong></span> <span class='ocrx_word' id='word_1_453' title='bbox 808 3266 947 3321; x_wconf 88' lang='lat' dir='ltr'><strong>facie</strong></span> <span class='ocrx_word' id='word_1_454' title='bbox 988 3266 1142 3334; x_wconf 85' lang='lat' dir='ltr'><strong>ejus,</strong></span> <span class='ocrx_word' id='word_1_455' title='bbox 1178 3279 1275 3318; x_wconf 89' lang='lat' dir='ltr'><strong>nec</strong></span> <span class='ocrx_word' id='word_1_456' title='bbox 1303 3264 1503 3319; x_wconf 88' lang='lat' dir='ltr'><strong>reversi</strong></span> <span class='ocrx_word' id='word_1_457' title='bbox 1536 3272 1666 3318; x_wconf 86' lang='lat' dir='ltr'><strong>sunt</strong></span> <span class='ocrx_word' id='word_1_458' title='bbox 1696 3263 1763 3318; x_wconf 89' lang='lat' dir='ltr'><strong>ad</strong></span> <span class='ocrx_word' id='word_1_459' title='bbox 1794 3263 2083 3318; x_wconf 88' lang='lat' dir='ltr'><strong>Dominum</strong></span> 
     </span>
    </p>
   </div>
   <div class='ocr_carea' id='block_1_62' title="bbox 513 3354 2084 3424">
    <p class='ocr_par' dir='ltr' id='par_1_62' title="bbox 513 3354 2084 3424">
     <span class='ocr_line' id='line_1_62' title="bbox 513 3354 2084 3424; baseline -0.001 -13"><span class='ocrx_word' id='word_1_460' title='bbox 513 3356 680 3413; x_wconf 86' lang='lat' dir='ltr'><strong>Deum</strong></span> <span class='ocrx_word' id='word_1_461' title='bbox 712 3373 910 3417; x_wconf 89' lang='lat' dir='ltr'><strong>suum,</strong></span> <span class='ocrx_word' id='word_1_462' title='bbox 942 3364 995 3410; x_wconf 89' lang='lat' dir='ltr'><strong>et</strong></span> <span class='ocrx_word' id='word_1_463' title='bbox 1036 3372 1145 3409; x_wconf 90' lang='lat' dir='ltr'><strong>non</strong></span> <span class='ocrx_word' id='word_1_464' title='bbox 1179 3355 1517 3424; x_wconf 68' lang='lat' dir='ltr'><strong>quasierunt</strong></span> <span class='ocrx_word' id='word_1_465' title='bbox 1556 3369 1681 3409; x_wconf 91' lang='lat' dir='ltr'><strong>eum</strong></span> <span class='ocrx_word' id='word_1_466' title='bbox 1728 3354 1783 3408; x_wconf 90' lang='lat' dir='ltr'><strong>in</strong></span> <span class='ocrx_word' id='word_1_467' title='bbox 1830 3354 2084 3409; x_wconf 82' lang='lat' dir='ltr'><strong>omnibus</strong></span> 
     </span>
    </p>
   </div>
   <div class='ocr_carea' id='block_1_63' title="bbox 513 3444 2087 3517">
    <p class='ocr_par' dir='ltr' id='par_1_63' title="bbox 513 3444 2087 3517">
     <span class='ocr_line' id='line_1_63' title="bbox 513 3444 2087 3517; baseline -0.002 -13"><span class='ocrx_word' id='word_1_468' title='bbox 513 3449 621 3505; x_wconf 88' lang='lat' dir='ltr'><strong>his.</strong></span> <span class='ocrx_word' id='word_1_469' title='bbox 652 3469 670 3501; x_wconf 72' lang='grc' dir='ltr'><strong>ι</strong></span> <span class='ocrx_word' id='word_1_470' title='bbox 700 3448 966 3514; x_wconf 87' lang='lat' dir='ltr'><strong>Quoniam</strong></span> <span class='ocrx_word' id='word_1_471' title='bbox 1000 3448 1181 3517; x_wconf 90' lang='lat' dir='ltr'><strong>itaque</strong></span> <span class='ocrx_word' id='word_1_472' title='bbox 1209 3461 1335 3516; x_wconf 82' lang='lat' dir='ltr'><strong>erga</strong></span> <span class='ocrx_word' id='word_1_473' title='bbox 1368 3444 1533 3500; x_wconf 84' lang='lat' dir='ltr'><strong>Deum</strong></span> <span class='ocrx_word' id='word_1_474' title='bbox 1562 3445 1939 3500; x_wconf 90' lang='lat' dir='ltr'><strong>contumeliosi</strong></span> <span class='ocrx_word' id='word_1_475' title='bbox 1972 3444 2087 3501; x_wconf 84' lang='lat' dir='ltr'><strong>fue-</strong></span> 
     </span>
    </p>
   </div>
   <div class='ocr_carea' id='block_1_64' title="bbox 512 3537 2087 3609">
    <p class='ocr_par' dir='ltr' id='par_1_64' title="bbox 512 3537 2087 3609">
     <span class='ocr_line' id='line_1_64' title="bbox 512 3537 2087 3609; baseline -0.004 -13"><span class='ocrx_word' id='word_1_476' title='bbox 512 3549 681 3609; x_wconf 89' lang='lat' dir='ltr'><strong>runt,</strong></span> <span class='ocrx_word' id='word_1_477' title='bbox 721 3541 847 3595; x_wconf 91' lang='lat' dir='ltr'><strong>dum</strong></span> <span class='ocrx_word' id='word_1_478' title='bbox 889 3541 967 3595; x_wconf 92' lang='lat' dir='ltr'><strong>sic</strong></span> <span class='ocrx_word' id='word_1_479' title='bbox 1004 3538 1345 3608; x_wconf 86' lang='lat' dir='ltr'><strong>impudenter</strong></span> <span class='ocrx_word' id='word_1_480' title='bbox 1388 3552 1451 3591; x_wconf 90' lang='lat' dir='ltr'><strong>ac</strong></span> <span class='ocrx_word' id='word_1_481' title='bbox 1500 3537 1849 3606; x_wconf 90' lang='lat' dir='ltr'><strong>pertinaciter</strong></span> <span class='ocrx_word' id='word_1_482' title='bbox 1887 3537 2087 3591; x_wconf 71' lang='lat' dir='ltr'><strong>daemo-</strong></span> 
     </span>
    </p>
   </div>
   <div class='ocr_carea' id='block_1_65' title="bbox 514 3626 2087 3699">
    <p class='ocr_par' dir='ltr' id='par_1_65' title="bbox 514 3626 2087 3699">
     <span class='ocr_line' id='line_1_65' title="bbox 514 3626 2087 3699; baseline -0.003 -15"><span class='ocrx_word' id='word_1_483' title='bbox 514 3646 645 3684; x_wconf 89' lang='lat' dir='ltr'><strong>num</strong></span> <span class='ocrx_word' id='word_1_484' title='bbox 679 3628 1051 3699; x_wconf 86' lang='lat' dir='ltr'><strong>superstitioni</strong></span> <span class='ocrx_word' id='word_1_485' title='bbox 1095 3626 1476 3689; x_wconf 68' lang='lat' dir='ltr'><strong>adbazserunt,</strong></span> <span class='ocrx_word' id='word_1_486' title='bbox 1524 3626 1850 3696; x_wconf 91' lang='lat' dir='ltr'><strong>illorumque</strong></span> <span class='ocrx_word' id='word_1_487' title='bbox 1893 3641 2087 3696; x_wconf 89' lang='lat' dir='ltr'><strong>seque-</strong></span> 
     </span>
    </p>
   </div>
   <div class='ocr_carea' id='block_1_66' title="bbox 517 3716 2086 3782">
    <p class='ocr_par' dir='ltr' id='par_1_66' title="bbox 517 3716 2086 3782">
     <span class='ocr_line' id='line_1_66' title="bbox 517 3716 2086 3782; baseline -0.003 -7"><span class='ocrx_word' id='word_1_488' title='bbox 517 3722 624 3775; x_wconf 88' lang='lat' dir='ltr'><strong>lam</strong></span> <span class='ocrx_word' id='word_1_489' title='bbox 677 3736 807 3774; x_wconf 89' lang='lat' dir='ltr'><strong>vero</strong></span> <span class='ocrx_word' id='word_1_490' title='bbox 856 3718 964 3773; x_wconf 90' lang='lat' dir='ltr'><strong>Deo</strong></span> <span class='ocrx_word' id='word_1_491' title='bbox 1010 3717 1409 3782; x_wconf 89' lang='lat' dir='ltr'><strong>antetulerunt,</strong></span> <span class='ocrx_word' id='word_1_492' title='bbox 1455 3716 1715 3771; x_wconf 88' lang='lat' dir='ltr'><strong>videbunt</strong></span> <span class='ocrx_word' id='word_1_493' title='bbox 1756 3717 2086 3771; x_wconf 81' lang='lat' dir='ltr'><strong>humiliatio-</strong></span> 
     </span>
    </p>
   </div>
   <div class='ocr_carea' id='block_1_67' title="bbox 515 3806 2087 3880">
    <p class='ocr_par' dir='ltr' id='par_1_67' title="bbox 515 3806 2087 3880">
     <span class='ocr_line' id='line_1_67' title="bbox 515 3806 2087 3880; baseline -0.004 -13"><span class='ocrx_word' id='word_1_494' title='bbox 515 3827 640 3867; x_wconf 86' lang='lat' dir='ltr'><strong>nem</strong></span> <span class='ocrx_word' id='word_1_495' title='bbox 669 3827 847 3877; x_wconf 90' lang='lat' dir='ltr'><strong>suam,</strong></span> <span class='ocrx_word' id='word_1_496' title='bbox 867 3825 1029 3880; x_wconf 88' lang='lat' dir='ltr'><strong>quam</strong></span> <span class='ocrx_word' id='word_1_497' title='bbox 1062 3811 1253 3864; x_wconf 86' lang='lat' dir='ltr'><strong>merito</strong></span> <span class='ocrx_word' id='word_1_498' title='bbox 1288 3809 1580 3871; x_wconf 90' lang='lat' dir='ltr'><strong>sustinent,</strong></span> <span class='ocrx_word' id='word_1_499' title='bbox 1613 3816 1897 3878; x_wconf 83' lang='lat' dir='ltr'><strong>postquam</strong></span> <span class='ocrx_word' id='word_1_500' title='bbox 1930 3821 1997 3862; x_wconf 90' lang='lat' dir='ltr'><strong>ne</strong></span> <span class='ocrx_word' id='word_1_501' title='bbox 2031 3806 2087 3861; x_wconf 93' lang='lat' dir='ltr'><strong>in</strong></span> 
     </span>
    </p>
   </div>
   <div class='ocr_carea' id='block_1_68' title="bbox 516 3900 2078 3973">
    <p class='ocr_par' dir='ltr' id='par_1_68' title="bbox 516 3900 2078 3973">
     <span class='ocr_line' id='line_1_68' title="bbox 516 3900 2078 3973; baseline -0.006 -11"><span class='ocrx_word' id='word_1_502' title='bbox 516 3907 864 3973; x_wconf 87' lang='lat' dir='ltr'><strong>catastrophe</strong></span> <span class='ocrx_word' id='word_1_503' title='bbox 894 3903 1109 3973; x_wconf 90' lang='lat' dir='ltr'><strong>quidem</strong></span> <span class='ocrx_word' id='word_1_504' title='bbox 1149 3902 1216 3956; x_wconf 90' lang='lat' dir='ltr'><strong>ad</strong></span> <span class='ocrx_word' id='word_1_505' title='bbox 1258 3900 1425 3956; x_wconf 90' lang='lat' dir='ltr'><strong>Deum</strong></span> <span class='ocrx_word' id='word_1_506' title='bbox 1467 3900 1729 3954; x_wconf 89' lang='lat' dir='ltr'><strong>inclinare</strong></span> <span class='ocrx_word' id='word_1_507' title='bbox 1768 3900 2078 3954; x_wconf 89' lang='lat' dir='ltr'><strong>voluerunt.</strong></span> 
     </span>
    </p>
   </div>
   <div class='ocr_carea' id='block_1_69' title="bbox 523 3989 2086 4064">
    <p class='ocr_par' dir='ltr' id='par_1_69' title="bbox 523 3989 2086 4064">
     <span class='ocr_line' id='line_1_69' title="bbox 523 3989 2086 4064; baseline -0.003 -15"><span class='ocrx_word' id='word_1_508' title='bbox 523 4014 543 4048; x_wconf 76' lang='grc' dir='ltr'><strong>ι</strong></span> <span class='ocrx_word' id='word_1_509' title='bbox 575 3995 807 4064; x_wconf 87' lang='lat' dir='ltr'><strong>Eratque</strong></span> <span class='ocrx_word' id='word_1_510' title='bbox 830 3994 1151 4063; x_wconf 82' lang='lat' dir='ltr'><strong>Ephraimus</strong></span> <span class='ocrx_word' id='word_1_511' title='bbox 1178 3991 1333 4061; x_wconf 90' lang='lat' dir='ltr'><strong>quasi</strong></span> <span class='ocrx_word' id='word_1_512' title='bbox 1359 3990 1612 4045; x_wconf 89' lang='lat' dir='ltr'><strong>columba</strong></span> <span class='ocrx_word' id='word_1_513' title='bbox 1642 3989 1907 4059; x_wconf 87' lang='lat' dir='ltr'><strong>insipiens</strong></span> <span class='ocrx_word' id='word_1_514' title='bbox 1927 4031 1941 4051; x_wconf 89' lang='lat'><em>.</em></span> <span class='ocrx_word' id='word_1_515' title='bbox 1976 4005 2086 4044; x_wconf 91' lang='lat' dir='ltr'><strong>non</strong></span> 
     </span>
    </p>
   </div>
   <div class='ocr_carea' id='block_1_70' title="bbox 517 4079 2082 4154">
    <p class='ocr_par' dir='ltr' id='par_1_70' title="bbox 517 4079 2082 4154">
     <span class='ocr_line' id='line_1_70' title="bbox 517 4079 2082 4154; baseline -0.004 -12"><span class='ocrx_word' id='word_1_516' title='bbox 517 4087 722 4142; x_wconf 78' lang='lat' dir='ltr'><strong>habens</strong></span> <span class='ocrx_word' id='word_1_517' title='bbox 751 4100 845 4140; x_wconf 90' lang='lat' dir='ltr'><strong>cor</strong></span> <span class='ocrx_word' id='word_1_518' title='bbox 872 4104 885 4140; x_wconf 90' lang='lat'><strong>:</strong></span> <span class='ocrx_word' id='word_1_519' title='bbox 919 4083 1209 4154; x_wconf 63' lang='lat' dir='ltr'><strong>Egyplum</strong></span> <span class='ocrx_word' id='word_1_520' title='bbox 1240 4081 1599 4146; x_wconf 84' lang='lat' dir='ltr'><strong>invocabant,</strong></span> <span class='ocrx_word' id='word_1_521' title='bbox 1633 4087 1689 4136; x_wconf 92' lang='lat' dir='ltr'><strong>et</strong></span> <span class='ocrx_word' id='word_1_522' title='bbox 1722 4079 1790 4134; x_wconf 88' lang='lat' dir='ltr'><strong>ad</strong></span> <span class='ocrx_word' id='word_1_523' title='bbox 1824 4080 2082 4151; x_wconf 83' lang='lat' dir='ltr'><strong>Assyrios</strong></span> 
     </span>
    </p>
   </div>
   <div class='ocr_carea' id='block_1_71' title="bbox 518 4170 2087 4241">
    <p class='ocr_par' dir='ltr' id='par_1_71' title="bbox 518 4170 2087 4241">
     <span class='ocr_line' id='line_1_71' title="bbox 518 4170 2087 4241; baseline -0.004 -10"><span class='ocrx_word' id='word_1_524' title='bbox 518 4178 787 4233; x_wconf 86' lang='lat' dir='ltr'><strong>abierunt.</strong></span> <span class='ocrx_word' id='word_1_525' title='bbox 820 4194 839 4228; x_wconf 69' lang='grc' dir='ltr'><strong>ι</strong></span> <span class='ocrx_word' id='word_1_526' title='bbox 876 4175 1067 4240; x_wconf 87' lang='lat' dir='ltr'><strong>Qualis</strong></span> <span class='ocrx_word' id='word_1_527' title='bbox 1104 4181 1191 4228; x_wconf 91' lang='lat' dir='ltr'><strong>est</strong></span> <span class='ocrx_word' id='word_1_528' title='bbox 1225 4172 1515 4238; x_wconf 85' lang='lat' dir='ltr'><strong>columba,</strong></span> <span class='ocrx_word' id='word_1_529' title='bbox 1556 4184 1678 4241; x_wconf 68' lang='lat' dir='ltr'><strong>quae</strong></span> <span class='ocrx_word' id='word_1_530' title='bbox 1714 4185 1783 4224; x_wconf 91' lang='lat' dir='ltr'><strong>ne</strong></span> <span class='ocrx_word' id='word_1_531' title='bbox 1819 4170 1885 4225; x_wconf 85' lang='lat' dir='ltr'><strong>de</strong></span> <span class='ocrx_word' id='word_1_532' title='bbox 1925 4170 2087 4239; x_wconf 90' lang='lat' dir='ltr'><strong>pullis</strong></span> 
     </span>
    </p>
   </div>
   <div class='ocr_carea' id='block_1_72' title="bbox 519 4260 2085 4337">
    <p class='ocr_par' dir='ltr' id='par_1_72' title="bbox 519 4260 2085 4337">
     <span class='ocr_line' id='line_1_72' title="bbox 519 4260 2085 4337; baseline -0.003 -16"><span class='ocrx_word' id='word_1_533' title='bbox 519 4268 740 4337; x_wconf 90' lang='lat' dir='ltr'><strong>quidem</strong></span> <span class='ocrx_word' id='word_1_534' title='bbox 801 4268 916 4321; x_wconf 90' lang='lat' dir='ltr'><strong>suis</strong></span> <span class='ocrx_word' id='word_1_535' title='bbox 970 4264 1203 4319; x_wconf 89' lang='lat' dir='ltr'><strong>sollicita</strong></span> <span class='ocrx_word' id='word_1_536' title='bbox 1254 4270 1385 4329; x_wconf 87' lang='lat' dir='ltr'><strong>est;</strong></span> <span class='ocrx_word' id='word_1_537' title='bbox 1446 4262 1646 4332; x_wconf 88' lang='lat' dir='ltr'><strong>quibus</strong></span> <span class='ocrx_word' id='word_1_538' title='bbox 1698 4260 1803 4315; x_wconf 89' lang='lat' dir='ltr'><strong>sibi</strong></span> <span class='ocrx_word' id='word_1_539' title='bbox 1852 4260 2085 4325; x_wconf 85' lang='lat' dir='ltr'><strong>ablatis,</strong></span> 
     </span>
    </p>
   </div>
   <div class='ocr_carea' id='block_1_73' title="bbox 520 4352 2088 4419">
    <p class='ocr_par' dir='ltr' id='par_1_73' title="bbox 520 4352 2088 4419">
     <span class='ocr_line' id='line_1_73' title="bbox 520 4352 2088 4419; baseline -0.002 -9"><span class='ocrx_word' id='word_1_540' title='bbox 520 4356 714 4410; x_wconf 87' lang='lat' dir='ltr'><strong>iisdem</strong></span> <span class='ocrx_word' id='word_1_541' title='bbox 774 4355 907 4409; x_wconf 90' lang='lat' dir='ltr'><strong>locis</strong></span> <span class='ocrx_word' id='word_1_542' title='bbox 967 4354 1249 4408; x_wconf 86' lang='lat' dir='ltr'><strong>nidificare</strong></span> <span class='ocrx_word' id='word_1_543' title='bbox 1288 4369 1483 4408; x_wconf 87' lang='lat' dir='ltr'><strong>rursus</strong></span> <span class='ocrx_word' id='word_1_544' title='bbox 1546 4353 1717 4419; x_wconf 86' lang='lat' dir='ltr'><strong>solet,</strong></span> <span class='ocrx_word' id='word_1_545' title='bbox 1778 4352 2088 4407; x_wconf 89' lang='lat' dir='ltr'><strong>futurorum</strong></span> 
     </span>
    </p>
   </div>
   <div class='ocr_carea' id='block_1_74' title="bbox 524 4444 2089 4516">
    <p class='ocr_par' dir='ltr' id='par_1_74' title="bbox 524 4444 2089 4516">
     <span class='ocr_line' id='line_1_74' title="bbox 524 4444 2089 4516; baseline 0 -15"><span class='ocrx_word' id='word_1_546' title='bbox 524 4446 847 4515; x_wconf 88' lang='lat' dir='ltr'><strong>improvida,</strong></span> <span class='ocrx_word' id='word_1_547' title='bbox 866 4447 996 4516; x_wconf 90' lang='lat' dir='ltr'><strong>quia</strong></span> <span class='ocrx_word' id='word_1_548' title='bbox 1027 4460 1181 4515; x_wconf 66' lang='lat' dir='ltr'><strong>aeque</strong></span> <span class='ocrx_word' id='word_1_549' title='bbox 1218 4445 1356 4511; x_wconf 88' lang='lat' dir='ltr'><strong>eripi</strong></span> <span class='ocrx_word' id='word_1_550' title='bbox 1385 4453 1676 4514; x_wconf 79' lang='lat' dir='ltr'><strong>poterunt:</strong></span> <span class='ocrx_word' id='word_1_551' title='bbox 1709 4445 1790 4499; x_wconf 91' lang='lat' dir='ltr'><strong>sic</strong></span> <span class='ocrx_word' id='word_1_552' title='bbox 1822 4453 1875 4498; x_wconf 90' lang='lat' dir='ltr'><strong>et</strong></span> <span class='ocrx_word' id='word_1_553' title='bbox 1909 4444 1998 4499; x_wconf 91' lang='lat' dir='ltr'><strong>isti</strong></span> <span class='ocrx_word' id='word_1_554' title='bbox 2030 4461 2089 4500; x_wconf 88' lang='lat' dir='ltr'><strong>se</strong></span> 
     </span>
    </p>
   </div>
   <div class='ocr_carea' id='block_1_75' title="bbox 2194 3257 3745 3339">
    <p class='ocr_par' dir='ltr' id='par_1_75' title="bbox 2194 3257 3745 3339">
     <span class='ocr_line' id='line_1_75' title="bbox 2194 3257 3745 3339; baseline -0.006 -19"><span class='ocrx_word' id='word_1_555' title='bbox 2194 3265 2408 3339; x_wconf 83' lang='grc' dir='ltr'>Ἰσραὴλ</span> <span class='ocrx_word' id='word_1_556' title='bbox 2452 3266 2532 3326; x_wconf 85' lang='grc' dir='ltr'><strong>εἰς</strong></span> <span class='ocrx_word' id='word_1_557' title='bbox 2567 3262 2857 3334; x_wconf 86' lang='grc' dir='ltr'>πρόσωπον</span> <span class='ocrx_word' id='word_1_558' title='bbox 2892 3259 3057 3314; x_wconf 84' lang='grc' dir='ltr'>αὑτοῦ</span> <span class='ocrx_word' id='word_1_559' title='bbox 3079 3300 3092 3324; x_wconf 94' lang='grc'><strong>,</strong></span> <span class='ocrx_word' id='word_1_560' title='bbox 3126 3260 3220 3313; x_wconf 76' lang='grc' dir='ltr'>καὶ</span> <span class='ocrx_word' id='word_1_561' title='bbox 3264 3259 3363 3313; x_wconf 78' lang='grc' dir='ltr'>οὐκ</span> <span class='ocrx_word' id='word_1_562' title='bbox 3407 3257 3745 3329; x_wconf 73' lang='grc' dir='ltr'>ἐπέστρεψαν</span> 
     </span>
    </p>
   </div>
   <div class='ocr_carea' id='block_1_76' title="bbox 2183 3349 3745 3430">
    <p class='ocr_par' dir='ltr' id='par_1_76' title="bbox 2183 3349 3745 3430">
     <span class='ocr_line' id='line_1_76' title="bbox 2183 3349 3745 3430; baseline -0.006 -19"><span class='ocrx_word' id='word_1_563' title='bbox 2183 3358 2317 3430; x_wconf 80' lang='grc' dir='ltr'>πρὸς</span> <span class='ocrx_word' id='word_1_564' title='bbox 2352 3357 2554 3428; x_wconf 81' lang='grc' dir='ltr'>Κύριον</span> <span class='ocrx_word' id='word_1_565' title='bbox 2586 3355 2677 3407; x_wconf 84' lang='grc' dir='ltr'>τὸν</span> <span class='ocrx_word' id='word_1_566' title='bbox 2712 3354 2844 3407; x_wconf 87' lang='grc' dir='ltr'>Θεὸν</span> <span class='ocrx_word' id='word_1_567' title='bbox 2886 3352 3100 3415; x_wconf 81' lang='grc' dir='ltr'>αὐτῶν,</span> <span class='ocrx_word' id='word_1_568' title='bbox 3148 3352 3242 3405; x_wconf 71' lang='grc' dir='ltr'>καὶ</span> <span class='ocrx_word' id='word_1_569' title='bbox 3275 3352 3374 3404; x_wconf 82' lang='grc' dir='ltr'>οὐκ</span> <span class='ocrx_word' id='word_1_570' title='bbox 3416 3349 3745 3421; x_wconf 77' lang='grc' dir='ltr'>ἐξεζήτησαν</span> 
     </span>
    </p>
   </div>
   <div class='ocr_carea' id='block_1_77' title="bbox 2183 3436 3745 3514">
    <p class='ocr_par' dir='ltr' id='par_1_77' title="bbox 2183 3436 3745 3514">
     <span class='ocr_line' id='line_1_77' title="bbox 2183 3436 3745 3514; baseline -0.008 -10"><span class='ocrx_word' id='word_1_571' title='bbox 2183 3450 2346 3504; x_wconf 83' lang='grc' dir='ltr'>αὑτὸν</span> <span class='ocrx_word' id='word_1_572' title='bbox 2376 3451 2432 3503; x_wconf 86' lang='grc' dir='ltr'><strong>ἐν</strong></span> <span class='ocrx_word' id='word_1_573' title='bbox 2463 3450 2599 3501; x_wconf 77' lang='grc' dir='ltr'>πᾶσι</span> <span class='ocrx_word' id='word_1_574' title='bbox 2626 3446 2854 3508; x_wconf 88' lang='grc' dir='ltr'>τούτοις.</span> <span class='ocrx_word' id='word_1_575' title='bbox 2895 3464 2913 3498; x_wconf 74' lang='grc' dir='ltr'><strong>ι</strong></span> <span class='ocrx_word' id='word_1_576' title='bbox 2953 3444 3126 3514; x_wconf 80' lang='grc' dir='ltr'>Ὑπὲρ</span> <span class='ocrx_word' id='word_1_577' title='bbox 3153 3436 3226 3496; x_wconf 84' lang='grc' dir='ltr'><strong>ῶν</strong></span> <span class='ocrx_word' id='word_1_578' title='bbox 3250 3441 3427 3494; x_wconf 89' lang='grc' dir='ltr'>τοίνυν</span> <span class='ocrx_word' id='word_1_579' title='bbox 3457 3440 3745 3511; x_wconf 85' lang='grc' dir='ltr'>ἐξύϐρισαν</span> 
     </span>
    </p>
   </div>
   <div class='ocr_carea' id='block_1_78' title="bbox 2183 3531 3746 3606">
    <p class='ocr_par' dir='ltr' id='par_1_78' title="bbox 2183 3531 3746 3606">
     <span class='ocr_line' id='line_1_78' title="bbox 2183 3531 3746 3606; baseline -0.008 -11"><span class='ocrx_word' id='word_1_580' title='bbox 2183 3544 2264 3606; x_wconf 87' lang='grc' dir='ltr'><strong>εἰς</strong></span> <span class='ocrx_word' id='word_1_581' title='bbox 2282 3541 2343 3594; x_wconf 76' lang='grc' dir='ltr'>τὸ</span> <span class='ocrx_word' id='word_1_582' title='bbox 2366 3540 2539 3601; x_wconf 87' lang='grc' dir='ltr'>Θείον,</span> <span class='ocrx_word' id='word_1_583' title='bbox 2565 3536 2738 3601; x_wconf 80' lang='grc' dir='ltr'>οὔτως</span> <span class='ocrx_word' id='word_1_584' title='bbox 2760 3534 2990 3598; x_wconf 84' lang='grc' dir='ltr'>ἀναιδῶς</span> <span class='ocrx_word' id='word_1_585' title='bbox 3015 3535 3109 3588; x_wconf 75' lang='grc' dir='ltr'>καὶ</span> <span class='ocrx_word' id='word_1_586' title='bbox 3128 3532 3475 3604; x_wconf 86' lang='grc' dir='ltr'>ἀμεταθέτως</span> <span class='ocrx_word' id='word_1_587' title='bbox 3497 3532 3630 3603; x_wconf 74' lang='grc' dir='ltr'>περὶ</span> <span class='ocrx_word' id='word_1_588' title='bbox 3652 3531 3746 3602; x_wconf 82' lang='grc' dir='ltr'>τὴν</span> 
     </span>
    </p>
   </div>
   <div class='ocr_carea' id='block_1_79' title="bbox 2183 3621 3748 3699">
    <p class='ocr_par' dir='ltr' id='par_1_79' title="bbox 2183 3621 3748 3699">
     <span class='ocr_line' id='line_1_79' title="bbox 2183 3621 3748 3699; baseline -0.008 -15"><span class='ocrx_word' id='word_1_589' title='bbox 2183 3631 2290 3685; x_wconf 84' lang='grc' dir='ltr'><strong>τῶν</strong></span> <span class='ocrx_word' id='word_1_590' title='bbox 2325 3628 2593 3699; x_wconf 88' lang='grc' dir='ltr'>δαιμόνων</span> <span class='ocrx_word' id='word_1_591' title='bbox 2627 3628 2919 3697; x_wconf 83' lang='grc' dir='ltr'>ἐσχηκότες</span> <span class='ocrx_word' id='word_1_592' title='bbox 2970 3622 3263 3695; x_wconf 89' lang='grc' dir='ltr'>θεραπείαν</span> <span class='ocrx_word' id='word_1_593' title='bbox 3287 3662 3302 3684; x_wconf 83' lang='grc'><strong>.</strong></span> <span class='ocrx_word' id='word_1_594' title='bbox 3347 3623 3440 3675; x_wconf 71' lang='grc' dir='ltr'>καὶ</span> <span class='ocrx_word' id='word_1_595' title='bbox 3482 3621 3581 3691; x_wconf 83' lang='grc' dir='ltr'>τὴν</span> <span class='ocrx_word' id='word_1_596' title='bbox 3623 3621 3748 3691; x_wconf 79' lang='grc' dir='ltr'>περὶ</span> 
     </span>
    </p>
   </div>
   <div class='ocr_carea' id='block_1_80' title="bbox 2184 3711 3748 3789">
    <p class='ocr_par' dir='ltr' id='par_1_80' title="bbox 2184 3711 3748 3789">
     <span class='ocr_line' id='line_1_80' title="bbox 2184 3711 3748 3789; baseline -0.006 -15"><span class='ocrx_word' id='word_1_597' title='bbox 2184 3721 2426 3783; x_wconf 75' lang='grc' dir='ltr'>ἐκείνους</span> <span class='ocrx_word' id='word_1_598' title='bbox 2459 3718 2693 3789; x_wconf 84' lang='grc' dir='ltr'>σπουδὴν</span> <span class='ocrx_word' id='word_1_599' title='bbox 2743 3716 3175 3789; x_wconf 84' lang='grc' dir='ltr'>προτιμήσαντες</span> <span class='ocrx_word' id='word_1_600' title='bbox 3200 3715 3297 3785; x_wconf 85' lang='grc' dir='ltr'>τῆς</span> <span class='ocrx_word' id='word_1_601' title='bbox 3330 3714 3458 3784; x_wconf 80' lang='grc' dir='ltr'>περὶ</span> <span class='ocrx_word' id='word_1_602' title='bbox 3493 3712 3553 3765; x_wconf 76' lang='grc' dir='ltr'>τὸ</span> <span class='ocrx_word' id='word_1_603' title='bbox 3581 3711 3748 3775; x_wconf 76' lang='grc' dir='ltr'>ὅντως</span> 
     </span>
    </p>
   </div>
   <div class='ocr_carea' id='block_1_81' title="bbox 2185 3802 3749 3881">
    <p class='ocr_par' dir='ltr' id='par_1_81' title="bbox 2185 3802 3749 3881">
     <span class='ocr_line' id='line_1_81' title="bbox 2185 3802 3749 3881; baseline -0.008 -16"><span class='ocrx_word' id='word_1_604' title='bbox 2185 3812 2359 3875; x_wconf 87' lang='grc' dir='ltr'>Θεῖον,</span> <span class='ocrx_word' id='word_1_605' title='bbox 2385 3811 2605 3881; x_wconf 71' lang='grc' dir='ltr'>ὄψονται</span> <span class='ocrx_word' id='word_1_606' title='bbox 2639 3808 2738 3879; x_wconf 85' lang='grc' dir='ltr'>τὴν</span> <span class='ocrx_word' id='word_1_607' title='bbox 2768 3806 3093 3860; x_wconf 83' lang='grc' dir='ltr'>ταπείνωσιν</span> <span class='ocrx_word' id='word_1_608' title='bbox 3125 3805 3222 3875; x_wconf 85' lang='grc' dir='ltr'>τὴν</span> <span class='ocrx_word' id='word_1_609' title='bbox 3260 3805 3486 3865; x_wconf 89' lang='grc' dir='ltr'>οἰκείαν,</span> <span class='ocrx_word' id='word_1_610' title='bbox 3520 3802 3587 3873; x_wconf 85' lang='grc' dir='ltr'>ἢν</span> <span class='ocrx_word' id='word_1_611' title='bbox 3622 3803 3749 3855; x_wconf 80' lang='grc' dir='ltr'>ὑπο·</span> 
     </span>
    </p>
   </div>
   <div class='ocr_carea' id='block_1_82' title="bbox 2189 3895 3748 3973">
    <p class='ocr_par' dir='ltr' id='par_1_82' title="bbox 2189 3895 3748 3973">
     <span class='ocr_line' id='line_1_82' title="bbox 2189 3895 3748 3973; baseline -0.008 -16"><span class='ocrx_word' id='word_1_612' title='bbox 2189 3905 2409 3973; x_wconf 87' lang='grc' dir='ltr'>μένουσι</span> <span class='ocrx_word' id='word_1_613' title='bbox 2439 3900 2682 3963; x_wconf 86' lang='grc' dir='ltr'>δικαίως,</span> <span class='ocrx_word' id='word_1_614' title='bbox 2732 3899 2807 3968; x_wconf 88' lang='lat' dir='ltr'><strong>(p.</strong></span> <span class='ocrx_word' id='word_1_615' title='bbox 2844 3898 2933 3965; x_wconf 67' lang='grc'><strong>56)</strong></span> <span class='ocrx_word' id='word_1_616' title='bbox 2963 3898 3084 3951; x_wconf 77' lang='grc' dir='ltr'>οὐδὲ</span> <span class='ocrx_word' id='word_1_617' title='bbox 3123 3898 3189 3950; x_wconf 87' lang='grc' dir='ltr'><strong>ἐκ</strong></span> <span class='ocrx_word' id='word_1_618' title='bbox 3228 3895 3528 3965; x_wconf 80' lang='grc' dir='ltr'>μεταϐολῆς</span> <span class='ocrx_word' id='word_1_619' title='bbox 3558 3895 3748 3948; x_wconf 82' lang='grc' dir='ltr'>νεῦσαι</span> 
     </span>
    </p>
   </div>
   <div class='ocr_carea' id='block_1_83' title="bbox 2185 3977 3751 4061">
    <p class='ocr_par' dir='ltr' id='par_1_83' title="bbox 2185 3977 3751 4061">
     <span class='ocr_line' id='line_1_83' title="bbox 2185 3977 3751 4061; baseline -0.009 -17"><span class='ocrx_word' id='word_1_620' title='bbox 2185 3990 2322 4061; x_wconf 84' lang='grc' dir='ltr'>πρὸς</span> <span class='ocrx_word' id='word_1_621' title='bbox 2367 3990 2457 4041; x_wconf 79' lang='grc' dir='ltr'>τὸν</span> <span class='ocrx_word' id='word_1_622' title='bbox 2495 3986 2626 4039; x_wconf 79' lang='grc' dir='ltr'>θεὸν</span> <span class='ocrx_word' id='word_1_623' title='bbox 2658 3983 3023 4055; x_wconf 87' lang='grc' dir='ltr'>βουληθέντες.</span> <span class='ocrx_word' id='word_1_624' title='bbox 3063 4002 3083 4035; x_wconf 76' lang='grc' dir='ltr'><strong>ι</strong></span> <span class='ocrx_word' id='word_1_625' title='bbox 3134 3981 3240 4036; x_wconf 75' lang='grc' dir='ltr'><strong>Καὶ</strong></span> <span class='ocrx_word' id='word_1_626' title='bbox 3276 3977 3344 4052; x_wconf 82' lang='grc' dir='ltr'>ἦν</span> <span class='ocrx_word' id='word_1_627' title='bbox 3404 3978 3647 4050; x_wconf 73' lang='grc' dir='ltr'>Ἐςρραῒμ</span> <span class='ocrx_word' id='word_1_628' title='bbox 3678 3979 3751 4041; x_wconf 86' lang='grc' dir='ltr'><strong>ὡς</strong></span> 
     </span>
    </p>
   </div>
   <div class='ocr_carea' id='block_1_84' title="bbox 2186 4068 3749 4150">
    <p class='ocr_par' dir='ltr' id='par_1_84' title="bbox 2186 4068 3749 4150">
     <span class='ocr_line' id='line_1_84' title="bbox 2186 4068 3749 4150; baseline -0.008 -17"><span class='ocrx_word' id='word_1_629' title='bbox 2186 4076 2483 4150; x_wconf 87' lang='grc' dir='ltr'>περιστερά</span> <span class='ocrx_word' id='word_1_630' title='bbox 2540 4075 2699 4137; x_wconf 81' lang='grc' dir='ltr'>ἄνους</span> <span class='ocrx_word' id='word_1_631' title='bbox 2752 4074 2852 4126; x_wconf 79' lang='grc' dir='ltr'>οὐκ</span> <span class='ocrx_word' id='word_1_632' title='bbox 2908 4073 3104 4143; x_wconf 83' lang='grc' dir='ltr'>ἔχουσα</span> <span class='ocrx_word' id='word_1_633' title='bbox 3163 4070 3421 4142; x_wconf 58' lang='grc' dir='ltr'>καρδίαν</span> <span class='ocrx_word' id='word_1_634' title='bbox 3473 4068 3749 4137; x_wconf 71' lang='grc' dir='ltr'>Αἴγυπτον</span> 
     </span>
    </p>
   </div>
   <div class='ocr_carea' id='block_1_85' title="bbox 2188 4160 3744 4233">
    <p class='ocr_par' dir='ltr' id='par_1_85' title="bbox 2188 4160 3744 4233">
     <span class='ocr_line' id='line_1_85' title="bbox 2188 4160 3744 4233; baseline -0.008 -10"><span class='ocrx_word' id='word_1_635' title='bbox 2188 4167 2583 4231; x_wconf 87' lang='grc' dir='ltr'>ἐπεκαλοῦντο,</span> <span class='ocrx_word' id='word_1_636' title='bbox 2629 4166 2722 4220; x_wconf 77' lang='grc' dir='ltr'>καὶ</span> <span class='ocrx_word' id='word_1_637' title='bbox 2765 4167 2845 4227; x_wconf 88' lang='grc' dir='ltr'><strong>εἰς</strong></span> <span class='ocrx_word' id='word_1_638' title='bbox 2900 4164 3214 4233; x_wconf 82' lang='grc' dir='ltr'>’Δσσυρίους</span> <span class='ocrx_word' id='word_1_639' title='bbox 3270 4160 3670 4233; x_wconf 83' lang='grc' dir='ltr'>ἐπορεύθησαν.</span> <span class='ocrx_word' id='word_1_640' title='bbox 3727 4178 3744 4209; x_wconf 74' lang='grc' dir='ltr'><strong>ι</strong></span> 
     </span>
    </p>
   </div>
   <div class='ocr_carea' id='block_1_86' title="bbox 2188 4250 3753 4330">
    <p class='ocr_par' dir='ltr' id='par_1_86' title="bbox 2188 4250 3753 4330">
     <span class='ocr_line' id='line_1_86' title="bbox 2188 4250 3753 4330; baseline -0.01 -15"><span class='ocrx_word' id='word_1_641' title='bbox 2188 4261 2399 4330; x_wconf 83' lang='grc' dir='ltr'>Οἴαπέρ</span> <span class='ocrx_word' id='word_1_642' title='bbox 2429 4260 2578 4311; x_wconf 86' lang='grc' dir='ltr'>ἐστιν</span> <span class='ocrx_word' id='word_1_643' title='bbox 2612 4259 2645 4327; x_wconf 82' lang='grc' dir='ltr'>ἡ</span> <span class='ocrx_word' id='word_1_644' title='bbox 2677 4254 2976 4327; x_wconf 85' lang='grc' dir='ltr'>περιστερά</span> <span class='ocrx_word' id='word_1_645' title='bbox 3008 4254 3141 4323; x_wconf 81' lang='grc' dir='ltr'>μηδὲ</span> <span class='ocrx_word' id='word_1_646' title='bbox 3184 4251 3291 4305; x_wconf 90' lang='grc' dir='ltr'><strong>τῶν</strong></span> <span class='ocrx_word' id='word_1_647' title='bbox 3321 4250 3533 4303; x_wconf 80' lang='grc' dir='ltr'>οἰκείων</span> <span class='ocrx_word' id='word_1_648' title='bbox 3561 4266 3753 4318; x_wconf 82' lang='grc' dir='ltr'>γεννη-</span> 
     </span>
    </p>
   </div>
   <div class='ocr_carea' id='block_1_87' title="bbox 2191 4339 3754 4424">
    <p class='ocr_par' dir='ltr' id='par_1_87' title="bbox 2191 4339 3754 4424">
     <span class='ocr_line' id='line_1_87' title="bbox 2191 4339 3754 4424; baseline -0.01 -18"><span class='ocrx_word' id='word_1_649' title='bbox 2191 4354 2377 4424; x_wconf 85' lang='grc' dir='ltr'>μάτων</span> <span class='ocrx_word' id='word_1_650' title='bbox 2411 4349 2708 4420; x_wconf 81' lang='grc' dir='ltr'>ποιουμένη</span> <span class='ocrx_word' id='word_1_651' title='bbox 2742 4348 2933 4414; x_wconf 86' lang='grc' dir='ltr'>λόγον·</span> <span class='ocrx_word' id='word_1_652' title='bbox 2980 4339 3054 4399; x_wconf 84' lang='grc' dir='ltr'><strong>ῶν</strong></span> <span class='ocrx_word' id='word_1_653' title='bbox 3088 4342 3484 4413; x_wconf 82' lang='grc' dir='ltr'>ἀφαιρουμένη,</span> <span class='ocrx_word' id='word_1_654' title='bbox 3513 4342 3610 4393; x_wconf 78' lang='grc' dir='ltr'>ἐπὶ</span> <span class='ocrx_word' id='word_1_655' title='bbox 3648 4342 3754 4393; x_wconf 85' lang='grc' dir='ltr'><strong>τῶν</strong></span> 
     </span>
    </p>
   </div>
   <div class='ocr_carea' id='block_1_88' title="bbox 2188 4432 3755 4503">
    <p class='ocr_par' dir='ltr' id='par_1_88' title="bbox 2188 4432 3755 4503">
     <span class='ocr_line' id='line_1_88' title="bbox 2188 4432 3755 4503; baseline -0.011 -4"><span class='ocrx_word' id='word_1_656' title='bbox 2188 4444 2368 4499; x_wconf 82' lang='grc' dir='ltr'>αὐτῶν</span> <span class='ocrx_word' id='word_1_657' title='bbox 2415 4443 2595 4497; x_wconf 90' lang='grc' dir='ltr'>τόπων</span> <span class='ocrx_word' id='word_1_658' title='bbox 2632 4438 2927 4494; x_wconf 88' lang='grc' dir='ltr'>νεοττεύειν</span> <span class='ocrx_word' id='word_1_659' title='bbox 2981 4436 3169 4490; x_wconf 76' lang='grc' dir='ltr'>εἴωθεν</span> <span class='ocrx_word' id='word_1_660' title='bbox 3216 4434 3411 4498; x_wconf 88' lang='grc' dir='ltr'>πάλιν,</span> <span class='ocrx_word' id='word_1_661' title='bbox 3449 4432 3569 4486; x_wconf 83' lang='grc' dir='ltr'><strong>ούδέ</strong></span> <span class='ocrx_word' id='word_1_662' title='bbox 3628 4433 3755 4503; x_wconf 87' lang='grc' dir='ltr'>μίαν</span> 
     </span>
    </p>
   </div>
   <div class='ocr_carea' id='block_1_89' title="bbox 522 4518 2079 4606">
    <p class='ocr_par' dir='ltr' id='par_1_89' title="bbox 522 4535 2079 4605">
     <span class='ocr_line' id='line_1_89' title="bbox 522 4535 2079 4605; baseline -0.001 -14"><span class='ocrx_word' id='word_1_663' title='bbox 522 4537 862 4599; x_wconf 87' lang='lat' dir='ltr'><strong>habuerunt,</strong></span> <span class='ocrx_word' id='word_1_664' title='bbox 911 4536 1126 4590; x_wconf 90' lang='lat' dir='ltr'><strong>nullum</strong></span> <span class='ocrx_word' id='word_1_665' title='bbox 1180 4550 1399 4589; x_wconf 86' lang='lat' dir='ltr'><strong>sensum</strong></span> <span class='ocrx_word' id='word_1_666' title='bbox 1447 4536 1597 4591; x_wconf 78' lang='lat' dir='ltr'><strong>exitii</strong></span> <span class='ocrx_word' id='word_1_667' title='bbox 1643 4535 1728 4590; x_wconf 90' lang='lat' dir='ltr'><strong>sui</strong></span> <span class='ocrx_word' id='word_1_668' title='bbox 1774 4536 2079 4605; x_wconf 81' lang='lat' dir='ltr'><strong>capientes,</strong></span> 
     </span>
    </p>
   </div>
   <div class='ocr_carea' id='block_1_90' title="bbox 2180 4518 3752 4606">
    <p class='ocr_par' dir='ltr' id='par_1_90' title="bbox 2190 4518 3752 4606">
     <span class='ocr_line' id='line_1_90' title="bbox 2190 4518 3752 4606; baseline -0.013 -18"><span class='ocrx_word' id='word_1_669' title='bbox 2190 4536 2387 4606; x_wconf 75' lang='grc' dir='ltr'>ἔχουσα</span> <span class='ocrx_word' id='word_1_670' title='bbox 2410 4530 2754 4604; x_wconf 88' lang='grc' dir='ltr'>προμήθειαν</span> <span class='ocrx_word' id='word_1_671' title='bbox 2774 4530 2873 4597; x_wconf 81' lang='grc' dir='ltr'>τῆς</span> <span class='ocrx_word' id='word_1_672' title='bbox 2894 4524 3232 4596; x_wconf 80' lang='grc' dir='ltr'>ἀφαιρέσεως</span> <span class='ocrx_word' id='word_1_673' title='bbox 3253 4522 3359 4575; x_wconf 91' lang='grc' dir='ltr'><strong>τῶν</strong></span> <span class='ocrx_word' id='word_1_674' title='bbox 3379 4518 3752 4589; x_wconf 81' lang='grc' dir='ltr'>γεννωμένων·</span> 
     </span>
    </p>
   </div>
   <div class='ocr_carea' id='block_1_91' title="bbox 522 4609 2079 4698">
    <p class='ocr_par' dir='ltr' id='par_1_91' title="bbox 522 4625 2079 4698">
     <span class='ocr_line' id='line_1_91' title="bbox 522 4625 2079 4698; baseline -0.003 -15"><span class='ocrx_word' id='word_1_675' title='bbox 522 4628 618 4684; x_wconf 87' lang='lat' dir='ltr'><strong>sed</strong></span> <span class='ocrx_word' id='word_1_676' title='bbox 670 4636 1048 4698; x_wconf 79' lang='lat' dir='ltr'><strong>exspectantes</strong></span> <span class='ocrx_word' id='word_1_677' title='bbox 1100 4625 1465 4697; x_wconf 67' lang='lat' dir='ltr'><strong>Egyptorum</strong></span> <span class='ocrx_word' id='word_1_678' title='bbox 1516 4627 1758 4689; x_wconf 81' lang='lat' dir='ltr'><strong>auxilia,</strong></span> <span class='ocrx_word' id='word_1_679' title='bbox 1804 4641 1926 4697; x_wconf 73' lang='lat' dir='ltr'><strong>qua:</strong></span> <span class='ocrx_word' id='word_1_680' title='bbox 1980 4641 2079 4680; x_wconf 85' lang='lat' dir='ltr'><strong>non</strong></span> 
     </span>
    </p>
   </div>
   <div class='ocr_carea' id='block_1_92' title="bbox 2180 4609 3757 4698">
    <p class='ocr_par' dir='ltr' id='par_1_92' title="bbox 2191 4609 3757 4695">
     <span class='ocr_line' id='line_1_92' title="bbox 2191 4609 3757 4695; baseline -0.013 -13"><span class='ocrx_word' id='word_1_681' title='bbox 2191 4629 2334 4682; x_wconf 75' lang='grc' dir='ltr'>οὕτω</span> <span class='ocrx_word' id='word_1_682' title='bbox 2358 4626 2421 4695; x_wconf 82' lang='grc' dir='ltr'>δὴ</span> <span class='ocrx_word' id='word_1_683' title='bbox 2450 4625 2545 4678; x_wconf 77' lang='grc' dir='ltr'>καὶ</span> <span class='ocrx_word' id='word_1_684' title='bbox 2573 4617 2716 4677; x_wconf 79' lang='grc' dir='ltr'>οῦτοι</span> <span class='ocrx_word' id='word_1_685' title='bbox 2739 4619 3045 4689; x_wconf 88' lang='grc' dir='ltr'>γεγόνασιν,</span> <span class='ocrx_word' id='word_1_686' title='bbox 3078 4614 3328 4684; x_wconf 78' lang='grc' dir='ltr'>αἴσθησιν</span> <span class='ocrx_word' id='word_1_687' title='bbox 3355 4612 3453 4683; x_wconf 85' lang='grc' dir='ltr'>τῆς</span> <span class='ocrx_word' id='word_1_688' title='bbox 3478 4609 3757 4671; x_wconf 88' lang='grc' dir='ltr'>ἀπωλείας</span> 
     </span>
    </p>
   </div>
   <div class='ocr_carea' id='block_1_93' title="bbox 522 4701 2079 4787">
    <p class='ocr_par' dir='ltr' id='par_1_93' title="bbox 522 4717 2079 4787">
     <span class='ocr_line' id='line_1_93' title="bbox 522 4717 2079 4787; baseline -0.001 -13"><span class='ocrx_word' id='word_1_689' title='bbox 522 4719 927 4786; x_wconf 86' lang='lat' dir='ltr'><strong>impetrarunt;</strong></span> <span class='ocrx_word' id='word_1_690' title='bbox 971 4717 1102 4771; x_wconf 91' lang='lat' dir='ltr'><strong>dum</strong></span> <span class='ocrx_word' id='word_1_691' title='bbox 1148 4718 1351 4772; x_wconf 88' lang='lat' dir='ltr'><strong>interea</strong></span> <span class='ocrx_word' id='word_1_692' title='bbox 1400 4718 1596 4787; x_wconf 87' lang='lat' dir='ltr'><strong>grandi</strong></span> <span class='ocrx_word' id='word_1_693' title='bbox 1641 4732 1764 4771; x_wconf 91' lang='lat' dir='ltr'><strong>cum</strong></span> <span class='ocrx_word' id='word_1_694' title='bbox 1819 4725 2079 4787; x_wconf 79' lang='lat' dir='ltr'><strong>potestate</strong></span> 
     </span>
    </p>
   </div>
   <div class='ocr_carea' id='block_1_94' title="bbox 2180 4701 3759 4787">
    <p class='ocr_par' dir='ltr' id='par_1_94' title="bbox 2192 4701 3759 4787">
     <span class='ocr_line' id='line_1_94' title="bbox 2192 4701 3759 4787; baseline -0.014 -14"><span class='ocrx_word' id='word_1_695' title='bbox 2192 4721 2251 4773; x_wconf 87' lang='grc' dir='ltr'><strong>ού</strong></span> <span class='ocrx_word' id='word_1_696' title='bbox 2295 4717 2661 4787; x_wconf 85' lang='grc' dir='ltr'>λαμϐάνοντες</span> <span class='ocrx_word' id='word_1_697' title='bbox 2699 4712 2798 4781; x_wconf 84' lang='grc' dir='ltr'>τῆς</span> <span class='ocrx_word' id='word_1_698' title='bbox 2845 4708 3081 4771; x_wconf 90' lang='grc' dir='ltr'>οἰκείας,</span> <span class='ocrx_word' id='word_1_699' title='bbox 3115 4704 3231 4759; x_wconf 85' lang='grc' dir='ltr'>ἀλλ’</span> <span class='ocrx_word' id='word_1_700' title='bbox 3265 4701 3626 4773; x_wconf 88' lang='grc' dir='ltr'>ἀναμένοντες</span> <span class='ocrx_word' id='word_1_701' title='bbox 3660 4701 3759 4771; x_wconf 85' lang='grc' dir='ltr'>μὲν</span> 
     </span>
    </p>
   </div>
   <div class='ocr_carea' id='block_1_95' title="bbox 522 4809 2084 4881">
    <p class='ocr_par' dir='ltr' id='par_1_95' title="bbox 522 4809 2084 4881">
     <span class='ocr_line' id='line_1_95' title="bbox 522 4809 2084 4881; baseline 0.001 -18"><span class='ocrx_word' id='word_1_702' title='bbox 522 4810 729 4881; x_wconf 78' lang='lat' dir='ltr'><strong>Assyrii</strong></span> <span class='ocrx_word' id='word_1_703' title='bbox 753 4825 848 4864; x_wconf 90' lang='lat' dir='ltr'><strong>eos</strong></span> <span class='ocrx_word' id='word_1_704' title='bbox 879 4809 1219 4864; x_wconf 89' lang='lat' dir='ltr'><strong>abducebant</strong></span> <span class='ocrx_word' id='word_1_705' title='bbox 1247 4810 1497 4878; x_wconf 89' lang='lat' dir='ltr'><strong>captivos</strong></span> <span class='ocrx_word' id='word_1_706' title='bbox 1525 4810 1578 4862; x_wconf 90' lang='lat' dir='ltr'><strong>in</strong></span> <span class='ocrx_word' id='word_1_707' title='bbox 1605 4810 1879 4879; x_wconf 84' lang='lat' dir='ltr'><strong>regionem</strong></span> <span class='ocrx_word' id='word_1_708' title='bbox 1908 4824 2084 4865; x_wconf 90' lang='lat' dir='ltr'><strong>suam.</strong></span> 
     </span>
    </p>
   </div>
   <div class='ocr_carea' id='block_1_96' title="bbox 526 4899 2088 4971">
    <p class='ocr_par' dir='ltr' id='par_1_96' title="bbox 526 4899 2088 4971">
     <span class='ocr_line' id='line_1_96' title="bbox 526 4899 2088 4971; baseline 0.001 -16"><span class='ocrx_word' id='word_1_709' title='bbox 526 4920 548 4955; x_wconf 73' lang='grc' dir='ltr'><strong>ι</strong></span> <span class='ocrx_word' id='word_1_710' title='bbox 578 4900 789 4955; x_wconf 88' lang='lat' dir='ltr'><strong>Etcum</strong></span> <span class='ocrx_word' id='word_1_711' title='bbox 838 4899 1065 4971; x_wconf 78' lang='lat' dir='ltr'><strong>profecti</strong></span> <span class='ocrx_word' id='word_1_712' title='bbox 1116 4899 1356 4962; x_wconf 81' lang='lat' dir='ltr'><strong>fuerint,</strong></span> <span class='ocrx_word' id='word_1_713' title='bbox 1410 4899 1715 4968; x_wconf 82' lang='lat' dir='ltr'><strong>expandam</strong></span> <span class='ocrx_word' id='word_1_714' title='bbox 1768 4916 1939 4969; x_wconf 87' lang='lat' dir='ltr'><strong>super</strong></span> <span class='ocrx_word' id='word_1_715' title='bbox 1992 4916 2088 4956; x_wconf 88' lang='lat' dir='ltr'><strong>eos</strong></span> 
     </span>
    </p>
   </div>
   <div class='ocr_carea' id='block_1_97' title="bbox 522 4988 2090 5059">
    <p class='ocr_par' dir='ltr' id='par_1_97' title="bbox 522 4988 2090 5059">
     <span class='ocr_line' id='line_1_97' title="bbox 522 4988 2090 5059; baseline -0.004 -13"><span class='ocrx_word' id='word_1_716' title='bbox 522 5000 637 5046; x_wconf 85' lang='lat' dir='ltr'><strong>rete</strong></span> <span class='ocrx_word' id='word_1_717' title='bbox 679 5005 857 5044; x_wconf 89' lang='lat' dir='ltr'><strong>meum</strong></span> <span class='ocrx_word' id='word_1_718' title='bbox 889 5009 901 5043; x_wconf 89' lang='lat'><strong>:</strong></span> <span class='ocrx_word' id='word_1_719' title='bbox 952 4989 1107 5059; x_wconf 85' lang='lat' dir='ltr'><strong>quasi</strong></span> <span class='ocrx_word' id='word_1_720' title='bbox 1142 4990 1392 5044; x_wconf 91' lang='lat' dir='ltr'><strong>volucres</strong></span> <span class='ocrx_word' id='word_1_721' title='bbox 1423 4988 1551 5041; x_wconf 67' lang='lat' dir='ltr'><strong>caeli</strong></span> <span class='ocrx_word' id='word_1_722' title='bbox 1603 4988 1887 5042; x_wconf 82' lang='lat' dir='ltr'><strong>detraham</strong></span> <span class='ocrx_word' id='word_1_723' title='bbox 1917 5004 2035 5044; x_wconf 87' lang='lat' dir='ltr'><strong>eos.</strong></span> <span class='ocrx_word' id='word_1_724' title='bbox 2070 5005 2090 5040; x_wconf 72' lang='grc' dir='ltr'><strong>ι</strong></span> 
     </span>
    </p>
   </div>
   <div class='ocr_carea' id='block_1_98' title="bbox 521 5079 2099 5150">
    <p class='ocr_par' dir='ltr' id='par_1_98' title="bbox 521 5079 2099 5150">
     <span class='ocr_line' id='line_1_98' title="bbox 521 5079 2099 5150; baseline -0.001 -15"><span class='ocrx_word' id='word_1_725' title='bbox 521 5081 733 5150; x_wconf 84' lang='lat' dir='ltr'><strong>Fugere</strong></span> <span class='ocrx_word' id='word_1_726' title='bbox 760 5081 827 5133; x_wconf 84' lang='lat' dir='ltr'><strong>ab</strong></span> <span class='ocrx_word' id='word_1_727' title='bbox 858 5081 1073 5134; x_wconf 92' lang='lat' dir='ltr'><strong>illorum</strong></span> <span class='ocrx_word' id='word_1_728' title='bbox 1095 5120 1110 5145; x_wconf 87' lang='lat'><strong>,</strong></span> <span class='ocrx_word' id='word_1_729' title='bbox 1144 5081 1363 5149; x_wconf 88' lang='lat' dir='ltr'><strong>inquam</strong></span> <span class='ocrx_word' id='word_1_730' title='bbox 1389 5119 1404 5142; x_wconf 93' lang='lat'><strong>,</strong></span> <span class='ocrx_word' id='word_1_731' title='bbox 1438 5079 1700 5134; x_wconf 89' lang='lat' dir='ltr'><strong>servitute</strong></span> <span class='ocrx_word' id='word_1_732' title='bbox 1730 5095 1959 5148; x_wconf 91' lang='lat' dir='ltr'><strong>prorsus</strong></span> <span class='ocrx_word' id='word_1_733' title='bbox 1988 5094 2099 5134; x_wconf 89' lang='lat' dir='ltr'><strong>non</strong></span> 
     </span>
    </p>
   </div>
   <div class='ocr_carea' id='block_1_99' title="bbox 519 5168 2099 5243">
    <p class='ocr_par' dir='ltr' id='par_1_99' title="bbox 519 5168 2099 5243">
     <span class='ocr_line' id='line_1_99' title="bbox 519 5168 2099 5243; baseline -0.001 -18"><span class='ocrx_word' id='word_1_734' title='bbox 519 5173 630 5243; x_wconf 79' lang='lat'><strong>36</strong></span> <span class='ocrx_word' id='word_1_735' title='bbox 656 5172 871 5237; x_wconf 87' lang='lat' dir='ltr'><strong>licebit;</strong></span> <span class='ocrx_word' id='word_1_736' title='bbox 904 5172 1029 5241; x_wconf 88' lang='lat' dir='ltr'><strong>quia</strong></span> <span class='ocrx_word' id='word_1_737' title='bbox 1058 5186 1158 5242; x_wconf 83' lang='lat' dir='ltr'><strong>ego</strong></span> <span class='ocrx_word' id='word_1_738' title='bbox 1177 5210 1193 5234; x_wconf 88' lang='lat'><strong>,</strong></span> <span class='ocrx_word' id='word_1_739' title='bbox 1221 5171 1322 5224; x_wconf 88' lang='lat' dir='ltr'><strong>reti</strong></span> <span class='ocrx_word' id='word_1_740' title='bbox 1352 5170 1514 5224; x_wconf 89' lang='lat' dir='ltr'><strong>veluti</strong></span> <span class='ocrx_word' id='word_1_741' title='bbox 1540 5211 1554 5234; x_wconf 91' lang='lat'><strong>,</strong></span> <span class='ocrx_word' id='word_1_742' title='bbox 1586 5168 1803 5223; x_wconf 89' lang='lat' dir='ltr'><strong>decreto</strong></span> <span class='ocrx_word' id='word_1_743' title='bbox 1830 5184 1951 5224; x_wconf 87' lang='lat' dir='ltr'><strong>meo</strong></span> <span class='ocrx_word' id='word_1_744' title='bbox 1976 5168 2099 5224; x_wconf 89' lang='lat' dir='ltr'><strong>illos</strong></span> 
     </span>
    </p>
   </div>
   <div class='ocr_carea' id='block_1_100' title="bbox 522 5257 2099 5332">
    <p class='ocr_par' dir='ltr' id='par_1_100' title="bbox 522 5257 2099 5332">
     <span class='ocr_line' id='line_1_100' title="bbox 522 5257 2099 5332; baseline -0.003 -15"><span class='ocrx_word' id='word_1_745' title='bbox 522 5263 948 5332; x_wconf 86' lang='lat' dir='ltr'><strong>comprehensos</strong></span> <span class='ocrx_word' id='word_1_746' title='bbox 970 5302 986 5326; x_wconf 95' lang='lat'><strong>,</strong></span> <span class='ocrx_word' id='word_1_747' title='bbox 1021 5263 1074 5316; x_wconf 93' lang='lat' dir='ltr'><strong>in</strong></span> <span class='ocrx_word' id='word_1_748' title='bbox 1108 5261 1478 5331; x_wconf 87' lang='lat' dir='ltr'><strong>captivitatem</strong></span> <span class='ocrx_word' id='word_1_749' title='bbox 1513 5260 1672 5330; x_wconf 90' lang='lat' dir='ltr'><strong>quasi</strong></span> <span class='ocrx_word' id='word_1_750' title='bbox 1708 5257 1934 5313; x_wconf 88' lang='lat' dir='ltr'><strong>totidem</strong></span> <span class='ocrx_word' id='word_1_751' title='bbox 1970 5273 2099 5313; x_wconf 84' lang='lat' dir='ltr'><strong>aves</strong></span> 
     </span>
    </p>
   </div>
   <div class='ocr_carea' id='block_1_101' title="bbox 524 5348 2097 5422">
    <p class='ocr_par' dir='ltr' id='par_1_101' title="bbox 524 5348 2097 5422">
     <span class='ocr_line' id='line_1_101' title="bbox 524 5348 2097 5422; baseline -0.003 -15"><span class='ocrx_word' id='word_1_752' title='bbox 524 5355 813 5407; x_wconf 85' lang='lat' dir='ltr'><strong>abducam.</strong></span> <span class='ocrx_word' id='word_1_753' title='bbox 846 5373 863 5405; x_wconf 81' lang='grc' dir='ltr'><strong>ι</strong></span> <span class='ocrx_word' id='word_1_754' title='bbox 897 5353 1191 5422; x_wconf 87' lang='lat' dir='ltr'><strong>Castigabo</strong></span> <span class='ocrx_word' id='word_1_755' title='bbox 1246 5367 1341 5407; x_wconf 88' lang='lat' dir='ltr'><strong>eos</strong></span> <span class='ocrx_word' id='word_1_756' title='bbox 1388 5352 1509 5420; x_wconf 87' lang='lat' dir='ltr'><strong>ipso</strong></span> <span class='ocrx_word' id='word_1_757' title='bbox 1560 5364 1673 5405; x_wconf 82' lang='lat' dir='ltr'><strong>suae</strong></span> <span class='ocrx_word' id='word_1_758' title='bbox 1726 5348 2097 5402; x_wconf 87' lang='lat' dir='ltr'><strong>tribulationis</strong></span> 
     </span>
    </p>
   </div>
   <div class='ocr_carea' id='block_1_102' title="bbox 526 5440 2100 5510">
    <p class='ocr_par' dir='ltr' id='par_1_102' title="bbox 526 5440 2100 5510">
     <span class='ocr_line' id='line_1_102' title="bbox 526 5440 2100 5510; baseline -0.003 -14"><span class='ocrx_word' id='word_1_759' title='bbox 526 5444 736 5499; x_wconf 89' lang='lat' dir='ltr'><strong>auditu.</strong></span> <span class='ocrx_word' id='word_1_760' title='bbox 767 5465 786 5497; x_wconf 73' lang='grc' dir='ltr'><strong>ι</strong></span> <span class='ocrx_word' id='word_1_761' title='bbox 815 5445 990 5499; x_wconf 87' lang='lat' dir='ltr'><strong>Tanta</strong></span> <span class='ocrx_word' id='word_1_762' title='bbox 1020 5446 1130 5499; x_wconf 90' lang='lat' dir='ltr'><strong>illis</strong></span> <span class='ocrx_word' id='word_1_763' title='bbox 1158 5441 1389 5497; x_wconf 74' lang='lat' dir='ltr'><strong>inferam</strong></span> <span class='ocrx_word' id='word_1_764' title='bbox 1420 5443 1561 5496; x_wconf 85' lang='lat' dir='ltr'><strong>mala</strong></span> <span class='ocrx_word' id='word_1_765' title='bbox 1584 5480 1599 5504; x_wconf 94' lang='lat'><strong>,</strong></span> <span class='ocrx_word' id='word_1_766' title='bbox 1629 5449 1687 5494; x_wconf 90' lang='lat' dir='ltr'><strong>ut</strong></span> <span class='ocrx_word' id='word_1_767' title='bbox 1719 5441 1799 5495; x_wconf 90' lang='lat' dir='ltr'><strong>vel</strong></span> <span class='ocrx_word' id='word_1_768' title='bbox 1829 5440 1946 5508; x_wconf 89' lang='lat' dir='ltr'><strong>ipsa</strong></span> <span class='ocrx_word' id='word_1_769' title='bbox 1981 5455 2100 5510; x_wconf 86' lang='lat' dir='ltr'><strong>per-</strong></span> 
     </span>
    </p>
   </div>
   <div class='ocr_carea' id='block_1_103' title="bbox 526 5530 2097 5593">
    <p class='ocr_par' dir='ltr' id='par_1_103' title="bbox 526 5530 2097 5593">
     <span class='ocr_line' id='line_1_103' title="bbox 526 5530 2097 5593; baseline -0.005 -1"><span class='ocrx_word' id='word_1_770' title='bbox 526 5538 757 5592; x_wconf 83' lang='lat' dir='ltr'><strong>molesta</strong></span> <span class='ocrx_word' id='word_1_771' title='bbox 784 5547 1178 5593; x_wconf 73' lang='lat' dir='ltr'><strong>eventurorum</strong></span> <span class='ocrx_word' id='word_1_772' title='bbox 1209 5536 1477 5592; x_wconf 84' lang='lat' dir='ltr'><strong>malorum</strong></span> <span class='ocrx_word' id='word_1_773' title='bbox 1513 5534 1719 5590; x_wconf 90' lang='lat' dir='ltr'><strong>auditio</strong></span> <span class='ocrx_word' id='word_1_774' title='bbox 1749 5532 1985 5590; x_wconf 80' lang='lat' dir='ltr'><strong>sulliciat</strong></span> <span class='ocrx_word' id='word_1_775' title='bbox 2029 5530 2097 5585; x_wconf 90' lang='lat' dir='ltr'><strong>ad</strong></span> 
     </span>
    </p>
   </div>
   <div class='ocr_carea' id='block_1_104' title="bbox 528 5631 950 5699">
    <p class='ocr_par' dir='ltr' id='par_1_104' title="bbox 528 5631 950 5699">
     <span class='ocr_line' id='line_1_104' title="bbox 528 5631 950 5699; baseline -0.002 -15"><span class='ocrx_word' id='word_1_776' title='bbox 528 5631 950 5699; x_wconf 84' lang='lat' dir='ltr'><strong>correptionem.</strong></span> 
     </span>
    </p>
   </div>
   <div class='ocr_carea' id='block_1_105' title="bbox 597 5892 1074 5958">
    <p class='ocr_par' dir='ltr' id='par_1_105' title="bbox 597 5892 1074 5958">
     <span class='ocr_line' id='line_1_105' title="bbox 597 5892 1074 5958; baseline 0.002 -11"><span class='ocrx_word' id='word_1_777' title='bbox 597 5894 647 5929; x_wconf 76' lang='grc'><em>³³</em></span> <span class='ocrx_word' id='word_1_778' title='bbox 688 5893 832 5949; x_wconf 78' lang='lat' dir='ltr'><strong>Psul.</strong></span> <span class='ocrx_word' id='word_1_779' title='bbox 868 5909 954 5958; x_wconf 70' lang='grc' dir='ltr'>(ιν,</span> <span class='ocrx_word' id='word_1_780' title='bbox 990 5892 1074 5948; x_wconf 72' lang='lat'><strong>55.</strong></span> 
     </span>
    </p>
   </div>
   <div class='ocr_carea' id='block_1_106' title="bbox 2192 4791 3758 4883">
    <p class='ocr_par' dir='ltr' id='par_1_106' title="bbox 2192 4791 3758 4883">
     <span class='ocr_line' id='line_1_106' title="bbox 2192 4791 3758 4883; baseline -0.014 -18"><span class='ocrx_word' id='word_1_781' title='bbox 2192 4812 2291 4883; x_wconf 80' lang='grc' dir='ltr'>τὴν</span> <span class='ocrx_word' id='word_1_782' title='bbox 2319 4812 2384 4863; x_wconf 84' lang='grc' dir='ltr'><strong>ἐκ</strong></span> <span class='ocrx_word' id='word_1_783' title='bbox 2401 4808 2509 4861; x_wconf 90' lang='grc' dir='ltr'><strong>τῶν</strong></span> <span class='ocrx_word' id='word_1_784' title='bbox 2526 4803 2836 4874; x_wconf 79' lang='grc' dir='ltr'>Αίγυπτίων</span> <span class='ocrx_word' id='word_1_785' title='bbox 2868 4799 3138 4871; x_wconf 82' lang='grc' dir='ltr'>βοήθειαν,</span> <span class='ocrx_word' id='word_1_786' title='bbox 3161 4796 3518 4864; x_wconf 84' lang='grc' dir='ltr'>τυγχάνοντες</span> <span class='ocrx_word' id='word_1_787' title='bbox 3544 4792 3603 4844; x_wconf 80' lang='grc' dir='ltr'>δὲ</span> <span class='ocrx_word' id='word_1_788' title='bbox 3632 4791 3758 4845; x_wconf 83' lang='grc' dir='ltr'>ούθ-</span> 
     </span>
    </p>
   </div>
   <div class='ocr_carea' id='block_1_107' title="bbox 2195 4884 3763 4969">
    <p class='ocr_par' dir='ltr' id='par_1_107' title="bbox 2195 4884 3763 4969">
     <span class='ocr_line' id='line_1_107' title="bbox 2195 4884 3763 4969; baseline -0.013 -13"><span class='ocrx_word' id='word_1_789' title='bbox 2195 4903 2340 4966; x_wconf 86' lang='grc' dir='ltr'>ενός·</span> <span class='ocrx_word' id='word_1_790' title='bbox 2369 4900 2466 4954; x_wconf 80' lang='grc' dir='ltr'>ἅτε</span> <span class='ocrx_word' id='word_1_791' title='bbox 2495 4896 2634 4969; x_wconf 87' lang='grc' dir='ltr'><strong>μετά</strong></span> <span class='ocrx_word' id='word_1_792' title='bbox 2664 4893 2906 4967; x_wconf 88' lang='grc' dir='ltr'>μεγάλης</span> <span class='ocrx_word' id='word_1_793' title='bbox 2929 4891 3028 4959; x_wconf 83' lang='grc' dir='ltr'>τῆς</span> <span class='ocrx_word' id='word_1_794' title='bbox 3063 4887 3376 4969; x_wconf 83' lang='grc' dir='ltr'>δυναστείας</span> <span class='ocrx_word' id='word_1_795' title='bbox 3416 4884 3526 4938; x_wconf 87' lang='grc' dir='ltr'><strong>τῶν</strong></span> <span class='ocrx_word' id='word_1_796' title='bbox 3566 4884 3763 4937; x_wconf 80' lang='grc' dir='ltr'>Ἀσσυ-</span> 
     </span>
    </p>
   </div>
   <div class='ocr_carea' id='block_1_108' title="bbox 2195 4977 3759 5067">
    <p class='ocr_par' dir='ltr' id='par_1_108' title="bbox 2195 4977 3759 5067">
     <span class='ocr_line' id='line_1_108' title="bbox 2195 4977 3759 5067; baseline -0.013 -20"><span class='ocrx_word' id='word_1_797' title='bbox 2195 4994 2326 5067; x_wconf 91' lang='grc' dir='ltr'>ρίων</span> <span class='ocrx_word' id='word_1_798' title='bbox 2354 4988 2733 5062; x_wconf 75' lang='grc' dir='ltr'>αἰχμαλώτους</span> <span class='ocrx_word' id='word_1_799' title='bbox 2763 4983 2960 5046; x_wconf 81' lang='grc' dir='ltr'>αὐτοὺς</span> <span class='ocrx_word' id='word_1_800' title='bbox 2992 4981 3315 5048; x_wconf 89' lang='grc' dir='ltr'>ἀπαγόντων</span> <span class='ocrx_word' id='word_1_801' title='bbox 3342 4978 3433 5030; x_wconf 70' lang='grc' dir='ltr'>ἐπὶ</span> <span class='ocrx_word' id='word_1_802' title='bbox 3458 4977 3527 5030; x_wconf 89' lang='grc' dir='ltr'><strong>τά</strong></span> <span class='ocrx_word' id='word_1_803' title='bbox 3559 4978 3759 5029; x_wconf 87' lang='grc' dir='ltr'>οἰκεῖα.</span> 
     </span>
    </p>
   </div>
   <div class='ocr_carea' id='block_1_109' title="bbox 2200 5064 3765 5147">
    <p class='ocr_par' dir='ltr' id='par_1_109' title="bbox 2200 5064 3765 5147">
     <span class='ocr_line' id='line_1_109' title="bbox 2200 5064 3765 5147; baseline -0.012 -11"><span class='ocrx_word' id='word_1_804' title='bbox 2200 5064 2217 5136; x_wconf 70' lang='grc' dir='ltr'><strong>ι</strong></span> <span class='ocrx_word' id='word_1_805' title='bbox 2275 5082 2470 5145; x_wconf 82' lang='grc' dir='ltr'>Καθὼς</span> <span class='ocrx_word' id='word_1_806' title='bbox 2517 5080 2585 5134; x_wconf 85' lang='grc' dir='ltr'>ἂν</span> <span class='ocrx_word' id='word_1_807' title='bbox 2630 5075 2990 5147; x_wconf 88' lang='grc' dir='ltr'>πορεύωνται,</span> <span class='ocrx_word' id='word_1_808' title='bbox 3037 5070 3281 5125; x_wconf 84' lang='grc' dir='ltr'>ἐπιϐαλῶ</span> <span class='ocrx_word' id='word_1_809' title='bbox 3332 5070 3418 5121; x_wconf 82' lang='grc' dir='ltr'><strong>ἐπ’</strong></span> <span class='ocrx_word' id='word_1_810' title='bbox 3452 5068 3649 5129; x_wconf 76' lang='grc' dir='ltr'>αὐτοὺς</span> <span class='ocrx_word' id='word_1_811' title='bbox 3703 5064 3765 5117; x_wconf 79' lang='grc' dir='ltr'>τὸ</span> 
     </span>
    </p>
   </div>
   <div class='ocr_carea' id='block_1_110' title="bbox 2193 5155 3766 5243">
    <p class='ocr_par' dir='ltr' id='par_1_110' title="bbox 2193 5155 3766 5243">
     <span class='ocr_line' id='line_1_110' title="bbox 2193 5155 3766 5243; baseline -0.014 -15"><span class='ocrx_word' id='word_1_812' title='bbox 2193 5174 2405 5228; x_wconf 88' lang='grc' dir='ltr'>δίκτυόν</span> <span class='ocrx_word' id='word_1_813' title='bbox 2452 5188 2551 5243; x_wconf 89' lang='grc' dir='ltr'><strong>μου</strong></span> <span class='ocrx_word' id='word_1_814' title='bbox 2575 5186 2589 5200; x_wconf 76' lang='grc'><strong><em>⁸</em></strong></span> <span class='ocrx_word' id='word_1_815' title='bbox 2631 5166 2814 5228; x_wconf 87' lang='grc' dir='ltr'>καθὼς</span> <span class='ocrx_word' id='word_1_816' title='bbox 2849 5164 2919 5217; x_wconf 86' lang='grc' dir='ltr'>τὰ</span> <span class='ocrx_word' id='word_1_817' title='bbox 2951 5161 3170 5216; x_wconf 81' lang='grc' dir='ltr'>πετεινά</span> <span class='ocrx_word' id='word_1_818' title='bbox 3219 5158 3309 5213; x_wconf 90' lang='grc' dir='ltr'><strong>τοῦ</strong></span> <span class='ocrx_word' id='word_1_819' title='bbox 3364 5155 3594 5228; x_wconf 81' lang='grc' dir='ltr'>ούρανοῦ</span> <span class='ocrx_word' id='word_1_820' title='bbox 3652 5155 3766 5220; x_wconf 83' lang='grc' dir='ltr'>ἄξω</span> 
     </span>
    </p>
   </div>
   <div class='ocr_carea' id='block_1_111' title="bbox 2196 5247 3765 5329">
    <p class='ocr_par' dir='ltr' id='par_1_111' title="bbox 2196 5247 3765 5329">
     <span class='ocr_line' id='line_1_111' title="bbox 2196 5247 3765 5329; baseline -0.014 -10"><span class='ocrx_word' id='word_1_821' title='bbox 2196 5265 2412 5329; x_wconf 85' lang='grc' dir='ltr'>αύτούς.</span> <span class='ocrx_word' id='word_1_822' title='bbox 2449 5282 2467 5314; x_wconf 76' lang='grc' dir='ltr'><strong>ι</strong></span> <span class='ocrx_word' id='word_1_823' title='bbox 2501 5262 2789 5328; x_wconf 84' lang='grc' dir='ltr'>Διαφυγεῖν</span> <span class='ocrx_word' id='word_1_824' title='bbox 2814 5251 3293 5323; x_wconf 66' lang='grc' dir='ltr'>αὐτοὺς,φησθι,τὴν</span> <span class='ocrx_word' id='word_1_825' title='bbox 3316 5247 3539 5301; x_wconf 84' lang='grc' dir='ltr'>ἐκείνων</span> <span class='ocrx_word' id='word_1_826' title='bbox 3561 5248 3765 5316; x_wconf 79' lang='grc' dir='ltr'>αἰχμα-</span> 
     </span>
    </p>
   </div>
   <div class='ocr_carea' id='block_1_112' title="bbox 2196 5336 3765 5415">
    <p class='ocr_par' dir='ltr' id='par_1_112' title="bbox 2196 5336 3765 5415">
     <span class='ocr_line' id='line_1_112' title="bbox 2196 5336 3765 5415; baseline -0.015 -8"><span class='ocrx_word' id='word_1_827' title='bbox 2196 5354 2411 5415; x_wconf 79' lang='grc' dir='ltr'>λωσίαν,</span> <span class='ocrx_word' id='word_1_828' title='bbox 2438 5351 2545 5405; x_wconf 90' lang='grc' dir='ltr'><strong>τῶν</strong></span> <span class='ocrx_word' id='word_1_829' title='bbox 2578 5349 2882 5402; x_wconf 86' lang='grc' dir='ltr'>ἀδυνάτων·</span> <span class='ocrx_word' id='word_1_830' title='bbox 2913 5342 3097 5411; x_wconf 78' lang='grc' dir='ltr'>ἐπειδὴ</span> <span class='ocrx_word' id='word_1_831' title='bbox 3125 5339 3311 5410; x_wconf 85' lang='grc' dir='ltr'>ῶσπερ</span> <span class='ocrx_word' id='word_1_832' title='bbox 3334 5337 3442 5390; x_wconf 74' lang='grc' dir='ltr'>τινὶ</span> <span class='ocrx_word' id='word_1_833' title='bbox 3472 5336 3675 5405; x_wconf 79' lang='grc' dir='ltr'>δικτύῳ</span> <span class='ocrx_word' id='word_1_834' title='bbox 3698 5336 3765 5403; x_wconf 78' lang='grc' dir='ltr'>τῇ</span> 
     </span>
    </p>
   </div>
   <div class='ocr_carea' id='block_1_113' title="bbox 2196 5424 3769 5514">
    <p class='ocr_par' dir='ltr' id='par_1_113' title="bbox 2196 5424 3769 5514">
     <span class='ocr_line' id='line_1_113' title="bbox 2196 5424 3769 5514; baseline -0.016 -15"><span class='ocrx_word' id='word_1_835' title='bbox 2196 5445 2467 5514; x_wconf 80' lang='grc' dir='ltr'>ἀποφάσει</span> <span class='ocrx_word' id='word_1_836' title='bbox 2492 5437 2802 5513; x_wconf 85' lang='grc' dir='ltr'>περιϐαλὼν</span> <span class='ocrx_word' id='word_1_837' title='bbox 2829 5435 3026 5495; x_wconf 80' lang='grc' dir='ltr'>αὐτοὺς</span> <span class='ocrx_word' id='word_1_838' title='bbox 3045 5474 3059 5494; x_wconf 84' lang='grc'><strong>,</strong></span> <span class='ocrx_word' id='word_1_839' title='bbox 3085 5431 3240 5500; x_wconf 85' lang='grc' dir='ltr'>δίκην</span> <span class='ocrx_word' id='word_1_840' title='bbox 3269 5426 3529 5481; x_wconf 82' lang='grc' dir='ltr'>πετεινῶν</span> <span class='ocrx_word' id='word_1_841' title='bbox 3556 5426 3638 5487; x_wconf 85' lang='grc' dir='ltr'><strong>είς</strong></span> <span class='ocrx_word' id='word_1_842' title='bbox 3666 5424 3769 5494; x_wconf 75' lang='grc' dir='ltr'>τὴν</span> 
     </span>
    </p>
   </div>
   <div class='ocr_carea' id='block_1_114' title="bbox 2197 5515 3766 5607">
    <p class='ocr_par' dir='ltr' id='par_1_114' title="bbox 2197 5515 3766 5607">
     <span class='ocr_line' id='line_1_114' title="bbox 2197 5515 3766 5607; baseline -0.017 -15"><span class='ocrx_word' id='word_1_843' title='bbox 2197 5534 2568 5607; x_wconf 83' lang='grc' dir='ltr'>αἰχμαλωσίαν</span> <span class='ocrx_word' id='word_1_844' title='bbox 2606 5529 2820 5595; x_wconf 85' lang='grc' dir='ltr'>ἀπάξω,</span> <span class='ocrx_word' id='word_1_845' title='bbox 2855 5545 2874 5578; x_wconf 80' lang='grc' dir='ltr'><strong>ι</strong></span> <span class='ocrx_word' id='word_1_846' title='bbox 2909 5522 3190 5578; x_wconf 80' lang='grc' dir='ltr'>Παιδεύσω</span> <span class='ocrx_word' id='word_1_847' title='bbox 3214 5519 3408 5580; x_wconf 77' lang='grc' dir='ltr'>αὐτοὺς</span> <span class='ocrx_word' id='word_1_848' title='bbox 3439 5518 3595 5607; x_wconf 12' lang='grc' dir='ltr'>ἐνῄτῇ</span> <span class='ocrx_word' id='word_1_849' title='bbox 3624 5515 3766 5607; x_wconf 75' lang='grc' dir='ltr'>ἀκοῇ</span> 
     </span>
    </p>
   </div>
   <div class='ocr_carea' id='block_1_115' title="bbox 2194 5604 3768 5697">
    <p class='ocr_par' dir='ltr' id='par_1_115' title="bbox 2194 5604 3768 5697">
     <span class='ocr_line' id='line_1_115' title="bbox 2194 5604 3768 5697; baseline -0.017 -16"><span class='ocrx_word' id='word_1_850' title='bbox 2321 5624 2550 5694; x_wconf 77' lang='grc' dir='ltr'>θλίψεως</span> <span class='ocrx_word' id='word_1_851' title='bbox 2572 5621 2772 5676; x_wconf 80' lang='grc' dir='ltr'>αὐτῶν.</span> <span class='ocrx_word' id='word_1_852' title='bbox 2799 5639 2818 5670; x_wconf 76' lang='grc' dir='ltr'><strong>ι</strong></span> <span class='ocrx_word' id='word_1_853' title='bbox 2849 5613 3086 5669; x_wconf 91' lang='grc' dir='ltr'>Τοιαῦτα</span> <span class='ocrx_word' id='word_1_854' title='bbox 3109 5611 3164 5663; x_wconf 85' lang='grc' dir='ltr'>δὲ</span> <span class='ocrx_word' id='word_1_855' title='bbox 3187 5609 3369 5669; x_wconf 79' lang='grc' dir='ltr'>αὐτοῖς</span> <span class='ocrx_word' id='word_1_856' title='bbox 3389 5605 3573 5697; x_wconf 85' lang='grc' dir='ltr'>ἐπάξω</span> <span class='ocrx_word' id='word_1_857' title='bbox 3595 5604 3768 5667; x_wconf 77' lang='grc' dir='ltr'>κακὰ,</span> 
     </span>
    </p>
   </div>
   <div class='ocr_carea' id='block_1_116' title="bbox 2205 5696 3761 5785">
    <p class='ocr_par' dir='ltr' id='par_1_116' title="bbox 2205 5696 3761 5785">
     <span class='ocr_line' id='line_1_116' title="bbox 2205 5696 3761 5785; baseline -0.017 -13"><span class='ocrx_word' id='word_1_858' title='bbox 2205 5696 2343 5772; x_wconf 87' lang='grc' dir='ltr'>ῶστε</span> <span class='ocrx_word' id='word_1_859' title='bbox 2374 5717 2468 5770; x_wconf 69' lang='grc' dir='ltr'>καὶ</span> <span class='ocrx_word' id='word_1_860' title='bbox 2499 5716 2597 5785; x_wconf 82' lang='grc' dir='ltr'>τὴν</span> <span class='ocrx_word' id='word_1_861' title='bbox 2630 5712 2797 5781; x_wconf 83' lang='grc' dir='ltr'>ἀκοὴν</span> <span class='ocrx_word' id='word_1_862' title='bbox 2828 5707 2937 5760; x_wconf 92' lang='grc' dir='ltr'><strong>τῶν</strong></span> <span class='ocrx_word' id='word_1_863' title='bbox 2974 5699 3413 5770; x_wconf 84' lang='grc' dir='ltr'>ἐπελευσομένων</span> <span class='ocrx_word' id='word_1_864' title='bbox 3448 5696 3629 5758; x_wconf 74' lang='grc' dir='ltr'>αὐτοῖς</span> <span class='ocrx_word' id='word_1_865' title='bbox 3662 5710 3761 5748; x_wconf 66' lang='grc' dir='ltr'>και</span> 
     </span>
    </p>
   </div>
   <div class='ocr_carea' id='block_1_117' title="bbox 2204 5788 3697 5882">
    <p class='ocr_par' dir='ltr' id='par_1_117' title="bbox 2204 5788 3697 5882">
     <span class='ocr_line' id='line_1_117' title="bbox 2204 5788 3697 5882; baseline -0.017 -15"><span class='ocrx_word' id='word_1_866' title='bbox 2204 5813 2314 5867; x_wconf 90' lang='grc' dir='ltr'><strong>κῶν</strong></span> <span class='ocrx_word' id='word_1_867' title='bbox 2345 5810 2651 5882; x_wconf 76' lang='grc' dir='ltr'>βαρυτάτην</span> <span class='ocrx_word' id='word_1_868' title='bbox 2678 5801 2861 5870; x_wconf 76' lang='grc' dir='ltr'>οὖσαν,</span> <span class='ocrx_word' id='word_1_869' title='bbox 2894 5800 3082 5872; x_wconf 85' lang='grc' dir='ltr'>ἀρκεῖν</span> <span class='ocrx_word' id='word_1_870' title='bbox 3106 5798 3183 5858; x_wconf 85' lang='grc' dir='ltr'><strong>εἰς</strong></span> <span class='ocrx_word' id='word_1_871' title='bbox 3216 5790 3465 5846; x_wconf 78' lang='grc' dir='ltr'>παιδείαν</span> <span class='ocrx_word' id='word_1_872' title='bbox 3489 5788 3697 5849; x_wconf 73' lang='grc' dir='ltr'>αὐτοῖς.</span> 
     </span>
    </p>
   </div>
  </div>
