3994 6546
222 386 308 442 I69

1171 376 1713 437 COMMENTARIUS
1740 378 1805 433 IN
1844 379 2043 435 OSEIE
2074 380 2222 434 CAP.
2268 382 2395 436 VIII.

3333 368 3435 440 tvo

277 499 420 568 Στίχ.
470 502 668 564 ιγ’-ις’.
722 526 788 537 --
839 495 947 548 Kal.
976 492 1027 546 τί
1065 494 1124 546 τὸ
1175 494 1378 546 τούτων
1411 492 1583 545 αἴτιον
1614 492 1773 545 πάλιν

1948 494 2112 548 Vens.
2154 495 2344 548 15-16.
2381 508 2449 535 4
2482 494 2657 565 Atque
2696 496 2889 551 horum
2930 511 3151 551 causam
3193 513 3316 552 mox
3355 501 3437 553 di-

217 590 377 659 λέγων
394 606 407 619 ·
442 607 462 638 ι
494 587 629 641 Οὐαὶ
654 588 837 649 αὐτοῖς
868 587 948 638 ὃτι
972 584 1326 655 ἁπεπήδησαν
1350 584 1443 637 ἀπ’
1474 581 1607 652 ἐμοῦ
1627 599 1641 612 ο
1666 582 1771 635 δεί-

217 681 345 737 laici
371 680 507 731 εἰσιν
534 678 610 747 (p.
652 676 743 741 55)
778 677 859 728 ὅτι
887 674 1166 745 ἠσέϐησαν
1206 675 1286 737 είς
1331 673 1465 743 ἐμέ⁹
1500 672 1639 743 ὺπέρ
1662 672 1771 742 γὰρ

215 773 303 843 τῆς
336 772 418 833 είς
461 769 563 839 ἐμέ
608 764 950 837 παρανομίας
1003 765 1282 818 πείσονται
1329 762 1528 816 ταῦτα·
1569 762 1679 830 ἐγὼ
1714 762 1772 816 δὲ

214 861 601 932 ἐλυτρωσάμην
653 859 877 921 αὐτοὺς,
910 856 1004 910 καὶ
1044 856 1199 910 αὐτοὶ
1235 855 1607 924 κατελάλησαν
1654 856 1771 908 κατ’

213 954 341 1025 ἐμοῦ
369 952 561 1023 ψευδῆ.
618 970 636 1003 ι
675 950 785 1003 Καὶ
819 949 928 1019 γὰρ
963 949 1171 1003 ἄνωθεν
1200 946 1312 1015 ἐγὼ
1342 948 1441 1017 μὲν
1478 948 1675 1011 αὐτοὺς
1714 943 1772 1000 εὖ

211 1046 455 1108 ἐποίουν,
503 1044 655 1098 αὐτοὶ
696 1042 752 1095 δὲ
794 1041 891 1112 τὴν
936 1039 1328 1110 ἀγνωμοσύνην
1375 1039 1503 1109 περὶ
1547 1038 1646 1109 ἐμὲ
1679 1040 1775 1090 ἐπ-

210 1139 508 1193 εδείκνυντο
527 1136 625 1205 τὴν
652 1133 876 1187 οίκείαψ
898 1130 1183 1201 ἀπήλλαξα
1208 1130 1308 1201 μὲν
1327 1132 1436 1202 γὰρ
1459 1130 1651 1194 αὐτοὺς
1675 1130 1772 1201 τῆς

211 1231 315 1286 ὑπὸ
338 1228 668 1297 Αἰγυπτίους
689 1224 948 1289 δουλείας,
974 1225 1171 1276 ἐκεῖνοι
1200 1222 1259 1276 δὲ
1281 1223 1388 1277 πᾶν
1406 1223 1436 1276 ὃ
1454 1240 1508 1274 τι
1537 1220 1776 1291 βλάσφη-

213 1341 311 1395 μον
338 1322 666 1391 ἐφθέγγοντο
687 1319 767 1382 εἰς
794 1316 925 1387 ἐμέο
958 1315 1088 1368 ποτὲ
1120 1315 1218 1385 μὶν
1245 1314 1441 1385 μόσχον
1473 1313 1779 1386 ἐργαζόμε-

208 1432 284 1467 νοι
322 1414 418 1466 καὶ
444 1412 690 1480 λέγοντες
714 1426 727 1439 ·
766 1426 785 1460 ι
838 1398 998 1460 Οὗτοι
1040 1408 1089 1458 oi
1136 1404 1247 1458 θεοί
1287 1420 1405 1467 σου,
1451 1403 1685 1475 Ἰσραὴλ,
1726 1403 1775 1455 οἳ

207 1504 477 1576 ἐξήγαγον
509 1520 566 1556 σε
599 1504 664 1555 ἐκ
692 1501 787 1572 τῆς
820 1498 1096 1566 Αἰγύπτου
1118 1515 1131 1528 ⁸
1178 1517 1198 1549 ι
1236 1500 1365 1550 ποτὲ
1396 1496 1452 1549 δὲ
1486 1497 1606 1549 ἐπεὶ
1637 1495 1777 1549 ἐπά-

207 1600 335 1663 ταξε
380 1598 607 1667 πέτραν,
656 1594 752 1647 καὶ
798 1591 1076 1664 ἐρρύησαν
1120 1589 1307 1653 ὕδατα,
1351 1590 1445 1642 καὶ
1488 1587 1776 1659 χείμαρροι

205 1687 687 1754 κατεκλύσθησαν,
736 1702 754 1735 ι
814 1682 907 1753 Μὴ
950 1682 1113 1753 ἄρτον
1156 1681 1441 1751 δονήσεται
1483 1678 1701 1742 δοῦναι,
1743 1678 1775 1749 ἢ

203 1782 494 1851 ἑτοιμάσαι
543 1776 818 1851 τράπεζαν
868 1774 947 1845 τῷ
1006 1773 1118 1844 λαῷ
1166 1773 1365 1838 αύτοῦ;
1416 1802 1486 1811 --
1515 1770 1625 1826 Καὶ
1676 1771 1776 1823 οὐκ

1873 600 2004 638 cens
2024 624 2038 647 ,
2070 604 2089 635 ι
2122 583 2213 638 Va:
2238 585 2320 639 eis
2341 625 2356 649 ,
2390 586 2600 656 inquit,
2623 588 2882 655 quoniam
2907 587 3222 643 resilierunt
3250 606 3280 644 a
3312 606 3395 645 me
3420 593 3430 643 ε

1872 672 2120 729 Infelices
2163 685 2326 739 sunt,
2355 677 2482 746 quia
2528 677 2692 748 impie
2740 687 2968 747 egerunt
3004 680 3057 733 in
3091 695 3215 735 me:
3253 683 3438 752 utique

1873 774 2094 835 propter
2150 782 2278 822 suas
2336 782 2462 837 erga
2516 783 2604 823 me
2653 768 2921 833 oﬂ‘ensas,
2975 771 3088 824 haec
3140 773 3434 842 patientur.

1872 857 2138 927 Equidem
2174 874 2270 913 eos
2308 860 2643 914 redemeram
2666 901 2681 927 ,
2719 870 2773 914 at
2808 862 2913 931 ipsi
2949 863 3111 917 loculi
3145 873 3272 919 sunt
3303 880 3439 919 con-

1875 959 1959 1003 tra
1992 966 2076 1005 me
2111 952 2414 1007 mendacia.
2448 972 2466 1002 ι
2502 952 2638 1005 Olim
2670 967 2768 1021 ego
2797 955 2879 1008 eis
2913 955 3049 1009 bene
3086 955 3348 1018 feceram.
3383 967 3441 1012 at

1875 1040 1979 1109 ipsi
2016 1040 2214 1109 ingrati
2253 1041 2516 1096 adversus
2549 1057 2634 1096 me
2672 1043 3022 1097 exstiterunt.
3068 1044 3308 1100 Subduxi
3345 1063 3440 1102 eos

1876 1131 2098 1187 servitio
2136 1131 2512 1204 zEgyptiorum
2543 1176 2558 1200 ,
2598 1142 2653 1186 at
2692 1134 2795 1203 ipsi
2835 1136 3041 1189 nullum
3094 1138 3441 1209 blasphemia:

1875 1239 2048 1294 genus
2084 1225 2350 1282 adversus
2387 1241 2471 1281 me
2518 1241 2625 1280 non
2665 1225 2955 1291 dixerunt,
2994 1243 3140 1282 nunc
3179 1229 3441 1286 fabricato

1874 1316 2047 1371 vitulo
2111 1318 2504 1388 dicentesque:
2537 1337 2555 1367 ι
2589 1317 2652 1371 Ili
2715 1319 2791 1372 dii
2859 1320 2971 1382 tui,
3032 1319 3218 1385 Israel,
3259 1323 3351 1392 qui
3391 1332 3443 1377 te

1875 1407 2116 1479 Egypto
2149 1409 2455 1465 eduxerunt
2492 1409 2577 1463 ’δε
2630 1430 2647 1462 ι
2682 1426 2825 1465 nunc
2862 1420 3148 1481 postquam
3190 1412 3442 1484 (Moyses)

1876 1508 2087 1571 petram
2125 1508 2518 1570 percusserat,
2557 1509 2609 1556 et
2644 1516 2800 1569 aqua!
2836 1503 3157 1557 cliluxerant
3185 1545 3200 1569 ,
3240 1516 3293 1560 et
3332 1514 3446 1559 tor-

1877 1590 2112 1644 rentium
2152 1590 2328 1645 instar
2365 1592 2798 1660 inundaverant,
2836 1594 3013 1649 adhuc
3068 1602 3245 1651 tamen
3295 1597 3446 1652 dice-

1878 1679 2047 1733 bant:
2078 1698 2097 1731 ι
2127 1678 2266 1733 Num
2308 1679 2568 1735 Dominus
2610 1682 2740 1738 dare
2780 1698 2971 1753 panem
3014 1685 3210 1753 poterit
3236 1724 3249 1747 .
3293 1702 3443 1741 men-

1878 1785 2107 1840 samque
2136 1787 2405 1841 apparare
2438 1774 2639 1843 populo
2672 1789 2773 1829 suo
2797 1777 2844 1806 "
2869 1777 2891 1827 ?
2918 1806 2986 1814 -
3014 1774 3200 1846 Neque
3238 1777 3305 1831 ad
3358 1793 3446 1832 me

202 1874 439 1943 ἐϐόησαν
461 1872 597 1943 πρός
630 1887 697 1940 με
728 1871 782 1923 al.
810 1866 1031 1938 καρδίαι
1056 1866 1253 1920 αὐτῶν.
1280 1885 1299 1918 ι
1333 1865 1540 1919 Νεῦσαι
1559 1865 1613 1918 δέ
1642 1865 1778 1937 πρός

1881 1860 2256 1914 clamaverunt
2305 1862 2468 1916 corda
2517 1877 2724 1918 eorum.
2760 1864 2880 1918 ιΑιΙ
2914 1880 2999 1920 me
3048 1881 3177 1921 vero
3231 1868 3446 1922 sincera

206 1984 268 2037 με
327 1964 611 2033 εἰλικρινεῖ
659 1963 724 2031 τῇ
772 1958 1015 2029 διανοίᾳ,
1050 1958 1145 2011 καὶ
1175 1958 1462 2027 ἀναμεῖναι
1509 1955 1608 2026 τὴν
1643 1956 1775 2023 παρ’

201 2057 341 2128 ἐμοῦ
373 2055 606 2126 δωρεὰν,
635 2055 714 2114 είς
744 2050 868 2104 νοῦν
896 2050 996 2102 ούκ
1026 2048 1297 2102 ἐῦἀλοντο.
1334 2066 1353 2101 ι
1397 2048 1555 2102 Ἀλλὰ
1578 2048 1779 2101 ὠλόλυ-

202 2151 293 2215 ζον
329 2150 388 2202 ἐν
422 2148 540 2210 ταῖς
579 2143 785 2206 κοίταις
817 2141 1031 2194 αὐτῶν*
1073 2141 1165 2193 ἐπὶ
1206 2140 1335 2211 σίτῳ
1372 2141 1465 2193 καὶ
1489 2141 1616 2209 οίνῳ
1649 2158 1780 2194 κατ-

200 2236 517 2306 ετέμνοντο.
547 2252 565 2286 ι
597 2230 914 2286 Τούναντίον
945 2230 1042 2301 μὲν
1062 2225 1154 2282 οὖν
1184 2231 1279 2283 καὶ
1310 2232 1390 2295 είς
1421 2230 1520 2300 τὴν
1547 2230 1650 2301 γῆν
1680 2230 1779 2300 τῆς

202 2324 543 2394 ἐπαγγελίας
581 2320 1017 2393 εἰσεληλυθότες,
1056 2320 1150 2374 καὶ
1193 2321 1294 2391 τῆς
1335 2323 1467 2391 παρ’
1515 2320 1650 2391 ἐμοῦ
1697 2320 1782 2373 δο-

199 2419 388 2488 θείσης
424 2417 608 2479 αὐτοῖς
644 2413 1003 2477 ἀναπαύσεως
1035 2414 1395 2484 τετυχηκότες
1427 2413 1636 2483 (κοίτην
1672 2412 1781 2482 γὰρ

202 2508 386 2563 αὐτῶν
431 2507 592 2561 τοῦτο
625 2506 826 2575 καλεῖ),
860 2504 1063 2577 μηδένα
1096 2504 1250 2573 λόγον
1286 2504 1419 2575 ἐμοῦ
1446 2502 1778 2574 ποιούμενοι,

201 2620 268 2655 πε
277 2603 334 2672 ρί
361 2603 465 2671 τὴν
491 2600 598 2653 τῶν
622 2598 888 2669 δαιμόνων
918 2597 1242 2668 ἠσχολοῦντο
1267 2596 1584 2667 θεραπείαν,
1607 2595 1785 2651 ὀλολύ-

203 2695 392 2759 ζοντες
424 2711 483 2746 τε
523 2693 617 2745 καὶ
645 2691 1108 2761 κατατεμνόμενοι
1138 2688 1279 2742 κατὰ
1309 2688 1368 2741 τὸ
1398 2690 1528 2759 παρ’
1557 2688 1784 2751 ἐκείνοις

201 2786 518 2855 εἰθισμένον
539 2800 552 2813 ’
584 2784 728 2854 ᾰπερ
756 2777 848 2835 οὖν
881 2781 1149 2851 ἐπλήρουν
1169 2819 1186 2844 ,
1230 2780 1413 2843 αὐτοῖς
1447 2778 1783 2849 λογιζόμενοι

201 2875 311 2926 τῶν
347 2872 654 2942 δεδομένων
684 2871 865 2933 αὐτοῖς
899 2868 1117 2938 ἀγαθῶν
1150 2870 1280 2939 παρ’
1314 2867 1448 2938 ἐμοῦ
1486 2868 1585 2938 τὴν
1616 2885 1781 2939 χορη-

200 2968 351 3035 γίαν.
414 2985 434 3017 ι
485 2962 911 3034 Ἐπαιδεύθησαν
942 2962 999 3014 ἐν
1033 2960 1176 3031 ἐμοί.
1216 2981 1234 3012 ι
1274 2960 1349 3029 (p.
1385 2958 1475 3028 56)
1517 2959 1687 3030 ’Υπὲρ
1718 2959 1783 3028 δὴ

200 3060 416 3111 τούτων
451 3048 528 3109 ὧν
560 3059 638 3118 είς
680 3054 780 3125 ἐμὲ
824 3052 1173 3125 παρηνόμουν
1215 3051 1453 3115 δέξονται
1485 3054 1614 3123 παρ’
1647 3049 1782 3121 ἐμοῦ

199 3153 301 3220 τὴν
335 3151 724 3220 προσήκουσαν
756 3146 1003 3199 παιδείαν
1031 3144 1297 3215 αὐτάρκη.
1329 3142 1580 3196 Διδάσκει
1607 3142 1664 3194 δὲ
1689 3142 1784 3194 αύ-

196 3245 331 3305 τοίις
373 3241 455 3303 ὡς
486 3239 830 3310 παρηνὸμουν
863 3235 1083 3289 τοιαῦτα
1115 3234 1415 3297 ποιοῦντες.
1468 3252 1485 3285 ι
1541 3232 1651 3286 Kal.
1673 3230 1784 3299 ἐγὼ

198 3334 519 3403 κατίσχυσα
553 3333 678 3395 τοὺς
726 3329 1015 3401 βραχίονας
1044 3326 1223 3381 αὐτῶν
1242 3366 1257 3392 ,
1289 3325 1384 3380 καὶ
1416 3326 1495 3388 είς
1532 3324 1632 3393 ἐμὲ
1664 3323 1782 3377 ἐλοο

196 3427 441 3479 γίσαντο
474 3423 707 3494 πονηρά.
747 3444 766 3471 ι
800 3419 911 3474 Καὶ
941 3420 1023 3472 ὅτι
1048 3418 1077 3469 ὁ
1124 3418 1221 3488 μὲν
1247 3416 1347 3487 τὴν
1382 3415 1535 3486 ἰσχὺν
1568 3414 1783 3468 ἃπασαν

197 3521 399 3581 αὐτοῖς
446 3516 697 3587 παρέχων
734 3512 875 3566 κατὰ
914 3512 1020 3565 τῶν
1053 3509 1324 3579 πολεμίων
1367 3508 1516 3578 ήμην
1553 3503 1665 3573 ἐγώ
1687 3522 1701 3536 ·
1733 3506 1781 3557 οἱ

190 3614 252 3666 δὲ
291 3613 412 3664 πᾶν
447 3611 476 3662 ὃ
512 3626 564 3662 τι
605 3607 803 3662 ἄτοτιον
846 3604 943 3658 καὶ
974 3602 1230 3666 ἀσεϐείας
1278 3600 1472 3671 μεστὸν
1515 3597 1783 3669 μετῄεσαν

194 3700 542 3762 ἀσεϐοῦντες
574 3699 655 3761 είς
684 3696 805 3767 ἐμέ.
860 3713 880 3747 ι
931 3692 1381 3762 Ἐπεστράφησαν
1413 3688 1495 3750 είς
1538 3686 1714 3739 οὐθέν.
1757 3702 1776 3735 ι

192 3789 704 3859 Μεταόαλομένους
738 3787 846 3858 γὰρ
877 3785 1070 3847 αὐτοὺς
1100 3782 1187 3836 διὰ
1219 3781 1316 3850 τῆς
1349 3779 1516 3851 ὀργῆς
1551 3776 1643 3831 καὶ
1686 3777 1785 3847 τῆς

190 3883 486 3955 τιμωρίας
518 3881 618 3950 τῆς
651 3879 791 3950 ἐμῆς
827 3878 1002 3944 ἔδειξα
1027 3875 1185 3938 δντας
1228 3872 1288 3926 τὸ
1323 3871 1512 3943 μηθέν.
1559 3888 1576 3921 ι
1629 3868 1786 3938 Ἐγέο

189 3993 361 4031 νοντο
394 3976 477 4037 εἰς
504 3972 658 4038 τόξον
687 3970 747 4023 ού
779 3968 1092 4039 τεταμένον.
1131 3984 1149 4016 ι
1186 3965 1348 4017 Ὥστε
1392 3961 1556 4033 μηδὲν
1589 3959 1788 4021 αὐτοὺς

187 4068 555 4123 διαλλάττειν
580 4064 734 4130 τόξου
754 4063 854 4115 οὐκ
903 4057 1267 4129 ἐντεταμένην
1307 4055 1521 4127 ἔχοντος
1543 4054 1641 4125 τὴν
1668 4069 1788 4107 νευ-

190 4163 337 4233 ρὰν,
375 4161 519 4229 ὅπερ
558 4154 831 4223 ἀνωφελές
856 4155 973 4207 ἐστι
1003 4150 1081 4222 τῷ
1113 4147 1460 4219 πολεμοῦντι,
1504 4144 1696 4216 μέχρις
1722 4142 1789 4197 ἂν

185 4251 294 4303 ἐπὶ
324 4247 531 4301 τούτου
556 4244 650 4298 τοῦ
684 4244 959 4314 σχήματος
1034 4258 1047 4271 ⁸
1076 4237 1250 4302 οὕτως
1278 4236 1492 4289 ἔσονται
1520 4234 1788 4305 ἄπρακτοι

182 4343 353 4397 κατὰ
386 4342 499 4394 τῶν
531 4337 802 4408 πολεμίων
829 4334 922 4389 καὶ
951 4332 1215 4395 ἀσθενεῖς⁶
1235 4329 1393 4385 τοῦτο
1416 4323 1509 4381 οῦν
1532 4327 1679 4395 λέγει
1705 4325 1788 4387 τὸ,

190 4455 211 4487 ι
238 4429 696 4499 Ἐπαιδεύθησαν
738 4428 795 4479 ἐν
828 4425 972 4495 ἐμοὶ,
994 4440 1014 4474 ι
1036 4423 1123 4476 ἴνα
1159 4421 1309 4492 εῐπῃ,
1338 4420 1421 4474 ὅτι
1454 4417 1568 4487 Οὐχ
1599 4414 1791 4487 ὁμολο-

1880 1959 2061 2007 mente
2089 1952 2391 2015 declinare,
2421 1961 2474 2009 et
2495 1955 2810 2009 donativum
2833 1966 3179 2027 exspectare,
3213 1975 3319 2014 non
3352 1975 3445 2015 co-

1880 2044 2142 2112 gitarunt.
2179 2063 2196 2095 ι
2227 2044 2332 2101 Sed
2363 2048 2645 2101 ululabant
2684 2050 2737 2102 in
2776 2050 3052 2104 cubilibus
3087 2052 3202 2107 suis
3232 2071 3244 2104 :
3282 2068 3449 2122 super

1880 2134 2064 2188 tritico
2088 2145 2137 2189 et
2166 2137 2290 2192 vino
2321 2138 2665 2193 secabantur.
2696 2159 2714 2190 ι
2740 2139 2939 2195 Contra
2969 2158 3133 2210 vero,
3162 2160 3229 2199 ne
3258 2153 3446 2213 postea

1879 2226 2098 2295 quidem
2146 2243 2310 2298 quam
2360 2230 2414 2284 in
2461 2231 2785 2300 promissam
2832 2242 3032 2288 terram
3076 2237 3445 2299 devenerant,

1880 2314 2007 2369 data
2046 2329 2077 2369 a
2121 2332 2207 2371 me
2249 2317 2386 2388 ipsis
2430 2320 2624 2389 requie
2666 2320 2864 2390 potiti,
2901 2322 3044 2377 hanc.
3080 2324 3226 2378 enim
3267 2324 3449 2379 cubile

1880 2420 2067 2460 eorum
2109 2416 2419 2475 nuncupat,
2456 2408 2589 2463 nihil
2623 2409 2691 2465 de
2723 2426 2810 2465 me
2837 2411 3055 2468 solliciti
3079 2451 3095 2476 ,
3139 2413 3446 2468 daemonum

1882 2500 2255 2570 superstitioni
2286 2502 2590 2567 vacabant,
2628 2504 2903 2561 ululantes
2937 2515 3217 2577 semelque
3251 2522 3447 2562 secan-

1881 2600 1999 2659 tes,
2048 2608 2146 2662 pro
2194 2609 2346 2651 more
2390 2596 2503 2651 illic
2530 2608 2797 2654 consueto
2826 2618 2839 2654 :
2874 2615 2994 2668 qua:
3024 2601 3153 2655 dum
3190 2610 3448 2671 agerent,

1884 2694 2107 2755 accepta
2137 2685 2386 2742 ferebant
2415 2687 2754 2745 dazmonibus
2784 2690 2924 2746 bona
2954 2692 3043 2746 illa
3068 2708 3188 2761 quae
3215 2708 3315 2764 ego
3343 2693 3450 2745 lar-

1883 2775 2028 2843 gitus
2057 2775 2290 2831 fueram.
2324 2797 2342 2829 ι
2370 2777 2582 2833 Eruditi
2614 2779 2836 2835 fuerunt
2869 2797 2898 2834 a
2931 2798 3034 2836 me.
3061 2782 3180 2837 »01)
3213 2782 3327 2836 hzec
3355 2797 3453 2834 au-

1883 2874 1990 2920 tem
2019 2882 2140 2936 qua:
2164 2868 2354 2924 contra
2396 2886 2482 2925 me
2522 2881 2915 2940 peccaverunt,
2962 2889 3259 2943 congruam
3303 2873 3448 2928 suﬂi-

1884 2957 2228 3028 cientemque
2250 2974 2335 3013 me
2361 2968 2585 3016 auctore
2608 2963 3017 3032 castigationem
3048 2966 3451 3021 nanciscentur.

1884 3046 2059 3102 Porro
2088 3049 2166 3104 eis
2193 3050 2569 3117 demonstrat,
2605 3053 2749 3122 quod
2783 3054 2856 3107 ita
2886 3070 2944 3109 se
2975 3064 3228 3125 gerentes
3261 3071 3453 3126 pecca-

1884 3141 2082 3194 verint.
2110 3159 2130 3192 ‹
2160 3143 2275 3213 Ego
2306 3143 2692 3199 roboraveram
2725 3147 2948 3201 brachia
2978 3162 3167 3202 eorum
3188 3188 3203 3211 ,
3249 3157 3305 3202 at
3349 3148 3454 3219 ipsi

1833 3207 1852 3261 ἶ
1888 3229 1943 3283 ὶιι
1972 3246 2058 3285 me
2080 3235 2458 3302 cogitaverunt
2485 3236 2768 3290 malitiam.
2798 3256 2817 3288 ι
2841 3235 2953 3308 Ego
2977 3238 3257 3292 enimvero
3286 3238 3458 3293 robur

1888 3335 2050 3375 omne
2080 3320 2148 3377 iis
2199 3322 2462 3380 adversus
2491 3325 2678 3380 hostes
2709 3326 3035 3392 indideram,
3072 3335 3129 3381 at
3164 3329 3264 3399 ipsi
3302 3337 3458 3400 turpe

1886 3413 2165 3481 quodlibet
2192 3415 2299 3486 37
2329 3402 2383 3471 et
2408 3417 2686 3487 impietate
2716 3427 2934 3475 scatens
2958 3435 3082 3475 cum
3107 3420 3314 3477 oﬂensa
3340 3436 3457 3476 mea

1888 3514 2261 3573 patraverunt.
2293 3526 2313 3558 ι
2341 3507 2604 3565 Conversi
2639 3517 2768 3564 sunt
2801 3510 2855 3564 in
2890 3510 3140 3567 nihilum.
3170 3531 3188 3564 ι
3219 3514 3460 3568 Conver-

1889 3612 1979 3653 sos
2009 3599 2131 3654 illos
2150 3638 2165 3661 ,
2198 3601 2268 3655 ob
2297 3601 2433 3654 iram
2464 3617 2639 3657 meam
2671 3616 2994 3674 poenamque
3038 3620 3068 3658 a
3115 3621 3202 3660 me
3233 3606 3458 3676 imposi-

1890 3698 1999 3743 tam
2023 3729 2039 3754 ,
2084 3691 2218 3746 nihil
2260 3707 2381 3749 esse
2414 3694 2653 3749 ostendi.
2685 3713 2702 3745 ι
2728 3694 2881 3749 Facti
2921 3704 3051 3752 sunt
3090 3699 3249 3767 quasi
3293 3713 3461 3755 arcus

1892 3780 2118 3841 minime
2165 3783 2427 3839 intentus.
2459 3803 2478 3835 ι
2508 3786 2585 3839 Ita
2634 3792 2695 3839 ut
2739 3787 2875 3840 nihil
2921 3785 3178 3843 diﬂ’erant
3217 3790 3286 3844 ab
3328 3805 3459 3845 arcu

1890 3870 2157 3927 intentum
2207 3888 2433 3928 nervum
2472 3890 2581 3929 non
2616 3875 2887 3945 habente;
2937 3879 3032 3948 qui
3087 3894 3218 3934 sane
3252 3880 3461 3936 inutilis

1894 3959 2143 4016 bellatori
2168 3970 2286 4027 est,
2315 3965 2556 4030 quandiu
2581 3965 2684 4021 hac
2706 3968 3015 4023 conditione
3041 3980 3145 4024 est.
3180 3970 3271 4025 Sic
3301 3980 3463 4026 erunt

1893 4049 2095 4106 inertes
2125 4051 2389 4109 adversus
2418 4055 2605 4112 hostes
2631 4064 2795 4127 atque
2820 4058 3096 4114 imbecilli.
3133 4058 3248 4115 Hoc
3276 4061 3463 4132 itaque

1892 4144 2204 4213 signiﬁcant
2227 4146 2389 4201 verba
2413 4186 2428 4211 ,
2459 4166 2477 4199 ι
2502 4147 2716 4204 Eruditi
2744 4160 2873 4205 sunt
2898 4165 2929 4204 a
2956 4166 3082 4219 me;
3112 4170 3131 4203 ι
3152 4168 3342 4224 nempe
3364 4170 3463 4211 eos

1892 4248 2004 4301 non
2029 4236 2350 4292 conﬁtentes
2382 4238 2648 4293 bonorum
2681 4254 2711 4293 a
2741 4255 2826 4295 me
2854 4250 3131 4311 acceptam
3161 4244 3466 4313 possessio-

1892 4340 2053 4391 nem,
2096 4326 2206 4382 imo
2252 4328 2306 4382 in
2348 4329 2505 4399 pejus
2554 4346 2885 4399 conversos,
2930 4332 3176 4389 debitum
3227 4335 3462 4391 ollicium

1894 4417 2058 4473 docui
2085 4461 2101 4486 ,
2133 4420 2478 4491 perspicuam
2510 4422 2819 4492 iniquitatis
2848 4440 2963 4480 sua:
2994 4425 3201 4483 faciens
3236 4427 3343 4483 illis
3372 4429 3465 4483 de-

176 4527 454 4597 γοῦντας
484 4516 560 4577 ὧν
593 4518 783 4573 ἔλαϐον
810 4519 942 4588 παρ’
974 4513 1109 4586 ἐμοῦ
1139 4512 1236 4584 τὴν
1261 4511 1560 4606 ἀπόλαυσιν
1603 4510 1668 4579 τῇ
1700 4506 1780 4606 én-l

1899 4511 2370 4567 monstrationem.
2406 4530 2425 4563 ι
2453 4511 2665 4568 Cadent
2716 4514 2992 4584 principes
3037 4530 3227 4571 eorum
3282 4516 3466 4586 gladio

176 4621 250 4674 τὺ
280 4621 489 4690 χεῖρον
515 4610 808 4685 μεταϐολῇ,
828 4609 890 4662 τὸ
920 4608 1037 4662 δέον
1065 4606 1264 4668 αὐτοὺς
1295 4602 1610 4667 ἐπαίδευσα,
1643 4598 1780 4667 σαφῑ

1897 4608 2120 4669 prapter
2150 4600 2475 4672 imperitiam
2504 4604 2703 4674 lingua:
2732 4620 2863 4660 suae.
2893 4623 2913 4657 ι
2941 4604 3005 4659 Hi
3050 4621 3181 4677 ergo
3216 4606 3465 4662 inﬁrma-

175 4712 297 4783 τῆς
336 4705 701 4778 παρανομίας
732 4700 911 4757 αὐτῶν
933 4697 1305 4771 παρεχόμενος
1329 4694 1511 4755 αὐτοῖς
1540 4692 1639 4763 τὴν
1661 4690 1780 4783 ἀπό⁴

1893 4691 2140 4748 buntur:
2190 4694 2377 4751 hostes
2419 4707 2600 4753 autem
2630 4705 2740 4752 tam
2772 4699 2968 4754 validis
3007 4709 3168 4755 erunt
3217 4700 3463 4766 viribus,

173 4781 405 4867 δειξιν.
452 4815 470 4848 ι
519 4793 815 4849 Πεσοῦνται
844 4791 892 4844 οἱ
929 4790 1187 4861 ἄρχοντες
1228 4784 1405 4839 αύτῶν
1435 4785 1493 4836 ἐν
1527 4781 1794 4855 ῥομφαίᾳ,

168 4895 252 4949 δι’
302 4888 685 4947 ἀπαιδευσίαν
741 4883 992 4953 γλώσσης
1042 4878 1240 4934 αὐτῶν.
1294 4896 1313 4928 ι
1354 4870 1512 4929 Οὗτοι
1560 4873 1659 4944 μὲν
1703 4868 1780 4925 οῦι

1893 4874 2216 4942 terfecturi;
2273 4890 2558 4950 propterea
2610 4882 2759 4953 quod
2813 4883 3010 4938 inscite
3064 4882 3330 4938 adversus
3379 4898 3466 4939 me

168 4984 648 5055 ἁσθενήσουσιν’
678 4978 729 5031 οί
756 4975 1001 5045 πολέμιοι
1038 4972 1095 5025 δὲ
1131 4968 1398 5038 τοσαύτην
1441 4966 1621 5032 ἐξουσι
1676 4969 1780 5017 κατ

1893 4966 2058 5020 verba
2090 4965 2423 5024 eﬂutiebant.

164 5078 395 5135 αὐτῶν
435 5073 530 5145 τὴν
570 5071 742 5140 ἰσχὺν,
776 5067 871 5138 (p.
904 5065 994 5134 57)
1026 5062 1166 5116 ὥστε
1213 5060 1462 5121 καὶτοὺς
1498 5058 1762 5128 ἄρχοντας
1796 5057 1975 5111 αὐτῶν
2010 5059 2107 5111 σὺν
2151 5062 2264 5123 τοῖς
2303 5061 2509 5125 λοιποῖς
2547 5063 2775 5125 ἀνελεῖν,
2829 5064 2967 5134 ὑπὲρ
3008 5060 3083 5117 ὧν
3128 5065 3467 5129 ἀπαιδεύτως

163 5171 554 5243 ἐφθέγγοντο
586 5162 707 5217 κατ’
738 5157 893 5230 ἐμοῦ.

868 5262 1025 5317 ΚΕΦ.
1070 5262 1151 5314 Η’.

1894 4784 2153 4838 utetiam
2197 4785 2411 4841 illorum
2453 4787 2729 4860 principes
2768 4806 2894 4845 cum
2949 4789 3174 4860 reliquis
3216 4791 3329 4846 sint
3379 4790 3468 4845 in-

2516 5253 2668 5309 CAP.
2710 5253 2847 5309 VIII.

246 5364 446 5434 Στίχ.
476 5358 623 5428 α’-γῇ
670 5372 749 5396 -κ
782 5374 802 5407 ‹
840 5346 1007 5418 Οὗτος
1029 5353 1059 5405 ὁ
1086 5349 1389 5420 φαυλισμδς
1427 5346 1609 5400 αὐτῶν
1636 5346 1693 5398 ἐν
1723 5347 1780 5415 ﬁ

1967 5342 2135 5398 Vens.
2170 5344 2283 5398 1-5.
2316 5373 2385 5383 -
2436 5361 2455 5395 ι
2496 5343 2620 5399 Ilaec
2660 5356 2746 5400 est
2794 5344 3151 5401 subsannatio
3188 5359 3375 5400 eorum
3412 5347 3466 5400 in

156 5458 498 5529 Αἰγύπτου
534 5451 628 5505 ἐπὶ
676 5448 944 5542 φάρυγγι-
971 5443 1176 5498 αύτῶνο
1211 5442 1287 5506 ὡς
1330 5439 1417 5542 γῇ-
1451 5437 1674 5542 αὸατρς,

1896 5442 2041 5489 terra
2072 5433 2292 5506 Egypti
2325 5436 2380 5489 in
2413 5443 2634 5505 gutture
2661 5451 2873 5500 eorum,
2911 5445 2969 5491 ut
3009 5444 3153 5492 terra
3200 5436 3366 5501 invia,
3410 5445 3470 5491 ut

160 5527 483 5615 σάλπιγξ,
508 5543 583 5608 ὡς
602 5540 762 5604 ἀετὸς
787 5540 873 5593 ἐπ’
893 5532 1040 5592 οἷκον
1060 5534 1291 5607 Κυρίου.
1322 5552 1342 5586 ι
1374 5530 1559 5585 Ταῦτα
1584 5528 1649 5600 δὴ
1677 5528 1780 5581 πείι

1897 5528 2049 5590 tuba,
2085 5535 2145 5582 ut
2176 5528 2356 5598 aquila
2393 5542 2557 5598 super
2590 5527 2813 5582 domum
2844 5528 3081 5584 Domini.
3126 5548 3145 5581 ι
3177 5527 3303 5585 Ilaec
3335 5545 3469 5585 sane

158 5658 397 5699 σονται
443 5634 818 5708 μιμησάμενοι
864 5628 974 5684 τῶν
1025 5628 1276 5699 πατέρων
1314 5624 1495 5680 αὐτῶν
1525 5624 1625 5695 τὴν
1662 5618 1776 5692 γνώ

1904 5620 2198 5689 patientur,
2242 5620 2370 5674 dum
2403 5630 2690 5690 parentum
2732 5636 2956 5676 suorum
3005 5622 3292 5677 imitantur
3338 5637 3466 5678 sen-

158 5752 294 5808 μην
320 5772 345 5799 ,
380 5728 456 5783 οἳ
486 5725 632 5782 κατὰ
653 5724 753 5796 τὴν
782 5721 1055 5792 Αἴγυπτον
1081 5716 1427 5788 ἐξεφαύλιζον
1453 5715 1552 5780 τὰς
1583 5716 1663 5779 είς
1692 5715 1780 5769 alia

1904 5712 2152 5782 tentiam,
2188 5712 2280 5784 qui
2337 5712 2393 5768 in
2418 5710 2655 5789 Egypto
2701 5715 2937 5771 teruncii
2983 5714 3327 5772 aestimabant
3374 5730 3472 5771 ac-

234 5895 296 5928 “
318 5882 533 5952 Exod.
576 5896 752 5946 xxx",
782 5879 834 5933 4.
914 5876 957 5909 ’⁸
986 5874 1130 5931 Psal.
1172 5888 1377 5937 Lxxvu,
1408 5871 1474 5926 I9
3207 5955 3239 5970 η

510 5976 784 6035 Ρηιιοι.
820 5973 937 6035 Gn.
972 5971 1190 6033 LXVI.

3203 5957 3241 6012 6
