3994 6518
531 361 627 416 ΠΙ

528 486 684 548 cepta
722 493 753 529 a
811 475 919 530 Deo
960 473 1220 528 beneficia
1269 487 1284 525 :

525 579 710 632 erunt,
761 566 1060 622 desertioni
1109 566 1439 620 omuimoda:
1488 566 1696 630 traditi,
1733 567 1786 619 in
1821 583 1928 636 qua
1973 582 2108 620 con-

526 661 822 715 stituentur
881 658 1010 712 dum
1069 658 1198 711 tuba
1259 659 1453 747 bellica
1501 659 1744 714 clamose
1793 673 1958 726 super
2009 673 2107 712 eos

521 752 749 823 elangit,
781 761 834 805 et
876 749 1249 804 imminentem
1281 750 1521 805 hostium
1547 750 1828 805 incursum
1869 749 2105 816 nuntiat,

521 844 614 914 qui
643 841 862 912 quidem
896 857 1062 912 quam
1114 841 1384 897 citissime
1429 841 1681 906 aderunt,
1717 857 1868 895 more
1912 841 2106 910 aquila:

523 935 715 1004 prada:
747 948 861 989 suae
907 934 1087 989 subito
1122 934 1438 988 involantis.
1486 932 1578 988 Sic
1614 935 1803 1004 utique
1831 939 1885 986 et
1920 931 2107 987 hostes

523 1027 830 1092 advenient,
863 1026 955 1096 qui
991 1026 1248 1096 populum
1298 1026 1602 1091 destruent,
1649 1034 1704 1080 et
1740 1023 1835 1079 Dei
1881 1024 2102 1079 donuun

523 1119 958 1173 inﬂatumabuut.
1004 1117 1117 1173 Hoc
1161 1127 1343 1175 autem
1384 1118 1615 1183 addidit,
1667 1119 1739 1172 ob
1782 1117 1876 1172 ira:
1912 1126 2102 1172 osten-

522 1210 758 1265 dendatn
814 1210 1268 1280 magnitudinem,
1322 1211 1466 1280 quod
1520 1225 1714 1280 nempe
1765 1225 1832 1264 ne
1875 1208 2107 1278 promite

522 1302 740 1372 quidem
774 1300 958 1355 domui
991 1308 1198 1371 parcet,
1224 1300 1325 1354 sed
1358 1298 1573 1354 excidio
1617 1315 1735 1355 eam
1784 1307 1978 1369 praeter
2019 1315 2104 1352 re-

526 1397 676 1466 liqua
721 1394 974 1449 hostibus
1013 1392 1224 1448 tradet.
1275 1393 1387 1462 38
1421 1391 1621 1446 Deinde
1645 1407 1745 1445 cur
1779 1393 1896 1446 haec
1941 1406 2104 1446 even-

524 1498 646 1540 tura
679 1485 791 1539 sint
823 1485 1112 1540 declarans
1145 1502 1159 1539 :
1198 1502 1218 1536 t
1253 1484 1394 1550 Quia
1443 1483 1775 1552 transgressi
1825 1490 1974 1546 sunt,
2027 1482 2106 1534 in-

521 1579 661 1647 quit,
698 1576 877 1632 ftedus
912 1592 1115 1638 meum,
1152 1581 1206 1629 et
1238 1586 1428 1629 contra
1463 1574 1632 1644 legem
1671 1589 1842 1627 meam
1873 1573 2105 1628 sceleste

521 1673 822 1736 egerunt“:
853 1663 1065 1718 Etenim
1107 1663 1406 1718 absurdum
1443 1663 1769 1727 existimavi,
1815 1671 2100 1734 postquam

523 1759 577 1810 hi
626 1767 843 1826 pactum
891 1772 1071 1810 meum
1103 1755 1462 1816 violaverant,
1509 1763 1564 1809 et
1615 1755 1764 1808 omni
1821 1756 2099 1823 impietate

522 1850 786 1905 adversus
817 1850 988 1919 legem
1026 1863 1202 1904 meam
1248 1847 1585 1918 prwvaricati
1622 1845 1858 1910 fuerant,
1896 1845 2098 1916 templo

524 1959 770 2014 parcere,
803 1941 948 2013 quod
991 1941 1078 1997 isti
1107 1957 1299 2012 gressu
1341 1956 1443 1994 suo
1488 1939 1904 2009 inquinaverant
1939 1949 2100 2008 atque

522 2037 850 2107 polluerant.
889 2054 908 2086 ι
946 2036 1027 2089 Ad
1057 2050 1146 2088 me
1166 2033 1480 2088 c!amabunt
1509 2051 1521 2085 :
1549 2031 1713 2093 Deus,
1741 2031 2100 2100 cognovimus

523 2137 594 2183 te.
630 2148 648 2179 ι
687 2125 845 2180 Tunc
874 2125 1039 2178 rebus
1072 2123 1226 2193 ipsis,
1257 2130 1311 2176 ct
1353 2119 1605 2190 imposita
1638 2135 1667 2173 a
1703 2135 1788 2174 me
1825 2119 1908 2172 his
1938 2133 2096 2187 pmna

519 2213 786 2276 convicti,
815 2212 1109 2284 potentiam
1146 2225 1321 2264 meam
1357 2210 1675 2264 fatebuntur
1699 2210 1877 2264 inviti.
1911 2229 1928 2260 ι
1959 2207 2096 2274 Quia

522 2306 686 2362 Israel
743 2311 1027 2359 aversatus
1092 2309 1175 2356 est
1247 2301 1412 2364 bona,
1471 2300 1752 2354 inimicum
1816 2300 2096 2369 persecuti

518 2401 672 2446 sunt.
717 2413 735 2444 ι
780 2391 969 2446 Merito
1016 2391 1129 2445 hmc
1186 2390 1481 2460 patientur,
1530 2391 1622 2460 qui
1661 2390 1894 2444 conlatis
1939 2405 1968 2442 a
2014 2405 2098 2444 me

511 2486 804 2540 «beneficiis
841 2485 1038 2555 ingrati
1095 2483 1336 2538 fuerunt.
1368 2485 1533 2553 Atqui
1583 2498 1649 2538 eo
1696 2491 1957 2552 tempore,
1989 2497 2096 2551 quo

520 2596 620 2648 ego
675 2578 782 2632 illis
831 2592 988 2648 opem
1019 2575 1156 2644 .tuli,
1190 2576 1348 2632 facile
1393 2574 1684 2630 admodum
1737 2575 1922 2632 hostes
1966 2588 2096 2628 sues

511 2679 872 2741 superarunt.

585 2951 754 3006 Vens.
790 2950 910 3006 4-6.
942 2978 1013 2994 --
1047 2969 1065 3001 ι
1123 2950 1488 3020 Sibimctipsis
1539 2956 1929 3018 regnaverunt,
1983 2964 2091 3003 non

1710 359 2062 414 THEODORI
2110 358 2591 414 MUPSUES'IENI

1338 489 1463 528 nam
1520 475 1654 530 locis
1707 475 1870 531 inviis
1900 476 2097 531 similes

2209 477 2332 537 τοὺς
2370 475 2740 544 γεγενημένας
2792 475 2941 544 παρὰ
2992 474 3086 526 τοῦ
3139 474 3274 528 Θεοῦ
3319 475 3565 546 δωρεάςο
3595 479 3772 554 ἀϐάτῳ

3681 358 3774 412 1ἲῖ

2209 567 2317 636 γάρ
2349 566 2558 618 ἔσονται
2601 565 2994 634 παραπλήσιοι,
3026 569 3092 636 τῇ
3139 567 3345 638 ἐρημίᾳ
3389 569 3775 639 παραδοθέντες

2210 657 2496 717 παντελεῖ,
2547 659 2627 718 είς
2681 656 2748 726 ἢν
2810 658 3279 726 καταστήσονται,
3334 660 3432 729 τῆς
3484 661 3775 731 πολεμικῆς

2211 747 2510 814 σάλπιγγος
2542 747 2628 799 ἐπ’
2659 747 2855 810 αὐτοὺς
2892 748 3130 819 ήχούσης
3183 748 3357 818 μέγα,
3403 752 3496 803 καὶ
3533 752 3630 821 τήν
3672 753 3774 805 τῶν

2209 841 2481 910 πολεμίων
2527 840 2712 908 ἔφοδον
2759 841 3056 910 μέλλουσαν
3101 841 3505 913 γνωριζούσης,
3557 844 3590 914 ἦ
3642 846 3774 913 μετὰ

2207 932 2404 1003 πολλῆς
2456 933 2638 995 αὐτοῖς
2708 931 3066 986 ἐπελεύσεται
3133 933 3230 1003 τῆς
3286 933 3563 1004 ὀξύτητος,
3621 937 3772 1005 δίκην

2204 1025 2362 1078 ἀετοῦ
2408 1025 2604 1095 ἀθρόον
2653 1025 3010 1094 ἐφισταμένου
3062 1027 3174 1088 τοῖς
3221 1025 3594 1097 θηρωμένοιςο
3635 1027 3773 1081 οὕτω

2205 1117 2313 1188 γὰρ
2349 1116 2413 1186 δὴ
2457 1117 2553 1170 καὶ
2595 1107 2655 1169 οί
2702 1115 2947 1186 πολέμιοι
2999 1115 3399 1181 ἐπελεύσονται,
3451 1118 3672 1182 τούτους
3717 1138 3770 1174 τε

2204 1207 2577 1278 ἀφανίζοντες,
2607 1208 2698 1260 καὶ
2725 1205 2816 1260 τὸν
2848 1203 2996 1260 οἷκον
3038 1208 3440 1279 πυρπολοῦντες
3469 1209 3560 1262 τὸν
3599 1211 3769 1264 θεῖον·

2203 1299 2360 1351 τοῦτο
2403 1298 2459 1351 δὲ
2498 1297 2883 1368 προστέθεικεν
2931 1299 3011 1361 είς
3062 1297 3334 1363 ἀπόδειξιν
3371 1299 3464 1352 τοῦ
3512 1301 3772 1369 μεγέθους

2204 1389 2302 1458 τῆς
2343 1389 2532 1460 ὀργῆς,
2579 1390 2659 1442 ὅτι
2694 1389 2827 1460 μηδὲ
2853 1389 2947 1443 τοῦ
2973 1389 3123 1442 οἴκου
3159 1391 3400 1459 φείδεται
3433 1391 3524 1445 τοῦ
3548 1393 3769 1455 οἰκείου,

2203 1479 2442 1544 ἐκδιδοὺς
2477 1479 2639 1532 αὐτὸν
2673 1481 2750 1542 εἰς
2781 1480 3086 1551 ἀφανισμὸν
3115 1481 3254 1551 μετά
3287 1482 3398 1534 τῶν
3429 1482 3632 1536 λοιπῶν
3665 1488 3773 1549 τοῖς

2206 1571 2503 1640 πολεμίοις’
2529 1566 2645 1624 εἶτα
2669 1571 2762 1624 καὶ
2785 1572 2900 1625 ἀνθ’
2925 1575 3048 1626 ὅτου
3070 1574 3242 1628 ταῦτα
3266 1577 3552 1646 γενήσεται
3575 1577 3772 1646 δηλῶν

2209 1683 2228 1713 ι
2295 1663 2432 1716 ’AvO'
2463 1657 2538 1718 ὧν
2573 1665 2892 1736 παρέϐησαν
2917 1667 3016 1735 τήν
3049 1667 3311 1738 διαθήκην
3347 1685 3470 1738 μου,
3514 1669 3606 1722 καὶ
3637 1671 3772 1722 κατά

2200 1755 2295 1807 τοῦ
2340 1757 2502 1826 νόμου
2543 1757 2844 1828 ἠσέϐησαν.
2893 1777 2911 1809 ι
2963 1758 3112 1811 Ἐπεὶ
3161 1761 3254 1811 καὶ
3300 1758 3496 1813 ἄτοπον
3525 1759 3773 1831 ἡγούμην

2132 1827 2176 1884 Β
2203 1845 2406 1899 τούτων
2456 1827 2820 1917 παραϐάντων
2871 1848 2968 1919 τήν
3017 1849 3278 1919 διαθήκην
3327 1851 3425 1921 τὴν
3471 1827 3638 1923 ἐμήν,
3670 1827 3774 1905 -καὶ

2197 1939 2475 2002 παντελῶς
2510 1941 2590 2004 είς
2631 1940 2722 1992 τὸν
2752 1941 2913 2010 νόμον
2954 1942 3300 2011 ἠσεϐηκότων
3348 1943 3439 1996 τὸν
3481 1945 3636 2014 ἐμὸν,
3681 1945 3772 1996 τοῦ

2196 2031 2342 2082 οἴκου
2370 2030 2640 2100 φείδεσθαι
2668 2031 2726 2083 ὃν
2765 2031 3038 2101 ἐῤῥύπουν
3064 2051 3122 2085 τε
3163 2035 3256 2088 καὶ
3282 2035 3540 2105 ἐμόλυνον
3566 2038 3632 2106 τῇ
3659 2039 3774 2089 ἐπι-

2197 2123 2352 2175 ϐάσει
2383 2125 2446 2193 τῇ
2475 2123 2668 2193 οἰκείᾳ.
2716 2143 2733 2173 ε
2779 2124 2923 2195 Πρὸς
2952 2127 3049 2196 ἐμὲ
3093 2129 3482 2198 κεκράξονται·
3527 2131 3584 2182 ’0
3619 2132 3770 2195 Θεὸς,

2197 2215 2518 2286 ἐγνώκαμεν
2554 2233 2633 2268 σε.
2677 2234 2694 2267 ι
2741 2218 2816 2286 (ρ.
2853 2218 2942 2280 58)
2989 2218 3120 2271 Τότε
3157 2222 3261 2272 ὑπὸ
3289 2222 3395 2274 τῶν
3433 2224 3775 2293 πραγμάτων

2197 2305 2288 2358 καὶ
2317 2305 2416 2375 τῆς
2449 2306 2794 2376 ἐπειγομένης
2827 2308 3011 2371 αὐτοῖς
3056 2312 3361 2381 τιμωρίας,
3411 2314 3638 2378 ἄκοντες
3673 2317 3775 2383 τήν

2193 2397 2421 2468 δύναμιν
2450 2397 2842 2469 ὁμολογήσουσι
2867 2399 2964 2470 τήν
3002 2401 3161 2472 ἐμήν.
3201 2421 3222 2453 ι
3255 2404 3375 2458 ’Ὁτι
3414 2407 3633 2477 Ἰσραήλ
3667 2408 3776 2460 ἀπ-

2194 2490 2494 2559 εστρέψατο
2512 2491 2709 2558 ἀγαθά,
2733 2492 2825 2562 ἐχθ
2835 2493 2924 2562 ρὺν
2947 2494 3296 2561 κατεδίωξαν.
3311 2516 3327 2548 ι
3346 2499 3633 2552 Πείσονται
3650 2499 3776 2570 μέν-

2192 2599 2274 2635 τοι
2311 2581 2537 2634 τοιαῦτα
2589 2581 2814 2647 δικαίως
2859 2587 2907 2638 οἱ
2947 2587 3076 2656 περὶ
3112 2587 3211 2656 τὴν
3241 2587 3385 2642 δόσιν
3417 2589 3521 2642 τῶν
3552 2591 3776 2659 ἀγαθῶν

2201 2673 2308 2726 τῶν
2342 2673 2471 2743 παρ’
2495 2674 2629 2743 ἐμοῦ
2657 2677 2940 2742 γεγονότες
2961 2677 3296 2748 ἁγνῶμονεςσ
3325 2681 3497 2735 καίτοι
3528 2700 3590 2750 γε
3613 2684 3774 2736 ὁπότε

2202 2766 2463 2835 παρεῖχον
2487 2765 2671 2827 αὐτοῖς
2697 2765 2794 2837 τὴν
2817 2769 2955 2838 ἐμὴν
2989 2769 3239 2840 βοήθειαν
3283 2774 3420 2842 μετὰ
3453 2775 3655 2845 πολλῆς
3677 2776 3777 2845 τῆς

2205 2856 2504 2926 εύμαρείας
2528 2856 2852 2926 κρατοῦντες
2872 2858 2979 2912 τῶν
3004 2859 3212 2932 ἐχθρῶν
3227 2862 3334 2914 τῶν
3358 2864 3595 2918 οἰκείων.

2275 2947 2421 3017 Στίχ.
2456 2947 2606 3012 δ’-ς’.
2635 2979 2704 2987 -
2745 2968 2762 2998 ι
2810 2951 3052 3014 Ἑαυτοῖς
3089 2951 3463 3014 ἐϐασίλευσαν,
3499 2957 3595 3009 καὶ
3620 2957 3683 3009 οῦ
3712 2957 3779 3010 δι’

518 3059 612 3112 per
645 3058 730 3096 me
772 3043 1199 3110 imperaverunt,
1244 3051 1297 3094 et
1339 3041 1473 3094 mihi
1519 3041 1744 3093 minime
1773 3039 2091 3094 notiﬁcave-

2202 3040 2335 3110 ἐμοῦ
2360 3037 2552 3110 ἦρξαν,
2596 3041 2691 3092 καὶ
2725 3041 2825 3093 οὐκ
2863 3041 3163 3112 ἐγνώρισάν
3209 3061 3318 3112 μοι.
3366 3063 3383 3094 ι
3415 3045 3576 3098 Οῦτω
3612 3046 3670 3098 δέ
3711 3065 3775 3116 με

516 3146 662 3188 runt.
705 3153 721 3183 ι
767 3132 1073 3202 Tantopere
1115 3133 1481 3195 insanierunt,
1516 3141 1574 3185 ut
1609 3133 1796 3186 datum
1834 3147 1863 3184 a
1892 3147 1978 3186 me
2008 3147 2095 3186 re-

517 3241 637 3294 gem
668 3233 1109 3284 exauctorautes,
1150 3225 1250 3293 ipsi
1301 3224 1580 3298 proprium
1621 3223 1724 3277 sibi
1763 3237 1943 3292 regem
1971 3237 2096 3275 con-

507 3318 814 3378 stituerint,
844 3316 976 3369 nihil
999 3316 1112 3385 jam
1141 3316 1209 3369 de
1235 3317 1359 3384 jure
1398 3331 1520 3369 meo
1567 3315 1787 3370 solliciti
1823 3334 1835 3368 :
1870 3313 1923 3367 id
1947 3313 2094 3368 enim

522 3410 742 3465 denotat
776 3407 942 3463 dictio
975 3427 990 3462 ;
1019 3429 1036 3458 ‹
1063 3406 1417 3476 Nequaquam
1439 3409 1882 3462 notilicaverunt.
1907 3435 1974 3445 —
2001 3404 2098 3458 Ar-

515 3509 738 3574 gentum
765 3516 948 3567 suum,
978 3508 1033 3555 et
1061 3514 1254 3554 aurum
1289 3515 1448 3555 suum
1479 3499 1740 3555 fecerunt
1779 3499 1884 3553 sibi
1925 3496 2094 3562 idola,

517 3603 574 3647 ιιι
605 3594 937 3664 dispereunt.
982 3611 1002 3644 ι
1033 3590 1098 3644 Et
1134 3592 1445 3647 institutum
1478 3607 1508 3644 a
1539 3607 1624 3645 me
1659 3606 1904 3660 regnum,
1941 3603 1992 3644 et
2020 3589 2097 3643 le-

513 3683 762 3754 gitimam
815 3683 1130 3751 religionem
1186 3682 1564 3746 aboleverunt,
1609 3690 1670 3736 ut
1718 3697 1946 3752 regnum
1991 3680 2094 3734 sibi

517 3775 798 3845 proprium
849 3775 1272 3831 constituerent.
1338 3773 1480 3828 Dicit
1549 3789 1676 3829 vero
1728 3773 1860 3830 illud
1907 3772 2119 3828 decem.

507 3868 782 3933 tribuum,
817 3867 978 3937 cujus
1007 3867 1225 3922 initium
1256 3866 1642 3931 Jeroboamus,
1673 3867 1769 3938 qui
1811 3875 1866 3922 et
1901 3866 2095 3935 juven-

516 3977 614 4016 cas
650 3962 859 4031 primus
895 3962 1031 4032 ipsis
1079 3961 1367 4018 fabricavit
1419 3981 1433 4017 :
1482 3963 1675 4031 haeque
1724 3970 2091 4020 consentanea

516 4053 670 4122 regni
702 4053 826 4106 novi
858 4051 1184 4106 absurditati
1220 4051 1362 4107 idola
1394 4052 1565 4106 multa
1597 4063 1659 4105 ac
1691 4052 1836 4104 varia
1861 4066 1926 4106 ex
1958 4066 2093 4107 auro

516 4152 848 4211 argentoque
877 4141 980 4196 sibi
1009 4140 1400 4206 eflormarunt;
1451 4156 1482 4194 a
1529 4141 1732 4210 quibus
1770 4141 1916 4194 aliud
1956 4142 2092 4196 nihil

515 4247 678 4303 quam
716 4233 1108 4288 exterminium
1158 4248 1318 4288 suum
1372 4242 1798 4302 consequentur.
1845 4231 1912 4284 Et
1959 4248 2094 4302 quo-

511 4326 664 4379 niam
713 4326 822 4379 illis
873 4326 1028 4396 regni
1079 4326 1205 4379 novi
1265 4326 1669 4380 institutionem
1723 4325 2091 4393 exprobravit,

2199 3129 2476 3191 παντελῶς
2505 3129 2957 3198 παρελογίσαντο,
2994 3132 3068 3195 ὡς
3106 3132 3199 3185 καὶ
3227 3134 3318 3185 τὸν
3354 3136 3482 3204 παρ’
3521 3135 3658 3204 ἐμοῦ
3692 3136 3778 3187 δο-

2199 3220 2358 3274 θέντα
2409 3221 2630 3290 βασιλέα
2692 3222 3216 3294 παραγραψάμενοι,
3283 3225 3436 3278 αὐτοὶ
3497 3225 3780 3295 βασιλείαν

2197 3316 2598 3385 κατεστήσαντο
2625 3315 2780 3377 ἰδίαν,
2804 3316 2992 3368 ούδένα
3015 3316 3123 3368 τῶν
3145 3334 3209 3368 πε
3220 3318 3269 3387 ρί
3293 3317 3391 3388 ἐμὲ
3418 3319 3779 3388 ποιησάμενοι

2195 3407 2370 3474 λόγον·
2407 3405 2563 3458 τοῦτο
2589 3406 2696 3476 γάρ
2728 3407 2876 3474 λέγει
2907 3407 2986 3470 τὸ,
3010 3425 3028 3457 ‹
3062 3409 3174 3462 Οὐκ
3205 3410 3591 3480 ἐγνωρίσαντο.
3614 3438 3685 3451 -·-
3706 3412 3780 3463 Τὸ

2198 3497 2462 3567 ἀργύριον
2488 3496 2668 3548 αὐτῶν
2696 3498 2788 3549 καὶ
2818 3497 3122 3567 τὸ-χρυσίον
3157 3500 3334 3552 αὐτῶν
3361 3501 3621 3572 ἐποίησαν
3651 3504 3780 3554 ἐαυ-

2196 3589 2308 3648 τοῖς
2342 3585 2570 3650 εἴδωλα,
2609 3587 2756 3648 ὅπως
2793 3585 3266 3657 ἐξολοθρευθῶσιν.
3317 3608 3334 3640 ι
3389 3591 3500 3643 Καὶ
3538 3590 3638 3660 τὴν
3679 3593 3781 3661 μὲν

2199 3679 2328 3748 παρ’
2367 3677 2498 3744 ἐμοῦ
2545 3678 2844 3747 βασιλείαν,
2879 3687 2978 3750 τήν
3016 3697 3076 3732 τε
3123 3683 3250 3753 περὶ
3283 3682 3376 3734 τὸν
3421 3683 3586 3753 νόμον
3631 3701 3779 3754 παρ-

2197 3769 2506 3840 εγράψαντο
2535 3769 2848 3841 θεραπείαν,
2880 3770 3156 3840 βασιλείαν
3181 3772 3237 3826 δὲ
3271 3774 3404 3827 ἰδίαν
3436 3777 3784 3846 καταστησά-

2199 3878 2350 3930 μενοι
2393 3861 2572 3931 (λέγει
2600 3862 2656 3914 δὲ
2698 3863 2798 3933 τὴν
2827 3863 2918 3914 ἐπὶ
2943 3863 3052 3915 τῶν
3093 3863 3223 3916 δέκα
3253 3865 3434 3934 φυλῶν
3463 3871 3780 3935 γεγονυῖαν,

2196 3954 2509 4025 ἀρξαμένην
2544 3954 2652 4008 ἀπὸ
2679 3955 2774 4008 τοῦ
2828 3956 3128 4028 Ίεροϐοάμ,
3163 3959 3220 4022 ὃς
3257 3961 3350 4012 καὶ
3390 3961 3487 4023 τὰς
3513 3961 3783 4032 δαμάλεις

2197 4047 2410 4117 πρῶτος
2438 4048 2620 4108 αὐτοῖς
2654 4047 3097 4117 κατεσκεύασεν),
3122 4051 3387 4104 ἀκόλουθα
3420 4056 3486 4124 τῇ
3518 4055 3650 4125 περὶ
3681 4055 3783 4125 τὴν

2195 4137 2424 4209 ἐκλογήν
2440 4138 2539 4207 τῆς
2563 4137 2838 4209 βασιλείας
2861 4140 3062 4212 ἀτοπία
3082 4141 3558 4214 διαπραττόμενοι,
3583 4150 3660 4214 (p.
3687 4147 3782 4208 59;

2195 4229 2389 4282 εἴδωλα
2423 4229 2589 4284 πολλά
2613 4247 2671 4282 τε
2702 4231 2796 4283 καὶ
2827 4233 3043 4284 ποικίλα
3076 4233 3142 4286 τά
3185 4235 3282 4304 μὲν
3316 4238 3378 4288 ἐκ
3409 4236 3612 4306 χρυσοῦ
3647 4256 3784 4291 κατ-

2195 4321 2517 4386 εσκεύασαν,
2547 4322 2616 4373 τὰ
2663 4321 2720 4374 δὲ
2751 4321 2808 4388 ἐξ
2847 4324 3107 4395 ἀργύρουο
3159 4326 3252 4394 ἀφ’
3293 4320 3367 4379 ὧν
3405 4329 3560 4381 οὐδὲν
3589 4329 3787 4402 ἕτερον

516 4415 659 4468 unde
690 4413 1046 4484 juvencarum
1079 4413 1292 4470 facinus
1316 4422 1498 4468 ortum
1517 4423 1664 4478 erat,
1691 4422 2093 4482 consequenter

2199 4410 2309 4463 ἀλλ’
2354 4410 2386 4480 ἢ
2418 4412 2508 4464 τὸν
2548 4413 2854 4483 ἀφανισμὸν
2896 4416 3215 4486 κερδανοῦσι
3262 4419 3352 4471 τὸν
3391 4420 3592 4472 οἰκεῖον
3616 4439 3630 4452 ’
3685 4425 3787 4474 καὶ

516 4507 707 4561 addit:
740 4525 758 4555 ι
806 4506 999 4574 Abjice
1041 4504 1600 4572 vitulum,.SamaI-ia;
1648 4505 1960 4560 concitatus
2010 4513 2095 4560 est

518 4599 670 4653 furor
696 4614 852 4652 meus
901 4598 1167 4653 adversus
1210 4613 1330 4652 eos.
1371 4617 1390 4649 ι
1431 4595 1646 4652 Recede
1675 4607 1706 4652 a
1733 4597 2092 4667 juvencarum

516 4689 683 4758 impio
721 4689 909 4752 cultu;
941 4703 1120 4758 neque
1161 4689 1308 4742 enim
1340 4687 1697 4743 mediocriter
1733 4695 1951 4758 patrato
1981 4702 2096 4742 sce-

516 4781 615 4834 leri
645 4779 755 4850 39
781 4781 1008 4836 irascor.
1039 4798 1060 4830 ε
1100 4781 1398 4849 Quousque
1430 4779 1646 4836 tandem
1665 4779 1950 4835 emundari
1981 4794 2092 4833 non

510 4881 771 4944 poterunt
798 4873 851 4926 in
869 4870 1333 4927 Israele?|do|um
1366 4872 1470 4925 hoc
1494 4872 1692 4926 artifex
1725 4871 1874 4936 fecit,
1906 4879 1960 4926 et
1983 4887 2092 4925 non

503 4974 596 5018 est
629 4963 791 5018 Deus.
818 4982 836 5014 ι
869 4963 1106 5028 Siccine,
1131 4977 1198 5018 ne
1221 4964 1483 5030 temporis
1508 4962 1728 5033 quidem
1753 4963 2090 5018 diuturnitas

515 5063 568 5108 te
608 5053 796 5108 docuit
845 5052 1079 5107 ollicium
1128 5053 1325 5106 tuum?
1385 5069 1560 5122 neque
1597 5063 1756 5108 tanlte
1799 5055 2090 5124 impietatis

508 5141 785 5194 maculam
832 5140 1056 5193 eluisti?
1102 5139 1198 5194 sed
1238 5139 1380 5194 idola
1425 5156 1686 5195 manuum
1732 5143 2090 5197 humanarmn

506 5244 650 5298 opus
707 5228 1021 5294 admiraris,
1063 5243 1185 5297 qua:
1236 5245 1371 5284 sane
1413 5233 1760 5301 quandonam
1811 5232 1885 5288 dii
1941 5235 2090 5290 credi

515 5327 787 5388 poterunt,
820 5334 944 5372 cum
981 5319 1146 5374 talem
1182 5319 1421 5375 habeant
1451 5323 1790 5378 exsistentize
1823 5341 1937 5379 suae
1958 5341 2090 5379 eau-

510 5409 670 5464 sam?
715 5427 734 5460 ι
781 5408 1074 5478 Propterea
1124 5407 1289 5462 fallax
1320 5419 1405 5463 est
1451 5411 1657 5466 vitulus
1709 5420 1860 5477 tuus,
1906 5428 1940 5468 ο
1990 5411 2092 5467 Sa-

513 5495 706 5549 maria.
748 5515 766 5546 ›
801 5494 1056 5550 Nondum
1103 5495 1288 5568 itaque
1331 5500 1558 5568 potuisti
1601 5515 1962 5572 cognoscere,
1997 5504 2090 5572 ju-

511 5598 804 5638 vencarum
849 5586 1112 5640 fabricam
1153 5586 1253 5641 tibi
1299 5601 1523 5643 causam
1567 5591 1856 5644 aberrandi
1903 5607 1935 5645 a
1979 5591 2092 5648 Deo

511 5675 816 5741 exstitisse,
853 5691 1023 5747 quam
1077 5678 1150 5733 ob
1182 5693 1295 5734 rem
1343 5678 1496 5750 justo
1521 5695 1616 5737 eas
1662 5682 1790 5737 odio
1827 5686 2089 5756 prosequi

510 5766 716 5822 debeas
732 5767 756 5820 ?

2199 4502 2384 4572 ἐπειδὴ
2420 4503 2518 4574 τὴν
2558 4505 2657 4575 τῆς
2700 4504 2977 4575 βασιλείας
3009 4509 3192 4572 αὐτοῖς
3233 4510 3473 4563 ὠνείδισε
3519 4530 3787 4583 καινουρ-

2198 4591 2343 4659 γίαν,
2379 4594 2500 4644 ὅθεν
2520 4593 2582 4663 δὴ
2620 4595 2765 4648 κατά
2784 4595 2895 4648 τῶν
2923 4597 3208 4668 δαμάλεων
3236 4601 3505 4672 ἐτολμήθη
3539 4603 3786 4674 πρῶτον,

2197 4682 2503 4745 ἀκολούθως
2546 4684 2762 4752 ἐπάγει·
2822 4704 2842 4736 t
2901 4687 3229 4758 Ἀπόρριψον
3279 4691 3368 4743 τὸν
3415 4693 3617 4763 μόσχον
3659 4711 3787 4756 σου,

2199 4773 2512 4844 Σαμάρεια·
2563 4773 2892 4846 παρωξύνθη
2940 4779 2968 4830 ὁ
3010 4778 3179 4850 θυμός
3221 4797 3320 4849 μου
3359 4783 3444 4832 ἐπ’
3486 4783 3710 4846 αύτούς.
3767 4809 3786 4834 ι

2211 4866 2501 4935 Ἀπόστηθι
2528 4867 2592 4938 δὴ
2620 4869 2717 4938 τῆς
2751 4870 2878 4940 περὶ
2909 4871 3008 4933 τὰς
3035 4872 3296 4942 δαμάλεις
3337 4874 3590 4938 ἀσεϐείας
3609 4890 3624 4904 ⁸
3657 4878 3794 4930 οὐδὲ

2196 4958 2302 5030 γὰρ
2336 4959 2411 5022 ὼς
2439 4958 2626 5029 ἐτυχεν
2663 4959 2943 5032 ῶργισμαι
2979 4964 3070 5017 ἐπὶ
3111 4967 3176 5036 τῇ
3205 4966 3314 5018 τῶν
3339 4969 3646 5035 γεγονότων
3677 4987 3795 5022 παι

2199 5048 2450 5119 ρανομίᾳ.
2488 5067 2505 5098 t
2545 5050 2691 5112 Ἕως
2716 5051 2860 5114 τίνος
2891 5053 2952 5104 ού
2992 5053 3066 5124 μὴ
3094 5055 3353 5108 δύνωνται
3379 5058 3794 5129 καθαρισθῆναι

2195 5142 2252 5194 ἐν
2295 5140 2372 5210 τῷ
2426 5141 2674 5214 Ἰσραήλς
2724 5145 2834 5196 Καὶ
2886 5146 3022 5198 αὐτὸ
3065 5148 3272 5201 τέκτων
3305 5150 3549 5221 ἐποίησε,
3588 5153 3684 5204 καὶ
3725 5156 3797 5205 οῦ

2193 5232 2325 5295 Θεός
2373 5234 2540 5288 ἐστιν.
2595 5254 2612 5284 ι
2661 5234 2799 5286 Ἀλλ’
2849 5237 2966 5290 οὐδὲ
3011 5239 3039 5290 ὁ
3087 5240 3295 5309 μακρὸς
3334 5242 3524 5311 χρόνος
3558 5243 3801 5307 ἐξεπαί-

2193 5323 2352 5376 δευσέ
2386 5341 2444 5376 σε
2493 5325 2556 5377 τὸ
2600 5325 2751 5393 δέον;
2787 5327 2918 5380 οὐδὲ
2958 5331 3160 5385 ἀπέθου
3197 5333 3600 5404 τῆς’τοσαύτης
3645 5339 3800 5388 ἀσε-

2194 5417 2345 5478 ϐείας
2366 5417 2458 5469 τὸν
2497 5417 2705 5487 ρύπονς
2742 5419 2976 5491 κέχηνας
3002 5422 3058 5474 δὲ
3089 5425 3217 5494 περὶ
3250 5423 3443 5477 εἴδωλα
3474 5425 3532 5490 ἐξ
3561 5426 3659 5479 ἀνθ
3670 5447 3800 5496 ρω-

2196 5510 2365 5562 πίνων
2385 5509 2644 5580 γινόμενα
2668 5511 2889 5582 χειρῶν,
2915 5513 2952 5566 ἃ
2976 5514 3104 5566 πότε
3128 5515 3192 5568 ἂν
3221 5518 3444 5582 εἰκότως
3467 5521 3802 5589 νοχαισθείεν

2195 5600 2306 5653 θεοὶ
2333 5641 2347 5663 ,
2393 5601 2650 5672 τοιαύτην
2688 5602 2881 5672 ἔχοντα
2928 5608 3028 5676 τῆς
3075 5607 3360 5678 ὑπάρξεως
3414 5611 3517 5682 τὴν
3559 5613 3799 5673 αίτίσινξ

2201 5708 2219 5740 t
2261 5691 2405 5744 Διότι
2434 5692 2658 5745 πλανῶν
2686 5688 2755 5763 ἦν
2788 5695 2817 5746 ό
2857 5695 3054 5764 μόσχος
3093 5713 3209 5763 σου,
3258 5700 3561 5772 Σαμάρεια.
3602 5721 3620 5753 ι
3669 5704 3804 5756 Καὶ

2197 5785 2257 5836 ού
2281 5784 2570 5854 δεδύνησαι
2605 5785 2833 5840 συνιδεῖν
2856 5788 2936 5842 ὅτι
2966 5791 2997 5860 ἡ
3023 5790 3132 5845 τῶν
3153 5791 3436 5862 δαμάλεων
3463 5798 3807 5868 κατασκευὴ

507 5857 720 5931 πλάνης
769 5875 850 5913 σοι
880 5860 981 5932 τῆς
1017 5861 1125 5916 ἀπὸ
1161 5863 1305 5918 Θεοῦ
1346 5864 1568 5934 γέγονεν
1607 5868 1776 5935 αἰτία,
1814 5867 1953 5925 ὥστε
1997 5872 2090 5926 καὶ
2121 5873 2207 5927 διὰ
2247 5875 2402 5929 τοῦτο
2431 5878 2624 5948 χρῆναι
2657 5883 2832 5948 μισεῖν
2862 5857 2996 5936 αὑτά
3027 5857 3278 5953 δικαίως;
