  <div class='ocr_page' id='page_1' title='image "/cluster/home/n/w/nwhite01/storage/ocr_20150623/66/hvd.32044020183315/092.png"; bbox 0 0 3994 6562; ppageno 0'>
   <div class='ocr_carea' id='block_1_1' title="bbox 248 416 1863 487">
    <p class='ocr_par' dir='ltr' id='par_1_1' title="bbox 248 416 1863 487">
     <span class='ocr_line' id='line_1_1' title="bbox 248 416 1863 487; baseline -0.009 0"><span class='ocrx_word' id='word_1_1' title='bbox 248 431 340 487; x_wconf 75' lang='lat'><strong>\‘73</strong></span> <span class='ocrx_word' id='word_1_2' title='bbox 1213 420 1403 476; x_wconf 65' lang='lat' dir='ltr'><strong>C031.“</strong></span> <span class='ocrx_word' id='word_1_3' title='bbox 1415 416 1759 474; x_wconf 70' lang='lat' dir='ltr'><strong>ENTARlL&#39;S</strong></span> <span class='ocrx_word' id='word_1_4' title='bbox 1793 419 1863 472; x_wconf 81' lang='grc' dir='ltr'><strong>ἸΝ</strong></span> 
     </span>
    </p>
   </div>
   <div class='ocr_carea' id='block_1_2' title="bbox 311 542 1878 618">
    <p class='ocr_par' dir='ltr' id='par_1_2' title="bbox 311 542 1878 618">
     <span class='ocr_line' id='line_1_2' title="bbox 311 542 1878 618; baseline -0.005 -18"><span class='ocrx_word' id='word_1_5' title='bbox 311 548 450 618; x_wconf 86' lang='grc' dir='ltr'><strong>Στίχ.</strong></span> <span class='ocrx_word' id='word_1_6' title='bbox 492 548 618 611; x_wconf 66' lang='grc' dir='ltr'><strong>«ζ’-ι’.</strong></span> <span class='ocrx_word' id='word_1_7' title='bbox 655 575 724 584; x_wconf 90' lang='lat'><strong>-—</strong></span> <span class='ocrx_word' id='word_1_8' title='bbox 763 565 780 596; x_wconf 85' lang='grc'><strong>‹</strong></span> <span class='ocrx_word' id='word_1_9' title='bbox 820 546 940 597; x_wconf 84' lang='grc' dir='ltr'><strong>Ὅτι</strong></span> <span class='ocrx_word' id='word_1_10' title='bbox 968 543 1316 614; x_wconf 81' lang='grc' dir='ltr'><strong>άνεμόφθορά</strong></span> <span class='ocrx_word' id='word_1_11' title='bbox 1342 544 1457 594; x_wconf 81' lang='grc' dir='ltr'><strong>ἐστι</strong></span> <span class='ocrx_word' id='word_1_12' title='bbox 1481 583 1494 602; x_wconf 85' lang='grc'>,</span> <span class='ocrx_word' id='word_1_13' title='bbox 1531 542 1678 609; x_wconf 74' lang='grc' dir='ltr'><strong>καὶὴ</strong></span> <span class='ocrx_word' id='word_1_14' title='bbox 1710 557 1806 593; x_wconf 87' lang='grc' dir='ltr'><strong>κα·</strong></span> <span class='ocrx_word' id='word_1_15' title='bbox 1835 548 1878 601; x_wconf 75' lang='grc' dir='ltr'><strong>Α</strong></span> 
     </span>
    </p>
   </div>
   <div class='ocr_carea' id='block_1_3' title="bbox 251 631 1805 708">
    <p class='ocr_par' dir='ltr' id='par_1_3' title="bbox 251 631 1805 708">
     <span class='ocr_line' id='line_1_3' title="bbox 251 631 1805 708; baseline -0.007 -15"><span class='ocrx_word' id='word_1_16' title='bbox 251 637 510 708; x_wconf 67' lang='grc' dir='ltr'><strong>τας-τροφὴ</strong></span> <span class='ocrx_word' id='word_1_17' title='bbox 552 636 729 690; x_wconf 76' lang='grc' dir='ltr'><strong>αὐτῶν</strong></span> <span class='ocrx_word' id='word_1_18' title='bbox 777 635 1050 701; x_wconf 77' lang='grc' dir='ltr'><strong>ἐκδέξεται</strong></span> <span class='ocrx_word' id='word_1_19' title='bbox 1099 635 1257 688; x_wconf 84' lang='grc' dir='ltr'><strong>αὑτά·</strong></span> <span class='ocrx_word' id='word_1_20' title='bbox 1291 634 1508 704; x_wconf 80' lang='grc' dir='ltr'><strong>δράγμα</strong></span> <span class='ocrx_word' id='word_1_21' title='bbox 1549 633 1649 685; x_wconf 82' lang='grc' dir='ltr'><strong>οὐκ</strong></span> <span class='ocrx_word' id='word_1_22' title='bbox 1685 631 1805 699; x_wconf 83' lang='grc' dir='ltr'><strong>ἔχον</strong></span> 
     </span>
    </p>
   </div>
   <div class='ocr_carea' id='block_1_4' title="bbox 255 725 1807 800">
    <p class='ocr_par' dir='ltr' id='par_1_4' title="bbox 255 725 1807 800">
     <span class='ocr_line' id='line_1_4' title="bbox 255 725 1807 800; baseline -0.004 -17"><span class='ocrx_word' id='word_1_23' title='bbox 255 731 391 800; x_wconf 80' lang='grc' dir='ltr'><strong>ἰσχὺν</strong></span> <span class='ocrx_word' id='word_1_24' title='bbox 439 731 532 783; x_wconf 82' lang='grc' dir='ltr'><strong>τοῦ</strong></span> <span class='ocrx_word' id='word_1_25' title='bbox 559 730 781 798; x_wconf 81' lang='grc' dir='ltr'><strong>ποιῆσαι</strong></span> <span class='ocrx_word' id='word_1_26' title='bbox 810 730 1052 800; x_wconf 81' lang='grc' dir='ltr'><strong>ἄλευρον·</strong></span> <span class='ocrx_word' id='word_1_27' title='bbox 1085 729 1177 781; x_wconf 76' lang='grc' dir='ltr'><strong>ἐὰν</strong></span> <span class='ocrx_word' id='word_1_28' title='bbox 1203 729 1260 781; x_wconf 79' lang='grc' dir='ltr'><strong>δὲ</strong></span> <span class='ocrx_word' id='word_1_29' title='bbox 1283 730 1375 781; x_wconf 74' lang='grc' dir='ltr'><strong>καὶ</strong></span> <span class='ocrx_word' id='word_1_30' title='bbox 1406 729 1626 798; x_wconf 77' lang='grc' dir='ltr'><strong>ποιήσῃ,</strong></span> <span class='ocrx_word' id='word_1_31' title='bbox 1659 725 1807 778; x_wconf 65' lang='grc' dir='ltr'><strong>ἀλλό-</strong></span> 
     </span>
    </p>
   </div>
   <div class='ocr_carea' id='block_1_5' title="bbox 251 816 1805 890">
    <p class='ocr_par' dir='ltr' id='par_1_5' title="bbox 251 816 1805 890">
     <span class='ocr_line' id='line_1_5' title="bbox 251 816 1805 890; baseline -0.003 -18"><span class='ocrx_word' id='word_1_32' title='bbox 251 837 378 890; x_wconf 86' lang='grc' dir='ltr'><strong>τριοι</strong></span> <span class='ocrx_word' id='word_1_33' title='bbox 410 820 812 888; x_wconf 75' lang='grc' dir='ltr'><strong>καταφάγονται</strong></span> <span class='ocrx_word' id='word_1_34' title='bbox 859 820 1009 873; x_wconf 79' lang='grc' dir='ltr'><strong>αὐτό.</strong></span> <span class='ocrx_word' id='word_1_35' title='bbox 1064 838 1082 869; x_wconf 84' lang='grc'><strong>›</strong></span> <span class='ocrx_word' id='word_1_36' title='bbox 1134 819 1444 871; x_wconf 86' lang='grc' dir='ltr'><strong>Διαλλάττει</strong></span> <span class='ocrx_word' id='word_1_37' title='bbox 1495 817 1602 888; x_wconf 83' lang='grc' dir='ltr'><strong>γὰρ</strong></span> <span class='ocrx_word' id='word_1_38' title='bbox 1654 816 1805 869; x_wconf 78' lang='grc' dir='ltr'><strong>οὐδὲν</strong></span> 
     </span>
    </p>
   </div>
   <div class='ocr_carea' id='block_1_6' title="bbox 249 907 1805 981">
    <p class='ocr_par' dir='ltr' id='par_1_6' title="bbox 249 907 1805 981">
     <span class='ocr_line' id='line_1_6' title="bbox 249 907 1805 981; baseline -0.003 -18"><span class='ocrx_word' id='word_1_39' title='bbox 249 912 348 963; x_wconf 84' lang='grc' dir='ltr'><strong>τῶν</strong></span> <span class='ocrx_word' id='word_1_40' title='bbox 387 912 740 981; x_wconf 80' lang='grc' dir='ltr'><strong>γεννημάτων</strong></span> <span class='ocrx_word' id='word_1_41' title='bbox 786 910 1024 973; x_wconf 75' lang='grc' dir='ltr'><strong>ἐκείνων,</strong></span> <span class='ocrx_word' id='word_1_42' title='bbox 1064 915 1138 978; x_wconf 89' lang='lat' dir='ltr'><strong>(p.</strong></span> <span class='ocrx_word' id='word_1_43' title='bbox 1170 909 1260 977; x_wconf 88' lang='grc'>60)</span> <span class='ocrx_word' id='word_1_44' title='bbox 1302 908 1338 962; x_wconf 82' lang='grc' dir='ltr'>ἃ</span> <span class='ocrx_word' id='word_1_45' title='bbox 1372 909 1477 961; x_wconf 80' lang='grc' dir='ltr'><strong>ὑπὸ</strong></span> <span class='ocrx_word' id='word_1_46' title='bbox 1529 907 1805 970; x_wconf 78' lang='grc' dir='ltr'><strong>καύσωνος</strong></span> 
     </span>
    </p>
   </div>
   <div class='ocr_carea' id='block_1_7' title="bbox 253 1001 1808 1074">
    <p class='ocr_par' dir='ltr' id='par_1_7' title="bbox 253 1001 1808 1074">
     <span class='ocr_line' id='line_1_7' title="bbox 253 1001 1808 1074; baseline -0.002 -19"><span class='ocrx_word' id='word_1_47' title='bbox 253 1003 441 1073; x_wconf 80' lang='grc' dir='ltr'><strong>ἀνέμου</strong></span> <span class='ocrx_word' id='word_1_48' title='bbox 464 1003 795 1074; x_wconf 78' lang='grc' dir='ltr'><strong>ξηρανθέντα</strong></span> <span class='ocrx_word' id='word_1_49' title='bbox 817 1020 872 1055; x_wconf 89' lang='grc' dir='ltr'><strong>τε</strong></span> <span class='ocrx_word' id='word_1_50' title='bbox 892 1002 982 1055; x_wconf 77' lang='grc' dir='ltr'><strong>καὶ</strong></span> <span class='ocrx_word' id='word_1_51' title='bbox 1005 1001 1385 1071; x_wconf 76' lang='grc' dir='ltr'><strong>διαφθαρέντα,</strong></span> <span class='ocrx_word' id='word_1_52' title='bbox 1409 1001 1651 1072; x_wconf 80' lang='grc' dir='ltr'><strong>ἄχρηστα</strong></span> <span class='ocrx_word' id='word_1_53' title='bbox 1675 1018 1808 1052; x_wconf 84' lang='grc' dir='ltr'><strong>παν-</strong></span> 
     </span>
    </p>
   </div>
   <div class='ocr_carea' id='block_1_8' title="bbox 250 1087 1805 1160">
    <p class='ocr_par' dir='ltr' id='par_1_8' title="bbox 250 1087 1805 1160">
     <span class='ocr_line' id='line_1_8' title="bbox 250 1087 1805 1160; baseline -0.003 -18"><span class='ocrx_word' id='word_1_54' title='bbox 250 1089 410 1152; x_wconf 85' lang='grc' dir='ltr'><strong>τελῶς</strong></span> <span class='ocrx_word' id='word_1_55' title='bbox 457 1092 571 1142; x_wconf 78' lang='grc' dir='ltr'><strong>ἐστι</strong></span> <span class='ocrx_word' id='word_1_56' title='bbox 608 1089 743 1154; x_wconf 86' lang='grc' dir='ltr'><strong>πρὸς</strong></span> <span class='ocrx_word' id='word_1_57' title='bbox 790 1089 1078 1158; x_wconf 56' lang='grc' dir='ltr'><strong>διατροφὴν</strong></span> <span class='ocrx_word' id='word_1_58' title='bbox 1109 1087 1431 1160; x_wconf 79' lang='grc' dir='ltr'><strong>ἀνθρώποις·</strong></span> <span class='ocrx_word' id='word_1_59' title='bbox 1488 1087 1662 1156; x_wconf 75' lang='grc' dir='ltr'><strong>φθορά</strong></span> <span class='ocrx_word' id='word_1_60' title='bbox 1709 1087 1805 1156; x_wconf 85' lang='grc' dir='ltr'><strong>μὲν</strong></span> 
     </span>
    </p>
   </div>
   <div class='ocr_carea' id='block_1_9' title="bbox 251 1177 1806 1252">
    <p class='ocr_par' dir='ltr' id='par_1_9' title="bbox 251 1177 1806 1252">
     <span class='ocr_line' id='line_1_9' title="bbox 251 1177 1806 1252; baseline -0.003 -17"><span class='ocrx_word' id='word_1_61' title='bbox 251 1184 350 1252; x_wconf 78' lang='grc' dir='ltr'><strong>γάρ</strong></span> <span class='ocrx_word' id='word_1_62' title='bbox 377 1181 514 1235; x_wconf 80' lang='grc' dir='ltr'><strong>αὑτά</strong></span> <span class='ocrx_word' id='word_1_63' title='bbox 543 1181 842 1250; x_wconf 77' lang='grc' dir='ltr'><strong>διαδέχεται</strong></span> <span class='ocrx_word' id='word_1_64' title='bbox 876 1180 969 1232; x_wconf 81' lang='grc' dir='ltr'><strong>καὶ</strong></span> <span class='ocrx_word' id='word_1_65' title='bbox 996 1178 1256 1232; x_wconf 81' lang='grc' dir='ltr'><strong>ἀπώλεια·</strong></span> <span class='ocrx_word' id='word_1_66' title='bbox 1299 1178 1413 1230; x_wconf 79' lang='grc' dir='ltr'><strong>ἐστι</strong></span> <span class='ocrx_word' id='word_1_67' title='bbox 1451 1178 1506 1230; x_wconf 75' lang='grc' dir='ltr'><strong>δὲ</strong></span> <span class='ocrx_word' id='word_1_68' title='bbox 1534 1177 1806 1245; x_wconf 79' lang='grc' dir='ltr'><strong>ἀνωφελὲς</strong></span> 
     </span>
    </p>
   </div>
   <div class='ocr_carea' id='block_1_10' title="bbox 248 1268 1808 1342">
    <p class='ocr_par' dir='ltr' id='par_1_10' title="bbox 248 1268 1808 1342">
     <span class='ocr_line' id='line_1_10' title="bbox 248 1268 1808 1342; baseline -0.003 -17"><span class='ocrx_word' id='word_1_69' title='bbox 248 1271 566 1342; x_wconf 79' lang='grc' dir='ltr'><strong>ἀνθρώποις,</strong></span> <span class='ocrx_word' id='word_1_70' title='bbox 591 1269 815 1341; x_wconf 79' lang='grc' dir='ltr'><strong>ἄλευρον</strong></span> <span class='ocrx_word' id='word_1_71' title='bbox 834 1271 912 1331; x_wconf 87' lang='grc' dir='ltr'><strong>εἰς</strong></span> <span class='ocrx_word' id='word_1_72' title='bbox 931 1269 1220 1340; x_wconf 58' lang='grc' dir='ltr'><strong>διατροφὴν</strong></span> <span class='ocrx_word' id='word_1_73' title='bbox 1245 1269 1542 1337; x_wconf 74' lang='grc' dir='ltr'><strong>ἐπιτήδειον</strong></span> <span class='ocrx_word' id='word_1_74' title='bbox 1571 1269 1630 1320; x_wconf 81' lang='grc' dir='ltr'>οὑ</span> <span class='ocrx_word' id='word_1_75' title='bbox 1653 1268 1808 1321; x_wconf 84' lang='grc' dir='ltr'><strong>δυνά-</strong></span> 
     </span>
    </p>
   </div>
   <div class='ocr_carea' id='block_1_11' title="bbox 251 1359 1806 1433">
    <p class='ocr_par' dir='ltr' id='par_1_11' title="bbox 251 1359 1806 1433">
     <span class='ocr_line' id='line_1_11' title="bbox 251 1359 1806 1433; baseline -0.003 -17"><span class='ocrx_word' id='word_1_76' title='bbox 251 1380 404 1433; x_wconf 91' lang='grc' dir='ltr'><strong>μενον</strong></span> <span class='ocrx_word' id='word_1_77' title='bbox 432 1365 623 1416; x_wconf 83' lang='grc' dir='ltr'><strong>ποιεῖν·</strong></span> <span class='ocrx_word' id='word_1_78' title='bbox 662 1363 713 1414; x_wconf 79' lang='grc' dir='ltr'><strong>εί</strong></span> <span class='ocrx_word' id='word_1_79' title='bbox 764 1362 808 1414; x_wconf 84' lang='grc' dir='ltr'><strong>δ’</strong></span> <span class='ocrx_word' id='word_1_80' title='bbox 846 1361 953 1431; x_wconf 79' lang='grc' dir='ltr'><strong>ἄρα</strong></span> <span class='ocrx_word' id='word_1_81' title='bbox 998 1378 1047 1412; x_wconf 91' lang='grc' dir='ltr'><strong>τι</strong></span> <span class='ocrx_word' id='word_1_82' title='bbox 1091 1360 1184 1411; x_wconf 75' lang='grc' dir='ltr'><strong>καὶ</strong></span> <span class='ocrx_word' id='word_1_83' title='bbox 1220 1361 1459 1426; x_wconf 87' lang='grc' dir='ltr'><strong>γένοιτο,</strong></span> <span class='ocrx_word' id='word_1_84' title='bbox 1495 1359 1568 1421; x_wconf 83' lang='grc' dir='ltr'><strong>ὡς</strong></span> <span class='ocrx_word' id='word_1_85' title='bbox 1608 1359 1806 1428; x_wconf 82' lang='grc' dir='ltr'><strong>φαῦλον</strong></span> 
     </span>
    </p>
   </div>
   <div class='ocr_carea' id='block_1_12' title="bbox 247 1447 1808 1522">
    <p class='ocr_par' dir='ltr' id='par_1_12' title="bbox 247 1447 1808 1522">
     <span class='ocr_line' id='line_1_12' title="bbox 247 1447 1808 1522; baseline -0.002 -19"><span class='ocrx_word' id='word_1_86' title='bbox 247 1452 319 1513; x_wconf 82' lang='grc' dir='ltr'><strong>εἰς</strong></span> <span class='ocrx_word' id='word_1_87' title='bbox 353 1451 556 1522; x_wconf 81' lang='grc' dir='ltr'><strong>βρῶσιν</strong></span> <span class='ocrx_word' id='word_1_88' title='bbox 603 1450 950 1522; x_wconf 72' lang='grc' dir='ltr'><strong>προστίθεται</strong></span> <span class='ocrx_word' id='word_1_89' title='bbox 1004 1448 1230 1516; x_wconf 81' lang='grc' dir='ltr'><strong>ἀλόγων·</strong></span> <span class='ocrx_word' id='word_1_90' title='bbox 1276 1448 1365 1499; x_wconf 78' lang='grc' dir='ltr'><strong>τὸν</strong></span> <span class='ocrx_word' id='word_1_91' title='bbox 1403 1448 1563 1499; x_wconf 77' lang='grc' dir='ltr'><strong>αὑτὸν</strong></span> <span class='ocrx_word' id='word_1_92' title='bbox 1605 1447 1714 1519; x_wconf 85' lang='grc' dir='ltr'><strong>γάρ</strong></span> <span class='ocrx_word' id='word_1_93' title='bbox 1745 1448 1808 1518; x_wconf 87' lang='grc' dir='ltr'><strong>δὴ</strong></span> 
     </span>
    </p>
   </div>
   <div class='ocr_carea' id='block_1_13' title="bbox 244 1538 1808 1612">
    <p class='ocr_par' dir='ltr' id='par_1_13' title="bbox 244 1538 1808 1612">
     <span class='ocr_line' id='line_1_13' title="bbox 244 1538 1808 1612; baseline -0.001 -19"><span class='ocrx_word' id='word_1_94' title='bbox 244 1542 440 1612; x_wconf 77' lang='grc' dir='ltr'><strong>τρόπον</strong></span> <span class='ocrx_word' id='word_1_95' title='bbox 462 1543 554 1594; x_wconf 76' lang='grc' dir='ltr'><strong>καὶ</strong></span> <span class='ocrx_word' id='word_1_96' title='bbox 585 1543 617 1612; x_wconf 72' lang='grc' dir='ltr'>ἡ</span> <span class='ocrx_word' id='word_1_97' title='bbox 644 1543 770 1610; x_wconf 85' lang='grc' dir='ltr'><strong>περὶ</strong></span> <span class='ocrx_word' id='word_1_98' title='bbox 792 1539 860 1594; x_wconf 75' lang='grc' dir='ltr'><strong>τὰ</strong></span> <span class='ocrx_word' id='word_1_99' title='bbox 875 1539 1064 1592; x_wconf 79' lang='grc' dir='ltr'><strong>εἴδωλα</strong></span> <span class='ocrx_word' id='word_1_100' title='bbox 1091 1538 1352 1607; x_wconf 84' lang='grc' dir='ltr'><strong>θεραπεία</strong></span> <span class='ocrx_word' id='word_1_101' title='bbox 1383 1539 1682 1609; x_wconf 78' lang='grc' dir='ltr'><strong>ἐπιϐλαϐὴς</strong></span> <span class='ocrx_word' id='word_1_102' title='bbox 1710 1539 1808 1609; x_wconf 82' lang='grc' dir='ltr'><strong>μέν</strong></span> 
     </span>
    </p>
   </div>
   <div class='ocr_carea' id='block_1_14' title="bbox 243 1629 1809 1704">
    <p class='ocr_par' dir='ltr' id='par_1_14' title="bbox 243 1629 1809 1704">
     <span class='ocr_line' id='line_1_14' title="bbox 243 1629 1809 1704; baseline -0.001 -19"><span class='ocrx_word' id='word_1_103' title='bbox 243 1637 356 1686; x_wconf 80' lang='grc' dir='ltr'><strong>ἐστι</strong></span> <span class='ocrx_word' id='word_1_104' title='bbox 386 1635 480 1685; x_wconf 73' lang='grc' dir='ltr'><strong>καὶ</strong></span> <span class='ocrx_word' id='word_1_105' title='bbox 512 1633 697 1704; x_wconf 78' lang='grc' dir='ltr'><strong>ὄνησιν</strong></span> <span class='ocrx_word' id='word_1_106' title='bbox 727 1632 1040 1703; x_wconf 84' lang='grc' dir='ltr'><strong>παρέχουσα</strong></span> <span class='ocrx_word' id='word_1_107' title='bbox 1068 1631 1188 1684; x_wconf 82' lang='grc' dir='ltr'><strong>οὐδὲ</strong></span> <span class='ocrx_word' id='word_1_108' title='bbox 1216 1631 1362 1701; x_wconf 87' lang='grc' dir='ltr'><strong>μίαν·</strong></span> <span class='ocrx_word' id='word_1_109' title='bbox 1390 1629 1528 1683; x_wconf 82' lang='grc' dir='ltr'><strong>ὥστε</strong></span> <span class='ocrx_word' id='word_1_110' title='bbox 1557 1631 1610 1682; x_wconf 77' lang='grc' dir='ltr'><strong>εί</strong></span> <span class='ocrx_word' id='word_1_111' title='bbox 1634 1649 1684 1683; x_wconf 93' lang='grc' dir='ltr'><strong>τι</strong></span> <span class='ocrx_word' id='word_1_112' title='bbox 1718 1631 1809 1683; x_wconf 75' lang='grc' dir='ltr'><strong>καὶ</strong></span> 
     </span>
    </p>
   </div>
   <div class='ocr_carea' id='block_1_15' title="bbox 245 1721 1810 1793">
    <p class='ocr_par' dir='ltr' id='par_1_15' title="bbox 245 1721 1810 1793">
     <span class='ocr_line' id='line_1_15' title="bbox 245 1721 1810 1793; baseline 0 -19"><span class='ocrx_word' id='word_1_113' title='bbox 245 1723 520 1793; x_wconf 79' lang='grc' dir='ltr'><strong>περίεστιν</strong></span> <span class='ocrx_word' id='word_1_114' title='bbox 553 1723 679 1793; x_wconf 78' lang='grc' dir='ltr'><strong>ὑμῖν</strong></span> <span class='ocrx_word' id='word_1_115' title='bbox 727 1721 1009 1792; x_wconf 80' lang='grc' dir='ltr'><strong>ἑτέρωθεν,</strong></span> <span class='ocrx_word' id='word_1_116' title='bbox 1060 1723 1168 1774; x_wconf 85' lang='grc' dir='ltr'><strong>τῶν</strong></span> <span class='ocrx_word' id='word_1_117' title='bbox 1211 1721 1482 1791; x_wconf 90' lang='grc' dir='ltr'><strong>πολεμίων</strong></span> <span class='ocrx_word' id='word_1_118' title='bbox 1529 1721 1678 1774; x_wconf 79' lang='grc' dir='ltr'><strong>ἔσται</strong></span> <span class='ocrx_word' id='word_1_119' title='bbox 1718 1721 1810 1774; x_wconf 77' lang='grc' dir='ltr'><strong>καὶ</strong></span> 
     </span>
    </p>
   </div>
   <div class='ocr_carea' id='block_1_16' title="bbox 242 1811 1883 1892">
    <p class='ocr_par' dir='ltr' id='par_1_16' title="bbox 242 1811 1883 1892">
     <span class='ocr_line' id='line_1_16' title="bbox 242 1811 1883 1892; baseline -0.002 -26"><span class='ocrx_word' id='word_1_120' title='bbox 242 1814 400 1866; x_wconf 82' lang='grc' dir='ltr'><strong>τοῦτο</strong></span> <span class='ocrx_word' id='word_1_121' title='bbox 433 1813 622 1882; x_wconf 78' lang='grc' dir='ltr'><strong>κέρδος</strong></span> <span class='ocrx_word' id='word_1_122' title='bbox 649 1811 737 1866; x_wconf 73' lang='grc' dir='ltr'><strong>διὰ</strong></span> <span class='ocrx_word' id='word_1_123' title='bbox 771 1813 867 1884; x_wconf 78' lang='grc' dir='ltr'><strong>τὴν</strong></span> <span class='ocrx_word' id='word_1_124' title='bbox 893 1812 1114 1864; x_wconf 74' lang='grc' dir='ltr'><strong>ἐνοῦσαν</strong></span> <span class='ocrx_word' id='word_1_125' title='bbox 1141 1811 1267 1881; x_wconf 84' lang='grc' dir='ltr'><strong>ὑμῖν</strong></span> <span class='ocrx_word' id='word_1_126' title='bbox 1297 1811 1568 1864; x_wconf 83' lang='grc' dir='ltr'><strong>ἀσέϐειαν.</strong></span> <span class='ocrx_word' id='word_1_127' title='bbox 1606 1829 1623 1860; x_wconf 75' lang='grc' dir='ltr'><strong>ι</strong></span> <span class='ocrx_word' id='word_1_128' title='bbox 1661 1813 1809 1863; x_wconf 83' lang='grc' dir='ltr'><strong>Κατ·</strong></span> <span class='ocrx_word' id='word_1_129' title='bbox 1844 1839 1883 1892; x_wconf 74' lang='grc' dir='ltr'><strong><em>Β</em></strong></span> 
     </span>
    </p>
   </div>
   <div class='ocr_carea' id='block_1_17' title="bbox 246 1900 1812 1976">
    <p class='ocr_par' dir='ltr' id='par_1_17' title="bbox 246 1900 1812 1976">
     <span class='ocr_line' id='line_1_17' title="bbox 246 1900 1812 1976; baseline -0.003 -19"><span class='ocrx_word' id='word_1_130' title='bbox 246 1905 415 1975; x_wconf 82' lang='grc' dir='ltr'><strong>επόθη</strong></span> <span class='ocrx_word' id='word_1_131' title='bbox 450 1906 682 1976; x_wconf 74' lang='grc' dir='ltr'><strong>Ἰσραήλ·</strong></span> <span class='ocrx_word' id='word_1_132' title='bbox 707 1904 801 1958; x_wconf 79' lang='grc' dir='ltr'><strong>νῦν</strong></span> <span class='ocrx_word' id='word_1_133' title='bbox 826 1905 1038 1972; x_wconf 83' lang='grc' dir='ltr'><strong>ἐγένετο</strong></span> <span class='ocrx_word' id='word_1_134' title='bbox 1076 1905 1134 1955; x_wconf 86' lang='grc' dir='ltr'><strong>ὲν</strong></span> <span class='ocrx_word' id='word_1_135' title='bbox 1159 1905 1268 1966; x_wconf 86' lang='grc' dir='ltr'><strong>τοῖς</strong></span> <span class='ocrx_word' id='word_1_136' title='bbox 1297 1903 1500 1955; x_wconf 79' lang='grc' dir='ltr'><strong>ἔθνεσιν</strong></span> <span class='ocrx_word' id='word_1_137' title='bbox 1524 1902 1598 1964; x_wconf 84' lang='grc' dir='ltr'><strong>ὡς</strong></span> <span class='ocrx_word' id='word_1_138' title='bbox 1622 1900 1812 1964; x_wconf 79' lang='grc' dir='ltr'><strong>σκεῦος</strong></span> 
     </span>
    </p>
   </div>
   <div class='ocr_carea' id='block_1_18' title="bbox 244 1993 1812 2068">
    <p class='ocr_par' dir='ltr' id='par_1_18' title="bbox 244 1993 1812 2068">
     <span class='ocr_line' id='line_1_18' title="bbox 244 1993 1812 2068; baseline -0.004 -17"><span class='ocrx_word' id='word_1_139' title='bbox 244 1997 534 2068; x_wconf 79' lang='grc' dir='ltr'><strong>ἄχρηστον·</strong></span> <span class='ocrx_word' id='word_1_140' title='bbox 562 1997 639 2048; x_wconf 76' lang='grc' dir='ltr'><strong>ὅτι</strong></span> <span class='ocrx_word' id='word_1_141' title='bbox 663 1996 814 2048; x_wconf 73' lang='grc' dir='ltr'><strong>αὐτοὶ</strong></span> <span class='ocrx_word' id='word_1_142' title='bbox 839 1994 1107 2065; x_wconf 87' lang='grc' dir='ltr'><strong>ἀνέϐησαν</strong></span> <span class='ocrx_word' id='word_1_143' title='bbox 1142 1996 1222 2056; x_wconf 84' lang='grc' dir='ltr'><strong>εἰς</strong></span> <span class='ocrx_word' id='word_1_144' title='bbox 1255 1993 1585 2064; x_wconf 85' lang='grc' dir='ltr'><strong>Ἀσσυρίους.</strong></span> <span class='ocrx_word' id='word_1_145' title='bbox 1617 2012 1635 2042; x_wconf 77' lang='grc' dir='ltr'><strong>ι</strong></span> <span class='ocrx_word' id='word_1_146' title='bbox 1671 1994 1812 2046; x_wconf 84' lang='grc' dir='ltr'><strong>Παν-</strong></span> 
     </span>
    </p>
   </div>
   <div class='ocr_carea' id='block_1_19' title="bbox 242 2084 1812 2156">
    <p class='ocr_par' dir='ltr' id='par_1_19' title="bbox 242 2084 1812 2156">
     <span class='ocr_line' id='line_1_19' title="bbox 242 2084 1812 2156; baseline -0.001 -19"><span class='ocrx_word' id='word_1_147' title='bbox 242 2086 370 2156; x_wconf 84' lang='grc' dir='ltr'><strong>τελῆ</strong></span> <span class='ocrx_word' id='word_1_148' title='bbox 405 2085 514 2156; x_wconf 77' lang='grc' dir='ltr'><strong>γάρ</strong></span> <span class='ocrx_word' id='word_1_149' title='bbox 552 2085 854 2156; x_wconf 66' lang='grc' dir='ltr'><strong>ἀφανισμὸν</strong></span> <span class='ocrx_word' id='word_1_150' title='bbox 890 2086 1028 2156; x_wconf 84' lang='grc' dir='ltr'><strong>ὑπὲρ</strong></span> <span class='ocrx_word' id='word_1_151' title='bbox 1067 2084 1271 2138; x_wconf 79' lang='grc' dir='ltr'><strong>τούτων</strong></span> <span class='ocrx_word' id='word_1_152' title='bbox 1316 2085 1632 2154; x_wconf 78' lang='grc' dir='ltr'><strong>ὑπομενεῖτε</strong></span> <span class='ocrx_word' id='word_1_153' title='bbox 1655 2125 1668 2147; x_wconf 87' lang='grc'><em>,</em></span> <span class='ocrx_word' id='word_1_154' title='bbox 1719 2084 1812 2156; x_wconf 87' lang='grc' dir='ltr'><strong>λη·-</strong></span> 
     </span>
    </p>
   </div>
   <div class='ocr_carea' id='block_1_20' title="bbox 245 2174 1814 2247">
    <p class='ocr_par' dir='ltr' id='par_1_20' title="bbox 245 2174 1814 2247">
     <span class='ocr_line' id='line_1_20' title="bbox 245 2174 1814 2247; baseline -0.001 -19"><span class='ocrx_word' id='word_1_155' title='bbox 245 2177 470 2244; x_wconf 73' lang='grc' dir='ltr'><strong>φθέντες</strong></span> <span class='ocrx_word' id='word_1_156' title='bbox 516 2175 620 2228; x_wconf 82' lang='grc' dir='ltr'><strong>ὑπὸ</strong></span> <span class='ocrx_word' id='word_1_157' title='bbox 664 2175 976 2247; x_wconf 77' lang='grc' dir='ltr'><strong>Ἀσσυρίων·</strong></span> <span class='ocrx_word' id='word_1_158' title='bbox 1010 2174 1196 2245; x_wconf 82' lang='grc' dir='ltr'><strong>ὥσπερ</strong></span> <span class='ocrx_word' id='word_1_159' title='bbox 1225 2193 1277 2227; x_wconf 88' lang='grc' dir='ltr'><strong>τι</strong></span> <span class='ocrx_word' id='word_1_160' title='bbox 1313 2174 1502 2236; x_wconf 81' lang='grc' dir='ltr'><strong>σκεῦος</strong></span> <span class='ocrx_word' id='word_1_161' title='bbox 1535 2174 1814 2237; x_wconf 83' lang='grc' dir='ltr'><strong>παντελῶς</strong></span> 
     </span>
    </p>
   </div>
   <div class='ocr_carea' id='block_1_21' title="bbox 241 2258 1812 2334">
    <p class='ocr_par' dir='ltr' id='par_1_21' title="bbox 241 2258 1812 2334">
     <span class='ocr_line' id='line_1_21' title="bbox 241 2258 1812 2334; baseline -0.003 -17"><span class='ocrx_word' id='word_1_162' title='bbox 241 2267 516 2334; x_wconf 76' lang='grc' dir='ltr'><strong>ἄχρηστον</strong></span> <span class='ocrx_word' id='word_1_163' title='bbox 548 2264 606 2315; x_wconf 85' lang='grc' dir='ltr'><strong>ὲν</strong></span> <span class='ocrx_word' id='word_1_164' title='bbox 631 2266 743 2328; x_wconf 87' lang='grc' dir='ltr'><strong>τοῖς</strong></span> <span class='ocrx_word' id='word_1_165' title='bbox 773 2262 1067 2332; x_wconf 84' lang='grc' dir='ltr'><strong>ἀλλοτρίοις</strong></span> <span class='ocrx_word' id='word_1_166' title='bbox 1091 2261 1296 2324; x_wconf 78' lang='grc' dir='ltr'><strong>ἔσεσθε,</strong></span> <span class='ocrx_word' id='word_1_167' title='bbox 1323 2260 1534 2322; x_wconf 77' lang='grc' dir='ltr'><strong>οὐδενὸς</strong></span> <span class='ocrx_word' id='word_1_168' title='bbox 1561 2258 1812 2330; x_wconf 80' lang='grc' dir='ltr'><strong>ἀξιούμε-</strong></span> 
     </span>
    </p>
   </div>
   <div class='ocr_carea' id='block_1_22' title="bbox 241 2349 1811 2422">
    <p class='ocr_par' dir='ltr' id='par_1_22' title="bbox 241 2349 1811 2422">
     <span class='ocr_line' id='line_1_22' title="bbox 241 2349 1811 2422; baseline -0.003 -15"><span class='ocrx_word' id='word_1_169' title='bbox 241 2373 318 2407; x_wconf 86' lang='grc' dir='ltr'><strong>νοι</strong></span> <span class='ocrx_word' id='word_1_170' title='bbox 344 2354 531 2422; x_wconf 81' lang='grc' dir='ltr'><strong>λόγου.</strong></span> <span class='ocrx_word' id='word_1_171' title='bbox 568 2373 584 2404; x_wconf 84' lang='grc'><em>‹</em></span> <span class='ocrx_word' id='word_1_172' title='bbox 625 2352 872 2406; x_wconf 82' lang='grc' dir='ltr'><strong>Ἀνέθαλε</strong></span> <span class='ocrx_word' id='word_1_173' title='bbox 897 2352 1015 2405; x_wconf 88' lang='grc' dir='ltr'><strong>καθ’</strong></span> <span class='ocrx_word' id='word_1_174' title='bbox 1041 2349 1228 2404; x_wconf 79' lang='grc' dir='ltr'><strong>ἑαυτὸν</strong></span> <span class='ocrx_word' id='word_1_175' title='bbox 1258 2351 1398 2422; x_wconf 78' lang='grc' dir='ltr'><strong>ἐμοί.</strong></span> <span class='ocrx_word' id='word_1_176' title='bbox 1439 2369 1456 2400; x_wconf 75' lang='grc' dir='ltr'><strong>ι</strong></span> <span class='ocrx_word' id='word_1_177' title='bbox 1506 2349 1811 2403; x_wconf 83' lang='grc' dir='ltr'><strong>Ἑπέδωκαν</strong></span> 
     </span>
    </p>
   </div>
   <div class='ocr_carea' id='block_1_23' title="bbox 239 2439 1813 2517">
    <p class='ocr_par' dir='ltr' id='par_1_23' title="bbox 239 2439 1813 2517">
     <span class='ocr_line' id='line_1_23' title="bbox 239 2439 1813 2517; baseline -0.005 -19"><span class='ocrx_word' id='word_1_178' title='bbox 239 2450 316 2509; x_wconf 84' lang='grc' dir='ltr'><strong>εἰς</strong></span> <span class='ocrx_word' id='word_1_179' title='bbox 344 2447 552 2517; x_wconf 74' lang='grc' dir='ltr'><strong>πλῆθος</strong></span> <span class='ocrx_word' id='word_1_180' title='bbox 577 2445 664 2498; x_wconf 86' lang='grc' dir='ltr'><strong>διά</strong></span> <span class='ocrx_word' id='word_1_181' title='bbox 683 2446 782 2514; x_wconf 79' lang='grc' dir='ltr'><strong>τῆς</strong></span> <span class='ocrx_word' id='word_1_182' title='bbox 804 2445 940 2515; x_wconf 76' lang='grc' dir='ltr'><strong>ἐμῆς</strong></span> <span class='ocrx_word' id='word_1_183' title='bbox 961 2441 1302 2513; x_wconf 77' lang='grc' dir='ltr'><strong>κηδεμονίας,</strong></span> <span class='ocrx_word' id='word_1_184' title='bbox 1328 2442 1419 2493; x_wconf 72' lang='grc' dir='ltr'><strong>καὶ</strong></span> <span class='ocrx_word' id='word_1_185' title='bbox 1440 2439 1627 2492; x_wconf 79' lang='grc' dir='ltr'><strong>οὐδένα</strong></span> <span class='ocrx_word' id='word_1_186' title='bbox 1643 2443 1813 2491; x_wconf 84' lang='grc' dir='ltr'><strong>ποιεῖ-</strong></span> 
     </span>
    </p>
   </div>
   <div class='ocr_carea' id='block_1_24' title="bbox 240 2530 1812 2607">
    <p class='ocr_par' dir='ltr' id='par_1_24' title="bbox 240 2530 1812 2607">
     <span class='ocr_line' id='line_1_24' title="bbox 240 2530 1812 2607; baseline -0.006 -17"><span class='ocrx_word' id='word_1_187' title='bbox 240 2539 366 2591; x_wconf 86' lang='grc' dir='ltr'><strong>σθαί</strong></span> <span class='ocrx_word' id='word_1_188' title='bbox 408 2555 510 2607; x_wconf 85' lang='grc' dir='ltr'><strong>μου</strong></span> <span class='ocrx_word' id='word_1_189' title='bbox 550 2537 705 2604; x_wconf 90' lang='grc' dir='ltr'><strong>λόγον</strong></span> <span class='ocrx_word' id='word_1_190' title='bbox 746 2535 1041 2596; x_wconf 77' lang='grc' dir='ltr'><strong>ἐθέλοντες,</strong></span> <span class='ocrx_word' id='word_1_191' title='bbox 1092 2531 1361 2585; x_wconf 79' lang='grc' dir='ltr'><strong>τοσούτων</strong></span> <span class='ocrx_word' id='word_1_192' title='bbox 1414 2530 1630 2600; x_wconf 85' lang='grc' dir='ltr'><strong>ἀγαθῶν</strong></span> <span class='ocrx_word' id='word_1_193' title='bbox 1663 2530 1812 2591; x_wconf 74' lang='grc' dir='ltr'><strong>ὄντος</strong></span> 
     </span>
    </p>
   </div>
   <div class='ocr_carea' id='block_1_25' title="bbox 235 2619 1814 2696">
    <p class='ocr_par' dir='ltr' id='par_1_25' title="bbox 235 2619 1814 2696">
     <span class='ocr_line' id='line_1_25' title="bbox 235 2619 1814 2696; baseline -0.006 -15"><span class='ocrx_word' id='word_1_194' title='bbox 235 2631 428 2692; x_wconf 77' lang='grc' dir='ltr'><strong>αὐτοῖς</strong></span> <span class='ocrx_word' id='word_1_195' title='bbox 464 2629 658 2692; x_wconf 79' lang='grc' dir='ltr'><strong>αἰτίου,</strong></span> <span class='ocrx_word' id='word_1_196' title='bbox 692 2625 946 2696; x_wconf 67' lang='grc' dir='ltr'><strong>αὐθαδείᾳ</strong></span> <span class='ocrx_word' id='word_1_197' title='bbox 977 2624 1152 2678; x_wconf 87' lang='grc' dir='ltr'><strong>πάντα</strong></span> <span class='ocrx_word' id='word_1_198' title='bbox 1178 2623 1557 2693; x_wconf 83' lang='grc' dir='ltr'><strong>διεπράττοντο</strong></span> <span class='ocrx_word' id='word_1_199' title='bbox 1587 2620 1725 2673; x_wconf 83' lang='grc' dir='ltr'><strong>κατά</strong></span> <span class='ocrx_word' id='word_1_200' title='bbox 1753 2619 1814 2671; x_wconf 87' lang='grc' dir='ltr'><strong>τὸ</strong></span> 
     </span>
    </p>
   </div>
   <div class='ocr_carea' id='block_1_26' title="bbox 235 2713 1809 2788">
    <p class='ocr_par' dir='ltr' id='par_1_26' title="bbox 235 2713 1809 2788">
     <span class='ocr_line' id='line_1_26' title="bbox 235 2713 1809 2788; baseline -0.007 -15"><span class='ocrx_word' id='word_1_201' title='bbox 235 2721 431 2773; x_wconf 82' lang='grc' dir='ltr'><strong>δοκοῦν</strong></span> <span class='ocrx_word' id='word_1_202' title='bbox 480 2723 732 2784; x_wconf 77' lang='grc' dir='ltr'><strong>ἑαυτοῖς·</strong></span> <span class='ocrx_word' id='word_1_203' title='bbox 787 2717 943 2771; x_wconf 83' lang='grc' dir='ltr'><strong>τοῦτο</strong></span> <span class='ocrx_word' id='word_1_204' title='bbox 986 2717 1092 2788; x_wconf 89' lang='grc' dir='ltr'><strong>γάρ</strong></span> <span class='ocrx_word' id='word_1_205' title='bbox 1132 2717 1244 2768; x_wconf 77' lang='grc' dir='ltr'><strong>ἐστι</strong></span> <span class='ocrx_word' id='word_1_206' title='bbox 1291 2715 1372 2778; x_wconf 83' lang='grc' dir='ltr'><strong>τὸ,</strong></span> <span class='ocrx_word' id='word_1_207' title='bbox 1421 2713 1547 2767; x_wconf 83' lang='grc' dir='ltr'><strong>καθ’</strong></span> <span class='ocrx_word' id='word_1_208' title='bbox 1576 2713 1809 2766; x_wconf 75' lang='grc' dir='ltr'><strong>ἑαυτόν.</strong></span> 
     </span>
    </p>
   </div>
   <div class='ocr_carea' id='block_1_27' title="bbox 239 2802 1810 2881">
    <p class='ocr_par' dir='ltr' id='par_1_27' title="bbox 239 2802 1810 2881">
     <span class='ocr_line' id='line_1_27' title="bbox 239 2802 1810 2881; baseline -0.006 -19"><span class='ocrx_word' id='word_1_209' title='bbox 239 2830 258 2862; x_wconf 76' lang='grc' dir='ltr'><strong>ι</strong></span> <span class='ocrx_word' id='word_1_210' title='bbox 309 2808 562 2881; x_wconf 77' lang='grc' dir='ltr'><strong>Ἐφραῖμ</strong></span> <span class='ocrx_word' id='word_1_211' title='bbox 589 2809 736 2879; x_wconf 81' lang='grc' dir='ltr'><strong>δῶρα</strong></span> <span class='ocrx_word' id='word_1_212' title='bbox 762 2808 1066 2878; x_wconf 75' lang='grc' dir='ltr'><strong>ἠγάπησεν.</strong></span> <span class='ocrx_word' id='word_1_213' title='bbox 1109 2826 1127 2856; x_wconf 72' lang='grc' dir='ltr'><strong>ι</strong></span> <span class='ocrx_word' id='word_1_214' title='bbox 1177 2806 1286 2858; x_wconf 73' lang='grc' dir='ltr'><strong>Καὶ</strong></span> <span class='ocrx_word' id='word_1_215' title='bbox 1315 2804 1436 2858; x_wconf 82' lang='grc' dir='ltr'><strong>οὐδὲ</strong></span> <span class='ocrx_word' id='word_1_216' title='bbox 1460 2806 1574 2866; x_wconf 87' lang='grc' dir='ltr'><strong>τοῖς</strong></span> <span class='ocrx_word' id='word_1_217' title='bbox 1605 2802 1810 2873; x_wconf 83' lang='grc' dir='ltr'><strong>παροῦ-</strong></span> 
     </span>
    </p>
   </div>
   <div class='ocr_carea' id='block_1_28' title="bbox 235 2893 1815 2970">
    <p class='ocr_par' dir='ltr' id='par_1_28' title="bbox 235 2893 1815 2970">
     <span class='ocr_line' id='line_1_28' title="bbox 235 2893 1815 2970; baseline -0.005 -18"><span class='ocrx_word' id='word_1_218' title='bbox 235 2917 320 2953; x_wconf 87' lang='grc' dir='ltr'><strong>σιν</strong></span> <span class='ocrx_word' id='word_1_219' title='bbox 350 2900 688 2970; x_wconf 78' lang='grc' dir='ltr'><strong>ἀρκούμενοι</strong></span> <span class='ocrx_word' id='word_1_220' title='bbox 717 2901 852 2969; x_wconf 81' lang='grc' dir='ltr'><strong>πρὸς</strong></span> <span class='ocrx_word' id='word_1_221' title='bbox 884 2896 1192 2961; x_wconf 81' lang='grc' dir='ltr'><strong>πλεονεξίαν</strong></span> <span class='ocrx_word' id='word_1_222' title='bbox 1222 2896 1426 2966; x_wconf 77' lang='grc' dir='ltr'><strong>ἐώρων.</strong></span> <span class='ocrx_word' id='word_1_223' title='bbox 1474 2915 1493 2946; x_wconf 88' lang='grc'><em>‹</em></span> <span class='ocrx_word' id='word_1_224' title='bbox 1533 2895 1632 2951; x_wconf 87' lang='grc' dir='ltr'><strong>Διά</strong></span> <span class='ocrx_word' id='word_1_225' title='bbox 1660 2893 1815 2946; x_wconf 78' lang='grc' dir='ltr'><strong>τοῦτο</strong></span> 
     </span>
    </p>
   </div>
   <div class='ocr_carea' id='block_1_29' title="bbox 233 2985 1815 3060">
    <p class='ocr_par' dir='ltr' id='par_1_29' title="bbox 233 2985 1815 3060">
     <span class='ocr_line' id='line_1_29' title="bbox 233 2985 1815 3060; baseline -0.004 -16"><span class='ocrx_word' id='word_1_226' title='bbox 233 2991 682 3060; x_wconf 81' lang='grc' dir='ltr'><strong>παραδοθήσεται</strong></span> <span class='ocrx_word' id='word_1_227' title='bbox 717 2992 779 3043; x_wconf 81' lang='grc' dir='ltr'><strong>ἐν</strong></span> <span class='ocrx_word' id='word_1_228' title='bbox 806 2992 916 3052; x_wconf 84' lang='grc' dir='ltr'><strong>τοῖς</strong></span> <span class='ocrx_word' id='word_1_229' title='bbox 947 2988 1174 3042; x_wconf 71' lang='grc' dir='ltr'><strong>ἔθνεσιν.</strong></span> <span class='ocrx_word' id='word_1_230' title='bbox 1217 3006 1234 3038; x_wconf 73' lang='grc' dir='ltr'><strong>ι</strong></span> <span class='ocrx_word' id='word_1_231' title='bbox 1287 2986 1523 3049; x_wconf 81' lang='grc' dir='ltr'><strong>Εἰκότως</strong></span> <span class='ocrx_word' id='word_1_232' title='bbox 1561 2989 1668 3056; x_wconf 85' lang='grc' dir='ltr'><strong>ἄρα</strong></span> <span class='ocrx_word' id='word_1_233' title='bbox 1711 2985 1815 3038; x_wconf 74' lang='grc' dir='ltr'><strong>ὑπὸ</strong></span> 
     </span>
    </p>
   </div>
   <div class='ocr_carea' id='block_1_30' title="bbox 233 3072 1812 3153">
    <p class='ocr_par' dir='ltr' id='par_1_30' title="bbox 233 3072 1812 3153">
     <span class='ocr_line' id='line_1_30' title="bbox 233 3072 1812 3153; baseline -0.003 -17"><span class='ocrx_word' id='word_1_234' title='bbox 233 3087 349 3146; x_wconf 82' lang='grc' dir='ltr'><strong>τοῖς</strong></span> <span class='ocrx_word' id='word_1_235' title='bbox 379 3081 598 3153; x_wconf 76' lang='grc' dir='ltr'><strong>ἐχθροῖς</strong></span> <span class='ocrx_word' id='word_1_236' title='bbox 620 3081 899 3150; x_wconf 84' lang='grc' dir='ltr'><strong>γεγονότες</strong></span> <span class='ocrx_word' id='word_1_237' title='bbox 927 3079 1271 3149; x_wconf 84' lang='grc' dir='ltr'><strong>αἰσθήσονται</strong></span> <span class='ocrx_word' id='word_1_238' title='bbox 1297 3072 1371 3132; x_wconf 83' lang='grc' dir='ltr'><strong>ὦν</strong></span> <span class='ocrx_word' id='word_1_239' title='bbox 1395 3096 1454 3131; x_wconf 90' lang='grc' dir='ltr'><strong>τε</strong></span> <span class='ocrx_word' id='word_1_240' title='bbox 1478 3079 1707 3148; x_wconf 68' lang='grc' dir='ltr'><strong>ἠσέϐουν</strong></span> <span class='ocrx_word' id='word_1_241' title='bbox 1735 3079 1812 3142; x_wconf 85' lang='grc' dir='ltr'><strong>εἰς</strong></span> 
     </span>
    </p>
   </div>
   <div class='ocr_carea' id='block_1_31' title="bbox 233 3168 1882 3245">
    <p class='ocr_par' dir='ltr' id='par_1_31' title="bbox 233 3168 1882 3245">
     <span class='ocr_line' id='line_1_31' title="bbox 233 3168 1882 3245; baseline -0.001 -18"><span class='ocrx_word' id='word_1_242' title='bbox 233 3175 362 3245; x_wconf 82' lang='grc' dir='ltr'><strong>ἐμὲ.</strong></span> <span class='ocrx_word' id='word_1_243' title='bbox 409 3169 486 3228; x_wconf 82' lang='grc' dir='ltr'><strong>ὧν</strong></span> <span class='ocrx_word' id='word_1_244' title='bbox 530 3192 590 3227; x_wconf 90' lang='grc' dir='ltr'><strong>τε</strong></span> <span class='ocrx_word' id='word_1_245' title='bbox 624 3174 860 3244; x_wconf 69' lang='grc' dir='ltr'><strong>ἠδίκουν.</strong></span> <span class='ocrx_word' id='word_1_246' title='bbox 903 3178 994 3242; x_wconf 90' lang='lat' dir='ltr'><strong>(p.</strong></span> <span class='ocrx_word' id='word_1_247' title='bbox 1029 3171 1116 3239; x_wconf 77' lang='grc'><strong>61)</strong></span> <span class='ocrx_word' id='word_1_248' title='bbox 1163 3190 1180 3221; x_wconf 77' lang='grc' dir='ltr'><strong>ι</strong></span> <span class='ocrx_word' id='word_1_249' title='bbox 1216 3169 1332 3222; x_wconf 85' lang='grc' dir='ltr'><strong>Νῦν</strong></span> <span class='ocrx_word' id='word_1_250' title='bbox 1373 3169 1676 3240; x_wconf 75' lang='grc' dir='ltr'><strong>εἰσδέξομαι</strong></span> <span class='ocrx_word' id='word_1_251' title='bbox 1713 3169 1814 3221; x_wconf 77' lang='grc' dir='ltr'><strong>αὑ·</strong></span> <span class='ocrx_word' id='word_1_252' title='bbox 1841 3168 1882 3226; x_wconf 86' lang='lat' dir='ltr'><strong><em>C</em></strong></span> 
     </span>
    </p>
   </div>
   <div class='ocr_carea' id='block_1_32' title="bbox 226 3261 1816 3336">
    <p class='ocr_par' dir='ltr' id='par_1_32' title="bbox 226 3261 1816 3336">
     <span class='ocr_line' id='line_1_32' title="bbox 226 3261 1816 3336; baseline -0.003 -17"><span class='ocrx_word' id='word_1_253' title='bbox 226 3266 386 3329; x_wconf 81' lang='grc' dir='ltr'><strong>τούς.</strong></span> <span class='ocrx_word' id='word_1_254' title='bbox 427 3285 446 3318; x_wconf 73' lang='grc' dir='ltr'><strong>ι</strong></span> <span class='ocrx_word' id='word_1_255' title='bbox 493 3265 772 3336; x_wconf 78' lang='grc' dir='ltr'><strong>’Δναμενῶ</strong></span> <span class='ocrx_word' id='word_1_256' title='bbox 797 3264 906 3335; x_wconf 82' lang='grc' dir='ltr'><strong>γὰρ</strong></span> <span class='ocrx_word' id='word_1_257' title='bbox 951 3264 1143 3325; x_wconf 74' lang='grc' dir='ltr'><strong>αὐτοὺς</strong></span> <span class='ocrx_word' id='word_1_258' title='bbox 1177 3265 1233 3314; x_wconf 82' lang='grc' dir='ltr'><strong>ὲν</strong></span> <span class='ocrx_word' id='word_1_259' title='bbox 1261 3264 1325 3332; x_wconf 78' lang='grc' dir='ltr'><strong>τῇ</strong></span> <span class='ocrx_word' id='word_1_260' title='bbox 1365 3261 1472 3314; x_wconf 85' lang='grc' dir='ltr'><strong>τῶν</strong></span> <span class='ocrx_word' id='word_1_261' title='bbox 1519 3261 1816 3330; x_wconf 79' lang='grc' dir='ltr'><strong>Ἀσσυρίων</strong></span> 
     </span>
    </p>
   </div>
   <div class='ocr_carea' id='block_1_33' title="bbox 227 3354 1813 3430">
    <p class='ocr_par' dir='ltr' id='par_1_33' title="bbox 227 3354 1813 3430">
     <span class='ocr_line' id='line_1_33' title="bbox 227 3354 1813 3430; baseline 0 -20"><span class='ocrx_word' id='word_1_262' title='bbox 227 3357 419 3430; x_wconf 66' lang='grc' dir='ltr'><strong>χώρᾳ·</strong></span> <span class='ocrx_word' id='word_1_263' title='bbox 447 3359 528 3420; x_wconf 82' lang='grc' dir='ltr'><strong>εἰς</strong></span> <span class='ocrx_word' id='word_1_264' title='bbox 549 3357 764 3427; x_wconf 83' lang='grc' dir='ltr'><strong>ἐκείνην</strong></span> <span class='ocrx_word' id='word_1_265' title='bbox 782 3357 871 3409; x_wconf 82' lang='grc' dir='ltr'><strong>διὰ</strong></span> <span class='ocrx_word' id='word_1_266' title='bbox 889 3357 985 3425; x_wconf 81' lang='grc' dir='ltr'><strong>τῆς</strong></span> <span class='ocrx_word' id='word_1_267' title='bbox 1013 3354 1384 3424; x_wconf 85' lang='grc' dir='ltr'><strong>αἰχμαλωσίας</strong></span> <span class='ocrx_word' id='word_1_268' title='bbox 1403 3354 1575 3406; x_wconf 79' lang='grc' dir='ltr'><strong>έλκων</strong></span> <span class='ocrx_word' id='word_1_269' title='bbox 1599 3354 1813 3416; x_wconf 76' lang='grc' dir='ltr'><strong>αὐτοὺς.</strong></span> 
     </span>
    </p>
   </div>
   <div class='ocr_carea' id='block_1_34' title="bbox 226 3445 1816 3520">
    <p class='ocr_par' dir='ltr' id='par_1_34' title="bbox 226 3445 1816 3520">
     <span class='ocr_line' id='line_1_34' title="bbox 226 3445 1816 3520; baseline -0.003 -18"><span class='ocrx_word' id='word_1_270' title='bbox 226 3450 380 3502; x_wconf 75' lang='grc' dir='ltr'><strong>ὥστε</strong></span> <span class='ocrx_word' id='word_1_271' title='bbox 423 3449 534 3502; x_wconf 83' lang='grc' dir='ltr'><strong>τῶν</strong></span> <span class='ocrx_word' id='word_1_272' title='bbox 561 3449 922 3520; x_wconf 79' lang='grc' dir='ltr'><strong>ἀσεϐημάτων</strong></span> <span class='ocrx_word' id='word_1_273' title='bbox 955 3448 1062 3504; x_wconf 78' lang='grc' dir='ltr'><strong>τῶν</strong></span> <span class='ocrx_word' id='word_1_274' title='bbox 1095 3447 1308 3502; x_wconf 84' lang='grc' dir='ltr'><strong>οἰκείων</strong></span> <span class='ocrx_word' id='word_1_275' title='bbox 1341 3445 1589 3517; x_wconf 74' lang='grc' dir='ltr'><strong>αἴσθησιν</strong></span> <span class='ocrx_word' id='word_1_276' title='bbox 1632 3446 1816 3498; x_wconf 88' lang='grc' dir='ltr'><strong>λαϐεῖν</strong></span> 
     </span>
    </p>
   </div>
   <div class='ocr_carea' id='block_1_35' title="bbox 229 3539 1815 3610">
    <p class='ocr_par' dir='ltr' id='par_1_35' title="bbox 229 3539 1815 3610">
     <span class='ocr_line' id='line_1_35' title="bbox 229 3539 1815 3610; baseline -0.004 -16"><span class='ocrx_word' id='word_1_277' title='bbox 229 3543 384 3594; x_wconf 81' lang='grc' dir='ltr'><strong>τότε·</strong></span> <span class='ocrx_word' id='word_1_278' title='bbox 421 3541 540 3604; x_wconf 81' lang='grc' dir='ltr'><strong>πῶς</strong></span> <span class='ocrx_word' id='word_1_279' title='bbox 564 3543 658 3594; x_wconf 71' lang='grc' dir='ltr'><strong>καὶ</strong></span> <span class='ocrx_word' id='word_1_280' title='bbox 680 3542 800 3594; x_wconf 90' lang='grc' dir='ltr'><strong>τίνα</strong></span> <span class='ocrx_word' id='word_1_281' title='bbox 820 3540 912 3593; x_wconf 71' lang='grc' dir='ltr'><strong>τὸν</strong></span> <span class='ocrx_word' id='word_1_282' title='bbox 932 3541 1130 3610; x_wconf 83' lang='grc' dir='ltr'><strong>τρόπον</strong></span> <span class='ocrx_word' id='word_1_283' title='bbox 1157 3558 1170 3604; x_wconf 91' lang='grc'>;</span> <span class='ocrx_word' id='word_1_284' title='bbox 1206 3560 1224 3592; x_wconf 75' lang='grc' dir='ltr'><strong>ι</strong></span> <span class='ocrx_word' id='word_1_285' title='bbox 1258 3540 1368 3592; x_wconf 77' lang='grc' dir='ltr'><strong>Καὶ</strong></span> <span class='ocrx_word' id='word_1_286' title='bbox 1395 3539 1692 3591; x_wconf 86' lang='grc' dir='ltr'><strong>κοπάσουσι</strong></span> <span class='ocrx_word' id='word_1_287' title='bbox 1725 3555 1815 3608; x_wconf 89' lang='grc' dir='ltr'><strong>μι-</strong></span> 
     </span>
    </p>
   </div>
   <div class='ocr_carea' id='block_1_36' title="bbox 229 3630 1815 3705">
    <p class='ocr_par' dir='ltr' id='par_1_36' title="bbox 229 3630 1815 3705">
     <span class='ocr_line' id='line_1_36' title="bbox 229 3630 1815 3705; baseline -0.003 -19"><span class='ocrx_word' id='word_1_288' title='bbox 229 3635 375 3705; x_wconf 80' lang='grc' dir='ltr'><strong>κρὸν</strong></span> <span class='ocrx_word' id='word_1_289' title='bbox 417 3633 513 3687; x_wconf 80' lang='grc' dir='ltr'><strong>τοῦ</strong></span> <span class='ocrx_word' id='word_1_290' title='bbox 549 3635 724 3704; x_wconf 82' lang='grc' dir='ltr'><strong>χρίειν</strong></span> <span class='ocrx_word' id='word_1_291' title='bbox 761 3633 982 3703; x_wconf 87' lang='grc' dir='ltr'><strong>βασιλέα</strong></span> <span class='ocrx_word' id='word_1_292' title='bbox 1012 3635 1103 3686; x_wconf 73' lang='grc' dir='ltr'><strong>καὶ</strong></span> <span class='ocrx_word' id='word_1_293' title='bbox 1132 3633 1412 3704; x_wconf 78' lang='grc' dir='ltr'><strong>ἄρχοντας.</strong></span> <span class='ocrx_word' id='word_1_294' title='bbox 1456 3649 1475 3682; x_wconf 75' lang='grc' dir='ltr'><strong>ι</strong></span> <span class='ocrx_word' id='word_1_295' title='bbox 1512 3630 1815 3683; x_wconf 85' lang='grc' dir='ltr'><strong>Παύσονται</strong></span> 
     </span>
    </p>
   </div>
   <div class='ocr_carea' id='block_1_37' title="bbox 227 3719 1814 3797">
    <p class='ocr_par' dir='ltr' id='par_1_37' title="bbox 227 3719 1814 3797">
     <span class='ocr_line' id='line_1_37' title="bbox 227 3719 1814 3797; baseline -0.004 -19"><span class='ocrx_word' id='word_1_296' title='bbox 227 3731 347 3797; x_wconf 71' lang='grc' dir='ltr'><strong>γὰρ</strong></span> <span class='ocrx_word' id='word_1_297' title='bbox 380 3725 482 3779; x_wconf 73' lang='grc' dir='ltr'><strong>τοῦ</strong></span> <span class='ocrx_word' id='word_1_298' title='bbox 526 3727 626 3789; x_wconf 82' lang='grc' dir='ltr'><strong>τάς</strong></span> <span class='ocrx_word' id='word_1_299' title='bbox 656 3725 1002 3796; x_wconf 84' lang='grc' dir='ltr'><strong>παρανόμους</strong></span> <span class='ocrx_word' id='word_1_300' title='bbox 1047 3725 1250 3786; x_wconf 88' lang='grc' dir='ltr'><strong>ταύτας</strong></span> <span class='ocrx_word' id='word_1_301' title='bbox 1283 3720 1556 3792; x_wconf 83' lang='grc' dir='ltr'><strong>βασιλείας</strong></span> <span class='ocrx_word' id='word_1_302' title='bbox 1586 3737 1644 3772; x_wconf 90' lang='grc' dir='ltr'><strong>τε</strong></span> <span class='ocrx_word' id='word_1_303' title='bbox 1679 3719 1814 3772; x_wconf 89' lang='grc' dir='ltr'><strong>καθ-</strong></span> 
     </span>
    </p>
   </div>
   <div class='ocr_carea' id='block_1_38' title="bbox 1905 413 3460 472">
    <p class='ocr_par' dir='ltr' id='par_1_38' title="bbox 1905 413 3460 472">
     <span class='ocr_line' id='line_1_38' title="bbox 1905 413 3460 472; baseline -0.004 0"><span class='ocrx_word' id='word_1_304' title='bbox 1905 417 2105 472; x_wconf 66' lang='lat' dir='ltr'><strong>OSEA&#39;I</strong></span> <span class='ocrx_word' id='word_1_305' title='bbox 2147 417 2297 470; x_wconf 70' lang='lat' dir='ltr'><strong>CAP.</strong></span> <span class='ocrx_word' id='word_1_306' title='bbox 2340 415 2476 469; x_wconf 72' lang='lat' dir='ltr'><strong>Vill.</strong></span> <span class='ocrx_word' id='word_1_307' title='bbox 3359 413 3460 467; x_wconf 68' lang='grc' dir='ltr'><strong>ιη</strong></span> 
     </span>
    </p>
   </div>
   <div class='ocr_carea' id='block_1_39' title="bbox 1978 535 3464 606">
    <p class='ocr_par' dir='ltr' id='par_1_39' title="bbox 1978 535 3464 606">
     <span class='ocr_line' id='line_1_39' title="bbox 1978 535 3464 606; baseline 0.001 -17"><span class='ocrx_word' id='word_1_308' title='bbox 1978 536 2140 590; x_wconf 74' lang='lat' dir='ltr'><strong>Vsus.</strong></span> <span class='ocrx_word' id='word_1_309' title='bbox 2176 537 2326 589; x_wconf 68' lang='lat'><strong>7-10.</strong></span> <span class='ocrx_word' id='word_1_310' title='bbox 2352 567 2418 574; x_wconf 91' lang='lat'><strong>——</strong></span> <span class='ocrx_word' id='word_1_311' title='bbox 2445 554 2462 585; x_wconf 76' lang='grc' dir='ltr'><strong>ι</strong></span> <span class='ocrx_word' id='word_1_312' title='bbox 2503 535 2641 602; x_wconf 87' lang='lat' dir='ltr'><strong>Quia</strong></span> <span class='ocrx_word' id='word_1_313' title='bbox 2666 536 2909 606; x_wconf 87' lang='lat' dir='ltr'><strong>corrupit</strong></span> <span class='ocrx_word' id='word_1_314' title='bbox 2949 535 3202 606; x_wconf 83' lang='lat' dir='ltr'><strong>(semina)</strong></span> <span class='ocrx_word' id='word_1_315' title='bbox 3244 543 3464 597; x_wconf 83' lang='lat' dir='ltr'><strong>ventus,</strong></span> 
     </span>
    </p>
   </div>
   <div class='ocr_carea' id='block_1_40' title="bbox 1904 627 3468 700">
    <p class='ocr_par' dir='ltr' id='par_1_40' title="bbox 1904 627 3468 700">
     <span class='ocr_line' id='line_1_40' title="bbox 1904 627 3468 700; baseline -0.001 -14"><span class='ocrx_word' id='word_1_316' title='bbox 1904 631 2136 700; x_wconf 73' lang='lat' dir='ltr'><strong>excipiet</strong></span> <span class='ocrx_word' id='word_1_317' title='bbox 2186 644 2247 682; x_wconf 84' lang='lat' dir='ltr'><strong>ca</strong></span> <span class='ocrx_word' id='word_1_318' title='bbox 2312 629 2610 684; x_wconf 76' lang='lat' dir='ltr'><strong>sulwcrsio.</strong></span> <span class='ocrx_word' id='word_1_319' title='bbox 2662 629 2888 685; x_wconf 86' lang='lat' dir='ltr'><strong>Culmus</strong></span> <span class='ocrx_word' id='word_1_320' title='bbox 2935 631 3127 684; x_wconf 68' lang='lat' dir='ltr'><strong>farinae</strong></span> <span class='ocrx_word' id='word_1_321' title='bbox 3173 627 3468 685; x_wconf 57' lang='lat' dir='ltr'><strong>ciiicienda‘:</strong></span> 
     </span>
    </p>
   </div>
   <div class='ocr_carea' id='block_1_41' title="bbox 1905 718 3468 786">
    <p class='ocr_par' dir='ltr' id='par_1_41' title="bbox 1905 718 3468 786">
     <span class='ocr_line' id='line_1_41' title="bbox 1905 718 3468 786; baseline -0.001 -11"><span class='ocrx_word' id='word_1_322' title='bbox 1905 724 2012 774; x_wconf 95' lang='lat' dir='ltr'><strong>vim</strong></span> <span class='ocrx_word' id='word_1_323' title='bbox 2058 735 2164 773; x_wconf 91' lang='lat' dir='ltr'><strong>uou</strong></span> <span class='ocrx_word' id='word_1_324' title='bbox 2215 719 2418 772; x_wconf 78' lang='lat' dir='ltr'><strong>habens</strong></span> <span class='ocrx_word' id='word_1_325' title='bbox 2459 736 2471 770; x_wconf 91' lang='lat'>:</span> <span class='ocrx_word' id='word_1_326' title='bbox 2505 733 2666 786; x_wconf 89' lang='lat' dir='ltr'><strong>quam</strong></span> <span class='ocrx_word' id='word_1_327' title='bbox 2705 720 2748 772; x_wconf 89' lang='lat' dir='ltr'><strong>si</strong></span> <span class='ocrx_word' id='word_1_328' title='bbox 2788 719 2927 773; x_wconf 80' lang='lat' dir='ltr'><strong>forte</strong></span> <span class='ocrx_word' id='word_1_329' title='bbox 2961 718 3171 783; x_wconf 75' lang='lat' dir='ltr'><strong>fecerit,</strong></span> <span class='ocrx_word' id='word_1_330' title='bbox 3200 718 3468 773; x_wconf 89' lang='lat' dir='ltr'><strong>vorabunt</strong></span> 
     </span>
    </p>
   </div>
   <div class='ocr_carea' id='block_1_42' title="bbox 1905 807 3464 880">
    <p class='ocr_par' dir='ltr' id='par_1_42' title="bbox 1905 807 3464 880">
     <span class='ocr_line' id='line_1_42' title="bbox 1905 807 3464 880; baseline -0.001 -15"><span class='ocrx_word' id='word_1_331' title='bbox 1905 827 2025 866; x_wconf 89' lang='lat' dir='ltr'><strong>eam</strong></span> <span class='ocrx_word' id='word_1_332' title='bbox 2055 811 2234 864; x_wconf 88' lang='lat' dir='ltr'><strong>alieni.</strong></span> <span class='ocrx_word' id='word_1_333' title='bbox 2284 829 2302 860; x_wconf 72' lang='grc' dir='ltr'><strong>ι</strong></span> <span class='ocrx_word' id='word_1_334' title='bbox 2343 807 2494 861; x_wconf 83' lang='lat' dir='ltr'><strong>llaud</strong></span> <span class='ocrx_word' id='word_1_335' title='bbox 2533 808 2714 862; x_wconf 69' lang='lat' dir='ltr'><strong>diﬂ‘ert</strong></span> <span class='ocrx_word' id='word_1_336' title='bbox 2753 808 3101 879; x_wconf 84' lang='lat' dir='ltr'><strong>(idololatria)</strong></span> <span class='ocrx_word' id='word_1_337' title='bbox 3137 826 3165 864; x_wconf 91' lang='lat' dir='ltr'><strong>a</strong></span> <span class='ocrx_word' id='word_1_338' title='bbox 3215 810 3464 880; x_wconf 84' lang='lat' dir='ltr'><strong>germini-</strong></span> 
     </span>
    </p>
   </div>
   <div class='ocr_carea' id='block_1_43' title="bbox 1906 899 3464 969">
    <p class='ocr_par' dir='ltr' id='par_1_43' title="bbox 1906 899 3464 969">
     <span class='ocr_line' id='line_1_43' title="bbox 1906 899 3464 969; baseline 0 -15"><span class='ocrx_word' id='word_1_339' title='bbox 1906 901 2008 954; x_wconf 90' lang='lat' dir='ltr'><strong>hus</strong></span> <span class='ocrx_word' id='word_1_340' title='bbox 2036 899 2160 963; x_wconf 81' lang='lat' dir='ltr'><strong>illis,</strong></span> <span class='ocrx_word' id='word_1_341' title='bbox 2195 915 2314 967; x_wconf 73' lang='lat' dir='ltr'><strong>quae</strong></span> <span class='ocrx_word' id='word_1_342' title='bbox 2346 907 2584 951; x_wconf 69' lang='lat' dir='ltr'><strong>aestuoso</strong></span> <span class='ocrx_word' id='word_1_343' title='bbox 2619 907 2778 952; x_wconf 81' lang='lat' dir='ltr'><strong>vento</strong></span> <span class='ocrx_word' id='word_1_344' title='bbox 2799 901 3070 953; x_wconf 75' lang='lat' dir='ltr'><strong>exsiccata</strong></span> <span class='ocrx_word' id='word_1_345' title='bbox 3103 909 3156 956; x_wconf 89' lang='lat' dir='ltr'><strong>et</strong></span> <span class='ocrx_word' id='word_1_346' title='bbox 3184 910 3464 969; x_wconf 86' lang='lat' dir='ltr'><strong>corrupta,</strong></span> 
     </span>
    </p>
   </div>
   <div class='ocr_carea' id='block_1_44' title="bbox 1907 988 3463 1060">
    <p class='ocr_par' dir='ltr' id='par_1_44' title="bbox 1907 988 3463 1060">
     <span class='ocr_line' id='line_1_44' title="bbox 1907 988 3463 1060; baseline 0.001 -18"><span class='ocrx_word' id='word_1_347' title='bbox 1907 990 2214 1044; x_wconf 89' lang='lat' dir='ltr'><strong>nutriendis</strong></span> <span class='ocrx_word' id='word_1_348' title='bbox 2250 988 2563 1043; x_wconf 89' lang='lat' dir='ltr'><strong>hominibus</strong></span> <span class='ocrx_word' id='word_1_349' title='bbox 2584 1003 2810 1056; x_wconf 89' lang='lat' dir='ltr'><strong>prorsus</strong></span> <span class='ocrx_word' id='word_1_350' title='bbox 2839 997 2968 1042; x_wconf 87' lang='lat' dir='ltr'><strong>sunt</strong></span> <span class='ocrx_word' id='word_1_351' title='bbox 3006 991 3186 1060; x_wconf 89' lang='lat' dir='ltr'><strong>inepta</strong></span> <span class='ocrx_word' id='word_1_352' title='bbox 3215 1009 3227 1044; x_wconf 94' lang='lat'><strong>:</strong></span> <span class='ocrx_word' id='word_1_353' title='bbox 3263 993 3463 1045; x_wconf 89' lang='lat' dir='ltr'><strong>etenim</strong></span> 
     </span>
    </p>
   </div>
   <div class='ocr_carea' id='block_1_45' title="bbox 1907 1075 3466 1148">
    <p class='ocr_par' dir='ltr' id='par_1_45' title="bbox 1907 1075 3466 1148">
     <span class='ocr_line' id='line_1_45' title="bbox 1907 1075 3466 1148; baseline 0.002 -18"><span class='ocrx_word' id='word_1_354' title='bbox 1907 1077 2189 1146; x_wconf 78' lang='lat' dir='ltr'><strong>corruptio</strong></span> <span class='ocrx_word' id='word_1_355' title='bbox 2221 1083 2274 1129; x_wconf 93' lang='lat' dir='ltr'><strong>et</strong></span> <span class='ocrx_word' id='word_1_356' title='bbox 2317 1076 2538 1129; x_wconf 79' lang='lat' dir='ltr'><strong>exitium</strong></span> <span class='ocrx_word' id='word_1_357' title='bbox 2571 1085 2755 1129; x_wconf 89' lang='lat' dir='ltr'><strong>manet</strong></span> <span class='ocrx_word' id='word_1_358' title='bbox 2790 1075 2902 1129; x_wconf 71' lang='lat' dir='ltr'><strong>haec</strong></span> <span class='ocrx_word' id='word_1_359' title='bbox 2930 1095 2942 1128; x_wconf 90' lang='lat'><strong>:</strong></span> <span class='ocrx_word' id='word_1_360' title='bbox 2981 1088 3108 1130; x_wconf 90' lang='lat' dir='ltr'><strong>sunt</strong></span> <span class='ocrx_word' id='word_1_361' title='bbox 3142 1078 3341 1148; x_wconf 87' lang='lat' dir='ltr'><strong>quippe</strong></span> <span class='ocrx_word' id='word_1_362' title='bbox 3390 1080 3466 1133; x_wconf 91' lang='lat' dir='ltr'><strong>in-</strong></span> 
     </span>
    </p>
   </div>
   <div class='ocr_carea' id='block_1_46' title="bbox 1907 1165 3468 1237">
    <p class='ocr_par' dir='ltr' id='par_1_46' title="bbox 1907 1165 3468 1237">
     <span class='ocr_line' id='line_1_46' title="bbox 1907 1165 3468 1237; baseline 0.002 -16"><span class='ocrx_word' id='word_1_363' title='bbox 1907 1168 2082 1230; x_wconf 90' lang='lat' dir='ltr'><strong>utilia,</strong></span> <span class='ocrx_word' id='word_1_364' title='bbox 2115 1167 2241 1236; x_wconf 86' lang='lat' dir='ltr'><strong>quia</strong></span> <span class='ocrx_word' id='word_1_365' title='bbox 2276 1166 2506 1219; x_wconf 80' lang='lat' dir='ltr'><strong>farinam</strong></span> <span class='ocrx_word' id='word_1_366' title='bbox 2557 1165 2752 1220; x_wconf 84' lang='lat' dir='ltr'><strong>alendo</strong></span> <span class='ocrx_word' id='word_1_367' title='bbox 2795 1174 2972 1236; x_wconf 89' lang='lat' dir='ltr'><strong>aptam</strong></span> <span class='ocrx_word' id='word_1_368' title='bbox 3017 1183 3082 1220; x_wconf 84' lang='lat' dir='ltr'><strong>ex</strong></span> <span class='ocrx_word' id='word_1_369' title='bbox 3133 1183 3191 1221; x_wconf 92' lang='lat' dir='ltr'><strong>se</strong></span> <span class='ocrx_word' id='word_1_370' title='bbox 3220 1184 3468 1237; x_wconf 83' lang='lat' dir='ltr'><strong>promere</strong></span> 
     </span>
    </p>
   </div>
   <div class='ocr_carea' id='block_1_47' title="bbox 1908 1256 3468 1328">
    <p class='ocr_par' dir='ltr' id='par_1_47' title="bbox 1908 1256 3468 1328">
     <span class='ocr_line' id='line_1_47' title="bbox 1908 1256 3468 1328; baseline 0.004 -19"><span class='ocrx_word' id='word_1_371' title='bbox 1908 1268 2217 1324; x_wconf 83' lang='lat' dir='ltr'><strong>nequeunt;</strong></span> <span class='ocrx_word' id='word_1_372' title='bbox 2259 1272 2384 1309; x_wconf 85' lang='lat' dir='ltr'><strong>nam</strong></span> <span class='ocrx_word' id='word_1_373' title='bbox 2425 1256 2472 1311; x_wconf 87' lang='lat' dir='ltr'><strong>si</strong></span> <span class='ocrx_word' id='word_1_374' title='bbox 2508 1256 2648 1310; x_wconf 75' lang='lat' dir='ltr'><strong>forte</strong></span> <span class='ocrx_word' id='word_1_375' title='bbox 2684 1256 2810 1309; x_wconf 89' lang='lat' dir='ltr'><strong>hinc</strong></span> <span class='ocrx_word' id='word_1_376' title='bbox 2858 1257 3062 1328; x_wconf 89' lang='lat' dir='ltr'><strong>aliquid</strong></span> <span class='ocrx_word' id='word_1_377' title='bbox 3097 1257 3377 1326; x_wconf 83' lang='lat' dir='ltr'><strong>eﬂiciatur,</strong></span> <span class='ocrx_word' id='word_1_378' title='bbox 3412 1261 3468 1316; x_wconf 88' lang='lat' dir='ltr'><strong>id</strong></span> 
     </span>
    </p>
   </div>
   <div class='ocr_carea' id='block_1_48' title="bbox 1903 1345 3470 1420">
    <p class='ocr_par' dir='ltr' id='par_1_48' title="bbox 1903 1345 3470 1420">
     <span class='ocr_line' id='line_1_48' title="bbox 1903 1345 3470 1420; baseline 0.004 -22"><span class='ocrx_word' id='word_1_379' title='bbox 1903 1347 2163 1415; x_wconf 87' lang='lat' dir='ltr'><strong>jnmeutis</strong></span> <span class='ocrx_word' id='word_1_380' title='bbox 2202 1346 2383 1414; x_wconf 80' lang='lat' dir='ltr'><strong>pabuli</strong></span> <span class='ocrx_word' id='word_1_381' title='bbox 2415 1360 2579 1400; x_wconf 89' lang='lat' dir='ltr'><strong>causa</strong></span> <span class='ocrx_word' id='word_1_382' title='bbox 2620 1347 2928 1415; x_wconf 83' lang='lat' dir='ltr'><strong>projicitur.</strong></span> <span class='ocrx_word' id='word_1_383' title='bbox 2960 1345 3082 1401; x_wconf 86' lang='lat' dir='ltr'><strong>Pari</strong></span> <span class='ocrx_word' id='word_1_384' title='bbox 3117 1364 3352 1420; x_wconf 84' lang='lat' dir='ltr'><strong>namque</strong></span> <span class='ocrx_word' id='word_1_385' title='bbox 3380 1367 3470 1405; x_wconf 83' lang='lat' dir='ltr'><strong>ra-</strong></span> 
     </span>
    </p>
   </div>
   <div class='ocr_carea' id='block_1_49' title="bbox 1909 1439 3471 1503">
    <p class='ocr_par' dir='ltr' id='par_1_49' title="bbox 1909 1439 3471 1503">
     <span class='ocr_line' id='line_1_49' title="bbox 1909 1439 3471 1503; baseline 0.004 -13"><span class='ocrx_word' id='word_1_386' title='bbox 1909 1439 2075 1503; x_wconf 83' lang='lat' dir='ltr'><strong>tione,</strong></span> <span class='ocrx_word' id='word_1_387' title='bbox 2109 1439 2379 1494; x_wconf 79' lang='lat' dir='ltr'><strong>idolorum</strong></span> <span class='ocrx_word' id='word_1_388' title='bbox 2412 1439 2647 1492; x_wconf 86' lang='lat' dir='ltr'><strong>servitns</strong></span> <span class='ocrx_word' id='word_1_389' title='bbox 2682 1440 2842 1492; x_wconf 81' lang='lat' dir='ltr'><strong>noxia</strong></span> <span class='ocrx_word' id='word_1_390' title='bbox 2872 1447 2975 1501; x_wconf 90' lang='lat' dir='ltr'><strong>est,</strong></span> <span class='ocrx_word' id='word_1_391' title='bbox 3004 1447 3058 1494; x_wconf 89' lang='lat' dir='ltr'><strong>et</strong></span> <span class='ocrx_word' id='word_1_392' title='bbox 3090 1440 3295 1494; x_wconf 89' lang='lat' dir='ltr'><strong>nullam</strong></span> <span class='ocrx_word' id='word_1_393' title='bbox 3322 1451 3471 1497; x_wconf 84' lang='lat' dir='ltr'><strong>certe</strong></span> 
     </span>
    </p>
   </div>
   <div class='ocr_carea' id='block_1_50' title="bbox 1911 1526 3471 1596">
    <p class='ocr_par' dir='ltr' id='par_1_50' title="bbox 1911 1526 3471 1596">
     <span class='ocr_line' id='line_1_50' title="bbox 1911 1526 3471 1596; baseline 0.002 -16"><span class='ocrx_word' id='word_1_394' title='bbox 1911 1528 2196 1581; x_wconf 83' lang='lat' dir='ltr'><strong>utilitatem</strong></span> <span class='ocrx_word' id='word_1_395' title='bbox 2242 1527 2568 1596; x_wconf 84' lang='lat' dir='ltr'><strong>suppeditat.</strong></span> <span class='ocrx_word' id='word_1_396' title='bbox 2605 1526 2759 1591; x_wconf 83' lang='lat' dir='ltr'><strong>Quod</strong></span> <span class='ocrx_word' id='word_1_397' title='bbox 2809 1528 2852 1581; x_wconf 91' lang='lat' dir='ltr'><strong>si</strong></span> <span class='ocrx_word' id='word_1_398' title='bbox 2893 1527 3024 1596; x_wconf 85' lang='lat' dir='ltr'><strong>quid</strong></span> <span class='ocrx_word' id='word_1_399' title='bbox 3075 1527 3290 1583; x_wconf 86' lang='lat' dir='ltr'><strong>aliunde</strong></span> <span class='ocrx_word' id='word_1_400' title='bbox 3321 1529 3471 1583; x_wconf 81' lang='lat' dir='ltr'><strong>vobis</strong></span> 
     </span>
    </p>
   </div>
   <div class='ocr_carea' id='block_1_51' title="bbox 1909 1615 3474 1689">
    <p class='ocr_par' dir='ltr' id='par_1_51' title="bbox 1909 1615 3474 1689">
     <span class='ocr_line' id='line_1_51' title="bbox 1909 1615 3474 1689; baseline 0.003 -22"><span class='ocrx_word' id='word_1_401' title='bbox 1909 1617 2168 1684; x_wconf 79' lang='lat' dir='ltr'><strong>supersit,</strong></span> <span class='ocrx_word' id='word_1_402' title='bbox 2204 1615 2254 1668; x_wconf 90' lang='lat' dir='ltr'><strong>id</strong></span> <span class='ocrx_word' id='word_1_403' title='bbox 2290 1631 2507 1684; x_wconf 88' lang='lat' dir='ltr'><strong>quoque</strong></span> <span class='ocrx_word' id='word_1_404' title='bbox 2556 1616 2709 1670; x_wconf 88' lang='lat' dir='ltr'><strong>lucro</strong></span> <span class='ocrx_word' id='word_1_405' title='bbox 2760 1615 3009 1672; x_wconf 85' lang='lat' dir='ltr'><strong>hostibus</strong></span> <span class='ocrx_word' id='word_1_406' title='bbox 3044 1618 3220 1679; x_wconf 87' lang='lat' dir='ltr'><strong>cedet,</strong></span> <span class='ocrx_word' id='word_1_407' title='bbox 3252 1626 3474 1689; x_wconf 87' lang='lat' dir='ltr'><strong>propter</strong></span> 
     </span>
    </p>
   </div>
   <div class='ocr_carea' id='block_1_52' title="bbox 1912 1707 3471 1777">
    <p class='ocr_par' dir='ltr' id='par_1_52' title="bbox 1912 1707 3471 1777">
     <span class='ocr_line' id='line_1_52' title="bbox 1912 1707 3471 1777; baseline 0.003 -17"><span class='ocrx_word' id='word_1_408' title='bbox 1912 1707 2204 1761; x_wconf 75' lang='lat' dir='ltr'><strong>lnerentem</strong></span> <span class='ocrx_word' id='word_1_409' title='bbox 2233 1708 2386 1762; x_wconf 86' lang='lat' dir='ltr'><strong>vobis</strong></span> <span class='ocrx_word' id='word_1_410' title='bbox 2420 1707 2771 1777; x_wconf 86' lang='lat' dir='ltr'><strong>impietatem.</strong></span> <span class='ocrx_word' id='word_1_411' title='bbox 2806 1727 2823 1757; x_wconf 89' lang='grc'><em>‹</em></span> <span class='ocrx_word' id='word_1_412' title='bbox 2855 1707 3150 1764; x_wconf 73' lang='lat' dir='ltr'><strong>Deroratus</strong></span> <span class='ocrx_word' id='word_1_413' title='bbox 3167 1717 3249 1764; x_wconf 89' lang='lat' dir='ltr'><strong>est</strong></span> <span class='ocrx_word' id='word_1_414' title='bbox 3273 1711 3471 1776; x_wconf 86' lang='lat' dir='ltr'><strong>Israel;</strong></span> 
     </span>
    </p>
   </div>
   <div class='ocr_carea' id='block_1_53' title="bbox 1911 1797 3470 1869">
    <p class='ocr_par' dir='ltr' id='par_1_53' title="bbox 1911 1797 3470 1869">
     <span class='ocr_line' id='line_1_53' title="bbox 1911 1797 3470 1869; baseline 0.004 -19"><span class='ocrx_word' id='word_1_415' title='bbox 1911 1813 2058 1851; x_wconf 85' lang='lat' dir='ltr'><strong>nunc</strong></span> <span class='ocrx_word' id='word_1_416' title='bbox 2108 1797 2285 1853; x_wconf 79' lang='lat' dir='ltr'><strong>factus</strong></span> <span class='ocrx_word' id='word_1_417' title='bbox 2324 1807 2407 1853; x_wconf 89' lang='lat' dir='ltr'><strong>est</strong></span> <span class='ocrx_word' id='word_1_418' title='bbox 2457 1800 2508 1852; x_wconf 89' lang='lat' dir='ltr'><strong>in</strong></span> <span class='ocrx_word' id='word_1_419' title='bbox 2549 1799 2862 1853; x_wconf 83' lang='lat' dir='ltr'><strong>nationibus</strong></span> <span class='ocrx_word' id='word_1_420' title='bbox 2913 1802 3068 1869; x_wconf 89' lang='lat' dir='ltr'><strong>quasi</strong></span> <span class='ocrx_word' id='word_1_421' title='bbox 3113 1816 3208 1856; x_wconf 81' lang='lat' dir='ltr'><strong>vas</strong></span> <span class='ocrx_word' id='word_1_422' title='bbox 3253 1799 3470 1868; x_wconf 91' lang='lat' dir='ltr'><strong>inutile;</strong></span> 
     </span>
    </p>
   </div>
   <div class='ocr_carea' id='block_1_54' title="bbox 1913 1887 3474 1961">
    <p class='ocr_par' dir='ltr' id='par_1_54' title="bbox 1913 1887 3474 1961">
     <span class='ocr_line' id='line_1_54' title="bbox 1913 1887 3474 1961; baseline 0.005 -23"><span class='ocrx_word' id='word_1_423' title='bbox 1913 1889 2043 1956; x_wconf 85' lang='lat' dir='ltr'><strong>quia</strong></span> <span class='ocrx_word' id='word_1_424' title='bbox 2095 1887 2200 1958; x_wconf 86' lang='lat' dir='ltr'><strong>ipsi</strong></span> <span class='ocrx_word' id='word_1_425' title='bbox 2263 1889 2626 1942; x_wconf 87' lang='lat' dir='ltr'><strong>ascenderunt</strong></span> <span class='ocrx_word' id='word_1_426' title='bbox 2661 1889 2725 1942; x_wconf 90' lang='lat' dir='ltr'><strong>ad</strong></span> <span class='ocrx_word' id='word_1_427' title='bbox 2759 1891 3032 1960; x_wconf 78' lang='lat' dir='ltr'><strong>Assyrios.</strong></span> <span class='ocrx_word' id='word_1_428' title='bbox 3084 1911 3102 1942; x_wconf 76' lang='grc' dir='ltr'><strong>ι</strong></span> <span class='ocrx_word' id='word_1_429' title='bbox 3148 1889 3474 1961; x_wconf 89' lang='lat' dir='ltr'><strong>Supremum</strong></span> 
     </span>
    </p>
   </div>
   <div class='ocr_carea' id='block_1_55' title="bbox 1911 1977 3474 2053">
    <p class='ocr_par' dir='ltr' id='par_1_55' title="bbox 1911 1977 3474 2053">
     <span class='ocr_line' id='line_1_55' title="bbox 1911 1977 3474 2053; baseline 0.004 -23"><span class='ocrx_word' id='word_1_430' title='bbox 1911 1979 2112 2048; x_wconf 82' lang='lat' dir='ltr'><strong>quippe</strong></span> <span class='ocrx_word' id='word_1_431' title='bbox 2158 1979 2539 2034; x_wconf 77' lang='lat' dir='ltr'><strong>exterminium</strong></span> <span class='ocrx_word' id='word_1_432' title='bbox 2589 1979 2727 2035; x_wconf 88' lang='lat' dir='ltr'><strong>hanc</strong></span> <span class='ocrx_word' id='word_1_433' title='bbox 2775 1982 2844 2034; x_wconf 91' lang='lat' dir='ltr'><strong>ob</strong></span> <span class='ocrx_word' id='word_1_434' title='bbox 2893 1998 3112 2036; x_wconf 79' lang='lat' dir='ltr'><strong>causam</strong></span> <span class='ocrx_word' id='word_1_435' title='bbox 3171 1977 3474 2053; x_wconf 77' lang='lat' dir='ltr'><strong>patiemini,</strong></span> 
     </span>
    </p>
   </div>
   <div class='ocr_carea' id='block_1_56' title="bbox 1913 2068 3479 2140">
    <p class='ocr_par' dir='ltr' id='par_1_56' title="bbox 1913 2068 3479 2140">
     <span class='ocr_line' id='line_1_56' title="bbox 1913 2068 3479 2140; baseline 0.004 -21"><span class='ocrx_word' id='word_1_436' title='bbox 1913 2070 2184 2137; x_wconf 88' lang='lat' dir='ltr'><strong>mancipia</strong></span> <span class='ocrx_word' id='word_1_437' title='bbox 2213 2071 2457 2140; x_wconf 80' lang='lat' dir='ltr'><strong>Assyriis</strong></span> <span class='ocrx_word' id='word_1_438' title='bbox 2503 2068 2630 2123; x_wconf 86' lang='lat' dir='ltr'><strong>facti</strong></span> <span class='ocrx_word' id='word_1_439' title='bbox 2665 2089 2678 2124; x_wconf 92' lang='lat'>:</span> <span class='ocrx_word' id='word_1_440' title='bbox 2716 2072 2861 2127; x_wconf 83' lang='lat' dir='ltr'><strong>vasis</strong></span> <span class='ocrx_word' id='word_1_441' title='bbox 2900 2072 3073 2128; x_wconf 84' lang='lat' dir='ltr'><strong>instar</strong></span> <span class='ocrx_word' id='word_1_442' title='bbox 3103 2073 3170 2127; x_wconf 91' lang='lat' dir='ltr'><strong>ad</strong></span> <span class='ocrx_word' id='word_1_443' title='bbox 3191 2073 3372 2128; x_wconf 88' lang='lat' dir='ltr'><strong>omnia</strong></span> <span class='ocrx_word' id='word_1_444' title='bbox 3396 2074 3479 2128; x_wconf 88' lang='lat' dir='ltr'><strong>iu—</strong></span> 
     </span>
    </p>
   </div>
   <div class='ocr_carea' id='block_1_57' title="bbox 1914 2162 3473 2232">
    <p class='ocr_par' dir='ltr' id='par_1_57' title="bbox 1914 2162 3473 2232">
     <span class='ocr_line' id='line_1_57' title="bbox 1914 2162 3473 2232; baseline 0.003 -15"><span class='ocrx_word' id='word_1_445' title='bbox 1914 2164 2064 2217; x_wconf 88' lang='lat' dir='ltr'><strong>utilis</strong></span> <span class='ocrx_word' id='word_1_446' title='bbox 2092 2162 2234 2218; x_wconf 89' lang='lat' dir='ltr'><strong>inter</strong></span> <span class='ocrx_word' id='word_1_447' title='bbox 2253 2164 2583 2232; x_wconf 82' lang='lat' dir='ltr'><strong>alienigenas</strong></span> <span class='ocrx_word' id='word_1_448' title='bbox 2603 2165 2973 2232; x_wconf 85' lang='lat' dir='ltr'><strong>versabimini,</strong></span> <span class='ocrx_word' id='word_1_449' title='bbox 2998 2175 3050 2220; x_wconf 89' lang='lat' dir='ltr'><strong>et</strong></span> <span class='ocrx_word' id='word_1_450' title='bbox 3069 2165 3221 2220; x_wconf 82' lang='lat' dir='ltr'><strong>ﬂocci</strong></span> <span class='ocrx_word' id='word_1_451' title='bbox 3250 2166 3473 2223; x_wconf 86' lang='lat' dir='ltr'><strong>ﬁemiui.</strong></span> 
     </span>
    </p>
   </div>
   <div class='ocr_carea' id='block_1_58' title="bbox 1918 2254 3479 2326">
    <p class='ocr_par' dir='ltr' id='par_1_58' title="bbox 1918 2254 3479 2326">
     <span class='ocr_line' id='line_1_58' title="bbox 1918 2254 3479 2326; baseline 0.004 -20"><span class='ocrx_word' id='word_1_452' title='bbox 1918 2274 1936 2306; x_wconf 80' lang='grc' dir='ltr'><strong>ι</strong></span> <span class='ocrx_word' id='word_1_453' title='bbox 1976 2254 2312 2309; x_wconf 87' lang='lat' dir='ltr'><strong>Germiuavit</strong></span> <span class='ocrx_word' id='word_1_454' title='bbox 2351 2256 2493 2324; x_wconf 89' lang='lat' dir='ltr'><strong>apud</strong></span> <span class='ocrx_word' id='word_1_455' title='bbox 2545 2257 2787 2326; x_wconf 87' lang='lat' dir='ltr'><strong>seipsum</strong></span> <span class='ocrx_word' id='word_1_456' title='bbox 2821 2257 2974 2311; x_wconf 88' lang='lat' dir='ltr'><strong>mihi.</strong></span> <span class='ocrx_word' id='word_1_457' title='bbox 3023 2278 3041 2310; x_wconf 77' lang='grc' dir='ltr'><strong>ι</strong></span> <span class='ocrx_word' id='word_1_458' title='bbox 3078 2260 3211 2311; x_wconf 75' lang='lat' dir='ltr'><strong>Cum</strong></span> <span class='ocrx_word' id='word_1_459' title='bbox 3255 2260 3308 2313; x_wconf 90' lang='lat' dir='ltr'><strong>in</strong></span> <span class='ocrx_word' id='word_1_460' title='bbox 3347 2262 3479 2314; x_wconf 76' lang='lat' dir='ltr'><strong>inul-</strong></span> 
     </span>
    </p>
   </div>
   <div class='ocr_carea' id='block_1_59' title="bbox 1914 2346 3478 2418">
    <p class='ocr_par' dir='ltr' id='par_1_59' title="bbox 1914 2346 3478 2418">
     <span class='ocr_line' id='line_1_59' title="bbox 1914 2346 3478 2418; baseline 0.003 -20"><span class='ocrx_word' id='word_1_461' title='bbox 1914 2347 2198 2400; x_wconf 85' lang='lat' dir='ltr'><strong>titudinem</strong></span> <span class='ocrx_word' id='word_1_462' title='bbox 2240 2346 2578 2415; x_wconf 79' lang='lat' dir='ltr'><strong>providentia</strong></span> <span class='ocrx_word' id='word_1_463' title='bbox 2612 2362 2730 2400; x_wconf 88' lang='lat' dir='ltr'><strong>mea</strong></span> <span class='ocrx_word' id='word_1_464' title='bbox 2759 2349 3149 2407; x_wconf 80' lang='lat' dir='ltr'><strong>excrevissent.</strong></span> <span class='ocrx_word' id='word_1_465' title='bbox 3189 2364 3362 2418; x_wconf 77' lang='lat' dir='ltr'><strong>neque</strong></span> <span class='ocrx_word' id='word_1_466' title='bbox 3392 2350 3478 2402; x_wconf 87' lang='lat' dir='ltr'><strong>id-</strong></span> 
     </span>
    </p>
   </div>
   <div class='ocr_carea' id='block_1_60' title="bbox 1913 2438 3478 2509">
    <p class='ocr_par' dir='ltr' id='par_1_60' title="bbox 1913 2438 3478 2509">
     <span class='ocr_line' id='line_1_60' title="bbox 1913 2438 3478 2509; baseline 0.004 -19"><span class='ocrx_word' id='word_1_467' title='bbox 1913 2439 2063 2490; x_wconf 84' lang='lat' dir='ltr'><strong>circo</strong></span> <span class='ocrx_word' id='word_1_468' title='bbox 2093 2453 2176 2492; x_wconf 87' lang='lat' dir='ltr'><strong>me</strong></span> <span class='ocrx_word' id='word_1_469' title='bbox 2218 2440 2368 2507; x_wconf 83' lang='lat' dir='ltr'><strong>pensi</strong></span> <span class='ocrx_word' id='word_1_470' title='bbox 2422 2438 2621 2493; x_wconf 87' lang='lat' dir='ltr'><strong>habere</strong></span> <span class='ocrx_word' id='word_1_471' title='bbox 2649 2439 2870 2502; x_wconf 86' lang='lat' dir='ltr'><strong>vellent,</strong></span> <span class='ocrx_word' id='word_1_472' title='bbox 2896 2439 2989 2509; x_wconf 90' lang='lat' dir='ltr'><strong>qui</strong></span> <span class='ocrx_word' id='word_1_473' title='bbox 3037 2450 3309 2494; x_wconf 83' lang='lat' dir='ltr'><strong>tantorum</strong></span> <span class='ocrx_word' id='word_1_474' title='bbox 3343 2441 3478 2509; x_wconf 85' lang='lat' dir='ltr'><strong>ipsis</strong></span> 
     </span>
    </p>
   </div>
   <div class='ocr_carea' id='block_1_61' title="bbox 1914 2528 3480 2600">
    <p class='ocr_par' dir='ltr' id='par_1_61' title="bbox 1914 2528 3480 2600">
     <span class='ocr_line' id='line_1_61' title="bbox 1914 2528 3480 2600; baseline 0.003 -18"><span class='ocrx_word' id='word_1_475' title='bbox 1914 2529 2179 2582; x_wconf 90' lang='lat' dir='ltr'><strong>bonorum</strong></span> <span class='ocrx_word' id='word_1_476' title='bbox 2223 2544 2384 2582; x_wconf 86' lang='lat' dir='ltr'><strong>causa</strong></span> <span class='ocrx_word' id='word_1_477' title='bbox 2441 2528 2647 2593; x_wconf 78' lang='lat' dir='ltr'><strong>exstiti,</strong></span> <span class='ocrx_word' id='word_1_478' title='bbox 2693 2539 2888 2582; x_wconf 90' lang='lat' dir='ltr'><strong>cuncta</strong></span> <span class='ocrx_word' id='word_1_479' title='bbox 2934 2531 3192 2584; x_wconf 88' lang='lat' dir='ltr'><strong>audacter</strong></span> <span class='ocrx_word' id='word_1_480' title='bbox 3248 2531 3480 2600; x_wconf 82' lang='lat' dir='ltr'><strong>agebant</strong></span> 
     </span>
    </p>
   </div>
   <div class='ocr_carea' id='block_1_62' title="bbox 1915 2619 3472 2693">
    <p class='ocr_par' dir='ltr' id='par_1_62' title="bbox 1915 2619 3472 2693">
     <span class='ocr_line' id='line_1_62' title="bbox 1915 2619 3472 2693; baseline 0.003 -20"><span class='ocrx_word' id='word_1_481' title='bbox 1915 2621 2065 2673; x_wconf 87' lang='lat' dir='ltr'><strong>libito</strong></span> <span class='ocrx_word' id='word_1_482' title='bbox 2091 2635 2190 2674; x_wconf 89' lang='lat' dir='ltr'><strong>suo</strong></span> <span class='ocrx_word' id='word_1_483' title='bbox 2221 2639 2233 2674; x_wconf 88' lang='lat'><strong>:</strong></span> <span class='ocrx_word' id='word_1_484' title='bbox 2271 2619 2322 2674; x_wconf 91' lang='lat' dir='ltr'><strong>id</strong></span> <span class='ocrx_word' id='word_1_485' title='bbox 2350 2621 2494 2674; x_wconf 90' lang='lat' dir='ltr'><strong>enim</strong></span> <span class='ocrx_word' id='word_1_486' title='bbox 2525 2621 2744 2675; x_wconf 89' lang='lat' dir='ltr'><strong>denotat</strong></span> <span class='ocrx_word' id='word_1_487' title='bbox 2765 2621 2952 2685; x_wconf 87' lang='lat' dir='ltr'><strong>dictio,</strong></span> <span class='ocrx_word' id='word_1_488' title='bbox 2992 2641 3009 2673; x_wconf 87' lang='grc'><strong>‹</strong></span> <span class='ocrx_word' id='word_1_489' title='bbox 3035 2623 3175 2692; x_wconf 88' lang='lat' dir='ltr'><strong>apud</strong></span> <span class='ocrx_word' id='word_1_490' title='bbox 3215 2625 3472 2693; x_wconf 90' lang='lat' dir='ltr'><strong>seipsum.</strong></span> 
     </span>
    </p>
   </div>
   <div class='ocr_carea' id='block_1_63' title="bbox 1913 2708 3477 2784">
    <p class='ocr_par' dir='ltr' id='par_1_63' title="bbox 1913 2708 3477 2784">
     <span class='ocr_line' id='line_1_63' title="bbox 1913 2708 3477 2784; baseline 0.005 -23"><span class='ocrx_word' id='word_1_491' title='bbox 1913 2739 1982 2748; x_wconf 91' lang='lat'>—</span> <span class='ocrx_word' id='word_1_492' title='bbox 2013 2708 2336 2777; x_wconf 85' lang='lat' dir='ltr'><strong>Ephraimus</strong></span> <span class='ocrx_word' id='word_1_493' title='bbox 2366 2725 2590 2763; x_wconf 88' lang='lat' dir='ltr'><strong>munera</strong></span> <span class='ocrx_word' id='word_1_494' title='bbox 2612 2711 2822 2766; x_wconf 77' lang='lat' dir='ltr'><strong>dilexit.</strong></span> <span class='ocrx_word' id='word_1_495' title='bbox 2848 2730 2868 2765; x_wconf 72' lang='grc' dir='ltr'><strong>ι</strong></span> <span class='ocrx_word' id='word_1_496' title='bbox 2903 2712 2978 2766; x_wconf 82' lang='lat' dir='ltr'><strong>Ne</strong></span> <span class='ocrx_word' id='word_1_497' title='bbox 3015 2713 3098 2767; x_wconf 89' lang='lat' dir='ltr'><strong>his</strong></span> <span class='ocrx_word' id='word_1_498' title='bbox 3114 2714 3330 2782; x_wconf 89' lang='lat' dir='ltr'><strong>quidem</strong></span> <span class='ocrx_word' id='word_1_499' title='bbox 3360 2731 3477 2784; x_wconf 76' lang='lat' dir='ltr'><strong>qua:</strong></span> 
     </span>
    </p>
   </div>
   <div class='ocr_carea' id='block_1_64' title="bbox 1914 2803 3474 2876">
    <p class='ocr_par' dir='ltr' id='par_1_64' title="bbox 1914 2803 3474 2876">
     <span class='ocr_line' id='line_1_64' title="bbox 1914 2803 3474 2876; baseline 0.003 -19"><span class='ocrx_word' id='word_1_500' title='bbox 1914 2803 2017 2857; x_wconf 90' lang='lat' dir='ltr'><strong>sibi</strong></span> <span class='ocrx_word' id='word_1_501' title='bbox 2073 2803 2298 2858; x_wconf 87' lang='lat' dir='ltr'><strong>aderant</strong></span> <span class='ocrx_word' id='word_1_502' title='bbox 2364 2806 2628 2868; x_wconf 89' lang='lat' dir='ltr'><strong>contenti,</strong></span> <span class='ocrx_word' id='word_1_503' title='bbox 2676 2806 2796 2874; x_wconf 88' lang='lat' dir='ltr'><strong>plus</strong></span> <span class='ocrx_word' id='word_1_504' title='bbox 2868 2806 3070 2860; x_wconf 89' lang='lat' dir='ltr'><strong>habere</strong></span> <span class='ocrx_word' id='word_1_505' title='bbox 3132 2809 3474 2876; x_wconf 84' lang='lat' dir='ltr'><strong>satagebant.</strong></span> 
     </span>
    </p>
   </div>
   <div class='ocr_carea' id='block_1_65' title="bbox 1917 2894 3479 2969">
    <p class='ocr_par' dir='ltr' id='par_1_65' title="bbox 1917 2894 3479 2969">
     <span class='ocr_line' id='line_1_65' title="bbox 1917 2894 3479 2969; baseline 0.007 -24"><span class='ocrx_word' id='word_1_506' title='bbox 1917 2910 1937 2945; x_wconf 73' lang='grc' dir='ltr'><strong>ι</strong></span> <span class='ocrx_word' id='word_1_507' title='bbox 1965 2895 2176 2949; x_wconf 86' lang='lat' dir='ltr'><strong>Idcirco</strong></span> <span class='ocrx_word' id='word_1_508' title='bbox 2210 2894 2453 2949; x_wconf 89' lang='lat' dir='ltr'><strong>tradetur</strong></span> <span class='ocrx_word' id='word_1_509' title='bbox 2479 2896 2811 2951; x_wconf 79' lang='lat' dir='ltr'><strong>nationibus.</strong></span> <span class='ocrx_word' id='word_1_510' title='bbox 2852 2916 2870 2948; x_wconf 73' lang='grc' dir='ltr'><strong>ι</strong></span> <span class='ocrx_word' id='word_1_511' title='bbox 2892 2896 3002 2968; x_wconf 53' lang='lat' dir='ltr'><strong>ﬁo</strong></span> <span class='ocrx_word' id='word_1_512' title='bbox 3035 2897 3203 2968; x_wconf 78' lang='lat' dir='ltr'><strong>Digne</strong></span> <span class='ocrx_word' id='word_1_513' title='bbox 3232 2899 3479 2969; x_wconf 82' lang='lat' dir='ltr'><strong>profecto</strong></span> 
     </span>
    </p>
   </div>
   <div class='ocr_carea' id='block_1_66' title="bbox 1915 2988 3481 3061">
    <p class='ocr_par' dir='ltr' id='par_1_66' title="bbox 1915 2988 3481 3061">
     <span class='ocr_line' id='line_1_66' title="bbox 1915 2988 3481 3061; baseline 0.003 -19"><span class='ocrx_word' id='word_1_514' title='bbox 1915 2988 2168 3058; x_wconf 82' lang='lat' dir='ltr'><strong>subjugo</strong></span> <span class='ocrx_word' id='word_1_515' title='bbox 2201 2989 2630 3058; x_wconf 88' lang='lat' dir='ltr'><strong>hostiumpositi</strong></span> <span class='ocrx_word' id='word_1_516' title='bbox 2659 3001 2957 3059; x_wconf 82' lang='lat' dir='ltr'><strong>agnoscent</strong></span> <span class='ocrx_word' id='word_1_517' title='bbox 3001 3006 3122 3061; x_wconf 83' lang='lat' dir='ltr'><strong>quae</strong></span> <span class='ocrx_word' id='word_1_518' title='bbox 3166 2993 3218 3046; x_wconf 91' lang='lat' dir='ltr'><strong>in</strong></span> <span class='ocrx_word' id='word_1_519' title='bbox 3258 3008 3345 3048; x_wconf 91' lang='lat' dir='ltr'><strong>me</strong></span> <span class='ocrx_word' id='word_1_520' title='bbox 3377 2993 3481 3047; x_wconf 85' lang='lat' dir='ltr'><strong>im-</strong></span> 
     </span>
    </p>
   </div>
   <div class='ocr_carea' id='block_1_67' title="bbox 1915 3079 3482 3150">
    <p class='ocr_par' dir='ltr' id='par_1_67' title="bbox 1915 3079 3482 3150">
     <span class='ocr_line' id='line_1_67' title="bbox 1915 3079 3482 3150; baseline 0.007 -20"><span class='ocrx_word' id='word_1_521' title='bbox 1915 3079 2000 3147; x_wconf 88' lang='lat' dir='ltr'><strong>pie</strong></span> <span class='ocrx_word' id='word_1_522' title='bbox 2024 3080 2253 3147; x_wconf 79' lang='lat' dir='ltr'><strong>egerint,</strong></span> <span class='ocrx_word' id='word_1_523' title='bbox 2284 3089 2338 3134; x_wconf 92' lang='lat' dir='ltr'><strong>et</strong></span> <span class='ocrx_word' id='word_1_524' title='bbox 2368 3096 2489 3148; x_wconf 66' lang='lat' dir='ltr'><strong>quae</strong></span> <span class='ocrx_word' id='word_1_525' title='bbox 2534 3081 2718 3149; x_wconf 89' lang='lat' dir='ltr'><strong>imque</strong></span> <span class='ocrx_word' id='word_1_526' title='bbox 2754 3083 3107 3150; x_wconf 86' lang='lat' dir='ltr'><strong>patraverint.</strong></span> <span class='ocrx_word' id='word_1_527' title='bbox 3147 3102 3164 3133; x_wconf 77' lang='grc' dir='ltr'><strong>ι</strong></span> <span class='ocrx_word' id='word_1_528' title='bbox 3205 3082 3362 3139; x_wconf 87' lang='lat' dir='ltr'><strong>Nunc</strong></span> <span class='ocrx_word' id='word_1_529' title='bbox 3390 3101 3482 3141; x_wconf 80' lang='lat' dir='ltr'><strong>ex-</strong></span> 
     </span>
    </p>
   </div>
   <div class='ocr_carea' id='block_1_68' title="bbox 1916 3171 3484 3248">
    <p class='ocr_par' dir='ltr' id='par_1_68' title="bbox 1916 3171 3484 3248">
     <span class='ocr_line' id='line_1_68' title="bbox 1916 3171 3484 3248; baseline 0.007 -25"><span class='ocrx_word' id='word_1_530' title='bbox 1916 3171 2113 3238; x_wconf 73' lang='lat' dir='ltr'><strong>cipiam</strong></span> <span class='ocrx_word' id='word_1_531' title='bbox 2159 3185 2273 3225; x_wconf 92' lang='lat' dir='ltr'><strong>eos.</strong></span> <span class='ocrx_word' id='word_1_532' title='bbox 2319 3191 2337 3221; x_wconf 85' lang='grc'><strong>›</strong></span> <span class='ocrx_word' id='word_1_533' title='bbox 2385 3171 2724 3240; x_wconf 76' lang='lat' dir='ltr'><strong>Exspectabo</strong></span> <span class='ocrx_word' id='word_1_534' title='bbox 2773 3174 2982 3228; x_wconf 90' lang='lat' dir='ltr'><strong>scilicet</strong></span> <span class='ocrx_word' id='word_1_535' title='bbox 3027 3190 3122 3229; x_wconf 92' lang='lat' dir='ltr'><strong>eos</strong></span> <span class='ocrx_word' id='word_1_536' title='bbox 3161 3177 3216 3230; x_wconf 94' lang='lat' dir='ltr'><strong>in</strong></span> <span class='ocrx_word' id='word_1_537' title='bbox 3263 3177 3484 3248; x_wconf 75' lang='lat' dir='ltr'><strong>regione</strong></span> 
     </span>
    </p>
   </div>
   <div class='ocr_carea' id='block_1_69' title="bbox 1913 3261 3481 3338">
    <p class='ocr_par' dir='ltr' id='par_1_69' title="bbox 1913 3261 3481 3338">
     <span class='ocr_line' id='line_1_69' title="bbox 1913 3261 3481 3338; baseline 0.009 -25"><span class='ocrx_word' id='word_1_538' title='bbox 1913 3261 2287 3330; x_wconf 85' lang='lat' dir='ltr'><strong>Assyriorum,</strong></span> <span class='ocrx_word' id='word_1_539' title='bbox 2310 3263 2362 3314; x_wconf 90' lang='lat' dir='ltr'><strong>in</strong></span> <span class='ocrx_word' id='word_1_540' title='bbox 2385 3278 2546 3330; x_wconf 69' lang='lat' dir='ltr'><strong>(niam</strong></span> <span class='ocrx_word' id='word_1_541' title='bbox 2571 3265 2815 3331; x_wconf 89' lang='lat' dir='ltr'><strong>captivos</strong></span> <span class='ocrx_word' id='word_1_542' title='bbox 2838 3268 3232 3334; x_wconf 86' lang='lat' dir='ltr'><strong>pertrahendos</strong></span> <span class='ocrx_word' id='word_1_543' title='bbox 3255 3273 3481 3338; x_wconf 90' lang='lat' dir='ltr'><strong>curabo,</strong></span> 
     </span>
    </p>
   </div>
   <div class='ocr_carea' id='block_1_70' title="bbox 1916 3352 3479 3434">
    <p class='ocr_par' dir='ltr' id='par_1_70' title="bbox 1916 3352 3479 3434">
     <span class='ocr_line' id='line_1_70' title="bbox 1916 3352 3479 3434; baseline 0.009 -28"><span class='ocrx_word' id='word_1_544' title='bbox 1916 3364 1973 3407; x_wconf 86' lang='lat' dir='ltr'><strong>ut</strong></span> <span class='ocrx_word' id='word_1_545' title='bbox 2003 3365 2114 3406; x_wconf 88' lang='lat' dir='ltr'><strong>tum</strong></span> <span class='ocrx_word' id='word_1_546' title='bbox 2145 3352 2359 3407; x_wconf 85' lang='lat' dir='ltr'><strong>demum</strong></span> <span class='ocrx_word' id='word_1_547' title='bbox 2388 3355 2724 3424; x_wconf 87' lang='lat' dir='ltr'><strong>impietatum</strong></span> <span class='ocrx_word' id='word_1_548' title='bbox 2747 3372 2970 3411; x_wconf 87' lang='lat' dir='ltr'><strong>suarum</strong></span> <span class='ocrx_word' id='word_1_549' title='bbox 2998 3374 3218 3414; x_wconf 87' lang='lat' dir='ltr'><strong>sensum</strong></span> <span class='ocrx_word' id='word_1_550' title='bbox 3244 3365 3479 3434; x_wconf 85' lang='lat' dir='ltr'><strong>capiant.</strong></span> 
     </span>
    </p>
   </div>
   <div class='ocr_carea' id='block_1_71' title="bbox 1921 3444 3480 3524">
    <p class='ocr_par' dir='ltr' id='par_1_71' title="bbox 1921 3444 3480 3524">
     <span class='ocr_line' id='line_1_71' title="bbox 1921 3444 3480 3524; baseline 0.008 -26"><span class='ocrx_word' id='word_1_551' title='bbox 1921 3444 2026 3498; x_wconf 88' lang='lat' dir='ltr'><strong>Sed</strong></span> <span class='ocrx_word' id='word_1_552' title='bbox 2065 3445 2438 3513; x_wconf 85' lang='lat' dir='ltr'><strong>quamobrem,</strong></span> <span class='ocrx_word' id='word_1_553' title='bbox 2494 3456 2548 3500; x_wconf 90' lang='lat' dir='ltr'><strong>et</strong></span> <span class='ocrx_word' id='word_1_554' title='bbox 2597 3447 2911 3516; x_wconf 89' lang='lat' dir='ltr'><strong>quomodo?</strong></span> <span class='ocrx_word' id='word_1_555' title='bbox 2973 3470 2990 3502; x_wconf 72' lang='grc' dir='ltr'><strong>ι</strong></span> <span class='ocrx_word' id='word_1_556' title='bbox 3049 3451 3112 3504; x_wconf 86' lang='lat' dir='ltr'><strong>Et</strong></span> <span class='ocrx_word' id='word_1_557' title='bbox 3167 3455 3480 3524; x_wconf 88' lang='lat' dir='ltr'><strong>aliquandiu</strong></span> 
     </span>
    </p>
   </div>
   <div class='ocr_carea' id='block_1_72' title="bbox 1915 3537 3483 3614">
    <p class='ocr_par' dir='ltr' id='par_1_72' title="bbox 1915 3537 3483 3614">
     <span class='ocr_line' id='line_1_72' title="bbox 1915 3537 3483 3614; baseline 0.008 -24"><span class='ocrx_word' id='word_1_558' title='bbox 1915 3537 2210 3590; x_wconf 87' lang='lat' dir='ltr'><strong>cessabunt</strong></span> <span class='ocrx_word' id='word_1_559' title='bbox 2243 3538 2311 3590; x_wconf 87' lang='lat' dir='ltr'><strong>ab</strong></span> <span class='ocrx_word' id='word_1_560' title='bbox 2348 3537 2600 3606; x_wconf 77' lang='lat' dir='ltr'><strong>uugendo</strong></span> <span class='ocrx_word' id='word_1_561' title='bbox 2625 3553 2804 3608; x_wconf 75' lang='lat' dir='ltr'><strong>regem</strong></span> <span class='ocrx_word' id='word_1_562' title='bbox 2841 3554 2904 3594; x_wconf 87' lang='lat' dir='ltr'><strong>ac</strong></span> <span class='ocrx_word' id='word_1_563' title='bbox 2939 3544 3234 3614; x_wconf 89' lang='lat' dir='ltr'><strong>principes.</strong></span> <span class='ocrx_word' id='word_1_564' title='bbox 3279 3567 3296 3598; x_wconf 77' lang='grc' dir='ltr'><strong>ι</strong></span> <span class='ocrx_word' id='word_1_565' title='bbox 3329 3547 3483 3603; x_wconf 88' lang='lat' dir='ltr'><strong>Desi-</strong></span> 
     </span>
    </p>
   </div>
   <div class='ocr_carea' id='block_1_73' title="bbox 1922 3629 3480 3704">
    <p class='ocr_par' dir='ltr' id='par_1_73' title="bbox 1922 3629 3480 3704">
     <span class='ocr_line' id='line_1_73' title="bbox 1922 3629 3480 3704; baseline 0.009 -22"><span class='ocrx_word' id='word_1_566' title='bbox 1922 3638 2052 3683; x_wconf 88' lang='lat' dir='ltr'><strong>nent</strong></span> <span class='ocrx_word' id='word_1_567' title='bbox 2099 3629 2212 3682; x_wconf 68' lang='lat' dir='ltr'><strong>haec</strong></span> <span class='ocrx_word' id='word_1_568' title='bbox 2255 3629 2419 3698; x_wconf 88' lang='lat' dir='ltr'><strong>impia</strong></span> <span class='ocrx_word' id='word_1_569' title='bbox 2458 3645 2622 3697; x_wconf 84' lang='lat' dir='ltr'><strong>regna</strong></span> <span class='ocrx_word' id='word_1_570' title='bbox 2659 3631 3103 3704; x_wconf 88' lang='lat' dir='ltr'><strong>principatusque</strong></span> <span class='ocrx_word' id='word_1_571' title='bbox 3127 3641 3480 3704; x_wconf 89' lang='lat' dir='ltr'><strong>constituere,</strong></span> 
     </span>
    </p>
   </div>
   <div class='ocr_carea' id='block_1_74' title="bbox 1922 3720 3481 3801">
    <p class='ocr_par' dir='ltr' id='par_1_74' title="bbox 1922 3720 3481 3801">
     <span class='ocr_line' id='line_1_74' title="bbox 1922 3720 3481 3801; baseline 0.01 -29"><span class='ocrx_word' id='word_1_572' title='bbox 1922 3720 2236 3789; x_wconf 88' lang='lat' dir='ltr'><strong>captivitate</strong></span> <span class='ocrx_word' id='word_1_573' title='bbox 2265 3720 2562 3781; x_wconf 88' lang='lat' dir='ltr'><strong>eruditi,et</strong></span> <span class='ocrx_word' id='word_1_574' title='bbox 2588 3723 2844 3790; x_wconf 80' lang='lat' dir='ltr'><strong>nequitia:</strong></span> <span class='ocrx_word' id='word_1_575' title='bbox 2865 3741 2978 3779; x_wconf 82' lang='lat' dir='ltr'><strong>suae</strong></span> <span class='ocrx_word' id='word_1_576' title='bbox 3003 3743 3166 3784; x_wconf 88' lang='lat' dir='ltr'><strong>sensu</strong></span> <span class='ocrx_word' id='word_1_577' title='bbox 3200 3740 3481 3801; x_wconf 89' lang='lat' dir='ltr'><strong>concepto.</strong></span> 
     </span>
    </p>
   </div>
   <div class='ocr_carea' id='block_1_75' title="bbox 225 3815 3485 3894">
    <p class='ocr_par' dir='ltr' id='par_1_75' title="bbox 225 3815 3485 3894">
     <span class='ocr_line' id='line_1_75' title="bbox 225 3815 3485 3894; baseline 0.001 -22"><span class='ocrx_word' id='word_1_578' title='bbox 225 3821 460 3873; x_wconf 85' lang='grc' dir='ltr'><strong>ιστάναι</strong></span> <span class='ocrx_word' id='word_1_579' title='bbox 497 3821 590 3870; x_wconf 75' lang='grc' dir='ltr'><strong>καὶ</strong></span> <span class='ocrx_word' id='word_1_580' title='bbox 617 3817 810 3890; x_wconf 86' lang='grc' dir='ltr'><strong>ἀρχὰς,</strong></span> <span class='ocrx_word' id='word_1_581' title='bbox 837 3821 904 3888; x_wconf 79' lang='grc' dir='ltr'><strong>τῇ</strong></span> <span class='ocrx_word' id='word_1_582' title='bbox 930 3817 1273 3888; x_wconf 68' lang='grc' dir='ltr'><strong>αἰχμαλωσίᾳ</strong></span> <span class='ocrx_word' id='word_1_583' title='bbox 1313 3816 1686 3884; x_wconf 79' lang='grc' dir='ltr'><strong>παιδευόμενοι</strong></span> <span class='ocrx_word' id='word_1_584' title='bbox 1725 3832 1821 3878; x_wconf 82' lang='grc' dir='ltr'><strong>τε,</strong></span> <span class='ocrx_word' id='word_1_585' title='bbox 1879 3815 1973 3867; x_wconf 62' lang='grc' dir='ltr'><strong>κα)⁸</strong></span> <span class='ocrx_word' id='word_1_586' title='bbox 2019 3815 2116 3884; x_wconf 83' lang='grc' dir='ltr'><strong>τῆς</strong></span> <span class='ocrx_word' id='word_1_587' title='bbox 2164 3815 2506 3886; x_wconf 86' lang='grc' dir='ltr'><strong>παρανομίας</strong></span> <span class='ocrx_word' id='word_1_588' title='bbox 2549 3816 2800 3888; x_wconf 82' lang='grc' dir='ltr'><strong>αἴσθησιν</strong></span> <span class='ocrx_word' id='word_1_589' title='bbox 2848 3817 3216 3888; x_wconf 79' lang='grc' dir='ltr'><strong>λαμϐάνοντες</strong></span> <span class='ocrx_word' id='word_1_590' title='bbox 3257 3823 3357 3894; x_wconf 84' lang='grc' dir='ltr'><strong>τῆς</strong></span> <span class='ocrx_word' id='word_1_591' title='bbox 3409 3827 3485 3878; x_wconf 89' lang='grc' dir='ltr'><strong>οἰ-</strong></span> 
     </span>
    </p>
   </div>
   <div class='ocr_carea' id='block_1_76' title="bbox 223 3917 420 3978">
    <p class='ocr_par' dir='ltr' id='par_1_76' title="bbox 223 3917 420 3978">
     <span class='ocr_line' id='line_1_76' title="bbox 223 3917 420 3978; baseline 0 -11"><span class='ocrx_word' id='word_1_592' title='bbox 223 3917 420 3978; x_wconf 81' lang='grc' dir='ltr'><strong>κείας.</strong></span> 
     </span>
    </p>
   </div>
   <div class='ocr_carea' id='block_1_77' title="bbox 304 4069 1810 4142">
    <p class='ocr_par' dir='ltr' id='par_1_77' title="bbox 304 4069 1810 4142">
     <span class='ocr_line' id='line_1_77' title="bbox 304 4069 1810 4142; baseline -0.004 -16"><span class='ocrx_word' id='word_1_593' title='bbox 304 4072 472 4140; x_wconf 84' lang='grc' dir='ltr'><strong>Στίχ.</strong></span> <span class='ocrx_word' id='word_1_594' title='bbox 517 4072 706 4126; x_wconf 82' lang='grc' dir='ltr'><strong>ια’-ιδ’.</strong></span> <span class='ocrx_word' id='word_1_595' title='bbox 727 4101 795 4114; x_wconf 87' lang='lat'><strong>—-</strong></span> <span class='ocrx_word' id='word_1_596' title='bbox 827 4092 846 4122; x_wconf 75' lang='grc' dir='ltr'><strong>ι</strong></span> <span class='ocrx_word' id='word_1_597' title='bbox 884 4072 1004 4125; x_wconf 86' lang='grc' dir='ltr'><strong>Ὅτι</strong></span> <span class='ocrx_word' id='word_1_598' title='bbox 1031 4071 1326 4142; x_wconf 76' lang='grc' dir='ltr'><strong>ἐπλήθυνεν</strong></span> <span class='ocrx_word' id='word_1_599' title='bbox 1367 4070 1604 4141; x_wconf 81' lang='grc' dir='ltr'><strong>Ἐφραῒμ</strong></span> <span class='ocrx_word' id='word_1_600' title='bbox 1629 4069 1810 4122; x_wconf 89' lang='grc' dir='ltr'><strong>θυσια-</strong></span> 
     </span>
    </p>
   </div>
   <div class='ocr_carea' id='block_1_78' title="bbox 225 4160 1818 4236">
    <p class='ocr_par' dir='ltr' id='par_1_78' title="bbox 225 4160 1818 4236">
     <span class='ocr_line' id='line_1_78' title="bbox 225 4160 1818 4236; baseline -0.005 -18"><span class='ocrx_word' id='word_1_601' title='bbox 225 4168 454 4236; x_wconf 84' lang='grc' dir='ltr'><strong>στήρια</strong></span> <span class='ocrx_word' id='word_1_602' title='bbox 477 4205 494 4232; x_wconf 84' lang='grc'><em>,</em></span> <span class='ocrx_word' id='word_1_603' title='bbox 539 4166 619 4228; x_wconf 89' lang='grc' dir='ltr'><strong>εἰς</strong></span> <span class='ocrx_word' id='word_1_604' title='bbox 655 4166 927 4236; x_wconf 81' lang='grc' dir='ltr'><strong>ἁμαρτίας</strong></span> <span class='ocrx_word' id='word_1_605' title='bbox 955 4165 1197 4232; x_wconf 78' lang='grc' dir='ltr'><strong>ἐγένοντο</strong></span> <span class='ocrx_word' id='word_1_606' title='bbox 1226 4161 1392 4232; x_wconf 79' lang='grc' dir='ltr'><strong>αὐτῷ.</strong></span> <span class='ocrx_word' id='word_1_607' title='bbox 1428 4181 1446 4212; x_wconf 76' lang='grc' dir='ltr'><strong>ι</strong></span> <span class='ocrx_word' id='word_1_608' title='bbox 1479 4163 1586 4214; x_wconf 74' lang='grc' dir='ltr'><strong>Καὶ</strong></span> <span class='ocrx_word' id='word_1_609' title='bbox 1610 4160 1716 4231; x_wconf 83' lang='grc' dir='ltr'><strong>γὰρ</strong></span> <span class='ocrx_word' id='word_1_610' title='bbox 1742 4161 1818 4211; x_wconf 87' lang='grc' dir='ltr'><strong>εἰ-</strong></span> 
     </span>
    </p>
   </div>
   <div class='ocr_carea' id='block_1_79' title="bbox 221 4251 1814 4326">
    <p class='ocr_par' dir='ltr' id='par_1_79' title="bbox 221 4251 1814 4326">
     <span class='ocr_line' id='line_1_79' title="bbox 221 4251 1814 4326; baseline -0.003 -18"><span class='ocrx_word' id='word_1_611' title='bbox 221 4257 424 4319; x_wconf 83' lang='grc' dir='ltr'><strong>κότως</strong></span> <span class='ocrx_word' id='word_1_612' title='bbox 450 4256 808 4324; x_wconf 82' lang='grc' dir='ltr'><strong>ὑπομένουσιν</strong></span> <span class='ocrx_word' id='word_1_613' title='bbox 839 4257 1028 4320; x_wconf 83' lang='grc' dir='ltr'><strong>ταῦτα,</strong></span> <span class='ocrx_word' id='word_1_614' title='bbox 1055 4256 1192 4326; x_wconf 81' lang='grc' dir='ltr'><strong>ὑπὲρ</strong></span> <span class='ocrx_word' id='word_1_615' title='bbox 1221 4251 1296 4309; x_wconf 83' lang='grc' dir='ltr'><strong>ὧν</strong></span> <span class='ocrx_word' id='word_1_616' title='bbox 1333 4255 1427 4325; x_wconf 83' lang='grc' dir='ltr'><strong>τὴν</strong></span> <span class='ocrx_word' id='word_1_617' title='bbox 1465 4253 1635 4322; x_wconf 83' lang='grc' dir='ltr'><strong>ἀσεϐῆ</strong></span> <span class='ocrx_word' id='word_1_618' title='bbox 1664 4253 1814 4322; x_wconf 80' lang='grc' dir='ltr'><strong>βασι-</strong></span> 
     </span>
    </p>
   </div>
   <div class='ocr_carea' id='block_1_80' title="bbox 214 4337 1816 4418">
    <p class='ocr_par' dir='ltr' id='par_1_80' title="bbox 214 4337 1816 4418">
     <span class='ocr_line' id='line_1_80' title="bbox 214 4337 1816 4418; baseline -0.002 -19"><span class='ocrx_word' id='word_1_619' title='bbox 214 4347 396 4399; x_wconf 81' lang='grc' dir='ltr'><strong>λείαν</strong></span> <span class='ocrx_word' id='word_1_620' title='bbox 449 4347 851 4416; x_wconf 78' lang='grc' dir='ltr'><strong>κατεστήσαντο</strong></span> <span class='ocrx_word' id='word_1_621' title='bbox 892 4347 1127 4418; x_wconf 77' lang='grc' dir='ltr'><strong>ἐκείνην·</strong></span> <span class='ocrx_word' id='word_1_622' title='bbox 1173 4345 1358 4416; x_wconf 81' lang='grc' dir='ltr'><strong>ἐπειδὴ</strong></span> <span class='ocrx_word' id='word_1_623' title='bbox 1407 4346 1608 4414; x_wconf 79' lang='grc' dir='ltr'><strong>ταύτην</strong></span> <span class='ocrx_word' id='word_1_624' title='bbox 1660 4337 1816 4412; x_wconf 74' lang='grc' dir='ltr'><strong>εὗρον</strong></span> 
     </span>
    </p>
   </div>
   <div class='ocr_carea' id='block_1_81' title="bbox 214 4435 1818 4508">
    <p class='ocr_par' dir='ltr' id='par_1_81' title="bbox 214 4435 1818 4508">
     <span class='ocr_line' id='line_1_81' title="bbox 214 4435 1818 4508; baseline -0.002 -18"><span class='ocrx_word' id='word_1_625' title='bbox 214 4438 358 4491; x_wconf 78' lang='grc' dir='ltr'><strong>ὁδὸν</strong></span> <span class='ocrx_word' id='word_1_626' title='bbox 405 4437 502 4490; x_wconf 79' lang='grc' dir='ltr'><strong>τοῦ</strong></span> <span class='ocrx_word' id='word_1_627' title='bbox 546 4438 794 4508; x_wconf 81' lang='grc' dir='ltr'><strong>πολυειδῆ</strong></span> <span class='ocrx_word' id='word_1_628' title='bbox 827 4439 933 4490; x_wconf 85' lang='grc' dir='ltr'><strong>τῶν</strong></span> <span class='ocrx_word' id='word_1_629' title='bbox 963 4439 1191 4492; x_wconf 85' lang='grc' dir='ltr'><strong>εἰδώλων</strong></span> <span class='ocrx_word' id='word_1_630' title='bbox 1230 4437 1481 4508; x_wconf 84' lang='grc' dir='ltr'><strong>εὑρέσθαι</strong></span> <span class='ocrx_word' id='word_1_631' title='bbox 1517 4439 1614 4505; x_wconf 83' lang='grc' dir='ltr'><strong>τὴν</strong></span> <span class='ocrx_word' id='word_1_632' title='bbox 1658 4435 1818 4505; x_wconf 86' lang='grc' dir='ltr'><strong>θερα-</strong></span> 
     </span>
    </p>
   </div>
   <div class='ocr_carea' id='block_1_82' title="bbox 215 4525 1819 4600">
    <p class='ocr_par' dir='ltr' id='par_1_82' title="bbox 215 4525 1819 4600">
     <span class='ocr_line' id='line_1_82' title="bbox 215 4525 1819 4600; baseline -0.003 -18"><span class='ocrx_word' id='word_1_633' title='bbox 215 4530 433 4588; x_wconf 76' lang='grc' dir='ltr'><strong>πείαν.</strong></span> <span class='ocrx_word' id='word_1_634' title='bbox 482 4528 656 4588; x_wconf 85' lang='grc' dir='ltr'><strong>πολλά</strong></span> <span class='ocrx_word' id='word_1_635' title='bbox 686 4547 744 4581; x_wconf 90' lang='grc' dir='ltr'><strong>τε</strong></span> <span class='ocrx_word' id='word_1_636' title='bbox 775 4532 984 4594; x_wconf 78' lang='grc' dir='ltr'><strong>ἑαυτοῖς</strong></span> <span class='ocrx_word' id='word_1_637' title='bbox 1010 4533 1216 4600; x_wconf 80' lang='grc' dir='ltr'><strong>ἐγεῖραι</strong></span> <span class='ocrx_word' id='word_1_638' title='bbox 1264 4528 1356 4580; x_wconf 69' lang='grc' dir='ltr'><strong>καὶ</strong></span> <span class='ocrx_word' id='word_1_639' title='bbox 1385 4527 1600 4579; x_wconf 86' lang='grc' dir='ltr'><strong>ποικίλα</strong></span> <span class='ocrx_word' id='word_1_640' title='bbox 1633 4525 1819 4578; x_wconf 88' lang='grc' dir='ltr'><strong>θυσια-</strong></span> 
     </span>
    </p>
   </div>
   <div class='ocr_carea' id='block_1_83' title="bbox 213 4615 1819 4691">
    <p class='ocr_par' dir='ltr' id='par_1_83' title="bbox 213 4615 1819 4691">
     <span class='ocr_line' id='line_1_83' title="bbox 213 4615 1819 4691; baseline -0.002 -17"><span class='ocrx_word' id='word_1_641' title='bbox 213 4622 469 4691; x_wconf 82' lang='grc' dir='ltr'><strong>στήρια,</strong></span> <span class='ocrx_word' id='word_1_642' title='bbox 509 4622 569 4672; x_wconf 79' lang='grc' dir='ltr'><strong>ὲν</strong></span> <span class='ocrx_word' id='word_1_643' title='bbox 595 4615 674 4683; x_wconf 78' lang='grc' dir='ltr'><strong>οἷς</strong></span> <span class='ocrx_word' id='word_1_644' title='bbox 716 4621 780 4691; x_wconf 83' lang='grc' dir='ltr'><strong>δὴ</strong></span> <span class='ocrx_word' id='word_1_645' title='bbox 817 4622 1048 4691; x_wconf 87' lang='grc' dir='ltr'><strong>μάλιστα</strong></span> <span class='ocrx_word' id='word_1_646' title='bbox 1083 4620 1567 4690; x_wconf 82' lang='grc' dir='ltr'><strong>πλημμελήσαντες</strong></span> <span class='ocrx_word' id='word_1_647' title='bbox 1598 4618 1819 4680; x_wconf 87' lang='grc' dir='ltr'><strong>δικαίως</strong></span> 
     </span>
    </p>
   </div>
   <div class='ocr_carea' id='block_1_84' title="bbox 207 4707 1819 4780">
    <p class='ocr_par' dir='ltr' id='par_1_84' title="bbox 207 4707 1819 4780">
     <span class='ocr_line' id='line_1_84' title="bbox 207 4707 1819 4780; baseline -0.002 -17"><span class='ocrx_word' id='word_1_648' title='bbox 207 4711 482 4764; x_wconf 79' lang='grc' dir='ltr'><strong>δώσουσι</strong></span> <span class='ocrx_word' id='word_1_649' title='bbox 524 4709 700 4773; x_wconf 82' lang='grc' dir='ltr'><strong>δίκας.</strong></span> <span class='ocrx_word' id='word_1_650' title='bbox 747 4731 764 4762; x_wconf 75' lang='grc' dir='ltr'><strong>ι</strong></span> <span class='ocrx_word' id='word_1_651' title='bbox 814 4711 1158 4780; x_wconf 78' lang='grc' dir='ltr'><strong>Καταγράψω</strong></span> <span class='ocrx_word' id='word_1_652' title='bbox 1192 4709 1339 4779; x_wconf 79' lang='grc' dir='ltr'><strong>αὐτῷ</strong></span> <span class='ocrx_word' id='word_1_653' title='bbox 1373 4709 1594 4780; x_wconf 80' lang='grc' dir='ltr'><strong>πλῆθος,</strong></span> <span class='ocrx_word' id='word_1_654' title='bbox 1630 4709 1720 4761; x_wconf 72' lang='grc' dir='ltr'><strong>καὶ</strong></span> <span class='ocrx_word' id='word_1_655' title='bbox 1751 4707 1819 4759; x_wconf 88' lang='grc' dir='ltr'><strong>τά</strong></span> 
     </span>
    </p>
   </div>
   <div class='ocr_carea' id='block_1_85' title="bbox 205 4798 1820 4871">
    <p class='ocr_par' dir='ltr' id='par_1_85' title="bbox 205 4798 1820 4871">
     <span class='ocr_line' id='line_1_85' title="bbox 205 4798 1820 4871; baseline -0.003 -16"><span class='ocrx_word' id='word_1_656' title='bbox 205 4802 459 4871; x_wconf 83' lang='grc' dir='ltr'><strong>νόμιμα</strong></span> <span class='ocrx_word' id='word_1_657' title='bbox 495 4800 682 4854; x_wconf 81' lang='grc' dir='ltr'><strong>αὑτοῦ.</strong></span> <span class='ocrx_word' id='word_1_658' title='bbox 724 4820 741 4852; x_wconf 73' lang='grc' dir='ltr'><strong>ι</strong></span> <span class='ocrx_word' id='word_1_659' title='bbox 775 4801 944 4854; x_wconf 81' lang='grc' dir='ltr'><strong>Τοῦτο</strong></span> <span class='ocrx_word' id='word_1_660' title='bbox 970 4801 1078 4871; x_wconf 83' lang='grc' dir='ltr'><strong>γὰρ</strong></span> <span class='ocrx_word' id='word_1_661' title='bbox 1104 4800 1167 4871; x_wconf 86' lang='grc' dir='ltr'><strong>δὴ</strong></span> <span class='ocrx_word' id='word_1_662' title='bbox 1198 4800 1304 4853; x_wconf 81' lang='grc' dir='ltr'><strong>τῶν</strong></span> <span class='ocrx_word' id='word_1_663' title='bbox 1333 4799 1729 4870; x_wconf 87' lang='grc' dir='ltr'><strong>θυσιαστηρίων</strong></span> <span class='ocrx_word' id='word_1_664' title='bbox 1761 4798 1820 4850; x_wconf 83' lang='grc' dir='ltr'><strong>τὸ</strong></span> 
     </span>
    </p>
   </div>
   <div class='ocr_carea' id='block_1_86' title="bbox 207 4885 1820 4966">
    <p class='ocr_par' dir='ltr' id='par_1_86' title="bbox 207 4885 1820 4966">
     <span class='ocr_line' id='line_1_86' title="bbox 207 4885 1820 4966; baseline -0.004 -17"><span class='ocrx_word' id='word_1_665' title='bbox 207 4893 453 4966; x_wconf 80' lang='grc' dir='ltr'><strong>πλῆθος</strong></span> <span class='ocrx_word' id='word_1_666' title='bbox 485 4893 578 4945; x_wconf 76' lang='grc' dir='ltr'><strong>καὶ</strong></span> <span class='ocrx_word' id='word_1_667' title='bbox 611 4891 721 4945; x_wconf 85' lang='grc' dir='ltr'><strong>τῶν</strong></span> <span class='ocrx_word' id='word_1_668' title='bbox 749 4893 926 4962; x_wconf 88' lang='grc' dir='ltr'><strong>νόμων</strong></span> <span class='ocrx_word' id='word_1_669' title='bbox 959 4894 1066 4945; x_wconf 85' lang='grc' dir='ltr'><strong>τῶν</strong></span> <span class='ocrx_word' id='word_1_670' title='bbox 1095 4891 1296 4946; x_wconf 85' lang='grc' dir='ltr'><strong>καινῶν</strong></span> <span class='ocrx_word' id='word_1_671' title='bbox 1323 4885 1397 4945; x_wconf 83' lang='grc' dir='ltr'><strong>ὧν</strong></span> <span class='ocrx_word' id='word_1_672' title='bbox 1431 4892 1656 4962; x_wconf 79' lang='grc' dir='ltr'><strong>εὕραντο</strong></span> <span class='ocrx_word' id='word_1_673' title='bbox 1695 4890 1820 4960; x_wconf 81' lang='grc' dir='ltr'><strong>περὶ</strong></span> 
     </span>
    </p>
   </div>
   <div class='ocr_carea' id='block_1_87' title="bbox 198 4981 1820 5055">
    <p class='ocr_par' dir='ltr' id='par_1_87' title="bbox 198 4981 1820 5055">
     <span class='ocr_line' id='line_1_87' title="bbox 198 4981 1820 5055; baseline -0.003 -18"><span class='ocrx_word' id='word_1_674' title='bbox 198 4987 324 5055; x_wconf 77' lang='grc' dir='ltr'><strong>τὴν</strong></span> <span class='ocrx_word' id='word_1_675' title='bbox 393 4983 508 5037; x_wconf 83' lang='grc' dir='ltr'><strong>τῶν</strong></span> <span class='ocrx_word' id='word_1_676' title='bbox 553 4982 783 5036; x_wconf 83' lang='grc' dir='ltr'><strong>εἰδώλων</strong></span> <span class='ocrx_word' id='word_1_677' title='bbox 825 4983 1138 5054; x_wconf 86' lang='grc' dir='ltr'><strong>θρησκείαν,</strong></span> <span class='ocrx_word' id='word_1_678' title='bbox 1182 4981 1368 5054; x_wconf 82' lang='grc' dir='ltr'><strong>ὥσπερ</strong></span> <span class='ocrx_word' id='word_1_679' title='bbox 1396 4981 1669 5053; x_wconf 76' lang='grc' dir='ltr'><strong>ἔγγραφον</strong></span> <span class='ocrx_word' id='word_1_680' title='bbox 1698 4998 1820 5034; x_wconf 89' lang='grc' dir='ltr'><strong>τινα</strong></span> 
     </span>
    </p>
   </div>
   <div class='ocr_carea' id='block_1_88' title="bbox 202 5073 1820 5146">
    <p class='ocr_par' dir='ltr' id='par_1_88' title="bbox 202 5073 1820 5146">
     <span class='ocr_line' id='line_1_88' title="bbox 202 5073 1820 5146; baseline -0.005 -15"><span class='ocrx_word' id='word_1_681' title='bbox 202 5075 586 5146; x_wconf 73' lang='grc' dir='ltr'><strong>κατηγορίαν</strong></span> <span class='ocrx_word' id='word_1_682' title='bbox 619 5075 963 5146; x_wconf 82' lang='grc' dir='ltr'><strong>ἀποθήσομαι</strong></span> <span class='ocrx_word' id='word_1_683' title='bbox 986 5075 1105 5128; x_wconf 87' lang='grc' dir='ltr'><strong>κατ’</strong></span> <span class='ocrx_word' id='word_1_684' title='bbox 1126 5073 1304 5126; x_wconf 84' lang='grc' dir='ltr'><strong>αὐτῶν</strong></span> <span class='ocrx_word' id='word_1_685' title='bbox 1332 5073 1564 5136; x_wconf 88' lang='grc' dir='ltr'><strong>δικαίαν,</strong></span> <span class='ocrx_word' id='word_1_686' title='bbox 1595 5074 1686 5125; x_wconf 73' lang='grc' dir='ltr'><strong>ἐπὶ</strong></span> <span class='ocrx_word' id='word_1_687' title='bbox 1711 5073 1820 5134; x_wconf 89' lang='grc' dir='ltr'><strong>τοῖς</strong></span> 
     </span>
    </p>
   </div>
   <div class='ocr_carea' id='block_1_89' title="bbox 199 5163 1822 5238">
    <p class='ocr_par' dir='ltr' id='par_1_89' title="bbox 199 5163 1822 5238">
     <span class='ocr_line' id='line_1_89' title="bbox 199 5163 1822 5238; baseline -0.005 -15"><span class='ocrx_word' id='word_1_688' title='bbox 199 5168 525 5230; x_wconf 78' lang='grc' dir='ltr'><strong>τοσούτοις</strong></span> <span class='ocrx_word' id='word_1_689' title='bbox 542 5168 969 5238; x_wconf 82' lang='grc' dir='ltr'><strong>παρανομήμασι</strong></span> <span class='ocrx_word' id='word_1_690' title='bbox 983 5167 1082 5237; x_wconf 85' lang='grc' dir='ltr'><strong>τὴν</strong></span> <span class='ocrx_word' id='word_1_691' title='bbox 1105 5166 1374 5234; x_wconf 85' lang='grc' dir='ltr'><strong>ἀπόφασιν</strong></span> <span class='ocrx_word' id='word_1_692' title='bbox 1397 5166 1515 5218; x_wconf 79' lang='grc' dir='ltr'><strong>κατ’</strong></span> <span class='ocrx_word' id='word_1_693' title='bbox 1543 5163 1720 5216; x_wconf 81' lang='grc' dir='ltr'><strong>αὐτῶν</strong></span> <span class='ocrx_word' id='word_1_694' title='bbox 1736 5164 1822 5230; x_wconf 75' lang='grc' dir='ltr'><strong>ἐξ·</strong></span> 
     </span>
    </p>
   </div>
   <div class='ocr_carea' id='block_1_90' title="bbox 197 5255 1823 5330">
    <p class='ocr_par' dir='ltr' id='par_1_90' title="bbox 197 5255 1823 5330">
     <span class='ocr_line' id='line_1_90' title="bbox 197 5255 1823 5330; baseline -0.006 -14"><span class='ocrx_word' id='word_1_695' title='bbox 197 5263 422 5330; x_wconf 78' lang='grc' dir='ltr'><strong>άτων.</strong></span> <span class='ocrx_word' id='word_1_696' title='bbox 455 5278 472 5310; x_wconf 78' lang='grc' dir='ltr'><strong>ι</strong></span> <span class='ocrx_word' id='word_1_697' title='bbox 500 5260 594 5322; x_wconf 87' lang='grc' dir='ltr'><strong>Εἰς</strong></span> <span class='ocrx_word' id='word_1_698' title='bbox 616 5258 870 5325; x_wconf 87' lang='grc' dir='ltr'><strong>ἀλλότρια</strong></span> <span class='ocrx_word' id='word_1_699' title='bbox 890 5257 1136 5328; x_wconf 79' lang='grc' dir='ltr'><strong>ἐλογίσθη</strong></span> <span class='ocrx_word' id='word_1_700' title='bbox 1161 5257 1515 5326; x_wconf 87' lang='grc' dir='ltr'><strong>θυσιαστήρια</strong></span> <span class='ocrx_word' id='word_1_701' title='bbox 1533 5255 1823 5325; x_wconf 75' lang='grc' dir='ltr'><strong>τάἡγαπη-</strong></span> 
     </span>
    </p>
   </div>
   <div class='ocr_carea' id='block_1_91' title="bbox 198 5345 1822 5423">
    <p class='ocr_par' dir='ltr' id='par_1_91' title="bbox 198 5345 1822 5423">
     <span class='ocr_line' id='line_1_91' title="bbox 198 5345 1822 5423; baseline -0.004 -18"><span class='ocrx_word' id='word_1_702' title='bbox 198 5353 406 5423; x_wconf 72' lang='grc' dir='ltr'><strong>μέγα.</strong></span> <span class='ocrx_word' id='word_1_703' title='bbox 453 5366 470 5398; x_wconf 74' lang='grc' dir='ltr'><strong>ι</strong></span> <span class='ocrx_word' id='word_1_704' title='bbox 518 5348 630 5402; x_wconf 75' lang='grc' dir='ltr'><strong>Καὶ</strong></span> <span class='ocrx_word' id='word_1_705' title='bbox 672 5348 780 5419; x_wconf 85' lang='grc' dir='ltr'><strong>γὰρ</strong></span> <span class='ocrx_word' id='word_1_706' title='bbox 810 5349 874 5419; x_wconf 84' lang='grc' dir='ltr'><strong>δὴ</strong></span> <span class='ocrx_word' id='word_1_707' title='bbox 900 5349 994 5402; x_wconf 78' lang='grc' dir='ltr'><strong>καὶ</strong></span> <span class='ocrx_word' id='word_1_708' title='bbox 1027 5349 1095 5402; x_wconf 83' lang='grc' dir='ltr'><strong>τὰ</strong></span> <span class='ocrx_word' id='word_1_709' title='bbox 1135 5347 1491 5419; x_wconf 87' lang='grc' dir='ltr'><strong>θυσιαστήρια</strong></span> <span class='ocrx_word' id='word_1_710' title='bbox 1540 5346 1576 5400; x_wconf 78' lang='grc' dir='ltr'>ἃ</span> <span class='ocrx_word' id='word_1_711' title='bbox 1623 5345 1822 5416; x_wconf 85' lang='grc' dir='ltr'><strong>πολλὴν</strong></span> 
     </span>
    </p>
   </div>
   <div class='ocr_carea' id='block_1_92' title="bbox 193 5437 1821 5513">
    <p class='ocr_par' dir='ltr' id='par_1_92' title="bbox 193 5437 1821 5513">
     <span class='ocr_line' id='line_1_92' title="bbox 193 5437 1821 5513; baseline -0.003 -17"><span class='ocrx_word' id='word_1_712' title='bbox 193 5444 321 5513; x_wconf 75' lang='grc' dir='ltr'><strong>τὴν</strong></span> <span class='ocrx_word' id='word_1_713' title='bbox 364 5439 607 5510; x_wconf 81' lang='grc' dir='ltr'><strong>ἀγάπην</strong></span> <span class='ocrx_word' id='word_1_714' title='bbox 655 5440 1028 5494; x_wconf 79' lang='grc' dir='ltr'><strong>ἐπεδείκνυντο</strong></span> <span class='ocrx_word' id='word_1_715' title='bbox 1053 5441 1148 5493; x_wconf 77' lang='grc' dir='ltr'><strong>καὶ</strong></span> <span class='ocrx_word' id='word_1_716' title='bbox 1197 5440 1298 5512; x_wconf 79' lang='grc' dir='ltr'><strong>τὴν</strong></span> <span class='ocrx_word' id='word_1_717' title='bbox 1336 5439 1590 5509; x_wconf 83' lang='grc' dir='ltr'><strong>σπουδὴν,</strong></span> <span class='ocrx_word' id='word_1_718' title='bbox 1619 5439 1696 5508; x_wconf 91' lang='lat' dir='ltr'><strong>(p.</strong></span> <span class='ocrx_word' id='word_1_719' title='bbox 1728 5437 1821 5507; x_wconf 74' lang='lat'><strong>62)</strong></span> 
     </span>
    </p>
   </div>
   <div class='ocr_carea' id='block_1_93' title="bbox 190 5528 1824 5601">
    <p class='ocr_par' dir='ltr' id='par_1_93' title="bbox 190 5528 1824 5601">
     <span class='ocr_line' id='line_1_93' title="bbox 190 5528 1824 5601; baseline -0.003 -15"><span class='ocrx_word' id='word_1_720' title='bbox 190 5533 328 5586; x_wconf 71' lang='grc' dir='ltr'><strong>ὑπὸ</strong></span> <span class='ocrx_word' id='word_1_721' title='bbox 366 5530 484 5601; x_wconf 79' lang='grc' dir='ltr'><strong>τὴν</strong></span> <span class='ocrx_word' id='word_1_722' title='bbox 529 5529 646 5582; x_wconf 85' lang='grc' dir='ltr'><strong>τῶν</strong></span> <span class='ocrx_word' id='word_1_723' title='bbox 689 5530 962 5600; x_wconf 85' lang='grc' dir='ltr'><strong>πολεμίων</strong></span> <span class='ocrx_word' id='word_1_724' title='bbox 991 5531 1280 5599; x_wconf 78' lang='grc' dir='ltr'><strong>γενήσεται</strong></span> <span class='ocrx_word' id='word_1_725' title='bbox 1307 5529 1572 5592; x_wconf 79' lang='grc' dir='ltr'><strong>ἐξουσίαν.</strong></span> <span class='ocrx_word' id='word_1_726' title='bbox 1627 5548 1645 5578; x_wconf 74' lang='grc' dir='ltr'><strong>ι</strong></span> <span class='ocrx_word' id='word_1_727' title='bbox 1682 5528 1824 5581; x_wconf 85' lang='grc' dir='ltr'><strong>Διότι</strong></span> 
     </span>
    </p>
   </div>
   <div class='ocr_carea' id='block_1_94' title="bbox 189 5620 1822 5692">
    <p class='ocr_par' dir='ltr' id='par_1_94' title="bbox 189 5620 1822 5692">
     <span class='ocr_line' id='line_1_94' title="bbox 189 5620 1822 5692; baseline -0.004 -14"><span class='ocrx_word' id='word_1_728' title='bbox 189 5626 316 5678; x_wconf 67' lang='grc' dir='ltr'><strong>ἐὰν</strong></span> <span class='ocrx_word' id='word_1_729' title='bbox 358 5621 584 5675; x_wconf 83' lang='grc' dir='ltr'><strong>ούσωσι</strong></span> <span class='ocrx_word' id='word_1_730' title='bbox 605 5620 796 5677; x_wconf 87' lang='grc' dir='ltr'><strong>θυσίαν</strong></span> <span class='ocrx_word' id='word_1_731' title='bbox 821 5623 914 5674; x_wconf 77' lang='grc' dir='ltr'><strong>καὶ</strong></span> <span class='ocrx_word' id='word_1_732' title='bbox 929 5623 1144 5691; x_wconf 82' lang='grc' dir='ltr'><strong>φάγωσι</strong></span> <span class='ocrx_word' id='word_1_733' title='bbox 1163 5622 1320 5692; x_wconf 89' lang='grc' dir='ltr'><strong>κρέα,</strong></span> <span class='ocrx_word' id='word_1_734' title='bbox 1343 5621 1545 5692; x_wconf 82' lang='grc' dir='ltr'><strong>Κύριος</strong></span> <span class='ocrx_word' id='word_1_735' title='bbox 1571 5621 1632 5672; x_wconf 81' lang='grc' dir='ltr'>οὐ</span> <span class='ocrx_word' id='word_1_736' title='bbox 1655 5636 1822 5692; x_wconf 90' lang='grc' dir='ltr'><strong>προσ-</strong></span> 
     </span>
    </p>
   </div>
   <div class='ocr_carea' id='block_1_95' title="bbox 181 5710 1825 5784">
    <p class='ocr_par' dir='ltr' id='par_1_95' title="bbox 181 5710 1825 5784">
     <span class='ocr_line' id='line_1_95' title="bbox 181 5710 1825 5784; baseline -0.002 -17"><span class='ocrx_word' id='word_1_737' title='bbox 181 5718 464 5782; x_wconf 76' lang='grc' dir='ltr'><strong>δέξεται</strong></span> <span class='ocrx_word' id='word_1_738' title='bbox 508 5712 669 5766; x_wconf 80' lang='grc' dir='ltr'><strong>αὑτά.</strong></span> <span class='ocrx_word' id='word_1_739' title='bbox 724 5730 744 5762; x_wconf 70' lang='grc' dir='ltr'><strong>ι</strong></span> <span class='ocrx_word' id='word_1_740' title='bbox 805 5712 868 5765; x_wconf 86' lang='grc' dir='ltr'><strong>Εἰ</strong></span> <span class='ocrx_word' id='word_1_741' title='bbox 910 5713 1016 5784; x_wconf 86' lang='grc' dir='ltr'><strong>γὰρ</strong></span> <span class='ocrx_word' id='word_1_742' title='bbox 1050 5712 1115 5783; x_wconf 86' lang='grc' dir='ltr'><strong>δὴ</strong></span> <span class='ocrx_word' id='word_1_743' title='bbox 1154 5713 1250 5767; x_wconf 78' lang='grc' dir='ltr'><strong>καὶ</strong></span> <span class='ocrx_word' id='word_1_744' title='bbox 1291 5712 1560 5783; x_wconf 81' lang='grc' dir='ltr'><strong>πειρῷντο</strong></span> <span class='ocrx_word' id='word_1_745' title='bbox 1615 5710 1825 5775; x_wconf 88' lang='grc' dir='ltr'><strong>θυσίαις</strong></span> 
     </span>
    </p>
   </div>
   <div class='ocr_carea' id='block_1_96' title="bbox 185 5801 1824 5873">
    <p class='ocr_par' dir='ltr' id='par_1_96' title="bbox 185 5801 1824 5873">
     <span class='ocr_line' id='line_1_96' title="bbox 185 5801 1824 5873; baseline -0.005 -11"><span class='ocrx_word' id='word_1_746' title='bbox 185 5802 630 5873; x_wconf 63' lang='grc' dir='ltr'><strong>ἐξιλάσκεσθαι</strong></span> <span class='ocrx_word' id='word_1_747' title='bbox 659 5803 722 5856; x_wconf 84' lang='grc' dir='ltr'><strong>τὸ</strong></span> <span class='ocrx_word' id='word_1_748' title='bbox 751 5803 924 5868; x_wconf 87' lang='grc' dir='ltr'><strong>Θεῖον,</strong></span> <span class='ocrx_word' id='word_1_749' title='bbox 962 5803 1353 5873; x_wconf 74' lang='grc' dir='ltr'><strong>ἀπογενόμενοι</strong></span> <span class='ocrx_word' id='word_1_750' title='bbox 1379 5802 1488 5855; x_wconf 86' lang='grc' dir='ltr'><strong>τῶν</strong></span> <span class='ocrx_word' id='word_1_751' title='bbox 1509 5803 1565 5855; x_wconf 83' lang='grc' dir='ltr'><strong>ἐν</strong></span> <span class='ocrx_word' id='word_1_752' title='bbox 1591 5805 1710 5864; x_wconf 88' lang='grc' dir='ltr'><strong>ταῖς</strong></span> <span class='ocrx_word' id='word_1_753' title='bbox 1734 5801 1824 5854; x_wconf 89' lang='grc' dir='ltr'><strong>θυ-</strong></span> 
     </span>
    </p>
   </div>
   <div class='ocr_carea' id='block_1_97' title="bbox 184 5893 1815 5960">
    <p class='ocr_par' dir='ltr' id='par_1_97' title="bbox 184 5893 1815 5960">
     <span class='ocr_line' id='line_1_97' title="bbox 184 5893 1815 5960; baseline -0.004 -8"><span class='ocrx_word' id='word_1_754' title='bbox 184 5900 382 5958; x_wconf 77' lang='grc' dir='ltr'><strong>σίαις</strong></span> <span class='ocrx_word' id='word_1_755' title='bbox 407 5894 612 5952; x_wconf 76' lang='grc' dir='ltr'><strong>κρεῶν.</strong></span> <span class='ocrx_word' id='word_1_756' title='bbox 631 5893 772 5948; x_wconf 84' lang='grc' dir='ltr'><strong>κατὰ</strong></span> <span class='ocrx_word' id='word_1_757' title='bbox 793 5894 854 5947; x_wconf 85' lang='grc' dir='ltr'><strong>τὸ</strong></span> <span class='ocrx_word' id='word_1_758' title='bbox 869 5895 1076 5960; x_wconf 81' lang='grc' dir='ltr'><strong>εἰωθὸς,</strong></span> <span class='ocrx_word' id='word_1_759' title='bbox 1101 5895 1221 5948; x_wconf 83' lang='grc' dir='ltr'><strong>οὐδὲ</strong></span> <span class='ocrx_word' id='word_1_760' title='bbox 1240 5895 1443 5948; x_wconf 83' lang='grc' dir='ltr'><strong>τούτων</strong></span> <span class='ocrx_word' id='word_1_761' title='bbox 1459 5894 1608 5948; x_wconf 70' lang='grc' dir='ltr'><strong>ἔσται</strong></span> <span class='ocrx_word' id='word_1_762' title='bbox 1630 5913 1712 5957; x_wconf 86' lang='grc' dir='ltr'><strong>τις</strong></span> <span class='ocrx_word' id='word_1_763' title='bbox 1727 5893 1815 5947; x_wconf 82' lang='grc' dir='ltr'><strong>λό-</strong></span> 
     </span>
    </p>
   </div>
   <div class='ocr_carea' id='block_1_98' title="bbox 1996 4065 3485 4143">
    <p class='ocr_par' dir='ltr' id='par_1_98' title="bbox 1996 4065 3485 4143">
     <span class='ocr_line' id='line_1_98' title="bbox 1996 4065 3485 4143; baseline 0.009 -25"><span class='ocrx_word' id='word_1_764' title='bbox 1996 4065 2160 4120; x_wconf 78' lang='lat' dir='ltr'><strong>Vsns.</strong></span> <span class='ocrx_word' id='word_1_765' title='bbox 2194 4068 2373 4121; x_wconf 59' lang='lat' dir='ltr'><strong>ll-lt.</strong></span> <span class='ocrx_word' id='word_1_766' title='bbox 2407 4098 2476 4106; x_wconf 89' lang='lat'><strong>-——</strong></span> <span class='ocrx_word' id='word_1_767' title='bbox 2511 4089 2528 4120; x_wconf 80' lang='grc' dir='ltr'><strong>ι</strong></span> <span class='ocrx_word' id='word_1_768' title='bbox 2573 4069 2710 4136; x_wconf 84' lang='lat' dir='ltr'><strong>Quia</strong></span> <span class='ocrx_word' id='word_1_769' title='bbox 2750 4072 3126 4141; x_wconf 86' lang='lat' dir='ltr'><strong>multiplicavit</strong></span> <span class='ocrx_word' id='word_1_770' title='bbox 3160 4073 3485 4143; x_wconf 86' lang='lat' dir='ltr'><strong>Ephraimus</strong></span> 
     </span>
    </p>
   </div>
   <div class='ocr_carea' id='block_1_99' title="bbox 1922 4159 3486 4233">
    <p class='ocr_par' dir='ltr' id='par_1_99' title="bbox 1922 4159 3486 4233">
     <span class='ocr_line' id='line_1_99' title="bbox 1922 4159 3486 4233; baseline 0.011 -23"><span class='ocrx_word' id='word_1_771' title='bbox 1922 4159 2132 4222; x_wconf 88' lang='lat' dir='ltr'><strong>altaria,</strong></span> <span class='ocrx_word' id='word_1_772' title='bbox 2176 4159 2316 4212; x_wconf 80' lang='lat' dir='ltr'><strong>facta</strong></span> <span class='ocrx_word' id='word_1_773' title='bbox 2367 4170 2495 4213; x_wconf 89' lang='lat' dir='ltr'><strong>sunt</strong></span> <span class='ocrx_word' id='word_1_774' title='bbox 2535 4163 2581 4216; x_wconf 88' lang='lat' dir='ltr'><strong>ei</strong></span> <span class='ocrx_word' id='word_1_775' title='bbox 2636 4163 2688 4216; x_wconf 91' lang='lat' dir='ltr'><strong>in</strong></span> <span class='ocrx_word' id='word_1_776' title='bbox 2741 4176 3042 4233; x_wconf 86' lang='lat' dir='ltr'><strong>peccatum.</strong></span> <span class='ocrx_word' id='word_1_777' title='bbox 3083 4188 3102 4219; x_wconf 71' lang='grc' dir='ltr'><em>ι</em></span> <span class='ocrx_word' id='word_1_778' title='bbox 3130 4168 3318 4224; x_wconf 88' lang='lat' dir='ltr'><strong>Merito</strong></span> <span class='ocrx_word' id='word_1_779' title='bbox 3369 4171 3486 4227; x_wconf 71' lang='lat' dir='ltr'><strong>bazc</strong></span> 
     </span>
    </p>
   </div>
   <div class='ocr_carea' id='block_1_100' title="bbox 1924 4252 3486 4332">
    <p class='ocr_par' dir='ltr' id='par_1_100' title="bbox 1924 4252 3486 4332">
     <span class='ocr_line' id='line_1_100' title="bbox 1924 4252 3486 4332; baseline 0.012 -30"><span class='ocrx_word' id='word_1_780' title='bbox 1924 4252 2223 4319; x_wconf 83' lang='lat' dir='ltr'><strong>patiuntur,</strong></span> <span class='ocrx_word' id='word_1_781' title='bbox 2254 4261 2540 4322; x_wconf 89' lang='lat' dir='ltr'><strong>postquam</strong></span> <span class='ocrx_word' id='word_1_782' title='bbox 2587 4255 2811 4326; x_wconf 89' lang='lat' dir='ltr'><strong>impium</strong></span> <span class='ocrx_word' id='word_1_783' title='bbox 2844 4259 2977 4314; x_wconf 91' lang='lat' dir='ltr'><strong>illud</strong></span> <span class='ocrx_word' id='word_1_784' title='bbox 3017 4277 3242 4332; x_wconf 78' lang='lat' dir='ltr'><strong>regnum</strong></span> <span class='ocrx_word' id='word_1_785' title='bbox 3279 4266 3486 4321; x_wconf 88' lang='lat' dir='ltr'><strong>consti-</strong></span> 
     </span>
    </p>
   </div>
   <div class='ocr_carea' id='block_1_101' title="bbox 1920 4345 3480 4420">
    <p class='ocr_par' dir='ltr' id='par_1_101' title="bbox 1920 4345 3480 4420">
     <span class='ocr_line' id='line_1_101' title="bbox 1920 4345 3480 4420; baseline 0.011 -24"><span class='ocrx_word' id='word_1_786' title='bbox 1920 4351 2160 4407; x_wconf 87' lang='lat' dir='ltr'><strong>tuerunt,</strong></span> <span class='ocrx_word' id='word_1_787' title='bbox 2180 4352 2342 4413; x_wconf 90' lang='lat' dir='ltr'><strong>atque</strong></span> <span class='ocrx_word' id='word_1_788' title='bbox 2373 4345 2513 4400; x_wconf 87' lang='lat' dir='ltr'><strong>hanc</strong></span> <span class='ocrx_word' id='word_1_789' title='bbox 2539 4346 2678 4399; x_wconf 76' lang='lat' dir='ltr'><strong>viam</strong></span> <span class='ocrx_word' id='word_1_790' title='bbox 2701 4350 3074 4420; x_wconf 79' lang='lat' dir='ltr'><strong>excogitarunt</strong></span> <span class='ocrx_word' id='word_1_791' title='bbox 3095 4355 3480 4413; x_wconf 79' lang='lat' dir='ltr'><strong>multiformem</strong></span> 
     </span>
    </p>
   </div>
   <div class='ocr_carea' id='block_1_102' title="bbox 1923 4433 3484 4512">
    <p class='ocr_par' dir='ltr' id='par_1_102' title="bbox 1923 4433 3484 4512">
     <span class='ocr_line' id='line_1_102' title="bbox 1923 4433 3484 4512; baseline 0.01 -23"><span class='ocrx_word' id='word_1_792' title='bbox 1923 4433 2023 4489; x_wconf 89' lang='lat' dir='ltr'><strong>sibi</strong></span> <span class='ocrx_word' id='word_1_793' title='bbox 2081 4434 2460 4490; x_wconf 90' lang='lat' dir='ltr'><strong>adiuveuicudi</strong></span> <span class='ocrx_word' id='word_1_794' title='bbox 2531 4437 2793 4494; x_wconf 84' lang='lat' dir='ltr'><strong>idolorum</strong></span> <span class='ocrx_word' id='word_1_795' title='bbox 2855 4444 3163 4512; x_wconf 88' lang='lat' dir='ltr'><strong>culturam;</strong></span> <span class='ocrx_word' id='word_1_796' title='bbox 3217 4463 3317 4502; x_wconf 91' lang='lat' dir='ltr'><strong>nec</strong></span> <span class='ocrx_word' id='word_1_797' title='bbox 3379 4465 3484 4504; x_wconf 91' lang='lat' dir='ltr'><strong>non</strong></span> 
     </span>
    </p>
   </div>
   <div class='ocr_carea' id='block_1_103' title="bbox 1921 4528 3486 4612">
    <p class='ocr_par' dir='ltr' id='par_1_103' title="bbox 1921 4528 3486 4612">
     <span class='ocr_line' id='line_1_103' title="bbox 1921 4528 3486 4612; baseline 0.012 -33"><span class='ocrx_word' id='word_1_798' title='bbox 1921 4528 2090 4580; x_wconf 90' lang='lat' dir='ltr'><strong>multa</strong></span> <span class='ocrx_word' id='word_1_799' title='bbox 2117 4529 2418 4583; x_wconf 58' lang='lat' dir='ltr'><strong>adiﬁcaudi</strong></span> <span class='ocrx_word' id='word_1_800' title='bbox 2449 4531 2550 4584; x_wconf 89' lang='lat' dir='ltr'><strong>sibi</strong></span> <span class='ocrx_word' id='word_1_801' title='bbox 2584 4531 2907 4604; x_wconf 84' lang='lat' dir='ltr'><strong>diversaque</strong></span> <span class='ocrx_word' id='word_1_802' title='bbox 2944 4538 3154 4602; x_wconf 89' lang='lat' dir='ltr'><strong>altaria,</strong></span> <span class='ocrx_word' id='word_1_803' title='bbox 3191 4541 3332 4609; x_wconf 87' lang='lat' dir='ltr'><strong>apud</strong></span> <span class='ocrx_word' id='word_1_804' title='bbox 3365 4559 3486 4612; x_wconf 76' lang='lat' dir='ltr'><strong>qua:</strong></span> 
     </span>
    </p>
   </div>
   <div class='ocr_carea' id='block_1_104' title="bbox 1921 4619 3484 4697">
    <p class='ocr_par' dir='ltr' id='par_1_104' title="bbox 1921 4619 3484 4697">
     <span class='ocr_line' id='line_1_104' title="bbox 1921 4619 3484 4697; baseline 0.009 -25"><span class='ocrx_word' id='word_1_805' title='bbox 1921 4619 2266 4686; x_wconf 87' lang='lat' dir='ltr'><strong>potissimum</strong></span> <span class='ocrx_word' id='word_1_806' title='bbox 2307 4621 2687 4689; x_wconf 89' lang='lat' dir='ltr'><strong>delinquentes</strong></span> <span class='ocrx_word' id='word_1_807' title='bbox 2719 4624 2899 4691; x_wconf 85' lang='lat' dir='ltr'><strong>justas</strong></span> <span class='ocrx_word' id='word_1_808' title='bbox 2927 4641 3116 4692; x_wconf 62' lang='lat' dir='ltr'><strong>poenas</strong></span> <span class='ocrx_word' id='word_1_809' title='bbox 3154 4630 3484 4697; x_wconf 87' lang='lat' dir='ltr'><strong>persolvent.</strong></span> 
     </span>
    </p>
   </div>
   <div class='ocr_carea' id='block_1_105' title="bbox 1926 4708 3481 4789">
    <p class='ocr_par' dir='ltr' id='par_1_105' title="bbox 1926 4708 3481 4789">
     <span class='ocr_line' id='line_1_105' title="bbox 1926 4708 3481 4789; baseline 0.011 -30"><span class='ocrx_word' id='word_1_810' title='bbox 1926 4727 1945 4759; x_wconf 76' lang='grc' dir='ltr'><strong>ι</strong></span> <span class='ocrx_word' id='word_1_811' title='bbox 1994 4708 2236 4763; x_wconf 86' lang='lat' dir='ltr'><strong>Scribam</strong></span> <span class='ocrx_word' id='word_1_812' title='bbox 2285 4712 2335 4764; x_wconf 88' lang='lat' dir='ltr'><strong>ei</strong></span> <span class='ocrx_word' id='word_1_813' title='bbox 2402 4712 2830 4777; x_wconf 89' lang='lat' dir='ltr'><strong>multitudinem,</strong></span> <span class='ocrx_word' id='word_1_814' title='bbox 2883 4723 2936 4768; x_wconf 89' lang='lat' dir='ltr'><strong>et</strong></span> <span class='ocrx_word' id='word_1_815' title='bbox 2980 4717 3218 4786; x_wconf 82' lang='lat' dir='ltr'><strong>legitima</strong></span> <span class='ocrx_word' id='word_1_816' title='bbox 3269 4720 3408 4789; x_wconf 87' lang='lat' dir='ltr'><strong>ejus.</strong></span> <span class='ocrx_word' id='word_1_817' title='bbox 3463 4743 3481 4775; x_wconf 77' lang='grc' dir='ltr'><strong>ι</strong></span> 
     </span>
    </p>
   </div>
   <div class='ocr_carea' id='block_1_106' title="bbox 1922 4799 3492 4878">
    <p class='ocr_par' dir='ltr' id='par_1_106' title="bbox 1922 4799 3492 4878">
     <span class='ocr_line' id='line_1_106' title="bbox 1922 4799 3492 4878; baseline 0.01 -27"><span class='ocrx_word' id='word_1_818' title='bbox 1922 4799 2072 4852; x_wconf 81' lang='lat' dir='ltr'><strong>Hanc</strong></span> <span class='ocrx_word' id='word_1_819' title='bbox 2109 4799 2251 4853; x_wconf 89' lang='lat' dir='ltr'><strong>enim</strong></span> <span class='ocrx_word' id='word_1_820' title='bbox 2277 4801 2530 4855; x_wconf 88' lang='lat' dir='ltr'><strong>altarium</strong></span> <span class='ocrx_word' id='word_1_821' title='bbox 2567 4804 2965 4860; x_wconf 88' lang='lat' dir='ltr'><strong>multitudinem</strong></span> <span class='ocrx_word' id='word_1_822' title='bbox 3003 4807 3291 4878; x_wconf 76' lang='lat' dir='ltr'><strong>legumque</strong></span> <span class='ocrx_word' id='word_1_823' title='bbox 3329 4827 3492 4867; x_wconf 89' lang='lat' dir='ltr'><strong>nova-</strong></span> 
     </span>
    </p>
   </div>
   <div class='ocr_carea' id='block_1_107' title="bbox 1919 4894 3487 4966">
    <p class='ocr_par' dir='ltr' id='par_1_107' title="bbox 1919 4894 3487 4966">
     <span class='ocr_line' id='line_1_107' title="bbox 1919 4894 3487 4966; baseline 0.008 -22"><span class='ocrx_word' id='word_1_824' title='bbox 1919 4907 2060 4954; x_wconf 87' lang='lat' dir='ltr'><strong>rum,</strong></span> <span class='ocrx_word' id='word_1_825' title='bbox 2110 4908 2247 4961; x_wconf 87' lang='lat' dir='ltr'><strong>quas</strong></span> <span class='ocrx_word' id='word_1_826' title='bbox 2302 4894 2630 4950; x_wconf 83' lang='lat' dir='ltr'><strong>invenerunt</strong></span> <span class='ocrx_word' id='word_1_827' title='bbox 2677 4897 2823 4952; x_wconf 90' lang='lat' dir='ltr'><strong>circa</strong></span> <span class='ocrx_word' id='word_1_828' title='bbox 2872 4897 3143 4954; x_wconf 90' lang='lat' dir='ltr'><strong>idolorum</strong></span> <span class='ocrx_word' id='word_1_829' title='bbox 3192 4905 3487 4966; x_wconf 88' lang='lat' dir='ltr'><strong>culturam,</strong></span> 
     </span>
    </p>
   </div>
   <div class='ocr_carea' id='block_1_108' title="bbox 1917 4983 3488 5065">
    <p class='ocr_par' dir='ltr' id='par_1_108' title="bbox 1917 4983 3488 5065">
     <span class='ocr_line' id='line_1_108' title="bbox 1917 4983 3488 5065; baseline 0.008 -31"><span class='ocrx_word' id='word_1_830' title='bbox 1917 4983 2077 5051; x_wconf 79' lang='lat' dir='ltr'><strong>justre</strong></span> <span class='ocrx_word' id='word_1_831' title='bbox 2131 4985 2392 5042; x_wconf 86' lang='lat' dir='ltr'><strong>adversus</strong></span> <span class='ocrx_word' id='word_1_832' title='bbox 2444 5001 2539 5042; x_wconf 91' lang='lat' dir='ltr'><strong>eos</strong></span> <span class='ocrx_word' id='word_1_833' title='bbox 2598 4989 2967 5044; x_wconf 88' lang='lat' dir='ltr'><strong>accusationis</strong></span> <span class='ocrx_word' id='word_1_834' title='bbox 3023 4991 3221 5055; x_wconf 81' lang='lat' dir='ltr'><strong>instar.</strong></span> <span class='ocrx_word' id='word_1_835' title='bbox 3278 4997 3488 5065; x_wconf 88' lang='lat' dir='ltr'><strong>scripto</strong></span> 
     </span>
    </p>
   </div>
   <div class='ocr_carea' id='block_1_109' title="bbox 1920 5075 3482 5148">
    <p class='ocr_par' dir='ltr' id='par_1_109' title="bbox 1920 5075 3482 5148">
     <span class='ocr_line' id='line_1_109' title="bbox 1920 5075 3482 5148; baseline 0.007 -23"><span class='ocrx_word' id='word_1_836' title='bbox 1920 5075 2390 5142; x_wconf 87' lang='lat' dir='ltr'><strong>comprehensam,</strong></span> <span class='ocrx_word' id='word_1_837' title='bbox 2425 5077 2674 5132; x_wconf 85' lang='lat' dir='ltr'><strong>habebo:</strong></span> <span class='ocrx_word' id='word_1_838' title='bbox 2713 5079 2913 5148; x_wconf 88' lang='lat' dir='ltr'><strong>quibus</strong></span> <span class='ocrx_word' id='word_1_839' title='bbox 2938 5080 3113 5135; x_wconf 85' lang='lat' dir='ltr'><strong>verbis</strong></span> <span class='ocrx_word' id='word_1_840' title='bbox 3152 5086 3482 5137; x_wconf 86' lang='lat' dir='ltr'><strong>sententiam</strong></span> 
     </span>
    </p>
   </div>
   <div class='ocr_carea' id='block_1_110' title="bbox 1922 5163 3492 5243">
    <p class='ocr_par' dir='ltr' id='par_1_110' title="bbox 1922 5163 3492 5243">
     <span class='ocr_line' id='line_1_110' title="bbox 1922 5163 3492 5243; baseline 0.008 -27"><span class='ocrx_word' id='word_1_841' title='bbox 1922 5163 1989 5216; x_wconf 87' lang='lat' dir='ltr'><strong>ob</strong></span> <span class='ocrx_word' id='word_1_842' title='bbox 2010 5174 2156 5218; x_wconf 90' lang='lat' dir='ltr'><strong>tanta</strong></span> <span class='ocrx_word' id='word_1_843' title='bbox 2187 5166 2417 5220; x_wconf 88' lang='lat' dir='ltr'><strong>crimina</strong></span> <span class='ocrx_word' id='word_1_844' title='bbox 2452 5169 2520 5223; x_wconf 87' lang='lat' dir='ltr'><strong>de</strong></span> <span class='ocrx_word' id='word_1_845' title='bbox 2551 5169 2658 5224; x_wconf 89' lang='lat' dir='ltr'><strong>illis</strong></span> <span class='ocrx_word' id='word_1_846' title='bbox 2692 5170 2816 5225; x_wconf 84' lang='lat' dir='ltr'><strong>fert.</strong></span> <span class='ocrx_word' id='word_1_847' title='bbox 2842 5190 2861 5222; x_wconf 75' lang='grc' dir='ltr'><strong>ι</strong></span> <span class='ocrx_word' id='word_1_848' title='bbox 2894 5171 3051 5226; x_wconf 76' lang='lat' dir='ltr'><strong>Velut</strong></span> <span class='ocrx_word' id='word_1_849' title='bbox 3074 5174 3246 5228; x_wconf 83' lang='lat' dir='ltr'><strong>aliena</strong></span> <span class='ocrx_word' id='word_1_850' title='bbox 3275 5189 3492 5243; x_wconf 86' lang='lat' dir='ltr'><strong>compu-</strong></span> 
     </span>
    </p>
   </div>
   <div class='ocr_carea' id='block_1_111' title="bbox 1922 5258 3491 5335">
    <p class='ocr_par' dir='ltr' id='par_1_111' title="bbox 1922 5258 3491 5335">
     <span class='ocr_line' id='line_1_111' title="bbox 1922 5258 3491 5335; baseline 0.007 -27"><span class='ocrx_word' id='word_1_851' title='bbox 1922 5263 2035 5308; x_wconf 90' lang='lat' dir='ltr'><strong>tata</strong></span> <span class='ocrx_word' id='word_1_852' title='bbox 2061 5266 2189 5309; x_wconf 89' lang='lat' dir='ltr'><strong>suut</strong></span> <span class='ocrx_word' id='word_1_853' title='bbox 2231 5258 2423 5312; x_wconf 86' lang='lat' dir='ltr'><strong>altaria</strong></span> <span class='ocrx_word' id='word_1_854' title='bbox 2457 5260 2674 5315; x_wconf 89' lang='lat' dir='ltr'><strong>dilecta.</strong></span> <span class='ocrx_word' id='word_1_855' title='bbox 2722 5281 2741 5312; x_wconf 71' lang='grc' dir='ltr'><strong>ι</strong></span> <span class='ocrx_word' id='word_1_856' title='bbox 2775 5261 3018 5332; x_wconf 87' lang='lat' dir='ltr'><strong>Namque</strong></span> <span class='ocrx_word' id='word_1_857' title='bbox 3041 5274 3097 5318; x_wconf 88' lang='lat' dir='ltr'><strong>et</strong></span> <span class='ocrx_word' id='word_1_858' title='bbox 3129 5265 3342 5328; x_wconf 88' lang='lat' dir='ltr'><strong>altaria,</strong></span> <span class='ocrx_word' id='word_1_859' title='bbox 3370 5282 3491 5335; x_wconf 80' lang='lat' dir='ltr'><strong>quae</strong></span> 
     </span>
    </p>
   </div>
   <div class='ocr_carea' id='block_1_112' title="bbox 1923 5348 3490 5425">
    <p class='ocr_par' dir='ltr' id='par_1_112' title="bbox 1923 5348 3490 5425">
     <span class='ocr_line' id='line_1_112' title="bbox 1923 5348 3490 5425; baseline 0.008 -25"><span class='ocrx_word' id='word_1_860' title='bbox 1923 5349 2093 5402; x_wconf 85' lang='lat' dir='ltr'><strong>multo</strong></span> <span class='ocrx_word' id='word_1_861' title='bbox 2123 5348 2284 5418; x_wconf 84' lang='lat' dir='ltr'><strong>digna</strong></span> <span class='ocrx_word' id='word_1_862' title='bbox 2329 5366 2514 5408; x_wconf 88' lang='lat' dir='ltr'><strong>amore</strong></span> <span class='ocrx_word' id='word_1_863' title='bbox 2549 5353 2841 5425; x_wconf 88' lang='lat' dir='ltr'><strong>studioque</strong></span> <span class='ocrx_word' id='word_1_864' title='bbox 2882 5355 3222 5418; x_wconf 88' lang='lat' dir='ltr'><strong>videbantur,</strong></span> <span class='ocrx_word' id='word_1_865' title='bbox 3255 5358 3358 5412; x_wconf 76' lang='lat' dir='ltr'><strong>sub</strong></span> <span class='ocrx_word' id='word_1_866' title='bbox 3391 5358 3490 5413; x_wconf 86' lang='lat' dir='ltr'><strong>bo-</strong></span> 
     </span>
    </p>
   </div>
   <div class='ocr_carea' id='block_1_113' title="bbox 1924 5430 3490 5512">
    <p class='ocr_par' dir='ltr' id='par_1_113' title="bbox 1924 5430 3490 5512">
     <span class='ocr_line' id='line_1_113' title="bbox 1924 5430 3490 5512; baseline 0.008 -19"><span class='ocrx_word' id='word_1_867' title='bbox 1924 5441 2087 5493; x_wconf 84' lang='lat' dir='ltr'><strong>stium</strong></span> <span class='ocrx_word' id='word_1_868' title='bbox 2120 5442 2338 5496; x_wconf 88' lang='lat' dir='ltr'><strong>venient</strong></span> <span class='ocrx_word' id='word_1_869' title='bbox 2380 5430 2721 5512; x_wconf 84' lang='lat' dir='ltr'><strong>potestatem.</strong></span> <span class='ocrx_word' id='word_1_870' title='bbox 2754 5464 2774 5498; x_wconf 74' lang='grc' dir='ltr'><strong>ι</strong></span> <span class='ocrx_word' id='word_1_871' title='bbox 2813 5445 2949 5512; x_wconf 87' lang='lat' dir='ltr'><strong>Quia</strong></span> <span class='ocrx_word' id='word_1_872' title='bbox 2998 5447 3043 5502; x_wconf 86' lang='lat' dir='ltr'><strong>si</strong></span> <span class='ocrx_word' id='word_1_873' title='bbox 3088 5447 3490 5505; x_wconf 86' lang='lat' dir='ltr'><strong>immolaverint</strong></span> 
     </span>
    </p>
   </div>
   <div class='ocr_carea' id='block_1_114' title="bbox 1926 5531 3490 5600">
    <p class='ocr_par' dir='ltr' id='par_1_114' title="bbox 1926 5531 3490 5600">
     <span class='ocr_line' id='line_1_114' title="bbox 1926 5531 3490 5600; baseline 0.007 -17"><span class='ocrx_word' id='word_1_874' title='bbox 1926 5531 2178 5595; x_wconf 88' lang='lat' dir='ltr'><strong>hostiam,</strong></span> <span class='ocrx_word' id='word_1_875' title='bbox 2214 5543 2266 5585; x_wconf 91' lang='lat' dir='ltr'><strong>et</strong></span> <span class='ocrx_word' id='word_1_876' title='bbox 2287 5533 2628 5588; x_wconf 89' lang='lat' dir='ltr'><strong>comederint</strong></span> <span class='ocrx_word' id='word_1_877' title='bbox 2657 5549 2872 5600; x_wconf 88' lang='lat' dir='ltr'><strong>carnes,</strong></span> <span class='ocrx_word' id='word_1_878' title='bbox 2907 5534 3170 5591; x_wconf 88' lang='lat' dir='ltr'><strong>Dominus</strong></span> <span class='ocrx_word' id='word_1_879' title='bbox 3190 5552 3300 5592; x_wconf 87' lang='lat' dir='ltr'><strong>non</strong></span> <span class='ocrx_word' id='word_1_880' title='bbox 3321 5540 3490 5594; x_wconf 83' lang='lat' dir='ltr'><strong>susci-</strong></span> 
     </span>
    </p>
   </div>
   <div class='ocr_carea' id='block_1_115' title="bbox 1926 5622 3491 5701">
    <p class='ocr_par' dir='ltr' id='par_1_115' title="bbox 1926 5622 3491 5701">
     <span class='ocr_line' id='line_1_115' title="bbox 1926 5622 3491 5701; baseline 0.008 -27"><span class='ocrx_word' id='word_1_881' title='bbox 1926 5623 2034 5690; x_wconf 86' lang='lat' dir='ltr'><strong>piet</strong></span> <span class='ocrx_word' id='word_1_882' title='bbox 2062 5639 2175 5676; x_wconf 89' lang='lat' dir='ltr'><strong>eas.</strong></span> <span class='ocrx_word' id='word_1_883' title='bbox 2211 5641 2228 5673; x_wconf 73' lang='grc' dir='ltr'><strong>ι</strong></span> <span class='ocrx_word' id='word_1_884' title='bbox 2265 5622 2400 5677; x_wconf 84' lang='lat' dir='ltr'><strong>Nam</strong></span> <span class='ocrx_word' id='word_1_885' title='bbox 2437 5626 2540 5681; x_wconf 87' lang='lat' dir='ltr'><strong>etsi</strong></span> <span class='ocrx_word' id='word_1_886' title='bbox 2590 5625 2732 5682; x_wconf 80' lang='lat' dir='ltr'><strong>forte</strong></span> <span class='ocrx_word' id='word_1_887' title='bbox 2769 5628 2962 5682; x_wconf 89' lang='lat' dir='ltr'><strong>hostiis</strong></span> <span class='ocrx_word' id='word_1_888' title='bbox 2989 5637 3257 5684; x_wconf 92' lang='lat' dir='ltr'><strong>conentur</strong></span> <span class='ocrx_word' id='word_1_889' title='bbox 3274 5631 3491 5701; x_wconf 89' lang='lat' dir='ltr'><strong>placare</strong></span> 
     </span>
    </p>
   </div>
   <div class='ocr_carea' id='block_1_116' title="bbox 1926 5713 3486 5786">
    <p class='ocr_par' dir='ltr' id='par_1_116' title="bbox 1926 5713 3486 5786">
     <span class='ocr_line' id='line_1_116' title="bbox 1926 5713 3486 5786; baseline 0.009 -21"><span class='ocrx_word' id='word_1_890' title='bbox 1926 5713 2114 5777; x_wconf 86' lang='lat' dir='ltr'><strong>Deum,</strong></span> <span class='ocrx_word' id='word_1_891' title='bbox 2152 5716 2380 5782; x_wconf 80' lang='lat' dir='ltr'><strong>gustatis</strong></span> <span class='ocrx_word' id='word_1_892' title='bbox 2409 5716 2802 5772; x_wconf 78' lang='lat' dir='ltr'><strong>sacrificiorum</strong></span> <span class='ocrx_word' id='word_1_893' title='bbox 2853 5718 2958 5773; x_wconf 90' lang='lat' dir='ltr'><strong>ritu</strong></span> <span class='ocrx_word' id='word_1_894' title='bbox 3009 5719 3169 5775; x_wconf 88' lang='lat' dir='ltr'><strong>solito</strong></span> <span class='ocrx_word' id='word_1_895' title='bbox 3207 5723 3486 5786; x_wconf 88' lang='lat' dir='ltr'><strong>carnibus,</strong></span> 
     </span>
    </p>
   </div>
   <div class='ocr_carea' id='block_1_117' title="bbox 1930 5805 3488 5882">
    <p class='ocr_par' dir='ltr' id='par_1_117' title="bbox 1930 5805 3488 5882">
     <span class='ocr_line' id='line_1_117' title="bbox 1930 5805 3488 5882; baseline 0.007 -25"><span class='ocrx_word' id='word_1_896' title='bbox 1930 5806 2060 5858; x_wconf 88' lang='lat' dir='ltr'><strong>nulli</strong></span> <span class='ocrx_word' id='word_1_897' title='bbox 2095 5805 2198 5860; x_wconf 88' lang='lat' dir='ltr'><strong>hoc</strong></span> <span class='ocrx_word' id='word_1_898' title='bbox 2241 5806 2348 5862; x_wconf 88' lang='lat' dir='ltr'><strong>Deo</strong></span> <span class='ocrx_word' id='word_1_899' title='bbox 2383 5823 2529 5862; x_wconf 67' lang='lat' dir='ltr'><strong>curae</strong></span> <span class='ocrx_word' id='word_1_900' title='bbox 2576 5808 2699 5872; x_wconf 88' lang='lat' dir='ltr'><strong>erit,</strong></span> <span class='ocrx_word' id='word_1_901' title='bbox 2741 5825 2916 5880; x_wconf 89' lang='lat' dir='ltr'><strong>neque</strong></span> <span class='ocrx_word' id='word_1_902' title='bbox 2946 5811 3111 5867; x_wconf 90' lang='lat' dir='ltr'><strong>ullam</strong></span> <span class='ocrx_word' id='word_1_903' title='bbox 3142 5822 3488 5882; x_wconf 88' lang='lat' dir='ltr'><strong>peccatorum</strong></span> 
     </span>
    </p>
   </div>
   <div class='ocr_carea' id='block_1_118' title="bbox 1927 5894 3491 5964">
    <p class='ocr_par' dir='ltr' id='par_1_118' title="bbox 1927 5894 3491 5964">
     <span class='ocr_line' id='line_1_118' title="bbox 1927 5894 3491 5964; baseline 0.005 -18"><span class='ocrx_word' id='word_1_904' title='bbox 1927 5894 2321 5964; x_wconf 80' lang='lat' dir='ltr'><strong>gratiﬁcabitur</strong></span> <span class='ocrx_word' id='word_1_905' title='bbox 2365 5897 2763 5953; x_wconf 87' lang='lat' dir='ltr'><strong>remissionem.</strong></span> <span class='ocrx_word' id='word_1_906' title='bbox 2822 5919 2841 5950; x_wconf 70' lang='grc' dir='ltr'><strong>ι</strong></span> <span class='ocrx_word' id='word_1_907' title='bbox 2905 5897 3060 5955; x_wconf 87' lang='lat' dir='ltr'><strong>Nunc</strong></span> <span class='ocrx_word' id='word_1_908' title='bbox 3115 5901 3491 5957; x_wconf 77' lang='lat' dir='ltr'><strong>rccordabitur</strong></span> 
     </span>
    </p>
   </div>
  </div>
