3934 6552
1710 431 2055 488 TIIEODORI

588 435 688 487 I73

2118 430 2599 490 MOPSUESTENI

3672 466 3746 517 176

582 549 892 619 iniquitates
924 562 1131 612 eorum,
1184 556 1237 601 et
1285 548 1579 603 ulciscetur
1620 554 1841 616 peccata
1874 562 2082 602 eorum.
2122 590 2123 593 η

2249 564 2343 615 γος
2362 548 2438 619 τῷ
2458 551 2596 621 Θεῷ,
2627 553 2744 606 οὐδέ
2769 573 2887 607 τινα
2919 557 3017 608 ὐπὲ
3027 573 3056 627 ρ
3082 559 3282 612 τούτων
3301 563 3471 629 αὐτοῖς
3496 567 3589 623 τῶν
3611 589 3746 645 παρα-

583 641 791 696 Memor
824 655 1014 695 eorum
1043 656 1165 711 quae
1200 640 1364 710 impie
1392 647 1641 710 egerunt,
1678 655 1784 693 non
1813 641 2148 710 propitiabor

579 734 709 797 illis,
741 732 834 788 sed
865 732 1060 801 dignas
1094 734 1332 803 peccatis
1359 732 1601 803 ipsorum
1631 746 1821 803 pamas
1849 735 2144 802 imponam.

581 842 602 873 ‹
640 823 743 893 ipsi
771 823 837 877 ad
854 824 1149 895 Egyptum
1170 837 1229 877 se
1248 830 1656 888 converterunt,
1680 822 1784 894 ῆι
1804 830 1857 878 et
1878 823 2019 892 apud
2042 826 2146 877 As-

578 914 754 983 syrius
776 914 977 984 polluta
998 912 1310 970 comedunt.
1341 931 1361 966 ι
1391 911 1537 968 Inter
1552 914 1650 968 has
1664 928 1937 968 aerumnas
1967 921 2148 983 petent

578 1004 800 1074 quidem
831 1005 898 1059 ab
917 1004 1150 1075 Egypto
1172 1004 1457 1068 auxilium,
1487 1010 1542 1057 at
1559 1004 1765 1058 nullum
1784 1003 1910 1058 inde
1936 1003 2148 1058 emolu-

576 1103 824 1149 mentum
872 1095 1122 1164 capient;
1160 1094 1255 1149 sed
1299 1096 1496 1164 captivi
1528 1094 1584 1148 iu
1631 1094 1909 1165 Assyriam
1944 1094 2144 1157 abacti,

579 1186 859 1240 servitutis
888 1186 1240 1255 experientur
1273 1186 1436 1239 mala.
1470 1203 1487 1236 ι
1520 1185 1584 1238 Et
1624 1185 1826 1239 oblitus
1859 1192 1943 1239 est
1981 1185 2145 1238 Israel

574 1276 801 1331 factoris
834 1279 941 1342 sui,
979 1286 1030 1331 et
1058 1277 1347 1330 azdilieavit
1378 1276 1624 1331 delubra.
1668 1275 1736 1329 Et
1762 1274 1931 1330 ludas
1959 1276 2145 1329 multi-

576 1369 795 1437 plicavit
837 1369 1001 1423 urbes
1033 1368 1270 1422 munitas
1306 1387 1319 1422 :
1355 1377 1410 1422 et
1451 1368 1666 1420 mittam
1711 1366 1890 1437 ignem
1932 1368 1984 1421 in
2011 1366 2146 1421 civi-

572 1466 715 1513 tates
762 1458 906 1529 ejus.
952 1468 1004 1514 et
1059 1458 1343 1513 devorabit
1403 1457 1758 1512 fundamenta
1816 1458 2054 1513 illarum.
2116 1475 2138 1510 ι

568 1551 819 1605 'llreatori
849 1565 950 1607 suo
988 1551 1198 1605 nullum
1228 1548 1441 1605 deferre
1473 1549 1796 1619 obsequium
1830 1549 2141 1616 voluerunt,

573 1641 671 1696 sed
706 1642 928 1696 delubra
984 1643 1392 1698 aedificaverunt
1424 1642 1494 1696 ob
1541 1640 1809 1695 idolorum
1848 1642 2138 1696 culturam.

574 1733 696 1789 Mox
724 1735 886 1790 urbes
909 1738 1136 1806 insuper
1164 1735 1438 1791 mmnibus
1467 1733 1809 1789 communire
1833 1732 2140 1801 tentabant,

569 1825 728 1895 quasi
757 1825 977 1895 aliquod
1020 1824 1181 1879 malis
1234 1822 1533 1879 remedium
1584 1824 1658 1877 ita
1700 1822 1997 1877 inventuri.
2029 1820 2137 1878 Sed

2252 644 2580 712 νομημάτων
2604 649 2876 718 χαριεῖται
2901 647 3072 703 λύσιν.
3116 670 3135 702 ι
3170 652 3281 705 Νῦν
3314 658 3643 730 μνησθήσεται
3667 644 3747 723 τῶν

2248 731 2472 785 ἀδικιῶν
2498 736 2695 800 αὐτῶν,
2726 738 2820 791 καὶ
2851 740 3125 811 ἐκδικήσει
3146 743 3242 807 τάς
3268 746 3521 818 ἁμαρτίας
3543 755 3704 812 αὐτῶν.
3729 779 3742 811 ι

2248 818 2607 891 Μεμνημένος
2635 826 2741 896 γὰρ
2772 820 2848 880 ὧν
2891 830 3142 898 ὴσέὸουν,
3193 834 3348 899 ἵλεως
3378 837 3471 906 μὲν
3501 842 3655 908 αὐτοῖς
3676 849 3749 901 οὐκ

2247 908 2459 1005 έσομαι,
2504 914 2807 1005 ἀναλόγους
2850 919 2906 971 δὲ
2949 921 3058 973 τῶν
3108 931 3569 999 παρανομημάτων
3610 937 3748 1005 αὐτοῖς

2247 1002 2431 1066 ἐπάξω
2458 1004 2556 1067 τὰς
2580 1007 2867 1079 τιμωρίας.
2914 1030 2933 1063 ι
2968 1013 3129 1066 Αὐτοὶ
3159 1016 3493 1090 ἀπέστρεψαν
3518 1027 3587 1089 εἰς
3618 1002 3749 1097 Δίγυξ

2246 1109 2397 1160 πτον,
2424 1097 2519 1148 καὶ
2545 1098 2626 1161 εἰς
2664 1100 2983 1172 ’Δσσυρίους
3012 1105 3296 1178 ἀκάθαρτα
3327 1110 3594 1180 φάγονται.
3625 1137 3641 1169 ι
3686 1122 3751 1174 Ἐν

2244 1185 2301 1278 δὲ
2334 1187 2542 1278 τούτοις
2586 1193 2700 1255 τοῖς
2727 1193 2919 1259 δεινοῖς
2963 1198 3243 1270 αἰτήσουσι
3292 1204 3387 1272 μὲν
3433 1203 3489 1271 ἐξ
3526 1210 3750 1278 Αἰγύπτου

2247 1274 2518 1347 βοήθειαν,
2569 1280 2834 1349 ὠφέλειαν
2880 1284 2938 1337 δὲ
2982 1287 3229 1342 ἐντεῦθεν
3278 1274 3632 1363 καρπώσονται
3660 1302 3751 1353 οὐδὲ

2247 1367 2396 1438 μίαν,
2447 1370 2781 1441 αἰχμάλωτοι
2834 1392 2895 1427 τε
2943 1378 3277 1449 ἀπαγόμενοι
3321 1385 3399 1447 είς
3455 1386 3750 1458 Ἀσσυρίους,

2244 1459 2339 1511 καὶ
2363 1460 2459 1529 τῆς
2486 1462 2561 1525 ὡς
2586 1465 2642 1516 ὲν
2672 1465 3017 1539 αἰχμαλωσίᾳ
3039 1467 3366 1541 πειρώμενοι
3396 1476 3597 1540 κακίας.
3633 1499 3648 1530 ι
3672 1480 3754 1531 Καὶ

2244 1549 2534 1603 ἐπελάθετο
2576 1553 2790 1625 Ἰσραὴλ
2825 1555 2920 1609 τοῦ
2973 1559 3295 1630 ποιήσαντος
3335 1566 3509 1627 αὐτὸν.
3542 1567 3753 1637 mitium-

2241 1639 2442 1710 δόμησε
2471 1642 2691 1714 τεμένη·
2724 1646 2820 1699 καὶ
2869 1646 3068 1711 Ἰούδας
3093 1650 3363 1722 ἁπλήθυνε
3410 1656 3584 1719 πόλεις
3620 1675 3755 1711 τετει·
3870 1696 3871 1707 η

2241 1726 2523 1799 χισμένας·
2552 1731 2645 1783 καὶ
2676 1732 3014 1798 ἐξαποστελῶ
3046 1736 3157 1808 πῦρ
3180 1740 3259 1802 εἰς
3280 1740 3378 1803 τὰς
3414 1742 3582 1807 πόλεις
3603 1744 3750 1809 αὐτοῦ,

2240 1818 2337 1871 καὶ
2366 1822 2740 1890 καταφάγεται
2766 1825 2833 1877 τὰ
2866 1824 3088 1895 θεμέλια
3121 1828 3320 1885 αὐτῶν.
3350 1848 3369 1882 ι
3400 1831 3503 1885 Τοῦ
3557 1834 3644 1904 μὲν
3675 1835 3755 1905 γὰρ

566 1889 745 1987 neque
769 1889 882 1970 haec
911 1917 993 1971 eis
1017 1915 1318 1987 proderunt
1362 1914 1529 1969 hilum
1557 1932 1571 1969 :
1602 1923 1804 1969 tantam
1832 1914 1978 1968 enim
2007 1920 2123 1967 tam

2242 1889 2604 1980 πεποιηκότος
2628 1913 2823 1978 αὐτοὺς
2870 1889 3025 1985 λόγον
3058 1916 3202 1988 ἔχειν
3234 1921 3335 1975 οὐκ
3383 1889 3660 1985 ὲόούλοντο.
3685 1889 3755 1976 τεἱ

566 2024 674 2078 que
696 2008 1018 2073 terribilem,
1045 2008 1284 2062 hostium
1310 2021 1497 2069 manu,
1520 2006 1625 2061 illis
1642 2020 1858 2075 poenam
1878 2004 2136 2075 infligam,

569 2114 693 2167 quze
729 2099 870 2170 ignis
910 2099 1084 2154 instar
1108 2110 1338 2154 cunctos
1366 2112 1715 2160 consumens,
1748 2112 1778 2151 a
1814 2096 2139 2152 fundamen-

566 2189 637 2242 tis
666 2188 1055 2257 propemodum
1091 2188 1254 2241 urbes
1286 2188 1529 2255 ipsorum
1560 2192 1790 2239 cunctas
1821 2183 2046 2238 delebit.

2246 2002 2379 2072 μένη
2411 2003 2468 2056 δὲ
2516 2004 2607 2057 ἐπὶ
2636 2009 2703 2077 τῇ
2746 2006 2855 2060 τῶν
2899 2008 3130 2064 εἰδώλων
3160 2011 3468 2085 ᾠκοδόμουν
3518 2016 3756 2088 θεραπείᾳ·

2242 2088 2361 2147 εἶτα
2393 2096 2486 2148 ἐπὶ
2513 2096 2721 2161 τούτοις
2767 2100 2866 2163 τὰς
2898 2100 3082 2165 πόλεις
3107 2104 3345 2175 τείχεσιν
3373 2106 3606 2179 ὀχειροῦν
3642 2109 3759 2160 ἐπει-

2246 2184 2449 2255 ρῶντο,
2495 2187 2572 2251 ὡς
2602 2188 2668 2242 ἂν
2700 2190 2873 2260 τούτῳ
2917 2192 3036 2245 τινὰ
3078 2192 3229 2249 λύσιν
3266 2198 3579 2269 εὑρήσοντες
3602 2198 3666 2268 (p.
3690 2198 3757 2259 63)

563 2284 673 2336 τῶν
701 2284 907 2337 κακῶν·
934 2284 1116 2354 ὀνήσει
1140 2282 1194 2336 δὲ
1219 2280 1414 2344 αὐτοὺς
1427 2279 1547 2332 οὐδὲ
1566 2277 1738 2332 ταῦτα
1760 2277 1932 2331 οὐδέν·
1957 2276 2145 2349 ἐπειδὴ
2165 2278 2417 2349 τοιαύτην
2431 2282 2527 2336 καὶ
2544 2282 2687 2336 οὓτω
2713 2284 2948 2357 φοϐερὰν
2968 2288 3149 2349 αὐτοῖς
3166 2286 3262 2357 τὴν
3291 2288 3379 2341 διά
3406 2288 3509 2341 τῶν
3534 2288 3758 2358 πολεμίων

562 2374 750 2440 ἐπάξω
772 2375 1063 2445 τιμωρίαν,
1107 2372 1247 2428 ὥστε
1281 2375 1449 2446 πυρὸς
1480 2374 1637 2444 δίκην
1690 2374 1941 2438 ἅπαντας
1984 2374 2401 2446 ἐπινεμομένην,
2454 2381 2612 2450 μόνον
2653 2384 2752 2435 οὐκ
2805 2383 2870 2437 ὲκ
2910 2383 3121 2455 βάθρων
3168 2384 3385 2447 ἁπάσας
3432 2384 3600 2438 αὐτῶν
3645 2384 3757 2453 ἀφα.

564 2462 706 2519 νίσαι
737 2464 837 2529 τὰς
870 2465 1071 2528 πόλεις.

1212 2649 1363 2705 CAP.
1395 2647 1486 2703 IX.

625 2808 797 2862 Vens.
825 2807 944 2862 1-4.
984 2836 1056 2849 —-
1098 2822 1117 2857 ι
1144 2804 1263 2860 Noli
1297 2804 1489 2870 laetari,
1517 2803 1704 2872 lsrael,
1730 2805 1839 2860 noli
1860 2806 2133 2862 exsultare

2880 2653 3036 2707 ΚΕΦ.
3081 2652 3160 2707 Θ’.

2296 2797 2443 2868 Στίχ.
2471 2796 2614 2850 α’-δ’.
2654 2826 2724 2839 -
2761 2814 2780 2847 ι
2816 2797 2909 2867 Μὴ
2946 2800 3123 2868 χαῖρε,
3162 2798 3413 2870 Ἰσραὴλ,
3447 2797 3537 2852 καὶ
3582 2795 3649 2867 μὴ
3687 2795 3757 2848 εὐ·

560 2901 703 2953 sicut
740 2899 947 2968 populi,
972 2897 1109 2967 quia
1122 2896 1427 2952 fornicatus
1442 2912 1503 2952 es
1525 2911 1554 2950 a
1587 2895 1821 2951 Domino
1842 2894 1952 2951 Deo
1976 2906 2090 2951 tuo.
2107 2916 2123 2948 ι

2227 2886 2454 2956 φραίνου
2478 2884 2660 2948 καθὼς
2694 2886 2745 2937 οί
2788 2885 2927 2952 λαοὶ,
2973 2887 3056 2940 ὅτι
3083 2886 3423 2959 ὲπόρνευσας
3460 2888 3563 2942 ἀπὸ
3588 2886 3756 2956 Κυρίου

560 2991 913 3061 Nequaquam
950 2990 1109 3044 decet
1147 3004 1265 3052 vos,
1288 3004 1442 3059 reque
1474 3004 1538 3044 ac
1568 2990 1807 3059 reliquos
1858 2989 2123 3053 homines,

2227 2975 2320 3029 τοῦ
2344 2975 2481 3030 Θεοῦ
2511 2993 2626 3031 σου.
2658 2996 2676 3028 ι
2711 2978 2785 3031 οὐ
2811 2977 2990 3032 τοίνυν
3023 2978 3419 3051 παραπλησίως
3452 2982 3560 3044 τοῖς
3589 2979 3758 3040 λοιποῖς

553 3081 731 3135 laetari
786 3095 849 3135 ac
895 3081 1090 3150 gestire
1121 3096 1136 3133 :
1166 3081 1368 3134 etenim
1410 3079 1489 3134 illi
1545 3080 1748 3133 nullam
1794 3087 2123 3147 acceperunt

2227 3067 2533 3140 ἀνθρώποις
2562 3069 2828 3140 ἁρμόττον
2862 3071 2989 3141 ὑμῖν
3020 3070 3406 3142 εὐφραίνεσθαι
3437 3072 3530 3125 καὶ
3563 3071 3753 3142 χαίρειν·

558 3169 861 3224 doctrinam
902 3183 1021 3239 qua:
1055 3167 1122 3222 ad
1161 3184 1345 3224 veram
1391 3169 1542 3239 ipsos
1571 3168 1887 3240 religionem
1921 3170 2123 3224 ducere

2228 3158 2412 3231 ἐπειδὴ
2443 3160 2494 3212 οἰ
2525 3160 2624 3231 μὲν
2661 3160 2784 3214 οὐδὲ
2816 3160 2945 3231 μίαν
2982 3160 3229 3226 ἐδέξαντο
3259 3163 3608 3217 διδασκαλίαν
3647 3160 3755 3232 πρὸς

555 3268 745 3326 posset
773 3278 787 3313 :
815 3274 912 3313 vos
956 3265 1135 3311 autem
1171 3266 1295 3327 post
1325 3257 1672 3327 disciplinam
1704 3258 1954 3319 multam,
2001 3256 2123 3313 Dei-

2228 3251 2502 3305 εὐσέόειαν
2534 3253 2731 3316 αὐτοὺς
2751 3252 2902 3321 ἄγειν
2924 3253 3039 3307 οἵαν
3064 3271 3119 3307 τε
3155 3249 3344 3308 οὖσαν·
3382 3257 3539 3327 ὑμεῖς
3565 3254 3619 3307 δὲ
3644 3252 3752 3323 μετά

560 3366 667 3417 que
696 3350 966 3413 notitiam,
1007 3356 1188 3403 mente
1218 3349 1351 3402 laeva
1383 3363 1415 3401 a
1458 3348 1688 3403 scientia
1726 3348 1880 3402 vobis
1923 3348 2121 3403 tradita

2227 3342 2425 3413 πολλὴν
2447 3343 2725 3396 παίδευσίν
2746 3360 2805 3396 τε
2837 3344 3253 3413 καιὲπίγνωσιν
3279 3344 3376 3399 τοῦ
3407 3346 3563 3409 Θεοῦ,
3590 3342 3759 3416 μοχθη-

558 3439 896 3500 recedentes,
943 3437 1012 3491 ad
1059 3437 1327 3490 idolorum
1370 3437 1577 3491 cultum
1627 3435 1947 3495 deflexistis.
1985 3457 2003 3489 ‹
2029 3438 2122 3492 Di-

2227 3431 2319 3503 ρίᾳ
2352 3430 2577 3503 γνώμης
2607 3431 2705 3502 τῆς
2748 3433 3174 3502 προσγεγονυίας
3217 3433 3352 3504 ὑμῖν
3379 3433 3627 3503 γνώσεως
3646 3433 3755 3485 ἀπο·

562 3530 743 3585 lexisti
774 3544 997 3585 munera
1025 3544 1191 3599 super
1233 3543 1453 3583 omnem
1501 3543 1683 3584 aream
1727 3528 1920 3584 tritici.
1946 3548 1967 3581 ι
2006 3528 2123 3584 Uti-

2227 3524 2473 3589 στάντες,
2510 3524 2605 3577 ἐπὶ
2631 3524 2730 3595 τὴν
2756 3523 2866 3578 τῶν
2888 3523 3121 3578 εἰδώλων
3157 3525 3433 3597 ὲτράπητε
3482 3523 3753 3597 θεραπείαν.

562 3636 669 3688 que
711 3620 875 3674 etiam
921 3619 1190 3689 primitias
1240 3618 1457 3690 frugum
1496 3619 1741 3674 omnium
1785 3616 2123 3678 daemonibus

2228 3633 2249 3667 ι
2280 3614 2597 3686 Ἠγάπησας
2612 3614 2820 3683 δόματα
2849 3614 2940 3667 ἐπὶ
2956 3616 3134 3669 πᾶσαν
3154 3615 3333 3669 ἅλωνα
3358 3616 3527 3669 σίτου.
3554 3633 3574 3666 ι
3597 3611 3693 3663 Καὶ
3707 3608 3758 3678 δή

560 3711 829 3773 obtulisti,
856 3710 1058 3781 quibus
1093 3711 1345 3765 datorum
1371 3710 1469 3766 tibi
1494 3709 1761 3766 bonorum
1776 3726 1999 3765 causam
2022 3712 2123 3766 im-

2227 3708 2314 3761 καὶ
2352 3709 2604 3779 ἀπαρχὰς
2648 3708 2706 3774 ἐξ
2749 3706 3001 3761 ἁπάντων
3049 3707 3325 3779 προσῆγες
3368 3710 3481 3771 τοῖς
3520 3706 3757 3776 δαίμοσιν,

562 3803 812 3869 putabas.
850 3816 869 3851 ι
898 3798 965 3852 Ει
1005 3814 1134 3853 area
1175 3813 1241 3853 ac
1294 3798 1538 3854 torcular
1592 3813 1702 3853 non
1761 3800 1911 3854 novit
1944 3814 2060 3855 eos.
2094 3818 2113 3851 ι

2227 3801 2398 3863 αὐτοῖς
2423 3798 2766 3870 λογιζόμενος
2808 3797 2915 3851 τῶν
2952 3797 3214 3851 δοθέντων
3241 3798 3344 3869 τὴν
3380 3799 3578 3851 αἰτίαν.
3625 3814 3642 3847 ι
3669 3792 3757 3847 Καὶ

558 3889 806 3945 Meritam
838 3890 1087 3946 referetis
1139 3906 1377 3960 plenam,
1424 3890 1698 3947 fructuum
1736 3894 2116 3964 privationem.

2227 3892 2361 3948 Ξλων
2406 3891 2503 3947 καὶ⁸
2532 3891 2690 3963 ληνὸς
2715 3892 2815 3944 οὐκ
2845 3890 2984 3960 ἔγνω
3028 3891 3242 3954 αὐτούς.
3279 3910 3297 3943 ι
3346 3890 3559 3943 Δώσετε
3606 3886 3755 3941 τοίνυν

564 4001 582 4034 r
612 3982 727 4036 Non
765 3982 1150 4037 habitaverunt
1177 3983 1231 4037 in
1262 3990 1408 4038 terra
1442 3981 1676 4038 Domini.
1708 4003 1728 4037 ι
1763 3984 1840 4040 Ne
1878 3986 1934 4039 in
1973 3994 2118 4040 terra

2227 3982 2370 4054 δίκην
2395 3982 2573 4047 ἀξίαν,
2600 3981 2708 4034 τῶν
2748 3982 2976 4053 καρπῶν
3004 3982 3102 4053 τὴν
3124 3981 3435 4052 ἀφαίρεσιν.
3492 4002 3509 4034 ι
3549 3982 3617 4035 Οὐ
3646 3996 3756 4033 κατ-

557 4075 778 4144 quidem
810 4075 964 4130 vobis
992 4090 1259 4132 concessa
1297 4077 1608 4134 manebitis.
1640 4076 1887 4148 Namque
1921 4080 2116 4135 «babi-

2227 4073 2433 4146 ιρκησαν
2460 4076 2518 4127 ὲν
2542 4076 2607 4145 τῇ
2630 4076 2699 4145 γῇ
2723 4072 2815 4127 τοῦ
2829 4073 3054 4145 Κυρίου.
3091 4092 3111 4125 ι
3144 4074 3277 4129 Οὐδὲ
3306 4075 3417 4146 γὰρ
3448 4074 3539 4128 ἐπὶ
3556 4072 3649 4142 τῆς
3672 4070 3753 4139 γῆς

558 4171 807 4220 laverunt
833 4184 855 4218 ι
872 4165 1007 4221 dicit
1038 4181 1137 4237 pro
1157 4184 1176 4218 ι
1203 4167 1546 4234 habitabunt,
1573 4188 1592 4222 ι
1619 4180 1882 4225 consueta
1906 4179 2115 4241 tempo-

2227 4167 2311 4236 τῆς
2330 4165 2574 4235 δοθείσης
2595 4166 2721 4235 ὑμῖν
2742 4168 2971 4236 μενεῖτε·
2996 4165 3058 4218 τὸ
3081 4165 3208 4237 γὰρ,
3241 4184 3258 4216 ι
3287 4167 3352 4219 οὐ
3378 4164 3711 4235 κατῴκησαν,
3737 4178 3752 4209 ι

558 4271 679 4310 rum
695 4255 937 4327 enallage
964 4264 1144 4322 utens,
1177 4260 1321 4314 sicut
1344 4260 1484 4331 apud
1512 4260 1728 4316 beatum
1759 4260 1866 4332 42
1898 4278 2115 4333 quoque

2227 4257 2333 4310 ἰιντὶ
2364 4254 2479 4321 τοῦ,
2503 4256 2564 4309 οὐ
2597 4256 2980 4326 κατοικήσουσι
3002 4295 3018 4320 ,
3052 4259 3117 4328 τῇ
3150 4256 3420 4329 ὲναλλαγῇ
3461 4258 3553 4311 τοῦ
3586 4254 3755 4325 χρόνον

556 4346 811 4401 Davidem
844 4347 896 4401 id
924 4362 1066 4416 saepe
1110 4352 1403 4404 usuvenire
1451 4366 1551 4405 nos
1592 4350 2110 4410 demonstravimus.

2227 4349 2456 4421 τυνήθως
2488 4349 2862 4419 χρησάμενος,
2908 4348 3050 4403 καθά
3091 4350 3184 4402 καὶ
3217 4350 3371 4421 παρὰ
3399 4350 3479 4422 τῷ
3528 4344 3757 4420 μακαρίῳ

561 4459 581 4489 ‹
606 4437 876 4492 Habitavit
912 4436 1236 4508 Ephraimus
1259 4440 1313 4494 in
1343 4440 1593 4512 Egypto,
1611 4451 1665 4496 et
1691 4442 1834 4512 apud
1856 4444 2111 4515 Assyrios

2227 4440 2371 4493 ὶαυῒδ
2396 4441 2454 4493 ἐν
2481 4439 2693 4504 πολλοῖς
2718 4441 2847 4510 ἡμῖν
2873 4440 3137 4493 δέδεικται
3164 4440 3341 4496 τοῦτο.
3380 4461 3399 4493 ι
3440 4440 3754 4509 Κατῴκησεν

557 4528 760 4598 polluta
782 4528 1096 4583 comedunt.
1118 4547 1139 4581 ι
1175 4527 1470 4601 Postquam
1516 4532 1734 4589 exsules
1769 4533 1824 4589 in
1876 4534 2110 4606 Egypto

2227 4529 2458 4601 Ἐφραῖμ
2480 4529 2779 4597 Αίγυπτον,
2812 4529 2904 4582 καὶ
2930 4531 2987 4583 ὲν
3021 4530 3323 4604 Ἀσσυρίοις
3350 4531 3638 4603 ἀκάθαρτα
3668 4526 3755 4595 φά-

558 4618 792 4681 fueritis,
842 4619 992 4674 illinc
1014 4633 1205 4676 omnes
1230 4620 1296 4675 ad
1345 4621 1692 4694 Assyriaeam
1746 4626 2106 4695 captivitatem

2227 4636 2415 4690 τονται.
2453 4640 2472 4672 ι
2520 4623 2595 4691 (p.
2638 4620 2729 4693 64)
2760 4619 2997 4689 Φυγάδες
3030 4619 3086 4673 δὲ
3117 4620 3210 4673 ἐπὶ
3242 4621 3340 4691 τὴν
3366 4621 3643 4689 Αἴγυπτον
3666 4633 3755 4685 γε·

546 4702 980 4760 transferemini.
1037 4724 1057 4758 ι
1108 4704 1228 4762 Non
1274 4708 1576 4765 libaveruut
1624 4711 1852 4769 Domino
1898 4715 2102 4782 vinum,

2227 4707 2421 4777 [ονότες
2441 4746 2457 4772 ,
2490 4706 2696 4761 ἐκεῖθεν
2729 4706 2948 4769 ἄκοντες
2980 4708 3044 4776 τῇ
3079 4705 3187 4759 τῶν
3247 4706 3552 4778 Ἀσσυρίων
3577 4707 3757 4775 αἰχμα-

548 4808 652 4849 nec
678 4795 728 4849 ei
749 4795 1092 4864 placuerunt.
1119 4815 1137 4849 ι
1175 4795 1242 4852 Ει
1273 4799 1618 4856 ferendarum
1656 4804 1845 4875 utique
1866 4806 1934 4861 ad
1966 4807 2107 4862 idola

549 4882 888 4938 ublationum
929 4886 1172 4941 studium
1228 4896 1449 4946 tantum
1471 4906 1534 4947 ac
1582 4894 1959 4952 liberalitatem
1997 4914 2108 4969 pne

546 4989 609 5029 se
638 4976 914 5045 gerebant,
949 4986 1004 5031 ut
1024 4994 1090 5033 ex
1119 4982 1266 5035 omni
1291 4996 1417 5037 area
1440 4984 1714 5052 primitias
1742 4988 1849 5043 illis
1873 4988 2102 5045 darent:

548 5076 922 5123 verumtamen
958 5069 1223 5124 bonorum
1252 5073 1495 5128 omnium
1528 5076 1705 5132 datori
1734 5078 1864 5147 Deo,
1893 5096 1965 5136 ne
1990 5082 2106 5137 vini

547 5155 767 5226 quidem
811 5157 1069 5214 libamina
1128 5160 1321 5217 oll‘erre
1352 5180 1591 5235 unquam
1638 5170 1949 5237 voluerunt,
2004 5188 2107 5229 nec

548 5246 844 5316 quidquam
875 5263 1035 5319 agere
1073 5250 1217 5321 quod
1247 5251 1354 5309 Deo
1385 5254 1691 5325 jucundum
1731 5275 1856 5316 esse
1896 5264 2105 5331 potuis-

544 5342 649 5397 set,
688 5351 786 5405 pro
817 5336 1000 5393 dantis
1030 5350 1179 5396 certe
1208 5345 1511 5413 proposito.
1539 5345 1676 5402 Nam
1700 5350 1843 5405 sicut
1874 5352 1952 5406 ait
1974 5351 2105 5407 bea-

544 5435 635 5479 tus
656 5423 822 5480 David
849 5445 864 5481 :
908 5445 928 5479 ι
951 5426 1260 5487 Iucundum
1288 5434 1360 5489 sit
1388 5435 1437 5491 ei
1456 5436 1732 5508 eloquium
1766 5455 1943 5495 meum
1965 5442 2011 5473 “
2036 5460 2051 5507 ;
2075 5460 2096 5495 ι

546 5514 600 5568 id
624 5525 709 5570 est
733 5516 892 5573 dulce
926 5527 980 5574 et
1008 5524 1341 5593 acceptabile
1376 5526 1654 5594 videatur;
1703 5528 1779 5582 ita
1818 5530 1923 5585 hoe
1955 5531 2097 5595 loco,

548 5624 568 5657 ι
589 5604 704 5662 Non
728 5609 1049 5678 placuerunt
1076 5614 1126 5669 ei
1150 5634 1199 5679 ,ι
1240 5617 1444 5673 dicitur
1470 5634 1589 5689 pro,
1620 5618 1769 5674 Nihil
1799 5624 1848 5677 ei
1883 5632 2097 5693 gratum

538 5695 720 5752 facere
753 5714 989 5769 unquam
1032 5704 1339 5762 voluerunt.
1390 5706 1596 5763 Deinde
1633 5717 1690 5765 ut
1738 5710 2093 5781 demonstret,

618 5885 660 5916 “
684 5882 826 5942 Psal.
860 5902 973 5956 Cll],
995 5889 1082 5945 34.

2204 4797 2374 4868 λωσίᾳ
2390 4794 2823 4869 παραδοθήσεσθε
2846 4795 3064 4859 πάντες.
3084 4811 3107 4848 ι
3133 4796 3247 4850 Οὐκ
3268 4796 3535 4851 ἔσπεισαν
3558 4797 3634 4867 τῷ
3658 4796 3756 4847 Κυ-

2208 4892 2306 4959 ρίῳ
2345 4885 2505 4954 οἶνον,
2550 4888 2646 4941 καὶ
2681 4888 2778 4958 οὐχ
2814 4887 3012 4957 ήδυναν
3056 4887 3223 4958 αὐτῷ.
3268 4906 3288 4939 ι
3329 4890 3447 4942 Καὶ⁵
3494 4888 3623 4960 περὶ
3672 4885 3755 4957 μὲν

2202 4980 2301 5042 τάς
2331 4981 2439 5034 τῶν
2474 4979 2706 5034 εἰδώλων
2736 4978 3050 5051 προσφοράς
3078 4979 3344 5050 τοσαύτην
3391 4982 3757 5035 ἐπεδείκνυντο

2202 5070 2301 5143 τὴν
2340 5071 2571 5143 σπουδὴν
2600 5071 2693 5126 καὶ
2730 5070 2828 5141 τὴν
2875 5070 3202 5140 φιλοτιμίαν,
3237 5070 3382 5125 ὥστε
3435 5072 3547 5126 άπὸ
3591 5071 3755 5138 πάσης

2203 5165 2405 5228 ἅλωνος
2434 5164 2614 5227 αὐτοῖς
2643 5162 2896 5235 ἀπαρχὰς
2921 5163 3138 5218 διδόναι·
3165 5165 3244 5235 τῷ
3275 5156 3333 5218 δὲ
3364 5165 3491 5237 Θεῷ
3528 5164 3606 5236 τῷ
3633 5164 3755 5217 πάνυ

2200 5271 2308 5308 των
2342 5255 2523 5317 αὐτοῖς
2568 5252 2725 5325 αἰτίῳ
2752 5253 2859 5306 τῶν
2904 5253 3139 5323 ἀγαθῶν,
3181 5254 3302 5307 οὐδὲ
3350 5255 3590 5319 σπονδὰς
3626 5254 3756 5308 οἴνου

2199 5345 2493 5415 προσάγειν
2516 5343 2717 5398 εἴλοντο
2750 5343 2986 5408 πώποτε,
3018 5344 3138 5397 οὐδὲ
3179 5361 3233 5397 τι
3271 5348 3504 5415 ποιῆσαι
3532 5346 3641 5399 τῶν
3667 5346 3757 5399 ὅσα

2195 5433 2342 5504 ἥδειν
2372 5431 2632 5504 ἠδύναντο
2662 5431 2754 5485 τὸν
2781 5431 2915 5486 Θεὸν
2937 5432 3026 5486 διὰ
3048 5431 3147 5503 τὴν
3165 5432 3275 5486 τῶν
3301 5433 3607 5489 ποιούντων
3631 5431 3753 5502 πρό-

2197 5524 2363 5579 θεσιν·
2386 5523 2462 5587 ὡς
2496 5523 2604 5594 γάρ
2631 5524 2660 5575 ό
2688 5524 2956 5595 μακάριος
2993 5523 3143 5593 λέγει
3176 5524 3336 5578 Δαυτδ
3358 5563 3374 5586 ,
3415 5544 3437 5577 ι
3487 5523 3754 5591 Ἠδυνθείη

2195 5615 2345 5685 αὐτῷ
2375 5617 2408 5683 ἡ
2447 5613 2669 5685 διαλογή
2706 5632 2829 5685 μου,
2864 5633 2887 5666 ι
2921 5615 3041 5669 ἀντὶ
3088 5616 3203 5681 τοῦ,
3247 5616 3433 5669 Ἡδεία
3473 5616 3625 5687 αὐτῷ
3668 5612 3756 5669 καὶ

2195 5707 2468 5779 προσηνὴς
2500 5705 2712 5775 φανείη·
2749 5704 2920 5769 οὕτως
2953 5705 3188 5763 ἐνταῦθα
3216 5707 3382 5775 λέγει·
3424 5726 3443 5759 ι
3489 5710 3605 5779 οὐχ
3634 5705 3754 5779 ἥδυ-
