3954 6514
228 305 323 358 ΠΤ

1211 313 1761 378 COMMENTARIUS
1798 324 1864 379 ιΝ
1904 325 2105 382 ΟΞΕΙΕ
2155 328 2308 385 CAP.
2351 332 2441 387 IX.

3378 341 3479 396 178

222 435 315 472 ναν
341 418 508 490 αὐτῷ,
544 439 563 473 ι
596 423 718 477 ἀντὶ
744 425 859 490 τοῦ,
891 427 1056 482 Οὐδὲν
1088 431 1196 485 τῶν
1222 433 1371 505 αὐτῷ
1393 441 1792 510 κεχαρισμένωι

1908 460 1967 499 se
2002 444 2219 501 illorum
2254 456 2493 503 mentem
2526 450 2833 521 increpare,
2854 466 2963 505 non
2990 459 3172 508 autem
3206 453 3372 509 Deum
3398 470 3474 510 re-

222 508 425 563 εΰιοντο
449 510 669 567 πώποτε
693 516 938 588 ποιῆσαι.
976 521 1112 575 Εἶτα
1151 524 1367 591 δεικνὺς
1405 528 1486 582 ὅτι
1525 530 1800 595 ὀνειδίζων

221 602 401 666 αὐτοῖς
430 604 529 675 τὴν
554 604 783 680 γνώμην
812 609 982 679 λέγει,
1011 614 1074 667 ού
1110 617 1221 687 μὴν
1248 617 1344 671 τοῦ
1391 621 1552 674 Θείου
1585 623 1799 689 τούτοις

219 695 582 766 τερπομένουσ

294 804 313 837 ι
348 787 416 839 Δί
439 788 620 844 θυσίαι
650 792 832 848 αὐτῶν
858 796 935 860 ὡς
972 798 1139 871 ἄρτος
1166 802 1397 871 πένθους
1424 808 1627 873 αὐτοῖς·
1658 810 1797 865 πάνυ

218 894 311 942 τες
344 880 397 932 oi
442 881 709 949 ἐσθίοντες
746 886 909 943 αὑτὸν
939 892 1349 965 μιανθήσονται.
1382 918 1401 951 ι
1445 901 1713 956 Τοσοῦτον
1740 903 1798 957 δὲ

218 971 496 1065 ἀφέστηκε
540 976 635 1029 τοῦ
670 978 877 1035 δεῖσθαι
908 981 1129 1050 θυσιῶν,
1164 987 1197 1059 ἢ
1249 991 1476 1057 ταύταις
1518 995 1798 1065 ὁρίζεσθαι

218 1062 321 1133 τὴν
343 1064 549 1120 οἰκείαν
575 1069 759 1140 τιμὴν,
796 1070 935 1126 ὥστε
958 1075 1060 1130 κᾶν
1086 1080 1136 1132 εί
1157 1062 1565 1154 προσαγάγοιεν.
1586 1087 1794 1153 θυσίας,

220 1155 286 1207 ού
312 1154 521 1220 δέξεται
564 1160 767 1226 ταύτας
803 1163 934 1229 Θεός
953 1184 966 1195 ·
1017 1168 1134 1223 ἀλλ’
1160 1169 1353 1245 ῶσπερ
1394 1174 1462 1229 ἂν
1483 1177 1539 1230 εί
1572 1194 1657 1243 τις
1683 1183 1799 1245 τοῖς

220 1246 478 1339 πενθοῦσι
514 1254 852 1323 προσαγάγοι
879 1263 1108 1332 τροφὴν,
1130 1264 1374 1338 χαλεπὴν
1403 1268 1662 1339 ⁴ἡγοῦνται
1687 1272 1800 1327 τῶν

214 1337 523 1393 δοκούντων
549 1342 754 1398 ἅπασιν
794 1347 966 1419 ἡδέων
1003 1351 1102 1424 τὴν
1145 1355 1292 1426 ὄψιν,
1326 1337 1392 1431 τῇ
1426 1337 1521 1413 τού
1571 1363 1799 1430 πένθους

214 1430 414 1502 μνήμη
445 1434 779 1526 νυττόμενοι,
814 1440 890 1509 (p.
926 1440 1017 1514 65)
1061 1446 1154 1498 καὶ
1190 1447 1309 1500 οὐδὲ
1336 1452 1659 1520 προσίεσθαι
1698 1456 1797 1526 τὴν

209 1524 587 1595 προκειμένην
598 1526 910 1600 ἀνεχόμενοι
923 1536 1147 1606 τροφήν·
1166 1540 1259 1592 καὶ
1273 1541 1382 1605 πᾶς
1397 1542 1455 1595 δὲ
1469 1544 1618 1609 ὅστις
1629 1540 1723 1600 οὖν
1739 1524 1799 1602 έν

210 1610 405 1710 πένθει
428 1615 861 1710 μεταλαμϐάνειν
889 1624 1328 1699 ἀναγκαζόμενος
1355 1639 1581 1707 τροφῆς,
1610 1637 1798 1710 ὥσπερ

1902 537 2007 593 bus
2031 538 2347 609 hujusmodi
2374 541 2659 611 delectari,
2688 544 2760 599 ait
2790 558 2803 592 ε

1975 830 1997 865 ι
2052 808 2337 868 Sacriﬁcia
2388 823 2583 870 eorum
2645 820 2809 887 quasi
2878 820 3037 888 panis
3094 820 3279 875 luctus
3342 820 3481 890 ipsis

1899 910 2061 956 erunt
2081 920 2096 969 ;
2124 916 2316 959 omnes
2326 903 2424 974 qui
2442 903 2733 961 comedent
2750 921 2874 962 eum
2889 909 3438 965 contaminabuntur.
3454 928 3474 962 ι

1899 990 2139 1046 Tantum
2184 994 2361 1055 abest.
2386 1002 2447 1049 ut
2479 993 2622 1051 Deus
2651 994 2941 1051 sacriﬁciis
2970 996 3225 1069 indigeat,
3261 1002 3348 1057 vel
3388 1001 3475 1056 his

1898 1082 2249 1136 contineatur
2286 1084 2461 1139 honor
2483 1085 2625 1155 ejus,
2644 1096 2706 1140 ut
2731 1086 2948 1144 etiamsi
2976 1092 3169 1159 aliquis
3191 1092 3243 1146 ei
3264 1091 3478 1150 hostias

1898 1173 2112 1241 oil‘erat,
2140 1190 2251 1230 non
2278 1177 2353 1232 sit
2373 1176 2473 1234 has
2492 1188 2820 1250 recepturus
2852 1182 3016 1237 Deus.
3048 1181 3155 1239 Sed
3203 1186 3471 1253 quemad-

1904 1266 2130 1322 modum
2185 1269 2234 1324 si
2281 1270 2408 1340 quis
2459 1271 2770 1343 lugentibus
2831 1274 3090 1329 alimenta
3146 1275 3358 1339 all‘crat,
3418 1278 3475 1332 lii

1898 1358 2259 1415 nihilominus
2306 1362 2522 1417 tristem
2555 1364 2874 1419 existimant
2907 1365 3105 1419 borum
3165 1378 3470 1437 aspectum.

1897 1449 1991 1519 qui
2013 1451 2268 1507 omnibus
2290 1451 2569 1521 iucundus
2600 1465 2704 1520 est,
2732 1456 2859 1527 quia
2891 1457 3071 1512 luctus
3100 1460 3185 1512 sui
3214 1462 3477 1515 memoria

1897 1553 2360 1613 compunguntur,
2392 1562 2569 1617 neque
2603 1549 2869 1619 attingere
2910 1550 3129 1607 oblatos
3170 1552 3327 1609 cibos
3379 1570 3475 1608 vo—

1898 1632 2049 1699 lunt;
2086 1649 2388 1707 rursusque
2417 1639 2876 1708 quemadmodum
2925 1644 3177 1713 quisquis
3214 1645 3268 1699 in
3320 1646 3479 1702 luctu

208 1702 339 1756 τινὰ
368 1707 631 1807 ,μιασμὸν
679 1709 711 1779 ἢ
764 1711 941 1807 λύμην
978 1718 1282 1790 ἡγούμενος
1323 1702 1425 1794 τὴν
1455 1702 1681 1800 τροφὴν,
1730 1702 1792 1784 ού

1900 1740 2151 1789 versans,
2195 1728 2244 1782 si
2294 1728 2480 1784 cibum
2545 1747 2741 1802 capere
2785 1732 2926 1790 forte
2978 1736 3252 1807 adigatur,
3310 1739 3475 1795 habet

208 1797 501 1865 προσίεται
524 1799 745 1872 ταύτην’
773 1804 915 1859 οὕτω
946 1809 1047 1873 τὰς
1080 1795 1501 1887 προσαγομένας
1520 1795 1669 1892 αύτῷ
1690 1822 1789 1877 ϐυ·-

1895 1816 2039 1873 bunc
2075 1819 2275 1888 piaculi
2302 1835 2365 1875 ac
2395 1822 2706 1880 detrimenti
2747 1826 2888 1891 loco,
2936 1844 3117 1899 neque
3160 1831 3243 1884 ori
3274 1831 3473 1887 admo-

209 1889 358 1953 σίας,
388 1890 445 1942 ,εί
479 1890 542 1962 δή
576 1909 629 1947 τι
660 1895 868 1951 τοιοῦτο
916 1905 1090 1957 ποιεῖν
1124 1905 1387 1975 ἐθέλοιεν,
1419 1913 1522 1985 ὁρᾷ
1565 1916 1595 1967 ό
1622 1889 1788 1981 Θεὸς·

206 1983 393 2078 ἡδέως
428 1986 527 2078 μέν
555 1987 727 2052 αὐτὰς
765 1992 913 2065 παρὰ
946 1994 1055 2048 τῶν
1088 1983 1460 2073 εὐγνωμόνως
1484 1983 1792 2078 προσαγόν-

365 2072 675 2146 δεχόμενος,
722 2081 963 2154 χαλεπὴν
1008 2087 1067 2141 δὲ
1125 2094 1227 2161 τῆς
1268 2072 1643 2169 προσκομίδῆς
1676 2072 1792 2157 τῶν

207 2164 432 2265 φαύλων
458 2170 565 2265 καὶ
593 2171 691 2240 τὴν
721 2172 844 2241 ὄψιν
888 2173 1026 2232 εἶναι
1057 2164 1324 2252 νομίζων,
1352 2190 1420 2259 τῇ
1454 2164 1643 2264 μνήμῃ
1691 2194 1792 2265 τῆς

210 2257 495 2355 ασεῦεἰας,
592 2265 902 2355 Ϋσυζῶντες,
935 2272 993 2323 ἐν
1042 2275 1297 2350 εἰρωνείᾳ
1344 2255 1466 2334 τίνι-
1493 2255 1793 2355 πρὶκῖάγεέῥ

205 2348 426 2448 δοκοῦσι
456 2352 553 2448 ῗην
580 2354 792 2413 θυσίαν.
828 2380 847 2412 ι
882 2362 1026 2417 Διότι
1051 2367 1099 2419 οἱ
1123 2348 1282 2439 ἄρτοι
1306 2372 1509 2441 αὐτῶν,
1538 2348 1667 2440 ταῖς
1686 2348 1795 2448 φυ-

206 2443 336 2509 χαῖς
360 2443 560 2512 αὐτῶν,
583 2448 681 2502 οὐκ
706 2451 1100 2511 εἰσελεύσονται
1121 2460 1202 2524 εἰς
1226 2461 1319 2515 τὸν
1338 2459 1485 2519 οἷκον
1513 2443 1739 2539 Κυρίου.
1766 2490 1787 2523 ι

205 2534 371 2630 llic:
405 2538 585 2593 τοίνυν
613 2547 952 2619 προσκομιδὴ
978 2549 1046 2619 ἢν
1072 2550 1138 2604 ἄν
1162 2554 1445 2620 ποιῶνται,
1481 2560 1561 2623 είς
1593 2534 1793 2630 αὐτοὺς

203 2626 718 2728 ἀποστραφήσεται,
763 2636 924 2728 δεκτὴ
964 2641 1085 2713 Θεῷ
1126 2646 1249 2698 κατ’
1294 2648 1485 2704 οὐδένα
1530 2626 1790 2728 γινομένη

472 2720 626 2775 τοῦτο
653 2724 763 2797 γὰρ
796 2726 942 2797 λέγει
972 2731 1055 2798 τὸ,
1091 2752 1110 2785 ι
1152 2735 1263 2789 Ούκ
1293 2717 1687 2797 εἰσελεύσονται
1712 2717 1793 2810 εἰς

202 2804 472 2907 cupidam:
506 2814 733 2886 Κυρίου,
764 2838 782 2869 ›
816 2821 935 2874 ἀντὶ
952 2823 1073 2888 τοῦ,
1118 2827 1231 2880 Οὐκ
1257 2827 1409 2883 ἔσται
1446 2830 1610 2887 eam
1648 2804 1788 2907 Θεῷ,

200 2898 330 2999 οὐδὲ
375 2903 618 2999 παρόντα
667 2909 805 2964 αύτά
836 2912 914 2981 τῷ
952 2914 1141 2988 Κυρίῳ
1180 2916 1471 2989 λογιεῖται,
1509 2898 1791 2999 πόρρωθεν

200 2990 671 3090 ἀποπεμπόμενος
692 2999 768 3063 ὡς
794 3002 853 3069 ἐξ
879 3004 1109 3072 ἀσεόοὖς
1134 3012 1519 3084 προσαγόμενα
1541 2990 1787 3090 γνῶμης.

340 3084 449 3157 γὰρ
468 3089 647 3182 geel);
672 3093 806 3164 πρὸς
821 3096 912 3149 τὸν
934 3099 1073 3153 Κάῖν
1096 3102 1281 3167 κακῶς
1310 3082 1788 3182 προσκεκομικότα
1816 3156 1857 3182 ,,

200 3173 378 3276 λέγεϊ
421 3198 439 3230 ι
470 3180 616 3252 Πρὸς
659 3184 718 3237 σὲ
761 3188 792 3259 ἡ
824 3188 1141 3264 ἀποστροφὴ
1168 3173 1477 3264 αύτοιᾘκαΣ
1514 3173 1789 3276 σὺάρξεις

200 3266 400 3331 αὑτοῦ,
434 3288 453 3318 ι
504 3272 621 3325 ἀντὶ
654 3276 782 3340 τοῦ,
816 3279 907 3333 Σοὶ
950 3282 1330 3356 ἀπέστραπται
1370 3290 1441 3344 τὰ
1485 3266 1789 3365 προσκομι-

201 3356 760 3456 σθένταζκαί-αύτὺς
807 3371 988 3426 αὐτῶν
1014 3373 1104 3428 ἔσο
1142 3377 1350 3449 κύριος’
1386 3380 1498 3450 ἐγὼ
1528 3356 1789 3456 δέδεγμαι

200 3447 466 3541 καθάπαξ
488 3452 659 3506 οὐδέν’
682 3455 853 3523 οὕτως
882 3460 1116 3516 ἐνταῦθα
1142 3447 1311 3534 λέγει’
1347 3485 1367 3519 ι
1409 3447 1472 3522 ὑί
1507 3447 1791 3541 ἄρτοι-αύ-

200 3538 316 3591 τῶν
341 3546 467 3606 ταῖς
495 3545 693 3616 ψυχαῖς
719 3550 919 3618 αὐτῶν,
956 3572 975 3605 ›
1015 3555 1136 3608 ἀντὶ
1166 3557 1284 3623 τοῦ,
1314 3560 1397 3613 Τά
1420 3538 1793 3633 προσκομιζό-

203 3656 347 3709 μενα
382 3641 516 3705 παρ’
544 3639 746 3704 αὐτῶν,
776 3642 960 3707 αὐτοῖς
988 3644 1164 3714 ἔσται,
1190 3649 1290 3703 οὐκ
1314 3650 1442 3705 ὄντα
1464 3650 1584 3724 Θεῷ
1607 3652 1787 3709 δεκτάο

198 3730 412 3801 ἄρτους
438 3730 497 3784 δὲ
528 3731 780 3803 ὠνόμασε
808 3733 910 3798 τὰς
950 3738 1287 3809 προσφορὰς,
1322 3742 1387 3795 ὲκ
1426 3742 1625 3815 μέρους
1647 3745 1796 3799 ἀπά-

202 3840 305 3889 σας
329 3823 509 3893 λέγων
534 3824 634 3889 τὰς
661 3827 996 3898 προσφορὰς,
1027 3831 1103 3901 (p.
1141 3831 1229 3905 66)
1256 3820 1448 3909 ἐπειδῆ
1476 3839 1572 3892 κα)⁸
1597 3840 1795 3911 ἄρτους

198 3916 544 3987 προσφέρειν
566 3917 847 3972 εἰώθεσανο
869 3917 944 3983 ὡς
965 3921 1057 3974 καὶ
1080 3922 1338 3997 ἀνωτέρω
1363 3944 1546 3999 φησιν’
1582 3949 1603 3982 ι
1637 3914 1797 4002 Ἧγά-

200 4018 395 4073 πησαν
422 4004 687 4074 πέμματα
717 4007 853 4076 μετά
883 4010 1171 4079 σταφίδων.
1201 4031 1225 4064 ›

273 4092 433 4163 Στίχ.
480 4093 620 4159 ιε’-ζ’.
645 4125 717 4137 -
751 4114 771 4148 ι
808 4097 873 4151 Τί
923 4102 1176 4173 ποιήσετε
1222 4106 1281 4158 ὲν
1310 4106 1495 4180 ἡμέρᾳ
1540 4113 1761 4183 πανηγύ

198 4204 374 4257 ρεως,
422 4188 517 4242 καὶ
546 4188 606 4241 έν
649 4190 831 4265 ἡμέρᾳ
856 4192 1050 4267 ἑορτῆς
1078 4197 1173 4252 τοῦ
1208 4200 1451 4274 Κυρίου;
1491 4222 1511 4256 ι
1545 4206 1790 4265 Τοιοῦτοι

195 4280 257 4332 δὲ
304 4281 442 4352 περὶ
470 4280 607 4335 Θεὸν
654 4286 967 4353 γεγονότες,
1021 4291 1143 4345 τίνα
1188 4292 1476 4369 ἀποφυγὴν
1527 4298 1790 4372 εὑρήσετε

193 4372 317 4426 τῶν
363 4373 551 4429 κακῶν
600 4377 740 4431 κατὰ
772 4379 872 4450 τὴν
905 4382 1119 4455 ἡμέραν
1151 4386 1400 4460 ἐκείνην,
1436 4391 1496 4445 ὲν
1544 4386 1689 4466 ᾗπερ
1723 4394 1799 4449 ἂν

1892 1925 2020 1966 vere
2064 1913 2318 1981 patitur:
2369 1914 2443 1969 ita
2494 1914 2640 1973 Deus
2698 1916 2880 1973 oblata
2931 1921 3037 1976 sibi
3094 1924 3365 1980 sacriﬁcia
3404 1924 3474 1996 (si

1891 2004 2018 2075 quis
2047 2006 2123 2060 ita
2156 2021 2320 2077 agere
2358 2009 2619 2081 voluerit)
2662 2021 2877 2083 spectat
2927 2029 3063 2071 sane
3123 2016 3361 2073 libenter
3417 2026 3473 2073 et

1892 2096 2087 2166 recipit
2116 2113 2237 2168 qua:
2267 2113 2298 2153 a
2327 2100 2606 2158 benevolis
2628 2103 2864 2173 dantur;
2897 2105 2996 2161 sed
3031 2108 3319 2165 molestum
3364 2108 3470 2164 sibi

1888 2188 2099 2257 iudicat
2130 2190 2447 2256 oblationis.
2502 2210 2624 2265 quae
2665 2211 2696 2249 a
2738 2197 2899 2253 malis
2940 2197 3097 2265 ﬁunt,
3151 2208 3468 2270 aspectum;

1893 2287 2059 2351 atque
2090 2284 2162 2337 ob
2208 2283 2528 2355 impietatis,
2578 2287 2632 2341 in
2664 2304 2771 2358 qua
2805 2290 2885 2345 illi
2910 2302 3224 2355 versantur,
3264 2309 3471 2347 memo-

1892 2373 2054 2437 riam,
2090 2374 2301 2431 ironice
2340 2377 2419 2433 illi
2462 2378 2870 2450 quodammodo
2911 2380 3169 2439 videntur
3227 2386 3466 2441 hostiam

1892 2463 2109 2521 oﬁ‘erre.
2130 2484 2151 2517 ι
2169 2466 2309 2533 Quia
2328 2484 2497 2539 panes
2516 2484 2729 2537 eorum,
2753 2473 3042 2529 animabus
3060 2476 3304 2545 ipsorum
3325 2494 3340 2532 :
3360 2491 3489 2532 non.

1895 2557 2179 2614 intrabunt
2216 2560 2271 2613 in
2308 2562 2533 2616 domum
2568 2561 2813 2618 Domini.
2850 2584 2868 2616 ι
2903 2564 3010 2638 43
3040 2567 3306 2632 ρυωίἰίιει
3337 2585 3473 2640 ergo

1894 2650 2102 2704 oblatio
2132 2664 2296 2721 quam
2324 2653 2578 2721 fecerint,
2624 2655 2691 2710 ad
2745 2658 2897 2727 ipsos
2942 2658 3296 2727 revertetur;
3338 2676 3466 2715 nam

1894 2740 2013 2796 Deo
2046 2752 2197 2798 certe
2245 2744 2561 2802 nullatenus
2607 2749 2965 2818 acceptabilis
3016 2751 3121 2806 erit
3154 2771 3166 2805 :
3202 2753 3283 2806 sic
3320 2755 3475 2806 enim

1896 2836 2074 2889 valent
2107 2835 2292 2901 verba,
2326 2854 2345 2889 ι
2369 2834 2485 2893 Non
2520 2839 2807 2895 intrabunt
2840 2841 2893 2895 in
2924 2841 3146 2897 domum
3165 2841 3377 2898 Domini
3402 2861 3418 2910 ;
3444 2864 3462 2892 ι

1892 2927 1950 2981 id
1977 2937 2081 2990 est.
2114 2927 2222 2983 Deo
2261 2942 2482 2999 accepta
2516 2946 2624 2986 non
2658 2941 2842 2997 erunt,
2873 2949 3051 3004 neque
3086 2933 3190 2987 sibi
3228 2948 3465 3003 praesen-

1893 3021 1966 3073 tia
2010 3020 2309 3090 reputabit,
2349 3021 2444 3077 sed
2495 3021 2659 3091 longe
2718 3024 2967 3093 repellet,
3014 3038 3113 3078 ceu
3154 3036 3279 3077 cum
3322 3023 3475 3078 malo

1894 3109 2094 3164 mentis
2128 3108 2319 3165 habitu
2350 3112 2559 3168 oblata.
2598 3110 2735 3167 Nam
2761 3115 3095 3172 sicutCaino
3135 3113 3280 3172 Deus
3302 3130 3468 3186 prave

1890 3198 2137 3255 oll’ereuti
2160 3202 2300 3257 dixit
2333 3221 2347 3256 :
2384 3223 2403 3254 ι
2431 3202 2512 3257 Ad
2545 3214 2599 3260 te
2628 3207 2921 3261 conversio
2950 3206 3093 3277 ejus,
3119 3215 3171 3263 et
3191 3216 3249 3261 tu
3285 3208 3469 3262 domi-

1892 3291 2115 3347 naberis
2150 3291 2384 3358 illius",
2416 3312 2435 3344 ι
2462 3293 2517 3348 id
2549 3301 2655 3358 est,
2686 3295 2766 3349 Ad
2795 3303 2849 3350 te
2878 3303 3232 3350 revertuntur
3258 3296 3466 3362 oblata,

1891 3391 1950 3436 tu
1995 3381 2189 3437 horum
2236 3391 2356 3439 esto
2394 3383 2834 3457 dominus;'ego
2882 3386 3029 3441 enim
3070 3387 3207 3440 nihil
3238 3399 3487 3458 prorsus
3545 3422 3549 3427 -

1891 3471 2089 3528 admisi
2120 3492 2132 3527 :
2161 3473 2235 3528 ita
2283 3475 2386 3529 hoc
2432 3476 2598 3531 etiam
2655 3476 2777 3532 loco
2818 3476 2895 3531 ait
2933 3495 2947 3532 :
2986 3496 3004 3528 ι
3029 3476 3206 3533 Panes
3253 3490 3466 3545 eorum,

1891 3565 2180 3622 animabus
2214 3567 2498 3637 ipsorum;
2536 3585 2556 3620 ι
2595 3566 2651 3623 id
2680 3578 2787 3633 est,
2842 3568 2975 3636 Quae
3000 3568 3106 3639 ipsi
3158 3570 3478 3635 attulerint,

1892 3665 2062 3713 sunto
2093 3657 2229 3725 illis,
2254 3659 2385 3730 quia
2413 3658 2527 3716 Deo
2552 3676 2667 3715 non
2694 3666 2825 3717 sunt
2855 3659 3468 3731 aeceptabilia.Panum

1892 3760 2075 3808 autem
2132 3753 2360 3809 nomine
2407 3755 2751 3825 nuncupavit
2793 3754 3126 3819 oblationes,
3189 3770 3257 3809 ex
3313 3764 3477 3826 parte

1890 3854 2122 3899 cunctas
2167 3844 2447 3915 appellans
2478 3845 2822 3911 oblationes;
2863 3859 2990 3900 nam
3031 3856 3087 3901 et
3128 3859 3326 3916 reapse
3366 3860 3471 3915 pa-

1892 3950 1992 3992 nes
2028 3935 2211 3993 oﬁ‘erri
2230 3946 2554 3993 consuetum
2568 3946 2725 4005 erat;
2764 3937 2908 3993 sicut
2929 3945 2985 3992 et
3005 3937 3060 3992 in
3085 3934 3479 4007 superioribus

1897 4026 2035 4081 dixit
2068 4045 2082 4081 :
2118 4047 2136 4079 ι
2158 4026 2471 4084 Oﬁerebant
2509 4029 2794 4099 placentas
2841 4045 2966 4085 cum
3000 4029 3265 4084 vinaceis.
3298 4044 3316 4080 ι

1960 4100 2128 4173 Vsus.
2152 4118 2527 4185 5-7.-—«Quid
2557 4118 2776 4176 facietis
2802 4121 2857 4176 in
2885 4120 2977 4176 die
3004 4121 3260 4182 solemni,
3294 4119 3349 4174 in
3378 4118 3487 4176 die

1889 4203 2210 4261 festivitatis
2242 4204 2548 4262 Domini?»
2593 4204 2760 4263 Tales
2802 4223 2928 4263 cum
2969 4224 3099 4279 erga
3141 4207 3311 4263 Deum
3360 4207 3471 4263 fue-

1888 4296 2033 4361 ritis,
2081 4296 2360 4368 quodnam
2396 4298 2659 4371 eﬁ‘ugium
2710 4299 3004 4356 invenietis
3054 4300 3326 4356 malorum
3378 4301 3471 4355 die

1888 4389 2003 4453 illa,
2038 4403 2148 4461 qua
2172 4391 2469 4446 solemnem
2496 4391 2665 4447 veluti
2693 4398 3019 4448 conventum
3059 4407 3123 4448 ac
3145 4393 3344 4450 festum
3373 4408 3468 4448 cei

196 4469 234 4537 ἡ
289 4467 604 4537 πανήγυρις
631 4484 691 4543 τε
742 4472 835 4525 καὶ
863 4474 1023 4546 ἑορτή
1063 4492 1149 4540 τις
1194 4479 1519 4535 ἐπιτελεῖται
1552 4482 1630 4555 τῷ
1671 4486 1792 4559 Θεῷ

1895 4486 2129 4541 lebrabit
2147 4484 2410 4542 Dominus
2438 4485 2511 4542 ob
2533 4495 2776 4543 vestrum
2799 4494 3082 4557 peractum
3109 4487 3485 4558 supplicium,

192 4561 299 4613 ἐπὶ
324 4561 397 4630 τῇ
423 4561 702 4632 ἀναιρέσει
734 4568 801 4636 τῇ
827 4566 1101 4639 ὑμετέρᾳ,
1133 4569 1208 4633 ὡς
1250 4569 1317 4625 ἂν
1373 4573 1585 4647 ἐχθρῶν
1627 4578 1794 4632 αὑτοῦ

195 4653 305 4706 καὶ
375 4652 651 4723 πολεμίων
711 4661 1243 4731 κατασφαττομένων
1301 4663 1557 4734 δικαίως;
1616 4688 1634 4719 ι
1695 4671 1794 4725 Διά

191 4743 373 4798 τοῦτο
418 4745 528 4797 ἰδοὺ
574 4747 932 4817 πορεύσονται
969 4752 1034 4805 ὲκ
1064 4753 1443 4827 ταλαιπωρίας
1474 4759 1751 4827 Αἰγύπτου
1774 4804 1789 4826 ,

194 4840 304 4890 καὶ
345 4838 627 4905 ἐκδέξεται
681 4840 879 4905 αὐτοὺς
931 4844 1187 4915 Μέμφις,
1244 4848 1340 4901 καὶ
1390 4850 1549 4921 θάψει
1594 4854 1795 4916 αὐτοὺς

190 4930 487 5000 Μαχμάς·
519 4931 581 4983 τὸ
624 4932 889 5003 ἀργύριον
926 4936 1105 4991 αὐτῶν
1138 4937 1358 5010 ὄλεθρος
1390 4942 1795 5017 κληρονομήσει

190 5021 342 5074 αὐτὸ
363 5061 381 5084 ,
416 5021 649 5076 ἄκανθαι
677 5024 735 5075 ἐν
761 5027 875 5087 τοῖς
911 5027 1262 5099 σκηνῶμασιν
1288 5032 1490 5088 αὐτῶν.
1532 5055 1551 5087 ι
1602 5038 1790 5107 Ὑμεῖς

194 5117 313 5185 μὲν
338 5114 451 5186 γὰρ
484 5116 625 5185 μετὰ
646 5117 845 5189 πολλὴν
871 5119 1243 5192 ταλαιπωρίαν
1267 5125 1335 5194 ἢν
1364 5126 1683 5197 ὑπομενεῖτε
1710 5132 1792 5197 εἰς

186 5206 307 5277 τὴν
332 5206 607 5275 Αἴγυπτον
643 5209 718 5271 ὠς
743 5210 836 5262 ὲπί
863 5226 986 5265 τινα
1028 5214 1462 5286 καταφεύγοντες
1515 5222 1792 5291 σωτηρίαν

188 5299 669 5371 ἑκσπασθήσεσθε
713 5303 818 5355 ὑπὸ
844 5304 951 5357 τῶν
1009 5306 1311 5379 Ἀσσυρίων
1363 5310 1444 5374 εἰς
1502 5312 1602 5383 τὴν
1654 5315 1789 5385 παρ’

187 5390 447 5455 ἐκείνοις
495 5392 832 5465 ἀπαγόμενοι
877 5397 1293 5467 αἰχμαλωσίαν·
1348 5400 1687 5457 διελεύσεσθε
1735 5404 1793 5457 δὲ

186 5484 307 5547 τὰς
345 5482 446 5555 τῆς
483 5484 760 5553 Αἰγύπτου
802 5487 1018 5553 πόλεις,
1058 5490 1316 5545 ποικίλων
1358 5493 1503 5563 ὑμᾶς
1551 5494 1791 5566 διαδεχο-

192 5574 399 5643 μένων
444 5575 737 5630 κινδύνων*
790 5578 947 5632 τοῦτο
998 5580 1108 5653 γὰρ
1157 5581 1328 5653 λέγει,
1365 5603 1385 5637 ι
1422 5584 1647 5656 Μέμφις
1694 5590 1791 5641 καὶ

186 5662 481 5734 Μαχμάς,
521 5683 539 5715 ι
585 5665 673 5720 ἵνα
703 5665 855 5741 εἴπῃ,
889 5671 971 5725 ὅτι
1003 5672 1349 5728 Διελεύσεσθε
1390 5674 1788 5745 τῆςοΔίγύπτου

323 5846 369 5879 ⁸⁷
398 5844 529 5901 Gen.
573 5863 654 5915 tv,
681 5849 744 5903 ντ.

1893 4579 1987 4648 qui
2018 4586 2275 4648 tanquam
2301 4578 2421 4648 ejus
2455 4578 2755 4634 adversarii
2792 4587 2846 4634 et
2870 4580 3058 4635 hostes
3088 4579 3215 4651 iure
3242 4579 3466 4634 merito-

1892 4686 1998 4741 que
2040 4672 2307 4741 perempti
2364 4671 2588 4728 fuistis?
2625 4688 2644 4724 ι
2670 4671 3016 4743 Quapropter
3063 4688 3194 4728 ecce
3234 4673 3470 4728 abibunt

1894 4762 1963 4817 de
2007 4761 2228 4817 miseria
2272 4760 2520 4832 Egypti,
2559 4769 2614 4817 et
2641 4762 2881 4832 excipiet
2934 4777 3030 4817 eos
3070 4759 3363 4832 Memphis,
3406 4774 3463 4819 et

1889 4854 2113 4923 sepeliet
2138 4866 2234 4909 eos
2262 4850 2561 4909 Machmas.
2614 4855 2911 4923 Argentum
2943 4867 3132 4908 eorum
3164 4854 3468 4923 possidebit

1888 4946 2165 5015 interitus,
2212 4947 2381 5018 spinae
2412 4945 2469 5001 in
2516 4946 2887 5002 tabernaculis
2916 4947 3180 5016 ipsorum.
3214 4964 3233 4998 ι
3272 4945 3465 5000 Enim-

1889 5054 2021 5095 vero
2048 5055 2147 5095 vos
2173 5047 2297 5109 post
2322 5038 2597 5094 miseriam
2637 5054 2800 5109 quam
2826 5038 3141 5110 pertulistis
3176 5038 3231 5093 in
3269 5046 3461 5093 vestro

1888 5128 1957 5184 ad
1996 5126 2314 5200 Egyptum,
2360 5129 2521 5198 quasi
2561 5129 2632 5183 ad
2684 5129 2879 5184 salutis
2933 5130 3138 5196 locum,
3186 5128 3461 5198 perfugio,

1888 5220 2282 5276 abstrahemini
2306 5219 2460 5276 illinc
2487 5220 2557 5275 ab
2576 5220 2823 5292 Assyriis
2847 5220 2917 5275 ad
2938 5219 3285 5275 servicndam
3317 5220 3472 5288 apud-

1889 5313 2043 5383 ipsos
2087 5313 2432 5370 servitutem.
2502 5310 2922 5368 Pertransibitis
2991 5311 3213 5382 (Egypti
3271 5312 3502 5383 urbes,§

1889 5358 2042 5383 'r'vr'
2087 5358 2169 5370 ’δυ’
2193 5358 2432 5369 """'""‘""
2506 5358 2525 5365 '
2547 5358 2595 5368 "'
2612 5358 2653 5367 "
2666 5358 2920 5368 """""""'
2991 5358 3121 5382 '~—DJ
3138 5358 3213 5381 l'"
3276 5358 3463 5375 "'""""

1889 5407 2044 5464 varia
2076 5414 2453 5478 permutantes
2469 5406 2749 5476 pericula:
2778 5404 3025 5460 nominat
3044 5412 3225 5460 autem
3250 5424 3270 5456 ι
3292 5358 3513 5461 Mem]

1888 5498 2013 5569 phis
2053 5506 2109 5554 et
2143 5497 2453 5562 Machmas,
2496 5516 2515 5549 ι
2553 5505 2613 5551 ιιι
2648 5496 2797 5552 dicat
2841 5495 3175 5552 transituros
3227 5510 3327 5552 eos
3366 5511 3464 5565 per

1886 5588 2109 5661 Βαγρῑί
2157 5589 2345 5653 urbes,
2389 5587 2627 5644 afﬂictos
2678 5598 2734 5643 et
2774 5586 3022 5658 perditos
3058 5585 3127 5641 ab
3191 5586 3457 5658 Assyriis.

1888 5682 2156 5740 Peribunt
2184 5693 2367 5741 autem
2394 5682 2559 5740 simul
2586 5692 2767 5740 vestra
2798 5682 3025 5749 omnia;
3065 5690 3328 5754 tantaque
3366 5695 3461 5735 vc-
