3954 6516
525 300 624 357 179

1711 310 2057 369 TIIEODORI
2084 310 2566 372 MOPSUESTENI

3655 309 3744 365 180

518 426 665 472 stras
696 417 861 477 urbes
907 429 1071 493 atque
1113 421 1364 492 regiones
1404 422 1691 491 occupabit
1718 426 1975 489 solitudo,
2031 444 2062 482 u

2198 431 2295 492 τὰς
2329 430 2540 494 πόλεις,
2598 426 3001 497 συντριϐόμενοί
3044 440 3104 478 τε
3130 423 3223 476 καὶ
3250 420 3607 491 ἀπολλύμενοι
3652 423 3745 477 ὑπὸ

518 509 628 565 illic
662 514 876 569 nemine
915 514 1189 570 habitante
1216 515 1387 585 spinae
1414 527 1783 571 succrescant.
1811 516 1921 589 44
1950 538 1968 570 ι
1996 516 2095 574 Ve-

516 602 676 656 niunt
744 604 861 659 dies
953 606 1208 669 ultionis,
1285 605 1513 661 veniunt
1586 596 1712 662 dies
1786 610 2092 664 retributio-

520 692 625 747 nis.
665 711 684 744 ι
734 692 859 748 Haec
910 704 1093 751 autem
1163 707 1293 751 tunc
1354 696 1617 766 perieres,
1689 699 2087 768 pr0pinquante

511 782 624 849 jam
662 792 928 853 tempore,
959 802 1068 857 quo
1095 797 1245 843 tuam
1274 795 1490 857 oportet
1516 788 1844 858 impietatem
1876 791 2086 855 ulcisci,

514 884 569 924 et
594 873 782 941 iniqua
816 890 983 944 opera
1020 887 1109 931 tua
1140 880 1500 933 remunerari.
1545 898 1563 930 ι
1601 881 1666 933 Ει
1692 880 2089 937 sedebitlsrael

514 970 773 1032 tanquam
812 968 1076 1037 propheta
1112 968 1418 1033 insaniens,
1471 977 1732 1039 tanquam
1772 972 1936 1026 homo
1975 974 2087 1042 spi-

514 1049 624 1103 ritu
681 1052 935 1121 agitatus.
978 1076 995 1107 ›
1038 1056 1097 1110 In
1134 1065 1346 1110 tantum
1396 1059 1663 1112 malorum
1699 1058 1976 1123 devenies,
2026 1070 2087 1115 ut

512 1142 651 1195 nihil
676 1144 897 1201 dilieras
930 1162 959 1199 a
988 1146 1128 1201 falsa
1176 1148 1441 1217 propheta
1481 1150 1534 1202 in
1565 1165 1783 1219 gravem
1821 1153 2082 1206 exstasim

513 1233 641 1287 mali
674 1236 901 1304 spiritus
922 1241 1234 1309 operatione
1259 1240 1529 1308 conjecto,
1557 1255 1621 1294 ac
1650 1256 1716 1295 ne
1742 1241 1831 1294 illa
1862 1243 2081 1312 quidem

513 1326 783 1383 sentiente
806 1345 925 1399 qua:
945 1341 1071 1386 ante
1102 1332 1263 1401 pedes
1296 1340 1443 1386 sunt.
1471 1331 1622 1386 Adeo
1646 1333 1891 1402 dejectus
1908 1347 2082 1391 mente

510 1420 645 1483 eris,
682 1431 905 1489 propter
940 1424 1203 1477 malorum
1261 1424 1617 1491 gravitatem!
1660 1424 1811 1479 Cur?
1848 1445 1865 1477 ι
1896 1425 2080 1481 Multi-

512 1510 699 1565 tudine
744 1514 1092 1581 iniquitatnm
1140 1524 1355 1567 tuarum
1408 1515 1763 1583 multiplicata
1810 1516 1908 1571 fuit
1944 1519 2082 1573 insa-

511 1600 671 1654 nia.»
707 1602 845 1667 Quia
898 1619 1090 1673 nempe
1142 1604 1308 1658 multa
1361 1618 1483 1656 cum
1530 1606 1817 1674 iniquitate
1870 1609 2076 1673 vixisti,

509 1700 668 1760 teque
700 1694 924 1748 omnino
956 1695 1222 1749 idolorum
1249 1695 1474 1749 insaniae
1500 1697 1757 1751 addixisti

2194 520 2300 572 τῶν
2344 519 2640 588 Ἀσσυρίων
2661 534 2673 547 ·
2725 518 3008 571 ἀπολεῖται
3036 516 3092 568 δὲ
3124 516 3218 567 καὶ
3242 516 3310 565 τὰ
3338 513 3607 583 προσόντα
3629 514 3744 583 ὑμῖν

2196 612 2411 666 ἅπαντα
2430 628 2444 641 ·
2470 611 2567 673 τάς
2598 626 2657 661 τε
2692 609 2873 672 πόλεις
2893 607 3046 678 ὑμῶν
3074 604 3285 667 καὶτὰς
3309 603 3492 673 χώρας
3521 602 3742 673 τοσαύτη

2192 700 2559 771 καταλήψεται
2592 700 2815 771 ἐρημία,
2852 701 2937 769 (p.
2972 698 3071 767 67)
3106 696 3244 749 ὥστε
3285 694 3530 757 ἀκάνθας
3570 694 3742 747 αὐτόθι

2194 790 2424 857 φύεσθαι
2474 789 2700 860 μηδενὸς
2745 788 3040 848 οἰκοῦντος.
3084 806 3102 837 ι
3146 787 3406 838 Ἦκουσιν
3451 786 3507 838 αἰ
3554 785 3742 854 ἡμέραι

2190 882 2289 951 τῆς
2320 879 2651 950 ἐκδικήσεώς
2695 896 2821 941 σου.
2873 880 3098 949 ἥκουσιν
3144 878 3197 930 αἰ
3240 876 3443 947 ἡμέραι
3493 875 3593 944 τῆς
3624 876 3741 929 ἀντ-

2189 968 2497 1033 απώόσεὼς
2529 987 2644 1022 σου.
2688 990 2706 1020 ι
2755 970 3073 1037 ’Υπομενεῖς
3118 967 3173 1019 δὲ
3224 966 3395 1020 ταῦτα
3436 966 3557 1019 τότε
3604 966 3743 1034 ἐγγί-

2189 1060 2373 1124 ζοντος
2406 1060 2498 1113 τοῦ
2528 1060 2722 1131 καιροῦ
2764 1060 2885 1114 καθ’
2912 1060 2970 1112 ὃν
2999 1058 3354 1129 ἐκδικηθῆναί
3389 1075 3483 1111 σου
3515 1058 3621 1127 χρὴ
3654 1057 3743 1127 τὴν

2188 1149 2475 1217 ἀσέϐειαν,
2526 1151 2621 1204 καὶ
2667 1150 2993 1221 ἀποδοθῆναί
3044 1167 3126 1203 σοι
3180 1150 3457 1219 πρέποντα
3505 1144 3581 1201 ὢν
3633 1147 3741 1199 δια-

2186 1244 2556 1313 πραττόμενος
2621 1242 2858 1311 ὴσέϐεις.
2927 1261 2947 1293 ‹
3011 1242 3121 1294 Καὶ
3186 1240 3467 1293 καθίσεται
3540 1239 3740 1309 Ἰσραὴλ

2185 1333 2372 1404 ὥσπερ
2413 1337 2441 1387 ό
2478 1336 2760 1406 προφήτης
2813 1336 2841 1387 ὁ
2889 1331 3342 1403 παρεξεστηκὼς,
3387 1332 3669 1403 ἄνθρωπος
3717 1338 3743 1388 ὁ

2184 1425 2650 1493 πνευματοῳόρος.
2700 1443 2718 1475 ›
2794 1424 2878 1476 Ἐν
2933 1422 3208 1483 τοσούτοις
3264 1422 3329 1492 δὴ
3384 1426 3591 1495 γενήσῃ
3640 1427 3743 1486 τοῖς

2183 1518 2391 1579 κακοῖς,
2426 1515 2565 1568 ὥστε
2616 1516 2779 1585 μηδὲν
2808 1514 3120 1567 ἀπεοικέναι
3150 1512 3595 1584 ψευδοπροφήτου
3616 1555 3630 1575 ,
3667 1517 3738 1577 εἰς

2182 1605 2438 1659 ἔκστασιν
2487 1606 2688 1676 πολλὴν
2736 1608 2801 1659 ἐκ
2848 1607 2948 1675 τῆς
3000 1604 3093 1658 τοῦ
3147 1605 3386 1675 πονηροῦ
3439 1606 3741 1675 πνεύματος

2181 1700 2459 1767 ἐνεργείας
2525 1698 2928 1761 καταστάντος,
2984 1698 3078 1750 καὶ
3133 1698 3254 1750 οὐδὲ
3306 1697 3414 1749 τῶν
3466 1698 3740 1768 παρόντων

508 1780 758 1849 αἴσθησιν
815 1782 1050 1853 ἔχοντος·
1091 1784 1263 1849 οὕτως
1318 1786 1421 1852 ἐξω
1469 1788 1576 1840 τῶν
1609 1790 1803 1843 σαυτοῦ
1839 1786 2051 1862 φρενῶν
2093 1794 2156 1844 ἐκ
2208 1791 2299 1845 τοῦ
2334 1792 2595 1861 μεγέθους
2645 1794 2849 1863 γενήσῃ
2896 1791 3004 1844 τῶν
3057 1791 3275 1845 κακῶν·
3332 1791 3473 1853 τίνος
3532 1792 3758 1856 ἓνεκενί

514 1894 533 1925 ι
587 1875 719 1928 Ἀπὸ
766 1877 859 1930 τοῦ
913 1879 1148 1950 πλήθους
1193 1880 1299 1933 τῶν
1344 1881 1567 1935 ἀδικιῶν
1624 1901 1715 1937 σου
1770 1885 2077 1955 ἐπληθύνθη
2134 1886 2316 1955 μανία.
2358 1906 2377 1938 ι
2429 1886 2647 1956 Ἐπειδὴ
2695 1886 2861 1956 πολλῇ
2915 1886 3014 1956 μὲν
3053 1885 3238 1957 ἀδικίᾳ
3269 1886 3527 1955 συνέζης,
3580 1886 3738 1957 πολλῇ

505 1968 563 2023 δὲ
598 1971 663 2041 τῇ
691 1971 817 2040 περὶ
848 1971 915 2023 τὰ
942 1972 1133 2027 εἴδωλα
1167 1976 1333 2047 μανίᾳ
1359 1979 1551 2031 σαυτὸν
1580 1979 1896 2044 ἐκδεδώκεις
1922 1981 2219 2045 παντελῶς.

580 2056 745 2113 Vens.
776 2058 933 2114 8-10.
965 2092 1036 2100 —
1066 2080 1086 2113 ι
1117 2064 1326 2134 Scopus
1375 2066 1704 2137 Ephraimus
1749 2085 1873 2123 cum
1914 2070 2026 2125 Deo
2056 2090 2068 2124 :

2243 2070 2390 2141 Στίχ.
2452 2077 2585 2141 ηὀι’.
2627 2101 2696 2112 —-
2748 2088 2767 2121 ι
2807 2069 3015 2133 Σκοπὸς
3077 2068 3313 2141 Ἐφραῒμ
3382 2068 3523 2139 μετά
3568 2069 3735 2125 Θεοῦ·

506 2150 771 2218 propheta
810 2150 1038 2221 laqueus
1076 2163 1357 2212 tortuosus
1375 2174 1538 2228 super
1555 2174 1745 2217 omnes
1766 2161 1881 2217 vias
1898 2161 2036 2232 ejus.
2052 2182 2070 2216 ι

506 2237 796 2308 Oporteret
828 2257 960 2298 sane
1002 2254 1053 2299 te
1078 2261 1201 2303 esse
1237 2250 1447 2304 ceteris
1486 2252 1765 2321 exemplar
1813 2263 1866 2307 et
1916 2256 2074 2323 quasi

506 2345 740 2401 scopum
775 2333 1014 2399 honesti,
1054 2336 1269 2409 Deoque
1307 2340 1534 2409 juvante
1562 2342 1760 2398 docere
1791 2344 1930 2400 alios
1962 2346 2075 2398 vir-

508 2431 701 2488 tutem,
734 2440 894 2494 quam
934 2436 987 2479 tu
1022 2428 1139 2497 ipse
1179 2446 1209 2483 a
1249 2431 1360 2487 Deo
1390 2433 1698 2501 didiceras;
1748 2435 1844 2491 sed
1884 2448 2074 2492 contra

505 2510 686 2566 factus
716 2528 776 2566 es
814 2514 880 2567 ad
920 2515 1111 2569 vitium
1151 2518 1271 2584 via;
1302 2519 1375 2573 ita
1400 2529 1458 2574 ut
1482 2522 1617 2576 nihil
1652 2538 1681 2576 a
1712 2524 1854 2578 tristi
1882 2525 2074 2596 laqueo

504 2601 725 2658 dill‘eras
747 2605 1160 2662 incurrentibus
1191 2612 1517 2678 periculoso.
1554 2612 1645 2667 Sic
1676 2616 1929 2671 omnibus
1967 2618 2071 2669 im-

502 2696 724 2765 pietatis
763 2698 946 2767 t'egula
977 2700 1216 2755 exsistis.
1244 2720 1262 2752 ι
1292 2702 1563 2757 Insaniam
1592 2705 1647 2758 in
1680 2705 1842 2760 domo
1876 2706 2071 2761 Deisui

502 2786 710 2842 deﬁxit.
736 2806 754 2838 ›
788 2787 1102 2843 ldololatria
1152 2792 1459 2847 universam
1504 2802 1708 2849 terram
1748 2798 2071 2866 promissio-

500 2880 589 2934 nis
614 2880 849 2950 implesti
880 2900 891 2933 :
926 2897 1051 2935 nam
1086 2881 1182 2937 Dei
1218 2884 1439 2939 domum
1464 2894 1664 2940 terram
1689 2890 2070 2957 promissionis

501 2969 763 3041 appellat,
814 2981 1050 3041 utpotea
1090 2972 1200 3029 Deo
1234 2975 1556 3031 habitatam.
1595 2998 1613 3031 (
1651 2978 1909 3048 Corrupti
1942 2988 2071 3033 sunt

501 3062 721 3118 sicutin
747 3064 939 3121 diebus
967 3066 1141 3121 collis.
1175 3087 1193 3119 ι
1232 3066 1426 3124 Cuncti
1472 3086 1502 3123 a
1528 3071 1732 3126 virtute
1775 3071 1841 3125 ad
1876 3072 2067 3125 vitium

500 3155 748 3208 conversi
779 3157 934 3220 estis,
987 3160 1185 3213 mentis
1215 3161 1623 3229 corruptionem
1675 3164 1887 3231 experti
1923 3165 2066 3217 haud

501 3247 826 3304 dissimilem
857 3250 965 3303 illis
995 3252 1090 3319 qui
1123 3252 1178 3305 in
1216 3250 1432 3308 deserto
1478 3255 1773 3324 irreligiosi
1821 3256 2065 3321 fuerunt,

501 3340 705 3409 quique
738 3341 911 3394 vitulo
949 3342 1183 3395 conﬂato
1214 3344 1469 3399 dicebant
1506 3365 1517 3398 :
1554 3366 1570 3396 ι
1599 3345 1665 3398 lli
1708 3355 1838 3399 sunt
1864 3347 1936 3400 dii
1965 3349 2067 3410 tui,

2179 2164 2461 2234 προφήτης
2517 2163 2687 2230 παγ“ις
2734 2160 2923 2214 σκολιά
2965 2162 3059 2214 ἐπὶ
3109 2163 3288 2223 πάσας
3316 2160 3415 2223 τὰς
3446 2160 3604 2223 ὁδοὺς
3644 2161 3738 2215 αὐ-

2174 2252 2291 2306 τοῦ.
2331 2272 2350 2303 ι
2398 2252 2590 2322 Ἐχρῆν
2628 2252 2727 2321 μὲν
2759 2252 2867 2321 γάρ
2918 2268 2977 2303 σε
3010 2251 3210 2304 σκοπὸν
3259 2246 3396 2305 εἶναι
3446 2252 3540 2304 τοῦ
3576 2252 3737 2305 καλοῦ

2176 2343 2415 2414 ἑτέροις,
2461 2344 2553 2395 καὶ
2599 2343 2736 2412 μετά
2780 2340 2914 2394 Θεοῦ
2959 2341 3233 2395 διδάσκειν
3277 2342 3405 2405 τοὺς
3435 2342 3657 2405 λοιποὺς
3683 2344 3740 2396 τὸ

2172 2434 2311 2497 δέον,
2346 2434 2441 2487 ἆτε
2485 2436 2612 2504 παρ’
2651 2433 2816 2487 αὑτοῦ
2869 2433 3225 2503 μεμαθηκότα
3269 2432 3457 2487 τοῦτο·
3512 2434 3737 2503 γέγονας

2172 2525 2230 2578 δὲ
2264 2526 2323 2578 τὸ
2349 2525 2587 2579 ἐναντίον
2616 2525 2732 2587 ὁδὸς
2760 2526 2960 2580 ἆπασιν
2987 2524 3081 2577 τοῦ
3112 2525 3370 2595 χείρονος·
3398 2524 3542 2577 ὥστε
3577 2524 3737 2594 μηδὲν

2173 2614 2486 2666 ἀπεοικέναι
2520 2613 2765 2682 χαλεπῆς
2791 2613 3012 2681 παγίδος
3038 2613 3266 2683 κινδύνῳ
3310 2612 3736 2683 περιϐαλλούσης

2170 2706 2295 2769 τοὺς
2347 2706 2735 2777 ἐμπίπτοντας·
2789 2705 2959 2769 οὕτως
3005 2706 3175 2758 ἅπασι
3210 2706 3372 2776 νόμος
3418 2706 3601 2773 ἐγίνου
3641 2706 3735 2775 τῆς

2172 2798 2442 2860 ἀσεϐείας.
2475 2798 2565 2866 (p.
2599 2797 2688 2866 68)
2732 2818 2748 2847 ι
2777 2798 2990 2852 Μανίαν
3007 2800 3063 2850 ἐν
3092 2799 3224 2867 οῐκῳ
3249 2797 3383 2850 Θεοῦ
3414 2796 3579 2849 αὐτοῦ
3609 2814 3735 2850 κατ⁹

2171 2888 2387 2959 έπηξεν.
2433 2908 2451 2939 ›
2488 2889 2943 2959 Εἱδωλολατρείας
2992 2890 3099 2960 γὰρ
3141 2891 3321 2941 πᾶσαν
3359 2889 3457 2959 τὴν
3496 2889 3601 2957 γῆν
3642 2888 3735 2957 τῆς

2171 2981 2503 3049 ἐπαγγελίας
2534 2980 2859 3052 ἐπλήρωσας
2878 2998 2891 3011 ·
2918 2975 3066 3033 οἷκον
3092 2980 3199 3051 γὰρ
3228 2978 3361 3032 Θεοῦ
3386 2978 3483 3046 τὴν
3508 2979 3613 3047 γῆν
3639 2978 3733 3047 τῆς

2170 3072 2504 3142 ἐπαγγεύιίας
2523 3072 2699 3135 καλεῖ,
2725 3072 2799 3134 ὡς
2820 3071 3144 3141 οἰκουμένην
3170 3070 3273 3122 ὑπὸ
3301 3069 3457 3123 Θεοῦ.
3489 3088 3509 3119 ι
3551 3068 3735 3136 Ἐφθάσ

2173 3182 2345 3237 ρησαν
2394 3165 2534 3216 κατὰ
2567 3166 2665 3227 τὰς
2713 3164 2926 3234 ἡμέρας
2972 3160 3182 3231 βουνοῦ.
3226 3180 3243 3211 ι
3290 3160 3399 3212 Καὶ
3440 3160 3732 3232 μετέστητε

2171 3258 2371 3319 πάντες
2410 3259 2473 3309 ἐκ
2516 3255 2609 3307 τοῦ
2639 3256 2943 3326 κρείττονος
2983 3256 3075 3307 ἐπὶ
3116 3254 3178 3305 τὸ
3208 3256 3408 3325 χεῖρον,
3439 3251 3735 3321 διαφθορὰν

2171 3346 2390 3401 ἐννοιῶν
2416 3346 2914 3415 ὑπομεμενηκότες,
2940 3344 3090 3397 οὐδὲν
3117 3346 3433 3398 ἀπεοικυῖαν
3464 3343 3573 3394 τῶν
3602 3341 3731 3395 ποτέ

500 3430 746 3492 olsrael,
794 3433 886 3501 qui
942 3442 995 3487 te
1051 3435 1358 3490 eduxerunt
1406 3436 1474 3490 de
1514 3447 1658 3491 terra
1699 3438 2007 3508 Egypti".
2042 3461 2060 3491 ι

2173 3438 2312 3491 κατά
2347 3438 2446 3507 τὴν
2477 3437 2680 3506 ἔρημον
2714 3436 3127 3506 ἀσεϐησάντων,
3160 3435 3207 3487 οἳ
3246 3434 3443 3503 μόσχον
3474 3435 3731 3501 ποιήσαν-

498 3522 635 3578 Nam
690 3524 854 3578 «dies
892 3525 1091 3580 collis»
1129 3536 1345 3596 tempus
1401 3528 1532 3582 illud
1589 3531 1845 3600 appellat.
1899 3531 2067 3601 igitur

502 3616 645 3669 haud
695 3617 878 3671 secius
924 3618 1031 3673 illis
1070 3621 1310 3689 corrupti
1340 3621 1497 3681 estis.
1521 3620 1575 3675 id
1600 3632 1703 3687 est,
1731 3637 1915 3692 parem
1957 3623 2065 3677 illis

500 3709 752 3764 morbum
815 3710 1195 3765 contraxistis.
1254 3712 1698 3767 (Recordabitur
1746 3715 2066 3784 iniquitates

499 3814 712 3863 eorum,
766 3802 1065 3856 ulciscetur
1112 3814 1334 3872 peccata
1371 3820 1581 3860 eorum.
1614 3806 2063 3875 iConsequenter

498 3892 706 3961 itaque,
744 3903 998 3947 revocata
1032 3894 1381 3962 iniquitatum
1424 3905 1731 3950 vestrarum
1777 3897 2061 3960 memoria,

496 3990 676 4038 sumet
719 3983 785 4037 de
819 3985 972 4038 vobis
1006 4000 1217 4055 pmnas,
1263 3988 1501 4055 peccatis
1533 3991 1727 4042 vestris
1768 4003 2058 4059 congruas.

501 4093 522 4124 ι
547 4073 711 4140 Quasi
745 4092 902 4128 uvam
940 4077 994 4129 in
1032 4076 1247 4132 deserto
1282 4079 1462 4133 inveni
1490 4080 1770 4142 lsraelem,
1813 4086 1867 4132 et
1898 4078 2059 4147 quasi

496 4165 657 4220 ﬁcum
690 4166 744 4220 in
769 4167 875 4239 45
920 4168 1153 4224 ﬁculnea
1194 4184 1489 4239 praecocem
1514 4182 1695 4240 patres
1733 4180 1947 4225 vestros
1979 4170 2062 4223 vi-

494 4257 572 4310 di.
598 4276 615 4307 ι
634 4256 892 4327 Equidem
912 4266 1123 4315 tantum
1144 4260 1457 4329 exprompsi
1482 4276 1611 4331 erga
1637 4268 1821 4330 patres
1848 4268 2062 4314 vestros

497 4345 775 4409 ail‘ectum,
828 4357 1090 4416 quantum
1148 4350 1381 4419 quisque
1407 4353 1709 4419 experitur,
1742 4350 1786 4402 si
1822 4348 1959 4403 forte
2004 4350 2061 4402 in

494 4437 713 4491 deserto
754 4455 912 4491 uvam
974 4440 1152 4494 videat
1198 4448 1393 4509 praater
1432 4456 1649 4494 omnem
1692 4455 1842 4510 spem
1886 4441 2062 4495 oculis

495 4529 759 4589 oblatam.
795 4531 877 4583 vel
913 4531 1070 4584 ﬁcum
1103 4532 1156 4584 in
1188 4532 1381 4586 arbore
1412 4542 1537 4585 ante
1564 4540 1885 4587 consuetum
1925 4542 2060 4587 tem-

494 4636 599 4689 pus
622 4630 948 4675 exstantem.
983 4640 999 4672 ι
1028 4622 1135 4689 Ipsi
1185 4630 1364 4677 autem
1406 4623 1743 4678 intraverunt
1797 4626 1865 4679 ad
1906 4625 2060 4680 Beel-

494 4712 722 4781 phegor,
752 4720 806 4765 et
835 4713 1127 4766 abalienati
1166 4724 1295 4768 sunt
1321 4715 1376 4768 in
1408 4715 1809 4782 confusionem,
1843 4724 1896 4771 et
1928 4716 2053 4771 facti

495 4812 625 4856 sunt
672 4802 1088 4857 abominabiles.
1131 4824 1149 4854 ι
1183 4803 1285 4870 Qui
1315 4806 1381 4859 ad
1448 4805 1782 4861 adorandum
1846 4808 2052 4863 idolum

493 4894 931 4953 declinaverunt.
976 4910 1005 4945 ιι
1042 4910 1129 4949 me
1158 4906 1331 4951 semet
1370 4897 1773 4962 abalienarunt,
1818 4900 1969 4954 nulla
1999 4917 2057 4955 re

491 4984 599 5037 alia
625 4999 786 5053 quam
818 4982 1140 5039 confusione
1176 4986 1369 5055 dignos
1406 5004 1465 5042 se
1502 4990 1873 5057 ostendentes,
1919 5008 2057 5062 quo-

488 5070 636 5123 niam
669 5086 699 5123 a
726 5069 833 5123 Deo
858 5080 1132 5125 tantorum
1160 5074 1269 5128 illis
1294 5075 1563 5132 bonorum
1594 5088 1820 5135 auctore
1836 5081 1904 5135 ad
1930 5082 2052 5136 ido-

489 5162 601 5217 lum
658 5162 1093 5231 transl‘ugerunt,
1134 5181 1163 5219 a
1202 5182 1313 5236 quo
1355 5171 1491 5223 nihil
1536 5171 1663 5226 boni
1702 5186 2047 5245 acceperant.

489 5254 667 5319 Quare
699 5264 751 5308 et
780 5255 1169 5311 abominabiles
1199 5258 1346 5324 facti,
1398 5264 1500 5318 sub
1541 5265 1778 5320 hostium
1822 5283 2047 5323 suorum

482 5346 671 5415 jugum
715 5348 868 5400 missi
918 5358 1064 5401 sunt.
1113 5350 1401 5419 Postquam
1450 5356 1563 5409 hrcc
1605 5358 1671 5411 de
1722 5359 1829 5412 illis
1890 5359 2046 5427 dixit,

490 5435 637 5488 addit
670 5457 679 5488 :

2168 3546 2257 3591 τες
2281 3529 2464 3595 ἔλεγον
2483 3545 2495 3557 ·
2529 3550 2545 3579 ι
2575 3523 2729 3581 Οὗτοι
2756 3528 2805 3580 οἰ
2860 3522 2969 3577 θεοί
3019 3542 3111 3578 σου
3136 3569 3148 3592 ,
3196 3526 3428 3597 Ἰσραὴλ,
3457 3526 3506 3577 οἳ
3536 3526 3732 3595 ἐξήγα-

2168 3621 2263 3689 γόν
2294 3638 2352 3673 σε
2375 3623 2438 3673 ἐκ
2460 3620 2563 3688 γῆς
2593 3618 2865 3686 Αἰγύπτου
2884 3632 2895 3644 ·
2925 3637 2943 3669 ι
2978 3637 2995 3665 ι
3023 3616 3236 3688 ἡμέρας
3250 3615 3358 3685 γὰρ
3372 3611 3467 3667 τοῦ
3489 3615 3679 3685 βουνοῦ
3707 3635 3724 3666 ι

2166 3713 2257 3765 τὸν
2308 3712 2495 3783 καιρὸν
2530 3712 2733 3762 ἐκεῖνον
2775 3706 2945 3759 καλεῖ.
3003 3705 3331 3768 Ἀκολούθως
3365 3701 3457 3758 οῦν
3502 3706 3731 3769 ἐκείνοις

2165 3802 2512 3873 διεφθάρη-ξε,
2548 3801 2667 3853 ἀντὶ
2711 3798 2823 3861 τοῦ,
2855 3798 2965 3868 Τὴν
3013 3797 3178 3867 αὐτὴν
3211 3798 3437 3861 ἐκείνοις
3474 3797 3729 3861 ἐδέξασθε

2164 3895 2336 3948 νόσον.
2376 3913 2392 3944 ι
2430 3890 2939 3962 Μνησθήσεταιτῶν
2963 3890 3183 3943 ἀδικιῶν
3213 3891 3411 3950 αὐτῶν,
3449 3891 3729 3961 ἐκδικήσει

2162 3986 2434 4056 ἁμαρτίας
2468 3983 2666 4036 αὐτῶν.
2717 4001 2735 4033 ι
2790 3980 3122 4043 ’Λκολούθως
3149 3981 3325 4034 τοίνυν
3366 3982 3590 4051 μνήμην
3621 3980 3728 4033 τῶν

2162 4075 2423 4130 ἀσεϐειῶν
2453 4074 2605 4145 ὑμῶν
2659 4074 3055 4143 ποιησάμενος,
3112 4072 3340 4143 λήψεται
3385 4073 3543 4135 δίκας
3598 4074 3728 4143 παρ’

2162 4168 2314 4238 ὑμῶν
2358 4166 2651 4234 ἀναλόγους
2694 4161 2775 4228 οἷς
2822 4165 3181 4235 ἡμαρτήκατε
3228 4167 3308 4227 εἰς
3349 4165 3530 4217 αὐτόν.
3572 4182 3592 4214 ι
3643 4164 3729 4226 Ὠς

2162 4257 2435 4328 σταφυλὴν
2483 4260 2540 4309 ἐν
2580 4256 2773 4327 ἐρήμῳ
2810 4252 2966 4325 εῦρον
3004 4256 3093 4309 τὸν
3138 4254 3374 4325 Ἰσραὴλ,
3406 4254 3502 4307 καὶ
3525 4254 3602 4317 ὡς
3631 4253 3726 4307 σῦ-

2162 4369 2256 4404 κον
2274 4350 2347 4421 (9)
2367 4352 2424 4405 ἐν
2443 4351 2579 4419 συκῇ
2598 4347 2847 4419 πρώῐμον
2874 4344 3009 4400 εἶδον
3038 4347 3277 4417 πατέρας
3305 4346 3504 4401 αὐτῶν.
3529 4366 3547 4397 ›
3585 4344 3726 4414 Ἐγὼ

2164 4445 2262 4514 μὲν
2304 4438 2397 4495 οῦν
2442 4440 2710 4509 τοσαύτην
2760 4437 3119 4507 ἐπεδειξάμην
3154 4438 3281 4507 περὶ
3314 4438 3440 4499 τοὺς
3479 4437 3727 4506 πατέρας

2161 4534 2339 4589 αὐτῶν
2359 4534 2619 4595 διάθεσιν,
2663 4532 2780 4604 μεθ’
2808 4533 2937 4601 ὅσης
2973 4530 3037 4583 ἂν
3071 4530 3102 4599 ἢ
3139 4531 3195 4583 ἐν
3226 4530 3414 4599 ἐρήμῳ
3448 4527 3727 4597 σταφυλὴν

2161 4629 2257 4681 ἴδοι
2290 4644 2374 4688 τις
2410 4624 2559 4695 παρά
2578 4625 2762 4677 πᾶσαν
2797 4621 2970 4694 εὑρὼν
2997 4620 3205 4683 ἐλπίδα,
3235 4620 3266 4689 ἦ
3302 4618 3461 4671 σῦκον
3496 4620 3590 4670 ἐπὶ
3630 4618 3723 4671 τοῦ

2158 4719 2373 4790 δένδρου
2408 4718 2513 4788 πρὸ
2538 4714 2632 4769 τοῦ
2672 4714 2917 4776 εἰωθότος
2961 4713 3125 4783 φανὲν
3156 4710 3367 4781 καιροῦ,
3423 4730 3440 4761 ι
3474 4712 3641 4763 Αὐτοὶ
3668 4711 3727 4761 δέ

2086 4771 2129 4825 D
2157 4771 2404 4883 εἰσῆλθον
2432 4771 2568 4884 πρὸς
2596 4771 2933 4881 Βεελφεγὼρ,
2968 4771 3060 4863 καὶ
3094 4771 3611 4877 άπηλλοτριώθησαν
3646 4806 3724 4867 εἰς

2154 4906 2442 4976 αἰσχύνην,
2494 4905 2586 4958 καὶ
2634 4904 2876 4971 ἐγένοντο
2925 4902 2997 4965 ὡς
3046 4903 3094 4953 οἰ
3141 4898 3540 4968 ἐϐδελυγμένοι.
3582 4917 3599 4947 ι
3662 4898 3726 4948 ΟΞ

2154 4997 2291 5067 πρὸς
2319 4995 2415 5065 τὴν
2436 4995 2528 5047 τοῦ
2550 4994 2770 5046 εἰδώλου
2810 4990 3174 5062 προσκύνησιν
3206 4988 3527 5059 νεύσαντες(
3546 5003 3598 5056 p.
3632 4986 3723 5055 69)

2153 5090 2250 5161 τὴν
2290 5087 2638 5157 ἀλλοτρίωσιν
2670 5087 2872 5139 εἴλοντο
2902 5085 2997 5156 τὴν
3025 5084 3118 5137 ἀπ’
3150 5081 3304 5152 ἐμοῦ,
3336 5081 3492 5134 ούθὲν
3538 5081 3729 5151 ἓτερον

2158 5182 2191 5251 ἦ
2240 5181 2498 5251 αἰσχύνης
2544 5180 2770 5241 ἑαυτοὺς
2816 5178 2994 5247 πάσης
3035 5175 3339 5236 δεικνύντες
3372 5174 3596 5238 ἀξίους,
3647 5175 3730 5225 ὅτι

2157 5274 2264 5327 ἀπὸ
2306 5273 2439 5325 Θεοῦ
2469 5272 2561 5324 τοῦ
2596 5272 2861 5324 τοσούτων
2891 5271 3073 5331 αὐτοῖς
3105 5267 3325 5335 ἀγαθῶν
3356 5265 3528 5317 αἰτίου
3562 5281 3730 5331 γεγο-

2155 5364 2324 5427 νότος,
2356 5363 2448 5415 ἐπὶ
2482 5361 2694 5414 εἴδωλον
2731 5363 3095 5430 μετέστησαν,
3128 5354 3187 5411 οῦ
3230 5357 3393 5427 μηδὲν
3426 5356 3731 5424 εἰλήφεσαν

2156 5454 2377 5522 ἀγαθόν·
2418 5453 2539 5505 ὅθεν
2584 5452 2760 5505 δὲκαὶ
2803 5450 3075 5518 βδελυκτοὶ
3110 5449 3425 5517 γεγόνασιν,
3462 5444 3570 5499 ὑπὸ
3613 5446 3734 5507 τοῖς

486 5530 697 5599 ἐχθροῖς
727 5536 1070 5598 πεπτωκότες
1111 5542 1220 5600 τοῖς
1250 5540 1485 5603 οἰκείοις.
1525 5543 1704 5595 Ταῦτα
1748 5560 1872 5596 πεοι
1905 5546 2125 5602 ἐκείνων
2152 5550 2342 5613 εἰπὼν,
2378 5550 2601 5615 ἐπάγει·

561 5665 607 5695 ’⁸
646 5664 813 5719 Exod.
850 5686 1020 5731 xxxii,
1052 5674 1101 5726 4.

560 5776 635 5847 (9)
672 5778 799 5831 (ἷοά.
846 5784 1055 5835 noxi».
