3954 6512
202 353 280 406 lRl
1202 345 1744 402 COMMENTARIUS
1784 347 1847 400 IN
1890 347 2087 402 033E
2130 347 2279 402 CAP.
2322 347 2404 401 ΙΧ.

253 465 387 533 Στέχ.
410 434 581 516 ια’-ιδ’.
603 494 671 503 ——
693 481 710 514 ι
729 434 736 441 1
755 437 993 534 Ἐφραῒμ
1013 461 1089 525 ὡς
1127 438 1307 531 ὄρνεον
1331 461 1683 531 ἐξεπετάσθη.
1713 482 1728 511 ι
1766 469 1808 521 Α

194 558 496 628 Βωλόμενος
517 559 689 609 ἐκεῖνο
711 559 906 627 στῆσαι
947 554 1030 620 τὸ,
1057 572 1076 604 ‹
1121 553 1465 625 Ἐφθὰρησαν
1487 553 1740 614 κατὰτάς

191 651 383 723 ἡμέρας
416 649 507 703 τοῦ
543 649 754 720 βουνοῦ.
794 669 811 699 ι
849 645 1181 710 ’Ᾱκολούθως
1205 649 1312 717 γὰρ
1335 646 1612 718 δὴ,φησ“ιν,
1644 646 1739 697 καὶ

188 740 312 796 οὗτοι
338 745 448 804 τοῖς
474 741 713 811 πατράσι
737 743 848 802 τοῖς
875 737 1081 792 ἑαυτῶν
1120 737 1258 808 μετὰ
1285 737 1554 806 τοσαύτην
1580 736 1740 805 κηδεο

188 834 357 904 μονῑαν
380 828 446 904 ἧς
477 832 662 902 ἔτυχον
689 832 816 900 παρ’
841 830 997 900 ἐμοῦ,
1022 830 1209 900 ὀρνέου
1236 829 1391 899 δίκην
1418 828 1738 897 ἀπέπτησαν

183 925 267 993 τῆς
313 921 558 992 γνώμης.
591 943 608 972 ι
648 922 718 974 Αἱ
741 921 888 988 δόξαι
916 919 1096 972 αὐτῶν
1132 921 1196 971 ἐκ
1222 918 1460 971 τοκετῶν
1493 919 1588 970 καὶ
1616 917 1737 970 ὠδίο

181 1033 273 1067 νων
328 1014 421 1066 καὶ
471 1011 803 1082 συλλήψεων.
863 1030 881 1061 ι
921 1007 1052 1062 Εἶτα
1108 1009 1331 1062 τοιαῦτα
1382 1007 1735 1072 ἀσεϐοῦντες,

181 1106 534 1176 μακαριστοὺς
575 1106 800 1169 ἑαυτοὺς
828 1103 1139 1176 νομίζουσιν
1178 1100 1315 1157 εἶναι
1345 1103 1439 1155 ἐπὶ
1472 1105 1537 1173 τῇ
1568 1102 1735 1155 πολυ-

177 1195 369 1266 πληθίᾳ
387 1213 402 1228 ’
427 1196 582 1250 τοῦτο
605 1195 710 1269 γὰρ
737 1197 884 1265 λέγει
905 1197 987 1260 τὸ,
1016 1216 1033 1247 ‹
1059 1197 1122 1249 ἐκ
1149 1196 1386 1248 τοκετῶν
1411 1195 1506 1247 καὶ
1533 1194 1737 1248 ὠδίνων

175 1289 258 1342 καὶ
274 1287 586 1358 συλλήψεων
603 1305 616 1316 ·
657 1306 676 1338 ι
702 1287 888 1356 ἐπειδὴ
917 1287 978 1338 ἐκ
1001 1285 1310 1355 συλλήψεως
1329 1285 1422 1338 καὶ
1438 1283 1625 1347 ὠδῖνος
1644 1285 1736 1336 καὶ

173 1377 392 1432 τοκετοῦ
406 1379 621 1450 πρόεισι
641 1381 700 1431 τὸ
722 1379 1055 1448 τικτόμενον.
1095 1398 1111 1428 ι
1141 1378 1283 1431 Διότι
1305 1377 1397 1430 καὶ
1419 1375 1514 1428 ἐὰν
1550 1375 1739 1446 ἐκθρέ-

169 1472 300 1539 ψωσι
315 1469 385 1522 τὰ
401 1471 569 1524 τέκνα
585 1470 790 1531 αὐτῶν,
809 1469 1276 1540 ἀτεκνωθὴσονται
1290 1468 1347 1534 ἐξ
1364 1467 1462 1520 ἀνθ
1471 1467 1688 1538 ρώπων.
1714 1487 1730 1516 ι

170 1564 234 1616 0b
282 1562 724 1634 συλλογιζόμενοι
767 1563 846 1614 ὃτι
887 1561 989 1614 κᾶν
1019 1563 1098 1624 εἰς
1133 1562 1308 1634 ἄκραν
1348 1561 1626 1630 ἀφίκοιντο
1668 1561 1736 1614 τὰ

167 1655 454 1725 τικτόμενα
497 1655 794 1716 τελείωσιν,
844 1653 994 1707 οὐδὲν
1041 1654 1222 1715 αὐτοῖς
1249 1655 1314 1706 ἐκ
1350 1653 1540 1706 τούτου
1578 1652 1738 1722 γενήο

167 1764 305 1800 σεται
337 1747 534 1800 πλέον’
570 1745 1027 1819 περιαχθήσονται
1061 1745 1171 1816 γὰρ
1200 1749 1319 1808 ταῖς
1367 1744 1462 1796 τοῦ
1496 1744 1733 1813 πολέμου

3330 347 3433 402 {8‘2

1912 457 2076 512 Vens.
2129 460 2314 513 H-M.
2357 491 2423 496 —
2464 478 2480 509 ι
2520 457 2848 528 Ephrai'mus
2895 458 3052 530 quasi
3101 457 3216 513 avis
3247 460 3428 512 avola-

1845 552 1936 604 vit.
1976 568 1995 601 ι
2025 549 2150 604 νιιΙι
2181 551 2436 604 nimirum
2462 551 2935 607 ostendereillud:
2969 571 2986 602 ι
3018 550 3271 621 Corrupti
3296 561 3425 606 sunt

1843 641 1986 693 sicttt
2019 641 2072 694 iu
2105 641 2298 695 diebus
2340 640 2517 694 collis.
2563 659 2582 691 ι
2610 639 2700 694 Isti
2742 643 2887 696 enim
2938 657 3092 712 teque
3139 657 3202 695 ac
3245 650 3425 708 patres

1840 749 2030 786 eorum
2065 742 2186 802 post
2218 741 2430 786 tantam
2455 747 2628 784 meam
2659 735 3080 802 providentiam,
3107 735 3223 787 avis
3251 734 3425 786 instar

1843 840 1870 876 a
1901 828 2172 879 sententia
2205 824 2422 893 prapria
2465 823 2773 877 avolarunt.
2813 844 2830 876 ε
2873 825 3069 880 Gloria:
3116 826 3362 894 ipsorum
3395 839 3424 875 a

1841 915 2130 985 partubus,
2191 916 2261 969 ab
2313 915 2509 976 uteris,
2556 922 2609 968 et
2658 929 2689 968 a
2735 916 3110 985 concrptibus.
3150 937 3167 966 ι
3224 913 3426 969 Deinde

1840 1025 1963 1062 cum
2019 1017 2172 1062 tanta
2228 1009 2597 1076 peccaverint,
2645 1008 2833 1062 beatos
2885 1025 2942 1064 se
2989 1010 3309 1064 existimant
3357 1007 3425 1061 ob

1841 1100 2022 1170 p0puli
2057 1099 2463 1154 multitudinem
2490 1116 2505 1154 :
2541 1097 2592 1154 id
2619 1101 2765 1155 enim
2792 1101 3084 1156 denotatur
3109 1116 3206 1171 per
3232 1102 3424 1158 verba;

1846 1210 1863 1242 ι
1889 1187 2174 1259 partubus,
2200 1190 2390 1256 uteris,
2417 1193 2808 1263 conceptibus;
2839 1211 2857 1242 ι
2880 1191 3324 1262 quandoquidem
3359 1205 3422 1243 ex

1840 1290 2126 1350 conceptu,
2171 1280 2306 1334 uteri
2347 1285 2674 1350 gestatione,
2721 1288 2991 1350 partuque
3033 1295 3123 1334 res
3160 1288 3285 1333 nata
3329 1296 3423 1333 cx-

1841 1373 2001 1426 sistit.
2046 1390 2063 1421 ι
2104 1371 2415 1440 PrOpterea,
2449 1372 2822 1440 quamtumvis
2854 1373 2994 1424 ﬁlios
3031 1386 3161 1424 suos
3183 1373 3423 1425 enutrie-

1841 1463 1972 1528 rint,
2028 1465 2232 1532 absque
2281 1463 2473 1516 liberis
2523 1463 2654 1516 lieut
2704 1463 2849 1518 inter
2904 1463 3174 1516 homines.
3239 1483 3255 1513 ι
3306 1461 3421 1516 Non

1839 1554 2223 1619 considerant,
2275 1556 2420 1624 quod
2482 1553 2698 1610 etiamsi
2763 1555 2829 1607 ad
2881 1553 3177 1624 perfectum
3220 1565 3420 1608 statum

1839 1648 1948 1700 nati
1985 1647 2079 1700 ﬁlii
2116 1647 2484 1717 pervenerint,
2538 1647 2674 1701 nihil
2721 1647 2848 1702 inde
2889 1647 3288 1701 lucrabuntur:
3343 1658 3422 1700 et—

1836 1737 1982 1789 enim
2016 1735 2140 1789 belli
2180 1736 2419 1791 caedibus
2453 1736 2519 1790 ad
2546 1737 2837 1792 orbitatem
2873 1739 3208 1808 redigentur.
3252 1758 3269 1789 ι
3312 1737 3417 1792 Sed

164 1839 393 1905 σφαγαῖς
421 1837 502 1899 εἰς
527 1836 800 1894 ἀτεκνίαν.
840 1853 858 1885 ι
897 1835 1040 1888 Διότι
1073 1837 1165 1887 καὶ
1190 1835 1314 1888 οὐαὶ
1349 1835 1532 1898 αὐτοῖς
1554 1873 1568 1895 ,
1599 1835 1728 1886 διότι

1840 1837 1894 1883 et
1925 1845 2002 1883 va:
2034 1830 2137 1894 eis,
2167 1831 2426 1899 quoniam
2460 1845 2555 1884 eos
2585 1831 2879 1900 dercliqui!
2917 1851 2934 1881 ι
2976 1830 3059 1886 Me
3088 1832 3209 1886 illos
3241 1841 3423 1901 patro-

161 1930 338 1999 ἁφῆκα
369 1927 584 1991 αὐτούς.
627 1947 646 1979 ι
702 1927 868 1998 Ἐμοῦ
897 1929 1006 1998 γὰρ
1048 1931 1146 1999 τῆς
1177 1928 1498 1996 κηδεμονίας
1536 1927 1731 1989 αὐτοὺς

161 2021 486 2090 χωρίσαντος
535 2021 632 2090 τῆς
680 2021 855 2090 ἐμῆς,
911 2019 1130 2089 δλεθρος
1180 2020 1376 2082 αὐτοὺς
1433 2019 1582 2088 μένει
1637 2019 1738 2071 καὶ

159 2109 415 2164 ἀπώλεια.
474 2130 492 2161 ε
533 2110 677 2180 Σάρξ
718 2127 817 2180 μου
870 2110 930 2174 ἐξ
975 2109 1176 2162 αὐτῶν.
1216 2128 1233 2160 ι
1270 2114 1360 2181 (p.
1403 2109 1506 2178 70)
1539 2111 1734 2162 Καίτοι

156 2221 213 2272 γε
236 2202 474 2274 τοσαύτη
513 2204 601 2273 μοί
628 2221 711 2265 τις
739 2198 808 2274 ἦν
841 2205 874 2272 ή
905 2202 1087 2272 σχέσις
1120 2203 1248 2273 περὶ
1275 2203 1473 2265 αὐτοὺς
1504 2201 1566 2253 τὸ
1599 2203 1730 2272 πρός

154 2313 300 2366 τερον
323 2335 340 2356 ,
378 2296 520 2349 ὥστε
553 2295 794 2365 νομίζειν
841 2295 900 2361 ἐξ
934 2295 1112 2348 αὐτῶν
1140 2289 1278 2347 εἷναί
1317 2312 1383 2364 με
1407 2312 1420 2326 ο
1475 2293 1730 2364 τοιαύτην

152 2407 206 2442 τε
236 2390 365 2460 περὶ
414 2390 613 2454 αὐτοὺς
651 2390 796 2460 ἔχειν
829 2395 926 2461 τὴν
963 2391 1209 2461 γνώμην,
1255 2392 1374 2444 οἷαν
1411 2391 1558 2453 εἰκὸς
1583 2390 1729 2459 ἔχειν

152 2479 268 2542 τοὺς
322 2479 392 2533 ἐκ
442 2497 604 2534 τινων
659 2481 1025 2552 ὑπειληφότας
1076 2477 1234 2535 εἶναι.
1295 2502 1314 2534 ι
1376 2481 1614 2553 Ἐφραῒμ
1669 2482 1728 2534 ὃν

148 2571 345 2639 τρόπον
374 2568 514 2626 εἶδον
540 2575 618 2636 εἰς
643 2573 821 2645 θήραν.
843 2575 1089 2645 παρέστη
1111 2575 1180 2627 τά
1212 2575 1379 2628 τέκνα
1409 2574 1573 2627 αὑτοῦ
1597 2591 1610 2605 ·
1634 2576 1728 2628 καὶ

161 2663 400 2732 Ἐφραῖμ
454 2664 548 2716 τοῦ
604 2665 890 2733 ἐξαγαγεῖν
923 2667 1001 2730 είς
1039 2667 1402 2737 ἀποκέντησιν
1447 2666 1516 2718 τὰ
1560 2665 1727 2720 τέκνα

148 2747 327 2800 αὐτοῦ.
371 2767 388 2799 ι
441 2750 599 2802 Ἀλλά
645 2752 898 2822 τοιαύτην
953 2750 1167 2820 ἔχοντός
1218 2769 1319 2820 μου
1353 2751 1482 2820 περὶ
1529 2752 1726 2815 αὐτοὺς

147 2837 414 2910 πρότερον
459 2839 559 2910 τὴν
598 2841 814 2911 σχέσιν,
861 2842 1050 2912 ἐπειδὴ
1081 2843 1215 2914 πρὸς
1248 2843 1310 2895 τὸ
1346 2846 1528 2914 χεῖρον
1561 2843 1723 2912 ἐτρά-

147 2944 321 2997 πησαν
396 2929 706 2996 παντελῶς,
765 2932 1025 2985 τάναντία
1095 2934 1278 2996 αὐτοῖς
1318 2934 1426 2985 τῶν
1487 2933 1723 3003 πρόσθεν

147 3019 524 3090 συμϐήσεται,
561 3021 654 3075 καὶ
697 3021 886 3094 ῶσπερ
939 3024 1080 3094 Θήρα
1132 3027 1250 3088 ταῖς
1289 3023 1396 3076 τῶν
1447 3025 1723 3093 πολεμίων

143 3113 291 3182 χερσὶ
329 3113 799 3185 παραδοθήσονται
823 3133 836 3146 ο
867 3116 956 3185 ὑφ’
984 3109 1058 3169 ὧν
1088 3117 1437 3188 κεντούμενοί
1470 3135 1529 3170 τε
1563 3118 1720 3171 ἀναι-

144 3201 471 3273 ρεθήσονται
500 3206 593 3257 καὶ
617 3206 1042 3277 τιτρωσκόμενοι
1072 3207 1290 3272 πάντες.
1327 3228 1345 3260 ι
1391 3208 1489 3272 Ab;
1520 3210 1723 3272 αὐτοῖς,

142 3295 308 3366 Κύριε
329 3313 345 3326 ’
369 3297 420 3349 τί
437 3297 630 3361 δώσεις
652 3300 868 3364 αὐτοῖς;
899 3301 989 3364 δὸς
1013 3303 1197 3364 αὐτοῖς
1218 3303 1430 3372 μήτραν
1461 3302 1724 3356 ἀτεκνοῦ-

141 3404 233 3441 σαν
257 3391 363 3442 καὶ
391 3394 633 3459 μαστοὺς
675 3392 894 3464 ξηρούς.
939 3412 956 3444 ι
995 3395 1220 3448 Δικαίαν
1286 3395 1343 3448 δὲ
1389 3396 1482 3448 καὶ
1513 3396 1719 3467 ἁρμότ-

138 3497 333 3535 τουσαν
361 3483 567 3553 ταύτην
598 3485 931 3556 ὑπομένουσι
963 3487 1235 3558 τιμωρίαν
1255 3527 1270 3550 ,
1299 3487 1360 3540 τὸ
1393 3487 1623 3559 ἀτεκνίᾳ
1657 3504 1718 3539 τε

1833 1922 1980 1976 eiuio
2039 1937 2160 1977 meo
2213 1922 2516 1992 spoliante,
2556 1924 2782 1978 exitium
2831 1925 2982 1993 ipsos
3025 1933 3208 1977 uianct
3257 1933 3422 1992 atque

1833 2017 2090 2086 perditio.
2130 2038 2146 2068 ‹
2187 2017 2329 2072 Caro
2380 2033 2496 2072 mea
2526 2034 2593 2074 ex
2645 2018 2744 2072 eis.
2787 2037 2806 2070 ι
2853 2018 3106 2071 Attamen
3151 2033 3250 2087 ego
3291 2018 3418 2069 olim

1831 2119 1983 2165 tanto
2016 2126 2112 2166 eos
2143 2110 2338 2166 aﬂectu
2372 2112 2688 2182 diligebam,
2717 2119 2775 2165 ut
2803 2128 2890 2166 me
2911 2112 3069 2182 quasi
3087 2110 3419 2187 consangui~

1831 2220 1992 2258 neum
2020 2205 2264 2274 ipsorum
2297 2207 2670 2261 existimarem
2703 2226 2716 2260 ε
2747 2207 2951 2276 talique
2973 2221 3101 2276 erga
3124 2222 3217 2260 eos
3235 2210 3422 2259 animo

1838 2314 2040 2363 essem,
2069 2299 2259 2368 quales
2289 2314 2386 2355 eos
2415 2316 2536 2355 esse
2563 2309 2778 2370 oportet
2808 2300 2899 2370 qui
2933 2301 3001 2353 ab
3039 2301 3224 2368 aliquo
3260 2307 3418 2352 natu—

1830 2404 1946 2442 ram
1997 2406 2152 2444 suam
2174 2399 2521 2461 acceperunt.
2547 2412 2565 2442 ‹
2592 2390 2937 2454 Ephraimus,
2959 2390 3415 2460 quemadmodum

1836 2478 1968 2541 vidi,
1993 2478 2104 2551 46
2128 2480 2181 2534 in
2206 2480 2441 2549 prmdam
2476 2479 2672 2534 obtulit
2708 2480 2850 2536 ﬁlios
2883 2496 3034 2535 suos.
3070 2479 3416 2550 Ephraimus,

1830 2571 2079 2640 inquam,
2116 2573 2305 2627 eduxit
2335 2573 2402 2626 ad
2431 2572 2868 2629 interfectionem
2891 2573 3031 2627 ﬁlios
3055 2589 3207 2628 suos.
3233 2592 3250 2623 ι
3272 2571 3421 2626 Nihi-

1831 2663 2090 2727 lominus,
2147 2666 2366 2719 etiamsi
2399 2675 2506 2718 tam
2549 2666 2688 2720 bene
2717 2681 2844 2734 erga
2874 2681 2970 2721 eos
3003 2664 3229 2720 aﬂ‘ectus
3254 2673 3413 2717 antea

1830 2754 2023 2808 fuexim
2047 2772 2060 2820 ;
2088 2757 2214 2825 quia
2245 2771 2368 2811 mox
2407 2757 2472 2810 ad
2507 2757 2806 2826 nequitiam
2841 2758 3212 2812 omnimodam
3247 2756 3413 2809 decli—

1829 2855 2121 2913 naverunt,
2153 2847 2428 2902 contraria
2451 2847 2729 2916 prioribus
2749 2850 3102 2919 experientur
3120 2891 3134 2913 ,
3162 2864 3226 2902 ac
3253 2850 3419 2903 veluti

1829 2938 2009 3009 praeda
2051 2939 2288 2994 hostium
2323 2939 2578 2994 manibus
2601 2939 2907 3001 tradentur,
2943 2956 2974 2994 a
3000 2939 3201 3011 quibus
3225 2956 3416 2996 omnes

1824 3030 2141 3084 vulneribus
2176 3028 2416 3086 confossi
2473 3031 2788 3086 interibunt.
2829 3051 2847 3082 ‹
2895 3031 2970 3084 Da
3020 3031 3121 3096 eis,
3158 3031 3405 3086 Domine.

1829 3121 1967 3188 Quid
2003 3123 2083 3177 eis
2116 3123 2302 3176 dabis?
2321 3122 2394 3176 Da
2421 3123 2501 3177 eis
2533 3123 2747 3179 vulvam
2780 3124 2898 3178 sine
2926 3125 3138 3182 liberis.
3160 3131 3214 3178 ct
3237 3124 3407 3177 ubera

1829 3215 2054 3268 arentia.
2091 3234 2108 3266 ο
2132 3213 2342 3269 Justam
2373 3215 2897 3285 convenientemque
2921 3215 3196 3286 perferent
3220 3215 3417 3285 hujus-

1827 3305 1972 3359 modi
2005 3319 2241 3375 ptenam,
2263 3321 2457 3376 nempe
2478 3314 2538 3360 ut
2568 3307 2854 3362 sterilitate
2883 3307 3198 3372 multentur,
3225 3324 3324 3362 nec
3351 3308 3420 3360 li-

1821 3397 1982 3451 heros
2014 3398 2257 3452 enutrirc
2293 3405 2526 3467 queant;
2577 3397 2774 3465 donec,
2809 3399 2947 3455 tales
2983 3415 3107 3455 cum
3160 3400 3292 3463 sint,
3325 3414 3418 3470 ge-

1823 3491 1993 3544 nerali
2035 3491 2260 3545 interitu
2297 3499 2540 3560 pereant.

135 3576 334 3641 αὺτοὺς
363 3579 777 3652 περιὸληθῆναι,
807 3588 899 3640 καὶ
947 3583 1017 3637 τὰ
1041 3583 1334 3654 τικτόμενα
1385 3584 1667 3654 ἐκτρέφειν
1717 3584 1793 3656 μὴ
1824 3585 2080 3640 δύνασθαι
2099 3601 2114 3616 °
2157 3586 2231 3650 ὡς
2271 3586 2336 3641 ἂν
2363 3587 2640 3651 τοιούτους
2672 3587 2831 3649 ὄντας
2858 3585 3130 3658 παντελὴς
3174 3583 3416 3641 ἀπώλεια

136 3663 303 3722 λάϐοι.

201 3743 573 3832 Στίχ.ἰε’-ιζ’.
602 3794 668 3802 -
700 3760 814 3819 Εἶθ’
845 3766 921 3829 ὡς
947 3765 1012 3820 ἂν
1041 3767 1109 3820 τὰ
1143 3769 1294 3836 παρά
1325 3767 1418 3819 τοῦ
1453 3765 1590 3820 Θεοῦ
1620 3765 1722 3818 αὑ-

133 3856 242 3916 τοῖς
273 3856 704 3927 ὲπαχθησόμενα
730 3857 954 3922 δικαίως
980 3859 1168 3922 εἰπὼν,
1199 3860 1397 3929 ἐπάγει
1431 3859 1616 3912 λοιπὸν
1649 3861 1720 3913 τά

135 3944 278 4014 ἐξῆςο
315 3963 338 3996 ι
389 3948 568 3999 Πᾶσαι
609 3949 664 4000 αἱ
713 3951 904 4003 κακίαι
943 3951 1122 4004 αὐτῶν
1167 3955 1224 4004 ἐν
1271 3951 1596 4020 Γαλγάλοις
1639 3951 1721 4004 ὅτι

135 4035 250 4086 ἐκεῖ
288 4037 492 4099 αὐτοὺς
528 4038 766 4108 ἐμίσησα
798 4040 886 4092 διὰ
929 4041 1026 4103 τὰς
1057 4041 1256 4103 κακίας
1289 4040 1400 4093 τῶν
1433 4038 1721 4109 ἐπιτηδευ-

135 4129 346 4195 μάτων.
397 4147 416 4178 ι
483 4129 678 4183 Λύτόοι
737 4133 844 4184 πᾶν
902 4125 1041 4195 εἶδος
1098 4131 1354 4196 ἀσεϐείας
1414 4132 1719 4202 μετῄεσαν,

133 4217 273 4288 ὑπὲρ
322 4212 401 4272 ὧν
443 4220 500 4272 δὲ
555 4221 650 4273 καὶ
695 4222 919 4292 ἐμίσουν
970 4222 1198 4277 τοιαῦτα
1259 4223 1599 4296 πράττοντας
1638 4224 1721 4276 δι-

130 4308 327 4370 καίως.
367 4329 385 4361 ι
437 4309 529 4362 Ἐκ
573 4310 667 4363 τοῦ
715 4311 865 4366 οἴκου
900 4331 998 4383 μου
1050 4313 1266 4367 ἐκϐαλῶ
1295 4314 1511 4378 αὐτούς.
1554 4334 1573 4365 ›
1609 4315 1724 4384 Τῆς

129 4400 255 4469 γῆς,
293 4402 454 4471 φησι,
503 4403 603 4472 τῆς
644 4404 976 4472 ἐπαγγελίας
1018 4405 1218 4469 αὐτοὺς
1279 4404 1530 4458 ἐκϐαλῶ⁸
1575 4401 1724 4459 οἷκον

128 4492 331 4546 ἐαυτοῦ
364 4493 546 4547 καλῶν
590 4495 695 4564 γῆν
737 4497 916 4550 πᾶσαν
941 4539 954 4560 ,
996 4498 1071 4560 ὡς
1101 4499 1160 4550 ἐν
1193 4497 1331 4568 αὐτῇ
1365 4497 1573 4566 διάγειν
1608 4497 1727 4550 ἐλό-

1895 3761 2064 3818 Vsns.
2107 3763 2288 3817 1547.
2326 3793 2397 3802 —
2429 3762 2560 3818 Dein
2593 3771 2882 3832 postquam
2919 3761 3070 3829 juste
3111 3778 3140 3816 a
3184 3761 3291 3818 Deo
3329 3747 3416 3818 in-

1824 3852 2056 3920 ﬂigeuda
2126 3855 2263 3925 ipsis
2338 3857 2479 3909 mala
2539 3856 2752 3919 edixit,
2821 3854 3108 3920 subiungit
3181 3855 3415 3926 reliqua.

1831 3967 1848 3998 ι
1889 3946 2093 4002 Omnes
2128 3948 2385 4017 nequitiae
2420 3963 2611 4003 eorum
2638 3948 2693 4000 iu
2723 3944 2988 4016 Galgalis.
3023 3945 3150 4014 quia
3186 3945 3259 3999 ibi
3287 3962 3391 4000 cxo

1826 4055 1918 4094 sos
1954 4040 2118 4093 habui
2166 4055 2262 4094 eos
2315 4047 2538 4110 prapter
2580 4038 2844 4093 malitiam
2881 4037 3354 4094 adinventionum.
3391 4057 3410 4090 ι

1828 4132 1908 4185 lbi
1937 4146 2100 4185 omne
2132 4124 2306 4200 genus
2338 4130 2639 4200 impietatis
2667 4129 2858 4185 sectati
2886 4137 3038 4192 sunt,
3066 4127 3297 4198 ideoque
3320 4143 3414 4183 eos

1825 4224 1901 4278 ita
1958 4238 2018 4279 se
2056 4230 2306 4293 gerentes
2353 4223 2550 4277 merito
2598 4220 2711 4276 odi.
2760 4237 2780 4272 ι
2831 4217 2908 4274 De
2947 4218 3109 4272 domo
3153 4234 3271 4272 mea
3314 4219 3413 4287 eji-

1825 4295 2135 4369 ciameos.
2205 4332 2222 4364 ι
2285 4313 2359 4368 De
2409 4321 2582 4377 terra,
2618 4310 2834 4382 inquit,
2887 4310 3269 4380 promissionis
3321 4326 3414 4364 cos

1840 4408 2142 4478 expellam;
2178 4405 2402 4461 domum
2453 4421 2612 4461 suam
2659 4405 2941 4476 appellans
2976 4405 3284 4459 universam
3328 4419 3414 4458 rc-

1828 4500 2068 4570 gionem,
2099 4498 2226 4570 quia
2259 4498 2332 4552 ibi
2368 4497 2615 4551 habitare
2649 4495 2984 4550 decreverat.
3023 4515 3040 4546 ε
3080 4493 3231 4547 llaud
3270 4495 3412 4547 ultra

132 4599 320 4649 μενος.
360 4589 436 4653 (p.
482 4585 583 4655 7|)
642 4605 660 4638 ε
696 4587 895 4639 Οὐκέτι
933 4586 1006 4658 μὴ
1059 4587 1282 4660 προσθῶ
1317 4588 1410 4640 τοῦ
1441 4588 1727 4658 ἀγαπῆσαι

1834 4591 2027 4647 addam
2060 4599 2120 4645 ut
2153 4590 2374 4663 diligam
2400 4605 2495 4645 eos
2523 4607 2535 4644 :
2571 4590 2753 4644 cuncti
2786 4588 3066 4659 principes
3095 4587 3412 4642 inobedicn-

125 4675 373 4740 αύτούς·
424 4678 624 4741 πάντες
659 4680 708 4731 οἱ
754 4678 1014 4750 ἄρχοντες
1063 4680 1244 4733 αὐτῶν
1284 4680 1656 4744 ἀπειθοῦντες.
1699 4699 1718 4732 ι

125 4767 292 4822 Μὲνω
318 4769 375 4822 δὲ
407 4769 624 4840 βέϐαιον
653 4771 790 4843 ἔχων
825 4773 955 4843 περὶ
983 4773 1175 4836 αὐτοὺς
1216 4773 1277 4826 τὸ
1305 4775 1460 4845 μῖσος
1481 4814 1495 4838 ,
1534 4773 1723 4846 ἐπειδὴ

125 4863 340 4926 πάντες
389 4864 489 4933 μὲν
543 4864 857 4919 νενεύκασιν
885 4867 967 4930 είς
1014 4866 1330 4919 ἀπείθειαν·
1383 4867 1643 4938 ἡγοῦνται
1666 4867 1724 4920 δὲ

128 4955 380 5021 μάλιστα
407 4954 517 5007 τῶν
546 4955 732 5009 κακῶν
776 4959 826 5009 οἱ
871 4957 1061 5028 ἄρχειν
1094 4959 1153 5010 ἐν
1193 4959 1376 5022 αὐτοῖς
1415 4959 1719 5023 δοκοῦντες.

130 5062 149 5092 ‹
201 5043 502 5098 Ἐπόνεσεν
550 5046 825 5118 Ἐφραίμ,
859 5048 960 5112 τὰς
1003 5049 1158 5119 ῥίζας
1202 5049 1367 5102 αὑτοῦ
1412 5050 1722 5122 ἐξηράνθη·

120 5137 350 5206 καρπὸν
385 5137 568 5191 οὐκέτι
613 5140 674 5192 ab
724 5139 798 5211 μὴ
824 5140 1046 5212 ἐνέγκῃ.
1084 5159 1104 5192 ›
1150 5142 1246 5194 Ἐκ
1276 5144 1588 5214 μεταφορᾶς
1613 5143 1723 5197 τῶν

120 5227 372 5300 δένδρων
401 5226 556 5284 εἶπεν
584 5234 665 5285 ὅτι
689 5233 860 5303 ἄρδην
889 5233 1236 5295 ἀπολοῦνται,
1272 5234 1395 5288 καθ’
1426 5237 1721 5306 ὁμοιότητα

121 5321 363 5376 ἐκείνων
404 5323 440 5376 ἂ
471 5324 572 5392 τῆς
611 5325 766 5396 ῥίζης
804 5325 1198 5398 διαφθαρείσης
1228 5327 1545 5399 ξηραίνεται
1583 5345 1719 5381 παν-

120 5411 330 5476 τελῶς,
356 5415 570 5484 καρπὸν
589 5416 771 5469 οὐκέτι
795 5417 982 5487 φέρειν
1011 5414 1102 5471 οἷά
1121 5436 1180 5471 τε
1210 5417 1357 5472 ὄντα.
1392 5439 1410 5470 ε
1451 5419 1596 5472 Διότι
1622 5421 1718 5473 ἐὰν

118 5506 222 5556 καὶ
281 5507 667 5573 τεκνώσωσιν,
716 5509 999 5562 ἀποκτενῶ
1058 5511 1129 5564 τά
1183 5511 1583 5583 ἐπιθυμήματα
1620 5513 1720 5583 τῆς

118 5597 348 5660 κοιλίας
370 5599 569 5653 αὐτῶν.
600 5619 618 5650 ι
667 5602 904 5670 Ἀφανιῶ
930 5603 1038 5674 γὰρ
1080 5603 1144 5672 δὴ
1173 5604 1418 5668 καὶτοὺς
1448 5604 1507 5671 ἐξ
1543 5605 1722 5659 αὐτῶν

117 5690 406 5754 ἅπαντας,
432 5693 616 5763 φησίν.
648 5717 664 5746 ι
712 5695 1016 5748 Ἀπώσεται
1036 5696 1234 5758 αὐτοὺς
1262 5697 1290 5748 ὁ
1318 5695 1448 5760 Θεὸς
1467 5737 1482 5761 ,
1511 5698 1592 5750 ὅτι
1623 5698 1721 5752 οὐκ

119 5783 468 5851 εἰσήκουσαν
522 5784 707 5849 αὑτοῦ,
764 5788 860 5840 καὶ
917 5786 1130 5842 ἔσονται
1184 5787 1452 5859 πλανῆται
1503 5791 1561 5842 ἐν
1609 5793 1721 5854 τοῖς

120 5873 373 5930 ἔθνεσιν.
410 5895 428 5927 ι
471 5877 807 5950 ’Λλλοτρίους
824 5879 932 5951 γὰρ
954 5880 1161 5944 πάντας
1181 5881 1378 5945 αὐτοὺς
1400 5883 1497 5953 τῆς
1517 5883 1718 5946 οἰκείας

1824 4693 1929 4741 tes.
1968 4703 1986 4736 ι
2025 4683 2168 4738 Iram
2205 4683 2470 4737 adversus
2513 4697 2608 4737 eos
2646 4682 2915 4745 retinebo,
2950 4682 3081 4752 quia
3107 4681 3292 4734 cuncti
3345 4682 3410 4735 ad

1824 4776 2251 4833 inobedientiam
2280 4773 2624 4830 deﬁexerunt
2651 4791 2664 4828 :
2697 4773 2876 4828 duces
2896 4788 3025 4827 vero
3057 4773 3121 4826 ad
3148 4773 3411 4825 malitiam

1824 4879 1976 4935 sunt,
2035 4868 2126 4938 qui
2182 4867 2555 4937 principatum
2610 4867 2754 4921 inter
2783 4881 2878 4921 eos
2916 4874 3102 4920 tenere
3135 4865 3408 4920 videntur.

1828 4981 1856 5014 ι
1881 4960 2065 5016 Doluit
2084 4958 2440 5029 Ephraimus,
2460 4957 2677 5012 radices
2716 4955 2843 5026 ejus
2871 4956 3350 5019 exsiccat:e_sunt.
3387 4973 3408 5006 ι

1831 5053 2060 5124 Sumpta
2107 5051 2176 5105 ab
2223 5050 2512 5106 arboribus
2557 5051 2918 5120 metaphora,
2971 5048 3108 5103 dicit
3159 5047 3409 5103 funditus

1827 5144 1953 5200 illos
1985 5143 2282 5216 perituros,
2314 5141 2777 5211 quemadmodum
2807 5141 2911 5194 illae
2930 5147 3189 5210 corrupta
3226 5138 3410 5193 radice

1828 5251 2058 5307 prorsus
2105 5240 2458 5297 exarescunt,
2491 5248 2669 5303 neque
2707 5231 2937 5286 ulterius
2979 5229 3220 5284 fructum
3265 5227 3408 5283 ferre

1822 5328 2025 5382 valent.
2053 5345 2072 5378 ‹
2102 5323 2259 5391 Quod
2277 5331 2332 5379 et
2357 5325 2404 5380 si
2435 5323 2742 5394 genuerint,
2770 5321 3094 5377 interﬁciam
3124 5319 3404 5374 desidera-

1827 5424 1958 5479 bilia
1986 5423 2128 5479 uteri
2156 5438 2368 5478 eorum.
2406 5442 2425 5474 ι
2476 5422 2745 5488 Cunctos,
2788 5421 2986 5490 inquit,
3021 5435 3089 5475 ex
3128 5418 3212 5475 eis
3243 5427 3406 5475 natos

1826 5517 2074 5587 perdam.
2109 5534 2128 5566 ί
2163 5515 2399 5585 Abjiciet
2443 5531 2540 5570 eus
2580 5514 2745 5578 Deus,
2789 5514 2917 5583 quia
2967 5527 3077 5566 non
3113 5511 3405 5566 audierunt

1821 5623 1969 5673 eum,
2003 5617 2058 5664 et
2084 5615 2247 5664 erunt
2283 5607 2405 5678 vagi
2433 5607 2488 5662 in
2521 5607 2858 5662 nationibus.
2900 5625 2918 5658 ι
2967 5605 3190 5660 Alienos
3240 5602 3406 5658 faciet

1820 5717 2013 5758 omnes
2056 5717 2086 5755 a
2123 5716 2257 5756 cura
2287 5716 2410 5766 sua,
2465 5702 2557 5772 qui
2614 5701 2913 5756 noluerunt
2970 5699 3019 5754 ei
3070 5697 3401 5756 auscultarc.

1819 5802 1874 5846 et
1925 5793 1992 5846 ad
2055 5792 2429 5864 paenitentiam
2485 5794 2777 5862 respicere.
2845 5792 3208 5859 Quamobrem
3262 5791 3402 5844 bello

1830 5885 1993 5955 capti,
2031 5884 2173 5954 apud
2220 5892 2514 5942 extraneos
2547 5886 2748 5957 captivi
2798 5893 2980 5951 erunt,
3029 5891 3081 5938 ct
3123 5883 3227 5938 hac
3275 5882 3398 5936 illac
