  <div class='ocr_page' id='page_1' title='image "/cluster/home/n/w/nwhite01/storage/ocr_20150623/66/hvd.32044020183315/097.png"; bbox 0 0 3954 6542; ppageno 0'>
   <div class='ocr_carea' id='block_1_1' title="bbox 538 293 640 349">
    <p class='ocr_par' dir='ltr' id='par_1_1' title="bbox 538 293 640 349">
     <span class='ocr_line' id='line_1_1' title="bbox 538 293 640 349; baseline -0.02 0"><span class='ocrx_word' id='word_1_1' title='bbox 538 293 640 349; x_wconf 77' lang='grc'><strong>185</strong></span> 
     </span>
    </p>
   </div>
   <div class='ocr_carea' id='block_1_2' title="bbox 1707 305 2566 373">
    <p class='ocr_par' dir='ltr' id='par_1_2' title="bbox 1707 305 2566 373">
     <span class='ocr_line' id='line_1_2' title="bbox 1707 305 2566 373; baseline 0.013 -13"><span class='ocrx_word' id='word_1_2' title='bbox 1707 305 2056 367; x_wconf 81' lang='lat' dir='ltr'><strong>THEODORI</strong></span> <span class='ocrx_word' id='word_1_3' title='bbox 2087 312 2566 373; x_wconf 75' lang='lat' dir='ltr'><strong>MOPSUESTENI</strong></span> 
     </span>
    </p>
   </div>
   <div class='ocr_carea' id='block_1_3' title="bbox 3653 317 3751 380">
    <p class='ocr_par' dir='ltr' id='par_1_3' title="bbox 3653 317 3751 380">
     <span class='ocr_line' id='line_1_3' title="bbox 3653 317 3751 380; baseline 0.051 -5"><span class='ocrx_word' id='word_1_4' title='bbox 3653 317 3751 380; x_wconf 60' lang='grc' dir='ltr'><strong>με</strong></span> 
     </span>
    </p>
   </div>
   <div class='ocr_carea' id='block_1_4' title="bbox 538 413 2087 504">
    <p class='ocr_par' dir='ltr' id='par_1_4' title="bbox 538 413 2087 494">
     <span class='ocr_line' id='line_1_4' title="bbox 538 413 2087 494; baseline 0.009 -28"><span class='ocrx_word' id='word_1_5' title='bbox 538 413 836 488; x_wconf 74' lang='lat' dir='ltr'><strong>circumagi</strong></span> <span class='ocrx_word' id='word_1_6' title='bbox 881 423 934 473; x_wconf 87' lang='lat' dir='ltr'><strong>et</strong></span> <span class='ocrx_word' id='word_1_7' title='bbox 975 432 1158 473; x_wconf 87' lang='lat' dir='ltr'><strong>errare</strong></span> <span class='ocrx_word' id='word_1_8' title='bbox 1211 427 1431 489; x_wconf 87' lang='lat' dir='ltr'><strong>propter</strong></span> <span class='ocrx_word' id='word_1_9' title='bbox 1464 426 1761 476; x_wconf 77' lang='lat' dir='ltr'><strong>extremam</strong></span> <span class='ocrx_word' id='word_1_10' title='bbox 1805 433 2087 494; x_wconf 85' lang='lat' dir='ltr'><strong>egestatetr</strong></span> 
     </span>
    </p>
   </div>
   <div class='ocr_carea' id='block_1_5' title="bbox 2190 413 3750 504">
    <p class='ocr_par' dir='ltr' id='par_1_5' title="bbox 2203 428 3750 504">
     <span class='ocr_line' id='line_1_5' title="bbox 2203 428 3750 504; baseline 0.001 -22"><span class='ocrx_word' id='word_1_11' title='bbox 2203 431 2495 501; x_wconf 81' lang='grc' dir='ltr'>ἐργάσεται</span> <span class='ocrx_word' id='word_1_12' title='bbox 2542 430 2895 504; x_wconf 78' lang='grc' dir='ltr'><strong>κηδεμονίας,</strong></span> <span class='ocrx_word' id='word_1_13' title='bbox 2940 430 3000 486; x_wconf 80' lang='grc' dir='ltr'>οὗ</span> <span class='ocrx_word' id='word_1_14' title='bbox 3035 430 3393 503; x_wconf 74' lang='grc' dir='ltr'><strong>βουληθέντας</strong></span> <span class='ocrx_word' id='word_1_15' title='bbox 3429 428 3659 486; x_wconf 86' lang='grc' dir='ltr'>ἀκοῦσαί</span> <span class='ocrx_word' id='word_1_16' title='bbox 3695 448 3750 483; x_wconf 88' lang='grc' dir='ltr'><strong>τε</strong></span> 
     </span>
    </p>
   </div>
   <div class='ocr_carea' id='block_1_6' title="bbox 534 515 814 575">
    <p class='ocr_par' dir='ltr' id='par_1_6' title="bbox 534 515 814 575">
     <span class='ocr_line' id='line_1_6' title="bbox 534 515 814 575; baseline 0.014 -20"><span class='ocrx_word' id='word_1_17' title='bbox 534 515 814 575; x_wconf 85' lang='lat' dir='ltr'><strong>cogentur.</strong></span> 
     </span>
    </p>
   </div>
   <div class='ocr_carea' id='block_1_7' title="bbox 2204 515 3753 593">
    <p class='ocr_par' dir='ltr' id='par_1_7' title="bbox 2204 515 3753 593">
     <span class='ocr_line' id='line_1_7' title="bbox 2204 515 3753 593; baseline 0 -20"><span class='ocrx_word' id='word_1_18' title='bbox 2204 520 2367 575; x_wconf 85' lang='grc' dir='ltr'>αὐτοῦ</span> <span class='ocrx_word' id='word_1_19' title='bbox 2425 522 2518 575; x_wconf 74' lang='grc' dir='ltr'>καὶ</span> <span class='ocrx_word' id='word_1_20' title='bbox 2572 520 2707 592; x_wconf 84' lang='grc' dir='ltr'>πρὸς</span> <span class='ocrx_word' id='word_1_21' title='bbox 2759 522 3117 593; x_wconf 78' lang='grc' dir='ltr'><strong>μεταμέλειαν</strong></span> <span class='ocrx_word' id='word_1_22' title='bbox 3180 522 3340 577; x_wconf 86' lang='grc' dir='ltr'>ἰδεῖν·</span> <span class='ocrx_word' id='word_1_23' title='bbox 3400 522 3540 592; x_wconf 77' lang='grc' dir='ltr'>ὑπὲρ</span> <span class='ocrx_word' id='word_1_24' title='bbox 3580 515 3657 575; x_wconf 81' lang='grc' dir='ltr'>ὧν</span> <span class='ocrx_word' id='word_1_25' title='bbox 3695 520 3753 591; x_wconf 71' lang='grc' dir='ltr'>δὴ</span> 
     </span>
    </p>
   </div>
   <div class='ocr_carea' id='block_1_8' title="bbox 535 593 3753 683">
    <p class='ocr_par' dir='ltr' id='par_1_8' title="bbox 535 593 3753 683">
     <span class='ocr_line' id='line_1_8' title="bbox 535 593 3753 683; baseline 0.006 -35"><span class='ocrx_word' id='word_1_26' title='bbox 535 593 848 665; x_wconf 78' lang='grc' dir='ltr'><strong>ληφθέντες,</strong></span> <span class='ocrx_word' id='word_1_27' title='bbox 882 597 1210 667; x_wconf 76' lang='grc' dir='ltr'>αἰχμάλωτοι</span> <span class='ocrx_word' id='word_1_28' title='bbox 1240 598 1389 669; x_wconf 85' lang='grc' dir='ltr'><strong>παρά</strong></span> <span class='ocrx_word' id='word_1_29' title='bbox 1418 602 1531 663; x_wconf 86' lang='grc' dir='ltr'>τοῖς</span> <span class='ocrx_word' id='word_1_30' title='bbox 1564 601 1860 674; x_wconf 82' lang='grc' dir='ltr'>ἀλλοτρίοις</span> <span class='ocrx_word' id='word_1_31' title='bbox 1888 605 2097 662; x_wconf 74' lang='grc' dir='ltr'>ἔσονται</span> <span class='ocrx_word' id='word_1_32' title='bbox 2118 650 2133 675; x_wconf 90' lang='grc'><strong>,</strong></span> <span class='ocrx_word' id='word_1_33' title='bbox 2175 612 2299 682; x_wconf 77' lang='grc' dir='ltr'>τῇδε</span> <span class='ocrx_word' id='word_1_34' title='bbox 2348 614 2569 667; x_wconf 85' lang='grc' dir='ltr'>κάκεῖσε</span> <span class='ocrx_word' id='word_1_35' title='bbox 2611 613 2894 683; x_wconf 81' lang='grc' dir='ltr'>περιάγειν</span> <span class='ocrx_word' id='word_1_36' title='bbox 2930 631 2991 667; x_wconf 89' lang='grc' dir='ltr'><strong>τε</strong></span> <span class='ocrx_word' id='word_1_37' title='bbox 3036 614 3128 668; x_wconf 81' lang='grc' dir='ltr'>καὶ</span> <span class='ocrx_word' id='word_1_38' title='bbox 3163 613 3466 668; x_wconf 75' lang='grc' dir='ltr'>πλανᾶσθαι</span> <span class='ocrx_word' id='word_1_39' title='bbox 3511 614 3616 668; x_wconf 76' lang='grc' dir='ltr'><strong>ὑπὸ</strong></span> <span class='ocrx_word' id='word_1_40' title='bbox 3660 613 3753 683; x_wconf 82' lang='grc' dir='ltr'>τῆς</span> 
     </span>
    </p>
   </div>
   <div class='ocr_carea' id='block_1_9' title="bbox 530 689 1357 763">
    <p class='ocr_par' dir='ltr' id='par_1_9' title="bbox 530 689 1357 763">
     <span class='ocr_line' id='line_1_9' title="bbox 530 689 1357 763; baseline -0.002 -17"><span class='ocrx_word' id='word_1_41' title='bbox 530 689 672 758; x_wconf 79' lang='grc' dir='ltr'>ἄγαν</span> <span class='ocrx_word' id='word_1_42' title='bbox 704 690 909 753; x_wconf 79' lang='grc' dir='ltr'>ἐνδείας</span> <span class='ocrx_word' id='word_1_43' title='bbox 938 691 1357 763; x_wconf 84' lang='grc' dir='ltr'>ἠναγκασμένοι.</span> 
     </span>
    </p>
   </div>
   <div class='ocr_carea' id='block_1_10' title="bbox 1194 823 1453 878">
    <p class='ocr_par' dir='ltr' id='par_1_10' title="bbox 1194 823 1453 878">
     <span class='ocr_line' id='line_1_10' title="bbox 1194 823 1453 878; baseline 0.004 -1"><span class='ocrx_word' id='word_1_44' title='bbox 1194 823 1348 877; x_wconf 85' lang='lat' dir='ltr'><strong>CAP.</strong></span> <span class='ocrx_word' id='word_1_45' title='bbox 1386 823 1453 878; x_wconf 83' lang='grc' dir='ltr'>Χ.</span> 
     </span>
    </p>
   </div>
   <div class='ocr_carea' id='block_1_11' title="bbox 606 930 2103 1005">
    <p class='ocr_par' dir='ltr' id='par_1_11' title="bbox 606 930 2103 1005">
     <span class='ocr_line' id='line_1_11' title="bbox 606 930 2103 1005; baseline 0.009 -21"><span class='ocrx_word' id='word_1_46' title='bbox 606 930 767 987; x_wconf 72' lang='lat' dir='ltr'><strong>Vsus.</strong></span> <span class='ocrx_word' id='word_1_47' title='bbox 818 934 933 986; x_wconf 76' lang='grc'>1-2.</span> <span class='ocrx_word' id='word_1_48' title='bbox 964 962 1032 973; x_wconf 90' lang='lat'><strong>-—-</strong></span> <span class='ocrx_word' id='word_1_49' title='bbox 1062 933 1168 1005; x_wconf 69' lang='grc'><strong>47</strong></span> <span class='ocrx_word' id='word_1_50' title='bbox 1206 952 1224 985; x_wconf 82' lang='grc' dir='ltr'><strong>ι</strong></span> <span class='ocrx_word' id='word_1_51' title='bbox 1260 933 1400 990; x_wconf 81' lang='lat' dir='ltr'><strong>Vitis</strong></span> <span class='ocrx_word' id='word_1_52' title='bbox 1443 935 1699 993; x_wconf 88' lang='lat' dir='ltr'><strong>frondosa</strong></span> <span class='ocrx_word' id='word_1_53' title='bbox 1741 938 1925 995; x_wconf 89' lang='lat' dir='ltr'><strong>lsrael.</strong></span> <span class='ocrx_word' id='word_1_54' title='bbox 1970 961 1990 993; x_wconf 72' lang='grc' dir='ltr'><strong>ι</strong></span> <span class='ocrx_word' id='word_1_55' title='bbox 2022 942 2103 997; x_wconf 89' lang='lat' dir='ltr'><strong>0b</strong></span> 
     </span>
    </p>
   </div>
   <div class='ocr_carea' id='block_1_12' title="bbox 531 1023 2103 1094">
    <p class='ocr_par' dir='ltr' id='par_1_12' title="bbox 531 1023 2103 1094">
     <span class='ocr_line' id='line_1_12' title="bbox 531 1023 2103 1094; baseline 0.008 -18"><span class='ocrx_word' id='word_1_56' title='bbox 531 1023 712 1094; x_wconf 82' lang='lat' dir='ltr'><strong>populi</strong></span> <span class='ocrx_word' id='word_1_57' title='bbox 758 1023 841 1079; x_wconf 88' lang='lat' dir='ltr'><strong>sui</strong></span> <span class='ocrx_word' id='word_1_58' title='bbox 882 1025 1284 1082; x_wconf 91' lang='lat' dir='ltr'><strong>multitudinem</strong></span> <span class='ocrx_word' id='word_1_59' title='bbox 1325 1028 1467 1083; x_wconf 86' lang='lat' dir='ltr'><strong>haud</strong></span> <span class='ocrx_word' id='word_1_60' title='bbox 1494 1036 1578 1085; x_wconf 90' lang='lat' dir='ltr'><strong>est</strong></span> <span class='ocrx_word' id='word_1_61' title='bbox 1615 1030 1897 1088; x_wconf 86' lang='lat' dir='ltr'><strong>dissimilis</strong></span> <span class='ocrx_word' id='word_1_62' title='bbox 1937 1033 2103 1089; x_wconf 85' lang='lat' dir='ltr'><strong>Israel</strong></span> 
     </span>
    </p>
   </div>
   <div class='ocr_carea' id='block_1_13' title="bbox 527 1115 2102 1191">
    <p class='ocr_par' dir='ltr' id='par_1_13' title="bbox 527 1115 2102 1191">
     <span class='ocr_line' id='line_1_13' title="bbox 527 1115 2102 1191; baseline 0.009 -26"><span class='ocrx_word' id='word_1_63' title='bbox 527 1116 625 1168; x_wconf 79' lang='lat' dir='ltr'><strong>viti</strong></span> <span class='ocrx_word' id='word_1_64' title='bbox 650 1115 965 1185; x_wconf 79' lang='lat' dir='ltr'><strong>palmitibus</strong></span> <span class='ocrx_word' id='word_1_65' title='bbox 996 1116 1244 1185; x_wconf 86' lang='lat' dir='ltr'><strong>plurimis</strong></span> <span class='ocrx_word' id='word_1_66' title='bbox 1274 1118 1632 1191; x_wconf 76' lang='lat' dir='ltr'><strong>maximisque</strong></span> <span class='ocrx_word' id='word_1_67' title='bbox 1653 1125 1908 1178; x_wconf 83' lang='lat' dir='ltr'><strong>comanti.</strong></span> <span class='ocrx_word' id='word_1_68' title='bbox 1930 1143 1948 1175; x_wconf 77' lang='grc' dir='ltr'><strong>ι</strong></span> <span class='ocrx_word' id='word_1_69' title='bbox 1971 1123 2102 1179; x_wconf 85' lang='lat' dir='ltr'><strong>Fru-</strong></span> 
     </span>
    </p>
   </div>
   <div class='ocr_carea' id='block_1_14' title="bbox 528 1206 2097 1284">
    <p class='ocr_par' dir='ltr' id='par_1_14' title="bbox 528 1206 2097 1284">
     <span class='ocr_line' id='line_1_14' title="bbox 528 1206 2097 1284; baseline 0.005 -23"><span class='ocrx_word' id='word_1_70' title='bbox 528 1217 651 1261; x_wconf 77' lang='lat' dir='ltr'><strong>ctus</strong></span> <span class='ocrx_word' id='word_1_71' title='bbox 677 1206 796 1275; x_wconf 84' lang='lat' dir='ltr'><strong>ejus</strong></span> <span class='ocrx_word' id='word_1_72' title='bbox 821 1207 1127 1263; x_wconf 88' lang='lat' dir='ltr'><strong>abundans.</strong></span> <span class='ocrx_word' id='word_1_73' title='bbox 1166 1227 1186 1260; x_wconf 83' lang='grc'>›</span> <span class='ocrx_word' id='word_1_74' title='bbox 1212 1208 1496 1266; x_wconf 84' lang='lat' dir='ltr'><strong>Multitudo</strong></span> <span class='ocrx_word' id='word_1_75' title='bbox 1520 1226 1706 1266; x_wconf 90' lang='lat' dir='ltr'><strong>eorum</strong></span> <span class='ocrx_word' id='word_1_76' title='bbox 1734 1214 1975 1284; x_wconf 87' lang='lat' dir='ltr'><strong>quotidie</strong></span> <span class='ocrx_word' id='word_1_77' title='bbox 2000 1231 2097 1269; x_wconf 86' lang='lat' dir='ltr'><strong>au-</strong></span> 
     </span>
    </p>
   </div>
   <div class='ocr_carea' id='block_1_15' title="bbox 530 1299 2089 1367">
    <p class='ocr_par' dir='ltr' id='par_1_15' title="bbox 530 1299 2089 1367">
     <span class='ocr_line' id='line_1_15' title="bbox 530 1299 2089 1367; baseline 0.006 -15"><span class='ocrx_word' id='word_1_78' title='bbox 530 1310 706 1367; x_wconf 81' lang='lat' dir='ltr'><strong>getur,</strong></span> <span class='ocrx_word' id='word_1_79' title='bbox 730 1299 913 1355; x_wconf 90' lang='lat' dir='ltr'><strong>multis</strong></span> <span class='ocrx_word' id='word_1_80' title='bbox 933 1299 1056 1355; x_wconf 90' lang='lat' dir='ltr'><strong>inde</strong></span> <span class='ocrx_word' id='word_1_81' title='bbox 1071 1303 1426 1361; x_wconf 87' lang='lat' dir='ltr'><strong>nascentibus</strong></span> <span class='ocrx_word' id='word_1_82' title='bbox 1450 1305 1522 1361; x_wconf 91' lang='lat' dir='ltr'><strong>ob</strong></span> <span class='ocrx_word' id='word_1_83' title='bbox 1541 1306 1739 1360; x_wconf 86' lang='lat' dir='ltr'><strong>lautam</strong></span> <span class='ocrx_word' id='word_1_84' title='bbox 1758 1306 2089 1362; x_wconf 80' lang='lat' dir='ltr'><strong>felicitatem.</strong></span> 
     </span>
    </p>
   </div>
   <div class='ocr_carea' id='block_1_16' title="bbox 534 1380 2093 1466">
    <p class='ocr_par' dir='ltr' id='par_1_16' title="bbox 534 1380 2093 1466">
     <span class='ocr_line' id='line_1_16' title="bbox 534 1380 2093 1466; baseline 0.006 -25"><span class='ocrx_word' id='word_1_85' title='bbox 534 1408 554 1441; x_wconf 76' lang='grc' dir='ltr'><strong>ε</strong></span> <span class='ocrx_word' id='word_1_86' title='bbox 588 1386 753 1445; x_wconf 76' lang='lat' dir='ltr'><strong>Juxta</strong></span> <span class='ocrx_word' id='word_1_87' title='bbox 778 1390 1076 1446; x_wconf 86' lang='lat' dir='ltr'><strong>ubertatem</strong></span> <span class='ocrx_word' id='word_1_88' title='bbox 1108 1380 1381 1448; x_wconf 75' lang='lat' dir='ltr'><strong>fructuum</strong></span> <span class='ocrx_word' id='word_1_89' title='bbox 1407 1410 1631 1450; x_wconf 89' lang='lat' dir='ltr'><strong>suorum</strong></span> <span class='ocrx_word' id='word_1_90' title='bbox 1661 1396 2093 1466; x_wconf 89' lang='lat' dir='ltr'><strong>multiplicaruut</strong></span> 
     </span>
    </p>
   </div>
   <div class='ocr_carea' id='block_1_17' title="bbox 529 1480 2092 1558">
    <p class='ocr_par' dir='ltr' id='par_1_17' title="bbox 529 1480 2092 1558">
     <span class='ocr_line' id='line_1_17' title="bbox 529 1480 2092 1558; baseline 0.006 -25"><span class='ocrx_word' id='word_1_91' title='bbox 529 1481 741 1535; x_wconf 89' lang='lat' dir='ltr'><strong>altaria.</strong></span> <span class='ocrx_word' id='word_1_92' title='bbox 778 1499 797 1533; x_wconf 75' lang='grc' dir='ltr'><strong>ι</strong></span> <span class='ocrx_word' id='word_1_93' title='bbox 829 1480 894 1536; x_wconf 82' lang='lat' dir='ltr'><strong>Hi</strong></span> <span class='ocrx_word' id='word_1_94' title='bbox 918 1489 1097 1537; x_wconf 90' lang='lat' dir='ltr'><strong>tamen</strong></span> <span class='ocrx_word' id='word_1_95' title='bbox 1123 1486 1531 1540; x_wconf 80' lang='lat' dir='ltr'><strong>exuberantiam</strong></span> <span class='ocrx_word' id='word_1_96' title='bbox 1560 1487 1767 1556; x_wconf 86' lang='lat' dir='ltr'><strong>pepuli,</strong></span> <span class='ocrx_word' id='word_1_97' title='bbox 1801 1503 1963 1558; x_wconf 89' lang='lat' dir='ltr'><strong>quam</strong></span> <span class='ocrx_word' id='word_1_98' title='bbox 1999 1487 2092 1543; x_wconf 89' lang='lat' dir='ltr'><strong>Dei</strong></span> 
     </span>
    </p>
   </div>
   <div class='ocr_carea' id='block_1_18' title="bbox 529 1570 2088 1647">
    <p class='ocr_par' dir='ltr' id='par_1_18' title="bbox 529 1570 2088 1647">
     <span class='ocr_line' id='line_1_18' title="bbox 529 1570 2088 1647; baseline 0.004 -22"><span class='ocrx_word' id='word_1_99' title='bbox 529 1570 909 1627; x_wconf 87' lang='lat' dir='ltr'><strong>benedictione</strong></span> <span class='ocrx_word' id='word_1_100' title='bbox 939 1580 1095 1626; x_wconf 88' lang='lat' dir='ltr'><strong>erant</strong></span> <span class='ocrx_word' id='word_1_101' title='bbox 1133 1573 1337 1643; x_wconf 89' lang='lat' dir='ltr'><strong>adepti,</strong></span> <span class='ocrx_word' id='word_1_102' title='bbox 1378 1577 1711 1631; x_wconf 85' lang='lat' dir='ltr'><strong>remunerati</strong></span> <span class='ocrx_word' id='word_1_103' title='bbox 1743 1584 1870 1630; x_wconf 91' lang='lat' dir='ltr'><strong>sunt</strong></span> <span class='ocrx_word' id='word_1_104' title='bbox 1897 1577 2088 1647; x_wconf 87' lang='lat' dir='ltr'><strong>grandi</strong></span> 
     </span>
    </p>
   </div>
   <div class='ocr_carea' id='block_1_19' title="bbox 526 1663 2087 1739">
    <p class='ocr_par' dir='ltr' id='par_1_19' title="bbox 526 1663 2087 1739">
     <span class='ocr_line' id='line_1_19' title="bbox 526 1663 2087 1739; baseline 0.003 -22"><span class='ocrx_word' id='word_1_105' title='bbox 526 1663 822 1734; x_wconf 89' lang='lat' dir='ltr'><strong>impietatis</strong></span> <span class='ocrx_word' id='word_1_106' title='bbox 855 1664 1189 1721; x_wconf 89' lang='lat' dir='ltr'><strong>incremento</strong></span> <span class='ocrx_word' id='word_1_107' title='bbox 1226 1685 1240 1721; x_wconf 91' lang='lat'><strong>:</strong></span> <span class='ocrx_word' id='word_1_108' title='bbox 1293 1682 1478 1738; x_wconf 88' lang='lat' dir='ltr'><strong>parem</strong></span> <span class='ocrx_word' id='word_1_109' title='bbox 1517 1669 1659 1724; x_wconf 92' lang='lat' dir='ltr'><strong>enim</strong></span> <span class='ocrx_word' id='word_1_110' title='bbox 1702 1686 1928 1726; x_wconf 88' lang='lat' dir='ltr'><strong>numero</strong></span> <span class='ocrx_word' id='word_1_111' title='bbox 1968 1687 2087 1739; x_wconf 74' lang='lat' dir='ltr'><strong>Stm,</strong></span> 
     </span>
    </p>
   </div>
   <div class='ocr_carea' id='block_1_20' title="bbox 528 1754 2088 1832">
    <p class='ocr_par' dir='ltr' id='par_1_20' title="bbox 528 1754 2088 1832">
     <span class='ocr_line' id='line_1_20' title="bbox 528 1754 2088 1832; baseline 0.006 -24"><span class='ocrx_word' id='word_1_112' title='bbox 528 1755 581 1809; x_wconf 91' lang='lat' dir='ltr'><strong>in</strong></span> <span class='ocrx_word' id='word_1_113' title='bbox 627 1754 891 1810; x_wconf 84' lang='lat' dir='ltr'><strong>idolorum</strong></span> <span class='ocrx_word' id='word_1_114' title='bbox 948 1756 1208 1812; x_wconf 90' lang='lat' dir='ltr'><strong>honorem</strong></span> <span class='ocrx_word' id='word_1_115' title='bbox 1255 1758 1510 1814; x_wconf 89' lang='lat' dir='ltr'><strong>altarium</strong></span> <span class='ocrx_word' id='word_1_116' title='bbox 1543 1761 1754 1832; x_wconf 83' lang='lat' dir='ltr'><strong>capiam</strong></span> <span class='ocrx_word' id='word_1_117' title='bbox 1801 1769 2088 1817; x_wconf 76' lang='lat' dir='ltr'><strong>exstruxe-</strong></span> 
     </span>
    </p>
   </div>
   <div class='ocr_carea' id='block_1_21' title="bbox 2859 830 3109 886">
    <p class='ocr_par' dir='ltr' id='par_1_21' title="bbox 2859 830 3109 886">
     <span class='ocr_line' id='line_1_21' title="bbox 2859 830 3109 886; baseline 0.004 -2"><span class='ocrx_word' id='word_1_118' title='bbox 2859 830 3013 886; x_wconf 78' lang='grc' dir='ltr'>ΚΕΦ.</span> <span class='ocrx_word' id='word_1_119' title='bbox 3055 833 3109 885; x_wconf 87' lang='lat' dir='ltr'><strong>l&#39;.</strong></span> 
     </span>
    </p>
   </div>
   <div class='ocr_carea' id='block_1_22' title="bbox 2270 942 3747 1016">
    <p class='ocr_par' dir='ltr' id='par_1_22' title="bbox 2270 942 3747 1016">
     <span class='ocr_line' id='line_1_22' title="bbox 2270 942 3747 1016; baseline 0.003 -21"><span class='ocrx_word' id='word_1_120' title='bbox 2270 944 2413 1013; x_wconf 88' lang='grc' dir='ltr'>Στίχ.</span> <span class='ocrx_word' id='word_1_121' title='bbox 2448 944 2663 1014; x_wconf 80' lang='grc' dir='ltr'>α’-β’.-</span> <span class='ocrx_word' id='word_1_122' title='bbox 2682 962 2699 994; x_wconf 78' lang='grc' dir='ltr'><strong>ι</strong></span> <span class='ocrx_word' id='word_1_123' title='bbox 2731 944 2794 995; x_wconf 67' lang='grc' dir='ltr'>Ἀ</span> <span class='ocrx_word' id='word_1_124' title='bbox 2806 943 3006 1013; x_wconf 90' lang='grc' dir='ltr'>μπελος</span> <span class='ocrx_word' id='word_1_125' title='bbox 3028 942 3445 1014; x_wconf 76' lang='grc' dir='ltr'>εὐκληματοῦσα</span> <span class='ocrx_word' id='word_1_126' title='bbox 3473 945 3705 1016; x_wconf 84' lang='grc' dir='ltr'>Ἰσραήλ.</span> <span class='ocrx_word' id='word_1_127' title='bbox 3730 966 3747 999; x_wconf 74' lang='grc' dir='ltr'><strong>ι</strong></span> 
     </span>
    </p>
   </div>
   <div class='ocr_carea' id='block_1_23' title="bbox 2199 1033 3753 1108">
    <p class='ocr_par' dir='ltr' id='par_1_23' title="bbox 2199 1033 3753 1108">
     <span class='ocr_line' id='line_1_23' title="bbox 2199 1033 3753 1108; baseline 0.001 -20"><span class='ocrx_word' id='word_1_128' title='bbox 2199 1034 2524 1106; x_wconf 87' lang='grc' dir='ltr'>Διήλλαττεν</span> <span class='ocrx_word' id='word_1_129' title='bbox 2582 1033 2734 1088; x_wconf 82' lang='grc' dir='ltr'>οὐδὲν</span> <span class='ocrx_word' id='word_1_130' title='bbox 2794 1034 2822 1086; x_wconf 86' lang='grc' dir='ltr'><strong>ὁ</strong></span> <span class='ocrx_word' id='word_1_131' title='bbox 2890 1035 3104 1107; x_wconf 81' lang='grc' dir='ltr'>Ἰσραὴλ</span> <span class='ocrx_word' id='word_1_132' title='bbox 3150 1035 3227 1103; x_wconf 83' lang='grc' dir='ltr'>τῷ</span> <span class='ocrx_word' id='word_1_133' title='bbox 3277 1036 3473 1107; x_wconf 87' lang='grc' dir='ltr'>πλήθει</span> <span class='ocrx_word' id='word_1_134' title='bbox 3519 1036 3753 1108; x_wconf 76' lang='grc' dir='ltr'>κλήμασι</span> 
     </span>
    </p>
   </div>
   <div class='ocr_carea' id='block_1_24' title="bbox 2202 1126 3757 1198">
    <p class='ocr_par' dir='ltr' id='par_1_24' title="bbox 2202 1126 3757 1198">
     <span class='ocr_line' id='line_1_24' title="bbox 2202 1126 3757 1198; baseline 0.003 -19"><span class='ocrx_word' id='word_1_135' title='bbox 2202 1126 2471 1190; x_wconf 79' lang='grc' dir='ltr'>πλείστοις</span> <span class='ocrx_word' id='word_1_136' title='bbox 2513 1143 2573 1179; x_wconf 91' lang='grc' dir='ltr'><strong>τε</strong></span> <span class='ocrx_word' id='word_1_137' title='bbox 2603 1126 2697 1179; x_wconf 74' lang='grc' dir='ltr'>καὶ</span> <span class='ocrx_word' id='word_1_138' title='bbox 2737 1126 3013 1196; x_wconf 84' lang='grc' dir='ltr'>μεγίστοις</span> <span class='ocrx_word' id='word_1_139' title='bbox 3040 1126 3297 1197; x_wconf 83' lang='grc' dir='ltr'>κομώσης</span> <span class='ocrx_word' id='word_1_140' title='bbox 3324 1127 3591 1198; x_wconf 83' lang='grc' dir='ltr'><strong>ἀμπέλου.</strong></span> <span class='ocrx_word' id='word_1_141' title='bbox 3630 1147 3648 1179; x_wconf 80' lang='grc' dir='ltr'><strong>ι</strong></span> <span class='ocrx_word' id='word_1_142' title='bbox 3698 1128 3757 1183; x_wconf 85' lang='lat'><strong>&#39;0</strong></span> 
     </span>
    </p>
   </div>
   <div class='ocr_carea' id='block_1_25' title="bbox 2202 1217 3756 1291">
    <p class='ocr_par' dir='ltr' id='par_1_25' title="bbox 2202 1217 3756 1291">
     <span class='ocr_line' id='line_1_25' title="bbox 2202 1217 3756 1291; baseline 0.002 -20"><span class='ocrx_word' id='word_1_143' title='bbox 2202 1218 2415 1291; x_wconf 80' lang='grc' dir='ltr'>καρπὸς</span> <span class='ocrx_word' id='word_1_144' title='bbox 2447 1217 2687 1286; x_wconf 80' lang='grc' dir='ltr'>εὐθηνῶν</span> <span class='ocrx_word' id='word_1_145' title='bbox 2714 1217 2901 1286; x_wconf 85' lang='grc' dir='ltr'>αὐτῆς.</span> <span class='ocrx_word' id='word_1_146' title='bbox 2944 1237 2963 1270; x_wconf 73' lang='grc' dir='ltr'><strong>ι</strong></span> <span class='ocrx_word' id='word_1_147' title='bbox 2995 1218 3104 1272; x_wconf 72' lang='grc' dir='ltr'><strong>Καὶ</strong></span> <span class='ocrx_word' id='word_1_148' title='bbox 3137 1218 3447 1272; x_wconf 76' lang='grc' dir='ltr'>ἐπεδίδοσαν</span> <span class='ocrx_word' id='word_1_149' title='bbox 3478 1219 3602 1273; x_wconf 79' lang='grc' dir='ltr'>καθ’</span> <span class='ocrx_word' id='word_1_150' title='bbox 3633 1220 3756 1274; x_wconf 79' lang='grc' dir='ltr'>ἐκά-</span> 
     </span>
    </p>
   </div>
   <div class='ocr_carea' id='block_1_26' title="bbox 2199 1309 3758 1382">
    <p class='ocr_par' dir='ltr' id='par_1_26' title="bbox 2199 1309 3758 1382">
     <span class='ocr_line' id='line_1_26' title="bbox 2199 1309 3758 1382; baseline 0.003 -21"><span class='ocrx_word' id='word_1_151' title='bbox 2199 1326 2331 1379; x_wconf 90' lang='grc' dir='ltr'>στην</span> <span class='ocrx_word' id='word_1_152' title='bbox 2357 1309 2568 1380; x_wconf 81' lang='grc' dir='ltr'>ἡμέραν</span> <span class='ocrx_word' id='word_1_153' title='bbox 2599 1311 2679 1372; x_wconf 87' lang='grc' dir='ltr'><strong>είς</strong></span> <span class='ocrx_word' id='word_1_154' title='bbox 2719 1309 2939 1380; x_wconf 84' lang='grc' dir='ltr'>πλῆθος,</span> <span class='ocrx_word' id='word_1_155' title='bbox 2971 1310 3047 1382; x_wconf 87' lang='lat' dir='ltr'><strong>(p.</strong></span> <span class='ocrx_word' id='word_1_156' title='bbox 3097 1310 3184 1379; x_wconf 75' lang='lat'><strong>72)</strong></span> <span class='ocrx_word' id='word_1_157' title='bbox 3218 1310 3425 1365; x_wconf 84' lang='grc' dir='ltr'>πολλῶν</span> <span class='ocrx_word' id='word_1_158' title='bbox 3452 1310 3621 1365; x_wconf 77' lang='grc' dir='ltr'>ὄντων</span> <span class='ocrx_word' id='word_1_159' title='bbox 3650 1312 3758 1365; x_wconf 89' lang='grc' dir='ltr'><strong>τῶν</strong></span> 
     </span>
    </p>
   </div>
   <div class='ocr_carea' id='block_1_27' title="bbox 2196 1397 3755 1471">
    <p class='ocr_par' dir='ltr' id='par_1_27' title="bbox 2196 1397 3755 1471">
     <span class='ocr_line' id='line_1_27' title="bbox 2196 1397 3755 1471; baseline 0.003 -19"><span class='ocrx_word' id='word_1_160' title='bbox 2196 1397 2257 1462; x_wconf 80' lang='grc' dir='ltr'>ἐξ</span> <span class='ocrx_word' id='word_1_161' title='bbox 2288 1399 2466 1452; x_wconf 81' lang='grc' dir='ltr'>αὐτῶν</span> <span class='ocrx_word' id='word_1_162' title='bbox 2503 1400 2835 1470; x_wconf 80' lang='grc' dir='ltr'>τικτομένων</span> <span class='ocrx_word' id='word_1_163' title='bbox 2876 1400 2965 1454; x_wconf 84' lang='grc' dir='ltr'>διὰ</span> <span class='ocrx_word' id='word_1_164' title='bbox 2998 1402 3095 1471; x_wconf 85' lang='grc' dir='ltr'>τὴν</span> <span class='ocrx_word' id='word_1_165' title='bbox 3130 1401 3434 1471; x_wconf 89' lang='grc' dir='ltr'>προσοῦσαν</span> <span class='ocrx_word' id='word_1_166' title='bbox 3464 1403 3646 1467; x_wconf 77' lang='grc' dir='ltr'>αὐτοῖς</span> <span class='ocrx_word' id='word_1_167' title='bbox 3671 1404 3755 1456; x_wconf 72' lang='grc' dir='ltr'><strong>εὑ⁴</strong></span> 
     </span>
    </p>
   </div>
   <div class='ocr_carea' id='block_1_28' title="bbox 2195 1490 3747 1564">
    <p class='ocr_par' dir='ltr' id='par_1_28' title="bbox 2195 1490 3747 1564">
     <span class='ocr_line' id='line_1_28' title="bbox 2195 1490 3747 1564; baseline 0.004 -22"><span class='ocrx_word' id='word_1_168' title='bbox 2195 1490 2455 1561; x_wconf 84' lang='grc' dir='ltr'>πραγίαν.</span> <span class='ocrx_word' id='word_1_169' title='bbox 2486 1509 2504 1541; x_wconf 75' lang='grc' dir='ltr'><strong>ι</strong></span> <span class='ocrx_word' id='word_1_170' title='bbox 2534 1490 2690 1544; x_wconf 84' lang='grc' dir='ltr'>Κατά</span> <span class='ocrx_word' id='word_1_171' title='bbox 2710 1490 2773 1544; x_wconf 81' lang='grc' dir='ltr'>τὸ</span> <span class='ocrx_word' id='word_1_172' title='bbox 2802 1490 3000 1562; x_wconf 83' lang='grc' dir='ltr'>πλῆθος</span> <span class='ocrx_word' id='word_1_173' title='bbox 3019 1492 3124 1546; x_wconf 88' lang='grc' dir='ltr'><strong>τῶν</strong></span> <span class='ocrx_word' id='word_1_174' title='bbox 3140 1492 3366 1564; x_wconf 82' lang='grc' dir='ltr'>καρπῶν</span> <span class='ocrx_word' id='word_1_175' title='bbox 3382 1494 3565 1557; x_wconf 78' lang='grc' dir='ltr'>αὐτοῦ,</span> <span class='ocrx_word' id='word_1_176' title='bbox 3592 1495 3747 1564; x_wconf 83' lang='grc' dir='ltr'>ἐπλή-</span> 
     </span>
    </p>
   </div>
   <div class='ocr_carea' id='block_1_29' title="bbox 2194 1578 3758 1655">
    <p class='ocr_par' dir='ltr' id='par_1_29' title="bbox 2194 1578 3758 1655">
     <span class='ocr_line' id='line_1_29' title="bbox 2194 1578 3758 1655; baseline 0.003 -22"><span class='ocrx_word' id='word_1_177' title='bbox 2194 1578 2350 1634; x_wconf 88' lang='grc' dir='ltr'>θυνεν</span> <span class='ocrx_word' id='word_1_178' title='bbox 2380 1579 2757 1652; x_wconf 86' lang='grc' dir='ltr'>θυσιαστήρια.</span> <span class='ocrx_word' id='word_1_179' title='bbox 2791 1601 2810 1633; x_wconf 72' lang='grc' dir='ltr'><strong>ι</strong></span> <span class='ocrx_word' id='word_1_180' title='bbox 2838 1583 2901 1634; x_wconf 84' lang='grc' dir='ltr'><strong>Οἱ</strong></span> <span class='ocrx_word' id='word_1_181' title='bbox 2920 1581 2975 1635; x_wconf 79' lang='grc' dir='ltr'>δὲ</span> <span class='ocrx_word' id='word_1_182' title='bbox 3000 1582 3097 1654; x_wconf 79' lang='grc' dir='ltr'>τὴν</span> <span class='ocrx_word' id='word_1_183' title='bbox 3115 1583 3506 1653; x_wconf 79' lang='grc' dir='ltr'>πολυπληθίαν,</span> <span class='ocrx_word' id='word_1_184' title='bbox 3535 1585 3598 1637; x_wconf 87' lang='grc' dir='ltr'><strong>ἐν</strong></span> <span class='ocrx_word' id='word_1_185' title='bbox 3613 1578 3758 1655; x_wconf 75' lang='grc' dir='ltr'>ᾗπερ</span> 
     </span>
    </p>
   </div>
   <div class='ocr_carea' id='block_1_30' title="bbox 2193 1668 3760 1741">
    <p class='ocr_par' dir='ltr' id='par_1_30' title="bbox 2193 1668 3760 1741">
     <span class='ocr_line' id='line_1_30' title="bbox 2193 1668 3760 1741; baseline 0.002 -20"><span class='ocrx_word' id='word_1_186' title='bbox 2193 1668 2280 1722; x_wconf 84' lang='grc' dir='ltr'><strong>διὰ</strong></span> <span class='ocrx_word' id='word_1_187' title='bbox 2322 1670 2421 1741; x_wconf 84' lang='grc' dir='ltr'>τῆς</span> <span class='ocrx_word' id='word_1_188' title='bbox 2466 1669 2714 1738; x_wconf 75' lang='grc' dir='ltr'>εὐλογίας</span> <span class='ocrx_word' id='word_1_189' title='bbox 2745 1669 3069 1724; x_wconf 85' lang='grc' dir='ltr'>καθίσταντο</span> <span class='ocrx_word' id='word_1_190' title='bbox 3117 1669 3213 1723; x_wconf 91' lang='grc' dir='ltr'><strong>τοῦ</strong></span> <span class='ocrx_word' id='word_1_191' title='bbox 3258 1669 3417 1737; x_wconf 87' lang='grc' dir='ltr'>Θεοῦ,</span> <span class='ocrx_word' id='word_1_192' title='bbox 3447 1671 3760 1741; x_wconf 48' lang='grc' dir='ltr'>κὴμείϐοντο</span> 
     </span>
    </p>
   </div>
   <div class='ocr_carea' id='block_1_31' title="bbox 2193 1758 3764 1834">
    <p class='ocr_par' dir='ltr' id='par_1_31' title="bbox 2193 1758 3764 1834">
     <span class='ocr_line' id='line_1_31' title="bbox 2193 1758 3764 1834; baseline 0.003 -21"><span class='ocrx_word' id='word_1_193' title='bbox 2193 1758 2447 1823; x_wconf 84' lang='grc' dir='ltr'>ἀσεϐείας</span> <span class='ocrx_word' id='word_1_194' title='bbox 2479 1760 2723 1815; x_wconf 77' lang='grc' dir='ltr'>ἐπιτάσει</span> <span class='ocrx_word' id='word_1_195' title='bbox 2750 1760 2917 1831; x_wconf 76' lang='grc' dir='ltr'>πολλῇ</span> <span class='ocrx_word' id='word_1_196' title='bbox 2936 1777 2950 1792; x_wconf 75' lang='grc'><strong><em>⁸</em></strong></span> <span class='ocrx_word' id='word_1_197' title='bbox 2976 1760 3241 1830; x_wconf 82' lang='grc' dir='ltr'>ἀνάλογον</span> <span class='ocrx_word' id='word_1_198' title='bbox 3264 1762 3373 1833; x_wconf 84' lang='grc' dir='ltr'><strong>γὰρ</strong></span> <span class='ocrx_word' id='word_1_199' title='bbox 3398 1762 3492 1816; x_wconf 89' lang='grc' dir='ltr'><strong>τοῦ</strong></span> <span class='ocrx_word' id='word_1_200' title='bbox 3523 1763 3764 1834; x_wconf 82' lang='grc' dir='ltr'>ἀριθμοῦ</span> 
     </span>
    </p>
   </div>
   <div class='ocr_carea' id='block_1_32' title="bbox 525 1844 2087 1922">
    <p class='ocr_par' dir='ltr' id='par_1_32' title="bbox 525 1844 2087 1915">
     <span class='ocr_line' id='line_1_32' title="bbox 525 1844 2087 1915; baseline 0.006 -17"><span class='ocrx_word' id='word_1_201' title='bbox 525 1853 675 1899; x_wconf 91' lang='lat' dir='ltr'><strong>runt.</strong></span> <span class='ocrx_word' id='word_1_202' title='bbox 706 1863 725 1895; x_wconf 73' lang='grc' dir='ltr'><strong>ι</strong></span> <span class='ocrx_word' id='word_1_203' title='bbox 767 1844 912 1912; x_wconf 87' lang='lat' dir='ltr'><strong>Quot</strong></span> <span class='ocrx_word' id='word_1_204' title='bbox 938 1855 1095 1901; x_wconf 84' lang='lat' dir='ltr'><strong>erant</strong></span> <span class='ocrx_word' id='word_1_205' title='bbox 1119 1856 1280 1905; x_wconf 62' lang='lat' dir='ltr'><strong>terra:</strong></span> <span class='ocrx_word' id='word_1_206' title='bbox 1306 1865 1418 1905; x_wconf 59' lang='lat' dir='ltr'><strong>sua?</strong></span> <span class='ocrx_word' id='word_1_207' title='bbox 1447 1850 1611 1915; x_wconf 88' lang='lat' dir='ltr'><strong>bona,</strong></span> <span class='ocrx_word' id='word_1_208' title='bbox 1644 1851 1865 1907; x_wconf 89' lang='lat' dir='ltr'><strong>totidem</strong></span> <span class='ocrx_word' id='word_1_209' title='bbox 1901 1854 2087 1908; x_wconf 89' lang='lat' dir='ltr'><strong>statuit</strong></span> 
     </span>
    </p>
   </div>
   <div class='ocr_carea' id='block_1_33' title="bbox 2190 1844 3761 1922">
    <p class='ocr_par' dir='ltr' id='par_1_33' title="bbox 2190 1849 3761 1922">
     <span class='ocr_line' id='line_1_33' title="bbox 2190 1849 3761 1922; baseline 0.004 -20"><span class='ocrx_word' id='word_1_210' title='bbox 2190 1849 2283 1903; x_wconf 87' lang='grc' dir='ltr'><strong>τοῦ</strong></span> <span class='ocrx_word' id='word_1_211' title='bbox 2334 1850 2557 1914; x_wconf 89' lang='grc' dir='ltr'>οἰκείου,</span> <span class='ocrx_word' id='word_1_212' title='bbox 2593 1850 2685 1903; x_wconf 72' lang='grc' dir='ltr'><strong>ἐπὶ</strong></span> <span class='ocrx_word' id='word_1_213' title='bbox 2727 1852 2860 1922; x_wconf 78' lang='grc' dir='ltr'>τιμῇ</span> <span class='ocrx_word' id='word_1_214' title='bbox 2899 1852 3011 1904; x_wconf 88' lang='grc' dir='ltr'><strong>τῶν</strong></span> <span class='ocrx_word' id='word_1_215' title='bbox 3044 1850 3275 1906; x_wconf 77' lang='grc' dir='ltr'>εἰδώλων</span> <span class='ocrx_word' id='word_1_216' title='bbox 3308 1852 3541 1909; x_wconf 86' lang='grc' dir='ltr'>ἀνίστων</span> <span class='ocrx_word' id='word_1_217' title='bbox 3576 1855 3761 1908; x_wconf 78' lang='grc' dir='ltr'>θυσια-</span> 
     </span>
    </p>
   </div>
   <div class='ocr_carea' id='block_1_34' title="bbox 526 1936 2090 2017">
    <p class='ocr_par' dir='ltr' id='par_1_34' title="bbox 526 1936 2090 2017">
     <span class='ocr_line' id='line_1_34' title="bbox 526 1936 2090 2017; baseline 0.003 -24"><span class='ocrx_word' id='word_1_218' title='bbox 526 1936 838 1993; x_wconf 85' lang='lat' dir='ltr'><strong>simulacra.</strong></span> <span class='ocrx_word' id='word_1_219' title='bbox 875 1956 894 1990; x_wconf 74' lang='grc' dir='ltr'><strong>ι</strong></span> <span class='ocrx_word' id='word_1_220' title='bbox 940 1936 1125 1994; x_wconf 78' lang='lat' dir='ltr'><strong>Multis</strong></span> <span class='ocrx_word' id='word_1_221' title='bbox 1158 1947 1317 1995; x_wconf 76' lang='lat' dir='ltr'><strong>terra:</strong></span> <span class='ocrx_word' id='word_1_222' title='bbox 1358 1942 1517 1997; x_wconf 86' lang='lat' dir='ltr'><strong>bonis</strong></span> <span class='ocrx_word' id='word_1_223' title='bbox 1561 1941 1824 2009; x_wconf 83' lang='lat' dir='ltr'><strong>fruentes,</strong></span> <span class='ocrx_word' id='word_1_224' title='bbox 1860 1959 1959 2017; x_wconf 88' lang='lat' dir='ltr'><strong>pro</strong></span> <span class='ocrx_word' id='word_1_225' title='bbox 2005 1945 2090 1999; x_wconf 89' lang='lat' dir='ltr'><strong>his</strong></span> 
     </span>
    </p>
   </div>
   <div class='ocr_carea' id='block_1_35' title="bbox 526 2022 2090 2089">
    <p class='ocr_par' dir='ltr' id='par_1_35' title="bbox 526 2022 2090 2089">
     <span class='ocr_line' id='line_1_35' title="bbox 526 2022 2090 2089; baseline 0.004 -6"><span class='ocrx_word' id='word_1_226' title='bbox 526 2028 816 2083; x_wconf 83' lang='lat' dir='ltr'><strong>simulacra</strong></span> <span class='ocrx_word' id='word_1_227' title='bbox 844 2026 1175 2084; x_wconf 88' lang='lat' dir='ltr'><strong>bonorandis</strong></span> <span class='ocrx_word' id='word_1_228' title='bbox 1199 2029 1360 2085; x_wconf 91' lang='lat' dir='ltr'><strong>idolis</strong></span> <span class='ocrx_word' id='word_1_229' title='bbox 1387 2041 1699 2087; x_wconf 79' lang='lat' dir='ltr'><strong>erexerunt.</strong></span> <span class='ocrx_word' id='word_1_230' title='bbox 1735 2051 1753 2084; x_wconf 77' lang='grc' dir='ltr'><strong>ι</strong></span> <span class='ocrx_word' id='word_1_231' title='bbox 1789 2022 1967 2089; x_wconf 84' lang='lat' dir='ltr'><strong>Corda</strong></span> <span class='ocrx_word' id='word_1_232' title='bbox 1992 2049 2090 2089; x_wconf 86' lang='lat' dir='ltr'><strong>sua</strong></span> 
     </span>
    </p>
   </div>
   <div class='ocr_carea' id='block_1_36' title="bbox 526 2115 2094 2193">
    <p class='ocr_par' dir='ltr' id='par_1_36' title="bbox 526 2115 2094 2193">
     <span class='ocr_line' id='line_1_36' title="bbox 526 2115 2094 2193; baseline 0.004 -21"><span class='ocrx_word' id='word_1_233' title='bbox 526 2118 850 2173; x_wconf 87' lang='lat' dir='ltr'><strong>diviserunt.</strong></span> <span class='ocrx_word' id='word_1_234' title='bbox 894 2137 912 2170; x_wconf 71' lang='grc' dir='ltr'><strong>ι</strong></span> <span class='ocrx_word' id='word_1_235' title='bbox 946 2115 1229 2189; x_wconf 87' lang='lat' dir='ltr'><strong>Tantaque</strong></span> <span class='ocrx_word' id='word_1_236' title='bbox 1280 2120 1496 2176; x_wconf 90' lang='lat' dir='ltr'><strong>illorum</strong></span> <span class='ocrx_word' id='word_1_237' title='bbox 1531 2138 1659 2193; x_wconf 85' lang='lat' dir='ltr'><strong>erga</strong></span> <span class='ocrx_word' id='word_1_238' title='bbox 1700 2122 1843 2179; x_wconf 90' lang='lat' dir='ltr'><strong>idola</strong></span> <span class='ocrx_word' id='word_1_239' title='bbox 1886 2125 2094 2180; x_wconf 78' lang='lat' dir='ltr'><strong>exstitit</strong></span> 
     </span>
    </p>
   </div>
   <div class='ocr_carea' id='block_1_37' title="bbox 526 2207 2091 2282">
    <p class='ocr_par' dir='ltr' id='par_1_37' title="bbox 526 2207 2091 2282">
     <span class='ocr_line' id='line_1_37' title="bbox 526 2207 2091 2282; baseline 0.004 -20"><span class='ocrx_word' id='word_1_240' title='bbox 526 2207 830 2263; x_wconf 83' lang='lat' dir='ltr'><strong>devotionis</strong></span> <span class='ocrx_word' id='word_1_241' title='bbox 862 2207 1097 2272; x_wconf 89' lang='lat' dir='ltr'><strong>insania,</strong></span> <span class='ocrx_word' id='word_1_242' title='bbox 1124 2217 1185 2263; x_wconf 84' lang='grc' dir='ltr'><strong>ιιι</strong></span> <span class='ocrx_word' id='word_1_243' title='bbox 1207 2225 1359 2266; x_wconf 89' lang='lat' dir='ltr'><strong>mens</strong></span> <span class='ocrx_word' id='word_1_244' title='bbox 1384 2211 1627 2282; x_wconf 88' lang='lat' dir='ltr'><strong>ipsorum</strong></span> <span class='ocrx_word' id='word_1_245' title='bbox 1652 2213 1799 2269; x_wconf 87' lang='lat' dir='ltr'><strong>circa</strong></span> <span class='ocrx_word' id='word_1_246' title='bbox 1825 2214 2091 2270; x_wconf 86' lang='lat' dir='ltr'><strong>idolorum</strong></span> 
     </span>
    </p>
   </div>
   <div class='ocr_carea' id='block_1_38' title="bbox 526 2299 2093 2369">
    <p class='ocr_par' dir='ltr' id='par_1_38' title="bbox 526 2299 2093 2369">
     <span class='ocr_line' id='line_1_38' title="bbox 526 2299 2093 2369; baseline 0.004 -15"><span class='ocrx_word' id='word_1_247' title='bbox 526 2300 769 2355; x_wconf 90' lang='lat' dir='ltr'><strong>studium</strong></span> <span class='ocrx_word' id='word_1_248' title='bbox 802 2300 956 2354; x_wconf 77' lang='lat' dir='ltr'><strong>varia</strong></span> <span class='ocrx_word' id='word_1_249' title='bbox 986 2299 1173 2366; x_wconf 84' lang='lat' dir='ltr'><strong>fuerit,</strong></span> <span class='ocrx_word' id='word_1_250' title='bbox 1206 2303 1329 2359; x_wconf 87' lang='lat' dir='ltr'><strong>aliis</strong></span> <span class='ocrx_word' id='word_1_251' title='bbox 1357 2304 1494 2369; x_wconf 62' lang='lat' dir='ltr'><strong>lucc,</strong></span> <span class='ocrx_word' id='word_1_252' title='bbox 1539 2306 1659 2360; x_wconf 91' lang='lat' dir='ltr'><strong>aliis</strong></span> <span class='ocrx_word' id='word_1_253' title='bbox 1694 2305 1783 2359; x_wconf 90' lang='lat' dir='ltr'><strong>illa</strong></span> <span class='ocrx_word' id='word_1_254' title='bbox 1813 2307 1953 2361; x_wconf 88' lang='lat' dir='ltr'><strong>idola</strong></span> <span class='ocrx_word' id='word_1_255' title='bbox 1999 2321 2093 2361; x_wconf 88' lang='lat' dir='ltr'><strong>co-</strong></span> 
     </span>
    </p>
   </div>
   <div class='ocr_carea' id='block_1_39' title="bbox 527 2388 2093 2466">
    <p class='ocr_par' dir='ltr' id='par_1_39' title="bbox 527 2388 2093 2466">
     <span class='ocr_line' id='line_1_39' title="bbox 527 2388 2093 2466; baseline 0.006 -24"><span class='ocrx_word' id='word_1_256' title='bbox 527 2388 790 2444; x_wconf 88' lang='lat' dir='ltr'><strong>lentibus.</strong></span> <span class='ocrx_word' id='word_1_257' title='bbox 827 2407 845 2440; x_wconf 79' lang='grc' dir='ltr'><strong>ι</strong></span> <span class='ocrx_word' id='word_1_258' title='bbox 887 2388 1041 2445; x_wconf 85' lang='lat' dir='ltr'><strong>Nunc</strong></span> <span class='ocrx_word' id='word_1_259' title='bbox 1069 2391 1392 2447; x_wconf 84' lang='lat' dir='ltr'><strong>interibunt.</strong></span> <span class='ocrx_word' id='word_1_260' title='bbox 1430 2413 1449 2446; x_wconf 73' lang='grc' dir='ltr'><strong>ι</strong></span> <span class='ocrx_word' id='word_1_261' title='bbox 1485 2393 1696 2449; x_wconf 83' lang='lat' dir='ltr'><strong>Justam</strong></span> <span class='ocrx_word' id='word_1_262' title='bbox 1729 2395 2001 2466; x_wconf 84' lang='lat' dir='ltr'><strong>perferent</strong></span> <span class='ocrx_word' id='word_1_263' title='bbox 2024 2397 2093 2452; x_wconf 87' lang='lat' dir='ltr'><strong>ob</strong></span> 
     </span>
    </p>
   </div>
   <div class='ocr_carea' id='block_1_40' title="bbox 528 2480 2087 2551">
    <p class='ocr_par' dir='ltr' id='par_1_40' title="bbox 528 2480 2087 2551">
     <span class='ocr_line' id='line_1_40' title="bbox 528 2480 2087 2551; baseline 0.001 -17"><span class='ocrx_word' id='word_1_264' title='bbox 528 2481 641 2535; x_wconf 67' lang='lat' dir='ltr'><strong>hmo</strong></span> <span class='ocrx_word' id='word_1_265' title='bbox 674 2480 1029 2550; x_wconf 88' lang='lat' dir='ltr'><strong>punitionem.</strong></span> <span class='ocrx_word' id='word_1_266' title='bbox 1068 2500 1085 2532; x_wconf 78' lang='grc' dir='ltr'><strong>ι</strong></span> <span class='ocrx_word' id='word_1_267' title='bbox 1131 2480 1251 2551; x_wconf 84' lang='lat' dir='ltr'><strong>ipse</strong></span> <span class='ocrx_word' id='word_1_268' title='bbox 1300 2482 1554 2538; x_wconf 78' lang='lat' dir='ltr'><strong>suﬂ‘odiet</strong></span> <span class='ocrx_word' id='word_1_269' title='bbox 1599 2485 1790 2537; x_wconf 89' lang='lat' dir='ltr'><strong>altaria</strong></span> <span class='ocrx_word' id='word_1_270' title='bbox 1819 2499 2028 2540; x_wconf 89' lang='lat' dir='ltr'><strong>eorum.</strong></span> <span class='ocrx_word' id='word_1_271' title='bbox 2068 2503 2087 2535; x_wconf 74' lang='grc' dir='ltr'><strong>ι</strong></span> 
     </span>
    </p>
   </div>
   <div class='ocr_carea' id='block_1_41' title="bbox 525 2571 2094 2641">
    <p class='ocr_par' dir='ltr' id='par_1_41' title="bbox 525 2571 2094 2641">
     <span class='ocr_line' id='line_1_41' title="bbox 525 2571 2094 2641; baseline 0.003 -16"><span class='ocrx_word' id='word_1_272' title='bbox 525 2571 741 2627; x_wconf 81' lang='lat' dir='ltr'><strong>Etenim</strong></span> <span class='ocrx_word' id='word_1_273' title='bbox 770 2575 1045 2641; x_wconf 84' lang='lat' dir='ltr'><strong>neglectus</strong></span> <span class='ocrx_word' id='word_1_274' title='bbox 1089 2573 1156 2626; x_wconf 90' lang='lat' dir='ltr'><strong>ab</strong></span> <span class='ocrx_word' id='word_1_275' title='bbox 1195 2574 1275 2629; x_wconf 90' lang='lat' dir='ltr'><strong>eis</strong></span> <span class='ocrx_word' id='word_1_276' title='bbox 1323 2574 1465 2631; x_wconf 86' lang='lat' dir='ltr'><strong>Deus</strong></span> <span class='ocrx_word' id='word_1_277' title='bbox 1494 2576 1676 2631; x_wconf 88' lang='lat' dir='ltr'><strong>omnia</strong></span> <span class='ocrx_word' id='word_1_278' title='bbox 1714 2576 1828 2631; x_wconf 72' lang='lat' dir='ltr'><strong>haec</strong></span> <span class='ocrx_word' id='word_1_279' title='bbox 1869 2576 2094 2632; x_wconf 89' lang='lat' dir='ltr'><strong>subver-</strong></span> 
     </span>
    </p>
   </div>
   <div class='ocr_carea' id='block_1_42' title="bbox 526 2664 2092 2733">
    <p class='ocr_par' dir='ltr' id='par_1_42' title="bbox 526 2664 2092 2733">
     <span class='ocr_line' id='line_1_42' title="bbox 526 2664 2092 2733; baseline 0.005 -18"><span class='ocrx_word' id='word_1_280' title='bbox 526 2664 685 2719; x_wconf 87' lang='lat' dir='ltr'><strong>tenda</strong></span> <span class='ocrx_word' id='word_1_281' title='bbox 704 2664 934 2727; x_wconf 84' lang='lat' dir='ltr'><strong>curabit,</strong></span> <span class='ocrx_word' id='word_1_282' title='bbox 965 2678 1084 2733; x_wconf 76' lang='lat' dir='ltr'><strong>qua:</strong></span> <span class='ocrx_word' id='word_1_283' title='bbox 1107 2664 1268 2733; x_wconf 86' lang='lat' dir='ltr'><strong>impie</strong></span> <span class='ocrx_word' id='word_1_284' title='bbox 1285 2666 1351 2719; x_wconf 89' lang='lat' dir='ltr'><strong>ad</strong></span> <span class='ocrx_word' id='word_1_285' title='bbox 1384 2666 1650 2722; x_wconf 89' lang='lat' dir='ltr'><strong>idolorum</strong></span> <span class='ocrx_word' id='word_1_286' title='bbox 1679 2669 1884 2724; x_wconf 88' lang='lat' dir='ltr'><strong>cultum</strong></span> <span class='ocrx_word' id='word_1_287' title='bbox 1907 2684 2092 2723; x_wconf 80' lang='lat' dir='ltr'><strong>erexe-</strong></span> 
     </span>
    </p>
   </div>
   <div class='ocr_carea' id='block_1_43' title="bbox 523 2753 2089 2832">
    <p class='ocr_par' dir='ltr' id='par_1_43' title="bbox 523 2753 2089 2832">
     <span class='ocr_line' id='line_1_43' title="bbox 523 2753 2089 2832; baseline 0.003 -24"><span class='ocrx_word' id='word_1_288' title='bbox 523 2765 665 2809; x_wconf 83' lang='lat' dir='ltr'><strong>rant.</strong></span> <span class='ocrx_word' id='word_1_289' title='bbox 710 2772 729 2805; x_wconf 75' lang='grc' dir='ltr'><strong>ι</strong></span> <span class='ocrx_word' id='word_1_290' title='bbox 772 2753 907 2807; x_wconf 86' lang='lat' dir='ltr'><strong>Male</strong></span> <span class='ocrx_word' id='word_1_291' title='bbox 959 2756 1169 2808; x_wconf 84' lang='lat' dir='ltr'><strong>eveniet</strong></span> <span class='ocrx_word' id='word_1_292' title='bbox 1215 2755 1390 2812; x_wconf 85' lang='lat' dir='ltr'><strong>titulis</strong></span> <span class='ocrx_word' id='word_1_293' title='bbox 1443 2772 1655 2813; x_wconf 85' lang='lat' dir='ltr'><strong>eorum.</strong></span> <span class='ocrx_word' id='word_1_294' title='bbox 1690 2779 1709 2812; x_wconf 75' lang='grc' dir='ltr'><strong>ι</strong></span> <span class='ocrx_word' id='word_1_295' title='bbox 1754 2758 1817 2812; x_wconf 88' lang='lat' dir='ltr'><strong>Hi</strong></span> <span class='ocrx_word' id='word_1_296' title='bbox 1873 2775 2089 2832; x_wconf 88' lang='lat' dir='ltr'><strong>quoque</strong></span> 
     </span>
    </p>
   </div>
   <div class='ocr_carea' id='block_1_44' title="bbox 524 2845 1349 2906">
    <p class='ocr_par' dir='ltr' id='par_1_44' title="bbox 524 2845 1349 2906">
     <span class='ocr_line' id='line_1_44' title="bbox 524 2845 1349 2906; baseline 0.004 -4"><span class='ocrx_word' id='word_1_297' title='bbox 524 2855 783 2902; x_wconf 76' lang='lat' dir='ltr'><strong>corruant</strong></span> <span class='ocrx_word' id='word_1_298' title='bbox 812 2846 867 2899; x_wconf 91' lang='lat' dir='ltr'><strong>in</strong></span> <span class='ocrx_word' id='word_1_299' title='bbox 899 2845 1349 2906; x_wconf 86' lang='lat' dir='ltr'><strong>destructionem.</strong></span> 
     </span>
    </p>
   </div>
   <div class='ocr_carea' id='block_1_45' title="bbox 2193 1938 3758 2016">
    <p class='ocr_par' dir='ltr' id='par_1_45' title="bbox 2193 1938 3758 2016">
     <span class='ocr_line' id='line_1_45' title="bbox 2193 1938 3758 2016; baseline 0.004 -23"><span class='ocrx_word' id='word_1_300' title='bbox 2193 1940 2406 2011; x_wconf 86' lang='grc' dir='ltr'>στήρια.</span> <span class='ocrx_word' id='word_1_301' title='bbox 2441 1958 2461 1992; x_wconf 73' lang='grc' dir='ltr'><strong>ι</strong></span> <span class='ocrx_word' id='word_1_302' title='bbox 2496 1940 2651 1993; x_wconf 84' lang='grc' dir='ltr'>Κατὰ</span> <span class='ocrx_word' id='word_1_303' title='bbox 2677 1940 2745 1994; x_wconf 85' lang='grc' dir='ltr'>τὰ</span> <span class='ocrx_word' id='word_1_304' title='bbox 2773 1938 2952 2009; x_wconf 86' lang='grc' dir='ltr'>ἀγαθά</span> <span class='ocrx_word' id='word_1_305' title='bbox 2979 1940 3080 2010; x_wconf 80' lang='grc' dir='ltr'>τῆς</span> <span class='ocrx_word' id='word_1_306' title='bbox 3106 1941 3209 2012; x_wconf 83' lang='grc' dir='ltr'>γῆς</span> <span class='ocrx_word' id='word_1_307' title='bbox 3228 1943 3412 2008; x_wconf 79' lang='grc' dir='ltr'>αὑτοῦ,</span> <span class='ocrx_word' id='word_1_308' title='bbox 3441 1943 3758 2016; x_wconf 83' lang='grc' dir='ltr'>ᾠκοδόμησε</span> 
     </span>
    </p>
   </div>
   <div class='ocr_carea' id='block_1_46' title="bbox 2192 2029 3763 2105">
    <p class='ocr_par' dir='ltr' id='par_1_46' title="bbox 2192 2029 3763 2105">
     <span class='ocr_line' id='line_1_46' title="bbox 2192 2029 3763 2105; baseline 0.002 -21"><span class='ocrx_word' id='word_1_309' title='bbox 2192 2030 2410 2102; x_wconf 80' lang='grc' dir='ltr'>στήλας.</span> <span class='ocrx_word' id='word_1_310' title='bbox 2451 2049 2471 2083; x_wconf 72' lang='grc' dir='ltr'><strong>ι</strong></span> <span class='ocrx_word' id='word_1_311' title='bbox 2512 2030 2623 2084; x_wconf 76' lang='grc' dir='ltr'><strong>Καὶ</strong></span> <span class='ocrx_word' id='word_1_312' title='bbox 2662 2029 2873 2083; x_wconf 85' lang='grc' dir='ltr'>πολλῶν</span> <span class='ocrx_word' id='word_1_313' title='bbox 2906 2029 3272 2094; x_wconf 82' lang='grc' dir='ltr'>ἀπολαύοντες</span> <span class='ocrx_word' id='word_1_314' title='bbox 3300 2031 3408 2086; x_wconf 86' lang='grc' dir='ltr'><strong>τῶν</strong></span> <span class='ocrx_word' id='word_1_315' title='bbox 3440 2033 3505 2087; x_wconf 69' lang='grc' dir='ltr'><strong>ἐκ</strong></span> <span class='ocrx_word' id='word_1_316' title='bbox 3534 2032 3635 2103; x_wconf 84' lang='grc' dir='ltr'>τῆς</span> <span class='ocrx_word' id='word_1_317' title='bbox 3656 2035 3763 2105; x_wconf 77' lang='grc' dir='ltr'>γῆς</span> 
     </span>
    </p>
   </div>
   <div class='ocr_carea' id='block_1_47' title="bbox 2191 2119 3760 2194">
    <p class='ocr_par' dir='ltr' id='par_1_47' title="bbox 2191 2119 3760 2194">
     <span class='ocr_line' id='line_1_47' title="bbox 2191 2119 3760 2194; baseline 0.001 -19"><span class='ocrx_word' id='word_1_318' title='bbox 2191 2121 2429 2191; x_wconf 88' lang='grc' dir='ltr'>ἀγαθῶν,</span> <span class='ocrx_word' id='word_1_319' title='bbox 2471 2122 2667 2192; x_wconf 85' lang='grc' dir='ltr'>στήλας</span> <span class='ocrx_word' id='word_1_320' title='bbox 2696 2121 2811 2174; x_wconf 86' lang='grc' dir='ltr'>ἀντ’</span> <span class='ocrx_word' id='word_1_321' title='bbox 2852 2119 3075 2174; x_wconf 76' lang='grc' dir='ltr'>ἐκείνων</span> <span class='ocrx_word' id='word_1_322' title='bbox 3113 2122 3205 2174; x_wconf 70' lang='grc' dir='ltr'>ἐπὶ</span> <span class='ocrx_word' id='word_1_323' title='bbox 3239 2121 3508 2194; x_wconf 75' lang='grc' dir='ltr'>θεραπείᾳ</span> <span class='ocrx_word' id='word_1_324' title='bbox 3540 2123 3649 2177; x_wconf 90' lang='grc' dir='ltr'><strong>τῶν</strong></span> <span class='ocrx_word' id='word_1_325' title='bbox 3678 2126 3760 2177; x_wconf 60' lang='grc' dir='ltr'>εἰ-</span> 
     </span>
    </p>
   </div>
   <div class='ocr_carea' id='block_1_48' title="bbox 2192 2213 3767 2286">
    <p class='ocr_par' dir='ltr' id='par_1_48' title="bbox 2192 2213 3767 2286">
     <span class='ocr_line' id='line_1_48' title="bbox 2192 2213 3767 2286; baseline 0.001 -18"><span class='ocrx_word' id='word_1_326' title='bbox 2192 2213 2373 2268; x_wconf 85' lang='grc' dir='ltr'>δώλων</span> <span class='ocrx_word' id='word_1_327' title='bbox 2402 2214 2653 2269; x_wconf 85' lang='grc' dir='ltr'>ἀνίστων.</span> <span class='ocrx_word' id='word_1_328' title='bbox 2690 2231 2709 2264; x_wconf 84' lang='lat' dir='ltr'><strong>t</strong></span> <span class='ocrx_word' id='word_1_329' title='bbox 2770 2213 3069 2284; x_wconf 87' lang='grc' dir='ltr'>Ἐμέρισαν</span> <span class='ocrx_word' id='word_1_330' title='bbox 3103 2213 3327 2286; x_wconf 84' lang='grc' dir='ltr'>καρδίας</span> <span class='ocrx_word' id='word_1_331' title='bbox 3355 2215 3554 2270; x_wconf 85' lang='grc' dir='ltr'>αὐτῶν.</span> <span class='ocrx_word' id='word_1_332' title='bbox 3596 2235 3615 2268; x_wconf 75' lang='grc' dir='ltr'><strong>ι</strong></span> <span class='ocrx_word' id='word_1_333' title='bbox 3647 2216 3767 2269; x_wconf 63' lang='lat' dir='ltr'><strong>Kal</strong></span> 
     </span>
    </p>
   </div>
   <div class='ocr_carea' id='block_1_49' title="bbox 2191 2301 3765 2378">
    <p class='ocr_par' dir='ltr' id='par_1_49' title="bbox 2191 2301 3765 2378">
     <span class='ocr_line' id='line_1_49' title="bbox 2191 2301 3765 2378; baseline 0.001 -20"><span class='ocrx_word' id='word_1_334' title='bbox 2191 2305 2424 2376; x_wconf 83' lang='grc' dir='ltr'>τοσαύτη</span> <span class='ocrx_word' id='word_1_335' title='bbox 2447 2323 2529 2367; x_wconf 86' lang='grc' dir='ltr'><strong>τις</strong></span> <span class='ocrx_word' id='word_1_336' title='bbox 2561 2301 2628 2377; x_wconf 79' lang='grc' dir='ltr'>ἦν</span> <span class='ocrx_word' id='word_1_337' title='bbox 2654 2304 2832 2360; x_wconf 80' lang='grc' dir='ltr'>αὐτῶν</span> <span class='ocrx_word' id='word_1_338' title='bbox 2856 2308 2889 2378; x_wconf 82' lang='grc' dir='ltr'>ἡ</span> <span class='ocrx_word' id='word_1_339' title='bbox 2914 2306 3042 2378; x_wconf 84' lang='grc' dir='ltr'><strong>περί</strong></span> <span class='ocrx_word' id='word_1_340' title='bbox 3066 2306 3134 2360; x_wconf 84' lang='grc' dir='ltr'><strong>τὰ</strong></span> <span class='ocrx_word' id='word_1_341' title='bbox 3167 2306 3359 2360; x_wconf 76' lang='grc' dir='ltr'>εἴδωλα</span> <span class='ocrx_word' id='word_1_342' title='bbox 3392 2306 3579 2377; x_wconf 87' lang='grc' dir='ltr'>μανία,</span> <span class='ocrx_word' id='word_1_343' title='bbox 3616 2306 3765 2360; x_wconf 81' lang='grc' dir='ltr'>ὥστε</span> 
     </span>
    </p>
   </div>
   <div class='ocr_carea' id='block_1_50' title="bbox 2194 2396 3762 2469">
    <p class='ocr_par' dir='ltr' id='par_1_50' title="bbox 2194 2396 3762 2469">
     <span class='ocr_line' id='line_1_50' title="bbox 2194 2396 3762 2469; baseline 0.001 -21"><span class='ocrx_word' id='word_1_344' title='bbox 2194 2396 2514 2467; x_wconf 87' lang='grc' dir='ltr'>διαιρεῖσθαι</span> <span class='ocrx_word' id='word_1_345' title='bbox 2543 2397 2642 2468; x_wconf 83' lang='grc' dir='ltr'>τὴν</span> <span class='ocrx_word' id='word_1_346' title='bbox 2667 2397 2904 2451; x_wconf 86' lang='grc' dir='ltr'>διάνοιαν</span> <span class='ocrx_word' id='word_1_347' title='bbox 2929 2399 3114 2461; x_wconf 77' lang='grc' dir='ltr'>αὐτοῖς</span> <span class='ocrx_word' id='word_1_348' title='bbox 3143 2398 3202 2450; x_wconf 89' lang='grc' dir='ltr'><strong>ἐν</strong></span> <span class='ocrx_word' id='word_1_349' title='bbox 3226 2400 3292 2469; x_wconf 82' lang='grc' dir='ltr'><strong>τῇ</strong></span> <span class='ocrx_word' id='word_1_350' title='bbox 3316 2397 3445 2469; x_wconf 78' lang='grc' dir='ltr'>περὶ</span> <span class='ocrx_word' id='word_1_351' title='bbox 3466 2396 3536 2450; x_wconf 81' lang='grc' dir='ltr'><strong>τὰ</strong></span> <span class='ocrx_word' id='word_1_352' title='bbox 3564 2396 3762 2450; x_wconf 75' lang='grc' dir='ltr'>εἴδωλα</span> 
     </span>
    </p>
   </div>
   <div class='ocr_carea' id='block_1_51' title="bbox 2194 2486 3762 2559">
    <p class='ocr_par' dir='ltr' id='par_1_51' title="bbox 2194 2486 3762 2559">
     <span class='ocr_line' id='line_1_51' title="bbox 2194 2486 3762 2559; baseline -0.001 -20"><span class='ocrx_word' id='word_1_353' title='bbox 2194 2488 2419 2559; x_wconf 79' lang='grc' dir='ltr'>σπουδῇ,</span> <span class='ocrx_word' id='word_1_354' title='bbox 2450 2486 2556 2541; x_wconf 89' lang='grc' dir='ltr'><strong>τῶν</strong></span> <span class='ocrx_word' id='word_1_355' title='bbox 2591 2487 2688 2558; x_wconf 86' lang='grc' dir='ltr'>μὲν</span> <span class='ocrx_word' id='word_1_356' title='bbox 2726 2487 2922 2553; x_wconf 85' lang='grc' dir='ltr'>ταῦτα,</span> <span class='ocrx_word' id='word_1_357' title='bbox 2960 2487 3068 2541; x_wconf 86' lang='grc' dir='ltr'><strong>τῶν</strong></span> <span class='ocrx_word' id='word_1_358' title='bbox 3110 2486 3167 2540; x_wconf 78' lang='grc' dir='ltr'>δὲ</span> <span class='ocrx_word' id='word_1_359' title='bbox 3213 2489 3395 2541; x_wconf 82' lang='grc' dir='ltr'>ἐκεῖνα</span> <span class='ocrx_word' id='word_1_360' title='bbox 3436 2486 3762 2558; x_wconf 74' lang='grc' dir='ltr'>θεραπεύειν</span> 
     </span>
    </p>
   </div>
   <div class='ocr_carea' id='block_1_52' title="bbox 2191 2575 3761 2647">
    <p class='ocr_par' dir='ltr' id='par_1_52' title="bbox 2191 2575 3761 2647">
     <span class='ocr_line' id='line_1_52' title="bbox 2191 2575 3761 2647; baseline 0 -19"><span class='ocrx_word' id='word_1_361' title='bbox 2191 2576 2618 2631; x_wconf 83' lang='grc' dir='ltr'>ἐσπουδακότων.</span> <span class='ocrx_word' id='word_1_362' title='bbox 2642 2596 2661 2629; x_wconf 75' lang='grc' dir='ltr'><strong>ι</strong></span> <span class='ocrx_word' id='word_1_363' title='bbox 2695 2577 2811 2631; x_wconf 87' lang='grc' dir='ltr'><strong>Νῦν</strong></span> <span class='ocrx_word' id='word_1_364' title='bbox 2836 2576 3313 2647; x_wconf 84' lang='grc' dir='ltr'>ἀφανισθήσονται.</span> <span class='ocrx_word' id='word_1_365' title='bbox 3339 2596 3358 2629; x_wconf 74' lang='grc' dir='ltr'><strong>ι</strong></span> <span class='ocrx_word' id='word_1_366' title='bbox 3398 2575 3761 2646; x_wconf 84' lang='grc' dir='ltr'>’Υπομενοῦσι</span> 
     </span>
    </p>
   </div>
   <div class='ocr_carea' id='block_1_53' title="bbox 2190 2666 3759 2740">
    <p class='ocr_par' dir='ltr' id='par_1_53' title="bbox 2190 2666 3759 2740">
     <span class='ocr_line' id='line_1_53' title="bbox 2190 2666 3759 2740; baseline 0 -21"><span class='ocrx_word' id='word_1_367' title='bbox 2190 2666 2247 2720; x_wconf 79' lang='grc' dir='ltr'>δὲ</span> <span class='ocrx_word' id='word_1_368' title='bbox 2272 2667 2484 2722; x_wconf 88' lang='grc' dir='ltr'>δικαίαν</span> <span class='ocrx_word' id='word_1_369' title='bbox 2510 2669 2647 2739; x_wconf 80' lang='grc' dir='ltr'>ὑπὲρ</span> <span class='ocrx_word' id='word_1_370' title='bbox 2692 2670 2894 2723; x_wconf 82' lang='grc' dir='ltr'>τούτων</span> <span class='ocrx_word' id='word_1_371' title='bbox 2922 2668 3018 2740; x_wconf 79' lang='grc' dir='ltr'>τὴν</span> <span class='ocrx_word' id='word_1_372' title='bbox 3054 2668 3350 2722; x_wconf 87' lang='grc' dir='ltr'>ἀπώλειαν.</span> <span class='ocrx_word' id='word_1_373' title='bbox 3397 2686 3417 2720; x_wconf 77' lang='grc' dir='ltr'><strong>ι</strong></span> <span class='ocrx_word' id='word_1_374' title='bbox 3454 2668 3627 2731; x_wconf 77' lang='grc' dir='ltr'>Αὐτὸς</span> <span class='ocrx_word' id='word_1_375' title='bbox 3654 2685 3759 2719; x_wconf 80' lang='grc' dir='ltr'>κα-</span> 
     </span>
    </p>
   </div>
   <div class='ocr_carea' id='block_1_54' title="bbox 2191 2758 3762 2833">
    <p class='ocr_par' dir='ltr' id='par_1_54' title="bbox 2191 2758 3762 2833">
     <span class='ocr_line' id='line_1_54' title="bbox 2191 2758 3762 2833; baseline 0 -22"><span class='ocrx_word' id='word_1_376' title='bbox 2191 2759 2457 2830; x_wconf 78' lang='grc' dir='ltr'>τασκάψει</span> <span class='ocrx_word' id='word_1_377' title='bbox 2489 2760 2558 2814; x_wconf 80' lang='grc' dir='ltr'>τὰ</span> <span class='ocrx_word' id='word_1_378' title='bbox 2588 2760 2946 2833; x_wconf 87' lang='grc' dir='ltr'>θυσιαστήρια</span> <span class='ocrx_word' id='word_1_379' title='bbox 2979 2759 3177 2815; x_wconf 75' lang='grc' dir='ltr'>αὐτῶν.</span> <span class='ocrx_word' id='word_1_380' title='bbox 3217 2778 3236 2812; x_wconf 71' lang='grc' dir='ltr'><strong>ι</strong></span> <span class='ocrx_word' id='word_1_381' title='bbox 3270 2760 3331 2813; x_wconf 84' lang='grc' dir='ltr'><strong>Ὀ</strong></span> <span class='ocrx_word' id='word_1_382' title='bbox 3369 2758 3477 2830; x_wconf 88' lang='grc' dir='ltr'><strong>γάρ</strong></span> <span class='ocrx_word' id='word_1_383' title='bbox 3521 2758 3762 2829; x_wconf 76' lang='grc' dir='ltr'>ἀμελοῦ-</span> 
     </span>
    </p>
   </div>
   <div class='ocr_carea' id='block_1_55' title="bbox 2199 2850 3760 2924">
    <p class='ocr_par' dir='ltr' id='par_1_55' title="bbox 2199 2850 3760 2924">
     <span class='ocr_line' id='line_1_55' title="bbox 2199 2850 3760 2924; baseline 0.001 -21"><span class='ocrx_word' id='word_1_384' title='bbox 2199 2867 2358 2921; x_wconf 89' lang='grc' dir='ltr'>μενος</span> <span class='ocrx_word' id='word_1_385' title='bbox 2379 2855 2507 2924; x_wconf 88' lang='grc' dir='ltr'>παρ’</span> <span class='ocrx_word' id='word_1_386' title='bbox 2530 2852 2708 2908; x_wconf 85' lang='grc' dir='ltr'>αὐτῶν</span> <span class='ocrx_word' id='word_1_387' title='bbox 2739 2853 2891 2916; x_wconf 82' lang='grc' dir='ltr'>Θεὸς,</span> <span class='ocrx_word' id='word_1_388' title='bbox 2923 2852 3087 2915; x_wconf 76' lang='grc' dir='ltr'>αὐτὸς</span> <span class='ocrx_word' id='word_1_389' title='bbox 3114 2851 3426 2923; x_wconf 79' lang='grc' dir='ltr'>ἀνατροπὴν</span> <span class='ocrx_word' id='word_1_390' title='bbox 3461 2850 3760 2922; x_wconf 84' lang='grc' dir='ltr'>ἐργάσεται</span> 
     </span>
    </p>
   </div>
   <div class='ocr_carea' id='block_1_56' title="bbox 521 2940 3762 3022">
    <p class='ocr_par' dir='ltr' id='par_1_56' title="bbox 521 2940 3762 3022">
     <span class='ocr_line' id='line_1_56' title="bbox 521 2940 3762 3022; baseline 0 -27"><span class='ocrx_word' id='word_1_391' title='bbox 521 2943 739 3000; x_wconf 88' lang='grc' dir='ltr'>πάντων</span> <span class='ocrx_word' id='word_1_392' title='bbox 776 2949 1007 3012; x_wconf 83' lang='grc' dir='ltr'>τούτων,</span> <span class='ocrx_word' id='word_1_393' title='bbox 1045 2950 1082 3005; x_wconf 73' lang='grc' dir='ltr'><strong>ἃ</strong></span> <span class='ocrx_word' id='word_1_394' title='bbox 1112 2952 1249 3022; x_wconf 84' lang='grc' dir='ltr'><strong>μετά</strong></span> <span class='ocrx_word' id='word_1_395' title='bbox 1291 2946 1543 3010; x_wconf 83' lang='grc' dir='ltr'>ἀσεϐείας</span> <span class='ocrx_word' id='word_1_396' title='bbox 1580 2945 1671 2998; x_wconf 69' lang='grc' dir='ltr'>ἐπὶ</span> <span class='ocrx_word' id='word_1_397' title='bbox 1702 2947 1769 3016; x_wconf 81' lang='grc' dir='ltr'><strong>τῇ</strong></span> <span class='ocrx_word' id='word_1_398' title='bbox 1812 2944 1920 2997; x_wconf 87' lang='grc' dir='ltr'><strong>τῶν</strong></span> <span class='ocrx_word' id='word_1_399' title='bbox 1957 2940 2186 2996; x_wconf 86' lang='grc' dir='ltr'>εἰδώλων</span> <span class='ocrx_word' id='word_1_400' title='bbox 2235 2943 2463 2999; x_wconf 80' lang='grc' dir='ltr'>ἀνίστων</span> <span class='ocrx_word' id='word_1_401' title='bbox 2515 2944 2800 3016; x_wconf 76' lang='grc' dir='ltr'>θεραπείᾳ.</span> <span class='ocrx_word' id='word_1_402' title='bbox 2852 2962 2871 2997; x_wconf 79' lang='grc' dir='ltr'><strong>ι</strong></span> <span class='ocrx_word' id='word_1_403' title='bbox 2902 2944 3416 3016; x_wconf 81' lang='grc' dir='ltr'>Ταλαιπωρήσουσιν</span> <span class='ocrx_word' id='word_1_404' title='bbox 3456 2945 3515 2997; x_wconf 86' lang='grc' dir='ltr'><strong>αἰ</strong></span> <span class='ocrx_word' id='word_1_405' title='bbox 3561 2942 3762 3013; x_wconf 82' lang='grc' dir='ltr'>στῆλαι</span> 
     </span>
    </p>
   </div>
   <div class='ocr_carea' id='block_1_57' title="bbox 521 3038 2033 3118">
    <p class='ocr_par' dir='ltr' id='par_1_57' title="bbox 521 3038 2033 3118">
     <span class='ocr_line' id='line_1_57' title="bbox 521 3038 2033 3118; baseline 0.003 -27"><span class='ocrx_word' id='word_1_406' title='bbox 521 3038 720 3096; x_wconf 81' lang='grc' dir='ltr'>αὐτῶν.</span> <span class='ocrx_word' id='word_1_407' title='bbox 764 3062 784 3095; x_wconf 70' lang='grc' dir='ltr'><strong>ι</strong></span> <span class='ocrx_word' id='word_1_408' title='bbox 825 3044 1206 3118; x_wconf 84' lang='grc' dir='ltr'>Ἀσθενήσουσι</span> <span class='ocrx_word' id='word_1_409' title='bbox 1239 3046 1296 3099; x_wconf 83' lang='grc' dir='ltr'>δὲ</span> <span class='ocrx_word' id='word_1_410' title='bbox 1325 3045 1575 3098; x_wconf 79' lang='grc' dir='ltr'>κάκεῖναι</span> <span class='ocrx_word' id='word_1_411' title='bbox 1606 3040 2033 3112; x_wconf 87' lang='grc' dir='ltr'>καθαιρεθεῖσαι.</span> 
     </span>
    </p>
   </div>
   <div class='ocr_carea' id='block_1_58' title="bbox 594 3144 2087 3230">
    <p class='ocr_par' dir='ltr' id='par_1_58' title="bbox 594 3154 2083 3230">
     <span class='ocr_line' id='line_1_58' title="bbox 594 3154 2083 3230; baseline 0.003 -21"><span class='ocrx_word' id='word_1_412' title='bbox 594 3154 758 3210; x_wconf 71' lang='lat' dir='ltr'><strong>Vsus.</strong></span> <span class='ocrx_word' id='word_1_413' title='bbox 795 3158 913 3213; x_wconf 77' lang='lat'><strong>3-5.</strong></span> <span class='ocrx_word' id='word_1_414' title='bbox 937 3191 1008 3199; x_wconf 98' lang='lat'><strong>—</strong></span> <span class='ocrx_word' id='word_1_415' title='bbox 1034 3178 1053 3210; x_wconf 86' lang='grc'><strong><em>‹</em></strong></span> <span class='ocrx_word' id='word_1_416' title='bbox 1099 3160 1389 3230; x_wconf 88' lang='lat' dir='ltr'><strong>Pr0pterea</strong></span> <span class='ocrx_word' id='word_1_417' title='bbox 1427 3174 1573 3213; x_wconf 90' lang='lat' dir='ltr'><strong>nunc</strong></span> <span class='ocrx_word' id='word_1_418' title='bbox 1597 3157 1780 3212; x_wconf 91' lang='lat' dir='ltr'><strong>dicent</strong></span> <span class='ocrx_word' id='word_1_419' title='bbox 1806 3176 1818 3210; x_wconf 90' lang='lat'><strong>:</strong></span> <span class='ocrx_word' id='word_1_420' title='bbox 1859 3155 1977 3211; x_wconf 87' lang='lat' dir='ltr'><strong>Non</strong></span> <span class='ocrx_word' id='word_1_421' title='bbox 2001 3168 2083 3213; x_wconf 87' lang='lat' dir='ltr'><strong>est</strong></span> 
     </span>
    </p>
   </div>
   <div class='ocr_carea' id='block_1_59' title="bbox 2190 3144 3762 3230">
    <p class='ocr_par' dir='ltr' id='par_1_59' title="bbox 2255 3146 3762 3223">
     <span class='ocr_line' id='line_1_59' title="bbox 2255 3146 3762 3223; baseline -0.007 -14"><span class='ocrx_word' id='word_1_422' title='bbox 2255 3154 2401 3223; x_wconf 89' lang='grc' dir='ltr'>Στίχ.</span> <span class='ocrx_word' id='word_1_423' title='bbox 2443 3157 2579 3220; x_wconf 89' lang='grc' dir='ltr'>γ’-ε’.</span> <span class='ocrx_word' id='word_1_424' title='bbox 2610 3181 2678 3190; x_wconf 93' lang='lat'><strong>—</strong></span> <span class='ocrx_word' id='word_1_425' title='bbox 2713 3168 2731 3202; x_wconf 73' lang='grc' dir='ltr'><strong>ι</strong></span> <span class='ocrx_word' id='word_1_426' title='bbox 2758 3149 2901 3202; x_wconf 87' lang='grc' dir='ltr'>Διὸτι</span> <span class='ocrx_word' id='word_1_427' title='bbox 2933 3148 3028 3201; x_wconf 87' lang='grc' dir='ltr'><strong>νῦν</strong></span> <span class='ocrx_word' id='word_1_428' title='bbox 3058 3146 3290 3219; x_wconf 84' lang='grc' dir='ltr'>ἐροῦσιν·</span> <span class='ocrx_word' id='word_1_429' title='bbox 3317 3146 3430 3200; x_wconf 82' lang='grc' dir='ltr'>Οὐκ</span> <span class='ocrx_word' id='word_1_430' title='bbox 3455 3146 3569 3200; x_wconf 78' lang='grc' dir='ltr'>ἔστι</span> <span class='ocrx_word' id='word_1_431' title='bbox 3602 3146 3762 3216; x_wconf 76' lang='grc' dir='ltr'>βασι-</span> 
     </span>
    </p>
   </div>
   <div class='ocr_carea' id='block_1_60' title="bbox 522 3248 2084 3321">
    <p class='ocr_par' dir='ltr' id='par_1_60' title="bbox 522 3248 2084 3321">
     <span class='ocr_line' id='line_1_60' title="bbox 522 3248 2084 3321; baseline 0.001 -21"><span class='ocrx_word' id='word_1_432' title='bbox 522 3262 615 3301; x_wconf 81' lang='lat' dir='ltr'><strong>rex</strong></span> <span class='ocrx_word' id='word_1_433' title='bbox 651 3250 830 3315; x_wconf 86' lang='lat' dir='ltr'><strong>nobis,</strong></span> <span class='ocrx_word' id='word_1_434' title='bbox 870 3251 995 3321; x_wconf 85' lang='lat' dir='ltr'><strong>quia</strong></span> <span class='ocrx_word' id='word_1_435' title='bbox 1040 3268 1148 3307; x_wconf 89' lang='lat' dir='ltr'><strong>non</strong></span> <span class='ocrx_word' id='word_1_436' title='bbox 1195 3251 1476 3307; x_wconf 89' lang='lat' dir='ltr'><strong>timuimus</strong></span> <span class='ocrx_word' id='word_1_437' title='bbox 1519 3248 1709 3305; x_wconf 92' lang='lat' dir='ltr'><strong>Deum.</strong></span> <span class='ocrx_word' id='word_1_438' title='bbox 1756 3248 1870 3305; x_wconf 78' lang='lat' dir='ltr'><strong>Rex</strong></span> <span class='ocrx_word' id='word_1_439' title='bbox 1905 3257 2084 3303; x_wconf 90' lang='lat' dir='ltr'><strong>autem</strong></span> 
     </span>
    </p>
   </div>
   <div class='ocr_carea' id='block_1_61' title="bbox 522 3340 2086 3413">
    <p class='ocr_par' dir='ltr' id='par_1_61' title="bbox 522 3340 2086 3413">
     <span class='ocr_line' id='line_1_61' title="bbox 522 3340 2086 3413; baseline 0 -18"><span class='ocrx_word' id='word_1_440' title='bbox 522 3340 655 3409; x_wconf 88' lang='lat' dir='ltr'><strong>quid</strong></span> <span class='ocrx_word' id='word_1_441' title='bbox 687 3341 851 3398; x_wconf 86' lang='lat' dir='ltr'><strong>faciet</strong></span> <span class='ocrx_word' id='word_1_442' title='bbox 885 3345 1081 3399; x_wconf 80' lang='lat' dir='ltr'><strong>nobis?</strong></span> <span class='ocrx_word' id='word_1_443' title='bbox 1107 3344 1362 3413; x_wconf 86' lang='lat' dir='ltr'><strong>Loquens</strong></span> <span class='ocrx_word' id='word_1_444' title='bbox 1392 3342 1558 3397; x_wconf 85' lang='lat' dir='ltr'><strong>verba</strong></span> <span class='ocrx_word' id='word_1_445' title='bbox 1580 3340 1738 3411; x_wconf 90' lang='lat' dir='ltr'><strong>quasi</strong></span> <span class='ocrx_word' id='word_1_446' title='bbox 1769 3350 2086 3411; x_wconf 66' lang='lat' dir='ltr'><strong>praatextus,</strong></span> 
     </span>
    </p>
   </div>
   <div class='ocr_carea' id='block_1_62' title="bbox 524 3428 2086 3504">
    <p class='ocr_par' dir='ltr' id='par_1_62' title="bbox 524 3428 2086 3504">
     <span class='ocr_line' id='line_1_62' title="bbox 524 3428 2086 3504; baseline 0 -19"><span class='ocrx_word' id='word_1_447' title='bbox 524 3428 704 3488; x_wconf 70' lang='lat' dir='ltr'><strong>fmdus</strong></span> <span class='ocrx_word' id='word_1_448' title='bbox 755 3433 1026 3504; x_wconf 87' lang='lat' dir='ltr'><strong>disponet.</strong></span> <span class='ocrx_word' id='word_1_449' title='bbox 1090 3453 1109 3486; x_wconf 73' lang='grc' dir='ltr'><strong>ι</strong></span> <span class='ocrx_word' id='word_1_450' title='bbox 1164 3433 1321 3488; x_wconf 91' lang='lat' dir='ltr'><strong>Nunc</strong></span> <span class='ocrx_word' id='word_1_451' title='bbox 1371 3434 1514 3488; x_wconf 91' lang='lat' dir='ltr'><strong>enim</strong></span> <span class='ocrx_word' id='word_1_452' title='bbox 1566 3430 2086 3487; x_wconf 89' lang='lat' dir='ltr'><strong>inconsiderantiam</strong></span> 
     </span>
    </p>
   </div>
   <div class='ocr_carea' id='block_1_63' title="bbox 524 3522 2090 3596">
    <p class='ocr_par' dir='ltr' id='par_1_63' title="bbox 524 3522 2090 3596">
     <span class='ocr_line' id='line_1_63' title="bbox 524 3522 2090 3596; baseline -0.001 -20"><span class='ocrx_word' id='word_1_453' title='bbox 524 3536 681 3576; x_wconf 90' lang='lat' dir='ltr'><strong>suam</strong></span> <span class='ocrx_word' id='word_1_454' title='bbox 712 3532 1030 3593; x_wconf 79' lang='lat' dir='ltr'><strong>agnoscent,</strong></span> <span class='ocrx_word' id='word_1_455' title='bbox 1064 3540 1172 3595; x_wconf 87' lang='lat' dir='ltr'><strong>qua</strong></span> <span class='ocrx_word' id='word_1_456' title='bbox 1202 3540 1381 3596; x_wconf 89' lang='lat' dir='ltr'><strong>regem</strong></span> <span class='ocrx_word' id='word_1_457' title='bbox 1416 3523 1520 3580; x_wconf 85' lang='lat' dir='ltr'><strong>sibi</strong></span> <span class='ocrx_word' id='word_1_458' title='bbox 1544 3522 1861 3593; x_wconf 87' lang='lat' dir='ltr'><strong>delegerunt</strong></span> <span class='ocrx_word' id='word_1_459' title='bbox 1894 3528 2090 3592; x_wconf 69' lang='lat' dir='ltr'><strong>praeter</strong></span> 
     </span>
    </p>
   </div>
   <div class='ocr_carea' id='block_1_64' title="bbox 521 3609 2090 3686">
    <p class='ocr_par' dir='ltr' id='par_1_64' title="bbox 521 3609 2090 3686">
     <span class='ocr_line' id='line_1_64' title="bbox 521 3609 2090 3686; baseline 0.001 -23"><span class='ocrx_word' id='word_1_460' title='bbox 521 3609 617 3667; x_wconf 90' lang='lat' dir='ltr'><strong>Dei</strong></span> <span class='ocrx_word' id='word_1_461' title='bbox 653 3613 989 3670; x_wconf 85' lang='lat' dir='ltr'><strong>voluntatem</strong></span> <span class='ocrx_word' id='word_1_462' title='bbox 1027 3636 1040 3671; x_wconf 91' lang='lat'><strong>:</strong></span> <span class='ocrx_word' id='word_1_463' title='bbox 1075 3625 1128 3671; x_wconf 92' lang='lat' dir='ltr'><strong>et</strong></span> <span class='ocrx_word' id='word_1_464' title='bbox 1177 3615 1322 3686; x_wconf 92' lang='lat' dir='ltr'><strong>quod</strong></span> <span class='ocrx_word' id='word_1_465' title='bbox 1367 3615 1574 3670; x_wconf 89' lang='lat' dir='ltr'><strong>omisso</strong></span> <span class='ocrx_word' id='word_1_466' title='bbox 1606 3613 1805 3668; x_wconf 88' lang='lat' dir='ltr'><strong>timore</strong></span> <span class='ocrx_word' id='word_1_467' title='bbox 1847 3611 1961 3677; x_wconf 89' lang='lat' dir='ltr'><strong>Dei,</strong></span> <span class='ocrx_word' id='word_1_468' title='bbox 1994 3626 2090 3665; x_wconf 85' lang='lat' dir='ltr'><strong>va-</strong></span> 
     </span>
    </p>
   </div>
   <div class='ocr_carea' id='block_1_65' title="bbox 521 3702 2089 3779">
    <p class='ocr_par' dir='ltr' id='par_1_65' title="bbox 521 3702 2089 3779">
     <span class='ocr_line' id='line_1_65' title="bbox 521 3702 2089 3779; baseline 0.001 -23"><span class='ocrx_word' id='word_1_469' title='bbox 521 3717 653 3757; x_wconf 89' lang='lat' dir='ltr'><strong>num</strong></span> <span class='ocrx_word' id='word_1_470' title='bbox 699 3703 968 3773; x_wconf 89' lang='lat' dir='ltr'><strong>quoddam</strong></span> <span class='ocrx_word' id='word_1_471' title='bbox 1002 3714 1057 3763; x_wconf 91' lang='lat' dir='ltr'><strong>et</strong></span> <span class='ocrx_word' id='word_1_472' title='bbox 1089 3706 1431 3779; x_wconf 86' lang='lat' dir='ltr'><strong>illegitimum</strong></span> <span class='ocrx_word' id='word_1_473' title='bbox 1476 3720 1703 3777; x_wconf 88' lang='lat' dir='ltr'><strong>regnum</strong></span> <span class='ocrx_word' id='word_1_474' title='bbox 1746 3704 1848 3759; x_wconf 85' lang='lat' dir='ltr'><strong>sibi</strong></span> <span class='ocrx_word' id='word_1_475' title='bbox 1881 3702 2089 3761; x_wconf 83' lang='lat' dir='ltr'><strong>consti-</strong></span> 
     </span>
    </p>
   </div>
   <div class='ocr_carea' id='block_1_66' title="bbox 521 3795 2088 3869">
    <p class='ocr_par' dir='ltr' id='par_1_66' title="bbox 521 3795 2088 3869">
     <span class='ocr_line' id='line_1_66' title="bbox 521 3795 2088 3869; baseline 0.004 -22"><span class='ocrx_word' id='word_1_476' title='bbox 521 3801 781 3859; x_wconf 89' lang='lat' dir='ltr'><strong>tueruut,</strong></span> <span class='ocrx_word' id='word_1_477' title='bbox 821 3797 1087 3853; x_wconf 77' lang='lat' dir='ltr'><strong>adversus</strong></span> <span class='ocrx_word' id='word_1_478' title='bbox 1118 3798 1340 3854; x_wconf 85' lang='lat' dir='ltr'><strong>Davidis</strong></span> <span class='ocrx_word' id='word_1_479' title='bbox 1379 3799 1784 3855; x_wconf 89' lang='lat' dir='ltr'><strong>successionem</strong></span> <span class='ocrx_word' id='word_1_480' title='bbox 1814 3799 1973 3869; x_wconf 82' lang='lat' dir='ltr'><strong>juxta</strong></span> <span class='ocrx_word' id='word_1_481' title='bbox 1993 3795 2088 3853; x_wconf 87' lang='lat' dir='ltr'><strong>Dei</strong></span> 
     </span>
    </p>
   </div>
   <div class='ocr_carea' id='block_1_67' title="bbox 518 3889 2086 3961">
    <p class='ocr_par' dir='ltr' id='par_1_67' title="bbox 518 3889 2086 3961">
     <span class='ocr_line' id='line_1_67' title="bbox 518 3889 2086 3961; baseline 0.003 -22"><span class='ocrx_word' id='word_1_482' title='bbox 518 3889 851 3957; x_wconf 88' lang='lat' dir='ltr'><strong>promissum</strong></span> <span class='ocrx_word' id='word_1_483' title='bbox 900 3900 1216 3958; x_wconf 82' lang='lat' dir='ltr'><strong>regnantem</strong></span> <span class='ocrx_word' id='word_1_484' title='bbox 1260 3909 1275 3945; x_wconf 91' lang='lat'><strong>:</strong></span> <span class='ocrx_word' id='word_1_485' title='bbox 1325 3890 1554 3961; x_wconf 89' lang='lat' dir='ltr'><strong>ideoque</strong></span> <span class='ocrx_word' id='word_1_486' title='bbox 1597 3896 1651 3946; x_wconf 91' lang='lat' dir='ltr'><strong>et</strong></span> <span class='ocrx_word' id='word_1_487' title='bbox 1701 3890 1805 3945; x_wconf 89' lang='lat' dir='ltr'><strong>hoc</strong></span> <span class='ocrx_word' id='word_1_488' title='bbox 1845 3889 2086 3960; x_wconf 90' lang='lat' dir='ltr'><strong>ipsorum</strong></span> 
     </span>
    </p>
   </div>
   <div class='ocr_carea' id='block_1_68' title="bbox 519 3980 2084 4054">
    <p class='ocr_par' dir='ltr' id='par_1_68' title="bbox 519 3980 2084 4054">
     <span class='ocr_line' id='line_1_68' title="bbox 519 3980 2084 4054; baseline 0.002 -22"><span class='ocrx_word' id='word_1_489' title='bbox 519 3994 745 4050; x_wconf 89' lang='lat' dir='ltr'><strong>regnum</strong></span> <span class='ocrx_word' id='word_1_490' title='bbox 776 3982 1012 4037; x_wconf 88' lang='lat' dir='ltr'><strong>deletum</strong></span> <span class='ocrx_word' id='word_1_491' title='bbox 1048 3992 1156 4047; x_wconf 89' lang='lat' dir='ltr'><strong>est,</strong></span> <span class='ocrx_word' id='word_1_492' title='bbox 1191 3998 1489 4054; x_wconf 90' lang='lat' dir='ltr'><strong>omnesque</strong></span> <span class='ocrx_word' id='word_1_493' title='bbox 1519 3982 1819 4052; x_wconf 84' lang='lat' dir='ltr'><strong>captivitati</strong></span> <span class='ocrx_word' id='word_1_494' title='bbox 1861 3980 2040 4036; x_wconf 89' lang='lat' dir='ltr'><strong>traditi</strong></span> <span class='ocrx_word' id='word_1_495' title='bbox 2068 3998 2084 4048; x_wconf 90' lang='lat'><strong>;</strong></span> 
     </span>
    </p>
   </div>
   <div class='ocr_carea' id='block_1_69' title="bbox 519 4074 2085 4147">
    <p class='ocr_par' dir='ltr' id='par_1_69' title="bbox 519 4074 2085 4147">
     <span class='ocr_line' id='line_1_69' title="bbox 519 4074 2085 4147; baseline 0 -19"><span class='ocrx_word' id='word_1_496' title='bbox 519 4074 838 4144; x_wconf 88' lang='lat' dir='ltr'><strong>nullumque</strong></span> <span class='ocrx_word' id='word_1_497' title='bbox 895 4074 1008 4147; x_wconf 73' lang='grc'><strong>48</strong></span> <span class='ocrx_word' id='word_1_498' title='bbox 1063 4076 1197 4146; x_wconf 87' lang='lat' dir='ltr'><strong>ipsis</strong></span> <span class='ocrx_word' id='word_1_499' title='bbox 1253 4091 1284 4130; x_wconf 91' lang='lat' dir='ltr'><strong>a</strong></span> <span class='ocrx_word' id='word_1_500' title='bbox 1316 4092 1442 4147; x_wconf 87' lang='lat' dir='ltr'><strong>rege</strong></span> <span class='ocrx_word' id='word_1_501' title='bbox 1497 4092 1599 4131; x_wconf 90' lang='lat' dir='ltr'><strong>suo</strong></span> <span class='ocrx_word' id='word_1_502' title='bbox 1660 4076 2085 4130; x_wconf 84' lang='lat' dir='ltr'><strong>emolumentum</strong></span> 
     </span>
    </p>
   </div>
   <div class='ocr_carea' id='block_1_70' title="bbox 518 4164 2087 4237">
    <p class='ocr_par' dir='ltr' id='par_1_70' title="bbox 518 4164 2087 4237">
     <span class='ocr_line' id='line_1_70' title="bbox 518 4164 2087 4237; baseline 0.003 -20"><span class='ocrx_word' id='word_1_503' title='bbox 518 4164 750 4218; x_wconf 77' lang='lat' dir='ltr'><strong>exstitit.</strong></span> <span class='ocrx_word' id='word_1_504' title='bbox 802 4164 1169 4224; x_wconf 85' lang='lat' dir='ltr'><strong>Nihilominus</strong></span> <span class='ocrx_word' id='word_1_505' title='bbox 1207 4166 1298 4221; x_wconf 89' lang='lat' dir='ltr'><strong>hic</strong></span> <span class='ocrx_word' id='word_1_506' title='bbox 1338 4166 1478 4237; x_wconf 85' lang='lat' dir='ltr'><strong>(rex)</strong></span> <span class='ocrx_word' id='word_1_507' title='bbox 1521 4165 1881 4221; x_wconf 90' lang='lat' dir='ltr'><strong>fraudulentis</strong></span> <span class='ocrx_word' id='word_1_508' title='bbox 1907 4165 2087 4222; x_wconf 86' lang='lat' dir='ltr'><strong>verbis</strong></span> 
     </span>
    </p>
   </div>
   <div class='ocr_carea' id='block_1_71' title="bbox 522 4253 2086 4326">
    <p class='ocr_par' dir='ltr' id='par_1_71' title="bbox 522 4253 2086 4326">
     <span class='ocr_line' id='line_1_71' title="bbox 522 4253 2086 4326; baseline 0.003 -20"><span class='ocrx_word' id='word_1_509' title='bbox 522 4263 701 4316; x_wconf 86' lang='lat' dir='ltr'><strong>utens,</strong></span> <span class='ocrx_word' id='word_1_510' title='bbox 738 4253 1048 4323; x_wconf 88' lang='lat' dir='ltr'><strong>improbum</strong></span> <span class='ocrx_word' id='word_1_511' title='bbox 1093 4255 1270 4312; x_wconf 71' lang='lat' dir='ltr'><strong>fmdus</strong></span> <span class='ocrx_word' id='word_1_512' title='bbox 1297 4257 1569 4326; x_wconf 87' lang='lat' dir='ltr'><strong>quoddam</strong></span> <span class='ocrx_word' id='word_1_513' title='bbox 1607 4272 1732 4311; x_wconf 90' lang='lat' dir='ltr'><strong>cum</strong></span> <span class='ocrx_word' id='word_1_514' title='bbox 1775 4256 1882 4313; x_wconf 91' lang='lat' dir='ltr'><strong>illis</strong></span> <span class='ocrx_word' id='word_1_515' title='bbox 1916 4255 2086 4311; x_wconf 89' lang='lat' dir='ltr'><strong>inive-</strong></span> 
     </span>
    </p>
   </div>
   <div class='ocr_carea' id='block_1_72' title="bbox 520 4346 2085 4415">
    <p class='ocr_par' dir='ltr' id='par_1_72' title="bbox 520 4346 2085 4415">
     <span class='ocr_line' id='line_1_72' title="bbox 520 4346 2085 4415; baseline 0.003 -20"><span class='ocrx_word' id='word_1_516' title='bbox 520 4351 627 4407; x_wconf 90' lang='lat' dir='ltr'><strong>rat,</strong></span> <span class='ocrx_word' id='word_1_517' title='bbox 660 4359 855 4414; x_wconf 88' lang='lat' dir='ltr'><strong>nempe</strong></span> <span class='ocrx_word' id='word_1_518' title='bbox 881 4361 909 4398; x_wconf 90' lang='lat' dir='ltr'><strong>a</strong></span> <span class='ocrx_word' id='word_1_519' title='bbox 944 4346 1052 4400; x_wconf 91' lang='lat' dir='ltr'><strong>Deo</strong></span> <span class='ocrx_word' id='word_1_520' title='bbox 1090 4346 1400 4411; x_wconf 88' lang='lat' dir='ltr'><strong>recedendi,</strong></span> <span class='ocrx_word' id='word_1_521' title='bbox 1426 4355 1479 4402; x_wconf 91' lang='lat' dir='ltr'><strong>et</strong></span> <span class='ocrx_word' id='word_1_522' title='bbox 1513 4347 1807 4401; x_wconf 88' lang='lat' dir='ltr'><strong>fabricatas</strong></span> <span class='ocrx_word' id='word_1_523' title='bbox 1844 4363 1873 4399; x_wconf 91' lang='lat' dir='ltr'><strong>a</strong></span> <span class='ocrx_word' id='word_1_524' title='bbox 1910 4363 1968 4403; x_wconf 92' lang='lat' dir='ltr'><strong>se</strong></span> <span class='ocrx_word' id='word_1_525' title='bbox 1992 4347 2085 4415; x_wconf 87' lang='lat' dir='ltr'><strong>ju-</strong></span> 
     </span>
    </p>
   </div>
   <div class='ocr_carea' id='block_1_73' title="bbox 2186 3239 3764 3317">
    <p class='ocr_par' dir='ltr' id='par_1_73' title="bbox 2186 3239 3764 3317">
     <span class='ocr_line' id='line_1_73' title="bbox 2186 3239 3764 3317; baseline -0.005 -17"><span class='ocrx_word' id='word_1_526' title='bbox 2186 3249 2311 3312; x_wconf 77' lang='grc' dir='ltr'>λεὺς</span> <span class='ocrx_word' id='word_1_527' title='bbox 2336 3248 2489 3317; x_wconf 77' lang='grc' dir='ltr'>ἡμῖν,</span> <span class='ocrx_word' id='word_1_528' title='bbox 2520 3246 2601 3297; x_wconf 83' lang='grc' dir='ltr'>ὅτι</span> <span class='ocrx_word' id='word_1_529' title='bbox 2630 3243 2732 3296; x_wconf 78' lang='grc' dir='ltr'>οὐκ</span> <span class='ocrx_word' id='word_1_530' title='bbox 2756 3241 3104 3311; x_wconf 75' lang='grc' dir='ltr'>ἐφοϐήθημεν</span> <span class='ocrx_word' id='word_1_531' title='bbox 3136 3241 3227 3293; x_wconf 83' lang='grc' dir='ltr'>τὸν</span> <span class='ocrx_word' id='word_1_532' title='bbox 3253 3239 3383 3293; x_wconf 85' lang='grc' dir='ltr'>Θεόν</span> <span class='ocrx_word' id='word_1_533' title='bbox 3403 3257 3417 3270; x_wconf 89' lang='grc'><strong>·</strong></span> <span class='ocrx_word' id='word_1_534' title='bbox 3448 3242 3475 3292; x_wconf 84' lang='grc' dir='ltr'><strong>ὁ</strong></span> <span class='ocrx_word' id='word_1_535' title='bbox 3506 3239 3563 3292; x_wconf 82' lang='grc' dir='ltr'>δὲ</span> <span class='ocrx_word' id='word_1_536' title='bbox 3604 3239 3764 3309; x_wconf 78' lang='grc' dir='ltr'><strong>βασι⁹</strong></span> 
     </span>
    </p>
   </div>
   <div class='ocr_carea' id='block_1_74' title="bbox 2188 3331 3763 3407">
    <p class='ocr_par' dir='ltr' id='par_1_74' title="bbox 2188 3331 3763 3407">
     <span class='ocr_line' id='line_1_74' title="bbox 2188 3331 3763 3407; baseline -0.006 -14"><span class='ocrx_word' id='word_1_537' title='bbox 2188 3341 2312 3403; x_wconf 81' lang='grc' dir='ltr'>λεὺς</span> <span class='ocrx_word' id='word_1_538' title='bbox 2335 3338 2387 3391; x_wconf 92' lang='grc' dir='ltr'><strong>τί</strong></span> <span class='ocrx_word' id='word_1_539' title='bbox 2409 3338 2622 3407; x_wconf 90' lang='grc' dir='ltr'>ποιήσει</span> <span class='ocrx_word' id='word_1_540' title='bbox 2659 3337 2829 3405; x_wconf 84' lang='grc' dir='ltr'>ἠμῖν;</span> <span class='ocrx_word' id='word_1_541' title='bbox 2864 3333 3040 3387; x_wconf 89' lang='grc' dir='ltr'>λαλῶν</span> <span class='ocrx_word' id='word_1_542' title='bbox 3067 3335 3284 3404; x_wconf 77' lang='grc' dir='ltr'>ῥήματα</span> <span class='ocrx_word' id='word_1_543' title='bbox 3306 3331 3607 3403; x_wconf 69' lang='grc' dir='ltr'>προφάσεις</span> <span class='ocrx_word' id='word_1_544' title='bbox 3642 3332 3763 3385; x_wconf 79' lang='grc' dir='ltr'>δια-</span> 
     </span>
    </p>
   </div>
   <div class='ocr_carea' id='block_1_75' title="bbox 2187 3422 3763 3502">
    <p class='ocr_par' dir='ltr' id='par_1_75' title="bbox 2187 3422 3763 3502">
     <span class='ocr_line' id='line_1_75' title="bbox 2187 3422 3763 3502; baseline -0.008 -16"><span class='ocrx_word' id='word_1_545' title='bbox 2187 3433 2408 3502; x_wconf 83' lang='grc' dir='ltr'>θήσεται</span> <span class='ocrx_word' id='word_1_546' title='bbox 2428 3428 2711 3498; x_wconf 87' lang='grc' dir='ltr'>διαθήκην.</span> <span class='ocrx_word' id='word_1_547' title='bbox 2736 3443 2755 3476; x_wconf 73' lang='grc' dir='ltr'><strong>ι</strong></span> <span class='ocrx_word' id='word_1_548' title='bbox 2789 3424 2902 3477; x_wconf 86' lang='grc' dir='ltr'><strong>Νῦν</strong></span> <span class='ocrx_word' id='word_1_549' title='bbox 2918 3422 3026 3493; x_wconf 84' lang='grc' dir='ltr'><strong>γάρ</strong></span> <span class='ocrx_word' id='word_1_550' title='bbox 3043 3422 3391 3493; x_wconf 85' lang='grc' dir='ltr'>αἰσθήσονται</span> <span class='ocrx_word' id='word_1_551' title='bbox 3416 3422 3519 3492; x_wconf 82' lang='grc' dir='ltr'>τῆς</span> <span class='ocrx_word' id='word_1_552' title='bbox 3546 3422 3763 3476; x_wconf 81' lang='grc' dir='ltr'>ἑαυτῶν</span> 
     </span>
    </p>
   </div>
   <div class='ocr_carea' id='block_1_76' title="bbox 2186 3513 3767 3590">
    <p class='ocr_par' dir='ltr' id='par_1_76' title="bbox 2186 3513 3767 3590">
     <span class='ocr_line' id='line_1_76' title="bbox 2186 3513 3767 3590; baseline -0.008 -13"><span class='ocrx_word' id='word_1_553' title='bbox 2186 3522 2458 3583; x_wconf 87' lang='grc' dir='ltr'>ἀϐουλίας,</span> <span class='ocrx_word' id='word_1_554' title='bbox 2511 3518 2626 3590; x_wconf 86' lang='grc' dir='ltr'>μεθ’</span> <span class='ocrx_word' id='word_1_555' title='bbox 2658 3513 2728 3588; x_wconf 83' lang='grc' dir='ltr'>ἦς</span> <span class='ocrx_word' id='word_1_556' title='bbox 2759 3516 2964 3568; x_wconf 84' lang='grc' dir='ltr'>εἴλοντο</span> <span class='ocrx_word' id='word_1_557' title='bbox 3012 3514 3237 3584; x_wconf 87' lang='grc' dir='ltr'>βασιλέα</span> <span class='ocrx_word' id='word_1_558' title='bbox 3270 3513 3421 3585; x_wconf 83' lang='grc' dir='ltr'><strong>παρά</strong></span> <span class='ocrx_word' id='word_1_559' title='bbox 3467 3513 3531 3567; x_wconf 82' lang='grc' dir='ltr'><strong>τδ</strong></span> <span class='ocrx_word' id='word_1_560' title='bbox 3560 3514 3767 3567; x_wconf 79' lang='grc' dir='ltr'>δοκοῦν</span> 
     </span>
    </p>
   </div>
   <div class='ocr_carea' id='block_1_77' title="bbox 2185 3599 3764 3685">
    <p class='ocr_par' dir='ltr' id='par_1_77' title="bbox 2185 3599 3764 3685">
     <span class='ocr_line' id='line_1_77' title="bbox 2185 3599 3764 3685; baseline -0.006 -18"><span class='ocrx_word' id='word_1_561' title='bbox 2185 3614 2263 3685; x_wconf 84' lang='grc' dir='ltr'>τῷ</span> <span class='ocrx_word' id='word_1_562' title='bbox 2295 3610 2440 3682; x_wconf 82' lang='grc' dir='ltr'>Θεῷ·</span> <span class='ocrx_word' id='word_1_563' title='bbox 2480 3611 2553 3680; x_wconf 88' lang='lat' dir='ltr'><strong>(p.</strong></span> <span class='ocrx_word' id='word_1_564' title='bbox 2586 3609 2677 3677; x_wconf 75' lang='lat'><strong>73)</strong></span> <span class='ocrx_word' id='word_1_565' title='bbox 2706 3606 2800 3661; x_wconf 72' lang='grc' dir='ltr'><strong>καὶ</strong></span> <span class='ocrx_word' id='word_1_566' title='bbox 2834 3607 2916 3659; x_wconf 80' lang='grc' dir='ltr'>ὅτι</span> <span class='ocrx_word' id='word_1_567' title='bbox 2952 3605 3092 3676; x_wconf 75' lang='grc' dir='ltr'>ὑπὲρ</span> <span class='ocrx_word' id='word_1_568' title='bbox 3117 3599 3192 3660; x_wconf 78' lang='grc' dir='ltr'>ὧν</span> <span class='ocrx_word' id='word_1_569' title='bbox 3213 3606 3275 3659; x_wconf 81' lang='grc' dir='ltr'>οὐ</span> <span class='ocrx_word' id='word_1_570' title='bbox 3305 3604 3633 3675; x_wconf 86' lang='grc' dir='ltr'>φοϐηθέντες</span> <span class='ocrx_word' id='word_1_571' title='bbox 3662 3603 3764 3658; x_wconf 82' lang='grc' dir='ltr'><strong>τδν</strong></span> 
     </span>
    </p>
   </div>
   <div class='ocr_carea' id='block_1_78' title="bbox 2186 3696 3761 3774">
    <p class='ocr_par' dir='ltr' id='par_1_78' title="bbox 2186 3696 3761 3774">
     <span class='ocr_line' id='line_1_78' title="bbox 2186 3696 3761 3774; baseline -0.008 -14"><span class='ocrx_word' id='word_1_572' title='bbox 2186 3705 2337 3767; x_wconf 84' lang='grc' dir='ltr'>Θεὸν,</span> <span class='ocrx_word' id='word_1_573' title='bbox 2369 3701 2643 3774; x_wconf 85' lang='grc' dir='ltr'>βασιλείαν</span> <span class='ocrx_word' id='word_1_574' title='bbox 2666 3696 2940 3763; x_wconf 82' lang='grc' dir='ltr'>ἀνέδειξαν</span> <span class='ocrx_word' id='word_1_575' title='bbox 2963 3697 3125 3769; x_wconf 87' lang='grc' dir='ltr'>κενήν</span> <span class='ocrx_word' id='word_1_576' title='bbox 3151 3714 3272 3750; x_wconf 88' lang='grc' dir='ltr'>τινα</span> <span class='ocrx_word' id='word_1_577' title='bbox 3297 3696 3391 3751; x_wconf 75' lang='grc' dir='ltr'><strong>καὶ</strong></span> <span class='ocrx_word' id='word_1_578' title='bbox 3417 3696 3761 3767; x_wconf 81' lang='grc' dir='ltr'>παράνομον,</span> 
     </span>
    </p>
   </div>
   <div class='ocr_carea' id='block_1_79' title="bbox 2187 3787 3762 3862">
    <p class='ocr_par' dir='ltr' id='par_1_79' title="bbox 2187 3787 3762 3862">
     <span class='ocr_line' id='line_1_79' title="bbox 2187 3787 3762 3862; baseline -0.007 -11"><span class='ocrx_word' id='word_1_579' title='bbox 2187 3794 2517 3854; x_wconf 84' lang='grc' dir='ltr'>ἀπεναντίας</span> <span class='ocrx_word' id='word_1_580' title='bbox 2542 3794 2608 3862; x_wconf 80' lang='grc' dir='ltr'>τῇ</span> <span class='ocrx_word' id='word_1_581' title='bbox 2659 3789 2753 3844; x_wconf 89' lang='grc' dir='ltr'><strong>τοῦ</strong></span> <span class='ocrx_word' id='word_1_582' title='bbox 2794 3787 2957 3842; x_wconf 78' lang='grc' dir='ltr'><strong>Δαυῖδ</strong></span> <span class='ocrx_word' id='word_1_583' title='bbox 2997 3788 3215 3859; x_wconf 76' lang='grc' dir='ltr'>διαδοχῇ</span> <span class='ocrx_word' id='word_1_584' title='bbox 3260 3789 3379 3841; x_wconf 84' lang='grc' dir='ltr'>κατ’</span> <span class='ocrx_word' id='word_1_585' title='bbox 3423 3787 3762 3856; x_wconf 73' lang='grc' dir='ltr'>ἐπαγγελίαν</span> 
     </span>
    </p>
   </div>
   <div class='ocr_carea' id='block_1_80' title="bbox 2190 3879 3760 3960">
    <p class='ocr_par' dir='ltr' id='par_1_80' title="bbox 2190 3879 3760 3960">
     <span class='ocr_line' id='line_1_80' title="bbox 2190 3879 3760 3960; baseline -0.007 -17"><span class='ocrx_word' id='word_1_586' title='bbox 2190 3885 2543 3960; x_wconf 80' lang='grc' dir='ltr'>βασιλευούσῃ</span> <span class='ocrx_word' id='word_1_587' title='bbox 2577 3883 2747 3946; x_wconf 89' lang='grc' dir='ltr'>θείαν,</span> <span class='ocrx_word' id='word_1_588' title='bbox 2779 3881 3059 3952; x_wconf 72' lang='grc' dir='ltr'>ἀφῄρηται</span> <span class='ocrx_word' id='word_1_589' title='bbox 3096 3881 3194 3952; x_wconf 87' lang='grc' dir='ltr'>μὲν</span> <span class='ocrx_word' id='word_1_590' title='bbox 3220 3881 3398 3935; x_wconf 78' lang='grc' dir='ltr'>αὐτῶν</span> <span class='ocrx_word' id='word_1_591' title='bbox 3424 3882 3457 3950; x_wconf 82' lang='grc' dir='ltr'>ἠ</span> <span class='ocrx_word' id='word_1_592' title='bbox 3482 3879 3760 3950; x_wconf 83' lang='grc' dir='ltr'>βασιλεία,</span> 
     </span>
    </p>
   </div>
   <div class='ocr_carea' id='block_1_81' title="bbox 2186 3970 3759 4047">
    <p class='ocr_par' dir='ltr' id='par_1_81' title="bbox 2186 3970 3759 4047">
     <span class='ocr_line' id='line_1_81' title="bbox 2186 3970 3759 4047; baseline -0.004 -16"><span class='ocrx_word' id='word_1_593' title='bbox 2186 3976 2534 4047; x_wconf 77' lang='grc' dir='ltr'>αἰχμαλωσίᾳ</span> <span class='ocrx_word' id='word_1_594' title='bbox 2573 3974 2631 4027; x_wconf 82' lang='grc' dir='ltr'>δὲ</span> <span class='ocrx_word' id='word_1_595' title='bbox 2656 3972 3045 4044; x_wconf 82' lang='grc' dir='ltr'>παραδέδονται</span> <span class='ocrx_word' id='word_1_596' title='bbox 3077 3972 3307 4034; x_wconf 84' lang='grc' dir='ltr'>πάντες·</span> <span class='ocrx_word' id='word_1_597' title='bbox 3341 3971 3529 4042; x_wconf 86' lang='grc' dir='ltr'>κέρδος</span> <span class='ocrx_word' id='word_1_598' title='bbox 3555 3970 3612 4023; x_wconf 77' lang='grc' dir='ltr'>δὲ</span> <span class='ocrx_word' id='word_1_599' title='bbox 3652 3972 3759 4025; x_wconf 79' lang='grc' dir='ltr'><strong>αὐ-</strong></span> 
     </span>
    </p>
   </div>
   <div class='ocr_carea' id='block_1_82' title="bbox 2186 4063 3761 4139">
    <p class='ocr_par' dir='ltr' id='par_1_82' title="bbox 2186 4063 3761 4139">
     <span class='ocr_line' id='line_1_82' title="bbox 2186 4063 3761 4139; baseline -0.004 -16"><span class='ocrx_word' id='word_1_600' title='bbox 2186 4073 2298 4133; x_wconf 82' lang='grc' dir='ltr'>τοῖς</span> <span class='ocrx_word' id='word_1_601' title='bbox 2341 4071 2405 4122; x_wconf 84' lang='grc' dir='ltr'><strong>ἐκ</strong></span> <span class='ocrx_word' id='word_1_602' title='bbox 2431 4068 2523 4121; x_wconf 89' lang='grc' dir='ltr'><strong>τοῦ</strong></span> <span class='ocrx_word' id='word_1_603' title='bbox 2546 4066 2807 4139; x_wconf 82' lang='grc' dir='ltr'>βασιλέως</span> <span class='ocrx_word' id='word_1_604' title='bbox 2833 4064 3198 4136; x_wconf 83' lang='grc' dir='ltr'>προσγέγονεν</span> <span class='ocrx_word' id='word_1_605' title='bbox 3224 4063 3374 4117; x_wconf 79' lang='grc' dir='ltr'>οὐδέν</span> <span class='ocrx_word' id='word_1_606' title='bbox 3396 4080 3409 4092; x_wconf 78' lang='grc'><em>’</em></span> <span class='ocrx_word' id='word_1_607' title='bbox 3440 4064 3761 4117; x_wconf 85' lang='grc' dir='ltr'>τούναντίον</span> 
     </span>
    </p>
   </div>
   <div class='ocr_carea' id='block_1_83' title="bbox 2190 4155 3765 4232">
    <p class='ocr_par' dir='ltr' id='par_1_83' title="bbox 2190 4155 3765 4232">
     <span class='ocr_line' id='line_1_83' title="bbox 2190 4155 3765 4232; baseline -0.004 -18"><span class='ocrx_word' id='word_1_608' title='bbox 2190 4162 2289 4232; x_wconf 83' lang='grc' dir='ltr'>μὲν</span> <span class='ocrx_word' id='word_1_609' title='bbox 2327 4160 2421 4215; x_wconf 78' lang='grc' dir='ltr'><strong>οὖν</strong></span> <span class='ocrx_word' id='word_1_610' title='bbox 2477 4159 2776 4231; x_wconf 82' lang='grc' dir='ltr'>ἀπατηλοῖς</span> <span class='ocrx_word' id='word_1_611' title='bbox 2818 4157 3162 4229; x_wconf 83' lang='grc' dir='ltr'>χρησάμενος</span> <span class='ocrx_word' id='word_1_612' title='bbox 3212 4157 3439 4227; x_wconf 79' lang='grc' dir='ltr'>ῥήμασι,</span> <span class='ocrx_word' id='word_1_613' title='bbox 3489 4155 3765 4225; x_wconf 69' lang='grc' dir='ltr'>διαθήκην</span> 
     </span>
    </p>
   </div>
   <div class='ocr_carea' id='block_1_84' title="bbox 2191 4245 3761 4325">
    <p class='ocr_par' dir='ltr' id='par_1_84' title="bbox 2191 4245 3761 4325">
     <span class='ocr_line' id='line_1_84' title="bbox 2191 4245 3761 4325; baseline -0.004 -19"><span class='ocrx_word' id='word_1_614' title='bbox 2191 4253 2468 4325; x_wconf 87' lang='grc' dir='ltr'>μοχθηράν</span> <span class='ocrx_word' id='word_1_615' title='bbox 2497 4269 2617 4305; x_wconf 90' lang='grc' dir='ltr'>τινα</span> <span class='ocrx_word' id='word_1_616' title='bbox 2651 4252 2765 4322; x_wconf 87' lang='grc' dir='ltr'>μετ’</span> <span class='ocrx_word' id='word_1_617' title='bbox 2794 4248 2973 4303; x_wconf 82' lang='grc' dir='ltr'>αὐτῶν</span> <span class='ocrx_word' id='word_1_618' title='bbox 2993 4250 3313 4317; x_wconf 81' lang='grc' dir='ltr'>ἐποιήσατο’</span> <span class='ocrx_word' id='word_1_619' title='bbox 3339 4245 3477 4300; x_wconf 81' lang='grc' dir='ltr'>ὥστε</span> <span class='ocrx_word' id='word_1_620' title='bbox 3511 4247 3761 4317; x_wconf 77' lang='grc' dir='ltr'>ἀποστῆ-</span> 
     </span>
    </p>
   </div>
   <div class='ocr_carea' id='block_1_85' title="bbox 2186 4336 3760 4412">
    <p class='ocr_par' dir='ltr' id='par_1_85' title="bbox 2186 4336 3760 4412">
     <span class='ocr_line' id='line_1_85' title="bbox 2186 4336 3760 4412; baseline -0.003 -17"><span class='ocrx_word' id='word_1_621' title='bbox 2186 4360 2272 4395; x_wconf 87' lang='grc' dir='ltr'><strong>ναι</strong></span> <span class='ocrx_word' id='word_1_622' title='bbox 2311 4342 2409 4412; x_wconf 78' lang='grc' dir='ltr'>μὲν</span> <span class='ocrx_word' id='word_1_623' title='bbox 2439 4341 2532 4393; x_wconf 92' lang='grc' dir='ltr'><strong>τοῦ</strong></span> <span class='ocrx_word' id='word_1_624' title='bbox 2559 4338 2717 4405; x_wconf 86' lang='grc' dir='ltr'>Θεοῦ,</span> <span class='ocrx_word' id='word_1_625' title='bbox 2746 4340 3069 4409; x_wconf 81' lang='grc' dir='ltr'>προσκυνεῖν</span> <span class='ocrx_word' id='word_1_626' title='bbox 3093 4338 3150 4390; x_wconf 79' lang='grc' dir='ltr'>δὲ</span> <span class='ocrx_word' id='word_1_627' title='bbox 3178 4340 3297 4400; x_wconf 89' lang='grc' dir='ltr'>ταῖς</span> <span class='ocrx_word' id='word_1_628' title='bbox 3325 4337 3415 4390; x_wconf 80' lang='grc' dir='ltr'>ὑπ’</span> <span class='ocrx_word' id='word_1_629' title='bbox 3442 4336 3612 4389; x_wconf 80' lang='grc' dir='ltr'>αὐτοῦ</span> <span class='ocrx_word' id='word_1_630' title='bbox 3658 4354 3760 4391; x_wconf 73' lang='grc' dir='ltr'>κα-</span> 
     </span>
    </p>
   </div>
   <div class='ocr_carea' id='block_1_86' title="bbox 520 4429 2087 4533">
    <p class='ocr_par' dir='ltr' id='par_1_86' title="bbox 520 4436 2082 4507">
     <span class='ocr_line' id='line_1_86' title="bbox 520 4436 2082 4507; baseline 0.003 -20"><span class='ocrx_word' id='word_1_631' title='bbox 520 4448 718 4490; x_wconf 86' lang='lat' dir='ltr'><strong>vencas</strong></span> <span class='ocrx_word' id='word_1_632' title='bbox 747 4436 1029 4491; x_wconf 87' lang='lat' dir='ltr'><strong>adorandi.</strong></span> <span class='ocrx_word' id='word_1_633' title='bbox 1074 4454 1096 4489; x_wconf 69' lang='grc' dir='ltr'><strong>ι</strong></span> <span class='ocrx_word' id='word_1_634' title='bbox 1137 4438 1361 4493; x_wconf 89' lang='lat' dir='ltr'><strong>Orietur</strong></span> <span class='ocrx_word' id='word_1_635' title='bbox 1397 4438 1540 4493; x_wconf 90' lang='lat' dir='ltr'><strong>sicut</strong></span> <span class='ocrx_word' id='word_1_636' title='bbox 1570 4452 1794 4507; x_wconf 84' lang='lat' dir='ltr'><strong>gramen</strong></span> <span class='ocrx_word' id='word_1_637' title='bbox 1820 4437 2082 4507; x_wconf 87' lang='lat' dir='ltr'><strong>judicium</strong></span> 
     </span>
    </p>
   </div>
   <div class='ocr_carea' id='block_1_87' title="bbox 2190 4429 3760 4533">
    <p class='ocr_par' dir='ltr' id='par_1_87' title="bbox 2190 4429 3760 4501">
     <span class='ocr_line' id='line_1_87' title="bbox 2190 4429 3760 4501; baseline -0.004 -14"><span class='ocrx_word' id='word_1_638' title='bbox 2190 4432 2673 4495; x_wconf 83' lang='grc' dir='ltr'>τασκευασθείσαις</span> <span class='ocrx_word' id='word_1_639' title='bbox 2693 4431 3006 4501; x_wconf 90' lang='grc' dir='ltr'>δαμάλεσιν.</span> <span class='ocrx_word' id='word_1_640' title='bbox 3031 4448 3049 4480; x_wconf 82' lang='lat' dir='ltr'><strong>t</strong></span> <span class='ocrx_word' id='word_1_641' title='bbox 3086 4429 3359 4482; x_wconf 81' lang='grc' dir='ltr'>Ἀνατελεῖ</span> <span class='ocrx_word' id='word_1_642' title='bbox 3378 4429 3452 4491; x_wconf 82' lang='grc' dir='ltr'>ὡς</span> <span class='ocrx_word' id='word_1_643' title='bbox 3474 4430 3760 4501; x_wconf 78' lang='grc' dir='ltr'>ἄγρωστις</span> 
     </span>
    </p>
   </div>
   <div class='ocr_carea' id='block_1_88' title="bbox 520 4520 2087 4597">
    <p class='ocr_par' dir='ltr' id='par_1_88' title="bbox 520 4526 2085 4597">
     <span class='ocr_line' id='line_1_88' title="bbox 520 4526 2085 4597; baseline 0.002 -18"><span class='ocrx_word' id='word_1_644' title='bbox 520 4526 576 4580; x_wconf 91' lang='lat' dir='ltr'><strong>in</strong></span> <span class='ocrx_word' id='word_1_645' title='bbox 620 4526 829 4581; x_wconf 88' lang='lat' dir='ltr'><strong>inculto</strong></span> <span class='ocrx_word' id='word_1_646' title='bbox 872 4543 1023 4597; x_wconf 82' lang='lat' dir='ltr'><strong>agro.</strong></span> <span class='ocrx_word' id='word_1_647' title='bbox 1058 4547 1077 4580; x_wconf 82' lang='grc'><strong>›</strong></span> <span class='ocrx_word' id='word_1_648' title='bbox 1112 4528 1389 4584; x_wconf 78' lang='lat' dir='ltr'><strong>Judicabit</strong></span> <span class='ocrx_word' id='word_1_649' title='bbox 1423 4528 1566 4584; x_wconf 88' lang='lat' dir='ltr'><strong>Deus</strong></span> <span class='ocrx_word' id='word_1_650' title='bbox 1613 4527 1826 4584; x_wconf 90' lang='lat' dir='ltr'><strong>facinus</strong></span> <span class='ocrx_word' id='word_1_651' title='bbox 1868 4528 2085 4583; x_wconf 91' lang='lat' dir='ltr'><strong>illorum</strong></span> 
     </span>
    </p>
   </div>
   <div class='ocr_carea' id='block_1_89' title="bbox 2190 4520 3762 4597">
    <p class='ocr_par' dir='ltr' id='par_1_89' title="bbox 2190 4520 3762 4596">
     <span class='ocr_line' id='line_1_89' title="bbox 2190 4520 3762 4596; baseline -0.003 -18"><span class='ocrx_word' id='word_1_652' title='bbox 2190 4527 2362 4596; x_wconf 85' lang='grc' dir='ltr'>κρῖμα</span> <span class='ocrx_word' id='word_1_653' title='bbox 2403 4526 2496 4577; x_wconf 68' lang='grc' dir='ltr'>ἐπὶ</span> <span class='ocrx_word' id='word_1_654' title='bbox 2540 4523 2734 4593; x_wconf 86' lang='grc' dir='ltr'>χέρσον</span> <span class='ocrx_word' id='word_1_655' title='bbox 2765 4521 2959 4591; x_wconf 87' lang='grc' dir='ltr'>ἀγροῦ.</span> <span class='ocrx_word' id='word_1_656' title='bbox 3007 4540 3027 4573; x_wconf 73' lang='grc' dir='ltr'><strong>ι</strong></span> <span class='ocrx_word' id='word_1_657' title='bbox 3060 4522 3253 4591; x_wconf 85' lang='grc' dir='ltr'>Κρινεῖ</span> <span class='ocrx_word' id='word_1_658' title='bbox 3299 4520 3406 4592; x_wconf 80' lang='grc' dir='ltr'><strong>γὰρ</strong></span> <span class='ocrx_word' id='word_1_659' title='bbox 3434 4522 3463 4572; x_wconf 85' lang='grc' dir='ltr'>ὁ</span> <span class='ocrx_word' id='word_1_660' title='bbox 3490 4520 3627 4583; x_wconf 86' lang='grc' dir='ltr'>Θεδς</span> <span class='ocrx_word' id='word_1_661' title='bbox 3655 4521 3762 4590; x_wconf 77' lang='grc' dir='ltr'><strong>τὴν</strong></span> 
     </span>
    </p>
   </div>
   <div class='ocr_carea' id='block_1_90' title="bbox 519 4611 2087 4689">
    <p class='ocr_par' dir='ltr' id='par_1_90' title="bbox 519 4612 2087 4689">
     <span class='ocr_line' id='line_1_90' title="bbox 519 4612 2087 4689; baseline 0.003 -22"><span class='ocrx_word' id='word_1_662' title='bbox 519 4612 790 4683; x_wconf 88' lang='lat' dir='ltr'><strong>iniquum,</strong></span> <span class='ocrx_word' id='word_1_663' title='bbox 820 4631 1036 4686; x_wconf 74' lang='lat' dir='ltr'><strong>pmnam</strong></span> <span class='ocrx_word' id='word_1_664' title='bbox 1064 4623 1272 4671; x_wconf 88' lang='lat' dir='ltr'><strong>tantam</strong></span> <span class='ocrx_word' id='word_1_665' title='bbox 1302 4618 1372 4672; x_wconf 92' lang='lat' dir='ltr'><strong>ob</strong></span> <span class='ocrx_word' id='word_1_666' title='bbox 1401 4618 1455 4672; x_wconf 91' lang='lat' dir='ltr'><strong>id</strong></span> <span class='ocrx_word' id='word_1_667' title='bbox 1484 4618 1892 4689; x_wconf 90' lang='lat' dir='ltr'><strong>eisimponens,</strong></span> <span class='ocrx_word' id='word_1_668' title='bbox 1923 4626 1981 4672; x_wconf 95' lang='lat' dir='ltr'><strong>ut</strong></span> <span class='ocrx_word' id='word_1_669' title='bbox 2003 4616 2087 4672; x_wconf 79' lang='lat' dir='ltr'><strong>ef-</strong></span> 
     </span>
    </p>
   </div>
   <div class='ocr_carea' id='block_1_91' title="bbox 2190 4611 3761 4689">
    <p class='ocr_par' dir='ltr' id='par_1_91' title="bbox 2190 4611 3761 4686">
     <span class='ocr_line' id='line_1_91' title="bbox 2190 4611 3761 4686; baseline -0.003 -17"><span class='ocrx_word' id='word_1_670' title='bbox 2190 4615 2497 4686; x_wconf 87' lang='grc' dir='ltr'>παράνομον</span> <span class='ocrx_word' id='word_1_671' title='bbox 2519 4614 2697 4669; x_wconf 82' lang='grc' dir='ltr'>αὐτῶν</span> <span class='ocrx_word' id='word_1_672' title='bbox 2725 4613 2947 4683; x_wconf 86' lang='grc' dir='ltr'>τόλμαν,</span> <span class='ocrx_word' id='word_1_673' title='bbox 2970 4612 3228 4682; x_wconf 82' lang='grc' dir='ltr'>τοιαύτην</span> <span class='ocrx_word' id='word_1_674' title='bbox 3253 4611 3547 4681; x_wconf 79' lang='grc' dir='ltr'>ἐπαγαγὼν</span> <span class='ocrx_word' id='word_1_675' title='bbox 3568 4612 3761 4675; x_wconf 75' lang='grc' dir='ltr'>αὐτοῖς</span> 
     </span>
    </p>
   </div>
   <div class='ocr_carea' id='block_1_92' title="bbox 518 4702 2087 4780">
    <p class='ocr_par' dir='ltr' id='par_1_92' title="bbox 518 4703 2087 4780">
     <span class='ocr_line' id='line_1_92' title="bbox 518 4703 2087 4780; baseline 0.004 -22"><span class='ocrx_word' id='word_1_676' title='bbox 518 4703 773 4761; x_wconf 82' lang='lat' dir='ltr'><strong>florescat</strong></span> <span class='ocrx_word' id='word_1_677' title='bbox 792 4707 1217 4777; x_wconf 89' lang='lat' dir='ltr'><strong>quodammodo.</strong></span> <span class='ocrx_word' id='word_1_678' title='bbox 1244 4710 1737 4780; x_wconf 86' lang='lat' dir='ltr'><strong>gravissimumque</strong></span> <span class='ocrx_word' id='word_1_679' title='bbox 1766 4719 1819 4763; x_wconf 92' lang='lat' dir='ltr'><strong>et</strong></span> <span class='ocrx_word' id='word_1_680' title='bbox 1847 4710 2087 4765; x_wconf 89' lang='lat' dir='ltr'><strong>terribile</strong></span> 
     </span>
    </p>
   </div>
   <div class='ocr_carea' id='block_1_93' title="bbox 2190 4702 3763 4780">
    <p class='ocr_par' dir='ltr' id='par_1_93' title="bbox 2190 4702 3763 4775">
     <span class='ocr_line' id='line_1_93' title="bbox 2190 4702 3763 4775; baseline -0.004 -13"><span class='ocrx_word' id='word_1_681' title='bbox 2190 4707 2306 4762; x_wconf 74' lang='grc' dir='ltr'>ἀντὶ</span> <span class='ocrx_word' id='word_1_682' title='bbox 2333 4704 2524 4760; x_wconf 77' lang='grc' dir='ltr'>τούτου</span> <span class='ocrx_word' id='word_1_683' title='bbox 2569 4705 2668 4774; x_wconf 80' lang='grc' dir='ltr'>τὴν</span> <span class='ocrx_word' id='word_1_684' title='bbox 2709 4702 3000 4775; x_wconf 86' lang='grc' dir='ltr'>τιμωρίαν,</span> <span class='ocrx_word' id='word_1_685' title='bbox 3032 4703 3107 4767; x_wconf 87' lang='grc' dir='ltr'>ὡς</span> <span class='ocrx_word' id='word_1_686' title='bbox 3134 4703 3364 4773; x_wconf 82' lang='grc' dir='ltr'>ἀνθῆσαι</span> <span class='ocrx_word' id='word_1_687' title='bbox 3395 4721 3476 4769; x_wconf 89' lang='grc' dir='ltr'><strong>τε,</strong></span> <span class='ocrx_word' id='word_1_688' title='bbox 3524 4705 3624 4757; x_wconf 76' lang='grc' dir='ltr'>καὶ</span> <span class='ocrx_word' id='word_1_689' title='bbox 3666 4720 3763 4773; x_wconf 74' lang='grc' dir='ltr'>με-</span> 
     </span>
    </p>
   </div>
   <div class='ocr_carea' id='block_1_94' title="bbox 519 4794 2087 4871">
    <p class='ocr_par' dir='ltr' id='par_1_94' title="bbox 519 4798 2087 4871">
     <span class='ocr_line' id='line_1_94' title="bbox 519 4798 2087 4871; baseline 0.003 -23"><span class='ocrx_word' id='word_1_690' title='bbox 519 4798 766 4853; x_wconf 90' lang='lat' dir='ltr'><strong>visurum</strong></span> <span class='ocrx_word' id='word_1_691' title='bbox 797 4799 869 4854; x_wconf 87' lang='lat' dir='ltr'><strong>sit</strong></span> <span class='ocrx_word' id='word_1_692' title='bbox 906 4798 1001 4855; x_wconf 90' lang='lat' dir='ltr'><strong>Dei</strong></span> <span class='ocrx_word' id='word_1_693' title='bbox 1027 4809 1217 4856; x_wconf 91' lang='lat' dir='ltr'><strong>contra</strong></span> <span class='ocrx_word' id='word_1_694' title='bbox 1251 4802 1353 4857; x_wconf 89' lang='lat' dir='ltr'><strong>hos</strong></span> <span class='ocrx_word' id='word_1_695' title='bbox 1387 4801 1654 4871; x_wconf 89' lang='lat' dir='ltr'><strong>judicium</strong></span> <span class='ocrx_word' id='word_1_696' title='bbox 1689 4819 1702 4855; x_wconf 92' lang='lat'>:</span> <span class='ocrx_word' id='word_1_697' title='bbox 1753 4800 1898 4855; x_wconf 79' lang='lat' dir='ltr'><strong>haud</strong></span> <span class='ocrx_word' id='word_1_698' title='bbox 1932 4800 2087 4856; x_wconf 88' lang='lat' dir='ltr'><strong>aliter</strong></span> 
     </span>
    </p>
   </div>
   <div class='ocr_carea' id='block_1_95' title="bbox 2190 4794 3765 4871">
    <p class='ocr_par' dir='ltr' id='par_1_95' title="bbox 2190 4794 3765 4869">
     <span class='ocr_line' id='line_1_95' title="bbox 2190 4794 3765 4869; baseline -0.001 -20"><span class='ocrx_word' id='word_1_699' title='bbox 2190 4798 2377 4869; x_wconf 81' lang='grc' dir='ltr'>γίστην</span> <span class='ocrx_word' id='word_1_700' title='bbox 2414 4797 2538 4851; x_wconf 83' lang='grc' dir='ltr'>τινὰ</span> <span class='ocrx_word' id='word_1_701' title='bbox 2572 4797 2665 4851; x_wconf 74' lang='grc' dir='ltr'>καὶ</span> <span class='ocrx_word' id='word_1_702' title='bbox 2694 4796 2932 4866; x_wconf 78' lang='grc' dir='ltr'>φοϐερὰν</span> <span class='ocrx_word' id='word_1_703' title='bbox 2969 4796 3202 4865; x_wconf 80' lang='grc' dir='ltr'>φανῆναι</span> <span class='ocrx_word' id='word_1_704' title='bbox 3237 4794 3335 4865; x_wconf 80' lang='grc' dir='ltr'>τὴν</span> <span class='ocrx_word' id='word_1_705' title='bbox 3388 4796 3507 4847; x_wconf 85' lang='grc' dir='ltr'>κατ’</span> <span class='ocrx_word' id='word_1_706' title='bbox 3568 4795 3765 4848; x_wconf 83' lang='grc' dir='ltr'>αὐτῶν</span> 
     </span>
    </p>
   </div>
   <div class='ocr_carea' id='block_1_96' title="bbox 518 4889 2087 4961">
    <p class='ocr_par' dir='ltr' id='par_1_96' title="bbox 518 4889 2087 4961">
     <span class='ocr_line' id='line_1_96' title="bbox 518 4889 2087 4961; baseline 0.004 -23"><span class='ocrx_word' id='word_1_707' title='bbox 518 4898 683 4953; x_wconf 91' lang='lat' dir='ltr'><strong>quam</strong></span> <span class='ocrx_word' id='word_1_708' title='bbox 714 4895 939 4957; x_wconf 87' lang='lat' dir='ltr'><strong>repente</strong></span> <span class='ocrx_word' id='word_1_709' title='bbox 965 4896 1152 4943; x_wconf 90' lang='lat' dir='ltr'><strong>natum</strong></span> <span class='ocrx_word' id='word_1_710' title='bbox 1185 4890 1243 4945; x_wconf 91' lang='lat' dir='ltr'><strong>in</strong></span> <span class='ocrx_word' id='word_1_711' title='bbox 1276 4889 1496 4946; x_wconf 89' lang='lat' dir='ltr'><strong>deserto</strong></span> <span class='ocrx_word' id='word_1_712' title='bbox 1527 4890 1647 4946; x_wconf 91' lang='lat' dir='ltr'><strong>solo</strong></span> <span class='ocrx_word' id='word_1_713' title='bbox 1678 4905 1922 4961; x_wconf 87' lang='lat' dir='ltr'><strong>gramen.</strong></span> <span class='ocrx_word' id='word_1_714' title='bbox 1948 4890 2087 4944; x_wconf 91' lang='lat' dir='ltr'><strong>mul-</strong></span> 
     </span>
    </p>
   </div>
   <div class='ocr_carea' id='block_1_97' title="bbox 519 4980 2084 5052">
    <p class='ocr_par' dir='ltr' id='par_1_97' title="bbox 519 4980 2084 5052">
     <span class='ocr_line' id='line_1_97' title="bbox 519 4980 2084 5052; baseline 0.005 -23"><span class='ocrx_word' id='word_1_715' title='bbox 519 4984 633 5031; x_wconf 93' lang='lat' dir='ltr'><strong>tum</strong></span> <span class='ocrx_word' id='word_1_716' title='bbox 685 4981 871 5033; x_wconf 87' lang='lat' dir='ltr'><strong>statim</strong></span> <span class='ocrx_word' id='word_1_717' title='bbox 914 4980 1309 5037; x_wconf 87' lang='lat' dir='ltr'><strong>incrementum</strong></span> <span class='ocrx_word' id='word_1_718' title='bbox 1356 4984 1519 5052; x_wconf 88' lang='lat' dir='ltr'><strong>capit.</strong></span> <span class='ocrx_word' id='word_1_719' title='bbox 1567 5002 1585 5033; x_wconf 84' lang='grc'><strong><em>‹</em></strong></span> <span class='ocrx_word' id='word_1_720' title='bbox 1645 4983 1801 5052; x_wconf 85' lang='lat' dir='ltr'><strong>Apud</strong></span> <span class='ocrx_word' id='word_1_721' title='bbox 1852 4982 2084 5036; x_wconf 86' lang='lat' dir='ltr'><strong>vitulum</strong></span> 
     </span>
    </p>
   </div>
   <div class='ocr_carea' id='block_1_98' title="bbox 2184 4882 3762 4961">
    <p class='ocr_par' dir='ltr' id='par_1_98' title="bbox 2184 4882 3762 4961">
     <span class='ocr_line' id='line_1_98' title="bbox 2184 4882 3762 4961; baseline -0.003 -19"><span class='ocrx_word' id='word_1_722' title='bbox 2184 4890 2481 4959; x_wconf 85' lang='grc' dir='ltr'>γενομένην</span> <span class='ocrx_word' id='word_1_723' title='bbox 2509 4889 2691 4961; x_wconf 89' lang='grc' dir='ltr'>κρίσιν</span> <span class='ocrx_word' id='word_1_724' title='bbox 2729 4888 2823 4942; x_wconf 89' lang='grc' dir='ltr'><strong>τοῦ</strong></span> <span class='ocrx_word' id='word_1_725' title='bbox 2861 4886 3025 4940; x_wconf 80' lang='grc' dir='ltr'>Θεοῦ’</span> <span class='ocrx_word' id='word_1_726' title='bbox 3079 4887 3175 4956; x_wconf 84' lang='grc' dir='ltr'>οὐχ</span> <span class='ocrx_word' id='word_1_727' title='bbox 3219 4882 3379 4956; x_wconf 81' lang='grc' dir='ltr'>ἦττον</span> <span class='ocrx_word' id='word_1_728' title='bbox 3412 4886 3445 4954; x_wconf 77' lang='grc' dir='ltr'>ἢ</span> <span class='ocrx_word' id='word_1_729' title='bbox 3474 4886 3762 4957; x_wconf 80' lang='grc' dir='ltr'>ἄγρωστις</span> 
     </span>
    </p>
   </div>
   <div class='ocr_carea' id='block_1_99' title="bbox 2181 4976 3764 5052">
    <p class='ocr_par' dir='ltr' id='par_1_99' title="bbox 2181 4976 3764 5052">
     <span class='ocr_line' id='line_1_99' title="bbox 2181 4976 3764 5052; baseline -0.004 -18"><span class='ocrx_word' id='word_1_730' title='bbox 2181 4980 2375 5052; x_wconf 81' lang='grc' dir='ltr'>ἀθρόον</span> <span class='ocrx_word' id='word_1_731' title='bbox 2405 4982 2600 5048; x_wconf 82' lang='grc' dir='ltr'>φυεῖσα</span> <span class='ocrx_word' id='word_1_732' title='bbox 2644 4977 2841 5048; x_wconf 78' lang='grc' dir='ltr'>πολλὴν</span> <span class='ocrx_word' id='word_1_733' title='bbox 2868 4979 2925 5030; x_wconf 90' lang='grc' dir='ltr'><strong>ἐν</strong></span> <span class='ocrx_word' id='word_1_734' title='bbox 2956 4977 3135 5047; x_wconf 77' lang='grc' dir='ltr'>χέρσῳ</span> <span class='ocrx_word' id='word_1_735' title='bbox 3168 4977 3454 5047; x_wconf 87' lang='grc' dir='ltr'>ποιήσαιτο</span> <span class='ocrx_word' id='word_1_736' title='bbox 3498 4976 3601 5047; x_wconf 75' lang='grc' dir='ltr'>τὴν</span> <span class='ocrx_word' id='word_1_737' title='bbox 3633 4977 3764 5028; x_wconf 83' lang='grc' dir='ltr'>ἐπί-</span> 
     </span>
    </p>
   </div>
   <div class='ocr_carea' id='block_1_100' title="bbox 516 5066 2087 5144">
    <p class='ocr_par' dir='ltr' id='par_1_100' title="bbox 516 5067 2079 5144">
     <span class='ocr_line' id='line_1_100' title="bbox 516 5067 2079 5144; baseline 0.003 -23"><span class='ocrx_word' id='word_1_738' title='bbox 516 5068 713 5123; x_wconf 90' lang='lat' dir='ltr'><strong>domus</strong></span> <span class='ocrx_word' id='word_1_739' title='bbox 734 5067 817 5124; x_wconf 90' lang='lat' dir='ltr'><strong>0n</strong></span> <span class='ocrx_word' id='word_1_740' title='bbox 846 5071 1229 5137; x_wconf 88' lang='lat' dir='ltr'><strong>morabuntur,</strong></span> <span class='ocrx_word' id='word_1_741' title='bbox 1268 5074 1361 5144; x_wconf 91' lang='lat' dir='ltr'><strong>qui</strong></span> <span class='ocrx_word' id='word_1_742' title='bbox 1397 5074 1646 5128; x_wconf 89' lang='lat' dir='ltr'><strong>habitant</strong></span> <span class='ocrx_word' id='word_1_743' title='bbox 1697 5073 2018 5129; x_wconf 85' lang='lat' dir='ltr'><strong>Samariam.</strong></span> <span class='ocrx_word' id='word_1_744' title='bbox 2060 5093 2079 5125; x_wconf 75' lang='grc' dir='ltr'><strong>ι</strong></span> 
     </span>
    </p>
   </div>
   <div class='ocr_carea' id='block_1_101' title="bbox 2190 5066 3763 5144">
    <p class='ocr_par' dir='ltr' id='par_1_101' title="bbox 2190 5066 3763 5142">
     <span class='ocr_line' id='line_1_101' title="bbox 2190 5066 3763 5142; baseline -0.003 -18"><span class='ocrx_word' id='word_1_745' title='bbox 2190 5070 2323 5126; x_wconf 76' lang='grc' dir='ltr'>Βοσιν</span> <span class='ocrx_word' id='word_1_746' title='bbox 2345 5072 2445 5142; x_wconf 76' lang='grc' dir='ltr'>τὴν</span> <span class='ocrx_word' id='word_1_747' title='bbox 2473 5070 2703 5124; x_wconf 76' lang='grc' dir='ltr'>οἰκείαν.</span> <span class='ocrx_word' id='word_1_748' title='bbox 2739 5088 2757 5121; x_wconf 81' lang='grc' dir='ltr'><strong>ι</strong></span> <span class='ocrx_word' id='word_1_749' title='bbox 2794 5068 2886 5139; x_wconf 83' lang='grc' dir='ltr'><strong>Τῷ</strong></span> <span class='ocrx_word' id='word_1_750' title='bbox 2914 5070 3099 5138; x_wconf 81' lang='grc' dir='ltr'>μόσχῳ</span> <span class='ocrx_word' id='word_1_751' title='bbox 3127 5066 3223 5120; x_wconf 91' lang='grc' dir='ltr'><strong>τοῦ</strong></span> <span class='ocrx_word' id='word_1_752' title='bbox 3249 5066 3398 5120; x_wconf 81' lang='grc' dir='ltr'>οἴκου</span> <span class='ocrx_word' id='word_1_753' title='bbox 3433 5066 3529 5119; x_wconf 81' lang='grc' dir='ltr'>Ὧν</span> <span class='ocrx_word' id='word_1_754' title='bbox 3555 5084 3763 5138; x_wconf 69' lang='lat' dir='ltr'><strong>mpos-</strong></span> 
     </span>
    </p>
   </div>
   <div class='ocr_carea' id='block_1_102' title="bbox 515 5160 2085 5236">
    <p class='ocr_par' dir='ltr' id='par_1_102' title="bbox 515 5160 2085 5236">
     <span class='ocr_line' id='line_1_102' title="bbox 515 5160 2085 5236; baseline 0.003 -22"><span class='ocrx_word' id='word_1_755' title='bbox 515 5160 850 5217; x_wconf 84' lang='lat' dir='ltr'><strong>Assidebunt</strong></span> <span class='ocrx_word' id='word_1_756' title='bbox 893 5162 1081 5233; x_wconf 88' lang='lat' dir='ltr'><strong>utique</strong></span> <span class='ocrx_word' id='word_1_757' title='bbox 1112 5179 1302 5222; x_wconf 85' lang='lat' dir='ltr'><strong>omnes</strong></span> <span class='ocrx_word' id='word_1_758' title='bbox 1349 5167 1513 5221; x_wconf 90' lang='lat' dir='ltr'><strong>cultis</strong></span> <span class='ocrx_word' id='word_1_759' title='bbox 1559 5181 1587 5218; x_wconf 87' lang='lat' dir='ltr'><strong>a</strong></span> <span class='ocrx_word' id='word_1_760' title='bbox 1615 5180 1673 5221; x_wconf 91' lang='lat' dir='ltr'><strong>se</strong></span> <span class='ocrx_word' id='word_1_761' title='bbox 1701 5165 1972 5236; x_wconf 89' lang='lat' dir='ltr'><strong>juvencis,</strong></span> <span class='ocrx_word' id='word_1_762' title='bbox 2000 5164 2085 5219; x_wconf 86' lang='lat' dir='ltr'><strong>in-</strong></span> 
     </span>
    </p>
   </div>
   <div class='ocr_carea' id='block_1_103' title="bbox 515 5250 2083 5327">
    <p class='ocr_par' dir='ltr' id='par_1_103' title="bbox 515 5250 2083 5327">
     <span class='ocr_line' id='line_1_103' title="bbox 515 5250 2083 5327; baseline 0.003 -22"><span class='ocrx_word' id='word_1_763' title='bbox 515 5253 837 5321; x_wconf 81' lang='lat' dir='ltr'><strong>gruentibus</strong></span> <span class='ocrx_word' id='word_1_764' title='bbox 882 5255 1063 5320; x_wconf 92' lang='lat' dir='ltr'><strong>malis,</strong></span> <span class='ocrx_word' id='word_1_765' title='bbox 1094 5256 1214 5324; x_wconf 84' lang='lat' dir='ltr'><strong>Opis</strong></span> <span class='ocrx_word' id='word_1_766' title='bbox 1261 5257 1495 5327; x_wconf 90' lang='lat' dir='ltr'><strong>alicujus</strong></span> <span class='ocrx_word' id='word_1_767' title='bbox 1537 5257 1687 5312; x_wconf 91' lang='lat' dir='ltr'><strong>illinc</strong></span> <span class='ocrx_word' id='word_1_768' title='bbox 1729 5250 2083 5327; x_wconf 70' lang='lat' dir='ltr'><strong>impetrandae</strong></span> 
     </span>
    </p>
   </div>
   <div class='ocr_carea' id='block_1_104' title="bbox 2178 5157 3763 5233">
    <p class='ocr_par' dir='ltr' id='par_1_104' title="bbox 2178 5157 3763 5233">
     <span class='ocr_line' id='line_1_104' title="bbox 2178 5157 3763 5233; baseline -0.005 -16"><span class='ocrx_word' id='word_1_769' title='bbox 2178 5164 2440 5233; x_wconf 85' lang='grc' dir='ltr'>κήσουσιν</span> <span class='ocrx_word' id='word_1_770' title='bbox 2467 5164 2519 5215; x_wconf 82' lang='grc' dir='ltr'><strong>οἰ</strong></span> <span class='ocrx_word' id='word_1_771' title='bbox 2551 5159 2932 5223; x_wconf 86' lang='grc' dir='ltr'>κατοικοῦντες</span> <span class='ocrx_word' id='word_1_772' title='bbox 2967 5160 3301 5230; x_wconf 84' lang='grc' dir='ltr'>Σαμάρειαν.</span> <span class='ocrx_word' id='word_1_773' title='bbox 3356 5177 3373 5207; x_wconf 74' lang='grc' dir='ltr'><strong>ι</strong></span> <span class='ocrx_word' id='word_1_774' title='bbox 3404 5157 3719 5229; x_wconf 78' lang='grc' dir='ltr'>Προσεδρεό</span> <span class='ocrx_word' id='word_1_775' title='bbox 3739 5189 3763 5199; x_wconf 69' lang='grc' dir='ltr'><strong><em>ο</em></strong></span> 
     </span>
    </p>
   </div>
   <div class='ocr_carea' id='block_1_105' title="bbox 2180 5248 3765 5323">
    <p class='ocr_par' dir='ltr' id='par_1_105' title="bbox 2180 5248 3765 5323">
     <span class='ocr_line' id='line_1_105' title="bbox 2180 5248 3765 5323; baseline -0.006 -15"><span class='ocrx_word' id='word_1_776' title='bbox 2180 5272 2335 5309; x_wconf 88' lang='grc' dir='ltr'>σουσι</span> <span class='ocrx_word' id='word_1_777' title='bbox 2391 5254 2488 5323; x_wconf 79' lang='grc' dir='ltr'>μὲν</span> <span class='ocrx_word' id='word_1_778' title='bbox 2526 5253 2634 5323; x_wconf 89' lang='grc' dir='ltr'><strong>γάρ</strong></span> <span class='ocrx_word' id='word_1_779' title='bbox 2672 5253 2913 5314; x_wconf 73' lang='grc' dir='ltr'>ἅπαντες</span> <span class='ocrx_word' id='word_1_780' title='bbox 2960 5252 3083 5313; x_wconf 86' lang='grc' dir='ltr'>ταῖς</span> <span class='ocrx_word' id='word_1_781' title='bbox 3140 5248 3610 5319; x_wconf 87' lang='grc' dir='ltr'>θεραπευομέναις</span> <span class='ocrx_word' id='word_1_782' title='bbox 3655 5250 3765 5301; x_wconf 82' lang='grc' dir='ltr'><strong>ὑπ’</strong></span> 
     </span>
    </p>
   </div>
   <div class='ocr_carea' id='block_1_106' title="bbox 516 5338 2087 5418">
    <p class='ocr_par' dir='ltr' id='par_1_106' title="bbox 516 5342 2072 5418">
     <span class='ocr_line' id='line_1_106' title="bbox 516 5342 2072 5418; baseline 0.004 -23"><span class='ocrx_word' id='word_1_783' title='bbox 516 5358 631 5410; x_wconf 88' lang='lat' dir='ltr'><strong>spe.</strong></span> <span class='ocrx_word' id='word_1_784' title='bbox 666 5360 688 5395; x_wconf 75' lang='grc' dir='ltr'><strong>ι</strong></span> <span class='ocrx_word' id='word_1_785' title='bbox 734 5342 873 5410; x_wconf 86' lang='lat' dir='ltr'><strong>Quia</strong></span> <span class='ocrx_word' id='word_1_786' title='bbox 912 5345 1051 5400; x_wconf 77' lang='lat' dir='ltr'><strong>luxit</strong></span> <span class='ocrx_word' id='word_1_787' title='bbox 1093 5363 1259 5418; x_wconf 88' lang='lat' dir='ltr'><strong>super</strong></span> <span class='ocrx_word' id='word_1_788' title='bbox 1301 5364 1425 5403; x_wconf 91' lang='lat' dir='ltr'><strong>eum</strong></span> <span class='ocrx_word' id='word_1_789' title='bbox 1453 5349 1686 5417; x_wconf 88' lang='lat' dir='ltr'><strong>populus</strong></span> <span class='ocrx_word' id='word_1_790' title='bbox 1738 5348 1881 5417; x_wconf 90' lang='lat' dir='ltr'><strong>ejus.</strong></span> <span class='ocrx_word' id='word_1_791' title='bbox 1914 5366 1932 5399; x_wconf 74' lang='grc' dir='ltr'><strong>ι</strong></span> <span class='ocrx_word' id='word_1_792' title='bbox 1964 5347 2072 5402; x_wconf 86' lang='lat' dir='ltr'><strong>Sed</strong></span> 
     </span>
    </p>
   </div>
   <div class='ocr_carea' id='block_1_107' title="bbox 2190 5338 3769 5418">
    <p class='ocr_par' dir='ltr' id='par_1_107' title="bbox 2190 5338 3769 5416">
     <span class='ocr_line' id='line_1_107' title="bbox 2190 5338 3769 5416; baseline -0.004 -17"><span class='ocrx_word' id='word_1_793' title='bbox 2190 5346 2356 5400; x_wconf 75' lang='grc' dir='ltr'>κύτῶν</span> <span class='ocrx_word' id='word_1_794' title='bbox 2386 5343 2651 5416; x_wconf 83' lang='grc' dir='ltr'>δαμάλεσι</span> <span class='ocrx_word' id='word_1_795' title='bbox 2690 5343 2797 5397; x_wconf 88' lang='grc' dir='ltr'><strong>τῶν</strong></span> <span class='ocrx_word' id='word_1_796' title='bbox 2848 5342 3035 5395; x_wconf 87' lang='grc' dir='ltr'>κακῶν</span> <span class='ocrx_word' id='word_1_797' title='bbox 3081 5339 3511 5411; x_wconf 85' lang='grc' dir='ltr'>ἐπεληλυθότων,</span> <span class='ocrx_word' id='word_1_798' title='bbox 3573 5338 3769 5392; x_wconf 81' lang='grc' dir='ltr'>ἐλπίδι</span> 
     </span>
    </p>
   </div>
   <div class='ocr_carea' id='block_1_108' title="bbox 519 5434 2079 5509">
    <p class='ocr_par' dir='ltr' id='par_1_108' title="bbox 519 5434 2079 5509">
     <span class='ocr_line' id='line_1_108' title="bbox 519 5434 2079 5509; baseline 0.004 -24"><span class='ocrx_word' id='word_1_799' title='bbox 519 5434 720 5488; x_wconf 90' lang='lat' dir='ltr'><strong>nullam</strong></span> <span class='ocrx_word' id='word_1_800' title='bbox 745 5436 870 5492; x_wconf 90' lang='lat' dir='ltr'><strong>inde</strong></span> <span class='ocrx_word' id='word_1_801' title='bbox 913 5436 1113 5494; x_wconf 89' lang='lat' dir='ltr'><strong>referet</strong></span> <span class='ocrx_word' id='word_1_802' title='bbox 1137 5441 1426 5494; x_wconf 88' lang='lat' dir='ltr'><strong>utilitatem</strong></span> <span class='ocrx_word' id='word_1_803' title='bbox 1459 5459 1470 5493; x_wconf 89' lang='lat'>:</span> <span class='ocrx_word' id='word_1_804' title='bbox 1507 5441 1615 5494; x_wconf 92' lang='lat' dir='ltr'><strong>imo</strong></span> <span class='ocrx_word' id='word_1_805' title='bbox 1646 5439 1827 5509; x_wconf 90' lang='lat' dir='ltr'><strong>potius</strong></span> <span class='ocrx_word' id='word_1_806' title='bbox 1853 5445 1908 5493; x_wconf 90' lang='lat' dir='ltr'><strong>et</strong></span> <span class='ocrx_word' id='word_1_807' title='bbox 1932 5439 2079 5507; x_wconf 87' lang='lat' dir='ltr'><strong>ipsas</strong></span> 
     </span>
    </p>
   </div>
   <div class='ocr_carea' id='block_1_109' title="bbox 518 5526 2076 5598">
    <p class='ocr_par' dir='ltr' id='par_1_109' title="bbox 518 5526 2076 5598">
     <span class='ocr_line' id='line_1_109' title="bbox 518 5526 2076 5598; baseline 0.003 -20"><span class='ocrx_word' id='word_1_808' title='bbox 518 5526 777 5595; x_wconf 86' lang='lat' dir='ltr'><strong>lugebunt</strong></span> <span class='ocrx_word' id='word_1_809' title='bbox 824 5528 1126 5598; x_wconf 88' lang='lat' dir='ltr'><strong>juvencas,</strong></span> <span class='ocrx_word' id='word_1_810' title='bbox 1194 5531 1321 5585; x_wconf 92' lang='lat' dir='ltr'><strong>dum</strong></span> <span class='ocrx_word' id='word_1_811' title='bbox 1385 5533 1597 5585; x_wconf 88' lang='lat' dir='ltr'><strong>illarum</strong></span> <span class='ocrx_word' id='word_1_812' title='bbox 1653 5532 2076 5587; x_wconf 86' lang='lat' dir='ltr'><strong>destructionem</strong></span> 
     </span>
    </p>
   </div>
   <div class='ocr_carea' id='block_1_110' title="bbox 518 5622 2079 5686">
    <p class='ocr_par' dir='ltr' id='par_1_110' title="bbox 518 5622 2079 5686">
     <span class='ocr_line' id='line_1_110' title="bbox 518 5622 2079 5686; baseline 0.004 -16"><span class='ocrx_word' id='word_1_813' title='bbox 518 5628 801 5686; x_wconf 87' lang='lat' dir='ltr'><strong>spectant,</strong></span> <span class='ocrx_word' id='word_1_814' title='bbox 849 5623 1143 5680; x_wconf 84' lang='lat' dir='ltr'><strong>terribilem</strong></span> <span class='ocrx_word' id='word_1_815' title='bbox 1184 5626 1490 5686; x_wconf 84' lang='lat' dir='ltr'><strong>enimvero,</strong></span> <span class='ocrx_word' id='word_1_816' title='bbox 1547 5625 1783 5679; x_wconf 82' lang='lat' dir='ltr'><strong>hostium</strong></span> <span class='ocrx_word' id='word_1_817' title='bbox 1827 5622 2079 5677; x_wconf 89' lang='lat' dir='ltr'><strong>manibus</strong></span> 
     </span>
    </p>
   </div>
   <div class='ocr_carea' id='block_1_111' title="bbox 518 5715 2080 5786">
    <p class='ocr_par' dir='ltr' id='par_1_111' title="bbox 518 5715 2080 5786">
     <span class='ocr_line' id='line_1_111' title="bbox 518 5715 2080 5786; baseline 0.004 -23"><span class='ocrx_word' id='word_1_818' title='bbox 518 5720 904 5780; x_wconf 87' lang='lat' dir='ltr'><strong>perpetratam.</strong></span> <span class='ocrx_word' id='word_1_819' title='bbox 951 5734 969 5766; x_wconf 75' lang='grc' dir='ltr'><strong>ι</strong></span> <span class='ocrx_word' id='word_1_820' title='bbox 1017 5715 1082 5769; x_wconf 83' lang='lat' dir='ltr'><strong>Et</strong></span> <span class='ocrx_word' id='word_1_821' title='bbox 1126 5717 1579 5786; x_wconf 87' lang='lat' dir='ltr'><strong>quemadmodum</strong></span> <span class='ocrx_word' id='word_1_822' title='bbox 1631 5716 1782 5769; x_wconf 90' lang='lat' dir='ltr'><strong>illum</strong></span> <span class='ocrx_word' id='word_1_823' title='bbox 1834 5716 2080 5769; x_wconf 88' lang='lat' dir='ltr'><strong>irritave-</strong></span> 
     </span>
    </p>
   </div>
   <div class='ocr_carea' id='block_1_112' title="bbox 520 5805 2080 5882">
    <p class='ocr_par' dir='ltr' id='par_1_112' title="bbox 520 5805 2080 5882">
     <span class='ocr_line' id='line_1_112' title="bbox 520 5805 2080 5882; baseline 0.004 -29"><span class='ocrx_word' id='word_1_824' title='bbox 520 5810 656 5871; x_wconf 81' lang='lat' dir='ltr'><strong>rant,</strong></span> <span class='ocrx_word' id='word_1_825' title='bbox 688 5805 1000 5877; x_wconf 86' lang='lat' dir='ltr'><strong>gaudebunt</strong></span> <span class='ocrx_word' id='word_1_826' title='bbox 1033 5824 1194 5880; x_wconf 84' lang='lat' dir='ltr'><strong>super</strong></span> <span class='ocrx_word' id='word_1_827' title='bbox 1227 5812 1395 5882; x_wconf 88' lang='lat' dir='ltr'><strong>gloria</strong></span> <span class='ocrx_word' id='word_1_828' title='bbox 1422 5810 1559 5879; x_wconf 79' lang='lat' dir='ltr'><strong>ejus.</strong></span> <span class='ocrx_word' id='word_1_829' title='bbox 1595 5827 1610 5860; x_wconf 71' lang='grc' dir='ltr'><strong>ι</strong></span> <span class='ocrx_word' id='word_1_830' title='bbox 1642 5806 1863 5862; x_wconf 78' lang='lat' dir='ltr'><strong>Multam</strong></span> <span class='ocrx_word' id='word_1_831' title='bbox 1897 5808 2080 5862; x_wconf 86' lang='lat' dir='ltr'><strong>hostes</strong></span> 
     </span>
    </p>
   </div>
   <div class='ocr_carea' id='block_1_113' title="bbox 2185 5430 3772 5506">
    <p class='ocr_par' dir='ltr' id='par_1_113' title="bbox 2185 5430 3772 5506">
     <span class='ocr_line' id='line_1_113' title="bbox 2185 5430 3772 5506; baseline -0.006 -13"><span class='ocrx_word' id='word_1_832' title='bbox 2185 5438 2278 5493; x_wconf 90' lang='grc' dir='ltr'><strong>τοῦ</strong></span> <span class='ocrx_word' id='word_1_833' title='bbox 2303 5440 2448 5502; x_wconf 81' lang='grc' dir='ltr'>τινὸς</span> <span class='ocrx_word' id='word_1_834' title='bbox 2474 5440 2657 5506; x_wconf 85' lang='grc' dir='ltr'>τυχεῖν</span> <span class='ocrx_word' id='word_1_835' title='bbox 2684 5436 2934 5506; x_wconf 85' lang='grc' dir='ltr'>βοηθείας</span> <span class='ocrx_word' id='word_1_836' title='bbox 2965 5434 3191 5487; x_wconf 85' lang='grc' dir='ltr'>ἐκεῖθεν.</span> <span class='ocrx_word' id='word_1_837' title='bbox 3233 5451 3252 5481; x_wconf 77' lang='grc' dir='ltr'><strong>ι</strong></span> <span class='ocrx_word' id='word_1_838' title='bbox 3301 5434 3421 5484; x_wconf 82' lang='grc' dir='ltr'>Ὅτι</span> <span class='ocrx_word' id='word_1_839' title='bbox 3449 5430 3772 5499; x_wconf 82' lang='grc' dir='ltr'>ἐπένθησεν</span> 
     </span>
    </p>
   </div>
   <div class='ocr_carea' id='block_1_114' title="bbox 2183 5521 3771 5594">
    <p class='ocr_par' dir='ltr' id='par_1_114' title="bbox 2183 5521 3771 5594">
     <span class='ocr_line' id='line_1_114' title="bbox 2183 5521 3771 5594; baseline -0.006 -12"><span class='ocrx_word' id='word_1_840' title='bbox 2183 5531 2212 5582; x_wconf 87' lang='grc' dir='ltr'>ὁ</span> <span class='ocrx_word' id='word_1_841' title='bbox 2238 5530 2363 5593; x_wconf 84' lang='grc' dir='ltr'>λαὸς</span> <span class='ocrx_word' id='word_1_842' title='bbox 2389 5528 2552 5582; x_wconf 77' lang='grc' dir='ltr'>αὑτοῦ</span> <span class='ocrx_word' id='word_1_843' title='bbox 2571 5527 2660 5580; x_wconf 83' lang='grc' dir='ltr'><strong>ἐπ’</strong></span> <span class='ocrx_word' id='word_1_844' title='bbox 2689 5527 2871 5580; x_wconf 86' lang='grc' dir='ltr'>αὐτόν.</span> <span class='ocrx_word' id='word_1_845' title='bbox 2904 5544 2922 5576; x_wconf 73' lang='grc' dir='ltr'><strong>ι</strong></span> <span class='ocrx_word' id='word_1_846' title='bbox 2947 5526 3169 5594; x_wconf 87' lang='grc' dir='ltr'>Ὅνησιν</span> <span class='ocrx_word' id='word_1_847' title='bbox 3188 5523 3243 5575; x_wconf 83' lang='grc' dir='ltr'>δὲ</span> <span class='ocrx_word' id='word_1_848' title='bbox 3263 5521 3509 5575; x_wconf 80' lang='grc' dir='ltr'>ἐντεῦθεν</span> <span class='ocrx_word' id='word_1_849' title='bbox 3532 5522 3771 5587; x_wconf 79' lang='grc' dir='ltr'>δέξεται</span> 
     </span>
    </p>
   </div>
   <div class='ocr_carea' id='block_1_115' title="bbox 2183 5614 3773 5693">
    <p class='ocr_par' dir='ltr' id='par_1_115' title="bbox 2183 5614 3773 5693">
     <span class='ocr_line' id='line_1_115' title="bbox 2183 5614 3773 5693; baseline -0.004 -16"><span class='ocrx_word' id='word_1_850' title='bbox 2183 5624 2434 5693; x_wconf 81' lang='grc' dir='ltr'>οὐδεμίαν</span> <span class='ocrx_word' id='word_1_851' title='bbox 2454 5640 2467 5654; x_wconf 71' lang='grc' dir='ltr'><strong>ο</strong></span> <span class='ocrx_word' id='word_1_852' title='bbox 2499 5623 2808 5676; x_wconf 82' lang='grc' dir='ltr'>τούναντίον</span> <span class='ocrx_word' id='word_1_853' title='bbox 2844 5622 2942 5690; x_wconf 86' lang='grc' dir='ltr'>μὲν</span> <span class='ocrx_word' id='word_1_854' title='bbox 2967 5614 3059 5672; x_wconf 81' lang='grc' dir='ltr'>οὖν</span> <span class='ocrx_word' id='word_1_855' title='bbox 3089 5619 3182 5671; x_wconf 79' lang='grc' dir='ltr'>καὶ</span> <span class='ocrx_word' id='word_1_856' title='bbox 3216 5617 3384 5680; x_wconf 83' lang='grc' dir='ltr'>αὐτάς</span> <span class='ocrx_word' id='word_1_857' title='bbox 3416 5618 3773 5688; x_wconf 76' lang='grc' dir='ltr'>πενθήσουσι</span> 
     </span>
    </p>
   </div>
   <div class='ocr_carea' id='block_1_116' title="bbox 2183 5707 3773 5785">
    <p class='ocr_par' dir='ltr' id='par_1_116' title="bbox 2183 5707 3773 5785">
     <span class='ocr_line' id='line_1_116' title="bbox 2183 5707 3773 5785; baseline -0.005 -18"><span class='ocrx_word' id='word_1_858' title='bbox 2183 5714 2281 5777; x_wconf 76' lang='grc' dir='ltr'>τὰς</span> <span class='ocrx_word' id='word_1_859' title='bbox 2305 5713 2582 5785; x_wconf 89' lang='grc' dir='ltr'>δαμάλεις,</span> <span class='ocrx_word' id='word_1_860' title='bbox 2607 5713 2681 5782; x_wconf 90' lang='lat' dir='ltr'><strong>(p.</strong></span> <span class='ocrx_word' id='word_1_861' title='bbox 2710 5713 2800 5779; x_wconf 72' lang='grc'><strong>74)</strong></span> <span class='ocrx_word' id='word_1_862' title='bbox 2830 5710 2930 5781; x_wconf 80' lang='grc' dir='ltr'>τὴν</span> <span class='ocrx_word' id='word_1_863' title='bbox 2964 5710 3277 5779; x_wconf 88' lang='grc' dir='ltr'>καθαίρεσιν</span> <span class='ocrx_word' id='word_1_864' title='bbox 3299 5707 3479 5761; x_wconf 84' lang='grc' dir='ltr'>αὐτῶν</span> <span class='ocrx_word' id='word_1_865' title='bbox 3510 5707 3773 5778; x_wconf 78' lang='grc' dir='ltr'>ὁρῶντες</span> 
     </span>
    </p>
   </div>
   <div class='ocr_carea' id='block_1_117' title="bbox 2187 5797 3765 5877">
    <p class='ocr_par' dir='ltr' id='par_1_117' title="bbox 2187 5797 3765 5877">
     <span class='ocr_line' id='line_1_117' title="bbox 2187 5797 3765 5877; baseline -0.006 -19"><span class='ocrx_word' id='word_1_866' title='bbox 2187 5804 2419 5877; x_wconf 74' lang='grc' dir='ltr'>φοϐεράν</span> <span class='ocrx_word' id='word_1_867' title='bbox 2446 5824 2565 5860; x_wconf 83' lang='grc' dir='ltr'>τινα</span> <span class='ocrx_word' id='word_1_868' title='bbox 2606 5807 2723 5866; x_wconf 85' lang='grc' dir='ltr'>ταῖς</span> <span class='ocrx_word' id='word_1_869' title='bbox 2751 5802 2857 5855; x_wconf 88' lang='grc' dir='ltr'><strong>τῶν</strong></span> <span class='ocrx_word' id='word_1_870' title='bbox 2907 5799 3174 5869; x_wconf 85' lang='grc' dir='ltr'>πολεμίων</span> <span class='ocrx_word' id='word_1_871' title='bbox 3208 5799 3497 5871; x_wconf 85' lang='grc' dir='ltr'>γινομένην</span> <span class='ocrx_word' id='word_1_872' title='bbox 3528 5797 3765 5868; x_wconf 77' lang='grc' dir='ltr'>χερσίν,</span> 
     </span>
    </p>
   </div>
  </div>
