3954 6510
245 305 334 363 185

1274 296 1821 353 COMMENTARIUS
1858 297 1925 353 ΙΝ
1964 296 2167 353 ΟΞΕᾸΞ
2195 296 2344 352 CAP.
2373 296 2440 351 Χ.

3363 288 3466 347 186

248 445 264 476 ι
312 418 438 477 Καὶ·
468 415 649 481 καθὼς
692 415 1109 488 παρεπίκραναν
1161 415 1347 478 αὑτὸν,
1403 413 1793 487 ὲπιχαροῦνται

1896 414 2057 471 idolis
2091 413 2294 469 facient
2326 412 2682 484 ignominiam
2702 449 2719 478 ,
2759 410 3038 481 multaque
3060 408 3227 464 veluti
3262 409 3469 465 redun-

240 514 323 568 ἐπὶ
356 511 455 583 τὴν
495 509 655 575 δόξαν
684 507 878 565 αὐτοῦ.
917 528 935 561 ι
973 507 1149 579 Πολλῇ
1189 509 1289 578 μὲν
1325 507 1433 580 γάρ
1462 509 1511 561 οἰ
1543 508 1792 579 πολέμιοι

240 606 519 677 χρήσονται
546 602 687 657 κατά
714 600 824 654 τῶν
863 598 1094 654 εἰδώλων
1121 602 1186 671 τῇ
1216 599 1411 671 ἀτιμίᾳ
1432 616 1445 630 ο
1498 598 1703 670 πολλῆς
1734 599 1794 654 δέ

239 712 372 759 τινος
400 692 801 765 πλησθήσονται
843 691 942 762 τῆς
983 692 1175 762 ήδονῆς
1192 691 1435 760 ,ὁρῶντες
1468 690 1647 744 αὐτῶν
1689 692 1797 761 ἀφο

238 786 509 859 ηρημένην
548 784 647 854 τὴν
692 783 871 849 δόξαν,
915 784 982 855 ῆν
1016 783 1077 835 τὸ
1114 782 1377 853 πρότερον
1409 778 1552 854 εἶχον
1588 782 1798 853 ψευδῶς

238 878 384 949 παρά
414 880 523 942 τοῖς
552 876 943 930 ἐσπουδακόσιν
974 874 1113 929 αύτά
1142 874 1494 947 θεραπεύειν’
1526 874 1603 938 ὡς
1629 876 1657 928 ὁ
1687 892 1793 946 μα-

236 965 418 1038 κάριος
461 964 609 1032 λέγει
658 965 853 1017 Δαυῖδ’
922 983 941 1015 ι
997 964 1087 1034 Μὴ
1153 964 1548 1035 ὲπιχαρείησάν
1601 982 1692 1036 μοι
1746 966 1797 1019 οἱ

237 1054 414 1126 ἐχθροί
440 1072 539 1125 μου
568 1071 582 1083 ·
617 1074 633 1105 ι
668 1055 788 1107 ἀντὶ
824 1053 936 1118 τοῦ,
985 1054 1076 1126 Μή
1130 1054 1369 1125 ήσθεῖεν,
1418 1053 1489 1107 τά
1531 1055 1798 1108 δοκοῦντα

235 1150 412 1210 αὐτοῖς
449 1146 683 1200 ἐκϐάντα
714 1146 1038 1217 θεασάμενοι
1065 1148 1145 1209 εἰς
1182 1145 1312 1216 ἐμέ·
1352 1144 1526 1209 οὕτως
1567 1144 1799 1199 ἐνταῦθα

233 1239 374 1307 λέγει
400 1238 483 1303 τὸ,
512 1256 530 1289 ι
563 1237 977 1309 Ἐπιχαροῦνται
1005 1238 1097 1290 ἐπὶ
1120 1237 1216 1307 τὴν
1242 1237 1398 1301 δόξαν
1418 1236 1606 1298 αὑτοῦ,
1631 1257 1649 1289 ι
1678 1238 1800 1290 ἀντὶ

233 1331 343 1391 τοῦ,
374 1330 734 1400 Ἠσθήσονται
762 1328 997 1400 ὁρῶντες
1019 1328 1157 1382 αύτά
1177 1328 1275 1398 τῆς
1290 1328 1447 1399 δόξης
1465 1330 1795 1401 ἀφῃρημένα

1891 505 2100 561 dabunt
2145 504 2443 573 voluptate,
2475 503 2606 558 dum
2636 512 2883 575 ereptam
2922 502 3011 558 his
3061 500 3290 571 gloriam
3332 514 3469 555 con-

1891 597 2147 669 spicient,
2181 611 2346 667 quam
2375 606 2556 661 antea,
2588 595 2833 652 fallacem
2868 596 3019 659 licet,
3061 593 3337 649 habebant
3369 594 3469 647 abs

1892 705 2119 747 suorum
2150 690 2497 745 adorantium
2518 688 2722 744 studio.
2754 689 2909 744 Sicut
2932 689 3123 744 beatus
3146 687 3222 742 ait
3251 684 3422 739 David
3449 700 3465 739 :

1900 802 1920 834 ‹
1944 780 2023 837 Ne
2051 780 2488 851 supergaudeaut
2502 780 2634 834 mihi
2656 780 2864 835 inimici
2878 781 2983 835 mei
3001 781 3069 847 ”;
3096 798 3113 831 ι
3132 794 3195 833 ac
3215 778 3259 834 si
3279 776 3425 833 dicat
3449 790 3465 827 :

1890 870 1970 927 Ne
2000 872 2395 940 jucundentur,
2436 871 2565 925 dum
2610 886 2741 925 suos
2765 871 3027 928 adversus
3056 886 3142 926 me
3175 884 3468 925 successus

1892 964 2097 1019 vident.
2115 962 2195 1017 Ita
2215 962 2319 1018 hoc
2336 962 2477 1026 loco,
2507 984 2525 1014 ι
2547 962 2872 1018 Gaudebunt
2900 978 3063 1031 super
3079 964 3247 1033 gloria
3270 964 3412 1031 ejus,
3443 980 3462 1013 ι

1893 1057 2114 1127 ponitur
2147 1070 2267 1126 pro,
2300 1054 2761 1110 Jucundabuntur
2782 1055 3032 1110 videntes
3072 1055 3219 1109 idola
3250 1053 3469 1123 proprio

1896 1150 2105 1204 honore
2128 1149 2383 1218 spoliata.
2425 1165 2445 1198 ι
2481 1148 2620 1213 Quia
2654 1148 3027 1218 migraverunt
3051 1147 3119 1199 ab
3144 1161 3229 1200 eo.
3267 1163 3288 1197 ι
3319 1144 3466 1199 Cun-

1904 1248 2048 1293 ctam
2081 1239 2225 1293 enim
2256 1253 2411 1293 suam
2443 1240 2681 1293 ablatam
2704 1240 2929 1308 gloriam
2951 1239 3153 1301 vident,
3171 1252 3332 1307 quam
3364 1236 3469 1288 im-

1900 1332 2093 1385 merito
2118 1340 2273 1386 antea
2306 1332 2580 1390 tenebant.

230 1425 325 1494 τῆς
366 1423 587 1488 οἰκείας.
640 1444 658 1475 ι
704 1424 826 1477 Ὀτι
867 1423 1282 1494 μετῳκίσθησαν
1327 1425 1420 1477 ἀπ’
1476 1422 1665 1479 αὑτοῦ.
1716 1444 1735 1476 ι
1774 1426 1963 1480 Πᾶσαν
2012 1426 2123 1498 γάρ
2170 1426 2350 1481 αὐτῶν
2404 1428 2767 1501 ἀφῃρημένην
2817 1426 3018 1497 ὁρῶσιν
3071 1425 3167 1495 τὴν
3207 1424 3365 1489 δόξαν
3404 1421 3470 1491 ῆν

232 1516 465 1588 πρόσθεν
492 1512 640 1589 εἶχον
663 1517 724 1570 ού
753 1517 997 1582 δικαίως.

296 1655 449 1725 Στίχ.
490 1654 648 1726 ς’-η⁸.
679 1686 751 1696 -
793 1676 813 1709 ι
845 1657 957 1711 Καὶ
988 1657 1153 1711 αύτδν
1200 1658 1281 1721 είς
1329 1658 1648 1731 Ἀσσυρίους
1696 1658 1790 1730 δή·
1824 1622 1868 1676 Β

232 1764 443 1810 σαντες,
476 1748 796 1819 ἀπήνεγκαν
837 1747 988 1813 ξένια
1027 1748 1105 1820 τῷ
1140 1748 1351 1819 βασιλεῖ
1392 1750 1616 1821 Ἰαρείμ.
1661 1769 1680 1801 ι
1729 1752 1793 1803 Οἰ

228 1840 333 1909 γὰρ
362 1839 428 1909 δή
453 1839 717 1911 πρότερον
744 1840 883 1894 αύτά
913 1840 1239 1913 θεραπεύειν
1264 1840 1564 1906 δοκοῦντες,
1590 1844 1796 1895 ἐπικει-

233 1928 426 1998 μένους
472 1931 595 1993 τοὺς
648 1931 966 2002 ’Δσσυρίους
1018 1931 1284 2004 ὁρῶντες,
1332 1933 1428 1987 ἀτε
1477 1935 1541 1986 ἐκ
1588 1932 1793 2005 χρυσοῦ

228 2020 745 2089 κατεσκευασμένας
773 2022 872 2083 τὰς
897 2022 1156 2093 δαμάλεις
1203 2024 1593 2095 συντρίψαντές
1617 2042 1677 2077 τε
1702 2025 1795 2079 καὶ

231 2112 610 2183 συνδήσαντες,
642 2114 717 2178 ὼς
766 2112 831 2167 ἂν
864 2116 913 2167 εἰ
963 2116 1163 2186 χρυσὸν
1212 2117 1391 2170 κοινὸν
1441 2117 1795 2189 ἀποκομίζειν

232 2201 517 2271 μέλλοντες
546 2204 859 2258 ἀποίσουσιν
892 2204 1081 2277 ὥσπερ
1109 2223 1159 2259 τι
1190 2206 1358 2271 ξένιον
1385 2207 1461 2278 τῷ
1488 2208 1694 2278 βασιλεί
1718 2208 1795 2282 τῷ

226 2293 563 2359 Αἰγυπτίων,
612 2292 861 2363 βοήθειαν
907 2295 1158 2368 εὑρέσθαι
1202 2297 1326 2351 τινά
1388 2300 1795 2370 προσδοκῶντες

226 2384 436 2437 ἐκεῖθεν
456 2402 471 2416 ·
502 2384 659 2437 τοῦτο
689 2384 799 2455 γάρ
826 2386 1010 2451 αὐτοῖς
1038 2388 1304 2459 πολλαχοῦ
1337 2391 1585 2459 φαίνεται
1608 2391 1796 2445 ὀνειδί-

225 2474 335 2537 ζων
363 2479 393 2529 ό
422 2480 727 2550 προφήτης,
756 2479 837 2531 ὅτι
872 2479 971 2549 τὴν
1009 2481 1159 2552 παρά
1188 2482 1298 2534 τῶν
1322 2483 1637 2551 Αἰγυπτίων
1669 2483 1794 2555 βοή-

226 2566 383 2620 θειαν
418 2570 680 2639 ἀνέμενον
735 2572 995 2641 ματαίως.
1040 2573 1113 2643 (ρ.
1154 2572 1241 2643 75)
1275 2573 1340 2625 Τί
1382 2574 1438 2626 δὲ
1468 2576 1791 2646 γενήσεται;

229 2677 250 2712 ι
296 2662 394 2713 Ἑν
413 2661 604 2731 δόματι
638 2660 877 2733 Ἐφραίμ
900 2663 1108 2729 δέξεται
1132 2666 1410 2738 αἰσχύνην.
1443 2687 1459 2718 ι
1492 2668 1661 2739 ’Υπὲρ
1686 2669 1794 2742 γὰρ

220 2752 322 2821 τῆς
353 2752 553 2816 δόσεως
582 2756 795 2825 καὶτῆς
831 2756 923 2808 τοῦ
950 2756 1120 2820 ξενίου
1158 2760 1550 2830 προσκομιδῆς,
1581 2764 1795 2832 αἰσχυν-

222 2843 452 2911 θήσεται
483 2846 511 2896 ό
554 2844 810 2917 Ἐφραῒμ,
838 2846 915 2910 ὼς
947 2848 1097 2900 οὐδὲν
1118 2848 1425 2919 ὠφελήσας,
1457 2852 1591 2904 άλλά
1619 2854 1794 2923 μάτην

1965 1653 2135 1709 Vens.
2177 1654 2291 1710 6-8.
2332 1687 2401 1696 —
2437 1674 2456 1707 ι
2502 1655 2680 1723 Atque
2709 1654 2883 1724 ipsum
2920 1654 3203 1723 alligantes
3230 1654 3473 1708 tulerunt

1896 1762 2126 1801 munera
2166 1747 2276 1817 regi
2311 1745 2501 1803 Jarim.
2543 1765 2562 1799 ι
2602 1746 2705 1812 Qui
2739 1760 2895 1799 antea
2931 1745 3109 1799 colere
3139 1744 3281 1798 idola
3320 1744 3471 1799 vide-

1895 1841 2116 1902 bantur,
2146 1856 2288 1894 nunc
2320 1840 2678 1909 irruptionem
2708 1838 3059 1908 Assyriorum
3090 1836 3357 1901 videntes,
3391 1837 3473 1891 fa-

1894 1933 2133 1987 bricatas
2159 1948 2293 1987 auro
2312 1932 2580 2003 iuvencas
2607 1942 2892 1987 conterent
2918 1929 3028 2002 49
3054 1938 3217 1999 atque
3246 1930 3470 2001 colliga-

1896 2027 2050 2090 bunt,
2081 2033 2141 2079 ut
2171 2033 2428 2094 tanquam
2460 2023 2749 2095 profanum
2777 2039 2970 2077 aurum
2997 2021 3245 2077 deferant
3274 2034 3474 2076 munus

1894 2118 2008 2186 regi
2049 2115 2451 2187 Egyptiorum,
2487 2114 2689 2185 aliquid
2736 2114 2861 2169 inde
2915 2114 3034 2184 opis
3079 2121 3381 2184 sperantes.
3414 2112 3469 2165 ld

1893 2210 2039 2263 enim
2067 2208 2282 2263 videtur
2328 2207 2409 2263 eis
2444 2222 2589 2278 saepe
2626 2207 2960 2276 exprobrare
3007 2206 3292 2275 prepheta,
3323 2202 3471 2274 quod

1896 2301 1966 2355 ab
2016 2299 2287 2371 Egyptiis
2322 2299 2589 2353 auxilium
2639 2299 2841 2351 frustra
2885 2304 3283 2367 exspectarent.
3329 2295 3470 2362 Quid

1895 2402 2075 2446 autem
2126 2391 2253 2446 fiet?
2302 2408 2320 2441 ‹
2362 2389 2419 2444 In
2469 2390 2633 2445 domo
2671 2388 2996 2459 Ephraimus
3030 2389 3205 2457 capiet
3241 2388 3471 2457 ignomi—

1894 2486 2061 2538 niam.
2094 2502 2111 2535 ι
2139 2482 2369 2553 PrOpter
2385 2482 2714 2536 oblationem
2742 2494 3049 2548 munusque
3082 2478 3210 2532 illud
3237 2476 3473 2531 confun-

1895 2577 2054 2631 detur
2080 2575 2429 2645 prraimus,
2461 2574 2612 2628 nullo
2641 2572 3007 2627 emolumento
3038 2572 3259 2640 potitus.
3285 2568 3381 2624 sed
3407 2583 3474 2623 eo

1894 2667 2072 2722 ofﬁcio
2122 2674 2331 2721 temere
2363 2665 2607 2719 functus.
2652 2684 2669 2715 ι
2712 2663 2767 2718 In
2804 2661 3034 2717 consilio
3078 2676 3179 2715 suo
3211 2676 3473 2716 verecun-

1893 2760 2116 2815 dabitur
2137 2758 2323 2814 Israel.
2356 2778 2373 2809 ι
2403 2757 2821 2827 Exspectatione
2848 2771 2944 2810 sua
2972 2754 3165 2807 merito
3182 2751 3473 2807 frustrabi-

1894 2860 2004 2910 tur.
2044 2873 2063 2901 ι
2100 2852 2311 2921 Abjecit
2350 2850 2598 2903 Samaria
2632 2865 2812 2921 regem
2847 2864 3006 2903 suum
3050 2847 3193 2902 sicut
3222 2860 3474 2901 sarmen-

218 2935 285 3002 τῇ
315 2932 525 3003 σπουδῇ
552 2934 894 3005 χρησάμενος
923 2934 1119 3006 ταύτῃ.
1160 2955 1179 2987 ι
1222 2938 1309 2991 Ἐν
1335 2941 1401 3009 τῇ
1432 2936 1591 3010 βουλῇ
1627 2941 1792 2994 αὐτοῦ

1896 2953 2011 2997 tum
2043 2960 2209 3015 super
2248 2943 2438 2997 faciem
2474 2956 2648 3011 aquai.
2694 2960 2715 2995 ι
2766 2938 3183 2993 Machinationis
3222 2936 3369 2989 illius
3406 2949 3471 2989 ac

220 3022 653 3092 αισχυνθήσεται
695 3024 932 3095 Ἰσραὴλ.
973 3043 992 3076 ι
1036 3027 1412 3092 Ἀποτεύξεται
1444 3030 1543 3100 τῆς
1567 3030 1793 3102 προσδο-

218 3115 348 3177 χίας
389 3115 465 3178 ὡς
494 3116 640 3179 είκὸς
668 3117 765 3187 τῆς
804 3117 1028 3181 οἰκείας.
1080 3137 1099 3170 t
1170 3119 1463 3191 Ἀπέρῤιψε
1510 3123 1789 3195 Σαμάρεια

221 3204 458 3274 βασιλέα
485 3205 684 3275 ἑαυτῆς
709 3206 784 3268 ὡς
813 3206 1084 3276 φρύγανον
1100 3208 1193 3260 ἐπὶ¹
1222 3208 1512 3279 προσώπου
1534 3210 1741 3276 ὓδατος.
1768 3231 1788 3265 ι

219 3298 337 3368 Τῆς
379 3296 477 3367 μὲν
503 3297 613 3367 γὰρ
642 3297 891 3368 μηχανῆς
921 3299 1134 3369 ἐκείνης
1161 3301 1373 3371 καὶτῆς
1403 3303 1795 3375 ἐπιχειρήσεως

217 3390 545 3443 ἀποίσονται
572 3389 763 3460 κέρδος
779 3391 933 3443 οὐδέν
955 3407 968 3422 ·
998 3391 1435 3463 κρατηθήσονται
1462 3396 1795 3465 αἰχμάλωτοι

218 3482 449 3543 πάντες,
484 3467 778 3551 ληφθέντος
802 3480 980 3534 αὐτῶν
1002 3483 1209 3535 καὶτοῦ
1241 3484 1523 3553 βασιλέως,
1554 3486 1613 3550 ὃς
1640 3487 1795 3559 δίκην

219 3572 521 3644 φρυγάνων
560 3574 617 3625 ἐν
657 3571 807 3625 ὕδατι
847 3574 1164 3645 φερομένων
1202 3576 1308 3628 ὑπὸ
1346 3576 1456 3629 τῶν
1496 3578 1795 3650 Ἀσσυρίων

218 3662 474 3734 ληφθεὶς,
498 3665 579 3727 είς
608 3663 706 3735 τὴν
730 3663 1018 3736 ἀλλοτρίαν
1038 3665 1411 3737 ἀπαχθήσεται
1434 3667 1638 3740 χώραν,
1661 3669 1793 3739 ἀγό-

222 3772 392 3826 μενος
615 3754 681 3809 ἃν
706 3758 818 3820 τοίς
846 3755 1070 3810 λαϐοῦσι
1098 3757 1248 3828 δοκῇ.
1282 3779 1299 3809 ι
1333 3760 1442 3813 Kal.
1469 3759 1795 3832 ὲξαρθήσον-

218 3865 309 3901 ται
339 3846 515 3917 βωμοὶ
543 3846 656 3911 Ὧν,
684 3848 1055 3919 ἁμαρτήματα
1083 3847 1176 3902 τοῦ
1210 3850 1446 3921 Ἰσραήλ.
1481 3870 1500 3903 ι
1524 3851 1796 3907 Παύσεται

216 3944 251 4012 ή
286 3942 521 4014 περὶτὰ
563 3940 754 3995 είδωλα
788 3941 1072 4012 θεραπεία,
1120 3940 1188 3993 δι’
1229 3936 1305 3993 ὧν
1360 3942 1671 4013 ἡμάρτανεν
1716 3946 1797 4008 είς

216 4034 361 4087 Θεὸν
385 4035 416 4087 ό
462 4033 695 4106 Ἰσραήλ.
724 4051 744 4084 t
772 4031 1036 4085 Ἀκανθαι
1055 4030 1149 4083 καὶ
1171 4032 1409 4103 τρίϐολοι
1433 4034 1797 4106 ἀναϐήσονται

215 4128 314 4179 ira
344 4128 417 4180 τά
442 4127 807 4195 θυσιαστήρια
829 4124 1032 4179 αὐτῶν.
1066 4142 1086 4173 ο
1136 4123 1225 4177 Ἐν
1250 4124 1488 4196 τοσαύτῃ
1510 4128 1797 4197 γενήσεται

216 4217 457 4289 ἐρημίᾳ,
493 4218 570 4280 ὡς
605 4217 827 4288 μηδενὸς
854 4214 1245 4278 ἐπιϐαίνοντος,
1286 4216 1524 4281 ἀκάνθας
1556 4218 1649 4271 καὶ
1685 4235 1799 4289 τρι-

1895 3038 2156 3091 facinoris
2186 3036 2395 3090 nullum
2445 3032 2682 3089 referent
2724 3033 2972 3098 lucrum;
3014 3030 3345 3084 tenebuntur
3376 3042 3470 3081 ca-

1895 3128 2027 3200 ptivi
2058 3144 2268 3188 omnes,
2300 3142 2426 3199 rege
2457 3142 2672 3197 quoque
2705 3124 2946 3195 ipsorum
2988 3131 3179 3192 capto:
3226 3122 3317 3190 qui
3349 3129 3470 3174 tan-

1893 3235 2056 3289 quam
2085 3226 2359 3275 sarmenta
2391 3218 2448 3272 in
2493 3218 2649 3289 aquis
2693 3217 2913 3287 agitata,
2954 3215 3023 3269 ab
3053 3214 3292 3285 Assyriis
3318 3226 3471 3267 com-

1892 3309 2197 3379 prehensus
2228 3308 2279 3361 in
2303 3306 2537 3362 alienam
2572 3304 2942 3376 asportabitur
2973 3312 3196 3365 terram,
3226 3301 3328 3353 hac
3349 3301 3472 3355 illac

1897 3402 2307 3456 circumductus
2336 3407 2501 3469 prout
2537 3398 2835 3453 victoribus
2870 3395 3081 3448 libitum
3124 3392 3307 3446 fuerit.
3348 3411 3366 3442 ι
3407 3389 3473 3444 Ει

1894 3493 2277 3563 disperdentur
2321 3507 2430 3545 ara:
2472 3489 2576 3553 0n,
2624 3496 2906 3558 peccatum
2936 3484 3122 3540 Israel.
3160 3504 3178 3537 ι
3220 3482 3473 3537 Cessabit

1894 3582 2163 3638 idolorum
2210 3585 2446 3647 cultura,
2495 3596 2729 3652 quorum
2781 3595 2951 3634 causa
3005 3575 3252 3648 peccavit
3304 3573 3471 3629 Israel

1894 3684 2085 3731 contra
2127 3675 2319 3732 Deum.
2348 3696 2367 3729 ι
2416 3675 2597 3747 δρίηω
2631 3690 2695 3729 ac
2744 3672 2930 3727 tribuli
2971 3672 3265 3727 aseendent
3308 3680 3471 3736 super

1896 3765 2090 3819 altaria
2113 3780 2326 3821 eorum.
2368 3784 2387 3817 ι
2434 3764 2490 3819 1η
2523 3772 2673 3819 tanta
2698 3769 2859 3818 erunt
2894 3763 3009 3816 haec
3057 3757 3374 3823 solitudine,
3413 3767 3471 3808 ut

1895 3857 2112 3912 nemine
2139 3856 2250 3926 jam
2298 3856 2614 3919 accedente,
2665 3854 2836 3925 spina;
2883 3867 2945 3906 ac
2982 3850 3171 3905 tribuli
3225 3850 3281 3903 in
3331 3849 3471 3901 alta-

1897 3949 2040 4000 rium
2077 3946 2214 4002 loeis
2246 3946 2414 4000 futuri
2446 3947 2575 4001 sint.
2608 3964 2627 3997 ι
2659 3946 2728 3998 Et
2755 3943 2940 3998 dicent
2967 3940 3247 3995 montibus
3280 3957 3291 3991 :
3320 3935 3466 4005 Ope-

1897 4038 1999 4094 rite
2022 4054 2158 4105 nos;
2201 4045 2256 4094 et
2301 4039 2532 4093 collibus
2577 4056 2589 4092 :
2639 4036 2830 4092 Cadite
2875 4050 3040 4103 super
3077 4047 3200 4087 nos.
3244 4049 3264 4081 ι
3300 4030 3469 4101 Opta-

1897 4131 2037 4187 bunt
2078 4130 2182 4186 sub
2213 4130 2299 4185 his
2346 4129 2543 4200 sepulti
2594 4126 3060 4198 eompendiarium
3104 4123 3311 4195 perpeti
3357 4120 3482 4175 exi-

1898 4223 2057 4285 tium,
2086 4223 2269 4292 potius
2305 4236 2467 4291 quam
2495 4218 2857 4290 particulatim
2891 4215 3093 4287 puniri.

214 4314 413 4376 ϐόλους
433 4315 493 4365 ἐν
514 4315 627 4375 τοῖς
650 4311 756 4365 τῶν
788 4308 1184 4381 θυσιαπηρὶων
1210 4306 1348 4362 εἶναι
1371 4310 1574 4374 τόποις.
1615 4329 1636 4363 ι
1668 4312 1779 4366 Καὶ
1822 4313 2006 4385 ἐροῦσι
2059 4317 2168 4378 τοῖς
2200 4315 2370 4387 ὄρεσι,
2405 4312 2695 4382 Καλύψατε
2746 4315 2926 4385 ἡμᾶς,
2961 4314 3056 4367 καὶ
3082 4313 3195 4377 τοῖς
3240 4308 3479 4381 βουνοῖς,

215 4407 425 4459 Πέσετε
468 4407 548 4468 εἰς
577 4406 743 4474 ἡμᾶς.
790 4423 809 4455 ι
857 4406 1316 4477 Ἐπιθυμήσουσιν
1370 4408 1474 4461 ὑπὸ
1506 4408 1715 4474 τούτοις
1764 4413 2047 4481 γεγονότες
2083 4412 2344 4483 σύντομον
2377 4413 2666 4484 ὑπομεῖναι
2714 4412 2812 4483 τήν
2867 4411 3166 4478 ἀπώλειαν,
3215 4406 3404 4481 (p.76)

209 4501 329 4552 τῶν
359 4498 503 4551 κατά
538 4499 701 4568 μέρος
724 4499 1010 4569 ἀνέχεσθαι
1039 4501 1343 4571 τιμωριῶν.

288 4612 447 4682 Στίχ.
476 4611 722 4665 θ’-ια’.--
744 4630 761 4663 ι
787 4613 903 4680 Ἀφ’
919 4606 978 4666 οὗ
996 4614 1045 4664 οἰ
1064 4611 1751 4687 βουνοίῆμαρτονἸσραήλ.
1767 4634 1785 4667 ι

1962 4612 2132 4669 Vitas.
2173 4612 2318 4668 9-H.
2357 4641 2429 4652 —
2471 4627 2494 4665 ι
2528 4609 2609 4664 Ex
2658 4624 2767 4681 quo
2813 4609 2980 4663 colles
3032 4612 3183 4669 sunt,
3224 4607 3474 4676 peccavit

226 4703 520 4757 Ἐντεῦθεν
568 4703 752 4766 αὐτοῖς
792 4704 886 4757 καὶ
920 4704 954 4775 ή
986 4704 1115 4775 περὶ
1154 4704 1216 4756 τὸ
1245 4704 1578 4776 ἁμαρτάνειν
1607 4707 1795 4775 γέγονε

213 4792 451 4863 σπουδὴ.
481 4794 545 4845 ἐκ
574 4792 667 4845 τοῦ
707 4793 798 4845 τὸν
821 4794 954 4846 Θεὸν
983 4795 1218 4863 ἀφέντας
1256 4795 1382 4865 περὶ
1415 4796 1541 4859 τοὺς
1580 4797 1797 4867 βουνοὺς

211 4886 314 4939 καὶ
338 4885 439 4957 τὴν
468 4884 580 4937 τῶν
612 4883 844 4937 εἰδώλων
866 4885 1011 4956 ἔχειν
1042 4886 1357 4957 θεραπείαν.
1401 4908 1419 4939 ι
1466 4888 1613 4942 Ἐκεῖ
1642 4888 1799 4959 ἔστη-

212 4994 343 5032 σαν.
387 4998 406 5029 ι
457 4977 618 5030 Ἀλλά
659 4979 767 5049 γάρ
800 4978 1033 5031 παύεται
1076 4978 1315 5050 αύτῶνή
1364 4981 1676 5051 παρανομία
1712 4980 1799 5035 διὰ

208 5067 318 5137 τῆς
368 5065 665 5137 τιμωρίας.
719 5086 736 5117 ι
786 5067 860 5119 Ού
910 5066 984 5139 μὴ
1042 5068 1323 5139 καταλάϐῃ
1363 5070 1558 5134 αὐτοὺς
1613 5072 1672 5124 ἐν
1718 5071 1797 5143 τῷ

212 5157 420 5228 βουνῷ.
463 5176 481 5209 ι
527 5158 742 5225 Ἀφελεῖ
762 5159 872 5231 γὰρ
896 5161 1095 5223 αὐτοὺς
1118 5162 1151 5232 ή
1178 5160 1522 5230 αἰχμαλωσία
1546 5161 1643 5231 τῆς
1667 5164 1796 5233 περί

150 5290 153 5293 ρ
206 5251 349 5314 τοὺς
394 5249 620 5320 βουνοίδς
670 5251 944 5323 σπουδῆς·
979 5252 1058 5315 ὡς
1109 5253 1306 5323 μηκέτι
1354 5252 1452 5322 μὲν
1498 5254 1554 5305 ἐν
1587 5256 1652 5324 τῇ
1686 5254 1794 5307 τῶν

1892 4704 2082 4760 Israel.
2119 4724 2138 4756 ι
2172 4704 2311 4759 Hinc
2359 4704 2437 4759 eis
2491 4702 2699 4757 exstitit
2727 4698 2987 4768 peccandi
3022 4698 3298 4761 voluntas,
3339 4700 3477 4769 quia.

1895 4812 2091 4867 nempe
2123 4795 2233 4851 Deo
2259 4796 2469 4859 relicto,
2489 4794 2544 4849 in
2574 4793 2808 4848 collibus
2828 4790 3270 4863 superstitionem
3298 4791 3472 4845 idolo-

1896 4905 2017 4945 rum
2049 4888 2399 4945 exercebant.
2443 4904 2461 4938 ι
2500 4885 2578 4941 lbi
2612 4890 2901 4939 steterunt.
2942 4902 2960 4934 ι
2994 4881 3098 4938 Sed
3128 4898 3257 4937 ecce
3286 4882 3474 4937 scelus

1897 4996 2085 5037 eorum
2121 4979 2325 5036 desinit
2354 4986 2574 5049 propter
2609 4976 2968 5046 punitionem.
3006 4994 3024 5026 ι
3064 4973 3180 5029 Non
3216 4988 3472 5042 compre-

1895 5072 2098 5128 hendet
2134 5086 2230 5128 eos
2266 5071 2323 5125 in
2347 5071 2506 5126 colle.
2539 5088 2557 5120 ι
2593 5067 2815 5124 Scilicet
2848 5083 2941 5122 eos
2982 5066 3272 5137 captivitas
3297 5081 3326 5119 a
3356 5064 3468 5121 fre-

1892 5162 2225 5234 quentandis
2262 5161 2496 5216 collibus
2542 5157 2853 5230 prohibebit
2889 5175 2903 5211 :
2938 5164 3101 5226 atque
3141 5156 3197 5209 in
3241 5153 3465 5209 collium

1891 5251 2253 5324 religionibus
2331 5251 2444 5321 jam
2517 5265 2625 5304 non
2699 5247 3067 5313 invenientur,
3127 5243 3469 5314 captivitatis

210 5340 433 5409 βουνῶν
480 5344 833 5414 εὑρίσκεσθαι
880 5344 1167 5416 θεραπείᾳ,
1213 5332 1541 5417 ἠσχολῆοθαι
1574 5346 1630 5400 δὲ
1664 5348 1793 5419 περὶ

1896 5347 2149 5401 aerumnis
2192 5344 2466 5413 occupati.
2520 5360 2539 5394 ι
2575 5340 2783 5396 Bellum
2825 5340 2932 5410 50
2980 5339 3107 5395 ﬁliis
3157 5337 3468 5407 iniquitatis

204 5433 283 5485 τὰ
336 5435 402 5487 ἐκ
445 5435 542 5504 τῆς
581 5436 953 5505 αἰχμαλωσίας
980 5437 1147 5491 κακά.
1180 5456 1198 5490 ι
1236 5438 1476 5507 Πόλεμος
1506 5438 1598 5491 ἐπὶ
1625 5438 1789 5493 τέκνα

1896 5436 2227 5509 supervenit.
2282 5455 2302 5488 ι
2363 5433 2487 5490 Haec
2538 5433 2647 5487 illis
2696 5432 2948 5487 evenient
3011 5430 3082 5485 ob
3138 5428 3466 5498 injustitiam

208 5525 442 5588 ἀδικίας
468 5521 654 5595 ῆλθεν.
691 5545 709 5577 ι
748 5526 934 5589 Ταῦτα
960 5527 1071 5598 γὰρ
1092 5527 1245 5581 ἔσται
1278 5529 1416 5599 ὑπὲρ
1446 5522 1519 5581 ὧν
1550 5528 1787 5597 ἠδίκουν,

1896 5539 2057 5598 atque
2109 5528 2464 5597 impietatem,
2514 5525 2713 5579 bellum
2784 5521 3145 5579 inferentibus
3203 5520 3463 5591 Assyriis.

210 5615 319 5669 καὶ
357 5615 592 5684 ἠσέϐουν
629 5617 1011 5687 ἐπενεχθέντος
1050 5618 1233 5682 αὐτοῖς
1274 5619 1367 5672 τοῦ
1399 5618 1633 5689 πολέμου
1682 5618 1789 5671 τῶν

1902 5640 1919 5672 ι
1955 5620 2117 5676 Juxta
2144 5618 2477 5677 desiderium
2502 5632 2718 5681 eorum,
2749 5616 3042 5685 corripiam
3069 5629 3184 5670 eos.
3227 5634 3245 5665 ι
3275 5612 3463 5669 Addu-

293 5794 345 5826 ”
368 5793 512 5849 Psal.
537 5812 740 5865 xuvn,
773 5798 852 5851 l7.

3022 5920 3117 5928 ,__....
