3954 6566
488 331 588 383 187

1680 340 2026 400 THEODOlll
2062 347 2538 404 MOPSUESTENI

3634 355 3728 409 εδει

486 464 607 500 cam
643 447 725 504 eis
766 448 950 520 itaque
979 452 1142 518 mala,
1173 469 1294 523 quae
1323 457 1674 528 corripiendo
1709 461 2000 525 subiciant,
2033 480 2059 517 a

2178 468 2496 540 Ἀσσυρίων.
2536 487 2554 518 ι
2597 467 2874 521 Παιδεύσω
2902 471 3102 536 αὐτοὺς
3127 471 3267 526 κατά
3307 470 3404 541 τὴν
3437 473 3728 541 ἐπιθυμίαν

488 540 690 606 quibus
743 542 940 595 eruditi
999 545 1217 614 propria
1275 559 1496 616 peccata
1555 561 1873 621 agnoscent.
1920 573 1939 606 ι
1996 555 2060 608 Et

490 633 970 702 congregabuntur
999 652 1164 706 super
1194 653 1290 693 eos
1318 643 1524 710 pepuli.
1548 659 1670 697 cum
1693 647 2062 717 corripientur

492 732 714 789 propter
744 723 882 778 duas
914 725 1238 796 iniquitates
1271 747 1422 786 suas.
1451 752 1468 782 ι
1506 733 1782 790 Grandem
1817 737 2061 793 hostium

492 813 896 869 multitudinem
943 818 1209 875 adversus
1254 838 1346 876 eos
1397 840 1725 894 congeram:
1768 831 2059 900 corripiam

488 920 585 959 eos
611 909 739 973 quia
775 915 831 961 et
860 924 947 962 me
989 912 1367 980 neglexerunt,
1404 921 1458 968 et
1490 916 1651 969 idolis
1690 917 2058 973 adhaeserunt.

495 1015 514 1045 ι
556 995 883 1066 Ephraiinus
911 1002 1077 1055 vitula
1117 1004 1275 1058 docta
1306 1006 1535 1075 diligere
1564 1010 1994 1065 contentionem.
2037 1030 2056 1062 ›

488 1085 666 1141 lnstar
695 1091 876 1144 vitula:
904 1093 1222 1158 resilientis,
1259 1104 1313 1150 et
1347 1112 1607 1166 superare
1639 1100 1938 1156 domitores
1973 1119 2064 1157 vo-

489 1179 673 1242 lentis,
725 1183 807 1235 sic
829 1183 932 1238 iste
970 1201 1000 1236 a
1052 1185 1160 1240 Deo
1193 1189 1443 1252 recessit,
1485 1205 1584 1244 nec
1631 1192 1733 1259 ipsi
1779 1194 2062 1249 servitutis

489 1269 642 1321 socio
681 1271 900 1328 cedens.
945 1293 962 1322 ι
1001 1274 1113 1343 Ego
1151 1283 1331 1331 autem
1375 1283 1585 1332 veniam
1627 1295 1792 1350 super
1826 1284 2065 1351 pulchri-

490 1364 734 1419 tudinem
767 1368 890 1421 colli
927 1369 1065 1437 ejus.
1111 1390 1129 1421 ι
1174 1369 1401 1425 Omnem
1448 1374 1495 1426 ei
1539 1374 1934 1430 formositatem
1968 1377 2064 1431 de-

490 1455 748 1521 traham,
816 1473 921 1527 qua
1006 1462 1373 1530 superbiebat.
1445 1483 1464 1515 ι
1514 1465 1818 1520 Ascendam
1901 1485 2065 1537 super

494 1547 866 1610 lipbraimum.
899 1568 919 1602 ι
973 1549 1255 1620 Tanquam
1303 1555 1485 1610 vitulm
1535 1561 1889 1613 contentiosa:
1931 1563 2064 1614 insi-

490 1647 632 1692 stam
654 1640 859 1694 viribus
882 1643 1038 1697 meis.
1072 1663 1088 1694 ι
1121 1643 1612 1701 ReticeboJudam.
1634 1667 1652 1700 ι
1678 1649 1872 1703 ludam
1899 1653 2062 1705 omit-

490 1739 622 1794 tam,
678 1731 732 1786 id
778 1744 861 1789 est
902 1737 1309 1794 calamitatibus
1366 1743 1606 1794 exerceri
1661 1743 1862 1806 sinam,
1914 1745 2062 1798 nullo

2166 577 2288 629 μου.
2326 579 2343 610 ›
2388 559 2600 626 Ἐπάξω
2633 559 2815 612 τοίνυν
2845 561 3042 626 αὐτοῖς’
3056 564 3202 616 κακά
3238 563 3508 616 παιδεύειν
3536 563 3727 628 αὐτοὺς

2161 651 2471 722 ἀρκούντως
2493 649 2764 719 δυνάμενα
2785 665 2798 679 ·
2830 651 2897 704 δι’
2931 645 3004 705 ὦν
3041 653 3417 715 παιδευθέντες
3446 651 3728 723 αίσθήσον-

2161 760 2251 796 ται
2297 742 2397 812 τῆς
2449 741 2659 795 ἑαυτῶν
2704 743 2917 807 κακίας.
2963 761 2982 795 ι
3021 744 3131 798 Καὶ
3180 743 3598 814 συναχθήσονται
3642 743 3727 795 ἐπ’

2163 833 2360 896 αὐτοὺς
2389 833 2508 886 λαοὶ
2540 834 2598 885 ἐν
2624 832 2702 903 τῷ
2735 834 3085 887 παιδεύεσθαι
3113 835 3310 898 αὐτοὺς
3336 836 3392 887 ἐν
3417 837 3539 897 ταῖς
3579 834 3729 886 δυσὶν

2163 921 2399 983 ἀδικίαις
2438 919 2639 974 αὐτῶν.
2691 939 2710 972 ι
2760 921 2901 976 Πολὺ
2931 923 3040 994 γὰρ
3071 923 3344 994 πολεμίων
3389 921 3591 992 πλῆθος
3643 923 3726 974 ἐπ’

2163 1013 2360 1075 αὐτοὺς
2391 1011 2650 1085 ἀθροίσω,
2703 1014 2941 1068 παιδεύω
2993 1015 3192 1078 αὐτοὺς
3221 1016 3360 1086 ὑπὲρ
3405 1009 3480 1068 ὧν
3507 1014 3642 1085 ἐμοῦ
3671 1032 3728 1067 τε

2163 1102 2418 1172 ἠμέλουν,
2447 1105 2541 1158 καὶ
2568 1106 2680 1168 τοῖς
2700 1105 2936 1170 εἰδώλοις
2968 1110 3272 1178 προσεῖχον.
3305 1126 3323 1157 ι
3375 1106 3612 1177 Ἐφραίμ
3646 1105 3729 1159 δά-

2167 1195 2326 1264 μαλις
2359 1195 2710 1267 δεδιδαγμένη
2739 1199 2958 1269 ἀγαπᾷν
2979 1201 3176 1262 νεῖκος.
3213 1219 3230 1251 ι
3261 1199 3424 1269 Δίκην
3447 1198 3730 1268 δαμάλεως

2163 1286 2580 1358 ἀποσκιρτώσης
2608 1290 2698 1342 καὶ
2727 1294 3092 1360 κατακρατεῖν
3121 1291 3228 1344 τῶν
3251 1289 3599 1360 δαμαζόντων
3623 1289 3730 1343 ἑθε-

2164 1377 2379 1448 λούσης,
2407 1378 2578 1442 οὕτως
2607 1382 2974 1452 ἀφιστάμενος
3006 1381 3100 1434 τοῦ
3133 1383 3267 1434 Θεοῦ
3314 1382 3406 1434 καὶ
3437 1382 3538 1434 οὐκ
3569 1383 3728 1434 εἴκων

2162 1469 2239 1539 τῷ
2289 1469 2506 1538 συζύγῳ
2553 1472 2651 1541 τῆς
2697 1472 2958 1534 δουλείας.
3006 1491 3023 1522 ι
3089 1472 3229 1540 Ἐγὼ
3256 1472 3313 1524 δὲ
3364 1471 3726 1540 ἐπελεύσομαι

2165 1560 2255 1611 ἐπὶ
2285 1561 2345 1612 τὸ
2384 1559 2578 1622 κάλλος
2612 1559 2706 1612 τοῦ
2737 1561 3009 1631 τραχήλου
3056 1563 3244 1633 αὐτῆς.
3286 1582 3304 1612 ι
3351 1563 3538 1614 Πᾶσαν
3564 1563 3726 1630 αὐτῆς

2164 1649 2348 1719 ἀφελῶ
2378 1651 2476 1718 τὴν
2503 1650 2855 1720 εὐπρέπειαν,
2890 1654 2976 1720 ἐφ’
3076 1653 3219 1722 μέγα
3261 1654 3495 1724 ἐφρόνει.
3538 1655 3614 1722 (p.
3642 1653 3726 1721 77)

2171 1760 2189 1792 ι
2213 1740 2471 1794 Ἐπιϐιϐὦ
2490 1739 2566 1810 τῷ
2587 1740 2846 1812 Ἐφραῖμ.
2871 1761 2889 1793 ι
2913 1743 3134 1805 ,Ὠσανεὶ
3154 1745 3434 1813 δαμάλεως
3452 1745 3727 1814 ἐριστικῆς

491 1825 693 1879 auxilio
728 1829 1093 1896 Suppedtlalo.
1154 1829 1307 1884 Sicut
1345 1843 1428 1886 est
1469 1832 1611 1902 apud
1645 1833 1861 1888 beatum
1901 1834 2059 1889 Davi-

2163 1832 2495 1903 ἐπιϐήσομαι
2523 1832 2664 1885 κατὰ
2693 1832 2792 1903 τὴν
2817 1833 3044 1904 δύναμιν
3068 1835 3165 1904 τὴν
3189 1837 3349 1906 ἐμήν.
3384 1853 3402 1886 ι
3439 1837 3727 1906 Παρασιω-

488 1918 641 1972 dem:
694 1937 713 1971 ι
740 1919 818 1974 Ne
846 1931 1028 1978 taceas
1056 1940 1084 1976 a
1121 1926 1291 1988 me",
1325 1944 1344 1976 ο
1379 1925 1431 1980 id
1455 1934 1560 1991 est,
1599 1943 1667 1981 ne
1696 1943 1781 1982 me
1815 1931 2060 1993 omittas,

487 2010 616 2062 dum
662 2013 872 2080 aSpcris
922 2030 1112 2069 versor
1165 2019 1215 2070 iu
1265 2019 1446 2073 rebus.
1502 2037 1521 2069 ι
1583 2017 1955 2075 Roborabitur
2011 2024 2060 2077 ei

486 2101 677 2156 Jacob.
712 2122 730 2154 ι
785 2103 1081 2160 Ostendam
1132 2111 1275 2163 vires
1327 2127 1475 2164 meas
1525 2111 1784 2166 universo
1827 2112 2056 2166 lsraeli:

489 2210 668 2265 neque
722 2194 864 2251 enim
917 2201 1217 2254 obscurum
1270 2212 1376 2266 est,
1418 2199 1589 2257 Jacob
1627 2212 1792 2273 atque
1842 2203 2061 2258 lsraelis

488 2291 802 2347 nominibus
836 2302 1003 2346 totam
1035 2292 1352 2348 Iudaeorum
1381 2306 1597 2365 gentem
1632 2298 1963 2366 nuncupari,
1990 2315 2056 2352 ex

487 2383 572 2437 sui
624 2386 994 2455 progenitot'is
1045 2387 1250 2456 duplici
1300 2388 1664 2456 appellatione
1699 2389 1771 2440 ita
1809 2391 2059 2442 nomina-

488 2486 628 2529 tam:
662 2479 755 2546 qui
783 2487 942 2531 antea
978 2477 1162 2532 dictus
1188 2477 1378 2542 Jacob,
1412 2487 1534 2549 post
1568 2480 1834 2534 visionem
1895 2481 2060 2535 Israel

487 2574 569 2616 est
601 2565 931 2634 appellatus.
970 2567 1128 2619 Sicut
1157 2568 1316 2620 ctiam
1347 2567 1490 2636 apud
1516 2568 1733 2622 beatum
1762 2567 2056 2622 Davidem:

491 2675 511 2704 ι
549 2653 719 2725 Elegit
757 2655 1010 2710 Davidem
1034 2673 1250 2711 servum
1276 2675 1456 2723 suum,
1490 2661 1816 2730 sustulitque
1843 2676 1966 2714 eum
1995 2661 2062 2714 de

487 2747 745 2816 gregibus
793 2750 1015 2814 ovium;
1073 2755 1130 2801 et
1186 2760 1306 2818 post
1355 2753 1607 2804 laetantes
1651 2750 1864 2820 accepit
1896 2767 2061 2816 eum;

495 2852 722 2903 pascere
745 2837 917 2891 Jarob
941 2854 1158 2893 servum
1192 2855 1376 2901 suum,
1408 2848 1460 2892 et
1485 2839 1739 2894 lsraelem
1776 2841 2061 2894 haeredita-

485 2934 594 2978 tem
612 2939 766 2979 suam
793 2923 893 2995 ³⁰⁶;
919 2945 937 2976 ι
971 2929 1240 2981 ambabus
1278 2931 1739 3000 appellationibus
1771 2929 2057 2986 Judaieam

489 3031 701 3085 gentem
732 3022 851 3074 sine
880 3022 1046 3076 dubio
1085 3023 1300 3076 dicens.

2157 1924 2400 1994 πήσομαι
2439 1924 2532 1976 τὸν
2592 1924 2810 1978 Ἰούδαν.
2861 1942 2878 1975 ι
2933 1926 3376 1996 Παραπέμψομαι
3420 1927 3621 1980 Ἰούδαν
3674 1930 3727 1979 ἐν

2158 2016 2347 2076 κακοῖς
2363 2010 2768 2083 ἐξεταζόμενον,
2788 2012 2909 2065 οὐδὲ
2936 2013 3062 2083 μίαν
3082 2013 3230 2079 αύτῷ
3256 2013 3434 2084 νέμων
3458 2013 3724 2084 βοήθειαν·

2155 2101 2265 2155 οἷόν
2303 2105 2420 2154 ἐστι
2445 2103 2595 2172 παρά
2619 2101 2696 2171 τῷ
2724 2102 2976 2172 μακαρίῳ
3001 2099 3162 2154 Δαυῖδ
3185 2100 3267 2162 τὸ,
3297 2120 3314 2150 ι
3340 2101 3727 2170 Μὴπαρασιω-

2155 2196 2336 2264 πήσῃς
2360 2194 2454 2246 ἀπ’
2483 2193 2639 2263 ἐμοῦ,
2664 2212 2684 2244 ι
2723 2193 2844 2246 ἀντὶ
2876 2191 2994 2255 τοῦ,
3018 2192 3109 2261 Μὴ
3141 2192 3486 2261 παραπέμψει
3507 2191 3575 2243 τά
3608 2190 3725 2242 κατ’

2153 2285 2276 2355 ἐμὲ,
2308 2286 2364 2337 ἐν
2386 2284 2644 2354 χαλεποῖς
2668 2283 3050 2352 ἐξεταζόμενον
3078 2283 3413 2352 πράγμασιν.
3441 2303 3458 2332 ι
3483 2281 3726 2348 Ἐνισιύ-

2158 2395 2238 2431 σει
2261 2376 2410 2447 αύτῷ
2451 2375 2666 2430 Ἰακώϐ.
2699 2393 2717 2426 ›
2761 2374 3131 2444 Ἑπιδείξομαι
3159 2373 3255 2444 τὴν
3285 2375 3437 2442 ίσχὺν
3461 2373 3560 2443 τὴν
3591 2371 3728 2441 ἐμὴν

2156 2473 2318 2524 παντὶ
2343 2470 2420 2540 τῷ
2453 2469 2669 2540 Ἰσραήλ
2691 2486 2703 2498 ·
2727 2469 2786 2520 ού
2817 2467 2925 2539 γὰρ
2947 2467 3140 2537 ἄδηλον
3163 2467 3247 2520 ὅτι
3276 2467 3370 2520 καὶ
3410 2465 3607 2519 Ἰακὼϐ
3638 2467 3730 2519 καὶ

2171 2562 2385 2633 Ἰσραὴλ
2417 2562 2478 2614 τὸ
2510 2562 2658 2622 ἔθνος
2709 2561 2852 2614 ἀπαν
2900 2561 3148 2613 καλεῖται
3178 2559 3286 2612 τῶν
3345 2557 3639 2618 Ἰουδαίων,
3669 2558 3728 2608 ὲκ

2157 2654 2250 2707 τοῦ
2305 2651 2646 2723 προπάτορος
2703 2650 2883 2703 αὐτῶν
2941 2651 3276 2719 ἀμφοτέραις
3338 2647 3728 2717 ὀνομαζόμενον

2160 2749 2278 2808 ταῖς
2315 2744 2705 2815 προσηγορίαις
2730 2760 2743 2773 ·
2778 2743 2835 2806 ὃς
2874 2741 3162 2810 λεγόμενος
3198 2742 3457 2811 πρότερον
3513 2737 3726 2800 Ἰακὼϐ,

2166 2837 2302 2907 μετά
2324 2839 2421 2905 τὴν
2445 2835 2710 2888 ὀπτασίαν
2773 2832 2988 2903 Ἰσραὴλ
3018 2832 3292 2902 ἐπεκλήθη
3315 2849 3328 2861 °
3361 2832 3434 2892 ὠς
3465 2833 3560 2882 καὶ
3583 2830 3728 2900 παρὰ

2159 2929 2236 3000 τῷ
2283 2928 2536 2999 μακαρίῳ
2584 2926 2765 2978 Δαυῖδθ
2803 2946 2819 2976 ι
2862 2926 3173 2992 Ἐξελέξατο
3216 2925 3378 2978 Δαυῖδ
3409 2926 3500 2978 τὸν
3545 2925 3728 2978 δοῦλον

2161 3022 2348 3084 αὐτοῦ,
2390 3022 2484 3074 καὶ
2529 3020 2790 3073 ἀνέλαϐεν
2841 3020 3004 3071 αὐτὸν
3051 3021 3116 3071 ἐκ
3168 3019 3273 3070 τῶν
3323 3018 3592 3088 ποιμνίων
3627 3017 3727 3068 τῶν

485 3113 791 3183 προϐάτων,
834 3117 1112 3182 ἐξόπισθεν
1171 3117 1279 3171 τῶν
1327 3117 1697 3188 λοχευομένων
1758 3120 2126 3190 προσελάϐετο
2174 3117 2367 3181 αὐτόν,
2423 3116 2729 3186 ποιμαίνειν
2795 3114 2988 3168 Ἰακὼϐ
3038 3115 3128 3167 τὸν
3182 3114 3363 3167 δοῦλον
3415 3114 3604 3177 αὐτοῦ,
3641 3114 3727 3166 καὶ

495 3201 711 3274 Ἰσραὴλ
738 3205 836 3274 τὴν
865 3205 1224 3279 κληρονομίαν
1258 3213 1420 3265 αὐτοῦ
1440 3232 1452 3244 ·
1493 3233 1512 3265 ι
1547 3216 1882 3289 ἀμφοτέραις
1913 3219 2031 3280 ταῖς
2055 3214 2450 3286 προσηγορίαις
2469 3213 2530 3264 τὸ
2569 3210 2858 3264 Ἰουδαϊκὸν
2890 3211 3040 3273 ἔθνος
3071 3210 3310 3280 εἰρηκότι
3347 3209 3552 3276 σαφῶς.

560 3292 720 3347 Vsus.
768 3296 951 3352 12-15.
989 3319 1078 3351 -‹
1134 3302 1412 3388 ὃοιιιὶηιιιθ
1459 3307 1617 3361 vobis
1658 3307 1726 3361 ad
1765 3307 2059 3377 justitiam,

2238 3307 2386 3375 Στίχ.
2433 3303 2612 3374 ιβ’-ιε’.
2645 3331 2717 3342 —
2745 3321 2765 3354 ι
2796 3303 3063 3372 Σπείρατε
3106 3304 3316 3365 ἑαυτοῖς
3351 3304 3432 3364 είς
3453 3300 3720 3354 δικαιοσύ-

487 3392 674 3440 metite
702 3388 767 3440 ad
813 3390 1046 3445 l'ructum
1084 3394 1226 3448 vitae.
1285 3415 1302 3445 ›
1345 3395 1531 3451 Facite
1567 3413 1700 3467 ergo
1731 3400 2061 3455 omnimodae

481 3474 713 3544 justitia:
764 3493 962 3547 opera;
1016 3498 1080 3536 ex
1136 3486 1221 3539 his
1272 3487 1416 3540 enim
1462 3490 1769 3547 seminibus
1821 3491 2059 3546 fructum

488 3568 613 3650 vitae
650 3577 853 3625 metere
890 3574 1035 3628 licet.
1091 3594 1111 3627 ο
1160 3577 1458 3634 Accendite
1492 3580 1592 3650 51
1629 3583 1782 3637 vobis
1822 3584 2063 3639 scientia

489 3659 696 3714 lumen.
739 3681 756 3712 ι
794 3662 930 3716 Dum
974 3677 1190 3737 tempus
1221 3669 1458 3734 habetis,
1491 3674 1741 3729 veritatis
1774 3676 2061 3732 scientiam

486 3756 792 3823 acquirite:
831 3765 956 3810 ante
1007 3760 1309 3828 punitionis
1358 3772 1592 3834 tempus,
1645 3776 1912 3835 quantum
1945 3770 2060 3825 lieri

487 3848 709 3915 poterit,
762 3849 1084 3917 pmnitentia
1142 3854 1394 3909 redimite
1433 3857 1704 3910 malorum
1755 3862 2063 3927 perpessio-

487 3956 634 3993 nem.
690 3959 710 3992 ‹
744 3941 978 4008 Quaerite
1035 3943 1363 4009 Dominum,
1407 3947 1581 4002 donec
1633 3950 1790 4003 vobis
1842 3951 2062 4004 veniant

487 4030 670 4102 fruges
700 4033 948 4102 justitiae.
997 4055 1014 4088 ο
1054 4035 1214 4091 Omni
1249 4052 1381 4091 cura
1412 4037 1464 4091 id
1495 4040 1721 4109 satagite
1769 4041 1916 4110 quod
1953 4040 2061 4096 Deo

486 4125 686 4194 placet,
720 4139 776 4181 ut
808 4131 966 4185 vobis
1003 4131 1277 4200 justitiam
1313 4133 1513 4186 lucrari
1543 4133 1846 4204 contingat.
1897 4151 1915 4183 ι
1950 4133 2062 4188 Cur

485 4215 885 4274 dissimulastis
935 4221 1292 4290 impietatem,
1329 4229 1384 4276 et
1431 4221 1668 4276 fructum
1715 4224 1835 4292 ejus
1871 4225 2062 4278 vinde-

487 4308 724 4374 miastis,
773 4311 1018 4365 fallacem
1067 4312 1303 4366 fructum
1353 4315 1712 4369 eomedistis?
1748 4334 1766 4366 ι
1823 4315 2062 4372 Desinite

486 4395 672 4458 facere
725 4405 908 4472 qualia
958 4404 1088 4457 olim
1136 4405 1351 4474 egistis,
1388 4405 1797 4462 dissimulantes
1833 4410 2065 4463 reticen-

487 4505 680 4565 tesquc
708 4495 762 4548 in
803 4503 953 4548 tanta
985 4510 1107 4564 quae
1145 4495 1308 4549 ﬁebat
1360 4497 1656 4565 impietate,
1701 4513 1825 4552 cum
1870 4509 2059 4556 contra

490 4587 540 4640 ei
576 4585 927 4640 irascendum
979 4585 1194 4649 fuisset,
1243 4602 1311 4640 ex
1358 4602 1465 4654 qua
1498 4586 1734 4642 fructum
1783 4606 1970 4647 errore
1999 4607 2063 4646 ac

2161 3414 2279 3466 νην,
2315 3397 2409 3449 καὶ
2431 3396 2680 3467 θερίσατε
2712 3397 2793 3458 είς
2826 3394 3037 3465 καρπὸν
3060 3393 3226 3463 ζωῆς.
3263 3413 3282 3445 ›
3316 3395 3594 3465 Πράττετε
3620 3396 3724 3448 τοί-

2162 3505 2257 3540 νυν
2284 3489 2320 3541 ἀ
2352 3488 2530 3558 πάσης
2551 3485 2895 3557 δικαιοσύνης
2921 3487 3066 3539 ἐστὶν
3090 3486 3256 3556 ἔργα·
3289 3487 3363 3555 (p.
3402 3487 3488 3546 78)
3529 3489 3596 3539 ἐκ
3623 3487 3725 3557 γὰρ

2162 3578 2268 3630 τῶν
2295 3577 2548 3631 τοιούτων
2583 3575 2911 3646 σπερμάτων
2957 3574 3130 3630 ἔνεστι
3177 3575 3319 3646 ζωῆς
3354 3575 3566 3646 θερίσαι
3600 3593 3725 3645 καρ-

2163 3669 2282 3721 πόν.
2320 3688 2338 3719 ‹
2379 3667 2648 3720 Φωτίσατε
2683 3669 2896 3729 ἑαυτοῖς
2927 3666 3040 3735 φῶς
3071 3668 3343 3734 γνώσεως.
3385 3686 3404 3719 ι
3440 3668 3585 3731 Ἕως
3617 3669 3726 3720 ἔστι

2163 3760 2373 3830 καιρὸς,
2406 3759 2503 3830 τῆς
2528 3758 2784 3827 ἀληθείας
2817 3758 3104 3828 μετέλθετε
3127 3759 3224 3827 τὴν
3253 3759 3475 3827 γνῶσιν,
3502 3761 3606 3830 πρὸ
3635 3759 3723 3812 τοῦ

2162 3851 2352 3923 καιροῦ
2391 3851 2488 3920 τῆς
2513 3851 2806 3920 τιμωρίας,
2845 3853 2904 3903 ἐν
2939 3851 3046 3920 ὅσῳ
3074 3851 3724 3922 δυνατὺνμεταμεληθέν-

2160 3962 2280 4008 τας,
2317 3945 2575 4014 κερδᾶναι
2609 3943 2716 3994 τῶν
2753 3941 2938 3995 κακῶν
2977 3943 3074 4012 τὴν
3117 3945 3328 4012 πεῖραν.
3383 3960 3401 3992 ι
3465 3943 3724 4011 Ἐκζητή·

2164 4055 2290 4091 σατε
2317 4038 2406 4089 τὸν
2451 4036 2654 4107 Κύριον
2694 4035 2798 4097 ἕως
2831 4033 2923 4087 τοῦ
2959 4033 3130 4086 ἐλθεῖν
3154 4037 3280 4104 ὑμῖν
3309 4035 3628 4104 γεννήματα
3653 4035 3725 4086 δι-

2161 4128 2472 4197 καιοσύνης.
2513 4147 2531 4178 ι
2560 4126 2819 4197 Φροντίὸα
2844 4127 3022 4178 πᾶσαν
3049 4124 3346 4195 ποιήσασθε
3371 4124 3479 4176 τῶν
3508 4124 3586 4194 τῷ
3611 4125 3726 4194 θεῷ

2160 4219 2480 4284 δοκούντων,
2528 4219 2603 4281 ὡς
2646 4218 2712 4272 ἂν
2757 4217 3109 4291 προσγένοιτο
3157 4217 3286 4285 ὑμῖν
3327 4216 3724 4288 καρπώσασθαι

2160 4312 2258 4383 τὴν
2284 4310 2650 4378 δικαιοσύνην.
2679 4328 2696 4361 ι
2734 4310 2854 4362 ἰνα
2883 4309 2934 4362 τί
2964 4309 3420 4379 παρεσιωπήσατε
3449 4308 3721 4370 ἀσέϐειαν,

2162 4405 2256 4457 καὶ
2287 4403 2376 4457 τὸν
2408 4402 2619 4474 καρπὸν
2657 4402 2825 4470 αὐτῆς
2855 4402 3213 4471 ἐτρυγήσατε,
3250 4400 3480 4468 ἐφάγετε
3516 4402 3727 4470 καρπον

2160 4496 2362 4566 ψευδῆ;
2402 4514 2418 4547 ι
2457 4493 2745 4546 Παύσασθε
2774 4492 2953 4563 δήτοῦ
2989 4491 3214 4545 τοιαῦτα
3242 4496 3413 4545 ποιεῖν
3431 4509 3446 4523 ο
3481 4495 3643 4546 ὁποῖα
3664 4494 3725 4563 δή

2161 4589 2223 4641 τὸ
2263 4588 2526 4659 πρότερον
2556 4588 2810 4646 ἐποιεῖτε,
2844 4585 3338 4656 παραπεμπόμενοί
3381 4603 3441 4637 τε
3470 4587 3566 4639 καὶ
3601 4587 3724 4655 ἠσυ-

488 4690 818 4732 nocumento
863 4679 1082 4748 plenum
1125 4680 1435 4748 carpsistis.
1485 4701 1502 4730 ι
1540 4679 1677 4747 Quia
1721 4685 1954 4751 sperasti
2001 4687 2055 4738 in

2160 4677 2414 4750 χάζοντες
2441 4679 2534 4730 ἐπὶ
2559 4676 2783 4748 ἀσεϐείᾳ
2827 4677 3124 4749 γιγνομένῃ
3150 4677 3406 4748 τοσαύτῃ,
3432 4677 3550 4732 δέον
3592 4679 3726 4745 ἀγαο

489 4771 747 4825 curribus
782 4771 916 4833 tuis,
946 4772 999 4823 in
1033 4771 1376 4825 exercituum
1409 4781 1627 4826 tuorum
1660 4775 2008 4832 multitudine
2037 4795 2052 4844 ;

488 4877 618 4917 ecce
652 4863 859 4916 orietur
906 4862 1140 4931 perditio
1171 4864 1373 4932 popqu
1404 4873 1517 4924 tuo.
1551 4874 1606 4919 et
1646 4881 1836 4921 omnes
1868 4870 2052 4922 muni-

489 4954 666 5008 tiones
699 4962 804 5006 tua:
846 4953 1216 5007 destruentur.
1265 4971 1283 5003 ι
1320 4950 1397 5005 Tu
1431 4954 1649 5023 quidem
1696 4956 2053 5013 existimabas

595 5113 641 5144 ³⁸
675 5112 820 5167 Psal.
854 5127 1020 5179 xxvu,
1055 5114 1107 5167 l.
1184 5112 1250 5144 ³⁰⁶
1279 5117 1420 5172 Psal.
1449 5131 1645 5182 Lxxvu,
1683 5116 1771 5173 76.

556 5268 668 5340 (l0)
705 5266 1215 5340 Animadvertamus
1264 5262 1598 5340 praeclaram
1625 5261 1912 5340 lectionem
1951 5263 2052 5334 81p-

490 5332 932 5412 pacu'curribus,
965 5350 1130 5412 quam
1157 5348 1345 5404 reapse
1379 5332 1606 5412 requirit
1637 5333 1894 5412 versiculi
1929 5332 2057 5412 con-

487 5401 668 5465 textus
715 5415 769 5461 et
819 5421 937 5462 mos
985 5401 1225 5460 biblicus
1252 5401 1611 5472 'geminandi
1640 5402 1965 5456 sententiam
2001 5405 2054 5458 in

484 5477 872 5534 bernisticbiis.
933 5471 1302 5530 Conllrmatur
1331 5474 1446 5527 haec
1495 5471 1654 5528 lectio
1709 5474 1948 5525 curribus
1989 5476 2057 5526 ab

488 5549 725 5604 Arabico
773 5549 1072 5616 interprete
1105 5545 1160 5598 in
1194 5543 1533 5616 Polyglottis,
1570 5558 1784 5616 necnon
1827 5543 1918 5616 a_b_
1951 5543 2056 5596 Ita-

489 5621 595 5674 lica
627 5630 830 5680 vetere,
855 5612 976 5672 eta.
1002 5616 1096 5670 Gr.
1119 5616 1271 5668 Alex.
1295 5612 1348 5668 et
1365 5613 1586 5681 Barber,
1637 5613 1778 5681 apud
1832 5612 2055 5668 Sabate-

493 5691 662 5742 rium.
697 5675 950 5741 Attamen
989 5688 1105 5756 ipse
1136 5685 1305 5739 codex
1325 5684 1540 5756 celeber
1562 5675 1686 5756 Yat.
1729 5683 1884 5743 1209,
1929 5699 2051 5756 cum

492 5761 616 5825 ejus
638 5756 882 5813 Romana
902 5752 1159 5819 editione,
1180 5764 1233 5809 et
1246 5753 1523 5825 comumni
1555 5752 1745 5807 (ἔταξεο
1768 5760 1936 5817 textu,
1966 5753 2056 5806 ha-

498 5824 628 5885 bent
660 5827 1041 5898 ἁμαρτήμασι,
1059 5826 1306 5892 peccatis.
1334 5824 1560 5878 Veteres
1578 5830 1756 5877 autem
1779 5825 2056 5877 vcrsioncs

2160 4774 2377 4825 νακτεῖν
2401 4772 2488 4824 ἐπ’
2518 4770 2677 4840 αὐτῇ,
2699 4763 2766 4840 ἦς
2793 4769 2882 4822 τὸν
2911 4769 3122 4839 καρπὸν
3153 4769 3484 4838 ἐκομίσασθε
3513 4769 3724 4838 ἀπάτης

2159 4864 2252 4916 καὶ
2275 4862 2474 4932 βλάϐης
2494 4860 2709 4931 μεστόν.
2733 4879 2750 4910 ι
2777 4861 2900 4913 Ὅτι
2926 4860 3160 4931 ἧλπισας
3183 4862 3240 4914 ἐν
3257 4862 3370 4922 τοῖς
3390 4859 3602 4931 ἅρμασί
3617 4861 3722 4935 (10)

2161 4971 2274 5020 σου,
2321 4955 2378 5007 ἐν
2419 4953 2610 5025 πλήθει
2642 4952 2922 5023 δυνάμεων
2977 4969 3106 5006 σουο
3158 4953 3255 5007 καὶ
3301 4951 3720 5023 ἐξαναστήσεται

2154 5274 2316 5333 atque
2355 5266 2474 5337 ipse
2511 5266 2816 5338 Hebraicus
2855 5274 3060 5330 textus,
3101 5267 3225 5338 plus
3248 5267 3429 5338 minus
3464 5267 3529 5320 ad
3576 5269 3724 5325 Cra:-

2155 5353 2274 5389 cam
2308 5336 2653 5391 communem
2685 5337 2973 5392 lectionem
3013 5336 3301 5392 acc—edunt.
3333 5336 3438 5392 Sed
3478 5345 3533 5392 et
3561 5342 3724 5393 aliam

2153 5408 2471 5461 varietatem
2513 5423 2620 5460 non
2662 5407 3030 5462 reticebimus.
3066 5408 3231 5461 lletro
3279 5409 3422 5461 enim
3465 5424 3520 5477 p.
3552 5411 3643 5471 44,
3671 5428 3722 5465 v.

2154 5477 2326 5549 ult.in
2362 5485 2512 5549 textu
2533 5478 2756 5549 _lllbliCO
2788 5477 3171 5549 οῖσι-σκοπόν,
3235 5486 3393 5549 prout
3447 5479 3607 5549 vulgo
3671 5482 3722 5534 in

2153 5548 2483 5602 editionibus
2521 5547 2761 5612 Graecis;
2804 5559 2858 5600 at
2889 5547 3303 5616 Mopsuestenus
3339 5547 3392 5600 in
3443 5547 3724 5603 commen—

2154 5618 2293 5670 tario
2339 5617 2752 5672 demonstrabat
2791 5632 2852 5671 se
2883 5618 3081 5687 legisse
3127 5616 3290 5670 σῦκον
3326 5618 3503 5686 ﬁcum.
3559 5636 3721 5686 quam

2160 5688 2499 5757 verissimam
2529 5686 2893 5757 Mopsuesteni
2916 5686 3202 5757 lectionem
3236 5687 3560 5741 conﬁrmant
3589 5690 3719 5741 Itala

2165 5755 2283 5810 Lat.
2320 5765 2426 5810 vet.
2459 5755 2638 5825 ficum,
2674 5757 2888 5826 vulgata
2914 5756 3032 5810 Lat.
3063 5758 3236 5824 prima
3265 5773 3420 5825 poma
3461 5757 3719 5824 ﬁculnea.

2169 5834 2222 5879 et
2256 5827 2335 5882 sic
2355 5826 2660 5882 Orientales
2682 5827 2954 5882 variarum
2975 5827 3280 5898 linguarum
3309 5834 3509 5882 textus.
