3954 6506
203 318 287 372 139
1198 270 1748 389 (ΞΟΜΜΕΝΤΓΑΠΙΠΞ

1886 321 2087 377 083Λέ
2129 327 2209 379 CA
2222 326 2278 378 P.
2319 325 2408 379 XI.

3314 325 3418 374 190

201 433 424 488 ἀπώλεια
454 435 509 485 ἐν
546 434 622 504 τῷ
644 434 758 504 λαῷ
794 453 905 497 σου,
944 436 1036 488 καὶ
1061 437 1236 489 πάντα
1268 438 1334 488 τὰ
1365 438 1741 506 τετειχισμένα

1866 441 2088 495 adlicere
2135 442 2232 495 tibi
2286 444 2429 496 vires
2481 450 2601 496 tuas
2662 442 2726 494 ad
2785 439 2979 494 hostile
3031 438 3261 500 bellum;
3321 437 3411 491 sed

203 542 282 577 σου
325 523 771 594 ἀφανισθήσεται.
815 547 833 578 ι
887 527 957 578 Σὺ
993 527 1090 595 μὲν
1119 527 1227 597 γὰρ
1263 527 1367 597 ᾤου
1403 529 1499 598 τὴν
1528 529 1756 597 δύναμιν

201 617 375 685 ἀρκεῖν
425 632 506 666 σοι
538 611 634 683 τὴν
683 617 890 669 οἰκείαν
919 619 997 680 είς
1028 618 1119 669 τὸν
1165 619 1303 672 κατά
1349 621 1454 672 τῶν
1506 621 1757 672 ἐναντίων

203 707 423 775 πόλεμον
447 724 461 736 ·
504 707 640 776 πρὸς
677 709 986 760 τούναντίον
1019 708 1078 760 δὲ
1109 711 1284 762 πάντα
1313 711 1627 779 ἐκϐέϐηκεν,
1658 713 1761 762 ἀπ-

201 795 381 856 ωλείας
415 795 746 864 κατεχούσης
777 796 952 847 πάντα
983 797 1072 848 τὸν
1098 797 1244 862 λαὸν,
1268 799 1342 861 ὡς
1361 801 1452 850 καὶ
1474 800 1570 862 τὰς
1593 817 1759 851 τετει-

204 885 454 955 χισμένας
506 886 892 955 καθαιρεθῆναι
943 888 1144 950 πόλεις.
1184 910 1200 940 ‹
1258 891 1445 954 Καθὼς
1489 893 1758 964 ἠφανίσθη

201 979 224 1028 ὀ
247 976 424 1045 ἄρχων
455 977 707 1044 Σαλμανά
732 980 788 1028 ἐν
815 979 889 1047 τῷ
911 978 1043 1048 οἴκῳ
1071 980 1162 1031 τοῦ
1199 981 1426 1051 ’Λρϐεὴλ
1450 985 1506 1033 ἐν
1528 984 1760 1053 ἡμέραις

205 1066 429 1134 πολέμου
451 1084 463 1095 ·
506 1074 579 1136 (p.
627 1069 711 1135 79)
750 1070 960 1139 μητέρα
988 1071 1079 1121 ἐπὶ
1110 1072 1318 1134 τέκνοις
1347 1073 1610 1140 ἠδάφισαν
1633 1092 1643 1103 ·
1671 1074 1760 1126 οῦ-

201 1174 297 1218 τως
331 1160 540 1225 ποιήσω
573 1159 719 1227 ύμῖν,
754 1155 897 1220 οἶκος
931 1158 1163 1229 Ἰσραὴλ,
1193 1162 1300 1213 ἀπὸ
1334 1162 1626 1232 προσώπου
1662 1165 1762 1228 τῆς

202 1249 392 1310 κακίας
418 1249 587 1316 ὑμῶν.
627 1270 642 1298 ι
684 1250 893 1302 ὐποῖον
922 1252 1027 1320 γὰρ
1053 1251 1115 1321 δὴ
1141 1253 1262 1304 τότε
1295 1255 1592 1323 ὑπέμειναν
1620 1258 1760 1323 ἀφα-

202 1336 385 1403 νισμὸν
426 1338 643 1396 ἐκεῖνοι,
694 1337 993 1406 βαρυτάτου
1029 1340 1124 1407 μὲν
1168 1343 1363 1404 αὐτοὺς
1420 1346 1535 1413 (sic)
1570 1347 1759 1412 ἀφανι-

204 1425 334 1493 σμοῦ
381 1429 666 1493 γεγονότος
697 1431 791 1480 καὶ
838 1429 930 1481 τοῦ
973 1431 1230 1500 πολέμου,
1273 1434 1666 1503 ἀναιρεθέντων
1707 1437 1762 1488 δὲ

204 1520 288 1568 σὺν
318 1523 433 1580 τοῖς
466 1520 673 1581 τέκνοις
709 1521 815 1571 τών
861 1525 1255 1593 γεννησάντων·
1291 1525 1524 1578 τοιοῦτον
1556 1529 1761 1597 ὑπομε-

198 1612 333 1660 νεῖτε
383 1613 475 1662 καὶ
524 1611 618 1662 νῦν
658 1613 813 1680 ὑμεῖς
842 1614 890 1664 oi
923 1615 1015 1665 τοῦ
1079 1617 1313 1684 Ἰσραὴλ,
1365 1618 1623 1685 ἀνάλογον
1667 1622 1763 1689 τῆς

199 1702 392 1763 κακίας
429 1704 579 1770 ὑμῶν
618 1703 894 1771 δεχόμενοι
922 1707 1192 1775 τιμωρίαν
1215 1725 1225 1736 '
1261 1709 1402 1760 ἔοικε
1427 1710 1482 1759 δέ
1505 1727 1557 1760 τι
1587 1711 1762 1776 λέγειν

1858 535 2038 587 omnia
2072 543 2259 586 contra
2287 544 2604 589 evenerunt.
2640 535 2763 602 quia
2811 534 3068 602 populum
3102 531 3413 582 universum

1860 627 2126 695 corripuit
2193 626 2493 694 pernicies;
2544 628 2594 679 in
2645 637 2853 679 tantum
2902 636 2957 676 ut
3003 632 3209 676 cuncta:
3255 623 3414 674 etiam

1859 719 2084 771 munita:
2112 719 2359 772 civitates
2400 720 2509 772 sint
2544 718 2750 771 deletae.
2807 736 2823 765 ‹
2867 717 3017 769 Sicut
3047 724 3289 767 vastatus
3322 713 3418 764 fuit

1863 807 2116 861 Salmana
2163 811 2213 861 in
2267 810 2427 862 domo
2478 809 2693 862 Arhelis
2740 809 2862 861 belli
2926 815 3187 875 tempore,
3253 813 3421 856 matre

1861 917 2024 969 super
2051 902 2188 953 ﬁlios
2221 903 2411 954 allisa:
2439 900 2518 952 sic
2549 901 2739 951 faciam
2769 899 2940 956 Vobis,
2970 899 3162 950 domus
3184 895 3419 951 lsraelis.

1863 1008 1890 1045 a
1932 1002 2226 1060 conspectu
2261 993 2479 1045 malitize
2513 1001 2721 1044 vestrm.
2770 1011 2785 1039 ι
2825 990 2992 1054 Quale
3024 999 3151 1041 tunc
3188 988 3397 1056 pertule

1861 1096 1986 1137 runt
2019 1085 2093 1136 illi
2156 1084 2448 1145 excidium,
2514 1083 2662 1151 gravi
2731 1083 2869 1133 facta
2928 1081 3080 1132 ruina
3131 1094 3193 1131 ac
3246 1079 3418 1136 bello,

1862 1175 2161 1229 interfectis
2186 1193 2290 1228 una
2323 1190 2446 1228 cum
2485 1175 2671 1226 liberis
2707 1172 3079 1242 genitoribus,
3124 1171 3230 1223 tale
3279 1184 3421 1220 nunc

1862 1284 2077 1335 quoque
2103 1283 2249 1319 nunc
2270 1266 2648 1335 experiemini,
2677 1281 2708 1317 0
2740 1264 2831 1316 filii
2863 1264 3096 1322 lsraelis,
3125 1277 3419 1328 congruum

1863 1358 2084 1410 malitim
2118 1366 2312 1410 vestra:
2349 1358 2555 1408 luentes
2602 1357 2951 1423 supplicium.
2984 1351 3210 1404 Videtur
3243 1357 3420 1398 autent

1863 1446 2043 1498 dicere
2098 1447 2362 1514 insignem
2416 1447 2652 1513 aliquam
2692 1445 2950 1497 sgevitiam
2995 1458 3087 1509 per
3127 1439 3252 1490 illud
3291 1450 3426 1489 tem-

1865 1553 1964 1605 pus
1988 1540 2053 1589 ah
2085 1540 2190 1590 illis
2221 1549 2418 1595 actam,
2453 1538 2518 1589 de
2551 1553 2652 1604 qua
2683 1536 2812 1602 ipsis
2843 1534 3077 1600 cognita,
3113 1539 3170 1582 ut
3198 1530 3419 1580 creden-

1863 1629 1988 1679 dum
2031 1637 2134 1689 est,
2179 1629 2302 1680 facit
2332 1628 2657 1680 mentionem
2685 1644 2699 1678 :
2731 1641 2919 1691 nempe
2956 1625 3164 1682 dicens,
3197 1619 3422 1685 Quali-tu

1866 1727 1993 1769 tunc
2026 1721 2380 1787 perpetrastis
2412 1733 2677 1772 summam
2724 1717 3040 1784 nequitiam,
3079 1720 3238 1764 talem
3286 1726 3427 1762 nunc

201 1793 330 1861 μετὰ
367 1794 564 1855 πολλῆς
587 1794 866 1862 ὠμότητος
888 1797 1016 1866 παρ’
1050 1798 1227 1849 αὐτῶν
1257 1800 1479 1864 γεγονὸς
1514 1801 1652 1851 κατὰ
1671 1802 1761 1853 τὸν

1866 1810 2122 1861 ultionem
2160 1811 2352 1861 merito
2387 1808 2690 1875 patiemini.

198 1884 382 1951 καιρὸν
417 1885 620 1936 ἐκεῖνον
640 1898 652 1910 ’
681 1879 740 1936 οὗ
771 1885 1044 1955 γνωρίμου
1071 1888 1427 1956 τυγχάνοντος
1457 1891 1640 1951 αὐτοῖς
1673 1891 1747 1952 ὡς
1787 1894 1934 1957 εἰκὸς
1978 1899 2271 1968 ἐποιήσατο
2327 1901 2543 1968 μνήμην
2563 1915 2574 1927 ⁸
2606 1898 2688 1947 ὅτι
2718 1889 2816 1948 Οἷα
2840 1894 2902 1963 δὴ
2949 1895 3278 1963 πεποιήκατε
3310 1891 3430 1942 τότε

195 1973 254 2025 δι’
285 1973 730 2042 ὑπερϐάλλουσαν
764 1975 981 2035 κακίαν,
1011 1976 1521 2034 τοιαῦταπείσεσθε
1551 1981 1644 2032 νῦν
1680 1982 1836 2050 ὑμεῖς
1861 1986 2106 2049 δικαίως.

817 2066 972 2117 ΚΕΦ.
1030 2067 1131 2116 ΙΑ’.

257 2156 411 2224 Στίχ.
441 2156 582 2207 α’-δ’.
601 2185 668 2194 —--
693 2157 956 2226 ι’ορορου
992 2158 1392 2229 ἀπερρίφησαν.
1420 2178 1436 2209 ι
1460 2161 1613 2212 Μετὰ
1638 2161 1764 2213 πολ-

195 2246 282 2316 λῆς
308 2247 599 2300 πεσοῦνται
631 2250 725 2318 τῆς
747 2251 1063 2319 ταχύτητος.
1093 2270 1110 2301 ι
1146 2252 1230 2312 Ὠς
1253 2251 1445 2322 ὄρθρος
1464 2253 1762 2325 (1·1)ἀπεῤ-

197 2338 323 2406 ρίφη
364 2337 613 2406 βασιλεὺς
660 2339 892 2409 Ἰσραήλ.
927 2361 944 2390 ι
983 2341 1145 2410 Δίκην
1173 2342 1368 2411 ὄρθρου
1418 2344 1553 2412 πρὸς
1588 2345 1762 2412 ὀλίγον

195 2427 470 2494 φανέντος,
501 2422 621 2479 εἶτα
641 2430 998 2498 παυσομένου,
1031 2433 1058 2482 ὁ
1096 2431 1347 2500 βασιλεὺς
1371 2434 1550 2485 αὐτῶν
1580 2437 1764 2487 πεσεῖ-

193 2532 296 2568 ται.
333 2515 410 2584 (p.
437 2517 524 2584 80)
559 2535 576 2566 ‹
609 2519 750 2569 Διδτι
783 2520 973 2587 νήπιος
1002 2521 1232 2590 Ἰσραὴλ,
1253 2524 1345 2573 καὶ
1372 2523 1479 2590 ἐγὼ
1506 2524 1761 2593 ἠγάπησα

194 2608 356 2661 αὐτόν
378 2622 389 2634 '
421 2609 512 2660 καὶ
563 2609 620 2672 ἐξ
670 2610 944 2676 Αἰγύπτου
984 2613 1317 2680 μετεκάλεσα
1352 2615 1565 2677 αὐτοὺς.
1593 2614 1763 2677 οὓτως

192 2697 394 2768 ᾤχοντο
422 2700 529 2751 ἀπὸ
557 2701 844 2770 προσώπου
882 2720 980 2771 μου
1003 2722 1016 2733 ο
1054 2706 1206 2757 αὐτοὶ
1238 2708 1347 2767 τοῖς
1377 2707 1584 2776 Boiam).
1612 2707 1763 2759 ἔθυον

193 2793 279 2842 καὶ
302 2793 418 2851 τοῖς
441 2792 694 2857 γλυπτοῖς
717 2793 1005 2862 ἐθυμίων.»
1026 2796 1234 2866 Νήπιον
1264 2798 1418 2849 καλεῖ
1445 2798 1534 2849 τὸν
1551 2798 1763 2868 Ἰσραὴλ

194 2884 295 2934 ἀπὸ
322 2884 420 2935 τοῦ
453 2885 587 2936 κατὰ
606 2888 700 2954 τὴν
730 2887 1001 2953 Αἴγυπτον
1025 2888 1237 2958 καιροῦ,
1263 2890 1494 2960 ὁπηνίκα
1517 2891 1764 2942 συνεστά-

192 2993 272 3026 ναι
316 2992 381 3026 τε
433 2977 524 3028 καὶ
568 2977 664 3044 τῆς
704 2979 1018 3046 ἐπιμελείας
1084 2977 1284 3048 ἤρξατο
1325 2981 1612 3050 τυγχάνειν
1667 2982 1762 3051 τῆς

194 3066 366 3128 θείας.
409 3067 546 3134 Ἐγὼ
571 3067 667 3134 μὲν
695 3069 820 3137 γὰρ.
867 3071 1047 3136 φησιν,
1082 3069 1208 3122 εὐθὺ
1241 3071 1332 3122 καὶ
1373 3070 1510 3122 κατὰ
1542 3070 1761 3140 πρώτας

192 3167 316 3227 αρτι
345 3157 696 3210 συνίστασθαι
726 3160 1045 3228 ἀρξαμένων
1067 3161 1265 3230 πολλὴν
1290 3162 1632 3232 ἐποιησάμην
1664 3161 1762 3230 τὴν

192 3250 474 3318 πρόνοιαν,
511 3249 646 3300 ὥστε
675 3251 868 3309 αὐτοὺς
897 3252 989 3302 καὶ
1023 3253 1292 3305 ἐκσπᾶσαι
1320 3257 1418 3322 τῆς
1447 3253 1720 3320 Αἰγύπτου
1743 3273 1756 3287 ·

2503 2075 2653 2129 CAP.
2696 2075 2787 2128 ΧΙ.

1935 2167 2100 2220 νεπδ.
2147 2167 2432 2236 1·4.--52
2488 2187 2504 2216 ι
2545 2167 2701 2220 Mane
2753 2166 2946 2234 ahjerti
3001 2175 3145 2217 sunt.
3193 2183 3210 2213 ι
3268 2161 3432 2213 Valde

1863 2262 2118 2314 velociter
2168 2262 2381 2314 cadent.
2439 2280 2455 2311 ι
2490 2260 2598 2314 Ceu
2652 2261 2977 2312 matutinum
3021 2267 3236 2324 tempus
3285 2255 3431 2322 abjc—

1865 2363 1984 2406 ctus
2015 2353 2112 2405 fuit
2140 2370 2227 2405 rex
2258 2354 2493 2407 lsraelis.
2531 2373 2547 2402 ι
2585 2351 2742 2406 Velut
2771 2367 2930 2404 mane
2958 2350 3106 2402 brevi
3138 2362 3427 2416 apparens.

1864 2451 1916 2494 et
1947 2459 2068 2495 mox
2093 2444 2369 2503 desinens,
2403 2444 2473 2494 ita
2515 2457 2606 2495 rex
2638 2431 2824 2494 eorum
2861 2442 3036 2492 cadet.
3076 2457 3092 2487 (
3131 2440 3265 2501 Quia
3301 2452 3431 2505 puer

1865 2534 2049 2593 Israel.
2106 2545 2157 2588 et
2201 2553 2297 2603 ego
2343 2536 2504 2587 dilexi
2556 2549 2700 2588 eum.
2753 2531 2821 2584 Et
2854 2548 2918 2585 ex
2968 2531 3198 2601 thgypto
3243 2530 3428 2579 vocavi

1868 2643 1982 2689 cos,
2013 2629 2092 2680 sic
2118 2628 2367 2680 abierunt
2405 2643 2432 2679 a
2464 2626 2600 2679 facie
2631 2642 2781 2679 mea:
2817 2625 2915 2693 ipsi
2949 2623 3151 2675 Baalim
3185 2621 3432 2672 immola‘

1865 2721 2014 2782 bant,
2050 2730 2102 2772 et
2135 2721 2479 2788 sculptilibus
2518 2720 2826 2772 adolebant.
2866 2737 2884 2769 ι
2926 2718 3156 2768 l'uerum
3195 2714 3431 2780 appellat

1867 2811 2138 2864 Israelem.
2183 2826 2210 2860 a
2261 2821 2498 2876 tempore
2528 2806 2635 2876 quo
2679 2808 2778 2860 fuit
2822 2809 2874 2859 in
2912 2807 3164 2872 Aigypto,
3198 2818 3320 2854 cum
3377 2804 3428 2853 in

1867 2901 2119 2968 populum
2144 2915 2458 2953 excreseere
2481 2899 2662 2966 cmpit,
2693 2905 2747 2950 et
2768 2911 2898 2950 cura
2928 2897 3108 2948 divina
3143 2894 3268 2945 frui.
3297 2891 3428 2959 Ego,

1866 2993 2064 3060 inquit,
2091 2992 2273 3045 statim
2299 3001 2352 3044 et
2375 3002 2504 3043 tunc
2532 2991 2766 3059 primum
2798 2989 3111 3058 incipientis
3131 2987 3432 3038 consistere

1865 3085 2088 3134 multam
2130 3085 2271 3151 gessi
2309 3082 2728 3150 providentiam,
2783 3081 2857 3132 ita
2902 3089 2957 3132 ut
2995 3078 3155 3132 etiam
3201 3074 3432 3144 {Egypto

1863 3177 2224 3228 cxtraxerim:
2259 3175 2332 3227 illi
2365 3183 2542 3227 autem
2574 3173 2835 3240 aequalem
2877 3172 3046 3223 amori
3090 3185 3209 3222 meo
3237 3183 3300 3220 ac
3334 3183 3428 3233 pa-

1866 3265 2098 3318 trocinio
2130 3281 2282 3318 suam
2319 3274 2780 3333 exprompseruut
2825 3263 3145 3331 nequitiam,
3178 3258 3358 3312 statim
3401 3272 3428 3308 a

191 3343 237 3391 oi
267 3341 327 3393 δὲ
366 3341 622 3407 ἀνάλογον
649 3343 711 3408 τῇ
746 3343 872 3408 περὶ
916 3342 1112 3404 αὐτοὺς
1147 3343 1332 3414 ἀγάπῃ
1365 3361 1422 3394 τε
1454 3346 1544 3395 καὶ
1576 3347 1761 3413 ἐπιμε-

1868 3372 1951 3408 me
1982 3355 2331 3414 discedendo,
2362 3364 2415 3409 et
2440 3356 2505 3408 ad
2542 3356 2728 3408 vitium
2764 3354 3105 3411 declinando,
3149 3361 3432 3416 totumque

191 3437 310 3505 λεία
343 3437 444 3504 τὴν
478 3435 680 3487 ἑαυτῶν
715 3435 1053 3497 ἐπεδείξαντο
1078 3436 1470 3501 κακίαν,εύοὺς
1504 3438 1767 3490 ἀποστάν-

189 3544 279 3589 τες
337 3527 493 3595 ἐμοῦ,
545 3527 636 3578 καὶ
665 3527 960 3595 τραπέντες
998 3528 1089 3578 ἐπὶ
1124 3528 1184 3578 τὸ
1220 3530 1418 3596 χεῖρον,
1454 3531 1545 3580 καὶ
1577 3529 1638 3597 δὴ
1674 3533 1764 3582 καὶ

189 3621 298 3680 τοῖς
339 3618 579 3679 εἰδώλοις
610 3618 825 3670 ἃπασαν
858 3618 954 3687 τὴν
985 3619 1106 3686 ἐμοὶ
1135 3620 1517 3689 προσήκουσαν
1550 3622 1762 3690 νείμανο

190 3725 279 3769 τες
319 3707 581 3775 σπουδήν,
634 3726 649 3757 ι
691 3709 798 3760 Καὶ
828 3707 936 3774 ἐγὼ
967 3709 1286 3761 συνεπόδισα
1322 3710 1407 3761 τὸν
1450 3711 1715 3781 Ἐφραίμ)
1739 3732 1758 3764 ι

191 3801 388 3853 Καίτοι
411 3817 474 3868 γε
501 3800 928 3868 διεσπαρμένους
958 3801 1060 3851 ὑπὸ
1081 3800 1186 3852 τῶν
1211 3801 1392 3853 κακῶν
1416 3803 1554 3854 κατὰ
1570 3804 1662 3873 τὴν
1680 3805 1763 3856 Λί-

191 3908 421 3958 γυπτον,
456 3889 564 3957 ἐγὼ
601 3890 686 3942 διὰ
717 3892 813 3958 τῆς
848 3891 1159 3960 ἐπιμελείας
1190 3892 1286 3960 τῆς
1313 3893 1451 3960 ἐμῆς
1475 3895 1552 3954 είς
1575 3895 1763 3945 ταύτὸν

191 3986 518 4051 συνήγαγον.
534 4003 549 4032 ι
563 3981 668 4033 Καὶ
684 3982 938 4034 ἀνέλαϐον
952 3984 1110 4034 αὐτὸν
1127 3984 1216 4033 ἐπὶ
1229 3983 1318 4033 τὸν
1333 3982 1587 4052 βραχίονὰ
1605 4001 1756 4051 μου..

191 4075 301 4127 Καὶ
318 4074 418 4142 τῆς
436 4074 750 4141 ἐπιμελείας
765 4074 924 4124 αὑτὸν
943 4073 1080 4125 κατὰ
1095 4074 1192 4144 τὴν
1209 4072 1431 4141 δύναμιν
1447 4073 1650 4141 ἠξίωσα
1667 4075 1763 4141 τὴν

189 4166 355 4233 ἐμήν.
399 4182 416 4212 ι
462 4164 566 4214 Καὶ
597 4163 692 4213 οὐκ
743 4162 983 4228 ἔγνωσαν
1011 4163 1092 4214 ὅτι
1122 4162 1276 4230 ἱάμαι
1314 4162 1527 4224 αὐτούς.
1567 4182 1584 4211 ι
1624 4163 1763 4214 Οἱδὲ

188 4254 492 4321 ἐπιγνῶναί
528 4272 592 4322 με
624 4255 712 4306 τὸν
738 4254 1001 4306 τοσούτων
1029 4254 1224 4315 αὐτοὺς
1251 4254 1631 4317 ἀπαλλάξαντα
1662 4273 1759 4308 κα-

184 4346 325 4410 κῶν,
377 4348 478 4400 οὐκ
533 4347 915 4416 ἐϐουλήθησαν,
967 4366 984 4396 ‹
1038 4347 1124 4398 Ἐν
1162 4347 1425 4418 διαφθορᾷ
1465 4349 1761 4418 ἀνθρώπων

185 4439 421 4492 εἴλκυσα
463 4440 674 4500 αὐτοὺς,
710 4440 765 4489 ἐν
808 4439 1023 4507 δεσμοῖς
1062 4439 1390 4506 ἀγαπήσεως
1431 4457 1551 4507 μου.
1588 4459 1604 4490 ι
1641 4441 1761 4492 Οὐδ’

184 4533 270 4583 ὅτι
303 4530 449 4583 κατὰ
473 4530 560 4581 τὸν
590 4529 750 4598 νόμον
780 4529 1079 4598 ἀνθρώπων
1117 4530 1517 4600 διαφθείρεσθαι
1553 4533 1762 4600 μέλλον-

186 4641 288 4686 τας
320 4623 602 4685 ἐξέσπασα
643 4622 845 4683 πάντας
880 4622 1093 4685 αὐτοὺς,
1119 4623 1439 4692 ἀπορρητως
1472 4627 1538 4694 τῇ
1574 4626 1760 4698 ἀγάπῃ

1869 3463 2049 3508 suum,
2087 3445 2229 3514 quod
2259 3447 2387 3498 mihi
2413 3447 2704 3509 debebant,
2741 3445 2979 3497 studium
3028 3443 3187 3495 idolis
3227 3442 3434 3507 impen-

1870 3539 2060 3606 pendo.
2096 3557 2112 3588 ι
2157 3538 2217 3590 Et
2248 3555 2348 3608 ego
2388 3538 2635 3607 colligavi
2679 3537 3054 3605 Ephraimum.
3088 3554 3104 3582 ι
3147 3532 3432 3599 Dispersos

1867 3631 1969 3684 sub
1989 3631 2244 3683 aerumnis
2276 3646 2369 3699 per
2402 3629 2714 3699 A‘lgyptum.
2751 3645 2849 3695 ego
2877 3643 3006 3680 cura
3036 3642 3150 3679 mea
3179 3625 3230 3677 in
3266 3639 3429 3676 unqu

1866 3723 2210 3789 congregavi.
2243 3739 2260 3770 ι
2293 3719 2632 3786 Suscepique
2653 3733 2772 3771 eum
2799 3722 2850 3769 in
2880 3716 3163 3768 brachium
3195 3729 3427 3765 meum.)

1864 3811 2114 3879 Cougrua
2147 3826 2276 3863 mea:
2301 3811 2552 3878 potentia:
2577 3809 2738 3861 tutela
2763 3808 3013 3876 dignatus
3031 3822 3168 3859 sum.
3199 3822 3216 3852 ι
3243 3803 3303 3854 Et
3326 3819 3430 3854 non

1865 3912 2231 3969 cognoverunt
2253 3900 2395 3968 quod
2416 3916 2663 3953 sanarent
2688 3916 2801 3952 eos.
2831 3918 2848 3948 ι
2870 3901 2936 3950 At
2959 3898 3057 3964 ipsi
3079 3912 3183 3957 me,
3209 3896 3298 3963 qui
3323 3903 3433 3945 tan-

1865 3995 1934 4046 tis
1958 4008 2050 4046 cos
2075 3993 2296 4044 liberavi
2323 3993 2499 4052 malis,
2523 4006 2817 4059 agnusvere
2838 3990 3152 4042 noluerunt.
3174 4007 3192 4036 ‹
3226 3986 3279 4038 In
3311 4002 3431 4036 eor-

1864 4085 2071 4152 ruptela
2099 4085 2374 4136 hominum
2405 4084 2542 4136 traxi
2565 4099 2658 4136 eos
2681 4083 2910 4135 vinculis
2928 4080 3212 4134 charitatis
3234 4093 3381 4130 meae.
3406 4095 3424 4126 ι

1863 4177 1996 4229 Cum
2043 4177 2157 4246 lege
2194 4176 2470 4228 hominum
2521 4175 2744 4243 perituri
2790 4174 3043 4231 fuissent.
3077 4170 3248 4239 eripui
3285 4171 3430 4236 ipsos

1863 4283 2071 4327 omnes,
2104 4281 2303 4320 arcano
2327 4268 2485 4318 modo
2528 4268 2696 4318 amori
2721 4282 2837 4318 meo
2861 4266 3138 4332 copulatis.
3168 4280 3184 4310 ι
3221 4262 3432 4325 Eroque

1862 4358 2007 4409 velut
2057 4357 2344 4423 exalapaus
2379 4356 2649 4408 hominem
2704 4355 2754 4405 in
2805 4354 3019 4405 maxilla
3065 4352 3204 4419 ejus.
3245 4370 3260 4399 ι
3298 4349 3428 4401 Tam

1863 4463 2052 4516 graves
2078 4449 2184 4501 illis
2216 4449 2483 4515 imponam
2511 4447 2692 4516 plagas
2727 4455 2778 4498 et
2808 4444 3192 4513 castigationes
3214 4449 3431 4510 propter

1863 4537 1998 4589 hanc
2022 4537 2480 4606 insaniam,quam
2507 4539 2791 4590 molestum
2806 4543 2888 4589 est
2914 4535 3148 4602 recipere
3166 4534 3214 4585 in
3241 4533 3427 4584 faciem

1865 4628 2095 4680 inflictas
2130 4627 2554 4681 verberationes.
2591 4647 2607 4675 ‹
2649 4626 2949 4694 Respiciam
2989 4625 3053 4677 ad
3089 4639 3234 4681 eitiu,
3269 4622 3428 4689 eique

187 4713 498 4782 συσφίγξας
523 4715 585 4780 τῇ
619 4713 748 4779 ἐμῇ,
777 4729 793 4759 ι
833 4712 941 4762 Καὶ
976 4710 1165 4780 ἔσομαι
1197 4711 1269 4773 ὡς
1297 4713 1538 4781 ῥαπίζων
1560 4715 1761 4785 ἄνθρω-

1873 4719 2078 4770 valebo.
2139 4738 2155 4768 ι
2195 4719 2388 4771 Totum
2433 4736 2516 4772 me
2557 4726 2867 4771 convertam
2906 4715 2971 4767 ad
3013 4715 3428 4783 castigationem

183 4823 291 4856 πον
351 4805 446 4856 ἐπὶ
490 4803 586 4872 τὴν
612 4803 830 4867 σιαγόνα
862 4801 1046 4853 αὐτοῦ.
1089 4821 1107 4851 ι
1136 4801 1290 4854 Οὕτω
1329 4802 1549 4871 βαρείας
1578 4806 1759 4869 αὐτοῖς

1865 4810 2006 4873 ejus,
2046 4817 2100 4861 ut
2151 4811 2228 4861 sic
2261 4818 2407 4861 certe.
2455 4809 2820 4860 fortitudinem
2886 4821 3056 4858 meam
3114 4811 3427 4872 cognorat-at.

181 4896 396 4946 ἐποίσω
441 4893 540 4955 τὰς
582 4891 789 4961 πληγὰς
824 4892 913 4943 καὶ
955 4891 1052 4955 τὰς
1094 4893 1360 4961 τιμωρίας
1392 4895 1510 4945 ἀντὶ
1543 4898 1640 4963 τῆς
1668 4897 1973 4965 ἀφροσύνης
2014 4899 2232 4970 ταύτης,
2279 4899 2461 4969 ὥσπερ
2497 4897 2586 4951 οὖν
2629 4898 2764 4967 βαρὺ
2807 4895 2947 4948 κατὰ
2971 4893 3256 4964 προσώπου
3284 4893 3431 4960 δέχειι

183 4987 315 5039 σθαι
359 4987 662 5055 φερομένας
710 4984 944 5054 πληγάς·
981 5002 1000 5034 ‘
1053 4987 1444 5055 Ἐπιθλέψομαι
1487 4990 1623 5058 πρὸς
1657 4990 1838 5052 αὑτὸν,
1876 4995 1966 5044 καὶ
2010 4994 2302 5064 δυνήσομαι
2345 4996 2508 5063 αὐτῷ.
2547 5015 2561 5044 ι
2608 4995 2681 5063 (ι).
2710 4993 2796 5060 81)
2839 4990 3029 5060 Τρέιζνω
3061 4990 3168 5058 γὰρ
3199 4985 3427 5056 ἐμαυτὸν

179 5080 308 5130 ὅλον
345 5081 423 5138 είς
454 5076 726 5146 τιμωρίαν
772 5075 958 5138 αὑτοῦ,
992 5075 1076 5125 ἵνα
1108 5075 1280 5144 τούτῳ
1308 5077 1358 5142 γ’
1381 5073 1494 5141 οὖν,
1517 5079 1668 5147 γνοίη
1693 5079 1788 5149 τὴν
1818 5085 1967 5153 {cr/Ly
2000 5086 2096 5154 τὴν
2127 5087 2284 5153 ἐμήν,

256 5170 412 5238 Στίχ.
450 5170 582 5232 ε’-ζ’.
634 5199 703 5208 ——-
731 5187 747 5217 ‹
785 5167 1119 5237 Κατῲκησεν
1171 5167 1406 5239 Ἐφραίμ
1451 5171 1722 5237 Αἴγυπτον
1745 5191 1756 5204 ·

177 5263 281 5314 καὶ
328 5262 558 5330 Ἀσσοὺρ
583 5261 741 5321 αὐτὸς
774 5259 1025 5327 βασιλεὺς
1063 5261 1247 5312 αὑτοῦ.
1292 5280 1309 5311 ›
1341 5262 1502 5312 Αὐτοὶ
1529 5264 1625 5330 μὲν
1654 5265 1761 5334 γὰρ

179 5351 427 5416 φυγάδες
490 5350 581 5400 ἐπὶ
619 5349 715 5415 τὴν
769 5350 1039 5413 Αἴγυπτον
1070 5349 1478 5411 ἀπελεύσονται,
1527 5351 1760 5419 οἰόμενοι

176 5442 298 5491 τὡν
354 5441 650 5508 Ἀσσυρίων
711 5441 1008 5509 κερδαίνειν
1042 5440 1137 5508 τὴν
1169 5439 1352 5507 ἔσοδον
1377 5459 1390 5472 ·
1426 5443 1673 5509 ὀνήσουσι
1705 5443 1760 5494 δὲ

176 5534 379 5584 οὐδέν·
418 5533 605 5601 ἐπειδὴ
633 5533 771 5585 κατὰ
806 5532 866 5582 τὸ
901 5534 1021 5600 ἐμοὶ
1059 5532 1248 5583 δοκοῦν
1286 5535 1763 5603 κατακρατήσουσι

1932 5177 2034 5246 53
2096 5176 2260 5231 “ms.
2321 5176 2441 5231 5-7.
2486 5207 2552 5214 __.
2598 5196 2615 5225 ‹
2658 5174 2934 5229 Habitavit
2992 5172 3316 5239 Epitraimus
3374 5168 3427 5220 in

1862 5267 2115 5336 Egypto,
2147 5267 2404 5335 Assyrius
2435 5268 2549 5335 ipse
2586 5282 2678 5319 rex
2711 5265 2829 5334 ejus
2859 5263 2978 5316 fuit.
3016 5282 3032 5312 ι
3069 5262 3170 5330 Ipsi
3209 5259 3425 5328 quidem

1861 5358 2075 5426 profugi
2116 5356 2179 5408 ad
2221 5356 2512 5425 [Egyptum
2560 5357 2732 5417 ibunt,
2774 5362 3026 5421 putantes
3072 5367 3129 5404 se
3176 5349 3428 5418 Assyrio-

1863 5459 1978 5494 rum
2014 5445 2381 5497 im-ursionem
2413 5444 2604 5506 vitare,
2643 5444 2734 5496 sed
2761 5443 2928 5494 hilum
2965 5458 3072 5492 non
3107 5439 3424 5506 prolicit-ut:

1860 5536 2057 5589 etenim
2099 5553 2182 5590 me
2216 5537 2448 5601 volente,
2481 5537 2706 5590 omnino
2739 5535 2846 5589 illis
2882 5533 3160 5602 potientur
3190 5529 3422 5597 Assyrii.

254 5695 374 5760 (Η)
405 5694 565 5748 Deest
598 5697 650 5748 in
687 5695 872 5749 Bibliis
929 5696 1001 5757 ὡς
1039 5696 1250 5767 ὄρθρος.
1302 5698 1554 5751 Attamen
1619 5708 1671 5752 et
1724 5700 2089 5771 interpunctio
2119 5703 2346 5766 codicis,
2391 5712 2442 5756 et
2490 5700 2912 5755 commentarius
2954 5698 3017 5752 ad
3070 5697 3239 5751 Biblia
3285 5692 3425 5747 refe-

179 5772 343 5816 ῐυΙιΙ..
