3954 6578
488 332 581 386 l9!

1588 335 1937 393 TllEODURl
1975 334 2453 391 MOPSUESTENI

3629 330 3728 383 {9‘2

484 446 601 498 Cur
660 459 789 500 vero
846 447 1120 515 patientur
1186 448 1335 503 hate?
1396 469 1412 501 ι
1448 448 1717 516 Quoniam
1766 451 2061 506 noluerunt

2178 448 2379 511 τάντως
2406 446 2584 501 αὑτῶν
2637 447 2854 499 ἐκεῖνοι.
2888 445 3074 499 Ταῦτα
3103 443 3161 498 δὲ
3212 443 3487 496 πείσονται
3515 441 3605 494 διά
3632 442 3725 506 τίς

487 536 756 591 converti.
798 556 817 589 ι
874 538 1013 604 Quia
1056 538 1287 595 ﬁrmiter
1326 541 1380 595 in
1418 542 1626 597 malitia
1672 558 1772 599 sua
1810 559 2063 613 persevc-

489 633 707 691 rarunt,
748 626 953 681 nullam
992 644 1102 699 pra:
1136 646 1195 685 se
1230 630 1371 686 ferre
1412 632 1765 689 mutationem
1793 635 2060 689 volentes.

495 734 513 765 ι
551 714 617 769 Ει
655 714 973 775 debilitatus
1015 731 1098 777 est
1148 723 1328 793 gladio
1361 726 1415 779 in
1469 726 1784 782 civitatibus
1823 727 1962 791 suis,
2008 736 2064 782 et

490 810 729 860 cessavit
779 810 1035 866 manibus
1099 813 1238 869 suis.
1275 835 1294 867 ι
1356 816 1545 887 Itaque
1591 816 1884 887 pugnando
1935 834 2062 872 cum

491 896 743 952 hostibus
787 899 923 953 nihil
958 902 1238 967 valebunt,
1294 922 1470 976 neque
1505 907 1669 960 ullam
1713 908 1908 963 salutis
1936 923 2062 977 par-

491 995 601 1039 tem
645 988 964 1048 civitatibus
996 994 1113 1050 suis
1161 996 1638 1068 conferentzquia
1683 1012 1835 1052 arma
1879 998 2064 1054 omnia

492 1077 784 1149 onmisque
828 1094 1128 1153 apparatus
1174 1087 1426 1151 bellicus,
1478 1088 1751 1143 invalidus
1801 1104 2063 1158 superva-

494 1182 743 1239 cuusque
776 1172 1068 1236 videbitur,
1103 1192 1187 1231 me
1229 1179 1515 1232 resistente
1556 1179 1627 1232 ob
1654 1195 1843 1233 eorum
1875 1181 2066 1249 nequi-

495 1258 649 1323 tiam,
702 1274 985 1333 poenaeque
1027 1280 1194 1321 causa
1243 1268 1548 1324 adducente
1605 1272 1738 1339 ipsis
1780 1271 2062 1342 Assyrios.

503 1370 521 1401 ι
554 1350 619 1405 Ει
652 1355 934 1410 comedent
973 1356 1039 1411 de
1080 1359 1505 1428 cogitationibus
1556 1363 1695 1417 suis.
1736 1381 1753 1413 ι
1790 1363 2065 1418 Consilio-

498 1456 621 1495 rum
648 1458 872 1498 suorum
907 1445 1145 1501 fructum
1179 1453 1415 1519 capient,
1444 1451 1610 1524 digno
1645 1452 1821 1508 allecti
1863 1455 2070 1524 suppli-

499 1531 606 1586 cio.
652 1550 671 1582 ‹
701 1532 764 1585 Et
794 1536 1025 1604 populus
1048 1538 1168 1606 ejus
1201 1555 1504 1608 suspensus
1539 1541 1590 1594 in
1619 1541 1857 1594 incolatu
1890 1556 2011 1595 suo.
2044 1560 2063 1593 ›

2168 557 2187 591 ι
2230 541 2351 592 Ὅτι
2377 539 2475 592 οὑκ
2506 536 2777 608 ἠθέλησαν
2804 536 3153 606 ἐπιστρέψαι.
3184 554 3204 588 ι
3222 534 3441 604 Ἐπειδὴ
3462 532 3729 587 ἀνένδστοι

2165 630 2539 701 μεμενήκασιν
2591 628 2652 681 ἐν
2693 630 2762 699 τῇ
2810 628 3020 680 ἑαυτῶν
3060 626 3251 697 κακία,
3280 618 3586 695 μεταϐολὴν
3612 624 3730 676 οὑδὲ

2166 726 2295 795 μίαν
2322 722 2688 789 ἐπιδείξασθαι
2728 718 3098 791 βουληθέντες.
3141 736 3161 769 ι
3198 718 3309 771 Καὶ
3336 715 3642 786 ἠσθένησεν
3674 715 3733 766 ὲν

2165 813 2407 885 ῥομφαίᾳ
2455 815 2512 867 ὲν
2556 816 2672 875 ταῖς
2696 811 2915 865 πόλεσιν
2944 806 3134 873 αὑτοῦ,
3177 810 3272 863 καὶ
3309 808 3655 862 κατέπαυσεν
3674 809 3735 860 ὲν

2163 907 2282 968 ταῖς
2310 904 2499 976 χερσὶν
2526 902 2714 958 αὑτοῦ.
2756 922 2776 956 ι
2814 901 3115 972 Τοιγαροῦν
3138 901 3291 954 οὐδὲν
3324 900 3601 970 ίσχύσουσι
3630 918 3735 969 μα-

2164 997 2383 1067 χόμενοι
2410 996 2545 1067 πρὸς
2599 995 2724 1059 τοὺς
2768 994 3083 1064 πολεμίους,
3124 992 3243 1046 οὑδέ
3272 1009 3394 1046 τινα
3440 992 3738 1063 παρέξουσι

2163 1090 2284 1150 ταῖς
2299 1087 2507 1141 ἑαυτῶν
2534 1086 2722 1139 πόλεσι
2736 1084 3009 1155 σωτηρίαν
3029 1100 3042 1113 ·
3066 1083 3255 1153 ἐπειδὴ
3275 1084 3451 1137 πάντα
3482 1083 3552 1136 τὰ
3570 1084 3736 1147 ὅπλα,

2165 1180 2260 1232 καὶ
2305 1180 2453 1232 πᾶσα
2503 1178 2823 1249 παρασκευὴ
2864 1175 3133 1246 πολεμικὴ
3159 1176 3345 1239 ἄτονος
3376 1177 3470 1229 καὶ
3501 1177 3736 1247 περιττὴ

2165 1271 2438 1336 φανεῖται,
2497 1266 2952 1338 ἀντιπράττοντος
3007 1264 3106 1335 μὲν
3130 1266 3317 1328 αὐτοῖς
3360 1264 3493 1335 ἐμοῦ
3523 1265 3611 1317 διὰ
3637 1264 3741 1335 τὴν

2167 1358 2345 1413 αὑτῶν
2374 1358 2592 1421 κακίαν,
2616 1358 2913 1425 ἐπάγοντος
2940 1357 2997 1409 δὲ
3020 1356 3205 1419 αὑτοῖς
3232 1357 3323 1409 ἐπὶ
3353 1357 3594 1428 τιμωρίᾳ
3612 1358 3740 1419 τοὺς

2181 1450 2520 1521 Ἀσσυρίους.
2568 1468 2586 1499 ι
2617 1449 2727 1503 Καὶ
2765 1448 3029 1517 φάγονται
3060 1449 3125 1501 ὲκ
3161 1447 3269 1503 τῶν
3294 1447 3613 1501 διαϐουλίων
3640 1450 3739 1500 αύο

2166 1542 2295 1595 τῶν.
2332 1562 2350 1594 ι
2389 1542 2508 1595 Τῶν
2557 1540 2774 1594 οἰκείων
2824 1539 3207 1611 βουλευμάτων
3256 1540 3646 1603 ἀπολαύσουσι,
3670 1558 3744 1593 τι-

498 1620 620 1677 Non
666 1626 814 1680 enim
867 1630 1164 1683 manebunt
1207 1632 1260 1685 in
1318 1632 1537 1702 prpprio
1584 1633 1843 1698 incolatu,
1896 1648 2070 1703 neque

2178 1634 2380 1705 μωρίαν
2410 1634 2772 1703 ὑπομένοντες
2806 1632 2981 1699 ἀξίαν.
3017 1650 3035 1683 ι
3078 1633 3185 1684 Καὶ
3214 1633 3242 1684 ὁ
3264 1632 3391 1695 λαὸς
3424 1631 3591 1685 αὑτοῦ
3624 1636 3742 1684 ἐπι-

499 1722 677 1769 tututn
727 1718 833 1772 sibi
878 1719 1250 1777 habitaculum
1299 1724 1597 1788 habebunt,
1655 1725 1913 1795 quoniam
1974 1739 2069 1780 eos

2178 1725 2509 1796 κεκραμένος
2546 1726 2612 1779 ὲκ
2663 1726 2761 1795 τῆς
2803 1724 3086 1786 κατοικίας
3111 1723 3296 1777 αὑτοῦ.
3340 1743 3356 1775 ι
3387 1725 3462 1776 Οὑ
3502 1726 3611 1794 γάρ
3645 1740 3745 1793 με»

499 1822 693 1863 omnes
732 1816 993 1881 tauquam
1014 1814 1279 1882 pendulos
1311 1817 1623 1886 nullamque
1662 1818 1836 1873 basim
1865 1817 2070 1872 baben-

2178 1794 2469 1871 νοῦσινήὲπὶ
2492 1816 2593 1887 τῆς
2615 1794 2880 1887 οἰκήσεως
2918 1815 3020 1885 τῆς
3062 1814 3220 1879 ἰδίας,
3253 1816 3375 1868 οὑδὲ
3413 1816 3653 1884 ἀσφαλὲς
3688 1816 3749 1865 τὸ

500 1903 606 1959 tes,
641 1898 823 1951 subito
856 1902 1161 1972 corripiens
1185 1906 1445 1976 Assyrius
1469 1907 1523 1961 in
1553 1908 1925 1978 captivitatem
1957 1908 2072 1963 abi-

497 1995 608 2057 get.
644 2006 664 2041 ι
698 1989 762 2044 Et
786 1990 931 2049 Deus
960 2009 1128 2064 super
1154 1999 1391 2067 pretiosa
1415 1998 1536 2068 ejus
1569 2000 1857 2066 irascetur,
1879 2008 1934 2056 et
1962 2017 2074 2056 non

500 2080 765 2135 exaltabit
812 2099 957 2137 eum.
996 2105 1014 2137 ι
1065 2086 1343 2159 Quidquid
1397 2091 1543 2161 apud
1598 2108 1723 2147 eum
1774 2092 2072 2163 pretiosum

496 2178 607 2233 est,
657 2180 713 2226 et
762 2174 957 2231 aﬂectu
1006 2178 1229 2249 dignum
1272 2181 1509 2248 videtur,
1558 2183 1664 2239 hoc
1705 2184 1849 2241 Deus
1892 2184 2077 2240 furore

499 2274 603 2314 suo
633 2261 898 2331 destruet,
921 2267 1098 2325 donec
1121 2269 1188 2325 ad
1219 2280 1519 2327 extremam
1544 2274 1821 2330 miseriam
1847 2283 2075 2329 cunctos

502 2351 735 2422 redigat.

499 2442 671 2508 δοκεῖ,
727 2447 883 2502 τοῦτο
916 2451 944 2503 ὁ
981 2452 1113 2517 Θεὸς
1161 2454 1382 2524 ἀφανιεῖ
1427 2455 1505 2527 τῷ
1556 2456 1714 2529 θυμῷ
1755 2458 1832 2530 τῷ
1856 2461 2041 2530 οἰκείῳ
2067 2475 2081 2490 ’

503 2537 640 2600 γεῖν.

578 2666 743 2723 Vsus.
789 2670 845 2735 8,
896 2672 948 2726 9.
979 2704 1050 2714 —
1092 2675 1279 2742 «Quid
1331 2679 1427 2734 tibi
1478 2679 1694 2747 faciam,
1750 2682 2077 2754 Ephraime?

506 2766 785 2830 protegam
829 2770 883 2817 te
915 2763 1122 2821 Israel?
1157 2786 1177 2821 ι
1211 2768 1353 2835 Quid
1383 2785 1413 2824 a
1464 2787 1547 2827 me
1578 2774 1673 2829 tibi
1708 2775 1822 2830 fieri
1863 2788 2076 2847 oportet

506 2850 577 2904 ob
604 2852 736 2905 talia
785 2863 1046 2925 tantaque
1097 2860 1279 2914 mala?
1310 2848 1555 2919 .Ferrene
1592 2880 1750 2935 opem
1800 2868 1853 2921 in
1906 2871 2078 2923 maxi-

505 2941 611 2995 mis
635 2944 792 2999 malis
812 2951 1148 3004 constituto?
1175 2970 1194 3001 ι
1216 2952 1359 3017 Quid
1384 2954 1478 3009 tibi
1505 2954 1721 3021 faciam,
1748 2956 2077 3028 Epitraime?

2168 1908 2586 1978 κατοικητήριον
2600 1906 2783 1972 ἕξουσι
2795 1906 2855 1959 τὸ
2874 1906 3067 1958 αὑτόθι
3086 1922 3102 1936 ’
3127 1906 3314 1976 ἐπειδὴ
3326 1906 3533 1969 πάντας
3549 1906 3751 1968 αὑτοὺς

2169 2000 2357 2070 ὥσπερ
2374 2002 2667 2071 ὲκκρεμεῖς
2698 1999 2880 2062 ὅντας,
2917 1999 3008 2051 καὶ
3029 1998 3149 2051 οὑδὲ
3168 1998 3297 2068 μίαν
3323 1998 3546 2068 ἔχοντας
3568 1998 3752 2067 βάσιν,

2172 2090 2366 2161 ἀθρόον
2416 2089 2768 2160 συναρπάσας
2810 2091 2838 2143 ό
2906 2088 3193 2159 Ἀσσύριος
3226 2091 3307 2152 είς
3366 2089 3750 2160 αἰχμαλωσίαν

2173 2180 2392 2245 ἀπάξει.
2442 2180 2520 2251 (p.
2557 2179 2645 2249 82)
2690 2198 2709 2231 ι
2744 2179 2854 2232 Καὶ
2886 2180 2919 2232 ὁ
2945 2178 3078 2243 Θεὸς
3108 2180 3201 2232 ἐπὶ
3250 2179 3320 2232 τά
3366 2178 3532 2248 τίμια
3582 2177 3751 2231 αὑτοῦ

2180 2272 2579 2344 θυμωθήσεται,
2610 2272 2705 2325 καὶ
2728 2272 2792 2323 οὑ
2814 2273 2888 2343 μὴ
2915 2269 3104 2342 ὑψώσῃ
3135 2270 3351 2324 αὑτόν.»
3368 2272 3486 2324 Πᾶν
3505 2270 3619 2340 γὰρ
3652 2270 3684 2322 ὃ
3702 2270 3752 2322 τί

2183 2382 2317 2419 ποτε
2355 2366 2483 2436 παρ’
2508 2362 2656 2434 αὐτῷ
2700 2364 2881 2435 τίμιόν
2924 2381 2985 2418 τε
3017 2365 3111 2418 καὶ
3156 2363 3391 2434 σπουδῆς
3426 2362 3576 2428 ἀξιον
3612 2358 3751 2415 εἶναι

2141 2456 2284 2512 ὥστε
2333 2456 2472 2529 πρὸς
2515 2456 2616 2527 τὴν
2668 2455 2904 2527 ἐσχάτην
2964 2455 3295 2509 ταπείνωσιν
3333 2455 3579 2519 ἅπαντας
3620 2455 3755 2524 ἀγα-

2244 2681 2393 2752 Στίχ.
2430 2682 2502 2751 η’,
2523 2679 2584 2733 θ’.
2611 2709 2679 2718 —
2702 2697 2722 2730 ι
2749 2677 2815 2731 Τί
2838 2697 2895 2733 σε
2912 2677 3103 2744 διαθῶ,
3140 2673 3403 2750 Έφραῖμ;
3430 2672 3753 2741 ὑπερασπιῶ

2176 2792 2294 2836 σου,
2317 2770 2563 2850 Ἰσραήλ;
2590 2792 2608 2824 ι
2638 2767 2801 2825 Ἀλλά
2818 2768 2927 2837 γὰρ
2955 2766 3009 2818 τί
3041 2781 3109 2835 με
3141 2767 3416 2835 προσῆκεν
3440 2765 3533 2816 ἐπὶ
3563 2765 3750 2815 τοσού-

2174 2883 2288 2930 τοις
2324 2863 2418 2918 καλ⁸
2455 2859 2795 2933 τηλικούτοις
2825 2859 3013 2921 κακοῖς
3050 2855 3450 2927 διαπράξασθαι
3495 2854 3628 2926 περὶ
3672 2854 3749 2917 σέ;

2178 2954 2442 3029 βοηθῆσαί
2491 2970 2573 3007 σοι
2618 2951 2693 3015 ὡς
2739 2954 2797 3004 έν
2823 2950 3103 3021 μεγίστοις
3136 2946 3507 3017 ἐξεταζομένῳ
3536 2949 3761 3017 κακοῐς;

507 3030 664 3087 Sicut
713 3035 937 3092 Adama:
991 3042 1085 3096 tibi
1145 3042 1372 3111 faciam,
1418 3056 1473 3102 et
1533 3048 1679 3104 sicut
1742 3049 2017 3107 Seboimo.
2054 3072 2072 3105 ›

2184 3068 2202 3101 ι
2234 3050 2301 3102 Τί
2331 3065 2390 3102 σε
2427 3044 2613 3110 διαθῶ,
2649 3041 3014 3113 Ἐφραῖμςώς
3047 3041 3265 3110 Ἀδαμα
3299 3038 3534 3109 θήσομαί
3570 3054 3629 3090 σε
3664 3039 3753 3089 καὶ

505 3124 726 3181 Auxilio
770 3139 923 3185 certe
958 3138 1011 3186 te
1049 3133 1275 3204 dignum
1319 3152 1427 3192 non
1466 3138 1684 3209 judico;
1714 3153 1905 3198 contra
1952 3160 2081 3200 vero

505 3214 731 3285 dignum
793 3220 889 3274 tibi
932 3223 1246 3293 impositum
1294 3228 1362 3283 iri
1412 3232 1740 3301 supplicium
1784 3249 2080 3306 cognosco,

507 3307 556 3361 si
584 3312 970 3380 eatastrophen
1021 3315 1169 3369 illam
1215 3319 1463 3388 patieris,
1506 3339 1627 3392 qua:
1672 3323 1941 3392 Sodomae,
1975 3327 2084 3382 Go-

509 3400 782 3464 morrbae,
842 3412 899 3457 et
957 3406 1179 3463 Adamae
1243 3418 1301 3465 et
1361 3410 1618 3468 Seboimo
1670 3414 1778 3487 54
1832 3418 2081 3489 contigit.

516 3509 534 3539 ι
571 3490 909 3549 Conversum
943 3506 1028 3551 est
1059 3514 1155 3553 cor
1181 3517 1385 3568 meum,
1414 3506 1623 3574 pariter
1646 3509 1970 3563 conturbata
2001 3520 2085 3566 est

512 3582 796 3649 pwnitudo
834 3603 953 3643 mea
988 3605 1001 3641 :
1035 3606 1144 3646 non
1174 3608 1326 3663 agam
1373 3597 1671 3652 secundum
1710 3601 1844 3655 iram
1879 3601 2085 3658 furoris

510 3674 641 3737 mei,
706 3692 816 3731 non
876 3680 1051 3735 sinam
1098 3684 1265 3741 deleri
1326 3686 1701 3758 Ephraimum.
1733 3712 1751 3745 ι
1795 3693 1899 3749 Sed
1939 3697 2083 3751 enim

510 3781 828 3837 quanquam
879 3788 977 3829 vos
1025 3777 1270 3846 apprime
1319 3781 1517 3849 dignos
1564 3799 1725 3853 ptena
1773 3786 2086 3856 huiusmodi

511 3873 637 3914 csse
676 3866 974 3933 comperio,
1013 3884 1187 3924 meam
1221 3872 1289 3926 de
1315 3873 1473 3930 vobis
1522 3878 1852 3931 sententiam
1901 3889 2084 3948 muto;

511 3956 569 4005 et
610 3957 971 4014 conturbatus
1006 3964 1413 4030 quodammodo
1462 3982 1491 4020 a
1534 3969 1847 4025 Calamitate
1881 3981 2084 4033 vestra,

514 4042 583 4097 ad
631 4048 1010 4115 paenitentiam
1059 4055 1269 4118 trahor,
1314 4066 1438 4111 uta
1489 4058 1675 4116 furore
1706 4061 1964 4131 deinceps
1997 4062 2091 4117 de—

513 4135 713 4204 sinam,
765 4153 943 4211 neque
977 4158 1071 4199 vos
1118 4146 1295 4200 sinam
1334 4163 1592 4218 supremo
1625 4152 1794 4205 exitio
1843 4152 2087 4208 interire.

520 4244 540 4276 ι
568 4224 842 4293 Quoniam
888 4231 1032 4290 Deus
1077 4252 1179 4307 ego
1212 4252 1356 4301 sum,
1386 4247 1442 4295 et
1474 4255 1584 4293 non
1617 4241 1780 4295 homo
1806 4242 1861 4295 in
1911 4244 2091 4298 medio

516 4324 618 4378 tui.
648 4338 667 4370 ι
721 4322 863 4379 Deus
913 4326 1115 4397 quippe
1153 4344 1275 4384 sum
1325 4331 1570 4385 omnium
1620 4341 1855 4397 creator,
1908 4342 1961 4389 ct
2005 4350 2090 4390 re-

518 4432 641 4471 rum
678 4417 922 4471 omnium
957 4427 1219 4488 tanquam
1250 4436 1493 4476 mearum
1521 4430 1667 4478 tutor
1696 4440 1709 4475 :
1741 4440 1919 4495 neque
1952 4426 2088 4479 ulla-

517 4516 680 4562 tenus
719 4509 886 4562 vestri
930 4509 1128 4563 similis
1164 4518 1219 4565 et
1249 4510 1468 4565 illorum
1518 4514 1613 4582 qui
1654 4515 1797 4569 inter
1842 4531 1938 4571 vos
1976 4533 2095 4571 ver-

518 4607 732 4654 santur.
774 4618 792 4651 ι
832 4586 1092 4665 Sanctus,
1143 4610 1197 4657 et
1242 4619 1352 4658 non
1415 4606 1688 4675 ingrediar
1731 4607 2029 4665 civitatem.
2070 4628 2088 4661 ι

521 4692 635 4765 Ego
664 4695 878 4751 alienus
929 4712 1050 4751 sum
1088 4698 1343 4753 humanis
1387 4701 1604 4757 cunctis
1639 4702 1803 4757 rebus
1837 4718 1902 4757 ac
1935 4720 2096 4775 supe-

2179 3138 2253 3203 ὼς
2281 3137 2532 3207 Σεϐοείμ.
2573 3155 2590 3187 ι
2633 3132 2773 3188 Ἀλλ’
2830 3133 3044 3187 ἐκείνου
3095 3148 3159 3199 γε
3216 3131 3315 3183 οὑκ
3353 3129 3481 3183 ὄντα
3516 3145 3579 3182 σε
3607 3126 3756 3194 ἄξιον

2179 3231 2361 3300 τυχεῖν
2393 3227 2632 3299 εὑρίσκω
2652 3242 2665 3256 ο
2710 3224 3019 3279 τούναντίον
3058 3225 3157 3296 μὲν
3194 3218 3286 3277 οὖν
3317 3224 3381 3276 ὲκ
3404 3221 3511 3275 τῶν
3540 3238 3755 3293 πεπρα-

2181 3319 2398 3390 γμένων
2444 3317 2658 3372 δικαίαν
2708 3315 3163 3388 ὲπαχθησομένην
3199 3332 3281 3369 σοι
3310 3313 3580 3386 τιμωρίαν
3605 3314 3754 3389 εὑρί-

2184 3429 2350 3474 σκων,
2386 3411 2434 3464 εί
2492 3409 2591 3481 τὴν
2634 3408 3016 3479 καταστροφὴν
3071 3406 3421 3477 ὑπομείνειας
3452 3406 3632 3476 ἥνπερ
3664 3404 3757 3457 Σό-

2183 3504 2321 3574 δομά
2341 3520 2398 3555 τε
2424 3502 2517 3555 κού⁹
2528 3501 2742 3571 Γόμορα
2769 3499 2863 3552 καὶ
2886 3498 3105 3569 Ἀδαμα
3127 3498 3222 3551 καὶ
3244 3496 3476 3565 Σεϐοεὶμ
3499 3494 3757 3563 γενέσθαι

2182 3596 2303 3648 τότε
2332 3594 2551 3665 συνέϐη.
2589 3612 2607 3645 ι
2648 3591 3012 3661 Μετεστράφη
3052 3593 3085 3661 ἡ
3118 3588 3315 3659 καρδία
3351 3604 3476 3659 μου,
3501 3588 3561 3639 ὲν
3586 3585 3759 3654 τούτῳ

2187 3685 2557 3757 συνεταράχθη
2588 3687 2621 3755 ἡ
2647 3684 2979 3754 μεταμέλειά
3014 3700 3115 3754 μου
3137 3695 3150 3709 ·
3180 3683 3242 3734 οὑ
3278 3680 3598 3761 μὴ-ποιήσω
3620 3677 3760 3730 κατά

2185 3780 2282 3849 τὴν
2310 3778 2479 3850 ὀργὴν
2524 3776 2620 3831 τοῦ
2671 3776 2844 3847 θυμοῦ
2878 3793 3009 3846 μου·
3068 3774 3128 3826 ού
3170 3772 3245 3843 μὴ
3279 3771 3639 3840 ἐγκαταλίπω
3666 3768 3756 3821 τοῦ

2186 3869 2567 3939 ἐξαλειφθῆναι
2604 3869 2695 3922 τὸν
2735 3869 2993 3938 Ἑφραῖμ.
3028 3886 3046 3916 ι
3093 3865 3254 3918 Ἀλλά
3296 3865 3406 3934 γὰρ
3435 3863 3529 3916 καὶ
3554 3862 3762 3931 σφόδρα

2186 3961 2388 4032 ταύτης
2418 3962 2560 4033 ὑμᾶς
2602 3962 2761 4024 ὄντας
2814 3958 2998 4025 ἀξίους
3032 3957 3300 4029 εὑρίσκων
3337 3957 3435 4026 τῆς
3471 3954 3759 4026 τιμωρίας,

2192 4054 2601 4126 μεταϐέϐλημαι
2664 4051 2763 4122 τὴν
2805 4049 3045 4103 διάνοιαν
3075 4048 3161 4118 ἐφ’
3188 4049 3340 4118 ὑμῖν,
3384 4047 3479 4099 καὶ
3499 4062 3760 4098 συντετα-

2194 4145 2461 4218 ραγμένος
2494 4162 2609 4208 πως
2631 4146 2696 4215 τῇ
2722 4142 2842 4211 ὄψει
2871 4142 2968 4212 τῆς
3000 4140 3268 4212 ὑμετέρας
3290 4141 3599 4209 συμφορᾶς,
3631 4138 3763 4207 πρὸς

2195 4237 2556 4309 μεταμέλειαν
2596 4236 2848 4305 ἕλκομαι,
2895 4235 3037 4289 ὥστε
3090 4252 3157 4305 με
3198 4235 3504 4305 ἀποστῆναι
3543 4234 3644 4305 μὲν
3671 4233 3762 4286 τοῦ

2193 4326 2494 4399 θυμοῦσθαι
2511 4325 2718 4391 λοιπὸν,
2744 4325 2926 4396 (ρ.85)
2947 4324 3021 4396 μὴ
3052 4323 3339 4395 ἀνέχεσθαι
3367 4324 3422 4376 δὲ
3444 4324 3763 4378 καταλιπεῖν

2194 4420 2337 4489 ὑμᾶς
2380 4416 2671 4488 ἀφανισμῷ
2713 4416 2966 4470 παντελεῖ
3018 4416 3500 4487 παραδιδομένους.
3552 4437 3571 4468 ι
3623 4417 3763 4468 Διότι

2190 4511 2322 4575 Θεὸς
2348 4510 2457 4580 ἐγώ
2496 4511 2634 4580 εἰμι,
2664 4510 2759 4562 καὶ
2783 4510 2883 4562 οὑκ
2912 4508 3201 4579 ἄνθρωπος
3221 4510 3280 4561 ὲν
3299 4509 3401 4561 σοί.
3439 4527 3458 4559 ι
3492 4508 3629 4570 Θεὸς
3655 4508 3763 4579 γάρ

2190 4604 2356 4674 εἰμιὸ
2396 4603 2572 4656 πάντα
2601 4619 2660 4654 τε
2688 4598 3027 4670 πεποιηκὼς,
3063 4601 3156 4653 καὶ
3197 4600 3416 4653 πάντων
3444 4599 3519 4662 ὡς
3546 4600 3765 4652 οἰκείων

2191 4694 2489 4765 κηδόμενος
2513 4693 2713 4764 ἔργων,
2757 4693 2880 4747 κατ’
2908 4694 3061 4747 οὐδὲν
3090 4692 3352 4763 ὑπάρχων
3388 4692 3767 4763 παραπλήσιος

519 4786 674 4840 rior:
726 4801 834 4840 non
877 4787 1014 4857 dego
1039 4789 1091 4842 in
1142 4790 1373 4846 urbibus
1420 4791 1659 4846 humano
1704 4809 1875 4858 more,
1918 4811 2077 4865 nequt

2189 4790 2302 4850 τοῖς
2328 4787 2448 4840 καθ’
2476 4788 2619 4857 ὑμᾶς
2642 4805 2702 4839 τε
2735 4787 2828 4841 καὶ
2853 4788 2912 4839 ὲν
2929 4787 3058 4857 ὑμῖν
3078 4784 3485 4855 στρεφομένοις.
3512 4804 3531 4834 ι
3558 4786 3765 4851 Ἄγιος,

520 4876 635 4931 illic
667 4876 961 4932 incolatum
988 4880 1275 4936 vobiscum
1305 4891 1492 4939 tenere
1524 4885 1693 4939 soleo.
1724 4884 2077 4951 Quamobrem

2195 4878 2289 4930 καὶ
2316 4879 2416 4931 οὑκ
2456 4877 2832 4949 εἰσελεύσομαι
2872 4880 2953 4941 είς
2997 4876 3174 4929 πόλιν.
3213 4895 3230 4927 ι
3275 4876 3417 4943 Ἐγὼ
3456 4876 3569 4948 γὰρ
3597 4875 3769 4946 ἀπήλ-

521 4984 700 5037 neque
722 4969 1061 5024 voluntatum
1090 4981 1398 5027 vestrarum
1429 4990 1549 5029 sum
1584 4976 1879 5046 particeps,
1916 4991 2077 5046 neque

2194 4970 2403 5041 λαγμαί
2432 4987 2491 5023 τε
2522 4973 2615 5025 καὶ
2649 4970 2985 5040 ὑπέρκειμαι
3019 4968 3236 5021 πάντων
3271 4968 3379 5022 τῶν
3411 4968 3771 5039 ἀνθρωπίνων

522 5059 747 5113 malitiae
791 5060 846 5114 in
894 5076 1001 5131 qua
1039 5061 1223 5117 vivere
1271 5064 1543 5134 satagitis.
1582 5063 1719 5119 Nam
1762 5073 1954 5119 contra
1994 5082 2077 5135 po-

2197 5062 2539 5135 πραγμάτων
2570 5080 2582 5093 ⁸
2617 5064 2718 5116 οὑκ
2756 5066 2813 5116 ὲν
2854 5063 3044 5116 πόλεσι
3075 5062 3275 5129 διάγων
3300 5061 3442 5114 κατὰ
3469 5060 3634 5129 νόμον
3672 5062 3772 5113 ἀν·

520 5151 654 5216 tius,
698 5153 915 5209 etiamsi
958 5154 1196 5209 debitum
1243 5158 1479 5212 subituri
1524 5159 1699 5215 eratis
1740 5160 2077 5230 supplicium

2200 5152 2452 5224 θρώπων,
2478 5153 2597 5206 οὑδὲ
2635 5154 2734 5219 τὰς
2760 5153 2948 5207 αὑτόθι
2984 5152 3265 5225 διατριϐὰς
3296 5153 3415 5223 μεθ’
3452 5152 3607 5223 ὑμῶν
3640 5152 3774 5205 εἰθι-

520 5259 619 5313 per
648 5259 917 5299 summam
955 5253 1140 5299 tamen
1191 5247 1626 5304 misericordiam
1670 5248 1742 5306 do
1779 5263 1999 5320 cperam
2037 5264 2070 5302 ιι

2205 5243 2403 5314 σμένος
2438 5245 2741 5301 ποιεῖσθαιο
2804 5245 2927 5299 ὅθεν
2973 5244 3095 5297 οὑδὲ
3137 5241 3377 5297 κοινωνῶ
3413 5242 3514 5312 τῆς
3546 5241 3774 5311 γνώμης

521 5333 579 5388 id
608 5351 953 5407 nequaquam
981 5339 1286 5409 patiamini.

2204 5336 2331 5407 ὑμῖν
2364 5337 2457 5390 καὶ
2488 5339 2555 5408 τῇ
2582 5339 2751 5411 κακίᾳ
2854 5336 3022 5409 συζῆν
3052 5337 3445 5393 ἐσπουδάκατεο
3466 5334 3776 5389 τούναντίον

524 5426 634 5497 γὰρ
658 5431 753 5483 καὶ⁹
785 5430 1001 5485 δικαίαν
1047 5431 1269 5502 ὑπέχειν
1319 5429 1605 5501 μέλλοντες
1650 5427 1945 5500 τιμωρίαν,
1988 5426 2350 5481 ἀπαλλάττειν
2403 5427 2470 5481 δι’
2525 5429 2829 5500 ὑπερϐολὴν
2882 5429 3066 5492 ἐλέους
3104 5430 3231 5492 τοὺς
3278 5428 3588 5498 πάσχοντας
3637 5443 3776 5496 προσ

529 5518 734 5590 άγομαι
763 5521 987 5592 ταύτης.

604 5629 771 5685 Vens.
804 5631 988 5686 10-12.
1018 5658 1085 5670 -—-
1120 5650 1138 5682 ι
1172 5629 1301 5686 Post
1334 5628 1625 5684 Dominum
1656 5626 2033 5681 ambulabunt.
2074 5646 2077 5678 ς

2276 5628 2422 5697 Στίχ.
2457 5626 2606 5699 ι’-ιβ’.
2641 5658 2709 5668 -
2739 5646 2760 5679 ι
2815 5629 3025 5683 Ὀπίσω
3066 5629 3275 5701 Κυρίου
3322 5628 3697 5699 πορεύσονται.
3751 5648 3772 5681 ι

533 5720 817 5776 Praedicta:
859 5722 1023 5777 veluti
1053 5722 1147 5777 Dei
1184 5722 1447 5777 locutioni
1490 5721 1591 5776 hoc
1621 5719 1863 5777 subtexit
1888 5720 2077 5773 addita

2220 5718 2307 5782 Ὧς
2334 5720 2426 5772 ἐπὶ
2448 5722 2511 5790 τῇ
2547 5721 2881 5792 προκειμένῃ
2926 5720 3021 5776 τοῦ
3061 5721 3197 5774 Θεοῦ
3230 5723 3378 5791 φωνῇ
3418 5720 3515 5791 τὴν
3556 5722 3775 5788 ὲπαγω⁴

535 5820 779 5871 mentum
816 5815 1103 5885 propheta,
1150 5815 1223 5868 ita
1272 5813 1441 5870 ferme
1487 5813 1695 5880 dicens,
1744 5821 1993 5882 oportere
2046 5813 2077 5864 it

2210 5813 2311 5883 γὴν
2340 5811 2369 5861 ὁ
2392 5813 2673 5885 προφήτης
2701 5814 2991 5885 πεποίηται
3014 5813 3241 5886 ταύτην,
3264 5812 3471 5866 τοιοῦτό
3495 5830 3544 5865 τι
3576 5810 3773 5880 λέγων,
