3860 6556
146 420 243 474 I33

1157 408 1699 469 COMMENTARIUS
1733 410 1798 466 IN
1840 409 2039 466 OSEIE
2081 412 2233 467 CAP.
2272 413 2383 469 XII.

3280 419 3377 472 I9»!

139 528 487 585 ὅτιἘπεσθαι
503 526 570 598 δὴ
590 528 773 580 λοιπὸν
791 528 1056 599 προσήκει
1079 530 1155 600 τῷ
1170 528 1417 599 τοιούτῳ,
1433 528 1527 581 καὶ
1542 528 1716 581 πάντα

1818 540 2093 595 posterum
2146 528 2311 583 Deum
2354 531 2573 594 sectari,
2618 540 2779 601 atque
2830 530 3053 585 omnino
3101 545 3259 601 agere
3299 548 3379 588 se-

141 621 396 688 πράττειν
440 618 582 671 κατὰ
629 617 693 669 τὸ
726 616 917 670 δοκοῦν
950 620 1029 688 τῷ
1063 618 1184 689 Θεῷ
1229 617 1399 680 οῦτως
1429 616 1619 687 ἡμέρῳ
1652 633 1709 668 τε

137 714 247 766 ὄντι
279 713 375 765 καὶ
402 709 776 782 φιλανθρώπῳ
799 711 928 781 περί
956 712 1121 782 ὑμᾶς.
1154 730 1173 761 ι
1220 712 1309 775 Ὠς
1323 712 1458 764 λέων
1489 709 1711 781 ἐρεύξε-

136 820 242 861 ται.
306 804 402 855 καί
456 803 809 871 ἐκστήσονται
870 802 1037 855 τέκνα
1076 802 1302 856 ὑδάτων.
1339 822 1355 852 ι
1402 802 1465 855 Εἰ
1501 802 1608 871 γάρ
1644 800 1709 870 δὴ

138 893 408 955 τοιούτους
444 892 820 964 παράσχοιμεν
858 893 1106 959 ἑαυτοὺς,
1139 893 1294 964 δίκην
1327 892 1537 956 λέοντός
1566 908 1709 956 τινος

136 983 367 1055 φοϐεροῦ
407 988 521 1048 τοῖς
578 987 849 1054 κτήνεσιν,
904 985 1099 1049 ἐξοίσει
1152 984 1250 1057 τὴν
1286 985 1491 1038 οἰκείαν
1527 984 1710 1055 φωνὴν

137 1074 225 1127 ἐπὶ
266 1073 480 1136 πάντας
542 1074 805 1137 ἐκείνους,
865 1074 957 1138 οὓς
979 1076 1136 1146 δίκην
1164 1076 1370 1130 ὑδάτων
1412 1076 1540 1146 ύμίν
1567 1077 1715 1128 κατὰ.

134 1166 192 1216 τὸ
219 1165 427 1234 πλῆθος
448 1166 508 1217 τὸ
529 1169 724 1219 οἰκεῖον
741 1166 1164 1237 ἐπεληλυθότας,
1194 1169 1272 1231 εἰς
1292 1167 1553 1221 ἔκστασιν
1576 1168 1712 1222 πάν-

136 1276 228 1320 τας
280 1260 625 1327 καταστήσει
674 1259 752 1329 τῷ
781 1259 930 1329 φόϐῳ
963 1259 1043 1329 τῷ
1073 1259 1280 1330 οἰκείῳ.
1316 1262 1391 1329 (p.
1423 1259 1514 1329 84)
1552 1278 1571 1310 ι
1601 1260 1715 1312 Καὶ

134 1348 351 1416 ἥξουσιν
375 1350 455 1412 ώς
475 1349 664 1416 δρνεον
698 1349 758 1412 ἐξ
784 1349 1085 1417 Αἰγύπτου,
1111 1351 1207 1403 καὶ
1230 1350 1304 1412 ὡς
1328 1349 1624 1422 περιστερὰ
1647 1352 1719 1402 ἐκ

134 1442 233 1510 γῆς
274 1442 583 1513 Ἀσσυρίων
606 1458 619 1471 ·
652 1443 746 1494 καὶ
776 1444 1217 1513 άποκαταστήσω
1251 1444 1447 1506 αὐτοὺς
1468 1443 1547 1505 είς
1585 1442 1711 1505 τοὺς

133 1538 310 1597 οἴκους
340 1537 549 1601 αὐτῶν,
568 1536 948 1607 λέγειΚύριος.
975 1558 991 1590 ι
1014 1538 1354 1609 Πανταχόθεν
1385 1538 1494 1608 γὰρ
1518 1538 1713 1600 αὐτοὺς

134 1627 449 1692 ἐπανάξειν,
482 1628 584 1698 τῆς
617 1628 951 1700 κατεχούσης
973 1630 1287 1695 ἀπαλλάξας
1316 1630 1711 1701 αἰχμαλωσίας,

137 1718 223 1768 καὶ
250 1718 381 1779 τούς
429 1736 490 1771 τε
538 1720 691 1789 παρὰ
730 1720 1038 1791 Ἀσσυρίοις
1064 1722 1466 1793 αἰχμαλώτους,
1498 1722 1623 1785 τούς
1652 1738 1711 1775 τε

135 1809 188 1859 ἐν
220 1807 492 1879 Αἰγύπτῳ
520 1827 579 1863 τε
606 1810 865 1878 φυγάδας,
895 1811 1051 1879 δίκην
1098 1811 1301 1882 ὀρνέων
1331 1812 1712 1882 ἀποκαταστή-

1811 619 2049 675 cundum
2092 620 2183 676 Dei
2214 622 2611 690 beneplacitum
2649 632 2755 677 tam
2798 638 2928 692 erga
2970 638 3069 678 vos
3096 623 3381 677 clementis

1811 718 1973 780 atque
2012 711 2252 783 benigni.
2288 731 2307 765 ι
2337 713 2507 779 Quasi
2547 715 2632 768 leo
2670 715 2872 785 rugiet,
2904 724 2959 770 et
3006 714 3379 769 formidabunt

1811 804 1908 858 filii
1935 818 2219 873 aquarum.
2256 824 2274 857 ι
2310 806 2365 860 Si
2392 807 2529 861 tales
2559 815 2773 863 nosmet
2801 808 3232 872 exhibuerimus,
3262 808 3380 876 ipse

1811 913 1965 953 more
1994 899 2170 954 leonis
2211 898 2405 953 bestiis
2430 899 2715 962 terribilis,
2743 913 2931 953 vocem
2973 914 3128 954 suam
3162 899 3380 953 emittet

1811 998 2003 1046 contra
2042 991 2165 1047 illos
2195 1008 2405 1053 omnes,
2435 992 2527 1062 qui
2563 991 2668 1045 ritu
2719 1005 2982 1059 aquarum
3028 988 3378 1045 multitudine

1811 1096 1912 1137 sua
1949 1081 2230 1153 ingruunt,
2263 1099 2467 1153 eosque
2510 1084 2773 1138 attonitos
2813 1097 3003 1137 omnes
3030 1090 3240 1137 terrore
3274 1096 3379 1137 suo

1811 1173 1995 1229 faciet.
2032 1193 2050 1226 ι
2085 1174 2152 1228 Et
2184 1176 2403 1231 venient
2429 1177 2588 1247 quasi
2621 1179 2738 1230 avis
2766 1190 2831 1229 ex
2860 1173 3117 1244 Egypto,
3142 1183 3197 1229 et
3218 1174 3377 1244 quasi

1814 1267 2065 1322 columba
2106 1268 2175 1322 de
2204 1276 2349 1322 terra
2376 1268 2723 1339 Assyriorum
2760 1286 2775 1323 :
2807 1277 2859 1322 et
2884 1267 3165 1322 collocabo
3190 1281 3286 1321 eos
3320 1267 3377 1320 in

1811 1358 2063 1413 domibus
2097 1361 2235 1423 suis,
2282 1360 2413 1414 dicit
2458 1358 2743 1413 Dominus.
2779 1377 2797 1410 ι
2830 1358 3081 1426 Undique
3128 1358 3275 1412 enim
3319 1372 3378 1412 se

1813 1464 1909 1503 eos
1966 1450 2333 1513 redacturum,
2378 1465 2409 1504 a
2455 1450 2787 1520 captivitatis
2841 1462 3097 1519 pressura
3154 1448 3373 1511 liberos,

1812 1549 1927 1594 tum
1968 1543 2061 1611 qui
2097 1542 2243 1613 apud
2271 1542 2527 1612 Assyrios
2558 1550 2714 1597 erant
2740 1543 2967 1611 captivi,
2998 1550 3112 1595 tum
3144 1539 3249 1610 55
3282 1541 3376 1610 qui

1812 1634 1869 1686 in
1911 1632 2205 1704 Aﬁgyptum
2247 1633 2598 1704 profugerant
2645 1652 2658 1687 :
2702 1634 2881 1687 avium
2931 1636 3105 1688 instar
3149 1643 3377 1687 cunctos

1814 1721 1882 1774 ad
1926 1724 2110 1792 priora
2153 1731 2536 1778 revocaturum
2573 1723 2839 1793 promittit
2889 1723 3051 1777 Deus.
3083 1742 3103 1775 ‹
3130 1722 3379 1778 Circum-

1813 1810 1962 1866 dedit
1991 1828 2077 1869 me
2116 1813 2400 1868 mendacio
2430 1812 2775 1883 Epliraimus,
2802 1822 2855 1869 ct
2888 1814 3161 1883 impietate
3183 1813 3378 1869 domus

138 1916 243 1949 σειν
278 1900 504 1961 πάντας
533 1902 614 1962 εἰς
631 1901 698 1953 τὰ
717 1901 891 1953 οἰκεῖα
918 1902 947 1953 ὀ
966 1900 1096 1964 Θεὸς
1124 1901 1482 1971 ὑπισχνεῖται.
1514 1922 1531 1954 ι
1554 1900 1713 1955 Ἐκύ-

1817 1901 2030 1956 Israelis
2060 1916 2124 1956 ac
2150 1902 2323 1957 Juda.
2359 1874 2517 1957 Nunc
2546 1903 2696 1957 novit
2727 1918 2822 1959 eos
2851 1874 3016 1968 Deus,
3062 1912 3117 1958 et
3145 1904 3378 1974 populus

138 1990 302 2043 κλωσὲ
331 2008 408 2060 με
465 1994 527 2044 ἐν
572 1992 759 2061 ψεύδει
809 1992 1073 2065 Ἐφραίμ,
1104 1995 1199 2048 καὶ
1236 1995 1296 2047 ἐν
1323 1994 1545 2065 ἀσεϐείᾳ
1570 1989 1718 2058 οἰκος

150 2083 359 2153 Ἰσραὴλ
390 2085 489 2137 καί
506 2083 677 2139 ’ἰούδα
694 2102 707 2117 ⁸
745 2084 839 2138 νῦν
855 2086 996 2155 ἔγνω
1023 2086 1217 2150 αὐτοὺς
1236 2088 1264 2140 ὁ
1284 2086 1417 2150 Θεός
1434 2105 1448 2117 ·
1477 2087 1569 2141 καὶ
1592 2086 1718 2151 λαὸς

139 2174 279 2240 ἆγιος
312 2173 660 2245 κληθήσεται
710 2175 870 2229 Θεοῦ.
902 2195 920 2227 ι
960 2176 1231 2248 Πρότερον
1275 2177 1377 2247 μέν
1399 2176 1508 2247 γὰρ
1530 2176 1716 2247 ἐπειδὴ

140 2264 347 2333 πρὸςτὸ
378 2265 581 2334 ψεῦδος
630 2269 726 2321 καὶ
762 2267 861 2338 τὴν
896 2268 1005 2321 τῶν
1050 2268 1282 2321 εἰδώλων
1325 2268 1718 2332 ἀποκλίναντες

140 2358 440 2427 θεραπείαν
459 2361 517 2411 ἐν
541 2359 767 2430 ἀσεϐείᾳ.
781 2360 966 2431 διῆγον
992 2361 1251 2424 ἅπαντες,
1274 2361 1462 2414 οὐδένα
1477 2361 1569 2414 τὸν
1587 2360 1717 2432 περὶ

141 2453 159 2500 ἐ
168 2451 229 2518 μὲ
256 2451 584 2521 ποιούμενοι
619 2452 795 2520 λόγον,
824 2454 1140 2520 ἀναγκαίως
1164 2454 1360 2517 αὐτοὺς
1380 2456 1491 2517 τοῖς
1528 2456 1718 2515 κακοῖς

141 2542 518 2614 ξριϐἐϐληκα
553 2543 817 2607 ἐκείνοιςο
853 2544 1325 2615 μεταμελομένους
1354 2544 1410 2599 δὲ
1449 2546 1543 2599 καί
1580 2544 1718 2616 πρὸς

141 2634 193 2684 τὺ
226 2637 483 2705 κρεῖττον
539 2633 769 2698 ἰδόντας,
820 2634 1174 2706 οἰκειώσομαι
1222 2635 1469 2699 ἅπαντας
1525 2634 1719 2705 (τοῦτο

141 2726 240 2797 γὰρ
258 2726 419 2795 λέγει
452 2726 537 2789 τὸ,
574 2727 790 2795 «Ἔγνω
817 2726 1012 2789 αύτούς
1048 2730 1102 2796 ι)
1126 2744 1141 2758 θ
1168 2728 1261 2781 καὶ
1296 2728 1353 2793 ἐξ
1383 2727 1563 2781 αὐτῶν
1593 2727 1718 2798 ἐμοὶ

144 2818 477 2886 φανήσονται
505 2816 615 2869 τῶν
650 2815 991 2887 πραγμάτων
1017 2817 1189 2881 ὄντες.
1218 2817 1313 2871 ἆτε
1328 2818 1598 2872 τοσούτων
1624 2818 1719 2871 καὶ

143 2904 475 2976 τηλικούτων
526 2904 751 2973 ἀγαθῶν
813 2904 904 2959 διὰ
935 2905 1036 2976 τῆς
1075 2907 1216 2977 ἐμῆς
1242 2906 1553 2977 ἀξιούμενοι
1592 2906 1718 2979 βοη-

147 2998 286 3061 θείας
306 3016 321 3030 ·
360 2997 437 3051 τὰ
466 2998 565 3067 μὲν
593 2997 659 3068 δὴ
700 2998 831 3069 παρ’
864 2997 1000 3069 ἐμοῦ
1037 2999 1263 3053 τοιαῦτα
1293 2999 1554 3071 παρέχειν
1581 2999 1718 3054 ἐτοι-

146 3106 236 3158 μος
262 3088 399 3158 ἐγώ.
434 3090 503 3141 Τί
529 3089 623 3152 δέ;

777 3180 935 3235 ΚΕΦ.
980 3180 1079 3233 IB'.

209 3272 353 3340 Στίχ.
384 3271 538 3325 α’-δ’.
564 3291 581 3322 ι
603 3272 662 3324 '0
694 3271 749 3324 δὲ
785 3271 1023 3343 Ἐφραῒμ
1044 3272 1277 3343 πονηρὸν
1303 3272 1536 3344 πνεῦμα.
1575 3275 1718 3328 »Ἵνα

148 3364 291 3433 εἴπῃ,
322 3364 657 3433 προαίρεσις
714 3364 999 3433 μοχθηρά’
1043 3363 1259 3433 πνεῦμα
1301 3365 1407 3436 γὰρ
1448 3366 1717 3437 πολλαχοῦ

150 3452 291 3505 καλεί
321 3453 431 3523 τὴν
487 3453 807 3523 προαίρεσιν
831 3469 844 3483 ·
874 3453 951 3516 ὠς
998 3453 1078 3518 τὸ,
1112 3472 1129 3504 ι
1166 3451 1440 3524 Πνεύματι
1466 3456 1719 3524 πορνείας

152 3542 528 3613 ἐπλανήθησαν
542 3558 557 3572 ·
583 3562 601 3593 ›
622 3543 735 3607 καὶ,
762 3562 779 3593 ι
806 3542 1027 3612 Πνεῦμα
1045 3541 1197 3601 εύθές
1212 3542 1519 3611 ἐγκαίνισον
1533 3544 1591 3596 ἐν
1606 3546 1718 3607 τοῖς

154 3635 400 3701 ἐγκάτοις
456 3650 558 3704 μου
582 3649 599 3662 ’
632 3654 651 3686 ι
690 3635 800 3688 Καὶ
856 3634 1037 3688 Χαλέϐ
1060 3635 1209 3688 ὁτοῦ
1253 3635 1465 3704 Ἰεφονί,
1498 3637 1573 3706 (p.
1625 3636 1717 3705 85)

153 3729 235 3779 καί
260 3726 475 3798 Ἰησοῦς
508 3728 537 3779 ὁ
567 3726 662 3780 τοῦ
701 3728 878 3798 Ναυῆ,
910 3728 993 3780 ὅτι
1029 3746 1047 3779 ι
1083 3727 1348 3799 Ἐγενήθη
1374 3727 1588 3798 πνεῦμα
1612 3728 1720 3781 ἐτε-

150 3835 236 3887 ρον
264 3820 319 3872 ἐν
349 3817 614 3887 αύτιῖιμ-
631 3817 845 3882 Ἐδίωξε
874 3817 1129 3871 καύσωνα
1155 3817 1283 3889 ὃλην
1321 3819 1422 3888 τὴν
1450 3820 1712 3889 ἡμέραν.»

151 3910 418 3981 Διηνεκῶς
448 3910 559 3980 γάρ
594 3908 836 3963 ἐπετέλει
885 3908 1128 3972 τοιαῦτα,
1177 3909 1213 3963 ἃ
1263 3908 1540 3971 καύσωνος
1564 3909 1717 3980 δίκην

154 3998 544 4069 λυμαινομένου
600 4001 715 4063 τοῖς
758 4002 1012 4069 καρποῖς,
1058 3999 1281 4068 ἐπάγειν
1313 4000 1493 4062 αὐτοῖς
1523 3994 1591 4069 ἦν
1622 4000 1719 4051 αύ-

153 4092 313 4162 τάρκη
335 4092 443 4160 τὴν
480 4090 710 4161 φθοράν.
748 4110 767 4142 ι
803 4090 951 4145 Κενά
984 4092 1078 4144 καί
1114 4090 1317 4162 μάταια
1336 4091 1661 4161 ἐπλήθυναν.
1694 4109 1713 4142 ι

156 4186 252 4236 Καὶ
274 4183 485 4253 πλῆθος
510 4183 745 4237 εἰδώλων
772 4185 1174 4255 κατεστήσαντο
1205 4183 1498 4252 ἀνωφελῶν
1527 4200 1721 4237 παντε-

155 4273 250 4336 λῶς
303 4276 405 4327 καὶ
459 4274 668 4345 βλάϐης
722 4276 983 4345 μεγίστης
1004 4274 1210 4328 αἰτίων.
1252 4292 1271 4325 ι
1305 4276 1413 4329 Καὶ
1457 4274 1719 4347 διαθήκην

159 4365 281 4434 μετά
306 4367 617 4435 Ἀσσυρίων
641 4366 865 4430 διέθετο,
893 4366 985 4419 καί
1010 4367 1185 4419 ἔλαιον
1207 4365 1317 4434 (12)
1348 4369 1426 4431 εἰς
1446 4368 1718 4436 Αἴγυπτον

1816 2004 2040 2050 sanctus
2085 1994 2375 2049 vocabitur
2425 1994 2538 2053 Dei.
2574 2015 2591 2047 ι
2626 1997 2791 2050 Antea
2838 1997 3078 2066 quidem,
3118 1996 3374 2065 quoniam

1813 2084 1881 2140 ad
1942 2083 2237 2140 falsitatem
2297 2095 2459 2155 atque
2512 2087 2782 2141 idolorum
2834 2088 3159 2157 obsequium
3213 2088 3379 2157 impie

1812 2188 2001 2229 omnes
2043 2173 2475 2242 declinaverant,
2524 2176 2734 2229 nullum
2783 2176 2888 2231 mei
2934 2184 3238 2246 respectum
3275 2176 3378 2231 ha—

1813 2267 2023 2329 bentes,
2056 2268 2370 2323 necessario
2396 2282 2493 2323 eos
2513 2268 2672 2323 malis
2706 2268 2814 2323 illis
2849 2268 3051 2323 irretivi
3071 2286 3084 2323 :
3106 2268 3199 2324 sed
3232 2283 3378 2322 nunc

1812 2361 2219 2431 resipiscentes,
2275 2369 2330 2416 et
2372 2360 2614 2416 melioris
2652 2359 2827 2430 frugis
2876 2360 3173 2423 studiosos,
3220 2358 3379 2413 fami-

1813 2453 1978 2508 liares
2019 2453 2151 2506 mihi
2193 2468 2384 2507 omnes
2431 2452 2650 2506 faciam.
2701 2452 2755 2506 Id
2810 2452 2953 2506 enim
2994 2452 3135 2505 valet
3176 2451 3380 2506 locutio

1814 2545 1932 2607 illa,
1979 2565 1997 2596 ι
2030 2544 2166 2599 Novi
2196 2560 2311 2599 eos.
2344 2564 2363 2595 ι
2395 2544 2460 2598 Ει
2483 2544 2703 2615 quidem
2731 2544 2786 2598 in
2818 2558 3046 2598 numero
3077 2558 3199 2598 esse
3229 2558 3380 2598 meo-

1816 2654 1958 2699 rum,
1996 2638 2139 2693 facta
2184 2639 2301 2707 ipsa
2355 2638 2653 2701 docebunt,
2693 2638 2955 2707 quoniam
2997 2645 3078 2691 tot
3119 2643 3380 2706 tantaque

1815 2729 1955 2784 bona
1992 2746 2075 2785 me
2120 2731 2413 2799 adjuvante
2452 2739 2834 2800 assequentur.
2868 2729 3028 2784 Certe
3072 2729 3139 2783 ad
3187 2728 3380 2796 hujus-

1815 2821 1959 2875 modi
1998 2822 2131 2891 ipsis
2164 2821 2463 2877 exhibenda
2504 2820 2769 2876 beneﬁcia
2799 2828 3022 2891 paratus
3055 2835 3201 2875 sum.
3236 2818 3379 2885 Quid

1814 2923 1975 2977 porro
1993 2909 2016 2962 ?

2437 3173 2588 3230 CAP.
2630 3174 2743 3229 XII.

1887 3264 2052 3320 Vens.
2090 3266 2207 3320 I4.
2238 3295 2308 3306 —-
2337 3285 2355 3317 α
2387 3264 2714 3337 Ephraimus
2762 3277 2943 3321 autem
3001 3267 3175 3323 llltlIllS
3224 3268 3378 3336 spiri-

1819 3368 1925 3413 tus.
1963 3378 1981 3409 ι
2020 3356 2156 3412 Mala
2192 3358 2447 3412 nimirum
2477 3360 2766 3414 voluntas:
2798 3374 2923 3413 nam
2955 3360 3206 3429 spiritum
3236 3374 3379 3428 saepe

1816 3451 2051 3529 appellat
2079 3451 2442 3515 voluntatem;
2476 3452 2639 3505 veluti
2673 3469 2685 3505 :
2724 3469 2743 3503 ι
2781 3449 3017 3521 Spiritus
3057 3449 3375 3506 fornicati0«

1818 3541 1904 3597 nis
1928 3540 2144 3613 decepit
2162 3556 2257 3595 eos
2275 3540 2351 3607 ἰς
2377 3561 2394 3594 ι
2417 3550 2492 3607 et,
2524 3562 2540 3593 ι
2567 3540 2831 3612 Spiritum
2847 3552 3060 3597 rectum
3089 3540 3284 3595 innova
3321 3542 3373 3595 in

1816 3630 2119 3686 visceribus
2168 3631 2302 3685 meis
2326 3631 2405 3697 ";
2440 3650 2457 3683 ι
2509 3632 2572 3685 Et
2604 3630 2809 3685 Chaleb
2847 3629 3079 3701 Jephoni
3123 3632 3288 3699 ﬁlius,
3324 3640 3379 3687 et

1816 3721 1976 3778 Jesus
2001 3721 2153 3786 Navi,
2174 3720 2431 3789 quoniam
2469 3742 2489 3774 ι
2526 3723 2751 3791 spiritus
2774 3721 2914 3778 alius
2937 3721 3037 3777 fuit
3066 3724 3120 3777 in
3152 3724 3245 3777 illo
3263 3725 3326 3777 ³³.
3352 3741 3375 3776 ι

1816 3842 1888 3853 -
1908 3830 1927 3863 ι
1955 3811 2282 3867 Persecutus
2324 3821 2407 3865 cst
2438 3818 2628 3865 aestum
2652 3820 2762 3865 tota
2787 3812 2895 3867 die.
2932 3811 3206 3882 rSemper
3233 3814 3379 3868 enim

1819 3905 1945 3957 talia
1988 3904 2200 3973 agebat,
2236 3918 2357 3972 qua:
2388 3916 2539 3956 more
2590 3913 2757 3960 :estus
2803 3903 3053 3973 frugibus
3093 3907 3261 3971 noxii,
3293 3905 3381 3959 af-

1818 3993 1961 4049 ferre
2005 3994 2138 4063 ipsis
2185 3993 2480 4062 perniciem
2532 4001 2803 4061 poterant.
2859 4011 2878 4043 ε
2914 3993 3098 4046 Inania
3139 4002 3194 4048 et
3237 4007 3380 4047 vana

1816 4085 2330 4154 multiplicaverunt.
2371 4101 2390 4135 ι
2459 4081 2709 4152 Magnum
2762 4099 3045 4138 numerum
3108 4083 3379 4137 idolorum

1817 4178 2241 4238 constituerunt,
2296 4174 2568 4228 inutilium
2610 4189 2853 4243 prorsus,
2891 4175 3000 4227 imo
3032 4173 3252 4227 maximi
3288 4174 3384 4228 de-

1820 4267 2060 4324 trimenti
2120 4281 2342 4321 causam
2408 4265 2786 4335 praebentium.
2850 4283 2867 4314 ι
2903 4263 2968 4317 Et
3019 4263 3198 4319 fmdus
3256 4280 3381 4320 cum

1820 4359 2061 4430 Assyriis
2096 4358 2289 4421 inibat,
2320 4365 2375 4412 et
2399 4357 2577 4411 oleum
2607 4356 2663 4410 in
2699 4355 2934 4427 IEgypto
2957 4357 3318 4410 mercabatur.
3358 4375 3377 4409 ι

154 4457 519 4528 ἐνεπορεύετο.
563 4476 582 4508 ι
611 4452 744 4510 Εἶτα
768 4459 955 4521 κακοῖς
984 4456 1123 4529 ὑπὲρ
1153 4457 1357 4510 τούτων
1374 4474 1716 4530 περιπεπτω-

1822 4450 2033 4505 Deinde
2087 4448 2140 4503 in
2175 4448 2292 4501 haec
2321 4446 2464 4500 mala
2507 4445 2810 4516 coniectus,
2837 4445 3000 4499 modo
3021 4446 3090 4500 ab
3118 4445 3381 4517 Assyriis,

159 4547 275 4611 κὼς,
310 4547 446 4600 ποτέ
476 4548 576 4618 μὲν
604 4548 671 4600 δι’
716 4547 1035 4617 Ἀσσυρίων,
1067 4547 1199 4599 ποτέ
1236 4547 1291 4600 δὲ
1317 4547 1385 4600 δι’
1408 4548 1719 4615 Αἰγυπτίων

160 4639 373 4707 ήλπιζεν
418 4638 628 4705 ἀγαθοῦ
667 4655 812 4701 τινος
842 4637 1124 4704 τεύξεσθαι
1148 4653 1163 4668 ο
1208 4638 1469 4709 καὶπρὸς
1513 4641 1720 4692 ἐκεῖνον

164 4730 252 4797 μὲν
298 4730 482 4800 φιλίας
539 4730 813 4800 συνθήκας
853 4730 1104 4783 ἐϐούλετο
1153 4728 1441 4793 ποιεῖσθαι,
1466 4731 1617 4800 παρὰ
1662 4730 1718 4784 δὲ

161 4822 337 4875 τούτου
390 4821 706 4893 συμμαχίαν
754 4822 911 4893 ᾔτειο
965 4821 1224 4890 ὠφελεῖτο
1275 4822 1330 4873 δέ
1368 4821 1425 4888 ἐξ
1463 4822 1718 4876 ἁπάντων

162 4915 351 4968 τούτων
384 4915 555 4967 οὐδέν.
607 4934 625 4965 ι
664 4914 770 4967 Καὶ
808 4914 990 4984 κρίσις
1026 4912 1103 4983 τῷ
1131 4913 1318 4982 Κυρίῳ
1342 4913 1479 4985 πρὸς
1519 4914 1717 4968 Ἰούδαν

162 5005 245 5057 τοῦ
274 5007 558 5077 ἐκδικῆσαι
595 5006 685 5058 τὸν
726 5005 942 5059 Ἰακώϐ.
980 5024 997 5057 ι
1039 5004 1225 5075 Ὁγὰρ
1254 5004 1387 5068 Θεὸς
1410 5005 1570 5069 αὐτὸς
1595 5007 1720 5076 ἥκει

163 5094 241 5148 διὰ
270 5096 379 5149 τῶν
412 5097 755 5167 πραγμάτων
777 5095 1170 5167 κριθησόμενος
1195 5096 1332 5167 πρὸς
1368 5097 1585 5161 αὐτοὺς,
1628 5098 1721 5151 καὶ

163 5189 382 5242 ἐκδικῶν
434 5190 503 5243 τά
578 5189 655 5259 μὴ
707 5188 936 5250 δεόντως
982 5188 1164 5253 αὐτοῖς
1197 5189 1559 5261 πεπραγμένα
1584 5206 1597 5221 ·
1629 5190 1719 5244 τὸν

175 5280 361 5333 Ἰακὼϐ
397 5281 504 5353 γὰρ
528 5279 809 5333 κάνταῦθα
842 5279 992 5348 λέγει
1014 5279 1075 5331 τὸ
1106 5279 1255 5344 ἔθνος
1283 5281 1393 5334 τῶν
1435 5282 1723 5351 Ἰουδαίων,

164 5372 287 5443 ὅπερ
318 5370 408 5426 σῦν
435 5374 533 5426 καὶ
578 5371 770 5425 Ἰακὼὸ
803 5371 899 5424 καὶ
932 5370 1147 5443 Ἰσραὴλ
1182 5372 1424 5427 ἐκαλεῖτο
1454 5375 1594 5429 κατὰ
1625 5379 1725 5450 τήν

166 5464 249 5516 τοῦ
277 5466 621 5534 προπάτορος
650 5463 830 5517 αὐτῶν
880 5462 1195 5532 ὀνομασίαν,
1234 5464 1310 5527 ὡς
1344 5467 1403 5518 ἐν
1437 5469 1551 5529 τοίς
1582 5468 1724 5522 ἀνω⁴

167 5555 329 5629 τέροις
378 5556 660 5626 ἐδείξαμεν
689 5571 703 5586 ⁸
760 5554 881 5610 ὅθεν
927 5554 1122 5624 ἐπάγει
1145 5570 1160 5586 ·
1198 5575 1215 5607 ι
1257 5556 1416 5610 Κατὰ
1441 5557 1540 5622 τὰς
1570 5558 1724 5625 ὁδοὺς

1822 4542 1985 4597 modo
2016 4541 2083 4595 ab
2113 4538 2384 4610 Egyptiis
2405 4538 2657 4608 sperabat
2694 4538 2821 4591 boni
2854 4537 3056 4606 aliquid
3077 4539 3338 4609 consequi
3364 4556 3380 4593 :

1821 4640 1873 4686 et
1907 4644 2029 4683 cum
2066 4629 2171 4683 illis
2213 4626 2431 4697 quidem
2477 4624 2730 4680 amicitia:
2770 4625 2946 4681 fmdus
2982 4626 3209 4696 jungere
3236 4628 3385 4682 vole-

1822 4724 1936 4784 bat,
1986 4722 2057 4776 ab
2102 4722 2190 4776 his
2229 4726 2409 4774 autem
2457 4718 2584 4773 belli
2641 4719 2951 4773 societatem
3004 4720 3255 4788 petebat.-
3288 4720 3385 4775 sed

1820 4817 1955 4870 nihil
1986 4816 2054 4869 ab
2092 4814 2175 4869 bis
2206 4814 2461 4867 omnibus
2483 4820 2567 4868 est
2595 4820 2944 4867 consecutus.
2979 4830 2997 4864 ι
3034 4812 3384 4882 Etjudicium

1825 4908 2039 4965 Domini
2071 4923 2194 4962 cum
2221 4904 2382 4969 Juda,
2415 4913 2476 4959 ut
2502 4905 2801 4959 ulciscatur
2830 4904 2938 4975 56
2963 4903 3154 4960 Jacob.
3191 4925 3210 4959 ι
3240 4906 3385 4961 Deus

1827 5002 1947 5070 ipse
1972 4999 2144 5063 venit,
2180 4998 2341 5051 factis
2375 4998 2560 5065 utique
2592 4995 2856 5065 judicium
2888 4997 2956 5051 de
2986 4997 3095 5051 illis
3130 5007 3385 5066 peractu-

1825 5109 1944 5157 rus,
1991 5100 2047 5147 et
2083 5107 2203 5162 quae
2233 5099 2429 5161 praeter
2457 5088 2689 5143 omnium
2737 5098 2965 5159 egerunt
2987 5090 3386 5144 vindicaturus.

1824 5184 1959 5239 Nam
2000 5182 2172 5238 Jacob
2214 5183 2317 5236 hoc
2345 5196 2561 5251 quoque
2607 5181 2728 5236 loco
2765 5180 2899 5234 dicit
2945 5181 3256 5235 universam
3290 5178 3390 5233 Jn-

1824 5276 2065 5331 daeorum
2093 5282 2331 5346 gentem,
2357 5288 2477 5343 quae
2510 5280 2565 5327 et
2588 5270 2758 5326 Jacob
2785 5279 2839 5327 et
2875 5272 3041 5326 Israel
3075 5270 3389 5341 appellaba-

1825 5380 1935 5433 tur,
1965 5368 2034 5424 de
2066 5369 2151 5422 sui
2193 5364 2557 5437 progenitoris
2606 5365 2849 5427 nomine,
2892 5372 2949 5417 ut
2977 5364 3091 5432 jam
3134 5364 3188 5416 in
3222 5378 3379 5431 supe-

1822 5461 2062 5518 rioribus
2085 5460 2342 5515 diximus.
2364 5456 2519 5513 Unde
2550 5456 2698 5512 addit
2726 5474 2739 5511 :
2769 5474 2788 5507 ι
2816 5455 2974 5513 Juxta
3005 5456 3123 5510 vias
3158 5454 3304 5523 ejus,
3334 5459 3391 5507 et

1816 5554 1974 5625 juxta
2013 5549 2426 5607 adinventiones
2466 5549 2588 5619 ejus
2640 5546 2831 5604 reddet
2876 5547 2947 5601 ei.
2981 5565 3003 5601 ι
3057 5546 3162 5602 Pro
3215 5559 3285 5601 eo
3323 5558 3391 5601 ac

230 5716 413 5774 "05c.
453 5736 525 5783 tv,
551 5720 637 5776 IS.
715 5723 758 5755 ³¹
795 5721 936 5781 Psal.
963 5725 1128 5791 L,12.
1206 5725 1249 5756 ³³
1282 5723 1441 5779 Num.
1488 5741 1598 5793 τιν,
1630 5725 1700 5780 24

1817 5736 1943 5786 mi,
1976 5721 2060 5775 18.

234 5873 341 5945 (ἰὲ)
370 5874 502 5931 Cod.
531 5876 696 5931 ἔλεον.
