3954 6554
486 429 583 484 I95

1670 418 2018 476 TIIEODORI
2058 415 2533 472 MOPSUESTENI

3623 422 3716 475 196

484 544 670 598 dicat:
699 557 758 597 se
797 555 1092 610 congruam
1123 541 1364 610 peccatis
1392 556 1581 595 eorum
1623 556 1840 610 pmnam
1878 541 2054 609 impo-

2175 534 2344 599 ιὺτοῦ,
2361 536 2456 590 καὶ
2483 535 2622 588 κατά
2648 534 2716 588 τὰ
2735 535 3142 606 ἐπιτηδεύματα
3167 536 3331 590 αὑτοῦ
3355 539 3718 594 ἀνταποδώσει

485 636 740 688 siturum.
785 631 990 686 Deinde
1033 639 1085 687 et
1127 633 1494 703 progenitoris
1543 633 1812 702 exemplo,
1861 633 2053 685 horum

486 725 768 792 redarguit
823 724 1249 793 improbitatem.
1315 744 1333 776 ι
1369 725 1424 780 In
1470 734 1626 780 utero
1687 725 2057 794 supplantavit

487 815 709 870 fratrem
740 831 923 869 suum.
966 834 983 865 ι
1025 815 1284 871 Profecto
1322 817 1416 872 ille
1443 828 1571 873 ante
1602 819 1767 872 etiam
1800 817 2055 870 nativita-

490 917 596 960 tem
641 907 916 975 portendit
949 922 1013 961 eo
1047 908 1293 974 corporis
1320 919 1466 961 motu
1503 908 1765 968 fraudem,
1792 923 1896 977 qua
1929 906 2058 960 alle-

489 1004 738 1048 ctaturus
784 1005 901 1048 erat
946 996 1289 1066 primogeniti
1334 997 1480 1064 jura.
1517 1016 1534 1047 ι
1571 996 1633 1050 Ει
1690 997 1742 1049 in
1779 996 2064 1050 laboribus

488 1085 604 1138 suis
637 1084 808 1136 valuit
843 1099 972 1154 erga
1015 1083 1204 1138 Deum.
1244 1103 1261 1134 ι
1297 1083 1494 1138 Multos
1529 1099 1820 1153 perpessus
1843 1084 2057 1139 labores

492 1193 556 1230 ac
589 1176 831 1239 fraudes,
866 1192 974 1230 non
1004 1178 1263 1232 sustinuit
1287 1193 1316 1231 a
1358 1177 1450 1232 Dei
1491 1179 1867 1234 benevolentia
1907 1196 2058 1236 rece-

489 1271 640 1324 dere.
678 1289 696 1322 ι
731 1269 797 1322 Et
842 1271 1052 1324 viribus
1095 1271 1265 1323 valuit
1297 1286 1423 1324 cum
1473 1272 1664 1341 angelo
1703 1271 1964 1342 (luctari),
2005 1282 2059 1328 et

492 1368 682 1428 potens
735 1358 857 1413 fuit.
901 1378 918 1410 ι
954 1357 1161 1414 Fratris
1207 1360 1438 1415 insidias
1486 1363 1797 1431 suspicans,
1847 1365 2058 1420 visione

493 1450 670 1518 angeli
702 1447 960 1517 dignatus
997 1449 1115 1514 fuit,
1148 1464 1270 1502 cum
1302 1466 1413 1520 quo
1438 1453 1632 1505 luctari
1655 1454 1830 1515 visus,
1864 1463 2057 1524 potens

499 1537 774 1607 apparuit.
806 1539 882 1590 Ac
906 1553 992 1593 res
1032 1539 1178 1592 illius
1213 1538 1285 1591 ita
1316 1555 1376 1593 se
1402 1539 1732 1595 habuerunt.
1761 1540 1899 1608 Quid
1934 1561 2058 1599 vero

491 1631 612 1698 ejus
658 1629 900 1699 posteri?
934 1648 951 1680 ι
990 1628 1302 1693 Fleverunt,
1347 1638 1401 1685 et
1431 1647 1517 1686 me
1545 1631 1820 1702 deprecati
1848 1644 1993 1689 sunt.
2035 1655 2053 1686 ι

494 1720 549 1774 1η
593 1724 738 1776 luctu
793 1737 984 1776 omnes
1041 1733 1348 1787 versantur,
1402 1723 1762 1794 precibusque
1813 1726 2061 1780 nituntur

494 1829 767 1868 aerumnas
822 1823 1088 1874 avertere,
1142 1814 1344 1884 quibus
1389 1816 1458 1869 ob
1510 1831 1664 1869 suam
1727 1817 2056 1886 impietatem

497 1914 846 1974 premuntur.
879 1904 1135 1970 Quaenam
1168 1913 1253 1959 est
1286 1907 1438 1960 lucc?
1467 1925 1484 1956 ι
1517 1906 1575 1960 In
1604 1907 1768 1961 domo
1796 1910 1878 1963 0n
1922 1910 2064 1964 inve-

499 2003 697 2048 nerunt
723 2011 822 2048 me.
855 2015 874 2046 ι
904 1994 1171 2048 ldolorum
1196 1997 1363 2049 cultui
1389 1999 1675 2064 vacabant,
1701 2003 1922 2055 nomine
1944 2017 2064 2055 meo

503 2085 746 2139 colentes
774 2085 862 2138 illa
903 2101 1024 2155 qua:
1056 2086 1184 2139 huic
1213 2087 1562 2156 appellationi
1587 2089 1679 2157 jus
1722 2089 1928 2144 nullum
1965 2091 2065 2143 ha-

504 2176 720 2229 bebant.
768 2175 901 2238 Illic,
953 2177 1194 2246 inquam,
1237 2179 1392 2247 quasi
1433 2187 1752 2247 pneseutcm
1804 2196 1888 2234 me
1920 2183 2069 2236 cole-

503 2269 652 2330 bant,
701 2267 794 2336 qui
841 2267 1084 2320 aberam.
1125 2266 1266 2337 Ergo
1294 2267 1485 2331 dictio,
1521 2287 1539 2318 t
1573 2268 1630 2322 lu
1661 2269 1822 2324 domo
1848 2270 1929 2324 On
1984 2289 2068 2328 me

500 2360 844 2417 invenerunt.
887 2376 906 2408 ι
941 2358 1158 2426 ponitur
1183 2359 1497 2428 pronuasi
1528 2359 1601 2414 ibi
1638 2376 1721 2414 me
1745 2370 2063 2430 prtesentem

501 2448 860 2508 invenissent,
915 2462 1074 2516 quem
1127 2448 1234 2503 coli
1285 2449 1355 2501 ab
1404 2448 1541 2516 ipsis
1588 2455 1848 2518 tanquam
1897 2449 2062 2503 Deum

500 2540 809 2608 oportebat,
849 2539 1063 2592 interitu
1100 2538 1247 2594 idolo
1289 2539 1616 2594 exhibebant
1646 2541 2062 2610 appellationem

502 2632 664 2684 simul
694 2639 747 2684 et
777 2631 1037 2684 honorem
1071 2629 1186 2685 Dei.
1224 2648 1242 2682 ι
1282 2631 1348 2684 Et
1380 2631 1453 2685 ibi
1482 2630 1621 2686 facta
1651 2641 1779 2686 sunt
1807 2635 1970 2687 verba
1996 2634 2061 2688 ad

501 2735 614 2773 eos.
655 2738 672 2768 ›
713 2719 1044 2773 Sententiam
1083 2719 1195 2774 illic
1235 2726 1454 2788 propter
1488 2720 1652 2789 impie
1685 2719 1825 2773 facta
1860 2721 2063 2789 justam

500 2810 810 2865 audierunt.

575 3137 739 3190 Vens.
792 3135 908 3188 5-8.
953 3164 1020 3174 -
1055 3153 1072 3183 ‹
1110 3132 1175 3187 Et
1214 3131 1478 3188 Dominus
1527 3131 1671 3188 Deus
1718 3133 2066 3203 omnipotens

504 3231 612 3284 erit
658 3227 973 3282 memoriale
1005 3226 1148 3294 ejus.
1183 3245 1202 3278 ι
1238 3225 1346 3280 Sed
1395 3226 1540 3280 enim
1584 3225 1638 3279 in
1674 3227 1806 3279 talia
1839 3226 2064 3291 incidet,

2158 628 2324 697 αὑτῷ,
2365 646 2383 678 ι
2413 629 2529 680 Ἵνα
2560 627 2690 698 εἴπῃ
2728 629 2812 681 ὅτι
2836 629 3097 696 ἀνάλογον
3119 622 3192 682 ὧν
3218 631 3504 684 πταίουσιν
3543 633 3722 696 αὑτοῖς

2158 720 2348 786 ἐπάξει
2375 721 2642 792 τιμωρίαν
2668 739 2682 753 ·
2717 717 2836 774 εἶτα
2860 722 2953 774 καὶ
2984 721 3126 776 κατά
3147 721 3446 795 παράθεσιν
3473 721 3566 774 τοῦ
3593 739 3723 791 προ-

2160 813 2391 882 πάτορος
2417 811 2512 883 τὴν
2541 811 2744 866 τούτων
2773 813 2984 882 ἐλέγχει
3045 814 3263 868 κακίαν.
3289 833 3308 865 ι
3353 815 3444 867 Ἔν
3465 815 3532 885 τῇ
3550 811 3723 882 κοιλία

2161 905 2438 973 ἐπτέρνισε
2479 905 2568 958 τὸν
2594 904 2820 972 ἀδελφὸν
2868 905 3051 958 αὑτοῦ.
3096 925 3114 958 ι
3143 909 3217 977 (p.
3249 905 3339 975 86)
3403 906 3463 958 Ὀ
3493 905 3590 975 μὲν
3616 905 3724 974 γὰρ

2159 995 2250 1046 καὶ
2284 995 2387 1064 πρὸ
2413 995 2511 1064 τῆς
2538 994 2842 1064 γεννήσεως
2879 995 3209 1048 ἐνεδείκνυτο
3239 995 3316 1064 τῷ
3355 997 3594 1066 σχήματι
3626 995 3723 1066 τὴν

2158 1084 2390 1153 ἀπάτην,
2425 1085 2543 1154 μεθ’
2563 1081 2629 1155 ἧς
2656 1084 2888 1155 ἧμελλεν
2903 1086 3416 1158 ἀντιποιηθήσεσθαι
3442 1087 3552 1141 τῶν
3577 1105 3726 1158 πρω-

2156 1176 2431 1230 τοτοκίων.
2455 1194 2473 1223 ι
2504 1177 2612 1229 Καὶ
2640 1178 2696 1229 ἐν
2715 1177 2902 1240 κόποις
2930 1178 3090 1232 αὑτοῦ
3128 1178 3313 1248 ἴσχυσε
3356 1178 3490 1247 πρὸς
3519 1178 3670 1230 Θεόν.
3701 1196 3720 1228 υ

2159 1267 2267 1319 Καὶ
2309 1268 2532 1330 πολλοὺς
2570 1267 3006 1339 ὑπομεμενηκὼς
3044 1270 3236 1331 πόνους
3265 1286 3325 1321 τε
3366 1269 3460 1321 καὶ
3499 1269 3724 1332 πλάνας,

2158 1361 2256 1428 τῆς
2286 1360 2419 1429 πρὸς
2453 1359 2584 1412 Θεὸν
2607 1361 2704 1412 οὑκ
2734 1359 2991 1429 ἠνέσχετο
3018 1361 3225 1424 εὐνοίας
3250 1362 3529 1432 ἐκστῆναι.
3565 1383 3580 1410 ι
3619 1363 3728 1414 Καὶ

2159 1449 2403 1520 ἐνίσχυσε
2437 1451 2571 1521 μετά
2633 1452 2887 1519 ἀγγέλου,
2933 1453 3026 1505 καὶ
3065 1452 3320 1524 ἠδυνήθη.
3359 1471 3377 1502 ι
3411 1453 3520 1506 Καὶ
3544 1453 3608 1520 δὴ
3638 1453 3729 1504 καὶ

2159 1541 2250 1593 τοῦ
2291 1542 2517 1610 ἀδελφοῦ
2563 1543 2660 1613 τὴν
2712 1544 3002 1613 ἐπιϐουλὴν
3062 1543 3429 1615 ὑφορώμενος.
3467 1546 3730 1606 ὀπτασίας

2160 1631 2360 1702 ἠξιώθη
2393 1633 2647 1702 ἀγγέλου,
2679 1635 2814 1702 πρὸς
2841 1634 2899 1687 ὃν
2926 1634 3175 1688 παλαίειν
3202 1634 3375 1687 δοκῶν
3396 1634 3552 1704 ῶφθη
3575 1636 3730 1689 δυνα-

2159 1724 2249 1786 τός
2277 1724 2445 1778 ’ἀλλὰ
2498 1728 2564 1778 τὰ
2615 1725 2711 1793 μὲν
2748 1725 2953 1778 ἐκείνου
3008 1726 3233 1779 τοιαῦτα
3263 1743 3276 1756 ο
3319 1726 3388 1779 τὰ
3437 1727 3492 1779 δὲ
3529 1727 3731 1780 τούτων

2160 1816 2269 1868 τῶν
2307 1817 2588 1885 ἀπογόνων
2634 1817 2742 1869 τῶν
2777 1818 2985 1870 ἐκείνου
3019 1819 3210 1881 emitr;
3241 1836 3259 1868 ι
3301 1819 3614 1872 Ἔκλαυσαν
3644 1820 3732 1870 καὶ

2164 1908 2458 1978 ἐδεήθησάν
2510 1926 2628 1976 μου.
2677 1928 2695 1959 ι
2747 1909 2834 1961 Ἐν
2873 1909 3130 1978 δάκρυσιν
3182 1910 3422 1972 ἅπαντές
3473 1912 3578 1962 εἰσι
3643 1913 3734 1962 καὶ

2162 1997 2427 2068 δεήσεσιν,
2446 1997 2764 2066 ἀπαλλαγὴν
2785 1997 3060 2060 αἰτοῦντες
3085 1996 3190 2050 τῶν
3223 1999 3406 2051 κακῶν
3425 2001 3480 2051 ἐν
3497 1995 3577 2062 οἷς
3596 2001 3734 2070 ὑπὲρ

2165 2089 2262 2158 τῆς
2285 2087 2538 2150 ἀσεϐείας
2559 2086 2903 2154 ἐξετάζονται
2928 2088 3026 2159 τῆς
3051 2088 3256 2152 οἰκείας
3273 2105 3286 2118 °
3318 2091 3472 2152 ποίας
3488 2091 3694 2158 ταύτης
3718 2109 3732 2154 ς

2173 2195 2192 2228 ι
2236 2177 2323 2228 Ἑν
2357 2176 2435 2245 τῷ
2485 2178 2619 2247 οἴκῳ
2651 2178 2745 2230 Ὢν
2800 2171 2957 2248 εὗρόν
2990 2195 3077 2248 με.
3121 2199 3139 2228 »
3170 2180 3437 2251 Περ“ιγὰρ
3483 2181 3582 2252 τὴν
3630 2183 3738 2235 τῶν

2168 2263 2402 2318 εἰδώλων
2457 2265 2781 2336 ἠσχολοῦντο
2840 2267 3172 2336 θεραπείαν,
3227 2270 3284 2321 ἐν
3329 2271 3594 2342 ὀνομασίᾳ
3641 2273 3738 2340 μὲν

2168 2355 2434 2426 τιμῶντες
2459 2358 2580 2429 ἐμῇ
2632 2357 2757 2419 τοὺς
2789 2358 2940 2410 οὐδὲν
2989 2359 3126 2428 αὑτῇ
3169 2361 3464 2430 προσήκειν
3503 2362 3652 2424 οἴους
3682 2380 3738 2414 τε

2169 2447 2326 2510 ὄντας
2350 2463 2362 2478 ο
2401 2447 2476 2510 ὡς
2505 2448 2691 2501 αὑτόοι
2742 2449 2800 2501 δὲ
2837 2450 3081 2520 παρόντα
3129 2451 3396 2520 τιμῶντες
3429 2453 3528 2522 ἐμὲ
3553 2454 3650 2505 τὸν
3679 2456 3738 2506 οὑ

2169 2539 2410 2609 παρόντα
2434 2555 2446 2567 ·
2474 2539 2533 2591 τὸ
2565 2536 2678 2601 οὑν,
2721 2559 2738 2590 ι
2786 2541 2872 2592 Ἐν
2899 2542 2974 2609 τῷ
2993 2541 3124 2611 οἴκῳ
3155 2543 3247 2594 Ὧν
3265 2537 3421 2612 εὗρόν
3445 2561 3532 2613 με,
3575 2564 3594 2596 ι
3623 2546 3741 2597 ἀντὶ

2167 2627 2284 2692 τοῦ,
2319 2628 2405 2689 Ὠς
2439 2630 2556 2681 ἐκεῖ
2590 2646 2658 2699 με
2694 2630 2937 2700 παρόντα
2974 2631 3318 2700 εὑρίσκοντες
3344 2648 3356 2660 ·
3387 2632 3444 2684 ὃν
3473 2635 3739 2702 τιμᾶσθαι

2171 2720 2299 2789 παρ’
2332 2719 2509 2771 αὐτῶν
2541 2719 2616 2782 ώς
2649 2719 2778 2773 Θεὸν
2807 2721 2993 2791 ἐχρῆν,
3036 2720 3178 2774 οὑτω
3215 2721 3292 2792 τῷ
3329 2722 3530 2792 εἰδώλῳ
3572 2741 3740 2795 προσ-

2170 2808 2306 2880 ἦγον
2353 2809 2454 2877 τήν
2508 2826 2568 2862 τε
2617 2809 2909 2879 ὀνομασίαν
2966 2811 3059 2862 καὶ
3105 2810 3203 2881 τὴν
3258 2812 3420 2881 τιμὴν
3456 2812 3550 2864 τοῦ
3582 2813 3737 2866 Θεοῦ.

2177 2917 2195 2951 ι
2231 2900 2340 2952 Καὶ
2403 2903 2520 2954 ἐκεῖ
2549 2901 2782 2971 ἐλαλήθη
2835 2903 2968 2972 πρὸς
2999 2901 3211 2964 αὑτούς.
3257 2922 3274 2953 ι
3307 2902 3504 2956 Αὑτόθι
3549 2903 3609 2956 δὲ
3649 2907 3742 2976 τὴν

2170 2992 2442 3060 ἀπόφασιν
2473 2992 2612 3064 ὑπὲρ
2646 2987 2720 3046 ῶν
2749 2993 2978 3062 ἠσέϐουν
3013 2992 3258 3057 ἐδέξαντο
3288 2995 3522 3049 δικαίαν.

2242 3128 2388 3209 Στίχ.
2409 3135 2660 3198 ε’-η’.--ι
2680 3129 2739 3182 ’0
2769 3130 2826 3182 δὲ
2857 3128 3058 3200 Κύριος
3085 3131 3116 3182 ὁ
3136 3129 3266 3192 Θεὸς
3300 3131 3328 3182 ὁ
3350 3133 3746 3204 παντοκράτωρ

2173 3219 2322 3273 ἔσται
2354 3221 2695 3292 μνημόσυνον
2738 3221 2921 3275 αὑτοῦ.
2964 3241 2981 3272 ι
3010 3236 3085 3290 (p.
3113 3222 3202 3285 87)
3243 3221 3401 3275 Ἀλλά
3437 3223 3545 3294 γὰρ
3592 3242 3744 3296 περι-

513 3321 658 3376 unde
683 3336 866 3374 verum
889 3317 1057 3372 Deum
1083 3333 1409 3388 cognoscere
1429 3317 1622 3379 discet,
1648 3318 1874 3387 ejusque
1898 3319 2070 3371 maxi—

2175 3315 2416 3364 πεσεῖται
2473 3312 2730 3376 τοιούτοις
2786 3313 2876 3380 ἀφ’
2921 3307 2994 3366 ὧν
3039 3313 3405 3381 ἐπιγνώσεται
3455 3317 3546 3368 τὸν
3579 3317 3744 3382 ὅντως

508 3429 651 3467 mam
677 3413 823 3466 onmi
847 3421 1086 3480 tempore
1114 3409 1429 3462 memoriam
1461 3409 1734 3471 retinebit,
1760 3408 1864 3480 57
1894 3411 1984 3478 qui
2019 3417 2073 3464 et

512 3509 662 3578 ipsos
714 3505 943 3567 creavit,
998 3513 1051 3557 ct
1096 3501 1377 3556 beneﬁciis
1428 3502 1704 3555 continuis
1753 3512 2074 3570 prosccutus

511 3608 619 3662 est,
657 3609 712 3652 et
744 3611 891 3650 nunc
920 3595 1080 3649 etiam
1109 3593 1435 3647 criminibus
1475 3592 1726 3660 impiatos
1757 3594 2077 3663 castigando

512 3691 708 3745 nititur
738 3688 804 3742 ad
840 3687 1117 3740 meliorem
1152 3683 1359 3754 frugem
1393 3694 1730 3739 convertere.
1769 3702 1787 3735 ‹
1821 3686 1885 3738 Et
1917 3696 1973 3740 tu
2008 3687 2076 3740 ad

512 3783 682 3836 Deum
734 3786 1074 3840 convertere,
1118 3775 1550 3830 tnisericordiam
1597 3785 1651 3830 et
1672 3776 1938 3845 judicium
1981 3793 2078 3831 cu-

511 3874 678 3935 stodi,
709 3882 762 3926 et
792 3869 1171 3942 appropinqua
1198 3866 1308 3923 Deo
1338 3876 1434 3921 tuo
1462 3882 1696 3937 semper.
1726 3887 1743 3920 ι
1769 3867 2073 3922 Geuuinam

513 3964 702 4031 itaque
750 3960 977 4015 ostende
1029 3959 1094 4014 ad
1135 3957 1301 4013 Deum
1346 3959 1793 4026 conversionem;
1837 3961 2076 4015 charitas

511 4072 640 4126 erga
693 4055 960 4110 homines.
995 4060 1050 4106 et
1093 4052 1306 4121 justitia
1335 4051 1432 4106 tibi
1471 4066 1616 4106 curae
1649 4052 1800 4106 sint:
1845 4052 1913 4106 da
1947 4069 2078 4122 ope-

510 4165 629 4203 ram
665 4155 723 4200 ut
749 4162 963 4216 semper
988 4160 1113 4199 cum
1163 4143 1272 4199 Deo
1321 4145 1438 4199 sis:
1471 4145 1630 4214 cujus
1663 4145 1708 4199 si
1740 4146 1945 4200 cultum
1989 4162 2078 4200 re-

511 4241 761 4301 tiuueris,
797 4240 990 4294 merito
1019 4237 1256 4291 fructum
1300 4236 1426 4290 inde
1454 4238 1675 4306 capies;
1709 4237 1780 4291 ita
1813 4246 1992 4292 tamen
2022 4248 2080 4292 ut

513 4335 584 4389 ah
627 4333 899 4385 idolorum
949 4330 1217 4398 obsequio
1270 4343 1498 4398 prorsus
1547 4328 1844 4383 abstineas.
1893 4349 1909 4380 ι
1941 4331 2082 4386 Cha-

515 4437 678 4484 naan,
712 4421 765 4474 in
814 4436 976 4473 manu
1013 4419 1135 4488 ejus
1171 4427 1373 4472 statera
1407 4416 1746 4486 iniquitatis;
1773 4421 2082 4488 opprimere

516 4525 884 4586 pnepotenter
917 4513 1132 4568 dilexit.
1163 4533 1182 4564 ι
1211 4513 1500 4581 Postquam
1533 4527 1627 4566 eos
1664 4514 1936 4580 prazdit-tis
1961 4530 2083 4569 ver-

517 4609 599 4659 bis
639 4605 706 4658 ad
735 4604 1152 4657 conversionem
1198 4604 1542 4667 invitaverat,
1586 4617 1777 4657 rursus
1807 4603 1894 4658 hic
1927 4607 2070 4659 mali-

2186 4611 2342 4662 φειαν
2396 4595 2590 4656 αὐτοὺς
2639 4594 2704 4646 δι’

516 4698 646 4748 tiam
690 4695 1007 4763 exprobrat.
1045 4693 1223 4747 Nihilo
1268 4695 1544 4756 meliores,
1577 4693 1775 4762 inquit,
1827 4699 2082 4766 apparui—

516 4789 615 4842 stis
648 4785 998 4848 Chananaeis,
1047 4785 1248 4855 quibus
1302 4787 1442 4842 Deus
1475 4788 1697 4857 regione
1729 4787 1798 4841 ob
1840 4788 2084 4857 ipsorum

517 4881 851 4946 impietatem
896 4878 1310 4948 nequitiamque
1338 4879 1554 4948 ejectis,
1595 4894 1694 4935 vos
1742 4880 1871 4934 illuc
1909 4883 2085 4937 intro-

517 4972 693 5026 duxit.
736 4969 1104 5023 Nihilominus
1149 4984 1245 5024 vos
1285 4969 1351 5023 ad
1385 4969 1714 5039 iniustitiam
1747 4970 2083 5033 incumbitis,

519 5067 801 5134 n'mltoque
845 5063 1027 5119 studio
1071 5061 1403 5117 inﬁrmiores
1433 5063 1764 5132 opprimitis,
1808 5079 1948 5134 quos
1989 5079 2087 5120 ve-

515 5170 645 5217 strae
678 5160 928 5231 potentia:
954 5159 1165 5214 viribus
1204 5159 1346 5214 male
1375 5161 1672 5217 mulctatis.

586 5349 749 5402 Vens.
769 5348 821 5409 8,
839 5349 994 5402 9.—-¢
1022 5345 1086 5399 Et
1101 5345 1233 5400 dixit
1249 5346 1572 5413 Ephraimus
1590 5345 1990 5401 :Verumtamen
2008 5344 2084 5402 di-

519 5456 616 5495 ves
635 5441 860 5494 eﬂ‘ectus
883 5454 1025 5503 sum,
1056 5438 1236 5492 inveni
1264 5437 1503 5491 solamen
1529 5437 1681 5491 mihi.
1708 5456 1725 5487 ι
1752 5437 1912 5508 Atqui
1940 5439 2084 5509 inju—

523 5541 605 5584 ste
638 5538 890 5598 congesta
928 5528 1176 5598 pecunia,
1211 5528 1404 5598 gaudet
1443 5527 1645 5581 divitiis
1686 5527 1819 5590 suis,
1852 5545 2079 5598 quarum

521 5620 730 5674 dulcem
761 5635 915 5674 usum
943 5620 1233 5674 existimat.
1263 5637 1282 5670 ι
1310 5618 1500 5672 Nullus
1523 5619 1671 5673 labor
1689 5619 1809 5688 ejus
1837 5620 2080 5675 invenie-

522 5723 609 5766 tur
648 5712 769 5780 ipsi,
816 5721 1034 5780 propter
1077 5711 1388 5781 iniquitates
1429 5726 1562 5780 quas
1591 5711 1849 5780 peccavit.
1877 5732 1893 5763 ι
1924 5714 2088 5784 Atqui

519 5811 772 5871 reputare
804 5801 1084 5864 debuerat,
1121 5801 1301 5855 omnia
1339 5801 1454 5855 haec
1477 5817 1597 5870 qua:
1625 5802 1835 5872 injustis
1864 5818 2085 5860 coacer-

521 5896 662 5948 vavit
695 5893 998 5961 laboribus,
1029 5892 1266 5963 peritura
1300 5893 1524 5949 omnino
1557 5893 1693 5959 fore,
1730 5904 1948 5966 propter
1987 5896 2089 5952 ini-

2172 3404 2324 3466 Θεὸν,
2358 3405 2619 3478 μεγίστην
2647 3423 2706 3457 τε
2734 3405 2898 3458 αὑτοῦ
2928 3405 3219 3468 διαπαντὸς
3238 3407 3346 3470 ἕξει
3369 3407 3466 3477 τὴν
3499 3411 3742 3481 μνήμην,

2172 3497 2231 3562 ὃς
2288 3497 2552 3568 πεποίηκέ
2589 3516 2647 3552 τε
2695 3499 2908 3563 αὑτοὺς,
2965 3500 3058 3552 καὶ
3116 3501 3450 3570 εὑηργὲτηκε
3489 3503 3743 3562 πάντοτε,

2174 3587 2268 3640 καὶ
2294 3588 2359 3658 δὴ
2392 3588 2486 3640 καί
2507 3588 2598 3640 νῦν
2622 3590 2996 3658 ἀσεϐήσαντας
3027 3589 3318 3651 παιδεύσας
3347 3593 3438 3643 ἐπὶ
3470 3593 3529 3645 τὸ
3561 3597 3743 3663 κρεῖτ-

2174 3696 2264 3732 τον
2303 3679 2594 3750 μεταϐαλεῖ
2619 3680 2760 3733 κατά
2785 3683 2883 3752 τὴν
2927 3681 3154 3752 δύναμιν
3184 3684 3283 3754 τὴν
3319 3685 3544 3739 οἰκείαν.
3587 3706 3605 3737 ι
3638 3686 3747 3740 Καὶ

2178 3770 2242 3821 σὺ
2280 3771 2336 3821 ἐν
2367 3769 2484 3839 Θεῷ
2521 3788 2612 3822 σου
2646 3771 2970 3842 ἐπίστρεψον
2996 3788 3009 3802 ·
3042 3774 3191 3828 ἔλεον
3223 3775 3318 3829 καὶ
3343 3779 3512 3846 κρῖμα
3541 3778 3747 3845 φυλάσε

2178 3878 2273 3913 σου
2302 3879 2316 3892 ’
2342 3863 2436 3915 καὶ
2459 3861 2640 3931 ἕγγιζε
2676 3864 2806 3934 πρὸς
2840 3866 2928 3916 τὸν
2945 3865 3076 3918 Θεόν
3105 3883 3198 3919 σου
3227 3867 3534 3932 διαπαντός.
3570 3890 3590 3920 ι
3614 3871 3749 3942 Γνη-

2181 3953 2300 4005 σίαν
2333 3953 2510 4008 τοίνυν
2538 3953 2796 4020 ἐπίδειξαι
2855 3956 2953 4025 τὴν
2988 3957 3080 4009 ἐπὶ
3111 3957 3242 4011 Θεὸν
3293 3960 3628 4032 μεταϐολὴν.
3658 3964 3752 4016 καὶ

2180 4042 2438 4112 ἐπιμελοῦ
2469 4043 2880 4114 φιλανθρωπίας
2933 4047 3026 4099 καὶ
3053 4046 3145 4099 τοῦ
3171 4048 3381 4102 δικαίου
3401 4065 3415 4080 ·
3478 4050 3750 4115 σπούδαζε

2180 4132 2237 4184 δὲ
2267 4135 2351 4186 ἀεὶ
2372 4133 2449 4205 τῷ
2477 4135 2592 4205 Θεῴ
2618 4139 2852 4189 συνεῖναι
2872 4137 2964 4189 καὶ
2988 4139 3084 4208 τῆς
3114 4142 3212 4210 μὲν
3247 4144 3374 4212 περὶ
3396 4143 3590 4198 τοῦτον
3629 4147 3752 4200 ἀντ-

2180 4226 2436 4296 εχόμενος
2479 4226 2792 4298 θεραπείας,
2830 4229 2964 4301 ὅπερ
2993 4233 3296 4300 ὀφείλεσθαι
3316 4233 3517 4305 ταύτην
3549 4238 3755 4308 συμϐέ-

2182 4317 2316 4388 ϐηκε
2339 4316 2558 4380 δικαίως
2585 4334 2598 4346 ·
2633 4321 2732 4388 τῆς
2779 4318 2835 4370 δὲ
2865 4321 2993 4390 περὶ
3018 4321 3088 4373 τά
3113 4321 3308 4374 εἴδωλα
3347 4325 3597 4394 σπουδῆς
3647 4329 3753 4380 ἀπ-

2182 4408 2440 4478 εχόμενος
2476 4409 2777 4472 παντελῶς.
2816 4427 2834 4460 ι
2875 4411 3116 4472 Χαναάν,
3151 4415 3206 4465 ἐν
3233 4416 3372 4484 χειρὶ
3396 4416 3563 4469 αὑτοῦ
3593 4419 3754 4486 ζυγὸς

2184 4499 2396 4561 ἀδικίας
2429 4517 2442 4530 ·
2477 4499 2963 4554 καταδυναστεύειν
2996 4503 3270 4573 ἠγάπησε.
3312 4526 3329 4556 ι
3377 4507 3469 4570 Εἰς
3501 4510 3756 4580 ἐπιστρέ-

2743 4595 2966 4647 ἐκείνων
3016 4597 3467 4667 ἐκκαλεσάμενος,
3503 4602 3756 4664 ὀνειδίζει

2185 4687 2343 4742 πάλιν
2374 4687 2554 4750 αὑτοῖς
2579 4688 2676 4757 τὴν
2707 4687 2904 4740 κακίαν
2930 4688 3181 4742 ἐνταῦθα.
3215 4691 3597 4762 Ἀπεδείχθητε
3625 4697 3754 4765 γὰρ,

2183 4781 2366 4851 φησιν,
2428 4780 2578 4832 οὐδὲν
2635 4779 3014 4850 ἐλαττούμενοι
3067 4784 3175 4833 τῶν
3233 4783 3597 4847 Χαναναίων,
3666 4786 3758 4849 οὓς

2182 4872 2425 4926 ἐκϐαλὼν
2453 4873 2550 4942 τῆς
2577 4871 2756 4943 χώρας
2787 4873 2978 4936 ὁΘεὸς,
3001 4873 3089 4927 διὰ
3111 4875 3212 4944 τὴν
3248 4877 3542 4946 περιοῦσαν
3573 4880 3758 4942 αὐτοῖς

2185 4964 2437 5018 ἀσέϐειάν
2469 4983 2529 5017 τε
2558 4968 2650 5018 καὶ
2703 4966 2922 5031 κακίαν,
2954 4967 3098 5035 ὑμᾶς
3133 4968 3530 5038 ἀντεισήγαγεν
3565 4989 3579 5001 ·
3613 4971 3763 5024 οὕτω

2183 5056 2321 5126 πρὸς
2351 5054 2561 5108 ἀδικίαν
2587 5074 2646 5109 τε
2671 5056 2976 5126 βλέποντες,
3008 5059 3102 5110 καὶ
3125 5059 3263 5128 μετά
3291 5060 3494 5131 πολλῆς
3521 5065 3622 5132 τῆς
3648 5063 3764 5114 ἐπι-

2190 5146 2406 5216 μελείας
2462 5148 2586 5210 τοὺς
2645 5149 3064 5222 ἀσθενεστέρους
3122 5152 3265 5205 κατά
3299 5152 3396 5220 τὴν
3449 5153 3764 5225 προσοῦσαν

2189 5237 2317 5308 ὑμῖν
2356 5239 2696 5303 ἐκθλίὸοντες
2723 5240 3057 5294 δυναστείαν.

2259 5350 2404 5419 Στίχ.
2433 5351 2577 5421 ἠ’-θ’.
2606 5383 2671 5392 -—
2705 5371 2722 5401 ‹
2753 5353 2862 5404 Καὶ
2892 5348 3042 5405 εἶπεν
3075 5353 3328 5424 Ἐφραίμ·
3362 5353 3510 5424 Πλὴν
3534 5355 3767 5408 πεπλού-

2177 5457 2352 5511 τηκα.
2394 5441 2601 5513 εὕρηκα
2641 5444 2920 5514 ἀναψυχὴν
2949 5446 3192 5516 ἐμαυτῷ.
3229 5464 3247 5497 ι
3288 5444 3418 5499 Εἶτα
3455 5447 3518 5512 ἐξ
3549 5449 3767 5511 ἀδικίας

2193 5533 2462 5602 συλλέγων
2491 5537 2766 5606 χρήματα,
2799 5537 2982 5606 ἥδεται
3015 5538 3110 5589 ἐπὶ⁹
3133 5537 3209 5607 τῷ
3233 5537 3503 5601 πλουτεῖν,
3540 5543 3596 5608 (p
3649 5539 3722 5594 88
3750 5547 3768 5608 j

2193 5625 2285 5678 καὶ
2313 5625 2377 5696 δὴ
2415 5626 2506 5678 καὶ
2542 5627 2641 5696 τὴν
2679 5627 2736 5694 ἐξ
2763 5627 2940 5681 αὑτῶν
2973 5628 3270 5681 ἀπόλαυσιν
3312 5629 3494 5699 ἡδεῖαν
3527 5633 3767 5699 ἡγεῖται.

2199 5733 2217 5766 ι
2247 5717 2453 5780 Πάντες
2484 5720 2531 5770 οἱ
2571 5719 2719 5772 πόνοι
2769 5719 2931 5772 αὑτοῦ
2958 5721 3054 5789 οὑχ
3103 5719 3484 5791 εὑρεθήσονται
3523 5720 3676 5789 αὐτῷ
3706 5721 3771 5772 δι’

2194 5811 2404 5874 ἀδικίας
2427 5811 2492 5874 ἃς
2517 5812 2784 5883 ἥμαρτεν.
2823 5831 2842 5863 ›
2877 5812 3003 5864 Δέον
3031 5811 3451 5880 ἀναλογίσασθαι
3485 5813 3566 5864 ὅτι
3593 5813 3772 5866 πάντα

2194 5902 2258 5975 δὴ
2287 5903 2460 5959 ταῦτα
2495 5903 2529 5957 ἃ
2558 5905 2694 5975 μετά
2734 5904 3066 5976 παρανόμων
3107 5905 3376 5975 συνήγαγε
3418 5905 3612 5970 πόνων,
3666 5905 3773 5956 ἀπ-
