3954 6510
239 352 322 406 197

1223 359 1770 418 COMMENTARIUS
1805 362 1870 416 lN
1913 363 2116 419 OSEIE
2143 367 2294 423 CAP.
2344 370 2458 424 XII.

3376 381 3478 437 198

231 467 419 519 ολεῖται
465 465 639 519 πάντα
693 466 834 538 ὑπὲρ
876 467 976 537 τῆς
1018 469 1229 534 ἀδικίας
1267 477 1384 544 μεθ’
1411 471 1478 547 ἦς
1508 478 1645 530 αύτά
1677 495 1787 530 συν·

1908 481 2169 549 quitatem
2201 499 2306 553 qua
2352 501 2415 538 ea
2448 485 2740 557 collegerat
2771 506 2784 540 :
2815 503 3007 558 nempe
3037 503 3160 542 cum
3197 488 3341 546 Deus
3366 494 3478 546 cri—

232 558 425 628 ήγαγεν
449 575 463 587 ·
505 557 672 610 ἐπειδ’
703 558 768 611 ἂν
791 559 920 622 Θεὸς
967 560 1074 614 τῶν
1106 569 1605 637 παρανομημάτων,
1633 570 1690 622 ἐν
1717 565 1797 631 οἷς

229 650 592 720 ἐξεταζόμενοι
625 649 908 713 διετέλουν,
956 652 1109 716 δίκας
1141 656 1338 722 αὐτοὺς
1378 660 1796 731 εἰσπράττεσθαι

231 741 492 812 βούληται.
531 761 549 792 ι
590 741 732 810 Ἐγὼ
765 743 821 795 δὲ
857 743 1060 814 Κύριος
1085 748 1112 798 ὁ
1146 747 1276 812 Θεός
1311 767 1402 804 σου
1433 754 1706 824 ἀνήγαγόν
1737 772 1794 807 σε

228 833 286 883 ἐκ
312 831 408 901 τῆς
435 832 732 899 Αἰγύπτου.
767 854 784 883 ι
823 835 969 887 Ἔδει
991 837 1048 888 δέ
1073 855 1129 888 σε
1160 838 1338 908 πάσης
1365 842 1663 912 ἀπέχεσθαι
1692 845 1799 897 ἀδι-

227 923 342 984 κίας
378 923 475 992 τῆς
515 923 654 976 κατά
683 924 790 978 τῶν
820 927 1090 997 πενήτων,
1139 930 1589 1003 ἀναλογιζόμενον
1632 936 1711 988 ὅτι
1737 953 1796 989 σε

228 1017 279 1067 ἐν
303 1015 514 1086 δουλείᾳ
541 1016 854 1072 καθεστῶτα
877 1021 1072 1091 πικρᾴ,
1098 1020 1347 1087 ἐξέϐαλον
1370 1025 1469 1094 τῆς
1498 1025 1793 1094 Αἰγύπτου.

231 1124 248 1156 ι
278 1107 397 1158 Ἔτι
428 1106 688 1160 κατοικιῶ
719 1125 777 1160 σε
810 1110 868 1161 ἐν
898 1114 1123 1180 σκηναῖς
1156 1111 1335 1178 καθὼς
1370 1116 1427 1167 ἐν
1461 1117 1643 1188 ήμέρᾳ
1679 1119 1798 1188 ἐορ-

227 1197 338 1266 τῆς.
375 1215 391 1245 ι
431 1197 539 1249 Καὶ
577 1197 640 1266 δὴ
681 1200 774 1251 καὶ
813 1199 1023 1270 οἴκησίν
1069 1219 1150 1254 σοι
1195 1189 1486 1276 παρέσχον,
1535 1207 1618 1259 ἵνα
1668 1209 1797 1282 εἴπῃ

225 1289 316 1358 τῆς
340 1289 442 1359 γῆς
472 1289 568 1358 τῆς
597 1290 924 1358 ἐπαγγελίας
946 1293 1044 1363 τὴν
1067 1295 1385 1361 ἀπόλαυσιν,
1413 1300 1686 1370 ἑορτάζειν
1715 1318 1796 1356 σοι

227 1380 518 1449 παρασχὼν
549 1383 605 1434 ἐν
651 1385 714 1453 τῇ
747 1382 853 1435 τῶν
892 1389 1332 1456 προσγεγονότων
1369 1391 1662 1446 ἀπολαύσει
1689 1409 1702 1423 °
1736 1393 1797 1448 τὸ

225 1471 329 1540 γὰρ
375 1492 393 1522 ‹
429 1474 709 1533 κατοικιῶ,
748 1495 766 1526 ι
815 1477 934 1530 ἀντὶ
990 1479 1116 1542 τοῦ,
1170 1481 1472 1552 κατῴκισα,
1519 1483 1684 1553 λέγει,
1729 1488 1793 1557 τῇ

225 1565 490 1634 ἐναλλαγῇ
509 1566 600 1618 τοῦ
623 1568 813 1637 χρόνου
833 1569 1074 1640 συνήθως
1094 1573 1431 1643 χρησάμενος
1453 1594 1464 1605 ·
1497 1575 1722 1646 σύνηθες
1739 1579 1796 1632 δὲ

222 1655 377 1708 τοῦτο
414 1658 507 1710 καὶ
537 1658 749 1711 ἐπὶτῶν
772 1661 1016 1731 Ψαλμῶν
1051 1663 1332 1736 ἐδείξαμεν
1354 1667 1641 1741 αὐτάρκως
1656 1689 1668 1701 ·
1686 1665 1797 1726 οἶόν

223 1751 335 1802 ἐστι
352 1751 433 1812 τὸ,
457 1769 475 1796 ε
499 1751 638 1820 Ἐγὼ
656 1753 712 1806 δέ
739 1755 872 1824 πρὸς
886 1755 976 1808 τὸν
993 1757 1123 1808 Θεὸν
1139 1759 1424 1829 ἐκέκραξα,
1445 1763 1536 1814 καὶ
1551 1765 1579 1814 ό
1595 1765 1795 1835 Κύριος

221 1842 505 1912 εἰσήκουσέ
557 1863 690 1914 μου·
733 1866 750 1898 ι
787 1842 867 1910 οἷς
897 1849 1129 1916 ἐπάγει·
1171 1871 1189 1902 ι
1237 1853 1504 1924 Ἐσπέρας
1528 1858 1618 1908 καὶ
1652 1858 1796 1928 πρωῒ

221 1933 308 1984 καὶ
349 1935 693 2008 μεσημϐρίας
721 1937 1068 2009 διηγήσομαι,
1105 1942 1197 1996 καὶ
1217 1944 1528 2013 ἀπαγγελῶ,
1560 1949 1654 2000 καὶ
1685 1951 1796 2002 εἰσ-

217 2024 508 2079 ακούσεται
554 2029 650 2098 τῆς
702 2031 884 2099 φωνῆς
934 2050 1064 2102 μου’
1109 2054 1127 2084 ι
1156 2037 1329 2089 καίτοι
1383 2056 1445 2106 γε
1489 2040 1550 2093 τὸ
1601 2060 1618 2092 ι
1683 2044 1796 2096 εἰσ-

217 2115 418 2186 ήκουσε
457 2137 474 2168 ι
509 2119 588 2184 τῷ
625 2139 641 2169 ι
677 2121 1050 2176 εἰσακούσεται
1081 2145 1099 2176 ι
1136 2128 1232 2180 οὐκ
1267 2130 1554 2183 ἀκόλουθον
1576 2150 1587 2161 ’
1615 2135 1661 2186 εἰ
1685 2133 1796 2206 γὰρ

214 2207 430 2275 γέγονε,
460 2207 511 2260 τί
539 2209 601 2279 δὴ
634 2211 876 2276 γενέσθαι
916 2215 1090 2279 αἰτεῖ;
1135 2217 1293 2270 Ἀλλά
1326 2220 1417 2271 καὶ
1443 2220 1502 2272 τὸ
1531 2222 1793 2292 πρότερον

214 2301 290 2362 τὸ,
335 2301 416 2372 (p.
444 2302 532 2369 89)
577 2324 592 2354 ι
639 2304 731 2356 καὶ
776 2304 804 2354 ὁ
845 2305 1045 2376 Κύριος
1090 2309 1376 2380 εἰσήκουσέ
1425 2329 1548 2381 μου,
1586 2332 1605 2364 ›
1645 2313 1790 2381 λέγει

211 2394 330 2446 ἀντὶ
363 2394 479 2452 τοῦ,
515 2396 889 2450 εἰσακούσεται
910 2415 922 2428 ⁶
948 2401 1038 2451 καὶ
1068 2400 1201 2463 ὅλως
1240 2404 1328 2454 καὶ
1353 2403 1483 2456 πολὺ
1512 2404 1605 2456 καὶ
1631 2423 1791 2474 κεχυ-

213 2485 378 2554 μένον
395 2487 452 2538 ἐν
470 2490 580 2549 τοῖς
599 2488 846 2558 Ψαλμοῖς
867 2492 928 2542 ἐκ
951 2491 1040 2544 τοῦ
1069 2492 1353 2562 ἰδιώματος
1372 2496 1680 2566 εὑρίσκεται
1697 2497 1787 2550 τοῦ

221 2575 550 2647 Ἑϐραῖκοῦ·
597 2579 718 2632 ὅθεν
770 2581 834 2651 δὴ
883 2583 974 2634 καὶ
1027 2585 1175 2655 παρά
1209 2588 1319 2648 τοῖς
1353 2589 1680 2657 προφήταις,
1713 2587 1789 2652 ὡς

207 2667 383 2731 εἰκὸς,
417 2669 478 2721 τὸ
506 2671 635 2723 αὐτὸ
666 2671 727 2742 δὴ
767 2673 926 2726 τοῦτο
953 2675 1099 2744 εὖροι
1134 2693 1217 2738 τις
1255 2678 1346 2730 ἄν’
1378 2677 1451 2740 ὡς
1475 2680 1602 2732 ὃταν
1629 2679 1784 2752 λέγῃ·

211 2777 232 2810 α
276 2761 370 2822 Ὠς
407 2762 672 2831 πρόϐατον
700 2765 791 2816 ἐπὶ
821 2766 1030 2837 σφαγὴν
1061 2768 1222 2840 ἤχθη,
1269 2790 1288 2820 ι
1323 2771 1443 2824 ἀντὶ
1469 2771 1562 2823 τοῦ
1590 2773 1786 2840 εἰπεῖν,

203 2849 344 2918 ἀχθή
358 2867 526 2902 σεται.

276 2942 430 3010 Στξχ.
471 2949 624 2997 ι’-ια’.
658 2976 724 2984 -—
759 2962 776 2994 ‹
819 2945 925 2998 Καὶ
953 2947 1188 3016 ἐλάλησα
1234 2949 1368 3020 πρὸς
1399 2952 1524 3015 τοὺς
1571 2955 1784 3026 προφή-

201 3043 299 3090 τας
319 3045 337 3060 ο
385 3031 480 3081 καὶ
509 3030 616 3098 ἐγὼ
659 3033 875 3102 ὁράσεις
907 3034 1205 3104 ἐπλήθυνα,
1236 3039 1328 3090 καὶ
1357 3039 1416 3091 ἐν
1460 3042 1616 3111 χερσὶ
1651 3060 1786 3114 προ-

1902 573 2131 637 minum',
2165 591 2397 644 quorum
2447 577 2526 630 illi
2573 588 2703 632 sunt
2745 583 3003 644 convicti,
3029 596 3220 651 poenas
3265 600 3482 641 sumere

1900 664 2063 717 volet.
2107 686 2124 715 ‹
2169 664 2234 718 Ει
2279 667 2390 738 Ego
2439 666 2704 726 Dominus
2759 672 2901 728 Deus
2927 683 3052 728 tuus
3105 675 3268 730 eduxi
3313 686 3366 730 te
3412 693 3477 731 ex

1898 755 2152 827 ZEgypto.
2194 778 2212 808 ι
2250 756 2394 813 Sane
2439 761 2723 830 oportebat
2767 765 3043 822 abstinere
3079 776 3132 820 te
3181 769 3251 822 ab
3293 770 3480 839 oppri-

1900 847 2112 902 mendis
2171 849 2373 917 injuste
2423 854 2778 921 pauperibus,
2828 868 3172 925 reputantem
3220 861 3366 930 quod
3423 861 3478 914 in

1902 954 2089 994 amara
2124 941 2391 996 servilute
2444 959 2570 997 cum
2623 945 2870 1014 degeres,
2924 947 3160 1020 Egypto
3199 961 3251 1006 te
3297 953 3474 1023 abegi.

1904 1050 1923 1082 ‹
1974 1032 2169 1087 Adhuc
2208 1033 2456 1088 habitare
2484 1043 2536 1090 te
2579 1035 2775 1090 faciam
2823 1038 2876 1092 in
2917 1041 3304 1108 tabernaculis,
3333 1046 3478 1100 sicut

1899 1123 1952 1176 in
1986 1124 2074 1178 die
2107 1125 2496 1182 solemnitatis.
2538 1147 2558 1178 ι
2594 1127 2733 1194 Quin
2769 1132 2932 1184 etiam
2977 1131 3342 1190 habitaculum
3374 1138 3477 1192 tibi

1897 1215 2091 1279 obtuli,
2147 1218 2200 1271 id
2245 1229 2348 1281 est,
2389 1223 2671 1288 promissae
2715 1230 2873 1277 terra:
2923 1224 3233 1293 jucundum
3287 1245 3473 1290 usum,

1899 1308 2140 1364 festalem
2176 1311 2272 1364 tibi
2300 1312 2539 1366 lmtitiam
2568 1313 2677 1384 58
2703 1315 2953 1384 praebens
2979 1317 3031 1371 in
3058 1317 3325 1374 bonorum
3352 1328 3478 1376 tuo-

1898 1416 2018 1454 rum
2056 1402 2366 1458 usulruetu.
2399 1403 2644 1474 Namque
2670 1425 2690 1458 ι
2713 1407 2962 1463 habitare
2991 1409 3210 1476 faciam,
3239 1429 3260 1464 ι
3294 1415 3476 1481 posuit

1898 1505 2018 1560 pro,
2045 1492 2293 1548 habitare
2322 1494 2448 1557 feci,
2486 1495 2647 1549 solita
2669 1507 2978 1566 temporum
3004 1500 3250 1570 enallage
3273 1509 3472 1559 utens:

1896 1598 2056 1650 quem
2102 1600 2305 1638 morem
2344 1584 2466 1640 eSsc
2503 1603 2721 1657 quoque
2770 1590 3136 1655 l‘salmorum,
3188 1594 3322 1648 satis
3358 1596 3475 1665 jam

1896 1674 2417 1732 demonstravimus.
2442 1674 2622 1732 Veluti
2653 1689 2734 1734 est
2769 1681 2900 1735 illud
2936 1701 2949 1736 :
2988 1703 3006 1732 ι
3048 1683 3158 1753 Ego
3191 1695 3371 1740 autem
3405 1688 3473 1742 ad

1903 1765 2068 1818 Deum
2098 1767 2353 1832 clamavi,
2395 1776 2450 1824 et
2475 1767 2746 1826 Dominus
2779 1773 3058 1828 exaudivit
3084 1790 3171 1829 me
3197 1775 3296 1829 ³⁸.»
3335 1775 3471 1843 Qui-

1828 1823 1869 1876 Β
1900 1856 2000 1909 bus
2032 1854 2220 1910 addit:
2251 1875 2271 1908 ι
2304 1823 2540 1928 vespere
2556 1865 2610 1913 et
2634 1873 2792 1913 mane
2813 1875 2877 1914 ac
2909 1862 3136 1918 meridie
3161 1823 3398 1920 narrali‘o
3417 1873 3472 1921 et

1895 1946 2254 2008 annuntiabo,
2281 1958 2334 2001 et
2356 1962 2546 2002 vocem
2569 1963 2747 2004 meam
2765 1951 3073 2005 exaudiet.»
3100 1955 3264 2023 Atqui
3293 1956 3469 2024 prius,

1900 2053 1920 2086 ι
1938 2036 2265 2107 ειαυιίἰνὶι,ι
2305 2038 2681 2109 subsequenti.
2705 2057 2725 2092 ι
2753 2042 3032 2104 exaudiet,
3066 2063 3084 2094 ›
3107 2060 3216 2098 non
3231 2055 3314 2099 est
3332 2062 3469 2101 con-

1894 2136 2238 2182 sentaneum.
2257 2127 2393 2184 Nam
2412 2132 2458 2186 si
2474 2131 2676 2187 factum
2698 2141 2804 2197 est,
2823 2148 2922 2188 cur
2939 2134 3054 2189 fieri
3074 2138 3344 2204 postulat?
3361 2137 3470 2196 Sed

1893 2216 2036 2270 enim
2070 2218 2220 2286 prius
2241 2219 2397 2282 illud,
2423 2237 2444 2270 ι
2470 2228 2524 2273 et
2546 2218 2809 2275 Dominus
2850 2222 3253 2289 exaudivitme,
3281 2246 3300 2275 ο
3333 2225 3470 2279 dicit

1892 2309 2076 2378 potius
2137 2323 2269 2376 pro,
2321 2314 2575 2368 exaudiet
2627 2327 2732 2369 me.
2797 2316 2856 2369 In
2898 2314 3133 2380 summa,
3166 2333 3308 2386 saepe
3341 2334 3466 2388 pas-

1891 2405 2103 2472 simque
2125 2403 2212 2457 hic
2243 2402 2542 2459 llebraicus
2571 2405 2878 2462 idiotismus
2907 2410 3171 2463 occurrit.
3203 2412 3382 2476 Quare
3411 2419 3468 2465 et

1890 2495 2032 2564 apud
2067 2496 2383 2565 prophetas,
2412 2506 2471 2551 ut
2498 2513 2598 2567 par
2619 2508 2722 2562 est,
2753 2515 2865 2554 rem
2898 2502 3147 2556 eamdem
3172 2504 3466 2558 observare

1889 2585 2110 2638 cuilibet
2150 2585 2370 2652 licebit;
2427 2587 2594 2641 veluti
2627 2605 2642 2641 :
2684 2607 2706 2640 α
2749 2587 2816 2642 l't
2867 2591 2986 2645 ovis
3027 2591 3094 2644 ad
3129 2593 3466 2647 occisionem

1887 2675 2088 2732 ductus
2112 2685 2196 2731 est
2227 2675 2292 2740 ⁸³,
2335 2697 2355 2728 ι
2395 2693 2516 2747 pro,
2550 2679 2797 2734 ducetur.

1959 2964 2125 3019 Vsus.
2162 2967 2350 3020 10-”.
2380 2997 2449 3007 —
2485 2988 2502 3019 ι
2529 2966 2608 3023 .Et
2644 2971 2859 3024 locutus
2891 2987 3011 3025 sum
3042 2972 3107 3024 ad
3147 2972 3462 3040 prophetas,

1886 3064 1939 3112 et
1962 3074 2062 3126 ego
2088 3058 2326 3113 visiones
2363 3060 2742 3129 multiplicavi,
2773 3073 2825 3116 et
2859 3063 2911 3114 in
2951 3063 3202 3117 manibus
3231 3064 3466 3133 prophe—

204 3124 397 3195 φητῶν
447 3125 753 3194 ὠμοιὼθην.
794 3147 812 3177 ›
863 3128 1003 3195 Ἐγὼ
1049 3129 1112 3200 δὴ
1164 3132 1284 3184 τότε
1345 3135 1438 3186 καί.
1499 3138 1783 3209 προφήτας

1890 3124 2063 3203 tarn—tn
2116 3150 2454 3204 assimilatas
2495 3168 2637 3205 sum.
2678 3172 2695 3202 ι
2754 3153 2861 3222 ligo
2909 3159 2962 3206 et
3005 3154 3296 3221 prophetas
3331 3165 3462 3209 tunc

200 3215 476 3278 ἀνέδειξα,
505 3217 597 3268 καὶ
630 3217 901 3270 όπτασιῶν
935 3219 1140 3288 ἠξίωσα
1172 3225 1296 3286 τοὺς
1329 3224 1446 3276 τότε
1493 3227 1778 3292 πλείστων,

201 3303 561 3376 πολυτρόπως
610 3324 667 3360 τε
730 3309 1139 3381 ἐπιφαινόμενος
1180 3316 1292 3375 τοῖς
1347 3315 1467 3368 τότε
1517 3317 1776 3383 δικαίοις,

196 3397 430 3448 ἰ-Ῑωῧσεῖ
460 3414 517 3448 τε
565 3397 706 3464 λέγω
747 3401 837 3452 καὶ
882 3403 1053 3472 Ἰησοῦ
1100 3403 1177 3472 τῷ
1208 3405 1360 3474 Ναυῆ
1393 3409 1487 3461 καὶ
1517 3413 1627 3473 τοῖς
1660 3414 1777 3465 κατ’

199 3487 473 3549 ἐκείνους’
506 3489 718 3542 ᾶπαντα
746 3490 800 3543 δέ
821 3492 991 3546 ταῦτα
1019 3494 1275 3565 πράττειν
1309 3498 1627 3570 αἱρούμενος
1655 3520 1780 3573 προ-

198 3577 410 3647 θύμως,
455 3573 529 3631 ὧν
567 3581 730 3650 ἐχρῆν
783 3585 1158 3654 μεμνημένους
1218 3589 1501 3658 ἀρκεῖσθαι
1545 3597 1656 3656 τοῖς
1696 3595 1780 3647 δο-

199 3664 362 3727 θεῖσι,
418 3667 494 3737 μὴ
532 3670 668 3737 μετά
713 3669 924 3734 ἀδικίας
969 3673 1401 3745 ἀφαιρουμένους
1446 3681 1513 3734 τὰ
1555 3682 1776 3752 ἐτέρων.

202 3771 220 3802 ι
262 3755 327 3807 Εἰ
364 3756 441 3826 μὴ
479 3757 689 3810 Γαλαάδ
730 3760 896 3822 ἐστιν,
937 3760 1044 3830 ἄρα
1071 3762 1282 3831 ψευδεῖς
1323 3763 1461 3837 ἦσαν
1494 3772 1548 3821 ἐν
1577 3771 1782 3840 Γαλγά-

195 3847 330 3923 λοις..
378 3869 394 3899 ι
436 3849 622 3901 Ταῦτα
679 3851 740 3922 δή
791 3871 984 3923 φησιν·
1028 3858 1089 3908 Εἰ
1141 3859 1236 3927 μὲν
1279 3863 1342 3912 ἐκ
1392 3863 1600 3917 Γαλαὰδ
1654 3866 1782 3936 ὑμῖν

194 3939 415 4009 ὑπῆρξε
447 3944 544 3993 καὶ
588 3943 876 4011 Γαλγάλων
927 3949 1042 4016 (ἵνα
1076 3950 1224 4020 εἴπῃ,
1261 3953 1325 4004 ἐκ
1352 3953 1460 4006 τῶν
1489 3955 1782 4026 εἰδώλων),

193 4025 349 4099 εἶχεν
380 4031 445 4084 ἄν
463 4050 582 4084 τινα
604 4035 895 4103 ἀπολογίαν
921 4039 1046 4107 ὑμῖν
1064 4041 1130 4093 τά
1144 4041 1235 4092 νῦν
1253 4049 1599 4116 πραττόμενα
1618 4066 1630 4078 ·
1661 4049 1783 4104 εἰδὲ

195 4123 341 4194 μήτε
380 4124 445 4174 ἐκ
472 4125 684 4178 Γαλαὰδ
712 4128 859 4198 ύμῖν,
877 4132 1021 4200 ,μήτε
1052 4133 1114 4184 ἐκ
1145 4133 1453 4203 Γαλγάλων,
1484 4142 1778 4206 τουτέστιν,

191 4217 240 4264 εἰ
277 4214 359 4284 μὴ
396 4217 460 4268 ἐκ
481 4217 588 4268 τῶν
617 4218 850 4273 εἰδώλων
882 4223 1010 4292 ὑμῖν
1045 4227 1395 4294 προσγέγονε,
1428 4231 1542 4294 πῶς
1566 4233 1625 4284 ού
1652 4233 1780 4304 πρό-

97 4310 103 4322 ’
186 4305 356 4376 ἂηλον
386 4309 466 4360 ὅτι
495 4309 573 4378 τῷ
593 4310 772 4378 ψεύδει
803 4319 1236 4387 προστετήκατε;
1270 4320 1382 4372 Νῦν
1407 4321 1502 4393 τὴν
1527 4324 1783 4394 ἀλήθειαν

187 4399 456 4466 ἀφέντες,
491 4405 823 4468 ἀποστάντες
856 4407 956 4476 μὲν
1007 4408 1102 4461 τοῦ
1137 4411 1444 4482 εὐεργέτου,
1497 4417 1783 4482 νεύσαντες

1885 3241 2108 3310 protuli,
2137 3249 2190 3294 et
2213 3241 2518 3295 visionibus
2571 3242 2824 3308 plurimis
2880 3242 3027 3296 illius
3067 3247 3330 3312 temporis
3367 3244 3464 3300 ho-

1884 3332 2059 3385 mines
2087 3332 2345 3401 dignalus
2375 3348 2518 3395 sum,
2568 3343 2618 3386 ct
2655 3333 3008 3386 Inultifariam
3037 3334 3202 3401 jnstis
3234 3335 3342 3390 illis
3371 3349 3464 3404 ap-

1885 3423 2066 3490 parui,
2090 3421 2259 3492 Moysi
2293 3423 2536 3491 inquam,
2568 3434 2619 3478 et
2649 3423 2777 3477 Jesu
2819 3425 2932 3476 lilio
2964 3423 3119 3485 Navi,
3143 3433 3197 3479 et
3219 3433 3464 3481 contem-

1886 3515 2164 3584 poraneis.
2195 3514 2328 3579 Qum
2360 3531 2484 3572 cum
2513 3518 2698 3568 omnia
2733 3517 2960 3571 libenter
2993 3518 3266 3577 fecissem,
3299 3534 3464 3586 opor-

1887 3603 2038 3657 tebat
2067 3620 2199 3659 sane
2231 3606 2424 3659 horum
2466 3623 2760 3672 memores,
2795 3609 2939 3662 datis
2977 3624 3098 3663 esse
3149 3618 3459 3674 contentos,

1883 3709 2061 3763 neque
2108 3709 2206 3764 per
2240 3695 2565 3764 iniustitiam
2601 3697 2774 3751 aliena
2816 3713 3029 3766 rapere.
3086 3717 3104 3750 ι
3158 3697 3213 3754 Si
3253 3699 3456 3754 Galaad

1884 3801 1990 3840 non
2022 3797 2126 3851 est,
2158 3786 2346 3857 utique
2403 3789 2522 3841 falsi
2571 3788 2785 3843 fuerant
2849 3791 2903 3844 in
2956 3792 3219 3859 Galgalis.
3281 3811 3298 3842 ι
3342 3791 3459 3846 Hoc

1881 3875 2014 3929 dicit
2051 3894 2063 3928 :
2103 3875 2382 3944 Siquidem
2427 3893 2492 3930 ex
2533 3877 2737 3931 Galaad
2788 3887 2843 3932 et
2895 3878 3135 3949 Galgalis
3177 3881 3331 3934 vobis
3363 3898 3458 3936 su-

1883 3975 2148 4037 peresset,
2179 3968 2228 4020 id
2251 3978 2353 4033 est,
2387 3984 2452 4023 ex
2483 3968 2664 4034 idolis,
2693 3970 2954 4025 haberent
3007 3971 3238 4026 fortasse
3281 3973 3460 4026 defen-

1882 4060 2093 4114 sionem
2142 4061 2378 4127 aliquam
2413 4071 2594 4114 vestra
2630 4077 2823 4131 opera;
2878 4063 2962 4115 sin
3010 4078 3138 4116 vero
3171 4078 3344 4132 neque
3387 4079 3455 4118 ex

1883 4151 2086 4205 Galaad
2120 4167 2296 4220 neque
2321 4167 2385 4205 cx
2421 4151 2678 4220 Calgalis,
2724 4154 2772 4206 id
2817 4163 2922 4216 est,
2953 4154 2999 4208 si
3037 4154 3172 4206 nihil
3199 4155 3266 4208 ab
3293 4153 3458 4208 idolis

1883 4243 2036 4297 vobis
2063 4244 2318 4305 accessit,
2354 4243 2545 4312 quidni
2596 4247 2666 4302 sit
2708 4246 3048 4312 exploratum
3078 4261 3176 4300 vos
3200 4245 3275 4300 rei
3304 4245 3455 4300 falsae

1883 4334 2220 4390 adhaesisse?
2260 4333 2416 4388 Nunc
2460 4335 2739 4390 veritatem
2778 4335 3122 4398 deseruistis,
3172 4351 3202 4389 a
3233 4335 3456 4390 benefa-

1884 4432 2034 4480 ctore
2073 4436 2259 4481 vestro
2287 4426 2613 4490 recessistis,
2666 4436 2828 4494 atque
2863 4427 2929 4480 ad
2960 4428 3094 4480 nihil
3136 4427 3454 4496 profuturos

183 4490 244 4544 δὲ
283 4493 430 4562 πρὸς
456 4494 584 4556 τοὺς
618 4495 967 4567 ὠφεληκότας
1008 4500 1188 4554 οὐδέν·
1223 4497 1342 4556 εἶτα
1393 4507 1600 4570 τούτοις
1645 4511 1783 4578 μετά

1890 4515 2063 4587 (deos)
2089 4515 2423 4577 accessistis,
2449 4517 2650 4585 quibus
2669 4516 2932 4569 sacrificia
2966 4532 3088 4570 cum
3118 4517 3453 4586 principibus

184 4583 298 4633 τῶν
343 4584 478 4652 παρ’
514 4586 642 4654 ὑμῖν
696 4587 968 4656 ἀρχόντων
1011 4594 1109 4655 τὰς
1155 4593 1341 4658 θυσίας
1393 4598 1780 4664 ἐπιτελοῦντες·

185 4671 266 4740 (p.
307 4673 431 4742 90)
482 4675 590 4726 ἀπὸ
626 4675 732 4746 γάρ
773 4697 788 4726 ι
825 4677 1036 4733 Γαλαάδ
1073 4703 1089 4732 υ
1134 4685 1228 4736 καὶ
1262 4704 1280 4735 ι
1331 4686 1621 4755 Γαλγάλων
1663 4709 1680 4739 ι
1715 4690 1784 4744 τά

181 4765 398 4817 εἴδωλα
441 4767 609 4834 λέγει.
655 4769 741 4832 Ὠς
779 4771 872 4823 καὶ
919 4773 1175 4844 ἀνωτέρω
1215 4779 1372 4848 φησι,
1413 4797 1430 4830 ι
1468 4781 1558 4850 Μὴ
1603 4782 1784 4835 εἰσπο-

182 4855 428 4926 ρεύεσθε
467 4859 547 4919 εἰς
579 4858 847 4927 Γάλγαλα,
889 4881 907 4913 ι
932 4863 1018 4915 ἵνα
1045 4866 1193 4936 εἴπῃ,
1220 4868 1310 4938 Μὴ
1341 4869 1468 4939 περὶ
1496 4870 1563 4923 τὰ
1591 4871 1784 4926 εἴδωλα

179 4944 377 5015 ἔχετε,
410 4948 518 4999 ἀπὸ
551 4948 645 5000 τοῦ
673 4950 835 5004 τόπου
870 4954 936 5006 τὰ
969 4955 1028 5006 ἐν
1053 4955 1233 5018 αὐτοῖς
1266 4957 1670 5031 θεραπευόμενα
1695 4962 1785 5017 λέ-

179 5053 336 5104 γων’
386 5037 557 5102 οὕτως
593 5040 682 5092 καὶ
703 5041 938 5096 ἐνταῦθα
975 5045 1184 5098 Γαλαὰδ
1216 5047 1485 5118 μέμνηται
1519 5053 1614 5105 καὶ
1651 5055 1785 5107 Γαλ-

176 5129 408 5196 γάλων,
438 5131 496 5182 ἐν
529 5127 609 5195 οἷς
643 5133 810 5204 πολλή
850 5153 932 5199 τις
1027 5138 1263 5208 περὶτὰ
1296 5141 1487 5195 εἴδωλα
1519 5144 1783 5215 θεραπεία

177 5217 414 5284 ἐγίνετο
435 5234 446 5246 ⁸
473 5221 578 5273 ἀπὸ
605 5217 698 5274 οὖν
728 5222 834 5275 τῶν
862 5224 1040 5278 τόπων
1063 5226 1160 5296 τὴν
1188 5228 1294 5279 τῶν
1318 5229 1548 5283 εἰδώλων
1584 5236 1784 5304 σημαία

176 5326 264 5361 νει
289 5311 357 5362 Θε
369 5312 604 5379 ραπείαν
621 5329 634 5342 ο
661 5313 818 5366 τοῦτο
844 5314 1035 5383 λέγων,
1060 5317 1140 5370 ὅτι
1161 5319 1440 5374 Τοσούτων
1461 5324 1588 5393 ὑμῖν
1615 5327 1783 5396 ύπαρ-

178 5398 413 5464 ξάντων
468 5406 596 5472 παρ’
629 5404 785 5473 ἐμοῦ,
843 5406 906 5458 ἐκ
941 5407 997 5460 δὲ
1051 5409 1159 5462 τῶν
1213 5410 1478 5482 δαιμόνων
1531 5418 1618 5469 καὶ
1672 5418 1780 5472 τῶν

173 5495 440 5549 εἰδώλων
470 5498 704 5563 οὐδενὸς,
755 5501 814 5567 ἐξ
867 5502 1080 5572 ἀπάτης
1123 5503 1230 5572 ἄρα
1267 5507 1362 5559 καὶ
1399 5509 1495 5577 τῆς
1545 5510 1672 5580 περὶ
1719 5511 1781 5562 τὸ

171 5587 400 5656 ψεῦδος
449 5591 640 5660 ῥοπῆς,
679 5592 815 5662 ἐμοῦ
851 5594 947 5663 μὲν
996 5595 1359 5668 ἀφεστήκατε,
1415 5603 1541 5672 περὶ
1583 5602 1637 5656 δέ
1682 5605 1780 5668 τὰς

175 5683 434 5735 ἐκείνου
471 5683 621 5753 ἔχετε
651 5684 857 5748 θυσίας.
900 5705 918 5738 ι
943 5688 1066 5741 »Καὶ
1099 5689 1167 5744 τά
1198 5689 1551 5764 θυσιαστήρια
1601 5696 1779 5750 αὐτῶν

254 5843 312 5876 ⁸⁸
362 5841 520 5897 Ρδςιῐρ
552 5860 661 5914 ων,
694 5847 779 5901 17.
859 5847 903 5880 ³⁸
936 5849 1040 5904 lsa.
1079 5863 1197 5918 Lm,
1229 5850 1279 5904 7.

1879 4610 2078 4664 vestris
2100 4608 2327 4663 offertis.
2350 4607 2482 4662 Nam
2505 4628 2523 4659 ι
2556 4606 2757 4660 Galaad
2785 4627 2806 4661 ι
2827 4617 2880 4661 ct
2902 4627 2918 4657 ι
2945 4606 3288 4678 Galgalorum
3312 4627 3331 4659 ι
3355 4625 3454 4661 no-

1879 4701 2120 4755 minibus
2148 4700 2290 4754 idola
2312 4701 2464 4754 dicit.
2487 4699 2640 4753 Sicut
2661 4709 2715 4752 et
2737 4707 2884 4751 retro
2899 4694 3005 4747 ait:
3035 4713 3051 4743 ‹
3075 4694 3154 4750 Ne
3169 4695 3379 4750 abeatis
3397 4698 3451 4750 in

1881 4787 2124 4858 Galgala,
2153 4807 2171 4840 ι
2207 4787 2261 4841 id
2287 4797 2389 4851 est,
2407 4787 2486 4841 Ne
2515 4784 2743 4842 adidola
2768 4783 3062 4844 accedatis,
3093 4798 3121 4834 a
3161 4784 3297 4844 loco,
3335 4785 3453 4836 cul-

1880 4885 1968 4932 tos
1998 4877 2109 4931 illic
2143 4878 2277 4931 deos
2317 4877 2506 4930 dicens
2537 4893 2551 4928 :
2585 4875 2673 4927 hic
2722 4875 2926 4945 pariter
2957 4872 3158 4928 Galaad
3194 4872 3302 4943 59
3331 4889 3450 4928 me-

1880 4974 2057 5022 morat
2085 4973 2140 5020 et
2169 4964 2414 5034 Galgala.
2450 4963 2506 5016 in
2549 4962 2748 5031 quibus
2807 4961 3076 5014 idolorum
3127 4961 3308 5014 cultus
3341 4959 3451 5013 fre-

1880 5056 2277 5128 quentabatur;
2330 5070 2359 5107 a
2419 5055 2575 5115 locis,
2629 5054 2874 5122 inquam,
2923 5052 3193 5106 idolorum
3243 5051 3448 5104 cultum

1879 5149 2124 5204 denotat.
2158 5147 2381 5201 Summa
2413 5155 2590 5200 autem
2624 5148 2892 5200 sermonis
2924 5155 3008 5200 est
3045 5164 3058 5198 :
3094 5144 3247 5210 Quod
3279 5145 3450 5198 tantis

1879 5255 1910 5294 a
1937 5256 2023 5294 me
2054 5239 2295 5311 acceptis
2324 5239 2626 5301 beneliciis,
2679 5238 2842 5292 nullis
2884 5252 3015 5291 vero
3044 5252 3072 5290 a
3111 5235 3450 5290 daemonibus

1881 5339 2044 5401 atque
2083 5332 2266 5396 idolis,
2311 5331 2560 5401 sequitur
2588 5339 2646 5384 ut
2683 5330 2869 5384 fraude
2901 5329 3064 5382 illecti
3096 5336 3149 5382 et
3187 5326 3445 5379 falsitatis

1880 5425 2100 5488 affectu,
2138 5439 2164 5476 a
2197 5438 2280 5478 me
2315 5423 2673 5484 recesseritis,
2704 5430 2757 5477 et
2785 5423 2998 5475 illorum
3033 5419 3304 5474 sacriﬁcia
3334 5417 3444 5470 fre-

1881 5517 2176 5582 Quentetis.
2220 5533 2236 5565 ι
2280 5511 2344 5566 lit
2379 5515 2572 5568 altaria
2617 5529 2804 5567 eorum
2857 5513 3013 5581 quasi
3056 5508 3362 5565 testudines
3394 5509 3451 5563 in

1883 5607 2002 5661 solo
2033 5605 2348 5675 campestri.
2390 5626 2406 5657 ι
2446 5605 2665 5657 Nullum
2713 5603 2941 5672 capietis
2979 5600 3143 5656 vestri
3185 5613 3312 5669 erga
3359 5599 3452 5651 illa

1883 5699 2048 5754 studii
2080 5699 2530 5764 emolumentum,
2586 5696 2710 5766 quia
2763 5696 2876 5750 haec
2918 5694 3098 5749 omnia
3151 5707 3311 5746 manu
3352 5691 3454 5745 ho-
