3954 6510
487 386 586 439 19‘.)

1679 379 2029 436 TIIEODORI
2070 380 2549 437 MOPSUESTENI

3616 378 3716 438 200

484 500 649 550 stium
681 496 925 551 destruet
951 495 1112 549 Deus.
1151 492 1284 548 Nam
1330 500 1457 565 quia
1512 498 1729 553 testudo
1762 496 1865 551 sub
1896 495 2052 565 aquis

2170 495 2227 558 bc;
2247 495 2473 564 χελῶναι
2502 496 2593 547 ἐπὶ
2622 497 2810 565 χέρσον
2840 496 3028 567 ἀγροῦ,
3070 516 3086 547 ι
3128 495 3320 549 Ἔσται
3347 495 3455 565 γὰρ
3481 496 3609 566 ύμῖν
3634 496 3705 547 ού-

487 589 735 642 liabitare
764 589 946 649 solita,
976 588 1029 641 in
1066 587 1213 640 sicco
1244 589 1582 657 deprehensa
1620 604 1845 657 prorsus
1873 592 2046 656 perit:

486 679 590 732 hoc
623 679 871 748 exemplo
916 679 1086 731 voluit
1132 678 1387 733 altarium
1435 680 1705 735 excidium
1741 680 2049 748 designare.

2156 588 2241 639 ὁέν
2272 587 2459 655 ὄφελος
2497 588 2594 657 τῆς
2635 588 2761 659 περὶ
2810 589 3010 649 ἐκεῖνα,
3052 590 3203 658 φησὶ,
3238 588 3491 657 σπουδῆς,
3538 587 3719 659 ἐπειδὴ

2159 680 2371 733 ἅπαντα
2396 679 2566 732 ταῦτα
2598 680 2873 741 παντελῶς
2911 681 3159 747 ἀφανίσει
3188 680 3273 733 διὰ
3312 680 3420 731 τῶν
3454 677 3720 744 πολεμίων

482 776 511 825 ό
536 773 698 835 Θεόςο
732 772 917 843 ἐπειδὴ
955 772 1062 841 γὰρ
1093 773 1127 841 ή
1166 770 1370 843 χελώνη
1401 776 1459 827 ἐν
1485 774 1634 827 ὕδατι
1660 774 1815 827 εἴωθε
1844 773 2171 839 διαιτᾶσθαι,
2218 776 2276 827 ἐν
2324 776 2500 846 χέρσῳ
2540 776 2596 828 δέ
2631 776 2892 847 ληφθεῖσα
2943 772 3311 841 διαφθείρεται
3350 770 3585 831 πάντως.
3614 767 3721 819 τῶν

486 863 883 935 θυσιαστηρίων
908 864 1171 935 ἐϐουλήθη
1199 867 1277 937 τῷ
1303 868 1657 939 ὑποδείγματι
1690 869 1785 939 τὴν
1814 869 2109 940 διαφθορὰν
2139 870 2426 937 ὑποδεῖξαι.

556 953 721 1009 Vens.
764 954 950 1008 12-“.
993 985 1065 999 -—
1113 955 1218 1011 Sed
1269 972 1399 1013 ecce
1454 958 1634 1013 denuo
1674 974 1740 1013 ex
1787 960 2058 1029 majorum

488 1047 901 1116 comparatione
926 1047 1310 1104 demonstrans
1346 1061 1571 1121 nepotes
1602 1067 1849 1123 peccare,
1888 1069 1906 1102 ι
1949 1050 2056 1105 Fu-

490 1140 589 1207 git,
643 1139 842 1209 inquit,
880 1138 1053 1195 Iacob
1097 1141 1151 1194 in
1192 1156 1443 1212 campum
1502 1143 1693 1213 Syrim,
1733 1155 1788 1199 et
1837 1145 2061 1198 servivit

490 1229 664 1284 Israel
719 1231 790 1283 ob
837 1246 1085 1293 uxorem,
1126 1238 1179 1286 et
1223 1232 1277 1286 in
1322 1249 1491 1289 uxore
1534 1234 1634 1287 fuit
1680 1235 1997 1289 observans.
2036 1254 2055 1287 ›

489 1321 679 1376 Maluit
706 1323 793 1376 ille
831 1334 1051 1393 propter
1101 1326 1354 1381 virtutem
1403 1335 1456 1380 et
1501 1326 1848 1397 primogeniti
1882 1329 2050 1382 bene-

489 1415 805 1479 dictionem,
840 1414 999 1469 domo
1046 1416 1304 1487 profugus
1359 1434 1454 1487 per
1503 1418 1715 1488 Syriam
1758 1420 1963 1489 vagari,
1998 1428 2053 1472 et

493 1507 634 1576 apud
658 1504 939 1560 Labanum
975 1509 1292 1563 servitutem
1336 1509 1577 1579 perferre
1606 1524 1620 1562 :
1660 1520 1712 1565 et
1747 1527 1867 1565 cum
1900 1512 2051 1580 gravi

489 1613 731 1653 aerumna
776 1598 843 1651 ad
900 1600 1118 1668 nuptias
1169 1602 1454 1670 pervenire
1493 1603 1700 1664 uxoris,
1736 1619 1804 1658 ne
1836 1604 2053 1657 Chana-

492 1704 662 1744 na:am
698 1690 922 1745 duceret
964 1700 1159 1761 praeter
1201 1692 1371 1761 patris
1414 1693 1499 1745 sui
1530 1693 1862 1748 voluntatem
1901 1713 1914 1748 :
1947 1702 2059 1749 tan-

492 1788 711 1851 tamque
736 1796 1035 1836 aarumnam
1075 1784 1393 1850 exantlavit,
1424 1794 1483 1837 ut
1509 1784 1755 1839 instituta
1789 1786 2056 1855 majorum

492 1883 753 1937 servaret,
785 1883 838 1929 et
869 1874 960 1929 Dei
995 1874 1142 1929 circa
1177 1891 1399 1931 uxorem
1427 1875 1729 1931 ducendam
1758 1878 2053 1947 placitum:

492 1966 635 2036 quod
665 1973 855 2019 contra
888 1964 1092 2021 fecerat
1128 1965 1301 2021 frater
1340 1966 1481 2035 ejus,
1516 1966 1838 2025 Chananazis
1870 1971 2058 2025 uxori-

498 2059 597 2113 bus
654 2057 835 2112 ductis
885 2065 1083 2128 prmter
1128 2057 1218 2114 Dei
1271 2066 1325 2113 et
1372 2068 1654 2129 parentum
1699 2062 2053 2118 voluntatem.

499 2169 519 2198 ‹
551 2149 617 2203 Ει
660 2164 756 2219 per
796 2149 1118 2219 prophetam
1166 2150 1355 2205 eduxit
1405 2149 1667 2207 Dominus
1709 2153 1961 2210 Israelem
1992 2154 2059 2211 de

495 2250 641 2295 terra
687 2239 903 2311 Egypti
944 2260 955 2294 :
991 2248 1044 2294 et
1092 2255 1189 2311 per
1240 2242 1558 2311 prephetam
1606 2252 1852 2299 servatus
1896 2254 1997 2300 est.
2034 2265 2053 2299 ι

495 2330 764 2397 Quoniam
822 2340 945 2401 post
995 2330 1084 2385 illa
1147 2332 1329 2385 omnia
1381 2333 1735 2389 descenderat
1789 2335 1953 2393 Israel
2004 2339 2058 2393 in

496 2420 812 2492 Egyptum,
854 2428 1059 2474 tantam
1106 2428 1449 2491 posterorum
1500 2423 1618 2492 ejus
1656 2428 1878 2480 tutelam
1919 2426 2061 2483 Deus

497 2512 687 2581 gessit,
730 2520 791 2565 ut
836 2512 1114 2582 propheta:
1152 2511 1353 2583 Moysis
1396 2514 1698 2570 ministerio
1738 2525 1965 2573 cunctos
1995 2536 2061 2574 ex

502 2601 740 2673 Egypto
776 2602 1089 2669 reduxerit;
1138 2620 1277 2672 quos
1326 2605 1489 2659 etiam
1534 2606 1588 2659 in
1633 2607 1849 2662 deserto
1888 2611 2064 2677 provi»

498 2693 682 2747 dentia
723 2706 819 2746 sua
848 2693 1213 2757 conservavit,
1239 2694 1411 2748 donec
1433 2695 1488 2749 in
1520 2696 1841 2764 promissam
1864 2706 2060 2753 terram

498 2783 801 2838 induceret.
840 2802 859 2835 ι
896 2783 977 2837 Ad
1013 2783 1354 2838 iracundiam
1397 2800 1483 2839 me
1510 2787 1821 2854 provocavit
1846 2785 2065 2856 Eplirai-

497 2891 621 2931 mus
665 2883 719 2931 et
763 2876 1129 2931 exacerbavit.
1171 2895 1188 2928 ι
1227 2875 1386 2930 Tales
1424 2892 1548 2931 cum
1585 2876 1786 2932 fuerint
1820 2881 2063 2949 progeni-

498 2977 670 3032 tores,
703 2976 757 3023 et
789 2968 1006 3022 illorum
1031 2967 1204 3037 gratia
1234 2975 1311 3021 tot
1341 2966 1467 3022 hi.a
1499 2984 1585 3023 me
1616 2970 1758 3023 bona
1803 2972 1914 3025 sint
1938 2988 2062 3025 con-

498 3059 695 3127 secuti,
769 3058 1125 3114 nihilominus
1196 3060 1330 3113 iram
1402 3059 1534 3114 mihi
1594 3060 1703 3130 60
1770 3062 2061 3116 maximam

2223 960 2371 1030 Στίχ.
2401 960 2582 1031 ιβ’-ιδ’.
2613 993 2682 1002 —-
2708 962 2815 1013 Kal
2844 959 3003 1013 πάλιν
3028 962 3093 1030 τῇ
3110 959 3217 1012 τῶν
3244 956 3519 1029 προγόνων
3548 970 3722 1023 παρα-

2156 1051 2300 1105 θέσει
2350 1052 2562 1115 δεικνὺς
2608 1052 2803 1115 αὐτοὺς
2864 1050 3213 1113 ἀσεϐοῦντας,
3276 1068 3293 1101 ι
3355 1045 3723 1118 Ἀνεχώρησεν

2168 1144 2361 1197 Ἰακὼϐ
2394 1146 2473 1207 είς
2509 1144 2687 1198 πεδίον
2710 1143 2930 1215 Συρίας,
2961 1144 3052 1196 καὶ
3084 1141 3388 1195 ἐδούλευσεν
3436 1137 3649 1209 Ἰσραήλ
3668 1138 3722 1189 ἐν

2155 1235 2393 1303 γυναικὶ,
2424 1236 2518 1288 καὶ
2544 1238 2599 1287 ἐν
2628 1233 2842 1303 γυναικὶ
2866 1234 3186 1303 ἐφυλάξατο.
3224 1252 3241 1284 ›
3276 1231 3464 1285 Εἵλετο
3492 1230 3588 1300 μὲν
3616 1228 3723 1299 γὰρ

2157 1324 2361 1386 ἐκεῖνος
2389 1324 2455 1375 δι’
2471 1324 2669 1395 ἀρετὴν
2700 1327 2791 1376 καὶ
2810 1324 2905 1394 τὴν
2926 1324 3031 1375 τῶν
3059 1322 3436 1393 πρωτοτοκίων
3455 1319 3720 1388 εὐλογίαν,

2157 1412 2266 1465 τῶν
2301 1414 2516 1466 οίκείων
2562 1415 2738 1482 φυγὰς
2763 1413 2997 1483 γεγονὼς
3038 1414 3164 1486 περὶ
3202 1411 3301 1483 τὴν
3329 1411 3527 1481 Συρίαν
3570 1411 3726 1462 εἰλεῖ-

2162 1507 2304 1568 σθαι,
2347 1508 2441 1561 καὶ
2480 1510 2766 1579 ὑπομεῖναι
2810 1510 2907 1577 μὲν
2955 1507 3050 1579 τὴν
3081 1507 3231 1579 παρά
3266 1506 3343 1577 τῷ
3376 1503 3560 1558 Λαϐἀν
3604 1504 3723 1557 δου-

2159 1598 2333 1653 λείαν·
2361 1601 2434 1670 (p.
2466 1602 2525 1655 9I
2559 1602 2576 1671 )
2607 1600 2742 1670 μετά
2763 1599 3133 1669 ταλαιπωρίας
3157 1599 3213 1651 δέ
3239 1597 3434 1666 πολλῆς
3466 1596 3560 1649 καὶ
3592 1596 3726 1665 πρὸς

2163 1691 2337 1760 γάμον
2363 1689 2533 1745 ἐλθεῖν
2564 1692 2836 1758 γυναικὸς,
2876 1691 2960 1743 ἵνα
3004 1690 3078 1761 μὴ
3110 1690 3420 1742 Χαναναίαν
3454 1688 3727 1757 ἀγάγηται

2165 1781 2312 1852 παρὰ
2342 1782 2403 1834 τὸ
2434 1783 2599 1853 πατρὶ
2644 1780 2831 1835 δοκοῦν
2854 1799 2869 1816 ο
2906 1782 2998 1834 καὶ
3030 1780 3295 1850 τοσαύτην
3325 1778 3613 1849 ὑπέμεινεν
3642 1794 3728 1829 τα-

2160 1876 2483 1947 λαιπωρίαν,
2537 1876 2934 1945 φυλαττόμενος
2976 1875 3035 1928 τὸ
3080 1873 3229 1945 παρά
3262 1872 3331 1927 τά
3375 1873 3579 1943 νόμιμα
3623 1871 3730 1923 τῶν

2158 1969 2435 2039 προγόνων
2466 1969 2559 2021 καὶ
2594 1968 2654 2020 τὸ
2690 1966 2878 2021 δοκοῦν
2902 1966 2978 2037 τῷ
2999 1965 3115 2036 Θεῴ
3145 1968 3378 2034 γυναῖκα
3407 1962 3726 2032 ἀγαγέσθαι’

2160 2059 2294 2128 ὅπερ
2316 2055 2408 2111 οὖν
2432 2057 2726 2126 πεποίηκεν
2746 2060 2772 2110 ὁ
2787 2057 3011 2126 ἀδελφὸς
3027 2057 3253 2121 ἐκείνου,
3275 2054 3579 2117 Χαναναίας
3595 2053 3729 2122 ἀγα-

2161 2151 2388 2219 γόμενος
2441 2150 2587 2220 παρά
2620 2149 2679 2202 τὸ
2728 2150 2845 2220 Θεῷ
2877 2167 2937 2202 τε
2987 2147 3175 2201 δοκοῦν
3218 2149 3311 2201 καὶ
3348 2149 3458 2210 τοῖς
3492 2144 3730 2213 γονεῦσι.

2166 2257 2185 2285 ε
2224 2240 2333 2293 Kal
2372 2242 2427 2291 ἐν
2460 2241 2710 2311 προφήτῃ
2751 2239 2990 2308 ἀνήγαγε
3035 2237 3235 2309 Κύριος
3281 2236 3371 2289 τὸν
3412 2234 3628 2306 Ἰσραὴλ
3667 2235 3732 2286 ἐκ

2161 2331 2263 2401 γῆς
2284 2329 2579 2397 Αἰγύπτου,
2603 2332 2695 2383 καὶ
2717 2332 2773 2383 ὲν
2796 2330 3042 2401 προφήτῃ
3073 2327 3419 2397 διεφυλάχθη.
3452 2346 3469 2378 ι
3512 2325 3732 2398 Ἐπειδὴ

2161 2421 2217 2475 δέ
2250 2423 2366 2493 μετ’
2397 2423 2577 2474 ἐκεῖνα
2611 2423 2786 2475 πάντα
2813 2420 3171 2491 κατελήλυθεν
3200 2421 3279 2482 είς
3307 2420 3403 2489 τήν
3436 2419 3730 2486 Αἴγυπτον.

2162 2513 2428 2585 τοσαύτην
2450 2514 2555 2567 τῶν
2586 2514 2646 2579 ἐξ
2672 2514 2876 2567 ἐκείνου
2901 2512 3222 2585 κηδεμονίαν
3253 2514 3563 2582 ἐποιήσατο,
3592 2510 3733 2563 ὥστε

2163 2608 2227 2676 τῇ
2256 2605 2350 2659 τοῦ
2385 2607 2659 2677 προφήτου
2705 2606 2981 2669 Μωῦσέως
3024 2601 3296 2676 ὑπουργία
3341 2606 3636 2671 ἀναγαγεῖν
3674 2620 3733 2654 τε

2163 2696 2407 2760 ἅπαντας
2430 2699 2492 2750 ἐκ
2524 2698 2623 2767 τῆς
2654 2698 2949 2765 Αἰγύπτου,
2981 2698 3074 2750 xal
3107 2697 3248 2750 κατά
3276 2696 3374 2766 τήν
3408 2695 3616 2765 ἔρημον
3639 2694 3735 2747 αύ-

2162 2788 2288 2850 τοὺς
2317 2787 2406 2840 διὰ
2446 2789 2544 2859 τῆς
2587 2788 2899 2859 ἐπιμελείας
2938 2788 3168 2857 φυλάξαι
3201 2787 3298 2855 τῆς
3344 2787 3569 2849 οἰκείας,
3606 2787 3736 2858 ἄχρι

2164 2877 2257 2929 τοῦ
2280 2878 2373 2931 καὶ
2387 2879 2465 2942 είς
2483 2878 2580 2950 τὴν
2601 2880 2703 2950 γῆν
2724 2881 3033 2947 εἰσαγαγεῖν
3048 2880 3145 2948 τῆς
3162 2878 3509 2946 ἐπαγγελίας.
3529 2897 3547 2929 ι
3582 2876 3737 2930 Ἐθύο

2170 2969 2321 3039 μωσέ
2363 2986 2430 3040 με
2474 2969 2711 3040 Ἐφραῒμ
2754 2970 2847 3022 καὶ
2893 2970 3258 3042 παρώργισεν.
3301 2990 3319 3022 ι
3357 2971 3626 3024 Τοιούτων
3680 2973 3737 3026 δέ

2164 3062 2445 3128 γεγονότες
2485 3063 2781 3133 προγόνων,
2821 3062 2915 3114 καὶ
2940 3062 3205 3117 τοσούτων
3233 3064 3301 3116 δι’
3329 3064 3569 3127 ἐκείνους
3604 3066 3736 3135 παρ’

498 3158 928 3215 commoverunt,
988 3151 1230 3221 ingratos
1277 3150 1409 3205 mihi
1458 3167 1517 3206 se
1566 3153 1867 3222 praebentes
1914 3162 2063 3209 tanto

2170 3152 2298 3221 ἐμοῦ
2328 3154 2683 3223 τετυχηκότες
2725 3154 2963 3223 ἀγαθῶν,
2993 3158 3071 3219 είς
3100 3155 3269 3226 ὀργήν
3298 3173 3365 3225 με
3398 3157 3737 3227 κατέστησαν

502 3240 878 3306 benefactori;
929 3250 1093 3312 atque
1165 3241 1231 3296 ad
1291 3243 1433 3297 idola
1488 3246 1667 3314 potius
1726 3248 1995 3311 conversi,
2036 3262 2066 3300 a

498 3335 704 3407 quibus
754 3336 889 3390 nihil
936 3336 1072 3390 lucri
1120 3345 1493 3407 perceperant.
1536 3356 1553 3388 ‹
1596 3336 1660 3391 Et
1697 3340 1920 3408 sanguis
1946 3339 2067 3408 ejus

500 3442 667 3497 super
696 3442 818 3481 eum
867 3426 1193 3482 eﬂ‘undetur.
1236 3447 1255 3479 ι
1303 3428 1645 3498 Quapropter
1678 3430 1733 3483 in
1777 3431 1951 3500 ipsum
1979 3448 2067 3487 re-

501 3516 650 3570 cidet
694 3516 1014 3570 delictorum
1060 3532 1243 3587 ptena.
1280 3536 1299 3568 ι
1338 3518 1403 3571 Et
1443 3520 1793 3588 opprobrium
1835 3523 1954 3591 ejus
1979 3539 2068 3577 re-

503 3608 692 3661 stituet
726 3608 776 3663 ei
829 3608 1110 3675 Dominus,
1163 3610 1316 3679 juxta
1359 3608 1633 3680 Ephraimi
1678 3628 2004 3670 sermonem.
2042 3635 2061 3668 ι

502 3699 825 3765 Calumniaz,
850 3716 1014 3771 quam
1048 3702 1323 3772 impietate
1352 3720 1451 3759 sua
1476 3704 1586 3759 Deo
1607 3708 1860 3777 aspersit,
1888 3708 2067 3778 justas

504 3791 618 3845 luet
651 3805 842 3861 plenas
881 3806 1261 3864 eongruasque
1309 3796 1490 3851 verbis
1534 3812 1655 3868 qua:
1706 3806 1897 3853 contra
1939 3816 2063 3856 eum

499 3881 744 3954 jactavit.

1122 4156 1274 4212 CAP.
1314 4157 1452 4213 XIII.

575 4246 743 4305 Vens.
777 4250 893 4304 1-5.
940 4278 1013 4291 --
1062 4267 1081 4301 ι
1130 4248 1559 4305 Justiﬁcationes
1599 4252 1807 4321 accepit
1848 4261 1903 4309 et
1954 4255 2072 4325 ipse

510 4338 567 4395 in
601 4337 785 4401 Israel,
812 4336 906 4391 sed
940 4352 1033 4391 eas
1064 4337 1318 4407 apposuit
1352 4336 1519 4399 Baali,
1548 4348 1600 4391 et
1625 4347 1874 4395 mortuus
1909 4352 2014 4397 est.
2045 4361 2064 4395 ι

508 4424 646 4481 Nam
677 4440 802 4479 cum
846 4424 963 4493 ipse
1006 4440 1071 4479 ex
1108 4426 1222 4495 lege
1276 4423 1476 4495 Moysis
1518 4425 1795 4495 religionis
1828 4430 2071 4486 colenda!

506 4515 651 4569 ritus
684 4513 1002 4581 accepisset,
1035 4511 1103 4565 ad
1130 4513 1332 4566 Baalim
1369 4522 1599 4568 cunctos
1637 4518 1937 4581 transtulit,
1974 4519 2071 4575 de-

508 4601 683 4656 bitum
728 4599 859 4652 mihi
908 4614 974 4653 ex
1036 4598 1152 4669 lege
1201 4599 1405 4653 cultum
1455 4600 1511 4653 in
1551 4600 1692 4654 idola
1732 4603 2068 4660 conferens:

510 4705 619 4760 quo
649 4688 814 4750 facto,
857 4696 1087 4742 mortem
1133 4687 1234 4742 sibi
1284 4688 1499 4741 indixit.
1533 4706 1553 4739 ι
1590 4689 1653 4742 Et
1680 4706 1828 4745 nunc
1858 4693 2075 4750 addide-

509 4784 640 4831 runt
668 4776 737 4829 ad
760 4774 1117 4845 peccandum,
1166 4783 1221 4827 et
1270 4772 1515 4829 fecerunt
1553 4777 1653 4831 sibi
1685 4778 1975 4835 eonﬂatilia
2005 4797 2069 4836 ex

510 4879 648 4917 auro
670 4869 1007 4931 argentoque
1032 4875 1132 4915 suo
1174 4862 1232 4916 in
1274 4861 1444 4915 forma
1480 4861 1767 4929 idolorum,
1794 4882 1915 4936 quae
1944 4876 2074 4923 sunt

511 4952 581 5005 ab
614 4949 916 5005 artificibus
955 4946 1203 5002 confecta
1248 4962 1434 5018 opera.
1477 4967 1499 5001 ι
1556 4949 1980 5008 Perseverarunt
2017 4956 2073 5009 in

511 5038 813 5107 impietate,
844 5035 986 5090 idola
1018 5050 1182 5089 aurea
1216 5043 1271 5090 et
1294 5044 1545 5107 argentea
1578 5036 1936 5094 humanarum
1967 5058 2078 5096 nia-

509 5140 682 5183 nuum
734 5122 966 5177 artificio
1009 5121 1358 5179 fabricantes.
1408 5121 1529 5178 Mox
1579 5123 1895 5193 liujusmodi
1946 5143 2077 5198 erga

510 5214 654 5268 idola
685 5210 924 5266 studium
954 5224 1240 5278 quousque
1266 5208 1483 5264 tandem
1503 5210 1852 5268 intenderunt
1873 5215 1897 5267 ?
1921 5233 1940 5266 ι
1978 5215 2077 5270 Ιιιι-

512 5303 731 5361 molate,
772 5298 945 5362 aiunt,
996 5295 1270 5363 homines,
1314 5296 1443 5365 quia
1486 5298 1643 5353 vituli
1682 5298 2017 5357 defecerunt.
2051 5322 2071 5357 ι

512 5386 591 5440 lta
625 5394 684 5439 ut
704 5394 827 5456 post
853 5392 935 5437 tot
972 5382 1241 5438 sacrificia
1286 5398 1409 5454 qua;
1446 5399 1513 5439 ex
1545 5384 1722 5443 brutis
1748 5388 2078 5447 animalibus

513 5472 840 5535 obtulerant,
865 5486 974 5525 non
1023 5470 1264 5525 contenti
1300 5470 1645 5527 victimarum
1692 5474 1906 5531 illarum
1938 5479 2079 5533 mul—

513 5558 777 5624 titudine,
815 5558 1061 5613 homines
1107 5572 1326 5630 quoque
1366 5558 1758 5616 sacriﬁciorum
1794 5564 2076 5620 materiam

513 5646 811 5703 eﬁecerint.
847 5645 935 5701 Sic
972 5646 1137 5701 etiam
1183 5647 1374 5702 beatus
1400 5643 1478 5699 ait
1500 5645 1711 5703 David:
1746 5662 1764 5696 ι
1796 5650 1861 5705 Et
1892 5652 2077 5707 immo-

515 5734 766 5790 laverunt
811 5734 949 5789 tilios
992 5750 1121 5791 suos
1171 5751 1233 5791 ac
1281 5735 1417 5792 ﬁlias
1443 5752 1570 5794 suas
1588 5737 1930 5794 daemonibus
1951 5735 2011 5790 ³⁸.
2047 5757 2063 5788 ι

595 5848 638 5881 ⁸⁸
667 5846 807 5901 Psal.
840 5862 924 5913 ev,
949 5849 1035 5902 '57.

2173 3239 2448 3305 πλείστην,
2479 3240 2788 3310 ἀγνώμονες
2819 3243 2914 3313 μὲν
2943 3246 3069 3315 περὶ
3094 3244 3195 3315 ἐμὲ
3224 3246 3505 3313 γεγονότες
3534 3246 3624 3299 τὸν
3646 3262 3739 3299 το-

2175 3331 2345 3386 σαῦτα
2372 3333 2563 3396 αὐτοὺς
2596 3329 2654 3385 εὖ
2683 3335 3042 3404 πεποιηκότα·
3075 3336 3203 3408 περὶ
3230 3336 3285 3389 δὲ
3322 3337 3421 3407 τὴν
3446 3336 3557 3391 τῶν
3584 3336 3740 3390 εἰδώ-

2173 3422 2279 3475 λων
2306 3423 2604 3495 τραπέντες
2627 3424 2938 3494 θεραπείαν,
2967 3420 3041 3479 ὦν
3062 3427 3213 3480 οὐδὲν
3245 3427 3499 3497 εἰλήφασι
3527 3428 3739 3498 κέρδος.

2180 3531 2200 3564 ι
2234 3513 2342 3565 Kal
2382 3512 2443 3565 τὸ
2474 3508 2611 3583 αἷμα
2648 3514 2812 3567 αὐτοῦ
2854 3514 2940 3567 ἐπ’
2969 3515 3129 3568 αὑτὸν
3155 3514 3537 3585 ἐκχυθήσεται.
3578 3534 3596 3565 ι
3624 3516 3741 3568 Τοι-

2171 3604 2374 3673 γαροῦν
2401 3606 2486 3656 ἐπ’
2515 3605 2675 3658 αὐτὸν
2700 3608 2733 3677 ή
2776 3607 2915 3677 ὑπὲρ
2944 3606 3050 3660 τῶν
3097 3609 3580 3679 παρανομημάτων
3607 3626 3742 3680 τρα-

2172 3698 2403 3767 πήσεται
2428 3697 2685 3767 τιμωρία.
2716 3700 2792 3769 (p.
2824 3699 2913 3768 92)
2942 3718 2960 3750 ι
2992 3700 3098 3753 Kal
3130 3700 3220 3753 τὸν
3246 3700 3544 3771 ὀνειδισμὸν
3571 3700 3739 3754 αὐτοῦ

2171 3788 2538 3841 ἀνταποδώσει
2565 3789 2710 3860 αὐτῷ
2738 3789 2939 3861 Κύριος
2960 3790 3099 3844 κατὰ
3123 3792 3213 3844 τὸν
3238 3792 3392 3859 λόγον
3430 3793 3689 3863 Ἐφραῖμ.
3714 3810 3735 3845 ι

2172 3882 2288 3951 Τῆς
2311 3881 2561 3951 διαϐολῆς
2585 3877 2651 3951 ἦς
2686 3882 2773 3935 διὰ
2809 3883 2908 3952 τῆς
2937 3883 3136 3946 οἰκείας
3174 3883 3424 3947 ἀσεϐείας
3454 3886 3742 3959 προσετρί-

2168 3973 2307 4044 ψατο
2328 3974 2407 4044 τῷ
2438 3973 2575 4046 Θεῷ,
2601 3974 2753 4038 δίκας
2778 3975 2939 4028 αὑτὸν
2970 3974 3320 4047 εἰσπράξεται
3345 3975 3577 4039 δικαίας,
3607 3975 3743 4029 ἀνά-

2168 4066 2325 4135 λογον
2354 4061 2434 4131 οἷς
2455 4065 2753 4136 ἐφθέγξατο
2778 4070 2897 4122 κατ’
2934 4068 3121 4124 αὑτοῦ.

2799 4169 2955 4224 ΚΕΦ.
3005 4172 3105 4224 II".

2241 4258 2388 4328 Στίχ.
2413 4266 2558 4328 α’-γ¹.
2591 4292 2652 4302 —-
2691 4278 2710 4311 ι
2753 4260 3107 4333 Δικαιώματα
3152 4260 3309 4315 ἔλαϐε
3354 4262 3446 4315 καὶ
3490 4262 3654 4327 αὐτὸς
3683 4264 3745 4316 ἐν

2173 4346 2252 4417 τῷ
2292 4348 2505 4418 Ἰσραήλ
2524 4366 2538 4378 ·
2570 4349 2664 4403 καὶ
2691 4349 2841 4403 ἔθετο
2860 4351 2995 4404 αύτά
3023 4350 3101 4421 τῷ
3122 4351 3269 4404 Βαὰλ
3306 4353 3397 4405 xal
3416 4352 3675 4406 ἀπέθανε.
3718 4371 3741 4404 ι

2173 4434 2470 4505 Δεξάμενος
2491 4435 2599 4507 γάρ
2629 4436 2788 4501 αὐτὸς
2815 4438 2881 4490 ἐκ
2908 4437 2999 4491 τοῦ
3022 4438 3183 4509 νόμου
3210 4439 3482 4502 Μωῦσέως
3508 4440 3608 4503 τὰς
3632 4439 3747 4493 δια-

2170 4521 2351 4586 τάξεις
2374 4516 2449 4575 ὧν
2478 4524 2736 4595 πράττειν
2764 4526 3037 4596 προσῆκον
3058 4521 3126 4597 ἦν
3155 4526 3335 4590 αὑτὸν,
3367 4529 3444 4590 είς
3473 4527 3566 4580 τὸν
3598 4528 3747 4581 Βαὰλ

2174 4611 2527 4681 περιέστησεν
2578 4613 2811 4676 ἁπάσας,
2862 4613 2959 4682 τὴν
3002 4614 3125 4684 ἐμοὶ
3176 4615 3558 4685 προσήκουσαν
3603 4618 3748 4669 κατὰ

2172 4697 2333 4768 νόμον
2377 4697 2671 4768 θεραπείαν
2718 4698 2803 4751 ἐπ’
2854 4700 3033 4752 ἐκεῖνα
3083 4701 3439 4769 μεταγαγών·
3472 4702 3614 4773 ὑπὲρ
3669 4696 3748 4757 ὧν

2172 4785 2237 4855 δὴ
2271 4785 2496 4840 θανάτου
2516 4784 2770 4856 πρόξενος
2796 4786 3014 4855 γέγονεν
3038 4787 3229 4857 ἐαυτῷ.
3268 4806 3285 4837 ι
3320 4788 3429 4841 Kal
3456 4787 3552 4840 νῦν
3579 4806 3748 4859 προσο

2175 4872 2357 4925 ἑθεντο
2386 4872 2479 4925 τοῦ
2526 4872 2877 4943 ἁμαρτάνειν,
2936 4874 3030 4926 καὶ
3074 4875 3337 4945 ἐποίησαν
3378 4878 3592 4939 ἑαυτοῖς
3633 4896 3749 4946 χω-

2174 4960 2342 5013 νευτά
2365 4959 2429 5013 ἐκ
2453 4961 2675 5029 χρυσίου
2694 4961 2788 5013 καὶ
2812 4959 2906 5013 τοῦ
2932 4962 3192 5032 ἀργυρίου
3215 4962 3393 5017 αὐτῶν
3419 4966 3540 5017 κατ’
3565 4966 3754 5019 είκόνα

2176 5044 2437 5111 εἰδώλων,
2491 5046 2626 5116 ἔργα
2679 5047 2942 5107 τεκτόνων
2993 5049 3447 5121 συντετελεσμένα
3489 5053 3692 5116 αὐτοῖς.
3724 5072 3749 5105 ι

2187 5133 2655 5203 Ἐπιμεμενήκασι
2680 5133 2738 5186 δὲ
2764 5136 2829 5205 τῇ
2858 5134 3101 5206 ἀσεϐείᾳ,
3133 5136 3201 5189 τὰ
3223 5138 3321 5206 μὲν
3345 5140 3408 5191 ἐκ
3436 5140 3755 5209 χρυσοῦ,τά

2174 5219 2231 5272 δὲ
2264 5219 2323 5283 ἐξ
2353 5219 2593 5291 ἀργύρου
2623 5216 2815 5273 εἴδωλα
2844 5224 3349 5289 κατασκευάσαντες
3379 5226 3757 5295 ἀνθρωπίναις

2175 5306 2435 5375 γεγονότα
2493 5307 2680 5378 χερσίν
2702 5322 2715 5335 ·
2744 5298 2890 5361 εἶτα
2914 5308 3181 5380 τοσαύτην
3217 5312 3345 5381 περὶ
3404 5311 3581 5367 ταῦτα
3631 5313 3759 5365 tm-

2176 5393 2476 5448 δείκνυνται
2502 5396 2604 5467 τὴν
2642 5397 2897 5469 σπουδὴν,
2938 5397 3081 5451 ὥστε
3116 5398 3209 5464 τίς
3250 5417 3269 5449 ι
3302 5399 3467 5452 Αὐτοὶ
3506 5400 3757 5470 λέγουσι’

2177 5480 2388 5534 Θύσατε
2402 5480 2739 5553 ἀνθρώπους
2764 5484 2954 5555 μόσχοι
2976 5484 3085 5556 γὰρ
3104 5485 3495 5541 ἐκλελοίπασιν.
3540 5506 3560 5540 ι
3586 5488 3759 5542 Ὥστε

2180 5568 2319 5641 μετὰ
2341 5569 2540 5633 πολλὰς
2569 5570 2758 5635 θυσίας
2794 5571 2855 5635 ἃς
2884 5572 2971 5626 διὰ
2997 5572 3107 5626 τῶν
3141 5573 3349 5643 ἀλόγων
3377 5577 3757 5648 προσήγαγον,

2177 5654 2279 5708 οὐκ
2308 5656 2675 5726 ἀρκεσθέντας
2718 5656 2795 5727 τῷ
2827 5658 3021 5730 πλήθει
3066 5659 3174 5714 τῶν
3208 5661 3465 5732 θυμάτων
3499 5662 3759 5729 ἐκείνων,

2186 5741 2264 5794 ἔτι
2301 5743 2392 5796 καὶ
2423 5744 2502 5805 είς
2550 5743 2865 5814 ἀνθρώπους
2908 5746 3378 5823 μεταστῆσαιπῆς
3429 5749 3621 5814 θυσίας
3649 5750 3764 5825 τὴν
