  <div class='ocr_page' id='page_1' title='image "/cluster/home/n/w/nwhite01/storage/ocr_20150623/66/hvd.32044020183315/106.png"; bbox 0 0 3954 6514; ppageno 0'>
   <div class='ocr_carea' id='block_1_1' title="bbox 162 321 3391 397">
    <p class='ocr_par' dir='ltr' id='par_1_1' title="bbox 162 321 3391 397">
     <span class='ocr_line' id='line_1_1' title="bbox 162 321 3391 397; baseline -0.006 -4"><span class='ocrx_word' id='word_1_1' title='bbox 162 339 259 397; x_wconf 73' lang='grc'><strong>201</strong></span> <span class='ocrx_word' id='word_1_2' title='bbox 1149 326 1692 388; x_wconf 75' lang='lat' dir='ltr'><strong>COMMENTARIUS</strong></span> <span class='ocrx_word' id='word_1_3' title='bbox 1726 324 1795 381; x_wconf 78' lang='lat' dir='ltr'><strong>IN</strong></span> <span class='ocrx_word' id='word_1_4' title='bbox 1832 321 2033 379; x_wconf 63' lang='lat' dir='ltr'><strong>OSEIE</strong></span> <span class='ocrx_word' id='word_1_5' title='bbox 2072 322 2223 379; x_wconf 73' lang='lat' dir='ltr'><strong>CAP.</strong></span> <span class='ocrx_word' id='word_1_6' title='bbox 2267 322 2402 378; x_wconf 73' lang='lat' dir='ltr'><strong>XIII.</strong></span> <span class='ocrx_word' id='word_1_7' title='bbox 3285 321 3391 375; x_wconf 68' lang='lat'><strong>“202</strong></span> 
     </span>
    </p>
   </div>
   <div class='ocr_carea' id='block_1_2' title="bbox 161 429 1763 525">
    <p class='ocr_par' dir='ltr' id='par_1_2' title="bbox 161 439 1763 525">
     <span class='ocr_line' id='line_1_2' title="bbox 161 439 1763 525; baseline -0.01 -18"><span class='ocrx_word' id='word_1_8' title='bbox 161 450 531 525; x_wconf 64' lang='grc' dir='ltr'>ἱπιχείρησιν-</span> <span class='ocrx_word' id='word_1_9' title='bbox 578 450 721 506; x_wconf 73' lang='grc' dir='ltr'>οὕτω</span> <span class='ocrx_word' id='word_1_10' title='bbox 775 449 866 504; x_wconf 71' lang='grc' dir='ltr'>καὶ</span> <span class='ocrx_word' id='word_1_11' title='bbox 914 450 941 501; x_wconf 81' lang='grc' dir='ltr'>ὁ</span> <span class='ocrx_word' id='word_1_12' title='bbox 998 446 1261 518; x_wconf 83' lang='grc' dir='ltr'>μακάριος</span> <span class='ocrx_word' id='word_1_13' title='bbox 1316 444 1463 511; x_wconf 80' lang='grc' dir='ltr'>λέγει</span> <span class='ocrx_word' id='word_1_14' title='bbox 1520 439 1763 497; x_wconf 64' lang='grc' dir='ltr'>Δαυίδ·1</span> 
     </span>
    </p>
   </div>
   <div class='ocr_carea' id='block_1_3' title="bbox 1863 429 3393 525">
    <p class='ocr_par' dir='ltr' id='par_1_3' title="bbox 1896 429 3393 503">
     <span class='ocr_line' id='line_1_3' title="bbox 1896 429 3393 503; baseline 0 -16"><span class='ocrx_word' id='word_1_15' title='bbox 1896 432 2102 490; x_wconf 92' lang='lat' dir='ltr'><strong>Idcirco</strong></span> <span class='ocrx_word' id='word_1_16' title='bbox 2159 445 2321 487; x_wconf 86' lang='lat' dir='ltr'><strong>erunt</strong></span> <span class='ocrx_word' id='word_1_17' title='bbox 2372 432 2527 503; x_wconf 86' lang='lat' dir='ltr'><strong>quasi</strong></span> <span class='ocrx_word' id='word_1_18' title='bbox 2576 431 2747 486; x_wconf 89' lang='lat' dir='ltr'><strong>nubes</strong></span> <span class='ocrx_word' id='word_1_19' title='bbox 2799 429 3085 494; x_wconf 88' lang='lat' dir='ltr'><strong>matutina,</strong></span> <span class='ocrx_word' id='word_1_20' title='bbox 3138 439 3190 484; x_wconf 85' lang='lat' dir='ltr'><strong>ct</strong></span> <span class='ocrx_word' id='word_1_21' title='bbox 3247 435 3393 487; x_wconf 78' lang='lat' dir='ltr'><strong>sicut</strong></span> 
     </span>
    </p>
   </div>
   <div class='ocr_carea' id='block_1_4' title="bbox 169 524 1763 602">
    <p class='ocr_par' dir='ltr' id='par_1_4' title="bbox 169 524 1721 602">
     <span class='ocr_line' id='line_1_4' title="bbox 169 524 1721 602; baseline -0.007 -9"><span class='ocrx_word' id='word_1_22' title='bbox 169 560 189 593; x_wconf 74' lang='grc' dir='ltr'>ο</span> <span class='ocrx_word' id='word_1_23' title='bbox 227 524 557 595; x_wconf 15' lang='grc' dir='ltr'>Καὶίέθυσαν</span> <span class='ocrx_word' id='word_1_24' title='bbox 587 542 711 602; x_wconf 74' lang='grc' dir='ltr'>τοὺς</span> <span class='ocrx_word' id='word_1_25' title='bbox 739 540 886 602; x_wconf 76' lang='grc' dir='ltr'>υἱοὺς</span> <span class='ocrx_word' id='word_1_26' title='bbox 936 536 1113 589; x_wconf 79' lang='grc' dir='ltr'>αὐτῶν</span> <span class='ocrx_word' id='word_1_27' title='bbox 1151 536 1244 588; x_wconf 70' lang='grc' dir='ltr'><strong>καὶ</strong></span> <span class='ocrx_word' id='word_1_28' title='bbox 1292 535 1390 596; x_wconf 84' lang='grc' dir='ltr'><strong>τὰς</strong></span> <span class='ocrx_word' id='word_1_29' title='bbox 1419 532 1721 602; x_wconf 81' lang='grc' dir='ltr'>θυγατέρας</span> 
     </span>
    </p>
   </div>
   <div class='ocr_carea' id='block_1_5' title="bbox 1863 524 3393 602">
    <p class='ocr_par' dir='ltr' id='par_1_5' title="bbox 1863 524 3393 597">
     <span class='ocr_line' id='line_1_5' title="bbox 1863 524 3393 597; baseline -0.001 -16"><span class='ocrx_word' id='word_1_30' title='bbox 1863 542 1911 581; x_wconf 68' lang='lat' dir='ltr'><strong>as</strong></span> <span class='ocrx_word' id='word_1_31' title='bbox 1956 527 2312 581; x_wconf 71' lang='lat' dir='ltr'><strong>ante-lucanus</strong></span> <span class='ocrx_word' id='word_1_32' title='bbox 2362 526 2696 594; x_wconf 85' lang='lat' dir='ltr'><strong>praeteriens,</strong></span> <span class='ocrx_word' id='word_1_33' title='bbox 2744 534 2799 582; x_wconf 92' lang='lat' dir='ltr'><strong>ct</strong></span> <span class='ocrx_word' id='word_1_34' title='bbox 2846 524 3002 597; x_wconf 86' lang='lat' dir='ltr'><strong>quasi</strong></span> <span class='ocrx_word' id='word_1_35' title='bbox 3048 527 3233 580; x_wconf 85' lang='lat' dir='ltr'><strong>aranei</strong></span> <span class='ocrx_word' id='word_1_36' title='bbox 3284 527 3393 581; x_wconf 85' lang='lat' dir='ltr'><strong>tela</strong></span> 
     </span>
    </p>
   </div>
   <div class='ocr_carea' id='block_1_6' title="bbox 161 616 1763 702">
    <p class='ocr_par' dir='ltr' id='par_1_6' title="bbox 161 623 1723 702">
     <span class='ocr_line' id='line_1_6' title="bbox 161 623 1723 702; baseline -0.009 -15"><span class='ocrx_word' id='word_1_37' title='bbox 161 632 343 690; x_wconf 67' lang='grc' dir='ltr'>αὐτῶν</span> <span class='ocrx_word' id='word_1_38' title='bbox 373 634 485 695; x_wconf 79' lang='grc' dir='ltr'>τοῖς</span> <span class='ocrx_word' id='word_1_39' title='bbox 504 631 817 702; x_wconf 85' lang='grc' dir='ltr'>δαιμονίοις.</span> <span class='ocrx_word' id='word_1_40' title='bbox 846 646 965 681; x_wconf 83' lang='grc'><strong>›-‹</strong></span> <span class='ocrx_word' id='word_1_41' title='bbox 989 627 1086 681; x_wconf 82' lang='grc' dir='ltr'>Διά</span> <span class='ocrx_word' id='word_1_42' title='bbox 1110 628 1267 680; x_wconf 89' lang='grc' dir='ltr'>τοῦτο</span> <span class='ocrx_word' id='word_1_43' title='bbox 1288 626 1494 679; x_wconf 76' lang='grc' dir='ltr'>ἔσονται</span> <span class='ocrx_word' id='word_1_44' title='bbox 1525 623 1599 686; x_wconf 86' lang='grc' dir='ltr'>ὼς</span> <span class='ocrx_word' id='word_1_45' title='bbox 1637 639 1723 674; x_wconf 85' lang='grc' dir='ltr'>νε-</span> 
     </span>
    </p>
   </div>
   <div class='ocr_carea' id='block_1_7' title="bbox 1863 616 3395 702">
    <p class='ocr_par' dir='ltr' id='par_1_7' title="bbox 1863 616 3395 689">
     <span class='ocr_line' id='line_1_7' title="bbox 1863 616 3395 689; baseline 0.001 -18"><span class='ocrx_word' id='word_1_46' title='bbox 1863 617 2035 671; x_wconf 80' lang='lat' dir='ltr'><strong>trbine</strong></span> <span class='ocrx_word' id='word_1_47' title='bbox 2066 616 2347 671; x_wconf 76' lang='lat' dir='ltr'><strong>exsumata</strong></span> <span class='ocrx_word' id='word_1_48' title='bbox 2374 616 2441 671; x_wconf 90' lang='lat' dir='ltr'><strong>de</strong></span> <span class='ocrx_word' id='word_1_49' title='bbox 2483 632 2634 680; x_wconf 89' lang='lat' dir='ltr'><strong>area,</strong></span> <span class='ocrx_word' id='word_1_50' title='bbox 2674 625 2729 673; x_wconf 91' lang='lat' dir='ltr'><strong>et</strong></span> <span class='ocrx_word' id='word_1_51' title='bbox 2775 618 2919 674; x_wconf 91' lang='lat' dir='ltr'><strong>sicut</strong></span> <span class='ocrx_word' id='word_1_52' title='bbox 2967 634 3135 689; x_wconf 89' lang='lat' dir='ltr'><strong>vapor</strong></span> <span class='ocrx_word' id='word_1_53' title='bbox 3179 634 3208 671; x_wconf 89' lang='lat' dir='ltr'><strong>a</strong></span> <span class='ocrx_word' id='word_1_54' title='bbox 3244 619 3395 672; x_wconf 90' lang='lat' dir='ltr'><strong>locu-</strong></span> 
     </span>
    </p>
   </div>
   <div class='ocr_carea' id='block_1_8' title="bbox 161 707 1763 796">
    <p class='ocr_par' dir='ltr' id='par_1_8' title="bbox 161 715 1721 796">
     <span class='ocr_line' id='line_1_8' title="bbox 161 715 1721 796; baseline -0.008 -18"><span class='ocrx_word' id='word_1_55' title='bbox 161 726 300 796; x_wconf 78' lang='grc' dir='ltr'>φέλη</span> <span class='ocrx_word' id='word_1_56' title='bbox 349 722 577 795; x_wconf 79' lang='grc' dir='ltr'>πρωῑνὴ,</span> <span class='ocrx_word' id='word_1_57' title='bbox 617 723 711 775; x_wconf 73' lang='grc' dir='ltr'><strong>καὶ</strong></span> <span class='ocrx_word' id='word_1_58' title='bbox 753 722 827 785; x_wconf 81' lang='grc' dir='ltr'><strong>ὡς</strong></span> <span class='ocrx_word' id='word_1_59' title='bbox 863 719 1049 792; x_wconf 82' lang='grc' dir='ltr'><strong>δρόσος</strong></span> <span class='ocrx_word' id='word_1_60' title='bbox 1090 716 1311 791; x_wconf 80' lang='grc' dir='ltr'>ὀρθρινὴ</span> <span class='ocrx_word' id='word_1_61' title='bbox 1365 715 1721 786; x_wconf 82' lang='grc' dir='ltr'><strong>πορευομένη,</strong></span> 
     </span>
    </p>
   </div>
   <div class='ocr_carea' id='block_1_9' title="bbox 1863 707 3395 796">
    <p class='ocr_par' dir='ltr' id='par_1_9' title="bbox 1863 707 3395 779">
     <span class='ocr_line' id='line_1_9' title="bbox 1863 707 3395 779; baseline 0.003 -18"><span class='ocrx_word' id='word_1_62' title='bbox 1863 708 1944 764; x_wconf 82' lang='lat' dir='ltr'><strong>tis.</strong></span> <span class='ocrx_word' id='word_1_63' title='bbox 1984 726 2003 761; x_wconf 73' lang='grc' dir='ltr'><strong>ι</strong></span> <span class='ocrx_word' id='word_1_64' title='bbox 2053 708 2206 761; x_wconf 91' lang='lat' dir='ltr'><strong>Sicut</strong></span> <span class='ocrx_word' id='word_1_65' title='bbox 2244 708 2387 763; x_wconf 89' lang='lat' dir='ltr'><strong>enim</strong></span> <span class='ocrx_word' id='word_1_66' title='bbox 2414 707 2610 762; x_wconf 87' lang='lat' dir='ltr'><strong>nebula</strong></span> <span class='ocrx_word' id='word_1_67' title='bbox 2642 709 2823 779; x_wconf 87' lang='lat' dir='ltr'><strong>aliqua</strong></span> <span class='ocrx_word' id='word_1_68' title='bbox 2852 718 2944 764; x_wconf 91' lang='lat' dir='ltr'><strong>aut</strong></span> <span class='ocrx_word' id='word_1_69' title='bbox 2976 724 3067 765; x_wconf 86' lang='lat' dir='ltr'><strong>ros</strong></span> <span class='ocrx_word' id='word_1_70' title='bbox 3091 710 3395 765; x_wconf 87' lang='lat' dir='ltr'><strong>matutinus</strong></span> 
     </span>
    </p>
   </div>
   <div class='ocr_carea' id='block_1_10' title="bbox 164 797 1763 887">
    <p class='ocr_par' dir='ltr' id='par_1_10' title="bbox 164 806 1726 887">
     <span class='ocr_line' id='line_1_10' title="bbox 164 806 1726 887; baseline -0.008 -17"><span class='ocrx_word' id='word_1_71' title='bbox 164 818 245 887; x_wconf 84' lang='lat' dir='ltr'><strong>(p.</strong></span> <span class='ocrx_word' id='word_1_72' title='bbox 276 816 390 886; x_wconf 76' lang='lat'><strong>9’5.)</strong></span> <span class='ocrx_word' id='word_1_73' title='bbox 421 814 514 868; x_wconf 74' lang='grc' dir='ltr'>καὶ</span> <span class='ocrx_word' id='word_1_74' title='bbox 541 816 616 878; x_wconf 85' lang='grc' dir='ltr'>ὡς</span> <span class='ocrx_word' id='word_1_75' title='bbox 659 814 864 886; x_wconf 85' lang='grc' dir='ltr'>ἀράχνη</span> <span class='ocrx_word' id='word_1_76' title='bbox 912 812 1312 882; x_wconf 80' lang='grc' dir='ltr'>ἀποφυσωμένη</span> <span class='ocrx_word' id='word_1_77' title='bbox 1359 808 1575 862; x_wconf 82' lang='grc' dir='ltr'><strong>λαίλαπι</strong></span> <span class='ocrx_word' id='word_1_78' title='bbox 1618 806 1726 860; x_wconf 79' lang='grc' dir='ltr'>ἀπὸ</span> 
     </span>
    </p>
   </div>
   <div class='ocr_carea' id='block_1_11' title="bbox 1863 797 3396 887">
    <p class='ocr_par' dir='ltr' id='par_1_11' title="bbox 1866 797 3396 870">
     <span class='ocr_line' id='line_1_11' title="bbox 1866 797 3396 870; baseline 0.003 -19"><span class='ocrx_word' id='word_1_79' title='bbox 1866 798 2182 853; x_wconf 88' lang='lat' dir='ltr'><strong>issolutione</strong></span> <span class='ocrx_word' id='word_1_80' title='bbox 2224 812 2450 868; x_wconf 89' lang='lat' dir='ltr'><strong>prorsus</strong></span> <span class='ocrx_word' id='word_1_81' title='bbox 2488 797 2795 867; x_wconf 88' lang='lat' dir='ltr'><strong>disparcnt,</strong></span> <span class='ocrx_word' id='word_1_82' title='bbox 2830 811 2882 853; x_wconf 87' lang='lat' dir='ltr'><strong>et</strong></span> <span class='ocrx_word' id='word_1_83' title='bbox 2922 800 3106 854; x_wconf 78' lang='lat' dir='ltr'><strong>aranei</strong></span> <span class='ocrx_word' id='word_1_84' title='bbox 3145 800 3247 853; x_wconf 87' lang='lat' dir='ltr'><strong>tela</strong></span> <span class='ocrx_word' id='word_1_85' title='bbox 3274 817 3396 870; x_wconf 72' lang='lat' dir='ltr'><strong>qua:</strong></span> 
     </span>
    </p>
   </div>
   <div class='ocr_carea' id='block_1_12' title="bbox 165 891 1763 976">
    <p class='ocr_par' dir='ltr' id='par_1_12' title="bbox 165 898 1725 976">
     <span class='ocr_line' id='line_1_12' title="bbox 165 898 1725 976; baseline -0.007 -15"><span class='ocrx_word' id='word_1_86' title='bbox 165 910 387 970; x_wconf 71' lang='grc' dir='ltr'>ἅλωνος,</span> <span class='ocrx_word' id='word_1_87' title='bbox 427 907 522 960; x_wconf 76' lang='grc' dir='ltr'>καὶ</span> <span class='ocrx_word' id='word_1_88' title='bbox 570 906 645 969; x_wconf 87' lang='grc' dir='ltr'>ὼς</span> <span class='ocrx_word' id='word_1_89' title='bbox 683 906 845 976; x_wconf 69' lang='grc' dir='ltr'>ἀτμὶς</span> <span class='ocrx_word' id='word_1_90' title='bbox 878 904 989 957; x_wconf 80' lang='grc' dir='ltr'>ἀπὸ</span> <span class='ocrx_word' id='word_1_91' title='bbox 1033 902 1287 974; x_wconf 85' lang='grc' dir='ltr'>ἀκρίδων.</span> <span class='ocrx_word' id='word_1_92' title='bbox 1320 921 1340 954; x_wconf 74' lang='grc' dir='ltr'><strong>ι</strong></span> <span class='ocrx_word' id='word_1_93' title='bbox 1374 900 1583 968; x_wconf 82' lang='grc' dir='ltr'>Ὥσπερ</span> <span class='ocrx_word' id='word_1_94' title='bbox 1619 898 1725 969; x_wconf 76' lang='grc' dir='ltr'><strong>γάρ</strong></span> 
     </span>
    </p>
   </div>
   <div class='ocr_carea' id='block_1_13' title="bbox 1863 891 3392 976">
    <p class='ocr_par' dir='ltr' id='par_1_13' title="bbox 1863 891 3392 963">
     <span class='ocr_line' id='line_1_13' title="bbox 1863 891 3392 963; baseline 0.001 -18"><span class='ocrx_word' id='word_1_95' title='bbox 1863 900 1966 946; x_wconf 79' lang='lat' dir='ltr'><strong>)rte</strong></span> <span class='ocrx_word' id='word_1_96' title='bbox 2011 891 2066 946; x_wconf 88' lang='lat' dir='ltr'><strong>in</strong></span> <span class='ocrx_word' id='word_1_97' title='bbox 2120 904 2242 944; x_wconf 88' lang='lat' dir='ltr'><strong>area</strong></span> <span class='ocrx_word' id='word_1_98' title='bbox 2294 891 2385 955; x_wconf 91' lang='lat' dir='ltr'><strong>sit,</strong></span> <span class='ocrx_word' id='word_1_99' title='bbox 2454 891 2600 946; x_wconf 85' lang='lat' dir='ltr'><strong>venti</strong></span> <span class='ocrx_word' id='word_1_100' title='bbox 2660 892 2763 961; x_wconf 77' lang='lat'><strong>61</strong></span> <span class='ocrx_word' id='word_1_101' title='bbox 2832 892 3050 947; x_wconf 79' lang='lat' dir='ltr'><strong>turbine</strong></span> <span class='ocrx_word' id='word_1_102' title='bbox 3104 894 3392 963; x_wconf 88' lang='lat' dir='ltr'><strong>abripitur,</strong></span> 
     </span>
    </p>
   </div>
   <div class='ocr_carea' id='block_1_14' title="bbox 160 982 1763 1068">
    <p class='ocr_par' dir='ltr' id='par_1_14' title="bbox 160 990 1729 1068">
     <span class='ocr_line' id='line_1_14' title="bbox 160 990 1729 1068; baseline -0.006 -17"><span class='ocrx_word' id='word_1_103' title='bbox 160 998 364 1068; x_wconf 75' lang='grc' dir='ltr'>νεφέλη</span> <span class='ocrx_word' id='word_1_104' title='bbox 418 1015 500 1060; x_wconf 85' lang='grc' dir='ltr'><strong>τις</strong></span> <span class='ocrx_word' id='word_1_105' title='bbox 551 997 797 1067; x_wconf 76' lang='grc' dir='ltr'>ήδρόσος</span> <span class='ocrx_word' id='word_1_106' title='bbox 852 994 1045 1065; x_wconf 80' lang='grc' dir='ltr'><strong>ἑωθινὴ</strong></span> <span class='ocrx_word' id='word_1_107' title='bbox 1096 993 1399 1047; x_wconf 67' lang='grc' dir='ltr'><strong>διαλυθεῖσα</strong></span> <span class='ocrx_word' id='word_1_108' title='bbox 1453 990 1729 1052; x_wconf 83' lang='grc' dir='ltr'><strong>παντελῶς</strong></span> 
     </span>
    </p>
   </div>
   <div class='ocr_carea' id='block_1_15' title="bbox 1863 982 3396 1068">
    <p class='ocr_par' dir='ltr' id='par_1_15' title="bbox 1863 982 3396 1055">
     <span class='ocr_line' id='line_1_15' title="bbox 1863 982 3396 1055; baseline 0.003 -18"><span class='ocrx_word' id='word_1_109' title='bbox 1863 1000 2066 1055; x_wconf 79' lang='lat' dir='ltr'><strong>.emque</strong></span> <span class='ocrx_word' id='word_1_110' title='bbox 2095 983 2232 1040; x_wconf 90' lang='lat' dir='ltr'><strong>levis</strong></span> <span class='ocrx_word' id='word_1_111' title='bbox 2257 999 2427 1055; x_wconf 80' lang='lat' dir='ltr'><strong>vapor</strong></span> <span class='ocrx_word' id='word_1_112' title='bbox 2457 982 2607 1039; x_wconf 88' lang='lat' dir='ltr'><strong>brevi</strong></span> <span class='ocrx_word' id='word_1_113' title='bbox 2640 998 2909 1055; x_wconf 85' lang='lat' dir='ltr'><strong>apparens</strong></span> <span class='ocrx_word' id='word_1_114' title='bbox 2941 986 3037 1040; x_wconf 88' lang='lat' dir='ltr'><strong>abs</strong></span> <span class='ocrx_word' id='word_1_115' title='bbox 3062 988 3396 1043; x_wconf 88' lang='lat' dir='ltr'><strong>locustarum</strong></span> 
     </span>
    </p>
   </div>
   <div class='ocr_carea' id='block_1_16' title="bbox 162 1075 1763 1160">
    <p class='ocr_par' dir='ltr' id='par_1_16' title="bbox 162 1083 1729 1160">
     <span class='ocr_line' id='line_1_16' title="bbox 162 1083 1729 1160; baseline -0.006 -16"><span class='ocrx_word' id='word_1_116' title='bbox 162 1091 503 1160; x_wconf 75' lang='grc' dir='ltr'>ἀφανίζεται,</span> <span class='ocrx_word' id='word_1_117' title='bbox 532 1089 738 1160; x_wconf 79' lang='grc' dir='ltr'>ἀράχνη</span> <span class='ocrx_word' id='word_1_118' title='bbox 765 1105 823 1141; x_wconf 84' lang='grc' dir='ltr'><strong>τε</strong></span> <span class='ocrx_word' id='word_1_119' title='bbox 856 1088 914 1141; x_wconf 84' lang='grc' dir='ltr'>ὲν</span> <span class='ocrx_word' id='word_1_120' title='bbox 948 1086 1112 1141; x_wconf 79' lang='grc' dir='ltr'>ἂλωνι</span> <span class='ocrx_word' id='word_1_121' title='bbox 1143 1085 1459 1140; x_wconf 87' lang='grc' dir='ltr'>καθεστῶσα</span> <span class='ocrx_word' id='word_1_122' title='bbox 1490 1083 1594 1135; x_wconf 77' lang='grc' dir='ltr'><strong>ὑπὸ</strong></span> <span class='ocrx_word' id='word_1_123' title='bbox 1635 1100 1729 1135; x_wconf 84' lang='grc' dir='ltr'>συ-</span> 
     </span>
    </p>
   </div>
   <div class='ocr_carea' id='block_1_17' title="bbox 1863 1075 3400 1160">
    <p class='ocr_par' dir='ltr' id='par_1_17' title="bbox 1865 1075 3400 1146">
     <span class='ocr_line' id='line_1_17' title="bbox 1865 1075 3400 1146; baseline 0.002 -15"><span class='ocrx_word' id='word_1_124' title='bbox 1865 1077 2011 1131; x_wconf 91' lang='lat' dir='ltr'><strong>olatu</strong></span> <span class='ocrx_word' id='word_1_125' title='bbox 2059 1075 2184 1132; x_wconf 89' lang='lat' dir='ltr'><strong>:sic</strong></span> <span class='ocrx_word' id='word_1_126' title='bbox 2240 1090 2338 1131; x_wconf 86' lang='lat' dir='ltr'><strong>vos</strong></span> <span class='ocrx_word' id='word_1_127' title='bbox 2390 1085 2613 1146; x_wconf 89' lang='lat' dir='ltr'><strong>repente</strong></span> <span class='ocrx_word' id='word_1_128' title='bbox 2665 1091 2853 1131; x_wconf 88' lang='lat' dir='ltr'><strong>onmes</strong></span> <span class='ocrx_word' id='word_1_129' title='bbox 2902 1076 2969 1131; x_wconf 88' lang='lat' dir='ltr'><strong>ab</strong></span> <span class='ocrx_word' id='word_1_130' title='bbox 3011 1078 3090 1131; x_wconf 90' lang='lat' dir='ltr'><strong>ira</strong></span> <span class='ocrx_word' id='word_1_131' title='bbox 3137 1094 3257 1133; x_wconf 86' lang='lat' dir='ltr'><strong>mea</strong></span> <span class='ocrx_word' id='word_1_132' title='bbox 3306 1080 3400 1134; x_wconf 90' lang='lat' dir='ltr'><strong>de-</strong></span> 
     </span>
    </p>
   </div>
   <div class='ocr_carea' id='block_1_18' title="bbox 164 1167 2141 1251">
    <p class='ocr_par' dir='ltr' id='par_1_18' title="bbox 164 1167 2141 1251">
     <span class='ocr_line' id='line_1_18' title="bbox 164 1167 2141 1251; baseline -0.007 -16"><span class='ocrx_word' id='word_1_133' title='bbox 164 1182 409 1251; x_wconf 77' lang='grc' dir='ltr'>στροφῆς</span> <span class='ocrx_word' id='word_1_134' title='bbox 456 1181 676 1251; x_wconf 88' lang='grc' dir='ltr'>ἀνέμου,</span> <span class='ocrx_word' id='word_1_135' title='bbox 708 1180 801 1233; x_wconf 78' lang='grc' dir='ltr'>καὶ</span> <span class='ocrx_word' id='word_1_136' title='bbox 853 1180 958 1250; x_wconf 85' lang='grc' dir='ltr'>μὴν</span> <span class='ocrx_word' id='word_1_137' title='bbox 1003 1179 1096 1233; x_wconf 76' lang='grc' dir='ltr'>καὶ</span> <span class='ocrx_word' id='word_1_138' title='bbox 1132 1178 1295 1248; x_wconf 75' lang='grc' dir='ltr'>ἀτμὶς</span> <span class='ocrx_word' id='word_1_139' title='bbox 1341 1176 1564 1246; x_wconf 80' lang='grc' dir='ltr'>βραχεῖα</span> <span class='ocrx_word' id='word_1_140' title='bbox 1597 1175 1732 1246; x_wconf 82' lang='grc' dir='ltr'>πρὸς</span> <span class='ocrx_word' id='word_1_141' title='bbox 1831 1167 2141 1224; x_wconf 78' lang='lat' dir='ltr'><strong>struemini.</strong></span> 
     </span>
    </p>
   </div>
   <div class='ocr_carea' id='block_1_19' title="bbox 161 1266 1733 1342">
    <p class='ocr_par' dir='ltr' id='par_1_19' title="bbox 161 1266 1733 1342">
     <span class='ocr_line' id='line_1_19' title="bbox 161 1266 1733 1342; baseline -0.005 -15"><span class='ocrx_word' id='word_1_142' title='bbox 161 1274 347 1342; x_wconf 79' lang='grc' dir='ltr'>ὀλίγον</span> <span class='ocrx_word' id='word_1_143' title='bbox 385 1274 613 1342; x_wconf 76' lang='grc' dir='ltr'><strong>φανεῖσα</strong></span> <span class='ocrx_word' id='word_1_144' title='bbox 650 1272 757 1324; x_wconf 78' lang='grc' dir='ltr'>ἀπὸ</span> <span class='ocrx_word' id='word_1_145' title='bbox 786 1272 1033 1341; x_wconf 79' lang='grc' dir='ltr'><strong>πτήσεως</strong></span> <span class='ocrx_word' id='word_1_146' title='bbox 1066 1269 1319 1340; x_wconf 86' lang='grc' dir='ltr'>ἀκρίδων,</span> <span class='ocrx_word' id='word_1_147' title='bbox 1348 1266 1517 1330; x_wconf 79' lang='grc' dir='ltr'>οὕτως</span> <span class='ocrx_word' id='word_1_148' title='bbox 1541 1266 1733 1337; x_wconf 80' lang='grc' dir='ltr'>ἀθρόον</span> 
     </span>
    </p>
   </div>
   <div class='ocr_carea' id='block_1_20' title="bbox 164 1359 1591 1434">
    <p class='ocr_par' dir='ltr' id='par_1_20' title="bbox 164 1359 1591 1434">
     <span class='ocr_line' id='line_1_20' title="bbox 164 1359 1591 1434; baseline -0.006 -15"><span class='ocrx_word' id='word_1_149' title='bbox 164 1364 598 1434; x_wconf 57' lang='grc' dir='ltr'>ἀνρανισθήσεσθε</span> <span class='ocrx_word' id='word_1_150' title='bbox 627 1363 824 1425; x_wconf 86' lang='grc' dir='ltr'>πάντες</span> <span class='ocrx_word' id='word_1_151' title='bbox 856 1362 963 1415; x_wconf 79' lang='grc' dir='ltr'><strong>ὑπὸ</strong></span> <span class='ocrx_word' id='word_1_152' title='bbox 990 1362 1086 1431; x_wconf 80' lang='grc' dir='ltr'>τῆς</span> <span class='ocrx_word' id='word_1_153' title='bbox 1116 1361 1285 1431; x_wconf 81' lang='grc' dir='ltr'>ὀργῆς</span> <span class='ocrx_word' id='word_1_154' title='bbox 1309 1359 1406 1429; x_wconf 81' lang='grc' dir='ltr'>τῆς</span> <span class='ocrx_word' id='word_1_155' title='bbox 1434 1359 1591 1429; x_wconf 75' lang='grc' dir='ltr'>ἐμῆς.</span> 
     </span>
    </p>
   </div>
   <div class='ocr_carea' id='block_1_21' title="bbox 240 1448 1763 1526">
    <p class='ocr_par' dir='ltr' id='par_1_21' title="bbox 240 1450 1735 1526">
     <span class='ocr_line' id='line_1_21' title="bbox 240 1450 1735 1526; baseline -0.006 -17"><span class='ocrx_word' id='word_1_156' title='bbox 240 1458 387 1526; x_wconf 86' lang='grc' dir='ltr'>Στίχ.</span> <span class='ocrx_word' id='word_1_157' title='bbox 423 1455 575 1521; x_wconf 82' lang='grc' dir='ltr'>δ’-ς¹.</span> <span class='ocrx_word' id='word_1_158' title='bbox 604 1485 677 1498; x_wconf 69' lang='grc' dir='ltr'><strong>-ι</strong></span> <span class='ocrx_word' id='word_1_159' title='bbox 706 1474 723 1507; x_wconf 75' lang='grc' dir='ltr'><strong>ι</strong></span> <span class='ocrx_word' id='word_1_160' title='bbox 766 1454 907 1521; x_wconf 81' lang='grc' dir='ltr'><strong>Ἐγὼ</strong></span> <span class='ocrx_word' id='word_1_161' title='bbox 931 1454 987 1507; x_wconf 78' lang='grc' dir='ltr'>δὲ</span> <span class='ocrx_word' id='word_1_162' title='bbox 1022 1452 1223 1522; x_wconf 80' lang='grc' dir='ltr'>Κύριος</span> <span class='ocrx_word' id='word_1_163' title='bbox 1248 1453 1276 1504; x_wconf 80' lang='grc' dir='ltr'>ὁ</span> <span class='ocrx_word' id='word_1_164' title='bbox 1312 1450 1443 1514; x_wconf 87' lang='grc' dir='ltr'>Θεός</span> <span class='ocrx_word' id='word_1_165' title='bbox 1474 1467 1589 1512; x_wconf 91' lang='grc' dir='ltr'>σου,</span> <span class='ocrx_word' id='word_1_166' title='bbox 1617 1464 1735 1501; x_wconf 58' lang='lat' dir='ltr'><strong>acac</strong></span> 
     </span>
    </p>
   </div>
   <div class='ocr_carea' id='block_1_22' title="bbox 1863 1448 3402 1526">
    <p class='ocr_par' dir='ltr' id='par_1_22' title="bbox 1905 1448 3402 1521">
     <span class='ocr_line' id='line_1_22' title="bbox 1905 1448 3402 1521; baseline 0.003 -19"><span class='ocrx_word' id='word_1_167' title='bbox 1905 1448 2073 1504; x_wconf 72' lang='lat' dir='ltr'><strong>Vnus.</strong></span> <span class='ocrx_word' id='word_1_168' title='bbox 2102 1448 2221 1503; x_wconf 69' lang='grc' dir='ltr'>ισο.</span> <span class='ocrx_word' id='word_1_169' title='bbox 2254 1476 2325 1490; x_wconf 84' lang='grc'><strong><em>--</em></strong></span> <span class='ocrx_word' id='word_1_170' title='bbox 2356 1468 2376 1501; x_wconf 73' lang='grc' dir='ltr'><strong>ε</strong></span> <span class='ocrx_word' id='word_1_171' title='bbox 2418 1450 2530 1521; x_wconf 76' lang='lat' dir='ltr'><strong>Ego</strong></span> <span class='ocrx_word' id='word_1_172' title='bbox 2566 1457 2747 1505; x_wconf 85' lang='lat' dir='ltr'><strong>autem</strong></span> <span class='ocrx_word' id='word_1_173' title='bbox 2793 1451 3053 1508; x_wconf 86' lang='lat' dir='ltr'><strong>Dominus</strong></span> <span class='ocrx_word' id='word_1_174' title='bbox 3084 1452 3224 1507; x_wconf 87' lang='lat' dir='ltr'><strong>Deus</strong></span> <span class='ocrx_word' id='word_1_175' title='bbox 3252 1460 3402 1516; x_wconf 84' lang='lat' dir='ltr'><strong>tuus,</strong></span> 
     </span>
    </p>
   </div>
   <div class='ocr_carea' id='block_1_23' title="bbox 167 1539 1763 1621">
    <p class='ocr_par' dir='ltr' id='par_1_23' title="bbox 167 1539 1737 1621">
     <span class='ocr_line' id='line_1_23' title="bbox 167 1539 1737 1621; baseline -0.006 -20"><span class='ocrx_word' id='word_1_176' title='bbox 167 1549 313 1621; x_wconf 87' lang='grc' dir='ltr'>ρεῶν</span> <span class='ocrx_word' id='word_1_177' title='bbox 344 1548 570 1617; x_wconf 76' lang='grc' dir='ltr'>οὐρανὸν</span> <span class='ocrx_word' id='word_1_178' title='bbox 604 1548 697 1600; x_wconf 73' lang='grc' dir='ltr'>καὶ</span> <span class='ocrx_word' id='word_1_179' title='bbox 726 1546 925 1610; x_wconf 79' lang='grc' dir='ltr'>κτίζων</span> <span class='ocrx_word' id='word_1_180' title='bbox 954 1546 1055 1615; x_wconf 82' lang='grc' dir='ltr'>γῆν</span> <span class='ocrx_word' id='word_1_181' title='bbox 1074 1559 1088 1573; x_wconf 90' lang='grc'><strong>·</strong></span> <span class='ocrx_word' id='word_1_182' title='bbox 1118 1539 1180 1597; x_wconf 77' lang='grc' dir='ltr'><strong>οῦ</strong></span> <span class='ocrx_word' id='word_1_183' title='bbox 1215 1546 1269 1596; x_wconf 91' lang='grc' dir='ltr'>αἱ</span> <span class='ocrx_word' id='word_1_184' title='bbox 1303 1545 1481 1612; x_wconf 85' lang='grc' dir='ltr'>χεῖρες</span> <span class='ocrx_word' id='word_1_185' title='bbox 1518 1540 1737 1593; x_wconf 73' lang='grc' dir='ltr'>ἔκτισαν</span> 
     </span>
    </p>
   </div>
   <div class='ocr_carea' id='block_1_24' title="bbox 1863 1539 3405 1621">
    <p class='ocr_par' dir='ltr' id='par_1_24' title="bbox 1863 1539 3405 1613">
     <span class='ocr_line' id='line_1_24' title="bbox 1863 1539 3405 1613; baseline 0.005 -21"><span class='ocrx_word' id='word_1_186' title='bbox 1863 1540 1928 1607; x_wconf 77' lang='lat' dir='ltr'><strong>mi</strong></span> <span class='ocrx_word' id='word_1_187' title='bbox 1962 1539 2175 1593; x_wconf 83' lang='lat' dir='ltr'><strong>ﬁrmavi</strong></span> <span class='ocrx_word' id='word_1_188' title='bbox 2198 1541 2417 1603; x_wconf 69' lang='lat' dir='ltr'><strong>caelum,</strong></span> <span class='ocrx_word' id='word_1_189' title='bbox 2441 1549 2496 1596; x_wconf 92' lang='lat' dir='ltr'><strong>et</strong></span> <span class='ocrx_word' id='word_1_190' title='bbox 2530 1551 2729 1595; x_wconf 87' lang='lat' dir='ltr'><strong>terram</strong></span> <span class='ocrx_word' id='word_1_191' title='bbox 2755 1542 2995 1605; x_wconf 84' lang='lat' dir='ltr'><strong>condidi,</strong></span> <span class='ocrx_word' id='word_1_192' title='bbox 3024 1545 3184 1613; x_wconf 83' lang='lat' dir='ltr'><strong>cujus</strong></span> <span class='ocrx_word' id='word_1_193' title='bbox 3210 1561 3405 1600; x_wconf 85' lang='lat' dir='ltr'><strong>manus</strong></span> 
     </span>
    </p>
   </div>
   <div class='ocr_carea' id='block_1_25' title="bbox 165 1630 1763 1709">
    <p class='ocr_par' dir='ltr' id='par_1_25' title="bbox 165 1630 1741 1709">
     <span class='ocr_line' id='line_1_25' title="bbox 165 1630 1741 1709; baseline -0.007 -16"><span class='ocrx_word' id='word_1_194' title='bbox 165 1641 352 1701; x_wconf 84' lang='grc' dir='ltr'>πάσας</span> <span class='ocrx_word' id='word_1_195' title='bbox 388 1639 486 1701; x_wconf 82' lang='grc' dir='ltr'><strong>τάς</strong></span> <span class='ocrx_word' id='word_1_196' title='bbox 516 1637 772 1709; x_wconf 77' lang='grc' dir='ltr'>στρατιὰς</span> <span class='ocrx_word' id='word_1_197' title='bbox 818 1636 913 1689; x_wconf 89' lang='grc' dir='ltr'><strong>τοῦ</strong></span> <span class='ocrx_word' id='word_1_198' title='bbox 936 1635 1161 1706; x_wconf 81' lang='grc' dir='ltr'>οὐρανοῦ</span> <span class='ocrx_word' id='word_1_199' title='bbox 1188 1652 1202 1665; x_wconf 72' lang='grc' dir='ltr'><strong>ο</strong></span> <span class='ocrx_word' id='word_1_200' title='bbox 1240 1635 1333 1688; x_wconf 72' lang='grc' dir='ltr'>καὶ</span> <span class='ocrx_word' id='word_1_201' title='bbox 1362 1634 1423 1686; x_wconf 85' lang='grc' dir='ltr'>οὐ</span> <span class='ocrx_word' id='word_1_202' title='bbox 1450 1630 1741 1702; x_wconf 81' lang='grc' dir='ltr'>παρέδειξά</span> 
     </span>
    </p>
   </div>
   <div class='ocr_carea' id='block_1_26' title="bbox 1863 1630 3407 1709">
    <p class='ocr_par' dir='ltr' id='par_1_26' title="bbox 1863 1632 3407 1707">
     <span class='ocr_line' id='line_1_26' title="bbox 1863 1632 3407 1707; baseline 0.006 -23"><span class='ocrx_word' id='word_1_203' title='bbox 1863 1640 2163 1686; x_wconf 84' lang='lat' dir='ltr'><strong>:reaverunt</strong></span> <span class='ocrx_word' id='word_1_204' title='bbox 2221 1647 2439 1686; x_wconf 85' lang='lat' dir='ltr'><strong>onmem</strong></span> <span class='ocrx_word' id='word_1_205' title='bbox 2501 1632 2747 1687; x_wconf 90' lang='lat' dir='ltr'><strong>militiam</strong></span> <span class='ocrx_word' id='word_1_206' title='bbox 2796 1637 2953 1701; x_wconf 70' lang='lat' dir='ltr'><strong>creli;</strong></span> <span class='ocrx_word' id='word_1_207' title='bbox 3006 1637 3207 1707; x_wconf 79' lang='lat' dir='ltr'><strong>quique</strong></span> <span class='ocrx_word' id='word_1_208' title='bbox 3265 1639 3407 1694; x_wconf 84' lang='lat' dir='ltr'><strong>hanc</strong></span> 
     </span>
    </p>
   </div>
   <div class='ocr_carea' id='block_1_27' title="bbox 169 1722 1763 1801">
    <p class='ocr_par' dir='ltr' id='par_1_27' title="bbox 169 1722 1741 1801">
     <span class='ocr_line' id='line_1_27' title="bbox 169 1722 1741 1801; baseline -0.008 -15"><span class='ocrx_word' id='word_1_209' title='bbox 169 1750 258 1786; x_wconf 87' lang='grc' dir='ltr'><strong>σοι</strong></span> <span class='ocrx_word' id='word_1_210' title='bbox 287 1732 379 1785; x_wconf 88' lang='grc' dir='ltr'><strong>τοῦ</strong></span> <span class='ocrx_word' id='word_1_211' title='bbox 410 1729 730 1801; x_wconf 80' lang='grc' dir='ltr'>πορεύεσθαί</span> <span class='ocrx_word' id='word_1_212' title='bbox 757 1746 814 1780; x_wconf 91' lang='grc' dir='ltr'><strong>σε</strong></span> <span class='ocrx_word' id='word_1_213' title='bbox 844 1728 1017 1780; x_wconf 85' lang='grc' dir='ltr'>ὀπίσω</span> <span class='ocrx_word' id='word_1_214' title='bbox 1045 1725 1222 1779; x_wconf 83' lang='grc' dir='ltr'>αὐτῶν</span> <span class='ocrx_word' id='word_1_215' title='bbox 1248 1742 1261 1755; x_wconf 91' lang='grc'><strong>·</strong></span> <span class='ocrx_word' id='word_1_216' title='bbox 1291 1725 1385 1777; x_wconf 77' lang='grc' dir='ltr'>καὶ</span> <span class='ocrx_word' id='word_1_217' title='bbox 1416 1722 1524 1792; x_wconf 75' lang='grc' dir='ltr'><strong>ἐγὼ</strong></span> <span class='ocrx_word' id='word_1_218' title='bbox 1544 1724 1741 1793; x_wconf 78' lang='grc' dir='ltr'>ἀνήγαο</span> 
     </span>
    </p>
   </div>
   <div class='ocr_carea' id='block_1_28' title="bbox 1863 1722 3408 1801">
    <p class='ocr_par' dir='ltr' id='par_1_28' title="bbox 1863 1724 3408 1799">
     <span class='ocr_line' id='line_1_28' title="bbox 1863 1724 3408 1799; baseline 0.005 -23"><span class='ocrx_word' id='word_1_219' title='bbox 1863 1724 1985 1777; x_wconf 68' lang='lat' dir='ltr'><strong>laud</strong></span> <span class='ocrx_word' id='word_1_220' title='bbox 2019 1725 2113 1779; x_wconf 92' lang='lat' dir='ltr'><strong>tibi</strong></span> <span class='ocrx_word' id='word_1_221' title='bbox 2148 1725 2360 1779; x_wconf 76' lang='lat' dir='ltr'><strong>ostendi</strong></span> <span class='ocrx_word' id='word_1_222' title='bbox 2398 1732 2459 1778; x_wconf 86' lang='lat' dir='ltr'><strong>ut</strong></span> <span class='ocrx_word' id='word_1_223' title='bbox 2508 1726 2817 1781; x_wconf 76' lang='lat' dir='ltr'><strong>ambulares</strong></span> <span class='ocrx_word' id='word_1_224' title='bbox 2856 1736 2979 1796; x_wconf 89' lang='lat' dir='ltr'><strong>post</strong></span> <span class='ocrx_word' id='word_1_225' title='bbox 3009 1744 3161 1794; x_wconf 90' lang='lat' dir='ltr'><strong>eam;</strong></span> <span class='ocrx_word' id='word_1_226' title='bbox 3205 1745 3303 1799; x_wconf 79' lang='lat' dir='ltr'><strong>ego</strong></span> <span class='ocrx_word' id='word_1_227' title='bbox 3333 1732 3408 1783; x_wconf 88' lang='lat' dir='ltr'><strong>in-</strong></span> 
     </span>
    </p>
   </div>
   <div class='ocr_carea' id='block_1_29' title="bbox 168 1811 1763 1891">
    <p class='ocr_par' dir='ltr' id='par_1_29' title="bbox 168 1811 1741 1891">
     <span class='ocr_line' id='line_1_29' title="bbox 168 1811 1741 1891; baseline -0.008 -16"><span class='ocrx_word' id='word_1_228' title='bbox 168 1824 266 1891; x_wconf 85' lang='grc' dir='ltr'><strong>γόν</strong></span> <span class='ocrx_word' id='word_1_229' title='bbox 312 1839 371 1874; x_wconf 87' lang='grc' dir='ltr'><strong>σε</strong></span> <span class='ocrx_word' id='word_1_230' title='bbox 422 1824 486 1873; x_wconf 82' lang='grc' dir='ltr'>ἐκ</span> <span class='ocrx_word' id='word_1_231' title='bbox 531 1822 628 1890; x_wconf 78' lang='grc' dir='ltr'>τῆς</span> <span class='ocrx_word' id='word_1_232' title='bbox 660 1818 962 1887; x_wconf 76' lang='grc' dir='ltr'>Αίγύπτου’</span> <span class='ocrx_word' id='word_1_233' title='bbox 994 1816 1089 1868; x_wconf 70' lang='grc' dir='ltr'>καὶ</span> <span class='ocrx_word' id='word_1_234' title='bbox 1136 1815 1267 1868; x_wconf 83' lang='grc' dir='ltr'><strong>Θεὸν</strong></span> <span class='ocrx_word' id='word_1_235' title='bbox 1304 1814 1441 1884; x_wconf 85' lang='grc' dir='ltr'>πλὴν</span> <span class='ocrx_word' id='word_1_236' title='bbox 1497 1811 1629 1882; x_wconf 77' lang='grc' dir='ltr'>ἐμοῦ</span> <span class='ocrx_word' id='word_1_237' title='bbox 1676 1812 1741 1864; x_wconf 81' lang='grc' dir='ltr'>οὐ</span> 
     </span>
    </p>
   </div>
   <div class='ocr_carea' id='block_1_30' title="bbox 1863 1811 3406 1891">
    <p class='ocr_par' dir='ltr' id='par_1_30' title="bbox 1863 1812 3406 1883">
     <span class='ocr_line' id='line_1_30' title="bbox 1863 1812 3406 1883; baseline 0.004 -16"><span class='ocrx_word' id='word_1_238' title='bbox 1863 1828 2005 1883; x_wconf 76' lang='lat' dir='ltr'><strong>luam</strong></span> <span class='ocrx_word' id='word_1_239' title='bbox 2063 1813 2224 1868; x_wconf 79' lang='lat' dir='ltr'><strong>eduxi</strong></span> <span class='ocrx_word' id='word_1_240' title='bbox 2285 1823 2337 1867; x_wconf 91' lang='lat' dir='ltr'><strong>te</strong></span> <span class='ocrx_word' id='word_1_241' title='bbox 2398 1812 2661 1883; x_wconf 68' lang='lat' dir='ltr'><strong>Egypto;</strong></span> <span class='ocrx_word' id='word_1_242' title='bbox 2703 1826 2758 1868; x_wconf 88' lang='lat' dir='ltr'><strong>ttt</strong></span> <span class='ocrx_word' id='word_1_243' title='bbox 2807 1830 2937 1870; x_wconf 78' lang='lat' dir='ltr'><strong>vero</strong></span> <span class='ocrx_word' id='word_1_244' title='bbox 2981 1818 3189 1871; x_wconf 90' lang='lat' dir='ltr'><strong>nullum</strong></span> <span class='ocrx_word' id='word_1_245' title='bbox 3241 1821 3406 1874; x_wconf 85' lang='lat' dir='ltr'><strong>Deum</strong></span> 
     </span>
    </p>
   </div>
   <div class='ocr_carea' id='block_1_31' title="bbox 169 1903 1763 1983">
    <p class='ocr_par' dir='ltr' id='par_1_31' title="bbox 169 1904 1742 1983">
     <span class='ocr_line' id='line_1_31' title="bbox 169 1904 1742 1983; baseline -0.004 -20"><span class='ocrx_word' id='word_1_246' title='bbox 169 1910 389 1983; x_wconf 70' lang='grc' dir='ltr'>γνώσῃ·</span> <span class='ocrx_word' id='word_1_247' title='bbox 434 1912 529 1964; x_wconf 69' lang='grc' dir='ltr'>καὶ</span> <span class='ocrx_word' id='word_1_248' title='bbox 563 1911 747 1974; x_wconf 74' lang='grc' dir='ltr'>σώζων</span> <span class='ocrx_word' id='word_1_249' title='bbox 776 1910 874 1963; x_wconf 72' lang='grc' dir='ltr'>οὐκ</span> <span class='ocrx_word' id='word_1_250' title='bbox 904 1910 1017 1962; x_wconf 73' lang='grc' dir='ltr'>ἔστι</span> <span class='ocrx_word' id='word_1_251' title='bbox 1048 1908 1223 1979; x_wconf 79' lang='grc' dir='ltr'>πάρεξ</span> <span class='ocrx_word' id='word_1_252' title='bbox 1256 1904 1408 1977; x_wconf 72' lang='grc' dir='ltr'>ἐμοῦ.</span> <span class='ocrx_word' id='word_1_253' title='bbox 1447 1926 1466 1958; x_wconf 73' lang='grc' dir='ltr'><strong>ι</strong></span> <span class='ocrx_word' id='word_1_254' title='bbox 1494 1906 1742 1959; x_wconf 76' lang='grc' dir='ltr'>Μάλιστα</span> 
     </span>
    </p>
   </div>
   <div class='ocr_carea' id='block_1_32' title="bbox 1863 1903 3411 1983">
    <p class='ocr_par' dir='ltr' id='par_1_32' title="bbox 1863 1903 3411 1981">
     <span class='ocr_line' id='line_1_32' title="bbox 1863 1903 3411 1981; baseline 0.002 -21"><span class='ocrx_word' id='word_1_255' title='bbox 1863 1914 2037 1960; x_wconf 67' lang='lat' dir='ltr'><strong>traeter</strong></span> <span class='ocrx_word' id='word_1_256' title='bbox 2068 1919 2154 1958; x_wconf 82' lang='lat' dir='ltr'><strong>me</strong></span> <span class='ocrx_word' id='word_1_257' title='bbox 2191 1903 2451 1971; x_wconf 83' lang='lat' dir='ltr'><strong>habebis;</strong></span> <span class='ocrx_word' id='word_1_258' title='bbox 2498 1920 2672 1975; x_wconf 88' lang='lat' dir='ltr'><strong>neque</strong></span> <span class='ocrx_word' id='word_1_259' title='bbox 2726 1908 2817 1976; x_wconf 88' lang='lat' dir='ltr'><strong>qui</strong></span> <span class='ocrx_word' id='word_1_260' title='bbox 2868 1915 2920 1963; x_wconf 90' lang='lat' dir='ltr'><strong>te</strong></span> <span class='ocrx_word' id='word_1_261' title='bbox 2948 1910 3140 1973; x_wconf 84' lang='lat' dir='ltr'><strong>salvet,</strong></span> <span class='ocrx_word' id='word_1_262' title='bbox 3180 1922 3411 1981; x_wconf 85' lang='lat' dir='ltr'><strong>excepto</strong></span> 
     </span>
    </p>
   </div>
   <div class='ocr_carea' id='block_1_33' title="bbox 169 1995 1763 2075">
    <p class='ocr_par' dir='ltr' id='par_1_33' title="bbox 169 1996 1744 2075">
     <span class='ocr_line' id='line_1_33' title="bbox 169 1996 1744 2075; baseline -0.006 -18"><span class='ocrx_word' id='word_1_263' title='bbox 169 2004 229 2057; x_wconf 82' lang='grc' dir='ltr'><strong>δέ</strong></span> <span class='ocrx_word' id='word_1_264' title='bbox 283 2021 365 2056; x_wconf 85' lang='grc' dir='ltr'><strong>σοι</strong></span> <span class='ocrx_word' id='word_1_265' title='bbox 401 2002 501 2073; x_wconf 78' lang='grc' dir='ltr'><strong>τήν</strong></span> <span class='ocrx_word' id='word_1_266' title='bbox 551 2004 817 2075; x_wconf 83' lang='grc' dir='ltr'><strong>τιμωρίαν</strong></span> <span class='ocrx_word' id='word_1_267' title='bbox 860 2001 1063 2054; x_wconf 83' lang='grc' dir='ltr'>ὲποίσω</span> <span class='ocrx_word' id='word_1_268' title='bbox 1096 2000 1204 2069; x_wconf 77' lang='grc' dir='ltr'><strong>(Ιὸ)</strong></span> <span class='ocrx_word' id='word_1_269' title='bbox 1231 2000 1329 2069; x_wconf 84' lang='grc' dir='ltr'>τὴν</span> <span class='ocrx_word' id='word_1_270' title='bbox 1380 1996 1744 2068; x_wconf 77' lang='grc' dir='ltr'>προκειμένην</span> 
     </span>
    </p>
   </div>
   <div class='ocr_carea' id='block_1_34' title="bbox 1863 1995 3411 2075">
    <p class='ocr_par' dir='ltr' id='par_1_34' title="bbox 1863 1995 3411 2071">
     <span class='ocr_line' id='line_1_34' title="bbox 1863 1995 3411 2071; baseline 0.006 -21"><span class='ocrx_word' id='word_1_271' title='bbox 1863 2012 1950 2051; x_wconf 87' lang='lat' dir='ltr'><strong>ne.</strong></span> <span class='ocrx_word' id='word_1_272' title='bbox 1986 2014 2005 2047; x_wconf 69' lang='grc' dir='ltr'><strong>ι</strong></span> <span class='ocrx_word' id='word_1_273' title='bbox 2039 1995 2421 2064; x_wconf 87' lang='lat' dir='ltr'><strong>Supradictam</strong></span> <span class='ocrx_word' id='word_1_274' title='bbox 2449 1997 2664 2067; x_wconf 84' lang='lat' dir='ltr'><strong>quidem</strong></span> <span class='ocrx_word' id='word_1_275' title='bbox 2694 2000 3034 2069; x_wconf 83' lang='lat' dir='ltr'><strong>potissimum</strong></span> <span class='ocrx_word' id='word_1_276' title='bbox 3067 2017 3281 2071; x_wconf 73' lang='lat' dir='ltr'><strong>pcnnam</strong></span> <span class='ocrx_word' id='word_1_277' title='bbox 3315 2005 3411 2059; x_wconf 84' lang='lat' dir='ltr'><strong>tibi</strong></span> 
     </span>
    </p>
   </div>
   <div class='ocr_carea' id='block_1_35' title="bbox 172 2083 1742 2163">
    <p class='ocr_par' dir='ltr' id='par_1_35' title="bbox 172 2083 1742 2163">
     <span class='ocr_line' id='line_1_35' title="bbox 172 2083 1742 2163; baseline -0.006 -17"><span class='ocrx_word' id='word_1_278' title='bbox 172 2095 417 2157; x_wconf 83' lang='grc' dir='ltr'>δικαίως.</span> <span class='ocrx_word' id='word_1_279' title='bbox 453 2093 534 2146; x_wconf 80' lang='grc' dir='ltr'>ὅτι</span> <span class='ocrx_word' id='word_1_280' title='bbox 571 2094 705 2163; x_wconf 77' lang='grc' dir='ltr'>πρὸς</span> <span class='ocrx_word' id='word_1_281' title='bbox 729 2093 797 2146; x_wconf 88' lang='grc' dir='ltr'><strong>τά</strong></span> <span class='ocrx_word' id='word_1_282' title='bbox 829 2092 1023 2145; x_wconf 86' lang='grc' dir='ltr'>είδωλα</span> <span class='ocrx_word' id='word_1_283' title='bbox 1044 2090 1299 2151; x_wconf 78' lang='grc' dir='ltr'>νένευκας</span> <span class='ocrx_word' id='word_1_284' title='bbox 1320 2086 1560 2148; x_wconf 75' lang='grc' dir='ltr'>ἀποστὰς</span> <span class='ocrx_word' id='word_1_285' title='bbox 1585 2083 1742 2155; x_wconf 80' lang='grc' dir='ltr'>ἐμοῦ,</span> 
     </span>
    </p>
   </div>
   <div class='ocr_carea' id='block_1_36' title="bbox 173 2176 1747 2256">
    <p class='ocr_par' dir='ltr' id='par_1_36' title="bbox 173 2176 1747 2256">
     <span class='ocr_line' id='line_1_36' title="bbox 173 2176 1747 2256; baseline -0.006 -18"><span class='ocrx_word' id='word_1_286' title='bbox 173 2186 233 2248; x_wconf 77' lang='grc' dir='ltr'>ὃς</span> <span class='ocrx_word' id='word_1_287' title='bbox 267 2186 501 2256; x_wconf 77' lang='grc' dir='ltr'>ποιητὴς</span> <span class='ocrx_word' id='word_1_288' title='bbox 547 2184 652 2237; x_wconf 88' lang='grc' dir='ltr'><strong>τῶν</strong></span> <span class='ocrx_word' id='word_1_289' title='bbox 684 2184 935 2237; x_wconf 84' lang='grc' dir='ltr'>ἁπάντων</span> <span class='ocrx_word' id='word_1_290' title='bbox 974 2182 1068 2245; x_wconf 83' lang='grc' dir='ltr'>ὢν,</span> <span class='ocrx_word' id='word_1_291' title='bbox 1096 2180 1205 2234; x_wconf 89' lang='grc' dir='ltr'><strong>τῶν</strong></span> <span class='ocrx_word' id='word_1_292' title='bbox 1252 2197 1309 2234; x_wconf 86' lang='grc' dir='ltr'><strong>τε</strong></span> <span class='ocrx_word' id='word_1_293' title='bbox 1352 2178 1471 2232; x_wconf 87' lang='grc' dir='ltr'>κατ’</span> <span class='ocrx_word' id='word_1_294' title='bbox 1520 2176 1747 2247; x_wconf 84' lang='grc' dir='ltr'>οὐρανὸν</span> 
     </span>
    </p>
   </div>
   <div class='ocr_carea' id='block_1_37' title="bbox 176 2268 1749 2346">
    <p class='ocr_par' dir='ltr' id='par_1_37' title="bbox 176 2268 1749 2346">
     <span class='ocr_line' id='line_1_37' title="bbox 176 2268 1749 2346; baseline -0.008 -15"><span class='ocrx_word' id='word_1_295' title='bbox 176 2278 271 2331; x_wconf 71' lang='grc' dir='ltr'>καὶ</span> <span class='ocrx_word' id='word_1_296' title='bbox 312 2277 421 2329; x_wconf 86' lang='grc' dir='ltr'><strong>τῶν</strong></span> <span class='ocrx_word' id='word_1_297' title='bbox 453 2276 591 2330; x_wconf 88' lang='grc' dir='ltr'><strong>κατά</strong></span> <span class='ocrx_word' id='word_1_298' title='bbox 633 2277 756 2346; x_wconf 75' lang='grc' dir='ltr'>γῆν,</span> <span class='ocrx_word' id='word_1_299' title='bbox 791 2274 1025 2345; x_wconf 78' lang='grc' dir='ltr'>ὁπηνίκα</span> <span class='ocrx_word' id='word_1_300' title='bbox 1054 2290 1112 2325; x_wconf 90' lang='grc' dir='ltr'><strong>σε</strong></span> <span class='ocrx_word' id='word_1_301' title='bbox 1154 2272 1418 2341; x_wconf 76' lang='grc' dir='ltr'><strong>ἐξήγαγον</strong></span> <span class='ocrx_word' id='word_1_302' title='bbox 1456 2270 1553 2339; x_wconf 77' lang='grc' dir='ltr'>τῆς</span> <span class='ocrx_word' id='word_1_303' title='bbox 1584 2268 1749 2335; x_wconf 83' lang='grc' dir='ltr'>Αίγύ-</span> 
     </span>
    </p>
   </div>
   <div class='ocr_carea' id='block_1_38' title="bbox 177 2358 1749 2437">
    <p class='ocr_par' dir='ltr' id='par_1_38' title="bbox 177 2358 1749 2437">
     <span class='ocr_line' id='line_1_38' title="bbox 177 2358 1749 2437; baseline -0.006 -16"><span class='ocrx_word' id='word_1_304' title='bbox 177 2384 341 2431; x_wconf 84' lang='grc' dir='ltr'>πτου,</span> <span class='ocrx_word' id='word_1_305' title='bbox 366 2366 445 2436; x_wconf 85' lang='grc' dir='ltr'>τῷ</span> <span class='ocrx_word' id='word_1_306' title='bbox 477 2365 668 2437; x_wconf 88' lang='grc' dir='ltr'>πλήθει</span> <span class='ocrx_word' id='word_1_307' title='bbox 692 2368 785 2420; x_wconf 80' lang='grc' dir='ltr'>καὶ</span> <span class='ocrx_word' id='word_1_308' title='bbox 802 2366 880 2436; x_wconf 80' lang='grc' dir='ltr'><strong>τῷ</strong></span> <span class='ocrx_word' id='word_1_309' title='bbox 911 2360 1129 2436; x_wconf 79' lang='grc' dir='ltr'><strong>μεγέθει</strong></span> <span class='ocrx_word' id='word_1_310' title='bbox 1159 2364 1265 2417; x_wconf 87' lang='grc' dir='ltr'><strong>τῶν</strong></span> <span class='ocrx_word' id='word_1_311' title='bbox 1293 2362 1582 2431; x_wconf 80' lang='grc' dir='ltr'>θαυμάτων</span> <span class='ocrx_word' id='word_1_312' title='bbox 1606 2358 1749 2413; x_wconf 80' lang='grc' dir='ltr'>ὲκεί-</span> 
     </span>
    </p>
   </div>
   <div class='ocr_carea' id='block_1_39' title="bbox 177 2450 1750 2528">
    <p class='ocr_par' dir='ltr' id='par_1_39' title="bbox 177 2450 1750 2528">
     <span class='ocr_line' id='line_1_39' title="bbox 177 2450 1750 2528; baseline -0.007 -14"><span class='ocrx_word' id='word_1_313' title='bbox 177 2476 308 2519; x_wconf 81' lang='grc' dir='ltr'>νων,</span> <span class='ocrx_word' id='word_1_314' title='bbox 349 2458 449 2527; x_wconf 74' lang='grc' dir='ltr'>τῆς</span> <span class='ocrx_word' id='word_1_315' title='bbox 486 2475 543 2510; x_wconf 90' lang='grc' dir='ltr'><strong>τε</strong></span> <span class='ocrx_word' id='word_1_316' title='bbox 579 2456 911 2528; x_wconf 72' lang='grc' dir='ltr'>κατεχούσης</span> <span class='ocrx_word' id='word_1_317' title='bbox 958 2456 1313 2510; x_wconf 82' lang='grc' dir='ltr'>ἀπαλλάττων</span> <span class='ocrx_word' id='word_1_318' title='bbox 1343 2453 1604 2515; x_wconf 87' lang='grc' dir='ltr'>δουλείας,</span> <span class='ocrx_word' id='word_1_319' title='bbox 1656 2450 1750 2504; x_wconf 74' lang='grc' dir='ltr'>καὶ</span> 
     </span>
    </p>
   </div>
   <div class='ocr_carea' id='block_1_40' title="bbox 177 2540 1751 2620">
    <p class='ocr_par' dir='ltr' id='par_1_40' title="bbox 177 2540 1751 2620">
     <span class='ocr_line' id='line_1_40' title="bbox 177 2540 1751 2620; baseline -0.004 -20"><span class='ocrx_word' id='word_1_320' title='bbox 177 2550 279 2620; x_wconf 82' lang='grc' dir='ltr'>τὴν</span> <span class='ocrx_word' id='word_1_321' title='bbox 306 2550 447 2619; x_wconf 78' lang='grc' dir='ltr'>ἐμὴν</span> <span class='ocrx_word' id='word_1_322' title='bbox 489 2549 682 2602; x_wconf 73' lang='grc' dir='ltr'>εἰδέναι</span> <span class='ocrx_word' id='word_1_323' title='bbox 727 2548 990 2601; x_wconf 78' lang='grc' dir='ltr'>διδάσκων</span> <span class='ocrx_word' id='word_1_324' title='bbox 1040 2546 1287 2616; x_wconf 82' lang='grc' dir='ltr'>δύναμιν,</span> <span class='ocrx_word' id='word_1_325' title='bbox 1336 2540 1751 2614; x_wconf 84' lang='grc' dir='ltr'>παρενεγγύησα</span> 
     </span>
    </p>
   </div>
   <div class='ocr_carea' id='block_1_41' title="bbox 183 2630 1755 2711">
    <p class='ocr_par' dir='ltr' id='par_1_41' title="bbox 183 2630 1755 2711">
     <span class='ocr_line' id='line_1_41' title="bbox 183 2630 1755 2711; baseline -0.006 -18"><span class='ocrx_word' id='word_1_326' title='bbox 183 2640 374 2708; x_wconf 76' lang='grc' dir='ltr'>σαφῶς</span> <span class='ocrx_word' id='word_1_327' title='bbox 416 2642 585 2711; x_wconf 78' lang='grc' dir='ltr'>ἑτέρῳ</span> <span class='ocrx_word' id='word_1_328' title='bbox 614 2641 713 2711; x_wconf 79' lang='grc' dir='ltr'>μὲν</span> <span class='ocrx_word' id='word_1_329' title='bbox 751 2640 935 2710; x_wconf 79' lang='grc' dir='ltr'>μηδενὶ</span> <span class='ocrx_word' id='word_1_330' title='bbox 985 2640 1060 2709; x_wconf 79' lang='grc' dir='ltr'>μὴ</span> <span class='ocrx_word' id='word_1_331' title='bbox 1088 2636 1197 2691; x_wconf 88' lang='grc' dir='ltr'><strong>τῶν</strong></span> <span class='ocrx_word' id='word_1_332' title='bbox 1233 2636 1373 2689; x_wconf 82' lang='grc' dir='ltr'><strong>κατά</strong></span> <span class='ocrx_word' id='word_1_333' title='bbox 1409 2634 1532 2703; x_wconf 81' lang='grc' dir='ltr'>γῆν,</span> <span class='ocrx_word' id='word_1_334' title='bbox 1557 2630 1631 2702; x_wconf 81' lang='grc' dir='ltr'><strong>μὴ</strong></span> <span class='ocrx_word' id='word_1_335' title='bbox 1644 2630 1755 2685; x_wconf 85' lang='grc' dir='ltr'><strong>τῶν</strong></span> 
     </span>
    </p>
   </div>
   <div class='ocr_carea' id='block_1_42' title="bbox 181 2725 1753 2801">
    <p class='ocr_par' dir='ltr' id='par_1_42' title="bbox 181 2725 1753 2801">
     <span class='ocr_line' id='line_1_42' title="bbox 181 2725 1753 2801; baseline -0.006 -18"><span class='ocrx_word' id='word_1_336' title='bbox 181 2732 305 2784; x_wconf 79' lang='grc' dir='ltr'>κατ’</span> <span class='ocrx_word' id='word_1_337' title='bbox 337 2731 561 2801; x_wconf 76' lang='grc' dir='ltr'>οὐρανὸν</span> <span class='ocrx_word' id='word_1_338' title='bbox 608 2732 903 2801; x_wconf 73' lang='grc' dir='ltr'>φωστήρων</span> <span class='ocrx_word' id='word_1_339' title='bbox 938 2730 1121 2799; x_wconf 81' lang='grc' dir='ltr'>νέμειν</span> <span class='ocrx_word' id='word_1_340' title='bbox 1165 2729 1262 2798; x_wconf 82' lang='grc' dir='ltr'>τὴν</span> <span class='ocrx_word' id='word_1_341' title='bbox 1303 2725 1438 2778; x_wconf 88' lang='grc' dir='ltr'>Θεοῦ</span> <span class='ocrx_word' id='word_1_342' title='bbox 1481 2738 1753 2793; x_wconf 82' lang='grc' dir='ltr'>προσηγο-</span> 
     </span>
    </p>
   </div>
   <div class='ocr_carea' id='block_1_43' title="bbox 183 2810 1755 2892">
    <p class='ocr_par' dir='ltr' id='par_1_43' title="bbox 183 2810 1755 2892">
     <span class='ocr_line' id='line_1_43' title="bbox 183 2810 1755 2892; baseline -0.005 -21"><span class='ocrx_word' id='word_1_343' title='bbox 183 2820 332 2892; x_wconf 86' lang='grc' dir='ltr'>ρίαν,</span> <span class='ocrx_word' id='word_1_344' title='bbox 370 2820 471 2889; x_wconf 78' lang='grc' dir='ltr'><strong>ἐμὲ</strong></span> <span class='ocrx_word' id='word_1_345' title='bbox 506 2820 561 2872; x_wconf 85' lang='grc' dir='ltr'>δὲ</span> <span class='ocrx_word' id='word_1_346' title='bbox 591 2820 746 2889; x_wconf 84' lang='grc' dir='ltr'>μόνον</span> <span class='ocrx_word' id='word_1_347' title='bbox 780 2818 1059 2888; x_wconf 78' lang='grc' dir='ltr'>ὁμολογεῖν</span> <span class='ocrx_word' id='word_1_348' title='bbox 1088 2835 1148 2870; x_wconf 85' lang='grc' dir='ltr'><strong>τε</strong></span> <span class='ocrx_word' id='word_1_349' title='bbox 1177 2817 1272 2869; x_wconf 69' lang='grc' dir='ltr'>καὶ</span> <span class='ocrx_word' id='word_1_350' title='bbox 1298 2815 1497 2867; x_wconf 76' lang='grc' dir='ltr'>εἰδέναι</span> <span class='ocrx_word' id='word_1_351' title='bbox 1520 2812 1669 2874; x_wconf 81' lang='grc' dir='ltr'>Θεὸν,</span> <span class='ocrx_word' id='word_1_352' title='bbox 1695 2810 1755 2873; x_wconf 84' lang='grc' dir='ltr'>ὃς</span> 
     </span>
    </p>
   </div>
   <div class='ocr_carea' id='block_1_44' title="bbox 184 2904 1755 2977">
    <p class='ocr_par' dir='ltr' id='par_1_44' title="bbox 184 2904 1755 2977">
     <span class='ocr_line' id='line_1_44' title="bbox 184 2904 1755 2977; baseline -0.004 -14"><span class='ocrx_word' id='word_1_353' title='bbox 184 2912 279 2963; x_wconf 76' lang='grc' dir='ltr'>καὶ</span> <span class='ocrx_word' id='word_1_354' title='bbox 315 2909 525 2974; x_wconf 81' lang='grc' dir='ltr'>σώζειν,</span> <span class='ocrx_word' id='word_1_355' title='bbox 549 2912 642 2963; x_wconf 81' lang='grc' dir='ltr'>καὶ</span> <span class='ocrx_word' id='word_1_356' title='bbox 663 2909 1021 2963; x_wconf 75' lang='grc' dir='ltr'>ἀπαλλάττειν</span> <span class='ocrx_word' id='word_1_357' title='bbox 1049 2910 1154 2961; x_wconf 89' lang='grc' dir='ltr'><strong>τῶν</strong></span> <span class='ocrx_word' id='word_1_358' title='bbox 1184 2908 1543 2977; x_wconf 77' lang='grc' dir='ltr'>ἐπικειμένων</span> <span class='ocrx_word' id='word_1_359' title='bbox 1572 2904 1755 2958; x_wconf 84' lang='grc' dir='ltr'>κακῶν</span> 
     </span>
    </p>
   </div>
   <div class='ocr_carea' id='block_1_45' title="bbox 181 2997 1750 3070">
    <p class='ocr_par' dir='ltr' id='par_1_45' title="bbox 181 2997 1750 3070">
     <span class='ocr_line' id='line_1_45' title="bbox 181 2997 1750 3070; baseline -0.002 -18"><span class='ocrx_word' id='word_1_360' title='bbox 181 3000 421 3068; x_wconf 80' lang='grc' dir='ltr'>δύναμαι</span> <span class='ocrx_word' id='word_1_361' title='bbox 464 2999 639 3069; x_wconf 84' lang='grc' dir='ltr'>μόνος,</span> <span class='ocrx_word' id='word_1_362' title='bbox 674 2997 768 3052; x_wconf 81' lang='grc' dir='ltr'>ἆτε</span> <span class='ocrx_word' id='word_1_363' title='bbox 802 3000 907 3053; x_wconf 88' lang='grc' dir='ltr'><strong>τῶν</strong></span> <span class='ocrx_word' id='word_1_364' title='bbox 937 3001 1187 3054; x_wconf 81' lang='grc' dir='ltr'>ἁπάντων</span> <span class='ocrx_word' id='word_1_365' title='bbox 1234 2998 1429 3070; x_wconf 82' lang='grc' dir='ltr'>Κύριος</span> <span class='ocrx_word' id='word_1_366' title='bbox 1461 2999 1750 3067; x_wconf 82' lang='grc' dir='ltr'>ὑπάρχων·</span> 
     </span>
    </p>
   </div>
   <div class='ocr_carea' id='block_1_46' title="bbox 1845 2084 3413 2157">
    <p class='ocr_par' dir='ltr' id='par_1_46' title="bbox 1845 2084 3413 2157">
     <span class='ocr_line' id='line_1_46' title="bbox 1845 2084 3413 2157; baseline 0.005 -17"><span class='ocrx_word' id='word_1_367' title='bbox 1845 2086 2040 2141; x_wconf 89' lang='lat' dir='ltr'><strong>merito</strong></span> <span class='ocrx_word' id='word_1_368' title='bbox 2088 2084 2343 2149; x_wconf 77' lang='lat' dir='ltr'><strong>inferam,</strong></span> <span class='ocrx_word' id='word_1_369' title='bbox 2383 2090 2511 2157; x_wconf 87' lang='lat' dir='ltr'><strong>quia</strong></span> <span class='ocrx_word' id='word_1_370' title='bbox 2542 2088 2829 2144; x_wconf 85' lang='lat' dir='ltr'><strong>declinain</strong></span> <span class='ocrx_word' id='word_1_371' title='bbox 2878 2090 2944 2144; x_wconf 85' lang='lat' dir='ltr'><strong>ad</strong></span> <span class='ocrx_word' id='word_1_372' title='bbox 2977 2090 3144 2156; x_wconf 89' lang='lat' dir='ltr'><strong>idola,</strong></span> <span class='ocrx_word' id='word_1_373' title='bbox 3193 2092 3413 2149; x_wconf 88' lang='lat' dir='ltr'><strong>deserto</strong></span> 
     </span>
    </p>
   </div>
   <div class='ocr_carea' id='block_1_47' title="bbox 1848 2178 3411 2253">
    <p class='ocr_par' dir='ltr' id='par_1_47' title="bbox 1848 2178 3411 2253">
     <span class='ocr_line' id='line_1_47' title="bbox 1848 2178 3411 2253; baseline 0.005 -22"><span class='ocrx_word' id='word_1_374' title='bbox 1848 2194 1967 2245; x_wconf 87' lang='lat' dir='ltr'><strong>me;</strong></span> <span class='ocrx_word' id='word_1_375' title='bbox 1998 2178 2090 2248; x_wconf 92' lang='lat' dir='ltr'><strong>qui</strong></span> <span class='ocrx_word' id='word_1_376' title='bbox 2114 2193 2237 2232; x_wconf 90' lang='lat' dir='ltr'><strong>cum</strong></span> <span class='ocrx_word' id='word_1_377' title='bbox 2266 2180 2371 2233; x_wconf 89' lang='lat' dir='ltr'><strong>sim</strong></span> <span class='ocrx_word' id='word_1_378' title='bbox 2396 2187 2611 2235; x_wconf 76' lang='lat' dir='ltr'><strong>creator</strong></span> <span class='ocrx_word' id='word_1_379' title='bbox 2629 2180 2873 2235; x_wconf 91' lang='lat' dir='ltr'><strong>omnium</strong></span> <span class='ocrx_word' id='word_1_380' title='bbox 2902 2182 3138 2253; x_wconf 71' lang='lat' dir='ltr'><strong>caelique</strong></span> <span class='ocrx_word' id='word_1_381' title='bbox 3156 2192 3209 2239; x_wconf 88' lang='lat' dir='ltr'><strong>et</strong></span> <span class='ocrx_word' id='word_1_382' title='bbox 3232 2193 3411 2247; x_wconf 83' lang='lat' dir='ltr'><strong>teme.</strong></span> 
     </span>
    </p>
   </div>
   <div class='ocr_carea' id='block_1_48' title="bbox 1847 2267 3416 2339">
    <p class='ocr_par' dir='ltr' id='par_1_48' title="bbox 1847 2267 3416 2339">
     <span class='ocr_line' id='line_1_48' title="bbox 1847 2267 3416 2339; baseline 0.004 -18"><span class='ocrx_word' id='word_1_383' title='bbox 1847 2284 1956 2338; x_wconf 92' lang='lat' dir='ltr'><strong>quo</strong></span> <span class='ocrx_word' id='word_1_384' title='bbox 1989 2276 2234 2338; x_wconf 88' lang='lat' dir='ltr'><strong>tempore</strong></span> <span class='ocrx_word' id='word_1_385' title='bbox 2263 2278 2314 2323; x_wconf 90' lang='lat' dir='ltr'><strong>te</strong></span> <span class='ocrx_word' id='word_1_386' title='bbox 2350 2267 2584 2339; x_wconf 60' lang='grc' dir='ltr'><strong>Αἴθῃ)ιο</strong></span> <span class='ocrx_word' id='word_1_387' title='bbox 2621 2270 2805 2335; x_wconf 84' lang='lat' dir='ltr'><strong>eduxi,</strong></span> <span class='ocrx_word' id='word_1_388' title='bbox 2846 2278 2995 2326; x_wconf 81' lang='lat' dir='ltr'><strong>tanta</strong></span> <span class='ocrx_word' id='word_1_389' title='bbox 3025 2286 3147 2326; x_wconf 92' lang='lat' dir='ltr'><strong>cum</strong></span> <span class='ocrx_word' id='word_1_390' title='bbox 3186 2274 3416 2327; x_wconf 81' lang='lat' dir='ltr'><strong>miracu-</strong></span> 
     </span>
    </p>
   </div>
   <div class='ocr_carea' id='block_1_49' title="bbox 1851 2360 3416 2432">
    <p class='ocr_par' dir='ltr' id='par_1_49' title="bbox 1851 2360 3416 2432">
     <span class='ocr_line' id='line_1_49' title="bbox 1851 2360 3416 2432; baseline 0.004 -19"><span class='ocrx_word' id='word_1_391' title='bbox 1851 2361 2024 2414; x_wconf 90' lang='lat' dir='ltr'><strong>lorum</strong></span> <span class='ocrx_word' id='word_1_392' title='bbox 2067 2360 2286 2414; x_wconf 88' lang='lat' dir='ltr'><strong>illorum</strong></span> <span class='ocrx_word' id='word_1_393' title='bbox 2326 2360 2673 2416; x_wconf 84' lang='lat' dir='ltr'><strong>multitudine</strong></span> <span class='ocrx_word' id='word_1_394' title='bbox 2713 2377 2778 2416; x_wconf 88' lang='lat' dir='ltr'><strong>ac</strong></span> <span class='ocrx_word' id='word_1_395' title='bbox 2820 2364 3211 2432; x_wconf 80' lang='lat' dir='ltr'><strong>magnitudine,</strong></span> <span class='ocrx_word' id='word_1_396' title='bbox 3246 2367 3416 2420; x_wconf 88' lang='lat' dir='ltr'><strong>servi-</strong></span> 
     </span>
    </p>
   </div>
   <div class='ocr_carea' id='block_1_50' title="bbox 1850 2453 3415 2523">
    <p class='ocr_par' dir='ltr' id='par_1_50' title="bbox 1850 2453 3415 2523">
     <span class='ocr_line' id='line_1_50' title="bbox 1850 2453 3415 2523; baseline 0.003 -17"><span class='ocrx_word' id='word_1_397' title='bbox 1850 2453 1983 2507; x_wconf 88' lang='lat' dir='ltr'><strong>tutis</strong></span> <span class='ocrx_word' id='word_1_398' title='bbox 2009 2468 2264 2522; x_wconf 84' lang='lat' dir='ltr'><strong>pressura</strong></span> <span class='ocrx_word' id='word_1_399' title='bbox 2300 2454 2612 2519; x_wconf 83' lang='lat' dir='ltr'><strong>sublevans,</strong></span> <span class='ocrx_word' id='word_1_400' title='bbox 2644 2462 2697 2510; x_wconf 90' lang='lat' dir='ltr'><strong>et</strong></span> <span class='ocrx_word' id='word_1_401' title='bbox 2727 2456 2981 2523; x_wconf 73' lang='lat' dir='ltr'><strong>potentiae</strong></span> <span class='ocrx_word' id='word_1_402' title='bbox 3013 2472 3145 2511; x_wconf 71' lang='lat' dir='ltr'><strong>mea:</strong></span> <span class='ocrx_word' id='word_1_403' title='bbox 3169 2459 3415 2513; x_wconf 87' lang='lat' dir='ltr'><strong>notitiam</strong></span> 
     </span>
    </p>
   </div>
   <div class='ocr_carea' id='block_1_51' title="bbox 1852 2544 3419 2616">
    <p class='ocr_par' dir='ltr' id='par_1_51' title="bbox 1852 2544 3419 2616">
     <span class='ocr_line' id='line_1_51' title="bbox 1852 2544 3419 2616; baseline 0.004 -18"><span class='ocrx_word' id='word_1_404' title='bbox 1852 2554 1904 2598; x_wconf 93' lang='lat' dir='ltr'><strong>te</strong></span> <span class='ocrx_word' id='word_1_405' title='bbox 1937 2544 2163 2608; x_wconf 85' lang='lat' dir='ltr'><strong>docens,</strong></span> <span class='ocrx_word' id='word_1_406' title='bbox 2215 2554 2367 2607; x_wconf 89' lang='lat' dir='ltr'><strong>tunc,</strong></span> <span class='ocrx_word' id='word_1_407' title='bbox 2401 2546 2642 2614; x_wconf 89' lang='lat' dir='ltr'><strong>inquam,</strong></span> <span class='ocrx_word' id='word_1_408' title='bbox 2694 2548 2872 2616; x_wconf 89' lang='lat' dir='ltr'><strong>palam</strong></span> <span class='ocrx_word' id='word_1_409' title='bbox 2912 2549 3163 2603; x_wconf 82' lang='lat' dir='ltr'><strong>mandavi</strong></span> <span class='ocrx_word' id='word_1_410' title='bbox 3196 2550 3315 2614; x_wconf 85' lang='lat' dir='ltr'><strong>tibi,</strong></span> <span class='ocrx_word' id='word_1_411' title='bbox 3360 2558 3419 2604; x_wconf 90' lang='lat' dir='ltr'><strong>ut</strong></span> 
     </span>
    </p>
   </div>
   <div class='ocr_carea' id='block_1_52' title="bbox 1853 2634 3421 2711">
    <p class='ocr_par' dir='ltr' id='par_1_52' title="bbox 1853 2634 3421 2711">
     <span class='ocr_line' id='line_1_52' title="bbox 1853 2634 3421 2711; baseline 0.003 -22"><span class='ocrx_word' id='word_1_412' title='bbox 1853 2634 1989 2689; x_wconf 83' lang='lat' dir='ltr'><strong>nulli</strong></span> <span class='ocrx_word' id='word_1_413' title='bbox 2019 2635 2096 2690; x_wconf 87' lang='lat' dir='ltr'><strong>rei</strong></span> <span class='ocrx_word' id='word_1_414' title='bbox 2139 2637 2385 2690; x_wconf 87' lang='lat' dir='ltr'><strong>terrestri</strong></span> <span class='ocrx_word' id='word_1_415' title='bbox 2428 2637 2671 2708; x_wconf 83' lang='lat' dir='ltr'><strong>nullique</strong></span> <span class='ocrx_word' id='word_1_416' title='bbox 2716 2637 2923 2693; x_wconf 65' lang='lat' dir='ltr'><strong>caelesti</strong></span> <span class='ocrx_word' id='word_1_417' title='bbox 2957 2638 3211 2694; x_wconf 88' lang='lat' dir='ltr'><strong>luminari</strong></span> <span class='ocrx_word' id='word_1_418' title='bbox 3244 2642 3421 2711; x_wconf 83' lang='lat' dir='ltr'><strong>appel-</strong></span> 
     </span>
    </p>
   </div>
   <div class='ocr_carea' id='block_1_53' title="bbox 1855 2725 3422 2798">
    <p class='ocr_par' dir='ltr' id='par_1_53' title="bbox 1855 2725 3422 2798">
     <span class='ocr_line' id='line_1_53' title="bbox 1855 2725 3422 2798; baseline 0.006 -20"><span class='ocrx_word' id='word_1_419' title='bbox 1855 2726 2110 2779; x_wconf 87' lang='lat' dir='ltr'><strong>lationem</strong></span> <span class='ocrx_word' id='word_1_420' title='bbox 2155 2725 2248 2780; x_wconf 85' lang='lat' dir='ltr'><strong>Dei</strong></span> <span class='ocrx_word' id='word_1_421' title='bbox 2295 2727 2584 2791; x_wconf 86' lang='lat' dir='ltr'><strong>tribueres,</strong></span> <span class='ocrx_word' id='word_1_422' title='bbox 2639 2741 2832 2798; x_wconf 86' lang='lat' dir='ltr'><strong>meque</strong></span> <span class='ocrx_word' id='word_1_423' title='bbox 2878 2730 3053 2785; x_wconf 85' lang='lat' dir='ltr'><strong>solum</strong></span> <span class='ocrx_word' id='word_1_424' title='bbox 3083 2729 3422 2787; x_wconf 75' lang='lat' dir='ltr'><strong>confitereris</strong></span> 
     </span>
    </p>
   </div>
   <div class='ocr_carea' id='block_1_54' title="bbox 1856 2815 3422 2891">
    <p class='ocr_par' dir='ltr' id='par_1_54' title="bbox 1856 2815 3422 2891">
     <span class='ocr_line' id='line_1_54' title="bbox 1856 2815 3422 2891; baseline 0.003 -22"><span class='ocrx_word' id='word_1_425' title='bbox 1856 2832 1920 2869; x_wconf 87' lang='lat' dir='ltr'><strong>ac</strong></span> <span class='ocrx_word' id='word_1_426' title='bbox 1950 2816 2119 2871; x_wconf 83' lang='lat' dir='ltr'><strong>scires</strong></span> <span class='ocrx_word' id='word_1_427' title='bbox 2161 2831 2286 2870; x_wconf 88' lang='lat' dir='ltr'><strong>esse</strong></span> <span class='ocrx_word' id='word_1_428' title='bbox 2316 2815 2507 2879; x_wconf 92' lang='lat' dir='ltr'><strong>Deum,</strong></span> <span class='ocrx_word' id='word_1_429' title='bbox 2555 2817 2645 2886; x_wconf 86' lang='lat' dir='ltr'><strong>qui</strong></span> <span class='ocrx_word' id='word_1_430' title='bbox 2687 2826 2742 2871; x_wconf 87' lang='lat' dir='ltr'><strong>et</strong></span> <span class='ocrx_word' id='word_1_431' title='bbox 2787 2819 2997 2873; x_wconf 85' lang='lat' dir='ltr'><strong>salvare</strong></span> <span class='ocrx_word' id='word_1_432' title='bbox 3035 2828 3089 2873; x_wconf 89' lang='lat' dir='ltr'><strong>et</strong></span> <span class='ocrx_word' id='word_1_433' title='bbox 3117 2821 3327 2891; x_wconf 88' lang='lat' dir='ltr'><strong>eripere</strong></span> <span class='ocrx_word' id='word_1_434' title='bbox 3355 2836 3422 2875; x_wconf 77' lang='lat' dir='ltr'><strong>ex</strong></span> 
     </span>
    </p>
   </div>
   <div class='ocr_carea' id='block_1_55' title="bbox 1858 2907 3422 2976">
    <p class='ocr_par' dir='ltr' id='par_1_55' title="bbox 1858 2907 3422 2976">
     <span class='ocr_line' id='line_1_55' title="bbox 1858 2907 3422 2976; baseline 0.003 -16"><span class='ocrx_word' id='word_1_435' title='bbox 1858 2907 2193 2961; x_wconf 85' lang='lat' dir='ltr'><strong>instantibus</strong></span> <span class='ocrx_word' id='word_1_436' title='bbox 2238 2907 2417 2969; x_wconf 88' lang='lat' dir='ltr'><strong>malis,</strong></span> <span class='ocrx_word' id='word_1_437' title='bbox 2465 2915 2648 2976; x_wconf 88' lang='lat' dir='ltr'><strong>utpote</strong></span> <span class='ocrx_word' id='word_1_438' title='bbox 2676 2909 2916 2961; x_wconf 78' lang='lat' dir='ltr'><strong>ornnium</strong></span> <span class='ocrx_word' id='word_1_439' title='bbox 2950 2908 3231 2973; x_wconf 86' lang='lat' dir='ltr'><strong>Dominus,</strong></span> <span class='ocrx_word' id='word_1_440' title='bbox 3272 2911 3422 2965; x_wconf 90' lang='lat' dir='ltr'><strong>solus</strong></span> 
     </span>
    </p>
   </div>
   <div class='ocr_carea' id='block_1_56' title="bbox 1858 2996 3425 3072">
    <p class='ocr_par' dir='ltr' id='par_1_56' title="bbox 1858 2996 3425 3072">
     <span class='ocr_line' id='line_1_56' title="bbox 1858 2996 3425 3072; baseline 0.004 -21"><span class='ocrx_word' id='word_1_441' title='bbox 1858 3012 2019 3066; x_wconf 87' lang='lat' dir='ltr'><strong>queo.</strong></span> <span class='ocrx_word' id='word_1_442' title='bbox 2052 2996 2414 3062; x_wconf 78' lang='lat' dir='ltr'><strong>Quamobrem</strong></span> <span class='ocrx_word' id='word_1_443' title='bbox 2456 3014 2586 3053; x_wconf 80' lang='lat' dir='ltr'><strong>cave</strong></span> <span class='ocrx_word' id='word_1_444' title='bbox 2632 3014 2699 3053; x_wconf 91' lang='lat' dir='ltr'><strong>ne</strong></span> <span class='ocrx_word' id='word_1_445' title='bbox 2745 3000 2908 3053; x_wconf 83' lang='lat' dir='ltr'><strong>veluti</strong></span> <span class='ocrx_word' id='word_1_446' title='bbox 2955 3014 3234 3056; x_wconf 88' lang='lat' dir='ltr'><strong>sermones</strong></span> <span class='ocrx_word' id='word_1_447' title='bbox 3265 3017 3425 3072; x_wconf 60' lang='lat' dir='ltr'><strong>quoeo</strong></span> 
     </span>
    </p>
   </div>
   <div class='ocr_carea' id='block_1_57' title="bbox 185 3087 1763 3171">
    <p class='ocr_par' dir='ltr' id='par_1_57' title="bbox 185 3087 1756 3163">
     <span class='ocr_line' id='line_1_57' title="bbox 185 3087 1756 3163; baseline 0.001 -18"><span class='ocrx_word' id='word_1_448' title='bbox 185 3096 262 3163; x_wconf 91' lang='lat' dir='ltr'><strong>(p.</strong></span> <span class='ocrx_word' id='word_1_449' title='bbox 282 3093 399 3162; x_wconf 64' lang='grc'>94.)</span> <span class='ocrx_word' id='word_1_450' title='bbox 424 3093 499 3155; x_wconf 82' lang='grc' dir='ltr'><strong>ὡς</strong></span> <span class='ocrx_word' id='word_1_451' title='bbox 514 3092 578 3145; x_wconf 86' lang='grc' dir='ltr'>ἆν</span> <span class='ocrx_word' id='word_1_452' title='bbox 596 3092 669 3162; x_wconf 81' lang='grc' dir='ltr'>μὴ</span> <span class='ocrx_word' id='word_1_453' title='bbox 685 3092 873 3159; x_wconf 81' lang='grc' dir='ltr'>λόγους</span> <span class='ocrx_word' id='word_1_454' title='bbox 890 3087 1133 3144; x_wconf 73' lang='grc' dir='ltr'>εἶναικαὶ</span> <span class='ocrx_word' id='word_1_455' title='bbox 1154 3093 1373 3163; x_wconf 75' lang='grc' dir='ltr'>ῥήματα</span> <span class='ocrx_word' id='word_1_456' title='bbox 1394 3090 1617 3161; x_wconf 74' lang='grc' dir='ltr'>νομίζῃς</span> <span class='ocrx_word' id='word_1_457' title='bbox 1633 3095 1756 3157; x_wconf 82' lang='grc' dir='ltr'>τοὺς</span> 
     </span>
    </p>
   </div>
   <div class='ocr_carea' id='block_1_58' title="bbox 1863 3087 3426 3171">
    <p class='ocr_par' dir='ltr' id='par_1_58' title="bbox 1863 3088 3426 3164">
     <span class='ocr_line' id='line_1_58' title="bbox 1863 3088 3426 3164; baseline 0.003 -21"><span class='ocrx_word' id='word_1_458' title='bbox 1863 3089 1984 3143; x_wconf 91' lang='lat' dir='ltr'><strong>dam</strong></span> <span class='ocrx_word' id='word_1_459' title='bbox 2019 3103 2082 3142; x_wconf 85' lang='lat' dir='ltr'><strong>ac</strong></span> <span class='ocrx_word' id='word_1_460' title='bbox 2120 3089 2279 3143; x_wconf 88' lang='lat' dir='ltr'><strong>verba</strong></span> <span class='ocrx_word' id='word_1_461' title='bbox 2320 3088 2600 3144; x_wconf 77' lang='lat' dir='ltr'><strong>existimes</strong></span> <span class='ocrx_word' id='word_1_462' title='bbox 2645 3105 2765 3145; x_wconf 88' lang='lat' dir='ltr'><strong>esse</strong></span> <span class='ocrx_word' id='word_1_463' title='bbox 2815 3091 2959 3160; x_wconf 79' lang='lat' dir='ltr'><strong>leges</strong></span> <span class='ocrx_word' id='word_1_464' title='bbox 3006 3106 3176 3155; x_wconf 86' lang='lat' dir='ltr'><strong>meas,</strong></span> <span class='ocrx_word' id='word_1_465' title='bbox 3214 3095 3309 3149; x_wconf 86' lang='lat' dir='ltr'><strong>sed</strong></span> <span class='ocrx_word' id='word_1_466' title='bbox 3337 3108 3426 3164; x_wconf 84' lang='lat' dir='ltr'><strong>po-</strong></span> 
     </span>
    </p>
   </div>
   <div class='ocr_carea' id='block_1_59' title="bbox 183 3183 1763 3255">
    <p class='ocr_par' dir='ltr' id='par_1_59' title="bbox 183 3183 1763 3255">
     <span class='ocr_line' id='line_1_59' title="bbox 183 3183 1763 3255; baseline 0 -18"><span class='ocrx_word' id='word_1_467' title='bbox 183 3185 386 3253; x_wconf 75' lang='grc' dir='ltr'>νόμους</span> <span class='ocrx_word' id='word_1_468' title='bbox 412 3185 537 3247; x_wconf 73' lang='grc' dir='ltr'>τοὺς</span> <span class='ocrx_word' id='word_1_469' title='bbox 563 3185 745 3254; x_wconf 64' lang='grc' dir='ltr'>ἐμοὺς,</span> <span class='ocrx_word' id='word_1_470' title='bbox 776 3186 838 3236; x_wconf 76' lang='grc' dir='ltr'>ἐκ</span> <span class='ocrx_word' id='word_1_471' title='bbox 866 3184 921 3236; x_wconf 77' lang='grc' dir='ltr'>δὲ</span> <span class='ocrx_word' id='word_1_472' title='bbox 945 3184 1045 3253; x_wconf 77' lang='grc' dir='ltr'>τῆς</span> <span class='ocrx_word' id='word_1_473' title='bbox 1072 3183 1324 3255; x_wconf 77' lang='grc' dir='ltr'><strong>ἀληθείας</strong></span> <span class='ocrx_word' id='word_1_474' title='bbox 1347 3185 1439 3236; x_wconf 76' lang='grc' dir='ltr'>καὶ</span> <span class='ocrx_word' id='word_1_475' title='bbox 1464 3184 1568 3236; x_wconf 86' lang='grc' dir='ltr'><strong>τῶν</strong></span> <span class='ocrx_word' id='word_1_476' title='bbox 1584 3202 1763 3255; x_wconf 85' lang='grc' dir='ltr'>πραγ-</span> 
     </span>
    </p>
   </div>
   <div class='ocr_carea' id='block_1_60' title="bbox 186 3274 1765 3346">
    <p class='ocr_par' dir='ltr' id='par_1_60' title="bbox 186 3274 1765 3346">
     <span class='ocr_line' id='line_1_60' title="bbox 186 3274 1765 3346; baseline 0.001 -19"><span class='ocrx_word' id='word_1_477' title='bbox 186 3274 381 3345; x_wconf 83' lang='grc' dir='ltr'>μάτων</span> <span class='ocrx_word' id='word_1_478' title='bbox 407 3276 789 3346; x_wconf 76' lang='grc' dir='ltr'>συγκειμένους</span> <span class='ocrx_word' id='word_1_479' title='bbox 809 3275 1048 3333; x_wconf 76' lang='grc' dir='ltr'>δικαίως.</span> <span class='ocrx_word' id='word_1_480' title='bbox 1074 3294 1092 3325; x_wconf 76' lang='grc' dir='ltr'><strong>ι</strong></span> <span class='ocrx_word' id='word_1_481' title='bbox 1130 3275 1268 3343; x_wconf 81' lang='grc' dir='ltr'><strong>Ἐγὼ</strong></span> <span class='ocrx_word' id='word_1_482' title='bbox 1288 3276 1599 3346; x_wconf 81' lang='grc' dir='ltr'>ὲποίμαινόν</span> <span class='ocrx_word' id='word_1_483' title='bbox 1627 3293 1686 3329; x_wconf 92' lang='grc' dir='ltr'><strong>σε</strong></span> <span class='ocrx_word' id='word_1_484' title='bbox 1706 3280 1765 3329; x_wconf 84' lang='grc' dir='ltr'>ὲν</span> 
     </span>
    </p>
   </div>
   <div class='ocr_carea' id='block_1_61' title="bbox 182 3350 1757 3438">
    <p class='ocr_par' dir='ltr' id='par_1_61' title="bbox 182 3350 1757 3438">
     <span class='ocr_line' id='line_1_61' title="bbox 182 3350 1757 3438; baseline 0.001 -19"><span class='ocrx_word' id='word_1_485' title='bbox 182 3370 250 3437; x_wconf 77' lang='grc' dir='ltr'>τῇ</span> <span class='ocrx_word' id='word_1_486' title='bbox 273 3368 489 3437; x_wconf 80' lang='grc' dir='ltr'>ἐρήμῳ,</span> <span class='ocrx_word' id='word_1_487' title='bbox 516 3368 574 3419; x_wconf 82' lang='grc' dir='ltr'>ὲν</span> <span class='ocrx_word' id='word_1_488' title='bbox 621 3370 690 3438; x_wconf 82' lang='grc' dir='ltr'>γῇ</span> <span class='ocrx_word' id='word_1_489' title='bbox 723 3350 960 3437; x_wconf 80' lang='grc' dir='ltr'>ἀοικήτῳ</span> <span class='ocrx_word' id='word_1_490' title='bbox 986 3368 1125 3419; x_wconf 86' lang='grc' dir='ltr'><strong>κατά</strong></span> <span class='ocrx_word' id='word_1_491' title='bbox 1157 3366 1254 3429; x_wconf 83' lang='grc' dir='ltr'><strong>τάς</strong></span> <span class='ocrx_word' id='word_1_492' title='bbox 1287 3367 1457 3437; x_wconf 83' lang='grc' dir='ltr'>νομάς</span> <span class='ocrx_word' id='word_1_493' title='bbox 1499 3367 1698 3420; x_wconf 83' lang='grc' dir='ltr'>αὐτῶν.</span> <span class='ocrx_word' id='word_1_494' title='bbox 1738 3386 1757 3419; x_wconf 77' lang='grc' dir='ltr'><strong>ι</strong></span> 
     </span>
    </p>
   </div>
   <div class='ocr_carea' id='block_1_62' title="bbox 198 3458 1764 3531">
    <p class='ocr_par' dir='ltr' id='par_1_62' title="bbox 198 3458 1764 3531">
     <span class='ocr_line' id='line_1_62' title="bbox 198 3458 1764 3531; baseline 0 -18"><span class='ocrx_word' id='word_1_495' title='bbox 198 3458 515 3528; x_wconf 78' lang='grc' dir='ltr'>Ἐξαγαγὼν</span> <span class='ocrx_word' id='word_1_496' title='bbox 546 3460 602 3513; x_wconf 84' lang='grc' dir='ltr'><strong>δέ</strong></span> <span class='ocrx_word' id='word_1_497' title='bbox 636 3477 695 3512; x_wconf 90' lang='grc' dir='ltr'><strong>σε</strong></span> <span class='ocrx_word' id='word_1_498' title='bbox 720 3461 818 3529; x_wconf 74' lang='grc' dir='ltr'>τῆς</span> <span class='ocrx_word' id='word_1_499' title='bbox 837 3459 1131 3527; x_wconf 77' lang='grc' dir='ltr'>Αἰγύπτου,</span> <span class='ocrx_word' id='word_1_500' title='bbox 1158 3460 1252 3513; x_wconf 82' lang='grc' dir='ltr'>καὶ</span> <span class='ocrx_word' id='word_1_501' title='bbox 1280 3460 1420 3513; x_wconf 85' lang='grc' dir='ltr'><strong>κατά</strong></span> <span class='ocrx_word' id='word_1_502' title='bbox 1440 3460 1538 3530; x_wconf 84' lang='grc' dir='ltr'>τὴν</span> <span class='ocrx_word' id='word_1_503' title='bbox 1561 3459 1764 3531; x_wconf 79' lang='grc' dir='ltr'>ἔρημον</span> 
     </span>
    </p>
   </div>
   <div class='ocr_carea' id='block_1_63' title="bbox 184 3551 1766 3629">
    <p class='ocr_par' dir='ltr' id='par_1_63' title="bbox 184 3551 1766 3629">
     <span class='ocr_line' id='line_1_63' title="bbox 184 3551 1766 3629; baseline 0 -26"><span class='ocrx_word' id='word_1_504' title='bbox 184 3555 254 3622; x_wconf 81' lang='grc' dir='ltr'><strong>τῇ</strong></span> <span class='ocrx_word' id='word_1_505' title='bbox 272 3551 513 3622; x_wconf 78' lang='grc' dir='ltr'>ἐμαυτοῦ</span> <span class='ocrx_word' id='word_1_506' title='bbox 535 3551 825 3629; x_wconf 60' lang='grc' dir='ltr'>κηδεμονία</span> <span class='ocrx_word' id='word_1_507' title='bbox 844 3551 1103 3619; x_wconf 77' lang='grc' dir='ltr'>διήγαγον</span> <span class='ocrx_word' id='word_1_508' title='bbox 1119 3552 1176 3602; x_wconf 80' lang='grc' dir='ltr'>ὲν</span> <span class='ocrx_word' id='word_1_509' title='bbox 1202 3551 1441 3620; x_wconf 81' lang='grc' dir='ltr'>ἀοικήτῳ</span> <span class='ocrx_word' id='word_1_510' title='bbox 1455 3554 1524 3621; x_wconf 83' lang='grc' dir='ltr'><strong>γῇ</strong></span> <span class='ocrx_word' id='word_1_511' title='bbox 1550 3569 1562 3581; x_wconf 94' lang='grc'><strong>·</strong></span> <span class='ocrx_word' id='word_1_512' title='bbox 1590 3554 1683 3605; x_wconf 77' lang='grc' dir='ltr'>καὶ</span> <span class='ocrx_word' id='word_1_513' title='bbox 1708 3553 1766 3604; x_wconf 79' lang='grc' dir='ltr'>ὲν</span> 
     </span>
    </p>
   </div>
   <div class='ocr_carea' id='block_1_64' title="bbox 186 3628 1766 3713">
    <p class='ocr_par' dir='ltr' id='par_1_64' title="bbox 186 3628 1766 3713">
     <span class='ocr_line' id='line_1_64' title="bbox 186 3628 1766 3713; baseline 0.001 -21"><span class='ocrx_word' id='word_1_514' title='bbox 186 3634 318 3713; x_wconf 74' lang='grc' dir='ltr'><strong>ᾖδὴ</strong></span> <span class='ocrx_word' id='word_1_515' title='bbox 360 3643 524 3711; x_wconf 76' lang='grc' dir='ltr'>νομαὶ</span> <span class='ocrx_word' id='word_1_516' title='bbox 572 3628 776 3711; x_wconf 48' lang='grc' dir='ltr'>’θηρίων</span> <span class='ocrx_word' id='word_1_517' title='bbox 804 3628 879 3694; x_wconf 51' lang='grc' dir='ltr'>’τε</span> <span class='ocrx_word' id='word_1_518' title='bbox 922 3638 1063 3711; x_wconf 81' lang='grc' dir='ltr'>ἦσαν</span> <span class='ocrx_word' id='word_1_519' title='bbox 1106 3641 1203 3694; x_wconf 73' lang='grc' dir='ltr'>καὶ</span> <span class='ocrx_word' id='word_1_520' title='bbox 1238 3641 1502 3712; x_wconf 74' lang='grc' dir='ltr'>ἑρπετῶν,</span> <span class='ocrx_word' id='word_1_521' title='bbox 1554 3642 1766 3706; x_wconf 77' lang='grc' dir='ltr'>οὐδενὸς</span> 
     </span>
    </p>
   </div>
   <div class='ocr_carea' id='block_1_65' title="bbox 186 3732 1764 3805">
    <p class='ocr_par' dir='ltr' id='par_1_65' title="bbox 186 3732 1764 3805">
     <span class='ocr_line' id='line_1_65' title="bbox 186 3732 1764 3805; baseline 0.001 -20"><span class='ocrx_word' id='word_1_522' title='bbox 186 3732 556 3805; x_wconf 73' lang='grc' dir='ltr'>ὑστερηθῆναι</span> <span class='ocrx_word' id='word_1_523' title='bbox 605 3734 712 3786; x_wconf 89' lang='grc' dir='ltr'><strong>τῶν</strong></span> <span class='ocrx_word' id='word_1_524' title='bbox 754 3734 1065 3802; x_wconf 84' lang='grc' dir='ltr'>ἀναγκαίων</span> <span class='ocrx_word' id='word_1_525' title='bbox 1109 3734 1292 3797; x_wconf 76' lang='grc' dir='ltr'>ἐάσας.</span> <span class='ocrx_word' id='word_1_526' title='bbox 1331 3752 1350 3786; x_wconf 70' lang='grc' dir='ltr'><strong><em>ο</em></strong></span> <span class='ocrx_word' id='word_1_527' title='bbox 1396 3734 1505 3787; x_wconf 76' lang='grc' dir='ltr'><strong>Καὶ</strong></span> <span class='ocrx_word' id='word_1_528' title='bbox 1538 3734 1764 3803; x_wconf 82' lang='grc' dir='ltr'>ἐνεπλή-</span> 
     </span>
    </p>
   </div>
   <div class='ocr_carea' id='block_1_66' title="bbox 188 3821 1766 3894">
    <p class='ocr_par' dir='ltr' id='par_1_66' title="bbox 188 3821 1766 3894">
     <span class='ocr_line' id='line_1_66' title="bbox 188 3821 1766 3894; baseline 0.001 -21"><span class='ocrx_word' id='word_1_529' title='bbox 188 3822 398 3891; x_wconf 85' lang='grc' dir='ltr'>σθησαν</span> <span class='ocrx_word' id='word_1_530' title='bbox 432 3824 511 3886; x_wconf 87' lang='grc' dir='ltr'><strong>είς</strong></span> <span class='ocrx_word' id='word_1_531' title='bbox 545 3822 877 3894; x_wconf 82' lang='grc' dir='ltr'>πλησμονὴν,</span> <span class='ocrx_word' id='word_1_532' title='bbox 904 3823 997 3875; x_wconf 73' lang='grc' dir='ltr'><strong>καὶ</strong></span> <span class='ocrx_word' id='word_1_533' title='bbox 1021 3821 1311 3892; x_wconf 71' lang='grc' dir='ltr'>ὑψώθησαν</span> <span class='ocrx_word' id='word_1_534' title='bbox 1344 3823 1401 3875; x_wconf 80' lang='grc' dir='ltr'>αἱ</span> <span class='ocrx_word' id='word_1_535' title='bbox 1430 3822 1642 3893; x_wconf 82' lang='grc' dir='ltr'>καρδίαι</span> <span class='ocrx_word' id='word_1_536' title='bbox 1671 3822 1766 3875; x_wconf 80' lang='grc' dir='ltr'><strong>αὑ·-</strong></span> 
     </span>
    </p>
   </div>
   <div class='ocr_carea' id='block_1_67' title="bbox 185 3910 1768 3985">
    <p class='ocr_par' dir='ltr' id='par_1_67' title="bbox 185 3910 1768 3985">
     <span class='ocr_line' id='line_1_67' title="bbox 185 3910 1768 3985; baseline -0.001 -18"><span class='ocrx_word' id='word_1_537' title='bbox 185 3914 327 3968; x_wconf 80' lang='grc' dir='ltr'>τῶν·</span> <span class='ocrx_word' id='word_1_538' title='bbox 366 3916 552 3967; x_wconf 75' lang='grc' dir='ltr'>ἕνεκεν</span> <span class='ocrx_word' id='word_1_539' title='bbox 594 3914 783 3967; x_wconf 76' lang='grc' dir='ltr'>τούτου</span> <span class='ocrx_word' id='word_1_540' title='bbox 824 3914 1145 3968; x_wconf 83' lang='grc' dir='ltr'>ὲπελάθοντό</span> <span class='ocrx_word' id='word_1_541' title='bbox 1174 3932 1292 3985; x_wconf 86' lang='grc' dir='ltr'>μου.</span> <span class='ocrx_word' id='word_1_542' title='bbox 1329 3934 1348 3966; x_wconf 73' lang='grc' dir='ltr'><strong>ι</strong></span> <span class='ocrx_word' id='word_1_543' title='bbox 1385 3910 1517 3968; x_wconf 85' lang='grc' dir='ltr'>Εἶτα</span> <span class='ocrx_word' id='word_1_544' title='bbox 1560 3914 1768 3985; x_wconf 78' lang='grc' dir='ltr'>εἰσελη-</span> 
     </span>
    </p>
   </div>
   <div class='ocr_carea' id='block_1_68' title="bbox 185 4005 1770 4076">
    <p class='ocr_par' dir='ltr' id='par_1_68' title="bbox 185 4005 1770 4076">
     <span class='ocr_line' id='line_1_68' title="bbox 185 4005 1770 4076; baseline 0.001 -17"><span class='ocrx_word' id='word_1_545' title='bbox 185 4007 412 4069; x_wconf 78' lang='grc' dir='ltr'>λυθότες</span> <span class='ocrx_word' id='word_1_546' title='bbox 442 4008 523 4070; x_wconf 86' lang='grc' dir='ltr'><strong>είς</strong></span> <span class='ocrx_word' id='word_1_547' title='bbox 574 4005 670 4076; x_wconf 81' lang='grc' dir='ltr'>τὴν</span> <span class='ocrx_word' id='word_1_548' title='bbox 695 4007 797 4076; x_wconf 83' lang='grc' dir='ltr'>γῆν</span> <span class='ocrx_word' id='word_1_549' title='bbox 840 4006 939 4076; x_wconf 79' lang='grc' dir='ltr'>τῆς</span> <span class='ocrx_word' id='word_1_550' title='bbox 979 4006 1330 4074; x_wconf 75' lang='grc' dir='ltr'>ἐπαγγελίας,</span> <span class='ocrx_word' id='word_1_551' title='bbox 1367 4007 1461 4059; x_wconf 79' lang='grc' dir='ltr'>καὶ</span> <span class='ocrx_word' id='word_1_552' title='bbox 1500 4006 1770 4060; x_wconf 83' lang='grc' dir='ltr'>τοσούτων</span> 
     </span>
    </p>
   </div>
   <div class='ocr_carea' id='block_1_69' title="bbox 187 4097 1767 4169">
    <p class='ocr_par' dir='ltr' id='par_1_69' title="bbox 187 4097 1767 4169">
     <span class='ocr_line' id='line_1_69' title="bbox 187 4097 1767 4169; baseline 0 -18"><span class='ocrx_word' id='word_1_553' title='bbox 187 4099 346 4169; x_wconf 82' lang='grc' dir='ltr'><strong>παρά</strong></span> <span class='ocrx_word' id='word_1_554' title='bbox 377 4100 559 4151; x_wconf 81' lang='grc' dir='ltr'>πᾶσαν</span> <span class='ocrx_word' id='word_1_555' title='bbox 590 4097 934 4168; x_wconf 84' lang='grc' dir='ltr'>ἀνθρωπίνην</span> <span class='ocrx_word' id='word_1_556' title='bbox 962 4098 1150 4151; x_wconf 78' lang='grc' dir='ltr'>ἐλπίδα</span> <span class='ocrx_word' id='word_1_557' title='bbox 1174 4098 1601 4161; x_wconf 78' lang='grc' dir='ltr'>ἀπολελαυκότες</span> <span class='ocrx_word' id='word_1_558' title='bbox 1629 4100 1767 4166; x_wconf 83' lang='grc' dir='ltr'>ἀγα-</span> 
     </span>
    </p>
   </div>
   <div class='ocr_carea' id='block_1_70' title="bbox 188 4187 1769 4260">
    <p class='ocr_par' dir='ltr' id='par_1_70' title="bbox 188 4187 1769 4260">
     <span class='ocr_line' id='line_1_70' title="bbox 188 4187 1769 4260; baseline -0.001 -17"><span class='ocrx_word' id='word_1_559' title='bbox 188 4189 325 4254; x_wconf 86' lang='grc' dir='ltr'>θῶν,</span> <span class='ocrx_word' id='word_1_560' title='bbox 358 4189 584 4259; x_wconf 75' lang='grc' dir='ltr'>μεγάλοι</span> <span class='ocrx_word' id='word_1_561' title='bbox 609 4205 669 4241; x_wconf 86' lang='grc' dir='ltr'><strong>τε</strong></span> <span class='ocrx_word' id='word_1_562' title='bbox 691 4188 843 4260; x_wconf 77' lang='grc' dir='ltr'>παρὰ</span> <span class='ocrx_word' id='word_1_563' title='bbox 863 4190 994 4241; x_wconf 84' lang='grc' dir='ltr'>πᾶσι</span> <span class='ocrx_word' id='word_1_564' title='bbox 1021 4191 1130 4251; x_wconf 88' lang='grc' dir='ltr'>τοῖς</span> <span class='ocrx_word' id='word_1_565' title='bbox 1158 4187 1298 4241; x_wconf 83' lang='grc' dir='ltr'><strong>κατά</strong></span> <span class='ocrx_word' id='word_1_566' title='bbox 1322 4187 1421 4258; x_wconf 84' lang='grc' dir='ltr'>τὴν</span> <span class='ocrx_word' id='word_1_567' title='bbox 1448 4188 1769 4258; x_wconf 83' lang='grc' dir='ltr'>οίκουμένην</span> 
     </span>
    </p>
   </div>
   <div class='ocr_carea' id='block_1_71' title="bbox 187 4279 1767 4352">
    <p class='ocr_par' dir='ltr' id='par_1_71' title="bbox 187 4279 1767 4352">
     <span class='ocr_line' id='line_1_71' title="bbox 187 4279 1767 4352; baseline -0.002 -18"><span class='ocrx_word' id='word_1_568' title='bbox 187 4282 496 4352; x_wconf 64' lang='grc' dir='ltr'>δηχθέντες</span> <span class='ocrx_word' id='word_1_569' title='bbox 534 4280 863 4350; x_wconf 81' lang='grc' dir='ltr'>ἀνθρώποις,</span> <span class='ocrx_word' id='word_1_570' title='bbox 898 4281 985 4333; x_wconf 89' lang='grc' dir='ltr'><strong>διά</strong></span> <span class='ocrx_word' id='word_1_571' title='bbox 1012 4280 1120 4334; x_wconf 86' lang='grc' dir='ltr'><strong>τῶν</strong></span> <span class='ocrx_word' id='word_1_572' title='bbox 1161 4280 1290 4351; x_wconf 74' lang='grc' dir='ltr'>περὶ</span> <span class='ocrx_word' id='word_1_573' title='bbox 1314 4280 1509 4343; x_wconf 76' lang='grc' dir='ltr'>αὐτοὺς</span> <span class='ocrx_word' id='word_1_574' title='bbox 1536 4279 1593 4345; x_wconf 77' lang='grc' dir='ltr'>ἐξ</span> <span class='ocrx_word' id='word_1_575' title='bbox 1634 4279 1767 4349; x_wconf 82' lang='grc' dir='ltr'>ἐμοῦ</span> 
     </span>
    </p>
   </div>
   <div class='ocr_carea' id='block_1_72' title="bbox 187 4368 1770 4444">
    <p class='ocr_par' dir='ltr' id='par_1_72' title="bbox 187 4368 1770 4444">
     <span class='ocr_line' id='line_1_72' title="bbox 187 4368 1770 4444; baseline -0.002 -18"><span class='ocrx_word' id='word_1_576' title='bbox 187 4372 517 4441; x_wconf 80' lang='grc' dir='ltr'>γεγονότων,</span> <span class='ocrx_word' id='word_1_577' title='bbox 548 4373 730 4426; x_wconf 78' lang='grc' dir='ltr'>οὐκέτι</span> <span class='ocrx_word' id='word_1_578' title='bbox 763 4376 980 4444; x_wconf 87' lang='grc' dir='ltr'>μνήμην</span> <span class='ocrx_word' id='word_1_579' title='bbox 1019 4368 1162 4443; x_wconf 80' lang='grc' dir='ltr'>εἶχον</span> <span class='ocrx_word' id='word_1_580' title='bbox 1192 4370 1325 4442; x_wconf 76' lang='grc' dir='ltr'>ἐμοῦ</span> <span class='ocrx_word' id='word_1_581' title='bbox 1356 4369 1448 4424; x_wconf 88' lang='grc' dir='ltr'><strong>τοῦ</strong></span> <span class='ocrx_word' id='word_1_582' title='bbox 1480 4370 1770 4434; x_wconf 87' lang='grc' dir='ltr'>δεδωκότος</span> 
     </span>
    </p>
   </div>
   <div class='ocr_carea' id='block_1_73' title="bbox 187 4461 1487 4534">
    <p class='ocr_par' dir='ltr' id='par_1_73' title="bbox 187 4461 1487 4534">
     <span class='ocr_line' id='line_1_73' title="bbox 187 4461 1487 4534; baseline 0.002 -18"><span class='ocrx_word' id='word_1_583' title='bbox 187 4462 377 4527; x_wconf 74' lang='grc' dir='ltr'>αὐτοῖς</span> <span class='ocrx_word' id='word_1_584' title='bbox 403 4464 513 4516; x_wconf 81' lang='grc' dir='ltr'><strong>τῶν</strong></span> <span class='ocrx_word' id='word_1_585' title='bbox 538 4463 807 4517; x_wconf 79' lang='grc' dir='ltr'>τοσούτων</span> <span class='ocrx_word' id='word_1_586' title='bbox 839 4463 1053 4532; x_wconf 88' lang='grc' dir='ltr'>ἀγαθῶν</span> <span class='ocrx_word' id='word_1_587' title='bbox 1080 4463 1175 4534; x_wconf 78' lang='grc' dir='ltr'>τὴν</span> <span class='ocrx_word' id='word_1_588' title='bbox 1205 4461 1487 4531; x_wconf 78' lang='grc' dir='ltr'>ἀφθονίαν.</span> 
     </span>
    </p>
   </div>
   <div class='ocr_carea' id='block_1_74' title="bbox 269 4553 1772 4626">
    <p class='ocr_par' dir='ltr' id='par_1_74' title="bbox 269 4553 1772 4626">
     <span class='ocr_line' id='line_1_74' title="bbox 269 4553 1772 4626; baseline 0 -19"><span class='ocrx_word' id='word_1_589' title='bbox 269 4555 415 4625; x_wconf 86' lang='grc' dir='ltr'>Στίχ.</span> <span class='ocrx_word' id='word_1_590' title='bbox 440 4554 592 4620; x_wconf 81' lang='grc' dir='ltr'>ς’-θ¹.</span> <span class='ocrx_word' id='word_1_591' title='bbox 622 4584 694 4596; x_wconf 91' lang='grc'><strong><em>-</em></strong></span> <span class='ocrx_word' id='word_1_592' title='bbox 720 4572 739 4607; x_wconf 70' lang='grc' dir='ltr'><strong>ι</strong></span> <span class='ocrx_word' id='word_1_593' title='bbox 777 4554 881 4609; x_wconf 73' lang='grc' dir='ltr'><strong>Καὶ</strong></span> <span class='ocrx_word' id='word_1_594' title='bbox 908 4555 1098 4626; x_wconf 81' lang='grc' dir='ltr'>ἔσομαι</span> <span class='ocrx_word' id='word_1_595' title='bbox 1123 4556 1303 4619; x_wconf 78' lang='grc' dir='ltr'>αὐτοῖς</span> <span class='ocrx_word' id='word_1_596' title='bbox 1332 4556 1406 4619; x_wconf 84' lang='grc' dir='ltr'><strong>ὡς</strong></span> <span class='ocrx_word' id='word_1_597' title='bbox 1434 4553 1649 4626; x_wconf 84' lang='grc' dir='ltr'>πάνθηρ</span> <span class='ocrx_word' id='word_1_598' title='bbox 1676 4554 1772 4609; x_wconf 76' lang='grc' dir='ltr'>καὶ</span> 
     </span>
    </p>
   </div>
   <div class='ocr_carea' id='block_1_75' title="bbox 187 4646 1771 4720">
    <p class='ocr_par' dir='ltr' id='par_1_75' title="bbox 187 4646 1771 4720">
     <span class='ocr_line' id='line_1_75' title="bbox 187 4646 1771 4720; baseline -0.001 -19"><span class='ocrx_word' id='word_1_599' title='bbox 187 4650 275 4713; x_wconf 82' lang='grc' dir='ltr'>ὡς</span> <span class='ocrx_word' id='word_1_600' title='bbox 307 4650 567 4719; x_wconf 79' lang='grc' dir='ltr'>πάρδαλις</span> <span class='ocrx_word' id='word_1_601' title='bbox 607 4648 748 4703; x_wconf 87' lang='grc' dir='ltr'><strong>κατά</strong></span> <span class='ocrx_word' id='word_1_602' title='bbox 780 4649 875 4720; x_wconf 86' lang='grc' dir='ltr'>τὴν</span> <span class='ocrx_word' id='word_1_603' title='bbox 906 4649 1021 4703; x_wconf 82' lang='grc' dir='ltr'>όδὸν</span> <span class='ocrx_word' id='word_1_604' title='bbox 1066 4650 1382 4720; x_wconf 82' lang='grc' dir='ltr'>Ἀσσυρίων.</span> <span class='ocrx_word' id='word_1_605' title='bbox 1418 4668 1435 4700; x_wconf 80' lang='grc' dir='ltr'><strong>ι</strong></span> <span class='ocrx_word' id='word_1_606' title='bbox 1471 4646 1771 4719; x_wconf 77' lang='grc' dir='ltr'>Τοιγαροῦν</span> 
     </span>
    </p>
   </div>
   <div class='ocr_carea' id='block_1_76' title="bbox 185 4738 1773 4814">
    <p class='ocr_par' dir='ltr' id='par_1_76' title="bbox 185 4738 1773 4814">
     <span class='ocr_line' id='line_1_76' title="bbox 185 4738 1773 4814; baseline 0.001 -23"><span class='ocrx_word' id='word_1_607' title='bbox 185 4742 355 4813; x_wconf 76' lang='grc' dir='ltr'>δίκην</span> <span class='ocrx_word' id='word_1_608' title='bbox 388 4742 662 4814; x_wconf 79' lang='grc' dir='ltr'>πάνθηρος</span> <span class='ocrx_word' id='word_1_609' title='bbox 692 4742 887 4803; x_wconf 78' lang='grc' dir='ltr'>αὐτοὺς</span> <span class='ocrx_word' id='word_1_610' title='bbox 908 4742 1002 4795; x_wconf 67' lang='grc' dir='ltr'>καὶ</span> <span class='ocrx_word' id='word_1_611' title='bbox 1036 4741 1369 4813; x_wconf 86' lang='grc' dir='ltr'>παρδάλεως,</span> <span class='ocrx_word' id='word_1_612' title='bbox 1404 4739 1539 4811; x_wconf 88' lang='grc' dir='ltr'><strong>μετά</strong></span> <span class='ocrx_word' id='word_1_613' title='bbox 1568 4738 1773 4809; x_wconf 85' lang='grc' dir='ltr'>πολλῆς</span> 
     </span>
    </p>
   </div>
   <div class='ocr_carea' id='block_1_77' title="bbox 186 4829 1773 4903">
    <p class='ocr_par' dir='ltr' id='par_1_77' title="bbox 186 4829 1773 4903">
     <span class='ocr_line' id='line_1_77' title="bbox 186 4829 1773 4903; baseline -0.003 -17"><span class='ocrx_word' id='word_1_614' title='bbox 186 4832 301 4903; x_wconf 84' lang='grc' dir='ltr'>τῆς</span> <span class='ocrx_word' id='word_1_615' title='bbox 342 4832 600 4903; x_wconf 70' lang='grc' dir='ltr'>ὀξύτητος</span> <span class='ocrx_word' id='word_1_616' title='bbox 656 4831 952 4903; x_wconf 77' lang='grc' dir='ltr'>συντρίϐων</span> <span class='ocrx_word' id='word_1_617' title='bbox 989 4848 1047 4884; x_wconf 92' lang='grc' dir='ltr'><strong>τε</strong></span> <span class='ocrx_word' id='word_1_618' title='bbox 1096 4831 1190 4883; x_wconf 72' lang='grc' dir='ltr'><strong>καὶ</strong></span> <span class='ocrx_word' id='word_1_619' title='bbox 1241 4831 1493 4894; x_wconf 76' lang='grc' dir='ltr'>ἀπολλὺς,</span> <span class='ocrx_word' id='word_1_620' title='bbox 1530 4829 1634 4884; x_wconf 83' lang='grc' dir='ltr'><strong>ὑπὸ</strong></span> <span class='ocrx_word' id='word_1_621' title='bbox 1670 4830 1773 4901; x_wconf 76' lang='grc' dir='ltr'>τὴν</span> 
     </span>
    </p>
   </div>
   <div class='ocr_carea' id='block_1_78' title="bbox 185 4919 1771 4993">
    <p class='ocr_par' dir='ltr' id='par_1_78' title="bbox 185 4919 1771 4993">
     <span class='ocr_line' id='line_1_78' title="bbox 185 4919 1771 4993; baseline -0.002 -17"><span class='ocrx_word' id='word_1_622' title='bbox 185 4922 313 4976; x_wconf 78' lang='grc' dir='ltr'><strong>τῶν</strong></span> <span class='ocrx_word' id='word_1_623' title='bbox 343 4923 641 4990; x_wconf 82' lang='grc' dir='ltr'>’Δσσυρίων</span> <span class='ocrx_word' id='word_1_624' title='bbox 663 4922 1032 4993; x_wconf 82' lang='grc' dir='ltr'>αἰχμαλωσίαν</span> <span class='ocrx_word' id='word_1_625' title='bbox 1056 4921 1232 4975; x_wconf 83' lang='grc' dir='ltr'>ἐλάσω</span> <span class='ocrx_word' id='word_1_626' title='bbox 1256 4922 1479 4983; x_wconf 83' lang='grc' dir='ltr'>πάντας.</span> <span class='ocrx_word' id='word_1_627' title='bbox 1512 4937 1531 4971; x_wconf 72' lang='grc' dir='ltr'><strong>ε</strong></span> <span class='ocrx_word' id='word_1_628' title='bbox 1575 4919 1771 4973; x_wconf 86' lang='grc' dir='ltr'>Ἀπαν-</span> 
     </span>
    </p>
   </div>
   <div class='ocr_carea' id='block_1_79' title="bbox 183 5011 1772 5086">
    <p class='ocr_par' dir='ltr' id='par_1_79' title="bbox 183 5011 1772 5086">
     <span class='ocr_line' id='line_1_79' title="bbox 183 5011 1772 5086; baseline -0.003 -19"><span class='ocrx_word' id='word_1_629' title='bbox 183 5020 433 5086; x_wconf 64' lang='grc' dir='ltr'>τήσομαι</span> <span class='ocrx_word' id='word_1_630' title='bbox 460 5018 644 5080; x_wconf 76' lang='grc' dir='ltr'>αὐτοῖς</span> <span class='ocrx_word' id='word_1_631' title='bbox 666 5015 741 5078; x_wconf 85' lang='grc' dir='ltr'>ὡς</span> <span class='ocrx_word' id='word_1_632' title='bbox 762 5016 929 5085; x_wconf 77' lang='grc' dir='ltr'>ἄρκος</span> <span class='ocrx_word' id='word_1_633' title='bbox 954 5014 1323 5085; x_wconf 78' lang='grc' dir='ltr'>ἀπορουμένη.</span> <span class='ocrx_word' id='word_1_634' title='bbox 1361 5013 1436 5083; x_wconf 88' lang='lat' dir='ltr'><strong>(p.</strong></span> <span class='ocrx_word' id='word_1_635' title='bbox 1466 5012 1583 5080; x_wconf 82' lang='lat'><strong>95.)</strong></span> <span class='ocrx_word' id='word_1_636' title='bbox 1616 5031 1633 5063; x_wconf 69' lang='grc' dir='ltr'><strong>ι</strong></span> <span class='ocrx_word' id='word_1_637' title='bbox 1662 5011 1772 5065; x_wconf 67' lang='grc' dir='ltr'><strong>Καὶ</strong></span> 
     </span>
    </p>
   </div>
   <div class='ocr_carea' id='block_1_80' title="bbox 185 5103 1772 5179">
    <p class='ocr_par' dir='ltr' id='par_1_80' title="bbox 185 5103 1772 5179">
     <span class='ocr_line' id='line_1_80' title="bbox 185 5103 1772 5179; baseline -0.004 -16"><span class='ocrx_word' id='word_1_638' title='bbox 185 5110 358 5177; x_wconf 81' lang='grc' dir='ltr'>δίκην</span> <span class='ocrx_word' id='word_1_639' title='bbox 398 5108 563 5179; x_wconf 81' lang='grc' dir='ltr'>ἄρκου</span> <span class='ocrx_word' id='word_1_640' title='bbox 592 5104 701 5161; x_wconf 81' lang='grc' dir='ltr'><strong>τῶν</strong></span> <span class='ocrx_word' id='word_1_641' title='bbox 741 5106 1094 5177; x_wconf 83' lang='grc' dir='ltr'>γεννημάτων</span> <span class='ocrx_word' id='word_1_642' title='bbox 1143 5106 1499 5177; x_wconf 87' lang='grc' dir='ltr'>στερηθείσης</span> <span class='ocrx_word' id='word_1_643' title='bbox 1537 5103 1643 5157; x_wconf 90' lang='grc' dir='ltr'><strong>τῶν</strong></span> <span class='ocrx_word' id='word_1_644' title='bbox 1694 5107 1772 5157; x_wconf 82' lang='lat' dir='ltr'><strong>ol-</strong></span> 
     </span>
    </p>
   </div>
   <div class='ocr_carea' id='block_1_81' title="bbox 184 5194 1775 5267">
    <p class='ocr_par' dir='ltr' id='par_1_81' title="bbox 184 5194 1775 5267">
     <span class='ocr_line' id='line_1_81' title="bbox 184 5194 1775 5267; baseline -0.003 -16"><span class='ocrx_word' id='word_1_645' title='bbox 184 5198 386 5261; x_wconf 80' lang='grc' dir='ltr'>κείων,</span> <span class='ocrx_word' id='word_1_646' title='bbox 416 5198 507 5251; x_wconf 78' lang='grc' dir='ltr'>καὶ</span> <span class='ocrx_word' id='word_1_647' title='bbox 552 5198 644 5249; x_wconf 71' lang='grc' dir='ltr'><strong>ἐπὶ</strong></span> <span class='ocrx_word' id='word_1_648' title='bbox 671 5195 869 5267; x_wconf 80' lang='grc' dir='ltr'>πολλῆς</span> <span class='ocrx_word' id='word_1_649' title='bbox 898 5197 996 5266; x_wconf 86' lang='grc' dir='ltr'>τῆς</span> <span class='ocrx_word' id='word_1_650' title='bbox 1028 5194 1114 5247; x_wconf 76' lang='grc' dir='ltr'><strong>ἐπ’</strong></span> <span class='ocrx_word' id='word_1_651' title='bbox 1144 5194 1369 5257; x_wconf 77' lang='grc' dir='ltr'>ἐκείνοις</span> <span class='ocrx_word' id='word_1_652' title='bbox 1398 5194 1634 5263; x_wconf 85' lang='grc' dir='ltr'>ἀπορίας</span> <span class='ocrx_word' id='word_1_653' title='bbox 1662 5196 1775 5258; x_wconf 85' lang='grc' dir='ltr'>τοῖς</span> 
     </span>
    </p>
   </div>
   <div class='ocr_carea' id='block_1_82' title="bbox 182 5284 1776 5358">
    <p class='ocr_par' dir='ltr' id='par_1_82' title="bbox 182 5284 1776 5358">
     <span class='ocr_line' id='line_1_82' title="bbox 182 5284 1776 5358; baseline 0 -18"><span class='ocrx_word' id='word_1_654' title='bbox 182 5288 477 5340; x_wconf 78' lang='grc' dir='ltr'>ἀπαντῶσι</span> <span class='ocrx_word' id='word_1_655' title='bbox 502 5289 922 5358; x_wconf 83' lang='grc' dir='ltr'>λυμαινομένης,</span> <span class='ocrx_word' id='word_1_656' title='bbox 950 5285 1214 5339; x_wconf 87' lang='grc' dir='ltr'>πλείστων</span> <span class='ocrx_word' id='word_1_657' title='bbox 1239 5286 1378 5338; x_wconf 80' lang='grc' dir='ltr'>ὅσων</span> <span class='ocrx_word' id='word_1_658' title='bbox 1406 5284 1586 5339; x_wconf 83' lang='grc' dir='ltr'>αὐτῶν</span> <span class='ocrx_word' id='word_1_659' title='bbox 1615 5286 1776 5357; x_wconf 77' lang='grc' dir='ltr'>ἐργά-</span> 
     </span>
    </p>
   </div>
   <div class='ocr_carea' id='block_1_83' title="bbox 186 5375 1774 5451">
    <p class='ocr_par' dir='ltr' id='par_1_83' title="bbox 186 5375 1774 5451">
     <span class='ocr_line' id='line_1_83' title="bbox 186 5375 1774 5451; baseline -0.001 -19"><span class='ocrx_word' id='word_1_660' title='bbox 186 5396 370 5451; x_wconf 78' lang='grc' dir='ltr'>σομαι</span> <span class='ocrx_word' id='word_1_661' title='bbox 400 5380 486 5432; x_wconf 82' lang='grc' dir='ltr'>τὸν</span> <span class='ocrx_word' id='word_1_662' title='bbox 514 5379 693 5448; x_wconf 82' lang='grc' dir='ltr'>φόνον.</span> <span class='ocrx_word' id='word_1_663' title='bbox 725 5398 743 5429; x_wconf 73' lang='grc' dir='ltr'><strong>ι</strong></span> <span class='ocrx_word' id='word_1_664' title='bbox 780 5377 888 5431; x_wconf 74' lang='grc' dir='ltr'><strong>Καὶ</strong></span> <span class='ocrx_word' id='word_1_665' title='bbox 918 5378 1192 5449; x_wconf 71' lang='grc' dir='ltr'>διαρῤήξω</span> <span class='ocrx_word' id='word_1_666' title='bbox 1226 5375 1591 5448; x_wconf 84' lang='grc' dir='ltr'>συγκλεισμδν</span> <span class='ocrx_word' id='word_1_667' title='bbox 1636 5395 1774 5449; x_wconf 87' lang='grc' dir='ltr'>καρ-</span> 
     </span>
    </p>
   </div>
   <div class='ocr_carea' id='block_1_84' title="bbox 183 5469 1777 5540">
    <p class='ocr_par' dir='ltr' id='par_1_84' title="bbox 183 5469 1777 5540">
     <span class='ocr_line' id='line_1_84' title="bbox 183 5469 1777 5540; baseline 0.001 -19"><span class='ocrx_word' id='word_1_668' title='bbox 183 5472 321 5532; x_wconf 77' lang='grc' dir='ltr'>δίας</span> <span class='ocrx_word' id='word_1_669' title='bbox 358 5471 550 5523; x_wconf 79' lang='grc' dir='ltr'>αὐτῶν.</span> <span class='ocrx_word' id='word_1_670' title='bbox 590 5490 609 5523; x_wconf 71' lang='grc' dir='ltr'><strong>ι</strong></span> <span class='ocrx_word' id='word_1_671' title='bbox 647 5470 757 5524; x_wconf 70' lang='grc' dir='ltr'><strong>Καὶ</strong></span> <span class='ocrx_word' id='word_1_672' title='bbox 794 5471 999 5532; x_wconf 86' lang='grc' dir='ltr'>πάντας</span> <span class='ocrx_word' id='word_1_673' title='bbox 1032 5470 1087 5522; x_wconf 85' lang='grc' dir='ltr'>δὲ</span> <span class='ocrx_word' id='word_1_674' title='bbox 1112 5471 1238 5533; x_wconf 75' lang='grc' dir='ltr'>τοὺς</span> <span class='ocrx_word' id='word_1_675' title='bbox 1275 5469 1653 5540; x_wconf 82' lang='grc' dir='ltr'>διαλογισμοὺς</span> <span class='ocrx_word' id='word_1_676' title='bbox 1680 5471 1777 5523; x_wconf 75' lang='grc' dir='ltr'><strong>αὐ-</strong></span> 
     </span>
    </p>
   </div>
   <div class='ocr_carea' id='block_1_85' title="bbox 181 5560 1777 5634">
    <p class='ocr_par' dir='ltr' id='par_1_85' title="bbox 181 5560 1777 5634">
     <span class='ocr_line' id='line_1_85' title="bbox 181 5560 1777 5634; baseline 0 -19"><span class='ocrx_word' id='word_1_677' title='bbox 181 5563 311 5615; x_wconf 82' lang='grc' dir='ltr'><strong>τῶν</strong></span> <span class='ocrx_word' id='word_1_678' title='bbox 355 5560 439 5626; x_wconf 73' lang='grc' dir='ltr'>οὓς</span> <span class='ocrx_word' id='word_1_679' title='bbox 474 5565 601 5634; x_wconf 83' lang='grc' dir='ltr'>παρ’</span> <span class='ocrx_word' id='word_1_680' title='bbox 632 5563 845 5625; x_wconf 77' lang='grc' dir='ltr'>ἑαυτοῖς</span> <span class='ocrx_word' id='word_1_681' title='bbox 877 5563 1205 5632; x_wconf 79' lang='grc' dir='ltr'>συνέχοντες,</span> <span class='ocrx_word' id='word_1_682' title='bbox 1241 5561 1378 5634; x_wconf 83' lang='grc' dir='ltr'><strong>μετά</strong></span> <span class='ocrx_word' id='word_1_683' title='bbox 1428 5561 1625 5634; x_wconf 81' lang='grc' dir='ltr'>πολλῆς</span> <span class='ocrx_word' id='word_1_684' title='bbox 1650 5561 1777 5633; x_wconf 79' lang='grc' dir='ltr'>ήσέ-</span> 
     </span>
    </p>
   </div>
   <div class='ocr_carea' id='block_1_86' title="bbox 260 5724 815 5797">
    <p class='ocr_par' dir='ltr' id='par_1_86' title="bbox 260 5724 815 5797">
     <span class='ocr_line' id='line_1_86' title="bbox 260 5724 815 5797; baseline 0.005 -18"><span class='ocrx_word' id='word_1_685' title='bbox 260 5726 389 5797; x_wconf 71' lang='grc'><strong>(13)</strong></span> <span class='ocrx_word' id='word_1_686' title='bbox 418 5724 552 5782; x_wconf 86' lang='lat' dir='ltr'><strong>Cod.</strong></span> <span class='ocrx_word' id='word_1_687' title='bbox 583 5726 815 5782; x_wconf 81' lang='grc' dir='ltr'>ἐποίσει.</span> 
     </span>
    </p>
   </div>
   <div class='ocr_carea' id='block_1_87' title="bbox 527 5844 1233 5908">
    <p class='ocr_par' dir='ltr' id='par_1_87' title="bbox 527 5844 1233 5908">
     <span class='ocr_line' id='line_1_87' title="bbox 527 5844 1233 5908; baseline 0.006 -5"><span class='ocrx_word' id='word_1_688' title='bbox 527 5844 804 5905; x_wconf 67' lang='lat' dir='ltr'><strong>Parant.</strong></span> <span class='ocrx_word' id='word_1_689' title='bbox 851 5844 968 5907; x_wconf 76' lang='lat' dir='ltr'><strong>Gn.</strong></span> <span class='ocrx_word' id='word_1_690' title='bbox 1004 5845 1233 5908; x_wconf 73' lang='lat' dir='ltr'><strong>LXVI.</strong></span> 
     </span>
    </p>
   </div>
   <div class='ocr_carea' id='block_1_88' title="bbox 1865 3181 3427 3255">
    <p class='ocr_par' dir='ltr' id='par_1_88' title="bbox 1865 3181 3427 3255">
     <span class='ocr_line' id='line_1_88' title="bbox 1865 3181 3427 3255; baseline 0.006 -22"><span class='ocrx_word' id='word_1_691' title='bbox 1865 3181 1973 3234; x_wconf 92' lang='lat' dir='ltr'><strong>tius</strong></span> <span class='ocrx_word' id='word_1_692' title='bbox 2005 3196 2185 3234; x_wconf 88' lang='lat' dir='ltr'><strong>rerum</strong></span> <span class='ocrx_word' id='word_1_693' title='bbox 2216 3182 2448 3236; x_wconf 83' lang='lat' dir='ltr'><strong>veritate</strong></span> <span class='ocrx_word' id='word_1_694' title='bbox 2489 3189 2637 3236; x_wconf 87' lang='lat' dir='ltr'><strong>recte</strong></span> <span class='ocrx_word' id='word_1_695' title='bbox 2670 3192 2975 3238; x_wconf 87' lang='lat' dir='ltr'><strong>concretas.</strong></span> <span class='ocrx_word' id='word_1_696' title='bbox 3019 3201 3042 3235; x_wconf 81' lang='grc'><strong><em>‹</em></strong></span> <span class='ocrx_word' id='word_1_697' title='bbox 3083 3183 3192 3255; x_wconf 80' lang='lat' dir='ltr'><strong>Ego</strong></span> <span class='ocrx_word' id='word_1_698' title='bbox 3224 3187 3343 3254; x_wconf 86' lang='lat' dir='ltr'><strong>pavi</strong></span> <span class='ocrx_word' id='word_1_699' title='bbox 3374 3197 3427 3242; x_wconf 89' lang='lat' dir='ltr'><strong>te</strong></span> 
     </span>
    </p>
   </div>
   <div class='ocr_carea' id='block_1_89' title="bbox 1865 3269 3427 3344">
    <p class='ocr_par' dir='ltr' id='par_1_89' title="bbox 1865 3269 3427 3344">
     <span class='ocr_line' id='line_1_89' title="bbox 1865 3269 3427 3344; baseline 0.006 -22"><span class='ocrx_word' id='word_1_700' title='bbox 1865 3269 1920 3323; x_wconf 90' lang='lat' dir='ltr'><strong>in</strong></span> <span class='ocrx_word' id='word_1_701' title='bbox 1946 3270 2185 3333; x_wconf 86' lang='lat' dir='ltr'><strong>deserto,</strong></span> <span class='ocrx_word' id='word_1_702' title='bbox 2232 3271 2285 3323; x_wconf 93' lang='lat' dir='ltr'><strong>in</strong></span> <span class='ocrx_word' id='word_1_703' title='bbox 2332 3279 2476 3325; x_wconf 88' lang='lat' dir='ltr'><strong>terra</strong></span> <span class='ocrx_word' id='word_1_704' title='bbox 2517 3272 2878 3332; x_wconf 87' lang='lat' dir='ltr'><strong>inhabitabili,</strong></span> <span class='ocrx_word' id='word_1_705' title='bbox 2911 3273 3066 3342; x_wconf 81' lang='lat' dir='ltr'><strong>juxta</strong></span> <span class='ocrx_word' id='word_1_706' title='bbox 3102 3290 3302 3344; x_wconf 86' lang='lat' dir='ltr'><strong>pascua</strong></span> <span class='ocrx_word' id='word_1_707' title='bbox 3329 3291 3427 3330; x_wconf 84' lang='lat' dir='ltr'><strong>co-</strong></span> 
     </span>
    </p>
   </div>
   <div class='ocr_carea' id='block_1_90' title="bbox 1864 3361 3427 3434">
    <p class='ocr_par' dir='ltr' id='par_1_90' title="bbox 1864 3361 3427 3434">
     <span class='ocr_line' id='line_1_90' title="bbox 1864 3361 3427 3434; baseline 0.005 -19"><span class='ocrx_word' id='word_1_708' title='bbox 1864 3378 2007 3416; x_wconf 87' lang='lat' dir='ltr'><strong>rum.</strong></span> <span class='ocrx_word' id='word_1_709' title='bbox 2050 3380 2070 3414; x_wconf 75' lang='grc' dir='ltr'><strong>ι</strong></span> <span class='ocrx_word' id='word_1_710' title='bbox 2111 3361 2405 3432; x_wconf 83' lang='lat' dir='ltr'><strong>Postquam</strong></span> <span class='ocrx_word' id='word_1_711' title='bbox 2464 3372 2515 3418; x_wconf 88' lang='lat' dir='ltr'><strong>te</strong></span> <span class='ocrx_word' id='word_1_712' title='bbox 2559 3363 2795 3434; x_wconf 62' lang='lat' dir='ltr'><strong>Egypto</strong></span> <span class='ocrx_word' id='word_1_713' title='bbox 2843 3366 3029 3430; x_wconf 87' lang='lat' dir='ltr'><strong>eduxi,</strong></span> <span class='ocrx_word' id='word_1_714' title='bbox 3087 3365 3143 3421; x_wconf 90' lang='lat' dir='ltr'><strong>in</strong></span> <span class='ocrx_word' id='word_1_715' title='bbox 3210 3368 3427 3423; x_wconf 82' lang='lat' dir='ltr'><strong>deserto</strong></span> 
     </span>
    </p>
   </div>
   <div class='ocr_carea' id='block_1_91' title="bbox 1864 3454 3430 3523">
    <p class='ocr_par' dir='ltr' id='par_1_91' title="bbox 1864 3454 3430 3523">
     <span class='ocr_line' id='line_1_91' title="bbox 1864 3454 3430 3523; baseline 0.005 -18"><span class='ocrx_word' id='word_1_716' title='bbox 1864 3468 2083 3523; x_wconf 86' lang='lat' dir='ltr'><strong>quoque</strong></span> <span class='ocrx_word' id='word_1_717' title='bbox 2112 3454 2455 3523; x_wconf 82' lang='lat' dir='ltr'><strong>providentia</strong></span> <span class='ocrx_word' id='word_1_718' title='bbox 2488 3468 2606 3508; x_wconf 88' lang='lat' dir='ltr'><strong>mea</strong></span> <span class='ocrx_word' id='word_1_719' title='bbox 2640 3462 2693 3509; x_wconf 88' lang='lat' dir='ltr'><strong>te</strong></span> <span class='ocrx_word' id='word_1_720' title='bbox 2722 3470 2842 3509; x_wconf 89' lang='lat' dir='ltr'><strong>sum</strong></span> <span class='ocrx_word' id='word_1_721' title='bbox 2871 3457 3184 3519; x_wconf 87' lang='lat' dir='ltr'><strong>comitatus.</strong></span> <span class='ocrx_word' id='word_1_722' title='bbox 3203 3459 3257 3513; x_wconf 91' lang='lat' dir='ltr'><strong>in</strong></span> <span class='ocrx_word' id='word_1_723' title='bbox 3282 3467 3430 3515; x_wconf 87' lang='lat' dir='ltr'><strong>terra</strong></span> 
     </span>
    </p>
   </div>
   <div class='ocr_carea' id='block_1_92' title="bbox 1868 3546 3433 3612">
    <p class='ocr_par' dir='ltr' id='par_1_92' title="bbox 1868 3546 3433 3612">
     <span class='ocr_line' id='line_1_92' title="bbox 1868 3546 3433 3612; baseline 0.004 -12"><span class='ocrx_word' id='word_1_724' title='bbox 1868 3547 2266 3603; x_wconf 83' lang='lat' dir='ltr'><strong>habitatoribus</strong></span> <span class='ocrx_word' id='word_1_725' title='bbox 2320 3560 2518 3612; x_wconf 87' lang='lat' dir='ltr'><strong>cassa;</strong></span> <span class='ocrx_word' id='word_1_726' title='bbox 2570 3546 2659 3599; x_wconf 91' lang='lat' dir='ltr'><strong>ubi</strong></span> <span class='ocrx_word' id='word_1_727' title='bbox 2709 3560 2832 3599; x_wconf 89' lang='lat' dir='ltr'><strong>cum</strong></span> <span class='ocrx_word' id='word_1_728' title='bbox 2884 3547 3021 3601; x_wconf 90' lang='lat' dir='ltr'><strong>nihil</strong></span> <span class='ocrx_word' id='word_1_729' title='bbox 3076 3549 3225 3604; x_wconf 89' lang='lat' dir='ltr'><strong>aliud</strong></span> <span class='ocrx_word' id='word_1_730' title='bbox 3287 3560 3433 3606; x_wconf 88' lang='lat' dir='ltr'><strong>esset</strong></span> 
     </span>
    </p>
   </div>
   <div class='ocr_carea' id='block_1_93' title="bbox 1864 3638 3433 3709">
    <p class='ocr_par' dir='ltr' id='par_1_93' title="bbox 1864 3638 3433 3709">
     <span class='ocr_line' id='line_1_93' title="bbox 1864 3638 3433 3709; baseline 0.001 -14"><span class='ocrx_word' id='word_1_731' title='bbox 1864 3647 2062 3709; x_wconf 73' lang='lat' dir='ltr'><strong>praeter</strong></span> <span class='ocrx_word' id='word_1_732' title='bbox 2106 3639 2345 3694; x_wconf 82' lang='lat' dir='ltr'><strong>ferarum</strong></span> <span class='ocrx_word' id='word_1_733' title='bbox 2401 3646 2451 3692; x_wconf 87' lang='lat' dir='ltr'><strong>et</strong></span> <span class='ocrx_word' id='word_1_734' title='bbox 2504 3638 2840 3707; x_wconf 84' lang='lat' dir='ltr'><strong>serpentium</strong></span> <span class='ocrx_word' id='word_1_735' title='bbox 2883 3653 3107 3707; x_wconf 89' lang='lat' dir='ltr'><strong>pascua,</strong></span> <span class='ocrx_word' id='word_1_736' title='bbox 3159 3641 3295 3695; x_wconf 89' lang='lat' dir='ltr'><strong>nihil</strong></span> <span class='ocrx_word' id='word_1_737' title='bbox 3333 3642 3433 3697; x_wconf 89' lang='lat' dir='ltr'><strong>tibi</strong></span> 
     </span>
    </p>
   </div>
   <div class='ocr_carea' id='block_1_94' title="bbox 1864 3726 3428 3799">
    <p class='ocr_par' dir='ltr' id='par_1_94' title="bbox 1864 3726 3428 3799">
     <span class='ocr_line' id='line_1_94' title="bbox 1864 3726 3428 3799; baseline 0 -13"><span class='ocrx_word' id='word_1_738' title='bbox 1864 3731 2238 3786; x_wconf 80' lang='lat' dir='ltr'><strong>necessarium</strong></span> <span class='ocrx_word' id='word_1_739' title='bbox 2266 3731 2456 3784; x_wconf 84' lang='lat' dir='ltr'><strong>deesse</strong></span> <span class='ocrx_word' id='word_1_740' title='bbox 2480 3729 2603 3785; x_wconf 83' lang='lat' dir='ltr'><strong>sivi.</strong></span> <span class='ocrx_word' id='word_1_741' title='bbox 2635 3748 2655 3779; x_wconf 69' lang='grc' dir='ltr'><em>ς</em></span> <span class='ocrx_word' id='word_1_742' title='bbox 2680 3726 2743 3782; x_wconf 81' lang='lat' dir='ltr'><strong>Et</strong></span> <span class='ocrx_word' id='word_1_743' title='bbox 2775 3732 3002 3784; x_wconf 83' lang='lat' dir='ltr'><strong>saturati</strong></span> <span class='ocrx_word' id='word_1_744' title='bbox 3036 3732 3253 3787; x_wconf 88' lang='lat' dir='ltr'><strong>abunde</strong></span> <span class='ocrx_word' id='word_1_745' title='bbox 3283 3743 3428 3799; x_wconf 85' lang='lat' dir='ltr'><strong>sunt,</strong></span> 
     </span>
    </p>
   </div>
   <div class='ocr_carea' id='block_1_95' title="bbox 1865 3818 3435 3889">
    <p class='ocr_par' dir='ltr' id='par_1_95' title="bbox 1865 3818 3435 3889">
     <span class='ocr_line' id='line_1_95' title="bbox 1865 3818 3435 3889; baseline 0.002 -14"><span class='ocrx_word' id='word_1_746' title='bbox 1865 3829 1920 3875; x_wconf 88' lang='lat' dir='ltr'><strong>et</strong></span> <span class='ocrx_word' id='word_1_747' title='bbox 1970 3822 2177 3874; x_wconf 85' lang='lat' dir='ltr'><strong>elevata</strong></span> <span class='ocrx_word' id='word_1_748' title='bbox 2219 3828 2348 3873; x_wconf 88' lang='lat' dir='ltr'><strong>sunt</strong></span> <span class='ocrx_word' id='word_1_749' title='bbox 2402 3818 2564 3873; x_wconf 89' lang='lat' dir='ltr'><strong>corda</strong></span> <span class='ocrx_word' id='word_1_750' title='bbox 2612 3834 2825 3883; x_wconf 89' lang='lat' dir='ltr'><strong>eorum,</strong></span> <span class='ocrx_word' id='word_1_751' title='bbox 2876 3820 3103 3889; x_wconf 86' lang='lat' dir='ltr'><strong>ideoque</strong></span> <span class='ocrx_word' id='word_1_752' title='bbox 3150 3823 3254 3877; x_wconf 89' lang='lat' dir='ltr'><strong>mei</strong></span> <span class='ocrx_word' id='word_1_753' title='bbox 3305 3833 3435 3879; x_wconf 87' lang='lat' dir='ltr'><strong>sunt</strong></span> 
     </span>
    </p>
   </div>
   <div class='ocr_carea' id='block_1_96' title="bbox 1867 3914 3431 3989">
    <p class='ocr_par' dir='ltr' id='par_1_96' title="bbox 1867 3914 3431 3989">
     <span class='ocr_line' id='line_1_96' title="bbox 1867 3914 3431 3989; baseline 0.003 -20"><span class='ocrx_word' id='word_1_754' title='bbox 1867 3915 2047 3970; x_wconf 88' lang='lat' dir='ltr'><strong>obliti.</strong></span> <span class='ocrx_word' id='word_1_755' title='bbox 2102 3934 2123 3966; x_wconf 72' lang='grc' dir='ltr'><strong>ι</strong></span> <span class='ocrx_word' id='word_1_756' title='bbox 2177 3914 2308 3969; x_wconf 82' lang='lat' dir='ltr'><strong>Post</strong></span> <span class='ocrx_word' id='word_1_757' title='bbox 2367 3914 2483 3968; x_wconf 62' lang='lat' dir='ltr'><strong>haec</strong></span> <span class='ocrx_word' id='word_1_758' title='bbox 2540 3914 2865 3983; x_wconf 80' lang='lat' dir='ltr'><strong>promissam</strong></span> <span class='ocrx_word' id='word_1_759' title='bbox 2921 3926 3119 3970; x_wconf 89' lang='lat' dir='ltr'><strong>terram</strong></span> <span class='ocrx_word' id='word_1_760' title='bbox 3178 3917 3431 3989; x_wconf 81' lang='lat' dir='ltr'><strong>ingressi,</strong></span> 
     </span>
    </p>
   </div>
   <div class='ocr_carea' id='block_1_97' title="bbox 1867 4006 3433 4078">
    <p class='ocr_par' dir='ltr' id='par_1_97' title="bbox 1867 4006 3433 4078">
     <span class='ocr_line' id='line_1_97' title="bbox 1867 4006 3433 4078; baseline 0.001 -16"><span class='ocrx_word' id='word_1_761' title='bbox 1867 4009 2143 4077; x_wconf 83' lang='lat' dir='ltr'><strong>tantisque</strong></span> <span class='ocrx_word' id='word_1_762' title='bbox 2170 4016 2371 4077; x_wconf 65' lang='lat' dir='ltr'><strong>praeter</strong></span> <span class='ocrx_word' id='word_1_763' title='bbox 2403 4008 2696 4076; x_wconf 82' lang='lat' dir='ltr'><strong>quamlibet</strong></span> <span class='ocrx_word' id='word_1_764' title='bbox 2732 4006 3023 4060; x_wconf 86' lang='lat' dir='ltr'><strong>humanam</strong></span> <span class='ocrx_word' id='word_1_765' title='bbox 3058 4022 3230 4078; x_wconf 90' lang='lat' dir='ltr'><strong>spem,</strong></span> <span class='ocrx_word' id='word_1_766' title='bbox 3273 4008 3433 4065; x_wconf 87' lang='lat' dir='ltr'><strong>bonis</strong></span> 
     </span>
    </p>
   </div>
   <div class='ocr_carea' id='block_1_98' title="bbox 1870 4096 3437 4167">
    <p class='ocr_par' dir='ltr' id='par_1_98' title="bbox 1870 4096 3437 4167">
     <span class='ocr_line' id='line_1_98' title="bbox 1870 4096 3437 4167; baseline -0.001 -12"><span class='ocrx_word' id='word_1_767' title='bbox 1870 4101 2135 4163; x_wconf 81' lang='lat' dir='ltr'><strong>fruentes,</strong></span> <span class='ocrx_word' id='word_1_768' title='bbox 2190 4106 2244 4151; x_wconf 86' lang='lat' dir='ltr'><strong>et</strong></span> <span class='ocrx_word' id='word_1_769' title='bbox 2297 4111 2551 4167; x_wconf 78' lang='lat' dir='ltr'><strong>magnum</strong></span> <span class='ocrx_word' id='word_1_770' title='bbox 2601 4110 2710 4167; x_wconf 79' lang='lat' dir='ltr'><strong>prae</strong></span> <span class='ocrx_word' id='word_1_771' title='bbox 2742 4096 2951 4151; x_wconf 67' lang='lat' dir='ltr'><strong>caeteris</strong></span> <span class='ocrx_word' id='word_1_772' title='bbox 3003 4098 3190 4152; x_wconf 88' lang='lat' dir='ltr'><strong>mundi</strong></span> <span class='ocrx_word' id='word_1_773' title='bbox 3237 4098 3437 4155; x_wconf 88' lang='lat' dir='ltr'><strong>incolis</strong></span> 
     </span>
    </p>
   </div>
   <div class='ocr_carea' id='block_1_99' title="bbox 1876 4190 3435 4262">
    <p class='ocr_par' dir='ltr' id='par_1_99' title="bbox 1876 4190 3435 4262">
     <span class='ocr_line' id='line_1_99' title="bbox 1876 4190 3435 4262; baseline -0.002 -14"><span class='ocrx_word' id='word_1_774' title='bbox 1876 4209 2070 4248; x_wconf 91' lang='lat' dir='ltr'><strong>nomen</strong></span> <span class='ocrx_word' id='word_1_775' title='bbox 2102 4191 2302 4262; x_wconf 86' lang='lat' dir='ltr'><strong>adepti,</strong></span> <span class='ocrx_word' id='word_1_776' title='bbox 2333 4199 2554 4261; x_wconf 90' lang='lat' dir='ltr'><strong>propter</strong></span> <span class='ocrx_word' id='word_1_777' title='bbox 2586 4206 2705 4244; x_wconf 90' lang='lat' dir='ltr'><strong>mea</strong></span> <span class='ocrx_word' id='word_1_778' title='bbox 2752 4190 2899 4244; x_wconf 88' lang='lat' dir='ltr'><strong>circa</strong></span> <span class='ocrx_word' id='word_1_779' title='bbox 2943 4190 3091 4260; x_wconf 90' lang='lat' dir='ltr'><strong>ipsos</strong></span> <span class='ocrx_word' id='word_1_780' title='bbox 3114 4196 3320 4262; x_wconf 75' lang='lat' dir='ltr'><strong>Opera;</strong></span> <span class='ocrx_word' id='word_1_781' title='bbox 3348 4201 3435 4245; x_wconf 84' lang='lat' dir='ltr'><strong>at-</strong></span> 
     </span>
    </p>
   </div>
   <div class='ocr_carea' id='block_1_100' title="bbox 1870 4281 3436 4353">
    <p class='ocr_par' dir='ltr' id='par_1_100' title="bbox 1870 4281 3436 4353">
     <span class='ocr_line' id='line_1_100' title="bbox 1870 4281 3436 4353; baseline 0.001 -14"><span class='ocrx_word' id='word_1_782' title='bbox 1870 4294 2053 4340; x_wconf 86' lang='lat' dir='ltr'><strong>tamen</strong></span> <span class='ocrx_word' id='word_1_783' title='bbox 2085 4284 2189 4337; x_wconf 86' lang='lat' dir='ltr'><strong>mei</strong></span> <span class='ocrx_word' id='word_1_784' title='bbox 2232 4298 2499 4337; x_wconf 90' lang='lat' dir='ltr'><strong>memores</strong></span> <span class='ocrx_word' id='word_1_785' title='bbox 2550 4296 2658 4335; x_wconf 90' lang='lat' dir='ltr'><strong>non</strong></span> <span class='ocrx_word' id='word_1_786' title='bbox 2688 4281 2929 4349; x_wconf 75' lang='lat' dir='ltr'><strong>fuerunt,</strong></span> <span class='ocrx_word' id='word_1_787' title='bbox 2965 4283 3057 4353; x_wconf 86' lang='lat' dir='ltr'><strong>qui</strong></span> <span class='ocrx_word' id='word_1_788' title='bbox 3105 4290 3313 4339; x_wconf 82' lang='lat' dir='ltr'><strong>tantam</strong></span> <span class='ocrx_word' id='word_1_789' title='bbox 3369 4285 3436 4341; x_wconf 86' lang='lat' dir='ltr'><strong>iis</strong></span> 
     </span>
    </p>
   </div>
   <div class='ocr_carea' id='block_1_101' title="bbox 1871 4374 2773 4445">
    <p class='ocr_par' dir='ltr' id='par_1_101' title="bbox 1871 4374 2773 4445">
     <span class='ocr_line' id='line_1_101' title="bbox 1871 4374 2773 4445; baseline -0.001 -15"><span class='ocrx_word' id='word_1_790' title='bbox 1871 4376 2137 4430; x_wconf 89' lang='lat' dir='ltr'><strong>bonorum</strong></span> <span class='ocrx_word' id='word_1_791' title='bbox 2169 4375 2381 4445; x_wconf 76' lang='lat' dir='ltr'><strong>capiam</strong></span> <span class='ocrx_word' id='word_1_792' title='bbox 2414 4374 2773 4429; x_wconf 87' lang='lat' dir='ltr'><strong>contuleram.</strong></span> 
     </span>
    </p>
   </div>
   <div class='ocr_carea' id='block_1_102' title="bbox 1800 4448 3436 4536">
    <p class='ocr_par' dir='ltr' id='par_1_102' title="bbox 1800 4448 3436 4536">
     <span class='ocr_line' id='line_1_102' title="bbox 1800 4448 3436 4536; baseline -0.002 -13"><span class='ocrx_word' id='word_1_793' title='bbox 1800 4448 1848 4506; x_wconf 75' lang='grc' dir='ltr'><strong>θ</strong></span> <span class='ocrx_word' id='word_1_794' title='bbox 1944 4468 2107 4523; x_wconf 77' lang='lat' dir='ltr'><strong>Vsus.</strong></span> <span class='ocrx_word' id='word_1_795' title='bbox 2152 4467 2268 4521; x_wconf 85' lang='lat'><strong>6-9.</strong></span> <span class='ocrx_word' id='word_1_796' title='bbox 2328 4495 2397 4505; x_wconf 95' lang='lat'><strong><em>—</em></strong></span> <span class='ocrx_word' id='word_1_797' title='bbox 2453 4465 2561 4535; x_wconf 74' lang='grc'><strong>62</strong></span> <span class='ocrx_word' id='word_1_798' title='bbox 2605 4481 2622 4513; x_wconf 76' lang='grc' dir='ltr'><strong><em>ο</em></strong></span> <span class='ocrx_word' id='word_1_799' title='bbox 2664 4463 2879 4534; x_wconf 87' lang='lat' dir='ltr'><strong>Eroque</strong></span> <span class='ocrx_word' id='word_1_800' title='bbox 2912 4465 3018 4522; x_wconf 88' lang='lat' dir='ltr'><strong>illis</strong></span> <span class='ocrx_word' id='word_1_801' title='bbox 3053 4473 3111 4520; x_wconf 87' lang='lat' dir='ltr'><strong>ut</strong></span> <span class='ocrx_word' id='word_1_802' title='bbox 3150 4465 3436 4536; x_wconf 84' lang='lat' dir='ltr'><strong>panthera,</strong></span> 
     </span>
    </p>
   </div>
   <div class='ocr_carea' id='block_1_103' title="bbox 1871 4556 3439 4629">
    <p class='ocr_par' dir='ltr' id='par_1_103' title="bbox 1871 4556 3439 4629">
     <span class='ocr_line' id='line_1_103' title="bbox 1871 4556 3439 4629; baseline -0.002 -13"><span class='ocrx_word' id='word_1_803' title='bbox 1871 4569 1925 4616; x_wconf 90' lang='lat' dir='ltr'><strong>et</strong></span> <span class='ocrx_word' id='word_1_804' title='bbox 1968 4561 2110 4616; x_wconf 89' lang='lat' dir='ltr'><strong>sicut</strong></span> <span class='ocrx_word' id='word_1_805' title='bbox 2160 4556 2363 4628; x_wconf 86' lang='lat' dir='ltr'><strong>pardus</strong></span> <span class='ocrx_word' id='word_1_806' title='bbox 2412 4557 2467 4609; x_wconf 91' lang='lat' dir='ltr'><strong>in</strong></span> <span class='ocrx_word' id='word_1_807' title='bbox 2507 4556 2595 4609; x_wconf 88' lang='lat' dir='ltr'><strong>via</strong></span> <span class='ocrx_word' id='word_1_808' title='bbox 2650 4556 3025 4624; x_wconf 81' lang='lat' dir='ltr'><strong>Assyriorum.</strong></span> <span class='ocrx_word' id='word_1_809' title='bbox 3076 4576 3094 4609; x_wconf 76' lang='grc' dir='ltr'><strong>ι</strong></span> <span class='ocrx_word' id='word_1_810' title='bbox 3146 4557 3439 4629; x_wconf 80' lang='lat' dir='ltr'><strong>Propterea</strong></span> 
     </span>
    </p>
   </div>
   <div class='ocr_carea' id='block_1_104' title="bbox 1872 4649 3440 4724">
    <p class='ocr_par' dir='ltr' id='par_1_104' title="bbox 1872 4649 3440 4724">
     <span class='ocr_line' id='line_1_104' title="bbox 1872 4649 3440 4724; baseline 0 -17"><span class='ocrx_word' id='word_1_811' title='bbox 1872 4654 2147 4724; x_wconf 79' lang='lat' dir='ltr'><strong>pantherae</strong></span> <span class='ocrx_word' id='word_1_812' title='bbox 2194 4665 2344 4705; x_wconf 90' lang='lat' dir='ltr'><strong>more</strong></span> <span class='ocrx_word' id='word_1_813' title='bbox 2398 4649 2684 4720; x_wconf 81' lang='lat' dir='ltr'><strong>pardique,</strong></span> <span class='ocrx_word' id='word_1_814' title='bbox 2722 4650 2982 4706; x_wconf 85' lang='lat' dir='ltr'><strong>velociter</strong></span> <span class='ocrx_word' id='word_1_815' title='bbox 3025 4650 3315 4707; x_wconf 78' lang='lat' dir='ltr'><strong>admodum</strong></span> <span class='ocrx_word' id='word_1_816' title='bbox 3344 4667 3440 4708; x_wconf 85' lang='lat' dir='ltr'><strong>eos</strong></span> 
     </span>
    </p>
   </div>
   <div class='ocr_carea' id='block_1_105' title="bbox 1873 4741 3438 4815">
    <p class='ocr_par' dir='ltr' id='par_1_105' title="bbox 1873 4741 3438 4815">
     <span class='ocr_line' id='line_1_105' title="bbox 1873 4741 3438 4815; baseline -0.001 -14"><span class='ocrx_word' id='word_1_817' title='bbox 1873 4754 2153 4801; x_wconf 85' lang='lat' dir='ltr'><strong>conteram</strong></span> <span class='ocrx_word' id='word_1_818' title='bbox 2201 4742 2553 4812; x_wconf 83' lang='lat' dir='ltr'><strong>perdamque,</strong></span> <span class='ocrx_word' id='word_1_819' title='bbox 2601 4748 2837 4797; x_wconf 85' lang='lat' dir='ltr'><strong>cunctos</strong></span> <span class='ocrx_word' id='word_1_820' title='bbox 2862 4741 3115 4797; x_wconf 83' lang='lat' dir='ltr'><strong>videlicet</strong></span> <span class='ocrx_word' id='word_1_821' title='bbox 3163 4743 3218 4798; x_wconf 93' lang='lat' dir='ltr'><strong>in</strong></span> <span class='ocrx_word' id='word_1_822' title='bbox 3263 4744 3438 4815; x_wconf 75' lang='lat' dir='ltr'><strong>Assy-</strong></span> 
     </span>
    </p>
   </div>
   <div class='ocr_carea' id='block_1_106' title="bbox 1872 4830 3441 4905">
    <p class='ocr_par' dir='ltr' id='par_1_106' title="bbox 1872 4830 3441 4905">
     <span class='ocr_line' id='line_1_106' title="bbox 1872 4830 3441 4905; baseline -0.002 -14"><span class='ocrx_word' id='word_1_823' title='bbox 1872 4838 2081 4892; x_wconf 86' lang='lat' dir='ltr'><strong>riorum</strong></span> <span class='ocrx_word' id='word_1_824' title='bbox 2116 4834 2339 4888; x_wconf 86' lang='lat' dir='ltr'><strong>trahens</strong></span> <span class='ocrx_word' id='word_1_825' title='bbox 2373 4832 2763 4901; x_wconf 87' lang='lat' dir='ltr'><strong>captivitatem.</strong></span> <span class='ocrx_word' id='word_1_826' title='bbox 2794 4850 2813 4883; x_wconf 76' lang='grc' dir='ltr'><strong>ι</strong></span> <span class='ocrx_word' id='word_1_827' title='bbox 2853 4830 3150 4887; x_wconf 79' lang='lat' dir='ltr'><strong>Occurram</strong></span> <span class='ocrx_word' id='word_1_828' title='bbox 3177 4834 3259 4889; x_wconf 81' lang='lat' dir='ltr'><strong>eis</strong></span> <span class='ocrx_word' id='word_1_829' title='bbox 3283 4835 3441 4905; x_wconf 71' lang='lat' dir='ltr'><strong>quasi</strong></span> 
     </span>
    </p>
   </div>
   <div class='ocr_carea' id='block_1_107' title="bbox 1878 4910 3447 4989">
    <p class='ocr_par' dir='ltr' id='par_1_107' title="bbox 1878 4910 3447 4989">
     <span class='ocr_line' id='line_1_107' title="bbox 1878 4910 3447 4989; baseline -0.001 -6"><span class='ocrx_word' id='word_1_830' title='bbox 1878 4944 2003 4984; x_wconf 85' lang='lat' dir='ltr'><strong>ursa</strong></span> <span class='ocrx_word' id='word_1_831' title='bbox 2033 4926 2294 4983; x_wconf 86' lang='lat' dir='ltr'><strong>destituta</strong></span> <span class='ocrx_word' id='word_1_832' title='bbox 2324 4926 2543 4981; x_wconf 82' lang='lat' dir='ltr'><strong>catulis.</strong></span> <span class='ocrx_word' id='word_1_833' title='bbox 2576 4943 2594 4976; x_wconf 73' lang='grc' dir='ltr'><strong>ι</strong></span> <span class='ocrx_word' id='word_1_834' title='bbox 2640 4923 2789 4979; x_wconf 76' lang='lat' dir='ltr'><strong>Ursa:</strong></span> <span class='ocrx_word' id='word_1_835' title='bbox 2814 4941 2989 4989; x_wconf 83' lang='lat' dir='ltr'><strong>more,</strong></span> <span class='ocrx_word' id='word_1_836' title='bbox 3017 4926 3102 4979; x_wconf 89' lang='lat' dir='ltr'><strong>cui</strong></span> <span class='ocrx_word' id='word_1_837' title='bbox 3130 4925 3212 4980; x_wconf 72' lang='lat' dir='ltr'><strong>sui</strong></span> <span class='ocrx_word' id='word_1_838' title='bbox 3244 4910 3447 4987; x_wconf 71' lang='lat' dir='ltr'><strong>sublati</strong></span> 
     </span>
    </p>
   </div>
   <div class='ocr_carea' id='block_1_108' title="bbox 1880 5015 3447 5088">
    <p class='ocr_par' dir='ltr' id='par_1_108' title="bbox 1880 5015 3447 5088">
     <span class='ocr_line' id='line_1_108' title="bbox 1880 5015 3447 5088; baseline -0.004 -11"><span class='ocrx_word' id='word_1_839' title='bbox 1880 5021 1991 5077; x_wconf 90' lang='lat' dir='ltr'><strong>sint</strong></span> <span class='ocrx_word' id='word_1_840' title='bbox 2023 5018 2210 5082; x_wconf 85' lang='lat' dir='ltr'><strong>catuli,</strong></span> <span class='ocrx_word' id='word_1_841' title='bbox 2256 5025 2311 5072; x_wconf 91' lang='lat' dir='ltr'><strong>et</strong></span> <span class='ocrx_word' id='word_1_842' title='bbox 2348 5017 2418 5071; x_wconf 91' lang='lat' dir='ltr'><strong>ob</strong></span> <span class='ocrx_word' id='word_1_843' title='bbox 2464 5032 2628 5088; x_wconf 73' lang='lat' dir='ltr'><strong>grave</strong></span> <span class='ocrx_word' id='word_1_844' title='bbox 2673 5015 2893 5071; x_wconf 90' lang='lat' dir='ltr'><strong>illorum</strong></span> <span class='ocrx_word' id='word_1_845' title='bbox 2931 5016 3265 5072; x_wconf 79' lang='lat' dir='ltr'><strong>desiderium</strong></span> <span class='ocrx_word' id='word_1_846' title='bbox 3285 5026 3447 5086; x_wconf 78' lang='lat' dir='ltr'><strong>quot-</strong></span> 
     </span>
    </p>
   </div>
   <div class='ocr_carea' id='block_1_109' title="bbox 1880 5107 3445 5182">
    <p class='ocr_par' dir='ltr' id='par_1_109' title="bbox 1880 5107 3445 5182">
     <span class='ocr_line' id='line_1_109' title="bbox 1880 5107 3445 5182; baseline -0.004 -17"><span class='ocrx_word' id='word_1_847' title='bbox 1880 5120 2014 5182; x_wconf 88' lang='lat' dir='ltr'><strong>quot</strong></span> <span class='ocrx_word' id='word_1_848' title='bbox 2036 5109 2377 5164; x_wconf 88' lang='lat' dir='ltr'><strong>occurreriut</strong></span> <span class='ocrx_word' id='word_1_849' title='bbox 2403 5107 2784 5177; x_wconf 81' lang='lat' dir='ltr'><strong>discerpentis.</strong></span> <span class='ocrx_word' id='word_1_850' title='bbox 2808 5124 2908 5177; x_wconf 73' lang='lat' dir='ltr'><strong>ego</strong></span> <span class='ocrx_word' id='word_1_851' title='bbox 2945 5124 3162 5178; x_wconf 78' lang='lat' dir='ltr'><strong>quoque</strong></span> <span class='ocrx_word' id='word_1_852' title='bbox 3194 5124 3445 5179; x_wconf 76' lang='lat' dir='ltr'><strong>magnam</strong></span> 
     </span>
    </p>
   </div>
   <div class='ocr_carea' id='block_1_110' title="bbox 1880 5198 3449 5268">
    <p class='ocr_par' dir='ltr' id='par_1_110' title="bbox 1880 5198 3449 5268">
     <span class='ocr_line' id='line_1_110' title="bbox 1880 5198 3449 5268; baseline -0.004 -11"><span class='ocrx_word' id='word_1_853' title='bbox 1880 5218 2071 5258; x_wconf 88' lang='lat' dir='ltr'><strong>eorum</strong></span> <span class='ocrx_word' id='word_1_854' title='bbox 2117 5201 2449 5256; x_wconf 87' lang='lat' dir='ltr'><strong>occisionem</strong></span> <span class='ocrx_word' id='word_1_855' title='bbox 2498 5198 2716 5253; x_wconf 81' lang='lat' dir='ltr'><strong>faciam.</strong></span> <span class='ocrx_word' id='word_1_856' title='bbox 2763 5217 2783 5250; x_wconf 78' lang='grc' dir='ltr'><strong>ι</strong></span> <span class='ocrx_word' id='word_1_857' title='bbox 2836 5198 2903 5251; x_wconf 83' lang='grc' dir='ltr'><strong>Ει</strong></span> <span class='ocrx_word' id='word_1_858' title='bbox 2948 5200 3283 5268; x_wconf 87' lang='lat' dir='ltr'><strong>disrumpam</strong></span> <span class='ocrx_word' id='word_1_859' title='bbox 3318 5214 3449 5252; x_wconf 86' lang='lat' dir='ltr'><strong>con-</strong></span> 
     </span>
    </p>
   </div>
   <div class='ocr_carea' id='block_1_111' title="bbox 1882 5287 3452 5357">
    <p class='ocr_par' dir='ltr' id='par_1_111' title="bbox 1882 5287 3452 5357">
     <span class='ocr_line' id='line_1_111' title="bbox 1882 5287 3452 5357; baseline -0.005 -9"><span class='ocrx_word' id='word_1_860' title='bbox 1882 5293 2183 5348; x_wconf 80' lang='lat' dir='ltr'><strong>clusionem</strong></span> <span class='ocrx_word' id='word_1_861' title='bbox 2225 5291 2408 5347; x_wconf 89' lang='lat' dir='ltr'><strong>cordis</strong></span> <span class='ocrx_word' id='word_1_862' title='bbox 2450 5304 2663 5345; x_wconf 86' lang='lat' dir='ltr'><strong>eorum.</strong></span> <span class='ocrx_word' id='word_1_863' title='bbox 2702 5308 2720 5341; x_wconf 72' lang='grc' dir='ltr'><strong>ι</strong></span> <span class='ocrx_word' id='word_1_864' title='bbox 2756 5287 2822 5342; x_wconf 84' lang='lat' dir='ltr'><strong>Et</strong></span> <span class='ocrx_word' id='word_1_865' title='bbox 2850 5304 3040 5343; x_wconf 84' lang='lat' dir='ltr'><strong>eorum</strong></span> <span class='ocrx_word' id='word_1_866' title='bbox 3075 5302 3265 5344; x_wconf 81' lang='lat' dir='ltr'><strong>omnes</strong></span> <span class='ocrx_word' id='word_1_867' title='bbox 3286 5288 3452 5357; x_wconf 74' lang='lat' dir='ltr'><strong>cogi-</strong></span> 
     </span>
    </p>
   </div>
   <div class='ocr_carea' id='block_1_112' title="bbox 1883 5381 3451 5455">
    <p class='ocr_par' dir='ltr' id='par_1_112' title="bbox 1883 5381 3451 5455">
     <span class='ocr_line' id='line_1_112' title="bbox 1883 5381 3451 5455; baseline -0.003 -15"><span class='ocrx_word' id='word_1_868' title='bbox 1883 5386 2163 5448; x_wconf 89' lang='lat' dir='ltr'><strong>tationes,</strong></span> <span class='ocrx_word' id='word_1_869' title='bbox 2230 5398 2367 5455; x_wconf 88' lang='lat' dir='ltr'><strong>quas</strong></span> <span class='ocrx_word' id='word_1_870' title='bbox 2434 5384 2578 5438; x_wconf 88' lang='lat' dir='ltr'><strong>intra</strong></span> <span class='ocrx_word' id='word_1_871' title='bbox 2644 5397 2703 5438; x_wconf 84' lang='lat' dir='ltr'><strong>se</strong></span> <span class='ocrx_word' id='word_1_872' title='bbox 2771 5382 3149 5448; x_wconf 81' lang='lat' dir='ltr'><strong>continentes,</strong></span> <span class='ocrx_word' id='word_1_873' title='bbox 3206 5381 3451 5437; x_wconf 88' lang='lat' dir='ltr'><strong>studiose</strong></span> 
     </span>
    </p>
   </div>
   <div class='ocr_carea' id='block_1_113' title="bbox 1886 5473 3453 5544">
    <p class='ocr_par' dir='ltr' id='par_1_113' title="bbox 1886 5473 3453 5544">
     <span class='ocr_line' id='line_1_113' title="bbox 1886 5473 3453 5544; baseline -0.001 -15"><span class='ocrx_word' id='word_1_874' title='bbox 1886 5474 2176 5529; x_wconf 86' lang='lat' dir='ltr'><strong>admodum</strong></span> <span class='ocrx_word' id='word_1_875' title='bbox 2229 5473 2550 5544; x_wconf 84' lang='lat' dir='ltr'><strong>peccabant,</strong></span> <span class='ocrx_word' id='word_1_876' title='bbox 2602 5487 2974 5542; x_wconf 85' lang='lat' dir='ltr'><strong>supervacuas</strong></span> <span class='ocrx_word' id='word_1_877' title='bbox 3023 5488 3085 5526; x_wconf 90' lang='lat' dir='ltr'><strong>ac</strong></span> <span class='ocrx_word' id='word_1_878' title='bbox 3139 5487 3305 5528; x_wconf 84' lang='lat' dir='ltr'><strong>vanas</strong></span> <span class='ocrx_word' id='word_1_879' title='bbox 3357 5487 3453 5542; x_wconf 82' lang='lat' dir='ltr'><strong>per</strong></span> 
     </span>
    </p>
   </div>
   <div class='ocr_carea' id='block_1_114' title="bbox 1887 5562 3549 5650">
    <p class='ocr_par' dir='ltr' id='par_1_114' title="bbox 1887 5562 3549 5650">
     <span class='ocr_line' id='line_1_114' title="bbox 1887 5562 3549 5650; baseline -0.001 -29"><span class='ocrx_word' id='word_1_880' title='bbox 1887 5564 2148 5622; x_wconf 82' lang='lat' dir='ltr'><strong>inﬂictam</strong></span> <span class='ocrx_word' id='word_1_881' title='bbox 2191 5580 2411 5637; x_wconf 64' lang='lat' dir='ltr'><strong>poenam</strong></span> <span class='ocrx_word' id='word_1_882' title='bbox 2459 5578 2773 5636; x_wconf 79' lang='lat' dir='ltr'><strong>coarguam.</strong></span> <span class='ocrx_word' id='word_1_883' title='bbox 2817 5583 2835 5615; x_wconf 76' lang='grc' dir='ltr'><strong>ι</strong></span> <span class='ocrx_word' id='word_1_884' title='bbox 2882 5562 2947 5618; x_wconf 85' lang='lat' dir='ltr'><strong>Et</strong></span> <span class='ocrx_word' id='word_1_885' title='bbox 2984 5562 3322 5620; x_wconf 83' lang='lat' dir='ltr'><strong>dcvorabunt</strong></span> <span class='ocrx_word' id='word_1_886' title='bbox 3359 5578 3455 5621; x_wconf 84' lang='lat' dir='ltr'><strong>eos</strong></span> <span class='ocrx_word' id='word_1_887' title='bbox 3544 5644 3549 5650; x_wconf 6' lang='grc' dir='ltr'><strong>γ</strong></span> 
     </span>
    </p>
   </div>
   <div class='ocr_carea' id='block_1_115' title="bbox 3100 5836 3137 5897">
    <p class='ocr_par' dir='ltr' id='par_1_115' title="bbox 3100 5836 3137 5897">
     <span class='ocr_line' id='line_1_115' title="bbox 3100 5836 3137 5897; baseline 0 -2"><span class='ocrx_word' id='word_1_888' title='bbox 3100 5836 3137 5897; x_wconf 75' lang='lat'><strong>7</strong></span> 
     </span>
    </p>
   </div>
  </div>
