3954 6514
492 265 595 323 205

1692 263 2041 321 THEODORI
2092 261 2571 321 MOPSUESTENI

3641 248 3743 304 20‘

501 391 574 445 ibi
604 389 771 444 catuli
826 389 993 451 silvae,
1050 394 1103 442 et
1154 385 1343 441 bestia:
1388 385 1502 455 agri
1550 384 1865 455 discerpent
1893 400 2006 439 eos.
2048 403 2066 436 ι

2177 385 2301 437 ϐουν
2333 384 2430 454 τῆς
2456 380 2789 453 ἐπιμελείας,
2828 378 3120 451 περιττοὺς
3150 378 3307 443 ὄντας
3345 380 3440 434 καὶ
3473 379 3749 450 ματαίως,

502 481 593 535 Sic
623 495 719 536 eos
757 481 924 535 variis
978 479 1219 533 caulibus
1270 485 1599 531 consument
1648 476 1873 543 hostes;
1904 476 2072 530 veluti

502 576 688 630 leones
719 575 785 629 de
823 574 985 634 saltu,
1037 580 1131 625 aut
1186 571 1306 624 alia:
1358 568 1672 638 hujusmodi
1701 568 1846 633 ferte,
1896 568 2078 623 subito

504 667 774 722 irruentes
809 666 1065 720 dentibus
1103 680 1296 718 omnes
1328 664 1645 716 lacerarent.
1680 681 1695 711 ι
1728 659 2075 729 Corruptioni

504 767 626 821 tuae,
684 758 870 815 Israel.
925 756 1047 826 quis
1113 754 1501 809 auxiliabitnr?
1558 771 1573 804 ι
1629 750 1819 805 Tantis
1870 751 2077 807 fractus

500 852 852 923 pcrditusque
883 846 1059 909 malis.
1086 848 1362 917 quodnam
1397 846 1659 899 auxilium
1688 842 1972 897 invenies?

2184 474 2272 527 διὰ
2306 472 2403 543 τῆς
2433 472 2776 542 ὲπαγομένης
2817 471 2997 533 αὐτοῖς
3028 469 3229 537 ἐλέγξω
3267 469 3553 540 τιμωρίας.
3585 488 3606 522 ι
3645 471 3751 523 Καὶ

2185 568 2448 634 φάγονται
2496 565 2691 626 αὐτοὺς
2739 566 2852 616 ἐκεῖ
2893 562 3121 633 σκύμνοι
3172 561 3399 633 δρυμοῦ,
3456 563 3549 616 καλ⁸
3592 562 3752 633 θηρία

2184 657 2356 729 ἀγροῦ
2394 657 2677 710 διασπάσει
2708 652 2922 717 αὐτούς.
2963 672 2981 705 ι
3017 651 3171 706 Οὕτω
3202 652 3310 724 γάρ
3338 652 3531 716 αὐτοὺς
3563 654 3629 722 τῇ
3655 651 3752 721 τῆς

2186 748 2400 818 σφαγῆς
2422 748 2663 818 ποικιλίᾳ
2693 745 3162 800 καταναλώσουσιν
3183 746 3233 797 οἰ
3265 744 3529 815 πολέμιοι,
3556 743 3752 797 ὡσανεὶ

2184 838 2394 901 λέοντές
2437 855 2578 901 τινες
2610 839 2672 890 ἐκ
2721 836 2948 907 δρυμοῦ,
2982 836 3016 905 ἦ
3053 851 3173 887 τινα
3214 833 3377 904 ἕτερα
3405 832 3752 902 παραπλήσια

496 942 704 1006 τούτοις
733 940 915 1013 θηρία,
946 941 1116 1010 ἁθρόα
1149 940 1258 1001 τοῖς
1289 936 1495 989 ὀδοῦσιν
1524 934 1851 988 ἐπιπεσόντα
1872 931 2216 986 διασπάσειεν
2241 930 2505 994 ἅπαντας.
2544 949 2561 980 ι
2590 930 2668 999 Τῇ
2696 926 2960 997 διαφθορᾷ
2985 944 3099 989 σου,
3118 925 3352 997 Ἰσραὴλ,
3382 925 3464 988 τίς
3499 925 3750 997 βοηθήσει

498 1050 609 1099 σοι;
644 1054 660 1084 ι
696 1032 855 1085 Ἀλλά
888 1032 996 1101 γὰρ
1036 1031 1140 1084 ὑπὸ
1170 1027 1436 1081 τοσούτων
1468 1025 1909 1097 διαφθειρόμενός
1942 1042 2001 1077 τε
2032 1024 2125 1077 καὶ
2156 1022 2522 1093 ἀπολλύμενος
2555 1021 2759 1084 κακῶν,
2791 1020 2908 1072 τίνα
2942 1018 3007 1072 ἂν
3038 1017 3213 1087 εὕροις
3235 1017 3491 1089 βοήθειαν
3517 1036 3532 1087 ;

566 1173 736 1228 Vens.
774 1169 965 1225 ill-il.
997 1198 1067 1208 --
1098 1185 1116 1218 ι
1154 1166 1256 1223 Ubi
1287 1166 1373 1220 hic
1402 1181 1492 1219 rex
1525 1165 1693 1221 tuus?
1718 1162 1873 1218 Nunc
1901 1163 2077 1218 salvet

495 1280 549 1324 te
593 1268 647 1321 in
703 1264 957 1320 onmibus
1014 1260 1242 1314 urbibus
1287 1258 1415 1312 tuis.
1459 1256 1632 1311 Iudex
1678 1265 1798 1311 esto
1830 1265 1979 1315 tuus.
2008 1255 2078 1309 de

498 1374 606 1429 quo
637 1356 821 1412 dixisti
861 1374 873 1409 :
911 1353 986 1407 Da
1019 1352 1150 1405 mihi
1175 1367 1354 1420 regem
1387 1361 1439 1403 et
1464 1350 1764 1420 principem
1799 1368 1811 1400 :
1840 1348 2076 1418 dedique

496 1452 596 1505 tibi
626 1463 806 1519 regem
850 1447 904 1500 in
948 1447 1027 1499 ira
1061 1458 1203 1499 mea.
1248 1462 1266 1495 ι
1303 1442 1488 1513 Neque
1531 1442 1675 1496 enim
1706 1457 1770 1496 ex
1800 1441 1951 1511 regio
1982 1447 2073 1494 ant

496 1540 720 1595 militari
744 1536 1006 1608 regimine
1030 1534 1325 1604 quidquam
1351 1532 1651 1587 lucraberis
1682 1550 1694 1584 :
1732 1531 1839 1585 erit
1871 1533 2071 1600 quippe

496 1642 551 1685 et
583 1631 685 1685 hoc
717 1628 1014 1683 invalidum
1052 1626 1119 1680 ad
1148 1624 1544 1689 defensionem,
1596 1630 1931 1693 repugnante
1961 1637 2068 1675 me.

2252 1161 2400 1230 Στίχ.
2454 1168 2503 1221 ι’,
2533 1165 2619 1214 ια’.
2648 1188 2718 1199 -—
2752 1176 2770 1209 ι
2810 1158 2918 1211 Ποῦ
2949 1160 2977 1211 ὁ
3009 1156 3259 1227 βασιλεύς
3305 1173 3397 1209 σου
3444 1147 3623 1222 οὗτος
3660 1158 3750 1209 καὶ

2177 1252 2496 1307 διασωσάτω
2526 1269 2583 1304 σε
2626 1253 2684 1304 ὲν
2714 1251 2917 1315 πάσαις
2955 1254 3075 1313 ταῖς
3108 1248 3293 1302 πόλεσί
3342 1266 3435 1303 σου
3456 1266 3469 1279 ο
3498 1250 3593 1302 καὶ
3634 1266 3752 1320 κρι-

2178 1345 2319 1397 νάτω
2353 1361 2433 1408 σε,
2464 1343 2521 1396 ὃν
2552 1337 2731 1408 εἶπας,
2762 1344 2861 1405 Δός
2893 1359 2980 1412 μοι
3008 1341 3226 1411 βασιλέα
3257 1342 3351 1394 καὶ
3374 1341 3627 1411 ἄρχοντα,
3658 1341 3752 1394 καὶ

2177 1435 2353 1489 ἔδωκά
2379 1452 2458 1489 σοι
2484 1435 2706 1505 βασιλέα
2732 1436 2788 1486 ἐν
2820 1435 2954 1505 ὀργῇ
2986 1450 3105 1502 μου.
3140 1450 3158 1483 ι
3196 1432 3330 1485 Οὐδὲ
3368 1432 3477 1502 γὰρ
3499 1433 3563 1485 ὲκ
3601 1431 3751 1502 βασι-

2178 1528 2332 1599 λικῆς
2383 1528 2695 1598 ἐπιμελείας
2735 1528 2767 1598 ἧ
2802 1527 3134 1598 στρατηγίας
3176 1527 3389 1579 ἀποίσει
3422 1543 3477 1579 τι
3522 1527 3709 1596 κέρδος
3733 1546 3747 1559 υ

2177 1621 2326 1673 ἔσται
2356 1620 2464 1689 γὰρ
2509 1620 2601 1672 καὶ
2634 1614 2785 1681 οὗτος
2817 1617 3001 1680 ἄτονος
3043 1618 3123 1680 εἰς
3158 1616 3425 1688 βοήθειαν,
3456 1618 3749 1688 ἀντιπράτ-

496 1720 631 1775 Nam
684 1736 807 1775 cum
862 1719 995 1773 mihi
1048 1717 1344 1788 placuisset
1402 1714 1531 1769 dare
1580 1715 1735 1768 vobis
1788 1712 2070 1782 praasidem

2177 1728 2362 1774 τοντος
2395 1710 2528 1780 ἐμοῦ
2554 1725 2568 1740 °
2618 1708 2794 1762 καίτοι
2831 1726 2893 1777 γε
2928 1708 3092 1779 [κατά
3125 1709 3186 1761 τὸ
3229 1707 3359 1779 γάρ]
3394 1710 3514 1778 ἐμοὶ
3560 1708 3749 1761 δοκοῦν

500 1813 831 1878 Samuelern,
884 1812 1059 1865 virum
1094 1810 1304 1878 justum
1348 1814 1402 1860 ct
1438 1807 1584 1861 omni
1629 1807 1830 1859 virtute
1874 1803 2070 1875 praedi-

498 1898 637 1968 tum,
668 1904 761 1975 qtti
788 1901 1157 1957 sacerdotium
1205 1898 1367 1954 simul
1395 1906 1449 1952 et
1490 1896 1855 1967 principatum
1891 1894 2071 1965 populi

500 1995 931 2057 administraret,
958 2007 1054 2045 vos
1084 2005 1207 2044 eum
1251 1989 1477 2042 omnino
1524 1988 1888 2056 deposuistis;
1922 2000 2076 2055 a3que

500 2103 565 2140 ac
595 2086 833 2154 reliquas
872 2090 1081 2152 gentes,
1119 2090 1369 2149 oportere
1414 2094 1510 2133 vos
1544 2079 1742 2133 habere
1775 2092 1954 2147 regem
1992 2077 2075 2130 di-

500 2187 707 2239 centes,
730 2175 823 2245 qui
857 2174 1015 2229 vobis
1045 2173 1165 2227 usui
1204 2180 1351 2227 esset
1379 2171 1446 2225 ad
1480 2171 1620 2225 bella
1659 2178 1849 2224 contra
1885 2169 2075 2223 alieni-

500 2283 689 2338 genas.
715 2267 878 2336 Atqui
926 2272 1141 2334 tempus
1188 2264 1363 2324 adest,
1397 2277 1505 2331 quo
1558 2261 2070 2315 inconsiderantiam

500 2368 736 2413 vestram
786 2356 1096 2426 agnoscetis
1151 2374 1164 2407 :
1218 2354 1355 2407 nihil
1404 2354 1547 2407 enim
1590 2352 1744 2405 vobis
1775 2352 2073 2419 proderunt

502 2451 556 2504 hi
602 2449 695 2519 qui
746 2461 974 2518 regnare
1021 2445 1165 2516 apud
1216 2460 1312 2499 vos
1361 2444 1632 2507 videntur,
1683 2441 1949 2511 siquidem
1985 2456 2074 2494 ve-

501 2551 627 2595 strae
669 2553 861 2593 omnes
909 2537 1074 2590 urbes
1109 2549 1214 2589 una
1259 2535 1557 2605 eademque
1590 2534 1744 2586 ruina
1791 2538 2068 2586 eorruent.

500 2630 670 2687 Nemo
737 2631 902 2700 igitur
966 2629 1061 2683 tibi
1118 2626 1284 2697 jndex
1344 2628 1468 2688 erit,
1537 2626 1697 2695 quasi
1744 2625 2068 2679 immeritam

498 2724 619 2795 63
689 2722 757 2775 ab
824 2720 1062 2774 inimicis
1116 2718 1519 2789 aggressionem
1584 2718 1842 2786 patiaris;
1898 2730 2072 2783 neque

500 2813 671 2864 ullum
758 2810 815 2863 in
902 2809 1004 2862 hoc
1100 2822 1279 2861 rerum
1358 2815 1501 2859 statu
1594 2806 1855 2859 auxilium
1930 2798 2085 2874 prae?

499 2904 692 2967 bebit,
745 2914 1057 2971 quanquam
1149 2901 1251 2952 hoc
1337 2898 1617 2968 potissime
1686 2914 1870 2967 regum
1943 2914 2068 2968 erga

500 3010 631 3051 suos
686 2994 918 3047 otlicium
983 3000 1101 3054 est,
1162 2999 1220 3043 ut
1280 2990 1508 3058 injurias
1554 3005 1741 3044 eorum
1800 2990 2071 3044 ulciscan-

501 3096 591 3140 tur
632 3106 644 3140 :

498 3177 695 3231 vestris
738 3175 1072 3245 potentiores
1121 3180 1267 3227 sunt.
1323 3171 1429 3226 Sed
1469 3181 1647 3224 tamen
1674 3185 1795 3223 cum
1838 3172 2070 3239 petistis,

502 3276 763 3337 tanquam
798 3265 1001 3334 aliquid
1034 3263 1161 3317 boni
1219 3261 1517 3331 accepturi.
1547 3261 1692 3331 regis
1724 3261 2066 3330 dignitatem,

503 3359 795 3428 indignans
843 3372 943 3425 ego
988 3355 1113 3409 licet
1149 3360 1341 3406 vestrm
1380 3351 1677 3405 voluntatis
1706 3349 2064 3419 improbitati,

504 3449 861 3504 nihilominus
911 3454 968 3499 ut
1001 3460 1179 3514 regem
1235 3442 1507 3497 haberetis
1551 3440 1777 3504 indulsi,
1831 3456 1899 3493 ne.
1932 3440 2071 3495 [orte

501 3541 715 3595 viderer
747 3546 941 3593 vestra:
966 3537 1180 3604 Optima:
1206 3532 1591 3588 deliberationi
1645 3530 2019 3585 contradicere
2051 3548 2064 3583 :

500 3632 748 3693 toleravi,
796 3630 1041 3699 inquam,
1071 3628 1122 3679 in
1150 3627 1229 3679 ira
1264 3640 1403 3679 mea.
1439 3624 1504 3680 Et
1539 3639 1683 3678 nunc
1714 3623 1917 3693 pariter
1952 3622 2066 3674 ira-

503 3737 592 3779 tus
617 3731 732 3776 tum
756 3721 831 3774 itli
872 3719 1037 3773 veteri
1075 3726 1187 3770 tum
1220 3716 1613 3786 posterioribus
1639 3714 1837 3770 vestris
1864 3714 2070 3782 iniqui~

503 3814 728 3874 tatibus,
753 3825 931 3865 meum
961 3809 1116 3863 vobis
1148 3808 1411 3862 auxilium
1448 3807 1704 3871 subduxi,
1733 3806 1948 3875 sivique
1974 3820 2072 3858 vos

499 3920 566 3960 ex
620 3903 752 3974 ipsis
790 3901 1001 3956 discere
1067 3901 1253 3963 rebus,
1301 3906 1505 3968 quanto
1551 3898 1743 3952 melius
1776 3895 1953 3951 fuerat
2006 3896 2074 3949 ab

498 3995 631 4061 illis,
670 4008 807 4063 quos
852 4006 953 4062 ego
995 4005 1094 4061 pro
1118 3998 1294 4044 vestra
1324 3989 1499 4043 salute
1534 3990 1822 4058 elegerant,
1854 4002 2069 4056 semper

500 4086 823 4159 gubernari,
886 4098 1048 4154 quam
1112 4082 1272 4152 regiae
1341 4097 1439 4136 vos
1511 4078 1850 4135 committere
1915 4086 2068 4147 pote-

501 4180 652 4235 stati.

570 4310 737 4365 Vens.
773 4309 960 4363 12-14.
994 4338 1063 4348 -
1092 4324 1111 4358 ι
1147 4304 1345 4361 Vorte:
1387 4303 1691 4375 iniquitatis
1719 4303 2067 4375 Ephraimus,

2176 1801 2474 1872 ἡγούμενόν
2508 1817 2601 1853 σου
2631 1800 2720 1852 τὸν
2754 1799 3006 1870 Σαμουὴλ
3038 1799 3200 1869 ἄνδρα
3231 1799 3454 1863 δίκαιον,
3485 1800 3577 1853 καὶ
3611 1801 3749 1868 μετά

2175 1894 2355 1963 πάσης
2386 1895 2585 1966 ἀρετῆς
2609 1897 2709 1964 τήν
2748 1911 2807 1947 τε
2850 1894 3148 1965 ἱερωσύνην
3180 1896 3273 1949 καὶ
3298 1896 3395 1966 τὴν
3426 1897 3749 1966 ἡγεμονείαν

2173 1986 2423 2039 διέποντα
2451 1986 2543 2039 τοῦ
2570 1986 2722 2049 λαοῦ,
2754 1986 3178 2058 παρεγράψασθε
3202 1987 3497 2052 παντελῶς,
3528 1991 3602 2059 (p.
3633 1988 3703 2043 96
3729 1993 3749 2041 l

2174 2078 2567 2149 παραπλησίως
2594 2082 2705 2142 τοῖς
2741 2080 2946 2142 λοιποῖς
2980 2080 3153 2133 ἔθνεσι
3183 2082 3451 2152 φήσαντες
3471 2082 3578 2135 δεῖν
3605 2082 3750 2151 ἔχειν

2176 2164 2415 2234 βασιλέα,
2453 2166 2511 2228 ὃς
2544 2167 2763 2235 ἀρκέσει
2800 2168 2934 2239 πρὸς
2961 2169 3086 2232 τοὺς
3119 2169 3256 2243 ὑπὲρ
3294 2171 3447 2240 ὑμῶν
3478 2172 3750 2241 πολέμους

2171 2258 2282 2318 τοῖς
2327 2256 2661 2328 ἀλλοτρίοιςο
2712 2259 2846 2311 ἀλλά
2900 2259 3007 2331 γὰρ
3041 2261 3163 2329 ἥκει
3220 2262 3428 2332 καιρὸς,
3465 2264 3523 2314 ὲν
3573 2255 3619 2330 ᾧ
3647 2262 3750 2331 τῆς

2172 2347 2425 2412 ἀϐουλίας
2468 2350 2789 2419 αἰσθήσεσθε
2828 2350 3153 2421 τῆς-οἰκείας
3179 2370 3192 2382 ·
3221 2353 3279 2404 ού
3322 2354 3428 2422 γάρ
3456 2372 3507 2406 τι
3554 2353 3750 2424 ὄφελος

2171 2439 2497 2510 παρέξουσιν
2530 2441 2657 2510 ὑμῖν
2685 2443 2733 2493 οἱ
2763 2440 3066 2511 βασιλεύειν
3093 2445 3148 2495 ἐν
3169 2444 3296 2514 ὑμῖν
3320 2444 3621 2509 δοκοῦντες,
3653 2446 3749 2499 ἅτε

2171 2533 2357 2584 πασῶν
2389 2531 2497 2583 τῶν
2530 2533 2589 2583 ἐν
2622 2532 2751 2602 ύμῖν
2794 2533 2998 2586 πόλεων
3028 2534 3130 2587 ὑπὸ
3176 2536 3301 2604 μίαν
3332 2535 3605 2589 ἀπιὶιλειαν
3652 2556 3750 2589 πει

2173 2622 2449 2692 σουμένων
2471 2635 2486 2650 ⁸
2513 2623 2573 2675 ού
2604 2623 2779 2676 τοίνυν
2825 2624 2943 2677 οὐδέ
2989 2642 3072 2688 τις
3097 2626 3274 2679 αὐτῶν
3303 2631 3477 2698 κρινεῖ
3520 2646 3624 2694 σοι,
3673 2630 3751 2692 ὼς

2173 2714 2403 2783 ματαίαν
2460 2714 2614 2785 παρά
2643 2714 2751 2769 τῶν
2791 2715 3067 2787 πολεμίων
3118 2718 3481 2773 ἐπανάστασιν
3536 2721 3748 2791 ὑπομέ-

2169 2822 2333 2868 νοντι,
2362 2806 2453 2858 καί
2486 2823 2605 2859 τινα
2628 2807 2850 2877 παρέξει
2879 2807 3129 2879 βοήθειαν
3161 2811 3253 2862 ἐπὶ
3284 2811 3533 2874 τούτουςο
3558 2813 3749 2883 ἐπειδὴ

2167 2894 2324 2947 τοῦτο
2350 2897 2484 2966 πρὸς
2512 2896 2637 2960 τοὺς
2661 2897 2891 2961 οἰκείους
2927 2900 3039 2962 τοῖς
3074 2897 3377 2967 βασιλεῦσιν
3411 2900 3529 2965 ἔθος
3575 2906 3749 2956 ποιεῖν

2170 2990 2249 3050 εἰς
2280 2988 2376 3058 τὴν
2409 2987 2516 3041 τῶν
2568 2990 2936 3060 ἀδικουμένων
2989 2990 3272 3061 βοήθειαν·
3312 2992 3556 3062 πολέμιοι
3592 2994 3647 3047 δὲ
3700 2998 3748 3048 οἱ

694 3098 838 3138 nunc
896 3098 1023 3137 vero
1076 3083 1261 3135 hostes
1311 3081 1507 3133 mirmn
1545 3088 1808 3149 quantum
1850 3079 2065 3149 regibus

2177 3079 2266 3130 νῦν
2300 3079 2547 3133 πλεῖστον
2576 3082 2696 3134 ὅσον
2738 3082 2844 3135 τῶν
2890 3082 3274 3152 βασιλευόντων
3322 3087 3378 3136 ἐν
3427 3086 3553 3155 ὑμῖν
3596 3087 3749 3149 ὄντες

2172 3170 2529 3241 δυνατώτεροι
2550 3189 2563 3202 ’
2596 3173 2828 3243 ὁπηνίκα
2857 3173 2911 3226 δὲ
2940 3177 3114 3244 ῂτεῖτε
3147 3176 3221 3237 ὡς
3250 3176 3336 3228 ἐπ’
3361 3177 3549 3247 ἀγαθῷ
3581 3177 3751 3246 ληψό-

2176 3276 2323 3329 μενοι
2360 3262 2453 3314 τοῦ
2491 3262 2751 3332 βασιλέως
2796 3266 2896 3336 τὴν
2924 3267 3118 3337 ἀρχὴν,
3160 3267 3496 3338 θυμούμενος
3548 3270 3641 3322 ἐπὶ
3680 3273 3746 3341 τῇ

2173 3352 2441 3423 μοχθηρία
2469 3355 2564 3423 τῆς
2593 3354 2816 3426 γνώμης
2849 3357 2945 3425 τῆς
2981 3359 3268 3429 ὑμετέρας,
3295 3362 3443 3429 ὅμως
3471 3363 3748 3432 ἐπέτρεψα

2169 3440 2351 3493 λαϐεῖν
2378 3443 2467 3494 τὸν
2501 3444 2742 3513 βασιλέα,
2777 3447 2852 3508 ὼς
2885 3447 2950 3499 ἂν
2985 3449 3058 3517 μὴ
3096 3449 3474 3518 ἀντιπράττειν
3515 3453 3653 3521 ὑμῖν
3679 3455 3749 3508 τὰ

2169 3533 2425 3587 κάλλιστα
2449 3536 2589 3606 ὑπὲρ
2610 3537 2816 3589 ἑαυτῶν
2833 3538 3312 3609 διαπραττομένοις
3332 3542 3565 3613 δοκοίην.
3596 3563 3614 3594 ι
3634 3547 3750 3601 Καὶ

2164 3622 2387 3692 ἀνέσχον
2421 3624 2478 3676 ἐν
2506 3624 2581 3694 τῷ
2623 3625 2777 3697 θυμῷ
2813 3645 2935 3697 μου.
2979 3648 2995 3680 ι
3028 3630 3373 3700 Θυμούμενος
3420 3632 3475 3684 δὲ
3523 3634 3616 3685 καὶ
3647 3636 3745 3688 νῦν

2167 3715 2257 3766 ὲπί
2289 3731 2346 3766 τε
2387 3716 2570 3788 ἐκείνῃ
2615 3717 2706 3768 καὶ
2744 3720 2860 3780 ταῖς
2898 3717 3141 3789 καθεξῆς
3172 3721 3535 3791 παρανομίαις
3568 3724 3744 3793 ὑμῶν,

2168 3806 2386 3875 ἀφεῖλον
2440 3809 2537 3877 μὲν
2589 3809 2741 3878 ὑμῶν
2787 3811 2883 3879 τὴν
2934 3812 3070 3881 ἐμὴν
3106 3811 3635 3882 ωμμαχίανσεῖασα
3688 3816 3747 3868 δὲ

2170 3898 2316 3967 ὑμᾶς
2369 3897 2428 3961 ἐξ
2464 3898 2641 3950 αὐτῶν
2692 3898 2884 3969 μαθεῖν
2934 3900 3041 3952 τῶν
3079 3902 3435 3971 πραγμάτων,
3485 3904 3641 3974 πόσῳ
3688 3905 3748 3959 δὲ

2173 3990 2393 4060 ἄμεινον
2423 3991 2550 4059 ὑμῖν
2576 3986 2643 4061 ἦν
2663 3991 2767 4043 ὑπὸ
2796 3994 2904 4054 τοῖς
2925 3994 3051 4063 παρ’
3086 3992 3217 4062 ἐμοῦ
3251 3992 3755 4064 προχειριζομένοις

2175 4081 2315 4150 ὑπὲρ
2364 4081 2465 4150 τῆς
2498 4072 2787 4152 ¹ὑμετέρας
2839 4084 3111 4153 σωτηρίας
3152 4083 3379 4151 ἄγεσθαι
3423 4086 3677 4152 πάντοτε,
3710 4086 3744 4153 ἤ

2178 4172 2428 4243 βασιλικῇ
2456 4173 2731 4227 πιστεύειν
2753 4173 2951 4236 αὐτοὺς
2981 4174 3283 4245 δυναστείᾳ.

2247 4306 2394 4379 Στίχ.
2422 4306 2603 4377 ιβ’-ιδ’.
2627 4338 2697 4350 -
2729 4327 2747 4359 ι
2774 4310 3053 4382 Συστροφὴ
3084 4312 3295 4375 ἀδικίας
3311 4313 3553 4386 Ἐφραὶμ
3578 4317 3637 4370 ὲν
3660 4333 3755 4370 κε-

499 4419 623 4459 cum
641 4403 857 4457 occulto
873 4408 1094 4470 peccato
1116 4415 1248 4466 suo;
1279 4398 1495 4452 dolores
1522 4397 1679 4467 quasi
1718 4396 2071 4467 parturientis

2177 4399 2469 4490 κρυμμένῃ
2498 4400 2744 4490 ἁμαρτία
2759 4402 2921 4455 αὐτοῦ
2942 4419 2956 4432 ·
2992 4404 3065 4474 (p.
3090 4404 3178 4472 97)
3209 4405 3394 4469 ὠδῖνες
3426 4407 3499 4470 ὡς
3532 4408 3748 4463 τικτούυ

499 4495 721 4549 venient
772 4493 843 4547 ei.
881 4511 900 4544 ι
961 4490 1027 4544 Ει
1072 4490 1202 4560 quia
1259 4491 1312 4543 in
1376 4489 1630 4543 omnibus
1686 4489 2075 4544 demonstratis

503 4590 761 4657 (namque
784 4583 1065 4654 Ephraimi
1102 4582 1343 4643 nomine,
1377 4596 1527 4635 more
1559 4596 1682 4645 suo,
1712 4590 1970 4651 tanquam
2012 4597 2077 4637 ex

500 4686 655 4750 parte
687 4685 858 4731 totum
894 4674 1048 4742 dicit)
1079 4674 1449 4728 vehementem
1479 4672 1769 4743 quemdam
1812 4673 2073 4743 impetum

501 4784 567 4823 ac
600 4768 943 4823 sedulitatem
980 4763 1329 4818 multifariam
1362 4763 1528 4834 impie
1556 4763 1749 4834 agendi
1787 4764 2076 4833 peccandi-

499 4875 607 4930 que
641 4858 905 4912 adversus
944 4872 1048 4916 me,
1097 4855 1401 4924 mentisque
1455 4864 1650 4910 vestrae
1704 4855 1959 4925 cogitatio
2011 4854 2065 4909 in

501 4951 702 5006 delicto
756 4958 869 5002 tota
922 4946 1172 5018 deligitur
1231 4948 1357 5016 (hoc
1413 4948 1554 5001 enim
1611 4947 1745 5001 dicit
1790 4947 2064 5001 occultum

500 5050 807 5115 peccatum,
838 5056 1032 5111 nempe
1052 5040 1178 5109 quia
1202 5039 1369 5093 animi
1410 5037 1834 5094 deliberationes
1869 5038 2068 5109 ignotae

499 5133 739 5189 externis
772 5134 945 5200 sunt),
980 5141 1291 5201 propterea,
1319 5130 1518 5200 inquit,
1552 5130 1604 5184 in
1650 5137 1730 5184 tot
1780 5137 2067 5199 tantasque

503 5224 757 5279 incidetis
790 5236 1003 5293 poenas.
1054 5230 1112 5274 nt
1143 5222 1300 5291 quasi
1331 5223 1526 5275 mulier
1557 5222 1611 5275 in
1646 5227 1805 5289 partu
1854 5219 2066 5281 dolens,

501 5316 669 5370 futuri
699 5315 820 5369 sitis
840 5324 1059 5382 propter
1078 5311 1447 5382 ingruentium
1473 5311 1740 5363 malorum
1771 5309 2069 5363 cruciatus.

508 5426 526 5457 ι
565 5406 788 5461 lliccine
818 5406 961 5460 ﬁlius
1001 5416 1125 5460 tuus
1150 5402 1431 5473 prudens?
1464 5421 1481 5453 ι
1518 5400 1766 5456 Haeccine
1792 5400 2072 5470 sapientiae

503 5509 696 5552 vestrae
726 5514 912 5567 opera,
954 5497 1380 5567 quidisccrnere
1421 5494 1753 5556 nescivistis,
1809 5502 2072 5561 quantum

506 5587 719 5641 intersit
771 5588 910 5641 inter
968 5588 1196 5655 gratiam
1221 5601 1392 5639 meam
1426 5600 1487 5637 ac
1515 5584 1762 5645 tutelam,
1794 5590 1848 5636 et
1903 5579 2071 5636 decli-

504 5679 777 5749 nationem
809 5679 876 5734 ad
916 5680 1058 5735 idola
1114 5688 1275 5748 atque
1308 5678 1373 5733 ad
1415 5691 1581 5747 opera
1622 5674 1888 5733 voluntati
1939 5688 2072 5730 mea:

2178 4502 2276 4555 σης
2302 4486 2519 4556 ἥξουσιν
2539 4487 2704 4557 αὐτῷ.
2730 4509 2749 4540 ι
2779 4490 2885 4541 Καὶ
2914 4491 3097 4562 ἐπειδὴ
3122 4493 3207 4546 διὰ
3228 4495 3443 4546 πάντων
3472 4497 3751 4567 ἐδείχθητε

2176 4578 2305 4648 (ἀπὸ
2336 4579 2443 4648 γὰρ
2472 4579 2581 4631 τῶν
2619 4581 2857 4651 Ἐφραὶμ
2887 4583 3152 4647 εἰωθότως
3186 4585 3259 4647 ὡς
3293 4587 3400 4639 ἀπὸ
3435 4587 3637 4657 μέρους
3657 4588 3753 4640 λέ-

2173 4687 2261 4738 γει
2284 4670 2344 4723 τὸ
2372 4670 2500 4740 πᾶν)
2534 4671 2734 4742 πολλήν
2766 4689 2886 4725 τινα
2909 4674 3007 4743 τὴν
3037 4678 3341 4747 συστροφὴν
3376 4680 3469 4731 καὶ
3497 4679 3597 4750 τὴν
3627 4683 3752 4733 ἐπι-

2176 4762 2395 4833 μέλειαν
2422 4761 2637 4831 ἔχοντες
2673 4763 2780 4816 τῶν
2810 4765 3067 4827 ποικίλως
3096 4766 3314 4820 ἀσεϐεῖν
3342 4786 3400 4821 τε
3434 4770 3533 4824 καλ⁸
3567 4772 3754 4842 ἀμαρ-

2171 4850 2351 4905 τάνειν
2390 4854 2468 4915 εἰς
2519 4853 2636 4923 ἐμὲ,
2664 4855 2721 4906 ἐν
2760 4854 2959 4927 μελέτῃ
2989 4872 3045 4908 τε
3068 4859 3131 4926 τῇ
3156 4857 3296 4910 κατά
3326 4858 3568 4912 διάνοιαν
3602 4862 3756 4914 ἐστὶν

2177 4944 2303 5013 ὑμῖν
2320 4943 2380 4995 τὸ
2405 4944 2739 5014 ἁμαρτάνειν
2758 4946 2935 5015 (τοῦτο
2964 4949 3069 5018 γάρ
3095 4950 3551 5021 ἐγκεκρυμμένην
3573 4953 3759 5022 ἀμαρ-

2175 5034 2296 5086 τίαν
2332 5033 2500 5102 λέγει,
2532 5036 2591 5087 τὸ
2616 5036 2684 5088 τὰ
2716 5038 2814 5107 τῆς
2839 5038 3017 5108 ψυχῆς
3047 5039 3387 5111 βουλεύματα
3420 5043 3593 5113 ἄδηλα
3639 5048 3757 5109 tot;

2174 5124 2327 5187 ἐκτὸς
2356 5126 2668 5197 ὑπάρχειν),
2701 5127 2841 5201 ὑπὲρ
2863 5128 2927 5200 δὴ
2972 5130 3175 5185 τούτων
3195 5172 3208 5195 ,
3262 5135 3394 5203 φησί
3416 5173 3432 5197 ,
3470 5136 3760 5199 τοιαύταις

2176 5218 2557 5288 περιπεσεῖσθε
2608 5220 2917 5289 τιμωρίαις,
2957 5221 3096 5275 ὥστε
3139 5224 3293 5294 δίκην
3334 5228 3592 5293 γυναικός
3625 5228 3759 5280 ώδι-

2176 5307 2373 5377 νούσης
2406 5310 2463 5360 ἐν
2486 5307 2564 5377 τῷ
2593 5310 2796 5363 τίκτειν
2837 5313 3154 5383 συνέχεσθαι
3188 5319 3307 5380 ταῖς
3345 5317 3452 5369 τῶν
3482 5319 3761 5389 ἐπεληλυ-

2182 5396 2350 5449 θότων
2382 5399 2509 5468 ύμῖν
2536 5398 2720 5451 κακῶν
2746 5400 2973 5464 ὀδύναις.
3016 5423 3035 5453 ι
3059 5396 3227 5467 Οὗτος
3251 5406 3280 5457 ό
3302 5405 3417 5467 υἱός
3450 5422 3545 5457 σου
3567 5408 3596 5458 ὁ
3618 5408 3761 5476 φρό-

2181 5504 2370 5556 νιμος;
2400 5505 2418 5538 ι
2471 5486 2653 5540 Ταῦτα
2680 5488 2779 5558 τῆς
2818 5489 3081 5553 συνέσεως
3112 5491 3265 5561 ὑμῶν
3291 5491 3359 5544 τά
3389 5491 3549 5562 ἔργα,
3573 5493 3621 5544 οἰ
3652 5493 3765 5545 οῦκ

2182 5576 2486 5648 ἠδυνήθητε
2522 5578 2794 5650 διακρῖναι
2834 5580 3001 5634 πόσον
3032 5581 3146 5634 ἐστὶ
3174 5581 3232 5634 τὸ
3260 5582 3513 5651 διάφορον
3541 5582 3660 5653 ἐμοί
3689 5598 3763 5633 τε

2181 5669 2455 5741 ἀρέσκειν,
2483 5670 2573 5724 καὶ
2602 5671 2706 5724 ὑπὸ
2741 5671 2837 5743 τὴν
2877 5671 3190 5743 ἐπιμέλειαν
3232 5668 3490 5742 εἶναιτὴν
3524 5675 3683 5742 ἐμὴν,
3720 5673 3763 5740 ἢ
