3954 6542
269 296 368 354 9.05

1232 293 1778 356 COMMENTARIUS
1805 297 1871 353 IN
1910 295 2111 355 OSEAS
2146 300 2294 356 CAP.
2327 301 2463 356 Xlll.

3377 241 3498 353 '206

263 420 392 491 πρὸς
423 417 492 472 τὰ
534 417 728 473 εἴδωλα
765 419 962 488 νεύειν,
1014 420 1110 474 καὶ⁸
1151 421 1410 474 τάναντία
1452 423 1566 484 τοῖς
1597 421 1721 491 ἐμοὶ
1745 421 1832 473 δο-

1944 420 2250 476 contraria?
2283 440 2302 472 ι
2359 421 2724 487 Quamobrem
2783 435 2928 476 nunc
2985 435 3092 476 non
3139 417 3404 478 subsistet
3442 426 3497 481 in

264 509 446 579 καῦσις
495 527 514 561 ι
545 511 690 564 Διότι
725 510 820 564 νῦν
848 511 908 564 ού
938 511 1012 582 μὴ
1035 511 1240 583 ύποστῇ
1262 513 1320 565 ἐν
1347 511 1601 584 συντριϐῇ
1628 511 1829 565 τέκνων

263 598 439 652 αὑτοῦ.
474 618 492 650 ι
530 598 829 672 Τοιγαροῦν
857 601 1080 655 τοιαῦτα
1116 601 1563 673 βουλευσάμενοι,
1593 601 1836 671 ἐνεγκεῖν

263 691 318 743 οὐ
347 691 640 760 δυνήσεσθε
663 692 763 761 τὴν
787 692 1062 746 ἀπώλειαν
1086 694 1185 764 τὴν
1213 693 1436 747 οἰκείαν.
1462 689 1594 747 Εἶτα
1611 693 1719 746 τῶν
1739 709 1835 746 κα-

264 781 370 834 κῶν
389 783 838 854 ὑπισχνούμενος,
873 784 1051 848 καθὼς
1083 784 1261 850 εἴωθε,
1285 784 1384 856 τὴν
1407 784 1582 851 λύσιν,
1608 784 1828 853 ἐπάγει·

269 893 287 926 ι
305 873 400 927 Ἐκ
426 874 608 946 χειρὸς
633 874 758 946 ᾅδου
785 875 1017 947 ῥύσομαι
1040 873 1255 942 αὐτοὺς,
1273 879 1368 931 καὶ
1393 880 1456 931 ἐκ
1484 876 1713 932 θανάτου
1738 875 1833 928 λυ-

261 966 540 1038 τρώσομαι
570 967 785 1031 αύτούς.
813 987 832 1020 ι
862 968 1022 1023 Ἀλλὰ
1050 970 1158 1040 γὰρ
1188 971 1278 1026 καὶ
1304 971 1444 1041 μετὰ
1469 971 1644 1026 πάντα
1666 971 1834 1026 ταῦτα

262 1057 554 1121 παιδεύσας
588 1057 786 1121 αὐτοὺς
815 1061 881 1128 τῇ
920 1059 1182 1130 τιμωρίᾳ,
1225 1063 1302 1131 (p.
1339 1057 1430 1130 98)
1465 1059 1523 1127 ἐξ
1553 1059 1717 1112 αὐτοῦ
1746 1077 1835 1130 μισ

261 1146 392 1217 κροῦ
419 1147 512 1200 τοῦ
536 1146 765 1202 θανάτου
791 1146 998 1212 πάντας
1018 1150 1163 1221 ὑμᾶς
1187 1149 1455 1220 ἐξέλωμαι
1485 1150 1634 1220 παρὰ
1655 1152 1834 1204 πᾶσαν

260 1238 604 1309 ἀνθρωπίνην
635 1239 842 1296 ἐλπίδα.
889 1259 908 1292 ‹
933 1241 1044 1294 Ποῦ
1071 1243 1104 1313 ή
1135 1241 1258 1313 δίκη
1291 1260 1406 1308 σου,
1451 1244 1686 1310 θάνατε;
1729 1244 1834 1297 ποῦ

258 1327 314 1380 τὸ
343 1327 566 1399 κέντρον
591 1346 708 1393 σου,
735 1328 832 1401 ᾂδη
860 1347 874 1394 ;
903 1351 921 1380 ι
960 1331 1124 1385 Ὥστε
1155 1349 1236 1386 σοι
1263 1333 1383 1386 τότε
1423 1335 1599 1402 λέγειν
1635 1335 1834 1403 ἐξεῖναι

257 1419 414 1472 ταύτὶ
439 1420 509 1473 τὰ
539 1421 777 1493 ῥήματα,
818 1422 1018 1492 ὁρῶντι
1053 1423 1160 1477 τῶν
1209 1425 1299 1480 τὸν
1347 1427 1584 1480 ποικίλον
1631 1429 1835 1480 ἐκεῖνον

258 1507 484 1560 θάνατον
513 1509 903 1580 ἐπαγαγόντων
929 1527 1011 1565 σοι
1037 1511 1135 1583 τὴν
1158 1515 1448 1585 τιμωρίαν,
1475 1511 1620 1584 λέγει
1646 1515 1704 1569 δὲ
1725 1517 1834 1569 τῶν

268 1598 587 1668 Ἀσσυρίων.
649 1619 667 1651 t
688 1599 1040 1674 Παράκλησις
1066 1603 1370 1675 κέκρυπται
1397 1607 1505 1660 ἀπὸ
1541 1608 1834 1679 ὀφθαλμῶν

255 1708 371 1746 σου.
401 1711 418 1740 ι
461 1690 636 1764 Τεύξῃ
670 1692 779 1763 γὰρ
824 1694 1224 1764 παρακλήσεως
1266 1697 1358 1749 ἐπὶ
1402 1701 1516 1761 τοῖς
1560 1700 1834 1764 τοσούτοις

1935 510 2258 567 contritione
2285 511 2518 567 filiorum
2549 529 2793 569 suorum.
2834 531 2854 564 ι
2893 511 3182 583 Propterea
3218 530 3341 568 cum
3369 516 3499 569 talia

1933 601 2382 667 deliberaveritis,
2425 604 2657 660 tolerare
2696 605 3051 675 perditionem
3103 612 3336 661 vestram
3391 621 3500 660 non

1935 692 2200 766 poteritis.
2245 694 2382 751 Exin
2413 711 2578 766 porro
2624 697 2914 762 malorum,
2953 695 3064 768 64
3093 704 3151 750 ut
3184 697 3342 761 solet,
3374 712 3502 767 pro—

1934 788 2158 842 mittens
2194 785 2544 854 solutionem,
2576 787 2752 858 pergit
2784 787 2964 843 dicere
3002 807 3016 844 :
3054 806 3074 840 ι
3108 786 3181 842 De
3211 803 3370 842 manu
3413 788 3501 842 in-

1935 871 2076 931 ferni
2125 873 2370 931 liberabo
2408 891 2527 940 eos,
2569 877 2638 932 de
2671 885 2844 932 morte
2871 877 3131 932 redimam
3181 891 3296 933 eos.
3325 897 3344 930 ι
3377 875 3498 931 Jam

1935 983 2064 1023 vero
2089 977 2210 1040 post
2243 963 2356 1024 haec
2386 969 2592 1035 omnia,
2631 982 2792 1038 poena
2827 968 2940 1037 jam
2967 969 3230 1033 eruditos,
3283 985 3346 1027 ex
3382 971 3501 1041 ipsa

1934 1059 2323 1132 prepemodum
2342 1069 2516 1115 morte
2535 1074 2631 1114 VOS
2647 1075 2836 1116 omnes
2847 1075 3054 1124 eruam,
3075 1069 3270 1130 praeter
3283 1077 3501 1118 omnem

1936 1148 2230 1202 humanam
2257 1162 2430 1218 spem.
2466 1167 2485 1200 ι
2536 1147 2638 1204 Ubi
2663 1147 2796 1203 ultio
2830 1157 2943 1210 tua.
2981 1148 3164 1204 mors?
3185 1151 3276 1206 ubi
3310 1153 3507 1207 stimu-

1935 1239 2022 1294 lus
2053 1246 2201 1304 tuus,
2229 1238 2480 1294 inferne?
2513 1259 2532 1292 ο
2567 1235 2721 1294 Tunc
2750 1252 2780 1292 a
2808 1245 2863 1294 te
2887 1238 2994 1293 dici
3015 1239 3131 1295 haee
3151 1241 3314 1297 verba
3365 1243 3507 1298 lice-

1933 1327 2035 1394 bit,
2067 1341 2193 1384 cum
2231 1328 2631 1386 multiformem
2660 1329 2811 1384 illum
2860 1328 3140 1385 interitum
3170 1347 3364 1388 cernes
3408 1333 3509 1386 ho-

1935 1421 2164 1486 minum,
2204 1419 2298 1491 qui
2357 1420 2454 1475 tibi
2485 1434 2701 1491 poenam
2732 1420 3056 1485 intulerunt,
3088 1437 3284 1494 nempe
3335 1423 3509 1495 Assy-

1935 1512 2162 1568 riorum.
2225 1530 2244 1563 ι
2287 1509 2607 1569 Consolatio
2657 1513 2973 1568 abscondita
3022 1522 3107 1569 est
3177 1514 3247 1570 ab
3291 1585 3295 1590 _
3333 1516 3509 1572 oculis

1935 1602 2071 1658 suis.
2100 1621 2119 1653 ›
2151 1600 2385 1658 Habebis
2418 1612 2566 1658 certe
2614 1604 2880 1658 malorum
2913 1611 3190 1659 tantorum
3236 1604 3507 1668 solamen,

1936 1694 2082 1765 quod
2115 1709 2262 1749 nunc
2293 1693 2389 1748 tibi
2441 1694 2620 1749 adhuc
2670 1694 2917 1766 ignotum
2967 1705 3084 1763 est,
3127 1696 3224 1752 sed
3264 1713 3331 1753 ex
3376 1700 3510 1769 ipsis

253 1784 462 1846 κακοῖς,
489 1781 521 1851 ἧ
561 1783 655 1836 νῦν
687 1784 784 1854 μὲν
823 1785 1015 1855 ἄδηλός
1046 1787 1163 1839 ἐστί
1200 1804 1282 1840 σοι
1311 1789 1468 1852 τέως,
1502 1789 1621 1859 ὄψει
1655 1790 1710 1844 δὲ
1737 1790 1836 1846 αύ-

1944 1784 2155 1841 demum
2180 1787 2342 1842 rebus
2361 1787 2530 1856 gestis
2555 1787 2876 1843 innotescet.

255 1872 356 1942 τὴν
387 1874 447 1938 ἐξ
486 1874 665 1928 αὐτῶν
692 1875 812 1929 τότε
841 1877 947 1929 τῶν
971 1881 1333 1949 πραγμάτων.

319 1983 474 2053 Στίχ.
501 1992 576 2038 ιε’.
618 2015 668 2026 -
691 2005 708 2038 ι
731 1982 1040 2052 Διότιοῦτος
1063 1990 1164 2042 ἀνὰ
1190 1991 1352 2060 μέσον
1371 1993 1614 2062 ἀδελφῶν
1629 1995 1839 2049 διαστε-

252 2069 354 2122 λεί.
387 2089 406 2122 ι
452 2071 609 2136 Τινὲς
637 2073 809 2137 οὕτως
840 2077 1066 2147 ἐνόησαν
1099 2078 1181 2131 δτι
1207 2080 1315 2132 τῶν
1342 2083 1688 2153 Ἰσραηλιτῶν
1711 2103 1839 2140 κατ-

253 2162 430 2230 ήγαγε
464 2163 563 2232 μὲν
593 2166 672 2227 εἰς
717 2168 1090 2236 αἰχμαλωσίαν
1113 2171 1211 2233 τὰς
1244 2171 1374 2225 δέκα
1411 2174 1599 2242 φυλὰς,
1634 2178 1759 2240 τους
1779 2177 1837 2229 δὲ

252 2254 352 2323 τῆς
392 2255 652 2320 Ἰουδαίας
683 2259 862 2328 ἀφῆκε
884 2277 896 2288 ·
949 2260 1107 2314 τοῦτο
1134 2263 1189 2316 δὲ
1221 2263 1281 2316 ού
1309 2266 1448 2318 κατὰ
1488 2266 1711 2340 γνώμην
1744 2269 1837 2336 γέ-

251 2358 382 2411 γονε
410 2344 490 2414 τῷ
523 2345 812 2417 Ἀσσυρίῳ,
844 2348 900 2412 ὃς
927 2367 990 2417 γε
1024 2351 1297 2423 ἠϐουλήθη
1336 2354 1436 2424 τήν
1468 2371 1526 2407 τε
1566 2357 1836 2427 Ἰερουσα-

249 2435 368 2507 λὴμ
436 2438 530 2489 καὶ
582 2439 707 2502 τοὺς
753 2440 850 2509 τῆς
903 2440 1163 2506 Ἰουδαίας
1210 2444 1275 2496 τὰ
1328 2445 1486 2515 ὅμοια
1535 2447 1831 2502 διαθεῖναι·

251 2527 504 2600 ἐκωλύθη
540 2529 596 2583 δὲ
639 2533 703 2600 τῇ
754 2530 978 2601 δυνάμει
1012 2537 1077 2605 τῇ
1111 2534 1230 2605 θείᾳ
1259 2538 1358 2587 καί
1387 2540 1450 2607 τῇ
1484 2537 1578 2590 τοῦ
1604 2538 1835 2606 ἀγγέλου

249 2622 440 2693 πληγῇ
459 2639 471 2654 ·
513 2622 652 2676 ὥστε
681 2625 780 2677 οὐκ
802 2626 964 2690 αὐτὸς
992 2626 1302 2693 διέστειλεν,
1333 2630 1446 2683 ἀλλ’
1473 2632 1745 2704 ἠϐουλήθη
1776 2635 1837 2686 τὸ

253 2715 491 2783 μέγεθος
522 2715 630 2766 τῶν
664 2716 849 2769 κακῶν
880 2719 1051 2771 εἰπεῖν
1076 2721 1106 2772 ὁ
1135 2722 1438 2792 προφήτης,
1470 2726 1527 2774 ἐν
1553 2718 1633 2786 οἷς
1661 2723 1838 2788 ἐξετασ

251 2803 546 2875 σθήσονται
577 2805 680 2859 ὑπὸ
711 2805 802 2860 τοῦ
844 2811 1125 2880 ’Λσσυρίου
1157 2811 1468 2884 ληφθέντες,
1507 2816 1586 2879 εἰς
1619 2816 1836 2869 ἀπόδει-

252 2896 334 2961 ξιν
360 2890 440 2950 ὧν
477 2899 659 2962 αὐτοῖς
689 2901 716 2951 ὁ
747 2901 876 2964 Θεὸς
919 2903 1166 2974 παρέξει,
1220 2907 1578 2977 τιμωρεῖσθαι
1628 2908 1836 2978 μέλλων

251 2987 488 3063 ὕστερον
529 2992 770 3057 ἐκείνους
798 3011 810 3024 ·
869 2995 1056 3066 ἐπειδὴ
1088 2997 1299 3050 τοίνυν
1331 2997 1708 3068 αἰχμαλώτους
1741 3001 1836 3053 αύ-

2011 1982 2176 2040 νειιε.
2207 1987 2294 2040 15.
2333 2017 2404 2027 -
2443 2005 2461 2038 ι
2499 1985 2637 2052 Quia
2671 1987 2761 2042 hic
2795 1987 2938 2042 inter
2971 1987 3167 2044 fratres
3209 1989 3438 2048 dividet.
3487 2011 3504 2044 ι

1938 2075 2195 2131 Nonnulli
2243 2077 2629 2132 existimarunt
2671 2077 2956 2150 Assyrium
2990 2079 3283 2136 abduxisse
3323 2083 3376 2137 in
3417 2100 3512 2138 ca-

1940 2171 2238 2239 ptivitatem
2251 2168 2438 2225 decem
2453 2170 2652 2234 tribus,
2674 2171 2767 2226 sed
2785 2169 2982 2225 Judaza:
2995 2172 3202 2228 incolas
3215 2174 3512 2232 dimisisse.

1937 2259 2100 2328 Atqui
2127 2258 2194 2313 de
2221 2261 2323 2313 hoc
2372 2274 2481 2314 non
2526 2260 2786 2327 cogitavit
2826 2261 3106 2331 Assyrius,
3147 2263 3241 2332 qui
3285 2265 3395 2318 imo
3421 2282 3515 2321 vo-

1940 2350 2039 2404 luit
2069 2349 2465 2421 Hierosolymis
2493 2359 2546 2406 et
2573 2351 2728 2405 Judze
2770 2351 2965 2407 incolis
2994 2354 3147 2423 paria
3176 2355 3376 2420 facere,
3417 2359 3514 2412 sed

1939 2442 2122 2496 divina
2155 2442 2397 2512 potentia
2441 2441 2736 2512 impeditus
2761 2441 2862 2497 fuit
2887 2452 2941 2499 et
2977 2445 3150 2516 angeli
3191 2445 3364 2502 clade.
3395 2447 3514 2504 Non

1938 2549 2070 2604 ergo
2095 2534 2184 2588 ille
2206 2534 2410 2595 divisit,
2441 2534 2535 2589 sed
2560 2533 2823 2606 propheta
2854 2535 2987 2589 nihil
3008 2537 3155 2592 aliud
3181 2538 3364 2594 dicere
3403 2541 3517 2594 vult

1939 2641 2102 2697 quam
2143 2625 2408 2680 malormn
2453 2617 2794 2696 gravitatem,
2871 2627 3071 2697 quibus
3117 2631 3516 2686 exercebuntur

1940 2720 2082 2789 capti
2119 2717 2186 2772 ab
2214 2717 2476 2788 Assyrio;
2531 2718 2754 2788 vultque
2805 2717 3180 2776 demonstrare
3206 2722 3518 2791 cujusmodl

1939 2812 2083 2867 Deus
2107 2811 2257 2866 dabit
2286 2809 2577 2880 supplicia,
2618 2825 2742 2863 cum
2786 2825 2888 2864 suo
2916 2819 3162 2881 tempore
3193 2811 3352 2866 faciet
3397 2814 3518 2868 illo-

1941 2922 2058 2959 rum
2077 2903 2510 2972 castigationem.
2528 2902 2737 2956 Etenim
2759 2918 2950 2971 reapse
2968 2904 3224 2974 Assyrius
3264 2905 3510 2974 captivos

1939 2995 2213 3051 lsraelitas
2246 2995 2346 3047 hac
2388 2993 2512 3046 illac
2537 2993 2798 3062 dispersit
2827 2993 3062 3046 diversis
3109 2993 3265 3057 locis,
3296 2995 3514 3064 quomi‘

250 3081 379 3143 τοὺς
406 3081 591 3134 λαϐὼν
623 3085 651 3135 ό
679 3083 961 3156 ’Δσσύριος
1004 3086 1308 3159 διέσπειρεν
1345 3091 1542 3151 αὐτοὺς
1584 3091 1708 3161 τῇδε
1741 3094 1839 3145 κὰα

1945 3103 2048 3142 nus
2091 3087 2266 3139 ullum
2321 3091 2642 3155 prmstarent
2701 3093 2946 3137 mutuum
2999 3084 3282 3147 auxilium,
3339 3101 3516 3155 neque

250 3175 404 3224 κεῖσε
439 3173 711 3238 ἐνοικίσας
744 3176 1016 3245 διαφόροις
1058 3180 1276 3242 τόποις,
1326 3181 1402 3244 ὡς
1429 3183 1494 3235 ἂν
1521 3183 1653 3253 μηδὲ
1677 3184 1840 3254 ἀλλή-

248 3263 368 3325 λοις
397 3265 662 3335 παρέχειν
694 3269 814 3320 τινὰ
843 3267 1088 3322 δύναιντο
1114 3272 1448 3341 συμμαχίαν,
1493 3279 1564 3344 (ι).
1594 3274 1681 3344 99)
1707 3276 1840 3346 μηδὲ

247 3356 314 3408 ἐκ
335 3355 662 3426 συμφωνίας
685 3358 812 3428 περὶ
833 3359 929 3428 τῆς
948 3361 1154 3414 ἐκεῖθεν
1175 3363 1494 3435 ἀπαλλαγῆς
1508 3365 1842 3435 βουλεύοιντο

246 3444 332 3500 ἔτι
361 3464 377 3477 ·
409 3447 557 3500 οὕτω
580 3448 636 3501 δὲ
663 3448 812 3515 λέγει
857 3451 949 3503 καὶ
972 3454 998 3504 ό
1023 3455 1287 3523 μακάριος
1316 3458 1478 3510 Δαυΐδ
1497 3477 1508 3487 ·
1543 3478 1560 3510 ι
1589 3461 1698 3523 Τὰς
1722 3460 1838 3514 δια-

250 3540 474 3611 σπορὰς
544 3540 638 3593 τοῦ
695 3542 908 3613 Ἰσραὴλ
975 3545 1320 3610 ἐπισυνάξει·
1359 3567 1378 3597 ι
1427 3547 1512 3599 ἵνα
1573 3550 1701 3621 εἴπῃ
1759 3552 1840 3603 ὅτι

243 3633 702 3703 Διεσπαρμένους
736 3635 932 3698 αὐτοὺς
971 3636 1098 3706 τῇδε
1131 3638 1353 3690 κάκεῖσε
1400 3640 1657 3705 ἐπανάξει
1693 3644 1842 3712 παρὰ

245 3727 440 3780 πᾶσαν
482 3725 707 3779 ἐλπίδα·
750 3727 842 3779 καὶ
875 3727 1100 3797 ἑτέρωθι
1155 3728 1242 3782 δέ·
1285 3749 1302 3782 ι
1336 3731 1658 3786 Εἰπόιτωσαν
1687 3733 1752 3805 δὴ
1793 3737 1841 3787 οἱ

243 3815 659 3890 λελυτρωμένοι
688 3819 794 3872 ὑπὸ
827 3820 1051 3888 Κυρίου,
1083 3820 1176 3884 οὓς
1204 3822 1545 3893 ἐλυτρώσατο
1575 3826 1637 3876 ἐκ
1663 3826 1843 3895 χειρὸς

244 3911 485 3982 ἐχθροῦ,
517 3912 610 3964 καὶ
658 3914 722 3964 ἐκ
765 3911 873 3964 τῶν
918 3911 1107 3982 χωρῶν
1157 3915 1460 3984 συνήγαγεν
1493 3916 1692 3979 αὐτοὺς
1737 3917 1844 3968 ἀπὸ

241 4001 542 4054 ἀνατολῶν
592 4003 685 4056 καὶ
726 4002 945 4072 δυσμῶν
995 4004 1090 4057 καὶ
1139 4004 1309 4076 βορρᾶ
1351 4005 1447 4058 καὶ
1481 4004 1788 4078 θαλάσσης·
1821 4026 1838 4056 ι

241 4085 436 4157 δηλῶν
465 4087 615 4151 ὃπως
655 4083 794 4159 ἦσαν
834 4089 1099 4160 πολλαχοῦ
1129 4091 1548 4164 διεσπαρμένοι·
1583 4094 1741 4148 τοῦτο
1781 4095 1844 4165 δὴ

239 4179 407 4247 λέγει
435 4180 716 4234 κάνταῦθα
741 4175 1044 4246 δτιΟὗτοςό
1071 4181 1250 4238 λαϐὼν
1272 4185 1416 4255 ὑμᾶς
1446 4185 1843 4256 αἰχμαλώτους,

239 4272 346 4324 καὶ
377 4273 466 4334 εἰς
491 4269 776 4341 ἀλλοτρίαν
805 4269 986 4341 χώραν
1010 4270 1330 4340 ἀπαγαγὼν,
1366 4273 1444 4337 εἰς
1476 4273 1702 4335 πολλοὺς
1731 4290 1848 4326 ποι-

237 4362 446 4424 κίλους
474 4360 748 4429 διέσπειρε
777 4361 1001 4422 τόπους·
1024 4360 1099 4423 ῶς
1125 4360 1190 4414 ἂν
1222 4361 1296 4433 μὴ
1327 4363 1419 4415 ἐπὶ
1439 4365 1635 4417 ταυτὸν
1659 4363 1845 4435 ἠθροιο

1944 3178 2156 3232 collatis
2209 3175 2456 3230 consiliis
2516 3173 2583 3229 de
2625 3174 2802 3227 reditu
2852 3174 3004 3227 illinc
3058 3174 3377 3244 cogitarent.
3424 3175 3516 3230 Sic

1942 3271 2103 3324 etiam
2136 3269 2328 3323 beatus
2348 3266 2512 3320 David
2543 3267 2658 3320 ait:
2689 3284 2706 3316 ι
2728 3264 3104 3334 Dispersiones
3137 3266 3351 3322 lsraelis
3381 3281 3513 3321 cono

1942 3359 2185 3431 gregabit
2215 3359 2281 3423 ³⁷;
2311 3378 2328 3410 ι
2363 3373 2557 3426 nempe
2585 3365 2644 3410 ut
2671 3358 2817 3411 dicat
2843 3375 2857 3411 :
2890 3356 3172 3427 Dispersos
3204 3375 3298 3414 eos
3327 3359 3427 3414 hac
3459 3369 3514 3414 et

1943 3454 2086 3517 illac,
2109 3458 2304 3521 prater
2336 3463 2552 3503 onmem
2575 3463 2724 3518 spem
2757 3447 3038 3502 adunabit.
3070 3447 3135 3503 Et
3162 3450 3291 3503 alibi
3325 3469 3338 3504 :
3371 3469 3389 3500 ι
3415 3449 3511 3503 Di-

1943 3550 2072 3596 cant
2109 3542 2201 3612 qui
2240 3539 2502 3608 redempti
2531 3546 2660 3592 sunt
2695 3553 2723 3590 a
2757 3537 3004 3601 Domino,
3029 3555 3168 3609 quos
3199 3541 3513 3596 redemitde

1944 3649 2106 3687 manu
2151 3629 2384 3693 inimici,
2415 3639 2468 3684 et
2498 3628 2565 3683 de
2598 3627 2912 3698 regionibus
2941 3632 3286 3701 congregavit
3315 3647 3429 3696 eos,
3482 3650 3514 3689 a

1943 3725 2074 3780 solis
2102 3731 2226 3776 ortu
2279 3729 2334 3777 et
2365 3735 2588 3781 occasu,
2647 3721 2715 3773 ab
2761 3720 3018 3788 aquilone
3051 3730 3104 3776 et
3144 3723 3279 3776 mari
3309 3723 3376 3786 ";
3405 3725 3512 3779 rita

1945 3815 2260 3886 signiﬁcans
2331 3811 2500 3867 fuisse
2569 3811 2692 3866 illos
2753 3813 2936 3867 multis
3019 3813 3155 3867 locis
3213 3815 3514 3884 dispersos.

1946 3908 2088 3978 Ergo
2127 3908 2216 3961 hic
2242 3920 2460 3976 quoque
2506 3904 2642 3959 dicit
2672 3922 2684 3958 :
2721 3902 2819 3959 llic
2858 3904 2953 3973 qui
2986 3920 3081 3959 vos
3111 3907 3424 3974 eaptivavit,
3463 3917 3520 3962 et

1948 3998 2002 4052 in
2037 3997 2268 4051 alienam
2321 3994 2594 4063 regionem
2623 3992 2956 4060 deportavit,
3011 3991 3198 4046 multis
3243 3994 3517 4062 variisque

1947 4105 2046 4145 vos
2074 4088 2275 4158 sparsit
2301 4087 2434 4140 locis
2457 4124 2473 4148 ,
2515 4100 2582 4138 ne
2602 4083 2710 4155 65
2731 4084 2784 4136 in
2819 4083 3008 4139 eadem
3026 4083 3260 4138 statione
3295 4085 3518 4141 adunati

1949 4181 2189 4236 solamen
2249 4175 2466 4246 aliquod
2528 4175 2728 4229 habere
2779 4173 3124 4236 videremini,
3181 4174 3273 4230 sed
3321 4179 3512 4246 augeri

1949 4270 2101 4324 vobis
2129 4267 2309 4339 potius
2331 4279 2624 4320 utrumnam
2647 4264 2818 4317 voluit
2842 4265 2892 4316 in
2923 4263 3237 4319 diversitate
3277 4267 3519 4322 locorum

1949 4359 2284 4417 constitutis.

239 4455 453 4524 σμένοι
499 4452 844 4524 παράκλησιν
875 4451 1018 4519 ἔχειν
1063 4451 1184 4505 τινὰ
1214 4451 1490 4524 δοκοίητε·
1531 4455 1852 4507 ἐπιτείνοιτο
1879 4455 1935 4507 δὲ
1968 4449 2168 4523 μᾶλλον
2209 4447 2336 4516 ὑμῖν
2377 4445 2443 4497 τὰ
2479 4443 2624 4496 κακᾶ
2663 4442 2803 4496 κατᾶ
2840 4443 3128 4513 διαφόρους
3173 4444 3520 4516 διῃρημένοις

234 4553 484 4613 τόπους.

315 4642 526 4695 Ταῦτα
555 4637 792 4711 εἰρηκὼς
809 4639 887 4702 εἰς
918 4639 1187 4704 ἀπόδειξιν
1212 4638 1309 4708 τῆς
1342 4655 1403 4691 τε
1435 4638 1717 4709 δυνάμεως
1747 4638 1839 4691 καὶ

2015 4629 2134 4684 Jam
2168 4641 2297 4682 vero
2323 4628 2407 4680 his
2436 4624 2598 4679 dictis
2625 4623 2696 4676 ob
2717 4623 2820 4678 vim
2842 4623 3212 4692 saevitiamque
3234 4625 3522 4680 ostenden-

231 4735 350 4806 τῆς
376 4733 671 4804 ὠμότητος
694 4726 836 4804 ᾗπερ
862 4732 1129 4801 ἐχρήσατο
1151 4732 1270 4784 κατ’
1295 4729 1474 4784 αὐτῶν
1497 4730 1843 4800 όἈσσύριος,

236 4821 469 4888 ἐπάγει
495 4835 509 4850 ·
567 4837 585 4869 ι
617 4817 839 4881 Ἐπάξει
869 4817 1076 4888 Κύριος
1117 4817 1316 4888 ἀνέμου
1369 4817 1624 4871 καύσωνα
1655 4818 1720 4870 ἐκ
1745 4817 1847 4887 τῆς

232 4913 479 4984 ἐρήμου
508 4910 594 4960 ἐπ’
613 4907 806 4974 αὐτὸν,
832 4908 926 4961 καὶ
949 4907 1276 4978 ἀναξηραιιεί
1301 4906 1400 4970 τὰς
1426 4905 1628 4976 φλέϐας
1659 4906 1846 4974 αὐτοῦ,

233 5007 345 5056 καὶ
373 4999 728 5071 ἐξερημὼσει
755 5001 854 5063 τὰς
882 4999 1064 5070 πηγὰς
1103 4998 1291 5058 αὑτοῦ,
1335 4999 1429 5051 καὶ
1464 4998 1640 5053 πάντα
1684 4995 1848 5051 αὑτοῦ

230 5098 310 5150 τὰ
339 5095 537 5163 σκεύη
565 5093 632 5146 τὰ
677 5092 1013 5163 ἐπιθυμητὰ.
1046 5111 1064 5143 ι
1120 5091 1340 5156 Ἐπάξει
1374 5092 1482 5162 γὰρ
1519 5090 1666 5161 αύτῷ
1691 5089 1850 5142 πολέ-

237 5207 383 5260 μιον
411 5205 432 5220 ·
479 5187 626 5255 λέγει
645 5187 704 5240 δὲ
716 5187 809 5239 τὸν
830 5186 939 5238 τῶν
958 5183 1316 5238 Βαϐυλωνίων
1343 5183 1563 5254 βασιλέα
1587 5183 1643 5246 ὃς
1663 5182 1851 5252 ῶσπερ

231 5283 307 5336 ἐκ
348 5297 518 5342 τινος
565 5278 846 5352 πόρρωθεν
891 5276 1150 5346 κειμένης
1210 5275 1413 5347 χώρας,
1461 5275 1616 5345 δίκην
1649 5274 1850 5343 ἀνέμου

230 5373 556 5434 καύσωνος
586 5371 780 5440 ἁθρόον
808 5367 1070 5431 ἐπελθὼν,
1086 5368 1203 5422 ὅλον
1224 5367 1384 5420 αὑτὸν
1411 5367 1626 5434 ἀφανιεί
1646 5364 1818 5418 διόλου
1834 5380 1848 5394 ·

1950 4724 2096 4789 dam,
2134 4737 2240 4792 qua
2268 4721 2354 4773 nsi
2405 4717 2624 4772 fuerunt
2653 4715 2916 4770 adversus
2942 4729 3036 4769 eos
3070 4715 3302 4786 Assyrii,
3334 4732 3524 4787 prose-

1952 4817 2176 4888 quitur:
2203 4827 2222 4860 ‹
2245 4811 2492 4866 Adducet
2521 4808 2782 4862 Dominus
2810 4817 3055 4860 urentem
3088 4817 3306 4862 ventum
3333 4823 3397 4864 ex
3428 4812 3522 4863 ile~

1953 4915 2104 4966 serto
2137 4919 2302 4975 super
2321 4903 2522 4972 ipsum,
2567 4909 2623 4956 et
2645 4899 2874 4957 siccabit
2900 4913 3068 4954 venas
3089 4897 3232 4968 ejus,
3258 4911 3312 4955 et
3345 4899 3524 4957 fontes

1956 5001 2076 5068 ejus
2093 4995 2380 5059 desolabit,
2399 5003 2562 5063 atque
2584 4991 2767 5046 Omnia
2789 5005 2920 5048 vasa
2933 4991 3052 5059 ejus
3073 4989 3470 5045 desiderabilia.
3499 5011 3518 5041 ο

1956 5088 2256 5145 Adducetei
2281 5089 2490 5142 hostem
2515 5102 2527 5137 :
2553 5082 2684 5137 dicit
2698 5089 2876 5135 autem
2893 5079 3306 5150 Babyloniorum
3322 5095 3526 5150 regem.

1956 5185 2050 5254 qui
2082 5191 2342 5252 tanquam
2377 5191 2442 5233 ex
2469 5176 2650 5246 aliqua
2685 5174 2979 5243 longinqua
3012 5172 3266 5240 regione,
3299 5173 3354 5225 in
3380 5174 3526 5227 venti

1960 5275 2167 5331 urentis
2217 5268 2621 5328 similitudinem
2668 5277 2886 5337 repente
2941 5264 3353 5334 superveniens,
3406 5266 3524 5319 nni-

1959 5381 2175 5422 versum
2202 5362 2457 5418 lsraelem
2488 5357 2714 5414 omrrmo
2746 5355 2973 5423 delebit;
3001 5355 3229 5425 ejusque
3255 5354 3532 5424 prosperi-

1961 5465 2150 5517 tatem.
2184 5455 2564 5520 bonorumque
2587 5447 2938 5510 alliuentiam,
2971 5445 3024 5499 in
3057 5443 3367 5499 vastitatem
3395 5455 3533 5498 con-

232 5469 353 5538 τήν
379 5481 457 5517 τε
483 5463 786 5533 εὐπραγίαν
805 5459 1101 5523 αύτοῦ,καί
1127 5460 1225 5528 τὴν
1247 5459 1354 5512 τῶν
1383 5458 1690 5528 προσόντων
1717 5457 1854 5524 ἀγα·
1961 5465 2150 5517 talem.
2184 5457 2564 5520 bonorumque
2587 5457 2938 5544 alnuentiam,
2965 5460 3024 5544 tn
3057 5457 3485 5544 vastantem-cor.

1959 5555 2168 5613 vertet;
2204 5543 2560 5614 ejusdemque
2594 5537 2785 5597 omnes
2838 5537 3150 5604 facultates,
3175 5542 3232 5592 et
3263 5535 3529 5606 quidquid

235 5559 368 5613 θῶν
410 5552 705 5624 ἀφθονίαν,
741 5555 819 5615 εἰς
857 5551 1091 5622 ἐρημίαν
1126 5551 1467 5619 μεταστήσας
1491 5566 1503 5580 ·
1547 5549 1638 5601 καὶ
1679 5549 1854 5603 πάντα

310 5728 363 5762 ³⁷
407 5731 566 5788 Psal.
589 5743 767 5795 CLXVI,
801 5730 855 5784 2.
934 5723 977 5762 ³⁸
1006 5726 1146 5787 Psal.
1183 5739 1289 5792 CVI,
1316 5725 1369 5786 9..
