3860 6520
451 250 560 307 207

1636 249 1979 310 THEODORI
2022 248 2498 305 MOPSUESTENI
3565 251 3655 309 908

448 364 645 433 majori
697 369 870 437 pretio
928 370 1223 426 habebatur
1267 370 1508 426 funditus
1566 370 1828 426 destruet.
1881 367 2017 421 Nam

2133 364 2187 436 δὴ
2242 366 2309 418 τὰ
2366 366 2634 437 προσόντα
2678 365 2848 434 αὐτῷ,
2884 366 2976 420 καὶ
3018 365 3216 436 πολλῆς
3267 364 3535 436 ἠξιωμένα
3573 369 3656 437 τῆς

446 455 653 522 verbis,
674 476 692 508 ι
722 456 822 512 Ubi
854 460 985 515 ultio
1014 470 1126 523 tua,
1160 463 1347 517 mors?
1376 463 1463 516 ubi
1490 462 1745 516 stimulus
1776 459 2021 524 tuus,in-

449 540 639 599 ferne?
662 564 681 596 ι
703 546 1079 617 subjungitur:
1100 569 1117 601 ι
1132 548 1423 621 Propterea
1442 548 1531 604 hic
1548 549 1902 607 inter'fratres
1934 548 2019 602 di-

449 631 615 697 videt,
642 651 661 685 ι
693 640 745 688 et
768 635 1080 706 reliqua;ita
1106 644 1285 690 tamen
1311 644 1370 691 ut
1398 638 1716 692 intermedia
1735 638 2020 692 sintverba

448 722 539 776 illa
569 744 580 777 :
605 723 959 778 «Consolatio
973 725 1289 780 abscondita
1313 735 1398 782 est
1421 729 1488 782 ab
1518 730 1692 783 oculis
1724 729 1865 796 tuis;
1894 747 1913 780 ι
1946 730 2021 784 si-

448 813 739 881 gnificante
766 815 1053 885 propheta,
1089 825 1407 872 eventurum
1437 819 1569 874 illud
1610 818 1757 889 quod
1794 828 2022 875 eatenus

448 903 667 959 latebat.
710 904 815 960 Sed
866 909 1011 961 enim
1056 919 1345 979 postquam
1380 910 1621 980 ipsorum
1661 913 1715 967 in
1745 913 2019 966 meliorem

448 1004 648 1051 statum
683 998 1272 1067 dixiteonversionem,
1299 1003 1539 1073 loquitur
1569 1020 1763 1061 rursus
1796 1004 1863 1061 de
1894 1019 2021 1059 mox

447 1098 770 1160 correptum
799 1092 1016 1146 eosdem
1044 1092 1243 1164 poenali
1275 1094 1605 1149 calamitate.

1074 1183 1226 1239 CAP.
1268 1184 1408 1240 XIV.

520 1273 688 1329 Vens.
726 1275 839 1329 1-5.
876 1305 948 1317 -
992 1293 1012 1327 ι
1066 1276 1387 1335 Destruetur
1448 1276 1716 1341 Samaria,
1765 1277 2021 1348 quoniam

449 1362 506 1417 in
530 1362 699 1419 Deum
732 1379 891 1419 suum
918 1364 1216 1419 rebellavit.
1244 1364 1436 1419 Gladio
1462 1365 1691 1433 cadent;
1731 1374 1846 1418 tum
1902 1366 2024 1418 illo-

446 1473 567 1512 rum
590 1458 849 1513 lactentes
880 1459 997 1513 solo
1025 1458 1349 1526 allidentur;
1375 1470 1426 1515 et
1456 1459 1577 1515 feta:
1611 1460 1853 1530 ipsorum
1882 1459 2026 1513 scin-

446 1552 663 1606 dentur.
713 1570 732 1603 ›
786 1551 940 1606 Tune
982 1565 1131 1621 ergo,
1194 1551 1390 1620 inquit,
1442 1550 1699 1622 pnedicta
1762 1550 2021 1605 beneficia

446 1640 724 1710 insperato
752 1641 993 1694 conferet
1011 1640 1269 1694 Dominus
1294 1640 1541 1709 captivis.
1567 1637 1674 1694 Sed
1727 1648 1860 1693 ante
1889 1636 2019 1690 illud

403 1757 410 1766 -
448 1739 665 1802 tempus
681 1732 936 1801 corripiet
956 1745 1049 1785 eos
1069 1730 1293 1785 exitium
1310 1730 1712 1801 gravissimum,
1736 1737 2018 1798 propterea

448 1825 592 1893 quod
616 1824 891 1877 contraria
923 1822 1031 1877 Deo
1054 1822 1281 1876 fecerint
1310 1841 1323 1876 :
1358 1837 1589 1891 namque
1605 1821 2018 1875 acerbissimum

446 1915 798 1985 experientur
852 1916 1074 1980 bellum,
1130 1916 1185 1968 in
1233 1922 1442 1969 tantum
1480 1922 1538 1967 ut
1586 1929 1653 1968 ne
1704 1912 2019 1967 lactentium

452 2006 669 2077 quidem
700 2009 1048 2077 parvulorum
1095 2008 1205 2078 66
1232 2006 1504 2060 inisertnri
1546 2006 1656 2061 sint
1694 2006 1895 2065 hostes,
1928 2019 2022 2058 nc-

453 2115 561 2170 que
588 2079 871 2153 mulierum
896 2098 1268 2170 gravidarum.
1306 2097 1418 2166 Age
1458 2112 1585 2150 vero
1616 2104 1903 2166 postquam
1929 2111 2023 2151 eos

452 2196 837 2244 eventurorum
917 2187 1182 2240 malorum
1215 2186 1733 2239 commemoratione
1783 2184 1916 2239 satis
1956 2186 2019 2239 ad

451 2280 774 2335 modestiam
826 2282 1155 2348 composuit,
1198 2294 1342 2332 nunc
1379 2277 1725 2347 promissioni
1762 2277 2022 2331 insistens

448 2386 611 2441 quam
651 2372 704 2424 in
739 2371 1112 2439 superioribus
1148 2369 1295 2432 fecit,
1332 2369 1679 2435 futuramque
1706 2368 1813 2421 illis
1853 2367 2021 2422 mole-

454 2461 685 2515 stiarum
741 2460 1064 2515 solutionem
1099 2459 1445 2529 portendens.
1470 2459 1547 2512 ait
1580 2476 1636 2511 ε(
1673 2457 2019 2517 Convertere.

460 2549 647 2614 lsrael,
676 2550 743 2604 ad
779 2548 1063 2604 Dominum
1090 2548 1258 2603 Deum
1297 2559 1470 2612 tuum,
1501 2546 1759 2616 quoniam
1792 2546 2026 2600 inﬁrma-

458 2649 553 2694 tus
595 2655 655 2695 es
695 2642 750 2693 in
804 2640 1185 2710 iniquitatibus
1250 2640 1378 2691 tuis.
1419 2655 1438 2687 ι
1494 2638 1599 2706 Age
1644 2635 1775 2705 iam,
1814 2637 2025 2705 respice

456 2730 620 2784 modo
667 2731 731 2784 ad
770 2729 976 2797 Deum;
1020 2740 1071 2785 et
1131 2731 1458 2782 voluntatem
1490 2728 1607 2794 ejus
1654 2728 2021 2791 considerans,

455 2822 512 2875 in
562 2831 819 2891 quantam
872 2822 1084 2877 veneris
1139 2822 1209 2874 ob
1247 2821 1441 2874 delicta
1507 2828 1596 2872 tua
1655 2820 2023 2874 infirmitatem

454 2927 725 2982 cognosce
761 2930 775 2964 :
830 2920 883 2967 et
914 2928 1036 2965 cum
1069 2913 1343 2981 insperato
1372 2910 1801 2965 incumbentium
1846 2910 2024 2963 malo-

2127 456 2366 525 σπουδῆς
2398 458 2619 524 ἀφανιεῖ
2644 457 2922 523 καθάπαξ·
2948 457 3082 527 πρὸς
3104 457 3207 528 γὰρ
3236 457 3318 520 τὸ,
3338 476 3355 507 ι
3381 458 3486 508 Ποῦ
3506 461 3536 527 ἡ
3555 459 3657 529 δίκη

2124 562 2239 610 σου,
2284 547 2501 611 θάνατε;
2532 548 2633 621 ποῦ
2676 548 2736 599 τὸ
2786 548 3007 618 κέντρον
3044 565 3159 611 σου,
3187 548 3361 618 ᾅδην
3412 548 3657 618 ἐπῆκται·

2129 656 2145 688 ι
2176 639 2318 690 Διότι
2364 631 2517 701 οὗτος
2567 639 2669 693 ἀνὰ
2714 639 2876 710 μέσον
2915 638 3158 709 ἀδελφῶν
3200 638 3492 701 διαστελεῖ,
3530 657 3546 689 ι
3584 642 3661 691 καὶ

2122 728 2189 781 τὰ
2219 727 2344 797 ἑξῆς
2366 747 2378 757 ·
2415 729 2555 781 ὥστε
2585 725 2723 782 εἶναι
2755 729 2845 783 διὰ
2873 730 3059 799 μέσου,
3089 730 3149 783 τὸ
3188 749 3205 781 ι
3236 729 3572 801 Παράκλησις
3593 730 3663 783 κέ-

2122 836 2361 890 κρυπται
2410 819 2516 871 ἀπὸ
2559 819 2848 889 ὀφθαλμῶν
2898 834 3011 881 σου,
3043 839 3059 870 ι
3096 818 3399 890 δηλοῦντος,
3425 819 3503 871 ὅτι
3528 820 3663 887 γενή-

2125 928 2273 963 σεται
2298 910 2453 963 τοῦτο
2479 911 2506 962 ὃ
2534 910 2627 963 νῦν
2673 912 2856 973 αὐτοῖς
2883 911 3075 983 ἄδηλόν
3098 914 3212 965 ἐστι
3241 911 3397 973 τέως.
3437 905 3560 963 Εἶτα
3581 911 3663 982 τὴν

2123 1004 2214 1055 ἐπὶ
2234 1002 2295 1055 τὸ
2321 1004 2565 1073 κρεῖττον
2586 1002 2762 1055 αὐτῶν
2793 1003 3095 1073 μεταϐολὴν
3121 1002 3380 1073 εἰρηκὼς,
3418 1001 3556 1071 λέγει
3574 1001 3663 1055 πά-

2122 1094 2204 1147 λιν
2232 1093 2327 1165 τὴν
2354 1093 2448 1147 νῦν
2480 1092 2810 1158 καθέξουσαν
2839 1094 3036 1156 αὐτοὺς
3063 1096 3355 1165 τιμωρίαν.

2761 1184 2917 1235 ΚΕΦ.
2964 1184 3061 1239 ΙΔ⁹.

2194 1276 2337 1345 Στίχ.
2368 1275 2519 1343 α’-γ’.
2544 1307 2608 1314 -
2628 1293 2644 1325 ι
2671 1272 3126 1342 Ἀφανισθήσεται
3146 1272 3448 1342 Σαμάρεια,
3464 1273 3541 1325 ὅτι
3564 1273 3669 1327 ἀντ⁹

2126 1367 2255 1437 έστη
2300 1367 2434 1437 πρὸς
2481 1366 2569 1418 τὸν
2596 1366 2727 1417 Θεὸν
2770 1366 2967 1434 αὐτῆς·
3012 1366 3069 1416 ἐν
3114 1365 3361 1434 ῥομφαία
3387 1364 3665 1427 πεσοῦνται,

2126 1460 2218 1510 καὶ
2254 1458 2321 1511 τά
2369 1458 2651 1511 ὑποτίτθια
2694 1458 2873 1511 αὐτῶν
2911 1456 3381 1529 ἐδαφισθήσονται,
3431 1457 3520 1509 καὶ
3546 1460 3593 1511 αἱ
3620 1459 3667 1511 ἐν

2123 1552 2322 1620 γαστρὶ
2350 1550 2527 1602 αὐτῶν
2574 1550 2791 1619 ἔχουσαι
2840 1550 3313 1621 διαρραγήσονται.
3346 1566 3364 1600 ι
3419 1548 3542 1601 Τότε
3585 1548 3669 1618 μὲν

2124 1637 2237 1701 οὖν.
2264 1642 2450 1710 φησὶν,
2494 1642 2675 1693 ἐκεῖνα
2716 1641 2943 1711 παρέξει
2978 1641 3125 1710 παρὰ
3161 1643 3341 1693 πᾶσαν
3368 1640 3551 1694 ἐλπίδα
3575 1643 3669 1703 τοῖς

2122 1734 2399 1802 γεγονόσιν
2429 1733 2793 1802 αἰχμαλώτοις
2814 1748 2827 1763 ·
2878 1734 2981 1801 πρὸ
3003 1733 3059 1786 δέ
3095 1750 3157 1801 γε
3207 1734 3429 1787 ἐκείνων
3463 1733 3671 1803 καταλήω

2120 1824 2279 1893 ψεται
2296 1823 2389 1877 νῦν
2416 1824 2611 1887 αὐτοὺς
2634 1822 2877 1877 ἀπώλεια
2902 1823 3198 1895 βαρυτάτη,
3224 1824 3364 1894 ύπέρ
3392 1818 3463 1876 ὧν
3483 1825 3671 1878 ἐναντία

2123 1918 2324 1969 εἴλοντο
2372 1916 2448 1985 τῷ
2486 1916 2631 1987 Θεῷ·
2696 1915 2932 1985 πολέμου
2981 1914 3089 1986 γὰρ
3134 1917 3191 1969 ἐν
3228 1915 3396 1986 πείρᾳ
3432 1915 3673 1984 καταστή-

2124 2025 2302 2060 σονται
2332 2008 2679 2075 πικροτάτου,
2705 2005 2780 2069 ὡς
2813 2006 2950 2077 μήτε
2983 2005 3090 2058 τῶν
3120 2004 3200 2058 ἐτι
3230 2006 3671 2076 γαλακτοτροφου-

2126 2099 2299 2171 μένων
2327 2100 2553 2151 παιδίων
2584 2098 2728 2151 ἐλεον
2769 2094 2908 2151 εἶναι
2939 2097 3237 2167 πολεμίοις,
3286 2098 3422 2168 μήτε
3463 2097 3561 2167 μὴν
3584 2094 3671 2149 τῶν

2125 2190 2399 2259 γυναικῶν
2416 2190 2522 2242 τῶν
2543 2191 2755 2259 ἐγκύων
2769 2206 2781 2217 °
2802 2191 2893 2243 καὶ
2914 2189 3207 2259 ἐπειδήπερ
3224 2190 3420 2252 αὐτοὺς
3432 2191 3493 2258 τῇ
3512 2187 3673 2258 μνήμῃ

2132 2284 2243 2336 τῶν
2277 2282 2735 2353 καταληψομένων
2774 2282 2969 2344 αὐτοὺς
3000 2282 3185 2334 κακῶν
3215 2280 3566 2351 ἐσωφρόνισεν
3591 2277 3671 2332 αὖ·

2124 2375 2360 2443 τάρκως,
2392 2371 2698 2425 ἀκολουθῶν
2726 2375 2791 2441 τῇ
2825 2372 3127 2441 ἐπαγγελίᾳ
3160 2373 3225 2442 ἦν
3264 2372 3324 2424 ἐν
3357 2372 3465 2432 τοῖς
3500 2368 3673 2423 ἀνωτὲ·

2129 2480 2241 2532 ροις
2278 2464 2592 2533 ἐποιήσατο,
2638 2464 2713 2534 (p.
2748 2464 2871 2532 100)
2917 2464 3016 2534 τὴν
3048 2462 3315 2532 ἐσομένην
3344 2461 3519 2521 αὐτοῖς
3545 2458 3673 2510 λύσιν

2126 2553 2233 2606 τῶν
2244 2554 2499 2627 λυπηρῶν
2517 2552 2978 2623 μηνύων,ἐπάγει·
2993 2570 3010 2601 ί
3034 2549 3450 2622 Ἐπιστράφηοι,
3467 2543 3671 2617 Ἰσραὴλ.

2127 2643 2262 2714 πρὸς
2300 2645 2502 2715 Κύριον
2530 2645 2618 2696 τὸν
2659 2644 2792 2697 Θεόν
2840 2660 2955 2707 σου,
2990 2642 3122 2695 διότι
3154 2642 3460 2712 ἡσθένησας
3497 2641 3549 2690 ἐν
3574 2638 3672 2697 rei;

2125 2732 2358 2793 ἀδικίαις
2388 2750 2503 2786 σου.
2543 2751 2562 2783 ο
2622 2730 2783 2783 Ἀλλὰ
2827 2730 2936 2801 γὰρ
2983 2729 3077 2781 νῦν
3119 2728 3183 2798 δὴ
3218 2727 3409 2780 νεῦσον
3436 2724 3561 2795 πρὸς
3600 2721 3673 2773 τὸν

2126 2825 2279 2889 Θεὸν,
2332 2825 2426 2877 καὶ
2456 2823 2526 2875 τὰ
2576 2821 2721 2892 αὐτῷ
2752 2820 3011 2874 δοκοῦντα
3042 2820 3519 2890 ἀναλογισάμενος,
3557 2812 3674 2881 ὑπὲρ

2128 2910 2202 2969 ῶν
2231 2917 2472 2986 ἡσὲὅεις,
2495 2917 2573 2977 είς
2604 2916 2737 2984 ὅσην
2764 2913 3103 2983 κατηνέχθης
3126 2912 3414 2965 ἀσθένειαν
3440 2928 3452 2940 ⁸
3490 2907 3575 2961 καὶ
3599 2905 3675 2955 λα-

456 3018 576 3058 rum
624 3004 946 3057 solutionem
990 3004 1068 3057 sis
1112 3011 1324 3066 nactus,
1363 3003 1430 3057 da
1454 3019 1672 3072 operam
1738 3014 1797 3057 ut
1828 3004 2024 3057 debitis

2133 3009 2237 3062 ῧὼν
2273 3011 2399 3079 παρ’
2431 3007 2617 3060 ἐλπίδα
2670 3006 2777 3058 τῶν
2830 3005 3345 3074 προσπεπτωκότων
3393 3000 3564 3056 κακῶν
3594 2994 3674 3065 τὴν

456 3096 645 3151 oﬂiciis
683 3098 739 3150 in
795 3105 1072 3166 posterum
1110 3096 1445 3166 defungaris.
1480 3116 1497 3147 ι
1527 3095 1723 3149 Tollite
1743 3095 2023 3149 vobiscum

457 3189 644 3252 verba,
676 3194 729 3241 et
757 3187 1133 3241 convertimini
1154 3186 1220 3239 ad
1254 3186 1540 3239 Dominum
1565 3186 1732 3239 Deum
1758 3193 2022 3241 vestrum.

458 3277 630 3332 Dicite
657 3278 706 3332 ei
747 3295 759 3331 :
803 3277 963 3332 Potes
1013 3293 1175 3331 omne
1230 3277 1447 3331 auferre
1495 3286 1819 3346 peccatum;
1853 3288 1909 3331 ut
1952 3277 2027 3329 ita

460 3384 570 3422 non
610 3369 903 3423 assumatis
950 3368 1312 3437 iniquitatem,
1362 3367 1456 3421 sed
1505 3368 1737 3437 capiatis
1798 3368 1956 3421 bona.
2003 3388 2023 3420 ι

462 3460 573 3515 llos
593 3458 994 3530 quodammodo
1019 3472 1300 3513 sermones
1330 3459 1469 3511 inter
1504 3474 1600 3511 vos
1632 3466 1819 3512 mutuo
1842 3461 2027 3522 serite,

459 3548 660 3620 quibus
694 3563 884 3603 omnes
919 3563 1015 3617 per
1039 3548 1220 3601 omnia
1252 3547 1320 3601 ad
1359 3546 1526 3601 Deum
1551 3547 1816 3612 tendatis;
1848 3557 2029 3601 certa-

459 3658 568 3714 que
594 3641 697 3697 fide
718 3640 955 3695 credatis
987 3655 1147 3710 posse
1172 3638 1339 3694 Deum
1374 3648 1554 3695 vestra
1590 3640 1774 3693 omnia
1802 3648 2030 3710 peccata

461 3734 662 3798 delere,
718 3732 764 3788 si
812 3741 960 3787 certe
1000 3748 1096 3787 vos
1137 3732 1465 3802 pcenitentes
1495 3732 1548 3785 in
1584 3732 2031 3801 contingentibus

460 3828 660 3883 viderit
714 3826 1161 3881 calamitatibus:
1202 3834 1367 3895 atque
1413 3826 1523 3895 jam
1562 3827 1709 3878 onmi
1758 3826 2033 3893 impietate

459 3917 698 3981 omissa,
731 3917 949 3971 uberem
980 3916 1340 3986 impetu-abitis
1372 3916 1635 3969 bonorum
1672 3931 1700 3969 a
1728 3914 1838 3969 Deo
1871 3916 2033 3984 largi-

461 4012 685 4065 tionem.
736 4009 1017 4080 Simulque
1041 4010 1272 4063 invicem
1309 4008 1693 4071 exbortemini,
1727 4008 1797 4061 ad
1839 4022 2034 4077 perpe-

461 4113 586 4157 tuos
615 4102 693 4157 illi
738 4102 966 4173 hymnos
1008 4110 1062 4156 et
1087 4101 1384 4171 gratiarum
1432 4102 1675 4158 actiones
1711 4100 1781 4155 ob
1811 4114 1873 4155 ea
1912 4113 2033 4168 qua:

461 4195 754 4265 possidetis
779 4196 941 4261 bona,
972 4194 1328 4249 attollendos.

530 4442 700 4498 Vens.
731 4442 847 4497 4.8.
873 4473 940 4486 οσ-
972 4459 992 4492 σ
1048 4446 1221 4496 Assur
1259 4456 1365 4495 non
1408 4442 1636 4497 salvabit
1686 4457 1822 4509 nos;
1867 4458 2033 4513 super

464 4550 635 4607 equos
653 4551 759 4589 non
777 4533 1165 4599 ascendemus;
1200 4533 1341 4587 baud
1364 4533 1502 4585 ultra
1521 4534 1767 4589 dicemus
1798 4535 2031 4604 opiﬁciis

472 4627 717 4685 nostris:
752 4626 836 4680 Dii
863 4625 1037 4679 nostri
1068 4625 1223 4679 estis.
1271 4643 1289 4677 υ
1318 4622 1435 4678 Non
1467 4626 1611 4679 enim
1635 4625 1844 4696 Assyrii
1876 4627 2030 4681 dein-

465 4737 597 4792 ceps
655 4718 1017 4789 indigebimus
1052 4716 1277 4780 auxilio,
1338 4716 1463 4769 facti
1489 4715 1600 4785 jam
1634 4719 1683 4770 ei
1718 4718 2029 4783 superiores

463 4814 536 4870 ob
581 4812 825 4867 divinum
881 4808 1262 4878 patrocinium.
1294 4806 1478 4877 Neque
1499 4808 1655 4878 equis
1698 4817 1909 4865 utentes
1963 4810 2033 4865 ad

465 4904 649 4976 fugam
695 4901 1094 4973 spectabimus;
1127 4900 1281 4955 adest
1332 4902 1475 4955 enim
1518 4901 1811 4956 auxiliator
1870 4902 2035 4958 Dens.

466 4996 605 5051 Tum
637 4996 784 5050 etab
816 4994 909 5048 illo
956 5007 1141 5048 errore
1191 4994 1379 5063 procul
1419 5002 1604 5063 postea
1654 4996 1882 5057 erimus,
1943 5011 2040 5050 eos

465 5104 604 5160 quos
655 5088 757 5156 ipsi
813 5085 1063 5149 fecimus,
1104 5085 1235 5140 deos
1278 5085 1603 5155 appellandi.
1659 5106 1677 5138 ι
1717 5086 1855 5153 Quia
1897 5088 1951 5141 in
1985 5096 2039 5142 te

468 5181 818 5237 miserebitur
843 5178 1053 5250 pupilli.
1088 5197 1108 5228 ι
1142 5177 1275 5233 Date
1302 5192 1521 5248 operam
1553 5187 1612 5232 ut
1646 5195 1751 5234 una
1791 5194 1915 5234 eum
1944 5181 2039 5235 be-

468 5274 649 5329 nivolo
668 5273 993 5340 sinceroque
1019 5284 1144 5340 erga
1166 5270 1331 5327 Deum
1347 5269 1563 5335 affectu,
1585 5272 1858 5340 egentium
1898 5287 2036 5341 quo-

469 5382 576 5437 que
607 5363 994 5422 misereamini.
1052 5380 1071 5413 ς
1107 5362 1325 5417 Sanabo
1378 5362 1746 5418 habitationes
1801 5378 2031 5429 eorum;

469 5458 690 5528 diligam
737 5473 831 5513 eos
858 5454 1165 5519 manifeste,
1199 5455 1325 5524 quia
1378 5469 1601 5510 aversus
1634 5455 1743 5525 67
1764 5465 1847 5509 est
1883 5455 2035 5509 furor

469 5563 627 5604 meus
654 5548 723 5605 ab
772 5551 871 5605 eis.
910 5548 1017 5602 i'Si
1067 5549 1163 5611 ita,
1218 5548 1415 5618 inquit.
1455 5555 1504 5600 te
1543 5546 1801 5616 gesseris,
1843 5548 2034 5604 audies

472 5639 641 5697 Deum
673 5640 784 5696 haec
802 5641 1199 5713 promittentem
1236 5652 1397 5712 atque
1426 5640 1735 5709 facientem,
1765 5648 1923 5713 teque
1980 5644 2033 5697 in

2128 3102 2303 3163 λύσιν,
2349 3095 2723 3167 ἐπιμελεῖσθαι
2754 3095 2939 3147 λοιπὸν
2976 3094 3239 3157 σπούδαζε
3267 3093 3364 3145 τοῦ
3404 3089 3675 3160 προσήκον-

2130 3210 2238 3256 τος.
2272 3210 2288 3239 ι
2313 3188 2630 3241 Ἀναλάὸετε
2671 3186 2790 3255 μεθ’
2828 3183 3037 3236 ἑαυτῶν
3067 3184 3277 3251 λόγους,
3317 3183 3410 3235 καὶ
3441 3172 3673 3244 ἐπιστρά-

2133 3298 2269 3351 φητε
2319 3280 2453 3349 πρὸς
2492 3278 2693 3347 Κύριον
2744 3275 2835 3328 τὸν
2867 3275 2999 3328 Θεὸν
3044 3274 3237 3344 ὑμῶν·
3295 3274 3480 3326 εἴπατε
3527 3262 3673 3333 αὐτῷ.

2131 3374 2362 3425 Δύνασαι
2396 3374 2574 3423 πᾶσαν
2602 3371 2852 3438 ἀφαιρεῖν
2884 3368 3155 3437 ἁμαρτίαν
3178 3384 3189 3396 ·
3218 3367 3367 3429 ὅπως
3399 3362 3472 3433 μὴ
3497 3358 3672 3427 λάϐητε

2133 3461 2365 3523 ἀδικίαν,
2403 3462 2495 3512 καὶ
2531 3461 2616 3511 ἵνα
2659 3458 2859 3528 λάϐητε
2891 3457 3086 3525 ἀγαθά.
3122 3476 3140 3507 ι
3189 3456 3463 3515 Τοιούτοις
3498 3452 3555 3519 δή
3581 3462 3672 3499 τισι

2136 3553 2270 3624 πρὸς
2301 3551 2562 3620 ἀλλήλους
2590 3550 2864 3620 χρήσασθε
2898 3552 3010 3610 τοῖς
3042 3547 3239 3615 λόγοις,
3272 3547 3341 3599 δι’
3385 3538 3457 3597 ῶν
3484 3540 3672 3595 νεύσετε

2136 3644 2237 3712 μὲν
2272 3642 2383 3694 ὅλοι
2414 3641 2478 3692 δι’
2513 3641 2649 3692 ὅλων
2684 3639 2818 3709 πρὸς
2855 3637 2985 3690 Θεόν
3012 3654 3025 3668 ·
3080 3634 3444 3707 ἀναμφίὸολον
3471 3632 3522 3684 δὲ
3545 3627 3671 3690 ἕξετε

2133 3732 2230 3800 τὴν
2274 3730 2476 3793 πίστιν,
2511 3727 2603 3779 τοῦ
2636 3728 2815 3790 πάσας
2841 3728 3093 3798 ἀφαιρεῖν
3126 3725 3277 3795 ὑμῶν
3306 3724 3405 3786 τὰς
3434 3716 3677 3790 ἁμαρτίας

2134 3822 2422 3890 αὐτάρκως
2444 3819 2586 3889 ἔχειν
2620 3820 2711 3871 τὸν
2739 3819 2890 3882 Θεὸν,
2919 3819 3074 3886 είπερ
3101 3813 3192 3869 οὖν
3228 3816 3373 3885 ὑμᾶς
3411 3806 3677 3884 μεταμελο·

2138 3913 2333 3983 μένους
2386 3911 2478 3963 ἐπὶ
2511 3913 2621 3973 τοῖς
2658 3910 3044 3978 συμϐαίνουσιν
3094 3907 3188 3961 ἷδοι
3241 3910 3459 3969 κακοῖς·
3529 3901 3596 3960 ὡς
3622 3895 3677 3948 ἂν

2140 4003 2334 4073 μηκέτι
2366 4001 2501 4072 πρὸς
2545 4000 2795 4053 ἀσέϐειαν
2836 3998 3101 4060 νεύοντες,
3134 3996 3364 4064 ἄφθονον
3397 3994 3558 4062 ἔχοιτε
3588 3984 3677 4037 τῶν

2136 4095 2356 4165 ἀγαθῶν
2389 4092 2541 4163 παρὰ
2576 4091 2709 4143 Θεοῦ
2741 4090 2839 4160 τὴν
2868 4088 3160 4159 χορηγίαν·
3197 4088 3287 4141 καὶ
3334 4075 3677 4155 προτρέψασθε

2137 4190 2337 4249 πάντες
2369 4184 2624 4254 ἀλλήλους
2654 4182 2916 4252 διηνεκεῖς
2945 4179 3093 4249 αύτῷ
3118 4180 3240 4240 τοὺς
3272 4178 3469 4247 ὕμνους
3493 4171 3578 4223 καὶ
3596 4165 3677 4225 τὰς

2137 4276 2484 4349 εὐχαριστίας
2521 4273 2657 4343 ὑπὲρ
2699 4271 2808 4323 τῶν
2845 4269 3200 4341 ὑπαρξάντων
3251 4268 3379 4337 ὑμῖν
3419 4256 3677 4317 ἀποδοῦναι

2065 4349 2109 4403 D
2138 4368 2337 4423 καλῶν.

2212 4459 2362 4529 Στίχ.
2392 4458 2538 4526 δ’-η’.
2572 4486 2641 4495 --
2687 4474 2705 4504 σ
2734 4454 2965 4524 Ἀσσοὺρ
3003 4452 3063 4505 ού
3108 4453 3182 4524 μὴ
3231 4452 3380 4524 σώσῃ
3414 4446 3571 4518 ἡμᾶςο
3610 4432 3681 4529 g3".

2138 4552 2321 4604 ἵππων
2350 4550 2449 4602 οὐκ
2475 4544 2879 4617 ἀναϐησόμεθα,
2908 4544 3089 4596 οὐκέτι
3119 4545 3180 4595 ού
3211 4544 3284 4613 μὴ
3319 4526 3680 4609 εἴπομιενσθεοὶ

2140 4643 2320 4713 ἡμῶν,
2340 4641 2450 4705 toi;
2469 4641 2649 4712 ἔργοις
2672 4637 2778 4689 τῶν
2816 4636 3012 4706 χειρῶν
3052 4635 3225 4706 ἡμῶν.
3254 4654 3271 4685 ι
3317 4634 3451 4688 Οὔτε
3480 4627 3578 4697 γὰρ
3597 4620 3679 4687 τῆς

2138 4734 2233 4787 τοῦ
2269 4731 2553 4801 Ἀσσυρίου
2587 4729 2769 4782 λοιπὸν
2814 4729 3116 4799 δεησόμεθα
3150 4726 3419 4798 βοηθείας,
3449 4718 3680 4783 ἀνώτεροι

2137 4824 2477 4886 καθεστῶτες
2518 4822 2683 4876 αὑτοῦ
2729 4821 2816 4875 διά
2862 4822 2959 4893 τὴν
3006 4820 3156 4874 θείαν
3189 4816 3537 4890 κηδεμονίαν·
3575 4803 3681 4859 οὒτε

2139 4917 2326 4979 ἵπποις
2368 4914 2701 4985 χρησάμενοι
2732 4912 2994 4982 νεύσομεν
3049 4911 3181 4981 πρὸς
3225 4914 3400 4981 φυγήν
3425 4924 3438 4937 -
3474 4900 3680 4969 πάρεστι

2136 5009 2243 5079 γὰρ
2289 5009 2318 5063 ὁ
2349 5006 2555 5078 βοηθῶν
2583 5005 2748 5068 Θεός·
2796 5004 3079 5077 πόρρωθεν
3126 5002 3184 5055 δὲ
3214 5000 3447 5071 ἐσόμεθα
3492 4992 3578 5047 καὶ
3598 4985 3682 5079 τῆς

2138 5074 2359 5169 πλάνης
2394 5074 2609 5169 ἐκείνης
2650 5074 2883 5162 λοιπὸν(
2910 5074 3054 5149 ῶστε
3088 5094 3159 5148 τὰ
3199 5095 3325 5165 παρ’
3371 5088 3521 5163 ἡμῶν
3552 5074 3678 5147 γινό-

2144 5209 2279 5263 μενα
2313 5192 2465 5254 θεοὺς
2507 5191 2810 5261 ὀνομάζειν.
2871 5206 2890 5241 ι
2921 5189 3044 5241 Ὅτι
3084 5190 3140 5241 ἐν
3172 5188 3253 5241 σοὶ
3297 5186 3505 5255 ἐλεήσει
3534 5175 3682 5245 ὀρφα-

2140 5284 2250 5337 νόν.
2278 5304 2297 5335 ι
2351 5283 2723 5353 Ἐπιμελεϊσθε
2769 5282 2827 5335 δὲ
2858 5281 2995 5353 μετά
3024 5282 3121 5353 τῆς
3159 5282 3237 5343 είς
3265 5278 3395 5331 Θεὸν
3432 5274 3677 5337 εὐγνωμα

2142 5374 2337 5446 σύνης,
2392 5378 2487 5428 καὶ
2541 5377 2639 5440 τῆς
2696 5377 2775 5438 είς
2834 5375 2959 5437 τοὺς
3008 5373 3292 5443 δεομένους
3346 5354 3677 5453 συμπαθείας·

2145 5483 2162 5513 ι
2205 5464 2447 5532 Ἰάσομαι
2504 5464 2604 5528 τὰς
2647 5463 2925 5523 κατοικίας
2968 5463 3170 5527 αὐτῶν,
3218 5462 3483 5531 ἀγαπήσω
3510 5449 3680 5503 αὐτοὺς

2137 5556 2435 5624 ὁμολόγως.
2475 5558 2555 5609 ὅτι
2602 5556 2943 5627 ἀπέστρεψεν
2971 5557 3003 5626 ἡ
3034 5557 3167 5626 ὀργή
3200 5572 3297 5625 μου
3333 5551 3428 5606 ἀπ’
3457 5537 3675 5628 uitam:

2143 5648 2204 5701 Εἰ
2235 5649 2342 5719 γὰρ
2392 5648 2456 5719 δὴ
2498 5648 2740 5714 τοιαῦτα,
2770 5648 2923 5718 φησὶ,
2957 5651 3149 5717 ποιεῖς,
3196 5646 3402 5720 ἀκούσῃ
3444 5636 3530 5697 τοῦ
3560 5629 3677 5683 θεον
