3860 6508
218 472 322 531 9.09

1210 450 1759 515 COMMENTANUS
1797 452 1863 509 IN
1904 452 2103 511 OSEA‘I
2138 452 2289 511 CAP.
2314 452 2448 509 XIV.

3355 450 3465 508 210

217 586 388 644 ταῦτα
440 579 914 654 ἐπαγγελλομένου
960 592 1021 632 τε
1057 576 1184 650 περὶ
1226 575 1320 631 σού
1352 577 1445 633 καὶ
1482 574 1794 639 ποιοῦντος-ο

1897 597 2179 665 antiquum
2222 594 2587 650 habitaculum
2614 593 2983 648 restituentem
3020 607 3144 647 cum
3190 600 3461 664 potestate

220 684 309 736 καὶ
334 682 419 734 ὅτι
467 676 740 733 ἀποδώσει
787 674 883 745 μέν
930 690 1011 725 σοι
1039 670 1138 742 τὴν
1184 670 1423 724 παλαιὰν
1450 670 1662 740 οἴκησιν
1700 668 1791 721 ἐπὶ

216 775 312 843 τῆς
333 772 511 841 αὐτῆς
536 769 780 834 ἐξουσίας
805 784 819 799 ⁸
861 766 981 837 ίσην
1011 762 1071 818 δὲ
1100 763 1195 817 καὶ
1219 763 1407 834 ὁμοίαν
1431 762 1557 834 περὶ
1585 760 1793 822 πάντας

218 862 549 927 ἐπιδείξεται
582 861 682 931 τὴν
723 858 972 927 ἀγάπην,
1024 854 1118 910 ἅτε
1151 856 1330 908 πᾶσαν
1362 854 1530 925 ὀργὴν
1577 851 1793 922 ἀφελὼν

217 958 309 1024 ἀφ’
343 954 523 1025 ὑμῶν.
563 971 581 1003 ί
610 940 842 1020 Ἔσομαι
974 948 1159 1019 δρόσος
1187 946 1263 1017 τῷ
1292 944 1526 1017 Ἰσραήλ.
1557 962 1576 995 ι
1607 941 1791 1006 Οὕτως

216 1045 380 1121 ag:th
424 1043 705 1114 ὲκτρέφων
732 1043 798 1112 τῇ
844 1038 974 1111 παρ’
1012 1037 1146 1109 ἐμοῦ
1182 1037 1493 1108 κηδεμονίᾳ,
1544 1034 1728 1105 ὥσπερ
1755 1035 1788 1102 ἡ

218 1138 415 1208 δρόσος
436 1133 726 1205 ιιι-τρέφειν
754 1130 911 1185 εἴωθε
930 1128 1057 1194 τοὺς
1089 1129 1353 1201 καρπούς.
1400 1146 1419 1181 ι
1442 1126 1691 1198 Ἀνθήσει
1715 1122 1792 1189 ὡς

220 1228 428 1294 κρῖνον.
456 1242 476 1276 ι
534 1216 805 1286 Ἐπίδοξος
849 1216 1003 1274 ἔσται
1043 1220 1193 1290 παρὰ
1239 1220 1394 1273 πᾶσι.
1455 1237 1474 1270 ι
1504 1215 1612 1270 Καὶ
1641 1215 1794 1287 βαλεῖ

216 1317 313 1379 τὰς
360 1314 522 1386 ῥίζας
568 1312 733 1366 αὑτοῦ
770 1312 845 1375 ὡς
875 1314 903 1366 ὁ
934 1312 1182 1376 Λίϐανος.
1209 1330 1228 1363 ι
1292 1313 1386 1375 Είς
1428 1312 1792 1383 πολυπληθίαν

219 1405 498 1469 ἐπιδώσει,
527 1406 681 1475 δίκην
713 1404 921 1458 ἐκείνου
958 1408 1079 1468 ταῖς
1112 1404 1320 1475 κέδροις
1364 1404 1793 1475 στενοχωρουμέ-

215 1515 331 1551 νου.
362 1516 382 1548 ι
405 1496 768 1567 Πορεύσονται
796 1497 844 1548 οἱ
876 1496 1058 1549 κλάδοι
1092 1494 1277 1549 αὑτοῦ.
1301 1498 1413 1565 »(ρ.
1450 1496 1571 1565 101)
1606 1496 1794 1548 Ἐκτα-

216 1586 479 1657 θήσονται
504 1588 597 1640 ἐπὶ
624 1586 873 1639 πλεῖστον
900 1586 1204 1657 εὐπραγίας
1231 1588 1281 1639 ot
1315 1586 1375 1651 ἐξ
1402 1585 1587 1641 αὐτοῦ.
1640 1606 1660 1638 ι
1686 1587 1794 1640 Καὶ

216 1677 370 1731 ἔσται
401 1678 480 1741 ὡς
527 1678 680 1731 ἐλαία
705 1678 1077 1746 κατάκαρπος,
1117 1677 1212 1729 καὶ
1254 1679 1287 1749 ὴ
1320 1678 1588 1748 ὀσφρασία
1628 1678 1791 1733 αὐτοῦ

213 1770 289 1832 ὡς
332 1770 582 1823 λιϐάνου.
613 1789 630 1821 ι
680 1771 852 1834 Αὐτός
877 1786 937 1824 τε
964 1772 1051 1825 διὰ
1079 1773 1178 1843 τῆς
1205 1772 1344 1842 ἐμῆς
1367 1772 1688 1842 κηδεμονίας
1708 1773 1794 1825 ἀεὶ

1894 689 2118 754 eadem;
2157 687 2419 755 mqualem
2472 685 2707 755 denique
2739 686 3082 754 similemque
3131 685 3298 755 priori
3332 702 3460 757 erga

1891 786 2081 828 omnes
2122 772 2370 827 ostendet
2430 785 2689 833 amorem,
2748 773 3002 840 quoniam
3050 787 3264 827 omnem
3315 774 3451 829 iram

1891 878 2043 919 suam
2071 863 2271 916 avobis
2304 861 2519 916 avertit.
2561 880 2579 911 ι
2614 859 2717 914 Ero
2749 862 2904 930 quasi
2950 877 3042 917 ros
3064 861 3267 918 Israeli.
3316 883 3335 916 ι
3369 864 3461 920 Sic

1894 955 2045 1009 illum
2072 970 2189 1009 mea
2210 970 2338 1009 cura
2375 954 2632 1018 nutriatn,
2660 968 2757 1007 ceu
2786 967 2877 1007 ros
2908 952 3089 1023 fruges
3116 955 3258 1010 alere
3286 956 3446 1011 solet.

1897 1062 1916 1095 ι
1946 1042 2221 1098 Florescet
2247 1044 2387 1097 sicut
2426 1042 2621 1096 lilium.
2665 1060 2683 1093 ι
2734 1041 2792 1095 ln
2830 1041 3035 1097 honore
3083 1044 3224 1113 apud
3270 1060 3460 1103 omnes

1892 1135 2015 1191 erit.
2050 1154 2069 1186 ‹
2102 1135 2273 1190 Mittet
2312 1134 2524 1189 radices
2564 1148 2693 1189 suas
2725 1132 2881 1203 quasi
2912 1131 3170 1190 Libanus.
3209 1151 3231 1187 ›
3264 1132 3460 1191 Excre-

1894 1238 2009 1283 scet
2037 1228 2092 1280 in
2131 1222 2551 1288 multitudinem,
2590 1222 2733 1278 haud
2762 1238 2921 1279 secus
2954 1238 3116 1292 quam
3148 1225 3236 1279 ille
3280 1225 3460 1282 cedris

1894 1320 2173 1375 densatur.
2236 1335 2255 1369 ι
2297 1317 2457 1371 lhunt
2503 1315 2641 1369 rami
2691 1314 2832 1384 ejus.
2892 1334 2912 1367 ι
2964 1313 3287 1369 Dilatabitur
3336 1330 3459 1385 pro-

1893 1410 2128 1477 speritas
2164 1415 2417 1476 nepotum
2446 1403 2586 1474 ejus.
2628 1422 2647 1455 ‹
2680 1402 2746 1456 Et
2772 1406 2877 1457 erit
2916 1401 3072 1473 quasi
3115 1402 3234 1457 olea
3269 1402 3463 1458 fructi-

1892 1499 2029 1564 fera,
2046 1510 2099 1554 et
2118 1498 2252 1552 odor
2271 1498 2389 1567 ejus
2409 1499 2563 1567 quasi
2588 1496 2787 1552 thuris.
2802 1496 2950 1566 tlpse
2974 1496 3044 1550 ob
3064 1510 3256 1550 curam
3281 1510 3463 1552 meam

1894 1602 2106 1658 semper
2137 1587 2404 1641 fructibus
2437 1583 2741 1657 pullulabit,
2770 1592 2825 1640 et
2859 1585 3041 1641 thuris
3079 1585 3256 1639 instar
3277 1585 3463 1641 suavis

1891 1681 1998 1735 erit
2027 1678 2371 1733 audientibus
2429 1676 2818 1746 prosperitates
2861 1675 3000 1744 ejus.
3038 1691 3058 1727 ι
3092 1676 3453 1730 Revertentur

1894 1780 2057 1842 atque
2085 1770 2353 1826 sedebunt
2403 1766 2504 1823 sub
2532 1769 2724 1822 umbra
2748 1766 2865 1837 ejus
2894 1780 2909 1831 ;
2943 1766 3127 1821 vivent
3152 1773 3206 1820 et
3235 1766 3463 1821 robora-

214 1861 429 1914 θάλλων
455 1861 610 1914 ἔσται
631 1862 743 1924 τοῖς
768 1864 1019 1933 καρποῖς,
1048 1864 1142 1916 κα)⁸
1165 1863 1458 1916 λιδανωτού
1484 1863 1638 1933 δίκην
1666 1864 1794 1933 ἡδὺς

1896 1864 2099 1918 buntur
2117 1862 2317 1916 tritico.
2360 1878 2379 1910 ι
2413 1858 2541 1914 Post
2575 1858 2807 1913 reditum
2840 1857 3091 1912 fruentur
3136 1857 3301 1912 rebus
3323 1856 3464 1921 suis,

211 1953 326 2013 τοῖς
357 1950 625 2003 ἀκούουσι
649 1951 719 2005 τά
742 1951 870 2022 περ).
897 1951 1062 2004 αὐτοῦ
1090 1951 1290 2021 ἀγαθά.
1336 1971 1355 2004 ε
1380 1953 1795 2025 Ἐπιστρέψουσι

1901 1966 1964 2010 ac
1984 1954 2411 2025 perseverabunt
2428 1952 2649 2007 uberem
2687 1950 2950 2005 habentes
2985 1963 3015 2003 a
3036 1963 3154 2004 mea
3180 1947 3468 2019 providen-

211 2042 307 2095 καὶ
328 2042 651 2096 καθιοῦνται
684 2043 788 2096 ὑπὸ
821 2043 918 2115 τὴν
945 2045 1153 2115 σκέπην
1184 2043 1371 2110 αὐτοῦ,
1408 2045 1501 2099 καὶ
1524 2047 1794 2118 ζήσονται,

1900 2046 1975 2101 tia
2008 2043 2223 2113 frugum
2253 2042 2612 2112 largitionem.
2639 2059 2659 2092 ι
2706 2038 2772 2093 Et
2800 2038 3101 2095 emorescet
3141 2039 3298 2109 quasi
3333 2039 3463 2094 vitis

210 2136 305 2187 καὶ
341 2136 804 2206 στηριχθήσονται
856 2137 1007 2207 σίτῳ.
1042 2156 1061 2189 ι
1119 2138 1533 2203 Ἐπανελθὸντες
1561 2140 1794 2195 ἀπολαύ-

1898 2135 2215 2192 memoriale
2234 2133 2375 2204 ejus,
2404 2140 2459 2188 et
2478 2132 2637 2203 quasi
2664 2133 2850 2187 vinum
2874 2130 3086 2185 Libani.
3128 2149 3147 2183 ι
3181 2129 3258 2184 Ita
3284 2131 3468 2187 suavis

212 2232 369 2273 σουσι
398 2220 513 2275 τῶν
537 2222 772 2287 οίκείων,
805 2225 899 2277 καὶ
925 2224 1239 2295 διαμενοῦσι
1269 2227 1497 2297 ἄφθονον
1525 2230 1637 2284 τῶν
1663 2248 1794 2301 καρ-

1896 2229 2003 2284 erit
2030 2233 2084 2282 et
2101 2224 2376 2296 jucundus
2398 2221 2770 2294 spectantibus
2792 2236 2892 2277 ceu
2919 2222 3047 2278 vitis
3078 2220 3299 2288 ﬂorens,
3325 2229 3379 2277 et
3409 2227 3470 2276 ut

211 2310 331 2363 πῶν
368 2312 591 2382 ἔχοντες
618 2315 683 2385 τῇ
725 2317 828 2385 ἐμῇ
860 2317 1151 2389 κηδεμονίᾳ
1185 2318 1284 2390 τὴν
1319 2321 1599 2391 χορηγίαν.
1635 2340 1654 2373 ι
1687 2324 1794 2376 Καὶ

1896 2321 2083 2375 vinum
2102 2316 2247 2387 quod
2276 2316 2333 2371 in
2362 2316 2568 2371 Libano
2590 2323 2775 2370 monte
2815 2315 2961 2385 gigni
2993 2315 3154 2370 solet.

211 2403 503 2476 έξανθήσει
529 2406 606 2470 ὡς
624 2407 863 2478 ἄμπελος
896 2409 956 2462 τὸ
982 2415 1318 2483 μνημόσυνον
1336 2414 1520 2468 αὑτοῦ·
1550 2415 1626 2478 ὼς
1649 2413 1789 2480 οἶνος
1818 2412 2072 2469 Λιϐάνου.
2108 2430 2126 2463 ι
2150 2408 2337 2472 Οὕτως
2361 2408 2495 2479 ἡδὺς
2522 2406 2596 2460 ὢν
2617 2407 2710 2460 καὶ
2732 2405 3007 2478 προσηνὴς
3032 2408 3143 2469 τοῖς
3163 2402 3378 2474 ὁρῶσιν,
3394 2404 3469 2461 ὡς

211 2499 463 2568 ἄμπελος
482 2518 546 2553 τε
576 2501 830 2566 άνθοῠσα,
858 2504 951 2557 καὶ
974 2500 1113 2567 οἶνος
1137 2507 1165 2559 δ
1188 2505 1326 2560 κατὰ
1354 2505 1415 2560 τὸ
1446 2508 1571 2579 ὅρος
1597 2509 1693 2563 τοῦ
1722 2510 1956 2564 Λιϐάνου
1988 2504 2270 2575 γίγνεσθαι
2301 2501 2526 2565 εἰωθώς.

262 2592 421 2664 Στίχ,
450 2590 580 2643 θἰιη
606 2620 678 2632 -
719 2611 737 2644 ι
780 2593 870 2664 Τῷ
916 2594 1153 2666 Ἐφραὶμ
1172 2636 1187 2661 ,
1214 2596 1266 2650 τί
1307 2596 1455 2669 αὐτῷ
1482 2599 1562 2653 ἔτι
1594 2602 1687 2654 καὶ
1715 2601 1791 2654 elv-

1958 2595 2126 2653 νεεδ.
2179 2594 2428 2653 9-ιι).-
2469 2593 2829 2664 «Εριποίηιο,
2865 2593 2995 2663 quid
3037 2592 3086 2648 ei
3139 2592 3367 2650 ulterius
3416 2601 3475 2648 et

212 2683 443 2751 δὼλοιςς
484 2685 626 2754 Ἐγὼ
656 2689 996 2743 ὲταπείνωσα
1022 2692 1202 2755 αὑτὸν,
1230 2693 1325 2746 καὶ
1353 2692 1463 2762 ἐγὼ
1483 2694 1794 2765 κατισχύσω

1896 2689 2105 2745 idolis?
2131 2686 2242 2758 Ego
2278 2686 2559 2740 humiliavi
2594 2700 2743 2750 eum,
2772 2692 2825 2739 et
2852 2699 2950 2755 ego
2980 2684 3250 2739 roborabo
3276 2697 3424 2738 eum.
3446 2700 3467 2733 ι

211 2774 403 2827 αὐτόν.
442 2793 461 2824 ι
497 2775 693 2829 Οὐκέτι
721 2776 784 2846 δή
822 2795 903 2831 σοι
935 2780 1215 2834 κοινωνίαν
1246 2782 1496 2853 οὐδεμίαν
1526 2787 1794 2857 προσῆκεν

1896 2780 2111 2836 Nullam
2139 2780 2253 2848 jam
2281 2778 2376 2832 tibi
2408 2791 2530 2832 esse
2555 2773 2997 2831 communionem
3029 2791 3152 2830 eum
3184 2774 3345 2829 idolis
3379 2773 3473 2828 de-

214 2859 355 2918 εἶναι
393 2865 537 2936 πρὸς
567 2867 636 2921 τά
664 2869 856 2922 είδωλα
879 2910 893 2935 ,
928 2871 1115 2944 ἐπειδὴ
1146 2870 1281 2944 μηδὲ
1307 2872 1545 2947 δεηθήσῃ
1573 2895 1624 2931 τι
1657 2876 1794 2932 ὲκεί-

1896 2879 2005 2934 cet,
2041 2869 2169 2939 quia
2199 2882 2302 2923 nec
2336 2867 2446 2921 illis
2471 2880 2702 2936 prorsus
2735 2863 3021 2933 indigebis.
3056 2862 3169 2932 Ego
3198 2877 3348 2923 vero,
3379 2860 3470 2930 qui

214 2971 359 3009 νων·
404 2956 521 3025 ἐγὼ
563 2958 675 3030 γάρ
726 2960 865 3031 ὑπὲρ
910 2962 1011 3032 τῆς
1058 2963 1188 3035 περὶ
1227 2965 1410 3018 ἐκεῖνα
1459 2967 1697 3039 σπουδῆς
1732 2986 1791 3022 σε

1896 2962 1964 3016 ob
1992 2960 2209 3015 illorum
2242 2956 2484 3014 studium
2524 2965 2576 3011 te
2607 2957 3042 3015 humiliaveram,
3078 2962 3260 3023 postea
3293 2952 3471 3023 potni-

215 3047 553 3101 ταπεινώσει
595 3050 921 3121 περιϐαλὼν,
965 3053 1414 3125 μεταμεληθέντα
1441 3057 1533 3111 ἐπὶ
1560 3059 1659 3129 τῆς
1695 3075 1793 3112 πα-

1896 3059 2098 3107 tcntetn
2121 3049 2291 3106 veteri
2314 3048 2662 3120 prosperitati
2696 3048 2937 3103 restitui.
2962 3064 2980 3099 ‹
3008 3044 3471 3114 Sicutjuniperus

217 3138 379 3202 λαιᾶς
403 3138 654 3204 ἀνέδειξα
675 3141 996 3213 εὐπραγίας.
1034 3160 1052 3194 ι
1077 3143 1163 3207 Ὦς
1188 3144 1453 3215 ἄρκευθος
1480 3148 1794 3213 πυκάζουσα

1896 3143 2187 3205 condensa;
2214 3142 2287 3195 ita
2314 3139 2523 3196 fructus
2548 3149 2674 3194 tuus
2707 3154 2773 3194 ex
2804 3154 2889 3193 me
2915 3137 3242 3193 invenietur.
3267 3154 3285 3188 ι
3316 3134 3459 3201 Quia

216 3227 273 3292 ἐξ
303 3228 439 3299 ἐμοῦ
472 3230 503 3281 ὁ
533 3231 743 3301 καρπός
768 3248 859 3284 σου
882 3235 1193 3305 εὑρήσεται.
1228 3254 1247 3286 ι
1295 3237 1512 3309 Ἐπειδὴ
1546 3238 1794 3306 ἀειθαλὲς

1898 3233 2013 3288 haec
2049 3234 2215 3288 arbor
2251 3247 2466 3302 semper
2495 3230 2738 3296 virescit,
2779 3231 2886 3284 ait:
2929 3228 3085 3283 Sicut
3130 3228 3221 3282 illa
3255 3241 3469 3297 semper

218 3320 334 3371 ἐστι
359 3321 425 3373 τὺ
443 3320 661 3393 δένδρον
684 3322 871 3377 τοῦτο’
901 3324 1047 3394 λέγει
1070 3326 1151 3379 ὃτι
1177 3326 1253 3391 ὡς
1274 3329 1450 3381 ἐκεῖνο
1476 3329 1566 3385 διὰ
1597 3330 1794 3396 παντὸς

1902 3323 2156 3380 foliorum
2197 3339 2350 3379 coma
2384 3322 2703 3389 frondescit,
2739 3322 2819 3377 sic
2845 3328 2900 3377 et
2934 3322 3071 3377 istos
3102 3319 3218 3374 fore
3258 3320 3313 3373 in
3348 3333 3471 3389 per-

216 3408 313 3479 οιὴν
363 3413 433 3464 ἐκ
466 3413 575 3465 τῶν
608 3412 822 3481 φύλλων
862 3414 973 3485 ἔχει
1011 3417 1208 3488 κόμην,
1257 3417 1429 3483 οὓτως
1459 3420 1671 3476 ἔσονται
1702 3423 1794 3477 καὶ

1898 3426 2062 3491 petua
2106 3417 2374 3471 bonorum
2417 3417 2694 3479 ubertate,
2729 3430 2966 3485 quorum
2999 3429 3135 3469 usus
3181 3414 3263 3468 eis
3295 3425 3325 3467 a
3351 3426 3473 3465 mea

220 3493 363 3553 οὗτοι
429 3498 651 3573 διηνεκῆ
699 3502 808 3556 τῶν
859 3504 1078 3573 ἀγαθῶν
1129 3506 1339 3577 ἔχοντες
1378 3508 1477 3580 τὴν
1518 3510 1794 3580 ἀφθονίαν,

1900 3508 2243 3580 providentia
2274 3507 2571 3577 continget.
2604 3506 2982 3561 Consentanee
3012 3519 3140 3560 vero
3173 3504 3261 3558 his
3295 3503 3472 3558 omni-

222 3582 293 3644 ὧν
323 3592 521 3656 αὐτοῖς
547 3592 631 3645 διὰ
661 3594 761 3663 τῆς
786 3593 922 3667 ἐμῆς
952 3598 1274 3669 κηδεμονίας
1307 3600 1602 3666 ἀπόλαυσις
1631 3621 1794 3675 προσ-

1898 3600 2030 3666 bus,
2070 3599 2219 3654 addit
2251 3598 2557 3669 propheta:
2608 3615 2627 3649 ι
2654 3596 2788 3663 Quis
2834 3598 3081 3667 sapiens,
3111 3605 3169 3651 et
3207 3594 3473 3665 intelliget

222 3680 397 3736 ἔσται.
449 3683 680 3752 (p.102
722 3686 739 3756 )
796 3687 1127 3753 Ἀκολούθως
1174 3689 1229 3743 δὲ
1268 3693 1400 3745 πᾶσι
1443 3693 1653 3758 τούτοις
1695 3697 1795 3749 ὲπο

221 3769 434 3839 ήγαγεν
452 3773 481 3824 ὁ
516 3775 820 3846 προφήτης·
857 3795 876 3829 ι
905 3776 999 3841 Τίς
1033 3780 1214 3848 σοφὸς,
1236 3785 1329 3835 καὶ
1351 3784 1569 3854 συνήσει
1588 3783 1795 3852 causa;

222 3860 254 3930 ἢ
288 3864 516 3927 συνετὸς
543 3903 558 3927 ,
602 3866 695 3918 καὶ
737 3864 1003 3935 γνώσεται
1046 3873 1217 3940 adad;
1252 3874 1332 3927 ὅτι
1370 3875 1573 3929 εὐθεῖαι
1606 3878 1662 3929 αἱ
1689 3877 1799 3931 ὁδοὶ

221 3952 313 4005 τοῦ
362 3954 609 4026 Κυρίου,
656 3960 750 4011 καὶ
789 3960 986 4015 δίκαιοι
1034 3963 1389 4034 πορεύσονται
1421 3966 1479 4018 ὲν
1519 3968 1730 4031 αὑταῖς.
1772 3985 1791 4020 ι

235 4044 396 4099 Ἀ).λά
430 4048 541 4118 γὰρ
568 4048 736 4113 ὅντως
765 4052 828 4105 ἄν
856 4068 940 4116 τις
966 4056 1314 4123 ἀποφαίνοιτο
1338 4057 1499 4125 σοφὸν
1538 4058 1632 4112 καὶ
1674 4074 1796 4113 συν-

224 4133 341 4189 ετὸν
388 4134 532 4191 εἶναι
564 4137 657 4192 τὸν
701 4140 809 4195 τῶν
843 4144 1144 4214 εἰρημένων
1190 4145 1382 4216 ἔχοντα
1430 4148 1530 4218 τὴν
1572 4148 1795 4217 γνῶσιν,

222 4228 315 4280 καὶ
353 4231 490 4301 περὶ
515 4230 688 4285 ταῦτα
728 4233 1120 4299 ἐσπουδακότα,
1157 4238 1251 4307 ἀφ’
1275 4231 1348 4291 ὧν
1382 4238 1596 4302 ἐξέσται
1626 4258 1798 4311 κεχω-

1896 3690 2038 3747 ista?
2063 3691 2186 3761 quis
2214 3690 2541 3761 intelligens,
2567 3702 2621 3744 et
2643 3697 2936 3759 cognoscet
2960 3686 3107 3741 haec?
3153 3686 3283 3757 quia
3312 3692 3475 3740 recte

1895 3786 1997 3838 vim
2019 3781 2443 3853 Domini,68et
2469 3782 2595 3852 justi
2621 3781 2979 3836 ambulabunt
3006 3781 3061 3835 in
3088 3780 3225 3835 eis»
3261 3777 3475 3848 Reapse

1896 3878 2237 3948 exploratum
2257 3883 2360 3941 est,
2392 3874 2515 3929 illos
2541 3888 2665 3929 esse
2686 3872 2958 3943 sapientes
2987 3880 3148 3941 atque
3167 3872 3474 3941 intelligen-

1896 3977 2000 4034 tes,
2033 3967 2125 4036 qui
2168 3965 2550 4035 praedictarum
2595 3978 2779 4017 rerum
2830 3963 3115 4018 scientiam
3158 3954 3382 4024 habent,
3419 3969 3476 4015 et

1897 4055 2207 4113 earumdem
2233 4052 2412 4108 studio
2438 4058 2719 4117 tenentur;
2752 4065 2979 4121 quarum
3006 4048 3263 4121 praesidio
3288 4048 3476 4116 sejun-

1899 4149 1969 4203 cti
1988 4164 2017 4201 a
2038 4146 2188 4210 vitio,
2208 4153 2261 4199 et
2279 4144 2493 4198 virtutis
2518 4143 2832 4214 participes,
2849 4142 3120 4197 deteriora
3135 4139 3406 4202 vitabunt,
3422 4146 3478 4193 et

1899 4236 2148 4292 fruentur
2171 4235 2503 4290 melioribus.
2529 4232 2661 4287 Nam
2681 4235 2861 4288 cuncti
2888 4233 2979 4287 Dei
3006 4240 3163 4286 actus
3197 4228 3477 4286 rectitudi-

227 4320 520 4388 ρισμένους
536 4338 595 4374 τε
618 4322 813 4386 αὐτοὺς
841 4322 934 4376 τοῦ
966 4324 1134 4378 κακοῦ
1157 4328 1250 4379 καὶ
1277 4326 1480 4399 σπουδῇ
1519 4330 1794 4398 μετιόντας

1903 4345 1970 4385 ne
2000 4328 2165 4383 multa
2195 4326 2521 4390 redundant,
2544 4340 2650 4395 qua
2674 4324 2939 4396 dirigente
2966 4323 3311 4393 pecatoribus
3335 4337 3469 4392 quor

225 4410 284 4461 τὸ
318 4409 509 4473 καλὸν,
560 4415 619 4465 ὲν
647 4414 933 4487 ἀπαλλαγῇ
972 4418 1070 4487 μὲν
1098 4417 1206 4470 τῶν
1237 4420 1516 4490 χειρόνων,
1558 4422 1617 4473 έν
1665 4423 1794 4475 ἀπο-

1902 4436 2007 4493 que
2024 4435 2237 4491 poenam
2260 4417 2421 4473 infert
2439 4434 2455 4484 ;
2478 4425 2531 4472 et
2552 4427 2735 4488 postea
2755 4418 3097 4487 pmnitentes,
3120 4416 3333 4472 salvare
3348 4414 3476 4469 scit.

225 4502 413 4556 λαύσει
467 4504 527 4557 δὲ
576 4502 899 4561 καθιστάναι
946 4509 1055 4561 τῶν
1103 4513 1461 4581 κρειττόνων·
1503 4514 1794 4586 ἐπειδήπερ

1903 4514 2021 4569 Jam
2062 4526 2190 4566 vero
2218 4511 2397 4581 justos
2435 4510 2558 4564 illos
2586 4526 2706 4566 esse
2737 4520 3068 4580 compertum
3098 4516 3202 4570 est,
3234 4507 3326 4576 qui
3370 4504 3475 4559 hoc

225 4593 443 4648 ἅπαντα
484 4597 553 4650 τὰ
594 4598 743 4669 παρᾶ
782 4599 875 4652 τοῦ
910 4600 1047 4653 Θεοῦ
1084 4601 1453 4672 πραττόμενα,
1506 4603 1794 4675 ὀρθότητος

1905 4605 2029 4660 vitae
2069 4618 2265 4673 genere
2311 4610 2469 4663 sunt,
2510 4611 2563 4657 et
2604 4602 2858 4670 utrinque
2897 4600 3078 4667 juvari
3104 4598 3332 4652 sciunt:
3380 4596 3475 4665 qui

226 4685 385 4755 γέμει
424 4687 628 4758 πολλῆς
651 4730 665 4753 ,
700 4690 817 4759 μεθ’
864 4686 933 4762 ἦς
963 4692 1055 4744 καὶ
1095 4691 1376 4744 πταίουσιν
1410 4694 1606 4761 ἐπάγει
1635 4710 1794 4763 τιμω-

1907 4693 2266 4749 modestiores
2296 4707 2325 4745 a
2371 4693 2820 4762 castigationibus
2867 4690 3024 4755 farti,
3076 4690 3478 4743 hortamentum

231 4779 384 4848 ρίαν·
434 4781 530 4834 καὶ
561 4784 1035 4853 μεταμελομένους
1062 4825 1076 4847 ,
1108 4784 1432 4855 περισώζειν
1472 4787 1759 4839 ἐπίσταται
1783 4803 1794 4816 ·

1902 4786 2005 4840 sibi
2040 4784 2106 4839 ad
2136 4784 2388 4837 virtutem
2416 4783 2684 4852 iudicant,
2719 4784 2985 4838 bonorum
3032 4792 3153 4851 post
3201 4779 3474 4850 poeniten-

227 4872 470 4936 δικαίους
500 4892 559 4927 τε
608 4876 963 4944 ἀποφαίνοιτο
995 4877 1061 4931 ἄν
1100 4894 1184 4939 τις
1211 4879 1339 4940 τοὺς
1373 4879 1430 4930 ὲν
1458 4878 1670 4942 τούτοις
1713 4879 1794 4933 δν-

1900 4881 2030 4933 tiam
2063 4878 2478 4946 impetratorum
2508 4876 2872 4931 usufruetutn.
2908 4874 3106 4943 lmpios
3137 4883 3316 4929 autem
3352 4886 3478 4927 esse

227 4983 346 5028 τας,
383 4968 475 5019 καὶ
505 4967 565 5032 ἐξ
610 4969 874 5040 ἐκατέρου
902 4972 1109 5022 τούτων
1149 4969 1474 5038 ὠφελεῖσθαι
1507 4970 1794 5040 ἐπισταμέ-

1898 4977 2113 5025 coustat
2144 4968 2387 5028 omnino,
2416 4976 2471 5022 et
2509 4968 2843 5037 quibuslibet
2878 4968 3036 5021 malis
3081 4964 3277 5035 dignos
3322 4964 3466 5028 illos,

229 5075 391 5121 νουςο
448 5060 541 5111 καὶ
584 5062 1055 5132 σωφρονεστέρους
1094 5062 1193 5131 μὲν
1235 5063 1294 5114 ἐν
1339 5065 1457 5125 ταῖς
1510 5061 1794 5132 τιμωρίαις

1899 5066 1992 5135 qui
2049 5063 2182 5117 nihil
2232 5063 2427 5115 horum
2472 5073 2803 5129 cognoscere
2843 5058 3045 5120 valent,
3096 5056 3166 5108 ob
3207 5061 3468 5108 constan-

230 5150 546 5218 γινομένους
568 5190 583 5211 ,
616 5154 695 5215 εἰς
734 5153 1046 5223 προτροπὴν
1078 5153 1136 5206 δὲ
1182 5155 1384 5223 ἀρετῆς
1428 5153 1799 5223 λαμϐάνοντας

230 5242 335 5293 τῶν
366 5246 433 5293 ἐκ
456 5244 553 5311 τῆς
586 5246 949 5314 μεταμελείας
982 5246 1424 5317 προσγινομένων
1449 5245 1669 5312 ἀγαθῶν
1701 5244 1799 5315 τὴν

230 5333 560 5386 ἀπόλαυσιν·
608 5337 823 5400 ἀσεϐεῖς
866 5338 909 5390 δ’
940 5336 1004 5390 ἂν
1050 5339 1381 5407 ἀποφήνοιτο
1427 5336 1569 5389 κατά
1622 5338 1800 5390 πάντα

232 5428 322 5476 καὶ
349 5429 613 5481 παντοίων
636 5430 839 5497 (ἀξίους
859 5430 1065 5496 κακῶν)
1083 5429 1395 5492 ἐκείνους,οἳ
1414 5428 1575 5499 μηδὲν
1597 5427 1800 5498 ἰσχύου-

1910 5166 2019 5210 tem
2081 5170 2234 5209 suam
2287 5153 2352 5206 ad
2398 5151 2591 5205 vitium
2641 5148 3079 5208 inclinationem;
3111 5153 3165 5199 et
3193 5153 3476 5213 propterea

1907 5248 2203 5317 quidquam
2247 5247 2533 5299 honestum
2563 5258 2625 5295 ac
2656 5238 2897 5296 debitum
2944 5235 3277 5305 intelligendi
3332 5234 3477 5287 haud

1907 5347 2207 5408 computes.
2236 5335 2669 5393 Commentarius
2693 5332 2750 5387 in
2776 5329 2972 5386 Oseam
3001 5329 3321 5398 prophetam
3357 5328 3477 5392 (ex-

1906 5430 2100 5500 plicit.)

230 5538 309 5576 σιν
339 5522 565 5588 τούτων,
600 5528 663 5596 τῇ
690 5527 824 5596 πρὸς
867 5527 928 5579 τὸ
957 5528 1133 5597 χεῖρον
1164 5524 1593 5597 προστετηκότες
1633 5524 1793 5594 ῥοπῇ,
1819 5527 1910 5576 καὶ
1943 5525 2179 5579 συνιέναι
2213 5522 2299 5577 διὰ
2333 5519 2486 5575 τοῦτο
2511 5517 2615 5573 τῶν
2638 5516 2865 5571 δεόντων
2896 5511 3047 5569 οὐδὲν
3084 5503 3187 5565 οἷοί
3216 5524 3277 5564 τε
3305 5506 3421 5561 ὅντε
3434 5522 3475 5571 ;.

233 5643 298 5659 ο·-
330 5618 629 5690 Ἑρμηνεία
664 5616 819 5686 Ὠσηὲ
858 5615 951 5669 τοῦ
984 5616 1282 5686 προφήτου.
