3860 6510
433 408 529 464 2H

1623 408 1969 467 THEODORI
2009 409 2513 467 MOPSUESTENI‘

3562 411 3659 469 2η

470 557 3647 596 ww

1084 719 1640 805 EPMHNEIA
1704 718 1978 806 ΙΩΗΛ
2047 720 2273 807 ΤΟΥ
2345 721 2981 809 ΠΡΟΦΗΤΟΥ.

2002 954 2073 967 σ-ο

556 1105 1687 1223 COMMENTARIUS
1767 1111 1916 1221 ΙΝ
1973 1110 1978 1119 ’

2095 1106 2545 1222 DELEM
2630 1100 3532 1217 PROPHETAM.

502 1557 841 1628 Propositum
882 1562 1037 1617 nobis
1070 1571 1155 1618 est
1184 1563 1326 1618 beati
1358 1563 1527 1620 Joelis
1554 1566 1988 1636 explanationem

2162 1573 2237 1640 (p.
2264 1572 2364 1626 105
2409 1572 2425 1636 )
2456 1570 2745 1641 Πρόκειται
2775 1574 2873 1638 μὲν
2896 1567 3028 1636 ἡμῖν
3053 1563 3146 1619 τοῦ
3182 1562 3451 1634 μακαρίου
3496 1560 3653 1632 ἰωὴλ

428 1665 574 1706 nunc
588 1648 844 1706 exordiri.
860 1652 955 1708 Est
969 1668 1098 1708 vero
1114 1668 1426 1709 sermonum
1445 1656 1565 1724 ejus
1590 1669 1990 1729 argumentum,

428 1753 487 1796 ut
508 1742 831 1812 generaliter
855 1744 1054 1809 dicam,
1088 1745 1227 1801 idem
1258 1747 1401 1817 quod
1438 1749 1680 1804 omnium
1712 1752 1994 1821 propheta-

428 1847 573 1894 rum,
615 1841 873 1888 eventura
909 1836 1105 1904 populo
1139 1837 1431 1907 praedicere
1469 1842 1847 1910 satagentium,
1893 1858 1993 1913 pro

427 1924 624 1979 collata
660 1923 794 1994 ipsis
828 1926 930 1981 hac
962 1926 1017 1980 in
1051 1942 1110 1982 re
1141 1928 1315 1983 sancti
1350 1928 1587 1999 Spiritus
1619 1932 1827 2001 gratia:
1864 1949 1996 2003 quo-

427 2030 548 2069 rum
582 2016 963 2084 prophetarum
995 2017 1227 2086 primus,
1243 2018 1697 2088 quemadmodum
1716 2031 1862 2077 retro
1879 2024 1990 2079 aie-

425 2104 574 2167 bam,
618 2106 809 2162 beatus
853 2106 1019 2163 David
1057 2109 1207 2174 olim,
1242 2109 1351 2165 imo
1380 2109 1536 2166 valde
1563 2112 1886 2182 antiquitus,
1938 2122 1993 2168 et

425 2198 600 2255 multo
644 2207 769 2254 ante
796 2214 976 2256 rerum
1021 2201 1249 2263 exitum,
1290 2209 1485 2257 cuncta
1530 2204 1730 2273 pOpttlo
1759 2204 1993 2263 diversis

429 2290 766 2359 temporibus
812 2300 1071 2347 eventura
1099 2292 1303 2348 edixit:
1341 2296 1485 2364 quod
1529 2295 1669 2350 idem
1704 2312 1733 2351 a
1769 2298 1993 2368 reliquis

424 2381 587 2438 etiam
611 2383 889 2452 prophetis
907 2383 1107 2438 factum
1127 2393 1231 2448 est.
1254 2387 1347 2456 qui
1374 2385 1682 2454 antiquiore
1702 2387 1991 2443 admodum

425 2479 671 2542 tempore
699 2475 769 2528 ab
800 2474 893 2527 illo
930 2475 1096 2540 dicta,
1135 2479 1406 2545 posterius
1445 2477 1801 2543 aﬂirmarnnt,
1830 2481 1991 2549 paulo

425 2561 684 2619 nimirum
714 2570 839 2618 ante
871 2564 1109 2633 ipsarqu
1137 2580 1320 2619 rerum
1350 2576 1623 2630 eventum,
1666 2576 1723 2620 ut
1751 2567 1910 2622 simul
1937 2576 1992 2623 et

426 2653 495 2711 de
521 2654 795 2724 praedictis
820 2655 1297 2712 adnionelacerent
1322 2672 1533 2721 omnes,
1560 2667 1612 2711 et
1647 2658 1759 2729 69
1794 2673 1855 2713 ea
1877 2658 1989 2727 jam

422 2746 479 2800 in
507 2747 753 2814 proximo
799 2762 921 2803 esse
971 2757 1303 2810 asserentes,
1353 2750 1726 2804 vaticiniorum
1768 2751 1993 2806 demon-

423 2842 661 2891 strarent
702 2837 1002 2892 veritatem.
1036 2838 1278 2908 Cumque
1310 2840 1455 2893 varia
1483 2848 1688 2904 essent,
1720 2841 1991 2911 variisque

422 2929 788 2999 contingentia
817 2931 1173 3000 temporibus,
1203 2946 1324 2999 qua:
1353 2946 1384 2985 a
1412 2932 1569 2987 beato
1594 2932 1832 2987 diximus
1860 2948 1994 3002 pra:—

422 3014 565 3071 dicta
596 3015 812 3083 Davide,
854 3020 1164 3075 necessario
1195 3036 1632 3091 unumquemque
1675 3022 1990 3092 prophetam

421 3108 739 3178 plerumque
760 3124 823 3164 ea
858 3109 1037 3165 dicere
1078 3119 1320 3181 apparet,
1361 3127 1592 3181 quorum
1640 3113 1743 3168 sibi
1783 3113 1995 3183 propin-

422 3201 582 3270 quior
609 3201 1079 3257 demonstrabatur
1107 3202 1301 3261 exitus.
1332 3188 1740 3258 Connectebant
1787 3212 1991 3268 autem,

423 3303 789 3348 consentanea
830 3292 1064 3362 quadam
1112 3294 1189 3347 rei
1231 3294 1371 3349 serie
1397 3294 1463 3348 ad
1501 3294 1553 3349 id
1581 3293 1818 3358 deducti,
1858 3311 1994 3350 non-

423 3382 573 3442 nulla
599 3382 760 3439 etiam
791 3382 1043 3452 posthinc
1073 3382 1275 3450 futura,
1304 3382 1398 3439 sed
1429 3384 1541 3440 haec
1584 3384 1701 3455 ipsa
1757 3400 1787 3438 a
1832 3386 1993 3440 beato

422 3473 626 3530 Davide
669 3472 832 3529 dicta.
864 3472 1061 3529 Beatus
1090 3475 1273 3544 itaque
1301 3475 1469 3532 Oseas
1502 3492 1621 3546 qua:
1650 3476 1718 3531 ab
1753 3477 1993 3548 Assyriis

423 3581 488 3621 ac
516 3566 825 3636 Babyloniis
840 3573 1096 3620 eventura
1124 3567 1395 3636 posterius
1418 3568 1615 3638 populo
1630 3579 1805 3632 erant,
1829 3569 1990 3636 dicit;

422 3659 716 3713 emendare
764 3657 908 3712 hunc
927 3658 1210 3713 connitens
1249 3672 1429 3713 rerum
1456 3658 1668 3711 illarum
1692 3660 1984 3713 mentione.

420 3753 537 3809 Joel
584 3766 712 3809 vero
758 3751 976 3807 easdem
1006 3751 1123 3820 ipse
1164 3765 1381 3820 quoque
1428 3766 1517 3807 res
1570 3762 1989 3819 commemorat;

420 3848 621 3915 quippe
643 3860 739 3915 per
769 3844 908 3899 idem
936 3854 1149 3913 tempus
1176 3843 1365 3899 vivens
1386 3858 1494 3914 quo
1522 3841 1712 3906 Oseas,
1742 3850 1903 3913 atque
1936 3844 1990 3898 in

422 3938 609 3993 eodem
644 3949 962 4008 argumento
994 3938 1198 3994 versari
1239 3937 1469 4008 spiritali
1504 3936 1830 3991 revelatione
1867 3951 1993 4006 per-

420 4035 623 4084 motus.
652 4028 813 4083 Addit
838 4030 1001 4084 etiam
1028 4043 1148 4098 qua:
1173 4037 1296 4099 post
1321 4027 1551 4083 reditum
1578 4026 1852 4098 Babylone
1880 4038 1993 4081 sta-

421 4120 518 4173 tim
536 4118 735 4174 Iudaeis
749 4120 1119 4190 contigerunt,
1139 4135 1261 4174 eum
1278 4134 1412 4190 gens
1428 4116 1681 4189 Scythica
1703 4118 1785 4172 eis
1808 4132 1869 4174 su
1878 4132 1995 4187 per-

2092 1661 2186 1717 τοῦ
2221 1662 2495 1733 προφήτου
2542 1662 2638 1731 τῆς
2665 1658 2960 1730 σαφηνείας
2990 1655 3333 1727 ἀπάρξασθαι
3379 1654 3506 1707 νῦν
3543 1654 3658 1706 ἔστι

2092 1753 2150 1806 δὲ
2177 1752 2431 1815 ὑπόθεσις
2469 1751 2634 1805 αὑτοῦ
2678 1750 2785 1803 τῶν
2812 1748 3007 1817 λόγων,
3036 1746 3229 1810 κοινῶς
3261 1746 3456 1809 είπεῖν,
3487 1745 3523 1815 ἠ
3566 1745 3658 1797 καὶ

2092 1844 2309 1898 πάντων
2355 1842 2463 1895 τῶν
2496 1843 2812 1913 προφητῶν,
2845 1840 2914 1894 τὰ
2954 1838 3081 1909 περὶ
3122 1838 3213 1890 τὸν
3245 1836 3371 1889 λαὸν
3418 1835 3656 1904 ἐσόμενα

2095 1934 2318 2005 μηνύειν
2340 1932 2770 1994 ἐσπουδακότων,
2794 1930 2934 1984 κατὰ
2954 1928 3051 1998 τὴν
3081 1925 3443 1996 ἐγγενομένην
3473 1922 3659 1987 αὐτοῖς

2092 2025 2220 2095 περὶ
2246 2023 2404 2077 τοῦτο
2422 2021 2514 2098 τοῦ
2536 2022 2688 2091 άγίου
2716 2019 2852 2073 Πνεύ
2862 2035 3027 2090 ματος
3052 2018 3211 2088 χάριν
3237 2033 3251 2046 ο
3286 2010 3361 2070 ὧν
3381 2016 3527 2087 ἀρχὴ
3556 2014 3658 2085 μιν

2090 2117 2300 2185 γέγονε,
2333 2114 2473 2169 καθὰ
2512 2113 2895 2184 καὶπρότερον
2937 2110 3093 2181 ἐφην,
3122 2111 3149 2162 ό
3185 2108 3454 2179 μακάριος
3490 2106 3659 2160 Δαυῖδ

2090 2208 2257 2262 πάλαι
2301 2207 2394 2261 καὶ
2423 2204 2694 2276 πρόπαλαι
2722 2205 2815 2257 καὶ
2848 2202 2980 2256 πολὺ
3028 2201 3162 2273 πρὸς
3212 2203 3309 2270 τῆς
3358 2198 3466 2252 τῶν
3505 2217 3654 2271 πρα-

2091 2299 2314 2369 γμάτων
2346 2296 2621 2358 ἐκϐάσεως
2663 2295 2877 2348 ἅπαντα
2904 2292 2975 2346 τὰ
3003 2294 3129 2364 περὶ
3152 2292 3241 2345 τὸν
3270 2290 3391 2344 λαὸν
3421 2290 3658 2360 ἐσόμενα

2090 2390 2230 2443 κατὰ
2256 2388 2545 2458 διαφόρους
2572 2387 2798 2457 καιροὺς
2820 2384 3082 2458 είρηκώς·
3114 2383 3175 2436 τὸ
3215 2383 3344 2437 αὐτὸ
3383 2384 3476 2437 καὶ
3501 2382 3657 2451 παρὰ

2089 2480 2198 2532 τῶν
2221 2478 2421 2532 λοιπῶν
2468 2476 2679 2545 ἐγίνετο
2719 2474 3018 2547 προφητῶν
3050 2473 3120 2527 τὰ
3150 2476 3277 2545 παρ’
3312 2474 3519 2526 ἐκείνου
3550 2472 3656 2541 πρὸ

2091 2570 2300 2625 πολλῶν
2335 2569 2566 2640 ρηθέντα
2597 2568 2705 2621 τῶν
2732 2566 2938 2637 χρόνων
2975 2565 3198 2636 ὕστερον
3242 2564 3529 2632 λεγόντων,
3563 2564 3655 2617 καὶ

2090 2663 2225 2733 πρὸς
2252 2662 2388 2730 αὐτῇ
2437 2676 2501 2729 γε
2532 2661 2598 2731 τῇ
2630 2658 2738 2711 τῶν
2769 2656 3108 2729 πραγμάτων
3145 2654 3365 2709 ἐκϐάσει
3416 2654 3614 2724 μικροῦ
3634 2668 3649 2681 ’

2088 2752 2165 2817 ὼς
2198 2755 2263 2808 ἂν
2299 2752 2434 2823 όμοῦ
2482 2768 2539 2803 τε
2576 2750 2686 2803 τῶν
2732 2749 3145 2822 προειρημένων
3188 2748 3652 2818 ὑπομιμνήσκοιεν

2093 2845 2358 2907 ἅπαντας.
2410 2843 2503 2897 καὶ
2549 2842 2614 2915 δὴ
2662 2842 2888 2912 πλησίον
2946 2841 3175 2911 ἐσόμενα
3206 2838 3452 2908 λέγοντες
3474 2878 3489 2901 ,
3542 2838 3651 2889 τῶν

2025 2899 2068 2955 Β
2096 2899 2509 3008 προειρημένων
2548 2899 2800 3004 μηνύοιεν
2831 2932 2929 3003 τὴν
2974 2899 3231 3003 ἀληθειαν
3254 2899 3566 3000 ’.διαφόρων
3597 2929 3652 2981 δὲ

2094 3027 2283 3089 ὄντων,
2307 3027 2404 3079 καὶ
2429 3026 2571 3079 κατὰ
2595 3021 2885 3092 διαφόρους
2912 3019 3232 3091 συμϐάντων
3254 3018 3479 3088 καιροὺς
3512 3016 3653 3070 ἐκεί-

2092 3136 2219 3182 νων,
2240 3118 2276 3172 ἃ.
2300 3116 2375 3188 τῷ
2407 3115 2663 3189 μακαρίῳ
2691 3112 2925 3185 πρόσθεν
2957 3111 3164 3181 ἔφαμεν
3190 3109 3438 3180 εἰρῆσθαι
3467 3108 3651 3167 Δαυῖδ,

2092 3208 2406 3277 ἀναγκαίως
2463 3206 2570 3260 τῶν
2630 3204 2925 3277 προφητῶν
2974 3204 3200 3266 ἕκαστος
3257 3201 3396 3254 κατὰ
3442 3200 3541 3269 μὲν
3594 3200 3655 3252 τὸ

2092 3302 2339 3355 πλεῖστον
2384 3301 2564 3354 ἐκεῖνα
2616 3298 2861 3368 φαίνεται
2912 3294 3104 3363 λέγων,
3156 3286 3229 3346 ὧν
3285 3291 3511 3360 ἐγγύθεν
3566 3289 3652 3342 ἐπ’

2090 3391 2265 3455 αὐτῶν
2313 3390 2346 3462 ἡ
2392 3390 2612 3451 ἐκὸασις
2661 3386 2912 3458 ἐδηλοῦτο
2980 3383 3314 3454 πραγμάτων
3366 3383 3457 3452 (p.
3506 3380 3651 3449 104)-

2094 3481 2361 3551 συνῆπτον
2401 3479 2457 3534 δὲ
2487 3479 2550 3532 ἐκ
2582 3494 2724 3538 τινος
2750 3473 3071 3536 ἀκολουθίας
3108 3472 3198 3525 ἐπὶ
3232 3470 3387 3524 τοῦτο
3418 3468 3656 3539 προαγό-

2094 3590 2263 3643 μενοι,
2301 3569 2393 3624 καί
2422 3587 2543 3623 τινα
2579 3567 2684 3621 τῶν
2718 3567 2855 3637 μετὰ
2883 3563 3039 3618 τοῦτο
3066 3561 3364 3633 ἐσομένων,
3389 3558 3653 3629 εἰρημένα

2089 3661 2328 3732 δηλονότι
2360 3659 2455 3714 καὶ
2492 3658 2561 3711 τὰ
2594 3656 2732 3709 αὐτὰ
2778 3653 2854 3725 τῷ
2887 3653 3139 3724 μακαρίῳ
3166 3650 3325 3703 Δαυῖδ
3350 3665 3365 3682 ⁸
3394 3651 3421 3702 ὁ
3454 3651 3504 3717 γ’
3544 3644 3639 3701 οὖν

2093 3751 2360 3821 μακάριος
2400 3748 2556 3819 Ὠσηέ
2583 3746 2652 3800 τὰ
2678 3746 2829 3816 παρά
2861 3760 2921 3797 τε
2954 3742 3060 3797 τῶν
3095 3740 3392 3808 ’Δσσυρίων
3423 3738 3517 3792 καὶ
3551 3739 3655 3791 Ba.-

2091 3842 2364 3896 ϐυλωνίων
2390 3838 2612 3908 ὕστερον
2648 3838 2775 3907 περὶ
2801 3836 2893 3888 τὸν
2918 3834 3045 3888 λαὸν
3068 3834 3298 3903 ἐσόμενα
3336 3832 3505 3899 λέγει,
3551 3847 3655 3883 σω-

2093 3930 2364 4004 φρονίζειν
2393 3930 2588 3992 αὐτοὺς
2636 3931 2701 3999 τῇ
2739 3929 2931 3998 μνήμῃ
2979 3923 3316 3997 πειρώμενος
3342 3924 3594 3976 ἐκείνων·
3624 3921 3655 3973 ό

2088 4022 2145 4078 δὲ
2179 4020 2331 4093 Ίωὴλ
2365 4020 2636 4090 μέμνηται
2674 4019 2770 4088 μὲν
2818 4018 2913 4071 καὶ
2956 4016 3117 4079 αὑτός
3157 4014 3265 4068 τῶν
3308 4013 3484 4067 αὐτῶν
3509 4052 3524 4077 ,
3555 4013 3649 4066 ἅτε
3673 4033 3695 4070 ι

2090 4113 2183 4170 καὶ
2211 4092 2351 4166 κατὰ
2386 4112 2477 4165 τὸν
2512 4109 2673 4164 αὐτὸν
2708 4109 2898 4180 καιρὸν
2943 4107 3018 4178 τῷ
3059 4107 3215 4176 Ὠσηὲ
3256 4102 3524 4173 γεγονὼς,
3561 4092 3699 4160 xui:

421 4207 587 4272 venit,
615 4208 773 4276 cujus
801 4189 921 4265 duxi
953 4206 1067 4277 Gog
1112 4215 1250 4272 erat,
1294 4221 1592 4276 omnesque
1628 4206 1873 4261 funditus
1896 4222 1989 4260 ex-

2095 4205 2221 4275 περὶ
2264 4202 2372 4256 τῶν
2417 4201 2595 4254 αὐτῶν
2640 4201 2814 4253 εἰπεῖν
2863 4199 3004 4252 κατὰ
3044 4199 3141 4269 τὴν
3186 4194 3523 4263 ἀποκάλυψιν
3554 4189 3699 4265 τὴνί

2411 4294 2421 4304 ι
2506 4295 2519 4304 ι
2865 4291 2875 4304 Ι
3219 4288 3259 4304 on
3388 4287 3430 4304 ιιι
3541 4284 3557 4304 ἱ
3596 4287 3644 4304 ,l
3678 4302 3691 4304 ..

421 4301 697 4369 stinguere
728 4297 961 4355 volebat.
977 4300 1318 4370 Ca:teroquin
1348 4298 1542 4363 Judaei,
1566 4297 1676 4352 Deo
1705 4299 1986 4368 suppetias

2095 4294 2469 4367 πνευματικὴν
2504 4291 2968 4363 ἐπιτετραμμένος
2990 4307 3005 4321 °
3037 4288 3359 4362 προστίθησι
3384 4287 3441 4340 δέ
3468 4284 3565 4339 καὶ
3588 4287 3655 4338 τὰ
3677 4302 3692 4347 :

421 4389 653 4456 ferente,
702 4391 936 4447 victores
958 4393 1312 4447 exstiterunt:
1341 4406 1447 4461 qua
1475 4390 1542 4447 de
1565 4406 1623 4446 re
1647 4391 1839 4446 beatus
1860 4404 1990 4460 quo-

420 4498 529 4551 que
557 4481 728 4538 David
757 4482 812 4539 in
846 4482 1076 4538 Psalmis
1106 4484 1269 4537 verba
1297 4480 1439 4536 fecit.

2098 4385 2237 4457 μετὰ
2259 4384 2356 4455 τὴν
2386 4384 2492 4438 ἀπὺ
2522 4382 2835 4444 Βαϐυλῶνος
2872 4379 3127 4435 ἐπάνοδον
3154 4378 3314 4441 εὐθὺς
3352 4377 3533 4438 αὐτοῖς
3562 4374 3688 4442 γεοι

2097 4477 2291 4546 γονότα
2310 4492 2324 4507 ο
2368 4476 2603 4546 ὁπηνίκα
2634 4471 2895 4528 Σκυθικὸν
2927 4471 3023 4542 μὲν
3066 4470 3215 4533 ἔθνος
3245 4469 3425 4530 αὐτοῖς
3452 4465 3650 4536 ἐπελήσ

420 4548 596 4640 λυθεν,
622 4569 791 4646 οὗπερ
817 4572 908 4628 οὖν
939 4575 989 4627 οἰ
1023 4576 1149 4645 περὶ
1178 4574 1267 4627 τὸν
1297 4574 1417 4641 Γὼγ
1441 4570 1688 4644 ἐξῆρχον,
1719 4572 1887 4643 ἄρδην
1914 4572 2158 4635 ἅπαντας
2190 4570 2450 4623 ἀπολέσαι
2482 4568 2825 4637 βουλόμενον·
2862 4564 3119 4635 ὤφθησαν
3144 4548 3285 4616 δὲόἱ
3318 4560 3556 4615 Ἰουδαῖοι
3588 4562 3652 4632 τῇ

422 4670 541 4742 θείᾳ
571 4669 851 4741 συμμαχίᾳ
881 4669 1157 4740 κρείττους
1179 4668 1400 4721 ἐκείνων
1423 4685 1436 4698 ·
1467 4669 1677 4739 εἴρηται
1699 4666 1754 4720 δὲ
1789 4667 1884 4719 καὶ
1916 4667 2042 4737 περῖ⁷
2073 4666 2276 4719 τούτων
2310 4664 2387 4734 τῷ
2422 4663 2673 4735 μακαρίῳ
2693 4660 2854 4714 Δαυῒδ
2889 4662 2946 4713 ἐν
2974 4657 3237 4727 Ψαλμοῖς.

1089 4785 1239 4841 CAP.
1281 4786 1321 4841 l.

492 4894 662 4951 Vens.
700 4895 819 4950 1-5.
848 4926 913 4935 -
944 4914 961 4947 ς
993 4894 1225 4950 Verbum
1253 4895 1486 4958 Domini,
1514 4893 1658 4965 quod
1686 4894 1884 4949 factum
1908 4899 1991 4947 est

312 5010 317 5013 ·
421 4984 490 5040 ad
512 4982 714 5039 Joelem
748 4982 1023 5039 Bathuelis
1041 4985 1229 5038 lilium.
1259 5004 1278 5035 ι
1316 4982 1414 5037 Hic
1447 4984 1650 5053 pariter
1665 4985 1856 5039 titulus
1872 4983 1992 5052 qui-

421 5076 547 5131 dam
581 5086 687 5141 est,
736 5091 890 5146 aeque
923 5090 987 5130 ae
1021 5077 1161 5146 apud
1193 5076 1411 5136 ()seam,
1447 5075 1833 5130 demonstrans
1868 5091 1992 5145 pro-

2734 4778 2887 4830 ΚΕΦ.
2930 4777 3005 4827 A’.

2166 4893 2311 4963 Στίχ.
2357 4891 2499 4959 α’-γ’.
2530 4919 2598 4931 --
2629 4908 2648 4941 ‹
2691 4887 2863 4956 Λόγος
2892 4885 3127 4957 Κυρίου,
3158 4883 3215 4947 ὃς
3259 4882 3490 4952 ἐγενήθη
3522 4881 3655 4951 πρὸς

2105 4987 2259 5058 Ίωὴλ
2298 4986 2388 5038 τὸν
2412 4984 2505 5037 τοῦ
2544 4980 2805 5051 Βαθουήλ.
2865 4999 2884 5032 ι
2941 4977 3237 5049 Προγραφή
3272 4974 3355 5037 τίς
3393 4975 3509 5027 ἐστι
3563 4973 3657 5026 καὶ

2095 5079 2233 5149 αὕτη
2268 5075 2660 5146 παραπλησίως
2688 5072 2764 5142 τῷ
2796 5070 2975 5141 Ὠσηὲ,
3006 5068 3237 5138 δηλοῦσα
3270 5068 3352 5119 ὅτι
3374 5064 3433 5128 ἐξ
3454 5066 3658 5117 ἀποκα-

423 5170 640 5240 phetam
688 5184 751 5224 ex
796 5169 1126 5223 revelatione
1166 5168 1267 5243 ipsi
1309 5167 1490 5221 oblata
1526 5166 1789 5220 divinitus
1837 5182 1990 5220 com-

2098 5165 2306 5237 λύψεώς
2342 5182 2483 5227 τινος
2516 5161 2864 5231 ἐγγεγονυίας
2891 5158 3038 5229 αὐτῷ
3063 5198 3077 5223 ,
3110 5156 3314 5210 θειόθεν
3344 5154 3657 5223 κινούμενος

424 5270 652 5327 motum,
688 5276 807 5331 qua
836 5270 1137 5327 sequuntur
1164 5260 1345 5313 dicere
1378 5258 1441 5310 ad
1481 5256 1659 5326 populi
1702 5258 1989 5311 utilitatem

425 5351 651 5405 directa.
689 5371 707 5401 ι
734 5351 929 5405 Audite
958 5351 1082 5413 hoc,
1118 5366 1296 5410 senes,
1334 5358 1386 5405 et
1431 5349 1657 5403 auribus
1706 5349 1989 5419 pereipite,

425 5452 613 5494 omnes
640 5442 972 5495 habitatores
998 5451 1177 5500 terrae,
1212 5440 1257 5493 si
1303 5439 1444 5493 facta
1481 5449 1607 5492 sunt
1634 5440 1760 5493 talia
1790 5440 1843 5492 in
1878 5440 1985 5493 dle‘

426 5530 529 5585 bus
559 5532 776 5587 vestris.
816 5550 834 5583 ι
858 5532 1023 5595 Quasi
1068 5531 1134 5584 ad
1174 5530 1320 5583 dicta
1375 5530 1640 5583 audienda
1687 5531 1987 5599 segniores,

423 5622 665 5679 excitare
712 5624 1079 5691 pradictionis
1113 5631 1321 5676 terrore
1345 5630 1791 5691 conatur;quare
1814 5631 1867 5675 et
1898 5623 1992 5677 ini-

428 5719 563 5776 tium
599 5718 882 5771 verborum
924 5733 1145 5772 suorum
1185 5717 1329 5785 capit
1377 5731 1405 5767 a
1454 5717 1634 5771 minis.
1680 5716 1761 5767 Ad
1803 5730 1993 5766 mnnes

428 5818 598 5875 certe,
634 5811 826 5881 inquit,
861 5818 1018 5867 terra:
1069 5810 1273 5866 incolas
1335 5808 1738 5882 praedicationis
1787 5824 1995 5864 δι’ῐιιιοη

2099 5260 2247 5327 λέγει
2274 5259 2343 5311 τὰ
2386 5258 2511 5328 ἐξῆς
2536 5295 2549 5318 ,
2595 5254 2674 5317 είς
2706 5252 2970 5320 ὠφέλειαν
3004 5249 3340 5303 συντείνοντα
3380 5246 3473 5299 τοῦ
3502 5245 3653 5299 λαοῦ.

2103 5370 2117 5403 ι
2174 5350 2465 5404 Ἀκούσατε
2500 5347 2667 5400 ταῦτα
2708 5345 2756 5397 οί
2801 5332 3656 5414 πρεσϐύτεροι,κα“ιένωτίσασθε,

2100 5446 2295 5506 πάντες
2333 5443 2382 5496 οἱ
2417 5438 2794 5499 κατοικοῦντες
2840 5437 2936 5506 τὴν
2976 5433 3099 5502 γῆν,
3135 5433 3183 5483 εί
3214 5430 3404 5497 γέγονε
3435 5426 3659 5480 τοιαῦτα

2096 5538 2154 5589 ἐν
2179 5538 2294 5597 ταῖς
2325 5534 2557 5603 ἡμέραις
2579 5529 2751 5600 ὑμῶν.
2795 5547 2812 5579 ι
2859 5528 2944 5589 Ὠς
2965 5526 3031 5579 ἂν
3062 5522 3427 5595 ῥᾳθυμότερον
3460 5519 3661 5571 sum-

2101 5626 2290 5696 μένους
2310 5641 2373 5675 πε
2384 5622 2435 5691 pl.
2459 5622 2525 5673 τὰ
2552 5620 2835 5688 λεγόμενα,
2855 5618 2930 5685 (p.
2968 5616 3087 5684 105)
3105 5612 3385 5681 διεγείρειν
3414 5609 3491 5677 τῷ
3513 5608 3659 5677 φοὸῳ

2096 5718 2203 5769 τῶν
2238 5714 2584 5785 μηνυομένων
2606 5712 2881 5780 πειρᾶται,
2913 5707 3052 5760 ὥστε
3082 5706 3174 5759 καὶ
3202 5704 3484 5775 προοίμιον
3511 5698 3656 5766 αὐτῷ

2098 5808 2206 5862 τῶν
2254 5808 2425 5875 λόγων
2469 5802 2603 5858 εἶναι
2647 5804 2741 5873 τὴν
2783 5801 3043 5872 ἁπειλήνο
3096 5798 3225 5869 πρὸς
3264 5796 3506 5856 ἅπαντας
3552 5791 3651 5860 δὴ,
