3860 6556
120 1238 157 1258 δ-

226 419 323 475 215

1245 418 1792 481 COMMENTARIUS
1822 424 1889 481 IN
1925 426 2151 483 JOELIS
2189 427 2339 482 esp.
2381 428 2416 482 ι.

3364 422 3469 478 214

224 535 396 606 φησὶ,
450 536 578 599 τοὺς
634 537 732 606 τὴν
788 534 894 606 γῆν
957 535 1242 600 οἰκοῦντας
1297 538 1395 607 τῆς
1449 540 1783 608 ἐπαγγελίας

1893 558 2008 597 nem
2056 544 2304 607 instituo,
2342 544 2394 595 in
2423 541 2613 611 primis
2643 554 2773 595 vero
2815 539 2922 609 70
2959 536 3022 591 ad
3071 536 3339 607 seniores,
3372 539 3467 608 qui

225 627 478 697 ποιοῦμαι
512 628 602 681 τὸν
651 628 841 697 λόγον⁸
892 629 989 682 καὶ
1032 629 1138 700 πρό
1181 646 1245 697 γε
1280 629 1387 682 τῶν
1428 630 1601 684 ἀλλων
1650 633 1786 702 πρὸς

224 722 346 783 τοὺς
373 722 433 772 ὲν
461 720 589 789 ὑμῖν
622 720 1048 793 πρεσϐυτέρους,
1080 715 1254 774 καίτι
1288 722 1381 775 καὶ
1409 722 1566 776 πλέον
1591 724 1787 777 εἰδέναι

219 811 300 868 διὰ
337 811 431 864 τὸν
469 812 680 883 μακρὸν
711 811 1024 881 ὀφείλοντας
1066 813 1277 882 χρόνον,
1312 814 1361 865 εἰ
1394 813 1452 866 δέ
1486 830 1540 865 τι
1584 813 1789 867 τοιοῦτο

220 904 464 979 γεγονὸς,
498 904 532 973 ἢ
561 902 705 956 κατά
725 903 815 956 τὸν
842 903 1105 974 ὑμέτερον
1131 903 1389 975 καιρὸν,ἢ
1414 903 1551 958 κατὰ
1572 904 1662 957 τὸν
1681 905 1789 957 τῶν

222 994 502 1064 ὑμετέρων
544 994 790 1064 πατέρων
830 994 1121 1047 ἐπίστασθε
1147 1034 1163 1059 ,
1205 997 1361 1049 ὁποῖα
1401 994 1465 1066 δὴ
1506 994 1600 1049 νῦν
1648 996 1777 1066 ύμῖν

220 1084 429 1137 ἐποίσει
460 1084 614 1151 Θεὸς,
645 1085 738 1138 ἐπὶ
780 1084 976 1156 μακρῷ
1010 1084 1110 1154 μὲν
1137 1085 1289 1156 ὑμῶν
1326 1086 1689 1157 ἀνασχόμενος
1714 1086 1791 1157 τῷ

217 1175 396 1245 χρόνῳ
423 1215 439 1239 ,
483 1175 810 1245 ἀνεχόμενος
842 1176 898 1230 δὲ
940 1177 1165 1249 μηκέτι,
1197 1179 1319 1231 ἐπεὶ
1356 1178 1520 1248 μηδὲν
1552 1179 1694 1248 ὑμᾶς
1729 1180 1794 1230 ἐκ

215 1266 319 1349 τῆς
343 1267 704 1333 ἀνεξικακίας
731 1267 1136 1338 ὠφελουμένους
1179 1269 1311 1341 ὁρᾷ,
1346 1269 1652 1322 τούναντίον
1693 1267 1792 1338 μὲν

215 1357 309 1415 οὖν
332 1361 431 1413 καὶ
458 1360 864 1431 προκόπτοντας
882 1361 974 1414 ἐπὶ
988 1360 1047 1414 τὸ
1068 1363 1264 1432 χεῖρον.
1288 1380 1306 1410 r
1332 1361 1464 1432 Περὶ
1488 1361 1664 1414 αὐτῶν
1681 1362 1792 1422 τοῖς

214 1452 435 1513 τέκνοις
472 1450 630 1520 ὑμῶν
658 1451 1012 1521 διηγήσασθε,
1056 1453 1149 1504 καὶ
1193 1451 1261 1504 τὰ
1300 1450 1465 1505 τέκνα
1494 1450 1648 1520 ὑμῶν
1679 1451 1793 1513 τοῖς

211 1542 431 1605 τέκνοις
454 1542 657 1605 αὐτῶν,
672 1542 766 1596 καλ¹
776 1541 843 1595 τά
863 1542 1026 1595 τέκνα
1038 1542 1214 1595 αὐτῶν
1235 1544 1315 1606 εἰς
1332 1542 1524 1611 γενεὰν
1543 1541 1753 1609 ἑτέραν.
1769 1559 1788 1591 ι

213 1632 442 1688 Τοιοῦτο
476 1632 588 1704 γὰρ
619 1632 682 1703 δὴ
713 1631 823 1684 τῶν
859 1631 954 1684 νῦν
981 1632 1421 1703 ὲπελευσομένων
1448 1633 1576 1701 ὑμῖν
1604 1632 1665 1685 τὸ
1696 1630 1791 1701 μέ-

212 1723 375 1791 γεθος
406 1724 621 1787 κακῶν,
657 1724 796 1777 ὥστε
822 1724 933 1777 δεῖν
959 1723 1103 1794 ὑμᾶς
1136 1723 1226 1777 διά
1256 1724 1364 1776 τῶν
1391 1723 1652 1793 διαδόχων
1682 1722 1789 1776 τῶν

1886 635 2037 704 plura
2077 636 2219 689 scire
2266 635 2336 687 ob
2380 648 2535 688 suam
2578 632 2976 701 longacvitatcm
3022 630 3250 691 debent,
3298 645 3465 701 rogo,

1887 726 2131 795 inquam,
2163 742 2230 778 an
2260 740 2356 794 par
2387 722 2596 793 aliquid
2636 723 2718 776 vel
2744 730 2901 776 aetate
2931 730 3105 775 vestra
3138 721 3217 774 vel
3250 731 3467 789 patrum

1886 826 2190 870 vestrorum
2222 815 2517 885 contigisse
2542 814 2753 878 sciatis,
2784 813 2942 882 quale
2969 828 3114 865 nunc
3139 812 3295 866 vobis
3320 810 3463 865 Deus

1888 906 2133 961 facturus
2147 917 2250 964 est.
2275 908 2368 976 qui
2388 908 2549 975 longo
2573 905 2787 974 quidem
2811 914 3054 973 tempore
3071 919 3167 958 vos
3180 903 3464 967 sustinuit,

1889 998 1982 1051 sed
2008 997 2121 1066 jam
2153 999 2359 1051 diutius
2390 1012 2498 1051 non
2532 995 2807 1058 tolerabit,
2849 997 2976 1065 quia
3005 995 3174 1048 nihilo
3216 1009 3314 1049 vos
3349 1009 3460 1048 me-

1885 1085 2050 1141 liores
2072 1089 2141 1142 ob
2172 1089 2488 1158 patientiam
2515 1103 2672 1142 suam
2696 1086 2917 1141 eﬁ‘ectos
2941 1084 3104 1145 videt,
3129 1086 3238 1137 imo
3267 1092 3461 1138 contra

1884 1176 1939 1230 in
1962 1176 2203 1232 deterius
2233 1180 2395 1233 etiam
2431 1188 2653 1233 ruentes
2681 1218 2694 1232 .
2737 1197 2755 1228 ‹
2784 1175 2961 1246 Super
2989 1175 3091 1229 hoc
3117 1174 3244 1229 ﬁliis
3264 1175 3467 1229 vestris

1886 1275 2129 1331 narrate,
2147 1276 2200 1320 et
2224 1269 2315 1322 ﬁlii
2339 1270 2507 1324 vestri
2532 1269 2657 1323 ﬁliis
2683 1269 2818 1331 suis,
2837 1265 3001 1321 etﬁlii
3025 1280 3212 1319 eorum
3242 1278 3468 1332 genera-

1886 1359 2018 1412 tioni
2057 1360 2236 1414 alteri.
2266 1379 2282 1411 ι
2332 1361 2507 1415 Tanta
2550 1361 2696 1416 enim
2753 1369 2838 1414 est
2881 1364 3266 1412 eventurorum
3320 1371 3467 1409 nune

1888 1450 2047 1505 vobis
2079 1453 2344 1507 malorum
2375 1453 2717 1523 magnitudo,
2750 1458 2928 1504 utvos
2950 1455 3200 1517 oporteat
3222 1462 3318 1517 per
3341 1461 3467 1501 suc-

1890 1554 2141 1598 cessores
2166 1554 2378 1599 vestros
2411 1545 2477 1598 ad
2508 1554 2758 1615 posteros
2785 1541 3033 1595 notitiam
3066 1539 3457 1602 transmittere,

1894 1646 2002 1701 quo
2028 1647 2208 1688 rerum
2232 1646 2506 1700 gestarum
2533 1635 2750 1690 novitas
2782 1633 2904 1686 illos
2921 1645 3139 1701 quoque
3169 1628 3470 1684 modestio-

1894 1738 1982 1777 res
2012 1726 2186 1793 possit
2212 1726 2440 1782 eliicere.

210 1818 434 1872 οἰκείων
469 1818 551 1881 είς
579 1819 703 1881 τοὺς
758 1817 1048 1888 μετέπειτα
1098 1818 1461 1891 παραπέμψαι
1500 1818 1596 1889 τὴν
1622 1816 1841 1886 γνῶσιν,
1882 1816 1948 1869 ἶν’
1969 1821 2009 1889 ἡ
2031 1819 2139 1874 τῶν
2185 1821 2524 1893 πραγμάτων
2556 1820 2808 1891 καινότης
2843 1822 2911 1891 τῇ
2940 1819 3078 1891 ἀκοῇ
3117 1816 3469 1888 σωφρονίζειν

208 1909 431 1963 δύναιτο
466 1908 771 1973 κάκείνους.

279 1999 436 2070 Στίχ.
472 1999 613 2053 δ’-ε’.
656 2028 715 2043 —-
753 2017 770 2049 ι
810 1999 891 2053 Τὰ
924 1986 1231 2051 κατάλοιπαν
1263 1998 1363 2067 τῆς
1400 1998 1626 2067 κάμπης
1664 2013 1791 2048 κατ-

1966 1993 2133 2051 Vens.
2176 1997 2294 2051 4-5.
2326 2028 2397 2037 —
2438 2014 2456 2048 ι
2478 1995 2712 2051 Residua
2745 2014 2924 2054 erucae
2950 2000 3187 2055 comedit
3225 1998 3479 2063 locusta,

209 2090 426 2158 ἔφαγεν
450 2093 486 2162 ἡ
526 2091 691 2161 ἀκρίς
708 2107 725 2123 ο
757 2092 851 2143 καὶ
876 2090 944 2144 τά
969 2090 1271 2143 κατάλοιπα
1292 2090 1390 2160 τῆς
1414 2088 1634 2160 ἀκρίδος
1666 2102 1795 2140 κατ-

208 2181 423 2252 έφαγεν
465 2183 495 2235 ὁ
530 2181 791 2253 βροῦχοςο
853 2183 947 2236 καὶ
974 2182 1043 2236 τὰ
1088 2182 1390 2236 κατάλοιπα
1435 2180 1530 2236 τοῦ
1566 2181 1792 2251 βρούχου

209 2266 536 2341 κατέφαγεν
570 2275 602 2343 ἡ
637 2273 886 2344 ὲρυσίὸη.
920 2292 939 2325 ι
974 2273 1262 2345 Τροπικῶς
1291 2271 1539 2342 βούλεται
1572 2270 1640 2324 τά
1691 2272 1790 2323 έπ-

209 2363 518 2433 εληλυθὸτα
552 2364 735 2426 αὐτοῖς
767 2364 941 2417 εἰπεῖν
964 2363 1110 2417 κακά
1129 2379 1143 2393 ·
1168 2363 1263 2417 καὶ
1287 2362 1363 2425 ὡς
1397 2362 1484 2415 ἀεὶ⁹
1514 2364 1628 2425 τοῖς
1659 2360 1795 2431 μετά

207 2455 387 2509 ταῦτα
433 2455 507 2508 τά
557 2454 796 2525 πρότερα
846 2453 1180 2508 ἐπετείνετοο
1237 2451 1460 2524 ἐλήλυθε
1505 2451 1602 2522 μὲν
1651 2450 1790 2522 γὰρ,

208 2546 349 2616 φησὶ
377 2584 391 2608 ,
433 2543 798 2615 Θεγλαφασάρ
836 2545 865 2596 ὁ
897 2544 1005 2597 τῶν
1059 2541 1358 2614 Ἀσσυρίων
1407 2541 1688 2613 βασιλεὺς,
1733 2540 1793 2605 ὃς

206 2639 372 2708 δίκην
443 2636 677 2707 κάμπης
728 2637 829 2690 οὐκ
873 2637 1028 2705 ὀλίγα
1077 2636 1218 2707 μέρη
1256 2634 1363 2688 τῶν
1411 2634 1791 2705 προσηκόντων

205 2728 345 2800 ύμῖν
398 2727 640 2800 ἐδῄωσεν
663 2744 679 2760 ο
715 2728 791 2796 (p.
839 2727 974 2798 106)
1023 2726 1140 2797 μετ’
1188 2728 1392 2780 ἐκεῖνον
1432 2724 1791 2795 Σαλμανασάρ

206 2820 409 2891 ὥσπερ
438 2818 603 2891 ἀκρίς
631 2835 715 2882 τις
740 2818 901 2871 πλέον
933 2818 1286 2889 ὲπινεμηθεὶς
1317 2817 1384 2870 τὰ
1409 2815 1676 2887 ύμέτερω
1703 2816 1789 2868 ἐπ’

208 2907 451 2969 ἐκείνοις
475 2906 852 2978 Σενναχηρεὶμ
875 2905 1103 2977 βρούχου
1126 2906 1281 2976 δίκην
1304 2906 1479 2959 κοινὸν
1491 2905 1789 2975 ἀφανισμὸν

211 2999 445 3067 ἐπάγων
465 3001 589 3060 ταῖς
609 2998 741 3050 δέκα
760 2998 953 3065 φυλαῖς
980 2998 1198 3068 Ἰσραήλ
1215 3013 1231 3029 ο
1253 2994 1580 3067 ἐπελήλυθεν
1601 2995 1787 3064 ὥσπερ

210 3104 295 3151 ⁶τις
324 3086 561 3159 ὲρυσίϐη
599 3087 735 3158 πρὸς
760 3090 872 3151 τοῖς
916 3088 1122 3151 λοιποῖς
1161 3090 1189 3141 ὁ
1226 3086 1581 3153 Βαϐυλώνιος,
1610 3087 1670 3151 ὃς
1693 3088 1786 3141 καὶ

210 3179 339 3238 τοὺς
360 3178 467 3246 τῆς
497 3177 758 3241 Ἰουδαίας
785 3177 985 3243 λαόὼν,
1009 3178 1184 3232 κοινὸν
1201 3178 1453 3232 ἁπάντων
1465 3179 1563 3249 τῆς
1586 3180 1786 3249 αἰχμα-

205 3273 417 3337 λωσίας
492 3271 760 3342 πεποίηκε
807 3272 868 3324 τὸ
910 3272 1110 3325 κακόν·
1156 3268 1274 3325 εἶτα
1297 3271 1352 3325 τί
1382 3271 1626 3342 βούλεται
1659 3272 1783 3324 τού-

206 3381 319 3419 των
352 3363 388 3433 ἡ
432 3362 705 3432 μήνυσις;
738 3377 755 3410 ι
803 3359 1123 3431 Ἐκνήψατε,
1146 3358 1196 3412 οἱ
1229 3356 1539 3428 μεθύοντες,
1563 3359 1622 3425 ὲξ
1646 3359 1787 3413 οῐνου

208 3454 419 3519 αὐτῶν,
453 3452 554 3507 καὶ
594 3450 899 3516 κλαύσατε,
942 3441 1142 3514 πάντες
1178 3451 1228 3503 οἱ
1265 3450 1514 3515 πίνοντες
1548 3448 1689 3505 οἶνον
1714 3453 1794 3515 είς

214 3545 387 3616 μέθην
414 3559 432 3573 ο
480 3543 566 3595 ὅτι
599 3542 822 3611 ἐξῆρται
865 3541 929 3593 ὲκ
975 3540 1242 3608 στόματος
1282 3540 1436 3611 ὑμῶν
1485 3541 1790 3613 εὐφροσύνη

206 3637 302 3688 καὶ
336 3632 511 3705 χαρά.
556 3650 574 3683 ι
620 3630 913 3685 Ἀπόθεσθε
945 3632 1010 3701 δὴ
1055 3630 1152 3702 τὴν
1183 3630 1373 3702 μέθην,
1406 3632 1496 3701 ὑφ’
1546 3628 1614 3704 ἦς
1657 3651 1792 3687 κατ-
1857 3624 1860 3627 ⁷

211 3726 466 3796 εχόμενοι
496 3722 594 3775 νῦν
615 3722 703 3775 διὰ
724 3720 821 3792 τὴν
852 3722 988 3792 πρὸς
1014 3721 1075 3775 τὸ
1108 3724 1285 3792 χεῖρον
1313 3716 1504 3794 ῥοπὴν,
1529 3723 1650 3777 οὐδὲ
1672 3742 1795 3777 συν.

210 3820 343 3889 ορᾷν
374 3816 596 3870 ἐθέλετε
633 3814 694 3867 τὺ
729 3814 846 3867 δέον
864 3832 879 3846 ·
907 3814 1002 3867 καλ⁸
1030 3814 1331 3885 μετάστητε
1356 3816 1436 3878 είς
1458 3815 1668 3887 δάκρυα
1696 3816 1792 3870 καὶ

212 3908 471 3978 θρήνους,
494 3907 551 3959 et
565 3923 681 3968 πως
705 3908 772 3976 τῇ
803 3903 1133 3975 μεταμελείᾳ
1157 3905 1257 3976 τὴν
1282 3905 1515 3973 παλαιὰν
1538 3908 1792 3978 ἀποσμή-

140 4056 148 4062 ν
213 3994 332 4061 ξετε
396 3994 605 4064 μέθην⁸
650 3992 837 4064 ἐπειδὴ
884 3990 992 4061 γὰρ
1025 3990 1207 4044 οὐκέτι
1252 3991 1461 4064 χαίρειν
1506 3992 1651 4063 ὑμᾶς
1700 3993 1794 4046 καὶ

212 4083 614 4156 εὐφραίνεσθαι
641 4081 711 4134 τά
740 4081 1127 4152 συμϐησόμενα
1156 4082 1247 4153 ἑᾷ,
1279 4082 1500 4154 ἀμεινον
1525 4084 1605 4146 είς
1637 4101 1795 4155 μετα-

218 4178 441 4247 μέλειαν
473 4173 555 4244 τῷ
582 4191 641 4226 τε
675 4172 857 4244 θρήνῳ
888 4173 1192 4244 χρήσασθαι
1223 4174 1317 4226 καὶ
1356 4176 1468 4238 τοῖς
1506 4175 1788 4247 δάκρυσιν,

214 4268 289 4332 ὡς
338 4268 413 4321 ἂν
467 4265 721 4319 ἐντεῦθεν
769 4264 1069 4334 κουφισμός
1116 4280 1199 4328 τις
1249 4266 1378 4335 ύμῖν
1434 4266 1642 4334 γένοιτο
1687 4267 1795 4321 τῶν

217 4359 405 4413 κακῶν
424 4374 440 4388 ο
475 4352 599 4410 εἶτα
625 4355 848 4427 μηνύων
884 4357 1024 4427 ὑπὲρ
1052 4358 1177 4410 ὅτου
1215 4356 1410 4419 ταῦτα,
1439 4357 1630 4428 φησιν·

206 4494 209 4497 λ
280 4471 441 4543 Στῖχ.
492 4467 642 4535 ς’-θ’.
676 4500 744 4509 --
796 4488 814 4521 ι
853 4468 973 4521 ’Ότι
1007 4467 1159 4531 ἔθνος
1203 4467 1373 4539 ἀνέϐη
1409 4468 1501 4521 ἐπὶ
1548 4470 1646 4539 τὴν
1691 4470 1796 4541 γῆν

219 4581 319 4635 μου
346 4560 570 4631 ίσχυρδν
591 4560 687 4614 καὶ
714 4559 1101 4630 ἀναρίθμητον·
1127 4560 1175 4611 οί
1199 4559 1410 4623 ὀδόντες
1431 4559 1618 4627 αὑτοῦ,
1648 4560 1797 4615 λέον-

1893 2094 1948 2141 et
1995 2086 2210 2141 residua
2263 2088 2485 2143 locusta:
2533 2089 2768 2143 comedit
2815 2089 3091 2157 bruchus,
3147 2097 3201 2145 et
3250 2090 3479 2144 residua.

1894 2177 2087 2232 brucbi
2140 2178 2378 2233 comedit
2434 2179 2652 2249 rubigo.
2674 2198 2692 2232 ι
2726 2178 2983 2249 Figurate
3013 2180 3129 2234 vult
3165 2195 3467 2251 superven-

1893 2277 2013 2324 tura
2043 2270 2177 2338 ipsis
2205 2269 2385 2325 dicere
2411 2271 2574 2334 mala,
2604 2279 2658 2325 et
2687 2271 2841 2341 quod
2864 2287 3080 2341 semper
3121 2272 3305 2340 priora
3339 2285 3469 2340 pos-

1893 2361 2188 2417 terioribus
2217 2363 2578 2431 augebuntur.
2610 2361 2771 2418 Venit
2798 2363 2967 2424 enim,
3004 2363 3203 2432 inquit,
3234 2361 3469 2433 Thegla-

1893 2451 2094 2522 phasar
2122 2452 2475 2522 Assyriorum
2501 2467 2619 2514 rex,
2650 2453 2743 2521 qui
2776 2466 2955 2506 eruca:
2985 2451 3158 2527 instar
3188 2465 3297 2505 non
3328 2464 3466 2520 pau-
3518 2516 3521 2517 ν

1892 2556 1983 2596 cas
2001 2556 2181 2597 rerum
2208 2550 2509 2596 vestrarum
2532 2550 2715 2611 partes
2745 2541 3140 2611 pessumdedit.
3160 2540 3291 2596 Post
3308 2542 3464 2596 illum

1893 2633 2259 2695 Salmanasar,
2289 2647 2387 2687 ceu
2414 2632 2661 2703 quaedam
2689 2633 2899 2687 locusta
2933 2633 3106 2704 magis
3151 2633 3331 2687 adhuc
3374 2648 3469 2688 ve-

1891 2732 2037 2779 stras
2078 2739 2208 2793 opes
2236 2724 2599 2794 depopulatus
2631 2731 2734 2778 est.
2762 2723 2968 2779 Deinde
3009 2723 3473 2781 Sennacherimus

1889 2817 2040 2887 quasi
2067 2817 2309 2871 bruchus
2333 2818 2581 2886 generale
2592 2817 2817 2871 exitium
2841 2815 3027 2872 decem
3053 2816 3305 2872 tribubus
3327 2817 3469 2871 intu-

1890 2910 1969 2964 lit.
2015 2907 2330 2964 Postremus
2360 2908 2601 2961 omnium
2632 2913 2893 2975 tanquam
2929 2907 3124 2977 rubigo
3150 2908 3470 2976 supervenit

1888 2997 2219 3069 Babylonius
2264 2997 2811 3068 (Nabuchodonosor)
2860 2997 2952 3067 qui
2994 2995 3193 3051 Judzeae
3243 3011 3467 3066 quoque

1885 3091 2081 3146 incolis
2119 3091 2314 3160 captis,
2354 3105 2699 3144 communem
2746 3088 2870 3143 fecit
2908 3088 3241 3159 captivitatis
3266 3103 3480 3143 aerum»

1884 3198 2032 3237 nam.
2066 3182 2235 3238 Porro
2260 3182 2388 3253 quid
2418 3183 2519 3238 sibi
2543 3183 2657 3236 vult
2682 3182 2869 3236 harum
2894 3196 3077 3236 rerum
3094 3181 3467 3236 denuntiatio!

1896 3293 1914 3326 ι
1934 3272 2408 3343 Expergiscimini,
2439 3272 2597 3340 ebrii,
2626 3287 2691 3328 ex
2715 3270 2842 3325 vino
2882 3280 3090 3338 vestro,
3135 3281 3189 3326 et
3217 3271 3429 3342 plorate
3447 3312 3468 3338 ,

1891 3380 2081 3420 omnes
2111 3365 2205 3435 qui
2236 3364 2421 3420 bibitis
2462 3364 2649 3417 vinum
2679 3363 2746 3417 ad
2770 3364 3115 3427 ebrietatem,
3147 3364 3275 3434 quia
3305 3364 3458 3417 abla-

1892 3463 2006 3510 tum
2038 3462 2120 3510 est
2149 3471 2214 3509 ex
2242 3470 2337 3509 ore
2361 3462 2546 3510 vestro
2589 3453 2848 3525 gaudium
2893 3462 2948 3509 et
2994 3454 3250 3509 laetitia.)
3276 3452 3478 3508 Pellite-

1891 3547 2233 3610 ebrietatem,
2261 3562 2367 3617 qua
2399 3561 2545 3601 nunc
2573 3546 2849 3616 occupati,
2893 3554 3111 3615 propter
3135 3554 3369 3602 vestram
3398 3543 3475 3597 ad.

1890 3637 2021 3692 vitia
2047 3638 2464 3708 proclivitatem,
2494 3637 2639 3707 quod
2668 3638 2815 3705 factu
2846 3654 2984 3708 opus
3012 3648 3097 3693 est
3122 3638 3267 3691 haud
3296 3638 3478 3692 vultis.

1890 3729 2234 3797 conspicere:
2279 3736 2332 3782 et
2358 3728 2425 3782 ad
2457 3714 2725 3800 lacrymas
2768 3729 3150 3797 ploratumque
3194 3726 3466 3797 converti-

1891 3820 2045 3884 mini,
2079 3820 2125 3875 si
2158 3819 2297 3874 forte
2324 3820 2643 3889 paenitentia
2670 3820 2950 3890 antiquam
2973 3820 3283 3889 abstergere
3302 3826 3469 3888 pote-

1891 3909 2014 3964 ritis
2036 3910 2377 3964 ebrietatem.
2408 3907 2542 3961 Nam
2569 3908 2699 3979 quia
2730 3908 2966 3979 gaudere
2989 3922 3089 3962 vos
3116 3908 3348 3963 ulterius
3384 3913 3469 3960 at-

1892 4016 1997 4070 que
2020 4000 2187 4054 laetari
2214 4015 2322 4053 non
2350 3999 2537 4054 sinunt
2565 4014 2750 4062 casus,
2792 4000 2987 4053 melius
3014 4010 3098 4054 est
3136 3999 3471 4068 ptenitentes

1896 4097 1999 4166 71
2042 4094 2254 4164 ploratu
2294 4091 2661 4163 lacrymisque
2693 4092 2793 4154 uti,
2827 4098 2886 4144 ut
2920 4090 3046 4145 hinc
3076 4091 3233 4145 vobis
3268 4089 3483 4144 levatim

1894 4188 2074 4256 aliqua
2101 4169 2365 4238 malorum
2398 4180 2697 4252 contingat.
2722 4182 2925 4237 Deinde
2942 4181 3257 4254 signiﬁcans
3275 4194 3478 4252 quam-

1893 4278 2080 4333 obrem
2114 4275 2250 4341 base,
2284 4274 2456 4345 pergit
2481 4271 2665 4327 dicere
2693 4284 2710 4322 :

1965 4470 2132 4526 Vens.
2167 4468 2282 4524 6-9.
2310 4500 2376 4509 -—
2406 4486 2424 4520 ι
2454 4468 2599 4525 Gens
2627 4468 2769 4524 enim
2798 4462 3044 4525 ascendit
3071 4485 3235 4539 super
3264 4477 3468 4525 terram

1896 4577 2071 4618 meam
2109 4559 2266 4615 fortis
2294 4567 2348 4614 et
2378 4560 2827 4623 innumerabilis;
2851 4559 3044 4614 dentes
3072 4559 3217 4628 ejus,
3251 4559 3460 4624 leonis,

213 4672 319 4718 τος·
357 4653 459 4705 καὶ
485 4652 543 4705 αἱ
568 4650 730 4721 μύλαι
757 4649 958 4715 αὑτοῦ,
987 4651 1060 4714 ὡς
1101 4649 1340 4721 σκύμνου
1387 4650 1573 4705 αὑτοῦ.
1604 4670 1621 4701 ι
1664 4652 1791 4705 Ἐπ-

1898 4661 1953 4710 et
1977 4654 2213 4708 molares
2242 4650 2384 4720 ejus,
2430 4659 2489 4705 ut
2521 4650 2687 4704 catuli
2735 4650 2929 4705 leonis.
2972 4668 2992 4702 ι
3025 4650 3470 4720 Superveneruut

214 4742 512 4814 εληλύθασι
542 4742 652 4813 γὰρ
683 4744 748 4812 τῇ
792 4739 947 4812 χώρᾳ.
989 4743 1056 4813 τῇ
1090 4741 1197 4811 ἐμῇ
1233 4739 1480 4811 πολέμιοι
1521 4742 1702 4795 πολλοί
1735 4760 1795 4795 τε

216 4833 309 4885 καὶ
372 4833 596 4885 δυνατοὶ
622 4872 635 4890 .
681 4831 730 4883 οἳ
778 4829 1010 4883 λεόντων
1049 4830 1203 4883 οὐδὲν
1247 4831 1625 4902 ἀφεστήκασι,
1686 4837 1799 4897 τοίς

215 4925 393 4978 ὀδοῦσι
456 4923 552 4977 καὶ
596 4924 714 4984 ταῖς
749 4920 939 4993 μύλαις
970 4921 1348 4984 ταῖςοίκείαις
1392 4924 1799 4992 κατασφαττόν-

215 5032 320 5068 των
348 5032 412 5067 τε
441 5015 538 5066 καὶ
582 5011 1075 5066 καταναλισκόντωι
1130 5010 1238 5065 τῶν
1273 5012 1483 5082 κτηνῶν
1533 5014 1596 5068 τὰ
1640 5014 1801 5084 ἐμπί-

217 5128 449 5175 πτοντα,
515 5111 585 5180 [ρ.
651 5107 772 5179 l07)
827 5108 996 5171 οὕτως
1035 5106 1384 5177 ἀφανίζοντές
1433 5123 1493 5158 τε
1545 5108 1637 5159 καὶ
1688 5122 1796 5179 χει-

221 5206 475 5275 ρούμενοι
527 5205 641 5266 τοῖς
685 5201 888 5264 ὅπλοις.
940 5219 958 5251 ί
997 5201 1188 5253 Ἔθετο
1232 5199 1329 5269 τὴν
1386 5198 1628 5268 ἄμπελόν
1692 5218 1792 5269 μου

216 5296 294 5357 εἰς
322 5294 655 5365 ἀφανισμὸν,
689 5292 783 5346 καὶ
807 5292 906 5355 τὰς
930 5293 1098 5354 συκᾶς
1130 5308 1230 5362 μου
1259 5293 1338 5354 είς
1365 5292 1731 5362 συγκλασμὸν.
1771 5312 1787 5340 ι

218 5385 403 5439 Πάντα
433 5386 527 5439 τὸν
573 5384 808 5457 Ἰσραὴλ,
837 5383 895 5437 δν
917 5383 1161 5455 ἀμπέλου
1183 5384 1337 5455 δίκην
1369 5388 1663 5457 περιεῖπον,
1700 5387 1794 5443 καὶ

216 5473 303 5526 διὰ
334 5476 436 5545 τῆς
468 5475 792 5545 ἐπιμελείας
828 5474 1252 5544 ὲγκαλλωπίζων
1296 5477 1395 5546 τῆς
1441 5476 1604 5546 ἐμῆς,
1656 5477 1798 5546 ὴφά-

218 5567 333 5619 νισέ
381 5584 441 5619 τε
489 5566 586 5620 καὶ
629 5567 879 5620 ἀπώλεσε
931 5565 1211 5629 παντελῶς
1257 5566 1354 5619 σὺν
1385 5569 1506 5631 ταῖς
1548 5569 1607 5620 ὲν
1651 5570 1799 5639 μέσῳ

220 5658 433 5720 συκαῖς,
473 5656 542 5720 ἃς
574 5657 889 5726 συνέτριψεν
936 5656 1179 5719 ἁπάσας·
1214 5657 1547 5711 αἰνίττεσθαι
1583 5659 1640 5711 δὲ
1676 5658 1799 5728 {$023-

232 5755 380 5804 λεται
405 5750 533 5810 τοὺς
555 5750 614 5800 ὲν
643 5749 825 5811 αὐτοῖς
849 5748 1215 5818 ὑπερέχοντας
1244 5749 1459 5819 πλούτῳ
1484 5768 1541 5802 τε
1570 5751 1794 5804 καὶᾛυο

221 5836 400 5908 νὰμει,
430 5838 494 5891 ὲκ
514 5837 611 5893 τοῦ
643 5841 712 5893 τὰ
736 5839 956 5894 τοιαῦτα
985 5839 1179 5912 δένδρα
1206 5840 1534 5913 ὑπερφέρειν
1557 5841 1673 5895 τῶνε
1698 5861 1797 5913 φυ-

1894 4747 2105 4815 regioni
2148 4758 2281 4797 mea:
2331 4741 2521 4797 hostes
2574 4742 2729 4795 multi
2782 4757 2847 4796 ac
2902 4741 3090 4809 validi,
3140 4757 3171 4795 a
3214 4741 3468 4797 leonibus

1896 4836 2037 4892 nihil
2079 4833 2413 4896 diﬂ‘erentes,
2456 4832 2549 4902 qui
2595 4832 2852 4887 dentibus
2899 4832 3015 4887 suis
3061 4833 3470 4902 molaribusque

1898 4936 2187 4983 conterunt
2236 4934 2402 4995 atque
2466 4932 2802 4980 consumunt
2855 4939 3196 4995 quascunque
3249 4925 3468 4979 obviam

1901 5019 2036 5072 ﬁunt
2067 5018 2341 5072 animalia.
2376 5016 2468 5070 Sic
2505 5016 2774 5070 nimirum
2810 5015 2998 5072 hostes
3028 5016 3194 5072 armis
3228 5016 3345 5072 suis
3381 5017 3468 5070 in-

1898 5111 2103 5165 vadunt
2134 5117 2297 5179 atque
2336 5109 2638 5164 devastant.
2678 5127 2696 5160 ι
2743 5107 2934 5164 Posuit
2966 5110 3177 5164 vineam
3208 5124 3385 5162 meam
3413 5107 3471 5162 in

1900 5202 2354 5272 dissipationem,
2409 5208 2468 5254 et
2512 5200 2776 5254 Iiculneas
2825 5200 2881 5254 in
2939 5200 3388 5254 confractionem.
3442 5217 3464 5251 ι

1902 5295 2228 5350 Universum
2272 5292 2550 5357 lsraelem,
2596 5308 2756 5363 quem
2800 5293 2958 5362 quasi
2998 5294 3159 5346 vitem
3200 5291 3468 5355 colebam,

1902 5390 2128 5455 meaque
2168 5400 2299 5438 cura
2327 5385 2616 5449 ornabam,
2660 5382 2932 5439 destruxit
2963 5383 3318 5451 funditusque
3346 5397 3473 5452 per-

1897 5478 2053 5540 didit,
2089 5493 2213 5529 cum
2262 5477 2601 5547 interpositis
2648 5477 2915 5538 ﬁculneis,
2950 5490 3088 5546 quas
3120 5490 3313 5531 omnes
3339 5489 3473 5529 con-

1897 5569 2076 5637 fregit.
2104 5566 2233 5621 Vult
2262 5576 2443 5621 antem
2468 5569 2697 5624 innuere
2718 5566 3108 5623 eminentiores
3130 5564 3275 5619 inter
3296 5562 3473 5619 lsrae-

1896 5662 2020 5716 litas
2050 5660 2252 5716 divitiis
2281 5669 2444 5731 atque
2478 5661 2743 5731 potentia,
2778 5657 3037 5729 quoniam
3089 5656 3172 5711 ba!
3244 5656 3472 5711 arbores

1896 5755 2080 5809 extolli
2123 5769 2287 5824 supra
2320 5754 2447 5811 vitis
2496 5755 2713 5826 plantas
2765 5752 3037 5809 videntur.
3091 5770 3109 5804 ι
3160 5748 3473 5806 Scrutando

1907 5854 2181 5903 scrutatus
2204 5855 2287 5904 est
2315 5846 2484 5917 illam,
2511 5847 2667 5904 albos
2696 5845 2823 5904 fecit
2848 5845 3101 5918 palmites
3131 5843 3273 5916 ejus.
3311 5859 3343 5896 ι
3363 5837 3471 5895 Το-
