3860 6526
440 331 549 388 225

1648 334 1997 393 TIIEODORI
2038 339 2516 397 MOPSUESTENI

3566 345 3671 406 216

439 460 551 506 tam
579 452 724 505 illam
758 449 1021 504 invadens
1056 450 1134 503 sic
1165 449 1365 503 evulsit
1398 459 1452 505 et
1480 451 1533 503 in
1567 452 1885 506 servitutem
1920 455 2013 507 ab-

2132 454 2221 507 τῶν
2260 455 2357 526 τῆς
2404 454 2647 525 ἀμπέλου
2689 454 2880 508 δοκεῖν.
2935 473 2954 507 ι
3019 455 3280 527 Ἐρευνῶν
3312 456 3668 531 ὲξηρεύνησεν

440 545 619 606 duxit,
671 553 731 599 ut
769 543 964 612 captivi
998 540 1249 594 homines
1297 558 1641 613 nequaquam
1674 544 1951 597 differrent
1982 560 2012 598 a

442 633 757 706 palmitibus
788 629 1193 685 alheseentihus
1243 631 1512 701 planeque
1547 633 1836 687 exsiccatis
1861 642 2011 706 post-

442 740 606 795 quam
652 723 778 776 vilis
833 722 1097 777 subversa
1148 720 1268 776 fuit.
1325 740 1343 771 ι
1387 722 1606 793 Planget
1645 723 1710 778 ad
1760 740 1844 779 me
1892 726 2013 794 plus

444 831 605 885 quam
639 829 840 883 sponsa
875 829 1037 867 sacco
1069 814 1316 867 accincta
1369 830 1534 885 super
1562 814 1735 868 virum
1777 817 2013 885 virgina-

446 906 549 961 lem
589 921 771 963 suum.
828 925 847 958 ι
887 904 1042 959 Tunc
1084 906 1392 976 iniquitatis
1428 922 1541 960 sure
1585 922 1803 963 sensum
1842 908 2015 977 perci-

441 999 616 1073 pient,
644 1003 699 1051 et
730 1012 853 1053 cum
891 998 1103 1069 magnis
1142 997 1208 1052 ad
1254 1013 1340 1051 me
1373 997 1668 1066 respicient
1699 1000 2012 1071 gemitibus,

443 1105 567 1161 quae
598 1089 737 1160 ipsis
766 1098 1064 1145 evenerunt
1097 1089 1237 1143 mala
1270 1089 1651 1160 deplorantes;
1686 1091 1829 1144 haud
1859 1107 2016 1148 secus

444 1195 609 1255 quam
642 1180 839 1236 mulier
868 1197 1042 1250 nuper
1071 1180 1276 1250 nuptiis
1317 1181 1591 1252 copulata,
1640 1197 1763 1237 mox
1798 1194 2016 1251 repente

443 1272 655 1342 privata
688 1273 825 1338 viro,
861 1272 950 1328 cui
986 1272 1290 1344 graviorem
1324 1270 1455 1326 facit
1485 1272 1725 1327 dolorem
1768 1274 2017 1343 privatio.

446 1365 534 1421 nis
564 1364 837 1422 celeritas.
875 1382 895 1416 ι
922 1365 1175 1419 Ablatum
1204 1371 1288 1419 est
1312 1363 1645 1419 sacriﬁcium
1667 1374 1721 1418 et
1743 1364 1928 1418 libatio
1949 1364 2017 1419 de

449 1458 613 1513 domo
639 1456 869 1511 Domini.
914 1474 933 1506 ι
972 1455 1071 1512 llic
1100 1454 1390 1511 manifeste
1431 1466 1686 1510 eventura
1726 1470 1755 1508 a
1788 1454 2018 1526 Babylo-

447 1549 559 1605 niis
602 1549 743 1603 mala
784 1548 1055 1618 significat
1088 1567 1101 1597 :
1160 1556 1289 1603 tunc
1319 1548 1461 1601 enim
1506 1547 1667 1601 desiit
1698 1546 1855 1601 solita
1901 1545 2015 1601 fieri

449 1641 504 1694 iu
530 1639 623 1695 Dei
658 1641 861 1710 templo
898 1640 1138 1711 liturgia,
1170 1655 1293 1693 cum
1321 1648 1374 1694 et
1403 1638 1686 1693 aedificium
1716 1638 2017 1694 combussit

451 1731 805 1803 Babylonius,
831 1738 884 1786 et
919 1732 1065 1786 cives
1093 1746 1285 1786 omnes
1319 1731 1630 1801 captivavit.

2114 546 2301 619 αὐτὴν,
2334 549 2424 599 καὶ
2455 546 2675 619 ἔρριψεν
2700 562 2715 577 ’
2752 547 3008 600 ὲλεύκασε
3056 548 3123 600 τά
3155 548 3405 619 κλήματα
3429 551 3618 622 αὐτῆς.
3648 569 3670 605 ι

2114 638 2297 691 Πάσαν
2338 637 2507 709 αὐτὴν
2554 636 2920 708 ἐκπεριελθὼν
2944 638 3112 701 οῦτως
3146 638 3448 694 ἀνέσπασέν
3475 658 3535 694 τε
3585 645 3674 697 καὶ

2113 733 2192 796 εἰς
2212 733 2578 805 αἰχμαλωσίαν
2598 734 2898 806 ἀπήγαγεν,
2926 735 2999 797 ὡς
3022 735 3186 807 μηδὲν
3210 736 3519 791 meum:
3543 736 3678 790 πάν-

2113 840 2210 890 τας
2260 824 2548 894 κλημάτων
2602 825 2999 879 λευκανθέντων
3048 843 3108 878 τε
3159 828 3251 880 καὶ
3304 826 3679 897 ξηρανθέντων

2115 915 2390 979 παντελῶς
2406 916 2615 984 μετῶτὸ
2634 916 2730 991 τὴν
2750 916 2988 987 ἄμπελον
3008 918 3398 988 ἐκσπασθῆναι.
3422 936 3441 969 ι
3470 916 3679 989 Θρηνή-

2117 1024 2197 1059 σει
2244 1007 2381 1079 πρός
2432 1025 2499 1077 με
2554 1009 2693 1082 ὑπὲρ
2737 1010 2952 1081 νύμφην
2997 1008 3437 1082 περιεζωσμένην
3481 1008 3682 1063 σάκκον

2116 1097 2209 1150 ἐπὶ
2238 1098 2327 1152 τὸν
2358 1097 2525 1171 ἄνδρα
2550 1100 2717 1170 αὐτῆς
2744 1100 2835 1154 τὸν
2864 1101 3205 1173 παρθενικόν.
3240 1119 3259 1152 ι
3296 1101 3429 1155 Τότε
3448 1101 3551 1172 τῆς
3580 1118 3681 1153 πα-

2119 1188 2379 1261 ρανομίας
2412 1190 2759 1262 αἰσθήσονται
2808 1192 2907 1262 τῆς
2937 1194 3160 1257 οίκείας,
3198 1193 3291 1246 καὶ
3337 1192 3475 1263 μετὰ
3518 1192 3684 1263 μεγά-

2115 1280 2221 1333 λων
2258 1279 2505 1334 νεύσουσι
2548 1284 2684 1356 πρός
2717 1302 2783 1354 με
2813 1284 2922 1338 τῶν
2954 1283 3161 1356 θρήνων
3189 1283 3685 1355 ἀνακεκλαυσμένοι

2116 1369 2185 1423 τά
2238 1372 2625 1444 συμδεδηκότα
2680 1376 2862 1440 αὐτοῖς
2909 1377 3073 1431 κακά’
3124 1377 3224 1447 οὐχ
3269 1370 3431 1448 ἦττον
3479 1379 3514 1448 ἠ
3550 1376 3685 1447 γυνὴ

2115 1461 2311 1513 νεωστὶ
2346 1463 3053 1537 συναφθεῖσαπρὸςγάμον
3071 1506 3088 1532 ,
3116 1462 3235 1519 εῐτα
3260 1465 3452 1537 ἀθρόον
3479 1465 3685 1519 ἀποδα-

2115 1548 2280 1603 λοῦσα
2309 1551 2399 1605 τὸν
2426 1552 2618 1624 ἄνδρα,
2727 1555 3021 1627 βαρύτερον
3067 1556 3128 1609 τὸ
3178 1556 3346 1619 πάθος
3378 1556 3477 1625 τῆς
3525 1558 3685 1625 ἀφαι-

2117 1640 2319 1712 ρέσεως
2366 1643 2655 1713 ἐργάζεται
2708 1649 2741 1716 ἡ
2792 1646 3005 1717 ὀξύτης.
3060 1648 3136 1719 (p.
3188 1647 3309 1717 108)
3350 1665 3369 1699 ι
3436 1648 3685 1719 Ἐξῆρται

2118 1732 2277 1787 θυσία
2302 1735 2392 1789 καὶ
2428 1736 2626 1809 σπονδὴ
2656 1736 2714 1802 ἐξ
2741 1738 2888 1792 οἴκου
2919 1739 3144 1811 Κυρίου.
3187 1758 3206 1791 ι
3254 1738 3515 1794 Ἐνταῦθα
3554 1757 3685 1811 προσ

449 1825 621 1897 δήλως
655 1827 723 1881 τὰ
751 1826 855 1880 ὑπὸ
896 1827 1001 1879 τῶν
1035 1825 1389 1878 Βαϐυλωνίων
1439 1824 1777 1895 προεσόμενα
1806 1823 1984 1886 αὐτοῖς
2015 1826 2205 1895 μηνύει
2245 1828 2389 1882 κακά
2411 1847 2425 1861 ’
2460 1831 2579 1884 τότε
2607 1832 2714 1904 γὰρ
2744 1833 3016 1887 ἐπαύσατο
3043 1836 3075 1905 ὴ
3106 1835 3165 1887 ἐν
3196 1833 3273 1905 τῷ
3300 1834 3412 1905 ναῷ
3436 1835 3531 1888 τοῦ
3557 1834 3687 1888 Θεοῦ

450 1919 815 1990 ὲκτελουμένη
845 1916 1176 1987 λειτουργία,
1202 1914 1435 1986 ὁπηνίκα
1471 1914 1561 1966 τόν
1592 1932 1651 1966 τε
1678 1909 1821 1966 οἶκον
1845 1914 2143 1985 ἐνέπρησεν
2173 1918 2201 1969 ό
2230 1916 2595 1988 Βαϐυλώνιος,
2622 1924 2715 1977 καὶ
2748 1925 2873 1988 τοὺς
2909 1926 3001 1979 ἐπὶ
3041 1926 3139 1996 τῆς
3173 1926 3379 1989 πόλεως
3416 1926 3688 1999 αἰχμαλώ-

451 2034 577 2083 τους
615 2015 804 2073 ἒλαϐεν
837 2016 1102 2078 ἅπαντας.

523 2110 629 2181 72
659 2108 823 2164 Vens.
882 2109 1077 2164 10—43.
1113 2138 1182 2149 ——
1226 2126 1245 2157 ι
1305 2105 1528 2177 Lugete,
1577 2104 1888 2162 sacerdotes
1925 2103 2016 2174 qui
2049 2110 2090 2164 Β

452 2200 613 2255 altari
644 2199 995 2260 ministratis,
1042 2196 1301 2271 quoniam
1333 2197 1592 2253 miserum
1641 2202 1724 2249 est
1753 2195 2018 2259 triticum,

452 2291 789 2347 exsiccatum
845 2289 1068 2351 vinum,
1134 2289 1481 2344 imminutum
1543 2288 1752 2352 oleum,
1807 2283 2018 2343 confusi

453 2382 725 2452 agricolae.
763 2380 986 2453 Lugete,
1020 2380 1247 2453 prmdia,
1283 2386 1503 2449 propter
1545 2378 1783 2432 triticum
1816 2385 1869 2432 et
1902 2376 2023 2432 hor-

454 2472 641 2536 deum,
668 2472 798 2540 quia
837 2470 998 2542 periit
1027 2471 1225 2526 messis
1266 2469 1404 2542 agri,
1440 2469 1567 2526 vitis
1612 2470 1849 2533 exaruit,
1879 2467 2024 2525 ficul-

456 2578 575 2617 neae
618 2572 747 2618 sunt
781 2564 1099 2627 imminutaz,
1150 2562 1315 2619 arbor
1345 2561 1718 2632 malograuata
1762 2570 1815 2617 et
1846 2561 2021 2633 palma
2098 2568 2102 2572 ‘

455 2660 511 2707 et
544 2654 721 2712 malus
762 2662 815 2709 et
850 2654 1030 2711 omnia
1078 2653 1224 2722 ligna
1269 2653 1385 2725 agri
1438 2659 1790 2708 exaruerunt.
1832 2670 1851 2705 ι
1889 2651 2025 2706 Con-

455 2764 631 2819 gruus
658 2748 1036 2805 sacerdotibus
1063 2757 1117 2805 et
1150 2749 1339 2805 altaris
1366 2747 1634 2804 ministris
1660 2747 1861 2811 luctus,
1894 2744 2021 2816 quia

456 2840 725 2910 generalis
750 2840 1011 2896 sterilitas
1042 2855 1267 2910 campos
1294 2848 1460 2903 tenet,
1496 2838 1639 2894 unde
1663 2837 1931 2908 primitias
1960 2850 2024 2890 ac

458 2932 705 2988 decimas
742 2932 1126 3002 percipientes,
1164 2931 1241 2985 rei
1274 2930 1597 2987 necessariae
1622 2930 1833 2999 copiam
1869 2927 2025 2984 habe‘

460 3025 614 3081 bant.
656 3023 947 3093 Congruus
982 3022 1126 3077 haud
1171 3021 1351 3077 minus
1384 3023 1561 3077 luctus
1602 3029 1759 3075 terra:
1806 3034 2024 3091 quoque

461 3116 713 3185 frugibus
744 3114 977 3177 carenti,
1015 3112 1158 3171 unde
1196 3114 1453 3185 agricolis
1498 3120 1716 3168 creatur
1750 3110 2021 3175 confusio,

461 3208 589 3278 quia
623 3206 829 3261 frustra
869 3205 1255 3261 laboraverunt
1284 3224 1296 3259 ε
1342 3204 1650 3275 pariterque
1683 3202 1893 3257 cunctis
1924 3212 2027 3256 ter-

465 3314 539 3353 ra:
566 3296 804 3367 prandiis,
844 3300 973 3365 quia
1006 3297 1215 3351 nullum
1251 3303 1412 3350 terra:
1438 3302 1781 3365 proventum,
1816 3295 2025 3349 nullum

464 3390 721 3445 arborum
751 3398 968 3460 partum
1002 3404 1153 3444 more
1191 3389 1353 3444 solito
1388 3389 1674 3444 collectum
1707 3389 1889 3443 videre
1918 3396 2022 3444 est.

472 3498 496 3532 ‹
532 3478 799 3547 Quoniam
832 3480 1093 3550 gaudium
1131 3479 1497 3536 confuderunt
1534 3480 1625 3535 lilii
1660 3481 1963 3537 hominum.
2003 3501 2022 3534 ι

466 3571 575 3627 Pro
606 3587 671 3628 eo
695 3581 754 3627 ut
785 3573 931 3629 dicat
957 3590 973 3627 :
1009 3570 1221 3627 Nemini
1248 3571 1403 3629 adest
1430 3572 1643 3628 laetandi
1666 3574 1906 3635 occasio.
1939 3590 2030 3646 pu-

467 3664 619 3720 denti
648 3664 859 3721 scilicet
884 3664 991 3719 nisi
1015 3665 1070 3718 in
1100 3664 1302 3721 talibus
1330 3664 1608 3734 tantisque
1636 3665 1793 3720 malis
1826 3665 2031 3721 luctum

468 3764 615 3827 agat.
680 3756 784 3813 Per
836 3758 951 3813 haec
1017 3758 1200 3813 omnia
1263 3758 1603 3812 demonstrat
1656 3758 2030 3827 gravissimam

472 3850 819 3905 sterilitatem
861 3848 1229 3905 lsraelitarum
1258 3849 1466 3919 regioni
1506 3849 1823 3917 contigisse.
1861 3850 2034 3919 dupli-

473 3957 703 4011 cemque
743 3956 1038 4009 aerumnam
1103 3939 1293 4005 fuisse,
1343 3940 1590 3995 hostibus
1651 3941 1865 3996 scilicet
1913 3955 2031 3996 eam

470 4033 705 4101 pessime
733 4032 1167 4096 devastantibus,
1198 4040 1251 4087 et
1277 4032 1394 4102 ipsa
1425 4040 1567 4087 terra
1608 4030 1820 4103 frugum
1850 4030 2035 4087 fertili-

469 4134 636 4182 tatem
671 4133 918 4195 negante.
948 4122 1089 4190 Quid
1128 4140 1259 4194 ergo
1294 4132 1416 4193 post
1442 4124 1600 4181 haec?

2188 2107 2336 2178 Στίχ.
2373 2115 2530 2179 ι’-ιγ’.
2557 2140 2630 2151 -
2660 2130 2678 2163 ι
2702 2113 2972 2182 Πενθείτε,
2990 2114 3037 2165 οἱ
3062 2112 3224 2181 ἱερεῖς
3246 2112 3293 2165 οί
3319 2110 3689 2181 λειτουργοῦν-

2120 2214 2210 2263 τες
2238 2199 2621 2274 θυσιαστηρίῳ,
2650 2204 2731 2257 ὅτι
2758 2201 3205 2275 τεταλαιπὼρηκε
3232 2204 3397 2265 σῖτος,
3424 2201 3690 2273 ἐξηράνθη

2119 2287 2297 2357 οἶνος,
2355 2293 2603 2368 ὠλιγώθη
2668 2296 2867 2360 ἔλαιον,
2934 2294 3385 2368 κατῃσχύνθησαν
3432 2294 3688 2364 γεωργοί·

2124 2382 2388 2454 θρηνεῖτε,
2420 2388 2672 2458 κτήματα
2704 2387 2843 2459 ὑπὲρ
2875 2387 3046 2459 πυροῦ
3073 2386 3165 2440 καὶ
3188 2386 3403 2458 κριθῆς,
3455 2385 3538 2439 ὅτι
3583 2386 3692 2439 ἀπ-

2122 2475 2284 2531 όλωλε
2308 2479 2575 2551 τρυγητὸς
2603 2480 2661 2545 ἐξ
2689 2480 2876 2550 ἀγροῦ·
2910 2482 2943 2551 ή
2976 2479 3214 2550 ἄμπελος
3256 2476 3549 2551 ἐξηράνθη,
3599 2477 3694 2530 καὶ

2124 2571 2286 2623 συκαῖ
2342 2569 2696 2643 ὀλιγὼθησαν·
2732 2570 2853 2642 ῥοιὰ
2900 2570 2989 2628 καὶ
3034 2569 3207 2639 φοίνιξ
3253 2571 3345 2624 καὶ
3401 2568 3566 2639 μῆλον
3599 2570 3692 2622 καὶ

2124 2661 2300 2714 πάντα
2327 2660 2394 2714 τὰ
2416 2660 2546 2726 ξύλα
2569 2661 2661 2716 τοῦ
2691 2662 2861 2735 ἀγροῦ
2891 2661 3280 2733 ὲξηράνθησαν.
3323 2681 3342 2713 ι
3382 2660 3694 2732 Ἀρμόττων

2126 2752 2225 2822 μὲν
2256 2747 2347 2807 οὖν
2380 2754 2491 2815 τοῖς
2538 2753 2865 2823 ίερατεύουσι
2908 2751 2985 2821 τῷ
3021 2752 3384 2822 θυσιαστηρίῳ
3411 2753 3439 2805 ό
3469 2750 3687 2821 θρῆνος,

2123 2846 2207 2900 ὅτι
2264 2845 2531 2916 παντελὴς
2567 2844 2767 2919 ἀφορία
2797 2844 3014 2915 κατέχει
3045 2844 3143 2907 τὰς
3188 2844 3456 2908 πεδιάδος,
3491 2846 3584 2913 ἀφ’
3618 2837 3694 2898 ῶν

2124 2939 2222 3001 τάς
2246 2955 2305 2993 τε
2345 2936 2597 3008 ἀπαρχάς
2627 2937 2722 2990 καὶ
2760 2936 2858 2999 τὰς
2889 2935 3142 2999 δεκατιὰς
3173 2933 3539 3006 κομιζόμενοι,
3583 2934 3693 2991 τῶν

2125 3027 2434 3096 ἀναγκαίων
2467 3023 2610 3097 εἶχον
2637 3028 2735 3099 τὴν
2767 3026 3043 3097 ἀφθονίανο
3077 3027 3359 3097 ἁρμόττων
3383 3026 3438 3079 δὲ
3472 3026 3569 3096 οὐχ
3598 3021 3694 3097 ἦτ-

2124 3137 2214 3174 τον
2242 3118 2438 3190 θρῆνος
2477 3120 2572 3173 καὶ
2614 3122 2678 3191 τῇ
2707 3121 2778 3191 γῇ
2806 3119 3023 3174 πάντων
3061 3117 3385 3192 ἀφῃρημένη
3423 3116 3530 3171 τῶν
3562 3133 3696 3187 καρ-

2128 3211 2264 3265 πῶν·
2294 3210 2368 3275 ὡς
2400 3211 2497 3265 καὶ
2524 3214 2634 3275 τοῖς
2660 3210 2967 3282 γεωργοῦσι
3004 3211 3102 3284 τὴν
3154 3210 3278 3283 γῆν,
3312 3208 3573 3279 αἰσχύνην
3615 3210 3700 3262 έν·

2127 3303 2317 3357 τεῦθεν
2350 3302 2782 3374 περιγίγνεσθαι,
2813 3304 2894 3357 ὅτι
2921 3302 2985 3373 δὴ
3006 3303 3345 3373 πεπονήκασι
3374 3302 3571 3371 μάτην·
3601 3300 3700 3355 καὶ

2128 3396 2262 3449 πᾶσι
2284 3394 2339 3449 δὲ
2368 3397 2477 3458 τοῖς
2506 3395 2596 3448 ἐπὶ
2618 3395 2716 3465 τῆς
2744 3393 2923 3466 χώρας
2944 3395 3212 3466 κτήμασιν
3238 3393 3451 3466 ὁμοίως,
3486 3393 3568 3447 δτι
3596 3394 3703 3464 μή-

2130 3502 2189 3539 τε
2219 3486 2327 3540 τῶν
2355 3486 2463 3541 ἀπὸ
2502 3486 2606 3555 γῆς
2647 3484 3003 3555 γιγνομένων,
3042 3485 3177 3556 μήτε
3224 3484 3301 3555 (p.
3347 3482 3468 3551 109)
3499 3482 3609 3536 τῶν
3641 3483 3702 3535 ὲν

2131 3577 2369 3649 δένδρεσι
2396 3576 2725 3646 τικτομένων
2753 3574 3200 3648 είσκομιζόμενόν
3234 3591 3287 3627 τι
3318 3573 3457 3628 κατά
3486 3572 3548 3628 τὸ
3576 3575 3703 3628 εἰω-

2135 3669 2226 3732 θὸς
2256 3669 2477 3723 δυνατὸν
2520 3669 2666 3724 ίδείν.
2711 3686 2729 3718 ι
2770 3669 2890 3721 Ὅτι
2925 3668 3266 3739 κατῄσχυναν
3299 3666 3471 3739 χαρὰν
3514 3667 3565 3721 οί
3597 3667 3705 3721 υἱοὶ

2134 3757 2240 3811 τῶν
2292 3757 2611 3829 ἀνθρώπων.
2651 3777 2669 3809 ι
2727 3756 2841 3810 Ἵνα
2892 3756 3022 3829 εἴπῃ
3067 3759 3147 3811 ὅτι
3193 3758 3381 3829 μηδενὶ
3415 3757 3708 3828 πρόσεστιν

2136 3850 2359 3921 ἀφορμὴ
2390 3850 2482 3903 τοῦ
2506 3851 2738 3921 χαίρειν,
2761 3850 3167 3920 αἰσχυνομένοις
3189 3850 3237 3904 εί
3263 3850 3337 3921 μὴ
3355 3849 3599 3903 πενθοῖεν
3614 3849 3707 3902 ἐπὶ

2137 3943 2409 4005 τοσούτοις
2434 3943 2526 3995 καὶ
2555 3941 2889 4013 τηλικούτοις
2917 3944 3125 4005 κακοῖς
3151 3940 3238 3995 διὰ
3264 3942 3477 3997 πάντων
3504 3940 3570 4011 δὴ
3586 3942 3732 4013 τούοι

2138 4053 2246 4091 των
2280 4035 2527 4105 ἀκαρπίᾳ
2577 4010 2853 4105 βαρυτάτῃ
2905 4032 3262 4103 κατειλῆφθαι
3310 4010 3567 4085 δείκνυσι
3596 4010 3729 4115 τῶνξ

2163 4125 2507 4197 Ἰσραηλιτῶν
2539 4128 2636 4195 τὴν
2668 4124 2870 4195 χώραν,
2905 4124 2981 4185 ὡς
3006 4119 3141 4178 εἶναι
3169 4123 3386 4178 διπλοῦν
3418 4123 3482 4179 τὸ
3514 4120 3729 4178 κακόνοὶ

472 4221 740 4291 πολεμίων
761 4237 819 4272 τε
846 4220 1039 4282 αὐτοὺς
1066 4219 1408 4275 διατιθέντων
1429 4219 1497 4273 τὰ
1515 4220 1777 4291 χείριστα,
1811 4223 1905 4275 καὶ
1931 4223 2028 4293 τῆς
2048 4223 2149 4293 γῆς
2181 4223 2359 4276 πᾶσαν
2388 4219 2769 4292 ἀρνησαμένης
2800 4219 2907 4271 τῶν
2933 4217 3160 4289 καρπῶν
3189 4217 3287 4289 τὴν
3316 4217 3505 4289 φοράν.
3521 4217 3588 4270 Τί
3615 4214 3709 4272 οὖν

474 4314 566 4368 ἐπὶ
592 4312 799 4376 τούτοις
822 4329 837 4376 ;

545 4406 710 4463 Vsus.
743 4407 921 4464 {546.
946 4436 1017 4449 --
1046 4426 1066 4459 ι
1115 4407 1398 4478 Accingitc
1429 4422 1526 4463 vos
1569 4416 1624 4462 et
1655 4408 1914 4481 plangite,
1949 4424 2042 4465 sa-

474 4502 747 4561 cerdotes,
794 4499 1190 4565 lamentamini,
1238 4500 1335 4569 qui
1383 4500 1707 4557 ministratis
1742 4500 1922 4567 altari,
1967 4502 2043 4557 in-

2209 4406 2356 4477 Στίχ.
2392 4408 2590 4473 ιγὀιςν.
2620 4432 2690 4444 -—
2733 4419 2752 4451 ι
2787 4398 3166 4472 Περιζώσασθε
3200 4401 3293 4454 καὶ
3330 4399 3615 4461 κόπτεσθε,
3656 4402 3709 4454 οἱ

2143 4502 2328 4571 ἱερεῖς,
2354 4498 2597 4571 θρηνεῖτε
2612 4496 2661 4548 οἱ
2681 4492 3116 4564 λειτουργοῦντες
3133 4492 3520 4564 θυσιαστηρίῳ,
3538 4493 3711 4545 εἰσέλ-

474 4590 787 4660 gredimini,
827 4588 1064 4646 dormite
1099 4590 1152 4643 in
1193 4591 1371 4645 saccis
1431 4591 1559 4646 dum
1591 4591 1645 4644 ia
1682 4590 1777 4647 Dei
1809 4594 2029 4650 ministe

2140 4593 2259 4646 θετε
2278 4630 2292 4653 ,
2316 4587 2599 4645 ὑπνώσατε
2639 4588 2695 4639 ὲν
2740 4586 2960 4649 σάκκοις
2991 4583 3424 4655 λειτουργοῦντες
3450 4583 3567 4653 Θεῷ
3585 4600 3599 4613 ο
3629 4585 3711 4638 δτι

474 4682 559 4737 rio
589 4680 907 4742 versamini,
942 4681 1067 4748 quia
1100 4681 1334 4735 recessit
1367 4696 1397 4734 a
1428 4681 1590 4737 domo
1623 4681 1717 4738 Dei
1757 4686 1922 4741 vestri
1962 4702 2044 4742 sa-

2138 4683 2447 4753 ἀπέσχηκεν
2464 4679 2523 4743 ἐξ
2540 4678 2687 4732 οἴκου
2703 4676 2836 4730 Θεοῦ
2855 4678 3004 4747 ὑμῶν
3021 4677 3179 4731 θυσία
3197 4677 3291 4731 καὶ
3304 4676 3519 4748 σπονδή.
3542 4697 3562 4730 ι
3597 4677 3711 4745 Ἐφ’

473 4772 743 4830 criticium
774 4784 826 4827 et
848 4771 1061 4827 libatio.
1103 4792 1121 4824 ι
1155 4771 1271 4827 Prae
1297 4774 1550 4830 omnibus
1580 4774 1734 4830 decet
1758 4791 1855 4832 vos
1875 4779 2029 4847 potis-

2142 4775 2313 4828 ἅπασι
2334 4774 2390 4826 δὲ
2410 4772 2642 4843 μάλιστα
2676 4771 2882 4843 πρέπον
2909 4770 3036 4842 ὑμῖν
3062 4772 3173 4835 τοῖς
3196 4772 3275 4833 είς
3302 4769 3400 4839 τὴν
3418 4769 3713 4841 ἱερωσύνην

473 4866 694 4926 simum.
721 4862 1028 4920 sacerdotio
1056 4864 1204 4934 fungi
1236 4865 1485 4932 sortitos,
1520 4881 1681 4921 sacco
1709 4868 1923 4933 vestiri,
1950 4885 2040 4925 ne—

476 4972 584 5027 que
614 4958 664 5013 id
695 4972 935 5027 unquam
971 4957 1270 5026 deponere,
1301 4957 1413 5012 sive
1457 4960 1686 5020 cubetis,
1724 4960 1839 5014 sive
1875 4961 2037 5016 etiam

473 5062 590 5104 rem
618 5063 828 5102 sacram
862 5048 1163 5117 peragatis;
1208 5047 1303 5102 sed
1334 5048 1625 5116 gemitibus
1658 5050 1933 5119 luctuique
1965 5051 2043 5103 in-

475 5140 736 5210 dulgere;
780 5149 1068 5210 propterea
1096 5140 1241 5208 quod
1272 5140 1364 5209 qui
1395 5140 1497 5193 rite
1537 5139 1645 5193 Deo
1687 5141 2045 5195 exhibebatur

474 5233 658 5287 cultus
689 5232 913 5285 omnino
946 5232 1221 5287 desiverit.
1261 5251 1278 5283 ι
1323 5230 1669 5285 Sanetiﬁcale
1691 5230 1981 5299 jejunium.
2021 5251 2038 5283 ›

476 5323 748 5389 QuOniam
796 5330 1042 5379 sanctum
1090 5322 1311 5384 dicitur,
1344 5321 1608 5390 quidquid
1656 5330 1737 5376 est
1783 5323 2041 5376 selectum

476 5424 532 5473 et
558 5432 586 5469 a
615 5414 959 5469 multitudine
993 5423 1325 5483 separatum,
1352 5414 1473 5467 ideo
1516 5431 1533 5463 ι
1562 5411 1908 5466 Sanctiﬁcate
1943 5415 2046 5484 73

475 5505 743 5575 jejunium
773 5525 792 5558 ι
817 5506 973 5570 dicit,
1006 5505 1060 5561 id
1088 5512 1172 5559 est
1196 5506 1261 5558 ad
1283 5503 1386 5557 hoc
1413 5517 1509 5557 vos
1538 5513 1869 5571 comparate,
1890 5506 2051 5558 omis-

480 5599 667 5665 sisque
691 5597 945 5653 omnibus
981 5604 1033 5651 et
1060 5610 1286 5667 prorsus
1314 5593 1581 5661 sejuncti.
1622 5593 1803 5648 dedite
1844 5610 1938 5650 vos
1987 5610 2049 5648 ac

480 5688 755 5756 disponite
815 5687 879 5740 ad
934 5688 1129 5758 jejunii
1193 5687 1615 5742 observantiam.
1676 5707 1693 5737 ι
1748 5684 2047 5741 Praedicatc

483 5782 667 5839 cultus
719 5779 971 5837 oliicium.
1029 5800 1046 5833 ι
1104 5781 1329 5839 lndicite
1366 5781 1640 5849 omnibus,
1688 5790 1747 5838 ut
1796 5782 2048 5839 humanis

2142 4865 2413 4935 προδεωη
2423 4864 2602 4935 μένοις
2621 4862 2932 4936 περιθέσθαι
2954 4862 3052 4933 μὲν
3070 4862 3292 4924 σάκκον,
3304 4863 3403 4915 οὐκ
3419 4862 3713 4933 ἀφαιροῦν-

2140 4975 2238 5021 τας
2268 4956 2449 5019 αὑτὸν,
2485 4954 2604 5008 οὔτε
2641 4958 2687 5008 εἰ
2720 4953 3058 5019 καθεύδοιτε,
3090 4952 3214 5006 οὔτε
3247 4953 3355 5025 μὴν
3384 4954 3432 5007 εί
3465 4954 3562 5023 τὴν
3604 4953 3713 5007 λει-

2143 5047 2403 5118 τουργίαν
2427 5046 2736 5121 ἐκτελοίητε
2758 5045 2854 5115 τὴν
2879 5044 3048 5099 θείαψ
3075 5044 3258 5115 θρήνῳ
3281 5045 3337 5098 δὲ
3360 5044 3714 5115 προσανέχειν

2148 5140 2242 5191 καὶ
2271 5137 2505 5208 κοπετῷ,
2532 5137 2671 5206 ὑπὲρ
2698 5130 2771 5189 ῶν
2797 5136 2982 5189 ἅπασα
3008 5135 3276 5192 πέπαυται
3306 5137 3340 5205 ἡ
3370 5136 3716 5206 καθηκόντως

2146 5229 2525 5300 άπονεμομένη
2568 5227 2646 5297 τῷ
2687 5226 2805 5297 Θεῷ
2856 5226 3138 5298 θεραπεία.
3201 5247 3219 5278 ι
3290 5227 3575 5295 Ἀγιάσατε
3618 5242 3714 5295 νη-

2149 5324 2345 5378 στείαν.
2396 5344 2413 5375 ι
2465 5321 2699 5393 Ἐπειδὴ
2752 5321 2903 5391 ἅγιον
2941 5322 3158 5390 λέγεται
3197 5321 3258 5375 τὸ
3299 5321 3571 5392 ἐξαίρετον
3619 5319 3715 5372 καὶ

2147 5415 2255 5467 τῶν
2288 5415 2496 5467 πολλῶν
2540 5416 2964 5488 κεχωρισμένον,
3004 5434 3023 5466 ι
3070 5414 3354 5481 ’Λγιάσατε
3404 5410 3651 5480 νηστείαν
3691 5429 3711 5459 ι

2149 5507 2318 5575 λέγει,
2349 5508 2467 5558 ἀντὶ
2488 5507 2602 5573 τοῦ,
2640 5506 2781 5578 Πρὸς
2811 5506 3011 5577 ταύτην
3038 5506 3113 5575 (ρ.
3152 5504 3273 5573 ΗΟ)
3308 5502 3528 5563 ἑαυτοὺς
3555 5500 3717 5554 ἐκτά-

2152 5600 2300 5665 ξατε,
2329 5600 2421 5652 καὶ
2453 5600 2667 5651 πάντων
2694 5598 2951 5667 ἀφέμενοί
2983 5613 3040 5648 τε
3070 5595 3161 5648 καὶ
3196 5592 3555 5664 χωρισθέντες
3580 5608 3717 5643 παν-

2152 5692 2340 5755 τελῶς,
2381 5690 2676 5759 ἀφορίσατε
2710 5690 2801 5741 καὶ
2833 5688 3029 5752 τάξατε
3080 5687 3215 5758 πρὸς
3251 5684 3347 5754 τὴν
3381 5682 3582 5753 ταύτης
3626 5682 3719 5733 ὲκ-

2159 5781 2436 5853 πλήρωσιν
2484 5779 2724 5844 ἑαυτούς.
2762 5798 2778 5829 ι
2831 5776 3117 5850 Κηρύξατε
3165 5772 3477 5846 θεραπείαν.
3540 5791 3559 5824 ι
3614 5767 3720 5826 Κιὶ
