3954 6518
184 378 272 435 217

1201 380 1747 439 COMMENTARIUS
1777 381 1847 439 IN
1875 382 2104 440 JOELIS
2137 382 2287 439 CAP.
2317 383 2357 439 1.

3279 377 3387 433 218

181 492 438 565 μηνύσατε
471 496 657 559 πᾶσιν,
687 495 834 560 ὅπως
857 496 921 551 ἂν
946 497 1053 551 τῶν
1080 498 1432 572 ἀνθρωπείων
1461 499 1720 569 ἀφέμενοι

1835 501 2056 572 negotiis
2097 501 2341 565 omissis,
2373 499 2467 555 Dei
2516 500 2686 555 cuttui
2728 499 3059 556 celebrando
3107 498 3382 557 intersint.

175 586 513 659 πραγμάτων,
572 591 638 659 τῇ
694 588 787 641 τοῦ
822 586 979 643 Θείου
1008 592 1392 663 προσανέχοιεν
1437 592 1720 663 θεραπείᾳ.

183 699 199 731 ι
217 680 545 748 Συναγάγετε
562 680 975 752 πρεσϐυτέρους,
994 683 1198 746 πάντας
1209 685 1333 749 τοὺς
1349 683 1726 746 κατοικοῦντας

173 770 258 841 τήν
288 772 389 841 γῆν
438 771 516 834 είς
547 766 693 824 οἷκον
737 772 874 825 Θεοῦ
911 774 1083 843 ὑμῶν,
1125 775 1218 827 καὶ
1259 774 1558 845 κεκράξατε
1589 773 1724 845 πρὸς

173 860 359 931 Κύριον
388 862 650 925 ἐκτενῶς,
684 862 859 932 Οῖμοι,
889 863 1062 934 οἶμοι,
1091 866 1233 936 οῐμοι
1261 868 1338 928 είς
1367 866 1597 937 ἡμέραν,
1642 868 1723 919 ὅτι

174 953 326 1020 ἐγγὺς
351 952 532 1023 ἡμέρα
562 954 787 1024 Κυρίου.
821 974 842 1007 ι
873 957 981 1010 Kal.
1005 956 1211 1019 πάντας
1242 956 1307 1027 δὴ
1333 957 1424 1008 ἐπὶ
1456 958 1551 1027 τῆς
1590 956 1725 1027 ὑμε-

172 1041 321 1111 τέρας
368 1040 548 1111 χώρας
584 1041 830 1111 ήγεῖσθαι
866 1042 974 1096 τῶν
1008 1044 1209 1097 λοιπῶν
1255 1043 1332 1108 ὼς
1363 1044 1529 1109 εἰκὸς,
1567 1047 1721 1115 κοινῇ

175 1132 262 1204 μὲν
303 1131 559 1185 εἰσελθεῖν
596 1134 677 1197 είς
719 1134 809 1187 τὸν
837 1130 983 1188 οἷκον
1014 1134 1299 1207 ἐπείχθητε
1337 1134 1431 1188 τοῦ
1475 1134 1630 1198 Θεοῦ,
1665 1137 1723 1188 ἐν

171 1224 266 1293 ὅσῳ
299 1239 405 1293 περ
438 1222 562 1293 ὑμῖν
587 1226 735 1278 ἐστιν
764 1224 917 1279 ἄδεια
944 1225 1037 1278 τοῦ
1067 1226 1314 1279 εἰσιέναι*
1353 1225 1490 1296 μετὰ
1511 1224 1721 1278 πολλῶν

169 1313 221 1369 δὲ
264 1313 603 1383 ἀναϐοήσατε
652 1314 762 1367 τῶν
812 1316 1145 1386 στεναγμῶν·
1201 1315 1356 1369 τοῦτο
1408 1316 1509 1386 γάρ
1553 1314 1720 1382 λέγει,

175 1424 192 1456 ι
223 1406 397 1475 Οῖμοι,
431 1405 595 1475 οἴμοι,
652 1407 828 1478 οἵμου
875 1425 895 1459 ι
949 1407 1230 1479 εὐχόμενοι
1279 1412 1354 1478 μὴ
1403 1410 1483 1471 εἰς
1526 1409 1722 1477 πεῖραν

169 1496 329 1550 ἐλθεῖν
362 1497 459 1567 τῆς
487 1497 699 1568 ἡμέρας
720 1498 955 1569 ἐκείνης,
982 1499 1049 1568 ἣν
1075 1500 1135 1551 ού
1161 1498 1349 1569 πόρῤω
1380 1499 1723 1571 συμϐέϐηκεν

168 1584 293 1642 εἶναι
328 1588 468 1641 κατὰ
496 1589 595 1659 τήν
628 1589 853 1660 ἀπειλὴν
885 1589 982 1660 τὴν
1016 1590 1187 1644 θείαν.
1228 1609 1248 1641 ι
1290 1591 1399 1644 Καὶ
1427 1590 1502 1654 ὡς
1533 1590 1722 1644 ταλαι-

168 1678 341 1752 πωρία
368 1682 432 1733 ἐκ
457 1681 828 1751 ταλαιπωρίας
851 1682 992 1751 ἥξει.
1026 1700 1043 1735 ι
1084 1683 1172 1746 Ὠς
1196 1682 1260 1736 ἂν
1287 1682 1362 1754 μὴ
1401 1680 1721 1751 ἐπαλλήλοις

173 1771 285 1841 ὑμῖν
316 1774 631 1842 περιπεσεῖν
664 1773 948 1844 ἐγγένηται
970 1776 1082 1837 τοῖς
1114 1776 1321 1837 κακοῖς.
1366 1791 1385 1824 ι
1431 1774 1550 1825 Ὅτι
1588 1788 1719 1825 κατ·

1831 610 1850 645 ι
1899 593 2232 663 Congregate
2272 605 2471 653 senes,
2515 605 2814 661 omnesque
2850 599 3010 646 terra
3058 590 3266 644 incolas
3316 590 3385 645 ad

1824 685 2043 741 domum
2102 683 2195 738 Dei
2232 684 2420 746 vestri,
2457 690 2511 737 et
2550 683 2781 736 clamate
2811 682 2880 736 ad
2912 682 3195 736 Dominum
3234 681 3388 737 vehe-

1825 786 2070 830 menter:
2124 774 2237 829 lleu
2288 773 2448 827 mihi!
2484 773 2589 827 heu
2639 773 2807 826 mihi!
2845 774 2947 826 heu
2976 772 3107 826 mihi
3154 773 3208 825 in
3259 770 3381 825 die!

1824 868 1950 938 quia
1981 882 2145 937 prope
2172 865 2288 920 dies
2319 864 2553 919 Domini.
2588 883 2606 916 ι
2641 862 2706 915 Et
2729 877 2940 927 omnes,
2971 864 3065 932 qui
3088 864 3141 917 in
3169 862 3388 933 regione

1823 966 2004 1013 vestra
2046 958 2347 1026 przecedere
2380 955 2504 1010 aliis
2552 954 2622 1009 ob
2668 960 2883 1009 atatem
2932 954 3148 1018 debent,
3192 954 3388 1008 coadu-

1824 1058 2041 1112 nantes.
2088 1064 2226 1119 quos
2260 1054 2314 1103 et
2359 1048 2597 1117 reliquos
2642 1046 2796 1117 sequi
2836 1061 2934 1115 par
2974 1054 3079 1113 est,
3122 1046 3383 1116 gregatim

1823 1138 1920 1194 Dei
1946 1138 2168 1193 domum
2204 1136 2411 1209 ingredi
2438 1138 2723 1208 impellite,
2762 1135 3006 1207 quandiu
3030 1137 3182 1191 vobis
3208 1137 3385 1191 adhuc

1824 1230 2161 1302 ingrediendi
2204 1230 2359 1299 copia
2398 1237 2502 1285 est.
2536 1230 2673 1283 Cum
2707 1228 2894 1284 multis
2930 1236 3108 1283 autem
3155 1227 3387 1283 clamata
3416 1220 3427 1299 ς

1820 1324 2149 1394 gemitibus;
2186 1322 2241 1376 id
2267 1322 2412 1376 enim
2442 1321 2697 1391 praedicta
2729 1319 2929 1374 locutio
2959 1320 3061 1374 heu
3100 1318 3255 1383 mihi,
3281 1319 3384 1373 heu

1822 1414 1974 1478 mihi,
2006 1414 2111 1469 heu
2143 1413 2299 1476 mihi,
2330 1412 2641 1483 signiﬁcat;
2681 1418 2903 1465 orantes
2949 1426 3018 1464 ne
3056 1409 3201 1464 diem
3236 1408 3385 1463 illam

1818 1504 2057 1574 experiri
2105 1504 2395 1575 eogamini,
2441 1517 2565 1573 qum
2603 1501 2749 1557 haud
2784 1501 2974 1570 procul
3016 1501 3190 1565 abest,
3231 1500 3387 1569 juxta

1821 1598 2058 1652 divinam
2101 1596 2601 1652 eomminntionem.
2664 1612 2686 1647 ι
2739 1594 2806 1647 Ει
2850 1593 3004 1664 quasi
3056 1591 3276 1647 miseria
3319 1590 3388 1647 de

1822 1688 2046 1743 miseria
2101 1687 2304 1741 veniet.
2352 1703 2372 1737 ι
2437 1683 2516 1740 Ne
2573 1685 2692 1740 sine
2752 1681 3160 1752 intercapedine
3230 1679 3389 1735 malis

1821 1778 2216 1849 corripiamini.
2260 1796 2281 1829 ι
2313 1776 2454 1843 Quia
2482 1785 2607 1831 ante
2652 1776 2842 1829 oculos
2886 1781 3101 1829 vestros
3128 1772 3389 1826 alimenta

170 1863 343 1917 έναντι
388 1841 497 1918 τῶν
544 1841 1032 1935 ὀφθαλμῶννὺμῶν
1097 1864 1361 1937 βρώματα
1413 1863 1715 1935 ἐξηράνθη,

1835 1841 2167 1931 inruerunt,
2194 1869 2318 1923 item
2340 1841 2408 1924 de
2428 1869 2590 1922 domo
2625 1865 2721 1921 Dei
2760 1866 2921 1921 vestri
2946 1864 3203 1935 gaudium
3226 1870 3390 1932 atque

168 1954 254 2009 καὶ
271 1953 336 2020 ἐξ
361 1954 511 2008 οἴκου
539 1954 674 2007 Θεοῦ
705 1955 857 2025 ὑμῶν
887 1955 1191 2027 εὐφροσύνη
1225 1958 1318 2010 καὶ
1346 1959 1508 2028 χαρά.
1545 1976 1564 2008 ι
1604 1957 1719 2009 Ἵνα

1837 1960 2023 2015 aatitia.
2066 1977 2087 2011 ι
2138 1959 2219 2013 Ne
2274 1965 2617 2028 spectatores
2660 1956 2926 2009 malorum
2978 1953 3193 2008 illorum
3244 1951 3387 2015 sitis,

170 2045 238 2117 μὴ
257 2044 522 2099 αὐτόπται
554 2046 780 2116 γένησθε
809 2047 915 2101 τῶν
948 2046 1133 2101 κακῶν
1166 2047 1410 2111 ἐκείνων,
1444 2049 1526 2100 ὅτι
1550 2044 1719 2117 πολλὴ

1835 2054 1947 2121 ιιιίει
2011 2051 2182 2105 multa
2232 2050 2339 2105 erit
2389 2050 2499 2103 imo
2553 2047 2789 2102 maxima
2839 2045 3053 2116 frugum
3102 2043 3387 2099 sterilitas.

170 2138 259 2208 μέν
285 2154 375 2201 τις
412 2138 561 2191 ἔσται
604 2140 698 2192 καὶ
743 2140 970 2209 μεγίστη
1013 2139 1120 2192 τῶν
1158 2140 1385 2211 καρπῶν
1414 2142 1447 2209 ἡ
1490 2138 1715 2211 ἀφορία·

167 2228 584 2299 προστεθήσεται
610 2230 750 2285 δὲτὸ
775 2232 1045 2303 χείριστον
1090 2231 1344 2284 ἁπάντων
1403 2231 1499 2300 τὴν
1542 2232 1721 2283 πᾶσαν

166 2321 471 2394 ἀφῃρῆσθαι
516 2322 610 2376 τοῦ
643 2323 792 2376 οἴκου
835 2324 930 2378 τοῦ
972 2322 1108 2377 Θεοῦ
1153 2323 1250 2394 τὴν
1286 2322 1628 2395 καθήκουσαν
1661 2339 1721 2375 τε

164 2412 251 2464 καὶ
280 2411 637 2483 ὀφειλομένην
659 2412 733 2483 τῷ
761 2413 880 2483 Θεῷ
911 2415 987 2484 (p.
1022 2414 1144 2481 111)
1168 2413 1483 2485 θεραπείαν,
1510 2414 1544 2484 ἢ
1574 2413 1723 2467 πλεί-

166 2517 287 2572 στης
311 2502 449 2572 ὅσης
470 2504 801 2575 εὐφροσύνης
832 2522 889 2558 τε
919 2506 1012 2558 καὶ
1038 2507 1210 2577 χαρᾶς
1233 2504 1474 2576 πληροῦν
1496 2504 1725 2575 ἠδύνατο

162 2592 278 2655 τοὺς
305 2592 448 2663 πρὸς
474 2592 534 2646 τὸ
554 2594 672 2649 δέον
699 2596 956 2665 ὁρῶντας.

227 2683 370 2753 Στίχ.
405 2681 577 2748 ιζ’-κ’.
601 2715 673 2727 -
714 2706 733 2739 ι
780 2688 1137 2759 Ἑσκίρτησαν
1163 2689 1426 2760 δαμάλεις
1469 2690 1561 2744 ἐπὶ
1600 2692 1727 2753 ταῖς

162 2774 382 2843 φάτναις
404 2775 609 2831 αὐτῶν.
641 2796 661 2831 ι
688 2771 855 2833 Δῦται
890 2780 988 2850 μὲν
1015 2780 1119 2851 γὰρ
1143 2780 1248 2834 ὑπὸ
1269 2782 1368 2851 τῆς
1397 2781 1727 2851 κατεχούσης

160 2865 360 2930 ἐνδείας
389 2867 849 2941 συνελαυνόμεναι
879 2872 1014 2942 πρὸς
1046 2872 1106 2925 τὸ
1136 2875 1363 2944 σκιρτᾷν
1390 2890 1451 2926 τε
1477 2874 1727 2926 νεύσουσι

160 2956 252 3012 καὶ
280 2957 680 3029 ταράττεσθαι,
711 2961 815 3013 ὑπὸ
866 2961 963 3032 μὲν
1006 2962 1107 3032 τῆς
1140 2962 1355 3031 φύσεως
1387 2965 1485 3033 τήν
1523 2963 1729 3034 τροφὴν

161 3048 534 3119 ἐπιζητοῦσαι.
563 3050 667 3104 ὑπὸ
693 3051 750 3105 δὲ
770 3052 864 3105 τοῦ
891 3052 964 3124 μὴ
986 3056 1236 3124 παρεῖναι
1265 3053 1326 3106 τὸ
1346 3053 1563 3123 τρέφον,
1596 3054 1731 3125 πρὸς

161 3140 389 3196 ἄτακτον
406 3140 721 3213 κινούμεναι
736 3144 1037 3214 σκίρτησιν.
1061 3162 1080 3195 ι
1103 3144 1415 3214 Εὐρωτίασε
1437 3144 1730 3215 σιτοδοχεϊα

161 3234 262 3288 ἀπὸ
274 3234 384 3287 τῶν
404 3235 722 3305 χρισμάτων
737 3235 933 3291 αὐτῶν.
947 3253 965 3287 ι
985 3235 1200 3307 Ἐπειδὴ
1222 3236 1340 3300 ἔθος
1359 3236 1731 3308 περιχρίεσθαι

161 3325 248 3379 τοῦ
266 3326 419 3379 σίτου
435 3326 535 3389 τὰς
548 3325 826 3396 ἀποθήκας
842 3326 1137 3395 ἀσφαλείας
1147 3327 1353 3392 ἕνεκεν,
1368 3328 1466 3381 οὐκ
1481 3329 1728 3393 ἐνόντων,

162 3420 311 3486 φησὶ,
332 3418 450 3470 τῶν
477 3416 914 3489 ἐμϐαλλομένων,
938 3417 1151 3489 εὐρῶτα
1169 3419 1198 3471 ό
1217 3418 1593 3490 ἐπιχριόμενος
1620 3418 1731 3484 ἕξει

164 3508 346 3580 πηλὸς,
375 3508 447 3561 ἐκ
464 3506 557 3561 τοῦ
578 3509 740 3578 μηδὲν
771 3507 1118 3561 ἀποτίθεσθαι
1144 3507 1417 3572 καθάπαξ.
1448 3528 1466 3561 ι
1512 3507 1734 3577 Ἠφανί-

168 3602 370 3671 σθησαν
408 3600 691 3672 θησαυροί.
736 3619 754 3652 ι
791 3602 903 3664 Πᾶς
932 3600 1096 3664 τόπος
1131 3601 1315 3654 ὅντινα
1337 3601 1535 3672 δήποτε
1566 3600 1733 3653 εἰσδέ-

162 3693 350 3764 χεσθαι
394 3692 612 3763 καρπὸν
648 3691 881 3759 εἰωθὼς,
912 3694 1164 3764 περιττὸς
1192 3692 1375 3758 ἔσται,
1421 3694 1521 3746 οὐκ
1562 3694 1734 3746 ὖντων

161 3783 265 3838 τῶν
290 3783 663 3854 ἐμϐάλλεσθαι
701 3784 1045 3854 ὀφειλόντων.
1099 3802 1118 3836 ι
1166 3785 1601 3855 Κατεσκάφησαν
1640 3785 1735 3856 λη-

162 3874 259 3929 νοί.
296 3894 316 3926 ι
353 3875 620 3945 Περιτταὶ
652 3874 747 3927 καὶ
774 3866 934 3927 αὗται
962 3873 1272 3941 φανοῦνται,
1308 3874 1518 3937 οὐδενὸς
1555 3875 1733 3927 εἰσκο-

165 3964 483 4035 μιζομένου.
541 3983 560 4016 ι
606 3964 729 4016 Ὀτι
772 3963 1039 4035 ἐξηράνθη
1087 3966 1253 4027 σῖτος,
1296 3964 1349 4016 τί
1391 3964 1733 4035 ἀποθήσομεν

164 4057 378 4119 ἑαυτοῖς
415 4074 431 4121 ;
463 4074 482 4107 ι
520 4055 650 4108 Ἀπὸ
681 4055 878 4127 μέρους
901 4056 995 4108 τοῦ
1021 4055 1164 4108 σίτου
1194 4055 1319 4118 τοὺς
1335 4054 1540 4119 πάντας
1562 4057 1735 4109 εἰπεῖν

160 4147 441 4217 ἠϐουλήθη
468 4146 740 4217 καρπούς’
779 4150 861 4211 εἰς
887 4148 994 4218 γὰρ
1028 4146 1313 4217 βεϐαίωσιν
1341 4145 1448 4199 τῶν
1475 4163 1736 4217 προειρη-

167 4239 346 4307 μένων
381 4238 546 4292 τοῦτο
582 4237 828 4308 βούλεται
855 4239 1055 4306 λέγειν,
1088 4239 1170 4291 ὅτι
1199 4238 1307 4291 τῶν
1335 4238 1564 4309 καρπῶν
1597 4256 1735 4291 παν-

161 4331 330 4394 τελῶς
360 4331 758 4402 ἀφῃρημένων,
791 4330 1043 4402 περιττὸς
1066 4332 1173 4394 πᾶς
1204 4330 1357 4384 ἔσται
1394 4330 1557 4394 τόπος
1583 4331 1735 4402 δέχε-

164 4422 289 4475 σθαι
318 4423 455 4484 τοὺς
487 4423 732 4490 καρποὺς
774 4421 1000 4487 εἰωθὼς,
1042 4422 1115 4492 (p.
1152 4422 1275 4491 “2)
1307 4422 1408 4474 οὐκ
1439 4421 1606 4474 ὄντων
1629 4421 1737 4475 τῶν

1816 2144 2100 2199 Pessimus
2137 2142 2383 2197 omnium
2414 2140 2637 2195 accedet
2662 2138 2934 2203 cumulus,
2959 2136 3193 2191 cessatio
3217 2134 3397 2190 omni-

1820 2236 1981 2290 moda
2020 2236 2076 2289 in
2104 2234 2198 2289 Dei
2230 2235 2435 2303 templo
2460 2231 2687 2302 congrui
2731 2230 3008 2300 debitique
3045 2228 3155 2283 Deo
3183 2227 3387 2289 cultus.

1818 2328 1915 2396 qui
1962 2326 2161 2398 gaudio
2208 2327 2447 2396 plurimo
2480 2333 2642 2395 atque
2694 2322 2882 2377 latitia
2933 2320 3146 2392 replere
3180 2326 3391 2391 poterat

1823 2418 2039 2474 honesti
2061 2418 2366 2473 studiosos.

1896 2689 2064 2745 Vsus.
2112 2687 2330 2743 17-20.
2359 2718 2431 2733 --
2472 2705 2491 2738 ι
2530 2686 2990 2740 Subsultaverunt
3036 2681 3285 2751 iuvencae
3333 2680 3392 2736 ln

1826 2782 2159 2853 praesepibus
2239 2780 2379 2834 suis.
2420 2797 2440 2830 ι
2500 2777 2593 2831 llzze
2662 2777 2864 2846 quippe
2914 2780 3195 2844 premente
3250 2771 3395 2826 fame

1828 2886 2051 2938 coactat,
2086 2873 2400 2928 subsultare
2432 2886 2497 2925 ac
2542 2868 2854 2940 perturbari
2898 2865 3188 2935 incipient,
3232 2870 3394 2917 natu—

1829 2966 2016 3021 raliter
2058 2964 2371 3019 alimoniam
2406 2969 2748 3032 quaarentes;
2792 2974 2897 3029 qua
2933 2964 3149 3029 negata,
3194 2957 3261 3009 ad
3307 2957 3394 3009 in—

1830 3054 2079 3109 conditas
2127 3053 2557 3108 subsultationes
2603 3057 2909 3104 moventur.
2965 3066 2984 3099 ι
3030 3046 3393 3116 Computrue-

1832 3154 1961 3201 runt
1990 3144 2184 3199 horrea
2216 3144 2284 3198 ab
2318 3142 2670 3197 unctionibus
2715 3140 2851 3196 suis.
2894 3156 2913 3191 ι
2947 3137 3089 3205 Quia
3130 3150 3251 3191 mos
3275 3143 3396 3191 erat

1838 3238 2076 3308 ungendi
2106 3236 2398 3305 apothecas
2434 3234 2622 3297 tritici,
2668 3245 2837 3287 causa
2866 3227 3320 3292 conservationis,
3346 3225 3395 3282 si

1837 3330 2053 3385 deﬁciet
2091 3327 2353 3398 quidquid
2397 3326 2527 3380 illuc
2569 3322 2923 3395 ingerendum
2953 3328 3093 3383 erat,
3128 3326 3402 3390 putrescat

1838 3422 2035 3477 illitum
2064 3420 2258 3483 lutum,
2287 3433 2411 3473 cum
2453 3417 2590 3471 nihil
2630 3414 2855 3469 omnino
2898 3412 2970 3468 sit
3019 3412 3166 3466 intus
3193 3410 3403 3479 reposi-

1839 3520 1976 3565 tum.
2010 3528 2029 3563 ι
2073 3509 2346 3565 Destructi
2378 3517 2525 3564 (sunt
2579 3505 2844 3561 thesauri.
2897 3522 2917 3556 ι
2964 3501 3201 3569 Quilibet
3250 3499 3404 3554 locus

1838 3602 2082 3671 recipere
2131 3600 2315 3670 fruges
2365 3599 2581 3663 solitus,
2631 3609 3074 3666 snpervacaneus
3121 3591 3249 3653 erit,
3276 3602 3402 3643 cum

1837 3708 1944 3747 non
1986 3694 2099 3747 sint
2126 3706 2248 3761 quae
2272 3689 2461 3760 reponi
2497 3688 2749 3773 debeant.
2785 3704 2805 3737 ι
2845 3684 3089 3741 Suﬁossa
3134 3689 3406 3791 suntJtor-
3432 3736 3459 3791 ἡ

1840 3784 2068 3839 cularia.
2106 3802 2125 3835 ι
2156 3781 2265 3853 74
2311 3780 2436 3835 llaec
2483 3770 2700 3850 qunque
2740 3777 3070 3832 videbuntur
3108 3770 3457 3843 superﬂua,‘-.

1840 3890 1963 3929 cum
1995 3887 2154 3927 nemo
2180 3872 2477 3941 quidquam
2506 3866 2715 3923 aﬁ'erat.
2752 3884 2772 3917 ι
2808 3867 2944 3920 Cum
2993 3863 3296 3919 arefactum
3333 3862 3405 3916 sit

1840 3963 2107 4023 triticum,
2141 3959 2271 4028 quid
2304 3959 2460 4012 nobis
2496 3956 2861 4027 reponemus?
2896 3973 2916 4006 ι
2954 3954 2999 4007 Α
3030 3962 3204 4023 parte,
3239 3952 3292 4005 id
3321 3958 3408 4005 est
3436 3950 3455 4018 ζ.

1841 4070 1872 4109 a
1909 4056 2111 4115 tritico,
2138 4058 2365 4105 cunctos
2413 4050 2531 4102 vult
2577 4048 2839 4103 denotare
2890 4045 3128 4100 fructus.
3162 4031 3442 4109 Namque‘

1842 4149 1909 4202 ad
1937 4156 2096 4201 antea
2120 4144 2391 4197 dictorum
2423 4141 2897 4196 conﬁrmationem
2933 4140 3037 4192 hoc
3057 4136 3240 4191 dicere
3268 4133 3405 4200 vult,

1841 4254 2034 4309 nempe
2067 4236 2213 4307 quod
2245 4235 2492 4303 frugibus
2524 4233 2740 4287 cunctis
2778 4229 2996 4292 ablatis.
3031 4240 3407 4297 supervacuus

1842 4335 1946 4388 erit
1978 4334 2154 4387 omnis
2183 4333 2338 4385 locus
2364 4330 2431 4383 iis
2470 4324 2807 4396 excipiendis
2839 4331 3107 4377 consueto
3134 4333 3285 4373 more
3310 4331 3410 4388 pa-

1843 4432 2016 4485 ratus,
2038 4436 2160 4475 cum
2203 4418 2350 4490 quod
2397 4424 2694 4487 reponatur
2736 4413 2899 4469 desit.
2940 4431 2959 4463 ι
2997 4411 3286 4466 Fleverunt
3314 4422 3407 4461 ar-

160 4512 522 4566 άποτίθεσθαι
569 4512 887 4581 μελλόντων.
929 4532 948 4565 ι
988 4512 1259 4565 Ἔκλαυσε
1296 4512 1544 4582 βουκόλια
1575 4512 1731 4582 βοῶν,

1847 4526 2023 4569 menta
2056 4514 2238 4577 boum,
2263 4511 2390 4581 quia
2423 4524 2531 4563 non
2559 4513 2715 4561 erant
2745 4507 2823 4561 eis
2854 4519 3055 4574 pascua
3088 4520 3101 4555 :
3131 4510 3185 4556 et
3213 4514 3407 4571 greges

160 4606 243 4657 ὅτι
275 4606 382 4676 οὐχ
422 4605 633 4677 ὑπῆρχε
676 4606 814 4675 νομὴ
864 4603 1059 4658 αὐτῶν·
1120 4604 1216 4657 καὶ
1262 4604 1328 4658 τὰ
1364 4604 1589 4675 ποίμνια
1634 4604 1742 4657 τῶν

162 4697 461 4768 προϐάτων
496 4696 891 4766 ἠφανίσθησαν.
948 4714 967 4745 ι
1032 4695 1331 4767 Ἀιρῄρηται
1378 4696 1485 4750 τῶν
1528 4696 1742 4766 κτηνῶν

159 4788 195 4856 ἠ
224 4785 475 4857 συνήθης
524 4785 666 4839 κατά
709 4784 892 4855 χώραν
930 4785 1129 4856 τροφή.
1175 4802 1193 4835 ι
1229 4784 1373 4855 Πρὸς
1404 4785 1484 4851 σὲ,
1531 4785 1702 4855 Κύριε
1726 4824 1742 4850 ,

162 4872 573 4948 βοήσομαι,ὃτι
601 4872 713 4946 πῦρ
734 4876 978 4947 ἀνήλωσε
1023 4876 1093 4929 τὰ
1139 4875 1315 4946 ὡραῖα
1342 4875 1442 4944 τῆς
1492 4876 1696 4945 ἐρήμου
1724 4916 1740 4936 ,

162 4970 259 5022 καὶ
287 4969 430 5037 φλὸξ
468 4966 641 5037 ἀνῆψε
689 4970 867 5021 πάντα
902 4969 971 5021 τὰ
1003 4965 1136 5030 ξύλα
1166 4965 1260 5018 τοῦ
1292 4964 1483 5036 ἀγροῦ.
1521 4984 1539 5017 ι
1576 4967 1742 5036 Κοινῇ

160 5059 221 5114 δὲ
248 5060 466 5123 πάντες
494 5061 588 5112 ἐπὶ
630 5061 741 5120 τοῖς
775 5058 1063 5128 κατέχουσι
1112 5059 1298 5119 κακοῖς
1326 5056 1480 5125 παρὰ
1514 5055 1605 5108 σοῦ
1640 5055 1746 5109 τῶν

159 5153 506 5220 τηλικούτων
553 5140 738 5203 κακῶν
786 5151 1081 5220 αἰτήσομεν
1131 5149 1229 5219 τὴν
1260 5147 1432 5211 λύσιν,
1480 5149 1560 5200 ὅτι
1592 5147 1748 5218 δίκην

163 5244 342 5314 πυρὸς
380 5242 576 5294 ἅπασα
607 5242 641 5309 ή
674 5240 825 5309 χώρα
852 5242 947 5292 σὺν
984 5242 1095 5301 τοῖς
1134 5237 1311 5291 ἐνοῦσι
1341 5236 1576 5305 δένδροις
1606 5237 1748 5305 ἠφά-

160 5350 369 5387 νισταισ
408 5351 429 5384 ι
460 5332 638 5402 ὡραῖα
676 5349 695 5381 ι
727 5331 833 5401 γάρ
876 5348 896 5382 r
931 5330 1029 5399 τῆς
1059 5331 1264 5401 ἐρήμου
1298 5346 1319 5380 ι
1354 5327 1500 5395 λέγει
1534 5329 1659 5390 τοὺς
1690 5330 1747 5381 ἐν

161 5426 276 5488 τοῖς
303 5424 469 5495 ὄρεσι
490 5423 689 5484 τόπους
711 5422 846 5492 πρὸς
870 5422 1197 5491 σπερμάτων
1226 5418 1530 5487 καταϐολὴν
1560 5420 1750 5488 ἐπιτη-

162 5517 344 5579 δείους
402 5515 587 5578 ὅντας,
624 5513 715 5578 οὒς
750 5512 969 5566 εἰώθασι
1003 5511 1167 5581 κοινῷ
1194 5511 1335 5580 λόγῳ
1382 5529 1399 5560 ι
1442 5509 1689 5579 όροπέδια
1724 5526 1743 5560 ι

162 5608 359 5659 καλεῖν
384 5622 401 5637 ο
446 5606 534 5658 ἵνα
565 5602 660 5657 οὖν
690 5604 837 5673 εῖπη
887 5604 968 5655 ὅτι
999 5603 1106 5665 πᾶς
1133 5601 1296 5662 τόπος
1335 5599 1428 5651 xat
1463 5600 1568 5651 πᾶν
1595 5597 1750 5663 ξύλον

160 5706 500 5778 ἠφάνισται,
550 5705 626 5767 ὡς
667 5704 771 5756 ὑπὸ
820 5704 987 5774 πυρός
1037 5719 1180 5765 τινος
1236 5699 1747 5769 καταπεφλεγμένα.

172 5816 192 5850 ι
231 5799 351 5853 Kal.
393 5797 469 5853 τὰ
507 5797 681 5866 κτήνη
723 5795 817 5850 τοῦ
866 5796 1047 5851 πεδίου
1086 5794 1344 5862 ἀνέϐλεψε
1380 5792 1513 5860 πρὸς
1559 5793 1635 5860 σὲ,
1669 5792 1749 5847 ὅτι

1844 4607 2026 4660 ovium
2070 4605 2452 4673 disperierunt.
2502 4620 2520 4651 ι
2566 4597 2947 4653 Jumentorum
3001 4601 3265 4650 consueta
3312 4606 3410 4662 per

1844 4714 2004 4768 agros
2030 4697 2287 4751 alimenta
2316 4692 2659 4747 deiecerunt.
2702 4708 2721 4741 ι
2758 4689 2841 4743 Ad
2891 4696 2963 4752 te,
3007 4684 3255 4746 Domine.
3289 4685 3407 4739 cla-

1845 4792 2025 4853 mabo,
2055 4790 2182 4859 quia
2228 4788 2373 4858 ignis
2415 4784 2759 4852 consumpsit
2803 4780 3048 4851 speciosa
3096 4776 3320 4841 deserti,
3356 4783 3413 4830 et

1845 4882 2058 4935 ﬂamma
2088 4888 2283 4933 cuncta
2315 4878 2456 4945 ligna
2487 4874 2601 4945 agri
2630 4870 2932 4929 succendit.
2966 4888 2985 4920 ι
3020 4866 3213 4922 Cuncti
3248 4866 3413 4921 simul

1846 4970 1899 5024 in
1938 4970 2106 5025 tantis
2139 4968 2420 5023 constituti
2462 4965 2643 5028 malis,
2689 4978 2719 5017 a
2764 4970 2820 5017 te
2864 4960 3147 5035 poscimus
3190 4957 3410 5011 illorum

1845 5062 2192 5126 solutionem,
2244 5059 2371 5129 quia
2427 5058 2576 5112 velut
2626 5056 2751 5124 igne
2787 5054 3043 5108 universa
3090 5049 3242 5119 regio
3286 5061 3413 5102 cum

1847 5155 1961 5210 suis
1990 5152 2277 5206 arboribus
2307 5156 2515 5204 vastata
2536 5154 2639 5202 est.
2658 5144 2790 5198 Nam
2824 5162 2842 5193 ι
2871 5140 3074 5215 deserti
3105 5139 3353 5209 speciosa
3384 5153 3406 5186 ι

1846 5245 1980 5299 dicit
2017 5244 2167 5296 locos
2220 5243 2275 5294 in
2314 5238 2593 5293 montibus
2641 5233 2989 5291 seminationi
3039 5230 3286 5291 idoneus,
3318 5227 3413 5296 qui

1846 5336 2056 5402 vulgari
2089 5332 2303 5403 loquela
2334 5331 2441 5385 dici
2483 5330 2662 5384 solent
2709 5343 2729 5377 ι
2772 5323 3010 5395 planitiae
3049 5329 3343 5375 montanae.
3386 5335 3409 5370 ι

1848 5426 1976 5480 Vult
2022 5439 2151 5494 ergo
2204 5424 2408 5485 dicere,
2464 5434 2679 5475 omnem
2731 5418 2911 5471 locum
2968 5424 3237 5480 omneque
3278 5407 3411 5477 ligni

1849 5534 2020 5589 genus
2046 5525 2304 5585 tanquam
2347 5514 2468 5581 igne
2501 5510 2671 5565 fuisse
2714 5506 3127 5563 inﬂammatum.
3166 5518 3184 5552 ι
3226 5497 3330 5553 Sed
3360 5506 3416 5551 et

1849 5610 2036 5663 bestia:
2071 5607 2185 5677 agri
2236 5604 2301 5659 ad
2353 5612 2407 5657 te
2455 5607 2839 5671 suspexerunt,
2872 5598 3127 5667 quoniam
3162 5591 3415 5647 arefacta:

1851 5707 1980 5754 sunt
2015 5712 2277 5766 aquarum
2314 5693 2696 5761 scaturigines.
2739 5709 2758 5743 ι
2799 5687 3053 5751 Pereunt,
3086 5682 3285 5753 inquit,
3321 5680 3414 5734 siti

1853 5792 2114 5857 iumenta,
2148 5786 2388 5843 fontibus
2414 5784 2549 5855 jam,
2575 5784 2645 5840 ob
2677 5781 2874 5851 pluvia:
2902 5778 3196 5842 defectum,
3216 5784 3414 5846 aquam
