3860 6512
444 242 473 275 1

503 377 611 434 219

1691 376 2039 435 THEODORI
2075 371 2557 430 MOPSUESTENI

3622 375 3729 433 9.20

509 487 755 546 emittere
790 506 893 544 non
938 490 1263 547 valentibus.
1294 488 1585 561 Postquam
1619 490 1782 561 igitur
1813 491 1920 544 lato
1948 505 2064 545 ser-

2176 486 2536 558 ὲξηράνθησαν
2558 484 2776 554 ἀφέσεις
2798 484 3022 540 ὑδάτων.
3058 507 3077 540 ι
3120 488 3449 553 Ἀπολεῖται.
3480 490 3634 559 φησὶ,
3658 490 3737 561 τῷ

508 596 670 637 mone
730 583 982 652 exposuit
1040 584 1307 639 malorum
1372 582 1800 650 multitudinem,
1867 582 2067 638 similia

2176 576 2304 646 δίψει
2331 576 2400 629 τά
2433 576 2601 645 κτήνη
2624 617 2637 637 ,
2674 576 2780 627 τῶν
2816 577 3007 645 πηγῶν
3038 580 3102 632 ὲκ
3138 579 3237 649 τῆς
3267 580 3403 651 ἄγαν
3436 581 3734 651 ἀνομϐρίας

510 675 783 745 praedictis
823 676 1081 731 subtexit.

1162 944 1313 1000 CAP.
1354 944 1415 999 ll.

575 1036 744 1094 Vsus.
782 1039 893 1093 1-5.
930 1068 1001 1079 -
1039 1056 1058 1089 ι
1093 1037 1340 1108 (Ilangite
1382 1035 1511 1090 tuba
1556 1033 1611 1089 in
1659 1032 1846 1102 Sione,
1877 1033 2070 1106 pradi-

505 1142 627 1187 cate
683 1132 740 1186 in
796 1138 980 1186 monte
1026 1141 1215 1185 sancto
1245 1144 1384 1191 meo,
1421 1135 1827 1198 congregemur
1877 1142 2069 1184 omnes

506 1224 849 1279 habitatores
898 1233 1079 1286 terrae,
1128 1221 1259 1291 quia
1310 1220 1466 1275 adest
1509 1219 1626 1274 dies
1671 1218 1908 1281 Domini,
1942 1218 2068 1288 quia

504 1330 676 1386 prope
704 1322 790 1369 est
815 1313 932 1369 dies
960 1313 1310 1368 tenebrarum
1337 1320 1391 1367 et
1418 1310 1690 1381 caliginis,
1718 1310 1837 1365 dies
1859 1309 2071 1365 nebula:

503 1415 561 1462 et
583 1406 841 1461 turbinis.
880 1424 899 1456 ι
933 1402 1098 1458 Tuba:
1130 1404 1314 1473 itaque
1341 1402 1497 1471 signo
1534 1401 1682 1468 dato,
1720 1401 1876 1472 juxta
1903 1401 2068 1455 ritum

504 1496 827 1566 legitimum,
863 1495 968 1567 75
997 1504 1224 1549 cunctos
1262 1493 1331 1548 ad
1384 1492 1604 1547 Sionem
1652 1498 1893 1547 montem
1936 1504 2071 1546 con-

506 1596 743 1658 gregate,
800 1587 892 1641 ubi
920 1586 1053 1641 mihi
1086 1587 1292 1641 cultum
1324 1584 1569 1641 exhiberi
1624 1598 1743 1639 mos
1789 1590 1907 1648 est;
1957 1580 2072 1636 illic

507 1694 683 1732 meam
710 1678 1063 1748 implorantes
1084 1675 1536 1739 misericordiam,
1559 1674 1687 1744 quia
1705 1672 1849 1726 haud
1881 1669 2067 1741 procul

506 1777 591 1825 est
620 1783 781 1838 quam
829 1766 972 1823 Deus
1007 1768 1371 1821 comminatus
1400 1774 1485 1820 est
1514 1763 1653 1829 dies,
1688 1778 1809 1833 qua:
1842 1771 2070 1817 cunctos

507 1858 751 1914 tenebris
785 1864 946 1927 atque
992 1856 1222 1927 caligine
1260 1855 1480 1926 Opplere
1512 1854 1656 1924 potis
1683 1862 1802 1919 est;
1841 1853 1977 1907 adeo
2010 1860 2069 1905 ut

506 1951 690 2005 videre
717 1949 852 2003 nihil
905 1948 1140 2019 possint,
1173 1956 1361 2017 utpote
1390 1946 1553 2001 rebus
1588 1945 1843 2001 omnibus
1872 1944 2070 2001 nebula

508 2058 571 2096 ac
595 2041 813 2096 turbine
843 2039 1139 2094 obvolutis.
1183 2037 1348 2093 Recte
1369 2048 1547 2092 autem
1575 2037 1642 2090 ad
1669 2036 1885 2091 Sionem
1918 2052 2072 2091 mon-

506 2144 614 2188 tem
645 2148 834 2187 omnes
868 2132 1116 2194 advocat,
1160 2131 1215 2184 in
1244 2146 1353 2200 quo
1382 2130 1464 2183 lex
1503 2128 1737 2184 Mosaica
1765 2130 1867 2183 coli
1900 2128 2070 2184 Deum

508 2223 709 2279 debere
738 2222 1042 2277 constituit.
1094 2220 1274 2286 Quare
1299 2230 1353 2274 et
1381 2219 1567 2275 decem
1605 2219 1780 2273 tribus
1810 2219 2072 2275 derelicto

507 2313 612 2368 loci
649 2313 770 2382 ejus
807 2312 995 2367 divino
1040 2312 1213 2375 cultu,
1266 2310 1521 2380 juvencis
1568 2308 1865 2364 secundum
1919 2307 2073 2364 Jero—

508 2403 690 2457 boami
720 2403 1031 2465 consilium,
1062 2400 1311 2457 eumdem
1337 2400 1669 2455 detulerunt.
1703 2398 1857 2454 Nunc
1888 2400 2072 2468 itaque

507 2494 779 2557 hortatur,
813 2499 871 2547 ut
917 2492 984 2547 ab
1012 2492 1223 2547 insania
1252 2492 1340 2545 illa
1370 2491 1704 2554 recedentes,
1737 2490 1803 2544 ad
1851 2491 2072 2544 Sionem

508 2592 745 2638 montem
785 2583 1103 2654 respiciant,
1161 2591 1215 2637 et
1259 2582 1325 2636 ad
1374 2582 1735 2637 universalem
1783 2580 2072 2636 Dominum

505 2674 582 2729 ibi
608 2675 711 2729 coli
747 2674 983 2743 jnssum,
1020 2686 1077 2729 ut
1109 2674 1189 2729 sic
1218 2675 1286 2729 ab
1324 2674 1736 2729 imminentibus
1780 2673 1884 2728 sibi
1916 2673 2073 2726 malis

506 2766 723 2820 liberari
760 2766 1071 2835 impetrent.
1102 2765 1309 2821 Revera
1340 2765 1445 2820 hoc
1488 2766 1784 2836 contigisse
1809 2766 1912 2820 sub
1940 2762 2074 2819 Sen-

504 2857 839 2921 naclaerimo,
893 2854 1123 2911 Ezechia
1159 2868 1417 2927 regnante
1447 2857 1500 2910 in
1530 2856 1735 2921 Judaea,
1768 2858 1912 2912 illius
1967 2858 2073 2911 loci

503 2948 704 3003 incolis
750 2947 1059 3017 comperire
1111 2957 1213 3002 est.
1276 2946 1485 3013 «Quasi
1536 2963 1696 3003 mane
1736 2948 2075 3018 expattdelut‘

504 3051 670 3106 super
703 3044 916 3092 montes
943 3037 1177 3107 p0pulus
1207 3039 1409 3094 multus
1452 3046 1507 3093 et
1556 3037 1745 3093 fortis:
1798 3039 1994 3094 similis
2023 3039 2072 3093 ei

503 3142 614 3182 non
639 3128 739 3182 fuit
769 3144 798 3181 a
826 3130 1045 3192 saeculo,
1072 3139 1127 3183 et
1147 3139 1271 3199 post
1301 3144 1425 3184 eum
1451 3146 1560 3184 non
1594 3129 1884 3200 adiicietur
1903 3146 2075 3200 usque

506 3218 573 3271 ad
590 3232 762 3272 annos
786 3217 839 3271 in
856 3219 1232 3287 generationes
1254 3218 1683 3289 generationum.
1698 3238 1717 3269 ι
1752 3218 1862 3275 Ceu
1886 3235 2064 3285 mane,

504 3298 650 3378 quod
684 3323 784 3362 suo
832 3316 1075 3377 tempore
1125 3309 1434 3365 universam
1464 3318 1694 3379 occupat
1725 3320 1945 3377 terram,
1986 3312 2070 3365 in-

504 3398 865 3454 numerabilis
894 3398 1113 3469 quidam
1160 3399 1396 3455 hostium
1438 3402 1670 3471 populus
1703 3402 2066 3467 superveniet,

505 3505 695 3545 omnes
740 3504 1014 3560 occupans
1064 3500 1300 3554 montes,
1352 3492 1437 3546 cui
1500 3507 1675 3562 neque
1724 3492 1919 3548 similis
1971 3493 2071 3548 fuit

505 3587 689 3640 antea,
734 3593 909 3647 neque
933 3578 1087 3633 facile
1115 3578 1221 3634 erit
1252 3587 1461 3650 postea.
1500 3599 1518 3630 ι
1543 3580 1682 3636 Ante
1720 3580 1913 3635 faciem
1951 3580 2070 3649 ejus

505 3671 650 3743 ignis
675 3686 896 3736 vorans,
928 3681 984 3725 et
1008 3679 1134 3741 post
1153 3687 1276 3725 eum
1300 3686 1535 3728 exurens
1559 3672 1795 3727 ﬂamma.
1817 3691 1835 3724 ι
1861 3673 2071 3727 Cuncta

506 3760 562 3815 in
600 3762 832 3817 circuitu
854 3777 1082 3819 ascensu
1102 3779 1203 3820 suo
1218 3763 1480 3830 destruet,
1514 3765 1658 3820 velut
1686 3765 1845 3836 ignis.
1875 3763 2070 3831 «Quasi

508 3852 703 3906 hortus
737 3852 1031 3921 voluptatis
1065 3861 1212 3907 terra
1232 3868 1417 3907 coram
1445 3869 1532 3918 eo,
1563 3863 1619 3909 et
1639 3862 1761 3925 post
1781 3870 1905 3909 eum
1926 3868 2073 3907 cam-

508 3959 611 4013 pus
658 3944 1002 3999 desolatus.»
1068 3944 1217 4010 Quos
1273 3946 1421 4001 locos
1475 3946 1713 4001 nondum
1759 3946 1978 4006 invasit,
2034 3945 2071 3998 ii

504 4035 756 4089 videnlur
804 4035 947 4090 haud
1005 4035 1167 4090 horto
1219 4035 1550 4099 dissimiles,
1609 4044 1720 4090 tum
1770 4035 2071 4091 incolarum

505 4126 876 4192 multitudine,
916 4136 1031 4180 tum
1072 4128 1340 4196 elegantia
1378 4128 1760 4183 aediﬁciorum:
1806 4137 2072 4182 verumta-

504 4233 626 4273 men
661 4230 781 4288 post
809 4220 953 4275 illius
978 4220 1294 4283 adventum,
1331 4228 1501 4274 totam
1524 4219 1670 4274 illam
1701 4220 1884 4274 statim
1912 4234 2076 4275 amm-

503 4308 729 4363 nitatem
758 4309 991 4365 deletam
1026 4309 1211 4365 videre
1239 4319 1344 4366 est.
1388 4329 1406 4362 ι
1426 4308 1611 4379 Neque
1649 4319 1733 4367 est
1761 4313 1853 4381 qui
1881 4310 1952 4366 sit
1988 4312 2074 4364 in-

502 4400 734 4453 columis
773 4401 841 4453 ab
876 4415 963 4455 eo.
986 4419 1004 4452 ι
1052 4400 1273 4457 Difficile
1295 4416 1425 4472 ergo
1457 4410 1541 4457 est
1570 4416 1896 4471 quemquam
1927 4401 2073 4455 illius

502 4487 762 4556 impetum
786 4489 1043 4558 effugere.

574 4761 682 4831 '76
721 4759 887 4817 Vsus.
926 4761 1043 4819 6-8.
1086 4793 1153 4803 -
1194 4785 1211 4815 ι
1238 4764 1405 4831 Quasi
1468 4780 1723 4838 aspectus
1782 4785 2070 4839 equorum,

502 4860 761 4919 aspectus
787 4868 978 4905 eorum
1005 4868 1017 4903 :
1047 4862 1100 4907 et
1126 4854 1283 4923 quasi
1313 4857 1608 4925 equitatus,
1637 4860 1716 4913 sic
1742 4856 2074 4929 perseqlten-

503 4950 613 4994 tur.
645 4941 799 4996 Sicut
829 4946 1043 4999 sonitus
1068 4961 1332 5001 curruum
1364 4964 1527 5018 super
1554 4950 1783 5005 vertices
1808 4949 2071 5005 montium

502 5034 774 5097 exsilient,
806 5045 861 5088 et
896 5037 1041 5091 sicut
1072 5040 1285 5094 sonitus
1309 5039 1539 5095 ﬂamma:
1567 5041 1708 5111 ignis
1754 5040 2070 5097 devorantis

502 5122 782 5192 stipulam,
812 5135 866 5179 et
897 5125 1042 5179 velut
1069 5127 1303 5197 populus
1344 5129 1550 5184 multus
1581 5143 1644 5183 ac
1676 5128 1835 5184 fortis
1865 5129 1918 5182 in
1955 5127 2072 5183 acie

502 5215 833 5287 instructus.
858 5233 876 5267 ι
941 5214 1239 5281 Particula,
1274 5236 1292 5269 ι
1319 5216 1484 5283 sicut,
1512 5233 1532 5268 ι
1559 5232 1668 5273 non
1698 5217 2072 5275 similitudinis

501 5320 669 5360 causa
691 5305 931 5375 ponitur.
956 5305 1049 5362 sed
1079 5310 1371 5364 narrative.
1396 5304 1662 5371 Qualeest
1681 5310 1813 5366 illud
1837 5324 1852 5364 :
1873 5330 1892 5364 ‹
1918 5309 2073 5366 Sicut

505 5397 741 5470 (quam)
833 5398 1011 5453 bonus
1060 5398 1244 5455 lsraeli
1270 5398 1560 5467 ⁸Βουεεκι
1621 5416 1742 5474 pro,
1782 5422 1801 5453 ‹
1825 5401 2023 5457 bonus.
2048 5420 2067 5454 ι

612 5533 655 5564 ³⁹
687 5534 827 5589 Psal.
852 5550 1022 5600 Lxxn,
1050 5534 1103 5587 1.

583 5646 699 5717 (lt)
740 5644 1001 5703 Videmus
1024 5646 1309 5717 pulchram
1336 5645 1620 5713 lectionem
1652 5647 2069 5717 συναχθήτωσαν

509 5716 884 5786 conﬁrmatam
920 5732 949 5769 a
991 5716 1354 5786 subsequente
1385 5716 1931 5783 commcntario,nec
1960 5732 2063 5771 non

514 5787 570 5843 in
612 5785 737 5843 lect.
781 5800 896 5842 var.
934 5786 1106 5844 Graec.
1139 5787 1279 5859 apud
1327 5786 1627 5859 polyglott.,
1657 5802 1755 5859 pro
1793 5791 2066 5846 communi

2168 670 2305 740 ὕδωρ
2359 668 2421 721 οὐ
2454 668 2769 737 δυναμένων
2809 669 3135 738 ἐκπέμπειν·
3173 668 3292 725 εἶτα
3332 675 3398 743 τῇ
3439 672 3733 742 πλατύτητι

2166 760 2411 831 δηλώσας
2436 760 2545 811 τῶν
2574 759 2758 813 κακῶν
2783 758 2843 811 τὸ
2871 760 3091 830 πλῆθος,
3114 761 3308 831 ἐπάγει
3337 763 3404 817 τὰ
3427 762 3595 834 ὅμοια
3626 764 3733 826 τοίς

2170 851 2566 924 προκειμένοις.

2814 944 2969 999 ΚΕΦ.
3010 944 3086 997 Β’.

2237 1034 2384 1104 Στίχ.
2418 1033 2563 1102 α’-γ’.
2588 1063 2658 1074 -—
2687 1051 2708 1087 ι
2734 1034 3035 1089 Σαλπίσατε
3066 1034 3320 1104 σάλπιγγι
3350 1038 3409 1088 ὲν
3442 1034 3605 1099 Σιὼν,
3637 1053 3735 1105 κη-

2172 1125 2365 1197 ρύξατε
2410 1127 2467 1179 ὲν
2503 1126 2617 1195 ὄρει
2679 1125 2820 1196 ἁγίῳ
2860 1142 2982 1196 μου,
3028 1126 3120 1178 καὶ
3161 1126 3581 1197 συναχθήτωσαν
3628 1127 3736 1197 (Η)

2168 1215 2365 1278 πάντες
2396 1217 2443 1268 οἰ
2470 1214 2842 1278 κατοικοῦντες
2867 1214 2965 1285 τὴν
2999 1215 3133 1286 γῆνο
3164 1218 3239 1284 (p.
3275 1216 3397 1275 415)
3428 1217 3562 1269 διότι
3598 1218 3736 1287 πάρ-

2168 1323 2315 1360 εστιν
2339 1309 2373 1376 ή
2398 1307 2582 1377 ήμέρα
2603 1306 2828 1377 Κυρίου’
2856 1306 2937 1359 ὃτι
2961 1305 3178 1376 ὲγγύςή
3203 1306 3383 1378 ἡμέρα
3404 1308 3636 1371 σκότους
3652 1310 3739 1362 καὶ

2166 1397 2385 1465 γνόφου,
2431 1395 2611 1466 ἡμέρα
2640 1393 2866 1464 νεφέλης
2915 1394 3010 1447 καὶ
3052 1394 3299 1465 ὁμίχλης.
3357 1416 3375 1448 ι
3426 1397 3507 1468 Τῇ
3556 1398 3740 1451 τοίνυν

2170 1483 2412 1558 σημασίᾳ
2436 1484 2535 1554 τῆς
2564 1482 2859 1551 σάλπιγγος
2905 1482 3043 1536 κατά
3086 1483 3145 1536 τὸ
3176 1484 3402 1555 νόμιμον
3434 1485 3557 1548 ἔθος
3587 1504 3739 1557 χρη-

2170 1575 2410 1646 σάμενοι,
2445 1573 2651 1637 πάντας
2674 1574 2766 1626 ἐπὶ
2795 1572 2857 1625 τὸ
2885 1572 3023 1628 Σιὼν
3070 1573 3403 1643 συναγάγετε
3435 1573 3587 1645 ὅρος,
3619 1575 3742 1628 ἔνθα

2172 1681 2261 1735 μοι
2283 1662 2379 1733 τὴν
2402 1662 2695 1734 θρησκείαν
2718 1662 3061 1717 ἀποδίδοσθαι
3094 1662 3234 1727 ἔθος·
3256 1665 3441 1718 αὐτόθι
3473 1664 3569 1718 τὸν
3598 1664 3747 1718 ἔλεον

2169 1754 2442 1818 αἰτοῦντες
2456 1755 2546 1808 τὸν
2562 1757 2721 1815 θεῖον,
2737 1753 2924 1825 ἐπειδὴ
2943 1755 3005 1808 οὐ
3024 1754 3211 1826 πόρρω
3229 1772 3292 1807 συ
3300 1756 3578 1827 μϐέὸηκεν
3603 1752 3740 1812 εἶναι

2100 1828 2144 1884 Β
2167 1846 2264 1918 τὴν
2284 1847 2480 1918 ἡπειλη
2490 1846 2653 1918 μένην
2683 1846 2809 1917 ὑμῖν
2832 1844 3042 1918 ἡμέραν
3057 1845 3208 1916 παρά
3233 1846 3327 1899 τοῦ
3361 1847 3518 1905 Θεοῦ.
3550 1850 3585 1919 ἢ
3616 1848 3739 1902 σκό-

2101 3159 2143 3218 C

2171 1957 2293 2003 τους
2308 1938 2585 2011 αὐτάρκης
2611 1939 2704 1991 καὶ
2722 1938 2919 2007 γνόφου
2945 1937 3151 2000 πάντας
3172 1937 3432 2008 πληροῦν,
3460 1939 3541 2002 ὡς
3573 1942 3635 1992 ἐν
3662 1956 3740 1993 νε-

2173 2031 2308 2104 φέλῃ
2330 2032 2435 2084 τινι
2464 2030 2556 2083 καὶ
2572 2029 2767 2101 ὁμίχλῃ
2784 2030 2959 2083 πάντα
2987 2028 3304 2082 καθεστῶτα
3316 2032 3445 2101 ὁρᾷν
3462 2032 3568 2099 οὐχ
3590 2032 3734 2093 οἴους

2171 2141 2231 2176 τε
2258 2124 2434 2185 ὄντας·
2469 2121 2647 2185 καλῶς
2679 2121 2735 2174 δὲ
2765 2122 2857 2174 ἐπὶ
2886 2119 3022 2174 Σιὼν
3054 2121 3177 2192 δρος
3201 2121 3444 2183 ἅπαντας
3473 2124 3658 2187 καλεῖ,
3686 2126 3741 2175 ἐν

2171 2209 2323 2286 ᾧπερ
2355 2215 2493 2268 κατά
2522 2213 2582 2267 τὸ
2614 2213 2904 2279 Μωσαῖκὸν
2944 2212 3065 2277 ἔθος
3091 2212 3484 2283 θεραπεύεσθαι
3514 2216 3743 2269 τέτακτο

2172 2308 2235 2361 τὸ
2256 2308 2427 2361 Θεῖον·
2455 2308 2532 2370 ὡς
2572 2309 2637 2361 ἂν
2670 2308 2763 2360 καὶ
2788 2307 2915 2369 τοὺς
2942 2306 3049 2357 τῶν
3091 2304 3225 2358 δέκα
3252 2303 3434 2373 φυλῶν
3460 2306 3741 2360 ἀπολελοι-

2174 2400 2341 2463 πότας
2370 2398 2466 2469 μὲν
2491 2399 2589 2469 τὴν
2613 2398 2801 2452 αὐτόθι
2838 2397 2932 2449 τοῦ
2969 2394 3124 2448 Θείου
3156 2395 3466 2465 θεραπείαν,
3499 2401 3625 2460 ταῖς
3653 2398 3740 2451 δα-

2177 2490 2367 2560 μάλεσι
2414 2489 2471 2542 δὲ
2517 2490 2657 2543 κατά
2698 2488 2794 2559 τὴν
2831 2486 2926 2540 τοῦ
2977 2485 3259 2557 Ἰεροὸοάμ
3300 2489 3741 2559 προσανέχοντας

2176 2579 2501 2653 συμϐουλὴν,
2520 2579 2772 2650 ὲντρέψῃο
2797 2579 2891 2632 νῦν
2912 2578 3042 2648 γοῦν
3061 2579 3161 2650 τῆς
3183 2578 3383 2649 μανίας
3396 2580 3743 2645 ἀποστάντας

2173 2672 2405 2741 ἐκείνης,
2436 2671 2570 2742 πρὸς
2592 2672 2653 2724 τὸ
2676 2670 2815 2724 Σιὼν
2846 2671 2970 2741 ὅρος
2995 2670 3142 2734 ίδεῖν,
3171 2669 3381 2723 καὶτὸν
3417 2670 3510 2723 τοῦ
3540 2673 3739 2735 παντὸς

2182 2763 2385 2834 Κύριον
2431 2762 2615 2815 αὐτόθι
2671 2759 3071 2833 θεραπεύεσθαι
3123 2760 3465 2831 τεταγμένον,
3503 2762 3569 2814 ἶν’
3603 2761 3743 2815 οὕτω

2173 2850 2280 2904 τῶν
2307 2849 2765 2921 προσδοκωμένων
2785 2849 2969 2911 αὐτοῖς
2984 2848 3171 2901 κακῶν
3193 2848 3406 2902 λάϐοιεν
3436 2848 3540 2919 τὴν
3567 2849 3739 2904 λύσινσ

2172 2941 2327 2995 τοῦτο
2354 2940 2462 3012 γάρ
2491 2940 2554 3011 δὴ
2581 2940 2674 2993 καὶ
2705 2939 3068 3012 προσγεγονὺς
3113 2939 3206 2993 ἐπὶ
3240 2940 3334 2993 τοῦ
3371 2939 3741 3010 Σενναχηρεὶμ

2185 3030 2425 3095 Ἐζεκίου
2469 3029 2839 3099 βασιλεύοντος
2882 3029 2982 3099 τῆς
3040 3028 3296 3093 Ἰουδαίας
3327 3031 3438 3093 τοῖς
3477 3030 3610 3099 περὶ
3654 3031 3742 3084 τὸν

2174 3123 2335 3175 τόπον
2364 3124 2567 3175 ἐκεῖνον
2592 3120 2852 3183 οἰκοῦσιν,
2877 3120 3026 3192 εὖροι
3055 3138 3139 3185 τις
3163 3120 3231 3174 ἂν
3260 3120 3556 3191 προδήλως.
3592 3140 3615 3172 ι
3658 3122 3741 3185 Ὠς

2175 3211 2367 3281 ὄρθρος
2398 3211 2686 3281 χυθήσεται
2710 3211 2800 3262 ἐπὶ
2825 3210 2893 3263 τὰ
2917 3209 3016 3280 δρη
3043 3209 3171 3272 λαὸς
3194 3209 3358 3272 πολὺς
3386 3210 3476 3263 καὶ
3501 3210 3737 3281 ἰσχυρός·

2169 3304 2348 3373 ὅμοιος
2381 3302 2529 3373 αὐτῷ
2574 3303 2634 3354 οὐ
2684 3303 2906 3371 γέγονεν
2944 3302 3053 3356 ἀπὸ
3076 3300 3171 3354 τοῦ
3219 3300 3430 3364 αἰῶνος*
3466 3303 3563 3354 καὶ
3616 3303 3735 3371 μετ’

2168 3395 2325 3448 αὐτὸν
2350 3394 2409 3447 οὐ
2435 3392 2995 3464 προστεθήσεται,ἒως
3013 3391 3148 3445 ἑτῶν
3164 3393 3242 3455 εἰς
3262 3391 3452 3461 γενεὰς
3470 3393 3735 3460 γενεῶν.)

2172 3491 2259 3556 (p.
2292 3486 2409 3556 1M)
2439 3486 2602 3554 Δίκην
2634 3485 2741 3554 γὰρ
2772 3482 2965 3555 ὄρθρου
2994 3483 3134 3537 κατά
3176 3484 3265 3536 τὸν
3305 3484 3500 3537 οἰκεῖον
3544 3484 3741 3554 καιρὸν

2170 3578 2382 3632 ἅπασαν
2415 3575 2796 3646 πληρώσαντος
2826 3575 2923 3645 τὴν
2953 3576 3089 3644 γῆν,
3128 3572 3490 3647 ἀναρίθμητός
3524 3591 3609 3637 τις
3652 3577 3743 3626 ἐπ-

2171 3670 2444 3723 ελεύσεται
2467 3667 2591 3730 λαδς
2611 3666 2720 3719 τῶν
2747 3666 3017 3736 πολεμίων
3043 3666 3257 3720 ἅπαντα
3277 3664 3493 3736 πληρῶν
3518 3665 3586 3717 τά
3617 3666 3739 3738 δρη,

2170 3754 2213 3828 ᾧ
2260 3762 2395 3831 μήτε
2438 3758 2624 3826 γέγονε
2669 3757 3041 3828 παραπλήσιος
3092 3757 3389 3827 πρότερον,
3457 3756 3574 3809 ἀλλ’
3621 3758 3741 3809 οὐδὲ

2173 3853 2323 3905 ἔσται
2350 3849 2563 3922 ῥᾳδίως.
2601 3869 2618 3899 ι
2660 3848 2738 3901 Τά
2764 3848 3070 3919 ἔμπροσθεν
3094 3847 3267 3905 αὐτοῦ
3287 3847 3398 3921 πῦρ
3427 3848 3737 3912 ἀναλίσκον,

2174 3943 2364 3996 καὶτὰ
2406 3941 2584 3993 ὀπίσω
2616 3938 2783 3993 αὐτοῦ
2826 3940 3170 4010 ἀναπτομένη
3216 3938 3365 4008 φλόξ.
3428 3955 3447 3988 ι
3486 3938 3738 3991 Ἀπαντα

2174 4032 2431 4087 κυκλόθεν
2460 4030 2547 4083 διὰ
2582 4030 2682 4098 τῆς
2724 4029 2931 4090 οἰκείας
2962 4028 3265 4090 ὲπιὸἀσεως
3295 4027 3547 4094 ἀφανιεῐ,
3578 4025 3737 4094 δίκην

2174 4122 2362 4194 πυρός.
2400 4141 2418 4173 ι
2470 4120 2560 4183 Ὧς
2603 4119 2927 4191 παράδεισος
2974 4115 3182 4188 τρυφῆς
3227 4116 3262 4184 η
3313 4115 3384 4184 γῆ
3431 4113 3741 4184 ἔμπροσθεν

2174 4213 2359 4283 αὐτοῦ,
2388 4214 2482 4267 καὶ
2506 4212 2574 4266 τά
2598 4211 2771 4265 ὀπίσω
2801 4207 2965 4263 αὐτοῦ
2996 4208 3178 4261 πεδίον
3201 4204 3532 4275 ἀφανισμοῦ.
3564 4223 3583 4256 ι
3628 4206 3733 4268 Οὓς

2179 4306 2275 4377 μὲν
2301 4304 2410 4375 γὰρ
2435 4302 2586 4357 οὐπω
2617 4303 2812 4365 τόπους
2842 4298 3191 4371 ἐπελήλυθεν,
3224 4298 3321 4352 ῐδοι
3344 4315 3427 4362 τις
3458 4297 3525 4351 ἂν
3554 4315 3743 4369 παρα-

2173 4400 2348 4453 δείσου
2390 4396 2554 4468 μηδὲν
2594 4394 2934 4458 ἀπεοικότας,
2969 4392 3047 4461 τῷ
3071 4408 3132 4444 τε
3167 4389 3361 4460 πλήθει
3386 4388 3494 4442 τῶν
3521 4389 3733 4442 οἰκούν-

2104 4490 2147 4543 D
2174 4510 2299 4553 των,
2327 4492 2422 4545 καὶ
2443 4488 2521 4559 τῷ
2550 4488 2658 4542 τῶν
2695 4485 3140 4557 οἰκοδομημάτων
3176 4482 3379 4538 κάλλει·
3410 4498 3728 4553 παραγεγο-

501 4576 649 4640 νότος
677 4578 753 4634 δὲ.
782 4578 973 4649 ἁθρόον
1002 4580 1217 4635 άπασαν
1258 4582 1470 4652 ἐκείνην
1498 4583 1894 4656 ἀφανιζομένην
1918 4585 2062 4638 ἔστιν
2090 4586 2217 4638 ἰδεῖν
2237 4585 2335 4654 τὴν
2363 4583 2714 4654 εὐπρέπειαν.
2774 4598 2793 4632 ι
2833 4580 2942 4632 Καὶ
2986 4577 3391 4648 ἀνασωζόμενος
3436 4576 3539 4627 οὐκ
3588 4575 3737 4627 ἐστιν

500 4671 587 4722 ἐπ’
610 4669 793 4722 αὐτοῦ.
818 4689 836 4719 ι
867 4671 1113 4725 Χαλεπόν
1136 4672 1187 4741 γ’
1216 4669 1309 4726 οὖν
1347 4693 1448 4729 τινι
1474 4674 1751 4745 διαφυγεῖν
1777 4679 1872 4748 τὴν
1895 4677 2070 4749 ὁρμὴν
2090 4676 2187 4746 τήν
2225 4674 2454 4727 ἐκείνου.

2238 4765 2384 4836 Στίχ.
2416 4763 2547 4832 δ’-η’.
2582 4793 2652 4803 --
2693 4780 2711 4812 ι
2764 4762 2850 4825 Ὠς
2877 4762 3063 4832 ὅρασις
3112 4760 3313 4825 ἵππων,
3344 4762 3377 4832 ή
3417 4761 3607 4831 ὅρασις
3634 4760 3735 4813 αύ-

2168 4857 2294 4909 τῶν·
2329 4856 2421 4909 καὶ
2465 4854 2539 4915 ὡς
2587 4854 2772 4915 ἵππος,
2801 4849 2944 4903 οὕτω
2978 4848 3418 4914 καταδιώξονταιο
3464 4850 3540 4911 ὼς
3586 4850 3737 4919 φωνὴ

2170 4946 2427 5019 ἁρμάτων
2457 4944 2547 4996 ἐπὶ
2573 4943 2669 5005 τάς
2691 4940 2932 5012 κορυφάς
2948 4940 3054 4993 τῶν
3072 4940 3240 5011 ὀρέων
3264 4939 3574 5006 ὲξαλοῦνται
3600 4954 3615 4969 ’
3642 4938 3751 4993 καὶ

2168 5041 2246 5102 ὡς
2284 5036 2434 5107 φωνὴ
2483 5033 2677 5104 φλογὸς
2710 5033 2881 5103 πυρὸς
2922 5032 3311 5101 κατεσθιούσης
3336 5029 3609 5099 καλάμην
3643 5028 3737 5082 καὶ

2172 5131 2246 5193 ὼς
2272 5128 2396 5192 λαὸς
2432 5127 2597 5188 πολὺς
2630 5123 2724 5178 καὶ
2769 5122 2984 5195 ἰσχυρὸς
3029 5121 3511 5192 παρατασσόμενος
3540 5119 3620 5180 εἰς
3648 5117 3747 5169 πόι

2171 5221 2354 5291 λεμον.
2388 5237 2407 5269 ι
2455 5216 2548 5279 Τὸ,
2589 5235 2607 5267 ι
2637 5215 2732 5279 ὡς,
2764 5232 2782 5263 ι
2829 5213 2889 5267 οὐ
2922 5212 3062 5266 κατὰ
3094 5213 3354 5283 ὁμοίωσιν
3384 5210 3553 5277 λέγει,
3602 5207 3734 5261 ἀλλά

2173 5309 2316 5364 κατά
2358 5308 2650 5377 ἀφήγησιν·
2691 5299 2802 5357 οἷόν
2833 5304 2948 5356 ἐστι
2990 5302 3071 5369 τὸ,
3110 5323 3128 5355 ι
3151 5303 3237 5367 Ὠς
3266 5301 3378 5373 (15)
3417 5299 3616 5368 ἀγαθὸς
3653 5298 3734 5369 τῷ

2186 5399 2403 5472 Ἰσραὴλ
2432 5399 2461 5451 ό
2482 5397 2632 5462 Θεὸς,
2672 5414 2691 5447 ι
2729 5394 2852 5449 ἀντὶ
2879 5392 2995 5460 τοῦ,
3036 5414 3055 5447 ε
3076 5392 3348 5479 ρ’Δγαθός·
3389 5411 3407 5443 ι
3444 5390 3603 5445 τοῦτο
3632 5389 3740 5462 γὰρ

2174 5647 2616 5716 συγχυθήτωσαν.

2244 5714 2355 5787 (l5)
2387 5714 2523 5772 Pace
2551 5730 2661 5781 tua,
2689 5715 2997 5785 Theodore,
3022 5717 3110 5775 aio
3135 5715 3305 5775 videri
3329 5715 3459 5775 mihi
3486 5715 3587 5773 hoc
3620 5714 3744 5771 loco

2175 5790 2249 5854 ὡς
2279 5788 2602 5858 particulam
2632 5786 2963 5846 admirandi.
