3954 6550
162 424 261 479 29.1

1198 438 1748 500 COMMENTARIUS
1779 443 1848 498 IN
1882 443 2114 502 JOELIS
2148 444 2302 500 CAP.
2334 442 2396 501 ll.

3291 442 3410 498 ,2Ξῖ

169 538 233 612 δὴ
259 542 535 599 κάνταῦθα
564 545 709 614 λέγει
729 564 742 577 ·
772 547 855 601 ὅτι
888 548 1087 618 πολλὴν
1123 551 1223 621 μὲν
1253 552 1400 607 ἐστιν
1435 555 1561 609 ἰδεῖν
1584 556 1733 628 αὑτῷ

1839 558 1895 613 Id
1925 560 2070 614 enim
2098 560 2263 615 etiam
2316 561 2418 615 hoc
2447 560 2568 614 loco
2595 558 2749 623 dicit,
2781 560 3010 614 multum
3044 573 3238 629 nempe
3274 576 3410 615 con-

165 634 475 705 προσοῦσαν
508 637 607 708 τὴν
643 638 834 691 ἵππον·
870 640 947 708 (p.
986 640 1109 710 115)
1151 642 1373 715 φοϐεροὶ
1412 646 1469 699 δέ
1506 664 1648 712 τινες
1680 651 1730 702 οἱ

162 725 256 779 ἐπὶ
286 727 398 781 τῶν
435 728 615 781 ῖππων
650 730 964 795 ἐλαύνοντες
990 734 1129 787 κατά
1166 735 1274 788 τῶν
1314 739 1594 793 ἐναντίων·
1636 740 1734 812 ἆρ-

165 817 314 885 ματά
352 833 413 870 τε
449 817 600 889 αὑτῷ
636 818 865 873 πλεῖστα
899 820 1026 891 ἄχρι
1055 821 1165 876 τῶν
1213 826 1561 897 ὑψηλοτάτων
1590 829 1733 900 χρώ-

163 922 305 975 μενα
321 909 445 970 ταῖς
471 908 714 975 ἐφόδοις·
752 911 1041 965 άπεοίκασί
1076 930 1133 966 τε
1166 915 1319 968 οὐδὲν
1350 919 1519 989 πυρὸς
1554 922 1734 976 ἐπινε-

164 998 403 1067 μομένου
426 998 695 1070 καλάμην,
720 1000 892 1065 οὕτως
924 1002 1166 1069 ἅπαντας
1204 1007 1450 1073 ἐπιόντες
1477 1010 1570 1075 οὒς
1606 1011 1732 1082 βού-

158 1084 344 1140 λονται
359 1087 574 1151 τόπους·
592 1090 701 1142 εἰσὶ
717 1090 824 1161 γὰρ
841 1091 1022 1145 πολλοί
1036 1110 1179 1157 τινες
1197 1095 1291 1149 καὶ
1310 1096 1449 1164 ἄγαν
1475 1097 1730 1169 ἀνδρεῖοι,

157 1180 362 1243 παντὸς
393 1182 590 1252 μᾶλλον
613 1184 693 1247 εἰς
716 1185 951 1255 πόλεμον
976 1191 1499 1259 παρεσκευασμένοι.
1535 1210 1554 1242 ι
1600 1192 1733 1245 Ἀπὸ

160 1277 458 1347 προσώπου
481 1279 645 1332 αὑτοῦ
678 1280 1122 1352 συντριϐήσονται
1141 1282 1281 1336 λαοί·
1313 1286 1420 1337 πᾶν
1443 1286 1734 1357 πρόσωπον

158 1369 234 1433 ὡς
266 1369 598 1440 πρόσκαυμα
626 1371 849 1443 χύτρας.
886 1392 905 1425 ›
940 1374 1233 1439 Πλείστους
1263 1378 1315 1444 γ’
1348 1373 1438 1431 οὖν
1475 1378 1551 1441 ὡς
1585 1380 1732 1445 εἰκὸς

157 1460 247 1514 διὰ
276 1461 379 1531 τῆς
402 1460 604 1525 οἰκείας
630 1463 805 1533 ὁρμῆς
834 1464 1170 1533 ἀφανιοῦσιν·
1195 1466 1335 1521 ὥστε
1361 1470 1535 1525 δοκεῖν
1561 1471 1732 1525 ἅπαν-

157 1569 257 1614 τας
282 1552 411 1615 τοῦς
445 1553 907 1618 ὑποπεπτωκότας
952 1557 1100 1627 αὑτῷ
1129 1559 1363 1613 ἐοικέναι
1412 1561 1584 1633 χύτρᾳ
1627 1563 1730 1616 ὑπὸ

158 1644 333 1716 πυρὸς
362 1646 847 1719 κατακεκαυμένῃ·
884 1648 979 1700 καὶ
1009 1649 1283 1719 ἐπιμένων
1308 1650 1386 1713 τῷ
1425 1652 1729 1723 διηγεῖσθαι

154 1736 225 1788 τά
258 1736 384 1789 κατ’
409 1737 590 1801 αὐτὸν,
631 1737 706 1801 ὡς
738 1738 805 1791 ἂν
846 1739 1066 1809 μείζονα
1094 1744 1206 1806 τοῖς
1234 1743 1521 1798 ἀκούουσιν
1549 1746 1727 1819 ἐνθείη

151 1827 248 1881 τδν
272 1827 461 1896 φόϐον·
492 1846 511 1879 ι
553 1829 640 1892 Ὦς
677 1832 914 1902 μαχηταὶ
933 1832 1285 1903 δραμοῦνται,
1323 1837 1415 1891 καὶ
1438 1837 1514 1901 ὡς
1539 1839 1731 1911 ἄνδρες

156 1919 483 1989 πολεμισταὶ
511 1920 871 1992 ἀναϐήσονται
897 1924 989 1976 ἐπὶ
1009 1924 1076 1977 τὰ
1092 1927 1268 1997 τείχη.
1302 1946 1320 1978 ι
1355 1929 1507 1981 Μετά
1529 1931 1731 2001 πολλῆς

158 2010 261 2081 μὲν
293 2010 553 2082 ὀξύτητος
582 2012 673 2065 ἐπὶ
698 2012 797 2076 τὰς
822 2014 999 2084 μάχας
1020 2017 1255 2088 ὁρμῶσι·
1291 2020 1431 2089 μετά
1451 2021 1649 2076 πολλοῦ
1673 2024 1730 2078 δέ

154 2102 251 2155 τοῦ
284 2103 521 2172 θράσους
547 2103 641 2157 καὶ
664 2106 777 2167 τοῖς
810 2105 1045 2176 τείχεσιν
1083 2108 1464 2166 ἐπελεύσονται
1490 2115 1598 2169 τῶν
1632 2116 1734 2168 πό-

155 2194 314 2257 λεων,
349 2194 474 2247 οὐδὲ
512 2195 610 2265 τὴν
634 2195 842 2249 ἐκεῖθεν
870 2198 1209 2271 ὑφορώμενοι
1240 2200 1463 2274 βλάϐην.
1499 2222 1516 2256 ι
1559 2206 1730 2259 Ἕκα-

156 2303 288 2348 στος
314 2286 374 2338 ἐν
397 2290 465 2357 τῇ
488 2284 650 2340 αὑτοῦ
676 2287 777 2356 ὀδῷ
801 2289 1107 2360 πορεύεται,
1134 2293 1229 2345 καὶ
1251 2294 1313 2346 οὑ
1347 2296 1421 2366 μὴ
1446 2296 1732 2351 ἐκκλίνωσι

155 2377 258 2441 τὰς
281 2377 502 2448 τρίϐους
524 2377 707 2443 αὑτοῦ,
727 2382 817 2434 καὶ
836 2381 1063 2447 ἕκαστος
1078 2385 1187 2438 ἀπὸ
1204 2385 1298 2439 τοῦ
1325 2388 1552 2457 ἀδελφοῦ
1569 2391 1730 2444 αὑτοῦ

155 2469 257 2522 οὐκ
281 2469 562 2538 ἀφέξεται.
596 2490 615 2521 ι
638 2473 1061 2545 Συντεταγμένοι
1080 2476 1372 2548 κέχρηνται
1392 2480 1470 2551 τῷ
1492 2482 1730 2553 πολέμῳ,

153 2558 373 2622 οὐδενὸς
415 2560 565 2624 δεξιά
620 2561 740 2615 οὐδὲ
794 2564 1058 2635 ἀριστερά
1104 2568 1438 2633 ἐκκλίνοντος
1491 2572 1729 2627 πώποτε·

154 2650 272 2702 ἀλλ’
296 2651 531 2704 ἑκάστου
578 2652 674 2723 μὲν
701 2654 798 2726 τήν
827 2655 1135 2728 ὡρισμένην
1162 2676 1223 2711 τε
1273 2662 1367 2715 καὶ
1397 2666 1733 2735 τεταγμένην

152 2744 414 2808 ἀνύοντος
450 2745 587 2798 ὁδόν·
619 2745 836 2800 πάντων
860 2747 922 2817 δὴ
959 2749 1095 2819 μετά
1133 2751 1336 2822 πολλῆς
1367 2754 1467 2823 τῆς
1506 2772 1723 2827 συμφω-

153 2836 277 2899 νίας
303 2837 402 2887 ἐπί
425 2836 517 2890 τὸν
543 2836 777 2907 πόλεμον
802 2837 899 2908 τὴν
925 2840 1101 2910 ὁρμὴν
1125 2844 1478 2912 ποιουμένων.
1504 2848 1578 2916 (p.
1612 2850 1733 2909 illi)

158 2944 178 2976 ι
225 2924 741 2996 Καταϐαρυνόμενοι
779 2928 839 2979 ἐν
865 2930 976 2990 τοῖς
1002 2929 1186 2993 ὅπλοις
1227 2933 1406 2985 αὐτῶν
1439 2936 1733 3007 πορεύσον-

152 3036 265 3081 ται,
295 3019 394 3071 καὶ
422 3020 481 3070 ἐν
507 3021 618 3083 τοῖς
650 3019 857 3089 βέλεσιν
888 3021 1066 3074 αὑτῶν
1096 3024 1407 3093 πεσοῦνται,
1440 3028 1534 3082 καὶ
1562 3031 1622 3082 ού
1658 3033 1732 3104 μὴ

153 3107 604 3163 συντελεσθῶσιν.
640 3128 659 3161 ι
689 3111 958 3177 Μέγιστον
984 3113 1078 3164 καὶ
1098 3113 1287 3167 τοῦτον
1310 3117 1445 3188 πρὸς
1465 3120 1735 3187 ἀπόδειξιν

150 3199 250 3252 τοῦ
280 3199 421 3270 πρὸς
453 3199 685 3270 πόλεμον
711 3202 1189 3272 παρεσκευάσθαι,
1230 3206 1291 3258 τὸ
1340 3208 1477 3278 μηδέ
1517 3211 1733 3265 πώποτε

151 3291 267 3343 τῶν
298 3290 486 3344 ὃπλων
510 3291 615 3357 ἔξω
651 3291 897 3360 γίνεσθαι
932 3294 1040 3346 τῶν
1076 3296 1312 3349 οἰκείων·
1346 3298 1503 3353 τοῦτο
1521 3301 1630 3374 γὰρ
1660 3303 1738 3356 λέ-

151 3401 244 3452 γει
288 3383 387 3447 τὸ,
418 3382 556 3438 Οῦτε
596 3384 1002 3456 ὁδοιποροῦντες
1046 3387 1393 3444 ἀποτίθενται
1446 3394 1516 3445 τά
1559 3394 1735 3458 ὅπλα,

156 3476 312 3545 ἥδιον
337 3475 517 3528 αὐτῶν
544 3476 857 3547 ἀνεχόμενοι
883 3476 975 3530 τοῦ
1007 3477 1227 3549 βάρους,
1255 3482 1288 3551 ἢ
1321 3483 1508 3538 ἄοπλοι
1535 3485 1743 3541 δεικνύ-

159 3583 313 3635 μενοι
339 3567 457 3629 τοῖς
496 3566 715 3635 ὁρῶσιν·
760 3565 882 3620 οὔτε
922 3569 970 3620 εἰ
1001 3568 1136 3638 πρὸς
1182 3570 1485 3627 ἀνάπαυσιν
1533 3575 1736 3629 νεύοιέν

156 3673 314 3719 ποτε,
352 3656 459 3720 ἔξω
479 3655 586 3709 τῶν
615 3656 795 3711 ὃπλων
832 3656 1107 3725 γίγνονται
1138 3659 1251 3713 τῶν
1275 3662 1508 3715 οἰκείων·
1539 3666 1599 3718 τὸ
1628 3668 1736 3737 γὰρ

1762 3265 1805 3321 C

1840 652 1976 721 spici
2002 651 2349 706 comitantem
2389 652 2437 707 ei
2458 651 2780 721 equitatum.
2832 651 2969 707 Sunt
3006 660 3186 707 autem
3217 652 3253 705 ii
3298 662 3409 707 tcr-

1839 742 2025 799 ribiles
2086 744 2180 813 qui
2239 744 2396 814 equis
2461 745 2762 801 insidentes
2814 746 3032 800 irruunt
3093 747 3146 801 in
3198 748 3403 803 hostes.

1837 832 2044 888 Currus
2083 835 2208 890 item
2246 836 2295 892 ei
2339 834 2580 904 plurimi,
2615 851 2787 905 usque
2815 836 2881 889 ad
2922 838 3176 892 sublimia
3212 839 3410 894 decur-

1836 934 2036 979 rentes.
2066 924 2209 979 Nihil
2256 940 2420 996 porro
2462 924 2719 980 differunt
2760 927 2829 981 ab
2857 928 2979 995 igne
3018 931 3273 998 stipulam
3313 930 3409 983 de-

1836 1026 2128 1083 pascente:
2190 1015 2326 1071 adeo
2378 1024 2608 1071 cunctos
2662 1033 2802 1086 quos
2860 1018 3051 1071 volunt
3108 1021 3409 1088 pervadunt

1838 1106 2012 1162 locos.
2061 1105 2284 1162 Plurimi
2327 1118 2457 1163 sunt
2499 1118 2551 1164 et
2583 1109 2815 1172 strenui,
2845 1120 3007 1179 atque
3055 1111 3300 1179 apprime
3340 1111 3407 1165 ad

1837 1198 2036 1253 bellum
2064 1199 2340 1256 instructi.
2370 1219 2389 1252 ι
2409 1200 2454 1255 Α
2474 1200 2611 1256 faeie
2632 1202 2805 1271 ipsius
2825 1209 3179 1256 conterentur
3197 1203 3403 1271 populi:

1837 1292 2015 1345 omnis
2044 1292 2228 1348 vultus
2250 1292 2409 1362 quasi
2433 1293 2650 1347 adustio
2672 1292 2812 1347 ollze.
2840 1310 2859 1343 ›
2902 1291 3176 1348 Plurimos
3199 1295 3403 1363 itaque,
3444 1293 3450 1299 ’

1838 1387 1896 1433 ut
1934 1395 2033 1449 par
2063 1388 2168 1444 est,
2219 1381 2423 1450 impetu
2456 1395 2558 1435 suo
2602 1380 2925 1446 destruent;
2982 1380 3117 1434 adeo
3142 1390 3199 1435 ut
3224 1381 3408 1435 cuncti

1838 1471 1942 1526 sub
1975 1487 2040 1526 eo
2089 1471 2348 1526 cadentes
2377 1472 2547 1525 visuri
2583 1473 2693 1527 sint
2725 1472 2846 1525 ollze
2875 1472 2943 1526 ab
2990 1472 3114 1542 igne
3145 1478 3301 1525 tostae
3332 1473 3408 1525 si-

1836 1561 2010 1616 miles.
2053 1559 2190 1615 Tum
2219 1577 2446 1631 pergens
2469 1561 2646 1616 adhuc
2676 1561 2743 1616 de
2764 1577 2829 1615 eo
2861 1562 3031 1631 loqui,
3066 1570 3124 1616 ut
3146 1562 3406 1631 majorem

1837 1652 2183 1707 audientibus
2217 1653 2667 1710 incutiatmetum
2695 1673 2709 1710 ε
2733 1674 2751 1706 ι
2784 1652 2852 1708 Ut
2872 1654 3186 1719 bellatores,
3207 1652 3405 1721 inquit,

1836 1751 2059 1799 current
2086 1762 2101 1809 ;
2137 1744 2295 1814 quasi
2322 1744 2422 1796 viri
2449 1756 2723 1813 pugnaces
2743 1743 2941 1796 muenia
2965 1741 3355 1797 eonscendent.
3382 1760 3401 1791 ι

1836 1836 2004 1891 Multa
2038 1852 2163 1890 cum
2193 1836 2470 1890 celeritate
2498 1835 2552 1888 in
2585 1834 2772 1904 praelia
2800 1842 3001 1901 ruent;
3055 1833 3222 1886 multa
3277 1835 3405 1886 item

1830 1944 1955 1984 cum
1986 1927 2217 1981 audacia
2246 1927 2463 1980 urbium
2495 1926 2667 1979 muris
2712 1924 2974 1989 insilient,
3028 1932 3213 1993 spreto
3259 1923 3410 1976 illinc

1831 2018 2015 2075 damni
2038 2019 2301 2088 periculo.
2335 2037 2353 2067 ι
2381 2014 2438 2069 In
2462 2030 2559 2070 sua
2576 2015 2808 2084 quisque
2823 2015 2909 2067 via
2933 2014 3201 2084 graditur,
3226 2027 3409 2082 neque

1832 2128 1863 2166 a
1900 2112 2119 2182 propria
2148 2109 2382 2165 deflectit
2412 2108 2627 2170 semita,
2671 2123 2771 2162 nec
2814 2122 2843 2160 a
2870 2105 3037 2160 fratre
3074 2121 3174 2160 suo
3226 2104 3407 2159 disce-

1832 2203 1930 2258 dit.
1962 2223 1980 2254 ι
2016 2201 2279 2257 Ordinata
2315 2208 2544 2255 utuntur
2564 2200 2700 2263 acie,
2745 2213 2904 2251 nemo
2930 2198 3275 2252 dextrorsum
3314 2204 3410 2250 aut

1833 2295 2218 2350 sinistrorsum
2244 2306 2476 2361 usquam
2503 2290 2741 2345 declinat
2762 2307 2777 2343 :
2798 2289 2892 2343 sed
2915 2289 3111 2358 singuli
3131 2287 3409 2342 definitam

1834 2386 2259 2455 imperatamque
2304 2390 2486 2436 terunt
2531 2383 2712 2435 viam:
2775 2394 2967 2434 omnes
3016 2394 3146 2433 vero
3192 2392 3409 2433 summa

1833 2476 2123 2531 concordia
2144 2475 2210 2528 ad
2244 2474 2495 2543 praelium
2534 2480 2719 2525 ruunt.
2771 2471 2992 2525 «Armis
3037 2470 3153 2524 suis
3200 2468 3410 2539 gravati

1834 2567 2103 2631 incedent,
2148 2576 2200 2620 et
2236 2567 2292 2619 in
2330 2565 2531 2634 jaculis
2563 2564 2678 2617 suis
2724 2563 2939 2624 cadent,
2988 2571 3043 2616 et
3082 2576 3188 2615 non
3216 2561 3413 2616 finien-

1835 2669 1942 2712 tur.
1972 2679 1989 2710 ι
2026 2658 2140 2713 Hoc
2188 2673 2407 2727 quoque
2465 2658 2756 2726 plurimum
2810 2655 3037 2709 interest
3073 2654 3147 2708 ob
3180 2654 3410 2708 demon-

1836 2748 2113 2803 strandam
2149 2748 2215 2802 ad
2246 2748 2445 2803 bellum
2486 2745 2992 2817 promptitudinem,
3039 2745 3229 2814 siquis
3267 2760 3413 2797 nun-

1835 2856 1997 2911 quam
2042 2851 2192 2895 extra
2230 2843 2446 2909 propria
2489 2853 2639 2891 arma
2684 2838 2770 2892 sit.
2813 2836 2952 2891 Dicit
2991 2837 3172 2890 enim:
3234 2834 3314 2888 Nc
3354 2835 3409 2888 in

1838 2934 2030 2988 itinere
2110 2933 2328 3003 quidem
2406 2945 2558 2983 arma
2621 2928 2922 2997 deponunt,
2989 2928 3246 2981 libentius
3302 2926 3407 2995 77

1835 3041 2022 3079 eorum
2047 3024 2258 3094 pondus
2293 3030 2564 3093 gerentes,
2590 3036 2752 3092 quam
2783 3036 2841 3075 se
2871 3022 3108 3075 inermes
3152 3028 3410 3089 spectan-

1837 3119 1987 3173 tibus
2018 3117 2377 3171 exhibentes:
2422 3132 2545 3169 nam
2592 3128 2767 3183 neque
2792 3114 2836 3169 si
2871 3112 3007 3166 forte
3056 3126 3280 3181 pausam
3311 3111 3411 3163 ali-

1837 3224 2002 3278 quam
2047 3207 2288 3278 capiant,
2331 3207 2449 3261 sine
2473 3206 2642 3259 armis
2691 3204 2808 3258 suis
2860 3210 3009 3257 sunt.
3055 3202 3287 3262 Etenim,
3318 3215 3411 3253 ca-

1839 3301 1988 3365 dent,
2023 3301 2205 3369 posuit
2245 3315 2363 3369 pro,
2419 3296 2701 3367 procident
2728 3305 2822 3349 aut
2845 3294 3197 3350 recumbent:
3228 3292 3411 3346 dicere

1838 3395 2048 3457 volens,
2086 3393 2231 3464 quod
2284 3392 2478 3445 armati
2530 3401 2583 3445 et
2637 3391 2899 3445 incedunt
2942 3397 2996 3443 et
3047 3387 3403 3442 recumbunt:

1840 3488 2070 3557 ideoque
2113 3485 2338 3555 pulchre
2384 3484 2609 3545 addidit,
2672 3494 2725 3538 et
2765 3499 2875 3538 non
2915 3482 3192 3546 ﬁnientur,
3234 3480 3287 3533 id
3324 3485 3410 3531 est

1839 3580 2046 3633 nullum
2078 3578 2235 3632 linem
2266 3577 2501 3631 bellandi
2543 3586 2866 3647 agnoscunt,
2911 3575 2964 3628 in
2992 3573 3160 3628 armis
3196 3585 3411 3641 semper

1841 3669 2157 3740 praeliisque
2174 3677 2506 3743 \Versanlttr.

156 3746 488 3811 πεσοῦνται,
508 3746 631 3800 ἀντὶ
655 3747 750 3801 τοῦ
774 3748 1169 3803 ἀναπεσοῦνται
1191 3750 1284 3803 καὶ
1309 3753 1757 3827 ἀνακλιθήσονται
1782 3760 1963 3829 λέγει·
2001 3760 2316 3830 βουλόμενος
2360 3761 2530 3812 εἰπεῖν
2554 3760 2634 3811 ὅτι
2669 3756 2806 3827 μετὰ
2849 3756 2955 3809 τῶν
3001 3754 3178 3808 ὅπλων
3202 3754 3295 3807 καὶ
3317 3769 3413 3805 πο-

157 3840 417 3911 ρεύονται
460 3841 554 3893 καὶ
598 3841 993 3897 ἀνακλίνονται’
1041 3842 1122 3896 διδ
1148 3843 1327 3908 καλῶς
1372 3848 1638 3918 ἐπήγαγε,
1666 3854 1759 3905 καὶ
1782 3855 1843 3907 οὑ
1874 3855 1949 3925 μὴ
1987 3852 2425 3906 συντελεσθῶσιν·
2458 3853 2578 3905 ἀντὶ
2608 3851 2699 3903 τοῦ
2719 3892 2733 3913 ,
2771 3849 2941 3919 πέρας
2973 3849 3073 3901 οὐκ
3108 3846 3283 3900 ίσασιν
3314 3844 3411 3899 τοῦ

165 3931 436 4002 πολέμου.
469 3932 699 3986 πάντοτε
724 3931 788 4004 δὴ
813 3934 869 3986 ἐν
897 3933 1082 3998 ὅπλοις
1106 3934 1165 3988 τέ
1188 3937 1292 3989 εἰσι
1324 3938 1418 3991 καὶ
1446 3940 1723 4012 πολέμοις.

226 4044 382 4114 Στίχ.
407 4044 571 4098 θ’-ια¹.
600 4076 668 4085 —
697 4061 717 4096 ι
755 4044 864 4116 Τῆς
890 4045 1095 4110 πόλεως
1123 4048 1497 4119 ἐπιλήψονται,
1528 4055 1619 4106 καὶ
1648 4056 1739 4109 ἐπὶ

148 4138 265 4191 τῶν
288 4136 520 4206 τειχέων
551 4136 729 4190 αὐτῶν
750 4137 1100 4208 δραμοῦνται,
1130 4140 1223 4193 ἐπὶ
1255 4142 1353 4206 τὰς
1374 4145 1577 4210 οἰκείας
1608 4148 1739 4200 ἀνα-

149 4229 443 4300 ϐήσονται,
489 4228 582 4281 καὶ
623 4227 709 4282 διὰ
754 4227 983 4300 θυρίδων
1034 4231 1428 4289 εἰσελεύσονται
1480 4238 1555 4301 ὡς
1610 4238 1736 4291 κλέ-

151 4338 313 4375 πται.
357 4338 377 4372 ι
414 4319 570 4373 Μετὰ
607 4319 807 4390 πολλῆς
846 4320 946 4391 μὲν
976 4323 1073 4392 τῆς
1114 4323 1393 4396 δυνάμεως
1430 4331 1736 4399 χειροῦνται

150 4412 257 4475 τάς
317 4411 539 4478 πόλεις,
593 4410 709 4464 οὐδὲ
754 4412 1072 4483 ἀνατρέχειν
1121 4416 1404 4482 ὀκνοῦντες
1455 4420 1591 4489 μετά
1630 4421 1738 4474 τῶν

154 4504 348 4556 ὃπλων
380 4504 474 4555 ἐπὶ
510 4500 580 4555 τὰ
603 4501 757 4574 τείχη
782 4517 795 4531 ⁸
827 4503 1231 4574 εἰσεληλυθότες
1266 4506 1320 4559 δέ
1357 4508 1573 4562 ἃπασαν
1612 4512 1735 4562 ἐπι-

150 4595 421 4662 νέμονται
452 4591 548 4663 τὴν
574 4593 746 4657 πόλιν,
773 4593 913 4647 ὥστε
936 4595 1056 4648 καθ’
1078 4597 1312 4669 ἐκάστην
1339 4600 1513 4653 οἰκίαν
1536 4601 1627 4654 καὶ
1651 4602 1738 4655 διὰ

155 4684 347 4756 θυρῶν
378 4685 474 4737 καὶ
503 4683 592 4737 διὰ
616 4684 845 4754 θυρίδων
870 4684 1128 4747 εἰσιέναι,
1162 4689 1255 4740 ἐπὶ
1294 4687 1373 4759 τῷ
1401 4690 1576 4743 πάντα
1606 4692 1739 4758 ἀφε-

153 4774 274 4827 λεῖν
299 4774 372 4827 τὰ
393 4772 613 4827 ἐνόντα·
644 4773 704 4827 τὸ
729 4774 858 4844 γὰρ,
892 4794 911 4827 ι
953 4775 1029 4840 ὡς
1062 4776 1307 4843 κλέπται,
1342 4800 1361 4831 ι
1395 4779 1551 4833 τοῦτο
1573 4781 1737 4849 λέγει,

151 4868 283 4923 ἀντὶ
308 4866 428 4933 τοῦ,
464 4866 556 4918 ἐπὶ
591 4863 669 4935 τῷ
714 4867 891 4920 πάντα
934 4867 1152 4937 ἀφελεῖν
1183 4871 1275 4925 καὶ
1306 4870 1518 4940 κλέψαι.
1570 4892 1587 4923 ι
1630 4874 1741 4944 Πρὸ

152 4958 463 5031 προσώπου
490 4956 655 5011 αὑτοῦ
686 4957 1088 5033 συγχυθήσεται
1125 4962 1158 5032 ή
1192 4965 1261 5033 γῆ
1289 5002 1303 5028 ,
1332 4967 1425 5016 καὶ
1456 4965 1737 5036 σεισθήσε-

149 5070 247 5106 ται
276 5054 311 5105 ὁ
344 5049 604 5122 οὐρανὸς,
639 5049 669 5103 ό
696 5049 848 5120 ήλιος
883 5052 976 5105 καὶ
1013 5054 1046 5122 ἠ
1081 5052 1277 5125 σελήνη
1320 5057 1736 5124 συσκοτάσουσι,

151 5144 237 5210 (p.
273 5142 301 5194 1
321 5141 407 5208 I7)
440 5141 534 5194 καὶ
565 5141 635 5195 τὰ
666 5141 842 5212 ἄστρα
880 5140 1101 5195 δύσουσι
1132 5143 1194 5197 τὸ
1234 5145 1434 5213 φέγγος
1463 5146 1662 5221 αὐτῶν.
1715 5166 1734 5198 ι

154 5236 354 5288 Ἔοικε
389 5234 487 5304 μὲν
527 5235 556 5287 ὁ
584 5234 867 5304 προφήτης
913 5233 1289 5306 ὑπερϐολικῶς
1320 5236 1388 5290 τά
1438 5237 1609 5291 πολλά
1650 5237 1739 5291 λέ-

148 5339 301 5389 γειν,
340 5322 423 5384 εἰς
464 5321 683 5390 μείζονα
728 5320 989 5393 ἔκπληξιν
1031 5322 1139 5376 τῶν
1184 5325 1518 5380 ἀκουόντων·
1551 5329 1737 5400 ἐπειδὴ

148 5413 325 5468 ὁποῖά
353 5414 475 5466 ποτ’
526 5412 594 5466 ἂν
699 5413 767 5465 τά
794 5411 1079 5483 λεγόμενα,
1114 5414 1358 5469 λείπεται
1394 5417 1502 5469 τῶν
1528 5416 1732 5489 ἔργων·

148 5505 323 5574 δῆλος
349 5503 407 5556 δέ
438 5504 551 5557 ἐστι
582 5502 879 5569 κάνταῦθα,
917 5504 976 5558 οὑ
1008 5504 1075 5557 τὰ
1121 5508 1360 5575 στοιχεῖα
1398 5506 1570 5574 λέγων
1605 5524 1735 5575 συγ-

150 5596 378 5667 χεῖσθαι
403 5597 498 5648 καὶ
524 5594 928 5666 μετατίθεσθαι,
958 5595 1072 5648 ἀλλ’
1101 5596 1287 5667 ἐπειδὴ
1313 5597 1425 5660 τοῖς
1464 5599 1523 5649 ἐν
1550 5600 1735 5661 κακοῖς

149 5684 574 5755 ἐξεταζομένοις
628 5683 759 5736 ἴδιόν
807 5684 924 5736 ἐστι
973 5685 1072 5748 τὰς
1114 5684 1410 5755 ὑπολήψεις
1462 5686 1596 5756 πρὸς
1639 5686 1737 5755 τὴν

153 5778 503 5848 κατέχουσαν
553 5776 904 5846 μεθίστασθαι
954 5776 1211 5840 πολλάκις
1256 5776 1533 5847 ἀνάγκην·
1581 5776 1737 5830 τοῦτο

150 5867 254 5928 οῦν
291 5871 466 5940 λέγει,
509 5868 593 5923 ὅτι
632 5870 939 5942 συγχύσεως
968 5871 1065 5942 μὲν
1098 5868 1459 5942 πληροῦνται,
1492 5868 1734 5934 ἐπιόντος

1771 4559 1812 4613 D

1914 4055 2083 4111 Vens.
2111 4055 2265 4110 9-H.
2296 4083 2365 4092 —-
2396 4072 2413 4103 ι
2447 4052 2642 4107 Urbem
2689 4052 2906 4120 capient
2934 4089 2948 4111 ,
2989 4058 3042 4103 et
3077 4063 3247 4118 super
3281 4032 3443 4102 mm?

1845 4145 1936 4199 nia
1984 4146 2103 4214 ejus
2150 4144 2493 4206 discurrent;
2546 4142 2739 4194 domos
2784 4138 3176 4203 conscendent,
3220 4143 3273 4191 et
3317 4150 3413 4204 per

1843 4234 2115 4290 fenestras
2162 4232 2448 4287 intrabunt
2475 4229 2631 4300 quasi
2673 4228 2847 4283 fures.
2895 4247 2913 4278 ι
2964 4226 3171 4297 Magnis
3202 4225 3413 4280 viribus

1845 4324 2009 4379 urbes
2064 4323 2319 4384 domant,
2385 4335 2563 4390 neque
2617 4334 2727 4372 non
2794 4315 2998 4371 audent
3055 4330 3280 4369 currere
3342 4313 3413 4367 ad

1845 4416 2043 4469 mmnia
2099 4429 2222 4469 cum
2283 4412 2470 4475 armis,
2524 4418 2578 4466 et
2638 4425 2733 4480 per
2779 4409 2977 4479 januas
3034 4407 3413 4477 fenestrasque

1844 4502 2079 4571 ingredi,
2108 4512 2165 4556 ut
2195 4500 2459 4570 quidquid
2502 4507 2585 4554 est
2626 4499 2775 4552 intus
2808 4496 3065 4553 auferant.
3094 4516 3107 4551 :
3138 4498 3243 4551 hoc
3268 4497 3410 4550 enim

1842 4593 2107 4662 significat
2154 4592 2377 4654 locutio,
2407 4610 2424 4641 ι
2461 4591 2616 4660 quasi
2668 4589 2850 4651 fures,
2885 4608 2902 4639 ›
2945 4604 3073 4658 pro,
3112 4588 3191 4641 Ad
3226 4587 3411 4641 omnia

1841 4684 2198 4739 auferendum
2234 4692 2286 4737 et
2319 4682 2632 4736 furandum.
2675 4700 2693 4732 ι
2742 4682 2785 4734 Α
2822 4680 2961 4735 facie
3007 4672 3128 4750 ejus
3171 4679 3410 4735 confun-

1841 4779 2000 4830 detur
2051 4784 2234 4841 terra,
2280 4774 2717 4829 commovebitur
2767 4773 3000 4839 malum,
3054 4772 3134 4827 sol
3186 4781 3239 4827 et
3285 4772 3411 4826 luna

1841 4866 2362 4930 obtenebrabuntur,
2404 4875 2457 4920 et
2500 4865 2671 4919 stella:
2717 4864 3016 4919 recondunt
3061 4865 3411 4935 splendorem

1841 4972 2022 5021 suum.
2081 4975 2099 5009 ι
2176 4955 2405 5011 Videtur
2486 4956 2753 5027 propheta
2819 4956 3169 5026 hyperbolice
3237 4956 3411 5009 multa

1841 5049 2044 5109 dicere,
2093 5061 2153 5101 ut
2196 5047 2402 5116 majore
2440 5046 2726 5104 audientes
2772 5048 2952 5117 pulset
2997 5054 3226 5101 terrore.
3273 5042 3411 5100 Nam

1841 5138 2173 5193 cuicuimodi
2221 5138 2333 5193 sint
2388 5137 2505 5192 haec
2554 5138 2741 5201 verba,
2790 5138 3000 5192 minora
3053 5138 3217 5192 rebus
3259 5146 3410 5191 sunt.

1838 5228 2081 5300 Apparet
2114 5237 2297 5283 autem
2336 5230 2437 5283 hoc
2470 5230 2634 5283 etiam
2664 5230 2784 5284 loco
2816 5230 3137 5300 prophetam
3169 5227 3310 5282 haud
3336 5227 3414 5282 ita

1842 5323 1986 5392 loqui
2007 5323 2162 5392 quasi
2184 5322 2450 5378 elementa
2474 5321 2883 5379 confundantur
2907 5334 2960 5378 et
2984 5322 3408 5389 transferantur,

1839 5416 1932 5470 sed
1989 5415 2117 5484 quia
2168 5429 2287 5469 mos
2337 5421 2422 5469 est
2467 5429 2657 5469 eorum
2712 5414 2805 5484 qui
2858 5414 3017 5468 malis
3059 5420 3410 5480 exercentur,
3486 5419 3495 5431 '

1837 5504 2036 5560 mentis
2087 5504 2239 5559 ideas
2283 5502 2351 5557 ad
2398 5506 2527 5558 snas
2579 5508 2879 5572 praesentes
2926 5514 3070 5566 saepe
3121 5497 3410 5568 angustias

1840 5596 2157 5651 transferre.
2193 5595 2335 5650 Dicit
2364 5594 2532 5666 igitur
2568 5593 2687 5649 fore
2722 5603 2782 5647 ut
2807 5591 3058 5647 homines
3087 5589 3405 5647 confusione

1839 5688 2173 5757 repleantur,
2210 5686 2442 5741 Domino
2472 5688 2525 5741 in
2551 5696 2752 5740 terram
2790 5685 3143 5740 adventante.
3177 5681 3408 5737 Videtur

1836 5792 1965 5846 ergo
2004 5776 2134 5840 illis,
2180 5776 2275 5847 qui
2313 5777 2442 5831 talia
2492 5792 2521 5829 a
2565 5775 2675 5830 Deo
2722 5775 2778 5830 in
2822 5784 2965 5831 terra
3013 5775 3316 5846 patiuntur,
3349 5778 3407 5828 et

1839 5868 2036 5925 caelum
2090 5870 2330 5938 concuti,
2364 5876 2417 5927 et
2459 5868 2541 5927 sol
2583 5882 2645 5925 ac
2669 5867 2797 5924 luna
2841 5877 2894 5926 et
2935 5867 3113 5925 sidera
3151 5868 3263 5939 jam
3291 5880 3403 5921 non
