3860 6570
501 412 611 471 225

1684 421 1771 476 ’ΠΙ
1783 422 2031 479 εουοιιι
2067 421 2553 479 MOPSUESTENI

3623 410 3737 470 ω

501 533 765 594 relucere,
817 530 1086 586 malorum
1136 532 1351 588 scilicet
1404 534 1675 603 gravitate
1731 535 2063 604 patientibus

2195 536 2329 590 μύτοῦ
2355 538 2424 589 τὰ
2464 533 2603 589 κατὰ
2627 535 2759 605 γῆν·
2795 532 2941 588 δοκεῖ
2968 536 3025 588 δὲ
3061 534 3172 600 τοῖς
3210 534 3269 587 ἐν
3385 531 3458 604 γῇ
3503 534 3735 591 τοιαῦτα

500 625 769 691 eripiente
801 623 942 678 lucis
970 638 1218 678 sensum.
1256 643 1275 676 ι
1317 625 1381 678 Et
1412 625 1669 681 Dominus
1697 626 1848 680 dabit
1880 641 2069 680 vocem

506 729 661 767 suam
701 722 829 766 ante
856 712 1049 767 faciem
1084 714 1360 769 exercitus
1396 717 1481 770 sui
1524 735 1539 771 :
1575 718 1704 786 quia
1742 718 1909 771 multa
1941 727 2071 773 sunt

505 805 667 859 nimis
685 812 864 858 castra
887 804 1030 873 ejus,
1056 806 1185 874 quia
1216 806 1376 869 fortia
1398 821 1561 877 opera
1594 809 1881 863 verborum
1903 809 2023 879 ejus
2052 825 2068 863 :

504 911 737 965 magnus
790 898 936 951 enim
995 899 1115 953 dies
1167 899 1424 963 Domini,
1490 918 1681 972 magna
1732 909 1788 957 et
1840 904 2072 961 illustris

504 989 683 1054 valde,
732 997 785 1041 et
815 990 941 1058 quis
981 990 1276 1045 sustinebit
1310 993 1475 1046 eam?
1514 1011 1533 1043 ι
1566 992 1846 1063 Loquetur
1877 1004 2074 1067 praeter

504 1076 652 1131 facta
700 1079 814 1133 hinc
866 1080 999 1149 ipse
1040 1082 1320 1145 Dominus,
1380 1084 1539 1152 cujus
1603 1087 1905 1151 voluntate,
1959 1088 2074 1142 haec

500 1182 729 1239 propter
766 1175 1017 1227 vestram"
1044 1176 1340 1243 nequitiam
1383 1177 1660 1245 patiemini
1698 1194 1712 1230 :
1747 1179 1856 1248 78
1881 1190 2076 1249 qnami

506 1265 695 1319 obrcm
735 1274 865 1320 tunc
900 1282 998 1323 vos
1045 1270 1309 1326 noveritis
1358 1280 1527 1325 totam
1582 1275 1720 1326 hanc
1773 1274 1892 1342 ejus
1954 1290 2077 1329 esse

508 1356 703 1420 aciem,
761 1357 921 1424 cujus
981 1360 1263 1413 voluntate
1317 1372 1585 1417 movetur.
1660 1364 1858 1419 Scietis
1913 1368 2075 1419 etiam

508 1455 709 1510 quanta
747 1445 818 1499 sit
858 1447 1145 1525 verborum
1170 1450 1289 1518 ejus
1318 1452 1423 1515 vis,
1459 1455 1587 1506 olim
1635 1455 1926 1523 loquentis,
1953 1470 2076 1510 cum

507 1548 607 1588 vos
643 1535 818 1590 verbis
853 1550 959 1589 non
990 1540 1318 1607 credebatis,
1343 1558 1462 1612 quae
1489 1553 1673 1612 postea
1710 1546 1763 1599 in
1792 1562 1903 1601 rem
1944 1560 2076 1601 con-

2172 628 2439 696 πάσχονσι
2466 626 2595 695 παρ’
2622 624 2807 692 αὐτοῦ,
2836 627 2929 680 καὶ
2955 630 2984 679 ό
3009 626 3236 696 οὐρανὸς
3270 626 3613 695 σαλεύεσθαι,
3634 630 3735 682 καὶ

2171 719 2200 771 ὁ
2222 717 2392 788 ἥλιος,
2422 719 2516 772 καί
2540 720 2575 789 ἡ
2604 718 2823 789 σελήνη,
2849 720 2943 771 καί
2966 718 3036 771 τά
3062 719 3237 790 ἄστρα
3270 719 3464 789 μηκέτι
3498 721 3734 789 φαίνειν,

2170 812 2273 883 τῆς
2291 812 2397 866 τῶν
2419 811 2604 866 κακῶν
2625 811 2921 883 βαρύτητος
2941 812 3345 884 ἀφαιρουμένης
3366 811 3474 865 τῶν
3503 813 3739 882 πασχόν-

2171 922 2280 958 των
2307 905 2400 958 τοῦ
2444 902 2759 975 φωτὸς,τὴν
2798 903 3065 975 αἴσθησιν.
3117 921 3137 954 ι
3191 905 3302 956 Καὶ
3333 903 3538 975 Κύριος
3572 904 3739 957 δώσει

2174 996 2359 1067 φωνὴν
2404 995 2568 1049 αὐτοῦ
2615 993 2723 1066 πρὸ
2765 995 3055 1067 προσώπου
3101 994 3379 1064 δυνάμεως
3423 995 3617 1049 αὐτοῦ·
3652 997 3739 1049 ὅτι

2177 1088 2345 1159 πολλή
2374 1089 2489 1140 ἐστι
2524 1084 2728 1157 σφόδρα
2757 1086 2790 1156 ἠ
2832 1085 3150 1156 παρεμϐολὴ
3183 1084 3345 1137 αὐτοῦ
3370 1102 3383 1114 ·
3419 1086 3503 1138 ὅτι
3538 1086 3740 1157 ίσχυρὰ

2177 1179 2311 1251 ἔργα
2348 1179 2520 1247 λόγων
2558 1176 2748 1242 αὐτούς
2785 1176 2917 1228 διότι
2959 1176 3163 1246 μεγάλη
3200 1179 3233 1245 η
3270 1175 3450 1246 ἡμέρα
3486 1175 3583 1228 τοῦ
3626 1178 3735 1229 Κυα
3773 1190 3810 1215 *ε

2177 1270 2313 1342 ρίου,
2354 1267 2565 1339 μεγάλη
2603 1268 2695 1321 καὶ
2732 1267 2998 1335 ἐπιφανὴς
3034 1264 3277 1336 σφόδρα*
3325 1266 3419 1317 καὶ
3460 1265 3544 1329 τίς
3594 1268 3741 1319 ἐστιν

2179 1360 2364 1423 ἱκανὸς
2394 1360 2565 1429 αὐτῇ;
2605 1376 2622 1408 ι
2666 1357 3080 1426 Ἑπιφθέγξεται
3108 1358 3165 1411 δὲ
3185 1360 3295 1421 τοῖς
3315 1358 3625 1427 γινομένοις
3648 1359 3745 1411 καὶ

2175 1453 2204 1504 ό
2246 1449 2398 1511 Θεὸς,
2446 1444 2616 1518 οὐπερ
2662 1441 2756 1499 οὖν
2808 1445 3004 1517 γνώμῃ
3045 1445 3213 1499 ταῦτα
3253 1445 3339 1499 διὰ
3383 1446 3484 1516 τὴν
3532 1447 3745 1500 οἰκείαν

2180 1541 2431 1594 πείσεσθε
2461 1541 2657 1593 κακίαν
2676 1554 2690 1568 ο
2720 1538 2861 1590 ὥστε
2887 1538 3006 1590 τότε
3044 1539 3141 1608 μὲν
3168 1538 3310 1608 ὑμᾶς
3332 1538 3538 1605 γνῶναι
3563 1539 3747 1590 πᾶσαν

509 1624 669 1688 tulit;
694 1626 1062 1695 ostenditque,
1095 1631 1392 1697 quemlibet
1417 1647 1723 1688 sermonem
1751 1635 1871 1703 ejus
1895 1637 2080 1703 perin-

2195 1634 2343 1688 ιύτοῦ
2377 1633 2473 1704 τὴν
2503 1632 2804 1703 παράταξιν
2834 1631 3034 1701 ταύτην
3060 1625 3222 1683 οὖσαν
3243 1669 3257 1693 ,
3282 1625 3449 1701 οὗπερ
3469 1626 3565 1681 οὖν
3596 1629 3747 1681 κεκί-

510 1713 580 1768 de
609 1730 735 1769 esse
763 1732 826 1769 ac
857 1717 997 1774 forte
1031 1735 1170 1789 Opus
1198 1739 1211 1774 :
1253 1724 1693 1792 quandoquidem
1720 1726 1854 1781 adeo
1884 1741 2080 1796 magna

2195 1741 2336 1795 θηται
2357 1723 2551 1795 γνώμῃ
2568 1739 2583 1752 ο
2617 1723 2818 1790 γνῶναι
2846 1721 2902 1773 δὲ
2931 1720 3025 1773 καὶ
3048 1721 3146 1789 ὅση
3174 1719 3290 1772 ἐστὶ
3320 1719 3427 1772 τῶν
3450 1718 3632 1786 λόγων
3652 1718 3750 1769 αὖ·

509 1816 564 1861 et
625 1807 859 1862 illustris
915 1818 1001 1863 est
1057 1815 1556 1880 supervenientium
1608 1818 1764 1871 vobis
1811 1819 2079 1872 malorum

2195 1816 2273 1869 τοῦ
2310 1817 2344 1886 ἠ
2386 1817 2555 1885 ἰσχὺς,
2582 1814 2747 1866 πάλαι
2780 1813 2878 1882 μὲν
2905 1812 3185 1882 εἰρηκότος
3218 1812 3305 1863 ὅτε
3331 1827 3434 1880 περ
3460 1811 3749 1878 ὴπιστεῖτε

509 1895 648 1950 dies.
685 1897 839 1951 'l'unc
870 1915 959 1954 res
987 1916 1085 1970 pro
1116 1903 1298 1957 divina
1331 1906 1606 1961 voluntate
1640 1908 1725 1961 [iet
1749 1947 1763 1968 ,
1799 1924 1899 1963 nec
1929 1910 2081 1978 quis-

2195 1909 2290 1969 τοῖς
2327 1905 2667 1975 λεγομένοιςο
2704 1902 2927 1971 ὕστερον
2961 1902 3017 1955 δὲ
3054 1902 3194 1955 αὐτὰ
3236 1900 3516 1966 ὲξάξοντος
3545 1901 3629 1963 εἰς
3662 1899 3751 1969 Ep-

511 2003 677 2056 quam
713 1990 980 2042 malorum
1018 1992 1234 2047 illorum
1273 1995 1414 2050 ferre
1462 2000 1662 2066 poterit
1697 2000 1915 2055 molem.
1944 2000 2081 2065 Qni-

2195 2017 2295 2070 γον,
2322 2001 2397 2069 (p.
2428 1998 2549 2067 “8)
2574 1997 2666 2050 καὶ
2687 1996 2958 2059 δείξαντος
2982 1998 3062 2049 ὅτι
3083 1998 3189 2058 πᾶς
3218 1995 3372 2063 λόγος
3394 1994 3562 2048 αὐτοῦ
3591 1994 3749 2065 ἔργον

514 2079 617 2133 bus
639 2081 822 2135 verbis
845 2092 1133 2152 postquam
1156 2084 1394 2139 hostium
1419 2102 1611 2157 graves
1635 2091 1779 2145 vires
1802 2093 2081 2160 exposuit,

513 2171 797 2239 subjungit
830 2192 844 2227 :

2181 2092 2326 2143 ἐστὶν
2362 2089 2614 2158 ἰσχυρόν·
2656 2088 2738 2139 ὅτι
2768 2103 2828 2139 τε
2864 2086 3006 2139 οὕτω
3042 2086 3248 2157 μεγάλη
3284 2087 3377 2138 καὶ
3410 2085 3686 2155 ἐπιφανὴς
3718 2086 3750 2151 ἡ

2180 2181 2290 2235 τῶν
2328 2180 2588 2232 ἐπιόντων
2620 2180 2746 2248 ὑμῖν
2787 2177 2971 2230 κακῶν
3008 2177 3226 2248 ἡμέρα·
3258 2178 3380 2229 τότε
3426 2177 3583 2229 ἔσται
3616 2174 3752 2229 κατὰ

513 2263 614 2333 τὴν
645 2264 867 2334 γνώμην
899 2265 996 2333 τὴν
1028 2266 1194 2333 θείαν,
1225 2270 1301 2331 ὡς
1335 2270 1467 2339 μηδὲ
1498 2266 1635 2325 εἷναί
1664 2290 1782 2325 τινα
1809 2273 2032 2329 δυνατὸν
2070 2275 2178 2328 τῶν
2220 2273 2342 2326 τότε
2380 2271 2677 2341 γινομένων
2713 2270 2897 2323 κακῶν
2930 2268 3221 2339 ὑποφέρειν
3258 2267 3318 2321 τὺ
3355 2267 3594 2338 μέγεθος
3619 2284 3637 2296 ·
3674 2267 3753 2320 διο

515 2355 862 2425 ηγησάμενος
884 2357 939 2409 δὲ
968 2358 1074 2411 τῶν
1096 2360 1364 2428 πολεμίων
1395 2363 1491 2431 τὴν
1522 2361 1795 2434 βαρύτητα
1826 2368 1882 2417 ἐν
1906 2365 2130 2431 τούτοις,
2167 2363 2359 2429 ἐπάγει
2379 2373 2393 2388 ³

596 2445 759 2501 Vsus.
803 2448 990 2501 i‘Z-H.
1040 2479 1110 2489 -——
1144 2469 1162 2501 ι
1202 2451 1267 2504 Et
1305 2469 1451 2506 nunc
1492 2455 1624 2507 dicit
1661 2454 1924 2511 Dominus
1951 2456 2091 2513 Deus

2257 2454 2405 2525 Στίχ.
2446 2452 2628 2523 ιβ’-ιδ’.
2660 2479 2732 2494 ι·-
2779 2471 2797 2504 ι
2846 2450 2956 2503 Καὶ
2992 2448 3087 2503 νῦν
3130 2451 3277 2520 λέγει
3315 2451 3521 2523 Κύριος
3558 2453 3589 2504 ὁ
3626 2448 3753 2512 Θεὸς

526 2548 705 2591 vester
738 2540 1173 2595 :Convertimini
1214 2545 1277 2597 ad
1310 2560 1396 2598 me
1439 2552 1554 2599 toto
1584 2546 1750 2601 corde
1784 2557 1991 2609 vestro,
2036 2548 2088 2601 in

2195 2545 2374 2615 ὑμῶν.⁵
2433 2543 2831 2615 Ἐπιστράφητε
2861 2544 2997 2614 πρός
3033 2560 3098 2611 με
3128 2543 3188 2607 ἐξ
3230 2544 3357 2613 ὅλης
3381 2544 3480 2614 τῆς
3527 2542 3753 2613 καρδίας

523 2630 735 2697 jejunio
760 2640 814 2685 et
846 2634 897 2685 in
928 2634 1052 2687 lletu
1084 2644 1138 2689 et
1177 2636 1233 2688 in
1283 2637 1530 2703 planctu,
1570 2647 1623 2692 et
1658 2640 1892 2694 scindite
1926 2639 2088 2694 corda

2195 2637 2361 2707 ὐμῶν,
2391 2638 2449 2689 ὲν
2486 2636 2710 2705 νηστείᾳ
2742 2636 2838 2687 καί
2878 2637 2937 2687 ὲν
2975 2634 3237 2706 κλαυθμῷ
3269 2636 3364 2688 καὶ
3396 2636 3456 2688 ὲν
3500 2635 3751 2705 κοπετῷ·

526 2731 730 2783 vestra.
758 2732 812 2778 et
851 2741 956 2778 non
984 2729 1308 2782 vestimenta
1347 2741 1528 2784 vestra
1560 2750 1573 2785 :
1615 2740 1668 2785 et
1706 2730 2088 2786 convertimini

2195 2728 2280 2779 καὶ
2306 2726 2631 2798 διαρῤήξατε
2660 2726 2759 2789 τὰς
2788 2726 3012 2796 καρδίας
3038 2727 3211 2797 ὑμῶν,
3242 2728 3335 2781 καὶ
3365 2727 3439 2798 μὴ
3466 2728 3541 2780 τὰ
3568 2728 3756 2798 ἱμάτια

534 2814 601 2865 ad
628 2813 914 2868 Dominum
949 2816 1111 2871 Deum
1150 2828 1414 2883 vestrum,
1445 2822 1567 2890 quia
1602 2822 1870 2891 benignus
1906 2832 1959 2877 et
1991 2823 2087 2875 mi-

523 2906 759 2959 sericors
788 2915 905 2969 est,
939 2917 993 2960 et
1023 2909 1347 2978 longanimis
1373 2926 1435 2964 ac
1464 2913 1645 2965 titulun
1673 2913 2085 2974 misericordiae,

523 3003 579 3049 et
597 2997 847 3054 ﬂexibilis
882 3013 1047 3068 super
1090 3001 1489 3071 iniquitatibus.
1534 3023 1551 3056 ι
1588 3003 1691 3059 Sed
1735 3004 1879 3059 enim
1911 3019 2081 3074 quan-

524 3104 686 3156 quam
737 3106 824 3144 res
878 3091 951 3144 ita
1009 3108 1068 3146 se
1122 3094 1378 3156 habeant,
1441 3098 1616 3165 agcsis
1674 3099 1859 3152 cuncti
1908 3098 2087 3152 studia

525 3187 713 3230 nostra
762 3194 793 3231 a
841 3179 971 3234 vitio
1017 3182 1083 3234 ad
1131 3184 1383 3237 virtutem
1417 3197 1823 3251 convertamus,
1881 3188 2091 3247 cuncti,

525 3267 767 3336 inquam,
800 3279 913 3324 tota
947 3282 1126 3326 mente
1161 3273 1226 3327 ad
1267 3275 1430 3329 Deum
1462 3278 1805 3341 inclinemur,
1846 3278 2091 3348 jejuniis,
2118 3256 2161 3316 (ἶ

526 3359 655 3413 ﬂetu
706 3370 761 3415 et
814 3364 1033 3431 planctu
1073 3367 1362 3435 occupati;
1414 3383 1588 3436 neque
1637 3378 1817 3424 vestes
1876 3379 2092 3424 nostras

527 3450 865 3517 scindamus,
914 3456 1007 3524 qui
1060 3472 1180 3511 mos
1231 3469 1415 3513 vester
1456 3474 1597 3526 srepe
1630 3467 1714 3513 est
1762 3460 1884 3515 sine
1927 3460 2094 3515 animi

528 3543 769 3609 all‘ectu;
827 3546 918 3600 sed
972 3549 1138 3602 corda
1183 3559 1365 3604 vestra
1407 3552 1647 3620 pandite,
1684 3551 1905 3621 Deoque
1949 3554 2094 3607 nuda

527 3636 781 3691 exhibete
806 3678 819 3702 ,
847 3651 903 3693 ut
926 3648 1109 3696 vetere
1140 3644 1347 3697 malitia
1370 3645 1617 3713 deposita
1638 3685 1652 3709 ,
1681 3655 1919 3700 vestram
1949 3649 2095 3701 circa

530 3726 698 3781 Deum
724 3740 956 3786 mentem
984 3734 1391 3792 demonstretis.
1432 3736 1616 3806 Neque
1640 3740 1786 3791 enim
1808 3747 1891 3794 est
1921 3739 2097 3793 incre-

529 3818 697 3872 dibile
718 3857 733 3881 ,
766 3834 890 3875 cum
920 3823 991 3877 sit
1014 3824 1171 3880 valde
1200 3826 1492 3896 benignus,
1527 3836 1581 3881 et
1612 3829 1781 3881 multa
1815 3844 1940 3899 erga
1973 3842 2100 3898 pec‘

530 3918 717 3964 cantes
748 3912 1004 3980 patientia
1050 3918 1123 3968 uti
1157 3917 1372 3979 solitus,
1410 3916 1527 3973 fore
1562 3927 1620 3971 ut
1670 3920 1811 3972 mala
1848 3920 2097 3973 retrahat

528 4017 651 4072 qua:
695 4004 844 4059 vobis
872 4006 1149 4074 imponere
1177 4011 1472 4078 cogitabat.
1521 4028 1538 4060 ι
1582 4010 1716 4075 Quis
1760 4011 1930 4074 novit,
1966 4027 2095 4064 num

530 4104 901 4160 convertatur,
965 4107 1019 4153 et
1074 4103 1375 4169 ptenitcat,
1423 4111 1478 4157 et
1526 4104 1797 4172 relinquat
1852 4114 1974 4172 post
2040 4119 2100 4159 se

531 4186 982 4252 benedictionem,
1014 4192 1375 4255 sacrificium,
1413 4201 1467 4246 et
1499 4193 1828 4247 oblationem
1864 4193 2093 4247 Domino

531 4277 642 4330 Deo
676 4280 905 4331 vestro?
947 4298 966 4330 ι
1017 4282 1339 4351 Quanquam
1379 4282 1523 4337 haud
1561 4284 1715 4337 vobis
1764 4286 2017 4339 omnibus
2046 4286 2097 4339 id

529 4368 871 4431 exploratum
917 4384 1038 4423 esse
1081 4371 1371 4438 contingit,
1412 4371 1506 4438 qui
1548 4373 1885 4425 conscientia
1918 4380 2098 4425 vestra

532 4456 918 4521 vulneramini,
941 4467 1178 4515 attamen
1207 4461 1451 4530 apprime
1472 4461 1628 4515 nobis
1650 4471 1907 4516 constare
1934 4478 2099 4531 opor-

531 4552 690 4607 teret,
724 4548 867 4616 quod
900 4550 945 4602 si
975 4558 1356 4604 convertamur
1379 4562 1540 4621 atque
1569 4552 1634 4606 ad
1670 4568 1792 4606 eum
1823 4553 2098 4607 declinare

533 4637 891 4701 voluerimus,
954 4640 1132 4708 ipsum
1198 4658 1417 4710 quoque
1478 4643 1763 4711 pmnitcbit
1826 4643 2097 4698 malorum

534 4729 643 4799 79
675 4745 795 4799 qua:
837 4730 993 4786 nobis
1023 4746 1082 4785 se
1125 4731 1401 4785 illaturum
1435 4732 1786 4800 ostenderat;
1831 4735 2099 4804 nobisque

537 4822 717 4891 potius
758 4821 941 4876 futuro
979 4831 1221 4892 tempore
1253 4825 1509 4879 beneﬁcia
1546 4826 1864 4894 largiturum
1899 4844 1912 4879 :
1956 4827 2098 4881 hanc

535 4910 680 4964 enim
724 4911 857 4965 dicit
902 4913 1331 4969 benedictionem
1370 4935 1382 4969 :
1433 4931 1665 4985 quorum
1710 4917 2094 4971 beneﬁciorum

537 4999 772 5070 primum
800 5004 905 5057 erit
929 5004 1143 5068 notitia,
1179 5004 1324 5075 quod
1350 5007 1506 5077 copia
1541 5008 1700 5062 nobis
1726 5010 1796 5062 sit
1828 5009 2095 5062 sacrificia

537 5105 603 5144 ac
653 5092 941 5149 libationes
970 5096 1021 5150 ei
1060 5096 1166 5149 ritu
1209 5097 1373 5150 solito
1416 5098 1699 5154 oll‘ercndi.
1745 5099 2099 5168 Perspicuum

536 5192 619 5238 est
666 5186 809 5239 enim
862 5185 1029 5241 Deum
1054 5187 1162 5241 dici
1208 5188 1552 5256 benedicere,
1596 5206 1721 5244 cum
1768 5191 1883 5245 suis
1938 5190 2097 5244 donis

537 5278 674 5333 bene
705 5279 867 5334 alicui
895 5278 1043 5337 facit.
1077 5281 1279 5337 Deinde
1303 5282 1451 5336 addit
1486 5294 1500 5331 :

2133 4598 2177 4651 D

2192 2817 2345 2887 ὑμῶν
2366 2833 2379 2846 ·
2411 2818 2501 2870 καὶ
2523 2816 2892 2887 ἐπιστράφητε
2923 2816 3058 2887 πρὸς
3086 2816 3286 2887 Κύριον
3307 2816 3399 2869 τὸν
3418 2816 3554 2871 Θεὸν
3578 2816 3753 2886 ὑμῶν·

2193 2910 2274 2962 ὅτι
2322 2908 2566 2977 ἐλεήμων
2606 2908 2697 2959 καὶ
2737 2906 3032 2978 οἰκτίρμων
3075 2907 3223 2971 ἐστὶ,
3275 2907 3630 2978 μακρόθυμος
3670 2906 3759 2959 καὶ.

2194 3000 2489 3063 πολυέλεοςν
2514 2997 2611 3052 καί⁵
2646 2997 2921 3068 μετανοῶν
2952 2998 3043 3050 ἐπὶ
3074 2998 3193 3061 ταῖς
3236 2998 3472 3060 κακίαις.
3529 3015 3549 3049 ι
3598 2997 3758 3050 Ἀλλά

2193 3094 2299 3164 γάρ
2327 3094 2419 3145 καί
2443 3091 2641 3143 τούτων
2666 3089 2840 3151 οὓτως
2862 3089 3113 3158 ἐχόντων,
3135 3089 3266 3159 φέρε
3289 3088 3352 3159 δὴ
3375 3088 3577 3152 πάντες
3600 3106 3759 3159 μετα-

2194 3183 2483 3254 ϐαλώμεθα
2510 3183 2600 3234 τὸν
2626 3182 2885 3251 λογισμὸν
2909 3184 2972 3234 ὲκ
2995 3180 3089 3233 τοῦ
3112 3180 3350 3251 χείρονος
3378 3180 3470 3232 ἐπὶ
3490 3181 3556 3232 τὸ
3582 3182 3759 3251 κρεῖτι

2192 3290 2304 3337 τον,
2328 3274 2421 3326 καὶ
2444 3272 2719 3342 νεύσωμεν
2743 3271 2980 3333 ἅπαντες
3008 3271 3283 3341 ὁλοκλήρῳ
3303 3272 3369 3341 τῇ
3391 3269 3602 3340 διανοίᾳ⁵
3626 3270 3759 3341 πρὸς

2194 3365 2347 3429 Θεὸν,
2381 3364 2655 3433 νηστείαις
2682 3378 2741 3414 τε
2770 3363 2865 3415 καί
2896 3360 3158 3431 κλαυθμῷ
3189 3362 3284 3415 καὶ
3310 3360 3523 3431 κοπετῷ
3554 3377 3758 3432 κεχρη-

2199 3457 2347 3528 μένοι
2366 3472 2380 3487 ο
2410 3456 2503 3509 καὶ
2545 3454 2618 3526 μὴ
2656 3455 2724 3507 τά
2766 3454 2955 3523 ἱμάτια
2983 3454 3050 3506 τὰ
3074 3453 3280 3506 ἑαυτῶν
3304 3452 3759 3524 διαρῤηγνύντες,

2195 3550 2381 3619 διόπερ
2407 3547 2524 3610 ἔθος
2563 3548 2689 3616 ὑμῖν
2728 3546 2827 3597 οὐκ
2857 3548 2920 3597 ὲκ
2950 3544 3244 3608 διαθέσεως
3273 3545 3532 3608 πολλάκις
3561 3548 3756 3599 ποιεῖν*

2194 3641 2292 3704 τὰς
2332 3640 2557 3711 καρδίας
2600 3639 2656 3690 δὲ
2701 3636 2908 3689 ἑαυτῶν
2935 3637 3290 3705 διανοίγοντές
3324 3654 3380 3689 τε
3418 3639 3512 3690 καί
3543 3639 3761 3707 γυμνάς

2196 3732 2563 3800 προσάγοντες
2596 3728 2674 3797 τῷ
2704 3728 2823 3797 Θεῷ
2842 3742 2854 3756 ·
2889 3728 2965 3789 ὼς
2995 3726 3061 3779 ἂν
3089 3726 3187 3797 τὴν
3221 3727 3455 3781 παλαιὰν
3481 3729 3759 3799 ἀποθέμε-

2197 3838 2275 3874 νοι
2315 3819 2530 3881 κακίαν,
2552 3818 2696 3889 δῆλοι
2729 3817 2957 3887 γένησθε
2984 3819 3083 3887 τῆς
3115 3818 3241 3888 περί
3272 3819 3431 3871 αὐτὸν
3466 3819 3761 3890 ἀντεχόμε-

2196 3926 2275 3963 νοι
2313 3908 2570 3978 γνὼμης’
2602 3908 2661 3961 οὐ
2692 3907 2802 3977 γὰρ
2840 3907 3097 3972 ἀπεικὸς,
3129 3908 3268 3976 άγαν
3293 3908 3420 3963 ὄντα
3451 3909 3760 3982 φιλάνθρω-

2197 4017 2298 4053 πον
2342 4000 2435 4052 καὶ
2486 3998 2652 4068 πολλῇ
2703 4001 2768 4068 τῇ
2826 3999 3147 4069 ἀνεξικακίᾳ
3189 3999 3261 4070 (p.
3302 4000 3421 4066 “9)
3461 4003 3592 4073 περὶ
3638 4006 3762 4066 τούς

2199 4094 2607 4165 ἁμαρτάνοντας
2631 4093 2987 4163 κεχρημένον,
3026 4090 3363 4162 μεταγνῶναι
3390 4092 3483 4145 ἐπὶ
3508 4095 3625 4156 τοῖς
3667 4112 3763 4147 και

2198 4189 2333 4248 κοῖς,
2364 4180 2443 4247 οἷς
2468 4186 2763 4253 ἐπαγαγεῖν
2789 4185 2915 4254 ὑμῖν
2945 4182 3318 4237 ἐϐουλεύσατο.
3361 4202 3380 4234 ι
3414 4182 3507 4247 Τίς
3538 4180 3683 4238 οἶδεν
3716 4186 3761 4237 εἰ

2200 4275 2513 4345 ἐπιστρέψει
2561 4275 2653 4326 καί
2708 4275 3026 4345 μετανοήσει
3087 4273 3180 4326 καὶ
3242 4272 3588 4341 ὐπολείψεται
3650 4272 3759 4343 (16)

2199 4368 2371 4421 ὀπίσω
2401 4366 2563 4419 αὐτοῦ
2593 4367 2840 4435 εὐλογίαν
2880 4365 3067 4418 θυσίαν
3097 4365 3188 4417 καί
3216 4363 3443 4433 σπονδὴν
3467 4363 3661 4434 Κυρίῳ
3688 4363 3762 4433 τῷ

2199 4458 2317 4528 Θεῷ
2347 4457 2497 4526 ὑμῶν
2523 4475 2536 4519 ς
2572 4477 2589 4508 ι
2623 4459 2684 4510 Εἰ
2716 4458 2825 4528 γὰρ
2857 4457 2949 4509 καὶ
2981 4455 3054 4527 μὴ
3083 4458 3246 4508 πᾶσιν
3277 4455 3402 4523 ὑμῖν
3433 4453 3589 4525 δῆλον
3618 4448 3761 4508 εἶναι

2200 4550 2355 4602 τοῦτο
2384 4567 2446 4601 συ
2455 4548 2726 4619 μὸἑϐηκεν
2750 4548 2854 4600 ὐπὸ
2876 4548 2974 4617 τῆς
3004 4544 3356 4615 συνειδήσεως
3375 4546 3761 4617 πληττομένοις

2204 4642 2302 4708 τῆς
2326 4639 2548 4703 οἰκείας,
2574 4637 2707 4691 ἀλλὰ
2736 4638 2939 4707 σφόδρα
2975 4654 3038 4699 γε
3073 4635 3267 4689 εἰδέναι
3296 4636 3563 4706 προσῆκεν
3591 4638 3761 4705 ἡμᾶς,

2205 4732 2280 4793 ὡς
2325 4732 2375 4783 εἰ
2424 4729 2859 4800 μεταϐαλοίμεθά
2906 4746 2964 4781 τε
3012 4730 3105 4781 καί
3144 4727 3329 4781 νεῦσαι
3373 4727 3762 4798 βουληθείημεν

2206 4823 2341 4892 πρὸς
2370 4821 2546 4884 αὐτὸν,
2581 4820 3085 4891 μεταμεληθήσεται
3118 4816 3215 4889 μὲν
3244 4819 3337 4871 καὶ
3367 4819 3524 4881 αὐτὸς
3556 4820 3639 4888 ἐφ’
3682 4815 3762 4882 οἷς

2205 4914 2322 4966 καθ’
2348 4912 2502 4984 ἡμῶν
2526 4913 2836 4981 ἀπεφήνατο
2859 4926 2873 4941 ο
2903 4913 3167 4983 χαριεῖται
3191 4910 3246 4962 δὲ
3274 4909 3404 4979 ἡμῖν
3431 4910 3491 4961 ὲν
3515 4909 3595 4979 τῷ
3622 4911 3763 4981 μετὰ

2203 5004 2375 5058 ταῦτα
2429 5005 2604 5075 χρόνῳ
2643 5001 2749 5055 τῶν
2794 5001 3006 5055 οἰκείων
3060 5001 3278 5068 ἀγαθῶν
3323 5000 3419 5071 τὴν
3463 5002 3761 5071 χορηγίαν

2203 5095 2361 5149 τοῦτο
2407 5095 2514 5167 γὰρ
2551 5094 2795 5163 εὐλογίαν
2843 5092 3039 5163 φησίνο
3079 5086 3153 5145 ὧν
3192 5092 3405 5163 πρῶτον
3446 5094 3576 5161 ἡμῖν
3608 5092 3760 5147 ἔσται

2204 5186 2492 5257 γνώρισμα
2526 5186 2587 5238 τὸ
2618 5185 2934 5255 μεταλαϐεῖν
2966 5185 3065 5253 τῆς
3104 5183 3349 5250 ἐξουσίας
3379 5182 3472 5236 τοῦ
3494 5180 3682 5247 θυσίας
3707 5202 3760 5239 τε

2208 5280 2300 5333 καὶ
2332 5278 2557 5341 σπονδὰς
2588 5277 2736 5348 αὐτῷ
2763 5278 2901 5331 κατά
2937 5277 2997 5330 τὸ
3031 5276 3217 5339 εἰωθὸς
3246 5275 3536 5347 προσάγειν
3557 5294 3572 5308 ·
3606 5277 3762 5350 εὔδη-

537 5372 626 5423 λον
654 5372 762 5443 γὰρ
790 5374 870 5426 ὅτι
897 5373 1133 5439 εὐλογεῖν
1158 5373 1372 5442 λέγεται
1391 5378 1419 5429 ό
1442 5376 1591 5439 Θεὸς,
1622 5376 1700 5447 τῷ
1727 5378 1846 5438 ταῖς
1868 5375 2091 5437 οἰκείαις
2111 5375 2421 5446 εὐεργετεῖν
2445 5373 2673 5441 δωρεαῖς
2692 5388 2706 5402 ν
2733 5370 2856 5424 ὅθεν
2886 5370 2979 5424 καὶ
3001 5370 3252 5438 εὐλογίαν
3272 5371 3370 5440 τὴν
3395 5369 3647 5442 τοιαύτην
3672 5370 3761 5426 κέ·

540 5468 707 5537 κληκε
740 5469 966 5538 δωρεάν.
1002 5465 1135 5524 Εἶτα
1162 5471 1359 5539 ἐπάγει
1384 5482 1397 5496 ’

614 5558 779 5612 Vens.
812 5560 998 5615 15-18.
1028 5589 1097 5603 -—
1139 5580 1157 5613 ι
1183 5563 1427 5632 Clangite
1468 5564 1598 5618 tuba
1650 5564 1705 5617 in
1740 5564 1928 5630 Sione,
1971 5580 2100 5619 san-

2274 5562 2424 5631 Στίχ.
2462 5566 2649 5628 ιε’-ιη’.
2680 5588 2750 5602 -ο
2795 5576 2817 5610 ι
2865 5556 3167 5611 Σαλπίσατε
3204 5556 3463 5626 σάλπιγγι
3496 5558 3553 5611 ἐν
3588 5557 3754 5619 Σιὼν.

543 5648 778 5702 ctiticate
823 5649 1113 5720 jejunium,
1160 5652 1450 5721 praedicate
1497 5653 1726 5719 cultum,
1777 5664 2088 5724 congregatt

2205 5654 2464 5722 ἁγιάσατε
2486 5652 2755 5723 νηστείαν,
2781 5650 3057 5722 κηρύξατε
3083 5649 3399 5721 θεραπείαν,
3426 5650 3761 5720 συναγάγετε

620 5827 731 5899 (l6)
763 5829 894 5887 Cod.
933 5832 981 5899 1,
1018 5848 1181 5891 manu
1212 5832 1569 5902 ὑπολήψεται,
1602 5845 1656 5893 at
1687 5834 1741 5903 2,
1780 5832 2088 5904 ὐπολείψετο

2197 5849 2277 5890 ua:
2308 5844 2390 5892 est
2424 5829 2725 5889 communis
2748 5829 2930 5886 lectio.
