3954 6534
123 297 227 356 29.5

1120 310 1664 369 COMMENTARIUS
1704 310 1769 367 IN
1807 310 2039 366 JOELIS
2076 310 2228 369 CAP.
2262 309 2326 363 ll.

3262 308 3369 367 ‘226

127 432 271 495 λαὸν,
288 427 552 499 ἁγιάσατε
578 431 923 499 Ἐκκλησίαν,
946 435 1234 499 ἐκλέξασθε
1270 434 1537 506 πρεσϐυτέ
1548 452 1691 505 ρους,

1798 442 2081 504 pupulum,
2105 433 2448 489 sanctiﬁcate
2461 433 2788 498 Ecclesiam,
2811 433 2993 502 eligite
3025 448 3206 495 senes,
3236 450 3372 487 con-

127 524 462 591 συναγάγετε
510 526 677 595 νήπια
742 526 1044 595 θηλάζοντα
1094 528 1365 598 μαστούς·
1429 527 1690 594 ἐξελθέτω

124 616 350 686 νυμφίος
386 618 451 671 ἐκ
490 617 582 669 τοῦ
612 618 865 682 κοιτῶνος
893 621 1088 683 αὑτοῦ,
1127 621 1221 673 καὶ
1264 621 1449 689 νύμφη
1484 622 1547 672 ἐκ
1597 619 1689 672 τοῦ

121 706 332 760 παστοῦ
364 708 551 778 αὐτῆς.
588 728 606 759 ι
644 709 880 781 Τοιαύτη
908 710 1038 781 γὰρ,
1071 712 1223 780 φησι,
1254 713 1348 765 καὶ
1389 710 1531 763 οὓτω
1568 710 1690 779 φιλ-

120 796 393 867 ανθρώπῳ
415 798 607 869 γνώμῃ
645 800 737 852 τοῦ
777 800 912 853 Θεοῦ
961 803 1321 871 κεχρημένου,
1348 799 1504 853 τοῦτο
1536 818 1691 870 ποιη-

118 888 240 941 τέον
266 889 397 958 ἡμῖν
418 906 430 919 ·
461 889 523 941 τὸ
555 890 763 954 πάντας
790 892 887 961 μὲν
918 893 1012 945 ἐπὶ
1040 893 1098 944 τὸ
1131 891 1267 944 Σιὼν
1291 892 1414 961 ὅρος
1440 894 1561 955 ταῖς
1582 891 1691 943 τῶν

120 978 438 1046 σαλπίγγων
461 985 787 1048 συναγαγεῖν
809 983 1127 1053 σημασίαις·
1153 987 1239 1051 (p.
1274 983 1373 1037 120
1394 983 1411 1049 )
1434 982 1690 1052 ἀφορίσαι

116 1069 173 1123 δὲ
221 1072 317 1124 καὶ
358 1072 593 1141 κηρύξαι
630 1074 881 1143 νηστείαν
923 1075 1019 1126 ἐπὶ
1057 1074 1324 1145 θεραπείᾳ
1362 1074 1455 1127 τοῦ
1496 1074 1689 1126 Θείοψ

116 1165 446 1230 συναγαγεῖν
476 1163 533 1216 δὲ
568 1165 781 1223 ἅπαντα
812 1165 904 1219 τὸν
929 1164 1077 1227 λαὸν,
1106 1166 1181 1228 ὡς
1211 1165 1276 1219 ἂν
1306 1164 1692 1235 ἀθροισθέντας

116 1256 199 1317 εις
225 1254 556 1329 Ἐκκλησίαν
576 1254 856 1319 ἑκτάξειαν
878 1256 1106 1319 ἑαυτοὺς
1146 1256 1239 1308 ἐπὶ
1262 1258 1327 1325 τῇ
1364 1255 1693 1327 μεταμελείᾳ

113 1346 215 1415 τῆς
252 1345 513 1415 γνώμης·
555 1346 839 1416 παρόντων
886 1347 984 1416 μὲν
1026 1346 1136 1399 τῶν
1172 1347 1539 1418 παλαιοτέρων
1568 1348 1691 1401 καθ’

114 1438 358 1508 ἠλικίαν,
390 1437 673 1507 παρόντων
701 1437 756 1490 δὲ
780 1438 874 1489 καὶ
898 1436 1006 1489 τῶν
1036 1437 1243 1505 νηπίων
1289 1438 1415 1507 ἄχρι
1457 1438 1564 1490 τῶν
1592 1439 1690 1507 θη-

114 1528 426 1593 λαζόντων*
478 1530 567 1583 καὶ
612 1528 717 1599 μὴν
755 1529 864 1581 τῶν
909 1516 1102 1581 νεωστὶ
1148 1530 1543 1599 γεγαμηκότων
1587 1532 1693 1599 ἀφ-

118 1622 423 1691 ισταμένων
445 1621 541 1689 τῆς
569 1620 813 1690 γαμικῆς
843 1620 1179 1691 εὐφροσύνης
1203 1621 1290 1674 διὰ
1330 1622 1428 1692 τὴν
1454 1622 1554 1691 τῆς
1596 1640 1690 1691 με·-

110 1710 342 1773 τινοίας
382 1710 701 1780 ἐπιμέλειαν
722 1726 735 1741 ·
780 1708 919 1765 ὥστε
956 1712 1234 1782 συντόμως
1266 1713 1440 1765 εἰπεῖν
1471 1714 1688 1767 ἃπασαν

1792 532 2011 592 gregate
2030 524 2288 591 parvulus
2306 523 2473 576 ubera
2493 532 2780 592 sugentes:
2802 524 3113 593 egrediatur
3130 539 3372 591 sponsus

1792 616 1859 670 de
1882 617 2048 670 cubili
2078 632 2200 675 suo,
2220 624 2273 669 et
2301 631 2501 685 sponsa
2537 615 2603 669 de
2635 618 2875 670 thalamo
2905 632 3058 669 suo.»
3100 617 3369 680 Quoniam

1791 705 1936 763 Deus
1969 717 2076 761 tam
2108 709 2380 762 clemente
2414 708 2689 761 sententia
2717 715 2823 768 est,
2863 708 2965 760 hoc
2990 708 3147 763 nobis
3170 707 3373 760 facien-

1790 799 1920 853 dum
1963 807 2214 868 superest
2262 817 2277 852 :
2312 798 2566 851 tubarum
2620 797 2879 851 nimirutn
2920 798 3093 867 signis
3134 806 3369 853 cunctos

1791 891 1856 943 ad
1889 890 2109 944 Siunem
2142 900 2377 944 montem
2411 904 2755 943 convocare:
2796 889 3089 943 decernere
3125 906 3188 943 ac
3230 906 3369 958 prae-

1794 982 1980 1036 dicare
1999 982 2268 1050 jejunium
2304 982 2357 1038 itt
2394 982 2654 1035 honorem
2680 980 2803 1034 Dei:
2840 982 3157 1035 universum
3193 998 3369 1051 popu-

1793 1073 1903 1126 lutn
1929 1088 2281 1141 congregare,
2316 1072 2450 1126 utin
2481 1072 2724 1125 Ecclesia
2754 1070 2980 1123 adunati
3009 1072 3074 1124 ad
3104 1075 3371 1139 paeniten-

1792 1166 1923 1219 tiam
1958 1166 2156 1219 mentis
2186 1180 2245 1219 se
2274 1174 2590 1235 comparent
2616 1182 2628 1218 :
2660 1164 3006 1217 adstantibus
3029 1171 3189 1217 aetate
3210 1179 3368 1232 gran-

1791 1254 2067 1318 dioribus,
2094 1256 2441 1310 adstantibus
2462 1256 2590 1307 item
2617 1255 2881 1323 parvulis,
2907 1269 3085 1322 usque
3107 1255 3170 1306 ad
3199 1254 3367 1306 ubera

1792 1357 2091 1417 sugentes:
2135 1363 2234 1401 nec
2265 1363 2373 1401 non
2404 1348 2563 1401 novis
2597 1348 2778 1413 nuptis
2806 1362 2835 1399 a
2859 1345 3135 1414 conjugali
3166 1345 3367 1413 gaudio

1791 1439 1857 1492 ad
1895 1440 2229 1508 paenitentia:
2255 1439 2495 1493 studium
2523 1438 2838 1513 conversis:
2872 1452 2981 1490 uno
3003 1437 3191 1499 verbo,
3221 1436 3367 1490 omni

1792 1530 1968 1583 artatis
2007 1530 2181 1600 gradu
2213 1536 2267 1583 et
2309 1528 2555 1597 cujusvis
2588 1529 2691 1581 loci
2726 1529 2906 1581 incola
2979 1529 3270 1582 accedente
3300 1528 3367 1581 ad

1793 1620 2197 1690 pmnitentiam,
2253 1621 2463 1686 reliquo
2514 1620 2659 1673 omni
2708 1619 3079 1687 praetermisso
3129 1619 3364 1685 negotio.

1800 1714 1989 1767 «Inter
2023 1714 2353 1767 vestibulum
2398 1720 2452 1765 et
2500 1712 2669 1765 altare
2720 1710 3012 1780 plorabant
3054 1710 3367 1764 sacerdotes

108 1802 334 1872 ἠλικίαν
374 1802 466 1855 καὶ
514 1800 692 1857 πάντα
738 1800 1012 1855 ὁντιναοῦν
1052 1802 1109 1854 ὲν
1153 1803 1261 1872 ὅτῳ
1313 1803 1509 1873 δήποτε
1556 1804 1689 1858 καθ-

1795 1804 2037 1859 ministri
2068 1804 2305 1868 Domini,
2336 1812 2391 1857 et
2410 1804 2625 1857 dicunt:
2670 1800 2859 1865 Parce,
2892 1802 3135 1866 Domine,
3166 1805 3367 1871 populo

107 1893 329 1949 εστῶτα
363 1894 616 1963 παρεῖναι
639 1894 708 1962 τῇ
742 1893 1094 1963 μεταμελείᾳ,
1123 1893 1231 1947 τῶν
1255 1894 1457 1948 λοιπῶν
1477 1895 1685 1965 ἀφεμέο

108 2000 240 2045 νους
271 1983 549 2040 ἁπάντων.
600 2001 620 2034 ι
677 1982 803 2037 Ἀνὰ
837 1984 1001 2053 μέσον
1032 1984 1134 2053 τῆς
1181 1985 1441 2055 κρηπῖδος
1473 1986 1568 2039 καὶ
1592 1984 1685 2038 τοῦ

109 2074 506 2146 θυσιαστηρίου
542 2073 866 2130 κλαύσονται
895 2077 943 2128 οἱ
976 2077 1139 2147 ἱερεῖς
1166 2078 1215 2129 oi
1250 2076 1688 2148 λειτουργοῦντες
1722 2081 1727 2086 ’

108 2165 305 2235 Κυρίῳ
324 2180 338 2195 ·
376 2166 470 2221 καὶ
494 2164 701 2236 ἐροῦσι,
728 2167 932 2229 Φεῖσαι,
958 2166 1146 2238 Κύριε,
1169 2167 1262 2221 τοῦ
1287 2168 1417 2223 λαοῦ
1448 2185 1563 2233 σου,
1594 2169 1688 2223 καὶ

110 2257 190 2329 μὴ
222 2256 331 2327 δῷς
375 2257 473 2327 τὴν
510 2258 875 2336 κληρονομίαν
914 2274 1007 2310 σου
1062 2261 1143 2321 είς
1189 2257 1421 2322 ὄνειδος,
1466 2258 1559 2313 τοῦ
1611 2258 1686 2330 μὴ

107 2348 386 2419 κατάρξαι
425 2349 602 2401 αὐτῶν
652 2348 812 2419 ἔθνη·
864 2350 1013 2411 ὅπως
1064 2350 1138 2421 μὴ
1193 2350 1417 2402 εἴπωσιν
1474 2352 1532 2403 ὲν
1575 2354 1687 2415 τοῖς

102 2440 313 2502 ἔθνεσι,
359 2439 469 2493 Ποῦ
499 2442 646 2495 ἐστιν
685 2441 714 2491 ὁ
750 2440 883 2503 Θεὸς
924 2439 1139 2506 alit-6w;
1180 2459 1197 2491 ι
1248 2441 1454 2503 Πάντες
1487 2441 1543 2494 δὲ
1581 2442 1687 2513 πρὸ

102 2530 201 2585 τοῦ
230 2530 621 2601 θυσιαστηρίου
657 2530 879 2593 στάντες
910 2531 959 2582 οἱ
991 2531 1127 2601 πρὸς
1151 2531 1212 2584 τὸ
1248 2532 1347 2601 τῆς
1389 2532 1688 2605 ἱερωσύνης

104 2624 269 2693 ἔργον
309 2621 765 2693 προεεϐλημένοι,
795 2622 886 2675 καὶ
913 2625 991 2684 είς
1027 2622 1125 2691 τὴν
1158 2622 1499 2693 λειτουργίαν
1533 2624 1688 2677 εκτεο

104 2716 379 2785 ταγμένοι
401 2715 500 2784 τὴν
523 2714 693 2781 θείαν,
720 2713 853 2782 μετά
877 2714 1167 2784 κλαυθμῶν
1197 2715 1513 2769 αίτείτωσαν
1533 2716 1688 2787 παρὰ

101 2806 198 2857 τοῦ
247 2803 391 2858 θεοῦ
427 2804 525 2874 τὴν
559 2804 933 2873 καταλλαγήν·
975 2804 1049 2866 ὡς
1088 2804 1153 2857 ἂν
1197 2805 1382 2873 φείσαι
1421 2806 1538 2859 τότε
1589 2803 1685 2858 τοῦ

1790 1902 1984 1952 tuo.et
2032 1910 2103 1949 ne
2148 1893 2245 1948 des
2277 1894 2649 1948 hereditatem
2696 1900 2845 1944 tuam
2881 1892 2935 1947 in
2985 1892 3365 1961 epprobrium,

1788 2001 1858 2040 ne
1880 1985 2231 2039 dominentur
2262 1985 2344 2041 eis
2374 1984 2660 2048 nationes;
2716 1999 2783 2037 ne
2815 1983 2958 2037 inter
2987 1992 3180 2053 gentes
3214 1983 3367 2036 diem»

1788 2084 1913 2131 tur:
1952 2076 2183 2131 Ubinam
2218 2085 2303 2132 est
2328 2076 2472 2131 Deus
2503 2076 2771 2131 eorum?»
2806 2074 3002 2129 Cuncti
3035 2086 3158 2129 ante
3196 2078 3367 2129 altare

1787 2170 2176 2231 consistentes,
2228 2171 2320 2238 qui
2357 2168 2646 2223 sacerdotii
2676 2167 2977 2237 funguntur
3025 2183 3272 2232 munere,
3309 2177 3365 2221 et

1788 2260 1983 2316 divinae
2015 2261 2257 2328 liturgiaa
2304 2269 2434 2315 sunt
2463 2260 2686 2327 addicti,
2717 2274 2839 2315 cum
2878 2258 3001 2315 fletu
3035 2260 3307 2329 postulent
3335 2276 3367 2313 a

1788 2351 1900 2406 Deo
1950 2351 2417 2420 propitiatiunem,
2472 2362 2532 2406 ut
2569 2362 2699 2406 tunc
2734 2361 2925 2421 parcat
2976 2352 3178 2419 populo
3230 2367 3353 2409 suo.

1787 2457 1965 2509 neque
2010 2456 2135 2495 eum
2180 2441 2438 2509 potestati
2489 2442 2770 2496 nationum
2817 2442 3019 2502 tradat.
3071 2457 3248 2511 neque
3282 2442 3366 2497 his

1787 2532 2129 2590 irridendum
2159 2533 2457 2601 permittat,
2505 2532 2664 2602 quasi
2694 2533 2930 2587 inaniter
2964 2531 3057 2587 Dei
3088 2532 3367 2586 familiari-

1786 2632 1899 2679 tate
1924 2624 2241 2694 gloriemur.
2270 2624 2382 2693 80
2412 2623 2508 2678 llis
2554 2624 2704 2679 addit
2728 2640 2743 2677 :
2769 2642 2785 2674 ι
2807 2624 2870 2675 Ει
2896 2624 3104 2678 zelatns
3140 2632 3223 2677 est
3252 2622 3362 2674 Du.

1787 2717 1970 2771 minus
1991 2727 2189 2770 terram
2214 2731 2389 2779 suam,
2416 2723 2471 2769 et
2504 2716 2742 2786 pepercit
2765 2716 2966 2785 populo
3001 2731 3122 2770 suo.
3151 2736 3170 2768 ι
3204 2714 3363 2771 Haud

1786 2812 1890 2867 hoc
1928 2820 2187 2881 tanquam
2228 2811 2431 2865 factum
2470 2810 2722 2874 allirmat,
2776 2812 2869 2865 sed
2915 2813 3157 2863 futurum
3206 2810 3361 2863 dicit.

102 2893 237 2947 λαοῦ
270 2894 367 2949 τοῦ
395 2895 619 2955 οἰκείου,
648 2894 742 2947 καὶ
767 2894 841 2965 μὴ
871 2894 1148 2958 παντελῶς
1182 2896 1379 2960 αὐτοὺς
1405 2897 1587 2967 ὲκδοίη
1617 2899 1686 2968 τῇ

1795 2903 2068 2958 Zelabitur
2091 2903 2256 2965 enim,
2296 2903 2492 2973 inquit,
2516 2911 2569 2957 et
2596 2911 2782 2971 parcet
2812 2903 2987 2965 vobis,
3018 2904 3062 2957 si
3096 2904 3367 2971 pteniten-

99 2984 215 3035 τῶν
250 2982 427 3036 ἐθνῶν
457 2983 692 3056 ἐξουσίᾳ.
726 2984 858 3054 μηδὲ
888 2984 1173 3038 καταλίποι
1213 2986 1362 3057 παρά
1384 2990 1497 3050 τοῖς
1536 2987 1685 3040 ἔθνε-

1795 3004 1872 3051 tes
1904 2996 2124 3060 viderit,
2154 3004 2207 3050 et
2244 3011 2409 3065 supra
2455 2996 2599 3049 dicta
2641 2995 2916 3061 feceritis;
2954 3003 3039 3049 est
3065 3009 3195 3048 vero
3226 3001 3367 3047 tem—

104 3093 192 3128 σιν
224 3075 683 3145 ὀνειδιζομένους,
730 3077 812 3128 ὅτι
839 3076 902 3147 δὴ
954 3077 1127 3147 μάτην
1158 3079 1251 3131 ἐπὶ
1285 3082 1351 3150 τῇ
1389 3080 1524 3150 πρὸς
1553 3078 1687 3133 Θεὸν

1795 3089 1940 3159 poris
1990 3089 2253 3157 enallage,
2310 3102 2435 3141 cum
2488 3087 2764 3141 idiotismo
2828 3087 3096 3140 llebraieo
3144 3085 3363 3140 dicente

102 3166 495 3236 σεμνυνόμεθα
524 3165 816 3221 οἰκειώσει.
848 3168 1067 3231 Τούτοις
1097 3169 1290 3237 ὲπάγει
1313 3187 1326 3200 ο
1368 3190 1386 3222 ι
1424 3172 1531 3223 Kal
1555 3171 1684 3241 ἐζή-

1795 3181 2073 3250 propheta:
2101 3178 2371 3248 Pepercit.
2406 3194 2523 3248 pro,
2545 3178 2729 3232 Parcet
2757 3179 2858 3243 ;.id
2881 3178 3026 3248 quod
3059 3178 3367 3231 imitatione

101 3257 251 3312 λωσε
286 3258 495 3329 Κύριος
534 3259 631 3328 τὴν
671 3258 772 3327 γῆν
805 3258 994 3322 αὑτοῦ,
1025 3263 1118 3313 καὶ
1144 3262 1400 3328 ἐφείσατο
1431 3262 1523 3315 τοῦ
1553 3264 1684 3317 λαοῦ

1795 3271 2135 3325 Psalmorum
2183 3270 2321 3333 fieri,
2376 3270 2505 3324 alibi
2537 3270 2898 3324 ostendimus.
2954 3269 3184 3323 Constat
3215 3269 3364 3322 enim

100 3349 301 3405 αὑτοῦ.
337 3367 360 3403 ι
399 3351 479 3421 (p.
509 3350 633 3421 121)
657 3351 765 3419 Οὐχ
793 3349 867 3413 ὡς
893 3352 993 3422 ήδη
1024 3353 1245 3419 γεγονὸς
1276 3354 1513 3424 μηνύων,
1549 3357 1686 3411 ἀ),λά

1795 3362 1997 3415 nonde
2025 3376 2084 3414 re
2138 3369 2257 3413 acta
2301 3359 2435 3422 dici,
2491 3358 2932 3428 quandoquidem
2981 3370 3173 3424 reapse
3222 3356 3366 3408 mala

101 3441 165 3493 τὸ
193 3440 464 3512 ἐσόμενον
488 3439 683 3508 λέγων.
708 3440 946 3511 Ζηλώσει
982 3444 1091 3516 γὰρ
1118 3446 1211 3497 καὶ
1239 3446 1480 3514 φείσεται
1508 3448 1681 3518 ὑμῶν,

1795 3452 1943 3519 iuxta
1974 3451 2382 3521 praedictionem
2422 3451 2557 3520 ipsis
2582 3457 3038 3520 supervenerunt.

102 3536 305 3608 φησὶν,
336 3539 385 3590 εί
414 3537 881 3607 μεταμελομένους
908 3556 967 3590 τε
999 3539 1116 3604 ῖδοι,
1143 3541 1237 3593 καὶ¹
1262 3542 1327 3595 τὰ
1354 3543 1688 3614 προκείμενα
1724 3546 2009 3610 ποιοῦντας
2029 3565 2042 3578 ·
2082 3546 2404 3617 ὲνήλλακται
2440 3540 2497 3598 δὲ
2535 3546 2564 3597 ὁ
2612 3544 2799 3616 χρόνος
2830 3543 2970 3596 κατὰ
2991 3542 3051 3595 τὸ
3084 3542 3369 3613 Ἐϐραῖκὸν

103 3631 339 3702 ἰδίωμα,
363 3632 484 3685 ἀντὶ
509 3631 603 3685 τοῦ
638 3632 886 3685 Φείσεται
924 3634 986 3686 τὸ
1029 3635 1310 3705 Ἐφείσατο
1342 3638 1584 3701 εἰπόντος
1604 3657 1616 3673 ·
1646 3640 1783 3711 ὅπερ
1813 3638 1904 3695 οὖν
1933 3642 2027 3696 καὶ
2053 3642 2160 3695 ἀπὸ
2188 3641 2300 3693 τῶν
2320 3640 2567 3710 Ψαλμῶν
2590 3641 2645 3692 ὲν
2675 3639 2879 3709 ἑτέροις
2908 3638 3212 3709 ἐδείξαμεν*
3236 3638 3369 3709 πρό-

96 3721 273 3791 δηλον
299 3722 411 3793 γάρ
438 3724 520 3775 ὅτι
550 3724 609 3776 ού
636 3724 893 3792 γεγονότα
926 3725 1092 3794 λέγει,
1121 3728 1177 3793 ἐξ
1204 3721 1279 3781 ὧν
1315 3729 1453 3799 μετά
1483 3729 1581 3800 τὴν
1612 3733 1844 3801 μήνυσιν
1868 3734 2070 3805 ταύτην
2094 3735 2272 3796 αὐτοῖς
2303 3730 2597 3801 ἐπελήλυθε
2619 3729 2686 3783 τὰ
2711 3730 2876 3783 κακά.

174 3813 334 3882 Στίχ.
362 3812 605 3866 ιθ¹-κ’.-
635 3834 652 3864 ι
675 3814 783 3865 Καὶ
804 3815 1072 3887 ἀπεκρίθη
1096 3817 1295 3889 Κύριος
1323 3820 1415 3872 καὶ
1442 3816 1592 3874 εἶπεν
1616 3820 1693 3891 τῷ

96 3904 225 3973 λαῷ
252 3902 426 3956 αὐτοῦ
450 3920 465 3933 ο
510 3904 642 3958 Ἰδοὺ
682 3905 795 3973 ἐγὼ
830 3906 1202 3970 ἐξαποστέλλω
1244 3910 1372 3979 ὑμῖν
1416 3911 1509 3963 τὸν
1544 3915 1691 3965 σῖτον

96 3996 205 4047 καὶ
230 3995 330 4048 τὸν
361 3989 500 4047 οἶνον
530 3997 622 4048 καὶ
654 3996 713 4049 τὸ
744 3997 951 4051 ἔλαιον
987 4000 1081 4051 καὶ
1107 4000 1555 4071 ὲμπλησθὴσεσθε
1593 4005 1691 4056 αύ-

94 4087 240 4149 τῶν,
278 4086 383 4139 καὶ
408 4087 470 4138 ού
500 4085 657 4140 δώσω
684 4089 829 4157 ὑμᾶς
853 4089 1034 4142 οὐκέτι
1064 4093 1141 4153 εἰς
1167 4091 1465 4162 ὀνειδισμὸν
1494 4095 1551 4147 ὲν
1577 4097 1690 4159 τοῖς

93 4180 324 4233 εθνεσιο
371 4180 465 4232 καὶ
502 4175 595 4230 τὸν
610 4178 719 4233 ἀπὸ
752 4178 922 4252 βορρᾶ
962 4182 1200 4245 ὲκδιώξω
1232 4182 1323 4251 ἀφ’
1359 4182 1543 4253 ὑμῶν’
1598 4186 1689 4237 καὶ

94 4272 361 4337 ἑκδιὼξω
388 4271 554 4324 αὐτὸν
581 4272 661 4335 είς
688 4273 790 4342 γῆν
819 4271 1062 4343 ἄνυδρον·
1088 4273 1180 4325 καὶ
1207 4272 1421 4341 ἀφανιῶ
1444 4275 1503 4327 τὸ
1524 4275 1690 4345 πρόσ-

90 4381 261 4416 ωπον
311 4362 483 4414 αὑτοῦ
523 4364 603 4425 είς
640 4362 737 4432 τὴν
768 4361 1040 4416 θάλασσαν
1066 4364 1164 4433 τὴν
1202 4362 1454 4433 πρώτην*
1484 4365 1576 4417 καὶ
1622 4364 1692 4418 τὰ

89 4454 290 4508 ὀπίσω
334 4452 500 4506 αὐτοῦ
551 4454 629 4515 είς
673 4452 771 4523 τὴν
815 4452 1087 4507 θάλασσαν
1134 4454 1233 4523 τὴν
1286 4456 1556 4526 ἐσχάτην*
1596 4458 1691 4512 καὶ.

1868 3823 2033 3878 Vens.
2059 3823 2247 3876 19-20.
2269 3852 2341 3861 —
2377 3839 2396 3872 ι
2422 3822 2485 3874 Et
2518 3820 2798 3891 respondit
2817 3819 3096 3884 Dominus,
3122 3818 3369 3889 dixitque

1794 3916 1996 3985 populo
2041 3929 2170 3968 suo:
2227 3912 2368 3965 Ecce
2410 3926 2510 3980 ego
2552 3912 2707 3964 mitto
2732 3910 2889 3965 vobis
2937 3909 3269 3963 frumentum
3313 3918 3368 3963 et

1792 4008 1978 4061 vinum
2007 4013 2062 4059 et
2089 4007 2292 4066 oleum,
2338 4012 2391 4059 et
2430 4002 2772 4072 replebimini
2806 4002 2922 4057 eis:
2978 4010 3032 4056 et
3068 4016 3179 4055 non
3224 3999 3367 4055 dabo

1793 4115 1890 4155 vos
1928 4099 2074 4152 ultra
2107 4096 2174 4150 ad
2221 4095 2573 4165 opprobrium
2604 4094 2657 4146 in
2697 4092 2967 4162 gentibus.
3000 4090 3066 4145 Et
3107 4105 3234 4145 eum
3268 4093 3369 4160 qui

1797 4192 1867 4246 ab
1892 4190 2145 4260 aquilone
2167 4198 2273 4251 est,
2314 4186 2503 4257 procul
2534 4185 2725 4239 faciam
2750 4199 2778 4237 a
2804 4184 2981 4247 vobis,
3017 4190 3071 4238 et
3096 4182 3366 4252 expellam

1796 4300 1919 4337 eum
1952 4284 2005 4336 in
2029 4292 2227 4336 terram
2248 4280 2404 4348 aquis
2427 4283 2725 4331 carentem.
2748 4274 2813 4328 Et
2837 4273 3147 4344 disperdam
3168 4272 3365 4327 faciem

1797 4375 1917 4443 ejus
1945 4375 2000 4427 in
2044 4388 2195 4427 mare
2229 4372 2486 4441 primum,
2538 4376 2593 4421 et
2622 4366 2924 4437 posteriora
2959 4365 3079 4435 ejus
3130 4364 3187 4417 in
3214 4378 3367 4420 mare

1797 4467 2176 4521 novissimum.
2210 4463 2277 4516 Et
2309 4460 2568 4517 ascendet
2595 4458 2826 4529 putredo
2852 4459 2994 4525 ejus,
3025 4464 3080 4511 et
3107 4456 3366 4511 ascendet

88 4546 451 4618 ἀναδήσεται
470 4546 504 4615 ἡ
528 4544 735 4614 σαπρία
754 4543 938 4605 αὑτοῦ,
966 4544 1061 4597 καὶ
1082 4545 1413 4615 ἀναϐήσεται
1437 4548 1466 4598 ό
1493 4547 1691 4617 βρόμος

1797 4558 1934 4612 fetor
1962 4557 2102 4626 ejus.
2124 4575 2143 4607 ι
2186 4553 2361 4608 Verba
2411 4571 2430 4601 4
2451 4550 2731 4621 respondit
2780 4549 3041 4603 Dominus
3072 4556 3124 4602 et
3154 4546 3310 4612 dixit,
3336 4565 3360 4599 ι

92 4637 313 4692 αὑτοῦ.
359 4656 377 4687 ι
414 4636 487 4687 Τὸ
521 4653 539 4686 ι
582 4634 854 4705 ἀπεκρίθη
906 4634 1107 4705 Κύριος
1144 4635 1239 4689 καὶ
1282 4631 1454 4700 εἶπεν,
1505 4657 1524 4689 ι
1571 4639 1692 4691 ἀντὶ

84 4728 222 4793 τοῦ,
260 4726 721 4797 Ἀποκριθήσεται
742 4725 837 4778 καὶ
850 4727 983 4796 ἐρεῖ,
1001 4725 1396 4796 ὲνηλλαγμένου
1417 4729 1694 4782 κάνταῦθα

85 4821 197 4875 τοῦ
237 4819 469 4891 χρόνον·
500 4817 745 4887 βούλεται
774 4817 883 4888 γάρ
907 4818 1080 4869 εἰπεῖν
1107 4819 1189 4870 ὅτι
1215 4817 1325 4888 Τήν
1347 4836 1405 4871 τε
1430 4818 1538 4870 τῶν
1564 4834 1694 4888 καρ-

84 4913 226 4968 πῶν
283 4909 550 4978 ἀφθονίαν
598 4909 727 4977 ὑμῖν
774 4906 1225 4977 μεταμεληθεῖσιν
1256 4907 1525 4961 ἀποδώσει
1558 4907 1694 4959 πάνυ

83 5023 236 5069 τως,
275 5003 408 5064 τοὺς
434 5001 727 5069 πολεμίους
760 5016 817 5051 τε
850 4997 1190 5070 τροπώσεται
1220 5000 1345 5061 τοὺς
1374 4998 1691 5069 ὑμετέρους,

81 5099 249 5167 ὅπερ
286 5091 385 5147 οῦν
419 5094 514 5145 καὶ
546 5092 809 5160 πεποίηκε
850 5092 986 5160 μετά
1021 5092 1120 5161 τὴν
1163 5091 1417 5144 ἐπάνοδον
1456 5093 1485 5144 ό
1525 5091 1693 5153 Θεόςο

84 5195 170 5261 (p.
216 5189 358 5252 12?)
399 5184 543 5239 καθὰ
574 5184 670 5236 καὶ
701 5185 729 5236 ὁ
764 5184 1030 5253 μακάριος
1087 5183 1248 5235 Δαυῒδ
1294 5184 1393 5252 τὴν
1440 5183 1697 5236 ἐπάνοδον

80 5282 187 5338 τοῦ
226 5278 374 5334 λαοῦ
401 5275 705 5347 προλέγων,
734 5273 945 5344 πρῶτον
979 5274 1076 5344 μὲν
1107 5270 1289 5327 εἷπενο
1326 5294 1343 5325 ‹
1374 5275 1464 5327 Σοὶ
1496 5274 1699 5345 πρέπει

78 5379 109 5430 ε
123 5392 309 5447 μνος,
329 5374 357 5424 ὁ
382 5370 537 5431 Θεὸς,
559 5368 618 5420 ὲν
653 5365 811 5428 Σιὼν,
839 5365 933 5419 καὶ
955 5366 1037 5418 σοὶ
1059 5362 1453 5434 ἀποδοθήσεται
1477 5365 1610 5435 εὐχὴ
1643 5362 1702 5416 ὲν

87 5463 507 5538 Ἰερουσαλήμ
541 5478 560 5510 ι
589 5488 659 5498 ——
682 5477 699 5508 ι
734 5458 839 5511 Καὶ
862 5457 1015 5525 ἅγιος
1034 5457 1064 5509 ό
1086 5456 1212 5519 ναός
1238 5474 1352 5519 σου,
1389 5456 1699 5527 θαυμαστὸς

75 5567 138 5617 ἐν
169 5556 514 5624 δικαιοσύνῃ
538 5568 634 5606 σου
656 5564 668 5578 ·
702 5570 718 5601 ι
742 5549 951 5613 δεικνὺς
977 5551 1058 5603 ὅτι
1074 5567 1133 5603 τε
1154 5549 1600 5607 ὲπανελεύσονται
1617 5550 1700 5615 είς

160 5717 217 5745 ⁵ο
269 5709 426 5765 Psal.
468 5721 614 5772 utr,
655 5704 690 5757 2
720 5721 837 5775 sqq.

1800 4655 2080 4718 ponuntur
2103 4660 2223 4715 pro,
2247 4642 2615 4712 Respondebit
2646 4646 2700 4694 et
2742 4638 2903 4698 dicet,
2940 4644 3250 4707 permutato
3277 4636 3368 4690 hic

1799 4754 2015 4809 quoque
2046 4746 2306 4806 tempore.
2336 4734 2521 4787 Dicere
2548 4731 2749 4803 quippe
2781 4729 2916 4793 vult,
2954 4727 3071 4783 fore
3105 4735 3161 4781 ut
3191 4727 3369 4797 paeni-

1799 4830 2038 4884 tentibus
2059 4826 2216 4881 vobis
2239 4820 2629 4877 abundantiam
2658 4818 2871 4888 frugum
2900 4818 3020 4872 sine
3042 4816 3213 4871 dubio
3240 4829 3369 4869 con-

1800 4920 1979 4980 cedat.
2025 4923 2348 4978 vestrosque
2388 4912 2576 4965 hostes
2614 4910 2668 4964 in
2693 4908 2873 4977 fugam
2895 4906 3189 4975 conjiciat;
3220 4904 3367 4973 quod

1800 5023 1989 5061 revera
2026 5014 2149 5075 post
2194 5004 2425 5058 reditum
2479 5000 2621 5054 Deus
2674 4998 2947 5069 praestitit.
3007 4997 3161 5051 Sicut
3200 4996 3367 5049 etiam

1802 5099 1991 5153 beatus
2055 5095 2243 5157 David,
2301 5093 2479 5163 populi
2529 5091 2759 5146 reditum
2813 5088 3137 5158 praedicens,
3188 5088 3371 5156 primo

1803 5190 2020 5260 quidem
2060 5189 2167 5241 ait:
2203 5184 2317 5240 «Te
2355 5185 2510 5239 decet
2550 5182 2805 5253 hymnus,
2837 5179 3001 5241 Deus,
3042 5179 3097 5231 in
3131 5178 3283 5241 Sion,
3313 5184 3368 5230 et

1802 5283 1904 5337 tibi
1936 5280 2195 5336 reddetur
2227 5285 2405 5332 votum
2429 5276 2489 5329 in'
2514 5272 2941 5337 Hierusalem“;
2968 5289 2987 5321 ι
3020 5299 3091 5311 --
3113 5284 3131 5318 ι
3164 5268 3370 5325 Ειεδηο

1799 5382 1948 5425 ctum
1992 5370 2249 5439 templum
2289 5376 2463 5429 tuum,
2506 5363 2750 5417 mirabile
2791 5362 2845 5415 in
2889 5360 3147 5431 aequitate
3186 5367 3317 5421 tua;
3343 5378 3362 5409 ι

1798 5463 2181 5521 demonstrans
2211 5459 2481 5515 redituros
2524 5456 2577 5509 in
2621 5453 2864 5524 propria,
2896 5452 3227 5519 solitumque
3257 5447 3371 5503 Deo

1802 5555 2009 5611 cultum
2044 5553 2096 5608 in
2118 5550 2315 5622 templo
2348 5544 2543 5604 rursus
2578 5544 2909 5600 reddituros.
2958 5540 3023 5595 Et
3071 5549 3194 5611 post
3224 5539 3362 5607 haec,
