3860 6542
598 313 708 367 2‘27

1751 307 2105 363 TﬂEUDORl
2143 302 2621 362 MOI‘SUESTENI
3703 288 3775 344 2'28

601 425 780 479 addit:
819 423 1106 479 «Visitasti
1148 432 1374 484 terram,
1415 429 1470 475 et
1508 419 1789 496 iuebriasti
1836 404 1980 483 eam,
2031 420 2173 474 mul-

2285 418 2340 471 τὰ
2371 419 2565 477 οἰκεῖα.
2602 416 2695 469 καὶ
2725 416 2805 469 ὅτι
2835 414 2933 486 τὴν
2964 413 3168 486 συνήθη
3200 411 3494 487 θεραπείαν
3522 414 3575 467 ἐν
3608 414 3673 486 τῷ
3698 419 3776 485 ne

603 516 860 584 tiplicasti
896 515 1230 583 locupletare
1258 529 1413 571 eam.
1437 533 1456 564 ι
1500 524 1552 567 et
1583 514 1829 582 reliqua;
1878 512 2175 567 ubertatem

601 606 790 660 dicens
827 621 948 675 quae
980 613 1112 658 tunc
1156 605 1265 657 illis
1320 605 1590 659 obveniet.
1627 603 1829 657 Eodem
1877 603 2040 658 modo
2087 603 2177 656 hic

598 697 785 758 etiam,
816 704 1106 766 postquam
1145 710 1380 750 annona:
1409 698 1623 765 copiam
1647 695 1903 749 daturum
1933 710 1993 749 se
2016 693 2172 756 dixit,

604 788 716 841 ait:
799 786 916 841 Non
965 788 1143 842 sinam
1190 803 1291 842 vos
1330 788 1585 858 gentibus
1654 787 1862 843 diutius
1930 786 2177 845 subesse.

598 876 735 931 Nam
778 877 966 942 verba,
1014 880 1169 937 «Non
1210 879 1352 933 dabo
1381 895 1477 935 vos
1503 880 1815 934 nationibus
1857 878 2083 932 ulterius
2109 876 2177 929 ad

598 969 989 1038 opprobrium,
1018 989 1037 1020 ι
1080 970 1184 1024 hoc
1215 970 1544 1040 signiﬁcant.
1578 971 1685 1040 ει
1724 969 1836 1024 lmo
1861 969 2022 1023 etiam
2063 983 2176 1039 pae-

600 1073 700 1112 nas
717 1058 785 1112 de
802 1061 1218 1128 aggressoribus
1236 1059 1434 1114 vestris
1458 1074 1692 1121 sumam,
1716 1073 1919 1128 eosque
1938 1057 2177 1113 vastitati

601 1164 965 1219 supremoque
992 1150 1159 1204 exitio
1189 1150 1424 1205 tradam.
1472 1149 1604 1203 Nam
1641 1150 1818 1219 primo
1870 1165 1965 1220 per
2014 1148 2180 1219 Baby-

600 1241 777 1295 lonios
796 1242 1017 1311 puniam
1036 1242 1292 1313 Assyrios
1312 1259 1326 1296 :
1348 1252 1532 1313 postea
1550 1241 1873 1314 Babylonios
1890 1240 2177 1296 Persarum

602 1345 766 1383 manu
808 1345 1034 1400 prorsus
1064 1331 1407 1401 exstinguam
1434 1349 1445 1385 :
1484 1339 1807 1401 tantumque
1838 1332 2055 1386 illorum
2084 1347 2178 1383 ex-

600 1419 804 1473 cidium
860 1419 1078 1487 faciam,
1135 1429 1195 1475 ut
1250 1422 1358 1474 ritu
1394 1421 1740 1475 morientium
1796 1430 1853 1477 et
1901 1422 2179 1476 occisione

602 1512 934 1577 occisorum,
976 1513 1163 1567 sanies
1201 1528 1391 1568 eorum
1421 1528 1485 1568 ac
1512 1512 1653 1568 fetor
1686 1514 1956 1569 neminem
1992 1515 2176 1568 lateat:

602 1615 726 1654 nam
770 1601 1002 1670 putredo
1044 1609 1097 1658 et
1126 1601 1267 1657 fetor
1300 1603 1404 1657 hoc
1456 1601 1668 1667 dicunt,
1712 1613 1969 1675 tanquam
2010 1618 2182 1673 nuper

604 1699 950 1747 mortuorum
1005 1700 1060 1747 et
1104 1693 1432 1749 cadaverum
1489 1695 1881 1765 proiectorum.
1939 1694 2077 1749 Tum
2127 1701 2182 1748 et

2282 510 2443 564 πάλιν
2474 509 2810 563 ἀποδώσουσι
2849 508 2928 577 τῷ
2959 507 3107 577 Θεῷ·
3146 507 3278 577 μετά
3320 505 3380 559 δὲ
3410 504 3562 557 τοῦτο
3598 507 3775 575 ἐπάγει·

2287 618 2307 653 ι
2356 586 2671 670 Ἐπεσκέψω
2698 600 2797 669 τὴν
2821 599 2944 667 γῆν,
2970 599 3063 651 καὶ
3092 596 3363 668 ὲμέθυσας
3390 596 3573 666 αὐτὴν,
3602 597 3778 668 ἐπλήθυ-

2282 708 2377 755 νας
2402 690 2494 745 τοῦ
2521 690 2818 761 πλουτῆσαι
2845 689 3014 761 αὐτὴν
3032 730 3049 753 ,
3089 708 3107 740 ι
3148 689 3242 743 καὶ
3264 688 3337 741 τά
3370 687 3495 756 ἑξῆς
3515 706 3529 719 ο
3555 688 3640 758 τήν
3661 690 3779 758 ἀφθο-

2284 781 2402 835 νίαν
2434 782 2607 851 λέγων
2626 782 2723 853 τὴν
2748 783 2871 836 τότε
2896 780 3297 853 προσεσομένην
3324 781 3507 842 αὐτοῖς
3524 796 3536 808 ·
3562 780 3643 834 τὸν
3664 783 3780 836 αὑτὸν

2282 875 2347 947 δὴ
2382 874 2583 945 τρόπον
2619 875 2894 929 κάνταῦθα
2922 872 3093 927 εἰπὼν
3126 873 3222 942 τῆς
3250 870 3505 938 εὐθηνίας
3529 870 3618 941 τὴν
3638 871 3780 926 ἀπόδο·

2287 982 2392 1027 σιν,
2424 964 2571 1033 λέγει
2595 966 2676 1019 ὅτι
2716 965 2830 1019 Ούκ
2857 965 3003 1019 ὲάσω
3033 963 3178 1034 ὑμᾶς
3208 961 3311 1016 ὑπὸ
3337 962 3451 1023 τοῖς
3479 959 3665 1013 ἔθνεσιν
3686 958 3780 1016 εἶναι

2283 1058 2464 1111 οὐκέτι
2490 1073 2503 1084 ’
2530 1057 2590 1109 τὸ
2621 1056 2730 1127 γὰρ
2770 1075 2789 1108 ι
2832 1056 2910 1110 Ού
2929 1055 3084 1109 δώσω
3110 1054 3253 1125 ὑμᾶς
3284 1054 3342 1105 ὲν
3372 1055 3485 1114 τοῖς
3512 1050 3693 1105 ἔθνεσιν
3717 1055 3779 1106 οὑ-

2285 1150 2403 1202 κέτι
2428 1151 2506 1210 είς
2531 1146 2853 1218 ὀνειδισμὸν,
2885 1165 2903 1197 ι
2931 1146 3089 1200 τοῦτο
3129 1145 3295 1213 λέγει.
3336 1143 3498 1196 Ἀλλά
3519 1142 3617 1213 γὰρ
3639 1143 3713 1196 καὶ
3730 1143 3782 1196 δίο

2284 1258 2387 1304 κας
2426 1240 2689 1312 λήψομαι,
2729 1239 2884 1310 φησὶ,
2930 1237 3084 1309 παρά
3123 1238 3230 1291 τῶν
3261 1234 3649 1307 ἐπεληλυθότων
3678 1236 3779 1305 ὑμῖν,

2285 1331 2493 1401 ἐρημίᾳ
2524 1347 2583 1383 τε
2626 1330 2823 1393 αὐτοὺς
2870 1329 2964 1382 καὶ
3009 1328 3301 1398 ἀφανισμῷ
3341 1326 3589 1381 παντελεῖ
3616 1328 3782 1398 παραδι-

2283 1422 2407 1485 δούς
2428 1438 2442 1453 °
2474 1421 2689 1493 πρῶτον
2723 1423 2819 1492 μὲν
2844 1421 2952 1491 γὰρ
2978 1420 3065 1473 διὰ
3090 1420 3448 1474 Βαϐυλωνίων
3474 1420 3782 1491 τιμωρήσομαι

2300 1515 2633 1586 Ἀσσυρίουςο
2669 1514 2787 1585 μετ’
2815 1514 2991 1566 ἐκεῖνο
3016 1512 3072 1565 δὲ
3109 1511 3483 1575 Βαϐυλωνίους
3512 1510 3592 1564 διὰ
3622 1510 3782 1581 Περσῶν

2287 1606 2565 1670 παντελῶς
2612 1605 2895 1661 ἀπολέσω·
2929 1604 3199 1675 τοσαύτην
3239 1604 3297 1657 δὲ
3343 1603 3522 1656 αὐτῶν
3551 1602 3782 1674 ἐργάσομαι

2286 1702 2386 1772 τὴν
2419 1699 2711 1762 ἀπώλειαν,
2746 1698 2888 1751 ὥστε
2932 1698 3088 1766 δίκην
3137 1695 3247 1749 τῶν
3299 1694 3711 1765 ἀποθνησκόντων
3745 1710 3782 1745 τε

602 1782 847 1846 verbum,
891 1786 1251 1850 «ascendet,»
1291 1802 1407 1856 pro,
1453 1786 1744 1851 Audietur,
1794 1787 1947 1843 dicit.
1978 1787 2182 1841 Horum

2286 1794 2380 1845 καὶ
2403 1791 2681 1854 παντελῶς
2706 1789 3113 1860 νεκρουμένων,
3144 1788 3244 1858 τήν
3274 1804 3332 1840 τε
3363 1786 3522 1857 σῆψιν
3553 1784 3701 1839 αὐτῶν
3725 1786 3782 1837 καὶ

602 1890 729 1930 vero
750 1876 993 1930 omnium
1018 1892 1274 1947 quaenam
1294 1893 1459 1934 causa
1476 1880 1599 1934 est?
1636 1898 1653 1930 ι
1678 1880 1815 1945 Quia
1838 1882 2183 1951 magnificata

2285 1881 2377 1952 τὴν
2404 1881 2668 1935 δυσωδίαν
2692 1880 2897 1953 μηδένα
2919 1879 3188 1933 διαλαθεῖν
3206 1894 3219 1907 ·
3244 1878 3345 1948 τὴν
3369 1878 3478 1948 γὰρ
3506 1876 3708 1946 σαπρίαν
3722 1877 3799 1957 καί

602 1975 726 2020 sunt
779 1982 943 2036 opera
994 1976 1107 2023 tua.
1136 1988 1153 2020 ι
1203 1966 1616 2025 Demonstrabit
1662 1973 1866 2041 quippe
1914 1972 2183 2027 Dominus

2285 1970 2370 2024 τὸν
2403 1969 2630 2042 βρόμον,
2659 1970 2816 2023 τοῦτο
2855 1970 3024 2038 λέγει,
3054 1969 3130 2033 ὡς
3166 1967 3595 2038 ὲπιτεθνηκότων
3621 1967 3700 2038 ήδη
3722 1966 3782 2019 καὶ

603 2070 827 2125 operum
862 2072 1089 2112 suorum
1127 2059 1557 2129 magnitudinem
1601 2060 1843 2116 hostium
1874 2062 2179 2133 punitione.

604 2145 806 2202 Dehinc
830 2156 1199 2215 consentanee
1222 2150 1333 2205 ait:

2279 2060 2489 2133 νεκρῶν
2522 2060 2788 2132 κειμένων
2809 2079 2823 2092 ·
2864 2060 2924 2114 τὸ
2953 2060 3010 2113 δὲ
3062 2078 3080 2111 ι
3116 2059 3476 2130 ἀναϐήσεται,
3515 2077 3531 2109 ι
3562 2059 3631 2111 δτι
3662 2057 3781 2109 Πᾶσιν

2283 2154 2608 2218 ἐξάκουστος
2644 2152 2816 2218 ἔσται,
2864 2153 3029 2223 φησί’
3080 2151 3285 2205 τούτων
3323 2152 3385 2206 δὲ
3424 2152 3625 2205 πάντων
3666 2151 3782 2203 utrm

609 2244 685 2310 ci;
723 2263 740 2295 ι
767 2245 888 2298 Ὅτι
916 2245 1252 2317 ὲμεγαλύνθη
1298 2247 1369 2300 τὰ
1411 2247 1548 2318 ἔργα
1590 2248 1775 2304 αὑτοῦ.
1808 2268 1826 2301 ι
1886 2252 1907 2321 (
1924 2266 1975 2320 p.
2026 2248 2166 2317 125)
2212 2249 2384 2315 Δείξει
2421 2250 2528 2322 γὰρ
2561 2249 2669 2303 τῶν
2701 2248 2913 2303 οἰκείων
2946 2248 3120 2319 ἔργων
3144 2248 3205 2302 τὸ
3247 2248 3473 2319 μέγεθος
3495 2249 3521 2301 ὁ
3547 2246 3660 2310 Θεὸς
3677 2245 3781 2314 ini

610 2337 731 2405 περὶ
762 2337 959 2398 αὐτοὺς
984 2337 1245 2407 τιμωρίᾳ.
1288 2332 1419 2391 Εἶτα
1446 2337 1753 2403 ἀκολούθως
1774 2340 1969 2409 ἐπάγει
1990 2358 2003 2370 ·

676 2426 838 2481 Vens.
861 2427 1047 2481 9.1-9.7.
1069 2456 1139 2466 -—
1169 2446 1186 2478 ι
1212 2427 1455 2493 Confide,
1478 2439 1665 2499 terra;
1700 2432 1877 2504 gaude
1896 2440 1951 2488 et
1976 2433 2178 2498 laetare,

606 2518 866 2589 quoniam
917 2519 1285 2588 magnificavit
1312 2518 1476 2585 Deus,
1524 2528 1583 2574 ut
1629 2520 1852 2577 faceret.
1884 2521 2178 2585 Contidite,

608 2612 853 2681 iumenta
899 2610 1100 2680 campi,
1153 2611 1279 2680 quia
1327 2613 1700 2683 germinarunt
1748 2622 1901 2685 prata
1939 2613 2178 2669 deserti:

607 2702 733 2770 quia
774 2700 979 2771 lignum
1010 2698 1181 2754 edidit
1210 2699 1449 2755 fructum
1483 2718 1664 2765 suum,
1702 2702 1830 2757 vitis
1868 2710 1922 2757 et
1951 2700 2183 2756 ﬁculnea

608 2792 960 2860 protulerunt
1012 2788 1253 2859 vigorem
1290 2804 1473 2845 suum.
1498 2811 1516 2843 ›
1556 2790 1767 2847 Gaudio
1800 2792 1995 2863 gestiet
2039 2801 2184 2846 terra

606 2881 677 2936 ob
702 2878 795 2935 Dei
835 2895 1064 2950 operum
1097 2880 1551 2951 magnitudinem,
1598 2892 1825 2954 accepta
1872 2884 1942 2938 ab
1966 2899 2033 2939 eo
2070 2882 2186 2937 fru—

607 2986 734 3041 gum
770 2971 1136 3025 fecunditate:
1170 2987 1349 3051 neque
1382 2975 1564 3030 secius
1594 2973 1844 3044 jumenta
1891 2975 2068 3044 campi
2095 2990 2189 3030 co-

608 3062 820 3131 piosam
845 3062 1037 3131 pascui
1071 3062 1325 3117 habentia
1356 3063 1703 3132 fruitionem;
1742 3074 2049 3137 praaterque
2074 3065 2189 3121 haec

2350 2427 2498 2496 Στίχ.
2547 2426 2768 2488 κακκζη
2813 2454 2882 2466 --
2920 2442 2938 2473 ι
2988 2422 3190 2494 Θάρσει
3213 2462 3230 2487 ,
3264 2422 3361 2492 γῆ,
3406 2422 3589 2493 χαίροι)
3620 2419 3696 2473 καὶ
3725 2419 3781 2470 5'3—

2280 2519 2515 2592 φραίνου
2540 2536 2556 2550 ·
2599 2519 2681 2571 ὅτι
2710 2516 3013 2588 ὲμεγάλυνε
3057 2515 3261 2587 Κύριος
3303 2513 3402 2568 τοῦ
3437 2514 3670 2582 ποιῆσαν
3694 2510 3781 2579 θαρ-

2281 2616 2446 2674 σεῖτε,
2497 2610 2669 2681 κτήνη
2718 2609 2813 2662 τού
2848 2607 3028 2661 πεδίου
3049 2649 3063 2670 ,
3097 2608 3179 2659 ὃτι
3214 2605 3548 2675 βεϐλάστηκε
3576 2604 3636 2657 τὰ
3672 2600 3781 2655 πεδία

2278 2702 2377 2773 τῆς
2428 2703 2669 2772 ὲρήμου’
2715 2701 2797 2754 ὃτι
2830 2698 2984 2765 ξύλον
3038 2699 3237 2769 ἤνεγκε
3279 2697 3376 2750 τὸν
3407 2694 3606 2766 καρπὸν
3637 2690 3779 2747 αὐτοῦ’

2254 2790 2523 2862 ’ἄμπελος
2570 2790 2665 2843 καὶ
2696 2789 2835 2858 συκῆ
2879 2788 3084 2842 ἔδωκαν
3125 2788 3225 2857 τήν
3268 2785 3425 2857 ἰσχὺν
3468 2784 3645 2838 αὐτῶν.
3675 2800 3689 2833 ι
3724 2781 3780 2833 Ἐν

2282 2882 2640 2953 εὐφροσύναις
2668 2882 2766 2950 μὲν
2796 2877 2888 2935 οὖν
2918 2879 3071 2933 ἔσται
3097 2881 3129 2951 ή
3166 2870 3239 2948 γῆ
3271 2879 3365 2930 ἐπὶ
3390 2876 3466 2947 τῷ
3500 2874 3688 2946 μεγέθει
3709 2872 3780 2925 τῶν

2283 2974 2437 3043 παρά
2461 2973 2555 3027 τοῦ
2582 2973 2717 3027 Θεοῦ
2746 2974 3102 3044 γιγνομένων,
3130 2970 3466 3042 ἀπειληφυία
3490 2967 3589 3021 τῶν
3617 2963 3780 3037 καρπῶν

2285 3066 2391 3120 τῶν
2414 3065 2629 3119 οἰκείων
2655 3064 2753 3135 τὴν
2787 3064 2988 3134 φοράν*
3021 3061 3173 3115 οὐδὲν
3208 3058 3371 3131 ἧττον
3410 3062 3501 3112 καὶ
3534 3058 3596 3112 τὰ
3624 3055 3780 3109 106::-

608 3155 813 3219 omnia,
856 3155 987 3223 ligni
1035 3170 1257 3225 quoque
1301 3155 1515 3211 fructus
1558 3157 1817 3226 copiosus
1860 3156 2183 3227 pnebebitur

2285 3158 2398 3211 δίου
2426 3159 2597 3228 κτήνη
2622 3156 2817 3227 δαψιλῆ
2845 3156 2943 3226 τῆς
2974 3155 3145 3225 νομῆς
3172 3152 3367 3224 ἔχοντα
3400 3152 3494 3224 τὴν
3520 3150 3778 3206 ἀπόλαυσιν’

610 3244 982 3315 indigentibus
1012 3260 1098 3299 eo.
1137 3263 1154 3296 ι
1180 3244 1242 3298 Ει
1275 3245 1369 3300 illii
1404 3245 1611 3310 Sionis,
1640 3248 1872 3317 gaudete
1907 3260 2068 3320 atque
2099 3248 2183 3301 Ire-

2290 3252 2384 3303 καὶ
2419 3250 2555 3321 πρὸς
2595 3247 2765 3302 ἅπασί
2797 3264 2859 3315 γε
2896 3249 2977 3300 ὅτι
3007 3246 3100 3299 καὶ
3139 3247 3167 3298 ὁ
3208 3246 3271 3299 ἐκ
3312 3246 3422 3299 τῶν
3450 3244 3606 3309 ξύλων
3633 3238 3781 3309 καρπὸς

612 3338 799 3390 tamini
828 3338 880 3390 in
904 3337 1134 3393 Domino
1159 3338 1268 3394 Deo
1295 3349 1500 3407 vestro,
1525 3341 1654 3412 quia
1683 3342 1833 3397 dedit
1858 3343 2011 3398 vobis
2032 3358 2188 3399 escas

611 3428 677 3480 ad
710 3427 1001 3496 justitiam,
1026 3428 1282 3498 pluetque
1305 3431 1459 3487 vobis
1498 3430 1729 3487 imbrem
1763 3434 2091 3487 matutinum
2125 3447 2188 3487 ac

612 3518 937 3582 serotinum,
982 3520 1125 3575 sicut
1173 3529 1355 3577 antea.
1395 3523 1459 3576 Et
1494 3523 1867 3594 implebuntur
1910 3540 2049 3580 areae
2076 3523 2190 3578 fru-

618 3622 824 3677 mento,
862 3621 915 3666 et
964 3614 1353 3669 redundabant
1404 3616 1705 3670 toreularia
1750 3617 1877 3671 vino
1910 3625 1965 3672 et
2001 3619 2141 3672 oleo.
2164 3637 2183 3667 ι

612 3700 746 3768 Qua:
768 3714 923 3758 antea
942 3703 1082 3757 dixit
1104 3714 1350 3775 ereptum
1371 3706 1463 3769 iri,
1486 3721 1547 3761 ea
1571 3722 1719 3762 nunc
1739 3708 1919 3763 danda
1936 3708 2185 3762 afﬁrmat.

612 3794 813 3849 Cuncti
859 3796 1005 3849 enim
1033 3796 1125 3865 qui
1176 3799 1323 3851 circa
1365 3796 1586 3852 Sionem
1613 3806 1852 3854 montem
1892 3808 2020 3855 sunt
2053 3815 2189 3854 con-

611 3888 843 3957 gregati.
868 3897 923 3942 et
951 3890 1366 3945 convenientem
1408 3890 1519 3945 Ι)εο
1547 3892 1756 3947 cultum
1785 3892 2066 3957 exhibent,
2098 3893 2190 3947 la:-

615 3980 720 4034 tari
743 3988 1044 4044 merentur,
1066 3982 1279 4052 frugum
1307 3972 1841 4055 abundantia'potiti,
1861 3998 2020 4055 quam
2041 3984 2191 4054 juste

614 4072 753 4141 ipsis
789 4081 1146 4142 peccatorum
1174 4090 1398 4129 suorum
1430 4074 1821 4144 paenitentibus
1854 4074 1998 4131 Deus
2030 4077 2186 4130 attri-

612 4163 769 4228 bu-it;
800 4164 1004 4233 quibus
1032 4165 1196 4218 etiam
1231 4165 1486 4219 imbrium
1510 4167 1886 4237 tempestivam
1919 4166 2191 4222 sufficien-

614 4262 834 4322 temque
899 4270 1122 4309 usuram
1167 4255 1481 4321 exhibebit;
1542 4256 1679 4309 adeo
1730 4264 1790 4310 ut
1826 4256 2188 4327 germinantia

616 4342 814 4396 tellure
841 4344 1074 4407 semina,
1107 4352 1159 4397 et
1194 4345 1461 4413 lignorum
1494 4345 1603 4414 82
1636 4346 1845 4401 fructus
1869 4348 2036 4400 multa
2064 4363 2187 4402 cum

618 4433 975 4487 exuberantia
1010 4435 1117 4489 illis
1145 4437 1458 4490 obveniant.
1505 4454 1523 4486 ι
1547 4438 1612 4491 Et
1653 4436 1873 4491 reddam
1904 4437 2060 4492 vobis
2092 4453 2189 4491 an-

619 4540 722 4579 nos
761 4539 901 4593 quos
946 4526 1181 4579 comedit
1213 4526 1445 4589 locusta,
1495 4526 1755 4590 bruchus,
1782 4534 1837 4581 et
1884 4527 2099 4597 rubigo,
2134 4534 2186 4581 et

614 4631 815 4671 eruca:
875 4615 1143 4671 fortitudo
1197 4632 1319 4672 mea
1366 4632 1560 4688 magna
1590 4633 1752 4689 quam
1799 4618 1925 4673 misi
1965 4619 2031 4672 ad
2067 4633 2184 4673 vos.

616 4706 684 4761 Et
714 4706 1018 4763 comedetis
1055 4716 1357 4775 vescentes,
1384 4716 1437 4763 et
1468 4710 1871 4775 saturabimini,
1908 4718 1962 4765 et
2000 4710 2190 4765 lauda—

616 4799 749 4853 hitis
771 4814 970 4854 nomen
996 4797 1088 4854 Dei
1112 4800 1300 4865 vestri,
1330 4801 1422 4870 qui
1450 4801 1575 4855 fecit
1597 4802 1861 4856 mirabilia
1881 4801 2186 4868 vobiscum;

615 4899 671 4946 et
708 4906 818 4944 non
848 4890 1217 4946 confundetur
1244 4894 1475 4962 p0pulus
1503 4909 1656 4949 meus
1686 4895 1739 4948 in
1772 4898 2184 4964 sempiternum.

618 4981 687 5036 Et
714 4983 1057 5052 cognoscetis
1105 4983 1233 5053 quia
1270 4984 1321 5037 in
1354 4984 1528 5039 medio
1556 4983 1772 5041 lsraelis
1804 5000 1904 5055 ego
1926 5001 2077 5039 sum:
2132 4993 2186 5039 et

616 5088 719 5144 ego
745 5072 1012 5129 Dominus
1049 5074 1193 5130 Deus
1224 5084 1425 5138 vester,
1462 5085 1515 5131 et
1564 5092 1671 5130 non
1698 5089 1781 5132 est
1819 5078 1958 5132 alius
1995 5084 2188 5146 praeter

618 5180 725 5218 me.
788 5164 853 5217 Et
912 5180 1020 5219 non
1072 5166 1441 5221 confundetur
1489 5169 1626 5222 ultra
1654 5169 1885 5238 populus
1926 5186 2078 5225 tueus
2134 5172 2188 5224 in

616 5254 1036 5324 sempiternum.
1063 5276 1080 5306 ι
1121 5255 1332 5321 Quanta
1358 5259 1523 5327 igitur
1544 5257 1610 5313 de
1636 5260 1963 5314 necessariis
2002 5275 2190 5329 super-

613 5346 898 5403 venientes
915 5348 1100 5403 hostes
1122 5352 1273 5402 varie
1296 5364 1359 5401 ac
1374 5349 1726 5404 nmltil‘ariam
1746 5352 2190 5421 consumpserint

613 5438 786 5507 (patet
815 5439 958 5493 enim
1001 5440 1223 5493 locustae
1250 5441 1584 5502 nominibus,
1621 5456 1683 5495 ac
1711 5441 1922 5505 bruchi,
1954 5453 2008 5497 et
2032 5443 2181 5497 rubi-

617 5528 781 5596 ginis,
824 5538 879 5584 et
910 5545 1109 5596 erucm,
1150 5531 1337 5586 hostes
1379 5532 1652 5602 deuotari)
1689 5532 1912 5587 totidem
1944 5549 2044 5605 ego
2094 5551 2182 5591 re-

618 5622 862 5683 stituam,
896 5630 954 5674 ut
985 5623 1066 5675 sic
1089 5638 1186 5677 vos
1210 5624 1413 5676 lautum
1441 5622 1698 5678 habentes
1725 5622 1971 5678 datarum
2000 5640 2181 5680 rerum

619 5722 799 5778 usum,
851 5712 1064 5770 debitos
1118 5715 1430 5772 retribuatis
1487 5714 1592 5770 Deo
1649 5715 1901 5785 hymnos,
1961 5726 2180 5788 propter

2287 3337 2517 3408 δαψιλὴς
2568 3339 2863 3408 παρέχεται
2898 3338 3009 3398 τοῖς
3046 3334 3337 3405 δεομένοις.
3378 3353 3398 3385 ι
3443 3334 3545 3387 Καὶ
3580 3330 3637 3384 τὰ
3669 3328 3779 3382 τέκνα

2288 3428 2446 3490 Σιὼν,
2478 3430 2696 3501 χαίρετε
2714 3467 2729 3490 ,
2768 3427 2863 3480 καὶ
2889 3424 3241 3498 εὐφραίνεσθε
3283 3427 3378 3479 ἐπὶ
3406 3425 3481 3495 τῷ
3509 3422 3671 3494 Κυρίῳ
3700 3416 3780 3485 Θεῷ

2290 3520 2476 3591 ὑμῶν·
2522 3521 2603 3573 ὅτι
2631 3519 2827 3571 ἔδωκεν
2876 3518 3004 3587 ὑμῖν
3051 3515 3312 3587 βρώματα
3356 3518 3441 3579 είς
3484 3510 3780 3577 δικαιοσύνην⁹

2290 3612 2379 3663 καὶ
2420 3610 2600 3682 βρέξει
2642 3610 2768 3678 ὑμῖν
2816 3608 2971 3661 ὑετὸν
3005 3607 3251 3678 πρώῖμον
3299 3608 3397 3660 καὶ
3439 3606 3618 3676 ὄψιμον
3653 3596 3780 3656 καθὼς

2289 3700 2596 3771 ἔμπροσθεν
2616 3716 2629 3729 ο
2681 3701 2771 3753 καὶ
2808 3698 3206 3770 πλησθήσονται
3236 3699 3293 3752 αί
3323 3698 3525 3761 ἀλωνες
3560 3696 3697 3751 σίτου,
3721 3685 3783 3741 καὶ

2290 3790 2821 3865 ύπερεκχυθήσονται
2865 3790 2920 3843 αἱ
2971 3789 3121 3860 ληνοὶ
3162 3790 3305 3842 οἴνου
3358 3790 3455 3842 καὶ
3491 3786 3666 3841 ἐλαίου.
3693 3799 3708 3832 ι
3737 3780 3781 3827 Ἀ

2289 3883 2399 3954 γὰρ
2430 3885 2489 3935 ἐν
2519 3884 2631 3944 τοῖς
2663 3880 2953 3951 ἀνωτέροις
2986 3877 3138 3933 εἶπεν
3178 3880 3524 3952 ἀφῃρῆσθαι,
3553 3874 3695 3929 ταῦτα
3718 3867 3781 3921 νίν

2290 3973 2637 4030 ἀποδίδοσθαι
2683 3974 2832 4041 λέγει
2853 3988 2864 4001 ·
2903 3972 3101 4035 πάντες
3132 3972 3262 4042 γὰρ,
3297 3974 3492 4042 φησὶν,
3530 3971 3575 4023 oi
3611 3963 3712 4032 περὶ
3741 3957 3780 4010 τὸ

2290 4066 2429 4120 Σιὼν
2469 4065 2594 4134 ὅρος
2626 4063 3003 4135 συλλεγόμενοι
3037 4080 3120 4127 τε,
3152 4065 3247 4117 καὶ
3273 4062 3372 4134 τὴν
3404 4061 3707 4131 καθήκουσαν
3728 4046 3781 4115 τῷ

2289 4156 2407 4226 Θεῷ
2434 4154 2763 4227 πληροῦντες
2803 4154 3101 4226 θεραπείαν
3120 4193 3135 4218 ,
3171 4154 3366 4208 δίκαιοι
3397 4150 3505 4208 εἷεν
3529 4151 3588 4205 ἀν
3614 4139 3781 4213 εὐφραίο

2289 4246 2472 4301 νεσθαι
2497 4286 2511 4307 ,
2546 4246 2643 4317 τὴν
2685 4246 2944 4315 ἀφθονίαν
2972 4263 3031 4299 τε
3065 4246 3173 4300 τῶν
3207 4248 3435 4318 καρπῶν
3475 4238 3780 4299 ἀπολαὸόπες.

2291 4338 2365 4407 (Ρο
2414 4336 2534 4406 124)
2565 4338 2629 4408 ἣν
2658 4337 2879 4400 δικαίως
2910 4338 3090 4402 αὐτοῖς
3128 4340 3573 4411 μεταμεληθήσιν
3601 4318 3780 4400 ὑπὲρῶν

2287 4431 2532 4501 ἥμαρτον
2564 4431 2912 4501 παρέσχηκεν
2944 4432 2973 4483 ὁ
3005 4431 3158 4495 Θεὸς,
3194 4432 3287 4485 καὶ
3319 4433 3401 4485 ὅτι
3431 4431 3531 4485 τῶν
3557 4428 3698 4481 ὑετῶν
3716 4418 3781 4473 αὖ·

2290 4526 2400 4583 τοῖς
2436 4520 2689 4592 εὔκαιρον
2736 4523 2828 4574 καὶ
2870 4523 3115 4594 αύτάρκη
3160 4524 3453 4593 παρέξεται
3493 4523 3583 4589 τὴν
3614 4512 3754 4588 χρείαν
3768 4522 3777 4536 ’

2291 4612 2429 4666 ὥστε
2463 4614 2556 4666 καὶ
2588 4612 2657 4665 τὰ
2701 4616 2764 4666 ἐκ
2794 4614 2895 4685 γῆς
2937 4616 3181 4686 φυόμενα
3213 4616 3320 4668 τῶν
3366 4614 3691 4687 σπερμάτων,
3718 4599 3782 4654 καὶ

2287 4706 2412 4768 τοὺς
2433 4707 2496 4758 ὲκ
2528 4705 2699 4769 ξύλων
2732 4709 2998 4777 καρποὺς,
3033 4709 3171 4779 μετά
3199 4708 3399 4778 πολλῆς
3430 4710 3598 4769 αὐτοῖς
3621 4695 3782 4771 προσγί·

2287 4797 2470 4850 νεοθαι
2506 4798 2607 4867 τῆς
2653 4799 2986 4869 περιουσίας.
3036 4817 3054 4847 ι
3115 4801 3224 4853 Καὶ
3264 4799 3538 4854 ἀνταποδῶ
3568 4796 3675 4865 ὑμῖν
3700 4784 3782 4841 ἀντὶ

2285 4887 2392 4940 τῶν
2427 4887 2565 4940 ἐτῶν
2593 4880 2666 4940 ὧν
2695 4888 3001 4956 κατέφαγεν
3033 4891 3064 4959 ή
3100 4890 3261 4960 ἁκρὶς
3294 4890 3388 4942 καὶ
3430 4891 3457 4942 ὁ
3491 4883 3685 4958 βροῦχος
3717 4872 3781 4924 καὶ

2285 4982 2317 5048 ἡ
2367 4980 2591 5049 ἐρυσίὸη
2631 4981 2725 5033 καὶ
2761 4983 2793 5050 ἡ
2840 4982 3033 5051 κάμπη
3056 5019 3070 5043 ,
3104 4984 3136 5052 ἡ
3180 4980 3403 5051 δύναμίς
3437 4997 3531 5051 μου
3566 4978 3594 5045 ὴ
3628 4964 3781 5042 μεγάλη

2284 5072 2350 5142 ἢν
2394 5070 2751 5136 ἐξαπέστειλα
2781 5075 2861 5135 εἰς
2908 5075 3082 5145 ὑμᾶς·
3136 5077 3230 5127 καὶ
3272 5074 3503 5144 φάγεσθε
3554 5065 3779 5121 ἐσθίοντες,

2285 5165 2379 5219 καὶ
2436 5164 2907 5235 ἐμπλησθήσεσθε,
2962 5168 3054 5219 καὶ
3110 5169 3349 5221 αἰνέσετε
3408 5168 3468 5219 τὸ
3512 5165 3661 5230 ὄνομα
3702 5151 3781 5202 Κυ⁶

2287 5257 2401 5329 ρίου
2451 5259 2543 5311 τοῦ
2578 5258 2713 5311 Θεοῦ
2748 5260 2935 5331 ὑμῶν,
2978 5262 3037 5324 ὃς
3080 5261 3303 5332 εποίησε
3346 5262 3460 5332 μεθ’
3507 5254 3641 5326 ὑμῶν
3684 5246 3777 5296 θαν-

2290 5350 2485 5418 μάςια·
2530 5351 2625 5403 καὶ
2656 5352 2716 5403 ού
2763 5353 2836 5421 μὴ
2868 5354 3234 5424 καταισχυνθῇ
3271 5356 3299 5407 ὁ
3340 5354 3461 5415 λαός
3507 5364 3598 5419 μου
3632 5344 3695 5401 εις
3719 5334 3781 5424 ibi

2288 5442 2491 5496 αἰῶναο
2558 5444 2651 5495 καὶ
2695 5423 3075 5513 ἐπιγνώσεσθε
3102 5448 3183 5500 ὅτι
3212 5423 3278 5500 έν
3319 5447 3465 5516 μέσῳ
3495 5441 3579 5496 τοῦ
3620 5423 3781 5501 Ἰσραὴλ

2290 5533 2399 5601 ἐγώ
2443 5536 2559 5605 εἰμι
2584 5552 2596 5564 ·
2634 5536 2726 5588 καὶ
2754 5537 2866 5605 ἐγὼ
2911 5538 3111 5610 Κύριος
3157 5540 3186 5591 ὀ
3226 5538 3357 5603 Θεὸς
3394 5535 3558 5609 ὑμῶν,
3596 5526 3673 5581 καὶ
3711 5516 3781 5610 οφ(

2290 5625 2437 5679 ἔστιν
2461 5627 2542 5680 ἔτι
2568 5628 2706 5698 πλὴν
2735 5630 2867 5698 ἐμοῦ
2891 5648 2904 5662 ·
2941 5606 3032 5684 καὶ
3065 5632 3126 5683 ού
3164 5631 3237 5702 μὴ
3264 5606 3609 5701 καταισχυνθῇ
3635 5620 3658 5671 ὁ
3691 5606 3781 5664 λαός

2295 5734 2396 5788 μου
2427 5718 2504 5772 ἔτι
2532 5721 2608 5784 είς
2636 5721 2722 5776 τὸν
2752 5722 2938 5777 αἰῶνα.
2976 5742 2993 5774 ι
3032 5723 3234 5779 Ὀπὸσα
3261 5724 3433 5778 τοίνυν
3469 5702 3780 5782 ἐπεληλυθότες
