3860 6514
114 278 198 335 229
1039 276 1589 337 COMMENTARIUS
1624 281 1691 337 IN
1726 282 1958 341 JOELIS
1989 286 2141 342 CAP.
2168 285 2228 343 ll.

3207 278 3316 334 230

116 400 157 455 el
179 394 399 464 πολέμιοι
424 390 533 445 τῶν
552 388 936 462 προσηκόντων
961 391 1351 445 κατανάλωσαν
1371 392 1636 463 διαφόρως

1740 396 1970 462 grandia
2027 411 2091 450 ac
2136 395 2411 453 mirabilia
2456 411 2581 470 quas
2621 398 2789 454 vestri
2837 414 3005 457 causa
3052 406 3309 474 patravit.

114 510 161 545 τε
184 489 265 543 καὶ
290 485 543 548 ποικίλως
562 500 574 512 ·
613 482 836 554 εὔδηλον
871 481 980 554 γὰρ
1008 484 1090 537 ὅτι
1135 483 1333 555 ἀκρίδα
1356 484 1451 537 καὶ
1481 483 1639 554 βροῦ-

115 601 190 655 χον
221 580 305 633 καί⁵
346 576 600 647 ἐρυσίϐην
640 575 733 628 καὶ
779 574 1007 645 κάμπην
1046 574 1220 629 ταῦτα
1257 575 1440 629 καλεῖ*
1469 573 1639 628 ταῦτα

114 672 219 740 ὑμῖν
253 667 695 737 ἀποκαταστήσω,
743 662 885 719 ὥστε
920 666 1066 737 ὑμᾶς
1116 666 1378 720 πλουσίαν
1419 666 1641 736 ἔχοντας

112 762 198 813 τῶν
220 759 499 829 δεδομένων
532 758 629 830 τὴν
666 758 964 812 ἀπόλαυσιν
984 798 999 823 ,
1028 759 1410 830 ὀφειλομένους
1451 762 1640 814 ἀποδι-

110 854 229 905 δόναι
256 850 325 921 τῷ
350 849 467 921 Θεῷ
496 849 620 912 τοὺς
650 849 874 920 ὕμνους,
913 850 1051 921 ὑπὲρ
1079 843 1153 903 ὧν
1182 850 1246 921 δὴ
1276 851 1524 921 μεγάλων
1550 853 1643 905 καὶ

1736 485 1967 556 Jamque
1998 502 2097 541 vos
2126 488 2335 545 diutius
2366 505 2475 544 non
2515 491 2876 554 erubescetis,
2912 495 3071 563 quasi
3108 495 3315 565 absque

1739 578 1942 631 auxilio
1967 594 1995 630 a
2022 594 2107 632 me
2137 579 2408 645 destituti,
2436 581 2491 635 in
2527 582 2796 651 ejusmodi
2825 598 3097 641 mrumnas
3128 586 3315 641 incur-

1740 667 1957 723 reritis:
1992 669 2314 740 plenamque
2339 673 2590 741 poteritis
2621 690 2685 728 ex
2712 676 2876 731 rebus
2902 676 3037 747 ipsis
3062 678 3309 732 notitiam

1740 774 1955 829 capere,
2003 776 2088 816 me
2125 761 2270 817 inter
2296 778 2396 818 vos
2418 767 2650 832 versari,
2692 769 2787 836 qui
2818 783 3010 838 reapse
3042 769 3312 825 Dominus

1740 861 1918 906 vester
1947 860 1999 907 et
2023 861 2171 907 tutor
2203 855 2354 909 solus
2379 871 2523 912 sum.

114 946 399 1017 θαυμαστῶν
421 944 720 1015 πεποίηκεν
744 946 823 1008 είς
853 945 1024 1014 ὑμᾶς’
1053 943 1129 1007 ὡς
1161 944 1355 1015 μηκέτι
1380 946 1479 1015 μέν
1499 945 1642 1015 ὑμᾶς
1680 943 2027 1014 αἰσχύνεσθαι
2065 946 2148 1015 ἐφ’
2172 940 2252 1007 οἷς
2280 946 2571 1018 ἀϐοήθητοι
2615 950 2744 1019 παρ’
2771 950 2901 1020 ἐμοῦ
2943 953 3315 1024 μεμενήκατε,

110 1038 344 1100 τοσούτοις
372 1034 852 1106 περιπεπτωκότες
879 1038 1097 1098 κακοῖςο
1127 1035 1215 1105 (p.
1243 1036 1381 1105 ηδ)
1411 1035 1613 1107 ἀκριϐῆ
1642 1033 1698 1086 δὲ
1727 1034 1986 1089 δύνασθαι
2032 1037 2173 1107 ὑμᾶς
2202 1037 2260 1101 ἐξ
2288 1038 2466 1091 αὐτῶν
2492 1039 2599 1092 τῶν
2626 1042 2966 1109 πραγμάτων
3001 1041 3180 1095 λαϐεῖν
3209 1042 3315 1114 τὴν

111 1134 389 1200 ἐπίγνωσιν,
422 1130 504 1182 ὅτι
539 1129 596 1182 ἐν
636 1129 764 1199 ὑμῖν
800 1129 915 1199 εἰμι
936 1144 948 1157 ·
978 1128 1073 1181 ἅτε
1101 1129 1194 1181 καὶ
1220 1128 1484 1200 δεσπότης
1515 1127 1666 1195 ὑμῶν
1690 1129 1784 1181 καὶ
1815 1129 2065 1199 κηδεμὼν
2104 1131 2262 1199 μόνος
2293 1131 2572 1200 ὑπάρχων.

163 1225 289 1295 Στίχ.
331 1221 544 1292 κη’-λβ’.
572 1251 644 1261 —
689 1240 709 1273 ι
746 1221 856 1275 Καὶ
887 1221 1039 1275 ἐσται
1086 1221 1224 1292 μετά
1252 1222 1425 1276 ταῦτα
1467 1221 1641 1292 ἐκχεῶ

107 1317 193 1371 ἀπὸ
214 1315 295 1367 τοῦ
323 1313 635 1384 Πνεύματός
669 1330 771 1384 μου
805 1313 899 1365 ἐπὶ
927 1314 1104 1367 πᾶσαν
1137 1313 1343 1384 σάρκα·
1380 1315 1475 1367 καὶ
1511 1331 1641 1385 προ-

108 1405 429 1479 φητεύσουσιν
461 1405 511 1458 οἱ
544 1404 652 1456 υίοὶ
680 1404 774 1457 καὶ
816 1405 873 1455 αἱ
901 1402 1197 1474 θυγατέρες
1248 1403 1398 1473 ὑμῶν
1418 1442 1434 1467 ,
1465 1404 1559 1457 καὶ
1589 1404 1638 1455 ot

106 1497 423 1570 πρεσϐύτεροι
454 1493 612 1565 ὑμῶν
656 1494 928 1556 ἐνυπνίοις
965 1493 1508 1565 ἐνυπνιασθήσονται·
1547 1495 1640 1548 καλ⁹

105 1593 142 1645 οξ
170 1588 415 1644 νεανίσκοι
450 1586 608 1657 ὑμῶν
637 1586 856 1656 ὁράσεις
893 1584 1143 1656 ὄψονται·
1172 1587 1265 1640 καί
1302 1604 1364 1655 γε
1401 1588 1493 1639 ἐπὶ
1515 1586 1640 1650 τοὺς

1809 1222 1974 1278 Vens.
2000 1224 2191 1279 28-52.
2217 1256 2284 1267 —-
2318 1244 2336 1276 ι
2359 1226 2425 1279 Ει
2446 1230 2553 1280 erit
2583 1237 2704 1295 post
2738 1227 2887 1280 lucc:
2926 1226 3210 1282 Ell‘undam
3243 1228 3311 1286 de

1738 1315 1942 1385 Spiritu
1968 1331 2087 1371 meo
2110 1332 2275 1388 super
2295 1332 2509 1371 omnem
2535 1332 2755 1374 carnem
2778 1337 2793 1384 ;
2825 1327 2878 1373 et
2904 1322 3310 1389 prophetabunt

1735 1407 1830 1461 lilii
1886 1408 2054 1463 vestri
2102 1416 2156 1463 et
2206 1408 2329 1462 ﬁliae
2377 1418 2605 1465 vestrae:
2668 1425 2828 1466 senes
2882 1413 3044 1466 vestri
3095 1415 3307 1467 somnia

1742 1488 2120 1556 somniabunt,
2142 1500 2195 1545 et
2209 1491 2437 1561 juvenes
2454 1494 2621 1548 vestri
2643 1495 2884 1551 visiones
2901 1497 3181 1552 videbunt.
3201 1496 3307 1554 Sed

1740 1587 1794 1634 et
1816 1594 1983 1650 super
2012 1596 2204 1637 servos
2225 1597 2377 1640 meos
2396 1593 2450 1639 et
2474 1586 2706 1641 ancillas
2732 1602 2881 1644 meas
2906 1589 2959 1643 in
2979 1588 3172 1644 diebus
3198 1592 3307 1647 illis

104 1684 285 1745 δούλους
313 1697 412 1750 μου
437 1679 537 1731 καλ⁵
563 1677 658 1731 ἐπὶ
683 1677 782 1741 τὰς
810 1677 1003 1742 δούλας
1035 1696 1134 1749 μου
1163 1680 1219 1732 ἐν
1257 1682 1376 1742 ταῖς
1405 1679 1636 1750 ἡμέραις

1739 1669 2011 1726 effundam
2046 1673 2112 1728 de
2147 1673 2350 1744 Spiritu
2398 1692 2538 1743 meo,
2565 1687 2618 1730 et
2638 1680 3141 1749 propbetabunt.Et
3167 1684 3308 1740 dabo

108 1775 305 1837 ἐκείναις
328 1770 504 1842 ἐκχεῶ
532 1771 644 1824 ἀπὸ
664 1769 759 1824 τοῦ
792 1769 1106 1842 Πνεῦματός
1136 1789 1258 1841 μου,
1306 1772 1398 1825 καὶ
1426 1787 1636 1842 προφη-

104 1867 340 1921 τεύσουσι·
371 1864 465 1916 καὶ
496 1862 659 1915 δώσω
700 1860 903 1933 τέρατα
945 1863 1004 1915 ἐν
1050 1861 1129 1933 τῷ
1157 1861 1370 1934 οὐρανῷ
1416 1863 1508 1915 καὶ
1544 1860 1636 1915 ἐπὶ

104 1960 179 2029 τῆς
210 1956 323 2027 γῆς,
355 1950 497 2025 αἷμα
522 1954 623 2007 καὶ
653 1952 764 2025 πῦρ
796 1954 891 2008 καὶ¹
925 1954 1125 2024 ἀτμίδα
1156 1952 1364 2007 καπνοῦ
1383 1970 1400 1986 ·
1426 1954 1456 2006 ὁ
1486 1953 1631 2023 ἥλιος

108 2048 576 2120 μεταστραφήσεται
604 2046 682 2109 εἰς
710 2046 917 2109 σκότος.
952 2047 1043 2099 καὶ
1074 2045 1336 2116 ἡ¹σελήνη
1367 2047 1445 2109 είς
1474 2042 1632 2115 αἷμα,

107 2141 206 2210 πρὶν
241 2139 406 2192 ἐλθεῖν
438 2136 542 2207 τὴν
590 2136 804 2207 ἡμέραν
854 2136 1062 2208 Κυρίου
1107 2136 1206 2207 τὴν
1252 2137 1491 2207 μεγάλην
1541 2137 1635 2191 καὶ

106 2231 298 2301 ἐπιφανῆ
319 2248 332 2260 ’
360 2230 453 2284 καὶ
476 2229 633 2283 ἐσται
657 2229 765 2291 πᾶς
785 2228 845 2292 ὃς
868 2228 934 2282 ἂν
964 2228 1355 2298 ἐπικαλέσηται
1384 2229 1445 2282 τὸ
1467 2229 1636 2298 ὄνομα

104 2324 291 2395 Κυρίου,
322 2321 632 2392 σωθήσεται
660 2336 673 2349 ·
705 2321 785 2373 ὅτι
824 2321 882 2371 ἐν
912 2319 990 2390 τῷ
1027 2320 1142 2390 ὄρει
1174 2320 1309 2374 Σιὼν
1335 2322 1427 2381 καὶ
1448 2323 1505 2373 ἐν
1539 2321 1635 2373 ’ῐε-

108 2414 343 2484 ρουσαλὴμ
368 2413 521 2465 ἔσται
556 2411 994 2481 ἀνασωζόμενος,
1026 2411 1214 2465 καθότι
1242 2406 1363 2465 εἶπε
1397 2411 1630 2483 Κύριοςο

106 2507 176 2557 καὶ
205 2503 671 2573 εὐαγγελιζόμενοι
724 2501 818 2566 οῦς
870 2502 1074 2573 Κύριος
1132 2503 1559 2574 προσκέκληται.
1612 2522 1628 2555 ι

106 2598 288 2667 Παρέξω
320 2597 380 2667 δὴ
418 2597 563 2648 πᾶσι
587 2634 601 2658 ,
654 2596 806 2664 φησὶ,
853 2594 1113 2647 πλουσίαν
1165 2594 1259 2666 τὴν
1307 2594 1633 2665 κηδεμονίαν

104 2689 177 2759 τὴν
201 2690 353 2758 ἐμήν
380 2686 540 2740 τοῦτο
578 2687 686 2757 γὰρ
712 2686 858 2755 λέγει
879 2687 939 2739 τὸ
968 2706 985 2738 ι
1014 2687 1188 2757 ἐκχεῶ
1210 2687 1319 2740 ἀπὸ
1344 2686 1436 2740 τοῦ
1465 2686 1635 2739 Πνεῦ-

106 2780 237 2847 ματός
270 2797 362 2846 μου
382 2798 395 2810 ·
436 2797 455 2830 ι
500 2777 621 2830 τῶν
637 2777 727 2831 ἐπὶ
747 2778 843 2849 τῆς
863 2774 1103 2841 Παλαιᾶς
1119 2776 1388 2847 Διαθήκης
1410 2776 1636 2847 Πνεῦμα

106 2872 181 2938 μὲν
205 2870 337 2936 ἆγιον
363 2868 657 2937 μοναδικόν
684 2868 742 2920 ἐν
768 2868 1062 2920 ὑποστάσει
1086 2868 1505 2938 κεχωρισμένως
1525 2867 1634 2920 τῶν

103 2961 283 3020 λοιπῶν,
301 2959 430 3013 Θεοῦ
454 2977 514 3012 τε
538 2958 607 3011 ὃν
629 2958 721 3011 καὶ
743 2959 807 3011 ἐκ
827 2957 960 3010 Θεοῦ
989 2959 1087 3010 οὐκ
1108 2958 1479 3028 ἐπισταμένων
1498 2958 1629 3027 (17)·

1741 1763 1988 1833 prodigia
2040 1764 2094 1819 in
2126 1768 2267 1820 caelo
2316 1775 2371 1822 et
2410 1784 2574 1837 super
2622 1778 2841 1836 terram,
2886 1776 3207 1845 sanguinem
3252 1785 3307 1830 et

1738 1854 1918 1925 ignem
1943 1864 1996 1909 et
2026 1871 2279 1926 vaporem
2311 1857 2469 1914 fumi.
2489 1857 2582 1914 Sol
2606 1871 2954 1918 convertatur
2974 1865 3028 1917 in
3054 1868 3304 1920 tenebras

1736 1955 1792 2003 et
1813 1949 2012 2003 lunain
2052 1951 2702 2023 sanguinem,antequam
2746 1955 2924 2009 veniat
2952 1957 3067 2009 dies
3090 1956 3301 2011 Domini

1737 2054 1969 2110 magnus
1997 2047 2052 2094 ct
2082 2040 2334 2094 illustris.
2366 2040 2431 2095 Et
2453 2043 2557 2098 erit
2588 2062 2600 2097 :
2628 2046 2808 2101 omnis
2840 2048 2931 2116 qui
2969 2048 3302 2102 invocaverit

1736 2145 1931 2185 nomen
1965 2129 2199 2197 Domini,
2232 2132 2564 2209 salvabitur;
2592 2137 2718 2204 quia
2756 2137 2809 2190 in
2851 2146 3035 2192 monte
3058 2140 3096 2191 S
3117 2155 3219 2194 one
3247 2150 3301 2193 ct

1735 2220 1790 2274 in
1825 2220 2162 2277 Hierusalem
2198 2225 2381 2279 salvus
2415 2225 2540 2290 erit,
2576 2228 2717 2281 sicut
2750 2227 2887 2282 dixit
2910 2227 3169 2285 Dominus
3198 2251 3210 2286 :
3246 2242 3301 2286 et

1733 2313 2087 2383 evangelizati
2128 2329 2268 2383 quos
2312 2312 2575 2370 Dominus
2614 2320 2910 2374 vocaverit.
2965 2339 2984 2370 ι
3022 2319 3300 2377 Ριωειιιίιο

1733 2403 1969 2468 cunctis,
2004 2403 2199 2473 inquit,
2226 2406 2458 2475 amplam
2490 2412 2712 2463 tutelam
2736 2424 2943 2466 meam:
2974 2411 3185 2466 idenim
3214 2414 3303 2469 de-

1732 2502 1925 2550 notant
1943 2497 2128 2560 verba,
2164 2514 2181 2547 ι
2212 2498 2487 2552 ell'undam
2521 2501 2589 2554 de
2610 2499 2817 2570 Spiritu
2838 2517 2978 2559 meo.
3006 2523 3026 2557 ι
3062 2507 3300 2559 Cratero-

1731 2587 1825 2656 qui
1855 2587 1964 2657 83
1993 2588 2096 2643 sub
2120 2586 2315 2645 Vetere
2343 2589 2694 2646 Testamento
2714 2595 3029 2649 nesciebant
3051 2596 3300 2651 homines

1737 2675 2007 2747 Spiritum
2059 2687 2310 2734 sanctum
2348 2679 2403 2733 in
2452 2696 2683 2749 persona
2733 2683 2947 2751 propria
2985 2683 3302 2737 distinctum

1737 2785 1768 2825 a
1795 2770 2031 2833 caeteris,
2076 2769 2168 2825 Dei
2202 2770 2491 2841 Spiritum,
2533 2780 2588 2827 et
2623 2788 2691 2826 ex
2725 2772 2867 2827 Deo:
2916 2776 3008 2828 sed
3041 2774 3302 2844 Spiritum

1736 2862 1851 2927 Dei,
1916 2872 1969 2917 et
2028 2860 2293 2930 Spiritum
2356 2870 2633 2925 sanctum,
2689 2871 2743 2918 et
2794 2865 2953 2917 aliam
3008 2866 3304 2934 quamlibet

1698 3020 1705 3027 _
1735 2951 2049 3021 hujusmodi
2082 2951 2522 3021 appellationem,
2562 2967 2661 3021 pro
2693 2950 2785 3006 Dei
2821 2954 2996 3022 gratia
3039 2964 3086 3007 et
3123 2956 3305 3023 provi~

103 3051 283 3120 Πνεῦμα
310 3052 457 3119 ἅγιον
492 3050 597 3104 καὶ
622 3052 729 3102 πᾶν
760 3050 788 3103 ὃ
814 3067 865 3102 τι
900 3049 962 3120 δή
996 3067 1124 3102 ποτε
1154 3049 1380 3112 τοιοῦτο,
1412 3049 1508 3121 τὴν
1541 3050 1635 3122 xi:

1739 3045 1917 3099 tientia
1936 3051 2098 3114 atque
2119 3044 2316 3099 affectu
2347 3044 2722 3112 accipiebant:
2754 3044 2901 3099 sicut
2923 3044 3157 3099 animam
3179 3061 3303 3099 cum

96 3160 169 3209 ,οιν
198 3141 341 3195 αὑτοῦ
370 3143 461 3194 καὶ
505 3140 964 3211 τὴνκηδωάίαν
1005 3141 1098 3193 καὶ
1142 3139 1240 3211 τὴν
1270 3140 1503 3193 διάθεσιν
1533 3159 1631 3193 κα-

102 3233 310 3286 λούπωνο
336 3235 406 3296 ὼς
432 3233 530 3286 καὶ
560 3231 737 3300 ψυχὴν
755 3230 830 3283 ὅτ’
854 3232 918 3285 ἂν
945 3232 1035 3283 ἐπὶ
1061 3230 1196 3283 Θεοῦ
1225 3231 1377 3302 λέγῃ,
1405 3232 1478 3302 (p.
1507 3231 1629 3301 126)

106 3342 121 3373 ι
153 3324 243 3387 Τάς
277 3325 567 3397 νεομηνίας
598 3322 748 3392 ὑμῶν
787 3321 879 3375 καὶ
909 3320 978 3373 τὰ
1018 3321 1261 3375 σάϐϐατα
1287 3322 1437 3392 ὑμῶν
1490 3324 1634 3391 μισεῖ

102 3414 269 3486 ἡψυχὴ
296 3433 389 3485 μου
413 3433 425 3445 -
462 3434 480 3465 ι
508 3412 617 3483 τὴν
646 3410 881 3464 διάθεσιν
916 3412 1023 3482 γὰρ
1052 3410 1198 3479 λέγει
1221 3411 1342 3464 καθ’
1367 3411 1433 3482 ἣν
1457 3411 1632 3482 ἐμίσει

102 3509 176 3571 τὰς
197 3509 398 3579 ἐορτάς’
425 3507 676 3561 τοιοῦτόν
711 3508 856 3569 ἐστι,
894 3524 910 3555 ι
951 3504 1024 3557 Τὸ
1051 3502 1273 3574 Πνεῦμά
1298 3522 1391 3557 σου
1412 3505 1473 3557 τὸ
1494 3507 1633 3572 ἀγα-

104 3597 173 3649 θὸν
195 3598 427 3670 ὁδηγήσει
457 3615 525 3668 με
560 3597 619 3648 ἐν
646 3599 714 3667 γῇ
744 3594 960 3665 εὐθείᾳ’
1006 3614 1023 3645 ι
1057 3594 1351 3671 ξηῇμενος
1373 3594 1480 3665 γάρ
1508 3610 1631 3663 μου,

102 3686 222 3756 φησὶ,
248 3687 325 3740 διὰ
350 3686 555 3756 πολλὴν
586 3683 894 3753 ἀγαθότητα
928 3681 1183 3753 παρέξεις
1219 3680 1423 3735 ταῦτα’
1460 3680 1635 3735 τοιοῦ-

100 3778 169 3828 τόν
196 3780 296 3830 ἐστι
337 3779 419 3841 τὸ,
462 3797 480 3828 ι
531 3775 767 3844 Πνεῦμά
810 3791 904 3827 σου
938 3773 999 3826 τὸ
1028 3773 1181 3841 άγιον
1229 3772 1304 3843 μὴ
1341 3772 1635 3844 ἀντανέλῃς

102 3869 174 3919 ἀπ’
204 3868 319 3939 ἐμοῦ
339 3885 351 3898 ·
389 3888 407 3920 ι
443 3869 532 3920 ἵνα
580 3868 727 3939 εἴπῃ,
762 3866 872 3936 Τὴν
904 3864 1033 3935 περὶ
1073 3863 1174 3934 ἐμὲ
1206 3862 1529 3934 Masculus
1560 3866 1635 3935 μὴ

102 3958 297 4029 ἀφέλῃς
322 3959 414 4012 καὶ
440 3958 548 4010 ὅσα
586 3954 829 4020 τοιαῦτα,
857 3954 944 4007 ἵνα
977 3954 1050 4024 μὴ
1081 3954 1412 4024 μηκύνωμεν
1442 3954 1521 4015 είς
1547 3954 1637 4005 οὐ-

105 4046 171 4099 δὲν
196 4050 297 4101 δέον
321 4050 416 4120 τὴν
442 4048 677 4120 Γραφήν
703 4065 716 4077 ·
747 4045 957 4100 τοιοῦτο
981 4045 1043 4116 δή
1070 4062 1121 4097 τι
1147 4043 1425 4097 κάνταῦθά
1450 4060 1634 4114 φησιν,

103 4138 320 4196 auom
339 4142 610 4195 πλουσίαν
633 4140 755 4192 τότε
784 4136 1227 4209 τὴνηκηδεμονίαν
1260 4137 1388 4206 ὑμῖν
1416 4136 1638 4207 παρέξω

103 4231 177 4300 τὴν
205 4234 327 4304 ἐμὴν
346 4272 361 4296 ,
388 4232 531 4286 ὥστε
581 4220 825 4294 ἅπαντας
857 4227 1213 4299 ἀξιουμένους
1250 4227 1522 4280 όπτασιῶν
1550 4227 1638 4280 δύ-

102 4322 258 4375 νασθαί
284 4341 329 4376 τι
352 4324 444 4376 καὶ
474 4340 543 4375 πε
557 4323 612 4389 ρ).
639 4320 745 4373 τῶν
775 4319 1045 4389 ἐσομένων
1070 4318 1324 4388 μηνύειν·
1352 4318 1438 4387 ἐφ’
1466 4318 1637 4371 ἅπασι

1737 3150 1801 3191 ea
1839 3136 1907 3189 de
1938 3134 2046 3189 Deo
2078 3134 2321 3199 dicitur;
2372 3133 2560 3197 veluti,
2604 3153 2621 3183 ι
2643 3132 2968 3187 Neomenias
3012 3143 3222 3189 vestras
3253 3142 3307 3187 et

1739 3225 1965 3281 sabbata
1993 3232 2173 3279 vestra
2213 3224 2327 3278 odit
2365 3225 2544 3277 anima
2588 3222 2796 3285 mea“;
2831 3242 2850 3274 ι
2890 3223 3135 3277 videlicet
3169 3224 3309 3292 (ani-

1738 3314 1905 3387 mam)
1954 3329 2054 3384 pro
2100 3312 2294 3368 aﬂ‘ectu
2346 3313 2499 3375 dicit,
2542 3328 2650 3383 quo
2693 3312 3067 3368 solemnitates
3097 3314 3305 3369 oderat.

1738 3405 1867 3461 Tale
1895 3415 1979 3461 est
1998 3413 2052 3461 et
2083 3404 2248 3459 illud:
2289 3423 2307 3456 ι
2332 3404 2572 3473 Spiritus
2602 3410 2731 3458 tuus
2759 3405 2932 3457 bonus
2965 3402 3194 3458 deducet
3222 3419 3309 3457 me

1739 3498 1794 3551 in
1835 3505 2034 3553 terram
2078 3505 2283 3551 rectam
2301 3500 2425 3564 ην
2464 3509 2650 3550 curam
2693 3496 2891 3564 quippe
2940 3495 3042 3549 mei
3092 3510 3308 3563 gerens,

1738 3589 1936 3659 inquit,
1988 3602 2113 3642 cum
2162 3588 2406 3643 bonitate
2453 3588 2620 3641 multa
2678 3586 2807 3640 mihi
2861 3586 2972 3640 haec
3019 3587 3305 3656 praibebis.

1741 3679 2079 3736 ltemillud:
2142 3678 2446 3750 «Spiritum
2494 3685 2743 3733 sanctum
2785 3685 2937 3731 tuum
2981 3692 3050 3730 ne
3093 3677 3312 3733 auferas

1740 3786 1772 3825 a
1808 3770 1977 3825 me“:
2003 3789 2022 3822 ι
2066 3770 2119 3824 id
2147 3779 2249 3831 est,
2285 3784 2353 3823 ne
2394 3776 2541 3822 tuam
2576 3783 2606 3821 a
2638 3782 2725 3822 me
2750 3766 3144 3836 providentiam
3179 3768 3312 3821 sub-

1741 3878 1999 3919 moveas:
2057 3872 2111 3917 et
2143 3868 2412 3931 quotquot
2453 3870 2582 3914 sunt
2624 3858 2928 3913 locutiones
2955 3856 3267 3927 huiusmodi
3293 3899 3308 3924 ,

1742 3968 1811 4007 ne
1832 3952 2096 4021 scriptum
2132 3958 2380 4004 nostrum
2408 3946 2612 4017 absque
2638 3947 2745 4001 ulla
2768 3945 3001 4000 utilitate
3033 3943 3308 4015 produca-

1741 4059 1884 4098 mus.
1920 4042 2010 4098 Sic
2038 4044 2201 4098 etiam
2246 4042 2349 4095 hoc
2392 4042 2513 4095 loco
2558 4039 2667 4093 ait:
2720 4036 2853 4090 Tam
2883 4036 3116 4106 amplam
3155 4035 3311 4091 vobis

1742 4135 2011 4190 exhibebo
2052 4135 2273 4188 tutelam
2309 4147 2507 4196 meam,
2555 4138 2615 4185 ut
2642 4143 2832 4184 omnes
2868 4127 3138 4183 visionum
3181 4128 3310 4182 facti

1742 4234 2045 4295 compotes,
2065 4226 2370 4295 signiﬁcare
2388 4221 2595 4293 aliquid
2610 4222 2676 4277 de
2690 4221 2854 4276 rebus
2870 4218 3073 4277 futuris
3085 4229 3308 4291 queant.

1744 4318 1949 4372 Praeter
1978 4317 2091 4372 haec
2122 4318 2305 4372 omnia
2346 4332 2497 4380 vero,
2552 4315 2606 4370 in
2650 4314 2792 4369 caelo
2834 4323 2888 4369 et
2920 4328 3085 4382 super
3111 4322 3309 4368 terram
3408 4360 3413 4365 .

102 4412 143 4464 δέ
171 4414 219 4466 ἐν
251 4415 454 4486 οὖρανῴ
499 4431 567 4466 τε
600 4413 694 4465 καὶ
732 4412 824 4464 ἐπὶ
858 4410 958 4482 γῆς
985 4410 1287 4480 ἐργάσομαι
1326 4409 1636 4479 θαυμαστά,

1743 4408 2012 4463 mirabilia
2066 4409 2287 4471 faciam,
2322 4408 2546 4461 multam
2578 4406 2816 4460 hostium
2866 4404 3198 4460 occisionem
3248 4419 3312 4458 ac

102 4505 230 4571 φόνον
264 4509 423 4561 πολὺν
450 4506 568 4559 τῶν
598 4503 875 4567 ἐναντίων,
907 4503 1006 4573 τήν
1030 4519 1089 4554 τε
1116 4501 1233 4554 κατ’
1267 4501 1443 4553 αὐτῶν
1475 4518 1644 4572 τιμω-

104 4596 218 4663 ρίαν,
241 4601 327 4651 καὶ
362 4599 423 4670 δὴ
450 4599 549 4651 καὶ
587 4596 792 4667 ἀτμίδα
823 4593 1032 4648 καπνοῦ
1063 4592 1161 4663 τὴν
1189 4592 1336 4645 Θείαν
1366 4592 1644 4662 ὑπεμφαί-

103 4703 263 4742 somn
310 4692 512 4761 ὀργήνο
575 4685 1077 4759 μεταϐληθήσονται
1134 4685 1190 4738 δὲ
1230 4685 1322 4737 καὶ
1364 4684 1514 4753 ἥλιος
1563 4684 1643 4746 εἰς

104 4780 257 4843 σκότος
290 4783 378 4835 καὶ
416 4783 451 4853 ἡ
491 4781 693 4850 σελήνη
724 4781 803 4841 είς
840 4771 978 4847 αἷμα
1017 4777 1157 4830 κατά
1197 4776 1294 4845 τὴν
1322 4775 1430 4828 τῶν
1469 4774 1641 4846 ὁρών-

99 4888 185 4922 των
206 4873 473 4927 ὑπόνοιαν
504 4872 577 4943 ἢν
619 4871 709 4924 διὰ
744 4869 805 4923 τὸ
839 4867 1070 4940 μέγεθος
1105 4866 1213 4919 τῶν
1245 4866 1638 4937 ἐπιγινομένων

101 4965 250 5027 αὐτοῖς
287 4965 617 5036 ὑπομένουσι
658 4960 876 5015 κακῶν·
913 4960 1006 5013 καὶ
1037 4958 1208 5011 ταῦτα
1246 4957 1309 5029 δὴ
1349 4959 1636 5027 γενήσεται

101 5054 295 5124 πρὸτῆς
322 5057 537 5128 ἡμέρας
578 5053 830 5123 ἐκείνης,
869 5051 937 5122 ἣν
979 5051 1216 5122 ἐπιφανῆ
1255 5050 1343 5103 διὰ
1383 5049 1483 5119 τῆς
1525 5048 1636 5102 τῶν

154 5192 190 5218 ⁸⁸
220 5189 314 5245 lsa.
346 5209 382 5254 ι,
418 5192 510 5246 Η.
588 5191 633 5222 δ’
664 5188 809 5243 Psal.
835 5204 1003 5253 exui,
1042 5187 1130 5242 10.
1204 5188 1249 5220 ⁵⁸
1283 5185 1429 5242 Psal.
1468 5201 1522 5249 1.,
1559 5185 1644 5241 15.

155 5348 252 5413 (l7)
289 5351 570 5405 Audacius
613 5348 795 5403 dicere
843 5347 947 5401 hoc
982 5346 1195 5401 videtur
1224 5345 1640 5416 Mopsuestenus

99 5414 152 5488 de
172 5416 357 5488 Spiritu
390 5431 610 5481 sancto.
638 5418 797 5488 quasi
823 5420 1010 5487 ignoto
1041 5433 1264 5486 prorsus
1289 5414 1504 5471 cunctis
1535 5417 1641 5470 sub

102 5486 420 5561 lege‘hioysis
461 5486 811 5561 hominibus;
844 5486 1157 5561 quanquam
1198 5502 1256 5541 se
1289 5488 1639 5561 aliquatenus

102 5570 201 5609 mox
226 5556 462 5629 corrigit.
510 5560 676 5613 citata
714 5557 857 5629 Petri
900 5557 1133 5627 apostoli
1177 5558 1463 5629 concione.
1500 5556 1640 5610 Con-

101 5626 386 5684 troversiam
414 5634 559 5684 hanc
584 5628 943 5698 theologicam
985 5628 1123 5680 mira
1137 5626 1462 5698 eruditione
1484 5641 1637 5698 more

103 5710 181 5749 suo
213 5709 495 5768 pertractat
531 5694 792 5756 summus
824 5696 1079 5755 Petavius
1122 5695 1200 5753 De
1241 5694 1284 5752 Τ
1287 5697 1501 5753 rinitate
1538 5696 1632 5754 lib.

1742 4503 2117 4574 punitiouem:
2174 4502 2284 4555 imo
2330 4509 2385 4555 et
2434 4500 2566 4554 fumi
2599 4514 2878 4570 vaporem,
2926 4500 3020 4570 qui
3071 4500 3311 4554 divinam

1740 4593 2049 4664 praallgurat
2094 4594 2252 4648 iram.
2288 4591 2583 4648 Vertentur
2616 4602 2797 4648 autem
2833 4594 2915 4649 sol
2947 4592 3002 4647 in
3031 4592 3310 4655 tenebras,

1738 4692 1792 4738 et
1820 4684 1946 4738 luna
1981 4685 2035 4738 in
2082 4685 2425 4754 sanguinem,
2458 4684 2615 4753 juxta
2665 4684 3029 4754 spectantium
3081 4684 3313 4755 phanta-

1739 4777 1900 4840 siam,
1950 4791 2114 4846 quam
2152 4778 2225 4832 ob
2268 4777 2535 4831 malorum
2585 4777 2903 4848 gravitatem
2937 4776 3311 4846 experientur.

1736 4869 1915 4939 Atque
1942 4868 2059 4923 haec
2092 4870 2345 4924 evenient
2365 4878 2490 4925 ante
2515 4870 2659 4924 diem
2684 4870 2858 4933 illum,
2887 4884 3047 4938 quem
3071 4868 3312 4924 hostium

1737 4964 2023 5033 punitione
2056 4963 2244 5019 reddet
2276 4964 2566 5019 illustrem.
2605 4963 2751 5018 Inter
2775 4977 2898 5033 qua!
2926 4962 3130 5026 omnia,
3180 4978 3316 5017 con-

1745 5062 2042 5126 sequentur
2090 5062 2273 5110 tamen
2320 5054 2552 5111 salutem
2600 5054 2654 5108 hi
2700 5052 2793 5124 qui
2821 5052 3066 5108 divinum
3112 5067 3314 5108 nomen

1743 5362 1807 5410 ιι,
1840 5346 1892 5398 7.
1921 5344 2156 5399 Prolatis
2185 5344 2239 5396 in
2269 5341 2502 5395 medium
2530 5339 2753 5393 Patrum
2786 5338 3038 5410 plurimis
3080 5335 3320 5410 testimo-

1740 5405 1867 5474 niis.
1908 5416 2109 5485 quibus
2155 5413 2436 5467 addendus
2487 5412 2700 5485 videtur
2748 5405 3229 5485 etiamjosephus
3264 5405 3319 5485 in

1744 5476 2150 5557 Hypaninestico
2203 5485 2295 5557 lib.
2345 5498 2406 5557 ιι,
2440 5496 2565 5549 cap.
2601 5480 2669 5533 66
2710 5478 2883 5557 etA67.
2930 5476 3044 5531 Nos
3088 5491 3215 5557 vero
3252 5480 3321 5557 de

1736 5546 1839 5611 have.
1869 5574 1925 5610 re
1974 5556 2169 5608 iterum
2212 5553 2410 5607 dicturi
2442 5546 2632 5604 sumus
2663 5548 2729 5601 ad
2765 5548 3021 5617 Aggatum
3050 5555 3211 5615 atque
3251 5546 3319 5599 ad

1737 5625 2053 5680 Zachariam
2078 5666 2093 5685 ,
2127 5624 2216 5677 ubi
2259 5621 2572 5690 liberior-wn
2610 5620 2748 5676 hanc
2784 5617 3114 5674 sententiam
3156 5630 3314 5673 suam

1736 5697 2152 5768 Mopsuestenus
2184 5700 2409 5764 repetet.
