3954 6532
563 272 662 328 231

1704 291 2052 351 THEODORI
2090 297 2570 360 MOPSUESTENI

3680 323 3784 382 252

557 383 963 456 invocaverint,
997 393 1087 462 qui
1115 403 1168 448 et
1224 395 1277 449 ln
1314 406 1550 454 montem
1581 399 1802 458 Sionem
1848 419 1912 460 ac
1965 405 2083 462 Jeru

560 479 972 500 --.ω
1052 487 1133 500 ,.
1251 489 1260 500 .
1677 495 1692 500 -
1812 497 1859 500 __
1999 499 2004 500 ,

2189 447 2199 469 ι
2227 411 2482 468 ἐναντίων
2518 417 2804 485 ἐργάσεται
2827 425 3117 494 τιμωρίας·
3141 427 3198 479 ἐν
3218 423 3299 492 οἷς
3317 429 3486 485 ἅπασι
3508 431 3784 500 τεύξονται

557 479 726 534 salem
777 484 1069 538 ascendent
1120 487 1454 544 incolumes:
1514 495 1949 565 quandoquidem
1997 499 2110 554 haec

557 566 703 625 Deus
732 573 1002 640 promisit,
1032 583 1086 628 ct
1106 578 1348 636 nuntiari
1378 586 1651 640 concessit
1681 587 1809 649 illis,
1845 598 2110 659 quotquot

555 659 623 714 ad
671 660 816 714 hunc
861 664 1093 719 reditum
1144 670 1380 725 vocavit.
1435 673 1611 743 Atque
1661 676 1750 733 hic
1787 688 1872 734 est
1918 681 2109 736 obvius

553 747 843 807 locutionis
873 753 1034 824 hujus
1059 772 1275 813 sensus.

617 1017 812 1089 “At
842 1021 989 1076 enim
1014 1023 1205 1082 beatus
1228 1027 1422 1085 Petrus
1449 1047 1568 1087 eam
1603 1034 1852 1092 adhibuit
1875 1037 2092 1097 Judmos

548 1106 829 1180 alloquens
843 1116 908 1177 “,
939 1113 1008 1170 de
1038 1121 1212 1174 sancti
1253 1122 1490 1191 Spiritus
1541 1127 1831 1194 descensu,
1860 1131 1985 1199 jure
2009 1134 2106 1188 ad-

546 1201 802 1268 modum;
844 1219 1079 1276 namque
1100 1209 1290 1265 umhra
1311 1211 1621 1269 futurarum
1653 1219 1896 1272 omnium
1921 1237 2101 1277 rerum

545 1289 632 1346 lex
665 1291 948 1348 fuitztum
987 1305 1042 1351 et
1095 1302 1325 1370 populus
1373 1302 1465 1358 Dei
1518 1308 1856 1376 providentia
1904 1312 2104 1383 dignus

545 1378 864 1445 habebatur,
915 1395 1138 1456 propter
1179 1399 1474 1447 eventuum
1523 1400 1987 1466 exspectationem
2045 1405 2101 1457 in

541 1470 742 1526 Christi
771 1473 984 1532 Domini
1009 1478 1268 1536 adventu.
1298 1481 1579 1555 Erantque
1608 1503 1698 1543 res
1729 1492 1945 1561 quidem
1977 1495 2103 1548 illo-

2210 507 2308 574 τῆς
2352 509 2622 578 σωτηρίας
2657 511 2706 562 οί
2745 511 2844 582 τὴν
2884 513 3178 585 ὀνομασίαν
3221 521 3640 593 ἐπικαλούμενοι
3685 525 3784 596 τὴν

2211 593 2393 648 Θείανο
2427 598 2475 651 οἳ
2505 601 2597 652 καὶ
2633 602 2726 654 ἐπὶ
2761 603 2822 656 τὸ
2850 605 2973 676 ὄρος
3017 608 3154 663 Σιὼν
3194 612 3290 664 καὶ
3325 615 3416 666 ἐπὶ
3445 615 3542 686 τὴν
3583 593 3785 687 Ἰερου-

2210 688 2388 758 σαλὴμ
2417 691 2772 762 ἀναϐήσονται
2805 701 3171 769 σεσωσμένοι·
3194 704 3383 775 ἐπειδὴ
3410 706 3584 760 ταῦτα
3612 711 3783 778 ἐπηγ-

2205 779 2420 845 γείλατὸ
2451 799 2508 834 τε
2548 782 2699 846 Θεὸς,
2746 787 2838 839 καὶ
2884 790 3337 858 εὐαγγελίσασθαι
3369 797 3599 851 δέδωκεν
3636 799 3784 852 ἐκεί-

2206 882 2332 928 νοις,
2365 869 2438 936 (p.
2471 869 2592 939 127)
2615 871 2843 938 ὁπόσους
2867 877 2946 939 εἰς
2983 879 3081 948 τὴν
3103 881 3358 935 ἐπάνοδον
3396 887 3780 957 προσκέκληκε

2203 957 2426 1028 ταύτην.
2454 961 2518 1012 Ἦ
2543 963 2639 1031 μὲν
2665 963 2727 1034 δὴ
2755 966 3041 1038 πρόχειρος
3066 971 3164 1041 τῆς
3186 972 3385 1040 λέξεως
3420 976 3598 1031 ἔννοια
3617 979 3781 1051 αῦτη.

2300 1049 2360 1101 '0
2389 1050 2444 1102 δέ
2477 1068 2538 1119 γε
2581 1055 2846 1125 μακάριος
2894 1058 3030 1130 αὐτῇ
3078 1062 3282 1134 Πέτρος
3331 1067 3600 1138 ἐχρήσατο
3645 1049 3781 1140 πρός

2215 1139 2498 1206 Ἰουδαίους
2525 1143 2904 1216 διαλεγόμενος
2931 1151 3022 1204 ἐπὶ
3045 1154 3111 1223 τῇ
3153 1153 3246 1208 τοῦ
3275 1158 3434 1225 ἁγίου
3464 1139 3781 1229 Πνεύματος

2218 1231 2456 1304 καθόδῳ,
2490 1237 2635 1305 μάλα
2665 1240 2919 1304 εἰκότως·
2954 1245 3138 1316 ἐπειδὴ
3182 1248 3338 1302 σκιὰν
3382 1250 3480 1320 μὲν
3525 1253 3779 1307 ἁπάντων

2215 1324 2323 1377 τῶν
2353 1327 2651 1394 μελλόντων
2688 1327 2832 1402 εἶχεν
2863 1335 2891 1385 ὁ
2919 1333 3080 1405 νόμος
3101 1351 3115 1363 ⁸
3158 1339 3481 1410 κηδεμονίας
3507 1341 3563 1395 δὲ
3595 1345 3623 1395 6
3651 1343 3780 1408 λαὲς

2202 1413 2414 1482 ἠξιοῦτο
2426 1417 2511 1470 διὰ
2526 1419 2622 1490 τὴν
2645 1421 2750 1475 τῶν
2775 1427 3162 1496 φανησομένων
3178 1431 3502 1500 προσδοκίαν
3518 1435 3578 1485 ὲν
3595 1438 3663 1505 τῇ
3683 1433 3776 1489 τοῦ

2200 1508 2466 1562 Δεσπότου
2484 1511 2714 1582 Χριστοῦ
2733 1517 3020 1587 παρουσίᾳ’
3044 1520 3138 1570 καὶ
3152 1515 3219 1590 ἦν
3237 1521 3303 1574 τά
3323 1522 3419 1592 μὲν
3439 1525 3526 1576 ἐπ’
3547 1525 3778 1579 ἐκείνων

541 1578 662 1617 rum
689 1579 881 1623 omnes
915 1570 1144 1640 exiguae,
1193 1582 1247 1627 et
1276 1581 1534 1644 tanquam
1564 1579 1619 1631 in
1673 1583 1862 1636 umbra
1888 1585 2083 1638 contin-

541 1662 725 1682 ιιι-...ΑΛ
789 1657 920 1682 Α)..-
953 1668 1007 1682 --ι
1044 1662 1179 1682 ._-__,I
1228 1680 1242 1682 _
1274 1667 1285 1682 ι
1326 1666 1378 1682 91·
1517 1671 1574 1682 .-ο
1658 1678 1667 1682 Α
1752 1673 1765 1682 ι
1927 1677 1938 1682 -
2001 1677 2031 1682 --

2205 1599 2376 1670 μικρὰ
2419 1570 2593 1656 πάντα
2620 1606 2714 1658 καὶ
2747 1570 2824 1670 ὡς
2855 1609 2912 1660 ὲν
2959 1571 3086 1679 όκιᾷ
3130 1570 3388 1682 γίνόμενα
3413 1632 3428 1646 ο
3489 1614 3632 1669 ὥστε
3682 1619 3776 1670 καὶ

538 1662 748 1724 gentes,
787 1657 924 1713 adeo
953 1668 1010 1714 ut
1037 1662 1182 1731 quod
1221 1667 1288 1718 ad
1325 1666 1449 1721 illos
1481 1671 1696 1734 attinet,
1752 1673 2102 1744 hyperbolice

537 1750 723 1817 potius
771 1751 916 1806 dicta
972 1754 1195 1822 fuerint,
1249 1774 1413 1827 quam
1464 1776 1522 1816 re
1555 1762 1673 1832 ipsa
1705 1780 1766 1820 se
1815 1767 2095 1826 haberent.

539 1836 647 1895 Sed
693 1839 966 1896 dictorum
1029 1847 1312 1901 veritatem
1371 1851 1574 1906 exitum
1619 1871 1780 1910 suum
1839 1860 2100 1919 habuisse

536 1943 876 2003 compertum
911 1945 996 1990 est
1033 1937 1086 1992 in
1130 1939 1374 2007 Christo,
1432 1959 1540 2013 quo
1585 1956 1828 2018 tempore
1871 1956 2096 2023 grandia

533 2025 740 2086 omnia,
773 2034 826 2080 et
852 2035 1061 2083 terrore
1086 2031 1265 2099 plena,
1313 2049 1550 2104 vereque
1588 2053 1727 2094 nova
1755 2049 1808 2096 et
1843 2043 2097 2117 inexspe-

531 2123 677 2169 ctata
708 2116 879 2183 fuere,
909 2127 962 2173 et
998 2119 1194 2174 mirum
1218 2133 1483 2192 quantum
1527 2132 1810 2198 superiora
1841 2135 1906 2190 iis
1974 2116 2094 2208 quae

533 2203 586 2258 in
615 2205 728 2275 lege
753 2205 894 2260 facta
939 2217 1066 2262 sunt
1096 2228 1110 2264 :
1146 2213 1281 2266 adeo
1304 2222 1362 2266 ut
1391 2229 1479 2270 res
1521 2213 1732 2276 Veteris
1761 2203 2093 2283 Testamenti

527 2297 833 2366 :enigmatis
863 2299 1040 2354 locum
1089 2310 1343 2371 teneant;
1371 2308 1620 2364 veritatis
1651 2320 1855 2382 autem,
1906 2334 2090 2376 rerum

529 2387 633 2442 sub
656 2387 876 2444 Christo
905 2399 1149 2446 actarqu
1183 2397 1521 2464 magnitudo.
1563 2400 1657 2457 Sic
1682 2403 1872 2462 beatus
1919 2409 2090 2467 David

526 2478 594 2533 dc
624 2480 824 2549 populo
855 2481 1011 2548 dicit,
1045 2484 1191 2553 quod
1235 2486 1495 2544 derelicta
1549 2508 1657 2547 non
1704 2495 1869 2552 fuerit
1905 2503 2088 2558 anima

527 2568 645 2636 ejus
667 2569 722 2624 in
757 2570 993 2635 inferno,
1023 2589 1198 2642 neque
1230 2590 1360 2630 caro
1393 2579 1636 2647 ejusdem
1671 2585 1862 2642 viderit
1895 2604 2091 2646 corru-

525 2660 768 2728 ptionem
790 2662 837 2694 “
871 2682 884 2717 :
915 2665 1060 2733 quod
1124 2667 1180 2720 in
1241 2683 1421 2723 rerum
1469 2681 1661 2730 natura
1701 2680 1928 2749 cogitari
1975 2699 2085 2739 non

525 2759 748 2819 potest;
809 2754 905 2808 sed
965 2758 1340 2826 metaphorice
1386 2761 1502 2818 sive
1553 2765 1903 2836 hyperbolice
1953 2774 2086 2831 dicit

522 2851 771 2911 ereptum
843 2844 1014 2900 fuisse
1067 2847 1312 2916 periculo
1368 2857 1756 2924 corruptionis.
1831 2863 2081 2920 Attamen

521 2931 790 2986 dictarum
845 2950 1026 2990 rerum
1066 2939 1266 2993 veritas
1311 2941 1367 2994 in
1409 2943 1630 3000 Christo
1665 2947 1892 3006 Domino
1919 2969 2084 3024 appa-

520 3023 651 3087 ruit,
672 3022 830 3092 cujus
860 3039 1038 3095 neque
1064 3028 1258 3084 anima
1283 3031 1590 3104 derelinqui
1636 3040 1863 3110 contigit
1894 3044 1950 3097 in
1989 3022 2078 3100 in-

522 3112 696 3177 ferno,
732 3129 998 3171 revocata!
1030 3120 1288 3174 nimirum
1324 3123 1379 3176 in
1422 3139 1621 3195 corpus
1645 3139 1867 3200 propter
1901 3151 2084 3192 resur-

521 3203 818 3258 rectionem
857 3223 870 3258 :
907 3222 1081 3276 neque
1109 3224 1312 3280 corpus
1338 3217 1747 3283 corruptionem
1791 3221 1954 3276 ullam
1985 3243 2085 3280 ex-

519 3301 733 3361 pertum
759 3304 844 3351 est
876 3315 891 3352 :
927 3298 1004 3351 ita
1039 3309 1096 3353 ut
1119 3317 1229 3355 non
1261 3305 1438 3357 solum
1482 3311 1760 3378 propriam
1796 3316 2086 3374 retinuerit

522 3384 776 3452 ﬁguram,
803 3385 858 3440 in
883 3403 992 3457 qua
1024 3400 1296 3446 mortuum
1320 3393 1520 3462 fuerat,
1550 3397 1648 3452 sed
1680 3401 1844 3456 etiam
1882 3405 1936 3459 in
1979 3408 2085 3461 im-

521 3472 808 3526 mortalem
866 3474 1443 3551 incorruptibilemque
1485 3497 1732 3544 naturam
1759 3496 2082 3554 translatum

517 3562 590 3616 sit
627 3564 744 3618 :ita
801 3573 860 3619 ut
909 3576 1091 3622 vetera
1132 3570 1222 3623 illa
1258 3572 1370 3626 sint
1401 3576 1656 3646 aenigma,
1701 3583 1952 3643 Christus
1991 3605 2084 3645 au-

515 3662 623 3708 tem
670 3656 896 3713 veritas.
947 3657 1312 3723 Quamobrem
1365 3681 1428 3719 ea
1490 3667 1762 3728 locutione
1805 3692 1940 3733 usus
1995 3691 2081 3737 est

513 3747 676 3799 etiam
709 3747 900 3803 beatus
928 3748 1144 3814 Petrus,
1173 3754 1333 3822 quasi
1378 3757 1507 3812 olim
1538 3763 2075 3836 quidemquamdam

512 3835 585 3888 ob
611 3851 833 3891 causam
880 3842 1254 3911 metaphoriee
1287 3846 1432 3901 dicta
1485 3849 1672 3918 fuerit,
1721 3835 1866 3912 nunc
1897 3871 2078 3918 autem

510 3943 702 3983 verum
730 3930 937 3985 exitum
971 3935 1026 3987 in
1074 3936 1208 4004 ipsis
1253 3941 1417 3995 rebus
1461 3952 1619 3998 nacta
1665 3948 1756 4014 sit,
1792 3961 1851 4005 ut
1905 3957 2078 4012 multo

509 4021 682 4090 magis
708 4032 955 4091 oporteat
994 4029 1354 4096 praseutihus
1381 4033 1628 4105 credere,
1661 4055 1823 4110 quam
1853 4046 1984 4102 olim
2011 4066 2076 4107 ea

507 4125 597 4166 res
625 4112 976 4170 admirationi
1010 4126 1148 4175 erat.

574 4213 713 4268 Cum
739 4232 865 4272 vero
899 4223 1068 4276 multa
1117 4223 1432 4294 huiusmodi
1475 4232 1528 4286 in
1564 4234 1746 4293 divina
1785 4241 2068 4317 Scriptura

505 4305 784 4374 ferantur,
837 4315 1130 4372 consimile
1183 4321 1286 4376 hoc
1345 4341 1566 4398 quoque
1615 4337 1905 4396 manifeste
1963 4356 2067 4402 est.

503 4491 690 4588 dinem
721 4492 942 4554 Judmos
973 4503 1253 4571 propheta:
1286 4509 1396 4580 85
1436 4527 1532 4568 ore
1563 4516 1866 4588 alloquens,
1916 4542 2070 4584 suam

501 4581 721 4637 abunde
770 4588 1142 4654 praestiturum
1192 4608 1381 4651 curam
1428 4581 1749 4671 aﬂirmahat,
1769 4620 1823 4664 et
1856 4581 2068 4685 reliqua

499 4674 775 4742 quomodo
833 4685 992 4734 antea
1027 4684 1446 4754 explanavimus
1493 4710 1507 4746 :
1553 4709 1852 4756 evenerunt
1887 4674 2066 4762 autem

499 4780 628 4819 vere
654 4768 837 4822 omnia
873 4770 928 4824 in
955 4771 1180 4830 Christo
1210 4776 1458 4849 Domino,
1487 4786 1614 4854 quia
1650 4798 1704 4843 et
1732 4793 1814 4846 sol
1844 4796 2069 4854 obtene-

499 4851 689 4908 bratus
714 4854 837 4921 fuit,
873 4866 929 4912 et
961 4859 1086 4915 luna
1131 4879 1256 4919 cum
1283 4868 1377 4922 illo
1408 4888 1422 4923 :
1453 4851 1517 4927 et.
1543 4881 1763 4944 grandia
1814 4884 1869 4938 in
1905 4851 2065 4957 caelo,

497 4945 779 5014 multaque
811 4950 978 5004 etiam
1014 4953 1067 5007 in
1097 4965 1238 5010 terra
1290 4965 1628 5020 exstiterunt
1673 4975 1915 5046 prodigia
1964 4998 1978 5033 :
2015 4945 2068 5037 et

497 5037 759 5093 salutaris
781 5043 1010 5110 sanguis
1038 5044 1244 5102 Christi
1277 5049 1493 5110 Domini
1512 5037 1780 5116 visus'est
1810 5037 1905 5120 :‘et
1927 5069 2065 5140 ignis

497 5127 688 5197 ﬁgura,
709 5130 1056 5188 advenientis
1075 5135 1308 5205 Spiritus
1332 5147 1702 5212 operationem
1722 5127 2056 5227 signiﬁcans,

494 5219 579 5272 cui
613 5221 775 5274 etiam
809 5227 1090 5292 praecessit
1133 5228 1264 5283 futui
1297 5249 1484 5304 vapor,
1535 5240 1606 5294 ob
1654 5219 1798 5298 illam
1839 5219 2060 5318 ρονιυηζ

493 5307 724 5363 dendam
770 5327 988 5380 prenam
1033 5333 1154 5386 quas
1193 5322 1426 5380 audaces
1473 5331 1832 5390 crucilixores
1875 5355 2062 5397 corre-

491 5410 648 5466 ptura
672 5413 810 5457 erat.
845 5402 1002 5460 Tunc
1026 5425 1159 5464 sane
1176 5415 1645 5485 participaverunt
1665 5439 1855 5483 omnes
1878 5437 2058 5490 sancti

491 5489 728 5560 Spiritus
772 5497 1023 5567 gratiam,
1076 5503 1244 5558 variis
1287 5521 1350 5562 ac
1405 5512 1592 5569 multis
1632 5515 2056 5586 charismatibus

558 5665 602 5700 ⁸⁸
631 5669 747 5728 Act.
782 5690 840 5745 ιι,
871 5677 954 5734 16.
1029 5683 1072 5714 ⁸³
1096 5683 1235 5741 Psal.
1272 5703 1360 5756 xv,
1405 5690 1488 5748 10.

2207 1695 2582 1766 ὑπερϐολικῶς
2613 1700 2862 1771 εἰρῆσθαι
2895 1703 3092 1772 μᾶλλον
3117 1705 3150 1774 ἢ
3181 1706 3249 1759 τὰ
3277 1707 3578 1778 πράγματα
3607 1705 3775 1780 εἶχενο

2203 1786 2236 1855 ἡ
2280 1787 2335 1839 δὲ
2376 1789 2485 1841 τῶν
2528 1792 2831 1861 εἰρημένων
2871 1794 3097 1869 ἀλήθεια
3131 1795 3229 1868 τὴν
3267 1797 3491 1853 ἔκϐασιν
3521 1801 3776 1869 ἐφαίνετο

2201 1877 2292 1930 ἐπὶ
2344 1878 2436 1932 τοῦ
2486 1882 2752 1936 Δεσπότου
2797 1884 3146 1955 λαμϐάνουσα
3196 1889 3433 1960 Χριστοῦ
3463 1932 3478 1953 ,
3533 1892 3773 1961 ὁπηνίκα

2201 1968 2375 2022 πάντα
2403 1966 2472 2040 ἦν
2506 1974 2715 2042 μεγάλα
2743 1976 2838 2027 καὶ
2875 1976 3038 2044 φόϐου
3093 1980 3286 2049 μεστὰ,
3329 1981 3494 2036 καινά
3516 2000 3578 2036 τε
3603 1983 3774 2048 ϐντως

2199 2061 2496 2132 παράδοξα,
2544 2065 2638 2117 καὶ
2686 2066 2934 2121 πλεῖστον
2984 2068 3108 2122 ὅσον
3161 2069 3553 2144 ὑπερϐαίνοντα
3601 2075 3673 2128 τά
3714 2079 3772 2129 ὲν

2198 2151 2347 2223 νόμῳ
2368 2155 2683 2226 γιγνόμενα’
2713 2155 2789 2220 ὡς
2820 2160 3140 2230 αἰνίγματος
3171 2162 3272 2232 μὲν
3303 2163 3372 2217 τὰ
3411 2167 3501 2218 ἐπὶ
3522 2162 3625 2234 τῆς
3648 2166 3768 2221 Πα-

2198 2239 2355 2307 λαιᾶς
2377 2243 2650 2317 Διαθήκης
2666 2248 2816 2313 τάξιν
2846 2250 3080 2320 ἐπέχειν,
3112 2251 3370 2322 ἀληθείας
3405 2253 3461 2308 δὲ
3490 2251 3630 2309 εἰναι
3659 2255 3772 2310 τῶν

2196 2336 2287 2389 ἐπὶ
2336 2337 2430 2392 τοῦ
2475 2340 2742 2395 Δεσπότου
2777 2344 3012 2415 Χριστοῦ
3062 2346 3361 2417 γινομένων
3393 2349 3454 2402 τὸ
3494 2349 3763 2420 μέγεθος·

2194 2427 2365 2492 οῦτως
2405 2433 2433 2484 ὁ
2478 2435 2744 2505 μακάριος
2790 2436 2934 2505 λέγει
2981 2439 3140 2494 Δαυῖδ
3171 2441 3417 2512 περὶτοῦ
3468 2441 3635 2504 λαοῦ,
3683 2443 3768 2496 ὅτι

2191 2521 2311 2573 Οὐκ
2330 2520 2756 2594 ἐγκατελείφθη
2793 2529 2828 2594 ἠ
2854 2529 3022 2598 ψυχὴ
3045 2531 3231 2585 αὐτοῦ
3251 2534 3338 2598 εἰς
3365 2534 3536 2599 ᾅδην,
3561 2533 3705 2587 οὐδὲ
3721 2535 3762 2601 ή

2191 2610 2346 2678 σὰρξ
2381 2615 2566 2668 αὐτοῦ
2609 2613 2731 2671 εἶδε
2776 2618 3138 2688 διαφθοράν·
3187 2624 3322 2694 ὅπερ
3369 2625 3468 2678 οὑκ
3519 2625 3612 2677 ἐπὶ
3652 2624 3764 2678 τῶν

2192 2703 2527 2770 πραγμάτων
2555 2706 2787 2759 νοεῖσθαι
2820 2707 3068 2772 δυνατὸν,
3115 2711 3496 2784 μεταφορικῶς
3541 2715 3598 2767 δὲ
3639 2716 3761 2786 ἦτοι

2191 2789 2559 2858 ὑπερϐολικῶς
2587 2794 2751 2864 λέγει,
2781 2799 2861 2850 ὅτι
2893 2798 3090 2870 ὲξ-ῄρθη
3106 2802 3343 2856 κινδύνου
3371 2802 3714 2876 ἧδιαφθορᾶς
3741 2821 3761 2836 ⁸

2189 2882 2222 2952 ἡ
2252 2881 2308 2935 δὲ
2339 2883 2435 2935 τοῦ
2462 2887 2783 2957 πράγματος
2813 2891 3037 2962 ἀλήθεια
3063 2894 3168 2948 τῶν
3202 2899 3500 2968 εἰρημένων
3540 2900 3646 2953 ὑπὸ
3665 2902 3758 2954 τοῦ

2187 2975 2452 3028 Δεσπότου
2492 2980 2568 3046 (p.
2603 2977 2724 3049 128)
2756 2981 3026 3038 δείκνυται
3061 2987 3296 3057 Χριστοῦ
3317 3030 3330 3052 ,
3377 2991 3464 3042 ὅτε
3498 2990 3622 3043 οὔτε
3657 2994 3761 3064 τὴν

2184 3063 2360 3134 ψυχὴν
2388 3066 2550 3120 αὑτοῦ
2583 3071 3007 3144 καταλειφθῆναι
3042 3078 3230 3144 γέγονε
3269 3082 3346 3142 εἰς
3377 3079 3509 3150 ᾅδην
3544 3063 3758 3136 ἀποκα-

2182 3157 2455 3210 ταστᾶσαν
2485 3159 2564 3229 τῷ
2593 3160 2803 3232 σώματι
2844 3165 2930 3219 διὰ
2957 3168 3054 3238 τῆς
3093 3170 3435 3235 ἀναστάσεως
3465 3190 3478 3202 ’
3531 3173 3654 3228 οὔτε
3693 3175 3761 3228 τὸ

2175 3234 2342 3318 ’σῶμα
2379 3251 2672 3324 διαφθοράν
2715 3273 2834 3309 τινα
2868 3234 3286 3332 ὑπομεμενηκεν
3314 3279 3329 3294 ο
3378 3234 3452 3325 ὥς
3489 3264 3565 3334 μὴ
3597 3267 3759 3336 μόνον

2182 3341 2275 3392 ἐπὶ
2307 3341 2399 3394 τοῦ
2431 3345 2627 3396 οἰκείου
2663 3350 2839 3415 μεῖναι
2870 3351 3161 3420 σχήματος,
3189 3355 3246 3406 ὲν
3274 3347 3316 3421 ᾧ
3345 3354 3406 3426 δὴ
3435 3357 3758 3429 τετελεύτηο

2180 3445 2294 3490 κεν,
2328 3431 2464 3484 ἀλλὰ
2491 3435 2599 3505 γὰρ
2634 3438 2727 3489 καὶ
2755 3439 2834 3501 εἰς
2859 3439 3122 3495 ἀθάνατον
3157 3443 3249 3496 καὶ
3274 3444 3552 3516 ἄφθαρτον
3581 3464 3755 3516 μετα-

2182 3521 2370 3591 στῆναι
2402 3524 2563 3592 φύσιν
2585 3541 2600 3555 ’
2649 3527 2723 3590 ὡς
2747 3524 2885 3583 εἶναι
2919 3533 3093 3585 ἐκεῖνο
3121 3535 3218 3604 μὲν
3249 3535 3492 3606 αἴνιγμα,
3523 3541 3669 3591 τουτὶ
3695 3539 3757 3592 δὲ

2181 3615 2439 3686 ἀλήθειαν
2459 3635 2472 3650 ο
2519 3619 2704 3689 διόπερ
2730 3623 2998 3693 ἐχρήσατο
3026 3628 3090 3696 τῇ
3127 3630 3275 3698 φωνῇ
3307 3629 3400 3680 καὶ
3428 3630 3456 3680 6
3484 3629 3760 3700 μακάριος

2179 3707 2380 3778 Πέτρος
2400 3750 2413 3772 ,
2445 3709 2520 3772 ὡς
2543 3711 2610 3764 ἂν
2635 3712 2759 3765 τότε
2789 3715 2885 3782 μὲν
2916 3717 3056 3770 κατά
3086 3734 3206 3770 τινα
3240 3720 3419 3772 αἰτίαν
3455 3738 3760 3792 μεταφοριο

2177 3797 2287 3860 κῶς
2315 3800 2600 3872 εἰρημένῃ,
2632 3802 2727 3856 νῦν
2761 3804 2816 3857 δὲ
2856 3806 3026 3878 ἀληθῆ
3072 3809 3171 3877 τὴν
3200 3808 3423 3862 ἔκϐασιν
3450 3813 3539 3863 ἐπ’
3569 3812 3757 3866 αὑτῶν

2183 3885 2422 3940 λαϐοῦσα
2469 3890 2576 3943 τῶν
2611 3895 2986 3963 πραγμάτων·
3037 3895 3175 3950 ὥστε
3227 3900 3318 3952 καὶ
3365 3900 3544 3971 πολλῷ
3590 3903 3756 3957 πλέον

2183 3974 2292 4030 δεῖν
2323 3981 2430 4044 τοῖς
2458 3980 2554 4034 νῦν
2581 3984 2876 4051 πιστεύειν,
2903 3986 2937 4058 ἢ
2964 3988 3083 4041 τότε
3114 3988 3416 4061 ἐθαύμαζον
3448 3993 3644 4048 ἐκεῖνο.

2247 4260 2461 4316 Πολλῶν
2497 4263 2552 4316 δὲ
2582 4267 2836 4322 τοιούτων
2865 4269 3034 4325 ὄντων
3071 4274 3160 4326 ἐπὶ
3190 4274 3288 4345 τῆς
3328 4274 3476 4340 θείας
3500 4277 3751 4350 Γραφῆς,

2174 4353 2472 4423 παρόμοιον
2507 4357 2788 4429 προδήλως
2824 4363 2940 4416 ἐστὶ
2969 4364 3150 4418 καὶτὸ
3179 4368 3351 4437 παρόν
3377 4385 3391 4399 ο
3438 4370 3466 4421 6
3503 4370 3604 4439 μὲν
3638 4372 3751 4446 γάρ

2048 4467 2072 4478 -
2171 4444 2447 4516 Δεσπότης
2495 4447 2625 4511 Θεὸς
2656 4451 2796 4504 κατὰ
2845 4451 2940 4522 τὴν
2982 4455 3101 4506 τότε
3142 4458 3428 4527 συνήθειαν
3473 4461 3752 4526 Ἰουδαίοις

2169 4534 2547 4606 διαλεγόμενος
2589 4540 2677 4592 διὰ
2721 4541 2814 4594 τοῦ
2856 4547 3155 4617 προφήτου,
3205 4549 3302 4619 τὴν
3327 4551 3530 4604 οἰκείαν
3560 4553 3752 4616 αὐτοῖς

2171 4625 2504 4696 παρέχεσθαι
2541 4629 2778 4699 δαψιλῶς
2830 4632 2981 4703 ἔλεγε
3015 4639 3354 4709 κηδεμονίαν,
3389 4642 3480 4694 καὶ
3508 4642 3575 4694 τὰ
3613 4643 3750 4712 ἑξῆς

2167 4714 2221 4766 δὲ
2276 4716 2396 4768 καθ’
2460 4718 2518 4770 ὃν
2567 4721 2997 4795 ἡρμηνεὺκαμεν
3037 4725 3298 4798 ’τρόπονλ
3365 4732 3632 4803 ἐκϐέϐηκε
3685 4733 3749 4787 δὲ

2168 4806 2381 4860 ᾶπαντα
2421 4810 2557 4878 μετὰ
2605 4814 2702 4884 τῆς
2727 4815 2984 4884 ἀληθείας
3022 4820 3114 4872 ἐπὶ
3160 4821 3254 4873 τοῦ
3302 4824 3574 4876 Δεσπότου
3608 4826 3753 4900 Χρι-

2168 4899 2292 4950 στοῦ
2312 4916 2324 4928 ’
2358 4901 2438 4952 ὅτι
2468 4904 2560 4955 καὶ
2595 4904 2743 4975 ἥλιος
2773 4908 2939 4972 ὅντως
2968 4910 3252 4985 ἐσκοτίσθη
3275 4953 3288 4976 ,
3324 4911 3417 4967 καὶ
3457 4917 3650 4987 σελήνη
3685 4918 3749 4969 δὲ

2169 4990 2263 5040 σὺν
2290 4989 2515 5060 ἐκείνῳ·
2552 4997 2643 5046 καὶ
2677 5000 2886 5066 μεγάλα
2916 5001 3014 5070 μὲν
3047 5005 3103 5055 ὲν
3134 5006 3364 5076 οὐρανῷ,
3400 5007 3568 5060 πολλὰ
3593 5009 3649 5060 δὲ
3683 5012 3748 5061 ἐν

2164 5081 2229 5148 τῇ
2263 5083 2330 5149 Ti}
2362 5082 2549 5148 Τέγθνε
2580 5086 2782 5157 τέρατα
2807 5107 2818 5119 ’
2854 5086 2996 5162 αἷμά
3023 5111 3083 5145 τε
3125 5097 3362 5168 ἀνεφάνη
3398 5098 3488 5150 τοῦ
3524 5101 3745 5154 Aser-:6-

2167 5184 2263 5219 του
2303 5169 2537 5239 Χριστοῦ
2577 5175 2638 5226 τὸ
2688 5181 2986 5249 σωτήριον·
3039 5184 3130 5236 καὶ
3161 5185 3270 5256 πῦρ
3299 5187 3438 5240 κατὰ
3463 5189 3562 5259 τὴν
3593 5188 3746 5243 ἰδέαν

2167 5257 2260 5309 τοῦ
2289 5262 2637 5329 φοιτήσαντος
2683 5269 2994 5341 Πνεῦματος
3038 5274 3134 5344 τὴν
3184 5277 3461 5348 ἐνέργειαν
3509 5280 3745 5349 μηνῦον,

2168 5347 2340 5423 οὗπερ
2366 5353 2456 5410 οὖν
2484 5359 2577 5410 καὶ
2607 5360 2770 5430 ἀτμὶς
2816 5367 3109 5434 προηγεῖτο
3137 5367 3366 5428 καπνοῦ,
3400 5371 3478 5431 εἰς
3517 5371 3746 5442 ἔλεγχον

2167 5443 2263 5512 τῆς
2295 5448 2742 5522 καταληψομένης
2773 5456 2896 5518 τοὺς
2942 5462 3031 5510 τὸν
3083 5461 3309 5530 σταυρὸν
3336 5462 3746 5531 τετολμηκότας

2164 5538 2450 5607 τιμωρίας·
2481 5541 2554 5611 (p.
2589 5543 2706 5615 19.9)
2735 5546 2854 5599 τότε
2881 5547 2944 5618 δὴ
2976 5550 3066 5603 καὶ
3093 5552 3352 5621 μετέσχον
3377 5552 3612 5617 ἅπαντες
3633 5555 3750 5626 τῆς
