3954 6518
237 322 339 377 235

1242 317 1792 374 COMMENTARIUS
1833 317 1896 371 IN
1940 316 2171 372 JOELIS
2209 318 2359 373 CAP.
2396 318 2486 372 Ill.

3378 315 3485 370 335

236 436 329 489 τοῦ
358 424 515 503 ἁγίου
544 429 861 504 Πνεῦματος
891 433 1129 504 χάριτος,
1167 434 1426 486 ποικίλων
1455 451 1511 485 τε
1555 434 1647 487 καὶ
1678 432 1805 485 πολε

1928 430 2068 499 ligui
2105 439 2232 485 sunt
2264 430 2431 485 habiti
2464 448 2475 482 :
2509 443 2739 500 quorum
2763 428 2852 482 alii
2879 427 3249 499 praedicebant
3280 428 3483 491 futura,

238 526 343 579 λῶν
370 526 722 596 χαρισμάτων
747 524 1087 588 ἀξιωθέντες⁸
1118 517 1191 577 ὧν
1227 526 1276 577 οἱ
1315 524 1411 594 μὲν
1438 524 1805 596 προηγόρευον

235 618 297 669 τὸ
329 616 549 686 μέλλον,
582 617 630 667 oi
668 615 723 666 δέ
758 615 983 669 πλεῖστα
1010 617 1111 668 ὃσα
1150 615 1569 686 κατειργάζοντο
1602 618 1681 678 είς
1718 615 1807 667 πί-

239 707 433 759 στωσίν
458 724 517 758 τε
539 705 631 759 τοῦ
662 707 922 777 μεγέθους
952 706 1058 759 τῶν
1088 708 1406 778 γινομένων,
1433 708 1537 761 ’καὶ
1561 708 1639 769 είς
1659 706 1809 774 ἐλεγ-

236 815 327 867 χον
360 798 457 867 τῆς
483 795 640 867 δόξης
663 799 763 869 τῆς
800 800 926 870 περὶ
958 801 1048 853 τὸν
1086 802 1360 872 Δεσπότην
1409 803 1644 873 Χριστόν
1666 820 1678 833 ·
1733 803 1809 865 ὡς

236 889 393 941 τοῦτο
415 888 478 958 δὴ
505 889 567 941 τὸ
597 889 763 942 πάλαι
793 891 879 944 διὰ
924 891 1015 944 τοῦ
1046 895 1324 963 προφήτου
1373 893 1749 964 μεταφορικῶς
1774 894 1805 963 ἢ

238 978 610 1049 ὑπερϐολικῶς
640 980 945 1051 εἰρημένον,
978 982 1317 1051 πραγμάτων
1342 984 1440 1054 τὴν
1460 983 1642 1047 δεῖξιν,
1674 983 1810 1053 μετὰ

236 1069 331 1122 τοῦ
364 1070 455 1122 καὶ
483 1070 831 1124 ἐλαττοῦσθαι
864 1071 973 1124 τῶν
1019 1074 1358 1142 πραγμάτων
1404 1073 1493 1125 τὸν
1535 1073 1690 1140 λόγον
1723 1088 1733 1101 ·
1773 1075 1805 1141 ή

240 1160 339 1229 μὲν
364 1155 456 1213 οὖν
483 1159 649 1222 αἰτία,
684 1159 792 1213 εἴτε
838 1161 1039 1230 ταύτης
1071 1162 1166 1231 τῆς
1197 1162 1401 1230 φωνῆς,
1434 1163 1542 1215 εἴτε
1581 1164 1673 1214 καὶ
1702 1161 1809 1214 τῶν

236 1251 463 1313 λοιπῶν,
486 1252 688 1314 ὁπόσας
710 1253 792 1319 ἐφ’
816 1253 1015 1321 ἐτέρων
1042 1253 1337 1323 εέρημένας
1372 1255 1516 1325 παρὰ
1548 1257 1655 1317 τοῖς
1680 1271 1811 1322 προ-

236 1343 457 1411 φήταις,
488 1344 567 1405 είς
592 1342 688 1411 τήν
718 1343 859 1396 κατὰ
891 1343 981 1396 τὸν
1000 1346 1273 1415 Δεσπότην
1298 1347 1527 1416 Χριστὸν
1563 1345 1811 1411 ἐξέλαϐον

235 1429 550 1498 οἰκονομίαν
595 1433 643 1482 οἱ
697 1431 953 1501 μακάριοι
999 1433 1306 1497 ἀπόστολοι,
1343 1435 1566 1505 τοιαύτη
1614 1454 1698 1498 τις
1746 1436 1811 1490 ἂν

236 1520 576 1593 ὑποληφθείη
610 1520 719 1592 (l8)
749 1524 989 1587 δικαίως·
1022 1526 1095 1586 ῶς
1119 1526 1182 1579 άν
1207 1529 1301 1580 καὶ
1326 1530 1356 1598 ἡ
1388 1528 1496 1582 τῶν
1528 1529 1651 1582 τότε
1680 1546 1814 1599 πρα-

233 1614 467 1684 γμάτων
496 1614 705 1683 ἱστορία
737 1614 979 1683 φαίνοιτο
1020 1617 1094 1688 μὴ
1136 1619 1489 1690 πεπλασμένη
1516 1658 1529 1682 ,
1575 1622 1668 1673 καὶ
1704 1621 1812 1673 τῶν

231 1705 335 1760 νῦν
382 1707 441 1759 τὸ
490 1707 718 1777 μέγεθος
760 1708 823 1759 ἐκ
878 1710 1230 1781 παραθέσεως
1276 1712 1497 1765 ἐκείνων
1543 1713 1814 1782 ἐλέγχοιτο

238 1797 461 1866 μᾶλλον·
495 1795 788 1848 δεικνύοιτό
815 1814 872 1849 τε
906 1798 1147 1868 ἀκριϐῶς
1174 1799 1262 1852 διὰ
1290 1800 1525 1864 πάντων,
1554 1802 1634 1852 ὅτι
1666 1800 1814 1853 ἔσται
1850 1787 1889 1840 Β

238 1889 342 1957 μέν
377 1903 461 1950 τις
494 1887 715 1939 ἐκείνων
747 1887 1014 1957 οἰκειότης
1059 1889 1194 1960 πρὸς
1222 1889 1428 1944 ταῦτα·
1474 1891 1717 1945 λείπεται
1758 1892 1815 1944 δὲ

236 1981 392 2049 ὅμως
432 1979 682 2032 τοσοῦτον
709 1979 818 2032 τῶν
849 1980 1128 2047 παρόντων
1167 1982 1232 2034 τά
1275 1984 1658 2053 προειληφότα,
1693 1986 1815 2038 ὅσον

237 2070 403 2123 σκιάν
433 2070 713 2122 λείπεσθαι
745 2070 991 2140 σώματος
1035 2071 1271 2142 ἀνάγκη,
1308 2072 1408 2126 κᾶν
1442 2076 1488 2126 εί
1520 2077 1817 2145 προσήκειν

236 2161 393 2232 αὐτῷ
440 2180 490 2213 τι
539 2162 719 2231 δοκοίη
750 2162 876 2229 (19).
953 2164 1028 2230 (p.
1067 2161 1187 2228 150)
1232 2162 1287 2215 '0
1332 2164 1387 2216 δέ
1433 2181 1495 2231 γε
1535 2167 1817 2237 προφήτης

236 2254 431 2325 ἐπειδὴ
482 2252 579 2322 τὴν
627 2253 734 2305 ἀπὸ
767 2251 1082 2316 Βαϐυλῶνος
1112 2253 1366 2306 ἐπάνοδον
1395 2254 1480 2309 διὰ
1509 2256 1615 2308 τῶν
1650 2262 1819 2329 προρ-

236 2344 520 2416 ρηθέντων
554 2345 843 2414 ἐμήνυσεν,
878 2344 946 2397 τά
981 2360 1040 2396 τε
1080 2346 1455 2415 προσεσόμενα
1485 2348 1666 2411 αὐτοῖς
1699 2351 1817 2401 κατ’

237 2438 455 2489 ἐκεῖνον
498 2435 588 2487 τὸν
633 2435 821 2506 καιρὸν
867 2435 1049 2503 ἀγαθὰ
1102 2438 1379 2502 ποικίλως,
1424 2439 1821 2494 άκολουθότατα

236 2530 374 2601 ἑῆς
403 2528 625 2595 ἐπάγει.
1636 2536 1639 2537 ⁷

904 2664 1063 2717 ΚΕΦ.
1099 2665 1172 2717 Γ’.

316 2778 473 2847 Στίχ.
491 2777 711 2845 α’-γ¹.-
726 2795 744 2828 ι
758 2777 878 2831 Ὅτι
892 2777 999 2829 ίδοὺ
1018 2776 1128 2844 ἐγὼ
1143 2779 1199 2829 ἐν
1213 2780 1330 2841 ταῖς
1345 2779 1577 2849 ἡμέραις
1589 2781 1820 2846 ἐκείναις

238 2869 345 2923 καὶ
360 2870 418 2920 ἐν
436 2866 509 2937 τῷ
526 2866 703 2938 καιρῷ
719 2866 928 2936 ἐκείνῳ,
944 2865 1019 2929 ὡς
1038 2865 1103 2918 ἂν
1119 2866 1428 2938 ἐπιστρέψω
1441 2867 1537 2939 τὴν
1554 2870 1825 2939 αἰχμαλω-

240 2962 373 3013 σίαν
414 2958 584 3011 Ἰούδα
612 2958 706 3012 καὶ
745 2958 1115 3028 Ἰερουσαλὴμ,
1144 2959 1355 3023 συνάξω
1382 2960 1554 3012 πάντα
1576 2961 1644 3013 τά
1673 2962 1821 3031 ἐθνη,

239 3054 347 3107 κοι¹ιΙ
362 3050 581 3115 κατάξω
596 3049 735 3102 αὐτὰ
746 3052 823 3113 εἰς
838 3049 935 3121 τὴν
954 3051 1173 3104 κοιλάδα
1202 3052 1483 3120 Ἰωσαφάτ·
1507 3054 1599 3105 καὶ
1612 3052 1823 3122 διακρι-

1915 523 2005 575 alii
2044 523 2279 593 plurima
2313 522 2602 590 patrabaut
2633 519 2880 591 prodigia
2903 522 2973 575 ob
2994 535 3177 575 rerum
3206 528 3484 591 gestarum

1913 613 2345 668 conﬁrmandam
2390 613 2849 682 magnitudinem,
2912 619 2965 666 et
3010 608 3483 681 gloriam‘Cbristi

1914 705 2132 759 Domini
2179 704 2584 760 ostentandam.
2634 704 2750 769 Quo
2793 704 2852 757 [it
2890 712 2948 756 ιιι
2991 704 3095 758 hoc
3128 704 3255 756 olim
3292 717 3321 755 a
3362 717 3489 772 pro-

1915 798 2078 868 pheta
2106 798 2479 867 metaphorice
2532 807 2625 850 aut
2668 796 3018 867 hyperbolice
3058 796 3289 859 dictum,
3338 809 3488 849 nunc

1916 883 2259 939 manifestam
2302 885 2497 937 habeat
2537 898 2716 937 rerum
2749 884 3145 947 ostensionem,
3180 883 3255 935 ita
3306 893 3485 935 tamen

1917 984 1977 1029 ut
2024 976 2186 1031 verba
2249 991 2278 1028 a
2330 976 2495 1029 rebus
2539 982 2887 1044 superentur.
2934 973 3111 1029 Causa
3147 975 3336 1042 igitur,
3387 988 3488 1027 cur

1917 1068 2033 1121 sive
2062 1068 2202 1120 hanc
2255 1067 2606 1125 locutionem,
2646 1067 2761 1120 sive
2801 1065 3065 1135 reliquas.
3118 1074 3387 1135 Quotquot
3420 1066 3487 1119 de

1918 1159 2037 1212 aliis
2061 1157 2321 1226 subjectis
2351 1159 2489 1226 apud
2522 1158 2813 1228 prophetas
2843 1156 3000 1208 dicta:
3022 1164 3168 1219 sunt,
3198 1157 3263 1209 de
3282 1157 3483 1209 Christi

1918 1249 2129 1302 Domini
2163 1249 2428 1301 incarnali
2462 1250 2720 1319 mysterio
2754 1248 2894 1301 beati
2927 1248 3158 1315 apostoli
3195 1248 3477 1301 intellese.

1920 1344 2049 1403 rint,
2085 1357 2273 1405 causa,
2314 1344 2555 1411 inquam,
2597 1343 2709 1396 haec
2741 1341 2937 1396 merito
2958 1341 3259 1394 existimari
3288 1346 3484 1407 potest.

1918 1434 2093 1503 Atque
2126 1434 2197 1485 ita
2252 1448 2351 1486 nec
2389 1444 2630 1487 veterum
2692 1447 2876 1486 rerum
2934 1431 3222 1485 historiam
3271 1441 3488 1483 constat

1918 1540 2041 1579 esse
2064 1526 2383 1591 conﬁctam;
2432 1534 2483 1579 et
2512 1523 2859 1593 prarscntium
2906 1521 3221 1591 magnitudo
3269 1534 3488 1589 compa-

1920 1616 2127 1669 ratione
2153 1617 2368 1668 illarum
2406 1617 2576 1685 magis
2610 1616 2857 1684 arguitur
2884 1633 2895 1667 :
2936 1623 3099 1682 atque
3120 1628 3183 1667 ex
3210 1612 3295 1665 his
3314 1614 3489 1665 omni-

1920 1707 2021 1760 bus
2048 1714 2299 1761 accurate
2334 1706 2765 1771 demonstratur,
2806 1705 3096 1775 quamdam
3152 1704 3489 1759 intercedere

1918 1797 2131 1850 illarum
2182 1814 2306 1853 cum
2364 1798 2448 1853 his
2499 1798 2995 1863 necessitudinem;
3068 1796 3149 1851 sic
3195 1804 3374 1849 tamen
3432 1806 3489 1848 ut

1918 1890 2191 1957 praeterita
2224 1895 2437 1941 tantum
2476 1904 2506 1942 a
2541 1888 2909 1957 praesentibus
2948 1897 3491 1957 superentur,quan-

1919 1988 2033 2032 tum
2068 1981 2258 2034 umbra
2294 1996 2324 2033 a
2356 1995 2585 2051 corpore
2628 1981 2807 2043 debet,
2854 1994 3165 2050 quanquam
3217 1982 3308 2033 illa
3363 1980 3491 2035 huic

1920 2071 2260 2136 aliquantum
2287 2082 2570 2140 congruat.
2595 2070 2707 2140 Age
2730 2085 2881 2135 vero,
2907 2071 3170 2140 propheta
3200 2080 3487 2139 postquam

1922 2172 1950 2210 a
1995 2158 2276 2229 Babylone
2332 2159 2568 2213 reditum
2631 2158 2909 2228 przedictis
2962 2160 3139 2214 verbis
3176 2161 3486 2235 portendit,

1920 2264 2133 2303 necnon
2188 2250 2339 2303 varia
2367 2257 2629 2304 eventura
2675 2265 2770 2319 per
2804 2249 2939 2304 illud
2967 2257 3182 2320 tempus
3227 2250 3488 2307 lsraelitis

1923 2342 2085 2407 bona,
2118 2349 2486 2397 consentanea
2523 2342 2817 2398 admodum
2861 2345 2933 2398 ita
2967 2343 3144 2415 pergit
3180 2343 3381 2398 dicere.

2563 2662 2717 2717 CAP.
2762 2663 2850 2717 Ill.

1991 2771 2103 2841 86
2128 2770 2293 2827 Vsus.
2337 2773 2457 2829 1-5.
2493 2794 2590 2826 -‹
2619 2775 2756 2841 Quia
2775 2791 2904 2833 ecce
2944 2792 3043 2847 ego
3081 2778 3136 2833 in
3168 2778 3358 2834 diebus
3387 2780 3493 2834 illis

1923 2868 1978 2915 et
2001 2869 2245 2932 tempore
2278 2864 2392 2929 illo,
2416 2880 2540 2919 cum
2568 2878 2890 2923 convertere
2922 2870 3298 2939 captivitatem
3339 2870 3495 2925 Judac

1924 2962 1979 3008 et
2009 2953 2373 3022 Hierusalem,
2402 2959 2750 3027 congregabo
2775 2974 2965 3014 omnes
3000 2968 3207 3029 gentes.
3226 2968 3283 3015 et
3315 2960 3494 3017 dedu-

1927 3058 2047 3099 cam
2088 3060 2182 3099 eas
2210 3047 2265 3098 in
2301 3046 2494 3101 vallen‘i
2531 3047 2793 3119 Josaphat
2842 3068 2856 3103 :
2894 3058 2947 3104 et
2997 3051 3312 3122 disceptabo
3372 3068 3497 3108 cum

241 3144 315 3214 δή
325 3160 487 3213 σομαι
503 3141 638 3211 πρὸς
650 3141 843 3202 αὐτοὺς
855 3140 1115 3211 ἐκεῖὺπὲρ
1128 3140 1219 3193 τοῦ
1232 3140 1358 3195 λαοῦ
1376 3158 1477 3211 μου
1495 3142 1695 3213 καὶτῆς
1708 3144 1823 3214 κλη·

1928 3137 2008 3191 eis
2039 3137 2112 3191 ibi
2137 3153 2302 3207 super
2325 3140 2524 3207 populo
2542 3154 2686 3205 meo,
2717 3148 2772 3195 et
2801 3141 3114 3196 haereditate
3133 3159 3248 3197 mea
3273 3142 3495 3207 lsraele,

245 3232 507 3304 ρονομίας
536 3247 635 3301 μου
682 3229 911 3302 Ἰσραὴλ,
944 3231 994 3283 οἳ
1020 3232 1387 3302 διεσπάρησαν
1410 3234 1469 3284 ἐν
1495 3236 1607 3296 τοῖς
1630 3234 1825 3299 ἔθνεσι,

242 3325 349 3379 καὶ
376 3325 474 3395 τὴν
507 3325 609 3394 γῆν
662 3341 760 3394 μου
812 3323 1244 3378 καταδιείλοντο·
1302 3327 1395 3377 καὶ
1437 3326 1530 3378 ἐπὶ
1562 3327 1654 3379 τὸν
1698 3328 1828 3382 λαόν

245 3435 360 3489 μου
384 3417 571 3469 ἔϐαλον
592 3416 844 3487 κλήρους·
872 3415 966 3468 καὶ
981 3415 1187 3468 ἔδωκαν
1208 3415 1276 3468 τὰ
1302 3416 1559 3486 παιδάρια
1584 3417 1827 3488 πόρναις,

244 3508 349 3563 καὶ
397 3508 467 3559 τά
510 3507 743 3577 κοράσια
792 3506 1032 3559 ἐπώλουν
1081 3506 1201 3558 ἀντὶ
1244 3504 1386 3558 οἴνου
1434 3507 1527 3558 καὶ
1566 3506 1768 3559 ἔπινον.
1804 3525 1822 3557 ι

246 3600 419 3666 Λέγει
451 3598 508 3650 δέ
537 3598 604 3650 τὰ
639 3597 773 3666 μετὰ
806 3598 903 3667 τὴν
934 3596 1189 3650 ἐπάνοδον
1239 3598 1296 3648 ἐν
1345 3596 1551 3660 τούτοις
1586 3597 1826 3667 μηνύων,

246 3689 366 3742 τῶν
393 3706 453 3741 τε
476 3687 603 3759 περὶ
630 3689 722 3740 τὸν
754 3686 876 3754 Γὼγ
898 3687 995 3757 τὴν
1025 3686 1228 3750 ἄνοδον,
1262 3688 1326 3757 ἢν
1354 3688 1666 3757 ποιήσονται
1694 3688 1829 3757 μετὰ

246 3777 454 3831 πολλσῦ
502 3776 737 3847 πλήθους
778 3776 1119 3846 ὁρμήσαντες
1148 3774 1288 3827 κατὰ
1317 3774 1414 3845 τὴς
1456 3776 1827 3845 Ἰερουσαλὴμ,

247 3870 353 3923 καὶ
401 3868 500 3939 τὴν
542 3865 819 3920 ἀπώλειαν
868 3868 934 3937 ἢν
981 3867 1122 3936 ὑπὲρ
1165 3866 1258 3918 τοῦ
1305 3866 1652 3936 τολμήματος
1701 3868 1830 3920 ὑπο-

251 3959 482 4032 μενοῦσι
528 3958 738 4012 τούτου.
797 3956 991 4010 Ἐπειδ’
1031 3956 1097 4009 ἂν
1132 3956 1261 4027 γὰρ,
1290 3956 1473 4026 φησιν,
1502 3958 1831 4025 ἐπαναγάγω

250 4054 404 4122 ὑμᾶς
447 4053 540 4105 ἐπὶ
567 4052 666 4123 τὴν
711 4048 1082 4121 Ἰερουσαλὴμ,
1121 4047 1499 4101 συνελεύσεται
1531 4049 1628 4119 μὲν
1661 4047 1832 4100 πολλὰ

248 4144 592 4213 πολλαχόθεν
636 4143 763 4213 ἔθνη
810 4143 893 4211 ἐφ’
921 4143 1062 4213 ὑμᾶς
1086 4157 1101 4172 ·
1150 4141 1297 4223 λέγει
1339 4140 1419 4205 δέ,
1454 4144 1535 4197 ὅτι
1560 4160 1579 4192 ι
1609 4139 1851 4205 Συνάξω»

256 4236 447 4289 πάντα
476 4235 545 4287 τὰ
579 4234 763 4303 ἐθνη,ι
800 4233 897 4303 οὐχ
925 4233 1007 4285 ὅτι
1034 4230 1232 4295 αὐτοὺς
1274 4232 1448 4299 άγειν,
1483 4231 1597 4284 ἀλλ’
1645 4231 1829 4300 ἐπειδὴ

250 4329 412 4382 εἴασε
458 4327 653 4390 αὐτοὺς
686 4329 785 4394 τὴν
830 4323 1088 4395 πρόθεσιν
1124 4325 1204 4386 είς
1246 4323 1406 4395 ἔργον
1437 4323 1687 4376 ἐκϐαλεῖν
1734 4323 1830 4392 τὴν

250 4417 465 4471 οἰκείαν
488 4431 503 4445 ⁸
561 4414 937 4484 ἐτιμωρήσατο
978 4412 1035 4464 δέ
1067 4409 1551 4481 ἐπικεχειρηκότας
1586 4410 1652 4478 τῇ
1692 4406 1831 4460 κατὰ

251 4508 370 4562 τῶν
407 4503 751 4577 Ἰσραηλιτῶν
784 4500 985 4573 ἀνόδῳ·
1033 4503 1127 4555 καὶ
1157 4503 1485 4572 πεποιήκασι
1531 4500 1628 4569 μὲν
1682 4497 1831 4551 οὐδὲν

254 4596 338 4655 ὧν
386 4598 667 4651 ἐϐούλοντο
713 4597 792 4657 είς
834 4597 958 4657 τοὺς
1004 4593 1321 4656 Ἰουδαίους,
1364 4590 1599 4660 φοϐερὰν
1630 4588 1687 4641 δέ
1714 4605 1838 4640 τινα

255 4692 358 4743 καὶ
386 4687 681 4758 παράδοξον
709 4686 1155 4756 ὑπομεμενήκασι
1206 4687 1279 4752 (p.
1310 4683 1433 4752 151)
1473 4684 1539 4752 τῇ
1569 4680 1662 4733 τοῦ
1704 4679 1838 4732 Θεοῦ

257 4784 407 4852 ῥοπῇ
461 4781 560 4851 τὴν
610 4779 914 4849 τιμωρίαν·
963 4775 1051 4829 διὰ
1095 4774 1253 4826 τοῦτο
1298 4773 1459 4836 αὐτὸς
1516 4774 1840 4841 συναγαγεῖν

257 4873 443 4924 πάντα
474 4871 543 4923 τά
581 4869 706 4939 ἔθνη
753 4868 900 4935 λέγει
926 4883 939 4896 ·
989 4864 1144 4919 τοῦτο
1177 4864 1495 4933 βουλόμενος
1536 4863 1731 4929 εἰπεῖν,
1760 4862 1840 4914 ὅτι

256 4964 440 5018 Εῑασα
489 4962 686 5024 αὐτοὺς
725 4962 790 5030 τῇ
834 4957 1079 5028 μοχθηρᾷ
1118 4955 1325 5008 ἐαυτῶν
1358 4953 1667 5025 χρήσασθαι
1694 4951 1834 5020 γνώ-

261 5072 374 5128 μῃ,
412 5055 508 5109 καὶ
538 5053 776 5125 ὁρμῆσαι
818 5050 959 5104 κατὰ
996 5050 1094 5119 τῆς
1130 5047 1502 5117 Ἰερουσαλὴμ,
1544 5045 1619 5109 ὡς
1650 5046 1715 5098 ἂν
1742 5046 1838 5098 αὐ-

254 5148 381 5202 τόθι
430 5147 586 5208 δίκας
627 5143 822 5206 αὐτοὺς
854 5140 1308 5212 εἰσπραξάμενος,
1354 5139 1452 5207 τῆς
1483 5153 1544 5189 τε
1591 5136 1719 5208 περὶ
1749 5135 1840 5188 τὸν

262 5241 395 5297 λαὸν
448 5238 777 5310 κηδεμονίας
822 5236 917 5288 καὶ
959 5235 1062 5303 τῆς
1107 5229 1344 5304 ἐμαυτοῦ
1400 5229 1513 5300 (20)
1558 5230 1840 5300 δυνάμεως

265 5327 539 5394 ἀπόδειξιν
568 5328 935 5397 παράσχωμαι
963 5325 1148 5378 πᾶσιν.
1168 5320 1350 5376 Εἰπὼν
1380 5320 1431 5389 γ’
1457 5315 1601 5385 οὖν,ι
1623 5317 1839 5384 Συνάξω

262 5428 444 5478 πάντα
473 5420 543 5475 τὰ
570 5415 722 5488 ἔθνη,
753 5435 773 5470 ι
801 5414 1095 5484 ἐπέγαγεν,
1132 5437 1152 5473 ‹
1175 5411 1287 5467 Καὶ
1318 5413 1537 5479 κατάξω
1568 5409 1707 5463 αὐτὰ
1762 5412 1840 5471 είς

333 5594 445 5664 (l8)
487 5594 625 5649 Cod.
656 5592 834 5661 λειφθ.

331 5658 444 5733 (l9)
492 5666 633 5719 Dicit
663 5658 779 5718 haec
795 5660 1277 5733 cumdidascalica
1299 5659 1561 5733 dignitate
1578 5658 1829 5713 Theodo-

259 5729 392 5804 rus;
428 5729 551 5808 quae
582 5743 763 5788 tamen
805 5732 999 5787 merito
1041 5732 1294 5787 omnibus
1345 5745 1450 5784 non
1486 5729 1824 5798 placuerunt,

590 5830 860 5886 Pnnon.
907 5825 1021 5884 Gn.
1074 5822 1287 5881 LXVI.

1930 3228 2023 3296 qui
2081 3228 2315 3297 dispersi
2372 3237 2501 3283 sunt
2552 3231 2608 3284 in
2673 3231 3015 3289 nationibus.
3051 3248 3171 3301 qum
3220 3236 3497 3304 regionem

1931 3333 2106 3373 meam
2164 3319 2473 3374 diviserunt
2508 3340 2520 3375 :
2556 3329 2611 3375 et
2662 3337 2830 3392 super
2862 3324 3122 3392 pepulum
3177 3339 3354 3378 meum
3394 3327 3495 3377 mi-

1930 3416 2123 3461 serunt
2152 3416 2355 3473 sortes,
2393 3416 2447 3462 et
2477 3408 2825 3464 tradiderunt
2860 3424 3062 3479 pueros
3092 3411 3497 3473 meretricibus,

1930 3503 1984 3551 et
2013 3498 2221 3567 puellas
2239 3498 2543 3553 vendebant
2570 3514 2669 3568 pro
2712 3499 2840 3553 vino
2872 3507 2931 3552 ut
2961 3499 3231 3554 biberent.
3266 3520 3283 3551 ι
3317 3500 3500 3570 Signi-

1932 3587 2058 3641 ﬁcat
2094 3604 2214 3656 quae
2253 3588 2513 3643 lsraelitis
2562 3598 2686 3659 post
2733 3590 2969 3644 reditum
3014 3598 3172 3644 erant
3214 3600 3497 3649 eventura.

1932 3676 2175 3745 Gogique
2204 3679 2597 3743 incursionem,
2636 3693 2799 3747 quam
2832 3693 2956 3732 cum
3002 3679 3208 3748 ingenti
3257 3680 3502 3733 multitu-

1932 3767 2058 3822 dine
2079 3768 2339 3823 adversus
2363 3766 2700 3824 Hierusalem
2718 3769 2901 3847 faciet,
2926 3780 2977 3825 et
3007 3769 3215 3825 cladem
3238 3786 3400 3839 quam
3431 3773 3501 3826 ob

1933 3857 2074 3911 hanc
2121 3858 2407 3913 audaciam
2459 3867 2578 3915 erat
2626 3867 2975 3930 experturus.
3012 3860 3145 3916 Nam
3181 3870 3493 3931 postquam,

1934 3947 2132 4015 inquit,
2221 3949 2489 4003 reduxero
2567 3964 2662 4004 vos
2738 3949 3100 4013 Hierusalem,
3163 3952 3345 4005 multae
3403 3968 3505 4004 un-

1931 4035 2097 4106 dique
2176 4040 2569 4109 conspirabunt
2661 4051 2852 4096 contra
2933 4056 3030 4097 vos
3103 4053 3311 4111 gentes.
3360 4042 3501 4096 Dicit

1934 4136 2113 4183 autem
2159 4147 2171 4181 :
2212 4129 2607 4199 «Congregabo
2654 4145 2843 4187 omnes
2892 4140 3104 4203 gentes,
3135 4152 3155 4184 ι
3209 4150 3314 4188 non
3357 4138 3501 4204 quod

1934 4220 2049 4289 ipse
2079 4223 2149 4274 sit
2168 4235 2262 4275 eas
2289 4220 2649 4287 adducturus,
2698 4223 2794 4278 sed
2823 4224 2969 4292 quod
3011 4226 3079 4280 iis
3123 4228 3503 4295 permissurus

1933 4312 2271 4381 propositum
2329 4313 2608 4384 proprium
2669 4315 2915 4384 exsequi.
2985 4315 3051 4369 Et
3106 4318 3324 4387 quidem
3381 4320 3505 4375 illos

1934 4403 2113 4471 puniit
2150 4404 2243 4473 qui
2291 4403 2669 4459 lsraelitarum
2732 4407 2930 4461 reditui
2986 4407 3170 4462 infesti
3224 4410 3499 4464 fuerunt:

1936 4510 2111 4565 neque
2134 4504 2312 4551 tamen
2359 4497 2437 4549 illi
2473 4497 2738 4550 voluntati
2785 4513 2896 4551 sum
2943 4500 3171 4568 obsequi
3213 4502 3505 4555 valuerunt.

1935 4594 2128 4642 contra
2177 4586 2414 4650 Judazos,
2469 4586 2562 4640 sed
2618 4588 2915 4642 terribilem
2971 4591 3151 4657 potius
3202 4599 3255 4642 et
3321 4593 3506 4660 inspe-

1936 4688 2108 4734 ratam
2141 4695 2169 4732 a
2199 4678 2292 4733 Dei
2329 4677 2536 4732 viribus
2576 4693 2794 4747 ptenam
2835 4680 3163 4734 retulerunt.
3210 4680 3501 4750 Propterea

1936 4772 2073 4825 dicit
2115 4786 2174 4825 se
2206 4784 2575 4840 congregasse
2622 4785 2815 4825 omnes
2847 4778 3058 4841 gentes,
3100 4787 3295 4843 nempe
3321 4774 3504 4828 dicere

1940 4864 2150 4924 volens,
2184 4862 2379 4917 sivisse
2411 4870 2470 4914 ut
2501 4877 2599 4914 sua
2629 4876 2883 4929 perversa
2910 4869 3194 4918 uterentur
3211 4865 3501 4928 sententia,

1941 4964 1994 5009 et
2021 4961 2213 5009 contra
2243 4952 2585 5007 Hierusalem
2623 4953 2885 5021 impetum
2920 4953 3257 5019 facerent,ut
3287 4965 3505 5024 sumpto

1939 5048 2051 5102 illic
2101 5048 2169 5100 de
2211 5046 2277 5099 iis
2300 5045 2588 5114 supplicio,
2638 5053 2692 5098 et
2742 5046 2924 5099 tutela:
2961 5061 3088 5115 erga
3123 5049 3405 5117 populum,
3452 5061 3505 5103 et

1938 5152 2051 5190 suae
2082 5135 2337 5204 potentia:
2386 5136 2664 5203 specimen
2714 5135 3016 5190 exhiberet.
3053 5136 3171 5191 Jam
3214 5147 3501 5207 postquam

1937 5225 2097 5289 dixit,
2136 5242 2153 5275 ‹
2177 5223 2533 5293 Congregabo
2578 5239 2769 5279 omnes
2799 5236 3010 5295 gentes,
3041 5246 3058 5277 ›
3109 5227 3317 5281 addidit
3352 5246 3365 5280 :
3406 5227 3507 5281 «Et

1938 5317 2203 5372 deducam
2231 5330 2325 5369 eas
2354 5315 2408 5369 in
2442 5315 2637 5369 vallem
2668 5315 2960 5386 Josaphat,
2994 5338 3011 5369 ι
3048 5319 3099 5372 id
3122 5329 3224 5383 cst,
3261 5319 3335 5373 Eo
3365 5319 3505 5384 loco,

1940 5407 2140 5477 inquit,
2176 5421 2330 5478 agam
2375 5420 2470 5460 eos
2498 5406 2763 5461 adversus
2802 5406 3165 5475 Hierusalem,
3201 5409 3509 5480 ibidemque

1940 5604 2136 5656 nempe
2164 5587 2303 5653 quod
2339 5588 2633 5657 prophetia:
2662 5589 2882 5643 nonnisi
2906 5590 3204 5645 secundum
3234 5590 3503 5645 effectum.

1942 5658 2345 5732 xafAéxﬁastv,‘
2367 5659 2431 5709 ad
2465 5673 2551 5732 res
2585 5658 2930 5717 Christianas
2961 5663 3351 5732 spectaverint.

2013 5726 2123 5797 (20)
2165 5728 2295 5782 Cod.
2329 5726 2540 5782 ἐαυτοῦ.

3228 5820 3265 5879 8
