3954 6518
466 306 573 364 835

1672 292 2021 350 THEODORI
2064 293 2540 350 MOPSUESTENI

3596 290 3705 348 23B

469 423 733 478 ultionem
786 417 943 488 quasi
990 414 1327 471 concinnatis
1372 425 1469 481 pro
1501 410 1704 480 populo
1747 425 1891 473 meo,
1936 424 2035 478 pro

2148 410 2233 481 τὴν
2262 407 2483 462 κοιλάδα
2520 404 2783 475 Ἰωσαφάτ
2801 420 2846 454 ⁸)
2878 403 3173 471 τουτέστιν,
3202 400 3348 455 Ἐκεῖ
3375 402 3572 465 αὐτοὺς
3593 403 3709 467 ἄξω

466 512 728 583 dignitate
748 509 989 581 puniam,
1012 504 1083 560 ob
1116 506 1359 571 ipsorum
1389 502 1651 567 facinora,
1669 502 1813 572 quod
1838 518 2034 572 nempe

470 606 621 658 illum
661 612 1071 671 quaqneversus
1105 608 1363 664 spargere
1395 594 1693 654 voluerint,
1729 593 2035 663 regionem-

468 709 576 764 que
602 691 792 761 partiri
834 691 886 743 in
922 702 1030 757 qua
1068 685 1179 755 87
1218 697 1341 737 meo
1380 682 1490 751 juri
1532 681 1768 736 obnoxia
1819 680 2034 733 habita-

472 787 585 848 bat,
630 793 684 840 et
717 784 866 852 ipsos
904 780 1067 834 simul
1122 777 1333 832 incolas
1367 775 1563 831 sortito
1606 772 1850 827 dividere
1890 790 1902 826 :
1942 787 2040 841 per

472 889 745 931 summum
780 872 1017 941 denique
1068 871 1248 923 scelus
1296 866 1513 921 illorum
1576 880 1793 935 quoque
1837 878 2038 932 pueros

473 978 635 1038 atque
667 966 877 1036 puellas
908 965 962 1018 in
996 960 1313 1033 prostibulis
1345 973 1564 1029 ponere,
1598 966 1657 1012 ut
1678 972 1833 1013 suam
1858 957 2039 1026 exple.

474 1066 595 1113 rent
640 1055 940 1117 libidinem,
984 1054 1319 1121 multamque
1363 1050 1626 1103 haberent
1666 1046 2039 1118 pergrmcandi

473 1151 709 1221 copiam.
761 1148 857 1203 His
886 1147 1033 1201 circa
1069 1143 1276 1213 Gogum
1307 1141 1488 1196 dictis.
1525 1140 1701 1210 pergil.
1732 1155 1929 1209 porro:

2136 503 2215 563 είς
2266 500 2361 571 τὴν
2405 496 2785 569 Ἰερουσαλὴμ,
2840 496 2932 548 καὶ⁹
2976 494 3159 547 αὐτόθι
3189 493 3378 563 ὥσπερ
3404 493 3524 546 τινὰ
3551 493 3708 562 δίκην

2138 589 2273 660 πρὸς
2302 590 2497 649 αὐτοὺς
2546 585 2683 654 ὑπὲρ
2726 583 2821 636 τοῦ
2853 583 2982 637 λαοῦ
3014 582 3107 636 τοῦ
3152 583 3287 651 ἐμοῦ
3332 583 3709 652 συγκροτήσας

2136 681 2517 750 τιμωρήσομαι
2544 676 2789 740 δικαίως,
2822 676 2963 747 ὑπὲρ
3002 668 3077 729 ὧν
3113 678 3231 727 κατ’
3268 674 3446 727 αὐτῶν
3485 674 3713 744 διεπρά-

2138 771 2316 838 ξαντο,
2345 768 2656 838 ἁπανταχοῦ
2684 785 2743 821 τε
2772 767 2966 830 αὐτοὺς
2999 766 3309 837 διασπεῖραι
3338 763 3709 835 βουληθέντες,

2135 862 2229 915 καὶ
2261 861 2526 914 διελέσθαι
2576 861 2673 931 μὲν
2711 860 2808 931 τὴν
2858 859 2964 929 γῆν
3008 861 3065 911 ἐν
3113 853 3254 931 ᾗπερ
3308 856 3448 909 κατὰ
3484 855 3713 925 γνώμην

2134 950 2311 1021 ᾤκουν
2350 950 2446 1022 τὴν
2483 950 2620 1021 ἐμὴν
2693 948 2815 1019 ἐμοὶ
2878 949 3257 1019 προσήκουσαν
3281 962 3295 976 α
3350 944 3619 997 διελέσθαι
3657 942 3714 994 δὲ

2136 1044 2322 1113 κλήρῳ
2370 1044 2462 1095 καὶ
2508 1042 2703 1104 αὐτοὺς
2751 1040 2991 1103 ἐκείνους
3018 1057 3029 1069 ·
3076 1039 3445 1108 τετολμήκασι
3486 1036 3542 1087 δὲ
3576 1035 3713 1105 πρὸς

2138 1138 2309 1190 ἆπασι
2346 1136 2440 1187 καὶ
2477 1135 2602 1197 τοὺς
2631 1133 2689 1199 ἐξ
2720 1131 2898 1185 αὐτῶν
2928 1132 3037 1184 εἴτε
3068 1130 3259 1192 παῖδας
3290 1129 3399 1181 εἴτε
3425 1127 3519 1179 καὶ
3546 1125 3715 1197 κόρας

475 1215 845 1294 ἀποδίδοσθαι*
877 1236 951 1299 ώς
974 1234 1038 1289 ἂν
1065 1234 1127 1304 δὴ
1158 1232 1378 1287 ἐκείνων
1406 1232 1485 1292 είς
1531 1229 1733 1299 πόρνας
1765 1246 1827 1281 τε
1871 1229 1967 1298 τὴν
2025 1227 2229 1281 οἰκείαν
2269 1224 2564 1279 ἀκολασίαν
2610 1224 2973 1287 ἐκπληροῖειν,
3016 1222 3110 1274 καὶ
3152 1219 3350 1289 πολλὴν
3395 1218 3567 1289 ἔχοιεν
3613 1215 3716 1285 τῆς

483 1331 646 1401 μέθης
670 1332 767 1401 τὴν
791 1328 1065 1399 ἁφθονίαν’
1099 1325 1267 1378 ταῦτα
1296 1323 1401 1377 τῶν
1431 1323 1555 1391 περὶ
1585 1322 1674 1373 τὸν
1702 1320 1819 1389 Γὼγ
1850 1321 2034 1373 ἕνεκεν
2063 1317 2315 1388 εἰρηκὼς,
2348 1316 2571 1384 ἐπάγει·

521 1482 723 1538 νειιε.4
744 1485 869 1540 8.-‹
883 1484 1079 1540 Verum
1095 1485 1225 1557 quid
1241 1484 1436 1540 mihiet
1451 1481 1808 1554 vobis,'l‘yrus
1820 1489 1872 1536 et
1888 1480 2045 1535 Sidon

2215 1481 2361 1550 Στίχ.
2394 1481 2526 1552 δ’-η’.
2561 1513 2629 1522 —
2664 1481 2804 1534 «Καὶ
2847 1479 2899 1533 τί
2950 1479 3071 1550 ἐμοὶ
3117 1480 3210 1532 καὶ
3242 1480 3578 1551 omnem
3623 1480 3717 1531 καὶ

485 1583 541 1629 οι
557 1584 665 1629 tota
684 1576 1113 1646 alienigenarum
1131 1577 1387 1633 Galilaea?
1403 1575 1660 1644 Nunquid
1676 1575 1936 1629 ultionem
1961 1586 2045 1628 vos

2148 1573 2311 1627 Σιδὼν
2359 1576 2451 1628 καὶ
2482 1577 2632 1627 πᾶσα
2661 1574 2917 1627 Γαλιλαία
2948 1574 3295 1643 ἀλλοφύλων;
3348 1574 3439 1643 Μὴ
3480 1573 3717 1627 ἀνταπό-

483 1668 791 1724 retribuetis
813 1664 984 1719 mihi?
1013 1673 1108 1717 aut
1136 1663 1273 1717 iram
1306 1662 1360 1717 in
1385 1662 1551 1717 corde
1580 1662 1825 1717 retinetis
1850 1662 2043 1715 adver-

2148 1664 2280 1735 δομα
2308 1664 2462 1735 ὑμεῖς
2490 1666 2865 1720 ἀνταποδίδοτέ
2910 1683 3033 1737 μοι,
3067 1666 3101 1737 ἦ
3140 1668 3523 1737 μνησικακεῖτε
3558 1666 3716 1734 uiui;

478 1772 572 1811 sus
606 1755 730 1809 me?
773 1752 897 1808 Cito
942 1752 1313 1823 velueiterque
1343 1752 1563 1807 reddam
1606 1751 2041 1807 vicissitudinem

480 1846 633 1903 vobis
683 1860 848 1915 super
889 1845 1067 1915 capita
1103 1853 1320 1907 vestra;
1360 1858 1457 1913 pro
1480 1859 1543 1896 eo
1586 1843 1731 1912 quod
1760 1850 2042 1913 argentum

468 1946 656 1994 'meum
713 1952 1017 2007 aurumque
1067 1936 1313 2005 cepistis,
1361 1943 1415 1988 et
1465 1935 1665 1989 selecta
1708 1948 1937 2004 qumque
1982 1948 2046 1986 ac

476 2029 705 2098 pulchra
744 2029 801 2082 in
824 2026 1052 2084 delubra
1086 2034 1268 2081 vestra
1299 2024 1583 2088 intulistis,
1623 2031 1677 2078 et
1716 2022 1870 2077 Judze
1905 2022 2045 2077 ﬁlios

478 2121 725 2190 ﬁliosque
778 2116 1118 2173 Hierusalem
1150 2114 1474 2170 vendidistis
1527 2114 1653 2169 ﬁliis
1705 2112 2041 2175 Graecorum,

480 2221 536 2266 ut
555 2209 831 2278 ejiceretis
856 2224 953 2265 eos
986 2208 1053 2263 de
1081 2207 1282 2261 finibus
1307 2205 1446 2261 suis.
1471 2203 1612 2260 Ecce
1636 2220 1737 2275 ego
1768 2205 2044 2260 suscitabo

475 2318 571 2357 eos
606 2301 672 2355 de
708 2302 852 2363 loco,
894 2300 947 2353 in
980 2314 1087 2369 quo
1124 2297 1443 2353 vendidistis
1472 2312 1603 2352 eos:
1641 2305 1694 2351 et
1731 2306 2044 2350 convertam

480 2390 895 2445 retributionem
928 2396 1164 2443 vestram
1197 2387 1252 2440 in
1273 2386 1453 2456 capita
1477 2398 1653 2440 vestra
1687 2404 1699 2439 :
1730 2394 1785 2440 et
1816 2384 2043 2439 vendam

478 2481 619 2536 ﬁlios
662 2490 880 2535 vestros
928 2493 991 2533 ac
1040 2479 1177 2533 ﬁlias
1221 2484 1429 2533 vestras
1475 2477 1531 2531 in
1572 2491 1766 2531 manus
1811 2476 2044 2530 ﬁliorum

478 2570 673 2627 Judae:
717 2570 1057 2639 vendentque
1095 2584 1190 2624 eos
1233 2568 1289 2623 in
1328 2568 1703 2638 captivitatem
1744 2569 1889 2639 genti
1928 2568 2048 2622 lon-

480 2665 732 2737 ginque;
757 2662 1016 2733 quoniam
1056 2660 1317 2715 Dominus
1350 2661 1564 2715 loeutus
1592 2667 1694 2715 est.
1735 2678 1754 2710 ι
1788 2659 2048 2724 Quando-

479 2750 695 2825 quidem
723 2750 858 2823 Gogi
897 2752 1231 2806 exercituum
1267 2750 1527 2806 adversus
1562 2749 1895 2805 Hierusalem
1928 2750 2047 2805 visa

478 2844 814 2909 incursione,
869 2840 1016 2913 Tyrii
1082 2840 1405 2911 Sidoniique
1460 2848 1515 2895 et
1575 2855 1767 2895 omnes
1831 2838 2045 2894 ﬁnitimi

460 2936 814 3006 alienigenae,
863 2934 1118 2988 idoneum
1161 2941 1377 3002 tempus
1418 2933 1659 2987 oblatum
1708 2931 1813 2987 sibi
1858 2931 2050 2987 existi-

2146 1755 2231 1807 ἐπ’
2264 1756 2423 1825 ἐμοί;
2470 1756 2664 1822 Ὀξέως
2704 1757 2797 1809 καὶ
2842 1756 3052 1827 ταχέως
3091 1754 3451 1809 ἀνταποδώσω
3487 1755 3549 1807 τὸ
3585 1757 3718 1807 ἀντ-

2144 1846 2390 1917 απόδομα
2411 1846 2562 1917 ὑμῶν
2584 1848 2661 1910 εἰς
2682 1848 2920 1915 κεφαλὰς
2937 1846 3109 1917 ὑμῶν’
3132 1846 3247 1901 ἀνθ’
3269 1840 3342 1899 ὧν
3369 1847 3428 1899 τὸ
3453 1845 3718 1918 ἀργύριον

2146 1933 2364 1987 ἐλάὸετε
2389 1973 2404 1997 ,
2452 1936 2545 1988 καὶ
2578 1935 2645 1988 τὰ
2673 1936 2927 1989 ἐπίλεκτα
2956 1936 3048 1989 καὶ
3075 1935 3146 1989 τά
3176 1936 3319 1989 καλὰ
3359 1936 3716 2006 είσηνέγκατε

2146 2025 2224 2087 είς
2251 2024 2373 2088 τοὺς
2404 2027 2561 2088 ναοὺς
2589 2026 2740 2097 ὑμῶν
2763 2040 2776 2053 '
2825 2028 2917 2081 καὶ
2941 2029 3067 2090 τοὺς
3090 2028 3237 2090 υίοὺς
3277 2026 3441 2080 Ἰούδα
3468 2029 3563 2080 καὶ
3592 2027 3718 2088 τοὺς

2148 2118 2294 2180 uici»;
2362 2117 2707 2189 Ἰερουσαλὴμ
2753 2118 3015 2172 ἀπέδοσθε
3073 2120 3185 2182 τοῖς
3221 2121 3356 2181 υίοῖς
3384 2118 3491 2169 τῶν
3532 2117 3721 2187 Ἑλλήοη

2146 2224 2271 2269 νων,
2306 2212 2381 2275 (p.
2407 2206 2531 2277 152)
2557 2208 2703 2270 ὅπως
2731 2207 2967 2278 ἐξώσητε
2994 2208 3186 2270 αὐτοὺς
3213 2209 3277 2260 ἐκ
3296 2206 3402 2260 τῶν
3424 2206 3588 2276 ὁρίων
3621 2206 3721 2257 αύ-

2146 2296 2282 2349 τῶν’
2320 2296 2427 2349 ίδοὺ
2452 2296 2560 2365 ἐγὼ
2587 2296 2820 2369 ἐξεγερῶ
2852 2297 3048 2360 αὐτοὺς
3087 2300 3151 2351 ἐκ
3177 2296 3268 2350 τοῦ
3300 2298 3487 2361 τόπου,
3518 2290 3579 2349 οὗ
3613 2296 3723 2348 ἀπ-

2148 2385 2329 2440 έδοσθε
2350 2387 2545 2449 αὐτοὺς
2566 2389 2703 2455 ἐκεῖ,
2719 2387 2810 2440 καὶ
2832 2387 3192 2441 ἀνταποδώσω
3214 2387 3274 2440 τὺ
3295 2386 3539 2455 ἀπόδομα
3564 2386 3593 2437 ὑ
3602 2384 3723 2454 μῶν

2148 2479 2227 2542 εἰς
2275 2478 2372 2540 τὰς
2401 2477 2642 2547 κεφαλὰς
2670 2477 2822 2547 ὑμῶν
2846 2494 2860 2508 ⁸
2908 2479 3003 2533 καὶ
3034 2476 3380 2547 ἀποδώσομαι
3410 2477 3537 2539 τοὺς
3569 2476 3724 2537 υἱοὺς

2150 2569 2301 2641 ὑμῶν
2326 2569 2421 2623 καὶ
2444 2569 2543 2632 τὰς
2570 2569 2871 2639 θυγατέρας
2903 2569 3055 2640 ὑμῶν
3083 2571 3161 2631 είς
3191 2571 3379 2640 χεῖρας
3402 2568 3534 2619 υίών
3583 2567 3721 2620 Ἰού-

2148 2662 2212 2715 δα
2241 2678 2257 2693 *
2315 2662 2409 2715 καὶ
2453 2660 2823 2715 ἀποδώσονται
2853 2662 3049 2725 αὐτοὺς
3070 2663 3146 2725 είς
3178 2641 3593 2730 αἰχμαλωσίαν,
3639 2661 3723 2721 είς

2150 2753 2300 2817 ἔθνος
2330 2754 2546 2826 μακρὰν
2579 2754 2802 2824 ἀπέχον,
2824 2755 2905 2808 ὅτι
2940 2753 3142 2827 Κύριος
3170 2754 3449 2825 ἐλάλησεν.
3472 2773 3491 2806 ι
3542 2754 3726 2806 Ἐπει-

2149 2844 2213 2915 δὴ
2246 2844 2354 2917 γὰρ
2385 2848 2511 2908 τοὺς
2556 2845 2683 2915 περὶ
2721 2845 2811 2898 τὸν
2851 2843 2973 2914 Γὼγ
3007 2846 3255 2908 ἐπιόντας
3284 2845 3587 2917 ἑωρακότες
3620 2845 3725 2913 τὴν

2163 2936 2517 3007 Ἰερουσαλὴμ
2542 2977 2557 3001 ,
2594 2938 2783 3008 Τύριοί
2821 2955 2878 2989 τε
2922 2940 3016 2991 καὶ
3049 2937 3311 3001 Σιδώνιοι,
3337 2938 3537 3000 πάντες
3566 2954 3626 2988 τε
3666 2938 3722 2988 οἱ

480 3035 762 3083 maverant
787 3024 1044 3095 perdendi
1073 3024 1319 3079 funditus
1346 3024 1646 3088 Israelitas,
1678 3024 1877 3094 quibus
1907 3025 2045 3079 clam

2150 3027 2417 3097 περίοικοι
2442 3028 2552 3080 τῶν
2580 3027 2911 3097 ἀλλοφύλων,
2939 3028 3129 3099 καιρὸν
3160 3027 3301 3098 ἔχειν
3336 3026 3597 3098 ᾠήθησαν
3625 3025 3724 3078 τοῦ

480 3119 884 3183 irascebantur,
910 3125 1132 3187 propter
1156 3116 1296 3171 bella
1326 3130 1510 3171 secum
1542 3125 1713 3186 gesta,
1745 3124 1797 3169 et
1829 3116 2046 3170 illorum

486 3211 594 3266 Deo
633 3208 926 3278 adiuvante
963 3206 1251 3274 victorias;
1300 3206 1508 3260 idcirco
1551 3208 1627 3260 ait
1664 3224 1677 3260 :
1719 3203 1831 3263 Vos
1870 3214 2048 3261 autem

483 3316 582 3356 cur
626 3303 719 3354 ira:
758 3308 1007 3362 tenaces,
1049 3306 1104 3353 et
1148 3297 1491 3353 occasionem
1532 3300 1676 3352 nacti
1719 3299 2047 3353 voluntatem

483 3400 721 3448 vestram
752 3388 1025 3461 explendi,
1062 3404 1185 3451 cur,
1224 3389 1469 3457 inquam,
1514 3397 1705 3444 contra
1759 3390 1863 3444 mei
1908 3390 2050 3459 juris

483 3484 743 3555 populum
764 3481 1048 3536 audaciam
1082 3480 1337 3536 sumitis?
1380 3480 1538 3535 Certe
1568 3481 1725 3535 velim
1755 3482 1943 3537 sciatis
1966 3498 2051 3537 me

484 3576 595 3629 cito
630 3581 869 3627 vestrum
899 3571 1001 3626 boe
1039 3570 1329 3626 consilium
1366 3570 1722 3641 puniturum;
1763 3579 2050 3641 propterea

484 3664 629 3735 quod
663 3663 878 3719 illorum
908 3676 1039 3733 Opes
1072 3669 1301 3717 cunctas
1321 3663 1614 3731 capientes,
1648 3663 1701 3715 in
1733 3663 1928 3731 templa
1960 3677 2053 3717 ve-

485 3764 601 3812 stra
623 3754 935 3810 contulistis
968 3771 983 3809 :
1019 3753 1243 3823 insuper
1274 3760 1329 3807 et
1359 3753 1602 3823 ipsorum
1637 3753 1779 3808 ﬁlios
1805 3752 2050 3808 vendidi-

486 3848 609 3910 stis,
651 3861 761 3900 non
795 3846 914 3900 sine
946 3858 1042 3913 spe
1069 3844 1327 3914 populum
1358 3844 1671 3899 universum
1702 3843 1900 3901 ﬁnibus
1934 3844 2051 3909 suis

484 3936 831 4008 exponendi:
882 3935 1048 4006 cujus
1093 3936 1351 3991 facinoris
1395 3936 1530 3991 mihi
1578 3952 1769 4008 pmnas
1804 3937 2048 3993 dabitis:

485 4043 721 4098 namque
746 4027 877 4082 villos
912 4041 980 4080 ex
1017 4026 1391 4097 angustiarum
1421 4042 1641 4082 suarum
1674 4042 1931 4097 pressura
1956 4042 2049 4083 ex-

484 4117 718 4189 pediam,
774 4117 884 4172 imo
928 4123 983 4171 et
1025 4116 1265 4172 hostium
1309 4131 1454 4171 nunc
1492 4118 1728 4172 victores
1762 4116 1996 4171 efﬁciam
2033 4136 2045 4171 :

482 4210 599 4280 88
631 4216 689 4263 ut
723 4209 803 4264 sic
840 4223 937 4264 vos
967 4224 1282 4264 remunerer
1308 4222 1404 4277 pro
1436 4209 1633 4263 vestris
1659 4208 1920 4262 adversus
1956 4223 2051 4263 eos

487 4299 856 4365 facinoribus;
911 4299 1115 4367 filiique
1159 4299 1329 4353 vestri
1377 4312 1442 4351 ac
1481 4296 1603 4351 ﬁliae
1648 4300 1700 4350 in
1734 4298 2048 4353 servitutem

2150 3118 2427 3182 παντελῶς
2483 3118 2743 3173 ἀπολέσαι
2808 3122 2933 3182 τοὺς
3004 3120 3379 3190 Ἰσραηλίτας,
3451 3136 3728 3189 μνησικα-

2149 3210 2372 3273 κοῦντες
2396 3211 2580 3273 αὐτοῖς
2617 3212 2757 3282 ὑπὲρ
2790 3203 2864 3264 ὧν
2899 3212 3316 3282 πεπολεμήκασί
3342 3228 3402 3263 τε
3433 3210 3725 3274 πολλάκις,

2150 3300 2243 3354 καὶ
2269 3304 2668 3372 κεκρατήκασιν
2695 3301 2872 3355 αὐτῶν
2905 3301 2992 3355 διά
3019 3303 3117 3373 τῆς
3160 3301 3306 3365 θείας
3338 3302 3530 3373 ῥοπῆς,
3564 3301 3731 3354 τοῦτο

2149 3388 2296 3456 λέγει
2320 3406 2334 3420 θ
2384 3390 2570 3461 Ὑμεῖς
2599 3391 2657 3443 δὲ
2700 3391 2842 3454 τίνος
2876 3391 3059 3444 ἕνεκεν
3089 3390 3551 3462 μνησικακοῦντες
3573 3428 3589 3453 ,
3625 3391 3729 3443 κιὶ

2150 3480 2339 3551 καιρὸν
2390 3483 2641 3552 εὑρόντες
2688 3483 2781 3537 τοῦ
2844 3483 2914 3536 τὰ
2975 3483 3231 3537 δοκοῦντα
3283 3481 3723 3554 διαπράξασθαι,

2148 3571 2369 3625 τοιαῦτα
2394 3572 2535 3627 κατὰ
2569 3574 2677 3626 τῶν
2720 3574 2842 3644 ἐμοὶ
2889 3574 3273 3646 προσηκόντων
3299 3574 3673 3645 τετολμήκατε
3708 3592 3727 3640 ;

2154 3662 2296 3717 Ἰστε
2336 3664 2445 3735 γὰρ
2472 3666 2553 3718 ὅτι
2596 3666 2762 3732 ὀξέως
2786 3668 2913 3737 ὑμῖν
2940 3667 3124 3732 ἐπάξω
3150 3667 3247 3737 τὴν
3279 3666 3420 3739 ὑπὲρ
3452 3667 3551 3737 τῆς
3582 3667 3730 3735 γνώ-

2153 3771 2259 3824 μης
2289 3754 2489 3825 ταύτης
2512 3757 2800 3827 τιμωρίαν,
2849 3758 2964 3812 ἀνθ’
2994 3751 3068 3811 ὧν
3101 3758 3315 3812 ἅπαντα
3342 3759 3413 3812 τὰ
3450 3759 3730 3831 προσόντα

2150 3845 2357 3909 τούτοις
2402 3846 2676 3913 λαϐόντες,
2724 3851 2804 3913 είς
2850 3853 2975 3913 τοὺς
3003 3853 3163 3915 ναοὺς
3205 3852 3555 3923 εἰσηνέγκατε
3593 3852 3731 3915 τοὺς

2152 3936 2447 4007 ὑμετέρους
2480 3955 2492 3968 ’
2547 3938 2626 3992 ἔτι
2674 3939 2730 3993 δὲ
2769 3942 2861 3993 καὶ
2887 3943 3013 4006 τοὺς
3063 3944 3212 4006 υἱοὺς
3239 3944 3417 3998 αὐτῶν
3448 3944 3732 4013 διαπωλή-

2153 4044 2364 4093 σαντες,
2401 4029 2574 4083 ἐλπίδι
2612 4030 2707 4084 τοῦ
2752 4034 2959 4096 πάντας
3002 4034 3198 4098 αὐτοὺς
3228 4035 3335 4088 τῶν
3364 4035 3527 4106 ὁρίων
3552 4035 3730 4087 ἐκϐας-

2150 4117 2261 4171 λεῖν
2287 4118 2395 4172 τῶν
2432 4120 2647 4173 οἰκείων
2668 4136 2682 4150 °
2733 4115 2915 4194 ὦνπερ
2940 4120 3033 4177 οὖν
3058 4125 3200 4194 ὑμᾶς
3228 4124 3593 4195 είσπράξομαι
3634 4126 3731 4178 δί-

2151 4228 2271 4274 κας·
2308 4210 2383 4281 (ρ.
2407 4212 2529 4282 155)
2568 4214 2859 4279 ἀπαλλάξω
2884 4216 2992 4288 γὰρ
3018 4216 3237 4281 τούτους
3260 4217 3357 4287 τῆς
3388 4216 3735 4287 κατεχούσης

2151 4302 2345 4366 αὐτοὺς
2369 4304 2609 4375 ἀνάγκης
2630 4323 2644 4336 ⁸
2678 4306 2771 4360 νῦν
2795 4308 2850 4361 δὲ
2874 4309 2967 4361 καὶ⁵
2992 4309 3269 4379 κρείττους
3291 4309 3591 4379 ἐργάσομαι
3609 4310 3734 4363 τῶν

486 4388 790 4459 rapiantur,
835 4403 900 4442 ac
942 4388 1134 4458 procul
1163 4387 1546 4450 divendautur,
1579 4386 1726 4441 unde
1762 4401 1857 4441 eos
1890 4402 2045 4441 recu-

2327 4358 2343 4366 '
2484 4358 2495 4372 Ι
2569 4358 2609 4375 θ’
2724 4358 2759 4360 ⁷⁷
2804 4358 2847 4361 ’⁷
2878 4358 2965 4361 HV"
2995 4358 3266 4379 "I—"VV"‘
3295 4358 3723 4379 'rl""r'“""'

2154 4391 2459 4461 πολεμίων⁹
2507 4392 2647 4446 ὥστε
2695 4398 2787 4449 καὶ
2833 4396 2961 4466 ὑμῖν
3009 4396 3318 4461 ἀποδοῦναι,
3372 4398 3486 4450 ἀνθ’
3529 4392 3605 4451 ὧν
3638 4401 3731 4463 εἰς

488 4493 681 4548 perare
721 4478 796 4533 sit
836 4478 993 4534 vobis
1048 4476 1408 4547 impossibile.
1460 4474 1556 4530 liis
1586 4475 1752 4530 veluti
1798 4476 2055 4531 vaticinio

488 4582 591 4622 suo
624 4565 963 4636 interpositis
989 4565 1136 4619 circa
1170 4563 1363 4635 Tyrios
1388 4577 1452 4616 ac
1483 4563 1759 4627 Sidonios,
1793 4574 2055 4620 cunctos-

486 4674 594 4727 que
630 4657 912 4721 ﬁuitimos,
953 4657 1047 4727 qui
1089 4670 1186 4725 per
1224 4654 1357 4709 illud
1400 4662 1617 4724 tempus
1663 4654 1814 4727 Gogo
1844 4655 1912 4709 ad
1956 4655 2055 4711 Ju-

486 4750 727 4804 darorum
767 4748 1061 4819 perniciem
1105 4747 1369 4813 faverant,
1410 4748 1682 4801 sermonis
1724 4748 1810 4801 sui
1857 4750 2052 4804 seriem

485 4841 835 4911 prosequitur
872 4840 952 4895 sic
979 4858 993 4895 :

2150 4483 2341 4546 αὐτοὺς
2369 4485 2733 4557 τετολμήκατε
2753 4526 2769 4551 ,
2819 4488 3001 4542 λαϐεῖν
3032 4489 3154 4552 τούς
3184 4508 3241 4542 τε
3268 4492 3416 4554 υἱοὺς
3444 4491 3597 4561 ὑμῶν
3624 4493 3732 4545 καὶ

2150 4574 2249 4637 τὰς
2278 4574 2581 4648 θυγατέρας
2614 4579 2989 4648 αίχμαλώτους
3016 4597 3030 4611 ⁸
3078 4582 3170 4635 καὶ
3202 4582 3265 4653 δὴ
3302 4584 3395 4635 καὶ
3425 4584 3731 4637 ἀποδόσθαι

2151 4665 2348 4728 αὐτοὺς
2375 4667 2590 4738 μακράν
2624 4685 2725 4720 που
2745 4708 2761 4731 ,
2809 4668 2930 4722 ὅθεν
2967 4670 3088 4722 οὐδὲ
3115 4670 3338 4723 δυνατὸν
3366 4671 3495 4740 ὑμῖν
3521 4672 3730 4736 αὐτοὺς

2153 4755 2533 4812 ἀνασώσασθαι
2582 4758 2659 4811 ἔτι
2684 4775 2699 4791 ⁸
2748 4760 2919 4813 ταῦτα
2945 4762 3079 4831 πρὸς
3108 4763 3233 4825 τοὺς
3259 4762 3489 4832 Τυρίους
3524 4779 3583 4815 τε
3622 4764 3731 4816 καὶ

2160 4846 2441 4913 Σιδωνίους
2473 4850 2568 4903 καὶ
2607 4852 2733 4914 τοὺς
2776 4852 3188 4923 περιοικοῦντας
3234 4855 3476 4918 ἅπαντας
3518 4872 3733 4924 παρεν-

488 4933 618 4994 θεὶς,
654 4932 729 4995 ὠς
762 4932 827 4985 ἂν
856 4934 973 4984 κατ’
994 4933 1198 4983 ἐκεῖνον
1220 4929 1310 4983 τὸν
1340 4928 1528 4999 καιρὸν
1555 4928 2037 5001 ἐπικεχειρηκότας
2059 4937 2377 5008 συμπρᾶξαι
2396 4941 2510 5003 τοὶς
2534 4942 2675 5012 ἀμφὶ
2694 4943 2783 4997 τὸν
2812 4943 2933 5014 Γὼγ
2949 4945 3040 4997 ἐπὶ
3069 4948 3134 5016 τῇ
3159 4946 3299 5000 κατά
3320 4949 3425 5001 τῶν
3457 4950 3732 5005 Ἰουδαίων

486 5026 749 5095 ἀπωλείᾳ,
780 5026 961 5096 ἔχεται
986 5025 1087 5094 τῆς
1114 5026 1316 5087 οἰκείας
1340 5023 1676 5091 ἀκολουθίας,
1718 5026 1813 5079 καί
1837 5042 1991 5097 φησι·

561 5202 724 5257 ὶέιιε.
754 5200 1326 5256 9-12.-ιΡΓαξιΙίοαιο
1362 5200 1473 5253 haec
1499 5199 1554 5252 in
1590 5197 1866 5267 gentibus,
1906 5216 2035 5254 san-

486 5295 719 5348 etificate
767 5295 989 5356 bellum,
1018 5293 1283 5347 suscitate
1320 5300 1669 5362 pugnatores.
1718 5292 1960 5345 accedite
1995 5300 2049 5345 et

486 5383 992 5447 ascenditc,omnes
1040 5382 1371 5437 bellatores:
1417 5380 1685 5435 concidite
1720 5389 1903 5434 aratra
1952 5396 2047 5436 ve-

489 5481 599 5527 stra
640 5474 690 5525 in
721 5474 949 5541 gladios,
986 5480 1039 5526 et
1071 5470 1239 5525 falces
1261 5481 1469 5524 vestras
1502 5471 1555 5523 in
1596 5470 1817 5525 lanceas
1845 5490 1856 5523 :
1897 5470 2053 5523 inﬁr-

490 5577 609 5616 mus
635 5564 796 5628 dicat,
822 5562 999 5617 Fortis
1027 5578 1127 5633 ego
1154 5576 1273 5618 sum
1303 5581 1316 5616 :
1345 5560 1743 5630 congregemini
1767 5569 1821 5614 et
1853 5562 2048 5623 venite,

488 5669 678 5707 omnes
707 5665 893 5724 gentes
927 5655 992 5709 de
1031 5654 1287 5725 circuitu,
1334 5661 1389 5709 et
1437 5652 1564 5707 illuc
1604 5656 2047 5712 coaeervemini:

2215 5205 2358 5276 Στίχ.
2389 5205 2555 5277 θ’-ιβ’.
2590 5239 2660 5248 -
2692 5211 3008 5283 «Κηρύξατε
3035 5215 3206 5270 ταῦτα
3231 5218 3287 5269 ἐν
3318 5222 3428 5281 τοῖς
3477 5220 3728 5274 ἔθνεσιν·

2146 5293 2405 5362 ἁγιάσατε
2447 5298 2709 5369 πόλεμον·
2741 5302 3047 5374 ἐξεγείρατε
3091 5307 3217 5369 τοὺς
3244 5311 3517 5379 μαχητάς’
3551 5328 3730 5381 atpos-

2145 5388 2379 5455 αγάγετε
2418 5391 2510 5443 καὶ
2544 5392 2881 5459 ἀναϐαίνετε,
2917 5398 3115 5461 πάντες
3153 5399 3343 5471 ἄνδρες
3376 5402 3723 5473 πολεμισταί·

2149 5480 2452 5548 συγκόψατε
2500 5482 2568 5536 τὰ
2604 5484 2807 5555 ἄροτρα
2872 5488 3025 5558 ὑμῶν
3070 5491 3148 5553 εἰς
3194 5493 3487 5560 ῥομφαίας,
3530 5495 3625 5546 καὶ
3659 5495 3727 5550 τὰ

2147 5569 2388 5639 δρέπανα
2426 5572 2578 5644 ὑμῶν
2605 5577 2685 5639 είς
2720 5579 3093 5648 συρομάστας·
3128 5582 3157 5632 ό
3198 5582 3457 5645 ἀδύνατος
3494 5586 3729 5652 λεγέτω,

2146 5661 2228 5713 ὃτι
2268 5660 2455 5733 ’ἰσχύω
2498 5664 2648 5733 ἐγώ·
2707 5668 3116 5740 συναθροίζεσθε
3169 5673 3260 5725 καὶ
3314 5675 3732 5745 είσπορεύεσθι,
