3860 6508
149 362 243 418 237

1158 363 1706 420 COMMENTARIUS
1737 364 1803 418 ΙΝ
1843 364 2073 421 JOELIS
2102 366 2253 423 CAP.
2294 368 2386 423 lli.

3271 382 3378 438 2'58

153 477 321 530 πάντα
365 472 432 525 τά
482 472 631 544 ἔθνη.
676 474 957 538 κυκλόθεν,
1002 475 1095 527 καὶ
1143 476 1441 547 συνάχθητε
1489 478 1635 529 ὲκεῖ’
1689 476 1717 529 6

1833 476 1910 546 ini
1966 488 2285 536 mansuetus
2328 490 2464 545 erat,
2518 482 2612 537 fiat
2661 483 2906 543 bellator.
2958 508 2978 541 ι
3030 488 3183 547 Sicut
3219 504 3380 550 antea

154 565 319 635 πρόος
350 563 503 616 ἔσται
532 564 886 635 πολεμιστής.
912 583 932 616 ι
983 566 1069 629 Ὦς
1104 565 1213 638 γάρ
1247 564 1400 621 εἶπεν
1439 569 1714 640 ἀνωτέρω,

150 655 227 707 δτι
256 653 476 717 Συνάξω
502 654 698 717 αὐτοὺς
725 653 814 707 διά
839 654 938 724 τὴν
963 656 1367 727 προρρηθεῖσαν
1395 658 1594 722 αίτίαν,
1627 656 1717 711 οῦ-

149 761 224 795 τω
267 743 546 797 κάνταῦθα
592 744 669 808 ὡς
720 744 789 798 ἂν
842 745 1003 810 αὐτὸς
1051 747 1234 810 αὐτοῖς
1278 749 1715 820 ἐγκελευόμενος.

150 835 417 897 ’Ἅπαντες
453 834 540 905 δὴ,
576 837 762 906 φησὶν,
796 835 981 889 ὁπόσοι
1013 836 1213 907 ταύτην
1238 838 1391 909 ἔχετε
1430 839 1529 909 τὴν
1575 839 1717 909 γνώ-

153 944 254 996 μην
282 927 425 980 κατά
458 929 568 981 τῶν
607 929 733 999 ἐμοὶ
776 929 1175 1000 προσηκόντων,
1213 932 1350 1001 μετὰ
1385 933 1585 1003 πολλῆς
1621 933 1718 1004 μὲν

150 1019 448 1089 συνάχθητε
470 1020 571 1090 τῆς
604 1020 839 1091 σπουδῆς
870 1036 884 1050 ’
934 1023 1341 1093 συγκροτήσατε
1370 1023 1426 1076 δὲ
1455 1025 1591 1093 πρὸς
1621 1024 1719 1078 αὐ-

148 1114 265 1174 τοὺς
297 1112 559 1182 πόλεμον⁸
592 1112 667 1182 (p.
692 1112 816 1182 154)
856 1113 952 1166 καὶ
983 1113 1045 1184 δὴ
1088 1114 1184 1166 καὶ
1214 1112 1285 1166 τὰ
1318 1115 1419 1185 τῆς
1446 1117 1718 1186 γεωργίας

146 1203 347 1273 ὄργανα
395 1206 477 1266 είς
504 1203 682 1257 ὅπλων
710 1204 967 1274 μετάθετε
1000 1205 1215 1276 χρῆσιν,
1258 1205 1332 1269 ὡς
1359 1207 1426 1259 ἂν
1450 1207 1719 1278 ἀρκοῦντα

148 1295 241 1363 μὲν
272 1293 449 1363 ἔχοιτε
480 1294 547 1347 τὲ
586 1295 725 1347 ὅπλα
770 1294 849 1365 τῷ
896 1295 1085 1366 πλήθει
1133 1296 1241 1349 τῶν
1280 1298 1536 1351 ἐπιόντων
1570 1317 1585 1331 ο
1634 1299 1721 1353 διὰ

146 1384 405 1437 πλειόνων
428 1383 647 1438 εὔκολον
677 1387 804 1455 ὑμῖν
829 1386 936 1456 εἴη,
975 1385 1117 1439 καθά
1140 1387 1475 1458 προῄρησθε,
1505 1390 1719 1444 πάντων

144 1474 483 1546 ἐργάσασθαι
510 1476 617 1530 τῶν
651 1476 998 1548 Ἰσραηλιτῶν
1021 1478 1120 1549 τὴν
1148 1477 1439 1535 ἀπώλειαν.
1476 1476 1607 1532 Εἶτα
1626 1480 1718 1533 τοῦ

143 1564 407 1634 διεγεῖραι
436 1565 573 1635 πρὸς
599 1566 689 1619 τὸν
712 1566 949 1637 πόλεμον
976 1568 1171 1630 αὐτοὺς
1197 1567 1296 1638 τὴν
1324 1567 1498 1622 αἰτίαν
1527 1568 1717 1636 λέγων·

148 1674 168 1704 ι
190 1654 581 1726 Ἐξεγειρέσθω
602 1656 694 1710 καὶ
723 1657 1059 1711 ἀναϐαινέτω
1088 1659 1262 1712 πάντα
1289 1658 1355 1711 τὰ
1379 1657 1503 1727 ἔθνη
1526 1661 1605 1723 εἰς
1627 1659 1722 1730 τὴν

143 1745 367 1798 κοιλάδα
430 1746 737 1816 Ἰωσαφάτ,
797 1748 879 1801 ὅτι
929 1747 1048 1801 ἐκεῖ
1092 1746 1265 1800 καθιῶ
1310 1749 1402 1801 τοῦ
1448 1749 1719 1821 διακρῖναι

143 1837 313 1889 πάντα
338 1836 413 1889 τά
440 1837 568 1907 ἔθνη
599 1837 877 1891 κυκλόθεν.
904 1856 922 1888 ι
962 1838 1106 1890 Πᾶσι
1132 1838 1242 1909 γάρ
1272 1838 1397 1909 ύμῖν
1427 1839 1567 1892 κατά
1590 1857 1719 1892 ταυ⁸

143 1927 224 1979 τὸν
254 1928 534 1982 συνελθεῖν
565 1928 905 2000 βουλομένοις
935 1928 1075 1983 κατὰ
1101 1928 1210 1981 τῶν
1239 1929 1337 2000 τὴν
1367 1929 1718 2001 Ἰερουσαλὴμ

144 2018 458 2083 οἰκούντων,
492 2019 770 2091 ἐπιτρέπω
801 2019 959 2074 τοῦτο
986 2020 1160 2073 ποιεῖν
1185 2036 1198 2049 ·
1235 2020 1311 2083 ὡς
1335 2019 1401 2074 ἂν
1425 2020 1608 2075 αὐτόθι
1641 2021 1718 2074 δί-

1815 568 2047 634 dixerat,
2075 586 2135 626 se
2165 571 2289 627 illos
2317 572 2390 629 ob
2418 574 2730 643 praedictam
2755 593 2977 634 causam
2998 582 3379 654 collecturnm,

1817 659 1892 714 ita
1954 675 2099 715 nunc
2163 677 2315 717 more
2381 662 2702 733 imperantis
2761 667 2903 724 idem
2960 670 3166 729 eisdem
3223 673 3378 735 dicit.

1815 749 2034 813 Cuncti,
2069 752 2266 822 inquit,
2297 753 2387 822 qui
2418 753 2519 809 hac
2542 764 2721 812 mente
2745 760 2879 816 estis
2908 760 3175 819 adversus
3207 779 3382 829 meos,

1819 843 1990 896 multa
2029 858 2154 898 cum
2192 844 2544 902 festinatione
2572 852 2992 921 congregemini,
3018 854 3218 911 bellum
3246 871 3381 912 con-

1818 937 1901 984 tra
1950 933 2051 987 hos
2088 934 2343 999 conflate,
2384 946 2439 993 et
2483 939 2601 1010 ipsa
2640 941 2985 1010 agriculturae
3022 946 3385 1003 instrumenta

1818 1022 1885 1077 ad
1940 1039 2215 1080 armorum
2274 1043 2433 1083 usum
2470 1031 2895 1097 accommodate,
2939 1042 2997 1089 ut
3032 1037 3385 1093 sufﬁcientem

1820 1112 2155 1168 multitudini
2186 1114 2421 1171 militum
2455 1133 2730 1175 armorum
2756 1123 2967 1192 copiam
2999 1124 3265 1181 habeatis.
3293 1127 3388 1183 Sic

1830 1209 1992 1256 aucto
2052 1219 2316 1272 numero,
2378 1206 2536 1264 facile
2586 1210 2738 1266 vobis
2792 1213 2920 1276 erit,
2987 1222 3146 1282 prout
3196 1215 3383 1281 vultis,

1827 1291 2195 1349 lsraelitarum
2243 1297 2483 1352 omnium
2520 1301 2789 1355 excidium
2823 1312 3150 1373 perpetrare.
3186 1304 3389 1361 Deinde

1822 1400 2042 1439 causam
2073 1401 2377 1457 exponens,
2407 1390 2477 1444 ob
2507 1407 2669 1460 quam
2713 1392 2835 1448 illos
2868 1396 2935 1448 ad
2980 1394 3181 1449 bellum
3208 1397 3390 1453 susci-

1823 1479 2036 1541 taverit,
2077 1496 2096 1529 ι
2131 1478 2503 1551 Consurgant,
2542 1483 2740 1554 inquit,
2776 1493 2829 1541 et
2859 1488 3158 1542 ascendant
3197 1504 3388 1546 omnes

1823 1578 2008 1637 gentes
2025 1570 2078 1623 in
2096 1571 2285 1625 vallem
2310 1570 2732 1645 Josaphat,quia
2754 1576 2828 1631 ibi
2861 1579 3062 1634 sedebo
3081 1589 3138 1634 ut
3149 1578 3390 1649 iudicem

1822 1674 2013 1716 omnes
2034 1671 2220 1732 gentes
2250 1664 2304 1717 in
2348 1665 2599 1721 circuitu.
2641 1685 2661 1720 ι
2705 1666 2905 1724 Omnes
2940 1684 3060 1735 vos,
3099 1671 3194 1739 qui
3225 1669 3392 1725 simul

1824 1751 1987 1806 vultis
2013 1753 2274 1809 adversus
2304 1753 2641 1812 Hierusalem
2678 1757 2886 1814 incolas
2916 1761 3169 1830 praeliari,
3209 1761 3263 1817 id
3290 1775 3391 1831 ego

1824 1848 1883 1896 ut
1910 1844 2082 1912 agatis
2117 1845 2327 1913 sinam;
2356 1848 2482 1918 quia
2515 1848 2627 1903 illic
2659 1863 2847 1919 pmnas
2872 1848 2939 1906 de
2966 1851 3195 1905 audacia
3229 1860 3282 1907 et
3309 1851 3391 1906 fa-

1824 1935 2006 1989 cinore
2052 1936 2159 1990 isto
2210 1952 2443 2001 sumam,
2504 1954 2695 1995 omnes
2750 1954 3159 2012 quaqueversus
3224 1943 3391 1997 variis

1825 2026 2093 2082 mortibus
2119 2028 2432 2085 absumens.
2469 2030 2608 2097 Quid
2635 2033 2797 2103 ergo?

144 2126 238 2170 κας
268 2109 421 2178 ὑμᾶς
447 2109 849 2181 είσπραξαίμην
875 2110 971 2165 τοῦ
1011 2128 1069 2165 τε
1101 2111 1451 2184 τολμήματος
1504 2113 1597 2165 καὶ
1643 2113 1745 2183 τῆς
1789 2116 2175 2189 ἐπιχειρήσεως
2217 2120 2438 2193 ταύτης,
2478 2122 2719 2187 ἅπαντας
2757 2123 3087 2195 πανταχόθεν
3129 2123 3394 2180 ποικίλοις

150 2196 343 2250 ἀνελὼν
371 2198 643 2262 θανάτοις.
677 2198 740 2250 Τί
765 2195 857 2253 οὖν
880 2217 895 2266 ;

208 2319 359 2389 Στίχ.
395 2324 485 2386 ιγ’.
512 2347 582 2357 -—
612 2337 633 2369 ι
657 2318 1102 2383 Ἐξαποστείλατε
1147 2319 1422 2392 δρέπανα,
1463 2321 1544 2374 ὅτι
1580 2337 1718 2391 παρ-

143 2405 367 2474 έστηκεν
391 2407 422 2458 6
441 2406 727 2476 τρυγητός·
752 2406 1153 2478 είσπορεύεσθε,
1175 2411 1418 2476 πατεῖτε,
1439 2410 1571 2464 διότι
1593 2412 1720 2481 πλή-

144 2513 235 2565 ρης
256 2498 289 2566 ἡ
314 2495 507 2567 ληνὸς,
539 2496 856 2566 ύπερχεῖται
885 2497 953 2550 τὰ
981 2498 1269 2569 ὑπολήνια·
1298 2499 1380 2552 ὅτι
1408 2499 1717 2570 ἐπληθύνθη

145 2588 206 2639 τὰ
234 2587 391 2640 κακὰ
426 2585 626 2640 αὐτῶν.
658 2605 679 2638 ι
727 2587 989 2651 Τοσοῦτος
1030 2589 1136 2659 γὰρ
1174 2588 1326 2644 ἔσται
1359 2590 1517 2658 φόνος
1541 2590 1718 2643 αὐτῶν

148 2675 233 2727 καὶ
251 2675 500 2745 τοσαύτη
522 2676 727 2739 πτῶσις
746 2677 961 2731 πάντων
976 2678 1150 2731 αὐτῶν
1173 2681 1293 2732 κατ’
1313 2679 1553 2751 ἀλλήλων
1576 2681 1720 2734 όπλι⁹

148 2766 421 2836 ζομένων,
473 2767 616 2820 ὥστε
650 2770 764 2832 τοῖς
792 2767 890 2839 τὴν
928 2768 1184 2823 Ἰουδαίαν
1213 2769 1454 2824 οἰκοῦσιν
1489 2772 1617 2840 ύμῖν
1645 2772 1718 2844 μὴ

148 2855 384 2926 πολέμου
411 2857 521 2910 δεῖν
538 2874 551 2888 ·
578 2856 713 2912 ἀλλὰ
737 2859 844 2929 γάρ
865 2859 1068 2913 οἴεσθαι
1093 2860 1361 2931 τρυγητόν
1384 2878 1506 2915 τινα
1531 2864 1722 2931 παρεῖ-

150 2963 247 3007 ναι,
274 2947 335 2997 ἑν
373 2939 530 3017 ᾧπερ
563 2947 845 3018 δρεπάνιον
867 2949 1025 3020 χρεία
1052 2949 1111 3003 δὲ
1141 2950 1233 3004 καὶ
1263 2950 1371 3003 τῶν
1410 2952 1723 3005 πατούντων

1897 2317 2061 2375 Vens.
2086 2320 2170 2374 15.
2192 2349 2262 2361 -—
2281 2338 2301 2371 ι
2331 2319 2526 2378 Mittite
2543 2322 2731 2388 falces,
2749 2324 3001 2392 quoniam
3023 2324 3177 2380 adest
3201 2324 3390 2379 vinde—

1820 2412 1948 2468 mia:
1966 2413 2204 2479 introite,
2219 2416 2445 2482 calcate,
2458 2416 2582 2486 quia
2596 2417 2812 2487 plenum
2830 2426 2913 2472 est
2929 2418 3187 2481 torcular,
3202 2417 3394 2473 redun-

1823 2503 1954 2558 dant
1977 2505 2257 2575 supposita
2276 2506 2465 2561 solia.»
2486 2505 2657 2563 Tanta
2674 2507 2779 2563 erit
2802 2508 3015 2562 illorum
3036 2508 3260 2572 occisio,
3277 2518 3396 2561 tan-

1823 2602 1986 2665 taque
2015 2605 2224 2667 strages
2246 2596 2359 2668 89
2376 2597 2612 2653 hostium
2646 2599 2703 2652 in
2727 2606 2967 2654 mutuam
2989 2599 3188 2655 caedem
3241 2615 3393 2654 arma

1820 2687 2168 2749 vertentium.
2210 2697 2270 2742 ut
2315 2689 2473 2744 vobis
2527 2688 2724 2745 Iudaeae
2765 2689 2959 2745 incolis
3001 2704 3241 2761 pugnare
3284 2705 3393 2745 non

1820 2778 1892 2833 sit
1912 2780 2281 2834 necessarium
2317 2799 2330 2834 :
2373 2779 2703 2836 vindemiam
2737 2780 3029 2852 quamdam
3060 2783 3263 2836 instare
3290 2797 3391 2851 pu-

1820 2870 1967 2933 tetis,
2006 2872 2093 2924 cui
2133 2870 2440 2926 recidenda:
2482 2871 2716 2928 falcibus
2749 2887 2888 2942 opus
2924 2880 3049 2928 est:
3091 2873 3220 2927 item
3250 2889 3390 2943 opus

1821 2960 1930 3014 erit
1990 2961 2335 3018 calcantibus
2403 2962 2697 3024 torculare,
2745 2970 2803 3017 ut
2856 2978 3173 3043 expressum
3204 2964 3390 3018 vinum

152 3035 241 3107 τὴν
260 3036 452 3108 ληνόν,
482 3038 558 3101 ὡς
595 3038 662 3091 ἂν
693 3039 1073 3111 ἐκθλιϐόμενος
1096 3037 1239 3105 οἶνος
1271 3042 1438 3114 ἐκρέῃ
1461 3059 1474 3072 ·
1517 3043 1724 3096 τοιοῦτο

1833 3045 2005 3102 effluat
2051 3067 2064 3103 :
2101 3063 2227 3103 nam
2273 3055 2327 3105 et
2369 3065 2515 3105 nunc
2554 3050 2733 3107 simile
2772 3050 2904 3122 quid
2944 3035 3058 3107 fieri
3101 3054 3390 3125 contingit.

154 3128 255 3199 γὰρ
275 3129 343 3201 δή
377 3146 431 3181 τι
459 3130 555 3182 καὶ
595 3128 688 3183 νῦν
716 3131 961 3199 γίγνεται
987 3149 999 3164 ·
1046 3132 1121 3201 (ρ.
1156 3132 1278 3199 155)
1320 3133 1504 3204 ἐπειδὴ
1544 3134 1649 3205 γὰρ
1696 3137 1725 3187 6

1833 3138 1965 3203 Quia
1986 3141 2130 3194 enim
2160 3139 2360 3195 bellum
2403 3142 2643 3211 potentia
2680 3156 2799 3197 mea
2825 3141 3056 3199 feliciter
3077 3143 3306 3214 geritur,
3339 3153 3394 3200 et

156 3226 392 3296 πόλεμος
434 3228 504 3297 τῇ
532 3226 759 3297 δυνάμει
800 3226 1159 3299 κατορθοῦται
1192 3229 1332 3299 ἐμῇ,
1381 3228 1475 3280 καὶ
1524 3228 1725 3291 πάντες

153 3313 426 3369 ἐκκεινται
458 3319 584 3379 ταῖς
632 3319 882 3385 σφαγαῖς,
932 3317 1076 3387 ὑμᾶς
1121 3318 1225 3389 χρὴ
1276 3318 1546 3390 παρόντας
1592 3321 1725 3390 ὁρᾷν

155 3408 422 3480 τρυγητοῦ
477 3408 576 3479 μὲν
625 3409 782 3481 δίκην
827 3408 1014 3481 ὥσπερ
1059 3408 1209 3473 τινὰς
1254 3409 1484 3481 βότρυας
1534 3428 1724 3480 τεμνο-

158 3498 343 3568 μένους
394 3514 456 3550 τε
480 3538 495 3558 .
531 3498 624 3550 καὶ
670 3496 757 3550 ἐπ’
788 3495 1035 3568 ἀλλήλοις
1086 3496 1385 3561 πίπτοντας
1435 3502 1551 3562 ταῖς
1587 3516 1725 3567 σφα-

156 3593 269 3657 γαῖς
288 3606 301 3620 ⁴
353 3588 485 3643 καθ’
514 3588 805 3659 ὁμοιότητα
826 3589 882 3641 δὲ
906 3586 1068 3660 ληνοῦ
1102 3588 1443 3659 πατουμένης
1471 3590 1730 3660 ὑπερχεό-

161 3698 310 3753 μενον
337 3681 405 3735 τὺ
432 3680 543 3734 τῶν
572 3680 980 3752 ἀναιρουμένων
1018 3677 1160 3751 αἷμα
1190 3697 1206 3710 “
1249 3679 1421 3741 οὕτως
1452 3680 1629 3735 αὐτῶν
1661 3681 1731 3733 τά

157 3772 293 3825 κακὰ
337 3770 806 3843 πληθυνθήσεται,
849 3769 945 3824 κα)⁸
990 3770 1245 3834 τοσοῦτος
1290 3770 1465 3824 αὐτῶν
1508 3773 1536 3824 6
1575 3770 1731 3840 φόνος

160 3866 466 3935 γενήσεται,
504 3864 604 3932 οὐχ
637 3862 789 3933 ὑμῶν
816 3862 1217 3933 πολεμούντων,
1252 3862 1367 3915 ἀλλ’
1402 3861 1624 3919 ἐκείνων
1654 3863 1733 3925 είς

160 3955 417 4024 ἀλλήλους
449 3953 550 4016 τὰς
578 3952 784 4016 οἰκείας
812 3952 1121 4023 τρεπόντων
1152 3951 1352 4017 δεξιὰς,
1389 3951 1530 4006 κατὰ
1558 3950 1618 4004 τὸ
1645 3950 1729 4004 δο-

163 4043 281 4099 κοῦν
305 4045 456 4115 ὲμοί.
496 4040 631 4096 Εἶτα
657 4044 752 4095 καὶ
772 4041 841 4095 τά
867 4042 994 4111 ἑξῆς
1021 4041 1330 4105 ἀκολούθως
1361 4040 1531 4110 λέγει.

223 4156 370 4226 Στίχ.
403 4151 587 4218 ιδ’-ιζ’.
629 4183 681 4193 -
734 4171 753 4204 ι
793 4148 958 4223 ’Ἦχοι
1005 4149 1280 4223 ἐξήχησαν
1315 4151 1373 4203 ἐν
1413 4153 1480 4221 τῇ
1532 4149 1735 4203 κοιλάδι

163 4248 255 4317 τῆς
286 4248 470 4316 δίκης,
520 4247 602 4299 ὅτι
645 4244 811 4313 ἐγγὺς
854 4244 1038 4313 ἡμέρα
1072 4242 1276 4313 Κυρίου
1325 4243 1384 4294 ὲν
1431 4243 1498 4312 τῇ
1533 4238 1736 4293 κοιλάδι

161 4342 254 4408 τῆς
284 4338 467 4407 δίκης.
514 4355 532 4387 ι
572 4334 796 4405 Φοϐεροὶ
824 4335 933 4404 γὰρ
966 4328 1090 4404 ἦχοί
1116 4350 1259 4396 τινες
1288 4334 1352 4385 ὲκ
1373 4331 1466 4384 τοῦ
1502 4330 1738 4401 πλήθους

1826 3244 2016 3285 omnes
2064 3231 2304 3285 caedibus
2333 3232 2754 3297 contraduntur,
2788 3246 2887 3290 vos
2926 3234 3143 3303 quidem
3180 3244 3396 3306 specta-

1826 3324 1949 3377 culo
1979 3321 2170 3378 adesse
2199 3322 2374 3386 decet,
2405 3332 2715 3393 spectantes
2748 3332 3010 3396 tanquam
3041 3325 3095 3380 in
3124 3326 3394 3382 vindemia

1829 3426 2168 3467 racemorum
2198 3414 2370 3467 instar
2400 3413 2563 3468 veluti
2592 3427 2784 3478 caesos,
2817 3420 2871 3469 et
2893 3414 3096 3470 mutuis
3121 3415 3394 3486 stragibus

1833 3500 1980 3555 humi
2014 3508 2341 3572 prostratos,
2393 3509 2449 3556 et
2485 3502 2643 3571 quasi
2680 3501 2747 3558 de
2790 3503 3049 3559 torculari
3076 3504 3287 3559 calcato
3318 3505 3396 3561 ef—

1831 3591 2085 3646 ﬂuentem
2130 3592 2440 3647 occisorum
2482 3591 2825 3663 sanguinem.
2875 3591 2966 3647 Sic
3008 3607 3197 3648 eorum
3252 3593 3394 3647 mala

1830 3683 2280 3752 cumulabantur;
2302 3692 2560 3754 tantaque
2585 3683 2674 3739 ﬂet
2701 3684 2945 3755 ipsorum
2981 3683 3207 3747 occisia,
3250 3683 3393 3738 haud

1831 3776 2201 3845 pugnantibus
2223 3776 2397 3840 vobis,
2423 3776 2519 3833 sed
2540 3775 2648 3831 illis
2669 3783 2859 3831 contra
2885 3790 2947 3831 se
2969 3783 3158 3830 mutuo
3176 3775 3396 3831 dextras

1836 3868 2195 3923 vertentibus.
2236 3867 2441 3924 Deinde
2479 3878 2532 3923 et
2556 3868 2766 3938 reliqua
2811 3876 3182 3923 consentaneo
3210 3874 3398 3922 tenore

1834 3961 2198 4027 prosequitur.

1904 4134 2071 4190 Vens.
2113 4134 2297 4189 ιιι-17.
2328 4165 2399 4176 --
2429 4151 2451 4183 ι
2494 4132 2718 4188 Sonitus
2748 4132 2989 4189 exauditi
3028 4140 3158 4187 sunt
3189 4132 3241 4186 in
3265 4133 3403 4186 valle

1831 4225 2045 4297 iudicii,
2070 4225 2197 4295 quia
2214 4239 2380 4295 prope
2412 4232 2498 4280 est
2522 4224 2639 4280 dies
2656 4223 2871 4280 Domini
2902 4224 2959 4279 in
2983 4224 3123 4280 valle
3140 4225 3350 4295 judicii.
3375 4243 3395 4276 ι

1838 4315 1970 4372 Nam
1996 4317 2210 4373 sonitus
2237 4313 2457 4386 quidam
2494 4314 2763 4371 terribiles
2792 4330 2857 4370 ex
2877 4315 3183 4370 occisorum
3214 4317 3267 4370 in
3298 4316 3399 4370 hac

159 4404 261 4483 τῶν
282 4404 695 4500 ἀναιρουμένων
716 4404 821 4478 νὲπὶ
849 4426 949 4495 τῆς
980 4423 1226 4487 κοιλάδος
1258 4424 1572 4494 γενήσονται
1603 4422 1728 4477 ταύ-

1839 4409 1978 4464 valle
2006 4406 2353 4462 multitudine
2382 4404 2532 4471 flent,
2580 4405 2634 4459 in
2665 4420 2771 4475 qua
2802 4419 2992 4476 poenas
3035 4406 3105 4460 ab
3136 4406 3218 4461 eis
3242 4421 3401 4476 repo-

160 4538 272 4591 της,
306 4522 364 4573 ὲν
468 4517 525 4570 δὲ
550 4516 651 4580 τάς
677 4516 832 4579 δίκας
876 4515 1073 4577 αὐτοὺς
1100 4512 1463 4583 είσπράξομαι
1492 4512 1585 4566 τοῦ
1615 4511 1736 4565 καθ’

165 4611 311 4681 ὑμῶν
336 4610 691 4679 τολμήματος
714 4622 727 4636 υ
760 4604 982 4659 κοιλάδα
1011 4602 1121 4674 γάρ
1152 4602 1306 4672 δίκης
1332 4602 1430 4672 τὴν
1471 4601 1564 4655 τοῦ
1624 4603 1737 4654 Ἰω-

167 4703 340 4772 σαφὰτ
366 4700 649 4761 ἐκάλεσεν,
688 4697 797 4751 ἀπὸ
827 4696 928 4767 τῆς
966 4695 1236 4767 τιμωρίας
1259 4694 1358 4764 τῆς
1390 4694 1579 4747 αὐτόθι
1611 4692 1741 4761 μελ-

166 4792 357 4863 λούσης
382 4788 688 4858 ἐπάγεσθαι
717 4786 944 4849 ἐκείνοις
974 4786 1123 4856 παρά
1150 4782 1241 4838 τοῦ
1271 4783 1426 4836 Θεοῦ.
1455 4801 1473 4834 ι
1515 4782 1572 4837 Ὀ
1594 4782 1741 4854 ἥλιος

166 4886 255 4938 καί
280 4887 315 4955 ἡ
350 4883 552 4954 σελήνη
587 4879 998 4940 συσκοτάσουσι,
1032 4876 1128 4929 καὶ
1173 4875 1224 4928 οἱ
1256 4874 1484 4945 ἀστέρες
1524 4873 1741 4925 δύσουσι

167 4976 225 5029 τὸ
272 4977 481 5045 φέγγος
530 4972 732 5026 αὐτῶν.
801 4989 818 5023 ι
889 4967 1221 5030 ’Δκολούθως
1280 4963 1453 5029 εἶπεν,
1505 4966 1588 5018 ὅτι
1631 4966 1743 5027 τοῖς

170 5063 586 5135 ἀναιρουμένοις
612 5061 715 5114 οὐκ
743 5059 895 5111 ἔσται
930 5057 1043 5127 φῶς
1062 5074 1077 5088 ·
1105 5058 1253 5119 ὅπως
1288 5054 1353 5125 δὴ
1382 5053 1554 5108 ταῦτα
1585 5056 1745 5124 γενή-

174 5174 321 5211 σεται
373 5155 573 5226 δηλῶν,
603 5154 834 5221 ἐπάγειο
869 5170 888 5202 ι
941 5151 998 5203 '0
1032 5149 1088 5201 δὲ
1131 5148 1334 5219 Κύριος
1382 5146 1743 5219 ἀνακράξεται

170 5250 232 5302 ἐκ
275 5248 444 5301 Σιών·
497 5245 898 5316 ἀνακράξεται,
946 5240 1042 5294 καὶ
1081 5240 1140 5306 ἐξ
1180 5238 1532 5309 Ἰερουσαλὴμ
1584 5235 1745 5290 δώσει

172 5340 352 5411 φωνὴν
386 5337 579 5401 αὑτοῦ,
614 5337 709 5390 καὶ
741 5334 1087 5404 σεισθήσεται
1120 5334 1148 5385 6
1188 5328 1414 5401 οὐρανὸς
1448 5328 1542 5381 καὶ
1576 5328 1609 5397 ἠ
1642 5326 1743 5397 γῆ·

169 5434 197 5483 ό
220 5432 276 5484 δὲ
310 5430 520 5502 Κύριος
554 5428 799 5498 φείσεται
825 5425 919 5479 τοῦ
957 5422 1087 5477 λαοῦ
1121 5420 1284 5477 αὐτοῦ
1306 5437 1319 5449 ·
1354 5420 1451 5475 καὶ
1482 5417 1749 5488 ὲνισχύσει

172 5523 375 5593 Κύριος
410 5524 538 5585 τοὺς
584 5521 733 5583 υἱοὺς
773 5515 1020 5588 Ἰσραήλ·
1057 5515 1148 5569 καὶ
1182 5511 1453 5581 γνώσεσθε
1506 5511 1587 5563 ὅτι
1638 5507 1748 5577 ἐγὼ

176 5613 381 5684 Κύριος
429 5613 458 5665 6
501 5609 653 5673 Θεὸς,
682 5606 860 5678 ὑμῶν,
905 5601 1261 5671 κατασκηνῶν
1290 5603 1349 5653 ὲν
1377 5598 1513 5653 Σιὼν
1545 5599 1602 5651 ὲν
1635 5597 1749 5668 ὄρει

177 5707 314 5776 ἁγίῳ
355 5722 476 5775 μου.
523 5723 545 5756 ι
598 5702 677 5772 (p.
730 5699 853 5771 156)
898 5698 1068 5760 Αὐτὸς
1108 5696 1237 5767 γὰρ,
1273 5693 1455 5765 φησὶν,
1494 5693 1522 5744 6
1560 5691 1691 5754 Θεὸς
1724 5692 1752 5743 6

180 5796 233 5848 ὲν
260 5795 403 5849 Σιὼν
432 5790 803 5867 προσάγεσθαι
833 5789 933 5861 τὴν
964 5787 1194 5859 νόμιμον
1249 5782 1544 5856 θεραπείαν
1581 5780 1746 5845 τάξας

1837 4513 1987 4555 scam
2027 4499 2113 4554 sui
2165 4504 2355 4551 contra
2387 4510 2485 4551 vos
2513 4510 2702 4550 ausus.
2737 4493 2944 4550 Etenim
2968 4494 3160 4565 judicii
3204 4496 3394 4550 vallem

1837 4590 1970 4645 dicit
2009 4588 2292 4659 Josaphati
2350 4586 2565 4648 vallem,
2624 4599 2654 4638 a
2714 4599 2874 4655 poma
2919 4600 3040 4655 quae
3078 4585 3189 4640 illic
3230 4601 3257 4638 a
3295 4583 3403 4640 Deo

1839 4682 2089 4737 hostibus
2132 4677 2457 4750 imponenda
2490 4685 2626 4732 erat.
2665 4695 2683 4727 ι
2722 4676 2812 4731 Sol
2847 4683 2901 4731 et
2938 4677 3065 4731 luna
3111 4675 3276 4730 simul
3302 4677 3402 4732 ob-

1839 4769 2225 4832 scurabuntur,
2249 4775 2304 4824 et
2328 4767 2496 4824 stellae
2512 4765 2790 4821 rctrahent
2815 4765 3152 4835 splendorem
3171 4781 3352 4822 suum.
3377 4785 3398 4819 ι

1840 4860 1961 4917 Νοη
2014 4861 2314 4931 incongrue
2378 4858 2535 4924 dicit,
2587 4856 2786 4912 occisis
2832 4858 3015 4911 lumen
3065 4856 3403 4913 defuturum.

1842 4949 2125 5019 Quomodo
2158 4954 2337 5003 autem
2362 4947 2476 5001 hac
2504 4947 2635 5001 tient
2662 4944 2970 5008 declarans,
2996 4945 3071 4998 ait
3111 4962 3123 4997 :
3170 4961 3190 4997 ι
3230 4943 3407 4999 Domi—

1844 5058 1947 5097 nus
1978 5048 2158 5096 autem
2182 5039 2251 5096 de
2277 5038 2443 5094 Sione
2470 5035 2757 5102 clamabit;
2785 5035 3064 5102 clamabit,
3090 5042 3145 5090 et
3176 5050 3242 5089 ex
3283 5034 3405 5088 Hie-

1845 5133 2082 5189 rusalem
2140 5131 2290 5186 dabit
2333 5143 2523 5185 vocem
2568 5142 2724 5185 suam
2760 5146 2774 5183 :
2825 5133 2880 5183 et
2927 5128 3124 5181 caelum
3167 5140 3230 5179 ac
3264 5131 3407 5178 terra

1846 5226 2247 5283 concutientur.
2285 5223 2547 5279 Dominus
2568 5229 2748 5278 autem
2772 5226 2958 5291 parcet
2981 5218 3179 5288 populo
3204 5231 3328 5280 suo,
3357 5224 3411 5271 ct

1847 5317 2127 5375 roborabit
2164 5317 2427 5372 Dominus
2477 5314 2617 5369 filios
2650 5311 2890 5368 lsraelis.
2933 5308 3000 5362 Et
3052 5306 3239 5362 scietis
3282 5307 3411 5376 quia

1848 5427 1947 5483 ego
1984 5411 2249 5465 Dominus
2297 5408 2441 5463 Deus
2498 5415 2698 5468 vester,
2751 5402 3002 5457 habitans
3048 5399 3105 5455 in
3144 5400 3310 5454 Sione
3357 5398 3413 5450 in

1850 5511 2034 5559 monte
2081 5509 2273 5558 sancto
2313 5513 2454 5554 meo.
2504 5516 2524 5551 ι
2564 5497 2706 5567 lpse,
2746 5496 2945 5566 inquit,
2987 5493 3274 5556 Dominus,
3320 5492 3417 5560 qui

1850 5596 1953 5653 sibi
1982 5595 2037 5648 in
2073 5591 2237 5648 Sione
2268 5591 2567 5662 legitimum
2594 5588 2800 5643 cultum
2829 5586 3072 5642 exhiberi
3107 5584 3417 5649 constituit,

1853 5699 2099 5756 magnam
2158 5682 2420 5737 adversus
2471 5680 2656 5735 hostes
2711 5692 2895 5732 vocem
2951 5676 3180 5742 emittet,
3236 5692 3265 5729 a
3310 5688 3419 5748 qua

1850 5776 2048 5832 cmlum
2074 5789 2139 5830 ac
2172 5782 2316 5830 terra
2346 5769 2599 5841 quassari
2633 5766 3027 5840 propemodum
3068 5768 3417 5834 videbuntur,
