3860 6516
490 351 594 408 259

1699 340 2043 397 TllEODORl
2077 341 2556 398 MOI’SUESTENI
3617 338 3701 394 2-i0

493 467 565 521 ob
622 471 914 519 eventuum
964 459 1393 520 mirabilitatem,
1453 465 1765 526 tantamque
1821 464 2057 528 stragem

2175 458 2356 528 ἑαυτῷ,
2395 457 2634 528 μεγάλην
2665 453 2783 507 κατ’
2810 451 2986 506 αὐτῶν
3017 452 3215 520 ἀφήσει
3267 451 3362 521 τὴν
3396 451 3598 518 φωνήν·
3627 453 3701 520 ἀφ’

493 541 605 608 tam
641 553 751 624 90
779 551 1061 621 inopinate
1095 549 1318 613 editam,
1355 548 1450 603 Dei
1472 563 1657 619 Opera,
1692 546 1906 601 interim
1945 546 2059 602 suis

494 646 792 715 parcentis,
844 643 1122 710 fortesque
1171 640 1227 694 in
1273 649 1568 709 conspectu
1599 638 1837 693 hostium
1876 645 2060 692 osten-

495 736 673 792 dentis
707 753 719 788 :
761 744 820 788 ut
859 732 1118 786 onmibus
1191 731 1538 786 manifestum
1587 730 1676 783 fiat
1723 729 1900 800 ipsum
1935 744 2061 783 vere

493 827 658 882 Deum
713 839 836 880 esse
890 823 1276 888 universalem,
1325 834 1380 879 et
1449 822 1737 877 Dominum
1801 823 1950 875 illum
2005 823 2059 876 in

495 914 659 970 Sione
689 922 874 969 monte
901 912 1006 968 coli
1036 912 1278 968 solitum.

573 1243 736 1300 Vens.
793 1245 982 1300 18-21.
1017 1275 1088 1286 —
1122 1263 1141 1296 ι
1180 1244 1244 1298 Ει
1275 1244 1377 1298 erit
1407 1243 1740 1299 Hierusalem
1777 1251 1982 1311 saneta,
2011 1253 2064 1299 et

495 1338 815 1408 alienigena:
869 1353 977 1391 non
1010 1337 1322 1391 transibunt
1385 1352 1481 1406 per
1530 1351 1646 1390 cam
1691 1337 1946 1405 amplius.
1999 1334 2064 1390 Et

495 1428 599 1483 erit
632 1429 720 1482 die
760 1428 870 1492 illa,
909 1427 1197 1483 stillabunt
1224 1435 1438 1482 montes
1467 1427 1831 1491 dulcedinem,
1865 1435 1918 1482 et
1949 1425 2065 1481 col-

496 1518 576 1572 les
606 1517 777 1572 fluent
817 1518 980 1580 lacte,
1022 1526 1076 1573 et
1109 1532 1302 1572 omnes
1348 1518 1674 1573 emissiones
1713 1517 1865 1573 Judae
1896 1517 2064 1572 ﬂuent

495 1608 652 1678 aquis
689 1626 702 1662 :
736 1615 788 1663 et
816 1607 936 1663 fons
961 1608 1029 1664 de
1057 1607 1219 1662 domo
1248 1607 1463 1663 Domini
1516 1609 1842 1679 egredietur,
1868 1620 1921 1664 et
1945 1610 2065 1662 irri-

495 1699 645 1770 gabit
680 1707 978 1755 torrentem
1012 1701 1405 1756 funiculorum.
1441 1721 1459 1753 ι
1500 1702 1754 1757 Sanctam
1785 1719 1906 1758 esse
1935 1701 2063 1757 llic-

2165 543 2233 619 ἦς
2261 549 2323 617 δὴ
2361 546 2557 618 μικροῦ
2597 545 2691 598 καὶ
2719 543 2947 614 οὐρανὸς
2971 541 3112 606 δόξει
3143 539 3502 600 συσσείεσθαι,
3539 543 3623 593 καὶ
3646 547 3700 612 γῆ

2167 640 2232 691 ἐκ
2257 637 2349 690 τοῦ
2380 635 2684 704 παραδόξου
2705 633 2815 686 τῶν
2836 631 3192 702 γιγνομένων,
3224 630 3318 684 καὶ
3349 630 3446 700 τῆς
3469 629 3702 702 τοσαύτης

2170 729 2384 796 σφαγῆς
2410 725 2552 778 οὕτω
2577 723 2895 794 παραδόξως
2922 719 3335 790 ἐκτελουμένης,
3363 719 3428 789 ἢν
3457 721 3703 788 ποιήσεται

2167 817 2318 879 Θεὸς,
2351 815 2460 868 τῶν
2507 815 2721 868 οἰκείων
2774 813 3106 882 φειδόμενος,
3139 811 3231 864 καὶ
3268 809 3512 879 ἰσχυροὺς
3544 809 3705 871 αὐτοὺς

2167 909 2310 962 κατὰ
2333 907 2442 961 τῶν
2471 907 2728 962 ἐναντίων
2760 902 3079 967 ἀποδεικνύς
3101 919 3114 932 ’
3141 902 3215 966 ὡς
3246 902 3310 954 ἂν
3342 902 3512 954 ἅπασι
3532 901 3707 967 γένοιτο

2167 999 2346 1068 δῆλον,
2388 999 2468 1051 ὅτι
2500 999 2666 1060 ὅντως
2699 989 2852 1058 οὗτος
2902 995 2966 1064 δὴ
3017 993 3148 1056 Θεὸς
3182 991 3288 1045 τῶν
3321 990 3588 1051 ἁπάντων,
3631 990 3707 1042 καὶ

2169 1090 2370 1159 Κύριος
2393 1092 2420 1142 ὁ
2452 1093 2507 1142 ἐν
2551 1087 2629 1158 τῷ
2655 1089 2770 1159 δρει
2799 1085 2878 1157 τῷ
2907 1085 3042 1138 Σιὼν
3072 1080 3470 1154 θεραπεύεσθαι
3509 1081 3702 1142 εἰωθώς.

2241 1244 2385 1315 Στίχ.
2423 1242 2628 1314 ιη’-κα’.
2658 1274 2724 1283 -
2761 1263 2778 1294 ι
2832 1243 2942 1296 Kal
2975 1241 3122 1294 ἔσται
3171 1239 3524 1311 Ἰερουσαλὴμ
3569 1237 3705 1306 ἁγία·

2171 1338 2266 1390 καὶ
2304 1337 2608 1404 ἀλλογενεῖς
2637 1335 2696 1389 οὐ
2727 1334 3086 1388 διελεύσονται
3113 1333 3178 1385 δι’
3206 1332 3370 1402 αὐτῆς
3401 1330 3605 1383 οὐκέτι·
3637 1331 3710 1382 καὶ

2171 1426 2321 1480 ἐσται
2354 1426 2412 1478 ἐν
2440 1428 2504 1495 τῇ
2538 1424 2719 1495 ἡμέρᾳ
2745 1424 2927 1496 ἐκείνῃ
2978 1421 3336 1484 ἁποσταλὰξει
3375 1420 3441 1472 τὰ
3470 1421 3564 1492 ὅρη
3603 1417 3708 1486 γλυ·

2174 1515 2406 1587 κασμὸν,
2454 1517 2548 1569 καὶ
2592 1516 2640 1566 οἱ
2673 1513 2849 1584 βουνοί
2883 1517 3168 1585 ρυἡσονται
3218 1512 3356 1581 γάλα
3381 1529 3394 1542 ·
3430 1511 3521 1564 καὶ
3572 1514 3710 1564 πᾶσαι

2171 1609 2224 1661 αἱ
2275 1607 2499 1676 ἀφέσεις
2562 1605 2733 1659 Ἰούδα
2787 1606 3073 1676 ρυήσονται
3111 1603 3308 1657 ὕδατα·
3349 1603 3444 1656 καὶ
3488 1602 3627 1673 πηγὴ
3666 1602 3709 1668 ἐξ

2171 1699 2315 1751 οἴκου
2346 1697 2553 1768 Κυρίου
2585 1695 2944 1761 ἐξελεύσεται,
2969 1697 3064 1748 καὶ
3091 1696 3268 1747 ποτιεῖ
3293 1694 3384 1746 τὸν
3412 1694 3710 1764 χειμάρρουν

497 1791 735 1845 rusalem
787 1805 853 1844 ex
902 1791 1066 1846 rebus
1113 1790 1248 1860 ipsis
1298 1792 1468 1862 gestis
1513 1792 1806 1856 constabit,
1848 1793 2067 1847 nemine

2175 1789 2276 1842 τῶν
2314 1788 2556 1859 σχοίνων.
2614 1807 2634 1839 ›
2684 1787 2748 1840 Ἡ
2798 1787 2894 1858 μὲν
2947 1787 3054 1856 γὰρ
3112 1784 3465 1857 Ἰερουσαλὴμ
3512 1783 3630 1851 ἁγία
3665 1781 3710 1845 ἐξ

498 1881 699 1935 abhinc
741 1881 1045 1952 alienigena
1115 1881 1182 1934 ad
1252 1882 1401 1935 illam
1459 1884 1753 1937 ascendere
1807 1883 2061 1938 audente.

498 1973 724 2027 Cunctis
750 1982 929 2026 autem
950 1971 1153 2027 Judteis
1182 1973 1510 2041 promissam
1545 1981 1746 2028 terram
1779 1974 2068 2028 incolenti-

498 2063 602 2116 bus
636 2065 903 2116 bonorum
955 2062 1176 2116 ubertas
1205 2062 1330 2120 erit,
1374 2062 1502 2130 quia
1534 2070 1587 2116 et
1615 2070 1830 2116 montes
1867 2071 1920 2116 et
1954 2063 2068 2116 col-

499 2154 581 2206 les
638 2151 840 2206 multos
889 2151 1024 2221 ipsis
1076 2167 1139 2204 ac
1209 2151 1392 2206 varios
1442 2153 1652 2207 fructus
1712 2153 2066 2223 praebebunt;

497 2237 680 2291 fontes
730 2237 857 2290 item
897 2248 1218 2292 consuetam
1264 2254 1529 2308 aquarum
1581 2255 1806 2295 suarum
1857 2243 2066 2311 copiam

500 2327 960 2399 suppeditabunt;
1009 2329 1170 2383 solita
1204 2329 1392 2384 dicens
1425 2345 1493 2384 ex
1546 2328 1639 2384 Dei
1683 2331 1884 2400 templo
1928 2331 2070 2385 dona

499 2418 740 2488 erogari,
774 2426 828 2473 et
859 2417 1102 2473 indidem
1135 2419 1416 2475 afﬂuentes
1452 2420 1647 2474 uberes
1680 2421 1947 2474 bonorum
1985 2420 2070 2474 di-

502 2510 667 2566 vitias
697 2509 1088 2565 accedentibus
1112 2510 1264 2576 illuc,
1295 2519 1348 2566 et
1378 2511 1560 2566 debita
1585 2509 1694 2566 Deo
1723 2510 1896 2566 oﬂieia
1922 2527 2071 2566 com-

500 2602 651 2672 plere
703 2603 1106 2672 satagentibus.
1159 2600 1260 2656 ilic
1306 2611 1391 2656 est
1433 2602 1578 2657 enim
1617 2604 1708 2673 qui
1745 2618 1774 2656 a
1813 2603 2072 2673 propheta

501 2691 705 2746 dicitur
749 2691 816 2746 de
845 2693 1009 2746 domo
1042 2691 1251 2748 Domini
1280 2691 1402 2748 fons
1431 2709 1781 2764 egressurus.
1817 2692 1942 2755 Hic,
1995 2693 2076 2746 in-

489 2789 688 2855 quam,
725 2792 907 2839 tantus
935 2784 1062 2850 erit,
1102 2793 1165 2839 ut
1199 2799 1373 2854 usque
1396 2785 1463 2839 ad
1502 2786 1831 2855 longinquos
1861 2784 2073 2854 copiam

503 2892 661 2932 suam
715 2885 1046 2932 extensurus
1109 2876 1202 2931 sit.
1234 2876 1352 2931 Mox
1395 2888 1683 2949 postquam
1732 2877 1915 2932 dixit:
1952 2897 1970 2928 ι
2012 2877 2077 2930 Ει

471 2966 769 3038 ’.ιΕεγριιιε
812 2967 1170 3036 desolabitur,
1220 2979 1274 3022 et
1325 2967 1556 3024 ldumaaa
1601 2971 1854 3025 similiter
1881 2971 1951 3025 ob
1978 2985 2075 3025 sua

503 3063 699 3110 contra
743 3071 841 3110 vos
886 3056 1150 3121 facinora,
1206 3065 1259 3112 et
1294 3068 1515 3128 pr0pter
1555 3059 1755 3114 multos
1801 3075 1867 3114 ex
1924 3060 2076 3115 vobis

2169 1880 2344 1934 αὐτῶν
2380 1881 2676 1949 φανήσεται
2720 1877 2825 1930 τῶν
2869 1878 3228 1949 πραγμάτων,
3269 1875 3482 1937 οὐδενὸς
3525 1873 3711 1926 ἐπιϐαί-

2167 1989 2277 2025 νειν
2313 1972 2447 2041 αὐτῇ
2493 1969 2772 2040 ἀλλοτρίου
2815 1967 3122 2038 τολμῶντος
3161 1968 3271 2020 ἔτι·
3307 1967 3481 2020 ἅπασι
3517 1965 3570 2017 δέ
3605 1965 3709 2015 Ὶου·

2167 2063 2333 2124 δαίοις
2366 2060 2456 2113 ἐπὶ
2506 2060 2604 2130 τῆς
2654 2061 2756 2129 γῆς
2803 2057 3008 2111 οἰκοῦσι
3060 2058 3158 2127 τῆς
3209 2055 3540 2125 ἐπαγγελίας
3570 2053 3708 2122 πολλή

2167 2171 2251 2215 τις
2280 2151 2509 2222 ἀφθονία
2541 2151 2647 2204 τῶν
2675 2150 2892 2219 ἀγαθῶν
2925 2149 3096 2211 ἔσται,
3126 2147 3200 2210 ὡς
3252 2149 3345 2199 καὶ
3387 2145 3456 2199 τὰ
3502 2146 3597 2215 ὅρη
3636 2142 3710 2195 καὶ

2167 2243 2292 2305 τοὺς
2318 2242 2536 2311 βουνοὺς
2564 2241 2808 2313 καρποὺς
2829 2239 2892 2310 δὴ
2923 2236 3148 2299 πολλοῦς
3172 2255 3321 2299 τινας
3348 2237 3445 2289 καὶ
3468 2235 3709 2294 ποικῢιους

2171 2334 2426 2405 παρέχειν
2454 2334 2632 2394 αὐτοῖς
2651 2349 2665 2363 ·
2696 2331 2792 2394 τὰς
2827 2331 3007 2399 πηγάς
3035 2347 3092 2382 τε
3121 2329 3367 2399 συνήθως
3393 2326 3500 2380 τῶν
3528 2324 3710 2378 οἰκείων

2173 2425 2385 2478 ὑδάτων
2427 2423 2654 2493 (p.157)
2687 2421 2946 2492 παρέχειν
2989 2422 3081 2475 τὸν
3123 2420 3350 2474 πλοῦτον
3379 2419 3460 2491 [αἱ
3506 2417 3712 2472 εἰωθυῖαι

2173 2517 2236 2567 ἐκ
2271 2514 2363 2566 τοῦ
2397 2513 2524 2566 ναοῦ
2554 2513 2647 2566 τοῦ
2675 2512 2818 2565 θείου
2847 2512 3196 2584 χορηγεῖσθαι
3233 2511 3433 2582 δωρεαὶ
3463 2509 3611 2581 (21)],
3639 2507 3712 2560 καὶ

2173 2603 2441 2674 πηγάζειν
2467 2603 2694 2672 ἄφθονον
2722 2603 2829 2656 τῶν
2871 2602 3090 2672 ἀγαθῶν
3124 2603 3214 2657 τὸν
3243 2601 3474 2655 πλοῦτον
3510 2603 3614 2663 τοῖς
3639 2600 3712 2652 αὐ-

2174 2696 2291 2749 τόθι
2318 2712 2376 2747 τε
2409 2695 2654 2759 εἰσιοῦσι,
2685 2695 2778 2747 καὶ
2813 2695 2883 2748 τὰ
2907 2695 3215 2766 καθήκοντα
3255 2695 3331 2765 τῷ
3362 2693 3483 2765 Θεῷ
3510 2690 3713 2764 πληροῦν

2176 2785 2562 2840 ἐσπουδακόσι·
2593 2787 2796 2858 ταύτην
2825 2787 2932 2856 γὰρ
2961 2786 3108 2856 λέγει
3142 2786 3321 2857 πηγὴν
3365 2786 3424 2852 ἐξ
3460 2785 3601 2837 οἴκου
3628 2784 3714 2836 Κυ-

2180 2875 2294 2946 ρίου
2322 2873 2722 2940 ἐξελεύσεσθαι·
2751 2875 2985 2946 τοσαύτη
3016 2893 3100 2939 τις
3132 2875 3282 2928 ἔσται
3316 2874 3457 2928 ὥστε
3490 2876 3609 2946 ἄχρι
3642 2873 3715 2924 καὶ

2176 2965 2284 3018 τῶν
2312 2965 2592 3038 πόρρωθεν
2621 2966 2718 3036 τὴν
2745 2966 3050 3036 φιλοτιμίαν
3085 2969 3365 3022 ἐκτείνειν.
3402 2964 3533 3022 Εἶτα
3578 2964 3715 3020 εἰπὼν

2179 3057 2260 3109 ὅτι
2288 3056 2434 3110 «Kal.
2476 3058 2747 3126 Αἴγυπτος
2785 3059 3230 3129 ἀφανισθήσεται,
3261 3059 3352 3111 καὶ
3398 3061 3431 3129 ή
3484 3059 3716 3129 Ἰδουμαία

504 3152 694 3198 contra
729 3144 811 3200 fas
842 3146 1187 3213 interfectos,
1233 3167 1252 3198 ι
1293 3148 1447 3202 addit
1481 3168 1490 3200 :
1530 3139 1650 3202 ιἘι
1673 3149 1858 3203 Judaaa
1887 3150 1943 3203 in
1981 3165 2069 3205 sua

2180 3148 2237 3201 δέ
2281 3147 2378 3200 σὺν
2424 3149 2628 3220 ἐκείνῃ,
2683 3151 2822 3221 ὑπὲρ
2861 3144 2934 3204 ὧν
2965 3152 3281 3223 πεπράχασί
3328 3169 3388 3206 τε
3432 3153 3548 3207 καθ’
3573 3151 3714 3224 ὑμῶν,

505 3235 666 3287 firma
719 3234 984 3291 felicitate
1052 3236 1392 3292 habitabitur
1441 3253 1472 3292 a
1520 3240 1760 3308 propriis
1790 3240 1987 3294 incolis
2025 3241 2079 3294 in

506 3323 870 3380 Hierusalem.
912 3345 931 3379 ›
967 3328 1178 3393 Quibus
1225 3329 1546 3399 superaddit
1579 3349 1594 3385 :
1635 3347 1654 3382 ι
1698 3329 1763 3384 Ει
1803 3331 2079 3401 requiram

510 3416 837 3485 sanguinem
861 3432 1074 3482 eorum,
1107 3434 1270 3488 quem
1314 3420 1546 3474 inultum
1585 3437 1710 3477 esse
1740 3435 1848 3475 non
1881 3423 2077 3476 sinam.

505 3507 573 3560 Et
622 3507 889 3564 Dominus
944 3509 1214 3566 habitabit
1265 3512 1321 3567 in
1377 3509 1562 3568 Sione.
1607 3533 1625 3565 ι
1672 3513 1841 3580 Quasi
1879 3514 2026 3568 dicat
2064 3533 2077 3569 :

506 3597 790 3668 Quotquot
845 3598 1107 3657 adversus
1139 3601 1415 3659 lsraelitas
1445 3603 1651 3674 aliquid
1680 3606 1924 3675 aggressi
1962 3605 2076 3660 fue-

505 3686 637 3750 rint,
683 3688 956 3756 supremis
1002 3689 1231 3745 alliciam
1275 3693 1585 3762 suppliciis.
1631 3693 1697 3748 Et
1745 3696 2077 3765 permanebo

506 3765 653 3831 cum.
687 3777 828 3843 istis,
875 3781 1224 3850 praesentiam
1265 3798 1438 3839 meam
1489 3799 1689 3840 arcana
1737 3786 2078 3856 providentia

506 3865 911 3937 demonstrans,
970 3887 1134 3942 quam
1219 3875 1496 3944 copiosam
1556 3877 1615 3932 in
1670 3892 1833 3934 omne
1903 3892 2077 3932 aevum

507 3957 708 4012 abhinc
748 3959 951 4017 eisdem
978 3962 1269 4032 praestabo.

579 4253 884 4334 (Qlﬂerha
912 4259 965 4310 ai
987 4258 1249 4314 εἰωθυῖαι.
1275 4299 1289 4334 ε
1315 4300 1328 4314 .
1369 4259 1589 4332 δωρεαί,
1622 4263 1843 4334 lectoris
1884 4264 2068 4334 cujus-

508 4320 632 4376 dam
674 4323 1238 4396 interpretamentum,
1276 4330 1333 4386 in
1375 4320 1587 4387 tex'tum‘
1615 4334 1755 4389 male
1796 4320 2065 4394 invasisse

2179 3238 2273 3291 καὶ
2308 3239 2531 3302 πολλοὺς
2559 3241 2711 3310 ὑμῶν
2738 3241 2939 3306 ἀδίκως
2969 3244 3209 3296 ἀνεῖλονο
3263 3263 3280 3297 ι
3325 3245 3554 3314 ἐπάγει·
3601 3263 3617 3296 ι
3667 3241 3717 3296 Ἥ

2181 3329 2237 3382 δέ
2281 3330 2504 3382 Ἰουδαία
2533 3331 2589 3382 ἐν
2633 3330 2832 3402 βεϐαίῳ
2863 3334 2960 3404 τῆς
3010 3335 3213 3398 οίκείας
3251 3335 3557 3406 εὐπραγίας
3593 3335 3716 3388 ἔσται

2179 3420 2467 3492 οἰκουμένη
2496 3423 2553 3475 ἐν
2580 3425 2648 3492 τῇ
2700 3424 3054 3495 Ἰερουσαλὴμ
3075 3426 3179 3478 ὑπὸ
3202 3426 3310 3480 τῶν
3339 3429 3569 3482 οίκείων.
3605 3446 3619 3480 ι
3644 3421 3717 3487 Οἷς

2180 3511 2500 3582 προστίθησι
2521 3530 2536 3545 -
2567 3531 2586 3564 ι
2628 3513 2738 3566 Καὶ
2767 3515 3052 3587 ἐκζητήσω
3080 3517 3139 3569 τὸ
3165 3514 3304 3590 αἷμα
3337 3521 3536 3587 αὐτῶν,
3571 3520 3650 3574 καὶ
3669 3520 3715 3572 οὗ

2182 3602 2257 3673 μὴ
2297 3602 2539 3656 ἁθωώσω
2564 3619 2578 3633 ⁶
2614 3605 2706 3657 καὶ
2739 3605 2941 3676 Κύριος
2981 3610 3395 3679 κατασκηνώσει
3437 3614 3494 3666 ἐν
3533 3614 3668 3665 Σιὼν.
3699 3630 3712 3662 ι

2181 3693 2300 3746 Ἵνα
2331 3693 2460 3766 εἴπῃ
2490 3712 2503 3725 ο
2541 3694 2680 3759 Τούς
2701 3713 2761 3748 τε
2793 3698 3198 3768 ἐπιχειροῦντας
3221 3720 3272 3755 τι
3312 3706 3434 3756 κατ’
3465 3705 3629 3758 αὐτῶν
3656 3702 3716 3755 ἔτι

2178 3786 2470 3856 τιμωρίαις
2519 3786 2796 3856 περιϐαλῶ
2841 3793 2960 3853 ταῖς
3003 3791 3276 3860 ἐσχάταις,
3323 3794 3557 3865 διαμενῶ
3587 3812 3637 3848 τε
3673 3796 3717 3846 ἐν

2182 3878 2363 3941 αὐτοῖς
2384 3877 2594 3941 δεικνὺς
2615 3879 2847 3948 ἐμαυτὸν
2873 3881 2966 3933 τοῦ
2991 3881 3175 3936 λοιποῦ
3197 3883 3284 3936 διὰ
3308 3885 3407 3956 τῆς
3440 3885 3715 3956 ἀπορρήτου

2181 3969 2524 4040 κηδεμονίας,
2565 3970 2633 4040 ἢν
2680 3971 2876 4042 πολλήν
2917 3990 3036 4026 τινα
3063 3975 3314 4045 παρέχων
3344 3977 3526 4041 αὐτοῖς
3553 3979 3624 4039 είς
3645 3975 3717 4028 τὸν

2176 4058 2363 4112 ἔπειτα
2392 4060 2679 4113 διατελέσω
2705 4061 2915 4133 χρόνον.

2176 4268 2654 4352 suspicatunotto
2695 4269 2846 4352 [τι-ξιξ
2895 4271 3525 4352 ξ’-ΓίιῑεοιιςζρεΛΤρςοά.
3568 4271 3713 4340 Maps.

2181 4336 2306 4392 Vim
2334 4348 2384 4394 et
2417 4340 2647 4410 scriptis,
2681 4357 2735 4412 p.
2773 4341 2861 4410 57,
2899 4342 3064 4408 "alte,
3105 4343 3258 4410 1856,
3293 4343 3348 4398 8.
3385 4343 3542 4398 Eon.
