3860 6508
202 392 279 447 ΞΗ

1202 394 1747 457 COMMENTARIUS
1778 402 1845 455 IN
1872 402 2082 458 AMOSI
2123 403 2274 460 CAP.
2310 405 2348 459 1.

779 734 1341 867 EPMHNEIA
1441 740 1717 828 AMm

1830 744 2054 828 ΤΟΥ
2144 745 2785 834 ΠΡΟΦΗΤΟΥ.

260 1112 401 1225 1N
461 1113 1051 1229 AMOSUM
1137 1122 2011 1237 PROPHETAM
2108 1041 3289 1240 COMMENTARIUS.

233 1465 485 1535 Πρόδηλον
514 1466 614 1535 μὲν
643 1463 735 1521 οῦν
761 1469 839 1523 ὅτι
867 1471 960 1524 καὶ
992 1473 1258 1545 μακάριος
1298 1475 1477 1547 Ἀμὼς
1517 1479 1546 1530 6
1576 1495 1712 1549 προ-

1884 1478 1989 1548 91
2030 1475 2383 1545 Perspicuum
2436 1484 2520 1531 est
2578 1480 2794 1532 beatum
2858 1493 3072 1550 quoque
3137 1479 3397 1536 Amosum

174 1554 342 1623 φήτης,
392 1554 450 1606 ὃν
496 1556 823 1627 ἑρμηνεύειν
867 1560 1001 1614 Θεοῦ
1046 1562 1227 1633 χάριτι
1280 1567 1566 1636 πρόκειται
1618 1568 1716 1623 νῦν

173 1648 302 1715 ημῖν,
352 1646 622 1716 περὶτῶν
666 1650 743 1720 τῷ
784 1650 897 1723 λαῷ
932 1654 1361 1726 συμϐησομένων
1406 1659 1495 1712 διὰ
1540 1661 1719 1731 πάσης

173 1739 347 1808 μικροῦ
382 1740 480 1809 τῆς
521 1742 862 1813 προφητείας
909 1745 983 1814 (ρ.
1038 1747 1161 1816 158)
1208 1748 1373 1817 λέγει,
1411 1752 1446 1804 ἆ
1472 1768 1531 1804 τε
1570 1752 1720 1824 παρὰ

168 1830 259 1881 τῶν
304 1831 603 1901 Ἀσσυρίων
657 1834 938 1889 πείσονται
988 1839 1252 1910 πρότερον
1306 1843 1360 1894 αἰ
1399 1843 1521 1897 δέκα
1556 1844 1721 1912 φυλαὶ

176 1924 384 1992 μηνύων,
412 1926 505 1977 καὶ
537 1924 574 1978 ἃ.
606 1927 734 1997 περί
760 1927 857 1998 τὴν
906 1929 1259 2002 Ἰερουσαλὴμ
1302 1935 1393 1987 καὶ
1418 1935 1515 2005 τὴν
1553 1935 1721 1989 Ἰούδα

172 2016 334 2085 φυλὴν,
364 2015 458 2068 εἴτ’
488 2012 586 2069 οὖν
619 2019 745 2081 τοὺς
771 2018 990 2084 λοιποὺς
1022 2022 1130 2092 (22)
1161 2025 1284 2087 τοὺς
1312 2025 1411 2095 τῆς
1445 2026 1720 2095 βασιλείας

172 2106 372 2175 ἐκείνης,
558 2108 667 2161 τῶν
716 2110 1071 2165 Βαὸυλωνίων
1127 2115 1404 2183 γίγνεσθαι
1454 2119 1717 2189 ἤμελλεν*

171 2198 329 2250 τούτου
360 2199 413 2250 δὲ
442 2198 604 2268 λόγος
641 2196 710 2271 ἦν
753 2206 864 2266 τοῖς
891 2207 1199 2276 προφήταις
1230 2208 1326 2279 οὑχ
1363 2210 1568 2274 ἁπλῶς,
1605 2213 1718 2265 ἀλλ’

172 2287 326 2355 ἐπειδὴ
354 2289 533 2339 πᾶσαν
558 2288 654 2359 τὴν
682 2292 809 2361 περὶ
839 2293 929 2345 τὸν
951 2293 1075 2345 λαὸν
1102 2296 1417 2365 ἐπιμέλειαν
1452 2298 1590 2369 ὑπὲρ
1619 2301 1719 2371 τῆς

169 2376 243 2428 τοῦ
268 2378 530 2431 Δεσπότου
568 2381 803 2451 Χριστοῦ
834 2382 1053 2448 δείξεως
1098 2389 1126 2439 ό
1169 2388 1300 2451 Θεὸς
1344 2391 1596 2455 ἐποιεῖτο,
1626 2394 1719 2447 ἐπὶ

170 2470 293 2537 κοινῇ
313 2470 372 2537 τῇ
399 2469 623 2522 πάντων
649 2472 951 2541 ἀνθρώπων
974 2478 1216 2548 σωτηρία
1237 2480 1376 2533 κατὰ
1404 2481 1493 2533 τὸν
1520 2485 1720 2536 οἰκεῖον

170 2559 506 2629 γενησομένης
537 2562 729 2630 καιρόν
755 2580 769 2593 ·
819 2564 1007 2618 τούτου
1047 2568 1155 2639 γὰρ
1185 2570 1368 2623 ἕνεκεν
1400 2574 1599 2637 αὐτοὺς
1625 2576 1718 2628 καὶ

169 2648 380 2719 ἀφώρισε
416 2652 528 2723 τῶν
571 2652 759 2718 ἐθνῶν,
810 2658 903 2709 καὶ
943 2664 1209 2732 περιτομῇ
1231 2648 1486 2733 διέκρινε,
1520 2666 1611 2717 καὶ
1644 2668 1719 2719 οἰ-

170 2741 295 2793 κείαν
338 2743 473 2812 ἔχειν
512 2746 895 2815 παρεσκεύασε
939 2750 1141 2822 χώραν,
1179 2756 1271 2807 καὶ
1320 2758 1717 2827 ἀφωρισμένως

169 2833 214 2882 ἓν
238 2834 307 2903 τῷ
331 2836 440 2906 ὄρει
465 2838 551 2907 τῷ
588 2837 726 2891 Σιὼν
758 2839 847 2893 διὰ
876 2841 977 2911 τῆς
1011 2846 1239 2915 νομικῆς
1291 2848 1582 2912 διατάξεως
1617 2852 1717 2922 τὴν

170 2925 273 2995 περὶ
310 2928 463 2981 αὑτὸν
518 2930 823 2999 προσέταξε
866 2933 1132 2987 ποιεῖσθαι
1178 2936 1493 3008 θεραπείαν,
1543 2942 1605 2993 ἵν’
1653 2943 1717 2994 ἐκ

168 3017 387 3071 τοιούτων
434 3020 584 3074 κατὰ
630 3020 729 3085 τὰς
770 3026 1114 3094 προφητικὰς
1165 3029 1443 3097 μηνύσεις,
1492 3034 1583 3084 καὶ
1618 3033 1717 3103 τὴν

168 3108 339 3162 ἄνωθεν
374 3112 463 3165 ἐπὶ
514 3113 730 3176 τούτοις
762 3116 891 3184 περὶ
919 3117 1009 3169 τὸν
1050 3118 1175 3171 λαὸν
1207 3123 1578 3193 γεγενημένην
1604 3125 1718 3178 διά-

167 3198 322 3265 ταξιν,
369 3204 566 3271 φανεὶς
615 3206 645 3257 6
689 3206 966 3279 Δεσπότης
1015 3210 1265 3279 Χριστὸς,
1309 3212 1467 3283 δῆλον
1515 3214 1717 3270 ἅπασιν

168 3292 565 3363 ἰργάσηταιτοίς
598 3296 924 3367 ἀνθρώποις,
949 3301 1030 3351 ὅτι
1062 3302 1160 3370 οὐχ
1187 3300 1412 3374 ὕστερον
1443 3307 1715 3361 ἐκαινοτό-

171 3399 312 3452 μησεν
346 3388 372 3438 6
419 3387 557 3447 Θεὸς
607 3388 705 3457 τὴν
763 3391 1017 3444 ἁπάντων
1064 3391 1371 3463 ἀνθρώπων
1420 3400 1712 3469 σωτηρίαν,

168 3475 260 3526 ἀλλ’
299 3478 495 3531 ἄνωθεν
544 3481 640 3534 καὶ
691 3483 797 3552 πρὸ
852 3484 1080 3554 μακρῶν
1132 3484 1243 3537 τῶν
1292 3486 1500 3556 χρόνων
1559 3489 1715 3543 τοῦτο

168 3571 545 3640 προωρισμένον
576 3570 717 3624 κατὰ
750 3574 841 3625 τὸν
874 3574 1141 3646 μακάριον
1177 3577 1389 3631 Παῦλον
1417 3578 1556 3649 ἔχων
1585 3584 1714 3651 παρ’

168 3655 334 3725 ἐαυτῷ,
357 3660 641 3725 ἐξελέξατο
677 3662 776 3731 μὲν
801 3664 890 3715 τὸν
930 3665 1198 3736 Ἀϐραάμ,
1233 3668 1526 3741 συνέστησε
1566 3672 1622 3724 δὲ
1656 3672 1715 3723 τὸ

167 3746 215 3809 ἐξ
248 3750 439 3802 ἐκείνου
470 3751 653 3819 γένος,
688 3756 1004 3825 ἐπιμέλειαν
1033 3758 1089 3810 δὲ
1119 3758 1282 3811 αὐτοῦ
1325 3761 1445 3813 καθ’
1474 3761 1531 3814 ὃν
1566 3766 1716 3834 εἰρή-

170 3857 316 3909 καμεν
364 3845 659 3915 πεποίηται
706 3846 944 3916 τρόπον·
1000 3849 1066 3900 ἵν’
1117 3849 1176 3914 ἐξ
1218 3851 1397 3905 αὐτῶν
1439 3852 1715 3925 ὖστερονό

168 3934 408 4004 Δεσπότης
455 3935 694 4006 Χριστὸς
740 3936 800 3989 τὸ
843 3937 984 3991 κατὰ
1029 3940 1206 4011 σάρκα
1257 3942 1348 3994 ἐπὶ
1388 3947 1450 4014 τῇ
1498 3945 1715 3999 πάντων

168 4024 438 4095 ἀνθρώπων
487 4032 678 4097 φανεὶς
713 4031 977 4102 σωτηρία,
1017 4036 1092 4102 (ρ.
1134 4034 1257 4104 159)
1292 4037 1447 4107 δῆλος
1492 4038 1711 4109 ὑπάρχῃ

166 4118 285 4169 κατά
312 4120 396 4172 τὸν
433 4120 643 4175 ἄνωθεν
674 4123 901 4193 ὁρισμὸν
938 4125 1030 4177 ἐπὶ
1070 4124 1168 4195 τὴν
1218 4128 1526 4197 οἰκονομίαν
1574 4147 1711 4200 παρ-

166 4207 423 4278 εληλυθώς.

232 4302 386 4374 Ὑπὲρ
413 4304 476 4374 δὴ
518 4304 728 4357 τούτων
769 4306 862 4359 καὶ
911 4308 1315 4380 μετοικισθῆναι
1349 4312 1438 4364 τὸν
1467 4312 1593 4367 λαὸν
1628 4314 1715 4367 διὰ

165 4387 249 4456 τῆς
284 4392 653 4460 αἰχμαλωσίας
686 4396 1095 4466 παρεσκεύασεν
1125 4398 1265 4462 ὅλον,
1302 4400 1396 4451 καί¹
1437 4402 1715 4471 ἐπανήγα-

165 4494 244 4544 γεν
284 4481 336 4547 ἐξ
380 4483 563 4536 αὐτῶν
618 4484 712 4548 οὓς
761 4485 1042 4550 έδούλετο,
1081 4481 1264 4559 ὧνπερ
1311 4485 1402 4542 οὖν
1451 4492 1636 4559 ἡγεῖτο
1682 4493 1713 4562 ἡ

177 4572 322 4628 Ἰούδα
358 4578 497 4648 φυλὴ
533 4579 692 4649 μόνη,
745 4582 778 4649 ἡ
827 4583 978 4634 πᾶσα
1010 4582 1108 4652 τὴν
1141 4582 1394 4635 ἐπάνοδον
1424 4583 1713 4654 δεξαμένη,

167 4664 431 4740 ἐπειδήπερ
468 4671 530 4735 ἐξ
564 4671 735 4740 αὐτῆς
766 4672 999 4741 ἤμελλεν
1038 4673 1425 4743 ἀναφαίνεσθαι
1474 4676 1532 4726 τὸ
1579 4676 1717 4730 κατὰ

168 4754 318 4823 σάρκα
362 4760 389 4810 6
433 4762 713 4829 Δεσπότης
763 4762 1028 4831 Χριστόςο
1080 4762 1189 4815 τῶν
1256 4763 1457 4815 λοιπῶν
1526 4764 1717 4835 γάρτοι

166 4846 324 4911 φυλῶν
370 4851 462 4918 ἀφ’
512 4852 751 4922 ἑκάστης
801 4852 1056 4922 ἑπόμενοι
1120 4852 1321 4925 ταύτῃ,
1387 4855 1716 4924 συνανῆλοον

165 4934 343 5003 ὀλίγοι·
377 4942 464 4994 ἵνα
508 4942 595 4995 διὰ
648 4943 746 5012 μὲν
789 4942 889 5012 τῆς
922 4944 1296 5015 γεγενημένης
1339 4946 1715 5015 αἰχμαλωσίας

166 5029 243 5078 καὶ
270 5030 361 5098 τῆς
389 5032 648 5085 ἐπανόδου
670 5032 861 5085 τοῦτον
891 5034 1343 5104 άποτελεσθείσης
1368 5035 1458 5087 τὸν
1491 5036 1715 5105 τρόπον,

162 5115 301 5183 δῆλος
328 5124 548 5193 γένηται
588 5125 685 5193 τῆς
728 5126 857 5195 περὶ
896 5125 988 5178 τὸν
1030 5126 1157 5180 λαὸν
1188 5126 1502 5197 ἐπιμελείας
1538 5130 1565 5181 6
1595 5146 1719 5181 σκο-

168 5206 250 5269 πὸς
288 5211 377 5262 τοῦ
429 5213 585 5276 Θεοῦ,
632 5214 769 5282 ὑπὲρ
797 5213 891 5266 τοῦ
928 5215 1305 5284 φανησομένου
1345 5232 1409 5283 γε
1442 5215 1501 5278 ἐξ
1537 5214 1716 5267 αὐτῶν

164 5299 241 5351 ἐπὶ
266 5306 322 5373 τῇ
354 5306 568 5358 πάντων
592 5306 895 5376 ἀνθρώπων
923 5306 1165 5377 σωτηρίᾳ
1195 5307 1373 5359 πάντα.
1401 5306 1680 5370 ποιοῦντος
1700 5325 1714 5338 ·

162 5386 285 5443 ὥστε
330 5394 383 5446 δὲ
442 5395 518 5465 μὴ
550 5398 630 5459 εἰς
685 5398 992 5464 ἀπόγνωσιν
1046 5396 1284 5467 παντελῆ
1342 5397 1717 5461 καταστάντας

163 5480 462 5555 ὲπιμιγῆναι
520 5490 634 5550 τοῖς
690 5487 865 5540 ἔθνεσι
926 5488 1024 5559 τὴν
1073 5488 1447 5557 αἰχμαλωσίαν
1514 5489 1717 5558 ὑπομε-

167 5576 451 5643 μενηκότας
494 5578 729 5648 ἐκείνην,
764 5579 945 5651 χώραν
972 5580 1029 5632 δὲ
1062 5580 1257 5651 μηκέτι
1290 5580 1427 5648 μήτε
1476 5579 1573 5649 τὴν
1618 5581 1715 5631 ὲπ-

166 5662 331 5721 άνοδον
378 5670 540 5740 ἔχειν,
580 5673 717 5743 μήτε
764 5673 852 5725 τὸν
897 5672 1005 5727 ἀπὸ
1050 5672 1155 5725 τῶν
1188 5671 1389 5725 λοιπῶν
1414 5670 1580 5725 ὲθνῶν
1610 5689 1716 5740 χω-

1824 1571 2166 1640 prophetam,
2201 1569 2267 1623 ad
2294 1585 2454 1639 quem
2496 1570 2999 1641 interpretandum,
3022 1572 3130 1629 Deo
3164 1573 3393 1637 favente,

1821 1677 1969 1717 nunc
2026 1660 2397 1732 aggredimur,
2458 1660 2525 1717 de
2593 1663 2793 1717 futuris
2854 1664 3037 1734 populi
3098 1663 3396 1735 (Hebraei)

1824 1753 2047 1808 casibus
2079 1767 2174 1822 per
2216 1752 2531 1808 universam
2573 1752 2686 1808 fere
2731 1755 3068 1824 prophetiam
3100 1756 3244 1825 loqui
3285 1776 3296 1809 :
3333 1772 3395 1809 ea

1821 1845 2029 1900 scilicet
2074 1845 2326 1909 innuere,
2376 1860 2498 1913 qua:
2541 1845 2719 1913 primo
2762 1846 2831 1899 ab
2872 1846 3113 1915 Assyriis
3155 1861 3398 1916 passura:

1819 1944 1972 1989 erant
2008 1934 2194 1988 decem
2227 1934 2403 1990 tribus
2445 1935 2618 2001 mala;
2651 1946 2761 1991 tum
2792 1937 2954 1990 etiam
2991 1937 3081 1990 illa
3112 1953 3233 2006 quae
3269 1936 3394 1992 liiev

1819 2026 2142 2096 rosolymis,
2173 2023 2436 2096 Judaeque
2471 2027 2678 2092 tribui,
2724 2027 3042 2097 cmterisque
3086 2028 3234 2098 regni
3276 2029 3395 2097 ejus

1820 2116 2070 2186 partibus
2102 2131 2132 2168 a
2159 2115 2475 2186 Babyloniis
2500 2128 2761 2172 eventura
2786 2125 2960 2172 erant.
2997 2118 3070 2172 De
3094 2118 3178 2174 his
3213 2128 3394 2174 autem

1820 2207 1993 2261 rebus
2044 2223 2151 2262 non
2204 2209 2323 2262 sine
2364 2223 2529 2263 causa
2572 2210 2848 2279 prophetae
2888 2211 3049 2264 verba
3098 2210 3393 2275 faciebant,

1818 2296 1913 2350 sed
1969 2297 2096 2366 quia
2163 2296 2307 2352 Deus
2352 2313 2539 2353 curam
2598 2299 2851 2369 eximiam
2908 2300 3090 2369 populi
3152 2301 3392 2370 gerebat,

1820 2396 2110 2458 propterea
2141 2388 2288 2459 quod
2336 2389 2588 2444 Christus
2640 2388 2903 2444 Dominus
2944 2389 3009 2442 ad
3050 2405 3393 2445 communem

1817 2478 2061 2531 omnium
2107 2477 2393 2532 hominum
2440 2478 2801 2548 peragendam
2848 2479 3077 2533 salutem
3119 2494 3219 2534 suo
3258 2488 3394 2533 tem-

1818 2582 1948 2637 pore
1996 2568 2334 2623 adventurus
2384 2574 2517 2621 erat.
2568 2566 2777 2622 Idcirco
2831 2567 3079 2624 Hebraeos
3129 2568 3267 2625 Deus
3324 2572 3394 2623 ah

1816 2654 2054 2711 ethnicis
2090 2656 2403 2725 separavit,
2455 2663 2510 2711 et
2548 2656 2966 2712 circumcisione
3019 2658 3286 2720 distinxit,
3339 2668 3393 2713 et

1818 2747 2092 2815 propriam
2142 2747 2342 2802 habere
2390 2748 2556 2801 voluit
2586 2747 2885 2816 regionem,
2925 2763 3289 2814 seorsumque
3326 2750 3381 2803 in

1754 2820 1793 2873 Β
1823 2835 1953 2891 Sion
1999 2844 2186 2892 monte
2220 2852 2286 2893 ex
2326 2838 2568 2909 legitima
2615 2840 2790 2893 forma
2842 2841 3155 2911 religiosqu
3188 2843 3292 2897 sibi
3324 2844 3392 2896 ab

1820 2930 1901 2984 eis
1934 2930 2137 2984 cultum
2178 2930 2425 2985 exhiberi
2476 2930 2774 2985 mandavit.
2821 2930 2914 2986 Sic
2954 2934 3099 2986 enim
3143 2932 3389 2987 futurum

1819 3026 1971 3083 erat,
2002 3026 2062 3072 ut
2086 3019 2386 3074 secundum
2418 3019 2768 3089 prapheticas
2802 3022 3195 3091 promissiones
3225 3032 3391 3091 atque

1820 3109 1948 3164 olim
1994 3109 2299 3163 ordinatam
2352 3119 2718 3179 congruenter
2762 3111 2847 3165 his
2884 3112 3162 3167 vaticiniis
3206 3113 3389 3181 populi

1820 3201 2367 3266 administrationem,
2404 3201 2658 3257 Christus
2694 3201 2958 3258 Dominus
2992 3204 3047 3257 in
3078 3204 3264 3259 orbem
3296 3220 3389 3258 ve-

1819 3292 1977 3346 niens
2027 3300 2258 3347 cunctos
2323 3293 2580 3347 mortales
2632 3294 2897 3350 certiores
2954 3296 3195 3358 faceret,
3242 3296 3385 3349 haud

1817 3399 1992 3453 nuper
2064 3385 2282 3458 demum
2330 3386 2398 3439 de
2467 3386 2643 3441 salute
2708 3387 2989 3441 hominum
3046 3388 3389 3457 procuranda

1822 3474 1989 3528 Deum
2037 3476 2399 3545 cogitavisse;
2448 3476 2543 3530 sed
2575 3490 2696 3530 cum
2751 3476 3057 3545 antiquitus
3103 3478 3389 3546 longisque

1818 3572 1944 3618 ante
1996 3565 2329 3634 temporibus
2379 3566 2433 3620 id
2482 3567 2620 3634 apud
2668 3581 2755 3630 se,
2811 3575 2945 3621 teste
2989 3567 3147 3622 beato
3195 3566 3385 3631 Paulo,

1818 3654 2099 3709 habuisset
2121 3654 2425 3718 decretum,
2460 3656 2834 3725 segregavisse
2860 3654 2964 3709 sibi
2988 3654 3384 3721 Abrahamum,

1817 3762 1882 3799 ex
1939 3760 2114 3815 eoque
2171 3752 2385 3816 gentem
2428 3746 2751 3811 ,conl‘lasse,
2835 3761 3131 3818 curamque
3197 3747 3385 3817 hujus,

1817 3838 1978 3891 sicuti
2021 3838 2133 3906 jam
2180 3837 2386 3891 dictum
2414 3846 2519 3899 est,
2546 3837 2817 3905 gessisse;
2855 3846 2913 3892 ut
2948 3854 3015 3893 ex
3054 3839 3156 3893 hoc
3197 3849 3387 3909 postea

1816 3944 2012 4000 genere
2036 3930 2285 3983 Christus
2324 3927 2581 3984 Dominus
2628 3930 2925 3984 secundum
2964 3946 3184 3986 carnem
3214 3933 3259 3963 “
3286 3948 3386 4001 pro

1816 4020 2096 4073 communi
2154 4034 2425 4088 apparens
2477 4022 2694 4085 salute,
2763 4019 3052 4075 manifeste
3107 4022 3387 4076 videretur

1818 4112 2116 4166 secundum
2174 4119 2355 4165 vetera
2411 4110 2631 4165 decreta
2690 4112 2755 4165 ad
2812 4111 3204 4181 redemptionis
3245 4127 3386 4183 opus

1816 4207 2048 4261 venisse.

1886 4298 2179 4368 Propterea
2203 4313 2422 4368 quoque
2451 4298 2708 4368 populum
2732 4298 3047 4353 universum
3076 4297 3130 4352 in
3159 4297 3385 4368 captivi-

1816 4400 1983 4444 tatem
2025 4390 2405 4444 abducendum
2452 4392 2669 4445 curavit
2697 4390 2874 4458 ,Deus,
2918 4406 2983 4445 ex
3026 4405 3199 4461 eaque
3233 4404 3386 4444 revo-

1816 4481 2046 4535 candam
2098 4494 2305 4550 partem
2352 4483 2536 4552 p0puli
2595 4496 2755 4551 quam
2809 4482 2927 4549 ipse
2968 4481 3177 4545 voluit,
3222 4478 3383 4549 cujus

1816 4578 2013 4632 deinde
2062 4578 2427 4647 principatum
2466 4578 2572 4647 92
2605 4580 2721 4632 sola
2775 4579 2951 4632 tenuit
2989 4576 3141 4630 Judze
3183 4577 3382 4637 tribus.

1816 4685 1937 4739 quae
1983 4670 2238 4724 universa
2272 4671 2449 4723 reditu
2493 4671 2659 4739 digna
2696 4669 2818 4731 fuit,
2863 4670 3119 4739 quoniam
3165 4684 3228 4722 ex
3267 4670 3385 4737 ipsa

1817 4771 2044 4815 orturus
2070 4770 2188 4814 erat
2210 4776 2333 4815 cum
2357 4776 2522 4815 carne
2543 4762 2798 4815 Christus
2827 4759 3091 4815 Dominus
3123 4779 3134 4814 :
3170 4775 3294 4812 nam
3316 4758 3385 4813 de

1818 4850 2045 4919 reliquis
2094 4851 2344 4904 tribubus
2394 4851 2551 4920 pauci
2596 4865 2625 4905 e
2669 4852 2899 4920 singulis
2945 4851 3246 4905 redierunt.
3292 4849 3386 4903 Sic

1817 4940 1962 4993 enim
2001 4948 2114 4991 tum
2143 4955 2173 4992 e
2222 4939 2558 5007 captivitate,
2606 4949 2716 4991 tum
2753 4955 2783 4993 e
2820 4939 2993 4992 reditu
3036 4940 3136 4993 hac
3171 4938 3384 4993 ratione

1817 5038 2009 5084 curato
2067 5031 2478 5100 patefaciendus
2518 5039 2636 5085 erat
2690 5031 2886 5086 divinm
2927 5034 3076 5086 circa
3125 5032 3387 5101 populum

1819 5124 2183 5179 Providentia:
2218 5139 2437 5192 scopus,
2470 5124 2585 5178 hazc
2615 5127 2798 5178 omnia
2830 5126 3128 5195 satagentis
3164 5130 3388 5193 propter

1820 5218 1946 5271 inde
1992 5226 2276 5271 venturum
2307 5215 2638 5270 universalis
2673 5216 2868 5271 salutis
2913 5226 3191 5269 auctorem
3228 5213 3385 5268 Chri-

1820 5317 1984 5363 stum.
2022 5305 2249 5374 Ergone
2293 5306 2466 5361 Judrei
2511 5308 2880 5377 captivitatem
2932 5307 3078 5358 illam
3120 5304 3385 5374 perpessi,

1821 5415 1916 5469 spe
1949 5401 2097 5453 omni
2131 5398 2402 5469 deposita,
2432 5398 2899 5454 confunderentur
2932 5397 3217 5466 gentibus;
3250 5394 3386 5449 sibi-

1825 5506 1929 5561 que
1951 5492 2202 5560 patriam,
2226 5499 2318 5545 aut
2338 5491 2570 5545 reditum
2600 5490 2666 5543 ad
2689 5490 2858 5553 illam,
2885 5487 3027 5541 haud
3057 5487 3169 5556 jam
3194 5500 3388 5555 supcr-

1824 5598 1947 5637 esse
1982 5583 2301 5647 crederent;
2352 5598 2487 5637 neve
2526 5598 2638 5637 suae
2672 5583 2740 5636 ab
2774 5580 3008 5635 ethnicis
3057 5578 3387 5634 secretionis

1822 5675 2302 5741 obliviscerentur;
2360 5675 2487 5730 olim
2521 5690 2613 5728 ore
2656 5673 3044 5746 prophetarum
3087 5679 3201 5724 tum
3237 5668 3386 5721 lutu-

233 5812 331 5883 (ﬁ)
403 5820 504 5874 ιντο
564 5822 783 5885 λοιπούς
848 5821 1134 5892 legendum
1193 5821 1403 5877 videtur
1459 5818 1784 5891 περιοίκους.
