3860 6564
475 362 584 419 243

1696 366 2040 422 THEODORI

2152 366 2303 426 )PSU
2313 368 2440 422 EST
2449 368 2555 422 ENI
3610 376 3700 431 2“

478 495 596 535 ram
634 479 999 550 captivitatem
1039 477 1365 548 signiﬁcavit
1394 478 1558 544 Deus,
1600 487 1713 535 tum
1756 498 1819 537 ex
1854 482 2042 537 eadem

2152 484 2365 553 ρισμὸν,
2408 483 2609 536 ἀνωθεν
2652 484 2740 537 διὰ
2776 484 2885 537 τῶν
2922 484 3214 556 προφητῶν
3245 484 3343 537 καὶ
3377 482 3479 555 τὴν
3524 487 3701 556 αἰχμα-

478 569 875 641 postliminium
920 577 1028 623 :ut
1075 570 1176 623 hac
1212 585 1309 640 spe
1356 572 1576 636 retenti,
1622 574 1713 627 ubi
1753 573 2045 630 accidisset

475 662 786 733 captivitas,
839 662 1072 717 reditum
1129 670 1546 732 exspectarent,
1596 665 1688 735 qui
1751 682 1938 737 reapse
1979 681 2046 721 eo

479 768 639 824 quem
677 753 915 809 diximus
955 754 1117 809 modo
1152 770 1221 809 ac
1260 756 1689 827 suprascriptam
1723 757 1793 811 ob
1821 772 2045 813 causam

479 843 726 913 contigit.
761 841 1129 908 Quamobrem
1176 844 1307 899 olim
1356 855 1411 901 et
1442 845 1653 915 jamdiu
1691 846 1806 902 haec
1829 862 1858 901 a
1886 848 2047 903 beato

482 932 679 987 Davide
732 933 1106 1003 compluribus
1156 935 1210 989 in
1269 936 1493 1005 psalmis
1549 935 1695 991 dicta
1758 937 1975 993 fuerant
2027 955 2051 999 εΔ

479 1025 880 1094 propinquante
927 1034 1110 1082 autem
1161 1028 1525 1097 gerendarum
1572 1045 1754 1085 rerum
1801 1038 2045 1101 tempore

477 1116 771 1185 prophetas
816 1115 966 1172 misit
1004 1115 1224 1172 divinus
1271 1115 1444 1180 favor,
1488 1134 1635 1175 nunc
1674 1120 1894 1192 quidem
1940 1122 2043 1177 im-

478 1204 770 1274 pendentia
793 1205 862 1261 ab
883 1206 1124 1277 Assyriis
1152 1209 1510 1277 praeinentes
1534 1210 1695 1274 mala,
1717 1227 1842 1266 mox
1865 1221 2042 1268 autem

478 1295 865 1367 Babylonicam
910 1304 1362 1368 superventuram
1417 1297 1620 1355 Iudaeis
1679 1302 2043 1359 calamitatem

480 1387 857 1456 significantes
891 1406 905 1443 :
939 1396 1063 1458 post
1097 1388 1211 1444 haec
1252 1389 1435 1444 omnia
1484 1398 1666 1446 tamen
1716 1392 2046 1462 spondentes

480 1477 751 1543 reditum;
787 1477 1035 1548 nihilque
1058 1493 1270 1546 eorum,
1298 1495 1420 1549 quc
1450 1495 1545 1550 per
1574 1481 1627 1537 id
1662 1491 1877 1553 tempus
1904 1485 2047 1540 scire

480 1568 826 1626 commodum
859 1581 999 1636 erat,
1027 1570 1341 1628 reticentes.
1378 1571 1550 1628 Porro
1578 1587 1765 1630 rerum
1798 1578 2047 1646 superio-

480 1677 603 1717 rum
630 1664 810 1718 exitus
834 1664 1207 1734 prognosticis
1230 1673 1657 1731 consentaneus,
1680 1666 1837 1723 [idem
1875 1666 2044 1725 facie-

478 1752 571 1809 bat
602 1752 719 1808 fore
752 1762 810 1808 ut
836 1762 1027 1825 postea
1058 1769 1277 1826 quoque
1310 1755 1564 1825 pmdicta
1586 1798 1601 1824 ,
1634 1756 1761 1815 sine
1784 1757 1951 1813 dubio
1976 1756 2044 1815 ad

480 1844 723 1901 vaticinii
750 1860 997 1901 normam
1026 1845 1341 1903 evaderent.

549 2028 689 2085 Hinc
724 2029 782 2085 fit
829 2038 889 2085 ut
918 2030 1195 2101 prophetae
1234 2030 1417 2089 cuncti
1450 2039 1504 2087 et
1534 2045 1621 2088 res
1641 2031 1961 2102 Assyriacas
1991 2038 2047 2088 et

486 2120 816 2177 subsecutas
842 2137 969 2178 mox
1013 2122 1373 2193 Babylonicas
1406 2123 1697 2193 loquantur
1733 2138 1896 2181 :nam
1941 2125 2045 2180 etsi

480 2214 568 2269 hac
610 2213 840 2269 diversa:
889 2214 1111 2269 fuerunt
1153 2214 1534 2278 incursiones,
1562 2212 1804 2285 Assyriis
1847 2217 2042 2286 primo,

481 2304 677 2360 deinde
702 2302 1013 2376 Babyloniis
1032 2304 1431 2376 expeditionem
1465 2304 1824 2373 facientibus;
1855 2308 2049 2377 hisque

481 2397 766 2452 eventibus
802 2397 1143 2466 aliquantum
1180 2398 1443 2467 temporis
1489 2398 1721 2467 spatium
1751 2399 2047 2468 interposi—

481 2497 599 2542 tum
630 2486 751 2551 fuit,
783 2488 1142 2545 nihilominus
1176 2504 1281 2543 una
1321 2488 1423 2544 fuit
1468 2489 1796 2545 universalis
1818 2490 2049 2559 captivi-

483 2589 591 2643 tas,
636 2594 764 2635 orsa
804 2579 874 2634 ab
924 2579 1165 2651 Assyriis
1208 2588 1403 2635 contra
1450 2580 1557 2650 93
1600 2582 1785 2635 decem
1830 2581 2044 2646 tribus;

483 2670 729 2726 absoluta
761 2686 889 2727 vero
921 2680 1109 2726 contra
1152 2671 1422 2740 reliquas,
1465 2686 1586 2742 quae
1634 2687 1860 2742 regnum
1895 2671 2047 2726 Judae

483 2763 909 2827 constituebant,
952 2777 981 2818 a
1031 2762 1342 2834 Babyloniis
1375 2763 1528 2818 urbis
1560 2764 2043 2834 expugnatoribus.

484 2852 696 2910 idcirco
747 2854 927 2911 exteri
982 2856 1144 2910 etiam
1204 2856 1482 2925 prophetae
1527 2855 1641 2909 haec
1690 2854 2043 2925 portendunt,

485 2954 646 3017 atque
676 2946 729 3000 in
763 2946 849 3001 his
878 2947 1058 3001 omnis
1096 2962 1285 3003 eorum
1322 2961 1503 3002 sermo
1531 2957 1813 3009 versatur:
1847 2949 1892 3003 si
1921 2964 2050 3018 pau-

484 3050 578 3091 cas
607 3036 811 3106 aliquot
860 3050 952 3091 res
993 3036 1259 3104 excipias,
1292 3050 1468 3105 neque
1518 3050 1548 3089 a
1588 3035 1862 3104 praedictis
1892 3035 2050 3091 valde

478 3116 877 3195 discrepantes,
926 3142 1065 3195 quas
1105 3128 1282 3182 obiter
1327 3127 1715 3197 appinxerunt.
1764 3124 1856 3180 Sic
1918 3126 2117 3205 facitc

483 3216 648 3271 etiam
688 3216 810 3278 hic,
850 3230 1009 3285 quem
1050 3216 1103 3271 in
1140 3216 1394 3271 manibus
1428 3216 1725 3282 habemus,
1757 3216 2044 3286 propheta,

485 3306 578 3376 qui
630 3322 787 3362 suum
834 3321 996 3361 omne
1019 3307 1343 3363 vaticinium
1387 3307 1457 3362 ad
1497 3307 1637 3361 mala
1686 3309 1754 3363 ab
1805 3308 2048 3379 Assyriis

486 3396 909 3469 Babyloniisque
933 3396 1119 3452 lsraeli
1156 3396 1418 3468 Judaeque
1447 3398 1726 3454 inferenda
1759 3398 2049 3453 manifeste

485 3487 758 3541 convertit
802 3505 814 3540 :
853 3487 926 3543 ita
955 3496 1135 3542 tamen
1174 3496 1234 3542 ut
1266 3488 1506 3544 breviter
1536 3491 1685 3543 circa
1726 3490 2048 3558 prominium

486 3576 731 3646 quaedam
767 3577 926 3631 etiam
971 3577 1170 3633 damna
1215 3589 1639 3643 commemoret,
1677 3596 1799 3651 qua:
1830 3595 1859 3633 a
1892 3580 2052 3635 ﬁniti-

488 3670 588 3721 mis
615 3668 830 3738 populis
861 3669 963 3724 sub
991 3670 1132 3724 idem
1182 3678 1397 3739 tempus
1427 3671 1642 3740 passuri
1682 3679 1841 3726 erant
1879 3672 2052 3727 Israe-

488 3761 613 3814 litaz.
690 3759 782 3815 Sic
832 3770 1011 3815 autem
1072 3761 1216 3815 Deus
1287 3761 1696 3817 demonstrabat
1729 3801 1744 3823 ,
1794 3762 1936 3817 haud
1992 3778 2052 3819 se

487 3851 804 3910 crudelitate
834 3854 1015 3924 aliqua
1059 3856 1143 3909 vel
1178 3855 1391 3909 incuria
1425 3856 1506 3909 vel
1540 3856 1753 3911 consilii
1802 3856 2053 3910 volubili-

488 3955 598 4001 tate
630 3948 889 4017 populum
929 3946 1219 4017 Assyriaca
1259 3961 1322 4001 ac
1365 3945 1695 4018 Babylonica
1743 3948 2053 4005 calamitate

488 4038 861 4109 implicuisse;
908 4039 1002 4094 sed
1053 4039 1181 4108 quia
1219 4038 1366 4093 hunc
1404 4040 1756 4096 asceleribus
1794 4056 2053 4096 revocare

488 4129 741 4185 studebat
780 4148 794 4183 :
826 4128 1266 4199 quandoquidem
1299 4130 1463 4185 etiam
1490 4131 1771 4197 ﬁnitimos,
1802 4133 1895 4200 qui
1925 4131 2053 4186 huic

486 4223 687 4290 populo
743 4222 927 4291 injurii
980 4223 1244 4286 fuerant,
1316 4225 1509 4279 eodem
1572 4232 1815 4293 tempore
1878 4240 2053 4294 poenae

488 4312 722 4380 subjecit
754 4330 768 4367 :
802 4313 857 4368 in
897 4329 1036 4382 quos
1081 4314 1502 4385 haudquaquam
1551 4315 2050 4378 animadvertisset,

490 4406 596 4460 nisi
615 4405 871 4475 populum
895 4421 1052 4463 suum
1082 4406 1303 4476 plurimi
1339 4408 1560 4462 faceret.
1583 4406 1763 4473 Quare
1806 4406 1951 4463 Deus
1990 4408 2045 4461 in

489 4498 832 4569 peccantium
881 4496 1150 4566 supplicio
1194 4499 1436 4553 declarat
1471 4514 1625 4554 suam
1676 4513 1804 4568 erga
1851 4498 2056 4553 electos

490 4606 701 4652 curam,
749 4589 949 4659 quibus
993 4589 1180 4659 plagas
1234 4590 1463 4660 imponit
1517 4590 1659 4645 haud
1705 4589 1915 4646 smvitia
1970 4589 2054 4644 vel

489 4690 805 4752 contemptu
836 4682 921 4736 vel
945 4680 1074 4736 odio
1108 4681 1492 4738 exstimulatus
1515 4724 1529 4745 ,
1574 4682 1667 4737 sed
1702 4681 2056 4751 providentia:

490 4787 659 4827 causa
688 4781 742 4826 et
765 4770 1045 4827 erudiendi
1085 4771 1521 4842 emendandique
1551 4772 1734 4827 studio
1753 4812 1767 4837 ,
1804 4778 1968 4840 atque
1998 4781 2057 4824 ut

491 4862 561 4918 ad
596 4862 806 4934 frugem
842 4861 1122 4919 meliorem
1168 4871 1405 4919 revocet.
1447 4862 1561 4920 Hoc
1593 4872 1676 4920 est
1722 4862 1890 4934 igitur
1932 4863 2055 4919 libri

489 4964 891 5025 argumentum.

560 5138 739 5207 Atque
776 5136 850 5191 ita
885 5138 1067 5193 omnia
1098 5153 1219 5209 qua:
1246 5136 1313 5191 ad
1343 5139 1604 5209 populum
1639 5149 1892 5209 spectant
1918 5142 2059 5196 dixit

490 5230 776 5299 propheta,
816 5238 871 5285 et
913 5229 1150 5285 breviter
1187 5229 1352 5285 etiam
1393 5230 1741 5301 signiﬁcavit,
1794 5233 2053 5304 quidnam

490 5320 701 5376 adversi
748 5320 1011 5390 proximis
1051 5321 1169 5375 urbi
1226 5322 1441 5391 populis
1475 5323 1757 5393 Babylonii
1812 5325 2058 5394 apprime

492 5411 799 5480 imposituri
830 5411 1020 5467 eadem
1047 5414 1343 5467 occasione
1366 5422 1574 5476 essent,
1591 5422 1814 5484 propter
1838 5415 2055 5468 illorum

489 5513 615 5566 erga
647 5500 849 5555 electos
892 5500 1153 5570 injurias;
1192 5502 1352 5571 cujus
1389 5503 1467 5558 rei
1503 5503 1616 5573 jam
1659 5519 1879 5559 causam
1913 5503 2058 5558 dixi-

492 5604 633 5643 mus.
667 5591 785 5644 Edit
815 5599 995 5646 autem
1029 5593 1347 5648 vaticinium
1366 5594 1508 5649 haud
1528 5593 1925 5664 Hierosolymis
1957 5593 2052 5648 sed

492 5681 546 5735 in
596 5680 936 5735 ethnicorum
990 5670 1162 5748 locis,
1221 5686 1367 5740 circa
1432 5685 1565 5740 fines
1626 5685 1844 5742 lsraelis
1889 5700 2057 5754 prope

493 5770 730 5826 Bethelis
753 5770 962 5838 fanum,
986 5791 997 5826 ι
1023 5775 1074 5829 bi
1100 5776 1306 5832 hostias
1334 5776 1493 5832 idolis
1518 5777 1777 5833 lsraelitae
1807 5777 2050 5832 litabant.

2145 573 2345 627 λωσίαν
2366 574 2629 644 ἐσομένην
2651 577 2849 645 ἐμήνυε
2870 575 2962 627 καὶ
2981 576 3079 646 τὴν
3110 575 3370 628 ἐπάνοδον
3398 576 3486 627 ἐπ’
3507 576 3697 649 ἐκείνῃι

2146 666 2233 718 ἵνα
2259 668 2379 728 ταῖς
2422 666 2601 718 ἐλπίσι
2640 666 2995 737 κρατούμενοι
3034 665 3275 729 ταύταις,
3309 667 3412 719 καὶ
3446 667 3579 735 μετά
3616 670 3701 739 τὴν

2147 755 2431 826 συμϐᾶσαν
2481 756 2853 828 αἰχμαλωσίαν
2885 756 2980 828 τὴν
3032 757 3282 811 ἐπάνοδον
3338 757 3697 827 ἀναμένωσινο

2144 844 2289 916 ἥπερ
2330 840 2423 899 οὖν
2466 846 2559 898 καὶ
2588 845 2776 913 γέγονε
2804 845 2926 898 καθ’
2951 845 3010 899 ὃν
3039 845 3246 917 ἔφαμέν
3269 864 3333 900 τε
3364 848 3586 918 τρόπον,
3622 852 3699 903 καὶ

2147 932 2285 1004 ὑπὲρ
2310 927 2378 1003 ἧς
2403 934 2699 1004 εἰρήκαμεν
2723 934 2921 998 αἰτίας.
2954 937 3030 1006 (p.
3069 935 3191 1005 MU)
3223 935 3325 988 Διὰ
3357 936 3526 989 τοῦτο
3556 939 3699 992 πάλαι

2148 1024 2247 1094 μὲν
2278 1026 2373 1078 καὶ
2405 1024 2678 1095 πρόπαλαι
2702 1024 2778 1095 τῷ
2822 1026 3075 1097 μακαρίῳ
3106 1026 3263 1079 Δαυῒδ
3312 1026 3508 1098 εἴρητο
3550 1029 3700 1083 ταῦτα

2144 1114 2232 1168 διά
2275 1114 2483 1171 πολλῶν
2524 1114 2633 1168 τῶν
2675 1114 2939 1185 ψαλμῶνο
2968 1116 3273 1185 ἐγγίζοντος
3297 1118 3361 1169 δέ
3386 1118 3485 1171 τοῦ
3528 1120 3699 1190 καιροῦ

2144 1207 2254 1261 τῶν
2292 1208 2650 1280 πραγμάτων,
2698 1209 2822 1271 τοὺς
2870 1209 3154 1279 προφήτας
3202 1209 3477 1274 ἀνέδειξεν
3526 1212 3558 1281 ὴ
3602 1212 3701 1266 θεία

2145 1299 2322 1369 χάρις,
2357 1300 2450 1352 νῦν
2482 1299 2582 1369 μὲν
2614 1298 2891 1367 ἐφεστῶτα
2922 1300 3029 1352 τῶν
3070 1301 3375 1371 Ἀσσυρίων
3416 1303 3699 1372 μηνύοντας

2144 1389 2213 1442 τά
2243 1389 2407 1453 κακά,
2440 1385 2593 1452 αὖθις
2620 1389 2676 1443 δέ
2702 1391 2787 1442 ἐπ’
2809 1389 3047 1453 ἐκείνους
3072 1389 3139 1442 τά
3171 1390 3325 1461 παρά
3364 1392 3700 1447 Βαϐυλωνίων

2145 1480 2379 1550 ἐσόμενα
2412 1480 2702 1552 δηλοῦντας
2724 1498 2738 1512 ·
2771 1481 2856 1550 ἐφ’
2884 1480 3056 1535 ἅπασί
3096 1498 3157 1533 τε
3196 1481 3461 1550 λέγοντας
3490 1483 3585 1553 τὴν
3615 1486 3700 1537 ἐπ-

2146 1569 2349 1633 άνοδον,
2383 1569 2546 1642 ἕτερά
2571 1588 2632 1627 τε
2667 1571 2837 1627 ὁπόσα
2865 1570 2973 1625 τῶν
2996 1571 3136 1625 κατά
3160 1574 3249 1627 τὸν
3278 1574 3479 1645 καιρὸν
3519 1577 3701 1629 ἐκεῖνον

2145 1663 2443 1731 γεγονότων
2487 1663 2783 1734 μηνύεσθαι
2812 1664 3086 1736 προσῆκον
3127 1661 3229 1737 ἦν’
3279 1666 3410 1719 ἐπεὶ
3462 1667 3519 1720 δὲ
3545 1671 3575 1739 ἠ
3602 1668 3691 1721 τῶν

2146 1753 2426 1824 προτέρων
2470 1753 2693 1818 ἔκϐασις
2738 1754 3043 1819 ἀκολούθως
3082 1758 3201 1819 ταῖς
3247 1758 3591 1827 προρρήσεσι
3630 1775 3701 1826 γι-

2147 1845 2406 1916 γνομένη,
2458 1846 2641 1910 πίστις
2681 1842 2748 1916 ἦν
2778 1847 2886 1901 τῶν
2919 1847 3054 1917 μετὰ
3083 1846 3257 1900 ταῦτα
3304 1851 3697 1921 προειρημένων

2146 1955 2226 2001 τε,
2260 1937 2402 1991 κατὰ
2423 1937 2522 2009 τὴν
2560 1939 2858 2010 πρόρρησιν
2885 1938 2960 2001 ὡς
3001 1937 3148 2001 εἰκὸς
3176 1939 3476 2009 ἐσομένων.

2229 2027 2509 2083 Ἐντεῦθεν
2540 2029 2775 2090 ἅπαντες
2816 2030 2885 2082 τά
2928 2045 2988 2082 τε
3032 2028 3182 2098 παρά
3224 2028 3339 2083 τῶν
3366 2029 3697 2085 Βαϐυλωνίων

2146 2120 2404 2187 γεγονότα
2468 2119 2661 2189 φασίνο
2707 2120 2892 2189 ἐπειδὴ
2956 2120 3061 2173 κᾶν
3129 2122 3177 2171 εί
3237 2119 3573 2192 διῃρημένας
3615 2120 3698 2180 τὰς

2148 2210 2367 2279 ἐφόδους
2407 2211 2608 2273 ταύτας
2655 2211 2980 2281 γεγενῆσθαι
3030 2211 3252 2283 συνέϐη,
3300 2213 3569 2283 πρότερον
3614 2211 3695 2281 μὲν

2160 2304 2458 2376 Ἀσσυρίων
2510 2304 2934 2376 ἐπεληλυθότων,
2968 2303 3324 2358 Βαϐυλωνίων
3368 2305 3428 2358 δὲ
3476 2304 3694 2374 ὕστερον,

2146 2397 2253 2450 τῶν
2275 2414 2333 2451 τε
2362 2397 2699 2468 πραγμάτων
2722 2398 2910 2467 καιρός
2938 2414 3019 2460 τις
3044 2399 3266 2465 γέγονεν
3294 2398 3354 2450 ἐν
3384 2396 3555 2467 μέσῳ,
3580 2393 3696 2447 ἀλλά

2155 2488 2256 2558 μία
2302 2505 2365 2557 γε
2414 2483 2539 2558 ἧνὴ
2577 2488 2839 2558 παντελὴς
2871 2488 3236 2558 αίχμαλωσία,
3297 2488 3581 2559 ἀρξαμένη
3614 2485 3697 2555 μὲν

2146 2578 2253 2631 ἀπὸ
2276 2577 2384 2631 τῶν
2426 2579 2723 2650 Ἀσσυρίων
2756 2579 2884 2650 περὶ
2931 2579 3030 2642 τὰς
3076 2578 3205 2633 δέκα
3240 2578 3440 2647 φυλὰς,
3480 2594 3693 2649 περαιω-

2148 2668 2300 2723 θεῖσα
2329 2670 2385 2724 δὲ
2420 2672 2548 2743 περὶ
2578 2671 2677 2734 τὰς
2707 2671 3047 2736 ὑπολοίπους,
3087 2672 3144 2725 αϊ
3187 2672 3287 2742 τῆς
3349 2672 3522 2725 Ἰούδα
3566 2670 3695 2740 βασι-

2147 2761 2295 2827 λείας
2339 2762 2657 2834 ἐτύγχανον,
2708 2764 2799 2817 ἐπὶ
2849 2766 2947 2835 τῆς
2976 2764 3333 2818 Βαϐυλωνίων
3382 2762 3688 2834 πολιορκίας.

2149 2854 2347 2908 Τούτου
2383 2856 2480 2925 μὲν
2509 2850 2601 2909 οὖν
2650 2855 2835 2909 ἕνεκεν
2867 2856 2993 2908 οἵτε
3022 2855 3197 2908 λοιποὶ
3224 2854 3403 2909 ταῦτα
3433 2853 3690 2925 μηνύουσι,

2150 2945 2242 2997 καὶ
2273 2947 2399 3014 περὶ
2428 2943 2600 2997 ταῦτα
2636 2943 2734 3015 τὴν
2763 2946 2939 2997 πᾶσαν
2970 2938 3116 3014 εἶχον
3146 2942 3240 2996 τοῦ
3287 2943 3448 3011 λόγου
3493 2941 3691 3010 σχολήν⁸

2152 3035 2225 3101 (p.
2264 3034 2383 3099 Ml)
2424 3033 2561 3103 πλὴν
2591 3034 2689 3086 ὅσα
2738 3031 2939 3104 βραχέα
2984 3032 3044 3084 οὐ
3092 3031 3222 3083 πολύ
3261 3048 3326 3098 γε
3365 3031 3566 3083 τούτων
3606 3028 3690 3080 ἀπ-

2150 3124 2467 3193 εσπασμένα
2503 3123 2891 3194 προσετίθεσαν
2922 3124 3035 3185 τοῖς
3065 3122 3377 3192 λεγομένοις
3399 3138 3413 3152 ο
3452 3120 3689 3188 πεποίηκε

2149 3214 2205 3267 δέ
2249 3232 2300 3266 τι
2329 3215 2538 3269 τοιοῦτο
2564 3216 2657 3269 καὶ
2689 3218 2718 3269 ό
2751 3213 2938 3285 παρὼν
2970 3215 3275 3284 προφήτης,
3318 3212 3419 3283 τὴν
3457 3211 3550 3281 μὲν
3580 3224 3693 3279 προσ

2150 3306 2376 3374 φητείαν
2406 3307 2619 3359 ἃπασαν
2652 3308 2708 3359 ἐν
2740 3309 2851 3369 τοῖς
2879 3304 3006 3376 περί
3036 3321 3094 3357 τε
3122 3304 3213 3357 τὸν
3255 3302 3475 3373 Ἰσραὴλ
3502 3300 3589 3354 καὶ
3617 3299 3692 3351 τὸν

2164 3396 2359 3450 Ἰούδαν
2405 3397 2682 3468 ἐσομένοις
2712 3397 2863 3466 παρά
2893 3414 2953 3450 τε
2993 3397 3288 3468 Ἀσσυρίων
3318 3398 3420 3449 καὶ
3465 3395 3692 3449 Βαϐυλω·

2150 3488 2277 3542 νίων
2316 3488 2680 3559 πεποιημένος
2707 3487 2984 3559 προδήλως
3006 3506 3018 3518 ⁸
3049 3489 3107 3541 ἐν
3136 3488 3363 3559 βραχέσι
3408 3489 3466 3543 δὲ
3493 3486 3622 3541 κατά
3644 3484 3693 3536 τὸ

2152 3581 2432 3652 προοίμιον
2466 3580 2818 3652 ἐπιμνησθεὶς
2856 3582 2950 3634 καὶ
2991 3581 3098 3635 τῶν
3125 3582 3225 3634 ὅσα
3252 3583 3385 3653 περί
3416 3583 3533 3644 τοὺς
3561 3594 3691 3650 περι-

2151 3671 2326 3733 οίκους
2364 3669 2561 3741 πολλὴν
2588 3672 2700 3733 τοῖς
2751 3668 3104 3740 Ἰσραηλίταις
3132 3668 3230 3739 τὴν
3262 3671 3544 3741 ἐπήρειαν,
3574 3663 3692 3718 κατά

2150 3763 2243 3816 τὸν
2274 3763 2433 3816 αὑτὸν
2468 3763 2699 3834 ἤμελλεν
2744 3761 3020 3831 γίγνεσθαι
3054 3761 3241 3832 καιρόν
3265 3777 3279 3791 ο
3331 3761 3413 3824 ὡς
3456 3760 3519 3813 ἂν
3561 3756 3691 3826 δῆλον

2153 3854 2449 3924 ποιήσειεν,
2490 3855 2572 3907 ὅτι
2608 3854 2707 3907 οὐκ
2741 3851 2954 3922 ἀφειδίᾳ
2977 3852 3083 3905 τινί
3112 3852 3205 3905 καὶ
3248 3851 3479 3923 ἀμελείᾳ
3504 3849 3591 3903 καὶ
3616 3861 3693 3915 με·

2151 3944 2349 4016 ταϐολῇ
2400 3945 2622 4015 γνώμης
2668 3947 2789 4007 ταῖς
2837 3962 2895 3997 τε
2952 3944 3060 3998 τῶν
3112 3945 3415 4016 Ἀσσυρίων
3460 3942 3549 3996 καὶ
3589 3939 3690 3998 ταῖς

2152 4039 2303 4097 tibi»
2322 4037 2672 4091 Βαϐυλωνίων
2723 4037 2984 4093 ἐκδέδωκε
3049 4039 3351 4107 συμφοραῖς
3409 4035 3498 4089 τὸν
3566 4030 3688 4089 λαὸν,

2154 4131 2637 4203 ἐπανορθώσασθαι
2664 4130 2719 4182 δὲ
2750 4129 2927 4183 αὐτῶν
2951 4130 3048 4193 τὰς
3075 4129 3328 4192 ἀσεϐείας
3363 4127 3686 4200 βουλόμενος’

2154 4228 2213 4289 ὃς
2237 4240 2300 4293 γε
2334 4224 2426 4275 καὶ
2452 4221 2558 4275 τῶν
2580 4222 2867 4294 περιοίκων
2899 4222 3023 4284 τοὺς
3073 4221 3462 4293 ἡμαρτηκότας
3503 4220 3577 4281 είς
3612 4213 3689 4267 αύ-

2156 4318 2281 4379 τοῦς
2316 4313 2457 4369 κατά
2502 4314 2593 4365 τὸν
2640 4313 2799 4366 αὑτὸν
2833 4313 3210 4384 ἐτιμωρήσατο
3254 4312 3477 4383 χρόνον⁹
3524 4308 3612 4361 οὐκ
3635 4304 3688 4357 ἀν

2158 4423 2289 4459 ποτε
2315 4406 2469 4468 δίκας
2507 4404 2647 4474 ὑπὲρ
2673 4403 2876 4456 τούτων
2906 4403 3337 4474 εἰσπραξάμενος
3378 4402 3623 4460 ἐκείνους,
3651 4394 3690 4445 εἰ

2091 4482 2131 4535 ί)
2161 4497 2236 4568 μὴ
2272 4496 2520 4549 πλεῖστόν
2553 4512 2673 4547 τινα
2701 4493 2905 4548 τούτων
2952 4495 3187 4547 ἐποιεῖτο
3230 4495 3321 4547 τὸν
3369 4495 3551 4562 λόγον·
3593 4486 3690 4542 ἀλλ’

2157 4591 2215 4643 ἐν
2256 4589 2353 4659 μὲν
2377 4592 2442 4659 τῇ
2466 4586 2573 4640 τῶν
2603 4586 2936 4656 ἠδικηκότων
2957 4586 3196 4657 τιμωρία
3224 4587 3320 4657 τὴν
3347 4585 3474 4656 περὶ
3500 4580 3689 4637 τούτους

2156 4682 2365 4735 ἐδείκνυ
2390 4677 2711 4748 κηδεμονίαν
2730 4693 2743 4707 ·
2779 4676 2847 4730 τὰ
2875 4676 2932 4730 δὲ
2955 4677 3082 4748 περὶ
3109 4676 3328 4739 τούτους
3357 4675 3546 4736 αὐτοὺς
3571 4665 3689 4724 κακά

2156 4772 2311 4843 δῆλος
2340 4771 2563 4839 γέγονεν
2593 4767 2811 4835 ἐπάγων
2849 4767 2949 4820 οὐκ
2979 4767 3195 4838 ἀφειδίᾳ
3225 4783 3283 4818 τε
3332 4766 3425 4819 καὶ
3455 4755 3690 4831 ὑπεροψίᾳ

2159 4863 2252 4918 καὶ
2295 4862 2462 4931 μίσει,
2497 4858 2609 4912 ἀλλ’
2657 4858 2945 4928 ἐπιμελείᾳ
2994 4874 3054 4911 τε
3097 4858 3191 4910 καὶ
3225 4850 3574 4926 σωφρονισμῷ
3611 4843 3689 4898 καὶ

2156 4950 2437 5024 διορθώσει
2478 4950 2572 5003 καὶ
2622 4953 2688 5021 τῇ
2739 4951 2831 5002 ἐπὶ
2868 4949 2931 5003 τὸ
2986 4950 3229 5019 κρεῖττον
3277 4942 3620 5012 ἐπαναγωγῇ·
3658 4934 3685 5001 ἡ

2162 5045 2258 5115 μὲν
2287 5039 2378 5097 οὗν
2407 5040 2661 5102 ὑπόθεσις
2693 5040 2831 5108 αὕτη
2867 5039 2961 5094 τοῦ
2990 5038 3213 5109 βιϐλίου.

2229 5138 2307 5207 (p.
2341 5136 2462 5207 142)
2488 5134 2647 5190 Οὕτω
2674 5135 2771 5205 μὲν
2802 5134 3016 5187 ἅπαντα
3044 5132 3112 5187 τά
3146 5132 3272 5201 περὶ
3303 5129 3395 5183 τὸν
3418 5126 3535 5181 λαὸν
3563 5120 3689 5207 είρηξ

2159 5202 2314 5290 κότος
2336 5226 2427 5280 τοῦ
2445 5202 2763 5296 προφήτου,
2792 5225 2851 5277 ἐν
2873 5224 3073 5293 ὀλίγοις
3105 5222 3161 5275 δέ
3190 5221 3479 5292 μηνύοντος
3508 5214 3542 5268 a
3570 5202 3689 5296 κατά

2156 5318 2248 5371 τὸν
2280 5318 2470 5387 καιρὸν
2492 5293 2593 5370 καί
2613 5293 2845 5385 μάλιστα
2880 5314 3030 5386 παρά
3066 5313 3172 5366 τῶν
3202 5308 3543 5365 Βαϐυλωνίων
3582 5293 3687 5387 περῖ

2157 5413 2283 5474 τοὺς
2331 5386 2713 5477 ἀστυγείτονας
2758 5407 2959 5477 ἡμελλε
3011 5404 3311 5473 γίγνεσθαι,
3341 5401 3477 5471 ὺπέρ
3518 5387 3584 5447 ὧν
3621 5386 3687 5477 είς

2157 5501 2354 5563 αὐτοὺς
2379 5476 2935 5570 πεπλημμελήκεσαν,
2963 5495 3025 5548 δι’
3046 5496 3111 5564 ἢν
3138 5494 3272 5564 ἔφην
3314 5491 3518 5583 αἰτίαν’
3547 5476 3686 5583 “Off:

2157 5610 2246 5646 ται
2274 5591 2331 5645 δὲ
2368 5591 2462 5644 καί⁹
2613 5565 2955 5660 ’προίρητείαν
2976 5585 3076 5639 οὐκ
3113 5586 3172 5638 ἐν
3210 5579 3568 5653 Ἰερουσαλὴμ.
3592 5565 3673 5660 ἀλλ

2160 5685 2218 5735 ἐν
2245 5686 2357 5746 τοῖς
2390 5683 2498 5736 τῶν
2544 5656 2713 5735 ἐθνών
2743 5656 2935 5741 τόποις
2980 5676 3206 5746 πλησίον
3249 5674 3342 5727 τοῦ
3398 5663 3593 5756 Ἰσραὴξ
3637 5656 3685 5756 εί

2162 5771 2361 5843 Βαιθήλ
2391 5788 2445 5825 τε
2476 5770 2551 5841 τῷ
2600 5768 2749 5841 ἱερῷ,
2785 5767 2910 5821 ἔνθα
2943 5766 3008 5839 δὴ
3030 5767 3142 5829 τοῖς
3172 5762 3404 5823 εἰδώλοις
3440 5748 3685 5811 ἐπετέλουν
