3954 6510
249 392 342 446 255

1275 394 1904 467 COMMENTARIUSIN
1940 398 2148 454 AMOSI
2176 399 2329 457 CAP.
2360 400 2399 456 I.

3363 402 3469 462 246

250 504 403 562 οίτοῦ
451 506 667 578 Ἰσραὴλ
716 508 815 573 τὰς
862 510 1085 575 θυσίας·
1127 515 1184 565 ὲν
1230 513 1328 584 μὲν
1356 515 1463 587 γὰρ
1492 518 1557 585 τῇ
1613 515 1808 586 Ἰερου-

1915 515 2043 570 Nam
2080 518 2126 571 si
2162 517 2551 589 Hierosolymis
2592 518 2924 574 vaticinatus
2958 527 3121 584 esset,
3165 533 3251 574 res
3290 534 3468 591 neque

252 600 415 669 σαλὴμ
446 601 823 670 προφητεύων,
858 603 957 656 οὐκ
983 602 1050 656 ἂν
1096 605 1313 672 ἐγένετο
1342 606 1517 676 δῆλος,
1559 604 1685 659 οὔτε
1724 606 1800 677 τῷ

260 690 459 761 Ἰσραὴλ
514 691 634 744 οὔτε
688 695 794 756 τοῖς
846 693 1050 755 λοιποῖς
1095 695 1327 761 ἔθνεσιν,
1370 698 1458 767 ἐφ’
1485 692 1566 761 οἷς
1597 698 1799 769 ἤμελλε

248 781 412 849 λέγειν
454 782 582 853 περὶ
638 784 847 837 αὐτῶν·
888 786 1008 839 ἐπεὶ
1057 787 1189 858 μηδὲ
1232 788 1530 843 ἐπιϐαίνειν
1571 792 1669 860 τῆς
1706 789 1801 842 Ἱε-

251 873 514 947 ρουσαλὴμ
542 876 783 946 ἠνείχετό
812 895 893 942 τις
931 878 1152 933 ἐκείνων
1172 896 1183 909 ⁸
1216 881 1274 934 ὲν
1310 880 1365 933 δὲ
1397 882 1510 945 τοῖς
1555 883 1801 953 προρρη-

250 966 372 1018 θεῖσι
410 966 595 1029 τόποις
629 968 728 1038 τὴν
766 971 1100 1041 προφητείαν
1119 970 1457 1041 ποιούμενος,
1493 972 1802 1041 ἀναγκαίως

248 1056 430 1126 καὶτῷ
480 1057 691 1129 Ἰσραὴλ
710 1062 1025 1133 καταφανὴς
1051 1057 1118 1133 ἦν
1151 1062 1245 1114 καλ⁵
1275 1063 1390 1124 τοῖς
1419 1061 1627 1116 ἔθνεσιν
1656 1061 1712 1115 οἶ
1736 1078 1801 1131 γε

248 1147 463 1218 πλησίον
489 1144 625 1220 ἦσαν
647 1169 660 1181 -
692 1153 787 1205 καὶ
822 1152 1076 1216 πολλάκις
1116 1154 1180 1206 ὲκ
1215 1153 1315 1223 τῆς
1352 1154 1480 1225 περί
1516 1152 1585 1207 τὰ
1610 1152 1802 1206 εἴδωλα

248 1236 534 1308 θεραπείας
577 1238 934 1309 ἐπεμίγνυντο
984 1241 1262 1313 ἀλλήλοις·
1313 1242 1389 1306 ὡς
1436 1242 1502 1296 ἂν
1542 1242 1799 1305 ἅπαντες,

248 1328 365 1399 περὶ
389 1324 458 1382 ὧν
483 1332 606 1395 τοὺς
637 1332 825 1401 λόγους
845 1334 1094 1399 ἐποιεῖτο,
1125 1334 1311 1387 εἰδεῖέν
1338 1351 1398 1387 τε
1432 1332 1503 1387 τὰ
1545 1334 1673 1405 περὶ¹
1706 1332 1805 1386 αὑ-

244 1422 344 1474 τῶν
390 1423 673 1493 λεγόμενα,
718 1426 811 1478 καὶ
848 1427 955 1497 πρὸ
999 1427 1107 1480 τῶν
1144 1428 1487 1499 πραγμάτων
1523 1424 1803 1494 δεξάμενοι

1906 608 2093 663 lsraeli
2121 609 2478 676 innotuisset,
2508 626 2685 681 neque
2724 610 2939 680 papulis
2967 609 3214 679 reliquis,
3241 609 3308 664 de
3346 612 3470 680 qui-

1905 697 2009 752 bus
2029 706 2148 753 erat
2172 700 2334 755 verba
2355 699 2600 756 facturus
2624 719 2637 759 :
2660 716 2891 771 quorum
2914 716 3073 755 nemo
3097 699 3467 771 Hierosolyma

1908 791 2175 847 ventitare
2221 793 2428 848 solebat
2466 813 2478 848 :
2520 794 2630 865 95.
2667 795 2943 865 prmdictis
2986 802 3178 848 contra
3229 793 3281 847 in
3335 793 3470 847 locis

1909 881 2254 947 vaticinans,
2306 887 2618 941 necessario
2670 896 2783 940 tum
2832 884 3015 941 Israeli
3064 895 3176 939 tum
3225 884 3466 937 ﬁnitimis

1907 973 2142 1028 ethnicis
2190 976 2583 1041 innotescebat,
2640 977 2731 1047 qui
2765 992 2906 1046 saepe
2943 977 3012 1030 ob
3046 976 3313 1031 idolorum
3354 976 3468 1029 eul-

1908 1070 2023 1115 tum
2072 1063 2302 1120 invicem
2348 1066 2785 1137 frequentabant.
2843 1066 2935 1121 Sic
2988 1067 3193 1128 cuncti,
3239 1080 3467 1136 quorum

1908 1167 2079 1208 causa
2113 1170 2395 1211 sermones
2433 1160 2671 1219 serebat,
2695 1167 2748 1214 et
2779 1173 2841 1213 ea
2880 1172 3000 1228 quae
3030 1158 3097 1211 de
3127 1174 3186 1213 se
3220 1157 3473 1211 diceban-

1910 1256 2000 1300 tur
2031 1248 2375 1319 resciebant;
2409 1254 2735 1324 cognitoque
2769 1260 2894 1307 ante
2924 1267 3013 1307 res
3042 1250 3309 1321 gerendas
3334 1250 3465 1303 vati-

1909 1338 2075 1403 cinio,
2130 1355 2363 1412 moxque
2391 1343 2512 1398 viso
2559 1345 2731 1407 exitu,
2771 1342 3064 1397 firmiorem
3107 1339 3263 1394 [idem
3306 1338 3474 1409 inspi-

1911 1431 2055 1484 ranti
2089 1435 2384 1505 prophetas
2408 1436 2607 1491 divina:
2632 1438 2819 1506 gratia:
2849 1432 3144 1489 adhibituri
3175 1439 3352 1487 erant.

244 1513 335 1583 τὴν
378 1513 731 1582 προφητείαν,
756 1514 985 1583 ἐγγύθεν
1023 1532 1081 1567 τε
1130 1514 1328 1577 ἰδόντες
1364 1514 1463 1585 τὴν
1511 1513 1754 1579 ἔκϐασιν,
1801 1511 2019 1584 μείζονα
2062 1522 2160 1592 τὴν
2204 1523 2386 1578 πίστιν
2414 1524 2587 1596 ἔχοιεν
2623 1528 2723 1597 τῆς
2754 1524 3078 1597 ἐνεργούσης
3109 1524 3167 1577 ὲν
3201 1524 3311 1586 τοῖς
3344 1537 3476 1592 προ’

248 1609 434 1679 φήταις
466 1609 685 1681 χάριτος
714 1609 882 1672 θείας.

312 1756 383 1809 Τὸ
408 1754 588 1825 μέντοι
608 1771 670 1821 γε
693 1753 844 1823 παρά
861 1771 1019 1807 τινων
1050 1753 1359 1825 λεγόμενον,
1380 1755 1461 1808 ὅτι
1509 1752 1600 1814 ’οζ
1607 1750 1689 1803 ίαν
1710 1747 1800 1801 τὸν

1972 1751 2087 1820 Age
2133 1768 2260 1808 vero
2303 1753 2449 1824 quod
2494 1754 2649 1808 aiunt
2698 1754 2971 1817 nonnulli,
3006 1752 3191 1810 Oziam
3225 1768 3403 1824 regem
3442 1770 3473 1809 a

256 1848 463 1914 iactléa.
490 1848 591 1900 οὐκ
613 1846 842 1917 ἤλεγξαν
864 1848 913 1899 οἰ
949 1847 1223 1917 προφῆται
1254 1846 1365 1909 τοῖς
1386 1844 1486 1914 τῆς
1506 1841 1805 1915 ἱερωσύνης

1915 1841 2187 1911 prophetis
2237 1844 2625 1913 reprehensum
2668 1858 2775 1898 non
2828 1844 2998 1901 fuisse
3028 1860 3153 1899 cum
3184 1844 3473 1899 sacerdotii

262 1939 425 2007 ἑογοις
451 1936 853 2009 ἐπιχειροῦντα,
876 1937 1075 1991 xui-6th
1096 1936 1298 2006 ταύτην
1316 1936 1415 2007 τὴν
1444 1935 1624 1989 αἰτίαν
1644 1932 1804 1986 ἐπαύ-

259 2029 412 2100 θησαν
433 2032 668 2092 ἅπαντες
685 2027 780 2082 τοῦ
814 2028 1197 2100 προφητεύειν,
1222 2028 1297 2097 (p.
1329 2028 1451 2096 145)
1475 2026 1678 2097 σφόδρα
1717 2041 1807 2096 μοι

260 2123 482 2191 μιθῶδες
512 2119 653 2177 εἶναι
691 2122 934 2191 φαίνεται
966 2122 1164 2190 μᾶλλον
1185 2138 1198 2151 ·
1233 2122 1267 2191 ἥ
1290 2137 1349 2173 τε
1385 2120 1491 2190 γὰρ
1518 2119 1614 2173 τοῦ
1648 2119 1807 2189 Ὠσηὲ

258 2212 423 2281 βίίλος
439 2212 610 2277 οὕτως
644 2212 758 2284 ἔχει
778 2230 791 2243 ·
834 2232 853 2264 ι
890 2213 1061 2280 Λόγος
1099 2212 1303 2284 Κυρίου
1330 2211 1390 2275 ὃς
1420 2209 1650 2281 ἐγενήθη
1672 2209 1809 2281 πρὸς

267 2305 413 2376 Ὠσηὲ
449 2305 538 2359 τὸν
573 2305 666 2359 τοῦ
710 2306 877 2377 Βεηρὶ
916 2306 973 2359 ὲν
1009 2304 1242 2377 ἡμέραις
1291 2304 1487 2370 Ὀζίου,
1536 2324 1555 2357 ι
1603 2304 1697 2357 καὶ
1739 2302 1808 2356 τὰ

252 2394 362 2463 ἑξῆς
387 2412 401 2425 ο
445 2396 596 2467 παρὰ
651 2397 844 2466 Ἡσαΐᾳ
886 2413 945 2450 τε
993 2395 1072 2467 τῷ
1110 2398 1362 2468 προφήτῃ
1398 2394 1570 2459 οὕτως
1609 2394 1803 2465 φησίν

258 2502 273 2537 ι
315 2488 539 2555 Ὅρασις
570 2488 634 2557 ἢν
654 2483 789 2539 εἶδεν
820 2487 1043 2550 Ἡσαΐας
1072 2487 1183 2549 υίὸς
1215 2484 1417 2557 Ἀμὼς,
1448 2486 1515 2556 ῆν
1536 2483 1641 2539 εἶδε
1668 2485 1809 2538 κατὰ

245 2576 340 2643 τῆς
400 2576 655 2636 Ἰουδαίας
707 2578 800 2629 καὶ
847 2575 987 2630 κατὰ
1047 2575 1398 2645 Ἰερουσαλὴμ
1445 2577 1502 2628 ὲν
1563 2573 1811 2645 βασιλείᾳ.

258 2667 452 2731 Ὀζίου,
486 2690 503 2720 ι
537 2669 630 2722 καὶ
660 2668 728 2722 τὰ
747 2669 871 2737 ἑξῆς
891 2685 904 2698 ο
933 2668 1026 2721 καὶ
1060 2667 1208 2738 παρὰ
1231 2666 1307 2737 τῷ
1331 2666 1557 2736 παρόντι
1593 2666 1649 2719 δὲ
1674 2682 1808 2735 προσ

246 2761 387 2832 φήτῃ
414 2761 555 2814 οὕτω
578 2761 739 2831 φησίν
758 2778 773 2793 ⁸
802 2779 819 2811 ι
851 2759 1014 2828 Λόγοι
1050 2757 1231 2829 Ἀμὼς
1266 2759 1314 2812 οἶ
1337 2758 1583 2826 ἐγένοντο
1607 2759 1663 2809 ὲν
1699 2759 1811 2810 Κα-

246 2851 510 2922 ριαθαρὶμ
545 2853 608 2905 ὲκ
650 2850 870 2914 Θεκούε,
915 2850 1009 2913 οὓς
1043 2846 1181 2903 εἶδεν
1217 2850 1309 2903 ἐπὶ
1357 2848 1712 2922 Ἰερουσαλὴμ
1754 2850 1812 2901 ἐν

243 2941 476 3011 ἡμέραις
524 2940 697 3004 Ὀζίου
735 2939 998 3010 βασιλέως
1039 2939 1226 2993 Ἰούδα.
1266 2958 1285 2991 ι
1328 2938 1453 3003 Πῶς
1487 2934 1579 2993 οὖν
1610 2933 1720 2991 οἶόν
1755 2956 1812 2992 τε

241 3028 307 3101 ἦν
342 3034 405 3084 ὲν
436 3034 559 3095 ταῖς
607 3034 841 3103 ἡμέραις
882 3030 1059 3096 Ὀζίου
1099 3030 1412 3085 πεπαῦσθαι
1451 3032 1549 3100 τῆς
1601 3050 1812 3102 προφη-

242 3092 388 3185 ⁴τείας
438 3092 562 3174 κατ’
611 3092 834 3176 ἐκείνων
887 3092 1041 3189 λόγον
1060 3160 1077 3187 ,
1132 3121 1291 3174 όπότε
1348 3122 1441 3175 καὶ
1507 3092 1664 3193 ᾖσηέ
1718 3092 1813 3176 καὶ
1838 3092 1883 3149 C

253 3214 483 3277 Ἡσαΐας
508 3214 601 3268 καὶ
645 3213 822 3284 Ἀμὼς
856 3217 912 3267 ὲν
946 3216 1065 3277 ταῖς
1093 3214 1426 3285 ἐπιγραφαῖς
1461 3214 1570 3268 τῶν
1598 3214 1813 3269 οἰκείων

245 3304 440 3374 βίϐλων
457 3304 740 3377 δηλοῦνται
790 3307 848 3359 ὲν
878 3305 1110 3378 ἡμέραις
1145 3304 1320 3369 Ὀζίου
1342 3306 1696 3377 πεποιημένοι
1715 3306 1813 3378 τὴν

243 3397 608 3465 προφητείαν;
638 3396 783 3467 Πρὸς
818 3395 897 3467 τῷ
940 3398 1159 3451 κάκεῖνο
1193 3396 1349 3468 δῆλον
1381 3394 1540 3464 εῖναι,
1570 3400 1653 3452 ὅτι
1690 3396 1813 3451 οὕτε

244 3484 381 3539 κατὰ
411 3486 514 3556 τὴν
549 3488 923 3558 πνευματικὴν
968 3488 1308 3558 ἀποκάλυψιν
1345 3488 1560 3557 ἐλέγξαι
1605 3489 1815 3542 κελευό-

246 3595 397 3646 μενοι
417 3578 513 3631 τὸν
563 3578 765 3645 Ὀζίαν,
803 3580 1155 3634 ἀνεϐάλλοντο
1181 3581 1245 3635 ἄν
1281 3598 1410 3635 ποτε
1435 3582 1486 3635 οἰ
1512 3581 1811 3653 προφῆται,

242 3669 359 3730 ταῖς
395 3665 575 3731 θείαις
622 3668 993 3739 ἀποκαλύψεσι
1034 3670 1345 3740 πειθόμενοι
1368 3671 1588 3741 μᾶλλον,
1627 3672 1661 3742 ἦ
1724 3673 1814 3724 τὸν

241 3755 670 3828 πλημμελοῦντα
689 3757 993 3828 αἰδούμενοι
1016 3758 1238 3829 βασιλέα
1263 3777 1276 3791 ·
1309 3760 1384 3831 μὴ
1409 3762 1727 3831 τετυχηκόσι
1754 3778 1814 3815 τε

244 3848 378 3919 πρὸς
434 3849 596 3902 τοῦτο
643 3850 1057 3921 άποκαλύψεως;
1093 3851 1268 3915 οὐδεὶς
1320 3850 1387 3907 ἂν
1436 3852 1709 3922 μέμψαιτο
1744 3853 1815 3907 δι-

241 3941 436 4006 καίως,
477 3944 577 3995 οὐκ
605 3944 1043 4015 ὲπικεχειρηκόσι
1078 3945 1364 4015 πράγματι
1398 3944 1472 4015 μὴ
1514 3944 1573 4009 ἐξ
1608 3946 1815 3998 ἀποκα-

242 4030 458 4101 λύψεως
497 4033 648 4097 θείας
702 4034 885 4097 αὐτοῖς
926 4034 1223 4105 δειχθέντι,
1279 4035 1333 4087 οἵ
1381 4052 1442 4103 γε
1478 4035 1565 4088 διὰ
1601 4037 1815 4090 πάντων

241 4125 532 4178 εἰώθεισαν
569 4128 688 4191 ταῖς
736 4130 1131 4197 πνευματικαῖς
1169 4125 1573 4196 ἀποκαλύψεσιν
1613 4127 1815 4196 ἑπόμε-

242 4233 343 4280 νοι,
388 4218 511 4270 κατ’
547 4216 762 4280 ὲκείνας
800 4216 898 4287 μὲν
934 4216 1027 4269 καὶ
1061 4216 1239 4284 λέγειν
1273 4234 1326 4269 τι
1357 4216 1455 4269 καὶ
1498 4216 1572 4287 μὴ
1608 4216 1812 4285 λέγειν⁸

242 4308 376 4379 παρ’
408 4308 623 4371 ὲκείνας
654 4308 710 4361 δὲ
741 4309 875 4379 μήτε
908 4308 1083 4375 λέγειν
1106 4310 1240 4377 μήτε
1280 4309 1437 4378 σιγᾷν
1458 4308 1558 4361 οὐκ
1591 4308 1655 4361 ἄν
1689 4307 1815 4359 ποτέ

1907 1949 2132 1989 munera
2161 1936 2315 1991 obire
2337 1951 2504 1992 ausus
2535 1944 2646 2003 est;
2670 1943 2832 2007 atque
2853 1936 2922 1992 oh
2947 1951 3067 1990 eam
3095 1950 3316 1992 causam
3344 1952 3473 2005 pro-

1908 2022 2180 2091 pheticum
2213 2025 2461 2095 spiritum
2503 2027 2717 2082 cunctis
2751 2042 2871 2083 esse
2901 2028 3277 2093 subtractum;
3312 2026 3473 2081 valde

1906 2111 1960 2167 id
1992 2113 2121 2168 mihi
2155 2114 2463 2170 fabulosum
2489 2115 2725 2171 videtur.
2767 2117 2903 2172 Nam
2936 2126 2989 2174 et
3032 2116 3183 2173 Oscae
3217 2119 3357 2175 liber
3394 2119 3475 2175 sic

1908 2205 2071 2261 habet
2125 2226 2194 2262 ει
2244 2206 2479 2263 Verbum
2533 2209 2749 2265 Domini
2803 2211 2951 2282 quod
3005 2211 3210 2267 factum
3268 2219 3353 2266 est
3406 2212 3465 2266 ad

1909 2295 2105 2352 Oscam
2147 2298 2297 2354 Beeri
2341 2299 2507 2355 filium
2556 2301 2612 2356 in
2651 2302 2845 2360 diebus
2875 2302 3055 2371 Ozias,
3101 2324 3119 2357 ι
3157 2314 3211 2360 et
3240 2304 3451 2375 reliqua

1910 2387 2045 2443 Tum
2078 2391 2219 2460 apud
2256 2391 2450 2447 Isaiam
2489 2394 2805 2463 prophetam
2855 2399 2936 2452 sic
2973 2395 3173 2451 dicitur
3212 2414 3225 2449 :
3267 2415 3285 2448 ι
3322 2395 3476 2451 Visio

1910 2480 2089 2535 oblata
2157 2481 2310 2537 Isaiae
2356 2484 2540 2539 Amosi
2586 2485 2739 2552 filio,
2798 2503 2964 2557 quam
3024 2498 3218 2543 contra
3273 2487 3471 2543 Iudam

1911 2573 2207 2643 urbemque
2242 2573 2737 2647 Hierosolymorum
2766 2579 2922 2645 vidit,
2960 2579 3064 2635 sub
3091 2578 3223 2633 Ozia
3254 2595 3402 2649 rege,
3452 2598 3470 2631 ι

1909 2674 1962 2719 et
2010 2666 2239 2736 reliqua.
2302 2667 2369 2721 Et
2426 2671 2679 2737 pnesenti
2727 2670 2781 2723 in
2844 2670 2985 2726 libro
3031 2671 3267 2742 denique
3321 2674 3401 2729 sic
3457 2688 3472 2723 :

1918 2775 1935 2806 ι
1972 2755 2264 2813 Sermones
2305 2759 2518 2824 Amosi,
2560 2760 2653 2832 qui
2693 2760 2822 2816 facti
2858 2770 2988 2817 sunt
3016 2764 3070 2817 in
3112 2764 3476 2820 Cariatbarim

1909 2845 1977 2900 de
2007 2844 2248 2911 Thecue,
2281 2865 2420 2919 quos
2446 2850 2579 2905 vidit
2607 2865 2771 2920 super
2792 2850 3182 2923 Hierosolymis
3201 2853 3258 2907 in
3283 2853 3477 2910 diebus

1913 2935 2058 2992 Ozia:
2102 2936 2256 2993 Juda:
2305 2940 2471 3011 regis.
2508 2960 2528 2992 ι
2566 2940 2669 3007 Qui
2716 2942 2884 3013 igitur
2928 2942 3040 2997 fieri
3092 2952 3290 3014 potest,
3320 2952 3380 2999 ut
3422 2944 3477 2998 in

1915 3031 2062 3087 Ozias
2094 3032 2286 3089 diebus
2319 3032 2597 3089 divinandi
2632 3036 2717 3090 vis
2745 3034 3025 3105 prophetis
3067 3041 3253 3103 erepta
3293 3032 3475 3098 fuerit,

1915 3124 2371 3191 quemadmodum
2430 3126 2658 3181 istorum
2712 3128 3068 3197 interpretum
3112 3126 3299 3196 opinio
3335 3125 3475 3193 fert;

1915 3212 2181 3279 siquidem
2224 3222 2277 3269 et
2308 3212 2479 3270 Oseas
2510 3222 2565 3270 et
2608 3214 2778 3271 Isaias
2810 3224 2863 3271 et
2893 3216 3126 3270 Amosus
3158 3214 3211 3268 in
3246 3229 3476 3269 suorum

1914 3304 2180 3358 librorum
2233 3306 2428 3369 titulis,
2454 3320 2513 3362 se
2551 3307 2606 3361 in
2650 3306 2845 3362 diebus
2881 3306 3025 3362 Oziae
3070 3306 3481 3375 prophetavisso

1913 3394 2228 3451 declarant?
2285 3396 2423 3451 Tum
2484 3412 2615 3452 vero
2659 3398 2996 3467 exploratum
3042 3406 3147 3463 est,
3204 3398 3250 3453 si
3296 3397 3480 3451 divina

1915 3485 2059 3543 forte
2105 3487 2441 3544 revelatione
2493 3488 2769 3558 prophetae
2806 3488 2950 3559 jussi
3002 3487 3233 3545 fuissent
3293 3487 3480 3544 Oxiam

1914 3578 2205 3649 castigare,
2236 3594 2579 3650 nequaquam
2620 3579 2673 3634 id
2700 3579 2871 3637 fuisse
2900 3592 3273 3645 recusaturos,
3297 3579 3481 3635 divino

1914 3670 2098 3739 potius
2152 3669 2347 3723 lumini
2397 3670 2862 3739 obtemperantes,
2916 3684 3082 3739 quam
3136 3678 3478 3738 peccatorem

1916 3773 2096 3830 regem
2133 3767 2445 3815 reverentes
2481 3778 2493 3813 :
2529 3761 2614 3813 sin
2648 3768 2831 3813 autem
2870 3758 2937 3813 de
2976 3759 3321 3830 obiurgando
3355 3773 3483 3829 rege

1916 3850 2061 3906 haud
2091 3849 2358 3905 divinitus
2384 3850 2607 3905 fuerunt
2638 3851 2901 3906 admoniti
2926 3890 2940 3913 ,
2972 3866 3132 3907 nemo
3162 3866 3258 3906 eos
3284 3852 3483 3906 merito

1916 3944 2229 4013 vituperet,
2261 3944 2354 4014 qui
2380 3959 2492 3997 rem
2525 3959 2633 3997 non
2666 3944 2967 4013 attigerint,
3000 3958 3164 4013 quam
3193 3943 3274 3999 eis
3295 3943 3483 3999 divina

1920 4034 2180 4091 revelatio
2211 4050 2320 4088 non
2357 4034 2839 4089 demonstraverit.
2866 4033 2965 4090 Est
3002 4034 3148 4087 enim
3189 4035 3483 4104 propheta-

1918 4140 2038 4177 rum
2114 4130 2410 4193 perpetuus
2472 4137 2591 4178 mos
2654 4122 2990 4192 spiritalibus
3056 4123 3484 4179 revelationibus

1916 4215 2277 4285 obsequendi,
2318 4216 2431 4269 sive
2484 4230 2550 4269 ex
2609 4228 2797 4269 earum
2853 4214 3113 4267 instinctu
3153 4214 3480 4283 loquendum

1918 4306 2035 4368 sit,
2101 4305 2216 4361 sive
2284 4304 2572 4359 tacendum
2639 4322 2651 4355 :
2705 4304 2778 4357 ita
2836 4311 2895 4357 ut
2953 4312 3148 4372 printer
3210 4304 3332 4358 illas
3386 4319 3483 4359 ne-

244 4403 321 4470 (p.
359 4400 487 4468 144)
536 4417 610 4463 τι,
641 4398 762 4452 οὔτε
785 4401 922 4470 μήτε
944 4400 1115 4452 εἰπεῖν
1144 4400 1384 4469 ἑλόμενοι
1418 4401 1546 4469 παρ’
1568 4399 1782 4462 ὲκείνας
1800 4416 1811 4429 ·

1921 4412 2025 4466 que
2071 4396 2256 4450 dicant
2303 4395 2631 4465 quidquam,
2666 4410 2843 4463 neque
2872 4396 3171 4461 reticeant,
3216 4403 3379 4463 atque
3417 4396 3489 4449 ab

238 4494 402 4547 τοῦτο
426 4492 525 4564 μὲν
545 4489 639 4545 οὖν
664 4492 811 4562 παρὰ
848 4492 1059 4556 πολλοῖς
1087 4492 1199 4563 (25)
1230 4494 1329 4545 ούκ
1356 4488 1453 4546 οἷδ’
1480 4494 1626 4556 ὅπως
1664 4493 1825 4563 φερό-

245 4602 432 4652 μενον,
454 4583 549 4635 καὶ
590 4581 791 4652 σφόδρα
815 4599 905 4651 μοι
937 4581 1091 4645 δόξαν
1132 4580 1387 4644 ἐναντίως
1408 4582 1548 4651 ἔχειν
1576 4585 1697 4646 ταῖς
1714 4582 1821 4636 τῶν

244 4675 453 4744 βίϐλων
493 4678 749 4745 γραφαῖς,
790 4676 963 4743 σιωπῇ
986 4674 1363 4743 παραδραμεῖν
1381 4674 1440 4726 οὐ
1474 4673 1652 4737 καλῶς
1680 4675 1822 4745 ἔχειν

238 4767 580 4838 ἡγησάμηνο
623 4765 718 4819 τοῦ
758 4765 817 4818 δὲ
858 4765 1061 4835 βιϐλίου
1112 4764 1211 4834 τῆς
1252 4766 1587 4837 προφητείας
1622 4768 1821 4831 παντὸς

241 4860 374 4930 περί
422 4875 483 4912 τε
524 4858 612 4912 τὸν
660 4857 875 4928 Ἰσραὴλ
919 4857 1013 4910 καὶ
1047 4857 1137 4909 τὸν
1182 4856 1380 4910 Ἰούδαν
1426 4858 1817 4929 ἠσχολημένου,

238 4950 340 5003 καὶ
393 4949 467 5002 τὰ
512 4948 719 5011 τούτοις
762 4965 821 5000 τε
878 4948 1149 5011 κάκείνοις
1201 4948 1501 5017 συμϐάντα,
1557 4949 1819 5021 πρότερον

241 5042 345 5113 μὲν
377 5042 488 5095 ὑπὸ
522 5040 629 5095 τῶν
679 5040 1000 5112 Ἀσσυρίων,
1032 5040 1136 5093 ὑπὸ
1181 5040 1534 5093 Βαϐυλωνίων
1574 5040 1818 5113 ὕστερον,

238 5137 298 5188 ὲν
325 5135 537 5201 ὀλίγοις
565 5133 623 5187 δὲ
657 5132 797 5186 κατὰ
827 5134 889 5186 τὸ
922 5132 1201 5203 προοίμιον
1228 5134 1446 5203 μνήμην
1475 5133 1686 5203 ἔχοντος
1712 5134 1822 5188 τῶν

238 5228 323 5290 εἰς
355 5226 489 5288 τοὺς
522 5225 833 5295 περιοίκους
870 5224 1299 5295 συμϐησομένων
1332 5225 1538 5289 κακῶν,
1576 5226 1683 5279 τῶν
1723 5227 1822 5296 μὲν

238 5318 376 5388 περὶ
406 5316 502 5369 τὸν
534 5316 660 5371 λαὸν
687 5316 867 5371 αἰτίαν
905 5312 1043 5370 εἷναί
1081 5333 1281 5386 φαμεν,
1312 5318 1379 5388 ἢν
1422 5318 1517 5372 καὶ
1556 5319 1818 5389 πρότερον

235 5408 577 5479 εἰρήκαμεν,
606 5408 747 5481 ὑπὲρ
770 5404 837 5479 ἦς
872 5408 929 5460 δὲ
969 5410 1147 5461 πᾶσαν
1178 5409 1390 5479 ἔνειμεν
1428 5409 1576 5480 αύτῷ
1613 5410 1711 5480 τὴν
1744 5413 1821 5463 οἰ-

235 5499 406 5554 κείαν
430 5499 755 5569 κηδεμονίαν
771 5502 801 5552 ὁ
821 5498 973 5565 Θεὸς,
991 5498 1080 5552 διὰ
1102 5500 1194 5552 τὸν
1232 5499 1291 5565 ἐξ
1321 5499 1500 5553 αὐτῶν
1521 5500 1824 5555 ἀναδείκνυ-

317 5674 444 5739 (23)
486 5673 860 5749 Hanctquam
880 5676 1243 5749 reprehendit
1270 5677 1588 5749 Theodorus
1615 5680 1819 5749 opinio-

240 5760 375 5819 nem
395 5785 411 5807 ,
443 5759 551 5811 prae
574 5759 635 5799 se
664 5744 845 5819 ferunt
868 5744 1297 5819 Chrysostumus
1319 5749 1385 5801 ad
1413 5746 1565 5803 Isaiae
1590 5744 1709 5819 cap.
1741 5766 1817 5815 vi;

244 5812 626 5883 Hieronymus
667 5816 825 5880 epist.
888 5812 997 5878 18,
1054 5818 1072 5869 l
1105 5857 1119 5880 ,
1187 5826 1239 5870 et
1269 5816 1565 5887 Procopius
1603 5812 1730 5873 item
1765 5812 1817 5873 in

1923 4490 1989 4542 iis
2018 4504 2087 4542 ne
2113 4489 2279 4541 latum
2304 4486 2521 4555 quidem
2549 4485 2657 4556 95
2684 4503 2918 4558 unguem
2945 4487 3227 4542 discedere
3250 4487 3483 4542 soleant.

1920 4579 2071 4633 Hanc
2094 4580 2259 4650 igitur
2291 4579 2605 4647 opinionem
2634 4619 2648 4641 ,
2691 4596 2812 4648 quae
2844 4581 3033 4633 nescio
3062 4594 3162 4633 cur
3188 4580 3484 4633 multorum

1920 4680 2129 4727 mentes
2193 4670 2480 4740 pervasit,
2532 4685 2764 4740 quisque
2814 4672 2948 4724 mihi
3033 4671 3210 4726 sacris
3264 4670 3488 4726 Litteris

1919 4778 2250 4833 magnopere
2301 4763 2576 4817 adversari
2631 4761 2883 4827 videtur,
2937 4764 3159 4819 silentio
3210 4766 3490 4835 praeterire

1920 4856 2067 4910 haud
2094 4871 2307 4925 atquum
2351 4856 2683 4909 existimavi.
2732 4853 2851 4909 Jam
2883 4856 3123 4912 universi
3156 4856 3322 4926 hujus
3359 4857 3489 4910 vati-

1922 4948 2054 5003 cinii
2083 4947 2221 5003 liber
2255 4946 2405 5000 circa
2435 4945 2687 5002 lsraelem
2713 4953 2769 5002 et
2789 4946 2984 5003 Judam
3017 4948 3272 5011 vertitur,
3296 4962 3488 5015 nempe

1924 5042 2071 5096 circa
2099 5040 2384 5109 utriusque
2400 5040 2782 5104 adversitates,
2804 5055 2924 5110 quae
2956 5040 3130 5109 primo
3149 5039 3217 5092 ab
3232 5040 3493 5110 Assyriis,

1925 5131 2125 5187 deinde
2177 5145 2207 5182 a
2248 5128 2564 5199 Babyloniis
2612 5129 2977 5198 contigerunt.
3038 5126 3280 5182 Breviter
3325 5133 3489 5181 etlam

1928 5220 2261 5275 mentionem
2301 5217 2460 5271 initio
2508 5217 2895 5286 complectitur
2925 5216 3192 5269 malorum
3220 5230 3340 5283 qua:
3372 5212 3491 5266 lini-

1926 5311 2090 5366 timos
2140 5316 2461 5379 correptura
2510 5316 2687 5362 erant.
2746 5307 2812 5360 Et
2865 5306 3083 5377 quidem
3115 5320 3215 5359 cur
3266 5303 3493 5359 Hebraeo

1926 5403 2128 5474 p0pulo
2160 5402 2275 5457 haec
2309 5400 2625 5463 evenerint,
2667 5416 2889 5456 causam
2922 5399 3161 5454 diximus
3196 5396 3251 5451 in
3292 5410 3493 5466 praece-

1929 5496 2207 5558 dentibus,
2243 5493 2351 5549 Deo
2380 5508 2568 5547 curam
2592 5507 2748 5548 suam
2777 5491 2852 5545 illi
2883 5489 3246 5559 impendente,
3271 5494 3493 5557 propter

1926 5676 2319 5735 commentario
2362 5676 2427 5729 ad
2459 5675 2773 5744 praedictum
2806 5673 2959 5729 Isaiae
2994 5675 3195 5729 locum.
3228 5672 3369 5727 Sane
3399 5668 3496 5722 ob-

1926 5750 2201 5820 iurgatum
2236 5763 2276 5820 a‘
2296 5746 2675 5820 sacerdotibus
2716 5746 2903 5800 Uziam
2937 5744 3068 5798 dicit
3098 5756 3253 5799 sacer
3280 5748 3458 5795 textus
3480 5781 3494 5807 ,

1931 5817 2043 5873 non
2067 5835 2095 5871 a
2130 5817 2423 5887 prolihetis.
