3860 6518
515 362 614 415 ΞΜ

1679 368 2026 428 THEODORI
2079 373 2553 430 MOPSUESTENI
3511 417 3518 423 ·
3629 384 3710 444 248

515 490 661 535 eum,
692 473 786 542 qui
827 473 950 528 inde
997 486 1292 532 exorturus
1336 488 1452 534 erat
1487 487 1800 546 secundum
1844 505 2057 543 carnem

2195 491 2316 556 σθαι
2375 493 2636 563 μέλλοντα
2671 492 2732 544 τὸ
2788 492 2930 561 κατά
2978 494 3155 565 σάρκα
3185 491 3458 568 Δεσπότην
3492 502 3708 571 Χριστὸν.

513 567 792 621 Christum
836 567 1154 633 Dominum,
1209 573 1515 629 communis
1549 577 1741 632 salutis
1779 589 2079 649 parentem.

514 657 912 726 Praeponuntur
957 671 1136 713 autem
1185 663 1413 733 reliquis
1463 683 1549 722 res
1588 670 1834 726 ﬁnitimis
1868 667 2082 743 populis

511 758 806 814 eventum,
859 759 914 802 ut
955 751 1132 818 palam
1164 751 1255 806 liat
1294 756 1429 809 nihil
1476 757 1640 814 Deum
1684 772 1877 818 contra
1921 781 2080 820 suum

2187 581 2278 633 ἐπὶ
2308 585 2373 651 τῇ
2413 584 2625 636 πάντων
2669 583 3003 654 φανούμενον
3042 587 3318 657 σωτηρίᾳο
3363 591 3708 660 προτεθεῖσθαι

2183 671 2239 724 δὲ
2277 672 2385 724 τῶν
2406 673 2606 726 λοιπῶν
2631 674 2697 726 τά
2736 675 2863 744 περὶ
2881 676 3006 738 τοὺς
3035 677 3345 746 περιοίκους
3379 680 3619 750 ἐσόμενα,
3649 688 3712 748 είς

2183 761 2400 832 ἔλεγχον
2449 762 2541 816 τοῦ
2597 763 2730 834 μηδὲ
2785 763 2852 816 τά
2906 764 3046 818 κατὰ
3096 766 3188 818 τὸν
3241 767 3366 821 λαὸν
3411 771 3613 843 ἀφειδίᾳ
3641 775 3711 829 τὸν

514 841 766 905 populum
796 839 989 896 fecisse
1011 843 1218 898 smvitia
1241 857 1571 902 commotum
1594 869 1608 918 ;
1638 853 2077 922 quandoquidem

508 932 574 982 de
605 931 694 992 iis,
731 932 822 999 qui
853 933 997 986 hunc
1032 935 1354 1001 alllixcrant,
1385 957 1573 1010 pcenas
1607 951 1941 1014 repoposcit.
1972 946 2075 1002 Sed

501 1021 612 1088 jam
645 1021 860 1076 initium
901 1023 1206 1080 faciendum
1232 1029 1353 1083 libri
1384 1040 1488 1097 est,
1530 1036 1620 1103 qui
1664 1037 1737 1088 ita
1773 1053 1831 1091 se
1873 1039 2070 1092 habet:

1135 1116 1364 1172 CAPUT
1403 1121 1444 1175 l.

577 1200 736 1254 Vens.
781 1203 830 1266 l,
868 1203 919 1256 2.
942 1235 1015 1243 —
1046 1224 1063 1256 ι
1093 1205 1383 1266 Sermones
1413 1212 1628 1276 Amosi,
1665 1218 1755 1286 qui
1792 1219 1917 1273 facti
1950 1233 2076 1275 sunt

505 1292 556 1342 in
587 1293 947 1349 Cariatharim
976 1298 1041 1351 de
1069 1297 1321 1366 Thecue,
1358 1320 1496 1373 quos
1530 1306 1661 1360 vidit
1696 1325 1857 1379 super
1887 1311 2074 1367 Hiero-

503 1383 764 1451 solymis,
803 1386 854 1439 in
889 1386 1081 1444 diebus
1117 1391 1262 1447 Oziaa
1295 1392 1447 1450 Judae
1476 1397 1618 1468 regis
1641 1439 1654 1461 ,
1691 1409 1744 1454 et
1790 1404 1844 1455 in
1883 1403 2072 1460 diebus

499 1471 804 1529 Jcroboami
842 1476 1004 1534 Joaso
1041 1482 1246 1551 geniti,
1290 1486 1431 1556 regis
1466 1485 1717 1554 lsraelis,
1759 1499 1883 1546 ante
1916 1500 2073 1548 teme

501 1571 704 1618 motum
765 1567 1004 1624 biennio.
1041 1570 1256 1627 tVerba
1317 1575 1464 1638 haec,
1522 1579 1680 1633 sicuti
1746 1581 1800 1634 in
1860 1586 2070 1640 ca'teris

498 1656 775 1724 prophetis
812 1658 1067 1726 diximus,
1092 1663 1233 1717 tituli
1271 1666 1555 1734 cujusdam
1593 1672 1711 1725 vice
1749 1671 2066 1743 funguntur,

497 1746 589 1812 qui
621 1747 740 1802 libri
777 1764 1000 1821 scopum
1037 1762 1090 1808 et
1122 1757 1506 1812 continentiam
1545 1767 1597 1815 et
1628 1770 1901 1818 auctorem
1933 1775 2063 1819 :eta-

498 1845 712 1906 lemque
750 1841 1008 1896 declarat.
1049 1843 1235 1916 Neque
1267 1857 1350 1903 est.
1384 1849 1689 1905 mirandum
1714 1854 1865 1922 quod
1907 1855 2063 1910 dixe-

495 1925 600 1988 rit,
638 1924 914 1982 Sermones
961 1948 1099 2003 quos
1137 1935 1269 1990 vidit
1307 1953 1471 2008 super
1510 1939 1922 2012 Hierosolymis,
1963 1946 2060 2000 etsi

494 2030 656 2071 casus
705 2035 919 2090 quoque
965 2033 1288 2082 narraturus
1341 2036 1457 2082 erat
1485 2028 1702 2096 lsraeli,
1749 2033 1799 2086 id
1837 2043 1919 2088 est
1956 2034 2065 2106 96

494 2106 679 2162 decem
719 2111 968 2170 tribubus
992 2155 1006 2179 ,
1049 2132 1260 2172 necnon
1297 2119 1541 2175 ﬁnitimis
1583 2124 1800 2193 pepulis
1834 2135 2060 2180 eventu-

493 2211 584 2252 ros
617 2218 630 2254 :
683 2203 762 2256 sic
802 2205 944 2259 enim
984 2208 1122 2276 egit,
1166 2211 1291 2279 quia
1332 2212 1647 2282 potissimas
1687 2217 1930 2270 omnium
1973 2234 2062 2274 res

491 2291 644 2347 urbis
700 2292 1197 2368 Hierosolymorum
1252 2303 1637 2370 existimabat,
1698 2322 1894 2377 nempe
1942 2310 2062 2379 ejus

489 2384 707 2452 populi,
744 2387 835 2456 qui
869 2404 935 2443 ex
968 2388 1120 2446 Iuda:
1168 2392 1312 2448 tribu
1357 2397 1677 2460 constabat,
1746 2399 1908 2454 sicuti
1948 2400 2060 2470 jam

488 2473 545 2527 in
589 2479 964 2546 superioribus
1002 2483 1278 2540 diximus:
1320 2501 1444 2541 cum
1486 2487 1702 2544 interim
1741 2498 2059 2546 caeterorum

488 2567 630 2620 ratio
677 2568 731 2622 in
777 2571 1019 2640 pratdieti
1062 2575 1290 2643 gratiam
1340 2577 1649 2634 haberetur.
1707 2577 1796 2634 Sic
1847 2598 1975 2654 ergo
2029 2599 2060 2638 a

488 2657 777 2728 principali
815 2676 896 2723 re,
939 2663 1178 2718 vaticinii
1219 2667 1303 2720 sui
1341 2681 1560 2724 causam
1599 2672 1872 2739 ostendit,
1915 2676 2060 2744 quod

2182 853 2312 904 Θεὸν
2353 854 2682 924 πεποιῆσθαι
2705 873 2718 887 ο
2753 855 2885 907 ὃπου
2925 872 2988 923 γε
3024 857 3117 909 καὶ
3155 856 3294 927 ὑπὲρ
3324 859 3421 928 τῆς
3458 863 3532 924 είς
3551 863 3710 928 αὐτοὺς

2182 946 2526 1015 παρανομίας
2555 947 2710 1010 δίκας
2747 947 3132 1017 εἰσπράττεται
3173 949 3388 1019 ἐτέρους
3409 968 3421 982 ·
3446 953 3709 1022 ἁρκτέονδὲ

2179 1034 2274 1087 τοῦ
2309 1034 2514 1104 βιϐλίου
2546 1035 2726 1088 λοιπὸν
2763 1035 2976 1105 ἔχοντος
3003 1035 3172 1099 οῦτως
3193 1053 3206 1067 ⁸

2825 1132 2980 1184 ΚΕΦ.
3021 1130 3099 1184 A'.

2249 1222 2395 1292 Στίχ.
2417 1221 2556 1291 α’,β’.
2578 1254 2643 1263 -
2664 1241 2680 1273 ι
2707 1223 2868 1290 Λόγοι
2898 1221 2952 1274 ’Λ
2963 1221 3097 1292 μὼς,
3121 1223 3169 1274 οἳ
3197 1222 3442 1290 ἐγένοντο
3462 1223 3514 1276 ὲν
3537 1225 3711 1296 Καρια-

2177 1308 2346 1380 θαρὶμ
2378 1312 2441 1363 ὲκ
2473 1309 2696 1373 Θεκούε,
2727 1308 2820 1372 οὓς
2849 1304 2985 1362 εῖδεν
3008 1311 3098 1362 ἐπὶ
3113 1311 3484 1383 Ἰερουσαλὴμ,
3517 1315 3570 1366 ὲν
3599 1316 3710 1384 ἠμέ-

2180 1417 2299 1470 ραις
2330 1401 2504 1464 Ὀζίου
2523 1400 2616 1455 τοῦ
2636 1399 2897 1470 βασιλέως
2913 1400 3098 1467 Ἰούδα,
3123 1403 3216 1454 καὶ
3242 1404 3300 1454 ὲν
3326 1403 3554 1474 ἡμέραις
3580 1405 3710 1475 Ἰερο-

2175 1491 2317 1561 ϐοάμ
2345 1491 2437 1544 τοῦ
2473 1490 2625 1554 Ἰωὰς
2659 1490 2919 1560 βασιλέως
2964 1491 3199 1563 Ἰσραὴλ,
3235 1494 3340 1564 πρὸ
3367 1494 3460 1547 δύο
3491 1495 3615 1548 ἑτῶν
3633 1495 3709 1549 τοῦ

2174 1585 2416 1656 σεισμοῦ.
2456 1605 2472 1637 ι
2503 1583 2576 1655 (p.
2605 1585 2729 1656 MS)
2751 1585 2919 1638 Τοῦτο
2939 1585 3038 1655 μὲν
3067 1581 3180 1650 οὖν,
3215 1587 3357 1640 καθά
3388 1588 3488 1641 κάν
3512 1592 3614 1652 τοῖς
3627 1589 3710 1642 λοι-

2173 1683 2291 1742 ποῖς
2337 1681 2638 1751 εἰρήκαμεν
2671 1682 2995 1752 προφήταις,
3039 1683 3363 1753 προγραφῆς
3407 1700 3546 1745 τινος
3583 1682 3695 1746 τάξι·

2171 1769 2376 1838 ἐπέχει,
2399 1768 2662 1842 δηλοῦσης
2690 1769 2742 1822 τί
2769 1787 2897 1823 ποτε
2918 1771 3162 1840 βούλεται
3184 1773 3216 1842 ἡ
3250 1771 3451 1841 βίϐλος,
3474 1772 3596 1842 παρ’
3607 1772 3694 1825 ὅτι»

2165 1877 2223 1912 τε
2248 1861 2341 1913 καὶ
2373 1860 2497 1931 περὶ
2525 1841 2684 1914 τίνων
2725 1862 2939 1933 εἴρηται
2978 1862 3072 1915 καὶ
3119 1841 3246 1915 πέντε
3271 1881 3286 1896 ο
3340 1841 3636 1934 θαυμαστὸν
3663 1861 3694 1914 ἃ

2163 1950 2334 2014 οὐδὲν,
2358 1951 2406 2002 εἰ
2433 1953 2600 2021 λόγοι
2631 1946 2780 2004 εἴπεν
2807 1952 2899 2015 οὒς
2925 1946 3062 2006 εἶδεν
3095 1955 3185 2006 ἐπὶ
3214 1955 3587 2025 Ἰερουσαλήμ·
3610 1949 3695 2006 tul-

2163 2058 2244 2093 τοι
2272 2057 2334 2108 γε
2361 2041 2565 2110 μέλλων
2590 2043 2811 2095 κάκεῖνα
2837 2041 3020 2110 λέγειν
3047 2043 3218 2096 ὁπόσα
3239 2043 3466 2114 περὶτὸν
3499 2041 3692 2113 ἰσραγλι

2163 2131 2305 2185 τοῦτ’
2334 2131 2446 2185 ἔστι
2474 2132 2571 2196 τὰς
2614 2133 2743 2186 δέκα
2771 2133 2962 2201 γέγονε
2994 2133 3188 2201 φυλάς,
3224 2134 3318 2187 καὶ
3351 2134 3450 2204 μὲν
3486 2135 3572 2187 καὶ
3603 2131 3696 2202 rapi

2161 2226 2288 2291 τοὺς
2320 2224 2630 2295 περιοίκους
2672 2224 2769 2294 οὐχ
2804 2219 2966 2296 ἦττον
2993 2240 3006 2254 ’
3037 2225 3152 2277 ἀλλ’
3187 2225 3261 2289 ὼς
3293 2225 3357 2278 ἂν
3407 2225 3696 2296 κυριώτατον

2167 2313 2263 2383 μὲν
2289 2313 2540 2367 ἁπάντων
2581 2313 2880 2384 ἡγούμενος
2909 2310 3047 2367 εἶναι
3075 2315 3141 2368 τὰ
3173 2316 3312 2368 κατά
3337 2316 3438 2386 τὴν
3469 2317 3698 2388 Ἰερουσα-

2161 2403 2292 2474 λὴμ,
2323 2403 2421 2456 εἴτ’
2457 2400 2549 2457 οὖν
2569 2405 2660 2457 τὸν
2681 2422 2747 2458 πε
2761 2405 2812 2475 pl.
2839 2405 3000 2457 αὐτὸν
3023 2405 3150 2458 λαόν
3175 2423 3187 2435 ο
3219 2402 3285 2477 ἦν
3314 2406 3371 2458 δὲ
3401 2399 3554 2470 οὗτος
3580 2403 3698 2476 ήτοῦ

2175 2494 2344 2548 ’ἰούδα
2365 2495 2527 2565 φυλὴ,
2562 2495 2743 2558 καθὼς
2775 2498 2832 2548 ὲν
2865 2499 2975 2560 τοῖς
3005 2497 3239 2568 πρόσθεν
3268 2499 3565 2569 εἰρήκαμεν
3586 2515 3594 2526 ³
3613 2495 3698 2548 τῶν

2161 2585 2364 2639 λοιπῶν
2393 2587 2449 2639 δὲ
2475 2585 2534 2650 ἐξ
2563 2586 2884 2649 ἀκολουθίας
2913 2587 3218 2658 λεγομένων
3247 2605 3306 2640 τε
3349 2589 3446 2641 καὶ
3478 2586 3698 2656 γιγνομέ-

2161 2694 2266 2731 νων
2289 2677 2356 2730 δι’
2387 2678 2595 2730 ἐκεῖνον
2612 2694 2624 2706 ·
2650 2677 2823 2740 οὕτως
2849 2677 2956 2730 ἀπὸ
2980 2678 3072 2730 τοῦ
3101 2679 3442 2749 κυριωτάτου
3471 2681 3569 2747 τῆς
3591 2695 3701 2748 προ-

2161 2770 2384 2839 φητείας
2437 2769 2673 2840 ἐδήλωσε
2723 2769 2820 2840 τὴν
2852 2769 3067 2822 αἰτίανο
3101 2769 3403 2840 ἀρχόμενος
3431 2770 3602 2840 μέντοι
3622 2768 3702 2837 τῆς

2133 2863 2144 2872 “
2161 2858 2516 2930 προφητείας,
2540 2857 2681 2912 οὕτω
2701 2857 2881 2928 φησίν·
2909 2877 2927 2909 ι
2952 2857 3153 2928 Κύριος
3171 2859 3233 2911 ἐκ
3259 2857 3397 2911 Σιὼν
3419 2859 3701 2928 ἐφθέγξατο,

488 2748 562 2801 ita
591 2749 876 2804 exorditur
907 2769 922 2806 :
952 2773 971 2805 ι
1005 2754 1263 2814 Dominus
1304 2759 1370 2816 de
1409 2759 1539 2816 Sion
1580 2764 1795 2820 locutus
1833 2774 1950 2832 est,
1993 2783 2058 2823 ex

486 2840 874 2914 ilierosolymis
905 2862 1090 2903 vocem
1122 2865 1276 2905 suam
1307 2853 1508 2908 emisit.
1544 2853 1824 2912 Luxerunt
1861 2875 2058 2927 pascua

485 2942 803 3002 pastorum;
837 2939 1050 2992 exaruit
1077 2940 1310 2998 Carmeli
1342 2961 1626 3002 cacumen.
1661 2968 1678 3001 ι
1709 2949 1841 3005 Mire
1866 2951 2057 3006 admo-

2164 2947 2252 3000 καὶ
2275 2948 2332 3014 ἐξ
2357 2947 2710 3019 Ἰερουσαλὴμ
2741 2947 2907 3000 ἔδωκε
2935 2948 3116 3018 φωνὴν
3141 2947 3301 3000 αὐτοῦ
3326 2963 3340 2978 ο
3376 2949 3473 3002 καὶ
3501 2947 3702 3017 ἐπένθη-

483 3021 610 3076 dum
645 3024 730 3080 his
759 3029 936 3082 verbis
967 3030 1110 3099 loqui
1151 3034 1358 3102 coepit;
1400 3050 1522 3089 nam
1559 3039 1684 3106 quia
1723 3055 1828 3093 non
1871 3040 2057 3097 Hiero-

2164 3055 2260 3092 σαν
2289 3041 2345 3091 αἱ
2370 3038 2535 3110 νομαὶ
2559 3039 2667 3092 τῶν
2703 3037 2977 3109 ποιμένων
3000 3054 3013 3069 ο
3043 3039 3137 3090 καὶ
3163 3036 3434 3109 ἐξηράνθη
3463 3040 3496 3109 ἡ
3523 3037 3702 3107 κορυφὴ

483 3113 708 3183 Solymis
728 3155 742 3177 ,
780 3118 873 3172 sed
904 3119 957 3172 in
993 3120 1098 3177 illis
1124 3123 1446 3191 loquebatur
1475 3127 1610 3184 locis
1635 3169 1648 3190 ,
1686 3145 1824 3196 quos
1856 3132 2056 3186 ethnici

2164 3129 2254 3182 τοῦ
2308 3131 2630 3203 Καρμήλου.
2673 3150 2691 3182 ι
2746 3130 3181 3201 Θαυμασιώτατα
3231 3129 3481 3184 ἐντεῦθεν
3533 3128 3704 3202 ἤρξατο

484 3217 818 3273 regnumque
851 3209 1070 3266 Israelis
1106 3215 1479 3283 occupabant,
1534 3220 1716 3277 statim
1766 3222 2059 3290 prudenter

483 3294 743 3360 addidit,c
767 3297 842 3352 De
865 3298 1230 3358 Sionloeutus
1266 3314 1384 3369 est,
1426 3323 1489 3361 ex
1531 3307 1922 3382 Hierosolymis
1962 3331 2057 3369 vo-

481 3398 596 3438 eem
651 3400 804 3440 suam
854 3389 1072 3442 emisit:
1105 3409 1122 3441 ι
1146 3407 1212 3445 ne
1236 3394 1373 3447 forte
1409 3397 1686 3454 auditores
1719 3417 1896 3456 rerum
1935 3417 1962 3456 a
2000 3421 2058 3461 se

481 3474 834 3530 dicendarum
866 3479 1026 3533 cultis
1060 3496 1153 3549 per
1180 3497 1243 3536 ea
1279 3483 1397 3539 loca
1442 3488 1784 3546 daemonibus
1832 3510 2053 3550 causam

480 3564 854 3634 imputarent:
892 3570 1000 3622 imo
1037 3572 1216 3640 potius
1270 3576 1507 3632 universi
1556 3592 1944 3650 agnoscerent,
1998 3601 2056 3639 se

488 3654 583 3709 Dei
620 3659 895 3714 voluntate
932 3663 1094 3715 verba
1134 3665 1223 3718 illa
1263 3665 1480 3735 facere;
1518 3673 1610 3740 qui
1652 3687 1773 3726 cum
1809 3675 2052 3730 omnium

480 3747 653 3801 factor
698 3748 1066 3822 Dominusque
1105 3757 1205 3820 sit,
1247 3773 1540 3830 congruam
1582 3763 1686 3818 sibi
1729 3765 2046 3835 religionem

479 3841 533 3891 in
573 3837 737 3895 Sione
765 3853 948 3896 monte
975 3846 1218 3901 exhiberi
1257 3851 1509 3919 legitimis
1545 3852 1742 3909 ritibus
1768 3854 2010 3924 jusscrat
2037 3877 2048 3911 :

478 3933 728 4002 idemque
773 3936 1086 4004 prophetam
1120 3939 1186 3992 ad
1221 3941 1334 3995 lucc
1378 3943 1604 3998 dicenda
1652 3961 1798 4000 nunc
1847 3948 2051 4002 excita-

475 4034 658 4089 verat,
694 4041 900 4095 suoque
934 4035 1174 4097 tempore
1204 4033 1462 4089 vaticinia
1504 4036 1560 4090 in
1598 4052 1715 4091 rem
1751 4038 2050 4096 collaturus

2157 3218 2250 3272 τοῦ
2289 3220 2448 3288 λόγου
2468 3236 2481 3250 ’
2525 3220 2712 3291 ἐπειδὴ
2741 3220 2850 3291 γὰρ
2882 3220 2982 3274 οὐκ
3010 3222 3067 3272 ὲν
3093 3223 3158 3290 τῇ
3206 3220 3575 3292 Ἰερουσαλὴμ,
3609 3215 3702 3271 ἀλλ’

2159 3313 2214 3365 ἐν
2267 3312 2494 3373 ἐκείνοις
2549 3309 2843 3379 ἐφθέγγετο
2878 3311 2989 3372 τοῖς
3017 3310 3220 3373 τόποις,
3252 3311 3300 3363 οἳ
3325 3310 3439 3363 τῶν
3481 3327 3540 3362 τε
3562 3306 3701 3360 ὲθνῶν

2158 3403 2250 3456 καὶ
2284 3403 2382 3472 τῆς
2413 3399 2688 3472 βασιλείας
2727 3400 2821 3452 τοῦ
2869 3399 3081 3470 Ἰσραὴλ
3131 3398 3426 3469 ἐτύγχανον
3461 3398 3700 3462 δντες,εὲ.

2156 3495 2328 3556 κὸτως
2363 3491 2683 3563 προτέθεικε
2713 3491 2793 3555 τὸ,
2836 3510 2853 3542 ι
2905 3492 3000 3543 Ἐκ
3028 3490 3165 3543 Σιὼν
3197 3491 3518 3559 ἐφθέγξατο,
3549 3490 3632 3543 καὶ
3653 3488 3700 3554 ἐξ

2166 3584 2518 3656 Ἰερουσαλὴμ
2567 3583 2732 3635 ἔδωκε
2795 3582 2978 3653 φωνὴν
3012 3581 3176 3635 αὑτοῦ
3207 3599 3222 3613 ο
3258 3600 3276 3633 ι
3305 3583 3380 3645 ὡς
3421 3581 3486 3635 ἂν
3517 3582 3584 3652 μὴ
3611 3580 3700 3640 τοῖς

2156 3677 2281 3745 περὶ
2302 3676 2391 3728 τὸν
2419 3675 2582 3727 τόπον
2611 3675 2816 3726 ἐκεῖνον
2857 3672 3310 3743 θρησκευομένοις
3337 3673 3583 3744 δαίμοσιν
3605 3674 3702 3723 ὲπι-

2152 3768 2381 3839 γράφειν
2438 3765 2678 3836 μέλλοιεν
2734 3765 2782 3816 οἱ
2831 3764 3122 3828 ἀκούοντες
3157 3764 3268 3817 τῶν
3293 3764 3596 3835 λεγομένων
3619 3762 3700 3830 τὴν

2153 3858 2330 3910 αἰτίαν
2351 3872 2364 3885 ·
2398 3856 2472 3926 (p.
2518 3854 2638 3925 146)
2674 3855 2864 3908 εἰδεῖεν
2898 3857 2954 3908 δὲ
2999 3855 3236 3920 ἅπαντες
3271 3857 3352 3909 ὅτι
3381 3858 3570 3929 γνώμῃ
3587 3851 3698 3906 Θεοῦ

2152 3949 2325 4001 ταῦτα
2383 3947 2704 4017 φθέγγεται,
2761 3948 2819 4010 ὃς
2863 3947 2972 4001 τῶν
3004 3949 3256 4004 ἁπάντων
3290 3955 3521 4019 ποιητής
3547 3966 3601 4001 τε
3625 3945 3700 3999 καὶ

2151 4037 2354 4108 Κύριος
2387 4036 2481 4102 ὢν,
2535 4039 2593 4089 ὲν
2625 4035 2704 4106 τῷ
2743 4035 2881 4088 Σιὼν
2920 4039 3034 4110 ὄρει
3079 4040 3178 4110 τὴν
3209 4041 3556 4111 καθήκουσαν
3576 4035 3700 4104 αὐτῷ

2152 4128 2444 4199 θρησκείαν
2504 4127 2648 4181 κατά
2692 4128 2794 4199 τὴν
2855 4131 3083 4201 νομικὴν
3115 4131 3352 4196 διάταξιν
3390 4129 3699 4203 πληροῦσθαι

2152 4218 2446 4289 προσέταξε
2475 4235 2488 4248 ·
2518 4219 2596 4290 τῷ
2621 4237 2679 4274 τε
2711 4222 2966 4293 προφήτῃ
2995 4222 3088 4274 νῦν
3124 4224 3298 4276 εἰπεῖν
3327 4223 3499 4276 ταῦτα
3527 4221 3698 4282 διδοὺς.

473 4127 606 4171 erat.
628 4114 952 4188 Jamverba,
981 4142 997 4173 ι
1021 4123 1304 4178 Luxerunt
1326 4139 1528 4192 pascua
1575 4136 1880 4196 pastorum,
1921 4147 2046 4185 exa-

477 4210 580 4260 ruit
632 4206 869 4262 Carmeli
920 4213 1591 4283 cacumen,isignilicant
1645 4217 1762 4274 fore
1818 4229 1875 4273 ut
1925 4237 2049 4276 cum

470 4298 744 4366 praedictis
784 4299 995 4354 ﬁnitimi
1034 4317 1222 4357 omnes
1261 4319 1370 4358 non
1416 4306 1534 4360 sine
1567 4309 1684 4385 suis
1717 4309 1947 4365 ducibus
1983 4312 2048 4366 ad

2164 4312 2242 4363 (αἰ
2300 4311 2440 4364 κατὰ
2491 4311 2680 4382 καιρὸν
2718 4313 2827 4365 τῶν
2876 4314 3226 4384 μηνυομένων
3252 4314 3350 4385 τὴν
3394 4315 3610 4368 ἔκϐασιν
3635 4311 3700 4372 είς

473 4389 674 4443 luctum
705 4398 987 4445 vertantur
1017 4411 1030 4445 :
1060 4402 1112 4448 et
1138 4395 1355 4464 quidem
1382 4398 1541 4451 etiam
1570 4381 1735 4455 Israel
1764 4416 1886 4456 cum
1920 4404 2044 4469 illis,

2164 4401 2310 4472 ἔργον
2347 4381 2600 4473 ἐκφέρων
2623 4419 2638 4435 ο
2669 4404 2730 4457 τὸ
2759 4404 2836 4470 δὲ,
2937 4381 3272 4476 Ἒπένθησαν
3307 4381 3380 4459 ⁷αί
3410 4406 3567 4478 νομαὶ
3609 4402 3700 4456 τῶν

468 4492 609 4544 quos
635 4477 867 4534 Carmeli
901 4496 1161 4537 cacumen
1196 4485 1515 4552 appellavit,
1543 4489 1670 4555 quia
1701 4492 1843 4544 circa
1876 4494 2052 4550 locum

2164 4493 2451 4564 ποιμένων,
2483 4495 2576 4546 καὶ
2613 4493 2884 4566 ἐξηράνθη
2915 4497 2947 4567 ὴ
2994 4497 3205 4569 κορυφὴ
3238 4498 3330 4551 τοῦ
3357 4496 3694 4569 Καρμήλου,ι

470 4567 618 4622 illum
651 4569 960 4624 incolebant
980 4615 992 4637 ,
1022 4586 1084 4625 ac
1116 4581 1309 4640 pnetcr
1340 4589 1500 4630 omne
1531 4576 1764 4632 ollieium
1799 4585 2052 4651 superbia

465 4661 830 4716 exsultabant.
866 4661 1070 4718 Deinde
1119 4665 1400 4719 subdiviso
1431 4669 1797 4735 particulatim
1833 4687 2043 4729 sermo-

463 4767 567 4814 ne,
602 4753 669 4807 de
702 4754 931 4825 singulis
966 4755 1208 4810 ﬁnitimis
1243 4759 1419 4827 pergit
1448 4759 1653 4814 dieere.

2161 4585 2247 4636 ἵνα
2272 4583 2401 4657 εἴπῃ
2446 4585 2524 4638 ὅτι
2577 4587 2641 4638 ἐκ
2678 4587 2774 4655 τῆς
2813 4586 3140 4656 ἀποφάσεως
3169 4591 3266 4660 τῆς
3293 4589 3501 4643 ἐκείνου
3526 4589 3700 4646 πάντες

2158 4692 2218 4726 τε
2250 4675 2299 4726 οἱ
2322 4675 2584 4744 περίοικοι
2615 4676 2711 4728 σὺν
2733 4679 2846 4739 τοῖς
2869 4677 3189 4747 ἡγουμένοις
3206 4684 3616 4751 μεταστήσονται
3635 4677 3698 4737 εἰς

2152 4765 2348 4828 πένθος
2375 4781 2392 4795 ·
2432 4765 2526 4817 καὶ
2569 4765 2675 4835 μὴν
2717 4766 2810 4820 καὶ
2854 4767 2946 4821 τοῦ
2984 4768 3197 4840 Ἰσραὴλ
3225 4771 3320 4825 σὺν
3353 4773 3591 4834 ἐκείνοις,
3616 4768 3694 4829 οὒς

469 4868 488 4900 ι
526 4849 768 4920 κορυφὴν
801 4869 820 4901 ι
847 4851 1126 4920 ὠνόμασεν
1160 4851 1250 4903 τοῦ
1280 4853 1597 4925 Καρμήλου,
1624 4856 1697 4920 ὡς
1738 4861 1862 4930 περὶ
1902 4862 2104 4915 ἐκεῖνον
2139 4861 2417 4923 οἰκοῦντας
2455 4859 2545 4912 τὸν
2582 4860 2765 4925 τόπον,
2801 4861 2896 4915 καὶ
2930 4863 3009 4926 είς
3041 4862 3192 4916 οὐδὲν
3230 4864 3346 4918 δέον
3379 4868 3443 4936 τῇ
3485 4861 3695 4935 ὑπεροχῇ

461 4942 849 5012 κεχρημένους.
908 4940 1039 4997 Εἶτα
1098 4945 1330 5017 μερίζων
1383 4948 1474 5003 τὸν
1515 4951 1670 5020 λόγον
1708 4953 1810 5006 ἀνά
1844 4955 2028 5026 μέρος,
2050 4956 2179 5028 ιτιτερλ⁸
2204 4955 2434 5007 ἑκάστου
2467 4954 2576 5006 τῶν
2607 4954 2897 5024 περιοίκων
2921 4955 3087 5024 λέγει’

532 5033 697 5089 Vens.
733 5035 853 5089 5-5.
877 5066 948 5076 —
975 5057 993 5088 ‹
1021 5037 1274 5108 Dixitque
1308 5040 1567 5098 Dominus
1597 5059 1609 5096 :
1646 5044 1820 5117 Super
1861 5049 2035 5104 tribus

460 5124 762 5178 sceleribus
789 5123 1041 5181 Damasci
1073 5136 1126 5182 et
1157 5145 1321 5198 super
1347 5143 1580 5200 quatuor
1605 5151 1714 5189 non
1744 5140 2038 5194 aversabor

456 5229 608 5280 eam,
662 5215 791 5284 quia
833 5215 1002 5271 serris
1043 5217 1233 5274 ferreis
1279 5231 1618 5291 praegnantes
1667 5222 2035 5284 Galaaditidas

456 5302 860 5360 dissecuerunt.
903 5303 1082 5375 Ignem
1130 5309 1414 5363 immittam
1447 5311 1555 5382 97
1588 5314 1640 5366 in
1688 5313 1899 5371 Azaelis
1939 5318 2038 5372 do-

459 5409 641 5460 mum,
684 5396 778 5466 qui
822 5396 1172 5452 fundamenta
1228 5400 1320 5454 lilii
1368 5402 1530 5457 Aderi
1579 5414 1884 5460 consumet.
1935 5407 2036 5461 Da-

459 5485 624 5539 masci
655 5497 835 5543 vectes
863 5488 1205 5556 confringam
1227 5531 1241 5556 ,
1278 5492 1589 5561 disperdam
1627 5497 1833 5553 incolas
1882 5501 2032 5569 agri,

458 5591 688 5647 quorum
724 5580 886 5635 etiam
921 5583 1122 5638 tribum
1169 5584 1446 5638 succidam
1483 5585 1550 5640 de
1587 5586 1717 5641 viris
1746 5585 1988 5644 Charran
2021 5609 2034 5645 :

2215 5046 2361 5116 Στίχ.
2397 5045 2532 5114 γ’-ε’.
2564 5076 2634 5086 -
2659 5065 2677 5098 ι
2708 5047 2820 5099 Καὶ
2843 5042 2992 5100 εἶπεν
3015 5048 3220 5120 Κύριος
3239 5066 3252 5078 ’
3284 5050 3406 5104 Ἐπὶ
3430 5054 3548 5109 ταῖς
3571 5044 3697 5122 τρισὶ

2143 5138 2418 5201 ἀσεϐείαις
2448 5138 2736 5208 Δαμασκοῦ
2765 5139 2859 5192 καὶ
2882 5139 2975 5193 ἐπὶ
3006 5143 3126 5204 ταῖς
3156 5141 3448 5212 τέσσαρσιν
3487 5143 3594 5212 (24)
3614 5139 3697 5192 οὐκ

2142 5231 2638 5300 ἁποστραφήσομαι
2688 5229 2878 5299 αὐτὴν,
2940 5231 3057 5284 ἀνθ’
3097 5225 3170 5285 ὧν
3193 5232 3412 5304 ἔπριξον
3449 5236 3506 5287 ὲν
3535 5231 3698 5302 πρίοσι

2147 5320 2390 5391 σιδηροῖς
2411 5320 2511 5383 τὰς
2537 5321 2591 5373 ἐν
2623 5322 2820 5392 γαστρὶ
2851 5322 3075 5392 ἐχούσας
3101 5322 3212 5377 τῶν
3228 5325 3589 5384 Γαλααδιτῶν,
3607 5321 3697 5375 Καὶ

2142 5411 2425 5465 ἀποστελῶ
2468 5411 2580 5483 πῦρ
2609 5413 2691 5474 είς
2717 5412 2810 5465 τὸν
2843 5408 2990 5468 οἷκον
3039 5411 3258 5487 Ἀζαὴλ,
3291 5413 3381 5471 καὶ
3411 5415 3698 5483 καταφάγε-

2141 5519 2229 5556 ται
2258 5502 2480 5573 θεμέλια
2529 5503 2647 5556 υἱοῦ
2690 5504 2844 5575 Ἀδέρ
2870 5522 2882 5536 ·
2925 5505 3018 5558 καὶ
3046 5505 3319 5579 συντρίψω
3354 5507 3578 5579 μοχλοὺς
3600 5507 3692 5556 Δα-

2149 5596 2360 5666 μασκοῦ
2392 5613 2405 5626 ο
2439 5599 2534 5651 καὶ
2583 5597 2950 5670 ἐξολοθρεύσω
3001 5599 3386 5665 κατοικοῦντας
3415 5603 3478 5654 ἐκ
3533 5597 3694 5652 πεδίου

529 5709 640 5776 (ΞΜ)
670 5710 947 5766 Obscurus
974 5715 1264 5805 videbatur
1300 5715 1624 5805 llicrouqu
1645 5719 1744 5798 .hie
1779 5723 2049 5792 propheta:
2085 5727 2236 5786 locus
2269 5730 2429 5800 epist.
2493 5732 2595 5800 53,
2652 5731 2704 5787 8.
2755 5730 2862 5790 Sed
2894 5747 2961 5788 en
2990 5731 3401 5805 Mopsuestenus
3434 5747 3579 5788 more
3607 5743 3696 5786 δυο

459 5793 743 5847 perspicue
779 5792 938 5852 atque
973 5786 1340 5840 indubitanter
1372 5788 1702 5856 explanabit.
