3860 6508
116 376 204 433 249
1118 379 1640 437 COMMENTARIU!

1801 384 2008 440 AMOSI
2045 384 2197 442 CAP.
2247 386 2286 441 l.
3218 387 3324 443 εει)

116 492 198 547 Ὧν
220 510 231 523 ·
262 492 347 543 καὶ
381 489 667 559 κατακόψω
711 491 880 562 φυλὴν
909 492 967 556 ἐξ
1019 493 1228 566 ἀνδρῶν
1253 497 1476 567 Χαρράν
1500 514 1513 527 ·
1549 498 1640 550 καὶ

1799 500 1988 570 ιριίνυε
2033 498 2331 554 abducetur
2364 501 2594 570 populus
2631 500 2801 572 Syriae
2836 509 3210 571 nuncupatus,
3250 507 3323 557 ait

116 581 648 652 αἱχμαλωτευθήσεται
706 581 833 645 λαὸς
893 583 1095 652 Συρίας
1139 584 1450 656 ἐπίκλητος,
1502 587 1640 657 λέγει

1797 591 2033 646 ominus.
2069 610 2087 642 ι
2122 590 2260 644 Dicit
2320 599 2499 645 autem
2553 608 2708 659 super
2757 592 2923 646 tribus
2971 603 3017 646 et
3071 604 3321 662 quatuor,

117 676 307 744 Κύριος.
337 692 354 724 ι
375 672 449 741 (p.
484 671 604 741 M7)
634 672 705 724 Τὸ
735 691 751 722 ι
791 673 882 726 ἐπὶ
905 675 1025 736 ταῖς
1052 675 1198 745 τρισὶ
1224 676 1317 728 καὶ
1336 678 1596 749 τέσσαρσι
1625 698 1641 729 ι

1797 697 1942 752 empe
1974 697 2074 751 pro
2098 721 2112 745 ,
2146 682 2347 736 Multis.
2378 681 2514 737 Nam
2548 685 2675 753 quia
2708 700 2970 740 numerus
2999 693 3121 755 post
3157 703 3321 739 unum

118 767 238 832 λέγει
260 764 373 816 ἀντὶ
399 762 511 825 τοῦ,
548 764 669 825 ταῖς
708 764 847 832 ἄγαν
905 763 1144 827 πολλαῖς.
1193 766 1409 837 Ἐπειδὴ
1464 768 1574 838 γὰρ
1620 771 1642 821 ὁ

1795 782 1805 827 t
1829 776 1937 828 duo
1965 775 2189 844 pluralis
2217 774 2437 840 dicitur,
2463 776 2627 829 verbo
2655 775 2821 829 tribus
2850 777 3048 831 multos
3074 776 3319 844 denotat,

120 856 234 926 μετά
257 854 344 906 τὸν
380 852 477 907 ἕνα
538 854 631 907 καὶ
681 853 775 906 δύο
801 854 1033 925 ἀριθμὸς
1083 855 1441 925 πληθυντικὸς
1474 857 1644 911 καλεῖ-

1802 864 1916 918 :rbo
1939 875 2115 920 autem
2140 872 2367 935 quatuor
2390 865 2785 920 multitudinem
2812 876 3118 937 exaggerat.
3147 866 3326 937 Signi-

117 945 323 1011 mtl25),
350 962 368 995 ‹
396 945 540 1014 τρισὶ
566 964 584 995 ι
609 944 706 1014 μὲν
734 943 883 1012 λέγει
901 947 1022 1008 ταῖς
1043 945 1283 1009 πολλαῖς,
1306 965 1324 997 ‹
1346 946 1605 1018 τέσσαρσι
1629 966 1641 999 ι

1799 961 1882 1007 cat
1911 963 2088 1009 autem
2135 970 2194 1009 sc
2241 955 2408 1009 multa
2454 955 2705 1010 Damasci
2747 958 2950 1011 scelera
2983 960 3323 1028 neglexisse:

117 1039 162 1091 δὲ
185 1037 268 1107 τὴν
297 1036 535 1090 ὲπίτατιν
581 1035 676 1089 τοῦ
704 1036 964 1107 πλήθους.
996 1036 1256 1091 Βούλεται
1280 1038 1337 1091 δὲ
1361 1039 1535 1092 είπεῖν
1572 1039 1641 1091 ὅτι

1799 1050 2122 1099 ΞΓυῐῐΙῑὶὶῐῐιθη
2156 1058 2281 1098 cum
2316 1046 2434 1112 ejus
2462 1045 2606 1099 cives
2637 1046 2690 1099 in
2723 1045 2993 1114 impietate
3014 1056 3323 1117 perstarent

120 1134 287 1195 πολλὰς
312 1132 561 1195 ἀσεϐείας
580 1132 680 1203 τῆς
695 1132 986 1202 Δαμασκοῦ
1005 1134 1275 1204 παρεῖδεν·
1300 1134 1644 1204 ἐπιμένοντας

1801 1147 1984 1201 imque
2015 1133 2392 1197 cumularent,
2421 1134 2533 1203 jam
2568 1134 2684 1189 fieri
2710 1150 2819 1189 non
2852 1151 3011 1205 posse
3055 1139 3183 1207 quin
3230 1155 3325 1193 eos

118 1223 164 1277 δὲ
185 1222 265 1275 καὶ
285 1223 369 1275 ἐπὶ
390 1222 638 1275 πλεῖστον
667 1224 1004 1288 ἐκτείνοντας
1024 1225 1122 1295 τὴν
1151 1223 1503 1295 ἀσέϐειαν,μὴ
1522 1226 1642 1278 ἀπο-

1815 1239 1873 1279 se
1906 1224 2193 1294 repelleret
2218 1235 2379 1293 atque
2411 1223 2539 1278 odio
2571 1233 3010 1294 prosequeretur.
3053 1224 3188 1279 Exin
3221 1242 3325 1281 cae-

123 1313 407 1382 στρέφεσθαι
425 1315 518 1366 καὶ
539 1316 715 1384 μισεῖν
730 1314 913 1367 οὐκέτι
929 1314 1174 1368 δυνατόν.
1193 1311 1327 1366 Εἶτα
1343 1312 1647 1367 καταλιπὼν

1805 1316 1887 1371 :r'is
1918 1331 2104 1371 eorum
2135 1314 2431 1370 sceleribus
2460 1315 2681 1370 omissis
2705 1355 2721 1381 ,
2763 1314 2895 1369 illud
2935 1326 3329 1369 commemorat

120 1406 198 1467 τὰς
214 1405 389 1467 λοιπὰς
406 1404 585 1457 αὐτῶν
609 1402 974 1473 παρανομίας,
987 1405 1082 1475 τὴν
1094 1405 1171 1465 είς
1186 1404 1309 1465 τοὺς
1323 1402 1644 1473 Ἰσραηλίτας

1803 1407 1903 1463 uod
1936 1408 2198 1462 adversus
2225 1406 2500 1461 Israelitas
2519 1406 2925 1461 commiserant:
2947 1421 3140 1477 nempe
3162 1412 3218 1458 ut
3234 1420 3327 1459 os-

124 1498 226 1565 :19‘
254 1493 421 1547 αὐτῶν
451 1494 825 1564 γεγενημένην
845 1493 1013 1561 λέγει·
1034 1492 1109 1556 ὡς
1121 1493 1186 1546 ἂν
1211 1492 1434 1558 δείξειεν
1455 1495 1535 1545 ὅτι
1557 1493 1648 1546 κᾶν

1805 1500 1965 1565 :ndat,
1987 1498 2197 1554 etiamsi
2218 1497 2401 1552 hostes
2423 1497 2589 1550 multa
2614 1496 2979 1565 peccaverint,
3029 1503 3209 1549 tamen
3234 1510 3329 1550 cos

124 1586 260 1637 πολλά
275 1585 622 1655 ἠσεϐήκασιν,
646 1585 758 1637 ἀλλ’
794 1585 935 1655 ὑπὲρ
961 1584 1165 1637 τούτων
1202 1583 1431 1654 μάλιστα
1464 1584 1648 1646 αὐτοὺς

1804 1592 2041 1647 otissime
2072 1605 2131 1645 se
2167 1589 2479 1658 puniturum
2509 1588 2691 1657 populi
2761 1587 2843 1642 sui
2876 1602 3041 1641 causa
3064 1625 3079 1650 ,
3122 1586 3189 1641 de
3218 1601 3328 1656 quo

121 1680 475 1747 τιμωρήσεται,
534 1670 610 1729 ὧν
658 1677 856 1747 πολλὴν
897 1676 1164 1729 ποιεῖσθαι
1215 1676 1514 1729 ἐσπούδακε
1561 1676 1645 1746 rip

1806 1698 2084 1753 iagnopere
2128 1680 2393 1737 sollicitus
2443 1686 2579 1733 erat.
2630 1679 2796 1748 [gitur
2842 1677 3211 1732 Galaaditidas
3252 1681 3330 1732 fc-

122 1770 426 1839 κηδεμονίαν.
466 1769 542 1821 Τὸ
572 1764 685 1831 οὖν,
722 1787 739 1819 ι
774 1769 893 1821 Τῶν
926 1769 1287 1833 Γαλααδιτῶν,
1316 1788 1333 1820 ι
1366 1772 1428 1820 ἐκ
1463 1767 1646 1839 μέρους

1804 1776 1941 1829 ιίηειε
1966 1774 2150 1828 dicens
2170 1815 2183 1837 ,
2212 1780 2417 1842 partem
2451 1784 2551 1840 pro
2579 1776 2693 1822 toto
2724 1769 2955 1838 appellat
2982 1785 2996 1833 ;
3028 1782 3153 1836 pars
3185 1768 3328 1821 enim

126 1860 331 1929 βούλεται
360 1859 466 1913 τῶν
510 1859 858 1931 Ἰσραηλιτῶν
891 1862 1065 1913 εἰπεῖν
1084 1876 1097 1890 ’
1126 1858 1310 1930 ἐπειδὴ
1330 1859 1422 1912 τοῦ
1447 1858 1650 1930 Ἰσραὴλ

1806 1866 1978 1920 ιτιιοιίε
2011 1864 2235 1919 Galaad.
2270 1863 2446 1917 Causa
2480 1860 2733 1931 puniendi
2768 1859 2904 1924 fuit,
2940 1858 3081 1929 quod
3123 1866 3330 1911 tantum

127 1950 259 2021 μέρος
292 1946 405 2020 ἦνή
454 1950 693 2005 Γαλαάδ.
731 1951 949 2021 Ἐπειδὴ
975 1951 1172 2015 τοίνυν,
1208 1951 1361 2021 φησὶ,
1395 1950 1651 2020 τοσαύτην

1810 1958 2022 2012 lversus
2052 1957 2297 2012 lsraelem
2329 1956 2506 2011 scelus
2540 1959 3024 2023 exprompserant,
3080 1959 3137 2003 ut
3189 1950 3334 2018 ipsas

126 2041 356 2103 ἐξέτειναν
409 2041 534 2095 κατ’
578 2040 755 2093 αὐτῶν
780 2040 879 2111 τὴν
922 2041 1285 2111 παρανομίαν,
1315 2041 1390 2105 ὡς
1427 2041 1520 2093 καὶ
1562 2040 1650 2102 τὰς

1808 2048 1944 2118 apuli
1978 2047 2138 2116 hujus
2164 2053 2502 2115 praegnantes
2534 2042 2702 2098 serris
2732 2040 2918 2096 ferreis
2950 2040 3332 2095 dissecucrint.

127 2133 315 2201 ἐγκύους
341 2132 523 2187 αὐτῶν
556 2133 789 2204 σιδηροῖς
826 2133 1009 2204 πρίοσι
1055 2133 1362 2204 διατέμνειν
1407 2132 1571 2203 (ἔοικε
1604 2133 1651 2185 δὲ

1814 2137 1990 2192 idetur
2022 2146 2199 2189 autem
2230 2135 2332 2188 hoc
2360 2133 2542 2187 dicere
2585 2142 2643 2185 ut
2672 2131 2909 2184 hostium
2961 2128 3335 2183 crudelitatem

125 2224 252 2276 τοῦτο
273 2223 440 2292 λέγειν
482 2226 568 2287 εἰς
596 2224 868 2288 ἀπόδειξιν
906 2222 1007 2292 τῆς
1036 2222 1318 2292 ὠμότητος
1355 2222 1556 2289 αὐτῶν,
1596 2221 1646 2274 δι

1814 2235 2128 2291 amonstret,
2161 2226 2251 2295 qui
2284 2240 2352 2279 ne
2383 2224 2622 2295 gravidis
2651 2223 2867 2293 quidem
2900 2221 3115 2276 feminis
3145 2233 3338 2289 peper-

126 2316 176 2383 ἦν
192 2315 292 2367 οὐδὲ
311 2315 412 2367 τῶν
434 2314 653 2383 ἐγκύων
684 2315 972 2383 ἐφείδοντο,
1002 2316 1117 2385 ἦτοι
1146 2312 1360 2385 πρίοσιν
1385 2314 1549 2376 ὅντως
1572 2314 1650 2366 αὑ-

1822 2329 1971 2376 ssent
1998 2361 2013 2386 ,
2061 2321 2176 2375 sive
2203 2334 2296 2374 eas
2326 2331 2519 2386 reapse
2562 2315 2730 2370 serris
2751 2352 2764 2378 ,
2802 2312 2916 2367 sive
2945 2310 3141 2382 gladiis
3189 2324 3337 2363 more

126 2403 203 2466 τὰς
251 2403 279 2473 ἥ
320 2402 527 2473 ξίφεσιν
588 2404 984 2474 ἀνατέμνοντες
1032 2403 1269 2473 πολέμου
1309 2403 1460 2473 νόμῳ
1490 2420 1502 2435 ·
1530 2403 1650 2473 ὅπεε

1815 2414 1892 2467 alli
1932 2410 2269 2466 conciderint
2302 2428 2314 2463 :
2372 2408 2447 2462 ita
2502 2414 2560 2460 ut
2612 2403 2818 2459 locutio
2850 2403 3009 2456 serris
3044 2401 3228 2469 ferreis
3272 2398 3339 2452 ad

127 2488 198 2544 οὖν
225 2488 358 2548 εἶπεν
383 2512 400 2543 ι
440 2494 499 2544 ἐν
533 2491 718 2562 πρίοσι
746 2493 1008 2563 σιδηροῖς,
1038 2512 1056 2544 ι
1080 2493 1160 2554 εἰς
1184 2492 1403 2561 μείζονα
1428 2492 1651 2561 ἐμφασιη

1814 2502 2181 2573 cgravandam
2269 2498 2529 2553 facinoris
2608 2494 2910 2564 emphasim
2998 2491 3338 2545 adhibeatur.

128 2584 203 2637 τοῦ
223 2584 551 2654 γινομένου),
582 2586 722 2656 ὑπὲρ
751 2586 813 2653 δὴ
829 2585 1051 2645 τούτων,
1077 2586 1261 2655 φησὶν,
1288 2585 1466 2647 αὐτοῖς
1485 2584 1652 2648 ἐπάξιι

1819 2594 2153 2657 uamobrem,
2192 2590 2387 2659 inquit,
2426 2586 2713 2642 immittam
2754 2585 2833 2639 eis
2857 2584 3061 2647 hostes,
3086 2598 3114 2635 a
3143 2582 3343 2652 quibus

129 2680 227 2739 τώς
240 2678 610 2745 ἀφανίζοντας,
637 2677 713 2748 (p.
748 2678 869 2747 148)
892 2676 966 2740 ὡς
988 2677 1081 2729 καὶ
1119 2677 1187 2729 τὰ
1217 2675 1462 2745 βασίλεια
1490 2676 1653 2728 αὑτῶγ

1822 2687 1949 2740 mcti
2010 2700 2107 2739 ceu
2170 2684 2291 2753 igne
2348 2681 2749 2744 absumentur;
2807 2682 2862 2730 et
2920 2673 3139 2745 quidem
3196 2672 3343 2743 regia

130 2772 476 2844 καθαιρεθῆναι
498 2789 511 2802 ·
546 2772 705 2826 τοῦτο
736 2771 844 2844 γὰρ
870 2772 1015 2840 λέγει
1033 2790 1051 2824 ι
1084 2772 1307 2841 θεμέλια
1326 2773 1441 2825 υἱοῦ
1460 2773 1654 2843 Ἀδέρσι

1818 2794 1985 2848 uoque
2013 2778 2255 2847 ipsorum
2291 2771 2447 2829 sedes
2480 2769 2787 2834 delebitur;
2826 2766 2929 2820 hoc
2977 2766 3120 2820 enim
3162 2763 3342 2818 innuit

131 2864 276 2917 πᾶσάν
292 2881 347 2917 τε
368 2864 468 2934 τῆς
508 2863 895 2937 μητροπόλεως
918 2863 1096 2916 αὐτῶν
1133 2867 1231 2935 τὴν
1260 2865 1412 2934 ἰσχὺν
1437 2866 1655 2934 ἀφαιρε-

1820 2871 1939 2924 ιριίο
1972 2866 2347 2921 Fundamenta
2376 2861 2516 2915 Λάαν
2540 2875 2558 2913 :
2587 2868 2749 2928 atque
2776 2872 2942 2913 omne
2982 2854 3344 2923 melropoleos

52 3006 58 3019 ,
131 2951 287 3023 θῆναι*
312 2956 443 3025 ὅπερ
466 2955 626 3025 δηλοῖ
646 2953 705 3006 τὸ
725 2972 743 3004 ‹
763 2951 1048 3025 Συντρίψω
1068 2953 1296 3023 μοχλοὺς
1319 2956 1575 3024 Δαμασκο

1818 2975 1960 3017 )rum
1990 2959 2159 3013 robur
2189 2954 2503 3012 subtraham
2532 2969 2547 3014 ;
2582 2950 2636 3004 id
2669 2948 2811 3020 quod
2843 2948 3111 3017 significat
3139 2945 3306 3000 dictio
3328 2982 3342 3007 ,

132 3045 206 3096 καὶ
235 3045 292 3116 δὴ
312 3048 400 3099 καὶ
432 3046 649 3107 πάντας
678 3044 806 3108 τοὺς
843 3044 903 3110 ἐξ
936 3044 1115 3098 αὐτῶν
1146 3044 1380 3114 ἀφανιῶ,
1410 3044 1549 3097 ὥστε
1579 3043 1656 3097 καί

1833 3048 2024 3105 Vectes
2040 3047 2287 3100 Damasci
2302 3045 2666 3113 confringam.
2681 3059 2698 3090 ι
2717 3037 2792 3092 lta
2808 3036 3025 3091 demum
3044 3049 3140 3089 eos
3153 3048 3347 3088 omnes

131 3137 230 3199 τοὺς
254 3138 309 3189 ἐκ
334 3138 428 3207 τῆς
450 3136 685 3207 Χαρρὰν
740 3135 1133 3206 παροικούντας
1172 3137 1352 3199 αὐτοῖς
1389 3135 1655 3205 ἀφανίσαι,

1820 3142 2019 3196 inditus
2068 3139 2386 3197 destruam,
2421 3143 2479 3185 ut
2527 3131 2785 3184 finitimos
2832 3141 3048 3198 quoque
3098 3125 3344 3178 Cbarran

136 3227 300 3297 πολλὴν
328 3229 507 3291 αὐτοῖς
544 3231 610 3280 ἐκ
634 3228 731 3297 τῆς
760 3226 966 3290 οἰκείας
986 3227 1267 3298 δυνάμεως
1297 3228 1660 3298 ὑποπτευομέ-

1830 3230 1976 3284 colas
2007 3226 2169 3282 simul
2197 3224 2404 3279 deleam
2434 3264 2449 3288 ,
2485 3234 2718 3289 quorum
2748 3218 2959 3271 scilicet
2978 3216 3121 3268 vires
3154 3212 3348 3265 Dama-

135 3335 211 3387 νης
242 3320 485 3391 παρέχειν
512 3318 798 3390 βοήθειαν·
832 3318 925 3370 καὶ¹
961 3318 1239 3388 συντόμως
1265 3319 1459 3381 εἰπεῖν,
1494 3318 1659 3371 ᾶπαν-

1826 3338 1865 3375 εο
1918 3319 2243 3374 videbantur
2300 3310 2540 3367 validum
2591 3307 2903 3378 praesidium
2950 3305 3224 3359 exhibere.
3281 3299 3350 3355 Ut

137 3427 211 3473 τας
232 3412 345 3474 τοὺς
374 3413 469 3482 τῆς
536 3410 812 3480 βασιλείας
856 3408 1090 3479 ἐκείνης,
1120 3403 1200 3471 οἷς
1244 3409 1471 3481 ἐπίκλην
1504 3409 1661 3479 ὄνομα

1824 3414 2009 3470 'eviter
2056 3412 2264 3473 dicam,
2317 3414 2542 3462 cunctos
2590 3400 2741 3471 regni
2795 3399 2915 3469 ejus
2958 3397 3201 3458 incolas,
3252 3392 3348 3463 qui

138 3502 291 3575 Συρία,
322 3503 675 3575 αἰχμαλωσίᾳ
699 3501 953 3555 παντελεῖ
982 3501 1313 3572 παραδώσω.

1818 3504 1949 3575 yria:
2000 3499 2267 3556 vocabulo
2312 3494 2710 3565 indigitantur,
2744 3488 2962 3544 servitio
3008 3483 3339 3541 addicendos

1777 3595 2003 3650 curabo.

193 3682 317 3753 Στξχ.
347 3684 496 3755 ς’-η¹.
531 3710 603 3722 --
624 3699 645 3733 ι
679 3680 818 3734 Τάδε
847 3678 992 3747 λέγει
1024 3677 1240 3746 Κύριος·
1276 3677 1398 3731 Ἑπὶ
1421 3680 1542 3739 ταῖς
1561 3696 1676 3749 τρι·

1846 3685 1958 3755 98
1986 3682 2149 3737 Vens.
2186 3679 2429 3734 6—8.—c
2455 3677 2579 3733 Haec
2608 3676 2681 3731 ait
2710 3672 2971 3731 Dominus
2999 3688 3013 3723 :
3051 3667 3226 3735 Super
3258 3661 3354 3717 tri.

141 3775 206 3827 civ
222 3777 475 3839 ἀσεϐείαις
500 3774 687 3844 Γάζης
707 3772 803 3826 καὶ
835 3772 927 3824 ἐπὶ
953 3774 1075 3834 ταῖς
1101 3771 1392 3842 τέσσαρσιν
1417 3772 1517 3823 οὐκ
1546 3772 1665 3824 ἀπο·

1830 3794 1880 3831 is
1909 3775 2066 3830 Gaza:
2095 3771 2395 3840 sceleribus
2424 3778 2477 3824 et
2511 3783 2674 3838 super
2698 3771 2951 3836 quatuor,
2992 3774 3100 3814 non
3134 3768 3354 3809 aversa-

142 3872 479 3938 στραφήσομαι
492 3866 716 3929 αὐτοὺς,
730 3864 813 3916 ένε
821 3880 913 3916 κεν
928 3863 1023 3915 τοῦ
1036 3861 1470 3932 αίχμαλωτεῦσαι
1484 3863 1666 3925 αὐτοὺς

1831 3884 1879 3922 )r
1906 3882 2034 3931 eos,
2062 3871 2347 3934 prapterea
2379 3858 2527 3930 quod
2572 3859 2674 3928 ipsi
2708 3850 3138 3923 mancipaverint
3180 3844 3355 3914 capti-

141 3958 473 4027 αέχμαλωσίαν
502 3956 779 4025 Σολομὼν,
804 3954 898 4006 τοῦ
936 3952 1244 4020 συγκλεῖσαι
1279 3954 1357 4015 εἰς
1388 3951 1486 4022 τὴν
1525 3952 1665 4003 Ἰδου-

1839 3966 1999 4013 tatem
2037 3952 2383 4015 Salomonis,
2431 3960 2490 4005 ut
2533 3965 2651 4005 eam
2701 3944 3095 4003 concluderent
3136 3940 3190 3992 in
3239 3935 3357 3989 ldu-

145 4025 404 4119 μαίαν.»Τδ
417 4051 553 4105 αὐτὸ
572 4049 722 4118 λέγει
752 4045 1047 4108 κάνταῦθα,
1079 4045 1160 4097 ὅτι
1196 4043 1404 4106 Πολλὰς
1432 4041 1669 4105 ἀσεϐείας

1829 4047 2016 4103 παιοιηῖ
2046 4066 2063 4097 ›
2090 4046 2147 4099 Id
2177 4045 2355 4113 ipsum
2389 4042 2478 4096 hic
2518 4055 2737 4111 quoque
2768 4036 2942 4101 dicit;
2991 4044 3183 4099 nempe
3214 4025 3353 4130 quod

143 4142 491 4211 ἐργασαμένων
522 4139 619 4191 καὶ
645 4135 1011 4207 ἐπιμενόντων
1031 4137 1096 4204 τῇ
1114 4132 1383 4204 μοχθηρία
1414 4132 1514 4202 τῆς
1544 4130 1667 4199 γνώ-

1829 4143 1907 4195 los
1938 4136 2237 4194 sceleribus
2264 4132 2610 4187 cumulandis
2637 4128 2849 4185 deditos
2870 4166 2884 4190 ,
2915 4133 3076 4193 atque
3107 4121 3158 4174 in
3189 4121 3353 4172 animi

146 4248 249 4300 μης,
274 4210 365 4284 ούκ
385 4229 649 4298 ἀνέξομαι
677 4226 757 4278 ἔτι
779 4241 794 4255 ο
821 4225 1052 4295 μάλιστα
1073 4223 1128 4276 δὲ
1159 4222 1356 4284 αὐτοὺς
1385 4221 1670 4291 τιμωρήσο

1833 4231 2046 4285 ravitate
2089 4222 2582 4291 obﬁrmatos,jam
2637 4219 2842 4274 diutius
2892 4229 3000 4267 nou
3039 4210 3203 4272 feret,
3250 4210 3357 4261 imo

146 4338 242 4391 μαι,
264 4324 393 4393 ὑπὲρ
430 4316 505 4375 ὧν
538 4318 635 4372 τοῦ
667 4317 1006 4387 Σολομῶντος
1033 4311 1407 4384 αίχμαλώτως
1428 4312 1670 4374 λαϐόντος

1836 4322 2134 4378 )ίὶεείιηυῐη
2174 4316 2393 4388 puniet,
2430 4313 2556 4384 quia
2590 4327 2712 4366 cum
2747 4309 3003 4363 Salomon
3038 4304 3092 4356 in
3130 4304 3360 4369 captivi"

144 4416 245 4478 τοὺς
256 4417 344 4485 τῆς
370 4413 699 4485 Ἰδουμαίας,
720 4412 815 4464 καὶ
841 4410 945 4462 ὑπὸ
970 4408 1067 4479 τὴν
1089 4408 1195 4462 τῶν
1212 4406 1559 4478 Ἰσραηλιτῶν
1592 4423 1668 4458 πε-

1834 4426 1952 4469 item
1999 4411 2266 4466 Idumaeos
2317 4406 2648 4476 redegisset,
2684 4408 2847 4471 atque
2899 4393 3121 4451 lsraelis
3168 4392 3358 4445 ditioni

145 4504 395 4573 ποιηκότος
411 4502 688 4570 ἐξουσίαν,
701 4501 776 4563 ὼς
798 4501 892 4553 καὶ
906 4498 1152 4550 πλεῖστον
1173 4497 1367 4559 αὐτοὺς
1384 4496 1475 4549 ἐπὶ
1500 4495 1669 4549 τούτοι

1836 4507 2117 4578 ιῌεεὶεεει,
2176 4502 2249 4556 ita
2298 4506 2357 4553 ut
2400 4495 2620 4551 Idumaei
2672 4493 2763 4547 diu
2806 4490 2859 4543 in
2900 4488 3001 4541 hac
3049 4482 3360 4538 conditione

145 4572 377 4664 διαμεῖναι
402 4594 494 4649 τοῦ
512 4584 809 4665 σχήματος,
826 4589 1211 4659 ἐπεληλυθότες
1227 4581 1371 4641 οὗτοι
1389 4587 1607 4657 ἀφεῖλόν
1626 4603 1669 4640 τε

1833 4572 2191 4656 ermanserint
2217 4633 2230 4656 ,
2268 4590 2343 4644 illi
2378 4586 2855 4658 supervenientes,
2892 4578 3260 4649 captivitatem
3297 4572 3357 4625 il-

146 4687 225 4758 τὴν
243 4664 603 4760 αἰχμαλωσίαν
636 4686 848 4754 ἐκείνην
867 4683 1101 4751 πολέμου
1116 4680 1282 4750 νόμῳ,
1305 4679 1398 4732 καὶ
1426 4680 1670 4748 συνηνάγ-

1833 4709 1899 4745 im
1925 4692 2046 4759 jure
2076 4686 2197 4741 belli
2231 4679 2611 4741 dissolveriut,
2644 4676 2853 4742 hosque
2890 4672 3081 4724 iterum
3135 4667 3189 4719 in
3236 4664 3357 4717 ldu-

149 4756 397 4829 xasavné'z‘:
410 4777 510 4847 τὴν
527 4773 829 4844 Ἰδουμαίαν
852 4770 1101 4825 ἀπελθεῖν
1128 4769 1423 4822 πάλιν.Κα“ι
1436 4770 1541 4839 γὰρ
1564 4772 1673 4821 κάν·

1833 4756 1986 4838 unam
2045 4775 2299 4833 secedere
2360 4768 2647 4839 jusserint.
2698 4764 2966 4818 Nimirum
3019 4760 3145 4812 hinc
3194 4756 3357 4808 etiam

148 4866 295 4920 ταῦθα
318 4845 691 4939 πλημμέλειαν
716 4864 893 4917 αὐτῶν
921 4862 1067 4931 λέγει
1091 4862 1158 4933 ἣν
1185 4862 1311 4928 περὶ
1337 4863 1461 4924 τοὺς
1476 4863 1672 4931 Ἰσραη-

1831 4871 2041 4942 inplicta
2072 4865 2252 4935 arguit
2282 4860 2520 4915 hostium
2550 4857 2728 4911 scelus
2773 4853 3031 4905 adversus
3062 4845 3355 4899 lsraelitas.

149 4953 273 5020 λίτας
302 4962 370 5027 (p.
547 4954 967 5028 είργάσαντο.Τί
996 4948 1122 5018 οὗν;
1151 4971 1169 5003 ι
1200 4953 1309 5006 Καὶ
1340 4950 1673 5015 ἐξαποστελιῖ

1835 4935 1921 5015 uid
1955 4954 2122 5027 ergo?
2152 4971 2169 5003 ι
2202 4949 2491 5005 lmmittam
2528 4947 2581 5000 in
2615 4943 2816 4997 mcenia
2851 4938 3008 4993 Gaza:
3054 4935 3354 4994 flammam,

151 5049 241 5119 πῦρ
360 5052 425 5105 τὰ
451 5024 616 5120 τείχη.
629 5024 827 5118 Γάζης,
850 5047 942 5100 καὶ
972 5044 1341 5112 καταφάγεται
1370 5042 1437 5095 τὰ
1466 5042 1675 5111 θεμέλια

1827 5067 1904 5105 ua:
1932 5024 2077 5101 illam
2110 5059 2139 5096 a
2182 5037 2554 5095 fundamentis
2585 5039 2870 5087 consumet
2897 5047 2910 5082 :
2965 5028 3157 5081 delebo
3201 5024 3351 5076 Azoti

151 5143 311 5213 αὐτῆς,
354 5147 445 5198 καὶ
494 5141 860 5213 ἐξολοθρεύσω
906 5138 1293 5199 κατοικοῦντας
1333 5134 1393 5199 ἐξ
1432 5133 1675 5197 Ἀζώτου,

1828 5144 1978 5195 ives:
2045 5134 2329 5189 Ascalonis
2385 5128 2644 5199 populum
2708 5124 3034 5178 destruam:
3092 5118 3352 5170 Accaroni

152 5235 227 5285 καὶ
256 5208 637 5306 ⁷ἐξαρθήσεται
683 5208 835 5303 ’φυλὴ
869 5233 927 5298 ἐξ
978 5229 1336 5294 ’Λσκάλωνος,
1385 5228 1479 5280 καὶ
1508 5225 1676 5288 ὲπάξα

1828 5248 1985 5286 Ianus
2020 5229 2249 5282 inferam
2282 5246 2292 5279 :
2326 5219 2573 5289 reliquiae
2600 5216 3025 5283 alienigenarum
3060 5208 3315 5278 peribunt
3338 5243 3352 5264 ,

150 5324 227 5392 τὴν
275 5329 423 5397 χεῖρά
480 5344 583 5397 μου
641 5327 733 5379 ἐπὶ
776 5323 1079 5392 Ἀκκαρῶν,
1132 5323 1225 5375 καὶ
1268 5318 1590 5374 ἀπολοῦνται
1634 5319 1674 5370 οΙ

1830 5322 1920 5375 icit
1952 5318 2232 5371 Dominus.
2269 5332 2288 5365 ι
2325 5311 2554 5364 Easdem
2602 5308 2686 5361 his
2735 5319 2951 5374 quoque.
2998 5314 3219 5370 pinnas,
3273 5312 3354 5348 In-

151 5388 432 5469 κατάλοιποι
448 5388 557 5471 τῶν
579 5388 1071 5484 ἀλλοφύλων,λέγει
1099 5413 1320 5482 Κύριος.
1352 5431 1371 5463 ›
1389 5411 1496 5481 Τὴν
1517 5410 1675 5479 αὐτὴν

1831 5415 1939 5473 uit,
1973 5411 2266 5478 imponam.
2298 5402 2433 5457 Nam
2473 5409 2524 5455 et
2555 5400 2657 5453 hoc
2688 5398 2806 5450 loco
2843 5396 3017 5464 ignem
3072 5406 3167 5461 pro
3217 5388 3353 5442 bello

152 5503 307 5568 ἐπάξω
323 5508 412 5561 καὶ
432 5506 644 5570 τούτοις
670 5480 956 5577 τιμωρίαν,
977 5480 1130 5573 φησί.
1148 5480 1266 5574 Πὴῦρ
1286 5503 1393 5574 γὰρ
1412 5480 1676 5555 κάνταῦθα

1829 5504 1952 5565 icit,
2011 5499 2152 5570 quod
2205 5496 2414 5551 scilicet
2471 5492 2656 5545 hostes
2697 5503 2794 5542 ceu
2844 5486 3059 5539 flamma
3109 5480 3352 5543 vorabit,

157 5592 225 5645 τὸν
244 5597 464 5668 πόλεμον
480 5596 629 5667 λέγει
657 5598 731 5661 ὡς
747 5596 814 5650 ἂν
842 5595 1013 5659 οὕτως
1040 5595 1236 5657 αὐτοὺς
1260 5594 1647 5665 ἐπινεμόμενον
1670 5609 1681 5623 ·

1825 5595 1949 5646 iam:
1997 5589 2266 5645 mcenibus
2309 5586 2534 5639 exitium
2580 5580 2814 5641 inferet,
2866 5583 3231 5643 cunctamque
3265 5586 3349 5625 ur-

214 5771 308 5843 (25)
337 5774 689 5833 Notissimum
737 5764 821 5832 est
857 5773 1076 5831 Grzecos
1121 5780 1317 5844 praeter
1360 5769 1690 5842 singularem
1721 5783 1783 5825 ac
1812 5766 2171 5839 plurativum,
2199 5762 2344 5819 duali
2370 5773 2583 5832 quoque
2616 5767 2691 5812 uti
2723 5767 2969 5811 numero.
