3954 6548
526 383 625 438 251

1688 382 2032 440 THEODORI
2070 382 2549 439 MOPSUESTENI

3662 374 3761 430 232

528 501 649 556 bern
682 516 711 553 a
750 500 1115 555 fundamentis
1150 499 1411 564 subruet,
1461 499 1687 569 ejusque
1731 502 1939 557 incolas
1979 516 2100 570 per—

2217 499 2259 562 i;
2291 497 2528 569 περιελεῖ
2585 497 2682 565 μὲν
2735 494 2833 564 τῆς
2878 494 3057 564 Γάζης
3078 493 3146 547 τά
3173 493 3345 563 τείχη,
3374 496 3437 548 ἐκ
3465 490 3675 562 βάθρων
3708 492 3760 545 δὲ

527 592 647 658 det,
679 608 803 645 cum
847 592 1003 645 Azoti
1038 590 1430 660 Ascalonisque
1482 592 1713 647 civibus.
1761 592 1946 662 Neque
1996 591 2097 661 ipsi

528 681 795 735 Accaroni
818 721 833 745 ,
864 680 1079 749 inquit,
1111 695 1351 749 parcam.
1383 680 1675 736 Memorata
1700 683 1908 736 scilicet
1933 681 2098 745 Gaza,

528 784 648 839 qua:
678 770 1040 838 satrapiarutn
1069 778 1378 824 exterarum
1408 772 1662 841 princeps
1693 780 1831 834 erat,
1866 787 2096 841 genera-

530 862 651 914 liter
680 862 925 929 praidicit
944 870 1261 917 eventuram
1291 863 1507 918 cunctis
1535 864 1853 933 alienigenis
1869 864 2095 919 cladem.

528 952 891 1017 Quamobrem
922 952 1106 1009 subdit
1132 971 1145 1008 :
1178 971 1197 1004 ι
1227 952 1663 1022 Alienigenarum
1688 954 1930 1024 reliquiae
1962 955 2103 1022 peri-

531 1043 687 1107 bunt,
714 1043 788 1096 ait
837 1041 1104 1099 Dominus
1140 1063 1152 1099 :
1193 1063 1211 1097 »
1240 1060 1348 1113 quo
1381 1044 1527 1098 dicto
1564 1044 1804 1099 breviter
1833 1045 2104 1114 signiﬁcat

534 1131 649 1185 fore
679 1140 737 1185 ut
760 1147 950 1188 omnes
973 1133 1141 1189 exteri
1172 1144 1430 1204 pereant;
1456 1133 1617 1188 sicuti
1647 1133 1701 1185 in
1731 1134 2105 1202 superioribus

534 1223 793 1291 populum
827 1224 1140 1279 universum
1162 1262 1178 1287 ,
1209 1225 1380 1294 Syriae
1426 1224 1646 1278 nomine
1693 1232 2101 1295 nuncupatum,

536 1313 591 1367 in
621 1316 938 1370 servitutem
973 1316 1252 1370 redactum
1284 1316 1350 1369 iri
1379 1316 1655 1385 praedixit,
1686 1324 1793 1370 etc.

610 1578 771 1634 Vens.
807 1580 861 1645 9,
892 1581 980 1636 l0.
1008 1614 1073 1623 —
1097 1600 1115 1633 ι
1142 1580 1264 1637 llaec
1293 1583 1367 1637 ait
1396 1581 1695 1640 Dominus:
1729 1585 1903 1653 Super
1934 1586 2106 1641 tribus

538 1669 666 1741 Tyri
717 1673 1016 1729 sceleribus
1064 1682 1117 1729 et
1166 1691 1330 1743 super
1377 1683 1629 1745 quatuor,
1663 1693 1769 1731 non
1816 1679 2109 1733 aversabor

539 1777 692 1828 eam,
756 1772 1038 1833 propterea
1099 1767 1243 1836 quod
1301 1769 1687 1823 coneluserunt
1740 1771 2105 1840 captivitatem

543 1848 851 1907 Salomonis
886 1854 939 1908 in
966 1852 1253 1909 ldumzeam
1276 1898 1289 1921 ,
1322 1865 1374 1909 et
1401 1856 1511 1926 99
1542 1873 1649 1912 non
1680 1869 1806 1913 sunt
1836 1861 2107 1914 recordati
2143 1844 2182 1898 Β

537 1938 763 1997 foederis
808 1941 1061 1999 fratrum.
1118 1946 1182 1998 Et
1222 1947 1510 2001 immittam
1563 1948 1742 2019 ignem
1796 1952 1850 2005 in
1906 1953 2107 2007 mmnia

537 2029 705 2101 Tyri,
755 2042 809 2087 et
855 2034 1134 2089 devorabit
1189 2037 1542 2093 fundamenta
1588 2040 1727 2110 ejus.
1763 2060 1781 2093 ι
1810 2042 1942 2096 Cum
1994 2046 2108 2100 hazc

537 2122 667 2185 diu,
714 2123 926 2193 inquit,
976 2127 1244 2195 patienter
1291 2128 1544 2193 tulerim,
1574 2129 1686 2199 jam
1735 2132 1940 2187 diutius
1986 2148 2110 2202 pro-

537 2212 824 2279 longantes
857 2216 1191 2284 impietatem
1229 2233 1385 2271 suam
1419 2234 1525 2274 non
1560 2219 1728 2275 feram
1756 2238 1771 2286 ;
1807 2226 2105 2292 praesertim

537 2302 665 2373 quia
690 2302 999 2361 Salomonis
1021 2308 1267 2377 captivos
1295 2310 1347 2363 in
1379 2308 1668 2365 ldumazam
1703 2313 2110 2370 transferendos

536 2404 835 2457 curarunt.
870 2412 1158 2453 commune
1187 2400 1290 2454 hoc
1323 2403 1501 2457 scelus
1529 2403 1789 2460 habentes
1821 2421 1942 2459 cum
1980 2406 2110 2461 alie-

538 2485 774 2555 nigenis.
802 2487 967 2557 Atqui
994 2490 1222 2560 captivis
1271 2491 1386 2547 huic
1429 2494 1652 2550 minime
1696 2495 1873 2551 facere
1911 2496 2111 2551 debue-

539 2584 705 2638 runt,
737 2576 959 2633 fmderis
991 2595 1295 2647 memores,
1324 2583 1466 2652 quod
1521 2584 1776 2641 Salomon
1808 2596 1862 2642 et
1894 2587 2107 2642 illorum

540 2680 634 2719 rex
668 2667 1034 2723 amicabiliter
1058 2669 1201 2724 inter
1230 2686 1288 2726 se
1311 2683 1695 2728 contraxerant
1721 2693 1735 2741 ;
1770 2676 1927 2746 cujus
1957 2693 2112 2746 pror-

538 2771 635 2812 sus
689 2760 1070 2826 immemores,
1121 2778 1266 2817 nunc
1315 2764 1391 2818 ita
1443 2780 1501 2820 se
1530 2776 1859 2835 gesserunt:
1894 2777 2114 2839 propter

539 2847 683 2916 quod
729 2865 816 2904 me
848 2853 1063 2907 volente
1096 2853 1270 2910 hostis
1304 2855 1633 2925 adveniens,
1668 2860 1869 2914 muenia
1922 2876 2112 2915 eorum

539 2938 850 3003 subvertet,
888 2950 1169 3013 totamque
1202 2945 1389 2999 urbem
1420 2946 1685 3003 destruet.

2202 589 2415 642 ἃπασαν
2437 584 2739 637 ἀνασπάσει
2767 583 2867 655 τὴν
2904 583 3077 646 πόλιν,
3110 584 3330 651 ἀφανιεῖ
3352 598 3410 633 τε
3440 583 3563 642 τοὺς
3593 596 3763 632 κατοι-

2202 680 2431 741 κοῦντας
2474 676 2643 746 αὐτὴν
2698 675 2833 745 μετά
2879 673 2987 726 τῶν
3021 675 3119 742 τήν
3161 690 3220 726 τε
3252 672 3491 734 ’Ἄζωτον
3537 671 3627 722 καὶ
3675 668 3764 738 τὴν

2215 769 2526 822 Ἀσκάλωνα
2555 766 2843 820 οἰκούντων
2864 781 2878 794 “
2908 766 3009 818 οὐκ
3058 766 3328 834 ἀφέξομαι
3360 763 3418 816 δὲ
3442 762 3562 815 οὐδὲ
3585 762 3690 814 τῶν
3714 764 3765 815 ἐν

2216 858 2530 929 Ἀκκάροις·
2582 854 2979 927 μνημονεύεται
3012 855 3121 926 γάρ
3153 857 3253 924 τῆς
3296 852 3474 924 Γάζης
3503 852 3579 915 ὡς
3615 850 3765 922 ἐξαρ-

2203 948 2403 1020 χούσης
2450 947 2556 1000 τῶν
2603 949 2659 1001 ἐν
2697 948 2807 1010 τοῖς
2863 945 3180 1014 ἀλλοφύλοις
3215 944 3597 1015 σατραπειῶν·
3639 944 3768 996 κατὰ

2205 1040 2384 1094 κοινοῦ
2417 1040 2563 1108 λέγει
2596 1039 2692 1110 τὴν
2720 1038 2993 1108 τιμωρίαν
3019 1037 3221 1090 άπασιν
3250 1034 3638 1089 ἐπελεύσεσθαι
3665 1036 3768 1098 τοῖς

2205 1131 2519 1200 ἀλλοφύλοις
2538 1147 2549 1159 ·
2587 1130 2708 1184 ὅθεν
2738 1130 2969 1198 ἐπάγει·
3000 1146 3018 1179 ι
3052 1129 3159 1181 Kal
3196 1127 3525 1182 ἀπολοῦνται
3541 1127 3588 1179 οί
3612 1127 3769 1179 κατά·

2205 1221 2378 1275 λοιποι
2415 1222 2521 1275 τῶν
2547 1220 2875 1289 ἀλλοφύλων,
2909 1220 3054 1288 λέγει
3088 1219 3291 1290 Κύριος
3316 1235 3331 1250 ο
3367 1238 3386 1269 ι
3418 1218 3504 1271 ἵνα
3527 1217 3772 1288 εἴπῃ,ὁτι

2206 1312 2491 1381 Συντόμως
2512 1311 2758 1374 ἅπαντας
2817 1310 3035 1379 ἀφανιῶ
3063 1311 3188 1373 τοὺς
3211 1308 3560 1377 ἀλλοφύλους,
3593 1307 3774 1377 ῶσπερ

2208 1404 2265 1456 ἐν
2321 1405 2433 1465 τοῖς
2485 1403 2777 1474 ἀνωτέροις
2826 1402 3437 1472 αἰχμαλωτευθήσεσθαι
3475 1401 3576 1470 ἔφη
3607 1400 3774 1455 πάντα

2207 1496 2299 1549 τδν
2332 1496 2459 1549 λαὸν
2487 1495 2576 1547 τὸν
2603 1495 2893 1564 ἐπίκλητον
2920 1492 3138 1564 Συρίας.

2277 1587 2425 1658 Στίχ.
2462 1586 2587 1652 θ’,ι’.
2611 1605 2705 1637 -ι
2740 1585 2877 1639 Τάδε
2904 1585 3051 1654 λέγει
3082 1584 3298 1654 Κύριοςο
3319 1585 3440 1637 Ἐπὶ
3474 1586 3593 1645 ταῖς
3609 1582 3775 1652 τρισὶν

2208 1679 2481 1742 ἀσεϐείαις
2510 1679 2687 1749 Τύρου
2716 1679 2811 1733 καὶ
2837 1679 2929 1731 ἐπὶ
2944 1679 3362 1749 ταῖςτέσσαρσιν
3384 1677 3483 1729 οὐκ
3511 1677 3777 1744 ἀποστρα-

2212 1771 2452 1840 φήσομαι
2496 1769 2685 1839 αὐτὴν,
2725 1768 2840 1821 ἀνθ’
2895 1760 2969 1820 ὧν
3022 1765 3368 1819 συνέκλεισαν
3411 1763 3777 1833 αἰχμαλωσίαν

2212 1860 2303 1914 τοῦ
2356 1860 2606 1931 Σολομὼν
2663 1862 2743 1923 εἰς
2772 1860 2872 1929 τὴν
2916 1858 3236 1928 Ἰδουμαίαν,
3260 1858 3353 1910 καὶ
3383 1857 3484 1909 οὐκ
3512 1855 3778 1925 ἐμνήσθη-

2214 1971 2313 2005 σαν
2331 1953 2593 2023 διαθήκης
2623 1951 2885 2020 ἀδελφῶν.
2920 1950 3022 2003 Kal
3064 1948 3407 2014 ἐξαποστελῶ
3453 1947 3563 2017 πῦρ
3598 1946 3695 1998 ἐπὶ
3721 1947 3779 1997 τα

2212 2041 2363 2112 τείχη
2417 2041 2616 2112 Τύρου,
2650 2042 2745 2095 καὶ
2776 2040 3153 2109 καταφάγεται
3182 2039 3251 2093 τά
3278 2038 3505 2108 θεμέλια
3534 2036 3726 2106 αὐτῆς.
3759 2056 3775 2088 ι

2212 2135 2320 2186 Kal
2340 2134 2448 2204 γὰρ
2498 2135 2591 2187 καὶ
2624 2133 2828 2187 τούτων
2863 2133 2955 2186 ἐπὶ
2996 2133 3152 2197 πολὺ,
3200 2133 3382 2203 φησὶν,
3405 2131 3777 2201 ἀνασχόμενος,

2212 2224 2288 2293 (p.
2328 2224 2453 2293 150)
2478 2224 2573 2277 ἐπὶ
2601 2224 2851 2278 πλεῖστον
2878 2225 3227 2278 ὲκτεινόντων
3257 2222 3356 2293 τὴν
3402 2221 3666 2276 ἀσέϐειαν
3694 2221 3780 2273 οὐκ

2217 2317 2473 2387 ἀνέξομαι
2523 2316 2621 2387 τὴν
2673 2316 2899 2379 οἰκείαν,
2953 2316 3045 2370 καὶ
3088 2315 3323 2386 μάλιστά
3357 2332 3419 2383 γε
3461 2314 3683 2366 πάντων
3710 2312 3781 2363 ὅτι

2215 2410 2313 2480 τὴν
2342 2409 2436 2462 τοῦ
2472 2408 2813 2479 Σολομῶντος
2833 2408 3208 2479 αἰχμαλωσίαν
3237 2409 3317 2470 εἰς
3353 2407 3449 2477 τὴν
3491 2403 3781 2473 Ἰδουμαίαν

2217 2500 2653 2572 παρεσκεύασαν,
2689 2499 3143 2570 κεκοινωνηκότες
3170 2499 3273 2568 τῆς
3293 2497 3643 2569 παρανομίας
3666 2494 3780 2547 ταύ-

2215 2610 2315 2663 της
2338 2595 2451 2656 τοῖς
2468 2592 2787 2662 ἀλλοφύλοις
2810 2608 2824 2622 ·
2851 2590 2945 2654 οὓς
2981 2590 3149 2662 ἐχρῆν
3183 2590 3414 2660 μάλιστα
3457 2586 3784 2656 ἀποσχέσθαι

2215 2684 2367 2737 τουτὶ
2387 2682 2624 2737 τοιοῦτον
2650 2681 3070 2755 διαπράξασθαι,
3098 2684 3176 2744 εἰς
3216 2682 3435 2752 μνήμην
3467 2677 3783 2750 ἐληλυθότας

2216 2772 2325 2826 τῶν
2354 2772 2656 2844 συνθηκῶν,
2712 2773 2777 2837 ἃς
2801 2775 2829 2827 ὃ
2864 2791 2923 2826 τε
2970 2772 3221 2843 Σολομὼν
3256 2772 3348 2825 καὶ
3389 2773 3417 2825 ὁ
3439 2770 3622 2824 αὐτῶν
3654 2768 3787 2838 βασιο

2217 2862 2341 2926 λεὺς
2372 2863 2512 2934 ὑπὲρ
2543 2864 2722 2932 φιλίας
2753 2865 3075 2936 ἐποιήσαντο
3116 2864 3252 2936 πρὸς
3278 2864 3561 2935 ἀλλήλους,
3609 2856 3686 2917 ὧν
3710 2860 3787 2914 0'3-

2215 2951 2340 3004 δένα
2386 2954 2743 3022 ποιησάμενοι
2786 2953 2976 3021 λόγον.
3028 2953 3252 3007 τοιαῦτα
3309 2955 3632 3025 πεπράχασι
3664 2951 3783 3006 νῦν’

539 3029 679 3099 ὑπὲρ
705 3024 778 3085 ῶν
806 3031 870 3103 δὴ
892 3032 1033 3087 κατά
1069 3034 1292 3107 γνώμην
1325 3035 1463 3107 ἐμὴν
1502 3038 1743 3091 ἐπελθὼν
1785 3041 1813 3093 ό
1845 3038 2099 3110 πολέμιος
2122 3079 2136 3103 ,
2172 3039 2243 3092 τὰ
2276 3041 2427 3112 τείχη
2473 3059 2533 3093 τε
2578 3041 2756 3095 αὐτῶν
2803 3041 3063 3113 περιελεῖ,
3100 3044 3193 3095 καὶ
3235 3024 3680 3112 πᾶσανίάφανιεῖ
3704 3044 3787 3115 τὴν

541 3122 719 3176 πόλιν.

612 3216 777 3274 Vens.
820 3220 875 3273 ll
902 3262 929 3287 ,7
957 3219 1045 3274 ιε.
1076 3252 1146 3261 -
1174 3239 1193 3273 ι
1224 3220 1350 3279 Hzec
1398 3224 1533 3278 dicit
1581 3223 1890 3281 Dominus:
1947 3224 2114 3295 Super

2292 3222 2439 3292 Στίχ.
2474 3220 2760 3292 ια’,ιβ’.--ι
2786 3221 2925 3275 Τάδε
2944 3220 3092 3290 λέγει
3110 3220 3335 3293 Κύριος·
3376 3220 3501 3275 Ἐπὶ
3532 3224 3659 3285 ταῖς
3682 3240 3786 3293 τρι-

539 3308 723 3363 tribus
767 3307 1014 3365 Idumaeas
1064 3311 1366 3368 sceleribus
1398 3320 1461 3368 et
1499 3328 1664 3383 super
1704 3322 1959 3383 quatuor,
2008 3331 2115 3370 non

542 3401 838 3455 aversabor
869 3416 1025 3468 eam,
1056 3410 1341 3472 propterea
1372 3405 1516 3474 quod
1556 3405 1659 3476 ipsi
1703 3407 1971 3476 persecuti
2009 3407 2120 3462 sint

546 3489 727 3559 gladio
755 3489 978 3545 fratrem
1010 3506 1192 3547 suum.
1222 3491 1287 3546 Et
1315 3495 1530 3549 vulvam
1555 3496 1705 3551 humi
1738 3497 2115 3562 labefactavit,

544 3590 598 3636 et
625 3582 806 3651 rapuit
837 3583 890 3636 in
922 3582 1294 3638 testimonium
1327 3584 1607 3641 horrorem
1643 3604 1839 3655 suum,
1870 3598 1923 3644 et
1950 3590 2121 3659 impe-

544 3679 661 3726 tum
708 3674 948 3727 servavit
996 3690 1171 3745 usque
1208 3677 1275 3731 ad
1323 3678 1631 3735 victoriam.
1665 3680 1839 3735 iCum
1887 3682 2115 3751 plurima

544 3779 834 3838 peccantes
862 3769 1114 3833 tulerim,
1158 3771 1273 3840 jam
1313 3772 1545 3828 ulterius
1586 3774 1966 3846 delinquentes
2008 3792 2115 3831 non

546 3859 758 3915 feram:
806 3861 1101 3930 praesertim
1144 3863 1271 3932 quia
1311 3864 1509 3919 bellum
1552 3865 1816 3921 adversus
1847 3867 2118 3922 Israelitas

545 3961 994 4015 commoverunt,
1032 3969 1209 4024 neque
1238 3956 1619 4024 cognationem
1664 3972 1790 4011 cum
1822 3958 1929 4013 illis
1968 3973 2119 4013 reve-

542 4044 635 4098 riti
667 4052 830 4107 sunt,
861 4053 915 4099 et
967 4046 1114 4114 quod
1168 4062 1233 4101 ex
1275 4046 1536 4102 fratribus
1583 4048 1802 4117 utrique
1851 4050 2118 4119 progeniti

544 4146 757 4201 essent,
789 4153 855 4191 ex
888 4135 1031 4193 Esau
1060 4137 1315 4193 videlicet
1342 4148 1505 4209 atque
1535 4138 1725 4195 Jacob.
1759 4139 1816 4193 ω
1845 4139 1991 4194 enim
2020 4140 2116 4196 de-

546 4234 699 4280 notat
727 4226 898 4281 dictio
939 4226 1162 4295 fratrem
1191 4244 1365 4282 suum.
1396 4226 1515 4283 Jam
1551 4230 1716 4284 verba
1737 4268 1752 4292 ,
1788 4229 1991 4282 vulvam
2023 4230 2120 4283 Itu-

546 4320 620 4372 mi
654 4318 1024 4389 labefactavit,
1068 4319 1201 4374 dicit
1250 4335 1380 4389 pro,
1428 4321 1822 4376 interemerunt
1850 4336 2038 4377 omnes
2066 4332 2119 4375 et

545 4410 699 4465 humi
753 4419 1206 4481 prostraverunt:
1255 4411 1401 4481 quod
1436 4412 1659 4480 perinde
1692 4421 1807 4468 erat
1853 4422 2015 4483 atque
2063 4414 2115 4467 in

550 4513 850 4557 maternam
880 4503 1092 4556 vulvam
1126 4518 1369 4573 peccare.
1408 4503 1540 4556 Nam
1571 4504 1699 4573 quia
1744 4504 1939 4560 fratres
1982 4522 2119 4560 nun-

2222 3314 2305 3368 alv
2327 3313 2606 3375 ἀσεϐείαις
2631 3312 2732 3383 τῆς
2769 3312 3072 3383 Ἰδουμαίας
3110 3314 3202 3366 καὶ
3233 3313 3326 3366 ἐπὶ
3352 3316 3474 3378 ταῖς
3505 3315 3789 3386 τέσσαρσιν

2219 3408 2320 3459 οὐκ
2340 3405 2834 3476 ἀποστραφήσομαι
2867 3405 3057 3476 αὐτὴν,
3092 3404 3280 3458 ἕνεκεν
3301 3405 3394 3458 τοῦ
3417 3405 3613 3473 διῶξαι
3640 3408 3789 3461 αὑτὸν

2219 3499 2277 3550 ἐν
2331 3497 2574 3567 ῥομφαίᾳ
2609 3496 2699 3549 τὸν
2738 3496 2965 3565 ἀδελφὸν
3003 3496 3166 3550 αὐτοῦ
3190 3514 3204 3527 ο
3238 3497 3333 3551 καὶ
3357 3497 3668 3568 ἐλυμήνατο
3698 3498 3787 3568 μή·

2216 3604 2351 3659 τραν
2379 3588 2470 3641 ἐπὶ
2518 3587 2619 3657 τὴν
2644 3586 2747 3657 γῆν
2770 3602 2787 3617 ο
2827 3586 2923 3640 καὶ
2965 3588 3210 3658 ἥρπασεν
3232 3588 3312 3650 εἰς
3351 3586 3655 3657 μαρτύριον
3675 3587 3787 3658 φρί-

2218 3696 2320 3748 κην
2366 3676 2558 3731 ἑαυτοῦ
2585 3693 2598 3707 °
2648 3677 2744 3730 καὶ
2792 3677 2852 3731 τὸ
2899 3677 3129 3747 ὅρμημα
3172 3676 3336 3731 αὑτοῦ
3395 3678 3665 3746 ἐφύλαξεν
3720 3680 3787 3740 εἰς

2218 3770 2364 3830 νῖκος
2392 3768 2529 3835 (26).
2576 3785 2594 3819 ι
2628 3767 2860 3819 Πλεῖστα
2883 3768 2981 3820 ὅσα
3018 3766 3361 3835 ἠσεϐηκότας
3399 3767 3663 3835 ἐνεγκὼν,
3711 3768 3791 3820 ἐπὶ

2218 3859 2467 3913 πλεῖστον
2492 3857 2831 3913 ἀσεϐούντων
2875 3858 2975 3911 οὐκ
3004 3857 3299 3927 ἀνέξομαι·
3344 3858 3439 3912 καὶ
3474 3859 3789 3928 μάλιστάγε

2218 3951 2357 4021 ὑπὲρ
2410 3944 2484 4004 ὧν
2531 3949 2763 4020 πόλεμον
2793 3950 2937 4003 κατά
2986 3949 3093 4002 τῶν
3136 3948 3480 4019 Ἰσραηλιτῶν
3520 3950 3790 4019 ἐκίνησαν,

2215 4045 2338 4098 οὐδὲ
2386 4043 2484 4113 τὴν
2519 4041 2838 4111 συγγένειαν
2870 4041 3250 4111 αἰσχυνθέντες
3292 4043 3391 4112 τὴν
3418 4041 3553 4112 πρὸς
3586 4044 3790 4105 αὐτοὺς.

2217 4138 2313 4190 καὶ
2339 4136 2421 4188 ὅτι
2450 4135 2511 4199 ἐξ
2544 4133 2787 4203 ἀδελφῶν
2819 4129 2960 4203 ἦσαν
2988 4133 3140 4185 αὐτοί
3169 4150 3230 4186 τε
3263 4135 3356 4186 καὶ
3389 4129 3557 4198 οὗτοι,
3598 4136 3650 4187 οἰ
3708 4134 3793 4203 μὲν

2215 4229 2278 4280 ἐκ
2327 4226 2421 4279 τοῦ
2476 4226 2669 4289 Ἡσαῦ,
2700 4226 2750 4277 οἰ
2789 4225 2846 4277 δὲ
2899 4225 2962 4277 ἐκ
3002 4224 3110 4277 τῶν
3158 4222 3351 4277 Ἰακὼϐ
3395 4226 3790 4295 καταγόμενον

2215 4318 2372 4371 τοῦτο
2399 4317 2508 4389 γὰρ
2533 4313 2652 4370 εἷπε
2671 4335 2690 4368 ι
2718 4317 2807 4369 τὸν
2829 4316 3052 4384 ἀδελφὸν
3077 4315 3239 4369 αὐτοῦ
3258 4333 3273 4348 ο
3313 4335 3331 4367 ι
3354 4317 3414 4368 τὸ
3441 4316 3517 4380 δὲ,
3550 4335 3571 4368 σ
3606 4316 3794 4386 ἐλυμή-

2217 4426 2344 4462 νατο
2378 4413 2587 4481 μήτραν
2610 4410 2701 4461 ἐπὶ
2729 4408 2826 4479 τὴν
2847 4408 2968 4477 γῆν,
3000 4426 3018 4458 ι
3046 4406 3193 4474 λέγει
3221 4408 3342 4461 ἀντὶ
3372 4406 3488 4468 τοῦ,
3512 4408 3793 4475 Κατέσφα-

2222 4501 2317 4566 ξαν
2354 4503 2600 4565 ἅπαντας
2650 4501 2744 4555 καὶ
2783 4502 2992 4571 εἰςηγῆν
3019 4501 3390 4570 κατήνεγκαν·
3429 4499 3569 4570 ὅπερ
3613 4496 3682 4570 ἦν
3724 4500 3793 4561 εἰς

550 4596 767 4665 culpavit
785 4635 800 4657 ,
831 4602 1018 4662 utpote
1044 4610 1109 4648 ex
1139 4593 1401 4649 fratribus
1428 4604 1586 4651 natos
1606 4636 1620 4660 ,
1648 4596 1823 4651 vulva:
1848 4598 2114 4652 excidium

2225 4592 2321 4662 τὴν
2342 4590 2605 4645 τεκοῦσαν
2630 4590 2826 4653 αὐτοὺς
2846 4591 3058 4660 μήτραν
3074 4589 3529 4661 πλημμελούντων
3549 4607 3561 4619 ·
3580 4590 3659 4659 (p.
3685 4590 3791 4651 l5l)

551 4687 839 4755 appellavit
874 4686 1099 4741 fratrum
1134 4687 1463 4742 occisionem
1493 4729 1507 4754 ,
1536 4689 1689 4751 quasi
1738 4689 1914 4745 isthoc
1960 4691 2121 4745 modo

552 4775 607 4829 iu
651 4792 994 4831 communem
1042 4786 1269 4832 matrem
1318 4787 1655 4846 peccassent.
1700 4778 1990 4834 Patrarunt
2022 4796 2120 4834 au-

552 4872 659 4919 tem
692 4864 952 4920 adversus
980 4866 1103 4921 illos
1134 4867 1417 4921 horribilia
1439 4908 1454 4931 ,
1484 4883 1593 4935 quo
1643 4867 1821 4937 majus
1867 4868 2118 4924 testimo-

552 4954 703 5008 nium
726 4956 1065 5010 crudelitatis
1089 4971 1199 5011 sute
1221 4956 1595 5025 spectantibus
1619 4958 1983 5027 perbiberent.
2011 4958 2117 5014 Sed

552 5054 607 5099 et.
652 5046 853 5114 impetu
901 5048 1073 5101 multo
1114 5062 1178 5101 ac
1207 5048 1509 5102 vehementi
1560 5049 1612 5101 in
1658 5064 1753 5104 eos
1800 5048 2116 5114 irrueruut,

552 5137 739 5192 odium
770 5153 928 5193 suum
959 5138 1029 5192 ad
1058 5137 1218 5193 finem
1251 5139 1410 5208 100
1438 5153 1608 5208 usque
1653 5146 1843 5193 contra
1886 5155 1982 5195 eos
2027 5141 2120 5195 de-

554 5236 924 5284 monstrantes
961 5247 974 5283 :
1009 5243 1132 5281 nam
1157 5248 1175 5275 ι
1202 5230 1442 5282 servavit
1463 5244 1637 5298 usque
1667 5229 1734 5282 ad
1763 5227 2069 5296 victoriam,
2095 5246 2114 5279 ι

555 5322 698 5376 hunc
727 5336 948 5376 sensum
978 5320 1161 5374 habet.
1195 5317 1424 5388 Propter
1452 5316 1566 5373 haec
1593 5326 1773 5374 autem
1807 5320 1936 5389 quid
1961 5321 1983 5373 ?
2010 5338 2029 5371 ι
2063 5320 2129 5373 Et

554 5413 844 5466 immittam
902 5411 1083 5482 ignem
1139 5410 1195 5465 in
1227 5406 1525 5473 Thaeman,
1574 5417 1628 5463 et
1675 5411 1890 5464 vorabit
1936 5409 2129 5465 funda-

559 5512 737 5557 menta
768 5504 1030 5557 mmuiutn
1073 5501 1215 5571 ejus.
1252 5520 1271 5552 ι
1300 5500 1560 5555 Τίιίεηιοη
1607 5501 1964 5556 Idumaeorum
2009 5512 2127 5558 erat

560 5592 688 5645 urbs
740 5592 1107 5661 spectabilior.
1159 5591 1444 5647 Adducam
1497 5592 1678 5661 itaque
1729 5593 1836 5648 illis
1885 5593 2119 5661 bellum,

2228 4683 2413 4753 ἐπειδὴ
2450 4682 2558 4753 γὰρ
2586 4682 2845 4749 ἀδελφοὺς
2864 4681 3147 4750 ὠνόμασεν
3175 4680 3251 4744 ὡς
3284 4680 3343 4746 ἐξ
3373 4680 3622 4749 ἀδελφῶν
3645 4697 3795 4733 τετε-

2224 4774 2478 4841 γμένους,
2505 4771 2681 4840 λύμην
2722 4772 2931 4842 μήτρας
2958 4769 3210 4840 ὠνόμασε
3255 4771 3355 4841 τὴν
3402 4770 3513 4824 τῶν
3559 4770 3795 4841 ἀδελφῶν

2225 4865 2524 4934 ἀναίρεσιν,
2551 4862 2625 4925 ὼς
2662 4862 2728 4915 ἂν
2754 4864 2835 4924 εἰς
2859 4862 2957 4932 τὴν
2979 4863 3163 4932 κοινὴν
3197 4863 3407 4933 μητέρα
3430 4862 3609 4933 τούτῳ
3631 4863 3797 4933 λυμη-

2226 4952 2471 5022 ναμένων
2500 4951 2577 5022 τῷ
2610 4951 2815 5022 τρόπῳ.
2836 4951 3174 5021 Πεποιήκασί
3202 4953 3480 5023 τε,φησὶν,
3508 4956 3591 5018 εἰς
3614 4956 3799 5015 αὐτοὺς

2228 5046 2429 5116 φρίκης
2465 5045 2655 5115 μεστὰ,
2697 5044 2782 5097 ἵνα
2825 5042 3044 5113 μείζονα
3073 5045 3173 5115 τὴν
3209 5046 3515 5117 μαρτυρίαν
3543 5046 3650 5115 τῆς
3684 5046 3798 5098 ἐαυ-

2227 5135 2334 5190 τῶν
2362 5135 2641 5205 ὠμότητος
2667 5132 3055 5204 παράσχωνται
3095 5136 3207 5197 τοῖς
3240 5134 3403 5202 ὁρῶσι
3429 5153 3442 5165 ο
3478 5137 3576 5191 καὶ
3610 5136 3677 5205 δὴ
3713 5150 3787 5187 κα

2228 5228 2371 5297 ὁρμῇ
2406 5225 2573 5296 πολλῇ
2612 5242 2717 5277 τινι
2749 5225 2843 5278 καί⁸
2887 5224 3089 5296 σφοδρᾷ
3121 5226 3240 5279 κατ’
3269 5226 3447 5280 αὐτῶν
3478 5228 3799 5297 ἐχρήσαντο,

2229 5319 2355 5389 ἄχρι
2382 5318 2570 5381 τέλους
2615 5319 2715 5389 τὴν
2760 5317 2931 5387 αὐτὴν
2965 5315 3060 5369 τοῦ
3090 5316 3280 5387 μίσους
3325 5318 3454 5389 περὶ
3476 5319 3676 5379 αὐτοὺς
3697 5319 3803 5370 ἐπιο

2231 5409 2532 5479 δειξάμενοι
2587 5406 2812 5479 γνώμην
2835 5425 2849 5438 ο
2876 5407 2936 5461 τὸ
2963 5408 3091 5479 γὰρ,
3117 5427 3136 5460 ι
3168 5408 3436 5478 ἐφύλαξεν
3466 5411 3547 5473 εἰς
3583 5413 3757 5472 νῖκος,
3778 5427 3795 5459 ι

2228 5499 2385 5553 τοῦτο
2413 5500 2580 5569 λέγει.
2623 5499 2792 5571 ’Υπὲρ
2816 5500 2872 5553 δὲ
2898 5499 3103 5555 τούτων
3132 5500 3219 5567 τίς
3256 5518 3275 5552 ι
3316 5501 3426 5555 Kal
3459 5500 3800 5565 ἐξαποστελῶ

2229 5590 2340 5662 πῦρ
2354 5593 2433 5654 εἰς
2454 5589 2689 5661 Θαιμάν,
2714 5590 2806 5644 καὶ
2821 5590 3195 5661 καταφάγεται
3208 5591 3437 5664 θεμέλια
3464 5591 3698 5663 τειχέων
3713 5592 3800 5645 αὐ·

638 5774 749 5845 (9.6)
798 5771 964 5828 Nobis
994 5771 1232 5843 placeret
1264 5771 1437 5841 magis
1468 5770 1631 5826 lectio
1660 5770 2061 5841 Complutensis
2094 5789 2114 5823 ε

2217 5772 2398 5835 νεῖκος,
2431 5773 2500 5826 ad
2530 5773 2936 5829 contentionem.
