3860 6556
143 371 245 425 ,ὦ

1189 375 1733 436 COMMENTARIUS
1770 379 1839 435 IN
1877 382 2087 436 AMUSI
2127 383 2278 438 CAP.
2313 385 2376 440 II.

3294 392 3401 446 254

139 486 247 554 τῆς.
262 503 281 534 ι
312 483 533 553 Θαιμάν
565 483 674 537 τῶν
689 483 999 556 Ἰδουμαίων
1016 482 1135 561 ἧνή
1157 492 1517 562 περίϐλεπτος
1538 494 1686 556 πόλις

1790 495 1964 565 quod
1997 496 2289 550 maximam
2319 496 2537 551 illorum
2568 504 2624 553 et
2661 498 3171 568 imperiosissimam
3208 502 3397 555 urbem
3460 492 3467 501 ’

150 574 356 637 Ἑπάξω
381 574 565 629 τοίνυν
588 576 791 642 αὐτοῖς,
811 577 963 648 φησὶ,
991 578 1084 631 τὸν
1104 580 1354 652 πόλεμον,
1372 583 1430 646 ὃς
1447 582 1542 653 τὴν
1564 584 1717 654 μεγί-

142 684 261 735 στην
287 667 471 719 αὐτῶν
500 667 591 719 καὶ
625 667 1055 739 βασιλικωτάτην
1071 671 1224 725 πόλιν
1270 674 1546 735 παντελῶς
1571 676 1715 743 ἀφα-

139 759 333 823 νιεῖ,ἔκ
364 757 583 829 βάθρων
609 748 778 830 αὐτὴν
804 758 943 827 μετὰ
973 760 1084 815 τῶν
1122 762 1317 832 τειχῶν
1367 764 1707 829 ἀνασπάσας.

202 848 341 919 Στίχ.
386 856 575 917 ιγ’-ιε’.
605 881 678 896 —
708 868 726 901 ι
762 852 898 905 Τάδε
937 852 1086 921 λέγει
1143 855 1375 929 Κύριος’
1412 856 1536 911 Ἐπὶ
1590 862 1711 920 ταῖς

138 941 301 1011 τρισὶν
332 940 614 1005 ἀσεϐείαις
650 941 779 995 υἱῶν
823 944 1048 1014 ’Λμμῶν
1078 945 1173 998 καὶ
1209 948 1304 999 ἐπὶ
1327 950 1445 1010 ταῖς
1472 948 1707 1020 τέσσαρ-

141 1049 216 1085 σιν
249 1032 347 1085 οὐκ
372 1032 868 1105 ἀποστραφήσομαι
922 1037 1139 1098 αὐτοὺς,
1171 1037 1286 1090 ἀνθ’
1322 1032 1395 1091 ὧν
1421 1039 1705 1110 ἀνέσχιζον

136 1125 225 1187 τὰς
275 1126 333 1177 ἐν
384 1126 589 1194 γαστρὶ
636 1126 867 1195 ἐχούσας
914 1128 1020 1181 τῶν
1053 1130 1416 1196 Γαλααδιτῶν,
1463 1133 1609 1195 ὅπως
1638 1135 1704 1186 ἂν

140 1211 431 1265 πλατύνωσι
459 1213 532 1267 τά
585 1214 709 1285 ὅρια
744 1215 941 1270 αὐτῶν.
995 1218 1104 1272 Καὶ
1136 1220 1326 1291 ἀνάψω
1375 1220 1486 1295 πῦρ
1515 1224 1609 1277 ἐπὶ
1634 1224 1704 1279 τὰ

137 1304 275 1373 τείχη
309 1304 551 1358 Ῥαϐϐά·
610 1306 703 1359 κιιι)⁸
751 1310 1126 1376 καταφάγεται
1168 1312 1237 1364 τὰ
1276 1311 1499 1382 θεμέλια
1533 1315 1700 1386 αὐτῆς

144 1395 265 1466 μετὰ
300 1400 553 1468 κραυγῆς
602 1400 660 1451 ἐν
682 1400 864 1471 ἡμέρᾳ
908 1401 1166 1472 πολέμου,
1202 1405 1276 1475 (p.
1309 1405 1432 1472 I52)
1469 1407 1561 1459 καὶ
1592 1424 1701 1459 σει-

142 1483 372 1553 σθήσεται
404 1487 465 1538 ἐν
497 1487 682 1560 ⁴ἡμέρᾳ
715 1490 1023 1555 συντελείας
1050 1492 1239 1562 αὐτῆς,
1259 1495 1350 1547 καὶ
1378 1496 1700 1564 πορεύσεται

139 1573 343 1645 rexbe
368 1576 427 1629 ἐν
457 1578 828 1649 αἰχμαλωσίᾳ,
859 1581 906 1632 οἱ
935 1582 1101 1652 ἱερεῖς
1133 1582 1286 1635 αὐτοὶ
1321 1584 1414 1636 καὶ
1438 1584 1697 1654 ἄρχοντες

138 1667 295 1720 αὐτῶν
324 1668 417 1720 ἐπὶ
444 1668 511 1720 τὸ
531 1669 686 1733 αὐτὸ,
710 1669 857 1739 λέγει
889 1671 1110 1743 Κύριος.
1155 1693 1173 1726 ι
1215 1674 1293 1726 Τὰ
1319 1675 1481 1745 ὃμοια
1512 1674 1575 1746 δὴ
1604 1677 1698 1730 καὶ

139 1757 248 1827 περὶ
276 1755 477 1810 τούτων
500 1759 695 1822 εἰπὼν,
726 1761 869 1831 ὑπὲρ
884 1762 1071 1815 τούτου
1106 1764 1341 1834 μάλιστα
1371 1766 1697 1834 ἀγανακτεῖν

1818 601 2045 657 prorsus
2075 598 2392 654 consumet,
2440 599 2605 659 atque
2638 607 2666 645 a
2702 591 3072 649 fundamentis
3104 610 3229 649 cum
3264 611 3399 649 mte-

1819 676 1982 732 nibus
2009 678 2126 733 suis
2154 679 2443 733 convellet.

1886 850 2052 909 Vens.
2088 854 2271 909 15-15.
2298 883 2351 893 —
2397 874 2416 907 ι
2441 854 2565 910 Ilazc
2593 855 2725 910 dicit
2752 855 3018 911 Dominus
3046 874 3059 912 :
3094 857 3269 926 Super
3300 858 3394 910 tri-

1809 942 1913 1001 bus
1944 946 2243 1002 sceleribus
2272 945 2505 1001 ﬁliorum
2540 947 2825 1002 Ammonis
2856 958 2909 1003 et
2946 964 3109 1017 super
3157 957 3392 1019 quatuor

1808 1051 1916 1090 non
1978 1038 2271 1092 aversabor
2314 1053 2444 1101 eos,
2495 1047 2779 1107 propterea
2832 1039 2981 1107 quod
3028 1040 3391 1095 dissecuerint

1807 1136 2148 1200 prregnantes
2180 1128 2619 1193 Galaaditarum,
2672 1140 2729 1183 ut
2773 1130 3066 1184 dilatarent
3121 1131 3389 1185 terminos

1806 1235 1956 1275 suos.
1988 1221 2055 1275 Et
2081 1222 2412 1276 succendam
2441 1222 2619 1292 ignem
2648 1236 2813 1291 super
2843 1222 3045 1276 moenia
3074 1220 3275 1275 Bebbae
3297 1260 3311 1282 ,
3334 1229 3388 1275 et

1803 1312 2085 1367 devorabit
2112 1311 2458 1366 fundamenta
2487 1313 2606 1381 ejus
2634 1328 2757 1366 cum
2782 1313 2993 1368 ululatu
3023 1314 3075 1366 in
3106 1313 3193 1367 die
3224 1312 3383 1374 belli,

1801 1412 1855 1459 et
1879 1403 2341 1473 conquassabitur
2386 1405 2439 1457 in
2469 1402 2557 1459 die
2587 1404 3079 1459 consummationis
3129 1404 3269 1473 ejus.
3319 1402 3386 1456 Et

1801 1494 1899 1550 ibit
1929 1493 2195 1548 Melchom
2231 1494 2286 1549 in
2316 1495 2718 1564 captivitatem,
2752 1495 3065 1550 sacerdotes
3094 1495 3213 1564 ejus
3241 1496 3386 1563 prin-

1800 1586 2057 1655 cipesque
2096 1585 2294 1649 simul,
2327 1586 2460 1639 dicit
2499 1584 2780 1641 Dominus.
2811 1586 3006 1640 tParia
3040 1584 3107 1638 de
3140 1585 3223 1641 his
3254 1600 3384 1655 quo«

1798 1694 1904 1748 que
1925 1677 2132 1742 dicens,
2154 1677 2318 1733 irasci
2344 1686 2523 1732 tamen
2552 1678 2905 1747 potissimum
2934 1676 3042 1731 illis
3067 1676 3230 1741 dicit,
3252 1674 3381 1743 quia

1800 1768 2164 1824 Israelitarum
2198 1779 2536 1839 prmguantes
2564 1770 2977 1833 dissecuerant,
3014 1768 3382 1822 Damasceno-

139 1849 265 1915 λέγει
293 1850 409 1902 κατ’
458 1851 666 1913 αὐτῶν,
691 1854 772 1905 ὅτι
804 1853 909 1907 τῶν
949 1854 1296 1925 Ἰσραηλιτῶν
1323 1856 1421 1920 τὰς
1468 1858 1686 1926 ἐγκύους

1801 1875 1919 1913 rum
1948 1860 2205 1915 saevitiem
2239 1860 2430 1915 imitati
2457 1877 2472 1926 ;
2509 1868 2794 1930 sperantes
2822 1860 3032 1913 scilicet
3058 1867 3225 1913 totam
3255 1874 3380 1928 gen-

139 1938 427 2009 ἀνέσχιζον,
470 1941 573 2010 τὴν
616 1944 991 2012 Δαμασκηνῶν
1033 1944 1289 2016 ὠμότητα
1340 1947 1697 2019 μιμούμενοι·

142 2029 287 2082 ἐλπίδι
314 2029 406 2084 τοῦ
432 2032 729 2086 ἀπολλύειν
766 2034 877 2104 μὲν,
903 2034 1049 2089 ἀπαν
1084 2037 1144 2089 τὸ
1187 2038 1338 2101 ἔθνος
1371 2039 1459 2092 διά
1490 2041 1593 2109 τῆς
1620 2042 1700 2105 είς

138 2120 220 2184 τὰς
256 2122 480 2189 ἐγκύους
538 2127 914 2195 παρανομίας’
974 2128 1201 2182 κτᾶσθαι
1248 2130 1433 2203 δὲτὴν
1476 2131 1695 2185 ἐκείνων

139 2210 314 2280 χώραν,
342 2212 417 2276 ὡς
469 2212 539 2266 ἂν
584 2214 806 2283 μείζονα
853 2215 951 2288 τὴν
990 2217 1202 2288 οίκησιν
1247 2220 1568 2290 ἐργάσαιντο
1599 2220 1695 2292 τὴν

137 2304 333 2357 οἰκείαν.
372 2305 761 2359 Ἐπελεύσεται
794 2306 879 2378 δὴ,
917 2310 1102 2378 φησὶν.
1138 2310 1275 2380 ὑπὲρ
1305 2311 1509 2365 τούτων
1540 2314 1567 2365 ὁ
1594 2329 1692 2365 πο-

138 2394 313 2464 λέμιος,
358 2397 543 2453 πάντα
570 2399 668 2470 μὲν
704 2399 918 2469 ἀφελὼν
950 2402 1047 2470 τῆς
1074 2402 1279 2456 Ῥαϐϐἀ
1308 2403 1486 2474 τείχη,
1512 2406 1546 2476 ἢ
1587 2422 1692 2475 μη-

138 2486 356 2555 τρόπολις
382 2488 568 2541 αὐτῶν
596 2489 831 2562 ὑπάρχει
857 2505 870 2519 ·
908 2492 971 2543 ἐκ
1002 2491 1213 2564 βάθρων
1236 2493 1290 2545 δὲ
1307 2494 1562 2546 ἀνασπῶν
1594 2493 1691 2564 τὴν

139 2576 285 2643 πόλιν,
316 2578 409 2631 καὶ
450 2578 709 2633 τοσοῦτον
752 2581 1000 2646 ἐξάπτων
1046 2584 1167 2635 κατ’
1195 2584 1373 2637 αὐτῶν
1411 2584 1500 2637 τὸν
1531 2584 1690 2638 πόλε-

140 2683 240 2733 μον,
285 2666 356 2732 ὡς
411 2669 729 2741 ἀφορήτους
785 2671 877 2722 ἐπὶ
930 2673 1041 2734 τοῖς
1086 2672 1391 2742 γινομένοις
1433 2673 1533 2736 τὰς
1582 2672 1691 2726 τῶν

140 2760 419 2831 πασχόντων
475 2762 745 2832 ὀλολυγάς
804 2764 1213 2819 ἀποτελεῖσθαι·
1259 2767 1397 2838 αὑτὴ
1451 2768 1549 2838 μὲν
1599 2763 1692 2822 οὖν

138 2850 373 2911 ἀπώλειαν
415 2848 685 2926 ὑπομενεῖ
735 2855 1005 2929 παντελῆ·
1050 2856 1114 2911 τὸ
1162 2858 1220 2911 δὲ
1262 2859 1477 2912 εἴδωλον
1514 2858 1694 2913 αὐτῶν

1799 1959 1903 2005 tem
1948 1951 2173 2021 perdere
2212 1967 2309 2021 per
2355 1953 2455 2005 hoc
2498 1953 2761 2007 adversus
2803 1950 2942 2006 fetas
2994 1952 3216 2006 scelus:
3262 1951 3382 2003 illo-
3432 1962 3457 1975 ‘

1796 2058 1917 2095 rum
1949 2043 2171 2113 insuper
2200 2044 2474 2113 regionem
2511 2042 2825 2113 possidere,
2861 2051 2919 2096 ut
2950 2042 3196 2097 latiorem
3228 2043 3378 2096 inco-

1798 2135 1966 2188 latum
2002 2136 2283 2189 baberent.
2318 2134 2421 2189 Sed
2456 2136 2842 2205 superveniet,
2894 2135 3104 2205 inquit,
3151 2135 3222 2189 ob
3263 2134 3377 2188 haec

1802 2223 1974 2279 hostis
1996 2262 2010 2286 ,
2041 2224 2132 2292 qui
2178 2222 2381 2278 Rabbae
2413 2223 2613 2277 mmnia
2642 2224 2886 2279 destruet
2909 2265 2924 2290 ,
2957 2240 3078 2293 quae
3107 2234 3223 2277 erat
3252 2225 3375 2277 illo-

1792 2330 1911 2367 rum
1961 2315 2295 2384 metropolis.
2352 2313 2523 2368 Porro
2570 2315 2703 2369 urbe
2749 2330 2777 2367 a
2827 2314 3194 2370 fundamentis
3248 2330 3377 2384 per-

1790 2413 1953 2461 eunte
1974 2448 1987 2472 ,
2016 2413 2278 2475 tantoque
2307 2406 2535 2461 ardente
2558 2407 2699 2461 bello
2720 2448 2734 2472 ,
2760 2407 3129 2461 intolerabiles
3155 2406 3225 2460 ob
3253 2421 3374 2461 eam

1790 2512 1903 2552 rem
1938 2499 2265 2552 extollentur
2307 2498 2627 2568 patientium
2680 2499 2938 2554 ululatus.
2994 2498 3135 2553 Urbs
3190 2499 3375 2568 itaque

1789 2604 2103 2658 supremum
2135 2590 2360 2644 exitium
2388 2590 2737 2660 experietur:
2766 2590 3009 2659 ipsorum
3040 2597 3221 2644 autem
3252 2589 3374 2643 ido-

1790 2680 1934 2738 lum.
1984 2678 2252 2733 Melchom
2295 2679 2662 2748 appellatum,
2706 2679 3007 2733 abducetur
3047 2678 3253 2746 pariter
3288 2692 3376 2731 ca-

1789 2770 1996 2840 ptivum
2049 2784 2174 2823 cum
2222 2768 2602 2824 sacerdotibus
2648 2768 2864 2823 cunctis
2911 2782 2975 2822 ac
3019 2766 3365 2837 principibus

1795 2859 1999 2931 pOpuli.

137 2944 331 3017 Μελχδμ
381 2946 524 3005 οὕτω
576 2948 1110 3021 προσαγορευόμενον
1168 2951 1544 3022 ἀπαχθήσεται
1595 2952 1937 3025 αἰχμάλωτον
2003 2952 2222 3005 κάκεῖνο
2271 2950 2368 3005 σὺν
2409 2948 2581 3004 ἆπασι
2622 2951 2734 3014 τοῖς
2783 2965 2844 3002 τε
2904 2946 3244 3020 ίερατεύουσι
3276 2946 3370 3001 καὶ

136 3034 228 3095 τοῖς
249 3034 459 3105 ἄρχουσι
484 3036 594 3089 τοῦ
620 3037 772 3092 λαοῦ.

758 3132 915 3185 ΚΕΦ.
956 3132 1029 3184 B'.
1704 3140 1747 3198 C

194 3215 320 3289 Στίχ.
356 3226 508 3290 (τογ’.
541 3251 619 3264 —-
654 3239 673 3273 ι
719 3223 857 3277 Τάδε
903 3222 1051 3292 λέγει
1105 3223 1342 3295 Κύριον
1388 3224 1511 3278 Ἐπὶ
1554 3226 1673 3289 ταῖς

139 3307 281 3374 τρισὶν
323 3309 605 3374 ἀσεϐείαις
636 3310 807 3365 Μωάε
839 3313 934 3366 καὶ
968 3314 1060 3366 ἐπὶ
1099 3316 1220 3377 ταῖς
1249 3314 1541 3385 τέσσαρσιν
1574 3315 1674 3367 οὐκ

138 3396 597 3470 ἀποστραφήσομαι
644 3399 836 3467 αὐτὸν,
877 3400 994 3454 ἀνθ’
1035 3397 1111 3454 ὧν
1157 3401 1503 3455 κατέκαυσαν
1537 3401 1675 3453 ὀστᾶ

142 3483 360 3552 βασιλέως
402 3490 711 3559 Ἰδουμαίας
751 3492 831 3554 είς
872 3493 1075 3547 κονίαν.
1124 3512 1143 3544 ι
1182 3493 1305 3545 Ὀτι
1340 3493 1437 3563 μὲν
1465 3487 1557 3547 οὖν
1587 3491 1674 3545 διά

142 3576 325 3634 πάντων
357 3583 463 3635 τῶν
499 3583 710 3637 λοιπῶν
760 3585 1106 3657 παρανομίας
1149 3584 1296 3654 λέγει
1346 3584 1453 3638 τῶν
1483 3583 1671 3648 ἐθνῶν,

138 3665 191 3729 ἃς
224 3670 347 3723 κατὰ
374 3671 467 3726 τοῦ
512 3673 734 3745 Ἰσραὴλ
765 3675 1209 3746 ἐμηχανήσαντο,
1237 3674 1423 3745 δῆλον·
1471 3675 1532 3727 οὐ
1570 3672 1674 3744 μὴν

139 3760 234 3813 οὖδέ
266 3763 486 3819 ἐνταῦθα
522 3765 639 3821 τῶν
689 3768 1063 3838 προκειμένων
1108 3767 1403 3831 ἐναλλάξας
1449 3766 1675 3820 ἀκολου-

140 3850 253 3915 θίαν,
283 3855 362 3924 (p.
390 3857 531 3927 153)
567 3858 654 3911 ἐπ’
683 3858 890 3929 ἐκδικίᾳ
932 3857 1028 3911 τοὺ
1061 3858 1323 3929 βασιλέως
1374 3857 1675 3927 Ἰδουμαίας

141 3943 327 4013 ἐπάγειν
353 3949 524 4002 ταῦτά
554 3965 745 4020 φησιν’
786 3951 844 4013 ὃς
871 3967 934 4018 γε
960 3949 1053 4003 καὶ
1097 3949 1410 4020 Ἰδουμαίοις
1430 3949 1499 4001 τὰ
1515 3949 1677 4019 ὃμοια

141 4035 186 4086 ἐν
216 4038 311 4101 τοῖς
355 4041 651 4110 ἀνωτέροις
704 4041 1013 4111 ἠπειληκὼς
1055 4034 1254 4096 ὦπται.
1316 4040 1453 4094 Ἀλλ’
1487 4042 1674 4111 ἐπειδὴ

142 4122 262 4191 ὁμὲν
289 4126 387 4179 τῶν
430 4129 747 4198 Ἰδουμαίων
782 4130 1032 4199 βασιλεὺς
1058 4131 1331 4202 ἠϐουλήθη
1371 4132 1502 4185 ποτὲ
1533 4131 1669 4200 πρὸς

142 4213 322 4285 εἰρήνην
351 4218 440 4270 καὶ
494 4220 683 4288 φιλίαν
720 4220 906 4274 νεῦσαι
956 4221 1065 4276 τῶν
1107 4222 1489 4293 Ἰσραηλιτῶν,
1545 4225 1679 4290 ἀγα-

142 4309 464 4377 νακτήσαντες
500 4311 564 4365 δὲ
610 4312 702 4366 ἐπὶ
734 4312 944 4376 τούτοις
976 4313 1027 4368 οἱ
1070 4313 1361 4369 Μωαϐῖται
1407 4314 1676 4384 ἐπεστρά-

140 4398 302 4450 τευσάν
322 4418 376 4453 τε
403 4403 549 4455 κατὰ
573 4404 673 4474 τῆς
713 4404 1018 4474 Ἰδουμαίας
1044 4405 1307 4477 ἀπεχθείᾳ
1324 4405 1431 4458 τῶν
1472 4407 1679 4477 Ἰσραη-

2437 3125 2591 3182 CAP.
2633 3126 2700 3181 II.

1845 3221 1997 3290 101
2020 3216 2188 3273 VEas.
2205 3217 2322 3273 1-5.
2339 3245 2411 3260 -—
2430 3237 2451 3271 «ι
2471 3218 2596 3274 Haec
2617 3219 2750 3274 dicit
2774 3218 3064 3274 Dominus:
3082 3219 3256 3287 Super
3275 3216 3369 3272 ιτί-

1773 3312 1876 3368 bus
1889 3310 2184 3368 sceleribus
2218 3308 2374 3363 Moab
2402 3316 2455 3364 et
2482 3325 2646 3379 super
2676 3319 2910 3381 quatuor
2939 3326 3045 3364 non
3079 3308 3370 3364 arersabor

1773 3418 1998 3467 eum,eo
2013 3401 2154 3473 quod
2173 3400 2532 3456 combusserit
2548 3416 2672 3455 ossa
2690 3401 2829 3471 regis
2847 3399 3090 3454 Idumaeae.
3108 3415 3276 3469 usque
3298 3401 3367 3453 ad

1775 3494 2035 3549 cinerem.
2063 3511 2082 3545 ι
2132 3490 2290 3558 Quod
2319 3490 2373 3544 in
2408 3492 2632 3560 reliquis
2659 3492 2871 3545 cunctis
2897 3489 3041 3545 dicat
3084 3491 3365 3543 nationum

1775 3585 2113 3655 iniquitates,
2156 3597 2294 3652 quas
2342 3590 2532 3636 contra
2569 3581 2823 3637 lsraelem
2853 3581 3057 3635 molita:
3093 3589 3239 3640 sunt,
3271 3594 3365 3634 ex-

1782 3674 2056 3743 ploratum
2092 3680 2198 3729 est.
2240 3671 2306 3725 Et
2330 3672 2549 3742 quidem
2586 3671 2688 3725 hoc
2727 3671 2856 3725 item
2890 3670 3010 3725 loco
3050 3670 3195 3724 haud
3234 3684 3362 3722 mu-

1781 3772 1894 3819 tato
1921 3765 2193 3820 sermonis
2218 3772 2431 3827 tenore,
2455 3766 2526 3819 ob
2556 3763 2946 3818 vindicandum
2986 3762 3238 3816 Idumam:
3264 3776 3356 3815 re-

1778 3871 1897 3927 gem
1923 3855 2038 3909 haec
2070 3870 2129 3909 se
2163 3854 2461 3925 adjungere
2489 3855 2600 3921 ait;
2631 3870 2754 3909 cum
2787 3861 2970 3908 tamen
3005 3854 3058 3906 in
3096 3852 3350 3923 superio—

1777 3947 1934 4002 ribus
1991 3948 2142 4015 paria
2190 3946 2578 4001 interminatus
2622 3944 2875 4001 Idumaais
2918 3946 3185 4001 videatur.
3245 3942 3355 3997 Sed

1778 4040 1909 4109 quia
1940 4038 2307 4092 rexldumwae
2359 4037 2649 4107 aliquando
2710 4038 2876 4091 voluit
2920 4052 3107 4105 pacem
3161 4034 3354 4087 amici-

1781 4131 2023 4199 tiamque
2056 4144 2179 4183 cum
2217 4128 2477 4183 lsraelitis
2513 4143 2860 4197 componere,
2905 4126 3172 4194 indignati
3205 4127 3274 4179 ob
3300 4123 3358 4178 id

1780 4220 2032 4275 Moabita:
2060 4221 2205 4275 bello
2236 4220 2626 4290 appetiverunt
2677 4218 2967 4272 ldumzeam
2999 4218 3125 4271 odio
3178 4216 3360 4272 Israe-

1779 4312 2000 4366 litarum
2036 4330 2049 4365 :
2082 4320 2136 4366 et
2183 4327 2307 4365 cum
2351 4312 2594 4364 victores
2647 4309 3005 4374 exstitissent,
3042 4324 3140 4362 ceu
3183 4308 3357 4361 victo-

1781 4404 1916 4458 riale
1940 4402 2211 4473 quoddam
2248 4401 2579 4456 sacriﬁcium
2602 4399 2764 4455 idolis
2788 4400 2907 4454 suis
2936 4400 3081 4469 regis
3109 4398 3359 4452 Idumam:

142 4481 289 4549 λιτῶν,
333 4493 421 4543 καὶ
446 4493 795 4564 νενικηκότες
831 4494 1019 4566 ὥσπερ
1045 4495 1168 4548 τινὰ
1190 4495 1378 4549 θυσίαν
1405 4497 1669 4550 ἐπινίκιον

1790 4494 2090 4549 δὺιυιενιιηι
2125 4494 2530 4554 mactationem,
2556 4491 2664 4545 imo
2692 4493 2867 4560 ipsum
2893 4498 2947 4544 et
2971 4491 3353 4545 holocaustum

143 4578 231 4638 τοῖς
267 4581 487 4647 εἰδώλοις
527 4587 643 4648 τοῖς
678 4585 896 4649 οἰκείοις
927 4584 1022 4640 τοῦ
1063 4586 1323 4658 βασιλέως
1351 4588 1453 4658 τῆς
1514 4589 1675 4643 Ἰδου-

148 4668 281 4732 μαίας
308 4677 649 4745 προσήγαγον
690 4675 790 4746 τὴν
840 4677 1083 4749 σφαγὴν,
1116 4678 1196 4730 ἔτι
1235 4679 1327 4731 καὶ
1376 4678 1676 4733 ὁλοκαυτὼο

148 4769 303 4821 σαντες
345 4763 500 4817 αὑτὸν
562 4764 656 4816 ἐπὶ
703 4766 770 4836 τῇ
818 4763 997 4837 θυσίᾳ.
1052 4767 1221 4821 Τοῦτο
1266 4765 1358 4822 οὖν
1413 4769 1560 4838 λέγει
1590 4769 1671 4835 τὸ,

151 4846 528 4906 «Κατέκαυσαν
570 4856 704 4907 ὀστᾶ
758 4853 1019 4923 βασιλέως
1080 4860 1381 4930 Ἰδουμαίας
1448 4862 1528 4924 εἰς
1586 4879 1676 4915 κο-

146 4935 258 5023 Ϊίαν,
286 4958 314 4991 ι.
336 4942 428 5013 τὴν
471 4948 839 5017 προσαγωγὴν
883 4947 1057 5016 λέγων
1085 4950 1178 5002 καὶ
1212 4950 1310 5020 τὴν
1344 4953 1559 5023 σφαγὴν
1588 4953 1673 5021 ἐφ’

148 5015 262 5096 ᾗπερ
298 5027 479 5103 ὥσπερ
504 5032 920 5099 ὁλοκαυτοῦντες
963 5037 1124 5091 αὐτὸν
1151 5039 1230 5101 είς
1277 5040 1458 5093 κονίαν
1507 5041 1671 5095 αὐτοῦ

148 5114 200 5165 τὰ
233 5116 349 5172 ὀστᾶ
391 5123 859 5195 μεταϐεϐλήκασιν
885 5140 901 5156 ⁸
937 5126 1246 5197 ὀργίζεσθαι
1283 5130 1382 5199 μὲν
1412 5127 1505 5184 οὖν
1534 5132 1675 5185 κατά

147 5204 231 5295 τῶν
246 5209 532 5268 Μωαϐιτῶν
553 5213 722 5283 λέγει,
751 5217 891 5288 ὑπὲρ
913 5218 1010 5287 τῆς
1027 5219 1204 5282 αἰτίας
1230 5220 1297 5272 δι’
1318 5222 1385 5293 ἢν
1407 5223 1675 5295 ἀπεχθείᾳ

148 5294 198 5361 τῇ
243 5298 362 5367 upo;
412 5304 538 5366 τοὺς
609 5305 948 5377 Ἰσραηλίτας
1004 5308 1273 5381 τοσαύτην
1334 5294 1674 5376 ἐπεδείξαντο

150 5385 261 5476 κατὰ
280 5390 364 5444 τοῦ
392 5392 650 5461 βασιλέως
681 5398 781 5467 τῆς
822 5399 1121 5469 Ἰδουμαίας
1148 5400 1246 5473 τὴν
1274 5402 1462 5474 ὀργήν.
1501 5404 1673 5476 ’Υπὲρ

150 5471 390 5535 δέτούτων
434 5485 518 5551 cl;
569 5506 587 5537 ι
633 5488 1007 5553 Ἐξαποστελῶ
1056 5490 1167 5564 πῦρ
1195 5471 1287 5547 ἐπὶ
1338 5471 1531 5561 Meae,
1580 5471 1674 5551 καὶ

151 5574 478 5643 καταφάγεται
508 5580 731 5651 θεμέλια
754 5583 863 5636 τῶν
899 5583 1104 5637 πόλεων
1137 5584 1300 5638 αὑτοῦ
1319 5602 1333 5618 ⁸
1363 5587 1456 5640 καὶ
1479 5588 1674 5642 ἐναποο

153 5652 350 5716 θανεῖται
390 5668 447 5720 ἐν
489 5669 755 5743 ἀδυναμίᾳ
784 5671 959 5726 Μωάϐ
999 5674 1136 5744 μετὰ
1181 5675 1366 5745 φωνῆς
1403 5676 1497 5729 καὶ
1535 5677 1674 5746 μετὰ

154 5752 351 5821 κραυγῆς
395 5758 716 5830 σάλπιγγος’
750 5763 842 5815 καὶ
872 5762 1236 5832 ἐξολοθρεύσω
1267 5765 1459 5836 κριτὰς
1499 5766 1556 5827 ἐξ
1584 5767 1674 5821 au)-

1784 4586 1838 4640 in
1870 4601 1966 4639 ara
2000 4586 2267 4640 fecerunt.
2306 4584 2362 4638 Id
2413 4586 2557 4639 enim
2603 4586 2784 4638 valent
2830 4584 3017 4647 verba,
3049 4595 3067 4628 ι
3093 4581 3360 4637 Combus-

1782 4682 2120 4744 serunt_ossa
2156 4674 2550 4745 regisIdumea:
2571 4690 2744 4743 usque
2764 4673 2832 4727 ad
2869 4672 3104 4738 cinerem
3130 4671 3353 4735 ,tobla-

1783 4767 1985 4822 tionem
2027 4767 2215 4821 dicens
2243 4774 2299 4820 ct
2332 4766 2560 4829 eaedem,
2607 4766 2660 4819 in
2688 4780 2795 4835 qua
2832 4766 3008 4834 ipsum
3048 4761 3353 4815 holocausti

1781 4861 1888 4915 ritu
1921 4868 2249 4924 cremantes,
2298 4874 2424 4915 ossa
2446 4859 2567 4928 ejus
2604 4859 2659 4912 in
2707 4858 2946 4913 cinerem
3002 4856 3349 4923 redegerunt.

1779 4952 1870 5006 Ait
1915 4967 2046 5022 ergo
2089 4952 2253 5015 Deus,
2311 4950 2580 5021 indignari
2632 4966 2689 5005 se
2735 4949 3008 5012 Moabilis,
3053 4948 3181 5016 quia
3225 4945 3353 4999 odio

1781 5037 2167 5103 Israelitarum,
2206 5044 2415 5090 tantam
2446 5036 2709 5090 adversus
2744 5034 2989 5088 Idumam:
3012 5049 3190 5103 regem
3214 5033 3350 5085 iram

1779 5135 2167 5183 exseruerunt.
2208 5125 2347 5191 Quid
2394 5125 2519 5180 inde
2554 5126 2753 5194 porro?
2787 5144 2803 5176 ι
2829 5123 3121 5178 Immittam
3171 5124 3347 5191 ignem

1781 5219 1837 5274 in
1870 5216 2052 5280 Moab,
2104 5224 2159 5272 et
2201 5215 2489 5271 devorabit
2541 5216 2896 5270 fundamenta
2944 5215 3163 5268 urbium
3206 5213 3346 5281 ejus.

1779 5310 1847 5364 Et
1873 5309 2139 5364 morietur
2184 5308 2239 5361 in
2274 5307 2475 5361 virium
2506 5307 2825 5361 infirmitate
2871 5304 3030 5359 Moab
3073 5320 3198 5359 cum
3235 5305 3350 5357 cla~

1778 5415 1932 5454 more
1954 5409 2009 5454 et
2044 5399 2302 5468 clangore
2356 5397 2519 5455 tubae.
2549 5397 2612 5450 Et
2670 5396 2986 5465 disperdam
3015 5395 3231 5463 judices
3281 5394 3349 5448 ab

1778 5506 1864 5557 eo,
1908 5491 2264 5560 ejusdemque
2301 5489 2578 5559 principes
2619 5503 2811 5542 omnes
2859 5487 3185 5542 interﬁciam
3222 5501 3346 5540 cum

1779 5584 1917 5651 ipso,
1973 5582 2109 5637 dicit
2162 5582 2499 5637 Dominus.»
2566 5581 2895 5636 Adventabit
2930 5583 3097 5644 enim,
3151 5579 3345 5649 inquit,

1779 5675 1955 5730 hostis
2010 5682 2240 5730 cunctas
2294 5690 2485 5729 eorum
2531 5674 2783 5729 civitates
2826 5681 3171 5739 vastaturus;
3213 5672 3349 5728 adeo

1780 5769 1939 5824 ut‘ad
1973 5778 2270 5824 extremam
2301 5767 2508 5824 redacti
2541 5767 2843 5833 miseriam,
2900 5784 3077 5840 neque
3112 5768 3348 5824 ferenda:
