3954 6516
531 367 634 423 955

1681 372 2029 431 TllEODORl
2064 375 2543 434 MOPSUESTENI

3675 385 3761 446 9.56

537 484 902 555 magnitudini
950 484 1282 551 inﬂictorum
1325 487 1594 542 malorum
1628 505 1955 560 pares,cum
1990 495 2102 549 cia-

2223 496 2322 560 τοῦ,
2342 500 2434 551 καὶ
2456 497 2662 562 πάντας
2682 499 2945 570 ἄρχοντας
2966 497 3128 552 αὐτοῦ
3154 499 3434 553 ἀποκτενῶ
3451 495 3568 571 μετ’
3591 498 3761 569 αὺτοῦ,

536 589 688 630 more
719 593 915 649 magno
945 579 1086 632 inter
1131 578 1452 633 bellicarum
1501 581 1754 635 tubarum
1793 583 2102 654 clangorem

537 677 766 721 mortem
802 668 1092 738 oppetituri
1115 669 1246 724 sint.
1280 670 1456 740 Atque
1471 679 1529 724 ut
1558 675 1873 729 summatim
1897 677 2098 740 dicam,

536 764 750 812 tantum
785 761 888 813 erit
920 760 1138 814 illorum
1171 761 1416 829 exitium,
1443 764 1598 833 102
1625 773 1683 818 ut
1713 782 1889 836 neque
1931 768 2102 837 judex

540 863 730 902 eorum
784 851 982 920 aliquis
1041 868 1218 922 neque
1262 853 1518 924 princeps
1567 856 1953 926 superfuturus
2007 859 2100 925 sit,

537 940 752 994 cunctis
787 941 974 996 eodem
1013 950 1258 1012 tempore
1292 945 1570 999 occisione
1598 943 1812 1001 deletis.

2209 587 2355 656 λέγει
2382 587 2598 658 Κύριος.
2627 608 2645 640 ι
2680 589 3056 643 Ἐπελεύσεται
3083 590 3210 660 γὰρ,
3237 590 3417 661 φησὶν,
3447 593 3475 644 ό
3503 589 3761 660 πολέμιος,

2213 679 2391 743 πάσας
2419 679 2594 734 αὐτῶν
2620 681 2892 749 ἀφανίζων
2934 682 3031 745 τὰς
3061 682 3242 745 πόλεις
3263 699 3276 713 ⁸
3302 685 3392 751 (p.
3422 682 3522 735 154
3545 683 3561 750 )
3589 681 3664 744 ὡς
3699 684 3765 746 εἰς

2211 771 2444 841 ἐσχάτην
2460 770 2876 840 κατενεχθέντας
2891 771 3192 836 ἀσθένειαν,
3218 772 3310 826 καὶ
3331 772 3463 843 μηδέ
3481 771 3765 844 ἀρκοῦντας

2215 860 2352 931 πρὸς
2375 861 2434 913 τὸ
2459 860 2688 931 μέγεθος
2709 861 2815 914 τῶν
2835 864 3188 932 ἐπαγομένων
3209 863 3390 926 αὐτοῖς
3410 862 3616 927 κακῶν,
3647 862 3765 931 μετά

2215 951 2472 1021 μεγίστης
2521 953 2665 1015 τινὸς
2698 952 2880 1022 φωνῆς
2906 969 2964 1005 τε
3007 953 3100 1005 καὶ
3131 957 3379 1024 κραυγῆς
3405 953 3514 1006 τῶν
3559 952 3766 1023 πολεμι-

538 1031 649 1085 κῶν
674 1032 985 1102 σαλπίγγων
1013 1035 1238 1089 θάνατον
1271 1037 1589 1107 ὑπομεῖναι·
1632 1039 1910 1110 συντόμως
1935 1059 1990 1094 τε
2022 1043 2212 1111 εἰπεῖν,
2241 1043 2490 1108 τοσοῦτος
2514 1046 2731 1117 ὄλεθρος
2764 1045 2941 1100 αὐτῶν
2972 1046 3143 1112 ἔσται,
3183 1050 3258 1112 ώς
3290 1048 3364 1120 μὴ
3390 1047 3581 1119 κριτὴν
3610 1048 3767 1102 αὐτῶν

539 1125 672 1196 μηδὲ
695 1127 928 1196 ἄρχοντα
950 1129 1355 1200 περιλειφθῆναι
1384 1131 1603 1200 μηδένα,
1635 1134 1848 1187 πάντων
1874 1136 2051 1189 αὐτῶν
2074 1137 2424 1192 ἀπολωλότων
2452 1140 2725 1207 καθάπαξ.

611 1214 780 1270 Vsus.
824 1220 878 1279 4,
914 1219 967 1271 5.
990 1249 1059 1261 -
1101 1219 1192 1274 Sic
1223 1227 1400 1275 autem
1430 1224 1668 1278 narratis
1696 1241 1814 1293 quae
1868 1224 2114 1281 finitimis

539 1317 804 1362 eventura
852 1317 1008 1364 erant
1026 1311 1096 1365 ob
1130 1312 1370 1380 ipsorum
1416 1315 1679 1371 adversus
1699 1315 1975 1372 Israelitas
2006 1318 2113 1372 ini-

541 1396 828 1464 quitatem.
871 1401 1142 1454 convertit
1179 1416 1237 1456 se
1256 1418 1379 1456 mox
1416 1406 1682 1474 propheta
1714 1408 1778 1461 ad
1802 1424 1887 1463 res
1914 1409 2112 1478 populo

543 1503 760 1557 quoque
810 1505 911 1544 suo
966 1503 1294 1559 eventuras;
1331 1494 1722 1552 demonstrans
1770 1501 1916 1569 quod
1968 1501 2112 1554 sicut

543 1579 622 1633 illi
654 1581 908 1650 puniendi
956 1592 1113 1637 erant
1141 1585 1210 1638 ob
1251 1601 1404 1639 suam
1437 1596 1626 1642 contra
1661 1589 1918 1660 populum
1947 1607 2113 1661 pecu-

2288 1229 2434 1300 Στίχ.
2467 1229 2596 1295 δ’,ε’.
2633 1261 2704 1271 -—
2733 1229 2887 1283 Οὕτω
2930 1230 2986 1283 δὲ
3013 1229 3080 1283 τὰ
3107 1231 3218 1293 τοῖς
3246 1228 3541 1300 περιοίκοις
3576 1229 3767 1298 συμϐη-

2218 1323 2419 1394 σόμενα
2464 1323 2603 1393 ὑπὲρ
2649 1324 2746 1394 τῆς
2777 1325 2857 1387 εἰς
2901 1323 3027 1385 τοὺς
3067 1321 3402 1393 Ἰσραηλίτας
3447 1320 3768 1391 παρανομίας

2215 1411 2450 1484 εἰρηκὼς
2476 1414 2503 1466 ὁ
2537 1414 2839 1484 προφήτης,
2869 1413 3128 1484 τρέπεται
3159 1413 3342 1466 λοιπὸν
3367 1411 3456 1463 ἐπὶ
3482 1410 3548 1463 τὰ
3569 1410 3647 1480 τῷ
3673 1410 3770 1480 λαῷ

2215 1503 2632 1574 συμϐησόμενα,
2686 1504 2897 1567 δεικνὺς
2939 1505 3018 1557 ὅτι
3061 1503 3258 1557 ἐκεῖνοί
3303 1518 3360 1556 τε
3394 1502 3534 1572 ύπέρ
3565 1500 3668 1570 τῆς
3703 1503 3769 1565 εἰς

2216 1594 2439 1658 τούτους
2463 1594 2676 1659 ἀδικίας
2703 1595 2932 1665 ῆμελλον
2961 1579 3337 1666 τιμωρεῖσθαι,
3365 1593 3439 1656 ώς
3467 1591 3531 1646 ἂν
3555 1595 3632 1654 εἰς
3657 1593 3769 1645 Θεὸν

543 1670 755 1726 liariter
789 1671 896 1727 Deo
935 1674 1208 1728 addictum
1257 1677 1630 1747 iniquitatem;
1688 1682 1759 1735 ita
1814 1684 1976 1738 etiam
2016 1701 2112 1755 po-

2223 1679 2369 1757 ᾦπερ
2408 1687 2704 1756 προσήκειν
2745 1686 2942 1749 αὐτοὺς
2989 1684 3269 1739 συνέϐαινε
3330 1684 3486 1738 τοῦτο
3533 1684 3771 1754 πλημμε-

546 1762 708 1830 pulus
740 1779 953 1833 pcenam
986 1781 1093 1819 non
1142 1765 1361 1837 eﬂ‘ugiet
1392 1770 1590 1839 ingrati
1642 1773 1728 1826 sui
1775 1787 1902 1842 erga
1945 1773 2112 1830 Deum

546 1854 737 1907 animi.
773 1854 1016 1909 Meminit
1040 1872 1168 1911 vero
1216 1857 1269 1912 in
1299 1859 1491 1928 primis
1525 1861 1702 1918 tribus
1735 1862 1907 1929 Judaa,
1954 1882 2112 1935 quam

548 1945 819 2014 praecipue
876 1963 1036 2016 poma
1091 1950 1309 2020 dignam
1375 1961 1582 2017 censet,
1636 1939 1922 2026 propterea
1973 1961 2115 2029 quod

548 2039 697 2093 circa
732 2039 823 2093 Dei
879 2042 1134 2111 templum
1180 2044 1462 2109 habitans,
1505 2047 1676 2100 nihilo
1704 2057 1883 2104 tamen
1939 2053 2118 2108 minus

549 2127 852 2197 irreligiusa
883 2140 1019 2185 erat.
1054 2130 1145 2186 Sic
1174 2142 1352 2188 autem
1398 2136 1546 2190 fatur
1580 2155 1592 2191 :
1632 2156 1648 2189 ι
1677 2137 1799 2194 [hee
1847 2142 1980 2196 dicit
2015 2142 2119 2198 Do-

550 2218 735 2274 minus
771 2237 784 2272 :
823 2217 998 2290 Super
1049 2223 1229 2279 tribus
1283 2227 1582 2284 sceleribus
1616 2227 1848 2284 filiorum
1886 2232 2037 2288 Judae
2065 2245 2119 2290 et

551 2326 716 2380 super
751 2321 982 2380 quatuor
1014 2330 1120 2368 non
1154 2317 1449 2371 aversabor
1475 2333 1593 2373 eos.
1624 2339 1641 2370 ›
1679 2319 1978 2380 Peccantes
2021 2326 2118 2380 bos

550 2417 927 2469 saepenumero
959 2403 1139 2459 odisse
1173 2421 1231 2462 se
1266 2406 1420 2472 dicit,
1448 2410 1576 2478 quia
1609 2411 1662 2464 in
1710 2413 1988 2481 impietate
2021 2432 2118 2470 sua

551 2503 994 2562 perseverarunt.
1043 2495 1160 2548 Mox
1221 2497 1381 2550 etiam
1434 2513 1606 2568 paenae
1665 2516 1887 2556 causam
1936 2504 2116 2560 dicit:

556 2603 576 2636 ι
602 2587 895 2657 Propterea
928 2589 1072 2658 quod
1108 2591 1411 2658 abjecerint
1444 2594 1613 2664 legem
1651 2594 1864 2650 Domini
1892 2609 1943 2653 et
1967 2615 2120 2654 man-

550 2677 676 2732 data
695 2679 816 2748 ejus
839 2697 944 2735 non
974 2683 1392 2737 custodiverint.
1414 2685 1478 2738 Et
1509 2685 1844 2755 deeeperunt
1867 2705 1962 2743 eos
1979 2706 2119 2744 vana

553 2770 741 2840 (idola)
773 2788 870 2826 sua
903 2789 1023 2843 quae
1045 2773 1312 2840 fecerant,
1346 2786 1468 2844 post
1500 2794 1620 2847 qua:
1653 2779 1903 2834 abierant
1937 2791 2121 2851 patres

550 2877 764 2918 eorum.
793 2884 812 2914 ι
840 2865 1078 2935 Namque
1093 2877 1145 2920 et
1168 2867 1220 2920 hi
1240 2868 1441 2921 nullam
1472 2871 1849 2926 mandatorum
1874 2889 2118 2929 meorum

553 2953 816 3008 rationem
865 2954 1061 3010 habere
1095 2957 1407 3024 voluerunt,
1447 2969 1501 3013 et
1529 2959 1798 3014 idolorum
1850 2963 2021 3017 cultui
2061 2978 2137 3018 se‘

2215 1777 2431 1840 λοῦντες
2459 1775 2535 1846 τῷ
2566 1777 2782 1848 τρόπῳο
2813 1769 2958 1830 οὗτοί
2990 1795 3047 1830 τε
3081 1778 3139 1830 οὐ
3177 1776 3550 1845 διαφεύξονται
3580 1777 3680 1847 τὴν
3705 1795 3771 1830 τι·

2219 1870 2428 1941 μωρίαν
2475 1869 2785 1942 ἀγνώμονες
2838 1871 2967 1942 περὶ
3010 1870 3142 1924 Θεὸν
3173 1872 3481 1939 γεγονότεςο
3516 1869 3772 1940 μέμνηται

2220 1961 2401 2032 μέντοι
2450 1962 2709 2033 πρότερον
2743 1963 2840 2032 τῆς
2891 1959 2984 2014 τοῦ
3030 1959 3198 2013 Ἰούδα
3229 1959 3403 2029 φυλῆς
3439 1960 3515 2022 ὡς
3569 1958 3642 2012 ἀν
3690 1961 3772 2030 μά-

2216 2052 2374 2105 λιστα
2429 2053 2695 2124 τιμωρίας
2749 2052 2950 2117 ἀξιῶν,
3019 2052 3160 2124 ὑπὲρ
3213 2047 3288 2106 ὧν
3349 2051 3481 2123 περὶ.
3523 2051 3617 2103 τὸν
3665 2052 3774 2105 ναὸν

2217 2142 2573 2213 τυγχάνοντες
2605 2143 2695 2196 τὸν
2723 2143 2883 2206 θεῖον,
2923 2141 3138 2206 οὐθενὸς
3169 2137 3329 2214 ἦττον
3357 2141 3609 2212 ἠσέϐουν·
3647 2141 3773 2209 λέγει

2218 2231 2274 2283 δέ
2321 2231 2515 2295 οὕτως·
2560 2252 2578 2283 ι
2617 2232 2754 2286 Τάδε
2799 2232 2947 2300 λέγει
2997 2231 3220 2303 Κύριοςο
3287 2231 3410 2283 Ἐπί
3440 2232 3563 2293 ταῖς
3619 2231 3774 2301 τρισὶν

2219 2322 2493 2386 ἀσεϐείαις
2536 2322 2665 2376 υἱῶν
2719 2322 2888 2376 Ἰούδα
2936 2324 3028 2375 καὶ
3072 2323 3163 2374 ἐπὶ
3207 2324 3328 2385 ταῖς
3353 2322 3651 2391 τέσσαρσιν
3693 2322 3774 2374 ούκ

2219 2416 2716 2485 ἀποστραφήσομαι
2747 2414 2962 2477 αὐτούς.
3000 2435 3018 2466 ι
3061 2414 3426 2485 Ἦσεϐηκότας
3458 2414 3552 2466 καὶ
3573 2411 3777 2474 τούτους

2222 2505 2483 2567 πολλάκις
2515 2509 2689 2575 μισεῖν
2714 2505 2906 2574 λέγων,
2936 2505 3228 2577 ἐπειδήπερ
3254 2505 3694 2576 ἐπιμεμενήκασι
3719 2507 3774 2575 τῇ

2220 2594 2427 2649 ἑαυτῶν
2470 2594 2694 2666 ἀσεϐείᾳ
2715 2610 2729 2625 '
2761 2590 2878 2648 εἷτα
2928 2597 3018 2649 καλ⁸
3043 2595 3140 2666 τὴν
3169 2595 3344 2649 αἰτίαν
3377 2594 3551 2663 λέγων
3585 2595 3686 2664 τῆς
3711 2611 3780 2647 τι·

2223 2686 2430 2757 μωρίας
2452 2727 2466 2750 ,
2507 2704 2526 2736 ι
2565 2687 2787 2739 Ἕνεκεν
2815 2685 2908 2739 τοῦ
2938 2685 3258 2740 ἀπώσασθαι
3288 2687 3482 2749 αὐτοὺς
3512 2685 3608 2738 τὸν
3637 2685 3778 2755 νόμον

2220 2779 2423 2850 Κυρίου
2447 2818 2462 2842 ,
2516 2775 2601 2851 (p.
2636 2779 2778 2849 155)
2810 2779 2901 2832 καὶ
2942 2779 3008 2832 τὰ
3052 2778 3447 2849 προστάγματα
3483 2776 3656 2831 αὐτοῦ
3695 2776 3781 2831 οὐκ

2220 2868 2586 2935 ἐφυλάξαντο·
2628 2869 2722 2922 καὶ
2760 2868 3059 2939 ἐπλάνησεν
3093 2869 3316 2933 ἑαυτοὺς
3350 2868 3418 2922 τὰ
3453 2869 3659 2939 μάταια
3697 2868 3778 2921 αὐ·

2219 2956 2326 3009 τῶν
2357 2956 2392 3010 ἀ
2438 2958 2727 3029 ἐποίησαν,
2780 2953 2861 3021 οἷς
2887 2957 3317 3029 ἐξηκολούθησαν
3351 2959 3399 3010 οἰ
3435 2957 3676 3029 πατέρες
3697 2957 3783 3010 αύ-

553 3042 902 3105 addixerunt,
955 3055 1325 3102 consentanea
1375 3050 1623 3118 patribus
1663 3053 1780 3106 suis
1829 3051 2119 3108 facientes.“

2223 3049 2327 3102 τῶν
2372 3049 2546 3103 όπίσω
2597 3048 2796 3105 αὐτῶν.
2841 3069 2860 3102 ι
2915 3050 3023 3104 Καὶ
3069 3049 3177 3122 γὰρ
3233 3050 3326 3103 καὶ
3355 3043 3501 3104 οὗτοι
3548 3051 3662 3104 τῶν
3698 3051 3781 3120 μὲν

554 3136 690 3200 Quid
721 3138 888 3205 ergo?
912 3156 929 3187 ι
954 3138 1242 3193 immittam
1272 3141 1449 3209 ignem
1485 3135 1537 3195 in
1575 3140 1791 3206 Judam,
1822 3154 1875 3198 et
1933 3144 2126 3202 Hieru-

559 3230 724 3282 salem
775 3226 1124 3282 fundamenta
1175 3229 1736 3296 vorabit.»Perdam,
1782 3234 1976 3304 inquit,
2029 3236 2126 3290 ho-

558 3321 721 3372 stium
758 3333 920 3371 manu
949 3328 1175 3374 cunctos
1196 3320 1349 3390 regni
1373 3321 1519 3377 illius
1536 3322 1765 3386 cives,et
1789 3324 2122 3382 llierusalem

556 3419 678 3457 eum
767 3405 921 3474 ipsis.
988 3405 1341 3477 Exploratum
1393 3421 1478 3466 est
1531 3415 1852 3482 pr0phetam
1899 3417 2013 3470 haec
2059 3416 2126 3472 de

554 3493 873 3565 Babyloniis
914 3496 1116 3562 dicere,
1163 3499 1253 3568 qui
1292 3499 1629 3556 Hierusalem
1677 3503 1922 3559 demoliti
1975 3513 2122 3572 sunt,

553 3597 608 3640 et
633 3586 786 3641 Juda:
823 3587 1022 3642 tribum
1066 3591 1335 3659 captivam
1394 3595 1813 3649 transtulerunt.
1854 3595 2123 3652 Caeterum

556 3680 609 3734 in
640 3683 1016 3750 sequentibus,
1054 3683 1121 3735 de
1173 3684 1406 3750 lsraelis,
1441 3685 1492 3739 id
1535 3696 1618 3741 est
1649 3687 1834 3742 decem
1884 3690 2124 3744 tribuum

555 3774 715 3829 malis
751 3775 999 3843 loquens,
1041 3775 1297 3846 Assyrios
1349 3784 1410 3831 ιιι
1447 3795 1541 3848 par
1586 3789 1669 3834 est
1727 3781 1991 3847 nominat,
2034 3783 2123 3851 qui

556 3865 736 3920 tribus
770 3867 893 3922 illas
920 3867 1263 3923 abduxerunt
1309 3854 1589 3939 captivas:
1623 3871 1987 3938 Quamobrem
2033 3889 2127 3944 ap-

556 3964 711 4025 paret
741 3973 904 4011 unam
922 3959 1085 4013 veluti
1107 3960 1415 4015 existimari
1442 3977 1472 4015 a
1503 3963 1764 4033 propheta
1804 3966 1988 4034 populi
2036 3982 2128 4021 ca-

551 4050 853 4120 ptivitatem
906 4051 976 4107 ab
1027 4052 1270 4123 Assyriis
1323 4067 1386 4108 ac
1428 4053 1738 4126 Babyloniis
1792 4069 2066 4126 peractam
2107 4077 2136 4112 ι

552 4155 866 4209 quanquam
915 4156 1105 4211 reapse
1148 4143 1238 4197 alii
1273 4143 1425 4199 fuere
1459 4146 1551 4215 qui
1594 4146 1777 4201 decem
1825 4148 2001 4204 tribus
2040 4164 2128 4204 ce-

554 4243 772 4302 perunt,
835 4234 990 4304 103
1039 4236 1251 4307 Assyrii
1299 4237 1551 4294 scilicet:
1584 4238 1863 4308 Babylonii
1919 4249 2122 4306 autem,

555 4321 647 4390 qni
691 4319 843 4375 Judac
876 4324 1077 4376 tribum
1135 4325 1604 4382 abstuleruntzet
1645 4328 1866 4398 quidem
1911 4338 2124 4400 tempus

555 4412 773 4481 aliquod
807 4414 1116 4469 intercessit
1144 4437 1156 4467 :
1187 4420 1266 4470 sic
1302 4429 1483 4472 tamen
1513 4420 1756 4475 universi
1789 4423 2123 4492 pOpuIieon-

555 4505 678 4573 tigit
720 4505 977 4574 compleri
1027 4507 1417 4576 captivitatem,
1461 4520 1694 4580 emptam
1729 4528 1758 4566 a
1789 4508 1993 4568 deccm'
2023 4516 2124 4568 tri-
2146 4566 2180 4581 _

555 4598 757 4660 bubus,
787 4606 839 4651 et
871 4599 923 4651 in
960 4596 1112 4652 Juda'e
1143 4599 1288 4653 tribu
1325 4601 1651 4657 absolutam.
1696 4603 1879 4668 Quare
1911 4611 1964 4658 et
1996 4621 2124 4675 pro-

555 4691 730 4761 pheta:
758 4701 1048 4746 eventuras
1106 4693 1303 4762 populo
1366 4707 1450 4748 res
1493 4692 1904 4757 denuntiantes,
1963 4696 2126 4750 modo

556 4782 701 4846 illos,
761 4781 925 4837 modo
963 4783 1061 4837 hos
1112 4793 1433 4848 memorant,
1491 4785 1618 4854 quia
1669 4788 1828 4840 ambo
1869 4787 2124 4855 populum

555 4887 723 4925 unum
777 4874 1140 4934 constituunt,
1199 4883 1359 4943 atque
1417 4873 1484 4928 ad
1543 4889 1702 4927 unam
1761 4876 2124 4930 communiter

553 4965 923 5032 captivitatem
953 4965 1187 5018 traducti
1223 4965 1476 5032 fuerunt;
1519 4967 1733 5022 etiamsi
1769 4967 1884 5021 haec
1923 4967 2120 5022 distin-

553 5057 657 5111 ctis
689 5055 1020 5125 temporibus
1055 5057 1302 5127 conligit.

2227 3141 2404 3211 νόμων
2465 3141 2558 3195 καὶ
2595 3141 2703 3196 τῶν
2758 3143 3191 3214 προσταγμάτων
3243 3142 3350 3198 τῶν
3405 3141 3556 3214 ἐμῶν
3609 3142 3784 3196 οὐθένα

2223 3233 2379 3303 λόγον
2419 3234 2686 3287 ποιεῖσθαι
2716 3234 3000 3304 ἠϐούλοντο
3020 3274 3035 3299 ,
3056 3237 3121 3306 τῇ
3148 3235 3203 3288 δὲ
3228 3235 3336 3289 τῶν
3362 3233 3603 3288 εἰδώλων
3632 3251 3784 3306 προσι

2225 3325 2433 3391 ανεῖχον
2455 3321 2735 3393 θεραπείᾳ,
2768 3321 3033 3376 ἀκόλουθα
3061 3325 3173 3386 τοῖς
3210 3322 3417 3376 ἐαυτῶν
3442 3322 3784 3393 ἐργαζόμενοι

2226 3413 2482 3484 πατράσι.
2529 3413 2593 3465 Τί
2631 3408 2755 3478 οὖν;
2805 3432 2822 3464 ι
2869 3412 3240 3479 Ἐξαποστελῶ
3273 3413 3382 3486 πῦρ
3419 3414 3512 3467 ἐπὶ
3555 3413 3780 3478 Ἰούδαν,

2226 3504 2320 3558 καὶ
2362 3505 2735 3573 καταφάγεται
2769 3504 2994 3574 θεμέλια
3037 3505 3405 3577 Ἰερουσαλήμ.
3453 3524 3472 3557 ι
3523 3507 3785 3575 Ἀφανιῶ,

2227 3597 2378 3664 φησὶ,
2418 3595 2506 3649 διὰ
2524 3597 2632 3648 τῶν
2660 3595 2930 3666 πολεμίων
2952 3595 3077 3660 τούς
3099 3614 3156 3650 τε
3185 3597 3286 3668 τῆς
3317 3597 3598 3668 βασιλείας
3631 3600 3788 3654 amv-

2226 3703 2325 3748 τας
2358 3687 2606 3756 ἐκείνης,
2654 3687 2748 3740 καὶ
2777 3687 2874 3757 τὴν
2919 3687 3271 3760 Ἰερουσαλὴμ
3317 3691 3412 3743 σὺν
3451 3691 3662 3754 αὐτοῖς.
3699 3689 3788 3744 Εὕ-

2226 3775 2382 3846 δηλον
2424 3777 2480 3829 δὲ
2531 3777 2612 3830 ὅτι
2672 3777 2799 3847 περί
2834 3777 2942 3830 τῶν
2984 3778 3339 3831 Βαϐυλωνίων
3383 3777 3557 3830 ταῦτά
3604 3795 3786 3846 φησιν’

2227 3869 2422 3920 ἐκεῖνοι
2450 3867 2558 3938 γὰρ
2583 3869 2682 3938 τήν
2711 3885 2770 3920 τε
2811 3867 3162 3940 Ἰερουσαλὴμ
3190 3871 3521 3940 κατήγαγον,
3553 3869 3652 3923 καὶ
3680 3871 3788 3932 τοὺς

2226 3959 2324 4028 τῆς
2362 3958 2531 4012 Ἰούδα
2561 3959 2732 4029 φυλῆς
2765 3959 2954 4013 ἔλαϐον
2987 3959 3395 4030 αἰχμαλώτους’
3433 3959 3615 4014 καίτοι
3655 3961 3789 4028 γεέν

2226 4052 2338 4112 τοῖς
2381 4049 2518 4119 μετά
2567 4049 2740 4102 ταῦτα
2783 4049 2853 4103 τὰ
2897 4052 2976 4114 εἰς
3022 4051 3114 4104 τὸν
3176 4051 3421 4124 Ἰσραὴλ,
3453 4051 3556 4104 εἶτ’
3588 4047 3791 4113 οὖντὰς

2227 4140 2358 4194 δέκα
2414 4139 2619 4210 φυλάς,
2688 4141 2904 4212 μηνύων
2959 4142 3139 4209 κακὰ,
3197 4143 3304 4195 τῶν
3365 4143 3673 4213 Ἀσσυρίων
3726 4142 3794 4202 ὡς

2228 4234 2376 4295 εἰκὸς
2401 4233 2797 4304 ἐπιμέμνηται,
2826 4234 2984 4306 οἵπερ
3022 4231 3115 4288 οὖν
3153 4236 3348 4299 αὐτοὺς
3391 4235 3486 4288 καὶ
3519 4233 3793 4306 αἰχμαλώ-

2228 4340 2354 4386 τους
2401 4324 2656 4387 λαϐόντες
2704 4324 2982 4395 ἀπῆλθον·
3041 4327 3116 4390 ὡς
3163 4326 3320 4397 δῆλον
3373 4323 3513 4379 εἶναι
3560 4328 3646 4380 ὅτι
3679 4327 3794 4397 μίαν

2228 4416 2348 4469 τινὰ
2389 4416 2763 4486 αἰχμαλωσίαν
2801 4421 3014 4488 ἡγεῖται
3050 4418 3149 4488 τὴν
3179 4418 3306 4490 περί
3328 4419 3418 4472 τὸν
3449 4419 3580 4472 λαὸν
3613 4419 3716 4472 ὑπό
3742 4435 3793 4470 τε

2235 4505 2530 4577 Ἀσσυρίων
2571 4509 2939 4579 γεγενημένην
2991 4509 3085 4562 καὶ
3131 4509 3240 4562 τῶν
3289 4509 3693 4564 Βαϐυλωνίωνο
3753 4509 3795 4560 εἰ

2224 4597 2316 4650 καὶ
2339 4598 2513 4668 ἕτεροι
2549 4599 2645 4668 μὲν
2678 4595 2816 4670 ἦσαν
2848 4602 2895 4652 οἱ
2925 4599 3022 4663 τὰς
3049 4600 3180 4653 δέκα
3219 4600 3476 4666 λαϐόντες
3509 4602 3718 4671 φυλὰς,
3752 4599 3795 4651 οἱ

2237 4689 2546 4760 Ἀσσύριοι,
2596 4690 2766 4760 λέγω·
2809 4691 3138 4746 Βαϐυλώνιοι
3165 4693 3221 4746 δὲ
3249 4695 3296 4746 οἱ
3325 4694 3450 4756 τοὺς
3489 4694 3593 4763 τῆς
3640 4689 3799 4744 Ἰούδα

2223 4780 2479 4844 λαϐόντες
2502 4781 2674 4852 φυλῆς
2693 4798 2707 4811 ·
2739 4781 2832 4834 καί
2857 4799 2939 4845 τις
2961 4783 3054 4835 καί
3082 4782 3270 4853 χρόνος
3296 4784 3353 4836 ἐν
3378 4784 3531 4855 μέσῳ
3558 4784 3796 4852 γεγόνει·

2223 4871 2406 4943 ἐπειδὴ
2432 4871 2525 4924 τοῦ
2549 4873 2748 4936 παντὸς
2777 4873 2905 4926 λαοῦ
2931 4874 3028 4944 τὴν
3056 4874 3427 4945 αἰχμαλωσίαν
3451 4875 3651 4928 τοῦτον
3684 4891 3801 4926 σύν⁹

2223 4963 2320 5034 έϐη
2357 4964 2707 5034 πληρωθῆναι
2771 4966 2861 5017 τὸν
2909 4965 3134 5036 τρόπον·
3183 4965 3497 5038 ἀρξαμένην
3531 4967 3640 5037 μὲν
3703 4965 3802 5020 ἀπὸ

2226 5055 2334 5108 τῶν
2375 5056 2534 5119 δέκα,
2579 5057 2975 5128 περαιωθεῖσαν
3005 5057 3060 5110 δὲ
3091 5059 3170 5122 εἰς
3197 5058 3323 5120 τοὺς
3354 5057 3456 5128 τῆς
3497 5058 3680 5112 Ἰούδα
3710 5076 3804 5126 φνε-

552 5149 649 5221 λῆς
671 5168 682 5180 ·
713 5150 899 5222 διόπερ
926 5152 1017 5204 καὶ
1042 5154 1090 5204 οἰ
1120 5151 1389 5222 προφῆται
1430 5150 1497 5203 τὰ
1528 5151 1654 5221 περὶ
1692 5153 1780 5204 τὸν
1811 5150 1937 5204 λαὸν
1971 5151 2201 5220 ἐσόμενα
2243 5147 2674 5216 ἐξαγγέλλοντες,
2713 5149 2840 5202 ποτέ
2879 5150 2975 5219 μὲν
3017 5150 3268 5216 ἐκείνων,
3301 5151 3432 5202 ποτὲ
3465 5151 3522 5203 δέ
3566 5151 3804 5220 μέμνην-

550 5259 639 5294 ται
671 5242 893 5304 τούτων,
937 5247 1011 5310 (p.
1057 5241 1200 5312 15ιῖ.)
1227 5241 1300 5303 ὡς
1330 5241 1652 5311 ἀμφοτέρων
1685 5243 1762 5305 εἰς
1789 5242 1877 5295 τὸν
1910 5242 2036 5295 λαὸν
2065 5239 2475 5304 συντελούντων,
2508 5241 2643 5310 πρὸς
2681 5241 2810 5312 μίαν
2837 5242 2894 5295 τέ
2920 5259 3040 5296 τινα
3061 5243 3152 5296 τοῦ
3179 5242 3356 5298 κοινοῦ
3392 5241 3488 5313 τὴν
3523 5242 3806 5314 αἰχμαλω-

553 5335 674 5387 σίαν
696 5335 1136 5404 ἀναφερομένων,
1167 5332 1268 5385 κᾶν
1297 5335 1344 5384 εἰ
1367 5331 1708 5403 διῃρημένοις
1736 5349 1850 5395 πως
1871 5333 2082 5400 γεγόνει
2112 5335 2222 5395 τοῖς
2247 5335 2478 5402 καιροῖς.

627 5425 788 5480 Vsus.
813 5426 931 5481 6-8.
965 5459 1019 5469 —
1042 5444 1060 5476 ι
1087 5424 1210 5479 Haec
1229 5426 1360 5478 dicit
1384 5424 1646 5478 Dominus
1684 5443 1697 5479 :
1733 5423 1908 5494 Super
1947 5425 2122 5480 tribus

555 5515 1101 5576 sceleribuslsraelis,
1145 5525 1377 5584 etsuper
1407 5525 1643 5583 quatuor
1677 5529 1784 5567 non
1827 5515 2119 5568 aversabor

553 5623 701 5661 eum.
727 5626 742 5657 ι
772 5605 1064 5678 Postquam
1096 5607 1251 5674 dixit,
1291 5623 1349 5662 se
1380 5608 1502 5661 illos
1543 5614 1764 5676 propter
1807 5606 2120 5660 continuata

557 5699 931 5770 peceatajuste
948 5702 1209 5761 aversari.
1232 5707 1421 5755 narrat
1448 5701 1500 5753 in
1526 5697 1878 5769 sequentibus
1903 5697 2117 5752 illorum

559 5792 873 5862 iniquitates
909 5793 1170 5864 plurimas
1205 5813 1216 5848 :
1255 5814 1271 5846 ι
1297 5793 1589 5864 Propterea
1619 5791 1761 5864 quod
1785 5789 2122 5846 vendiderint

2292 5424 2440 5494 Στίχ.
2489 5429 2633 5494 ς’-η’.
2673 5452 2743 5464 —-
2784 5441 2804 5472 ι
2845 5423 2980 5476 Τάδε
3027 5423 3172 5492 λέγει
3229 5423 3449 5493 Κύριος·
3515 5422 3653 5477 Ἐπὶ
3693 5424 3806 5484 ταῖς

2222 5515 2399 5588 τρισὶν
2425 5513 2699 5578 ἀσεϐείαις
2740 5514 2955 5585 Ἰσραὴλ
2983 5514 3078 5567 καὶ
3109 5515 3199 5567 ἐπί
3226 5517 3346 5578 ταῖς
3374 5513 3684 5584 τέσσαρσιν
3713 5514 3806 5566 οὐκ

2223 5607 2718 5677 ἀποστραφήσομαι
2765 5607 2947 5661 αὐτόν.
2991 5626 3008 5659 ›
3059 5601 3188 5660 Εἶτα
3225 5604 3462 5676 εἰρηκὼς
3521 5606 3614 5659 ὅτι
3670 5603 3804 5674 ὺπέρ

2223 5692 2298 5755 ὧν
2345 5698 2746 5767 ἐπιτεταμένως
2803 5699 3032 5768 ήσέϐουν
3092 5696 3492 5768 ἀποστρέφεται
3555 5697 3802 5760 δικαίως,

2225 5789 2373 5858 λέγει
2421 5788 2656 5860 καθεξῆς
2680 5789 2770 5843 καὶ
2788 5789 2854 5844 τὰ
2873 5789 3075 5844 τούτων
3101 5787 3551 5861 πλημμελήματα
3579 5784 3804 5842 πλεῖστά
