3860 6510
158 354 255 409 ἓ57

1190 353 1736 411 COMMENTARIUS
1761 354 1827 411 IN
1864 354 2075 413 AMOSI
2109 354 2261 411 CAP.
2295 356 2360 410 ll.

3272 360 3375 416 258

158 484 215 535 γε
253 468 403 523 ὄντα.
439 487 457 520 ι
521 468 663 523 ’Δνθ“
694 463 770 524 ῶν
806 469 1062 525 ἀπέδοντο
1106 469 1314 525 δίκαιον
1364 472 1650 543 ἀργυρίου.
1690 490 1699 524 ι

1814 480 2038 543 argento
2066 472 2298 541 justum.
2322 494 2341 525 ι
2373 472 2588 528 Justum
2620 488 2767 529 nunc
2797 488 2907 529 non
2934 472 3067 529 dicit
3101 473 3374 529 hominem

157 558 367 611 Δίκαιον
396 560 453 611 οὐ
482 558 571 612 τὸν
601 560 718 613 κατ’
748 562 946 633 ἀρετὴν
973 560 1119 629 λέγει
1142 562 1256 628 νῦν,
1296 563 1431 615 ἀλλά
1452 563 1541 616 τὸν
1562 556 1714 635 ᾧπερ

156 651 241 701 ἐπὶ
279 650 382 718 τῆς
412 651 733 721 κινουμένης
764 652 1222 723 ἀμφισϐητήσεως
1259 654 1437 709 δίκαια
1466 656 1673 726 προσῆν
1695 673 1709 688 ·

156 740 235 791 ἵνα
253 741 384 812 εἴπῃ
410 742 491 793 ὅτι
515 742 811 811 χρημάτων
838 744 1181 813 προεδίδοσαν
1207 746 1332 809 τοὺς
1355 750 1467 811 τοῖς
1487 748 1711 812 δικαίοις

153 830 574 900 ὼχυρωμένους·
614 833 707 886 καὶ
754 833 1034 887 ἐπιτείνων
1078 836 1139 887 τὸ
1184 836 1501 906 λεγόμενον,
1549 857 1566 889 ι
1602 840 1712 892 Καὶ

151 921 355 990 πένητα
388 922 573 975 ἕνεκεν
604 925 964 995 ὑποδημάτων
1006 927 1113 981 τῶν
1146 928 1454 982 πατούντων
1484 929 1577 983 ἐπὶ
1618 930 1711 983 τὸν

149 1014 271 1083 χοῦν
316 1014 418 1083 τῆς
450 1016 573 1084 γῆς.
618 1035 636 1066 ι
676 1018 835 1087 ’Ἄχρι
890 1018 999 1088 γὰρ
1057 1020 1344 1085 τοσούτου,
1400 1021 1565 1091 φησὶ,
1612 1021 1710 1093 τὴν

147 1106 556 1175 αἰσχροκερδίαν
586 1107 853 1171 ἐξέτειναν
880 1108 978 1179 τὴν
1016 1110 1241 1174 ἑαυτῶν,
1278 1109 1417 1162 ὥστε
1462 1110 1570 1165 τῶν
1615 1129 1710 1163 πε-

147 1196 315 1264 νήτων
342 1196 649 1265 προδιδόναι
670 1198 730 1250 τὸ
757 1198 964 1251 δίκαιον
990 1200 1130 1271 ὑπὲρ
1153 1200 1546 1253 εὐτελεστάτων
1573 1200 1711 1271 λημ-

150 1286 326 1356 μάτων
350 1302 364 1314 ·
407 1288 567 1339 τοῦτο
603 1288 709 1358 γάρ
736 1289 885 1357 δηλοῖ
914 1289 990 1356 τὸ,
1020 1309 1039 1341 ι
1075 1290 1432 1361 ὑποδημάτων
1473 1291 1579 1345 τῶν
1609 1310 1709 1345 πα-

144 1379 372 1433 τούντων
411 1382 505 1435 ἐπὶ
536 1381 626 1434 τὸν
663 1382 791 1452 χοῦν
842 1384 939 1453 τῆς
977 1385 1111 1454 γῆς,
1154 1403 1173 1437 ι
1217 1386 1349 1457 ὅπερ
1390 1381 1457 1457 ἦν
1489 1386 1707 1457 ἔλεγχος

145 1474 312 1544 σαφὴς
349 1474 449 1526 τοῦ
505 1475 708 1545 μηδένα
759 1475 913 1544 λόγον
956 1477 1222 1531 ποιεῖσθαι
1256 1477 1349 1531 τοῦ
1391 1478 1621 1542 δικαίου,
1655 1478 1711 1531 εί

1818 565 2016 619 virtute
2064 574 2337 628 ornatum,
2390 565 2483 620 sed
2533 565 2684 619 illum
2728 566 2819 620 cui
2852 566 2906 620 in
2940 565 3121 629 litium,
3153 575 3375 621 contro~

1813 654 1990 709 versia
2041 653 2133 723 jus
2200 669 2411 723 aequum
2469 654 2805 709 reddendum
2870 662 3005 711 erat.
3060 654 3151 708 Ait
3213 655 3375 725 igitur

1813 753 2035 815 propter
2072 747 2353 815 pecuniam
2389 745 2631 815 proditos
2669 745 2840 801 fuisse
2864 747 3134 809 homines.
3174 746 3375 816 quibus

1812 838 2039 906 aequitas
2092 836 2230 905 juris
2279 837 2512 891 favebat.
2548 835 2943 907 lntendensque
2992 839 3168 891 adhuc
3214 837 3374 891 verba

1813 929 1887 982 ait
1921 947 1934 983 :
1979 948 1997 980 ι
2023 928 2086 981 Et
2115 944 2406 998 pauperem
2440 935 2659 997 propter
2680 930 3044 983 calceamenta
3069 945 3190 998 quae
3216 938 3373 983 terrae

1810 1020 2087 1088 pulverem
2113 1020 2344 1073 calcant.
2375 1039 2393 1070 ι
2427 1017 2609 1088 Usque
2655 1020 2811 1081 adeo,
2846 1019 3042 1089 inquit,
3097 1029 3253 1088 turpe
3292 1020 3370 1072 lu-

1810 1127 1964 1166 crum
2000 1126 2157 1166 suum
2190 1110 2607 1180 ampliaverunt,
2639 1118 2697 1163 ut
2728 1125 3030 1179 pauperum
3046 1112 3136 1179 jus
3155 1122 3371 1181 propter

1809 1204 2072 1259 vilissima
2098 1217 2325 1257 munera
2360 1202 2673 1257 venderent.
2696 1201 2751 1255 ld
2775 1204 2919 1257 enim
2947 1204 3159 1257 valeant
3187 1206 3372 1270 verba,

1814 1294 2086 1364 «Propter
2138 1295 2525 1359 calceamenta,
2581 1311 2702 1364 qua:
2740 1301 2896 1348 terra:
2947 1296 3219 1363 pulverem
3258 1297 3370 1350 cal-

1808 1395 1956 1453 cant,
1989 1405 2008 1438 ι
2046 1386 2189 1454 quod
2225 1400 2356 1441 sane
2384 1386 2641 1440 indicium
2689 1385 3034 1440 manifestum
3083 1394 3219 1449 erat,
3248 1388 3372 1441 nul-

1808 1481 2075 1549 lamzequi
2116 1478 2302 1533 haberi
2348 1477 2638 1541 rationem,
2683 1477 2727 1533 si
2780 1485 2890 1530 tam
2940 1477 3099 1532 facile
3130 1478 3200 1532 ob
3245 1479 3370 1533 vilia

142 1582 199 1632 γε
249 1565 341 1617 καὶ
390 1564 482 1616 ἐπ’
534 1565 773 1618 εὐτελέσι
826 1567 966 1619 αὐτά
1016 1566 1263 1639 λήμμασι
1327 1569 1699 1639 διεπράττοντο

1805 1570 2129 1625 munuscula
2162 1569 2233 1622 ita
2257 1584 2315 1624 se
2344 1569 2621 1638 gerebant.
2660 1586 2678 1619 ‹
2706 1567 2767 1621 Et
2788 1583 2967 1637 pugno
3002 1568 3369 1623 verberabant

141 1655 389 1718 εὐκόλως.
426 1674 444 1705 ι
494 1657 603 1709 Καὶ
631 1654 964 1720 ἐκονδύλιζον
1010 1660 1089 1722 εἰς
1118 1658 1355 1728 κεφαλὰς
1388 1659 1635 1730 πτωχῶν.
1679 1676 1699 1711 ι

1804 1664 1979 1734 capita
2007 1678 2326 1734 pauperum.
2354 1680 2371 1713 ι
2408 1661 2674 1731 Loquitur
2705 1660 2771 1715 de
2798 1660 3011 1723 iisdem,
3056 1663 3236 1730 aitque
3258 1679 3367 1717 non

141 1747 251 1798 Tth
278 1747 466 1800 αὐτῶν
494 1746 663 1815 λέγει,
697 1749 776 1801 ὃτι
808 1750 867 1801 οὐ
895 1750 1052 1819 μόνον
1077 1750 1174 1802 οὐκ
1208 1752 1485 1820 ἐπήμυνον
1521 1751 1699 1812 αὐτοῖς

1805 1754 1980 1809 solum
2015 1751 2270 1807 defensos
2311 1765 2419 1804 non
2466 1749 2635 1805 fuisse
2675 1749 2768 1818 jus
2800 1758 3041 1818 petentes
3078 1764 3365 1819 pauperes,

140 1838 311 1892 δίκαια
331 1838 603 1904 αἰτοῦσιν,
629 1840 763 1893 ἀλλά
788 1841 882 1894 καὶ
906 1842 1308 1912 προσέπληττον
1327 1842 1515 1906 ἀδεῶς.
1542 1842 1699 1897 Ὅθεν

1808 1844 1901 1901 sed
1950 1845 2177 1899 licenter
2231 1844 2392 1898 etiam
2444 1842 2782 1896 verberatos.
2830 1839 2982 1894 Unde
3024 1840 3219 1894 addit:
3259 1860 3275 1891 ι
3304 1842 3370 1894 Et

141 1929 346 1995 ἐπάγειν
373 1948 393 1982 ι
426 1930 540 1983 Καὶ
556 1930 673 1983 ὁδὸν
696 1932 964 1985 ταπεινῶν
983 1932 1278 1997 ἐξέκλιναν.
1310 1952 1327 1985 ι
1351 1934 1459 1989 Καὶ
1480 1933 1589 1987 τῶν
1612 1950 1708 1987 πε-

140 2021 469 2091 πραγμένων
491 2022 674 2085 αὐτοῖς
696 2064 709 2084 ,
728 2022 922 2092 φησὶν,
956 2022 1131 2093 ὀρθῶς
1164 2024 1395 2094 ἐχόντων
1412 2064 1425 2087 ,
1458 2025 1477 2092 (
1493 2039 1544 2092 p.
1568 2023 1704 2095 157)

144 2113 475 2183 μτὲτρεπον
518 2115 598 2177 είς
638 2115 944 2169 τούναντίον
991 2115 1086 2186 τὴν
1129 2115 1342 2184 κρίσιν,
1381 2114 1706 2186 ἀμελοῦντες

141 2204 302 2256 αὐτῶν
337 2203 431 2256 διὰ
468 2204 566 2275 τὴν
608 2206 986 2276 ταπεινότητα.
1045 2225 1063 2257 ι
1100 2207 1209 2259 Καὶ
1242 2206 1355 2270 υίὸς
1398 2208 1493 2260 καὶ
1525 2205 1705 2277 πατὴρ

136 2294 289 2347 αὐτοῦ
348 2296 767 2367 εἰσεπορεύοντο
819 2300 955 2370 πρὸς
1006 2299 1106 2369 τὴν
1155 2298 1323 2367 αὐτὴν
1377 2299 1703 2369 παιδίσκην,

140 2387 273 2449 ὅπως
297 2385 659 2457 βεϐηλώσωσι
699 2388 759 2440 τὸ
784 2388 953 2458 ὄνομα
982 2387 1074 2441 τοῦ
1108 2388 1243 2441 Θεοῦ
1269 2386 1474 2441 αὐτῶν·
1502 2388 1596 2442 καὶ
1635 2387 1706 2441 τὰ

142 2476 317 2546 ἱμάτια
346 2479 540 2532 αὐτῶν
566 2479 919 2550 δεσμεύοντες
950 2481 1201 2550 σχοινίοις
1230 2481 1704 2551 παραπετάσματα

140 2568 343 2623 ἐποίουν
397 2570 643 2640 ἐχόμενα
699 2569 794 2624 τοῦ
843 2569 1259 2641 θυσιαστηρίου·
1314 2571 1408 2623 καὶ
1454 2565 1593 2623 οἶνον
1640 2571 1703 2623 ἐκ

142 2661 507 2729 συκοφαντιῶν
547 2661 728 2715 ἔπινον
774 2662 831 2715 ἐν
868 2662 947 2732 τῷ
988 2661 1122 2731 οἴκῳ
1153 2660 1246 2714 τοῦ
1274 2661 1406 2713 Θεοῦ
1433 2660 1634 2714 αὐτῶν.
1677 2680 1695 2711 ι

140 2752 208 2804 Δι’
240 2752 552 2824 ὑπερϐολὴν
596 2753 885 2821 ἀσελγείας
913 2753 1099 2806 οὐδένα
1137 2752 1292 2821 λόγον
1323 2752 1440 2805 οὐδὲ
1468 2752 1574 2805 τῶν
1602 2750 1702 2821 τῆς

140 2841 337 2911 φύσεως
388 2842 709 2913 ποιούμενοι
747 2844 945 2914 νόμων,
976 2846 1156 2915 πατήρ
1182 2861 1239 2896 τε
1269 2845 1363 2898 καὶ⁵
1395 2844 1506 2906 υίὸς
1534 2843 1703 2907 ἀδεῶς

140 2934 522 3004 συνεμίγνυντο
576 2937 698 2998 ταῖς
755 2935 971 2997 αὐταῖςο
1028 2935 1293 3004 τοσαύτης
1357 2934 1701 3005 βλασφημίας

142 3029 399 3098 παραίτιοι
444 3028 720 3097 γινόμενοι
759 3027 837 3097 τῷ
880 3026 1033 3098 Θεῷ,
1075 3028 1133 3080 ὃν
1166 3027 1538 3080 ἐπικαλεῖσθαι
1589 3027 1700 3080 ἐδό-

138 3137 285 3171 κουν·
332 3120 432 3174 καὶ
496 3119 561 3188 δὴ
596 3119 797 3189 σκηνὰς
830 3119 887 3185 ἐξ
928 3119 1155 3188 ἱματίων
1204 3117 1700 3180 κατασκευάζοντες
1725 3159 1767 3216 C

138 3210 345 3281 πλησίον
390 3209 495 3262 τοῦ
526 3209 936 3279 θυσιαστηρίου,
982 3210 1075 3262 καὶ
1124 3209 1243 3261 οὐδὲ
1288 3207 1385 3279 τὴν
1428 3207 1700 3278 ἐγγύτητα

136 3302 512 3373 ἐντρεπόμενοι
540 3300 649 3354 τῶν
677 3301 846 3369 ἁγίων
865 3341 880 3365 ,
908 3302 1007 3371 τήν
1048 3318 1106 3353 τε
1137 3300 1430 3354 ἀκολασίαν
1473 3300 1699 3369 ἐξεπλή-

139 3410 249 3462 ρουν
276 3394 520 3464 ταύτηνο
554 3394 649 3447 καὶ
676 3396 737 3446 ἐκ
771 3394 871 3463 τῆς
897 3392 1006 3447 τῶν
1040 3396 1283 3465 πενήτων
1319 3392 1578 3462 ἐπηρείας
1603 3389 1698 3454 οὓς

138 3484 485 3554 πολυτρόπως
516 3483 753 3553 ἠδίκουν,
788 3484 977 3555 ἑορτήν
1008 3501 1129 3538 τινα
1168 3484 1304 3554 μετά
1336 3483 1505 3554 μέθης
1537 3483 1595 3535 ἐν
1621 3480 1699 3552 τῷ

138 3574 219 3625 τοῦ
250 3574 382 3627 Θεοῦ
407 3574 678 3627 συνίστων
701 3574 853 3644 οἴκῳ.

201 3664 340 3734 Στίχ.
384 3664 558 3733 οι-ιβν.
589 3693 659 3703 —
694 3682 713 3715 ι
760 3661 901 3731 Ἐγὼ
931 3663 987 3716 δὲ
1024 3663 1194 3734 ἐξῆρα
1236 3662 1328 3715 τὸν
1378 3663 1698 3735 Ἀμορῥαϊον

136 3756 193 3809 ὲκ
234 3755 531 3827 προσώπου
567 3754 778 3807 αὐτῶν
819 3747 881 3809 οὐ
907 3750 975 3825 ἦν
1020 3753 1198 3818 καθὼς
1238 3751 1372 3823 ὕψος
1406 3754 1599 3824 κέδρου
1636 3754 1698 3807 τὸ

138 3845 256 3915 ὓᾷοος
275 3846 470 3909 αὐτοῦ,
504 3848 599 3899 καὶ
629 3845 846 3916 ἰσχυρὸς
879 3841 946 3916 ἦν
974 3845 1049 3909 ὡς
1076 3844 1205 3914 δρύς
1226 3862 1240 3877 ο
1285 3845 1379 3897 κα)⁸
1410 3844 1578 3915 ἐξῆρα
1606 3844 1697 3898 τὸν

137 3939 329 4008 καρπον
361 3938 535 3991 αὐτοῦ
580 3937 873 4001 ἐπάνωθεν,
912 3935 1006 3989 καὶ
1046 3936 1144 3999 τὰς
1190 3934 1344 4007 ῥίζας
1372 3935 1536 3989 αὐτοῦ
1567 3937 1698 3989 ὐπο-

138 4030 363 4084 κάτωθεν
383 4047 397 4061 ο
429 4030 528 4083 καὶ
552 4028 662 4097 ἐγὼ
682 4030 955 4098 ἀνήγαγον
983 4029 1126 4099 ὑμᾶς
1158 4031 1222 4081 ἐκ
1258 4030 1359 4099 γῆς
1382 4028 1656 4097 Αἰγύπτου
1682 4043 1695 4057 ’

136 4122 217 4174 καὶ
263 4122 610 4193 περιήγαγον
654 4120 798 4190 ὑμᾶς
843 4120 900 4172 ἐν
959 4122 1026 4191 τῇ
1055 4120 1248 4189 ἐρήμῳ
1292 4118 1697 4189 τεσσαράκοντα

135 4211 239 4280 ἔτη,
287 4213 381 4267 τοῦ
432 4210 984 4283 κατακληρονομῆσαι
1029 4212 1129 4282 τὴν
1180 4212 1282 4282 γῆν
1322 4211 1693 4282 Ἀμοῤῥαίων’

134 4307 215 4357 καὶ
236 4305 423 4358 ἔλαϐον
446 4304 512 4358 ἐκ
533 4305 643 4357 τῶν
662 4304 793 4357 υίῶν
819 4304 848 4357 ὐ
857 4303 972 4375 μῶν
996 4305 1074 4368 είς
1094 4304 1398 4376 προφήτας,
1445 4305 1461 4373 (
1482 4318 1538 4373 p.
1562 4301 1695 4372 158)

134 4396 220 4448 καί¹
253 4398 316 4450 ἐκ
348 4397 464 4449 τῶν
518 4396 813 4450 νεανίσκων
867 4394 1021 4465 ὑμῶν
1069 4396 1149 4458 είς
1192 4394 1478 4465 ἁγιασμόν.
1518 4412 1538 4445 ι
1587 4393 1696 4446 Καὶ

1805 1937 1949 1992 viam
1981 1936 2262 1989 humilium
2294 1934 2662 1989 declinabant.
2691 1950 2710 1983 ι
2742 1931 3216 2001 Cumqueillorum
3248 1942 3367 1987 acta

1803 2033 1950 2081 recte
1973 2041 2032 2081 se
2064 2026 2346 2089 haberent,
2376 2022 2707 2077 contrariam
2744 2024 3069 2080 sententiam
3102 2025 3365 2091 tulerunt,

1816 2117 2121 2186 despicatui
2176 2115 2437 2169 habentes
2505 2114 2750 2183 ipsorum
2809 2112 3188 2168 humilitatem.
3258 2113 3367 2171 «Et

1805 2210 1950 2264 filius
2006 2223 2069 2263 ac
2121 2215 2272 2277 pater
2326 2206 2445 2275 ejus
2496 2206 2937 2276 ingrediebantur
2990 2205 3055 2259 ad
3117 2208 3362 2259 eamdem

1801 2300 2058 2370 puellam,
2085 2306 2141 2352 ut
2163 2298 2597 2351 contaminarent
2616 2312 2813 2351 nomen
2846 2296 2938 2349 Dei
2980 2297 3085 2351 sui.
3107 2295 3170 2373 Et
3196 2297 3366 2351 vcsti-

1803 2398 1984 2445 menta
2010 2404 2106 2445 sua
2143 2388 2403 2443 funiculis
2431 2388 2738 2456 alligantes,
2776 2386 2933 2458 104.
2967 2387 3241 2441 faciebant
3273 2404 3366 2442 ve-

1802 2480 2002 2533 lamina
2036 2479 2191 2547 juxta
2219 2479 2389 2534 altare
2427 2496 2441 2532 :
2477 2488 2529 2533 et
2569 2480 2754 2533 vinum
2790 2479 2857 2534 de
2886 2479 3175 2534 calumniis
3222 2479 3368 2535 bibe-

1802 2569 1933 2624 bant
1972 2571 2027 2623 iu
2056 2569 2218 2623 domo
2260 2568 2355 2623 Dei
2387 2570 2493 2625 sui.
2533 2589 2551 2622 ι
2588 2567 2815 2639 Propter
2854 2569 3143 2623 immanem
3185 2570 3367 2623 libidi-

1801 2677 1946 2727 nem,
1980 2671 2187 2715 naturae
2222 2663 2368 2731 leges
2410 2662 2562 2731 pensi
2620 2677 2731 2715 non
2791 2662 3082 2725 habebant,
3109 2670 3367 2731 paterque

1801 2766 1866 2807 ac
1916 2751 2059 2806 filius
2117 2758 2368 2821 proterve
2415 2751 2613 2807 iisdem
2670 2750 2889 2805 feminis
2954 2752 3363 2806 miscebantur:

1802 2850 1967 2896 tantas
2023 2857 2082 2897 se
2117 2843 2464 2912 blasphemiae
2520 2841 2661 2910 apud
2707 2840 2876 2895 Deum
2909 2857 3032 2896 reos
3079 2842 3362 2907 facientes,

1800 2948 1960 3002 quem
1992 2933 2249 2987 invocare
2285 2933 2634 2987 videbantur.
2670 2930 2812 2996 Quin
2857 2931 3019 2985 etiam
3056 2932 3361 3000 papiliones

1799 3037 1865 3076 ex
1896 3022 2009 3077 suis
2036 3022 2279 3076 vestibus
2307 3021 2411 3075 sibi
2456 3021 2597 3090 apud
2628 3022 2798 3075 altare
2816 3021 3131 3088 tendebant,
3168 3038 3236 3078 ne
3258 3024 3363 3077 loci

1801 3112 1977 3167 sancti
2024 3112 2240 3181 quidem
2287 3111 2743 3180 propinquitatem
2810 3120 3142 3176 reverentes,
3178 3112 3364 3181 ibique

1801 3204 1942 3257 hanc
2007 3202 2284 3257 libidinem
2354 3202 2667 3271 explebant.
2741 3200 2879 3255 Tum
2944 3202 3011 3258 de
3062 3220 3361 3276 pauperum

1799 3296 2019 3359 damno,
2043 3310 2179 3364 quos
2210 3294 2495 3363 multiplici
2526 3294 2789 3364 injustitia
2832 3297 3118 3356 vexabant.
3164 3297 3364 3352 soles“..-

1797 3386 2020 3440 nitatem
2056 3386 2160 3440 sibi
2193 3385 2596 3452 quodauunodo
2639 3400 2747 3439 non
2807 3385 2925 3441 sine
2958 3387 3180 3456 crapula
3214 3388 3359 3441 intra

1797 3476 1893 3532 Dei
1938 3475 2158 3531 domum
2183 3476 2607 3530 constituebant.

1864 3657 2194 3715 ηυδε-12.
2212 3687 2284 3699 -
2300 3677 2317 3709 ‹
2342 3658 2406 3711 Et
2433 3666 2615 3713 tamen
2631 3673 2731 3730 ego
2747 3673 2867 3713 sum
2886 3658 2976 3729 qui
3002 3660 3360 3714 exterminavi

1796 3751 2167 3805 Amorrhaaum
2225 3765 2256 3803 a
2312 3749 2451 3805 facie
2490 3766 2705 3813 eorum,
2755 3750 2913 3818 cujus
2943 3750 3173 3804 altitudo
3218 3752 3361 3806 sicut

1796 3841 1947 3895 cedri
1980 3842 2282 3910 proceritas
2321 3851 2459 3907 erat,
2507 3849 2562 3895 et
2591 3842 2757 3895 robur
2785 3849 2845 3894 ut
2893 3857 3133 3911 quercus
3168 3861 3181 3895 :
3226 3845 3358 3898 absd

1797 3933 2005 4001 tulique
2072 3931 2309 3986 fructum
2364 3932 2484 4001 ejus
2549 3932 2802 4002 desuper,
2861 3942 2914 3987 et
2971 3932 3185 3989 radices
3236 3935 3357 4004 ejus

1797 4024 2003 4079 subter.
2042 4022 2153 4093 Ego
2183 4039 2303 4079 sum
2332 4025 2425 4093 qui
2458 4040 2553 4079 vos
2571 4025 2637 4079 de
2662 4024 2883 4092 regione
2913 4022 3135 4094 Egypti
3164 4026 3354 4088 eduxi.

1796 4124 1852 4171 et
1873 4115 2235 4186 quadraginta
2290 4116 2449 4171 annis
2505 4117 2561 4170 in
2614 4116 2831 4170 deserto
2874 4116 3239 4182 circumduxi,
3299 4124 3359 4171 ut

1796 4207 2234 4261 Amorrbaeorum
2290 4208 2564 4275 regionem
2610 4206 2984 4276 possideretis.
3038 4206 3361 4277 Assumpsi-

1797 4297 1996 4369 quede
2016 4298 2144 4354 filiis
2179 4298 2381 4354 vestris
2414 4298 2468 4351 in
2500 4298 2813 4367 prophetas,
2866 4306 2920 4352 et
2952 4298 3022 4354 de
3060 4299 3357 4368 juvenibus

1799 4389 1997 4445 vestris
2055 4388 2111 4442 in
2179 4386 2889 4453 sanctiﬁcationem.»\’os,
2941 4388 3184 4458 inquam,
3230 4392 3356 4443 talia

132 4486 288 4541 ταῦτα
318 4486 747 4558 διεπράττεσθε,
781 4486 893 4540 τῶν
922 4486 1246 4557 εὐεργεσιῶν
1268 4487 1329 4539 οὐ
1365 4484 1696 4557 μεμνημένοι

1803 4479 2060 4549 patrastis
2112 4478 2499 4533 beneficiorum
2531 4493 2775 4532 meorum
2820 4478 3168 4534 immemores
3210 4497 3357 4534 :nec

131 4581 228 4631 τῶν
259 4580 434 4651 ἐμῶν,
467 4579 582 4633 οὐθ’
630 4581 713 4634 ὅτι
743 4577 833 4632 τὸν
872 4579 1193 4649 Ἀμορῤαῖον
1230 4577 1401 4640 οὕτως
1434 4576 1604 4647 μέγαν
1632 4592 1692 4627 τε

132 4668 248 4723 ὄντα
275 4672 370 4725 καὶ
397 4672 629 4731 δυνατὸν
676 4668 956 4729 παντελῶς
993 4668 1258 4737 ἠφάνισα,
1299 4668 1416 4720 οὐδὲ
1445 4666 1693 4735 λείψανον

131 4759 283 4812 αὐτοῦ
312 4777 368 4813 τι
397 4757 723 4813 καταλιπὼν
750 4758 841 4810 ἐπὶ
865 4759 965 4822 τῆς
1003 4756 1108 4827 γῆς
1129 4772 1142 4787 ·
1172 4756 1279 4809 οὐδ’
1310 4756 1391 4809 ὅτι
1423 4753 1694 4808 δουλεύον-

129 4864 219 4913 τας
241 4852 386 4921 ὑμᾶς
418 4851 691 4921 ἐξήγαγον
728 4847 789 4913 ἐξ
819 4847 1126 4916 Αἰγύπτου·
1158 4847 1264 4901 οὐδ’
1303 4847 1384 4900 ὅτι
1418 4846 1557 4899 κατά
1593 4845 1692 4913 τὴν

130 4938 319 5011 ἔρημον
346 4941 760 5013 τεσσαράκοντα
803 4941 948 5010 ὑμᾶς
976 4939 1068 5011 έτη
1103 4937 1357 5009 διέθρεψα
1402 4937 1690 5000 ποικίλωςο

130 5031 256 5086 ὥστε
285 5034 386 5105 τὴν
415 5034 529 5088 τῶν
574 5033 912 5105 Ἀμορραίων
945 5033 1046 5102 γῆν
1076 5032 1172 5103 τὴν
1193 5031 1345 5084 οὐθέν
1367 5030 1496 5101 ὑμῖν
1526 5046 1692 5100 προσ-

129 5123 351 5192 ήκουσαν
376 5127 458 5188 είς
478 5125 674 5194 κτῆσιν
697 5126 997 5195 παρασχεῖν
1016 5140 1030 5155 ο
1060 5123 1144 5191 ἐφ’
1167 5116 1248 5185 οἷς
1281 5121 1451 5175 ἅπασι
1474 5138 1691 5192 προφη-

130 5214 274 5283 τικῆς
300 5232 361 5268 τε
387 5216 613 5285 χάριτος
627 5215 789 5278 ἐνίοις
821 5213 974 5284 ὑμῶν
995 5213 1081 5266 ἐπ’
1110 5212 1346 5282 ὠφελείᾳ
1378 5211 1473 5264 τοῦ
1507 5209 1689 5265 κοινοῦ

131 5306 467 5371 μεταδέδωκα
486 5322 500 5336 ο
518 5306 613 5359 καὶ
628 5304 691 5376 δὴ
708 5305 802 5358 καί
818 5322 969 5367 τινας
985 5304 1091 5358 τῶν
1112 5305 1169 5356 ἐν
1183 5304 1211 5355 ὐ
1221 5302 1689 5374 μῖνέπελεξάμην,

128 5393 192 5457 ὡς
216 5393 279 5447 ἂν
310 5393 726 5464 ἐπιμελεστέρῳ
772 5411 833 5446 τε
862 5394 955 5445 καὶ
1000 5392 1264 5462 κρείττονι
1310 5390 1690 5461 προσανέχοιεν

131 5483 243 5554 βίῳ,
274 5488 484 5556 κόσμον
512 5484 683 5537 ἆπασι
713 5483 965 5553 φέροντες
991 5485 1104 5546 τοῖς
1124 5482 1345 5544 λοιποῖς.
1373 5482 1481 5534 Καὶ
1505 5479 1688 5549 ἐπειδὴ

128 5577 284 5629 ταῦτα
325 5577 570 5649 πρόδηλα
620 5578 783 5629 πᾶσιν
811 5571 901 5645 ἦν,
936 5575 1137 5645 ὁμοίως
1176 5573 1363 5625 εἰπών·
1409 5593 1425 5625 ι
1467 5572 1557 5643 Μὴ
1595 5573 1693 5625 οὐκ

130 5667 232 5721 εστι
282 5668 603 5734 ταῦτα,υίο“ι
666 5666 901 5737 Ἰσραὴλ,
950 5664 1097 5732 λέγει
1147 5663 1378 5733 Κύριος;
1424 5683 1440 5715 ι
1479 5663 1550 5716 Οὐ
1582 5661 1688 5731 γὰρ

132 5756 336 5813 δυνατὸν
359 5759 510 5830 ὐμῖν,
539 5755 724 5827 φησιν,
754 5752 1032 5828 ἀρνεῖσθαι
1064 5752 1233 5806 ταῦτα
1262 5751 1431 5814 οὕτως
1466 5750 1680 5821 έχοντα.

1799 4568 1943 4638 quod
1983 4583 2083 4639 ego
2110 4567 2480 4623 Amorrbaeum
2518 4576 2675 4621 talem
2716 4576 3034 4637 tantumque
3067 4583 3131 4622 ac
3170 4578 3360 4638 poten-

1799 4666 1907 4714 tem
1956 4672 2183 4725 prorsus
2227 4656 2619 4722 destruxerim,
2683 4657 2850 4713 nullis
2884 4659 3005 4727 ejus
3064 4660 3266 4714 relictis
3304 4662 3357 4715 in

1801 4756 1944 4804 terra
1971 4748 2218 4818 vestigiis
2251 4767 2263 4802 :
2295 4763 2397 4803 nec
2427 4747 2571 4818 quod
2612 4763 2710 4803 vos
2737 4750 2988 4804 servituti
3014 4752 3357 4820 mancipatus

1799 4840 1865 4894 de
1886 4838 2123 4911 Egypto
2155 4839 2435 4895 eduxerim
2472 4858 2483 4893 :
2512 4854 2611 4894 nec
2646 4840 2806 4895 annis
2826 4842 3185 4912 quadraginta
3219 4845 3357 4897 mul-

1801 4929 2040 4984 tifariam
2069 4944 2167 4984 vos
2202 4930 2256 4984 in
2295 4929 2515 4984 deserto
2542 4930 2769 4984 aluerim
2791 4931 2992 4994 ,donec
3015 4933 3357 4987 Amorrlizeoo

1801 5034 1921 5075 rum
1966 5019 2244 5091 regionem
2302 5020 2451 5074 nullo
2501 5020 2739 5074 humano
2790 5021 2912 5089 jure
2952 5023 3016 5077 ad
3056 5038 3150 5078 vos
3202 5025 3361 5092 perti-

1798 5119 2016 5167 nentem
2088 5111 2340 5179 potestati
2418 5120 2613 5165 vestrae
2675 5112 2897 5165 tradidi.
2967 5112 3174 5168 Praeter
3245 5113 3358 5167 haec

1798 5200 2001 5266 omnia,
2035 5202 2328 5256 nonnullos
2357 5200 2861 5269 vestrum,publica:
2896 5203 3142 5258 utilitatis
3168 5218 3356 5267 causa,

1801 5292 2124 5363 prophetica:
2153 5306 2367 5362 quoque
2396 5291 2582 5361 gratiae
2633 5290 2733 5346 feci
2767 5291 3056 5360 participes
3090 5291 3361 5360 :denique

1798 5392 1852 5440 et
1885 5400 1952 5438 ex
1992 5383 2146 5438 vobis
2173 5383 2385 5452 aliquos
2408 5382 2601 5453 delegi,
2638 5384 2728 5453 qui
2763 5383 3089 5437 accuratiori
3118 5384 3360 5437 meliori-

1798 5491 1905 5545 que
1932 5474 2056 5530 vitae
2086 5476 2268 5544 generi
2306 5473 2525 5537 addicti,
2570 5483 2889 5528 ornamento
2907 5474 3120 5528 caeteris
3151 5483 3355 5527 essent.

1798 5566 1865 5620 Et
1894 5568 2021 5636 quia
2064 5567 2176 5619 lnec
2209 5567 2462 5619 omnibus
2492 5567 2779 5633 perspicua
2812 5571 2989 5630 erant,
3022 5565 3224 5632 pariter
3265 5565 3362 5618 ad-

1799 5658 1877 5711 dit
1907 5675 1919 5710 :
1956 5674 1974 5704 ι
1998 5654 2252 5723 Nunquid
2294 5670 2399 5708 non
2435 5655 2509 5707 ita
2532 5662 2636 5717 est,
2678 5654 2767 5707 ﬁlii
2803 5652 3046 5717 Israelis,
3081 5654 3212 5709 dicit
3250 5654 3359 5705 Do-

1800 5748 2065 5802 minus?»
2109 5744 2361 5802 Profecto
2408 5746 2522 5800 haec
2572 5744 2878 5812 verissima,
2920 5746 3104 5817 negari
3141 5760 3171 5799 a
3203 5744 3362 5803 vobis
