3954 6506
538 383 651 438 259

1738 365 2085 422 THEODORI
2124 362 2610 421 MOPSUESTENI

3673 350 3775 409 260

540 502 837 565 nequeunt.
856 489 993 545 Tum
1022 486 1399 557 superioribus
1415 491 1785 539 consentanee
1807 480 1957 535 addit
1973 497 2018 533 ει
2040 481 2106 532 At

2220 478 2551 540 Ἀκολούθως
2595 478 2704 539 τοῖς
2733 474 3024 545 ἀνωτέροις
3047 473 3245 541 ἐπάγει
3263 489 3277 502 ·
3313 490 3332 525 ι
3360 468 3471 527 Καὶ
3498 468 3771 534 ἐποτίζετς

538 602 637 641 vos
690 583 845 654 105
895 579 1252 636 sanctiﬁcatis
1305 577 1442 632 viris
1500 578 1707 631 vinum’
1737 572 2105 643 propinastis:

536 682 591 727 et
626 672 900 741 prophetis
933 668 1241 723 mandastis
1275 667 1563 721 dicentes:
1596 662 1676 717 Ne
1707 661 2103 731 prophetetis.»

540 758 649 815 Vos
685 759 903 827 quidem
962 758 1019 811 in
1066 757 1295 827 gratiam
1340 768 1518 808 meam
1564 758 1880 806 constanter
1925 747 2108 818 injurii

541 850 746 913 fuistis,
779 848 907 903 dum
940 856 994 903 et
1020 847 1271 901 homines
1317 844 1446 897 vita:
1476 842 1683 911 puriori
1719 840 1955 905 deditos,
1987 854 2110 907 par-

539 940 766 1008 ticipare
812 940 997 995 vinum
1043 938 1332 1009 coegistis,
1382 949 1594 990 necnon
1650 933 1856 1003 reliqua
1903 931 2107 995 omnia,

545 1048 574 1085 a
603 1032 804 1101 quibus
829 1032 1129 1088 secundum
1167 1028 1502 1100 propositum
1537 1042 1696 1082 suum
1725 1026 1996 1081 abstinere
2015 1039 2111 1079 vo-

539 1123 723 1176 lebaut
756 1123 1029 1193 :denique
1062 1124 1224 1177 etiam
1264 1121 1574 1191 prophetas,
1619 1117 1911 1188 quominus
1949 1130 2112 1186 Opere

541 1228 642 1268 suo
675 1213 1049 1283 fungerentur,
1081 1212 1462 1281 prohibuistis.
1492 1209 1633 1277 Quid
1677 1209 1803 1264 inde
1841 1208 2041 1271 porro?

608 1314 775 1372 Vens.
799 1317 978 1372 15-16.
1000 1348 1070 1358 -—
1093 1337 1111 1368 ‹
1135 1317 1475 1387 Quapropter
1490 1332 1616 1372 ecce
1635 1334 1733 1389 ego
1749 1320 1905 1374 volvo
1922 1319 2111 1375 subter

542 1422 657 1470 vos,
687 1410 1138 1477 quemadmodum
1176 1410 1411 1463 volvitur
1432 1409 1734 1478 plaustrum
1768 1409 1967 1479 stipula
1997 1410 2111 1479 ple-

543 1516 691 1552 num.
714 1499 776 1553 Et
795 1502 989 1569 peribit
1009 1500 1134 1570 fuga
1154 1516 1183 1554 a
1199 1516 1425 1555 cursore
1450 1519 1464 1555 :
1497 1509 1548 1555 et
1569 1500 1725 1556 iorlis
1744 1517 1852 1554 non
1875 1502 2113 1570 posside-

542 1588 619 1642 bit
660 1592 802 1644 vires
850 1606 1020 1645 suas:
1061 1600 1114 1644 et
1153 1598 1419 1662 pugnator
1456 1606 1562 1645 non
1606 1592 1835 1647 salvabit
1877 1592 2109 1645 animam

540 1694 717 1733 suam:
741 1689 790 1733 et
818 1680 1128 1749 sagittarius
1148 1697 1255 1735 non
1287 1682 1577 1736 sustinebit
1604 1701 1617 1737 :
1641 1690 1693 1736 et
1712 1683 1862 1736 velox
1884 1683 2111 1751 pedibus

542 1770 656 1824 suis
682 1784 789 1823 non
820 1772 1151 1825 salvahitur:
1191 1779 1243 1826 et
1267 1787 1434 1841 eques
1465 1787 1575 1827 non
1615 1773 1843 1828 salvabit
1870 1772 2106 1825 animam
2141 1812 2160 1868 ι

541 1871 697 1911 suam
732 1875 745 1911 :
781 1865 835 1912 et
864 1858 1078 1915 validus
1107 1875 1215 1913 non
1240 1860 1477 1916 inveniet
1506 1876 1601 1916 cor
1631 1876 1791 1916 suum
1822 1861 1878 1915 in
1907 1872 2103 1931 poten-

540 1947 765 2002 tatibus.
814 1967 832 2000 ι
894 1945 1051 2005 Tales
1102 1965 1202 2021 ego
1258 1952 1412 2007 vobis
1460 1967 1651 2022 poenas
1706 1953 1994 2020 adducam,
2043 1965 2103 2008 ut

541 2038 771 2108 plaustri
803 2039 977 2095 instar
1008 2042 1162 2096 valde
1189 2044 1393 2109 onusti,
1422 2051 1477 2098 et
1513 2052 1734 2114 propter
1772 2060 1935 2115 grave
1963 2060 2103 2104 onus

540 2128 900 2198 impositum,
964 2129 1095 2185 dum
1159 2133 1425 2199 trahitur,
1495 2136 1782 2191 stridorem
1868 2137 2102 2203 edentis,

544 2234 762 2288 pressos
821 2234 920 2276 vos
991 2222 1257 2277 malorum
1344 2224 1602 2295 pondere,
1688 2227 1985 2284 ululatibus
2041 2245 2107 2286 ac

541 2313 854 2380 gemitibus,
904 2314 1073 2369 multa
1158 2330 1281 2369 cum
1340 2319 1488 2374 vocis
1558 2322 1931 2387 contentione,
2014 2324 2103 2379 in-

549 2400 776 2469 dulgere
803 2416 943 2472 opus
971 2404 1062 2459 sit.
1111 2402 1247 2458 Tum
1284 2421 1459 2478 neque
1486 2408 1740 2480 expedito
1779 2412 1849 2467 ad
1879 2428 2105 2469 cursum

546 2488 733 2560 fugere
778 2492 918 2546 mala
980 2494 1184 2561 licebit,
1217 2513 1396 2569 neque
1434 2499 1563 2555 forti
1603 2517 1717 2558 sua:
1744 2504 1890 2561 vires
1921 2509 2109 2576 prode-

545 2588 696 2643 runt,
736 2597 911 2653 neque
937 2584 1002 2638 ad
1033 2601 1266 2657 pugnam
1294 2590 1601 2663 bellumque
1623 2604 1844 2664 paratus
1879 2600 2105 2654 salutem

546 2674 809 2742 consequi
838 2674 982 2744 potis
1011 2678 1155 2732 erit:
1190 2681 1283 2734 sed
1314 2691 1369 2736 et
1415 2686 1710 2755 sagittandi
1757 2691 1965 2757 peritus
2016 2692 2111 2745 im-

546 2763 808 2830 possibile
837 2765 1111 2834 negotium
1158 2767 1380 2825 habebit
1416 2790 1428 2826 :
1470 2789 1643 2843 neque
1672 2778 1717 2831 si
1749 2779 1873 2848 quis
1913 2784 2106 2850 pedum

548 2853 869 2920 pernicitate
896 2856 1057 2919 valet,
1084 2858 1314 2913 salutem
1346 2874 1710 2933 consequetur
1740 2885 1752 2921 :
1788 2884 1961 2939 neque
1984 2871 2108 2926 item

544 2952 713 3009 equos
745 2943 948 3009 agitare
985 2945 1181 3001 doctus
1213 2967 1227 3002 :
1263 2957 1536 3017 postremo
1576 2970 1643 3010 ne
1681 2956 1718 3010 ii
1762 2960 1979 3028 quidem
2015 2964 2109 3032 qui

548 3030 664 3083 suis
694 3033 901 3088 viribus
949 3035 1103 3089 valde
1149 3038 1456 3099 contidunt.
1521 3045 1785 3100 rationem
1836 3030 2111 3105 invenient

2206 569 2334 632 τοὺς
2361 567 2726 639 ἡγιασμένους
2761 562 2900 619 οἶνον
2920 582 2934 597 ο
2966 565 3060 618 καὶ
3087 568 3198 628 τοῖς
3225 565 3533 635 προφήταις
3564 561 3773 615 ἐνετέλ-

2208 659 2367 712 λεσθε
2410 658 2676 727 λέγοντεςο
2720 658 2794 711 Οὐ
2852 657 2924 728 μὴ
2955 654 3387 727 προφητεύσητε.
3426 672 3445 705 ι
3490 652 3774 723 Διεμένετε

2208 752 2315 823 γάρ
2342 751 2620 823 προδήλως
2653 752 2731 815 εἰς
2767 750 2865 820 τὴν
2892 749 3050 819 χάριν
3080 746 3453 819 ἐξυϐρίζοντες
3481 743 3580 814 τὴν
3613 742 3773 814 ἐμὴν,

2208 842 2335 905 τούς
2391 858 2451 894 τε
2525 841 2665 913 πρὸς
2726 840 3112 910 ἀκριϐέστερον
3170 835 3585 907 ἀφωρισμένως
3666 833 3773 903 βίον

2209 933 2610 1002 ἀναγκάζοντες
2639 934 2780 986 οῑνου
2808 932 3054 1002 μετέχειν
3075 931 3168 984 καὶ
3196 929 3303 982 τῶν
3335 926 3537 981 λοιπῶν
3563 927 3771 979 ὁπόσων

2210 1027 2298 1081 διὰ
2323 1026 2420 1097 τὴν
2443 1025 2773 1094 ἐπαγγελίαν
2794 1023 3093 1094 ἀπέχεσθαι
3124 1021 3380 1075 ἔσπευδον
3407 1022 3507 1092 τὴν
3533 1019 3737 1072 οἰκείαν
3755 1058 3769 1080 .

2209 1118 2305 1172 καὶ
2352 1120 2479 1181 τοὺς
2531 1118 2812 1188 προφήτας
2859 1114 3138 1186 προδήλως
3178 1112 3475 1176 κωλύοντες
3523 1114 3585 1163 τὸ
3617 1112 3772 1180 ἔργον

2209 1209 2450 1263 ἐκτελεῖν
2473 1209 2534 1262 τὸ
2569 1210 2787 1262 οἰκεῖον.
2825 1207 2995 1277 ’Υπὲρ
3022 1206 3084 1277 δὴ
3109 1206 3313 1258 τούτων
3341 1206 3422 1269 τί;

2280 1322 2428 1391 Στίχ.
2465 1328 2663 1389 ιγόις¹.
2692 1350 2763 1361 --
2805 1338 2824 1372 ι
2858 1320 2954 1372 Διά
2980 1317 3137 1370 τοῦτο
3169 1318 3275 1371 ἰδοὺ
3307 1316 3418 1386 ἐγὼ
3445 1316 3617 1370 κυλίω
3651 1318 3777 1369 ὐπο-

2211 1394 2569 1480 κάτωύμῶν,
2600 1410 2658 1463 ὃν
2701 1409 2897 1481 τρόπον
2930 1407 3171 1461 κυλίεται
3204 1410 3237 1477 ή
3262 1406 3497 1477 ἀμαξαή
3532 1408 3777 1477 γέμουσα

2213 1502 2307 1556 κα)
2320 1504 2494 1574 άμῃςο
2525 1504 2620 1558 κα)⁸
2651 1503 2932 1557 ἀπολεῖται
2970 1503 3113 1574 φυγὴ
3143 1505 3206 1556 ἐκ
3230 1502 3503 1574 δρομέως’
3537 1503 3627 1571 (p.
3654 1500 3774 1568 159)

2213 1595 2308 1648 καὶ
2327 1599 2354 1648 6
2377 1594 2636 1665 κραταιὸς
2654 1596 2713 1648 οὐ
2742 1595 2815 1667 μὴ
2840 1597 3084 1667 κρατήσῃ
3104 1595 3201 1665 τῆς
3225 1592 3404 1663 ἰσχύος
3423 1592 3583 1645 αὑτοῦ
3605 1608 3620 1621 ·
3644 1594 3736 1645 καὶ
3751 1594 3778 1643 6

2216 1689 2463 1758 μαχητὴς
2496 1687 2556 1739 ού
2585 1688 2658 1759 μὴ
2684 1686 2831 1760 σώσῃ
2852 1688 2950 1759 τὴν
2970 1686 3146 1757 ψυχὴν
3169 1685 3331 1738 αὑτοῦ
3356 1701 3367 1713 ·
3390 1684 3485 1737 καὶ
3513 1683 3779 1751 ότοξότης

2213 1780 2273 1830 οὐ
2305 1780 2378 1848 μὴ
2405 1780 2610 1849 ὑποστῇ
2636 1795 2649 1809 ’
2679 1778 2768 1832 καὶ
2790 1781 2818 1832 ὁ
2846 1778 2969 1844 όξὺς
2987 1782 3098 1842 τοῖς
3126 1780 3279 1831 ποσὶν
3298 1777 3464 1830 αὑτοῦ
3482 1776 3542 1829 ού
3570 1775 3647 1847 μὴ
3662 1777 3777 1828 δια-

2212 1869 2388 1940 σωθῇ’
2424 1870 2517 1923 καί¹
2554 1870 2582 1922 6
2630 1871 2826 1934 ἱππεὺς
2852 1870 2912 1922 ού
2951 1870 3025 1940 μὴ
3073 1867 3220 1940 σώσῃ
3248 1869 3346 1940 τὴν
3373 1867 3548 1938 ψυχήν
3580 1867 3773 1919 αὐτοῦ·

2211 1960 2304 2014 καὶ
2329 1962 2357 2013 6
2404 1961 2661 2032 κραταιὸς
2698 1961 2757 2013 οὐ
2810 1960 2884 2032 μὴ
2927 1960 3061 2031 εὕρῃ
3103 1960 3202 2032 τὴν
3242 1960 3467 2031 καρδίαν
3509 1958 3677 2012 αὐτοῦ
3722 1960 3778 2010 ἐν

2210 2052 2562 2115 δυναστείαις.
2601 2070 2619 2104 ι
2658 2052 2921 2115 Τοιαύτας
2952 2052 3080 2122 ύμῖν
3126 2051 3313 2117 ἐπάξω
3356 2051 3455 2115 τὰς
3488 2050 3777 2121 τιμωρίας,

2213 2143 2352 2197 ὥστε
2375 2144 2529 2214 δίκην
2563 2142 2777 2214 ἀμάξης
2804 2142 2942 2210 ἄγαν
2971 2142 3407 2213 πεφορτισμένης
3449 2141 3543 2194 καὶ
3577 2140 3779 2210 πολλὴν

2213 2236 2278 2288 ἐκ
2318 2235 2412 2288 τοῦ
2466 2234 2663 2306 βάρους
2707 2234 2813 2288 τῶν
2841 2234 3199 2305 ἐπικειμένων
3231 2234 3289 2286 ἐν
3310 2233 3390 2303 τῷ
3406 2231 3662 2287 ιλκεσθαι
3690 2232 3781 2284 τὸν

2212 2324 2439 2396 τρισμδν
2487 2322 2875 2393 ἀποτελούσης,
2925 2322 3273 2393 πιεζομένους
3315 2322 3460 2391 ὑμᾶς
3496 2319 3578 2391 τῷ
3627 2319 3780 2391 βάρει

2213 2414 2322 2468 τῶν
2350 2414 2554 2479 κακῶν,
2588 2412 2868 2481 ὀλολυγαῖς
2896 2430 2955 2466 τε
2984 2413 3077 2467 καὶ
3111 2414 3431 2482 στεναγμοῖς
3468 2411 3609 2481 μετά
3657 2414 3783 2464 πολ-

2213 2507 2313 2577 λῆς
2354 2506 2651 2578 κεχρῆσθαι
2693 2510 2793 2578 τῆς
2839 2506 3173 2569 ἐπιτάσεως·
3226 2504 3302 2569 ὡς
3348 2505 3482 2575 μήτε
3520 2503 3600 2573 τῷ
3649 2505 3785 2576 πρὸς

2213 2597 2408 2669 δρόμον
2434 2598 2754 2669 ήκονημένῳ
2780 2596 3009 2666 δυνατὴν
3037 2592 3172 2650 εἶναι
3198 2596 3296 2667 τὴν
3325 2597 3432 2650 ἀπὸ
3459 2596 3568 2649 τῶν
3596 2597 3779 2648 κακῶν

2216 2690 2412 2761 φυγὴν,
2448 2692 2583 2762 μήτε
2607 2690 2664 2743 δέ
2694 2688 2897 2761 ἰσχυρῷ
2927 2690 3025 2760 τῆς
3053 2688 3345 2760 περιούσης
3375 2683 3514 2741 εἷναί
3539 2706 3592 2741 τι
3620 2689 3779 2742 δυνά-

2219 2798 2362 2851 μεως
2382 2780 2590 2850 ὄφελος,
2613 2782 2748 2851 μήτε
2775 2781 2851 2852 τῷ
2880 2782 3006 2852 περὶ
3043 2781 3222 2850 μάχην
3257 2780 3350 2833 καὶ
3381 2780 3615 2851 πόλεμον
3646 2798 3783 2851 πσρ-

2216 2874 2594 2944 εσκευασμένῳ
2613 2873 2833 2927 δυνατὸν
2849 2866 2987 2927 εἶναι
3009 2874 3254 2927 ἐντεῦθεν
3269 2872 3521 2943 εὑρέσθαι
3542 2872 3667 2926 τινὰ
3691 2890 3785 2925 σω-

2215 2983 2281 3037 τη
2291 2964 2407 3037 ρίαν
2426 2980 2440 2995 ⁸
2472 2966 2839 3020 ἀνυπόστατον
2860 2967 2916 3020 δὲ
2938 2961 3076 3020 εἶναι
3105 2966 3165 3018 τὸ
3187 2967 3419 3037 πρᾶγμα
3439 2964 3532 3018 καὶ
3552 2964 3631 3035 τῷ
3661 2965 3783 3034 περὶ

2216 3058 2314 3126 τὴν
2355 3056 2562 3123 τοξείαν
2593 3058 2872 3129 ἐμπείρῳο
2903 3058 2976 3129 μὴ
3001 3056 3259 3111 δύνασθαι
3290 3057 3347 3110 δέ
3396 3055 3531 3126 μηδὲ
3565 3054 3782 3123 ὀξύτητι

546 3134 651 3188 qua
681 3121 971 3177 haerentem
1004 3125 1106 3179 sibi
1142 3127 1394 3183 virtutem
1437 3142 1709 3188 exserant.
1746 3135 1842 3193 His
1888 3141 1958 3194 ob
2004 3157 2112 3195 ma-

2218 3121 2391 3199 ποδῶν
2431 3121 2775 3218 κεχρημένον
2810 3121 3073 3219 ἐὑρέσθαι
3122 3147 3244 3201 τινά
3290 3121 3594 3217 σωτηρίαν·
3653 3121 3784 3198 ἀλλά

547 3208 723 3263 lorum
779 3216 1205 3282 magnitudinem
1251 3217 1733 3278 demonstrandam
1770 3226 1953 3295 dictis,
1997 3247 2115 3301 per-

549 3300 625 3367 git
654 3316 851 3368 porro:
892 3322 911 3355 ι
956 3303 1050 3359 Ille
1080 3307 1171 3375 qui
1200 3307 1381 3363 nudus
1410 3321 1495 3365 est
1524 3313 1612 3368 die
1643 3315 1733 3369 illa
1762 3300 2011 3389 eﬂugiet,
2031 3324 2113 3377 di-

547 3392 622 3444 cit
644 3392 918 3450 Dominns.
935 3416 953 3446 ι
974 3395 1081 3450 Pro
1098 3413 1161 3451 eo
1181 3413 1243 3451 ac
1265 3400 1411 3454 dicat
1434 3416 1446 3451 :
1466 3401 2110 3483 Pauperrimusquisque,

549 3490 602 3533 et
640 3483 710 3534 ob
738 3491 1033 3550 egestatem
1074 3488 1445 3560 vilitatemque
1473 3507 1625 3547 suam
1662 3497 1811 3551 nullo
1858 3501 1910 3553 in
1933 3500 2107 3570 pretio

548 3568 691 3636 apud
718 3572 852 3626 alios
878 3572 1118 3640 habitus,
1156 3579 1244 3632 hic
1274 3580 1423 3635 solus
1450 3582 1625 3637 salute
1656 3588 1915 3655 potietur,
1935 3568 2113 3661 negli-

2219 3237 2353 3307 μηδέ
2384 3238 2470 3307 ἐφ’
2514 3238 2695 3291 ἵππων
2720 3238 2981 3305 ,ἐλαύνειν
3025 3239 3201 3292 εἰδότα
3221 3254 3234 3269 ο
3280 3238 3405 3301 τούς
3429 3255 3488 3291 τε
3522 3238 3615 3291 ἐπὶ
3644 3238 3785 3307 ἰσχύϊ

2219 3327 2360 3398 μέγα
2404 3328 2755 3400 φρονοῦντας,
2807 3331 2938 3401 μηδὲ
2979 3330 3251 3402 εὑρίσκειν
3290 3330 3437 3394 ὅπως
3466 3329 3533 3383 ἂν
3579 3332 3648 3399 τῇ
3694 3346 3783 3399 με·

2216 3417 2380 3489 νούσῃ
2429 3421 2719 3489 χρήσαιντο
2767 3420 3026 3490 δυνάμει*
3071 3419 3241 3474 ταῦτα
3269 3420 3349 3483 εἰς
3379 3420 3654 3487 ἀπόδειξιν
3689 3420 3780 3472 τοῦ

2217 3506 2477 3575 μεγέθους
2505 3508 2612 3560 τῶν
2656 3507 2840 3561 κακῶν
2873 3508 3139 3579 εἰρηκὼς,
3172 3506 3386 3575 ἐπάγει·
3426 3526 3445 3559 ι
3491 3507 3549 3560 '0
3579 3506 3785 3576 γυμνὸς

2216 3595 2468 3665 φεύξεται
2500 3600 2559 3651 ἐν
2588 3600 2771 3670 ἐκείνῃ
2821 3602 2885 3671 τῇ
2914 3600 3129 3670 ἡμέρᾳ,
3159 3597 3304 3667 λέγει
3342 3597 3566 3670 Κύριος.
3604 3616 3623 3648 ι
3670 3598 3785 3651 Ἵνα

549 3663 803 3731 gentibus
851 3681 972 3719 eum
1028 3670 1495 3737 comprehendere
1552 3674 1772 3731 vilitatis
1808 3693 1976 3736 causa
2012 3682 2111 3738 ho-

2217 3663 2333 3758 εἴπῃ
2370 3691 2462 3758 (p.
2498 3689 2633 3758 160)
2676 3663 2771 3742 δτῖ
2807 3692 2835 3743 ὁ
2861 3663 3183 3753 πενέστατος
3232 3663 3330 3743 ita).
3372 3663 3443 3742 διί
3474 3687 3779 3760 ὑπερϐολὴν

552 3754 747 3808 stibus.
785 3754 907 3809 Mox
940 3764 1065 3812 ante
1093 3758 1255 3815 dictis
1289 3762 1573 3830 sequentia
1608 3770 1922 3825 connectit:

2207 3779 2439 3847 ἀπορίας
2472 3794 2531 3831 τε
2560 3779 2653 3832 καὶ
2688 3780 2978 3844 εὐτελείας,
3023 3780 3142 3833 οὐδὲ
3169 3781 3225 3835 ἐν
3252 3778 3395 3851 λόγῳ
3436 3782 3551 3844 τοῖς
3576 3781 3786 3843 λοιποῖς

552 3846 831 3948 ὑπάρχων,
879 3842 1032 3948 0:510;-
1081 3851 1238 3948 μόνος
1280 3851 2038 3948 εὖρετσᾶνᾷτότεᾼσωτηρίαν,
2067 3842 2409 3941 ἀμελούντων
2436 3872 2597 3927 αὐτοῦ
2623 3876 2720 3947 τῆς
2744 3842 3078 3946 συλλήψεως,
3112 3876 3200 3930 διὰ
3222 3842 3640 3948 τὴνυεύτέλειαν,
3678 3842 3785 3928 τῶν

550 3939 839 4009 πολεμίων’
871 3934 987 3992 εἶτα
1017 3941 1368 3995 ἐπισυνάπτει
1395 3946 1507 4007 τοῖς
1538 3934 1874 4018 εἰρημένοιςέ

1201 4034 1354 4091 CAP.
1377 4034 1464 4090 ΙΙΙ.

623 4124 782 4195 106
813 4122 978 4179 Vens.
1009 4125 1126 4179 i-6.
1149 4156 1218 4166 --
1251 4146 1269 4179 ι
1292 4128 1491 4184 Audite
1521 4133 1749 4187 verbum
1787 4135 1912 4202 hoc,
1966 4142 2112 4209 quod

551 4216 767 4270 locutus
796 4223 880 4269 est
918 4215 1179 4274 Dominus
1211 4235 1376 4290 super
1414 4236 1531 4285 vos,
1574 4237 1606 4275 ο
1646 4225 1841 4281 domus
1874 4226 2113 4295 lsraelis,

548 4318 605 4364 et
644 4312 902 4363 adversus
941 4324 1160 4365 omnem
1207 4313 1410 4367 tribum
1456 4331 1617 4385 quam
1654 4315 1891 4389 Egypto
1930 4322 2115 4390 eduxi,

551 4401 773 4454 dicens:
808 4398 1196 4457 Verumtamen
1226 4419 1323 4459 vos
1347 4408 1580 4476 cognovi
1603 4408 1669 4462 de
1696 4412 1911 4466 cunctis
1942 4414 2117 4469 tribu-

2859 4052 3016 4108 ΚΕΦ.
3054 4053 3128 4108 Γ.

2280 4141 2429 4212 Στίχ.
2456 4142 2612 4208 αὀςδ.
2643 4171 2715 4183 —-
2747 4160 2767 4195 ι
2816 4144 3107 4199 Ἀκούσατε
3150 4147 3242 4200 τὸν
3283 4148 3442 4218 λόγον
3484 4151 3675 4206 τοῦτον
3728 4156 3788 4206 6v

2214 4232 2438 4303 ἐλάλησε
2483 4233 2686 4304 Κύριος
2714 4234 2797 4302 ἐφ’
2832 4234 2995 4305 ὑμᾶς,
3025 4231 3174 4300 οἶκος
3230 4238 3479 4311 Ἰσραήλ,
3518 4243 3614 4295 καὶ
3646 4246 3787 4297 κατά

2212 4322 2392 4392 πάσης
2430 4323 2600 4393 φυλῆς
2636 4320 2702 4397 ἦς
2729 4325 3002 4396 ἀνήγαγον
3035 4329 3099 4381 ἐκ
3142 4328 3241 4398 τῆς
3269 4332 3548 4400 Αἰγύπτου
3571 4335 3748 4403 λέγων
3769 4354 3784 4368 ο

2212 4411 2360 4482 Πλὴν
2406 4411 2551 4482 ὑμᾶς
2601 4412 2770 4481 ἔγνων
2818 4417 2882 4467 ἐκ
2934 4416 3122 4471 πασῶν
3172 4418 3353 4487 φυλῶν
3388 4424 3488 4491 τῆς
3533 4425 3663 4494 γῆς·
3697 4425 3789 4478 διὰ

554 4493 657 4546 bus
690 4499 886 4557 terrae;
928 4492 1134 4549 idcirco
1169 4496 1406 4550 ulciscar
1438 4514 1601 4568 super
1646 4516 1741 4555 vos
1775 4504 1956 4559 omnia
1989 4521 2111 4576 pcc-

2217 4502 2370 4555 τοῦτο
2394 4503 2662 4575 ἐκδικήσω
2683 4505 2764 4575 ἐφ’
2778 4506 2919 4576 ὑμᾶς
2941 4507 3119 4572 πάσας
3133 4510 3231 4572 τάς
3252 4490 3528 4583 ἁμαρτίας
3549 4490 3726 4586 ὑμῶν.
3766 4538 3784 4569 ι

552 4591 674 4634 cata
708 4590 906 4637 vestra.
930 4601 947 4633 ι
985 4583 1171 4653 Neque
1216 4586 1584 4654 perfunctorie
1629 4592 1743 4647 haec
1773 4596 2052 4652 aestimetis
2085 4612 2117 4652 a

556 4671 666 4726 Deo
710 4672 776 4725 de
802 4674 954 4728 vobis
984 4677 1367 4744 pronuntiata;
1423 4696 1545 4733 nam
1579 4684 1672 4752 qui
1704 4700 1797 4739 vos
1840 4701 2028 4743 omnes
2051 4689 2119 4744 de

557 4760 777 4832 Egypti
807 4765 1070 4819 servitute
1095 4766 1366 4835 liberavit,
1397 4771 1729 4842 singularem
1761 4791 1871 4846 pra:
1903 4781 2118 4835 cunctis

559 4853 871 4909 hominibus
925 4857 1344 4913 sollicitudinem
1392 4866 1557 4919 vestri
1605 4868 1922 4929 ostendens.
1976 4869 2117 4924 idem

562 4962 711 5000 nunc
766 4963 983 5017 quoque
1038 4948 1106 5003 ad
1156 4965 1253 5005 vos
1307 4952 1547 5022 loquitur
1599 4956 1804 5025 justam
1859 4961 2121 5017 minitans

562 5054 801 5108 poenam.
843 5055 906 5093 eo
935 5043 1080 5109 quod
1118 5043 1315 5113 ingrati
1360 5045 1691 5102 benefactori
1724 5058 1875 5104 tanto
1898 5054 2122 5109 exstite-

559 5130 700 5183 ritis.
747 5129 844 5183 «Si
887 5132 1113 5185 omnino
1167 5134 1521 5191 ambulabunt
1575 5139 1683 5192 duo
1730 5143 1953 5210 pariter,
1988 5146 2119 5214 quin

562 5219 703 5272 inter
734 5235 792 5274 se
837 5228 1026 5274 mutuo
1056 5223 1365 5278 revelenth
1396 5227 1473 5278 Ad
1511 5227 1781 5283 dictorum
1835 5231 2123 5287 conﬁrma-

558 5310 784 5370 tionem,
819 5309 1410 5385 demonstrandumque
1434 5318 1575 5372 haud
1613 5326 1814 5377 temere
1846 5323 1958 5378 haec
1980 5325 2123 5382 dicta

564 5397 753 5461 fuisse,
785 5402 1055 5457 subnectit
1085 5406 1360 5472 sequentia
1396 5407 1745 5477 hujusmodi:
1780 5410 1835 5465 Si
1876 5415 1989 5468 tieri
2027 5432 2125 5486 po-

563 5496 690 5551 test,
719 5492 912 5561 inquit,
932 5502 991 5547 ut
1013 5493 1121 5548 duo
1148 5496 1361 5565 longam
1394 5499 1596 5566 pariter
1622 5503 1942 5561 emetientes
1957 5507 2123 5574 viam,

567 5578 795 5633 invicem
833 5585 1011 5638 celent
1060 5587 1413 5655 profectionis
1464 5604 1708 5655 causam,
1758 5609 1933 5664 neque
1982 5598 2126 5653 hanc

565 5669 708 5722 inter
738 5685 797 5724 se
823 5678 1243 5742 communicent,
1286 5688 1346 5732 ut
1379 5680 1672 5749 conjuncta
1704 5688 1972 5741 sententia
2020 5690 2126 5744 iter

568 5762 887 5831 absolvant;
919 5767 964 5822 si
998 5768 1121 5835 hoc,
1172 5770 1412 5840 inquam,
1452 5773 1560 5840 ﬁet,
1594 5782 1707 5829 tum
1739 5777 1903 5833 etiam
1934 5780 2122 5836 hostes

2218 4593 2367 4663 Μηδὲ
2397 4595 2681 4666 πάρεργα,
2712 4599 2877 4668 φησὶ,
2922 4598 3212 4669 ποιήσεσθε
3258 4603 3428 4656 ταῦτα
3453 4604 3517 4676 δὴ
3550 4605 3616 4659 τά
3656 4611 3790 4679 περὶ

2217 4685 2369 4755 ὑμῶν
2416 4688 2847 4759 ἀποπεφασμένα
2873 4691 3024 4761 παρά
3054 4693 3146 4745 τοῦ
3182 4693 3315 4748 Θεοῦ
3334 4714 3345 4727 ·
3379 4698 3562 4770 ἐπειδὴ
3596 4703 3624 4753 ό
3646 4703 3792 4754 πάνυ

2216 4793 2315 4840 τας
2364 4778 2508 4848 ὑμᾶς
2560 4780 2661 4850 τῆς
2715 4782 2773 4833 ἐν
2820 4781 3080 4853 Αἰγύπτῳ
3131 4785 3371 4851 δουλείας
3432 4790 3789 4857 ἀπαλλάξας,

2216 4869 2488 4940 ἐξαίρετόν
2537 4886 2594 4923 τε
2641 4872 2759 4924 τότε
2810 4874 2961 4944 παρά
3020 4877 3226 4939 πάντας
3281 4879 3601 4951 ἀνθρώπους
3654 4888 3796 4956 περὶ

2218 4961 2363 5030 ὑμᾶς
2394 4962 2491 5033 τὴν
2526 4962 2846 5034 κηδεμονίαν
2898 4966 3332 5039 ἐπιδειξάμενος,
3385 4965 3542 5036 οὗτος
3591 4975 3649 5045 δή
3698 4979 3797 5029 καὶ

2218 5054 2313 5107 νῦν
2340 5055 2695 5124 ἀποφαίνεται
2727 5057 2899 5111 ταῦτα
2937 5060 3066 5130 περὶ
3104 5061 3257 5131 ὑμῶν
3289 5062 3503 5117 δικαίαν
3550 5068 3800 5121 ἀπειλῶν

2218 5142 2316 5214 τὴν
2344 5145 2636 5215 τιμωρίαν,
2684 5146 2822 5218 ὑπὲρ
2868 5141 2943 5200 ὧν
2971 5148 3143 5214 οὕτως
3189 5150 3501 5223 ἀγνώμονες
3535 5158 3659 5226 περὶ
3703 5160 3801 5210 τὸν

2218 5233 2465 5289 τοσοῦτον
2498 5236 2753 5304 γεγόνατε
2798 5239 3113 5311 εὐεργέτην.
3157 5262 3176 5294 ‹
3215 5244 3278 5296 El
3308 5246 3659 5315 πορεύσονται
3704 5250 3806 5304 δύο

2220 5325 2313 5377 ἐπὶ
2349 5324 2410 5377 τὸ
2436 5326 2566 5379 αὐτὸ
2592 5328 2839 5393 καθόλου,
2876 5331 2969 5384 ἐάν
3001 5332 3075 5403 μὴ
3106 5335 3442 5404 γνωρίσωσιν
3475 5340 3734 5405 ἑαυτούς,
3783 5366 3801 5395 ι

2220 5416 2316 5480 Εἰς
2349 5416 2634 5485 βεϐαίωσιν
2656 5419 2764 5473 τῶν
2787 5422 3111 5492 εἰρημένων,
3155 5426 3246 5478 καὶ.
3277 5428 3548 5495 ἀπόδειξιν
3582 5433 3681 5484 τοῦ
3727 5436 3807 5504 μὴ

2222 5505 2295 5569 ὡς
2351 5506 2538 5576 ἔτυχεν
2590 5509 2839 5579 εἰρῆσθαι
2885 5512 2953 5564 τά
3016 5516 3311 5586 εἰρημένα,
3366 5521 3558 5589 ἐπάγει
3627 5530 3809 5579 ταυτὶ

2222 5595 2427 5649 τοιοῦτό
2450 5614 2502 5649 τι
2551 5598 2720 5666 λέγων
2740 5616 2752 5630 ο
2776 5601 2838 5653 El
2866 5603 3133 5675 ἐγχωρεῖ,
3179 5608 3333 5677 φησὶ,
3373 5609 3465 5663 δύο
3490 5613 3625 5666 κατά
3661 5633 3810 5670 ταυ-

2222 5690 2311 5742 τὸν
2363 5690 2579 5760 μακράν
2641 5691 2900 5756 ἀνύοντας
2954 5693 3071 5748 ὁδὸν
3124 5696 3212 5750 διὰ
3272 5701 3473 5765 παντὸς
3527 5704 3810 5775 ἀλλήλους

2226 5782 2427 5851 κρύψαι
2474 5786 2573 5853 τῆς
2619 5783 2739 5836 ὁδοῦ
2784 5786 2881 5853 τὴν
2925 5788 3135 5853 αἰτίαν,
3177 5791 3267 5842 καὶ
3313 5791 3387 5861 μὴ
3428 5794 3807 5853 κοινώσασθαι
