3954 6522
165 366 251 421 261
1175 357 1721 418 COMMENTARIUS
1748 358 1813 414 IN
1855 354 2065 414 AMOSI
2104 355 2255 413 CAP.
2282 354 2350 410 111
2362 397 2376 411 .

3291 352 3397 409 262

165 479 380 542 ἑαυτοὺς
423 477 555 549 περὶ
600 477 825 548 ταύτης,
853 476 949 531 καὶ
985 476 1051 548 δὴ
1100 477 1370 548 καὶκοινῇ
1412 473 1605 547 γνώμῃ
1631 473 1731 543 τὴν

1842 471 2040 540 absque
2065 468 2161 526 Dei
2202 470 2480 524 voluntate
2504 482 2601 524 vos
2634 467 3035 539 aggredientur.
3082 489 3101 517 ι
3123 466 3181 521 Si
3216 468 3396 538 rugiet

165 569 460 641 ὁδοιπορίαν
524 568 748 634 ἁνύσαι,
800 568 891 639 (p.
939 567 1077 638 161)
1128 567 1395 634 ἐνδέξεται
1461 565 1556 619 καὶ⁸
1600 565 1727 627 τοὺς

168 658 445 729 πολεμίους
500 656 576 728 μὴ
624 658 765 711 κατὰ
809 656 1035 728 γνώμην
1084 656 1179 710 τοῦ
1231 657 1367 711 Θεοῦ
1416 656 1588 710 ἐλθεῖν
1639 654 1724 723 ἐφ’

166 746 320 815 ὑμᾶς.
376 764 394 795 ι
432 747 494 798 Εἰ
541 745 822 816 ἐρεύεεται
864 747 998 800 λέων
1025 749 1089 799 ἐκ
1128 744 1222 800 τοῦ
1268 745 1473 818 δρυμοῦ
1528 744 1723 810 αὐτοῦ,

166 833 330 903 θήραν
380 836 478 886 οὐκ
527 833 695 904 ἔχων⁶
745 836 793 887 εἰ
850 834 1009 888 δώσει
1064 835 1301 907 σκύμνος
1344 834 1525 906 φωνὴν
1560 834 1724 887 αὐτοῦ

168 924 423 987 καθόλου,
472 924 566 977 ἐάν
612 924 686 994 μὴ
712 925 937 997 ἁρπάσῃ
958 942 1031 977 τι.
1066 942 1084 975 ι
1124 925 1185 976 Εἰ
1214 924 1517 994 ἐνδέχεται,
1557 922 1722 992 φησι,

165 1016 347 1069 λέοντα
388 1016 421 1086 ἢ
470 1018 534 1069 ἐκ
579 1017 678 1086 τῆς
738 1016 975 1086 μάνδρας
1022 1015 1210 1087 βοῆσαι
1248 1017 1342 1085 τῆς
1384 1015 1617 1079 οἰκείας,
1651 1013 1724 1083 μὴ

166 1111 330 1180 θήρας
380 1109 567 1179 ἔχοντα
614 1110 965 1180 προσδοκίαν·
1014 1110 1062 1161 εἰ
1092 1109 1184 1162 καὶ
1226 1107 1507 1176 ἑωρακότα
1542 1124 1614 1169 τι,
1651 1103 1725 1175 μὴ

164 1202 431 1271 ἁρπάσαν
484 1200 578 1253 καὶ
625 1199 731 1271 γάρ
767 1200 859 1252 καὶ
904 1198 1139 1270 σκύμνον
1192 1198 1353 1251 πάλιν
1396 1197 1485 1250 τὸν
1541 1196 1727 1250 λέοντα

165 1292 340 1357 λέγει·
376 1290 450 1352 ὡς
479 1290 552 1343 ὅτ’
580 1290 643 1342 ἂν
669 1290 794 1361 εἴπῃ
816 1307 827 1319 ·
865 1309 883 1340 ι
925 1290 988 1343 Τί
1022 1292 1167 1343 ἐστιν
1201 1289 1504 1361 ἅνθρωπος,
1549 1289 1581 1359 ἢ
1610 1288 1726 1352 υίὸς

168 1380 485 1450 ἀνθρώπους
522 1400 540 1431 ι
582 1382 643 1433 Εἰ
690 1382 868 1434 τοίνυν
916 1381 1115 1444 ταῦτα,
1153 1383 1335 1453 φησὶν,
1381 1376 1491 1433 οἷόν
1530 1398 1588 1434 τε
1631 1398 1726 1449 γε·

165 1473 378 1536 νὲσθαι,
411 1473 680 1541 ἐνδέχεται
708 1473 800 1526 καὶ
833 1473 923 1526 τὸν
958 1474 1211 1543 πολέμιον
1240 1474 1326 1526 τὸν
1358 1472 1621 1544 ὑμέτερον
1655 1473 1721 1541 τῇ

165 1565 245 1632 ἐφ’
276 1565 418 1634 ὑμᾶς
456 1564 597 1634 ὁρμῇ
632 1565 971 1634 χρήσασθαι,
1009 1565 1082 1636 μὴ
1110 1566 1314 1629 πάντας
1356 1565 1499 1635 ὑμᾶς
1540 1564 1727 1633 ὥσπερ

164 1654 281 1708 τινὰ
334 1653 771 1723 συλλαμϐάνοντα
825 1655 1015 1727 θήραν.
1074 1674 1093 1706 ι
1134 1657 1196 1708 Εἰ
1246 1659 1492 1709 πεσεῖται
1541 1655 1726 1726 ὄρνεον

165 1748 251 1799 ἐπὶ
272 1747 369 1817 τὴν
397 1746 499 1815 γῆν
514 1746 640 1799 ἄνευ
663 1745 863 1809 ἰξευτοῦ
883 1763 896 1777 ·
915 1748 968 1824 εί
989 1746 1314 1817 χασθήσεται
1336 1746 1497 1815 παγίς
1515 1746 1606 1798 ἐπὶ
1626 1746 1727 1814 τῆς

1833 561 1887 616 in
1922 562 2058 615 silva
2081 561 2188 624 leo,
2214 559 2323 614 nisi
2354 557 2606 613 habuerit
2630 557 2901 627 praedam;
2934 557 2978 611 si
3004 556 3153 611 dabit
3179 560 3397 615 catulus

1831 653 1953 721 ejus
1988 666 2178 708 vocem
2231 664 2386 708 suam
2418 649 2661 712 omnino,
2707 649 2814 705 nisi
2854 649 3057 719 aliquid
3088 652 3347 719 rapuerit.
3372 670 3391 703 ι

1834 739 1890 795 Si
1922 741 2038 796 ﬂeri
2069 750 2247 811 potest
2281 749 2339 795 ut
2382 740 2467 794 leo
2495 739 2563 794 de
2610 738 2865 807 spelunca
2896 754 2994 795 sua
3024 740 3243 806 clamet,
3291 743 3398 798 nisi

1834 832 1960 887 ferae
1983 832 2261 902 capiendae
2291 830 2611 895 immineat;
2636 829 2718 884 vel
2746 832 2790 882 si
2822 830 3028 900 aliquid
3050 832 3252 894 videat,
3288 848 3396 886 non

1834 924 2027 994 rapiat.
2062 922 2197 977 Nam
2228 922 2392 978 etiam
2422 920 2687 976 vocabulo
2720 920 2932 974 catulus
2970 922 3177 976 leonem
3216 922 3398 977 denuo

1832 1014 1999 1069 dicit:
2034 1013 2196 1069 veluti
2228 1012 2317 1068 ubi
2344 1012 2579 1067 dicitur:
2627 1027 2645 1060 ι
2666 1010 2804 1075 Quid
2830 1020 2911 1064 est
2935 1010 3116 1076 homo,
3140 1020 3233 1066 aut
3254 1012 3398 1068 ﬁlius

1837 1103 2232 1161 hominis‘L“?
2250 1124 2268 1157 ι
2290 1103 2345 1158 Si
2367 1118 2516 1174 ergo,
2540 1102 2740 1172 inquit,
2758 1102 2871 1156 haec
2885 1101 3245 1171 ﬁeripossint,
3268 1113 3400 1159 tunc

1832 1197 2106 1266 continget
2131 1194 2319 1259 etiam,
2349 1202 2409 1248 ut
2450 1195 2624 1249 hostis
2656 1204 2837 1249 vester
2868 1192 3131 1249 adversus
3168 1211 3269 1252 vos
3299 1198 3400 1250 im-

1832 1294 2013 1357 petum
2036 1284 2221 1351 faciat,
2272 1285 2405 1356 quin
2432 1285 2594 1340 simul
2616 1300 2804 1339 omnes
2829 1299 2928 1339 vos
2974 1293 3230 1355 tanquam
3262 1303 3399 1357 pra:-

1832 1378 1955 1433 dam
1988 1378 2290 1432 venaticam
2343 1379 2544 1447 capiat.
2586 1396 2603 1429 ι
2630 1377 2684 1432 Si
2731 1377 2887 1431 cadet
2934 1376 3052 1432 avis
3105 1378 3159 1431 in
3193 1385 3400 1433 terram

1833 1471 2038 1539 absque
2059 1484 2266 1539 aucupe
2294 1486 2309 1535 ;
2341 1469 2387 1523 si
2412 1468 2726 1523 demittetur
2750 1469 2976 1538 laqueus
3001 1468 3055 1523 in
3076 1478 3241 1533 terra,
3268 1470 3400 1539 quin

1834 1560 2041 1629 aliquid
2095 1558 2585 1630 comprehendat.)
2632 1556 2786 1613 Sicut
2815 1558 2981 1623 enim,
3027 1559 3224 1631 inquit,
3274 1575 3401 1615 aves

1834 1652 1901 1706 ab
1924 1651 2227 1720 aucupibus
2258 1650 2375 1719 capi
2406 1650 2615 1715 solent;
2658 1659 2708 1705 et
2746 1649 2924 1719 laquei
2961 1658 3090 1704 tunc
3120 1652 3276 1720 107
3307 1666 3403 1705 ex-

1834 1742 2014 1797 cidere
2051 1756 2174 1795 cum
2205 1741 2409 1811 aliquid
2434 1740 2877 1810 comprehensuri
2906 1749 3067 1795 sunt:
3117 1743 3191 1795 ita
3223 1752 3276 1796 et
3302 1758 3402 1798 vos

164 1839 261 1908 γῆς
282 1879 293 1899 ,
325 1839 452 1891 ἄνευ
481 1835 573 1889 τοῦ
605 1836 882 1889 συλλαϐεῖν
915 1854 988 1890 τι.
1036 1855 1054 1887 ι
1102 1838 1185 1900 Ὠς
1220 1835 1327 1907 γὰρ
1353 1837 1423 1890 τά
1452 1853 1510 1888 τε
1532 1836 1724 1905 ὄρνεα,

1842 1842 2038 1888 autum
2096 1834 2363 1885 malorum
2424 1833 2627 1902 perpeti
2677 1846 2905 1887 necesse
2958 1831 3084 1896 erit,
3148 1832 3403 1889 hostibus

165 1932 360 1999 φησιν,
411 1928 514 1981 ὑπὸ
570 1929 798 1993 ἰξευταῖς
851 1927 1218 1999 λαμϐάνεσθαι
1280 1927 1500 1980 εἴωθεν
1556 1927 1617 1980 αἵ
1669 1944 1727 1979 τε

1842 1918 2009 1971 Ιίνίηε
2036 1918 2316 1971 voluntate
2340 1916 2673 1970 irruentibus
2700 1923 2753 1968 et
2791 1915 3402 1984 comprehendentibus,

163 2017 389 2085 παγίδες
427 2014 726 2085 τηνικαῦτα
752 2014 1056 2081 ἐκπίπτειν,
1091 2014 1259 2067 ὲπειδ’
1281 2015 1346 2069 ἄν
1385 2032 1437 2068 τι
1466 2015 1558 2068 καὶ
1608 2014 1725 2067 συλ-

1828 2001 1938 2054 imo
1964 2007 2017 2054 et
2043 2000 2097 2053 in
2128 1999 2496 2069 captivitatem
2532 2014 2625 2053 vos
2656 1998 3074 2054 abducentibus.
3110 2019 3127 2051 ι
3172 1999 3226 2052 Si
3249 2000 3403 2054 clan-

164 2081 801 2178 lattﬁdvetv‘pénwstv,
854 2104 997 2160 οὕτω
1046 2107 1141 2160 καὶ
1203 2107 1347 2176 ὑμᾶς
1399 2107 1460 2160 τὸ
1511 2106 1733 2159 τοσοῦτο

1842 2090 1914 2152 get
1962 2083 2092 2136 tuba
2134 2082 2187 2135 in
2220 2081 2462 2145 civitate,
2512 2089 2566 2136 et
2595 2081 2831 2151 populus
2866 2096 2975 2135 non
3007 2093 3353 2152 expavescet.
3377 2101 3398 2135 ι

166 2203 345 2272 μεῖναι
389 2198 499 2252 τῶν
557 2196 742 2250 κακῶν
794 2195 1043 2267 ἀνάγκη,
1088 2194 1198 2250 τῶν
1257 2196 1531 2266 πολεμίων
1591 2196 1733 2250 κατά

162 2289 390 2359 γνώμην
433 2287 582 2343 θείαν
629 2289 889 2343 ἐπιόντων
926 2306 986 2342 τε
1032 2289 1124 2342 καὶ
1173 2288 1730 2361 συλλαμϐανομένων,

163 2383 257 2436 καὶ
292 2381 354 2453 δὴ
399 2382 491 2436 καὶ
531 2383 611 2445 είς
658 2379 1029 2452 αἰχμαλωσίαν
1062 2381 1379 2450 ἀπαγόντων
1409 2382 1572 2452 ὑμᾶς.
1612 2399 1629 2432 ι
1668 2382 1732 2436 Εἰ

162 2475 403 2546 φωνήσει
453 2472 684 2542 σάλπιγξ
728 2476 788 2526 ἐν
837 2474 1020 2534 πόλει,
1070 2474 1164 2528 καὶ
1187 2474 1319 2537 λαὸς
1340 2474 1400 2526 οὐ
1435 2474 1733 2544 πτοηθήσεο
1778 2482 1787 2487 ’

158 2585 274 2620 ται.
314 2586 332 2618 ι
369 2567 432 2619 Εἰ
479 2566 744 2635 ἐνδέχεται
777 2566 971 2637 ἀθρόον
1002 2565 1300 2635 σάλπιγγος
1336 2567 1393 2619 ἐν
1427 2566 1577 2619 πόλει
1605 2565 1731 2635 βοη-

163 2660 355 2730 σάσης,
386 2658 460 2728 μὴ
493 2660 625 2711 πᾶσι
646 2658 871 2728 πτόησιν
897 2656 1213 2725 ἐγγενέσθαι
1244 2656 1336 2709 ἐπὶ
1366 2658 1431 2726 τῇ
1455 2655 1560 2708 τῶν
1586 2672 1734 2723 γινο-

162 2749 344 2819 μένων
385 2748 609 2819 ἀδηλίᾳ,
658 2746 925 2813 ἐνδέξεται
983 2748 1077 2802 καὶ
1128 2748 1270 2818 ὑμᾶς
1316 2746 1597 2819 ἀθορύϐως
1643 2747 1739 2800 καὶ

1832 2165 1887 2219 Si
1922 2165 2036 2219 ﬁeri
2081 2173 2261 2234 potest
2290 2174 2368 2229 ut,
2403 2165 2534 2217 tuba
2570 2165 2621 2217 in
2671 2164 2889 2218 civitate
2928 2164 3233 2235 clangente,
3273 2180 3406 2220 con-

1832 2246 2096 2301 sternatio
2126 2261 2233 2300 non
2270 2246 2481 2300 accidat
2516 2246 2583 2301 iis
2613 2246 2705 2316 qui
2738 2247 2815 2300 rei
2843 2260 3068 2300 causam
3113 2248 3403 2318 ignorant:

1834 2337 1967 2383 tunc
1999 2343 2097 2383 vos
2128 2344 2344 2398 quoque
2375 2330 2624 2399 poteritis
2647 2330 2901 2398 intrepidi
2933 2340 3098 2399 atque
3124 2331 3408 2389 indemnes

1834 2412 2084 2467 bellicam
2109 2412 2299 2466 audire
2324 2413 2531 2466 tubam.
2575 2430 2593 2464 ι
2615 2410 2671 2468 Si
2696 2413 2801 2468 erit
2825 2429 3065 2468 aerumna
3092 2415 3145 2468 in
3164 2415 3406 2479 civitate,

1835 2509 2000 2562 quam
2019 2492 2284 2549 Dominus
2305 2509 2412 2549 non
2431 2494 2693 2549 etfecerit.
2716 2514 2735 2547 ι
2763 2494 2919 2550 Sicut
2942 2497 3045 2552 ista
3068 2498 3412 2567 impossibile

1836 2586 1920 2632 est
1949 2592 2055 2631 non
2086 2584 2211 2631 ante
2237 2576 2385 2631 dicto
2411 2577 2571 2632 modo
2602 2577 2832 2642 ﬁeri,ita
2872 2580 3211 2650 impossibile
3245 2589 3329 2636 est
3354 2590 3411 2637 et

1847 2662 2056 2718 civitati
2088 2670 2283 2717 vestra:
2307 2663 2607 2732 quamlibet
2656 2678 2954 2718 aerumnam
2998 2666 3268 2733 accidere,
3303 2668 3412 2724 nisi

1850 2761 1970 2800 eam
2001 2744 2145 2799 Deus
2172 2746 2329 2800 vobis
2359 2745 2667 2799 adduxerit.

159 2844 416 2905 ἀϐλαϐῶς
442 2844 540 2914 τῆς
570 2843 865 2914 πολεμικῆς
892 2844 1119 2897 ἀκοῦσαι
1153 2843 1471 2912 σάλπιγγος.
1513 2861 1531 2893 ι
1579 2843 1640 2895 Εἰ
1666 2844 1817 2895 ἐσται
1847 2840 2015 2895 κακία
2051 2842 2108 2893 ἐν
2137 2840 2309 2907 πόλει,
2340 2842 2428 2911 (p.
2465 2840 2598 2910 162)
2624 2841 2691 2912 ἢν
2725 2841 2937 2911 Κύριος
2957 2843 3057 2895 οὐκ
3080 2842 3348 2915 ἐποίησεν.
3387 2863 3407 2899 ι

169 2936 260 3000 Ὠς
279 2938 339 2990 δὲ
370 2936 544 2991 ταῦτα
573 2937 826 2991 ἀδύνατον
861 2939 935 3008 μὴ
970 2937 1089 2990 καθ’
1120 2937 1177 2990 ὃν
1208 2936 1312 3007 ἔφη
1334 2936 1585 3005 γενέσθαι
1614 2936 1835 3008 τρόπον,
1868 2936 2039 2999 οὕτως
2066 2935 2322 2989 ἀδύνατον
2347 2936 2528 2988 καὶτὰ
2562 2936 2686 3003 περὶ
2717 2936 2812 3006 τὴν
2836 2935 2988 2989 πόλιν
3019 2937 3115 3007 τὴν
3143 2939 3417 3009 ὑμετέραν

162 3031 441 3102 συμϐῆναι
473 3028 636 3092 κακά,
673 3030 746 3099 μὴ
773 3027 908 3081 Θεοῦ
932 3028 1303 3096 ἐπαγαγόντος
1333 3030 1481 3099 ὑμῖν.

232 3121 389 3189 Στίχ.
436 3120 567 3183 ζ’-ι’.
598 3148 667 3159 --
706 3137 723 3169 ι
753 3118 896 3170 Διότι
946 3118 1021 3189 μὴ
1071 3119 1269 3190 ποιήσῃ
1313 3118 1516 3188 Κύριος
1553 3119 1581 3170 ό
1605 3117 1739 3179 Θεὸς

1919 3113 2087 3170 Vens.
2135 3115 2287 3168 7-10.
2322 3143 2392 3153 —
2432 3115 2833 3179 «Quamobrem
2896 3133 3004 3171 non
3060 3117 3219 3174 faciet
3272 3119 3415 3175 Deus

160 3213 313 3283 πρᾶγ
326 3226 426 3281 μα,
445 3211 538 3264 ἐάν
568 3208 642 3281 μὴ
665 3208 987 3279 ἀποκαλύψῃ
1015 3208 1260 3261 παιδείαν
1283 3207 1445 3262 αὐτοῦ
1471 3209 1603 3279 πρὸς
1618 3208 1739 3271 τοὺς

1844 3206 2167 3276 quidquam,
2200 3206 2305 3259 nisi
2338 3207 2659 3259 revelaverit
2688 3206 3033 3276 disciplinam
3062 3224 3214 3263 suam
3240 3214 3418 3269 servis

158 3302 391 3365 δούλους
418 3300 584 3353 αὐτοῦ
605 3301 727 3363 τοὺς
756 3302 1055 3370 προφήτας.
1084 3319 1103 3350 ι
1134 3301 1209 3352 Οὐ
1236 3299 1412 3353 τοίνυν
1440 3300 1559 3352 οὐδὲ
1581 3300 1739 3368 ἡμεῖς

1844 3299 1960 3353 suis
1984 3298 2285 3367 prophetis.
2316 3316 2333 3347 ι
2371 3296 2553 3367 Itaque
2578 3313 2645 3352 ne
2670 3313 2771 3353 nos
2801 3298 3017 3368 quidem
3049 3309 3250 3356 temere
3272 3305 3417 3371 apud

163 3396 348 3465 μάτην
388 3391 762 3462 φθεγγόμεθα,
804 3391 917 3444 ἀλλ’
966 3391 1137 3444 ὁπόσα
1176 3390 1308 3453 Θεὸς
1354 3390 1584 3443 δέδωκεν
1612 3390 1739 3459 ἡμῖν

1844 3404 1940 3443 vos
1980 3389 2279 3458 loquimur,
2317 3389 2412 3443 sed
2464 3404 2586 3458 qua:
2618 3387 2762 3443 Deus
2808 3390 2969 3445 nobis
3008 3392 3283 3446 commisit
3333 3394 3420 3447 die

160 3488 377 3538 εῐπείν’
419 3483 478 3545 ὃς
522 3482 628 3552 πρὸ
664 3482 770 3535 τῶν
816 3482 1153 3552 πραγμάτων
1196 3480 1439 3551 βούλεται
1486 3480 1552 3533 δι’
1588 3481 1739 3551 ἡμῶν

1844 3480 2050 3544 cenda;
2083 3479 2177 3548 qui
2212 3489 2339 3534 ante
2389 3494 2571 3534 rerum
2603 3488 2879 3544 eventum,
2909 3483 3024 3536 vult
3062 3498 3157 3552 per
3214 3499 3315 3538 nos
3352 3486 3419 3538 si-

160 3572 475 3646 μηνύεσθαι
516 3572 586 3626 τὰ
629 3572 878 3642 ἐσόμενα,
913 3572 1006 3624 καλ⁵
1035 3574 1176 3642 άπερ
1214 3574 1291 3634 εἰς
1331 3571 1606 3625 παίδευσιν
1650 3574 1739 3623 ἐπ-

1844 3569 2088 3642 gnilicari
2144 3570 2349 3633 futura,
2399 3578 2453 3624 et
2484 3585 2606 3640 qua:
2636 3570 2703 3623 ad
2734 3573 3138 3641 correptionem
3172 3583 3413 3630 vestram

158 3662 323 3728 άγειν
360 3659 543 3730 μέλλει
571 3658 669 3729 τὴν
702 3659 968 3730 ὑμετέραν
993 3676 1005 3689 ·
1043 3659 1118 3722 ὡς
1148 3660 1214 3713 ἂν
1259 3660 1482 3731 εἰδείητε
1512 3659 1619 3713 τῶν
1652 3660 1739 3711 ἐπ-

1846 3670 2072 3716 acturus
2100 3669 2221 3724 est;
2255 3669 2313 3715 ut
2337 3663 2578 3718 noscatis
2608 3662 2941 3718 inﬂictorum
2980 3666 3246 3721 malorum
3283 3684 3414 3723 cau-

154 3754 457 3824 αγομένων
488 3752 613 3820 ὑμῖν
651 3749 834 3804 κακῶν
859 3752 955 3821 τὴν
988 3751 1183 3814 αἰτίαν,
1225 3752 1352 3821 παρ’
1384 3752 1505 3805 ὅτου
1550 3768 1609 3805 τε
1654 3751 1739 3803 καὶ

1848 3769 1987 3819 sam,
2014 3761 2069 3808 et
2090 3769 2198 3822 quo
2220 3763 2446 3809 auctore
2477 3761 2531 3809 et
2556 3770 2717 3825 quam
2759 3756 2829 3809 ob
2858 3771 2971 3809 rem
3002 3766 3261 3812 eventura
3288 3760 3415 3817 sint.

156 3845 311 3915 ὑπὲρ
341 3836 419 3895 ῶν
443 3842 740 3909 ἐπάγεσθαι
770 3840 969 3911 μέλλει.
1004 3860 1022 3893 ι
1042 3842 1191 3895 Λέων
1221 3841 1517 3914 ὲρεύξεται,
1549 3842 1642 3896 καὶ
1666 3842 1739 3906 τίς

1853 3864 1872 3896 ι
1892 3845 2001 3900 Leo
2029 3846 2228 3915 rugiet,
2260 3854 2314 3900 et
2345 3846 2469 3915 quis
2498 3862 2605 3899 non
2627 3846 2877 3901 timebit?
2906 3846 3170 3904 Dominus
3201 3851 3417 3906 locutus

153 3935 221 3988 ού
266 3933 687 4004 φοϐηθήσεται;
727 3933 929 4004 Κύριος
965 3934 993 3984 ὁ
1036 3933 1165 3996 Θεὸς
1205 3933 1465 4004 ἐλάλησε,
1519 3934 1613 3987 καὶ
1665 3933 1739 3996 τίς

1848 3942 1953 3998 est,
1984 3942 2037 3989 et
2063 3936 2186 4003 quis
2211 3950 2317 3989 non
2340 3935 2684 4004 prophetabit
2705 3936 2727 3987 ?
2747 3954 2764 3985 ι
2792 3934 2902 3991 Nec
2934 3937 3089 3992 leone
3114 3938 3275 4007 igitur
3302 3955 3418 3994 ma-

152 4026 221 4081 οὐ
269 4024 680 4098 προφητεύσεις
713 4044 731 4075 ι
797 4022 919 4077 Οῠτ’
965 4018 1056 4076 οὖν
1109 4024 1319 4087 Λέοντος
1379 4024 1739 4094 φθεγγομένου

1850 4041 2009 4096 gnam
2042 4042 2227 4081 vocem
2250 4026 2465 4089 edente,
2491 4027 2603 4081 ﬁeri
2644 4034 2822 4097 potest
2858 4036 2916 4081 ut
2978 4029 3163 4084 bestiae
3201 4046 3307 4085 non
3325 4048 3421 4086 ex-

156 4117 336 4188 μέγοι,
374 4116 599 4168 δυνατὸν
628 4115 702 4186 μὴ
721 4116 871 4185 φόϐῳ
890 4115 1257 4186 λαμϐάνεσθαι
1287 4115 1353 4168 τὰ
1379 4118 1552 4188 κτήνη
1572 4133 1586 4146 ’
1615 4115 1748 4169 Θεοῦ

154 4227 217 4262 τε
274 4208 746 4277 ἀποφαινομένου.
795 4208 895 4260 ούκ
937 4208 1081 4261 ἔστιν
1123 4209 1268 4278 ἡμᾶς
1315 4207 1389 4278 μὴ
1426 4208 1564 4278 μετά
1601 4208 1752 4271 δέους

154 4299 569 4371 ὑπηρετεῖσθαι
591 4301 698 4361 τοῖς
726 4298 873 4369 αὐτῷ
893 4299 1154 4353 δοκοῦσιν.
1185 4317 1204 4351 ι
1228 4298 1617 4367 Ἀπαγγείλατε
1643 4298 1739 4369 χώ-

1859 4322 1876 4353 ι
1897 4301 2233 4356 Annuntiate
2253 4300 2570 4372 regionibus
2587 4300 2729 4371 apud
2748 4302 3025 4372 Assyrios,
3048 4313 3101 4357 et
3124 4305 3421 4373 provinciis

152 4411 292 4463 ραις
318 4396 380 4445 ἐν
396 4390 718 4462 Ἀσσυρίοις,
741 4390 835 4443 καί¹
854 4390 944 4442 ἐπὶ
959 4390 1055 4452 τὰς
1074 4388 1255 4461 χώρας
1277 4392 1333 4441 ἐν
1362 4393 1431 4460 γῇ
1455 4389 1739 4458 Αἰγύπτου

1856 4393 2078 4448 interra
2120 4392 2365 4464 Egypti,
2415 4402 2469 4447 et
2515 4392 2731 4448 dicite:
2783 4392 3203 4465 Congregamini
3258 4414 3423 4465 super

152 4486 257 4538 καὶ
292 4486 491 4536 εἴπατε
515 4497 529 4510 ·
568 4481 873 4552 Συνάχθητε
904 4482 997 4533 ἐπὶ
1030 4482 1095 4535 τὰ
1142 4481 1240 4551 ὅρη
1281 4480 1611 4551 Σαμαρείας,
1661 4482 1739 4534 κα¹

1858 4493 2070 4540 montes
2099 4485 2380 4548 Samarim,
2407 4493 2461 4539 et
2484 4484 2659 4539 videte
2683 4485 2950 4539 mirabilia
2974 4487 3141 4540 multa
3167 4487 3218 4540 in
3245 4490 3421 4543 medio

151 4577 311 4628 ἴδετε
353 4571 648 4643 θαυμαστά
690 4572 857 4625 πολλὰ
893 4573 948 4624 ἐν
996 4571 1144 4642 μέσῳ
1173 4572 1362 4642 αὐτῆς,
1400 4572 1494 4625 καὶ
1526 4573 1739 4625 καταδυ·

1858 4575 2032 4638 illius,
2066 4584 2120 4631 et
2148 4576 2559 4645 oppressionem
2592 4576 2646 4629 in
2696 4590 2790 4630 ea:
2825 4585 2880 4631 et
2920 4576 3130 4646 ignorat
3173 4595 3293 4648 quae
3329 4580 3425 4633 im-

150 4664 436 4719 ναστείαν
482 4667 539 4715 ἐν
584 4664 752 4733 αύτῇο
794 4663 888 4716 καὶ
940 4663 1037 4716 οὐκ
1084 4663 1224 4730 ἔγνω
1264 4662 1300 4716 ἃ.
1345 4662 1494 4716 ἔσται
1521 4664 1739 4717 ἐναντίοτ

1856 4668 2066 4722 minent
2096 4683 2281 4721 coram
2312 4669 2450 4739 ipsa,
2482 4669 2558 4721 ait
2582 4668 2862 4725 Dominus.
2885 4689 2903 4721 ι
2938 4670 3103 4736 Quasi
3123 4672 3233 4740 jam
3263 4672 3421 4727 tidem

148 4758 372 4826 αὐτῆς,
399 4755 548 4822 λέγει
570 4754 789 4825 Κύριος.
822 4772 841 4805 ι
861 4753 946 4815 Ὠς
967 4753 1073 4825 γάρ
1095 4753 1504 4824 πιστωσάμενος
1529 4753 1589 4807 τὸ
1620 4754 1739 4806 κατέ

1857 4757 2224 4825 impetrasset,
2272 4775 2329 4813 se
2376 4758 2662 4825 voluntate
2717 4758 2808 4813 Dei
2867 4762 3066 4830 populo
3114 4762 3425 4832 signiﬁcare

147 4846 409 4918 γνώμην
432 4845 569 4897 Θεοῦ
601 4845 821 4915 μηνύειν
848 4844 1029 4907 αὐτοῖς
1056 4844 1123 4898 τά
1153 4844 1404 4914 ἐσόμενα,
1440 4841 1646 4906 Πάντες
1673 4842 1758 4913 δὴν

146 4935 665 5007 φησ“ιν,Ἀσσύριοί
698 4952 756 4987 τε
792 4936 884 4988 καὶ
908 4935 1191 5003 Αἰγύπτιοι
1219 4936 1381 5005 ἥκετε
1409 4936 1500 4988 ἐπὶ
1535 4935 1631 5006 τὴν
1650 4936 1758 4989 Σα-

148 5029 417 5100 μάρειαν
445 5026 700 5095 ὀψόμενοι
727 5026 889 5098 ἡλίκῃ
934 5026 1072 5080 κατά
1100 5027 1207 5078 τῶν
1239 5027 1634 5098 ἀσθενεστέρων
1673 5027 1762 5080 κέ-

141 5135 416 5191 χρηνται
436 5120 503 5187 τῇ
532 5116 845 5188 δυναστείᾳ·
868 5116 1074 5187 (p.165)
1093 5120 1190 5171 οὐκ
1211 5118 1647 5187 ἀναλογιζόμενοι
1674 5112 1761 5171 οἷα

144 5209 465 5261 πείσονται
497 5206 633 5277 ὑπὲρ
667 5206 886 5272 τούτων,
922 5208 1272 5278 ὀργιζομένου
1305 5211 1422 5262 κατ’
1463 5210 1640 5262 αὐτῶν
1669 5210 1761 5262 τοῦ

143 5298 306 5352 Θεοῦ
339 5315 357 5328 ·
388 5296 663 5362 γνώσεσθε
691 5297 797 5367 γὰρ
825 5298 905 5350 ὅτι
931 5297 1140 5351 δικαίαν
1170 5300 1349 5363 αὐτοῖς
1374 5300 1511 5371 ὑπὲρ
1544 5295 1619 5353 ὧν
1648 5300 1761 5354 δια-

145 5391 518 5460 πράττονται
538 5388 785 5455 τοιαύτην
808 5388 1001 5455 ἐπάγει
1030 5389 1125 5458 τὴν
1153 5390 1413 5461 τιμωρίαν
1434 5407 1445 5419 ·
1476 5391 1761 5461 πεπολιορ-

1852 4127 2177 4186 pavescant:
2234 4132 2410 4187 neque
2434 4116 2546 4172 Deo
2577 4119 2872 4183 revelante,
2909 4118 3022 4174 ﬁeri
3059 4129 3236 4190 potest
3282 4138 3424 4192 quo-

1852 4210 2032 4264 minus
2065 4223 2165 4264 nos
2200 4224 2321 4263 cum
2356 4208 2551 4263 timore
2580 4208 2947 4279 obsequamur
2978 4213 3243 4265 voluntati
3276 4215 3416 4281 ejus.

1857 4849 2039 4903 futura
2062 4892 2076 4917 ,
2100 4848 2324 4916 Omnes,
2360 4851 2561 4921 inquit,
2593 4851 2802 4922 Assyrii
2841 4861 3003 4921 atque
3041 4852 3302 4924 AZgyptii,
3330 4872 3423 4911 ve-

1856 4942 1968 4994 nite
1987 4940 2308 5007 Samariam,
2339 4953 2390 4997 et
2415 4943 2591 4998 videte
2628 4951 2830 5013 quanta
2859 4946 2930 4999 ibi
2969 4946 3038 4999 sit
3064 4947 3422 5004 inﬁrmiorem

1856 5033 2170 5103 Oppressio;
2226 5034 2355 5087 dum
2403 5050 2507 5089 non
2555 5043 2771 5106 reputat
2827 5034 2942 5090 fore
2975 5046 3032 5090 ut
3070 5038 3272 5106 justam
3316 5042 3421 5095 sibi

1858 5132 2079 5195 prepter
2110 5140 2209 5180 sua
2243 5125 2485 5181 facinora
2520 5126 2662 5182 Deus
2704 5142 2918 5197 pmnam
2951 5129 3109 5199 108
3138 5131 3298 5183 talem
3334 5133 3428 5186 int-

1860 5226 2043 5286 pouat.
2067 5214 2203 5269 Nam
2228 5232 2350 5270 cum
2369 5218 2579 5289 Assyrii
2605 5234 2722 5273 eam
2742 5219 3093 5282 obsederunt,
3120 5222 3243 5278 illos
3262 5226 3424 5279 etiam

1864 5308 1955 5377 qui
1985 5307 2131 5361 illinc
2159 5307 2225 5361 ad
2246 5306 2534 5379 Egyptios
2562 5309 2933 5380 profugerant,
2980 5312 3215 5365 indidem
3254 5329 3428 5367 retra-

1867 5408 2080 5466 xerunt,
2108 5409 2161 5455 (ιι
2186 5402 2327 5471 apud
2362 5403 2535 5472 ipsam
2558 5402 2851 5474 IEgyptum
2883 5406 3213 5474 puniverunt
3239 5425 3251 5460 :
3287 5410 3431 5463 sicut

1866 5492 2028 5546 etiam
2061 5492 2201 5562 apud
2229 5495 2423 5548 Oscam
2453 5492 2739 5560 dicitur“,
2761 5497 2905 5565 quod
2925 5515 2941 5547 ι
2963 5494 3035 5549 Ex
3056 5494 3270 5566 (Egypti
3290 5501 3433 5553 cala-

1872 5582 2057 5638 mitate
2085 5581 2400 5652 precedent,
2447 5591 2501 5639 et
2532 5586 2760 5656 excipiet
2814 5601 2907 5640 eos
2939 5586 3220 5656 Memphis,
3254 5596 3308 5642 et
3337 5606 3429 5647 eos

142 5482 420 5552 κηκὸτες
460 5479 570 5548 γὰρ
623 5480 817 5543 αὐτοὺς
858 5479 1147 5551 Ἀσσύριοι,
1199 5482 1325 5545 τοὺς
1368 5483 1762 5553 καταπεφευγό-

140 5591 259 5636 τας
294 5572 369 5637 ἐξ
402 5572 584 5624 αὐτῶν
615 5570 705 5623 ἐπὶ
735 5572 832 5642 τὴν
860 5572 1153 5640 Αἴγυπτον,
1184 5572 1499 5637 ἐξείλκυσαν
1532 5592 1591 5628 τε
1622 5577 1762 5629 ἐκεῖ·

227 5774 387 5808 δ⁸-’⁶⁷
426 5771 572 5827 Psal.
615 5788 731 5838 vin,
769 5772 823 5826 5.
900 5770 946 5804 ’⁸⁸
979 5770 1105 5829 Ose.
1148 5786 1221 5841 ιι,
1257 5771 1307 5827 6.
