3954 6510
569 340 679 399 263
1767 341 2119 398 TliEODORl
2150 341 2637 399 MOI‘SUESTENI
3730 340 3821 394 26l

579 457 861 513 Maehmas
880 460 1152 530 sepeliet.»
1168 458 1463 531 Pi-Opterea
1490 461 1654 532 igitur
1675 462 1739 514 ad
1770 477 1865 517 eos
1892 462 2143 531 loquitur.

2260 463 2369 528 θεν,
2409 464 2502 516 καὶ
2530 462 2617 515 ἐπ’
2644 461 2813 531 αὐτῆς
2851 462 3260 533 ἐτιμωρήσαντο
3289 461 3385 531 τῆς
3416 459 3694 527 Αἰγύπτου
3716 474 3729 485 ·
3760 465 3825 524 ὼς

576 556 636 603 ut
657 564 829 619 parum
847 564 959 604 sua:
980 564 1198 603 causam
1222 562 1579 621 cognoscam.
1612 571 1627 602 ι
1653 552 1753 617 Qui
1778 553 2143 607 thesaurizant

2256 555 2349 606 καὶ
2398 554 2546 623 παρά
2597 553 2674 623 τῷ
2730 553 2888 622 Ὠσηέ
2949 570 3134 624 φησιν,
3184 554 3264 606 ὅτι
3314 554 3721 619 Πορεύσονται
3764 553 3822 604 ἐκ

575 641 919 710 iniquitatem
942 648 997 695 et
1018 642 1292 695 miseriam
1316 644 1369 697 in
1393 645 1705 715 regionibus
1728 647 1860 698 suis.
1876 663 1895 696 ι
1932 643 2143 697 Multam

2254 645 2655 711 ταλαιπωρίας
2700 645 3030 711 Αἰγύπτου,
3106 644 3204 697 καὶ
3250 642 3553 707 ἐκδέξεται
3610 641 3824 705 αὐτοὺς

571 733 716 783 enim
757 742 810 784 et
843 732 1193 786 immodicam
1218 733 1484 789 adversus
1510 750 1779 804 pauperes
1810 736 2143 804 iniquitatem

2256 732 2505 801 Μέμφις,
2536 733 2635 787 καὶ
2664 733 2841 802 θάψει
2873 736 3093 799 αὐτοὺς
3122 734 3392 803 Μαχμάς.
3428 734 3526 785 Διὰ
3549 732 3709 784 τοῦτο
3742 729 3823 785 οὖν

573 830 963 883 exercuerunt,
999 824 1335 879 multimodis
1364 840 1458 879 eos
1485 825 1784 879 allicientes
1815 825 2056 893 injuriis.

2256 823 2393 892 πρὸς
2428 823 2664 886 ἐκείνους
2708 825 2893 893 φησὶν,
2928 824 3000 886 ὡς
3046 824 3111 876 ἂν
3156 822 3345 893 μαθεῖν
3374 822 3687 891 ὀφείλοντας
3736 820 3821 888 τῆς

570 911 838 984 τιμωρίας
870 913 1047 967 αὐτῶν
1084 914 1181 974 τὴν
1218 916 1413 972 αἰτίαν.
1455 934 1475 967 t
1518 916 1581 968 Οἱ
1616 915 2033 986 θησαυρίζοντες
2077 912 2288 966 ἀδικίαν
2338 914 2433 967 καὶ
2467 914 2835 984 ταλαιπωρίαν
2875 918 2930 967 ἐν
2966 916 3086 976 ταῖς
3124 915 3327 983 χώραις
3357 913 3554 967 αὐτῶν.
3602 933 3618 965 ι
3656 914 3820 982 Πολλῇ

573 1005 683 1070 γάρ
714 1023 819 1058 τινι
859 1008 953 1060 καὶ
992 1009 1282 1079 ἀμετρήτῳ
1330 1009 1623 1079 κέχρηνται
1667 1012 1733 1079 τῇ
1780 1009 1922 1061 κατά
1961 1007 2069 1061 τῶν
2122 1009 2368 1077 πενήτων
2422 1008 2632 1079 ἀδικία,
2687 1010 2955 1079 διαφόρως
3004 1011 3197 1072 αὐτοὺς
3258 1009 3671 1080 περιϐάλλοντες
3713 1013 3821 1072 ταῖς

572 1100 886 1171 ἐπηρείαις.

644 1218 811 1275 Vens.
846 1221 928 1282 ll,
965 1222 1048 1274 12.
1074 1252 1143 1262 -
1184 1241 1201 1272 ‹
1226 1221 1519 1292 Propterea
1556 1223 1669 1278 haec
1691 1222 1822 1277 dicit
1849 1221 2146 1277 Dominus:

579 1310 779 1381 Tyrus,
830 1324 883 1366 et
916 1312 968 1365 in
998 1312 1229 1366 circuitu
1264 1320 1408 1366 terra
1446 1322 1539 1367 tua
1571 1315 1927 1377 desolabitur,
1980 1321 2034 1368 et
2062 1314 2152 1368 de-

573 1404 822 1455 trahetur
850 1419 912 1456 ex
948 1412 999 1457 te
1031 1401 1292 1457 fortitudo
1323 1412 1434 1468 tua,
1463 1413 1515 1459 et
1539 1406 1868 1476 diripientur
1900 1406 2151 1475 regiones

574 1499 701 1546 tute.
728 1512 745 1543 ι
787 1491 859 1545 Ea
892 1501 1137 1563 propter,
1172 1494 1370 1563 inquit,
1400 1496 1633 1551 adducet
1672 1497 1825 1552 vobis
1864 1496 2150 1568 Assyrium

578 1581 742 1643 Deus,
799 1582 888 1651 qui
921 1581 1146 1651 Tyrum,
1202 1592 1255 1636 et
1288 1583 1594 1636 universam
1642 1593 1787 1638 tuam
1824 1584 1877 1636 in
1911 1584 2144 1637 circuitu

575 1680 802 1736 terram,
859 1672 912 1725 id
968 1680 1051 1727 est
1093 1674 1375 1742 proximos
1419 1687 1631 1738 omnes,
1688 1674 1741 1727 in
1796 1674 2143 1729 solitudinem

576 1765 821 1834 rediget:
857 1765 909 1818 in
936 1771 1169 1832 tantum,
1199 1773 1257 1818 ut
1280 1764 1426 1818 nulla
1446 1780 1570 1835 spes
1598 1764 1695 1818 tibi
1723 1766 1929 1834 reliqua
1952 1766 2143 1819 salutis

2320 1218 2466 1287 Στίχ.
2500 1217 2692 1286 ια’-ιβ’.
2724 1247 2790 1256 -—
2841 1235 2857 1266 ι
2882 1216 2979 1269 Διά
3023 1216 3179 1268 τοῦτο
3216 1215 3339 1268 τάδε
3386 1214 3534 1282 λέγει
3568 1215 3822 1285 Κύριοςὸ

2249 1308 2379 1371 Θεὸς
2407 1323 2420 1335 ·
2466 1308 2641 1377 Τύρος
2682 1307 2774 1359 καὶ
2817 1305 3078 1358 κυκλόθεν
3109 1308 3143 1376 ή
3165 1306 3238 1376 γῆ
3268 1325 3363 1360 σου
3386 1306 3817 1376 ἐρημωθήσεται,

2251 1401 2343 1453 καὶ
2375 1399 2595 1462 κατάξει
2629 1400 2692 1450 ἐκ
2723 1396 2815 1450 σοῦ
2845 1398 2943 1467 τὴν
2973 1397 3124 1468 ἰσχύν
3149 1414 3264 1461 σου,
3303 1398 3395 1449 καὶ
3421 1397 3819 1468 διαρπαγήσον-

2250 1508 2337 1543 ται
2380 1492 2435 1541 αἱ
2469 1490 2642 1560 χῶραί
2684 1507 2796 1542 σου.
2830 1510 2847 1542 ι
2894 1490 3064 1559 ’Υπὲρ
3080 1489 3142 1555 δὴ
3165 1488 3387 1553 τούτων,
3418 1490 3599 1559 φησιν,
3636 1492 3818 1559 ἐπάγει

2249 1581 2338 1633 τὸν
2376 1582 2655 1652 Ἀσσύριον
2703 1583 2828 1652 ὑμῖν
2862 1584 2889 1634 ὁ
2916 1581 3067 1643 Θεὸς,
3113 1580 3171 1643 ὃς
3210 1580 3382 1651 Τύρον
3426 1598 3487 1633 τε
3522 1582 3615 1634 καὶ
3648 1584 3818 1636 πᾶσάν

2252 1689 2343 1724 σου
2375 1672 2469 1743 τὴν
2520 1672 2907 1742 περικειμένην
2954 1671 3081 1739 γῆν,
3132 1671 3218 1723 ἵνα
3270 1670 3649 1745 εἴπῃ,πάντας
3704 1674 3818 1737 τοὺς

2248 1763 2678 1831 περιοικοῦντας,
2710 1764 2950 1833 ἐρήμους
2981 1762 3273 1833 ῳγάσεται
3297 1779 3310 1793 ·
3352 1763 3426 1826 ὡς
3455 1764 3724 1834 μηδεμίαν
3748 1766 3818 1817 ἐλ-

575 1858 669 1924 sit,
713 1858 807 1911 tali
846 1864 1106 1927 tantoque
1141 1860 1294 1913 hoste
1328 1834 1649 1913 obsidente:
1683 1858 1778 1929 qui
1809 1867 1931 1928 post
1963 1859 2143 1912 omnia

2250 1854 2377 1906 πίδα
2410 1854 2543 1923 μηδὲ
2598 1854 2681 1905 σοὶ¹
2714 1853 2985 1922 σωτηρίας
3027 1853 3407 1921 ὑπολελεῖφθαι
3440 1854 3542 1907 ὑπὸ
3570 1857 3816 1909 τοσούτου

574 1950 931 2003 ﬁnitimorum
952 1950 1262 2019 absumpta,
1289 1957 1437 2003 tuam
1466 1965 1683 2021 quoque
1712 1954 1989 2021 regionem
2019 1967 2150 2021 pra:-

570 2037 753 2094 dando
777 2038 1228 2109 depopulabitur,
1253 2047 1312 2093 ut
1338 2039 1473 2093 nihil
1502 2040 1597 2094 tibi
1615 2040 1937 2095 aestimabile
1964 2058 2151 2111 super-

568 2128 813 2185 futurum
854 2132 943 2186 sit.
982 2130 1185 2187 Deinde
1209 2132 1532 2201 gravitatem
1566 2146 1789 2201 quoque
1824 2133 1977 2187 exitii
2002 2133 2148 2203 quod

569 2222 844 2292 patientur
873 2222 1163 2292 signiﬁcat.
1195 2239 1215 2273 t
1241 2221 1365 2276 ﬂare
1392 2223 1524 2277 dicit
1545 2222 1807 2277 Dominus
1834 2241 1850 2278 :
1881 2223 2150 2289 Quemad-

568 2313 791 2368 modum
832 2315 880 2370 si
910 2314 1165 2370 extrahat
1202 2323 1389 2384 pastor
1415 2314 1482 2369 de
1508 2330 1602 2369 ore
1638 2313 1811 2369 leonis
1854 2315 1962 2369 duo
1986 2330 2147 2369 crura

568 2414 665 2458 aut
705 2412 1014 2459 extremum
1064 2406 1348 2471 auriculae,
1383 2406 1463 2461 sic
1496 2413 1760 2460 eruentur
1784 2405 1875 2461 ﬁlii
1908 2404 2145 2473 lsraelis,

568 2496 668 2564 qui
701 2495 947 2550 habitant
970 2493 1251 2559 Samariae,
1283 2512 1348 2551 ex
1376 2497 1605 2551 adverso
1630 2496 1806 2551 tribus
1830 2496 2101 2552 Damasci.
2122 2517 2141 2550 ι

574 2584 775 2651 Tanta,
808 2589 1003 2657 inquit,
1035 2595 1216 2642 vestra
1243 2588 1331 2642 lict
1352 2589 1531 2651 ruina,
1567 2598 1623 2642 ut
1646 2588 1835 2657 paucis
1855 2588 2147 2643 admodum

568 2679 817 2740 salvalis,
876 2694 962 2733 res
1016 2679 1150 2732 nihil
1194 2679 1413 2734 diﬁ‘erre
1460 2680 1732 2744 videatur,
1788 2694 1850 2733 ac
1884 2681 1928 2735 si
1964 2696 2065 2736 ove
2116 2696 2146 2735 a

574 2768 731 2822 leone
760 2768 1156 2836 comprehensa
1202 2774 1256 2821 et
1287 2765 1421 2820 adeo
1446 2776 1791 2834 consumpta,
1819 2766 1907 2819 vix
1939 2766 2149 2836 exiguae

566 2860 692 2929 ejus
720 2869 903 2929 partes
938 2873 966 2911 a
1002 2866 1219 2929 pastore
1251 2858 1463 2927 possint
1493 2872 1589 2911 ore
1626 2856 1799 2911 leonis
1833 2856 2147 2911 excidentes

567 2950 751 3020 colligi
779 2968 792 3003 :
831 2964 968 3018 quas
1001 2948 1222 3018 quidem
1252 2948 1298 3002 is
1322 2946 1645 3009 contemnit,
1679 2953 1866 3014 utpote
1894 2946 2146 3000 excarni-

569 3041 761 3094 licatas
786 3047 840 3094 et
870 3039 1145 3093 alimonia:
1171 3054 1281 3091 non
1324 3038 1569 3092 idoneas.
1607 3035 1720 3089 lloc
1745 3035 1891 3089 enim
1929 3035 2148 3089 denota-

2248 1945 2685 2016 πολιορκουμένῳ
2742 1945 3032 2016 πολεμίου·
3085 1945 3169 2016 (ρ.
3206 1945 3336 2015 164)
3385 1947 3657 2016 ἀφανίσας
3723 1950 3817 2021 γὰρ

2250 2037 2464 2090 ἅπαντα
2485 2037 2552 2090 τὰ
2579 2037 2686 2089 τῶν
2716 2038 3029 2108 περιοίκων,
3064 2038 3281 2091 ἃπασαν
3312 2037 3406 2090 καὶ
3442 2038 3534 2091 σοῦ
3558 2039 3625 2091 δι’
3652 2041 3820 2109 ἁρπα-

2248 2129 2350 2198 γῆς
2379 2129 2661 2198 ποιήσεται
2694 2128 2793 2199 τὴν
2832 2128 3015 2199 χώραν
3035 2146 3047 2158 ·
3104 2129 3180 2193 ὡς
3212 2130 3378 2200 μηδὲν
3419 2131 3817 2202 περιλειφθῆναι

2247 2220 2354 2273 τῶν
2390 2220 2543 2288 λόγου
2590 2238 2704 2283 πως
2748 2219 2913 2284 ἀξίων
2943 2216 3084 2274 εἶναι
3127 2220 3427 2275 δοκούντων
3464 2222 3523 2275 ἐν
3554 2224 3657 2275 σοί.
3700 2221 3819 2276 Εἶτα

2249 2314 2342 2366 καὶ
2375 2313 2472 2382 τῆς
2499 2312 2772 2376 ἀπωλείας
2804 2313 2982 2365 αὐτῶν
3015 2309 3081 2384 ἦς
3115 2314 3512 2385 ὑποστήσονται
3540 2316 3640 2385 τὴν
3671 2315 3819 2385 papi-

2247 2419 2384 2472 τητα
2416 2403 2716 2472 σημαίνων,
2774 2419 2791 2453 t
2824 2402 2964 2455 Τάδε
2993 2402 3140 2472 λέγει
3158 2405 3383 2476 Κύριος,
3403 2404 3502 2459 ’ον
3526 2405 3729 2476 τρόπον
3754 2407 3816 2459 ὅτ’

2250 2496 2315 2550 ἂν
2342 2497 2588 2566 ἐκσπάσῃ
2615 2498 2642 2549 ὁ
2674 2495 2877 2566 ποιμὴν
2906 2496 2969 2548 ἐκ
3003 2496 3269 2566 στόματος
3298 2495 3510 2558 λέοντος
3540 2497 3636 2550 δύο
3664 2499 3817 2570 σκέλη

2247 2585 2280 2657 ἢ
2310 2586 2467 2639 λοϐὸν
2488 2587 2671 2649 ὠτίου,
2710 2585 2883 2648 οὕτως
2914 2586 3384 2657 ἐκσπασθήσονται
3415 2589 3463 2640 οἱ
3488 2589 3821 2659 υίοὶἸσραὴλ

2248 2680 2297 2730 οἱ
2329 2676 2706 2739 κατοικοῦντες
2738 2677 2795 2730 ἐν
2824 2676 3102 2748 Σαμαρείᾳ
3125 2678 3410 2732 κατέναντι
3440 2680 3613 2751 φυλῆς
3646 2684 3822 2751 Δαμα-

2250 2769 2401 2822 σκοῦ.
2432 2790 2450 2821 ι
2507 2768 2754 2839 Τοσαύτη
2801 2770 2908 2839 γὰρ
2956 2769 3127 2839 ὑμῶν,
3167 2770 3319 2840 φησὶ,
3348 2774 3635 2842 γενήσεται
3666 2776 3701 2844 ἡ
3729 2778 3820 2829 ἀπ-

2246 2861 2431 2924 ώλεια,
2461 2861 2600 2915 ὣστε
2636 2861 2775 2925 ἄγαν
2802 2860 2997 2928 ὀλίγων
3027 2862 3457 2933 περισωθέντων,
3510 2864 3681 2934 μηδὲν
3722 2868 3819 2918 ἀπ-

2248 2955 2478 3007 εοικέναι
2498 2954 2557 3006 τὸ
2574 2955 2806 3023 πρᾶγμα
2822 2952 3087 3024 προϐάτου
3111 2952 3402 3023 ληφθέντος
3415 2973 3470 3007 τε
3494 2956 3597 3009 ὑπὸ
3615 2957 3820 3023 λέοντος

2249 3048 2342 3101 καὶ
2378 3045 2852 3108 καταναλωθέντος
2900 3046 2991 3097 ἐπὶ
3024 3044 3295 3111 τοσοῦτον,
3324 3045 3463 3099 ὥστε
3494 3048 3656 3118 μόγις
3701 3050 3821 3119 βρα-

568 3140 657 3184 tur
690 3147 785 3200 per
819 3132 927 3184 duo
956 3145 1117 3184 crura
1139 3136 1193 3183 et
1225 3139 1531 3188 extremum
1562 3127 1841 3180 auriculaa.
1880 3123 1971 3178 Sic
1993 3125 2143 3178 nimi-

2249 3137 2346 3207 χέα
2376 3135 2496 3188 τινὰ
2528 3135 2667 3204 μέρη
2686 3134 2743 3198 ἐξ
2770 3133 2933 3187 αὑτοῦ
2959 3134 3251 3205 δυνηθῆναι
3279 3136 3370 3189 τὸν
3398 3140 3631 3203 ποιμένα
3664 3143 3817 3192 ἐκπε-

569 3238 692 3277 rum
745 3224 904 3291 pauci
954 3222 1155 3292 oppido
1197 3229 1251 3277 et
1302 3220 1536 3274 humiles
1582 3236 1647 3273 ex
1680 3219 1781 3272 hoc
1816 3216 1975 3286 109
2004 3217 2143 3271 bello

572 3321 925 3381 supererunt,
959 3313 1025 3367 de
1059 3314 1168 3368 illis
1209 3327 1403 3381 nempe
1436 3311 1527 3381 qui
1555 3310 1859 3364 Samariam
1898 3309 2146 3363 incolunt

568 3420 634 3457 ex
678 3404 910 3459 adverso
957 3404 1461 3468 Damascenorum;
1524 3419 1665 3472 quos
1700 3403 1924 3472 perinde
1954 3419 2017 3457 ac
2064 3420 2142 3469 se,

569 3496 639 3549 ab
669 3496 918 3550 hostibus
943 3495 1170 3549 mactari
1190 3495 1467 3549 videbunt.
1500 3493 1744 3564 Namque
1767 3504 1819 3547 et
1843 3493 1969 3565 Tyri
1988 3505 2146 3547 antea

567 3605 623 3652 et
654 3613 799 3652 nunc
834 3598 1082 3652 Damasci
1118 3596 1383 3660 meminit,
1418 3601 1476 3648 ut
1506 3594 1933 3664 magnitudinem
1973 3595 2146 3647 malo-

568 3706 688 3743 rum
717 3689 1005 3755 ostendat;
1038 3698 1090 3742 et
1122 3687 1268 3757 quod
1295 3700 1454 3740 nemo
1479 3702 1543 3739 ne
1572 3685 1638 3739 de
1660 3685 1901 3739 ﬁnitimis
1925 3684 2141 3754 quidem

567 3783 621 3835 in
645 3782 994 3853 Assyriorum
1026 3780 1344 3835 incursione
1369 3780 1583 3834 evadet.
1608 3778 1762 3831 Tunc
1790 3778 1935 3831 enim
1964 3776 2145 3831 evenit

564 3873 711 3942 quod
780 3872 835 3925 in
895 3871 1163 3940 procnmio
1210 3868 1577 3941 patefecerat,
1638 3883 1834 3938 nempe
1898 3868 2142 3922 omnium

565 3965 783 4017 illorum
814 3964 1062 4017 exitium.

2243 3226 2497 3281 πτωχότα
2521 3223 2614 3276 τοῦ
2646 3224 2908 3293 στόματος
2930 3222 3024 3275 τοῦ
3051 3223 3262 3286 λέοντος
3283 3224 3469 3280 λαϐεῖν
3487 3243 3499 3254 ·
3529 3231 3625 3281 καὶΙ
3656 3231 3823 3283 ταῦτά

2243 3335 2328 3387 γε,
2364 3316 2437 3369 ὢν
2459 3316 2703 3385 ὑπερορᾷ
2729 3314 2804 3377 ὠς
2834 3313 3090 3383 ἀσάρκων
3122 3331 3182 3367 τε
3209 3316 3305 3367 καὶ
3334 3316 3468 3387 πρὸς
3498 3321 3712 3390 τροφὴν
3733 3322 3822 3373 οὐκ

2245 3408 2581 3477 ἐπιτηδείων·
2622 3405 2781 3459 τοῦτο
2805 3406 2912 3476 γὰρ
2942 3404 3090 3473 λέγει
3114 3406 3196 3472 τὸ,
3221 3405 3330 3459 δύο
3351 3410 3541 3476 σκέλη
3577 3411 3615 3477 ἢ
3645 3413 3825 3464 λοϐὸν

2243 3502 2419 3555 ὠτίου
2439 3518 2452 3530 ·
2502 3499 2673 3563 οὕτως
2700 3498 2869 3566 ὀλίγοι
2886 3498 3027 3559 τινὲς
3052 3497 3147 3551 καὶ
3172 3497 3403 3562 εὐτελεῖς
3434 3501 3490 3552 ἐν
3510 3500 3587 3571 τῷ
3610 3503 3823 3574 πολέμῳ

2251 3592 2764 3665 περιλειφθήσονται
2804 3590 2999 3659 τούτῳ,
3042 3591 3105 3643 ἐκ
3142 3591 3248 3646 τῶν
3276 3592 3372 3661 τὴν
3407 3592 3724 3663 Σαμάρειαν
3752 3599 3824 3648 οἱ·

2250 3686 2486 3740 κούντων
2531 3684 2815 3736 κατέναντι
2881 3681 2987 3735 τῶν
3038 3683 3451 3754 Δαμασκηνῶν·
3502 3685 3577 3747 ὡς
3630 3688 3824 3756 ὁμοίως

2249 3775 2458 3835 ἑαυτοῖς
2485 3772 2886 3841 ἀπολλυμένους
2905 3770 3123 3841 ὄψονται
3145 3772 3249 3825 ὑπὸ
3270 3772 3376 3825 τῶν
3404 3773 3705 3843 πολεμίων.
3724 3777 3827 3827 Καὶ

2248 3867 2357 3937 γάρ
2388 3866 2480 3919 καὶ
2506 3869 2604 3935 τῆς
2639 3864 2815 3935 Τύρου
2850 3865 3116 3935 πρότερον
3143 3867 3236 3919 καὶ
3269 3865 3363 3921 νῦν
3402 3868 3499 3938 τῆς
3525 3870 3824 3939 Δαμασκοῦ

2251 3960 2470 4028 μνήμην
2509 3958 2823 4025 ἐποιήσατο,
2868 3959 2947 4018 εἰς
2979 3957 3250 4021 ἀπόδειξιν
3278 3958 3372 4011 τοῦ
3420 3960 3693 4029 μεγέθους
3726 3963 3827 4015 τῶν

564 4057 782 4110 κακῶν·
833 4059 912 4110 ὅτι
965 4056 1098 4127 μηδὲ
1145 4054 1253 4108 τῶν
1300 4054 1590 4124 περιοίκων
1629 4052 1804 4106 ἔνεστί
1857 4071 1975 4107 τινα
2030 4054 2087 4106 ἐν
2131 4055 2196 4123 τῇ
2249 4052 2357 4104 τῶν
2405 4050 2703 4119 Ἀσσυρίων
2745 4050 2918 4120 ἐφόδῳ
2962 4050 3278 4118 διαφυγεῖν·
3338 4052 3413 4121 (p.
3442 4053 3564 4123 165)
3602 4057 3827 4127 καὶγὰρ

561 4150 706 4223 εἶχεν
745 4153 892 4223 αὐτῷ
921 4152 1101 4225 χώραν
1128 4153 1187 4205 τὸ
1220 4153 1511 4224 λεγόμενον
1540 4151 1795 4205 ἁπάντων
1823 4152 2045 4206 ἐκείνων
2070 4152 2126 4203 ἐν
2148 4153 2455 4223 προοιμίοις
2484 4150 2801 4222 δεδηλωκότι
2830 4150 2927 4220 τὴν
2965 4150 3260 4207 ἀπώλειαν.

636 4243 799 4298 Vens.
846 4245 1123 4299 15ο15.-‹
1160 4242 1508 4309 Sacerdotes,
1548 4244 1734 4298 audite
1769 4252 1823 4297 et
1855 4251 2139 4298 contesta-

565 4336 696 4389 mini
724 4338 775 4387 in
814 4336 974 4388 domo
1018 4332 1211 4397 Jacob,
1258 4334 1392 4387 dicit
1422 4334 1684 4389 Dominus
1720 4333 1861 4389 Deus
1891 4334 2144 4403 omnipo-

564 4436 719 4493 tens;
762 4429 888 4496 quia
919 4426 971 4479 in
996 4425 1083 4478 die
1120 4440 1226 4494 qua
1264 4426 1498 4478 ulciscar
1532 4432 1585 4479 et
1620 4441 1785 4495 super
1814 4425 2007 4478 altaria
2046 4425 2145 4479 Be-

2320 4243 2464 4314 Στίχ.
2502 4249 2689 4312 ιγ’-ιε’.
2716 4272 2784 4280 -
2821 4260 2839 4292 t
2872 4242 3362 4313 Ἰερεῖ;,ἀκούσατε
3398 4247 3489 4298 καὶ
3521 4248 3829 4318 ἐπιμαρτύ-

2252 4337 2418 4406 ρασθε
2447 4336 2524 4406 τῷ
2552 4336 2682 4402 οἴκῳ
2727 4333 2939 4397 Ἰακὼϐ,
2990 4335 3136 4403 λέγει
3164 4336 3366 4407 Κύριος
3395 4342 3422 4391 ὁ
3455 4339 3588 4402 Θεὸς
3624 4343 3652 4392 ὁ
3698 4354 3830 4392 παν-

2251 4428 2535 4498 τοκράτωρ
2559 4443 2572 4455 ·
2602 4427 2733 4478 διότι
2760 4428 2817 4479 ἐν
2846 4430 2911 4496 τῇ
2940 4428 3122 4498 ήμέρᾳ
3147 4429 3223 4481 ὅτ’
3252 4428 3315 4481 ἂν
3340 4428 3540 4482 ἐκδικῶ
3576 4432 3830 4493 ἀσεϐείας

563 4518 746 4581 thelis,
817 4526 869 4570 et
926 4515 1289 4571 suﬂ'odientur
1340 4531 1545 4570 cornua
1607 4516 1821 4578 altaris,
1881 4523 1935 4571 et
1992 4515 2140 4569 humi

2249 4519 2336 4572 τοῦ
2373 4517 2582 4591 Ἰσραὴλ
2624 4518 2709 4569 ἐπ’
2746 4516 2935 4570 αὐτόν·
2987 4520 3078 4570 καὶ
3114 4519 3384 4589 ἐκδικήσω
3428 4523 3520 4573 ἐπὶ
3549 4522 3621 4574 τὰ
3644 4524 3834 4577 θυσια-

565 4607 859 4660 decideut:
917 4614 971 4659 et
1023 4614 1304 4659 conteram
1359 4613 1521 4675 atque
1567 4606 1868 4674 percutiam
1919 4605 2140 4659 domum

567 4700 846 4768 pinnatam
868 4712 1034 4766 super
1056 4697 1277 4751 domum
1299 4698 1541 4751 aestivam
1564 4714 1576 4749 :
1607 4705 1661 4751 et
1680 4698 1931 4766 peribunt
1947 4698 2142 4752 domus

563 4791 837 4850 eburnea,
872 4789 1097 4858 aliaeque
1122 4788 1306 4841 multa:
1331 4787 1766 4858 dissipabuntur,
1800 4788 1935 4843 dicit
1961 4788 2143 4842 Domi-

567 4898 692 4937 nus.
735 4901 753 4933 ι
792 4880 935 4945 Haac,
969 4880 1167 4950 inquit,
1205 4880 1237 4933 ii
1270 4880 1543 4949 praecipue
1586 4880 1813 4934 audiant
1843 4880 1937 4951 qui
1976 4880 2142 4949 impio

567 4973 838 5027 idolorum
860 4970 1164 5025 sacerdotio
1184 4969 1514 5041 funguntur}:
1548 4980 1604 5025 ut
1630 4971 1755 5025 hinc
1775 4971 1887 5041 jam
1907 4973 2139 5037 discant,

564 5063 711 5133 quod
746 5079 869 5117 cum
904 5062 1045 5118 Deus
1079 5077 1108 5115 a
1143 5064 1345 5132 populo
1375 5077 1567 5132 poenas
1600 5063 1897 5133 impietatis
1940 5063 2139 5132 exiget,

562 5165 695 5211 tunc
740 5155 925 5208 omnia
973 5156 1135 5207 etiam
1193 5153 1462 5208 idolorum
1516 5156 1709 5209 altaria
1753 5154 2137 5217 sull'odientur,

559 5251 684 5305 belli
746 5248 1039 5301 ludibrium
1096 5247 1304 5301 eﬁ‘ccta.
1364 5244 1500 5300 Nam
1535 5246 1704 5300 verbo
1761 5244 1949 5299 Bethel
1996 5245 2139 5298 idola

560 5344 741 5396 dicere
774 5341 967 5403 voluit,
999 5355 1028 5392 a
1056 5348 1208 5409 parte
1240 5346 1437 5393 totum.
1466 5336 1606 5390 Dicit
1637 5345 1818 5392 autem
1844 5336 2138 5392 sulfossum

562 5433 624 5487 iri
666 5448 870 5487 cornua
899 5432 1086 5485 altaris
1108 5438 1162 5485 et
1190 5431 1338 5484 humi
1365 5446 1584 5493 casura,
1614 5432 1741 5501 quia
1780 5439 1894 5485 tota
1923 5430 2138 5483 illorum

565 5525 894 5593 magnitudo,
932 5531 985 5577 et
1012 5530 1125 5577 tota
1172 5537 1389 5592 pompa.
1437 5537 1600 5593 quam
1645 5528 1701 5576 a‘
1730 5522 2131 5590 sacrilegorum

560 5615 906 5668 adorantium
957 5630 1089 5668 cura
1143 5613 1438 5678 habebant,
1498 5613 1747 5667 funditus
1801 5612 2135 5666 destruetur.

558 5706 693 5761 Nam
719 5716 772 5761 et
813 5708 1054 5769 illorum,
1084 5707 1279 5777 inquit,
1310 5708 1501 5762 domos
1527 5721 1556 5759 a
1597 5708 1963 5761 fundamentis
2008 5722 2139 5761 con-

559 5798 777 5854 vellam.
825 5795 997 5854 Porro
1031 5798 1312 5869 pinnatam
1341 5798 1473 5855 dicit
1510 5813 1609 5868 pro
1654 5797 1965 5863 hiemalem,
2010 5797 2137 5867 quia

2247 4612 2440 4680 στήρια
2474 4609 2707 4677 Βαιθήλ·
2750 4610 2843 4661 καὶ
2872 4612 3351 4681 κατασκαφήσεται
3374 4613 3441 4665 τά
3486 4613 3705 4684 κέρατα
3743 4618 3831 4667 τοῦ

2245 4696 2625 4769 θυσιαστηρίου
2650 4700 2741 4752 καὶ
2764 4702 3009 4752 πεσεῖται
3031 4700 3123 4753 ἐπὶ
3149 4700 3245 4771 τὴν
3272 4705 3373 4771 γῆν
3393 4719 3406 4732 ’
3435 4705 3528 4756 καὶ
3551 4705 3834 4775 συντρίψω

2243 4793 2337 4845 καὶ
2360 4791 2582 4855 πατάξω
2598 4791 2686 4844 τὸν
2712 4786 2858 4844 οἷκον
2878 4792 2968 4844 τὸν
2994 4792 3322 4863 περίπτερον
3342 4793 3434 4847 ἐπὶ
3456 4795 3548 4847 τὸν
3567 4792 3723 4849 οἷκον
3748 4798 3836 4848 τὸν

2244 4884 2452 4956 θερινόν
2473 4901 2485 4914 ·
2530 4885 2624 4937 καὶ
2658 4884 2982 4937 ἀπολοῦνται
3020 4886 3069 4937 oi
3110 4878 3250 4936 οἶκοι
3282 4887 3329 4937 οἱ
3351 4885 3717 4954 ἐλεφάντινοι,
3747 4891 3838 4941 καὶ

2243 4974 2701 5045 ἁφανισθήσονται
2726 4976 2903 5045 ἕτεροι
2935 4975 3135 5039 πολλοὶ,
3158 4976 3303 5043 λέγει
3331 4977 3553 5046 Κύριος.
3582 4999 3600 5031 ι
3644 4982 3838 5035 Ταῦτα

2242 5072 2326 5142 δὴ,
2356 5072 2540 5140 φησὶν,
2564 5070 2910 5124 ἀκουέτωσαν
2944 5070 3177 5140 μάλιστα
3209 5071 3424 5124 πάντων
3448 5074 3495 5124 οἱ
3522 5073 3622 5143 τὴν
3657 5075 3838 5143 ἀσεεῇ

2241 5165 2353 5225 τοῖς
2378 5160 2616 5224 εἰδώλοις
2644 5160 2978 5232 πληροῦντες
3012 5160 3317 5231 ἱερατείαν·
3348 5162 3423 5225 ὠς
3470 5162 3536 5215 ἂν
3578 5165 3843 5218 ἐντεῦθεν

2243 5252 2340 5322 ήδη
2394 5251 2613 5322 μάθοιεν
2663 5251 2918 5305 ὃτιόπότ’
2962 5252 3029 5305 ἂν
3080 5252 3234 5317 δίκας
3284 5254 3689 5323 εἰσπράττηται
3745 5258 3842 5325 τῆς

2241 5340 2493 5404 ἀσεϐείας
2531 5342 2621 5394 τὸν
2645 5342 2770 5395 λαὸν
2802 5345 2829 5395 ὁ
2857 5343 3009 5407 Θεὸς,
3044 5345 3138 5397 καὶ
3167 5345 3235 5398 τὰ
3260 5346 3624 5418 θυσιαστήρια
3660 5352 3843 5403 πάντα

2242 5434 2725 5503 κατασκαφήσεται
2752 5433 3003 5498 εἰδώλων,
3039 5434 3197 5507 ἔργον
3219 5437 3312 5489 τοῦ
3343 5438 3578 5507 πολέμου
3609 5442 3845 5510 γινόμε-

2241 5540 2308 5577 να
2332 5540 2345 5554 ·
2379 5523 2440 5576 τὸ
2476 5524 2583 5595 γὰρ
2607 5524 2809 5596 Βαιθὴλ
2839 5527 2945 5578 ἀπὸ
2976 5528 3175 5597 μέρους
3206 5528 3482 5599 ⁴ήὸουλήθη
3522 5532 3590 5585 τά
3636 5534 3846 5586 εἴδωλα

2241 5615 2431 5665 εἰπεῖν·
2450 5614 2509 5666 τὸ
2538 5614 2614 5677 δὲ,
2641 5634 2659 5666 t
2689 5616 3188 5687 Κατασκαφήσεται
3209 5618 3275 5671 τά
3296 5620 3501 5691 κέρατα
3522 5620 3617 5673 τοῦ
3649 5624 3848 5675 θυσιαο

2243 5704 2487 5775 στηρίου,
2513 5707 2604 5757 καὶ
2646 5709 2893 5759 πεσεῖται
2926 5708 3018 5759 ἐπὶ
3060 5707 3156 5777 τὴν
3182 5708 3308 5777 γῆν,
3339 5728 3357 5761 ›
3391 5708 3481 5763 ἵνα
3506 5711 3587 5763 ὅτι
3628 5714 3755 5765 πᾶν
3790 5716 3850 5764 τὸ

2245 5795 2470 5866 μέγεθος
2499 5796 2699 5864 αὐτῶν,
2732 5798 2826 5852 καὶ
2872 5800 3022 5853 πᾶσα
3061 5802 3094 5867 ή
3135 5799 3461 5871 περιφάνεια
3495 5803 3560 5873 ἢν
3585 5797 3755 5872 εἶχον
3784 5806 3849 5856 ἐκ
