3954 6520
188 346 295 401 163

1278 328 1824 389 ΩΟΜΜΕΝΤΔῐὶὶυὸ
1859 328 1923 383 IN
1964 327 2172 384 AMOSI
2212 327 2364 382 CAP.
2408 322 2488 381 IV.

3318 318 3434 379 ΞΜ

189 462 252 513 ἐκ
280 457 376 526 τῆς
394 452 500 507 τῶν
528 450 738 513 ἀσεϐῶς
768 446 1174 519 θρησκευόντων
1212 444 1393 506 αὐτοῖς
1421 442 1756 512 ἐπιμελείας,

1896 458 1927 494 e
1973 440 2138 494 domo
2186 439 2425 505 loquitur
2477 437 2714 507 undique
2776 438 3139 504 circumsepta
3202 444 3426 504 propter

190 524 610 616 ἀφανισθήσεται
643 539 937 602 παντελῶς.
966 538 1074 590 Καὶ
1093 536 1201 607 γὰρ
1229 536 1293 605 δὴ
1322 534 1558 597 καὶτοὺς
1584 534 1763 596 οἴκους

1892 531 2082 600 rigoris
2109 538 2389 584 externam
2428 528 2557 582 vim.
2606 526 2731 581 Vult
2763 536 2942 583 autem
2989 526 3191 590 dicere,
3221 524 3426 594 ubique

190 637 369 691 αὐτῶν
395 632 626 695 καθελῶ,
681 632 864 700 φησιν,
898 631 962 681 ἐκ
1006 627 1223 698 βάθρων
1245 643 1259 656 ’
1295 625 1625 696 περίπτερον
1664 624 1761 694 μὲν

1892 639 1922 679 e
1955 622 2340 678 demoliturum
2371 621 2585 684 domos,
2617 620 2691 673 ita
2721 629 2781 674 ut
2806 635 2983 690 neque
3009 620 3207 674 :estivae
3242 625 3428 689 partes

191 730 297 798 γὰρ
328 728 473 795 λέγει
502 726 594 777 τὸν
626 724 954 796 χειμερινὸν,
997 724 1074 792 (p.
1107 719 1229 790 166)
1258 720 1334 782 ὡς
1368 717 1763 789 περιϐεϐλημέ-

190 839 279 874 νον
310 818 644 888 πανταχόθεν
682 817 767 869 διά
792 816 891 885 τὴν
923 814 1015 867 τοῦ
1048 812 1245 883 κρύους
1270 812 1593 882 προσϐολήν.
1629 809 1761 862 Βού-

193 913 344 964 λεται
373 912 427 963 δὲ
456 913 650 973 εἰπεῖν,
679 910 760 962 ὅτι
790 909 1002 970 Πάντας
1028 904 1360 974 πανταχόθεν
1395 904 1605 972 ἀφανιῶ
1635 904 1760 968 τοὺς

191 997 407 1060 οἴκουςν
446 996 521 1058 ὼς
550 997 624 1066 μὴ
658 996 902 1067 θερινῶν,
942 996 1016 1064 μὴ
1045 993 1369 1063 χειμερινῶν
1398 994 1559 1064 μέρος
1584 994 1640 1047 ἐν
1666 993 1763 1047 αὐ-

192 1090 305 1150 τοῖς
340 1086 749 1157 περιλειφθῆναι
768 1103 783 1118 ⁸
823 1086 916 1139 καὶ
946 1086 1071 1148 τοὺς
1106 1082 1379 1146 ὲπιδόξους
1410 1084 1467 1136 δὲ
1497 1086 1555 1137 ἐν
1583 1084 1765 1147 αὐτοῖς

1862 715 2079 770 illarum
2105 724 2443 778 remaneant,
2483 728 2657 781 neque
2687 714 2967 768 hiemales.
2992 711 3102 766 lmo
3126 711 3291 766 etiam
3325 723 3430 763 uo-

1859 807 2081 862 biliores
2115 805 2255 875 apud
2284 820 2381 859 eos
2420 806 2563 859 aedes
2592 818 2815 873 prorsus
2840 804 3116 859 destruam
3144 820 3161 870 ;
3193 802 3247 856 id
3279 802 3429 856 enim

1867 900 2045 954 innuit
2075 899 2399 953 vocabulum
2433 898 2725 961 eburneae;
2768 911 2890 965 qua:
2920 897 3048 951 item
3079 896 3266 952 multis
3303 912 3429 952 cum

1867 990 1991 1045 aliis
2042 994 2322 1053 corruent,
2369 1003 2435 1043 eo
2479 987 2623 1056 quod
2673 1002 2841 1042 unum
2897 988 3157 1045 adversus
3204 999 3433 1048 cunctas

1868 1079 2145 1135 decretum
2183 1078 2279 1135 Dei
2315 1081 2482 1133 latum
2512 1080 2604 1134 sit.

194 1185 304 1235 τῶν
343 1186 504 1237 οἴκων
546 1183 821 1247 παντελῶς
857 1183 1090 1253 ἀφανιῶ,
1132 1184 1289 1238 τοῦτο
1324 1182 1433 1255 γάρ
1474 1182 1621 1249 λέγει
1666 1180 1791 1241 τοὺς
1829 1176 2221 1246 ἐλεφαντίνους,
2255 1176 2305 1229 οἳ
2335 1176 2471 1246 μετά
2515 1174 2724 1230 πολλῶν
2761 1175 2961 1245 ἐτέρων
2991 1178 3299 1240 πεσοῦνται,
3337 1177 3433 1233 ἅτε

194 1279 328 1347 μιᾶς
363 1276 685 1346 ἀποφάσεως
710 1274 850 1330 κατὰ
886 1276 1099 1331 πάντων
1124 1275 1497 1349 ἐκφερομένης
1528 1272 1633 1327 ὑπὸ
1659 1269 1751 1323 τοῦ
1779 1267 1934 1322 Θεοῦ.

841 1373 998 1426 ΚΕΦ.
1038 1378 1113 1425 Δ’.

267 1463 417 1533 Στίχ.
446 1469 595 1531 α’-Υ,
616 1494 683 1503 —
712 1481 732 1514 ι
758 1464 1051 1517 Ἀκούσατε
1074 1463 1164 1516 τὸν
1189 1463 1343 1531 λόγον
1367 1461 1575 1525 τοῦτον,
1594 1460 1770 1531 δαμά·

2508 1382 2659 1436 CAP.
2704 1381 2793 1437 ιν.

1939 1475 2103 1531 Vens.
2146 1474 2518 1543 l-5.—llo.
2558 1493 2578 1526 ι
2619 1476 2817 1528 Audite
2842 1476 3064 1529 verbum
3103 1475 3225 1537 hoc,
3262 1491 3440 1531 vacem

196 1556 311 1618 λεις
342 1556 441 1624 τῆς
474 1555 838 1620 Βασανίτιδος,
875 1556 930 1608 αἱ
970 1558 1062 1609 ἐπὶ
1089 1556 1166 1626 τῷ
1194 1557 1309 1627 ὄρει
1335 1555 1665 1626 Σαμαρείας,
1714 1555 1769 1607 αἱ

1892 1567 2214 1631 iasanitidis,
2266 1582 2387 1635 quae
2441 1566 2578 1621 estis
2630 1565 2686 1619 in
2737 1575 2925 1621 monte
2979 1567 3263 1633 Samariae,
3318 1586 3441 1640 quae

196 1647 765 1701 καταδυναστεύουσαι
797 1650 1065 1718 πτωχοὺς,
1112 1650 1206 1701 καὶ
1238 1647 1644 1703 καταπατοῦσαι
1676 1645 1770 1698 πέ-

1867 1660 2171 1729 opprimitis
2226 1674 2510 1729 pauperes,
2567 1667 2621 1713 et
2673 1660 3007 1716 conculcatis
3043 1676 3266 1732 egenos,
3319 1678 3443 1732 qua:

195 1758 389 1810 νητας,
426 1741 519 1792 καὶ
547 1740 794 1808 λέγουσαι
842 1744 955 1804 τοῖς
1004 1742 1212 1811 κυρίοις
1256 1741 1481 1794 ἑαυτῶνσ
1529 1738 1770 1793 Ἐπίδοτε

1892 1752 2056 1806 licitis
2106 1751 2343 1805 dominis
2367 1750 2597 1805 vestris:
2635 1749 2766 1806 Date
2807 1753 2965 1806 nobis
3009 1760 3068 1806 ut
3110 1752 3381 1808 bibamus.
3417 1772 3437 1807 ι

198 1835 333 1903 ἡμῖν
366 1834 510 1894 ὅπως
544 1832 773 1901 πίωμεν.
796 1854 812 1884 ι
861 1833 1136 1886 Ἐντεῦθεν
1168 1835 1356 1903 τρέπει
1385 1834 1520 1904 πρὸς
1548 1833 1645 1895 τὰς
1675 1849 1771 1899 γυ-

198 1930 397 1988 ναῖκας
427 1925 515 1977 τὸν
544 1925 717 1994 λόγον,
741 1926 796 1978 αἳ
828 1926 964 1997 πρὸς
994 1927 1273 1996 ἄπρακτον
1302 1927 1393 1980 καὶ
1426 1926 1772 1997 ὑπερήφανον

199 2017 464 2071 νεύσασαι
504 2017 635 2087 βίον,
661 2018 787 2081 τούς
808 2035 864 2070 τε
887 2018 1123 2091 πένητας
1144 2019 1361 2087 ἠδίκουν
1386 2019 1450 2070 ἐκ
1481 2020 1578 2086 τῆς
1616 2033 1772 2085 περι-

198 2108 371 2177 οὔσης
394 2107 705 2170 δυναστείας
723 2121 736 2134 ⁸
765 2108 939 2179 τούτῳ
968 2109 1425 2180 συγκεχρημέναι,
1464 2108 1558 2161 καὶ
1583 2107 1647 2177 δὴ
1681 2108 1774 2160 καὶ

199 2200 575 2270 κατάρχουσαι
604 2200 713 2252 τῶν
737 2200 943 2271 ἀνδρῶν
975 2200 1083 2255 τῶν
1105 2202 1340 2263 οἰκείων,
1367 2196 1445 2266 εἰς
1478 2201 1776 2270 ὑπουργίαν

200 2294 471 2364 ἀπρεπῶν
500 2293 739 2363 ἐχρῶντο
765 2294 1105 2363 πραγμάτων
1127 2310 1143 2327 ·
1170 2288 1279 2348 οἷόν
1304 2312 1357 2346 τι
1380 2296 1473 2349 καὶ
1500 2295 1652 2365 παρά
1682 2294 1779 2363 τῆς

214 2382 459 2445 Ἰεζάϐελ
506 2382 753 2450 ἐφαίνετο
798 2382 1036 2451 γεγονὸς,
1083 2384 1172 2436 ὅτε
1218 2387 1247 2438 ὁ
1299 2385 1396 2454 μὲν
1441 2383 1642 2453 Ἀχαάϐ
1682 2382 1779 2453 τὴν

200 2475 530 2545 ἀντίρρησιν
582 2474 781 2544 ᾐδέσθη
809 2474 900 2526 τοῦ
935 2474 1213 2527 Ναϐουθαδ⁹
1252 2474 1466 2527 δικαίαν
1492 2471 1655 2528 οὖσαν
1679 2492 1692 2504 ·
1746 2477 1779 2543 ἡ

200 2569 259 2621 δὲ
320 2568 506 2639 μιαρῷ
534 2566 626 2619 καὶ
676 2566 882 2620 ἀναιδεῖ
905 2567 998 2620 καὶ
1044 2565 1247 2637 φονικῷ
1278 2558 1463 2637 τρόπῳ
1505 2567 1781 2637 χρωμένη,

1875 1842 2084 1895 Abhinc
2146 1842 2211 1893 ad
2271 1841 2525 1895 mulieres
2587 1841 2858 1895 convertit
2921 1856 3264 1909 sermonem,
3323 1858 3444 1912 qua:

1875 1931 2038 1985 inerti
2067 1946 2130 1985 ac
2162 1932 2398 2000 superbo
2428 1932 2552 1984 vita:
2597 1932 2782 2001 generi
2830 1930 3071 1992 intentze.
3112 1934 3445 2004 pauperibus

1878 2022 2108 2092 injurias
2142 2023 2413 2079 faciebant
2441 2023 2793 2093 praepotentia
2825 2038 2944 2077 sua.
2974 2022 3090 2077 Tali
3116 2040 3267 2079 more
3290 2032 3448 2080 uten-

1878 2124 1983 2175 tes.
2008 2121 2063 2169 et
2093 2114 2226 2167 viris
2249 2113 2365 2167 suis
2391 2112 2553 2165 etiam
2578 2111 2937 2176 dominantes,
2968 2111 3054 2166 his
3084 2112 3448 2167 abutebantur

1879 2208 1944 2262 ad
1975 2207 2191 2275 indigna
2238 2204 2502 2275 patranda
2541 2203 2935 2257 auxiliaribus:
2984 2203 3130 2271 quod
3177 2203 3379 2256 factum
3415 2217 3449 2256 a

1877 2298 2126 2355 Jezabele
2153 2297 2425 2367 apparuit.
2476 2311 2599 2350 cum
2625 2295 2913 2348 Achaabus
2959 2294 3449 2349 contradictionem

1881 2392 2151 2446 reveritus
2185 2397 2289 2456 est,
2338 2396 2520 2457 utpote
2541 2389 2768 2457 justam,
2801 2386 3109 2453 Nabuthis;
3145 2387 3236 2442 illa
3270 2394 3451 2441 autent

1883 2482 2116 2536 scelesto
2147 2490 2201 2535 et
2236 2480 2548 2548 impudente
2589 2487 2927 2547 cruentaque
2967 2476 3129 2532 modo
3159 2486 3339 2544 utens,
3386 2496 3454 2533 ne

1883 2572 2132 2627 occidere
2175 2572 2390 2641 quidem
2437 2569 2705 2624 dubitavit
2750 2568 3075 2630 Nabuthem,
3122 2579 3182 2623 ut
3223 2571 3343 2639 ejus
3370 2577 3454 2626 vi-

201 2661 329 2713 οὑδὲ
371 2659 582 2713 ἀνελεῖν
614 2658 827 2727 ὤκνησε
856 2657 946 2711 τόν
972 2659 1274 2722 Ναϐουθαὶ,
1306 2660 1381 2721 ὼς
1424 2659 1489 2713 ἀν
1537 2660 1783 2728 ἀφέλοιτο

1892 2681 2043 2720 neam
2083 2669 2393 2732 usurparet,
2429 2677 2592 2729 quam
2634 2662 2723 2715 ille
2751 2676 2904 2730 :equa
2938 2661 3005 2715 de
3050 2676 3216 2716 causa
3258 2676 3464 2727 conce-,

203 2750 379 2805 αὐτοῦ
409 2753 501 2803 τὸν
530 2751 843 2821 ἀμπελῶνα,
872 2750 931 2803 ὃν
960 2751 1128 2805 εἰκότι
1159 2750 1300 2820 λόγῳ
1331 2751 1529 2804 διδόναι
1562 2751 1660 2804 οὐκ
1686 2752 1782 2819 ῆνο

204 2845 390 2913 είχετο
413 2860 429 2877 ·
446 2842 599 2895 καλεῖ
622 2842 679 2897 δὲ
703 2842 872 2906 αὑτὰς
899 2843 1157 2914 δαμάλεις
1186 2844 1282 2915 μὲν
1299 2844 1397 2914 τῆς
1419 2843 1781 2908 Βασανῐτιδος,

1887 2760 2014 2811 dere
2043 2766 2415 2812 recusaverat.
2447 2754 2619 2809 Vocat
2670 2762 2851 2810 autem
2891 2756 3038 2824 ipsas
3068 2771 3263 2810 vaccas
3294 2754 3458 2810 Basa-

1891 2850 2097 2912 nitidis,
2138 2850 2263 2919 quia
2290 2849 2497 2903 feroces
2531 2847 2823 2900 admodum
2852 2862 3112 2916 saevaque
3142 2848 3458 2903 nutrieban-

205 2934 287 2995 ὡς
314 2932 387 2985 ἂν
442 2932 648 3003 ἀγρίων
700 2933 930 3003 μάλιστα
961 2935 1055 2987 καὶ
1084 2935 1371 3005 ἀνημέρων
1397 2934 1572 2989 οὐσῶν
1597 2936 1707 2988 τῶν
1732 2937 1783 2987 ὲν

1892 2947 1979 2991 tur
2038 2940 2130 2992 illo
2181 2940 2237 2992 in
2296 2938 2418 2992 loco
2464 2950 2661 2989 vaccae.
2706 2934 2825 2989 1am
2875 2947 3161 3007 postquam
3210 2937 3342 2991 dixit
3391 2939 3457 2992 de

204 3023 412 3093 ἐκείνῳ
456 3022 532 3093 τῷ
574 3023 723 3093 τόπῳ
760 3026 1107 3096 τρεφομένων
1161 3026 1445 3096 δαμάλεων
1472 3043 1485 3056 ·
1543 3028 1618 3095 (p.
1666 3027 1783 3094 167]

1892 3029 2180 3097 iniquitate
2248 3042 2377 3098 erga
2437 3041 2742 3096 pauperes.
2818 3026 3004 3081 addit:
3080 3026 3212 3090 Ome
3270 3028 3461 3082 dicunt

207 3115 459 3186 εἰρηκὼς
485 3116 541 3168 δὲ
573 3116 670 3186 τὴν
706 3118 787 3180 εἰς
813 3118 939 3180 τοὺς
967 3118 1204 3183 πένητας
1234 3117 1414 3171 αὐτῶν
1440 3117 1669 3179 ἀδικίαν,
1692 3120 1783 3171 ὲπ-

1892 3121 2129 3175 domiuis
2165 3120 2305 3182 suis,
2364 3118 2493 3171 Date
2528 3118 2687 3172 nobis
2740 3126 2800 3170 ut
2843 3118 3095 3171 bibamus
3133 3134 3365 3187 :nempe
3400 3129 3463 3173 ut

208 3200 398 3277 ἠγαγε
432 3207 513 3266 τὸ,
562 3208 629 3259 Αἱ
661 3208 912 3275 λέγουσαι
964 3211 1078 3272 τοῖς
1133 3210 1343 3279 κυρίοις
1380 3209 1610 3276 ἑαυτῶν,
1647 3208 1783 3261 Ἐπί-

1894 3210 2180 3281 signiticet,
2214 3210 2337 3264 illas
2366 3225 2433 3263 ne
2474 3208 2609 3263 viris
2640 3208 2859 3276 quidem
2891 3211 3027 3266 suis.
3079 3224 3218 3277 quos
3267 3219 3325 3263 ut
3375 3226 3465 3264 re-

206 3298 341 3350 δοτε
398 3299 531 3368 ἡμῖν
566 3300 713 3363 ὅπως
744 3300 957 3370 πίωμεν
975 3314 989 3327 '
1017 3302 1105 3354 ἵνα
1130 3300 1259 3372 εἴπῃ
1283 3301 1368 3353 ὅτι
1396 3300 1515 3354 οὐδὲ
1537 3304 1648 3363 τοῖς
1678 3302 1783 3353 έαυ

1895 3311 2078 3357 ctores
2111 3301 2351 3357 revereri
2374 3309 2581 3354 natura:
2614 3301 2729 3369 lege
2763 3301 3070 3365 Oportebat,
3106 3299 3464 3355 verecundari

206 3387 327 3439 τῶν
375 3387 659 3458 ἀνδράσιν,
715 3387 806 3451 οὓς
839 3390 1013 3459 ,ἐχρῆν
1058 3390 1134 3452 ὼς
1166 3388 1499 3459 ἡγουμένους
1534 3387 1783 3441 αἰδεῖσθαι

1897 3393 1965 3447 ad
1996 3393 2268 3447 luxuriam
2298 3407 2452 3446 suam
2489 3392 2674 3445 abuti:
2718 3391 2826 3445 illis
2870 3391 3259 3460 propemodum
3295 3392 3467 3459 impe-

203 3478 306 3531 διὰ
336 3479 441 3548 τὴν
476 3479 576 3547 τῆς
604 3479 818 3548 φύσεως
848 3479 1022 3544 τάξιν,
1052 3479 1307 3533 ὀκνοῦσαι
1339 3479 1475 3551 πρὸς
1512 3478 1610 3548 τὴν
1640 3477 1783 3531 ἀσέλ-

1896 3492 2085 3539 rantes
2111 3483 2295 3537 omnia
2318 3482 2497 3536 facere
2523 3495 2644 3549 qua
2670 3481 2908 3549 ipsarum
2943 3480 3152 3535 libidini
3190 3481 3463 3537 favebant.

210 3586 379 3636 γειαν
398 3568 498 3638 τὴν
518 3570 722 3622 ἑαυτῶν
744 3571 1148 3641 ἀποκεχρῆσθαι
1162 3589 1177 3605 ο
1204 3571 1361 3641 μόνον
1380 3571 1438 3623 δὲ
1453 3571 1553 3624 οὐκ
1581 3571 1783 3625 ἐπιτάτ-

1898 3577 2041 3643 Quid
2067 3577 2255 3646 igitur?
2277 3594 2295 3627 ι
2341 3573 2499 3629 Jurat
2521 3573 2778 3628 Dominus
2797 3588 2892 3643 per
2913 3584 3134 3627 sanctos
3150 3588 3302 3638 suos,
3332 3588 3471 3642 quo-

208 3677 415 3712 τουσαι
430 3660 611 3724 αὐτοῖς
632 3660 842 3714 ἅπαντα
863 3664 1033 3714 ποιεῖν
1051 3662 1328 3732 ὁπόσοιπερ
1348 3661 1414 3715 ἂν
1441 3660 1573 3732 πρὸς
1593 3662 1690 3732 τὴν
1711 3663 1779 3715 αὐ

1901 3670 2046 3724 niam
2081 3668 2198 3722 dies
2220 3668 2445 3721 veniunt
2466 3679 2633 3733 super
2648 3676 2768 3728 vos,
2784 3674 2838 3717 et
2860 3663 3050 3717 tollent
3068 3677 3165 3717 vos
3194 3662 3249 3716 in
3272 3662 3462 3727 armis,

210 3752 331 3804 τῶν
347 3752 641 3819 ἀσέλγειαν
662 3756 915 3823 συνεργῇ.
932 3753 995 3805 Τί
1012 3748 1133 3819 οῦν;
1161 3771 1180 3803 ι
1205 3752 1420 3822 Ὀμνύει
1445 3753 1646 3824 Κύριος
1662 3753 1783 3806 κατὲ

1901 3768 1957 3814 et
1971 3774 2066 3813 eos
2082 3758 2172 3826 qui
2187 3757 2469 3811 vobiscum
2494 3763 2622 3809 sunt
2642 3754 2697 3807 in
2718 3754 2853 3808 ollas
2869 3768 3164 3809 succensas
3188 3753 3467 3823 injicient:

209 3840 333 3891 τῶν
364 3841 537 3907 ἁγίων
563 3840 727 3893 αὑτοῦ
750 3880 766 3903 ,
821 3840 955 3894 διότι
994 3841 1199 3911 ἡμέραι
1230 3843 1476 3911 ἔρχονται
1518 3841 1602 3910 ἐφ’
1636 3844 1780 3911 ὑμᾶς

1903 3860 1957 3905 et
1984 3848 2278 3919 ejiciemini
2300 3848 2451 3909 nudi,
2467 3848 2663 3901 mulier
2680 3854 2841 3915 atque
2862 3844 2961 3908 vir,
2984 3860 3168 3900 coram
3192 3845 3423 3900 invicem
3449 3863 3470 3914 ;

210 3933 321 3985 καὶ
350 3932 616 4001 λήψονται
648 3934 792 4002 ὑμᾶς
824 3934 882 3985 ἐν
924 3933 1109 3996 ὅπλοις
1130 3947 1143 3961 ⁸
1206 3933 1446 3996 καὶτοὺς
1493 3932 1614 4002 μεθ’
1654 3932 1783 4002 ὑμῶι

1903 3952 1957 3995 et
1986 3938 2347 4009 projiciemini
2386 3940 2441 3991 in
2472 3945 2708 3991 montem
2740 3935 3057 3996 Armanam,
3105 3936 3239 3990 dicit
3285 3935 3472 3989 Domi-

212 4029 303 4088 εὶς
329 4025 567 4094 λέϐητας
592 4026 1018 4097 ὑποκαιομένους
1044 4024 1341 4094 ἐμϐαλοῦσι
1358 4043 1372 4055 ·
1403 4026 1495 4077 καὶ
1525 4026 1783 4097 ἐξενεχθή-

1904 4047 2030 4087 nus.
2065 4050 2084 4081 ι
2120 4029 2368 4084 Decrevit
2420 4028 2683 4082 Dominus
2752 4042 2863 4081 rem
2929 4042 3051 4094 quze
3106 4026 3305 4080 mutari
3362 4041 3471 4079 non

213 4120 392 4172 σεσθε
433 4121 653 4189 γυμνοὶ,
694 4121 829 4190 γυνὴ
862 4120 957 4173 καὶ
992 4121 1020 4172 ό
1048 4120 1187 4189 ἀνὴρ
1235 4119 1494 4174 ἀπέναντι
1526 4119 1769 4191 ἀλλήλων

1905 4131 2078 4194 potest
2105 4140 2118 4173 :
2144 4122 2244 4176 hoc
2265 4120 2409 4176 enim
2441 4120 2662 4173 denotat
2690 4118 2914 4173 verbum
2948 4117 3167 4185 ojurat.;
3200 4135 3220 4169 ο
3259 4128 3474 4187 tempus

208 4211 321 4263 καὶ
366 4211 810 4281 ἀπορῤιφήσεσθε
857 4212 937 4275 εἰς
964 4211 1022 4264 τὸ
1048 4211 1173 4280 ὅρος
1206 4211 1471 4280 Ἀρμανά,
1516 4211 1662 4280 λέγει
1696 4211 1777 4265 Κύ

1907 4204 2095 4267 adfore
2141 4228 2251 4282 quo
2299 4212 2369 4266 de
2418 4211 2505 4265 his
2557 4226 2750 4279 poenas
2800 4210 3035 4263 dabitis:
3087 4210 3474 4279 supervenient

210 4320 367 4373 ριος.
400 4321 418 4353 ι
476 4304 833 4373 Ἀπεφήνατο,
864 4304 1045 4373 φησὶν,
1074 4304 1101 4356 ὁ
1130 4303 1282 4367 Θεὸς,
1312 4303 1347 4356 ἀ
1411 4303 1543 4373 μηδὲ
1576 4304 1783 4374 μεταϐο

1907 4304 2052 4357 enim
2079 4302 2232 4356 vobis
2267 4301 2474 4365 hostes,
2505 4302 2597 4367 qui
2646 4314 2740 4353 vos
2780 4299 3086 4367 captivatos
3120 4298 3476 4354 intolerandis

209 4394 327 4465 λὴν
358 4394 587 4447 δυνατὸν
628 4395 880 4459 δέξασθαι
910 4413 922 4426 ·
963 4393 1120 4448 τοῦτο
1151 4395 1258 4465 γάρ
1294 4395 1355 4447 τὸ
1384 4396 1589 4464 ὀμνύει
1625 4396 1774 4465 δηλοῖ

1916 4394 2069 4462 ιιι
2104 4392 2351 4447 irretient
2398 4391 2597 4445 malis:
2647 4391 2772 4459 quia
2806 4404 3000 4458 nempe
3043 4391 3259 4445 cunctis
3308 4390 3478 4445 simul

210 4488 306 4538 ὃτι
338 4486 612 4556 παρέσται
640 4487 829 4558 καιρὸς
863 4487 921 4539 ἐν
1020 4486 1223 4540 τούτων
1259 4485 1458 4539 δώσετε
1479 4486 1633 4549 δίκας
1652 4502 1666 4517 ο
1702 4489 1774 4539 ὲπ

1912 4487 2127 4555 spoliati
2164 4486 2343 4550 bonis,
2368 4500 2493 4539 cum
2526 4485 2673 4553 pravi
2702 4486 2868 4537 moris
2898 4484 3238 4546 mulieribus,
3272 4492 3327 4537 et
3352 4499 3475 4538 cum

210 4577 549 4630 ελεύσονται
594 4578 701 4648 γὰρ
747 4580 873 4648 ὑμῖν
927 4578 1206 4648 πολέμιοι,
1261 4578 1311 4631 οἳ
1362 4578 1614 4642 λαϐόντες
1670 4581 1783 4649 ὑμᾶ

1911 4578 2380 4632 subservientibus
2431 4576 2495 4628 ad
2551 4574 2888 4645 peccandum
2940 4576 3109 4640 viris,
3160 4575 3360 4646 captivi
3411 4573 3481 4629 ad

210 4666 637 4737 αἰχμαλώτους,
654 4668 973 4740 ἀνηκέστοις
985 4670 1009 4720 ὲ
1017 4666 1279 4737 μϐαλοῦσι
1297 4670 1503 4730 κακοῖς,
1517 4667 1657 4721 ὥστε
1675 4686 1783 4722 κατι

1910 4670 2259 4739 Assyriorum
2303 4669 2576 4738 regionem
2639 4664 2934 4720 ducemini.
3002 4667 3293 4719 Armanam
3353 4681 3482 4720 vero

206 4759 434 4813 ταυτὸν
468 4759 686 4812 πάντων
730 4757 837 4811 τῶν
873 4758 1168 4827 περιόντων
1210 4757 1304 4809 νῦν
1335 4758 1555 4824 ἀγαθῶν
1594 4775 1783 4829 γυμνω

1910 4762 2046 4815 dicit
2100 4770 2336 4814 montem
2392 4761 2800 4823 Armeniorum,
2854 4759 2945 4828 qui
2988 4766 3118 4811 tunc
3175 4759 3227 4812 in
3276 4758 3482 4812 ditioue

210 4852 453 4913 θέντας,
495 4849 629 4919 ὁμοῦ
652 4852 753 4913 τάς
777 4866 837 4902 τε
868 4847 1091 4901 τοιαῦτα
1119 4846 1493 4919 ὲργαζομένας
1530 4854 1783 4918 γυναῖκας

1913 4853 2259 4923 Assyriorum
2295 4861 2432 4906 erat.

206 4945 324 4998 καὶ
374 4944 501 5004 τοὺς
539 4942 1010 5013 ὑπηρετουμένους
1051 4941 1239 4999 αὑταῖς
1276 4941 1411 5011 πρὸς
1441 4941 1509 4994 τά
1569 4944 1785 4996 τοιαῦτα
1822 4942 2021 5016 ἄνδρας
2058 4945 2433 5015 αίχμαλώτους
2476 4946 2569 4999 ἐπὶ
2598 4947 2696 5017 τὴν
2723 4945 2831 4998 τῶν
2845 4945 3143 5015 Ἀσσυρίων
3174 4942 3485 5013 ἀπαχθῆναι

204 5035 449 5105 χώραν.
526 5033 770 5103 Ἀρμανὰ
826 5033 934 5104 γὰρ
972 5031 1033 5084 τὸ
1083 5032 1379 5103 Ἀρμενίων
1416 5033 1541 5103 ὅρος
1593 5035 1766 5098 καλεῖ,
1803 5036 1891 5105 (p.
1928 5037 2063 5106 168)
2104 5039 2242 5107 ὅπερ
2297 5037 2402 5090 ὑπὸ
2434 5037 2533 5107 τὴν
2592 5038 2892 5108 Ἀσσυρίων
2953 5036 3011 5090 ὃν
3052 5036 3311 5105 ἐτύγχανε
3363 5036 3487 5088 τότε

203 5126 539 5200 βασιλείαν.
830 5172 833 5173 ,

296 5217 464 5285 Στίχ.
500 5216 647 5279 δ’-ς¹.
676 5247 744 5255 -—-
781 5235 799 5267 ι
838 5215 1124 5287 Εἰσήλθετε
1156 5216 1235 5278 είς
1264 5215 1484 5287 Βαιθὴλ,
1509 5220 1602 5271 καὶ
1626 5220 1824 5290 ἡνομή-

206 5325 375 5362 cura
396 5323 409 5333 '
440 5307 534 5358 καὶ
574 5307 652 5368 εἰς
678 5306 947 5373 Γάλγαλα,
992 5307 1086 5358 καὶ
1115 5305 1451 5377 ὲπληθύνατε
1495 5308 1590 5360 τοῦ
1627 5309 1825 5379 ἀσεϐῆ-

208 5418 321 5453 σαι
356 5413 373 5423 ’
419 5397 515 5449 καὶ
563 5397 829 5463 ἠνέγκατε
882 5396 1024 5466 πρωϊ
1056 5396 1244 5461 θυσίας
1278 5398 1453 5468 ὑμῶν.
1485 5401 1577 5452 καὶ
1621 5403 1701 5463 είς
1726 5400 1825 5471 τὴν

202 5505 369 5560 τριη
382 5488 576 5557 μερίαν
604 5486 669 5539 τὰ
700 5486 986 5539 ἐπιδέκατα
1026 5487 1177 5556 ὑμῶν
1202 5504 1215 5517 ’
1253 5488 1345 5540 καὶ
1376 5488 1685 5556 ἀνέγνωσαν
1722 5490 1825 5555 ἔξω

205 5584 432 5651 νόμον,
465 5579 560 5632 καὶ
600 5579 993 5631 ἐπεκαλέσαντο
1025 5579 1327 5649 ὁμολογίαν.
1366 5597 1384 5629 ι
1434 5579 1692 5632 Ἐνταῦθα
1731 5585 1825 5636 καὶ

214 5673 377 5742 περὶ
407 5671 476 5721 τά
510 5670 702 5721 εἴδωλα
733 5671 914 5732 αὐτοῖς
948 5669 1184 5738 σπουδὴν
1219 5666 1501 5733 ὀνειδίζει·
1535 5668 1690 5721 τοῦτο
1717 5670 1783 5737 γά

1934 5672 2078 5727 idola
2109 5672 2214 5727 illis
2246 5673 2557 5741 exprobrat;
2590 5672 2642 5726 id
2671 5674 2815 5727 enim
2836 5673 3224 5741 valentverba,
3253 5690 3270 5722 ι
3307 5673 3359 5725 in
3393 5671 3494 5723 Bc-

212 5766 404 5832 λὲγει
433 5761 513 5825 τὸ,
551 5781 567 5809 ι
601 5761 692 5823 Εἰς
726 5760 925 5830 Βαιθὴλ
948 5761 1041 5812 καὶ
1077 5762 1154 5823 είς
1180 5759 1425 5828 Γάλγαλα
1458 5759 1732 5815 είσήλθετε
1752 5779 1765 5793 ·

1935 5761 2041 5819 tbel
2067 5770 2228 5832 atque
2250 5762 2789 5834 Galgalaintroislis;
2829 5782 2847 5813 ι
2882 5763 2956 5817 ita
2996 5763 3263 5817 idolorum
3287 5763 3494 5817 cultum

554 5856 824 5915 Parnm.
860 5856 975 5915 Gn.
1026 5855 1246 5916 LXVI.
3143 5860 3182 5918 9

1995 5215 2158 5271 Vens.
2196 5214 2417 5268 4-6.-‹
2456 5213 2726 5269 lntroistis
2760 5216 2813 5269 in
2861 5215 3067 5278 Bethel,
3102 5224 3155 5269 et
3180 5215 3341 5283 impie
3368 5214 3487 5284 egi-

1922 5309 2059 5366 stis:
2097 5309 2152 5361 in
2183 5308 2426 5377 Galgala,
2464 5318 2519 5363 et
2538 5309 2942 5379 multiplicastis
2964 5307 3483 5377 praevaricationem.

1922 5400 2199 5454 Attulistis
2230 5415 2389 5454 mane
2414 5401 2667 5455 victimas
2699 5410 2935 5465 vestras,
2965 5402 3019 5454 in
3054 5400 3295 5454 triduum
3337 5399 3489 5455 deci-

1925 5506 2044 5544 mas
2065 5498 2297 5544 vestras.
2331 5489 2395 5543 Et
2426 5492 2675 5561 legerunt
2708 5492 2914 5546 deforis
2938 5491 3132 5561 legem.
3173 5498 3225 5543 et
3263 5490 3491 5543 invoca-

1928 5589 2125 5636 verunt
2153 5580 2574 5637 confessionem.
2614 5602 2631 5633 ι
2672 5582 2785 5636 Hoc
2826 5584 2946 5637 loco
2987 5581 3330 5637 sedulitatem
3359 5596 3491 5650 erga
