3954 6538
466 362 572 420 267

1653 352 2005 412 THEODORI
2038 347 2522 409 MOPSUESTENI

3616 335 3726 392 263

468 477 537 531 de
564 491 714 532 more
739 474 1055 548 significans
1086 492 1099 527 :
1130 481 1185 528 et
1220 472 1440 543 quidem
1470 471 1727 527 alacriter
1748 469 2043 526 admodum

2162 498 2211 546 ἐκ
2229 491 2420 545 τούτου
2450 487 2714 549 είωθότως
2734 485 2832 557 τὴν
2854 485 2983 557 περὶ
3008 482 3077 537 τά
3105 480 3298 536 εἴδωλα
3316 476 3611 549 θεραπείαν
3636 476 3731 547 δηο

470 569 916 638 praevaricantes,
948 566 1221 623 sacriﬁcia
1247 565 1441 622 sedqu
1466 566 1748 621 attulistis.
1781 564 1900 618 Jam
1939 582 1958 614 ι
1988 565 2045 618 in

471 659 713 714 triduum
757 679 777 711 ι
811 659 966 723 dicit,
998 658 1083 713 vel
1124 667 1238 714 tres
1273 658 1393 713 dies
1422 658 1731 728 intelligens
1763 658 1837 711 ob
1859 666 2047 711 osten-

470 752 701 807 dendam
736 750 1097 821 frequentiam
1124 765 1236 821 qua
1280 751 1551 807 sacrificia
1599 750 1934 813 oil‘erebaut;
1963 747 2049 802 vel

471 843 797 914 peculiarem
847 842 1084 911 aliquem
1134 844 1380 907 modum,
1426 858 1538 913 quo
1576 841 1848 898 sacrificia
1904 840 2048 911 apud

472 935 613 990 idola
646 935 997 1006 peragebant.
1039 935 1173 989 Illuc
1211 945 1393 989 autem
1428 936 1669 989 decimas
1704 947 1926 1003 quoque
1972 932 2052 986 in-

472 1025 697 1088 tulistis,
728 1036 783 1079 et
825 1025 999 1095 legem
1024 1024 1317 1095 quamdam
1364 1040 1464 1094 pro
1514 1024 1672 1078 libito
1709 1030 1891 1079 vestro
1921 1020 2052 1090 legi-

470 1118 603 1183 stis;
657 1126 711 1171 et
766 1115 974 1173 fuadera
1026 1133 1195 1187 super
1242 1117 1345 1172 hac
1390 1116 1535 1188 apud
1590 1116 1736 1171 idola
1793 1113 2049 1169 fecistis:

471 1216 635 1279 atque
687 1217 745 1261 ut
798 1210 1115 1264 summatim
1169 1208 1370 1273 dicam,
1419 1208 1603 1263 omnia
1653 1207 1746 1261 illa
1796 1221 1919 1276 qua}
1953 1220 2052 1259 vos

470 1299 699 1354 decebat
759 1300 1065 1355 secundum
1121 1300 1363 1355 divinam
1426 1299 1599 1371 iegem
1658 1296 2053 1367 Hierosolymis

473 1400 736 1463 prazstare
764 1390 894 1456 Deo,
922 1392 1038 1446 haec
1063 1391 1119 1446 in
1152 1390 1425 1462 praedictis
1455 1391 1590 1446 locis
1630 1405 1758 1462 erga
1790 1389 1955 1453 idola,
1985 1403 2055 1442 ex

476 1485 884 1541 institutionum
911 1499 1155 1538 mearum
1185 1499 1380 1538 norma
1416 1481 1644 1538 fecistis.
1678 1482 1889 1549 Quibus
1923 1496 2057 1551 prte—

473 1576 620 1629 clare
642 1574 959 1645 subiungit:
990 1591 1009 1624 ι
1044 1572 1397 1636 Annuntiate,
1426 1570 1685 1642 quoniam
1713 1571 1829 1625 haec
1854 1568 2058 1637 dilexe-

475 1673 604 1719 runt
640 1664 735 1719 lilii
766 1663 1009 1728 lsraelis,
1034 1663 1169 1719 dicit
1200 1662 1489 1718 Dominus.
1524 1681 1545 1713 ι
1576 1660 1842 1716 Omnibus
1874 1662 2059 1732 explo-

475 1762 652 1812 ratum
701 1757 773 1812 sit
826 1757 1058 1811 istorum
1102 1771 1231 1827 erga
1280 1755 1427 1810 idola
1473 1753 1741 1817 studium,
1792 1762 1851 1807 ut
1896 1752 2059 1809 simul

2146 584 2255 636 λῶν
2275 601 2291 615 θ
2321 582 2414 635 καὶ
2447 581 2583 651 μετὰ
2613 578 2813 648 πολλῆς
2842 577 2940 647 μὲν
2970 574 3217 645 ησεὸεἶτε
3248 573 3349 642 τῆς
3380 569 3688 640 προθυμίας
3708 584 3724 597 ·

2148 674 2455 745 προσήγετε
2515 670 2572 725 δὲ
2641 669 2844 738 σπουδῇ
2918 667 3013 720 καὶ
3074 664 3174 727 τὰς
3257 662 3479 724 θυσίας·
3532 660 3593 712 τὸ
3640 658 3727 719 δὲ,

2155 784 2174 816 ι
2212 766 2291 828 είς
2336 764 2435 834 τὴν
2464 761 2810 833 τριημερίαν,
2844 778 2863 811 ι
2900 758 3056 829 ἢΔιά
3087 757 3251 828 τριῶν
3286 754 3527 827 ἡμερῶν,
3554 752 3734 805 εἰπεῖν

2151 852 2437 925 βούλεται,
2483 853 2564 914 είς
2611 848 2843 919 δήλωσιν
2892 846 2987 899 τοῦ
3047 843 3283 915 συνεχῶς
3315 844 3415 912 τὴν
3441 857 3733 911 προσαγω-

2149 946 2254 1016 γὴν
2311 944 2420 998 τῶν
2472 942 2671 996 θυσιῶν
2699 939 2990 1004 ποιεῖσθαι,
3034 938 3069 1009 ἢ
3106 938 3305 1008 τρόπον
3343 934 3464 987 τινὰ
3499 931 3621 986 καθ’
3671 930 3734 983 δν

2148 1038 2249 1100 τὰς
2285 1035 2475 1098 θυσίας
2510 1033 2797 1087 ἐπετέλουν
2820 1031 2939 1084 τότε
2984 1032 3098 1094 τοῖς
3144 1026 3404 1088 εἰδώλοις.
3446 1022 3641 1077 Δῦτόθι
3673 1018 3732 1073 δὲ

2150 1128 2368 1190 καὶτὰς
2396 1124 2627 1189 δεκάτας
2671 1122 3058 1194 προσεφέρετε,
3110 1121 3206 1173 καὶ
3255 1118 3419 1188 νόμον
3462 1114 3587 1167 τινά
3638 1112 3731 1165 ἀν-

2152 1218 2475 1287 εγινώσκετε
2492 1216 2584 1269 τὸν
2608 1216 2735 1286 ὑμῖν
2756 1210 3038 1266 δοκοῦντα·
3055 1210 3155 1271 τὰς
3181 1206 3452 1277 συνθήκας
3474 1205 3559 1257 ἐπ’
3584 1201 3736 1269 αὐτῷ

2153 1311 2291 1384 πρὸς
2336 1309 2403 1363 τὰ
2454 1307 2650 1361 εἴδωλα
2696 1304 3037 1375 ποιούμενοι·
3084 1303 3179 1355 καὶ⁵
3236 1299 3513 1367 συντόμως
3559 1296 3738 1349 εἰπεῖν

2154 1404 2371 1457 ᾶπαντα
2400 1398 2464 1471 δὴ
2499 1399 2536 1453 ἃ
2568 1398 2842 1468 προσῆκον
2868 1391 2938 1466 ἦν
2962 1395 3108 1465 ὑμᾶς
3152 1391 3295 1446 κατά
3318 1389 3410 1444 τὸν
3453 1388 3617 1457 νόμον
3644 1386 3738 1439 τὸν

2155 1492 2296 1547 θεῖον
2350 1493 2443 1545 ἐπὶ
2490 1490 2591 1561 τῆς
2662 1486 3015 1560 Ἰερουσαλὴμ
3064 1482 3415 1555 ἀποπληροῦν
3464 1479 3545 1551 τῷ
3594 1478 3738 1547 Θεῷ,

2154 1582 2328 1635 ταῦτα
2356 1583 2414 1634 ὲν
2439 1583 2550 1643 τοῖς
2571 1579 2927 1651 προῤῥηθεῖσι
2953 1576 3139 1639 τόποις
3161 1573 3256 1629 καὶ
3286 1572 3413 1643 περὶ
3441 1572 3511 1624 τὰ
3541 1568 3740 1623 εἴδωλα

2157 1674 2301 1729 κατά
2350 1674 2581 1743 μίμησιν
2625 1672 2734 1724 τῶν
2782 1670 2905 1741 ἐμοὶ
2949 1667 3382 1737 διατεταγμένων
3426 1662 3739 1724 ποιοῦντες·

2162 1762 2242 1830 οἷς
2275 1766 2455 1830 καλῶς
2495 1764 2720 1833 ἐπάγει·
2760 1781 2780 1816 ι
2840 1760 3233 1830 Ἀπαγγείλατε
3270 1759 3354 1812 ὅτι
3393 1755 3567 1810 ταῦτα
3602 1754 3742 1824 ἠγά-

475 1854 690 1902 constet
714 1844 1070 1916 quamobrem
1097 1826 1288 1914 poenas
1313 1843 1535 1899 iuerint.
1573 1842 1715 1910 Quid
1740 1843 1909 1898 vero?
1940 1861 1958 1893 ς
1993 1840 2059 1895 Et

2162 1826 2340 1928 πησαν
2377 1826 2449 1910 οίγ
2475 1858 2582 1910 υἱοὶ
2617 1826 2853 1927 ἦσραὴλ,
2900 1826 3047 1922 λέγει
3090 1850 3295 1923 Κύριος
3322 1852 3351 1902 ὀ
3385 1848 3532 1910 Θεός.
3577 1866 3596 1899 ι
3640 1847 3743 1899 1‘s-

474 1954 578 2009 cgo
608 1938 751 1993 dabo
782 1938 939 1992 vobis
969 1946 1246 2007 stuporem
1277 1937 1521 1992 dentium
1555 1935 1612 1989 in
1645 1936 1861 1991 cunctis
1906 1934 2060 1989 urbi-

476 2030 580 2086 bus
602 2030 825 2094 vestris,
855 2037 908 2084 et
940 2028 1294 2099 indigentiam
1323 2043 1524 2098 panum
1559 2027 1614 2081 in
1640 2027 1896 2082 omnibus
1924 2026 2062 2082 locis

476 2124 708 2189 vestris;
742 2132 796 2177 et
820 2136 929 2177 non
958 2120 1309 2189 revertemini
1341 2120 1409 2174 ad
1438 2134 1546 2185 me,
1572 2120 1703 2174 dicit
1722 2117 2005 2174 Dominus.
2036 2138 2056 2171 ι

480 2215 744 2285 Equidem
792 2213 1018 2268 multam
1060 2212 1257 2267 faciam
1311 2211 1481 2268 vestri
1547 2210 1959 2273 contritionem,
2006 2217 2063 2264 et

481 2305 717 2377 plurima
769 2303 1209 2358 necessariarum
1260 2317 1444 2356 rerum
1492 2308 1736 2371 egestate
1775 2315 2058 2371 premam;

483 2413 659 2468 neque
686 2403 871 2451 tamen
904 2395 1113 2449 idcirco
1159 2393 1432 2450 emendati
1471 2393 1539 2447 ad
1575 2408 1661 2447 me
1691 2391 2062 2448 declinabitis.

482 2478 618 2544 Nam
647 2480 892 2542 dentium
919 2492 1202 2557 stuporem
1232 2485 1387 2549 dicit,
1420 2500 1521 2555 pro
1555 2486 1713 2555 112
1746 2485 1895 2555 gravi
1926 2498 2065 2539 con-

484 2580 744 2646 tritione;
803 2579 946 2634 sicut
1017 2579 1182 2634 etiam
1243 2579 1386 2648 apud
1452 2578 1671 2633 beatum
1737 2576 1995 2632 Davidem
2045 2594 2060 2631 :

489 2689 509 2722 c
548 2670 693 2728 Deus
739 2677 989 2727 conteret
1043 2670 1236 2727 dentes
1283 2684 1475 2726 eorum
1535 2670 1590 2723 in
1628 2684 1725 2724 ore
1770 2669 2059 2740 ipsorum:

486 2765 660 2822 mulas
688 2765 907 2821 leonum
940 2762 1211 2836 confregit
1240 2762 1507 2819 Dominus
1538 2762 1606 2818 δ’.
1644 2780 1663 2814 ›
1694 2761 1825 2816 Vult
1852 2761 2063 2817 scilicet

486 2872 756 2912 summam
783 2857 1168 2913 contritionem
1197 2856 1381 2914 dicere
1432 2866 1486 2913 et
1520 2855 1678 2924 quasi
1705 2853 1774 2910 ad
1817 2853 2062 2909 dentium

484 2960 761 3020 stuporem
792 2947 1175 3004 deventuram.

2158 1950 2333 2004 νέσθω
2363 1947 2427 2018 δὴ
2471 1949 2603 2000 πᾶσι
2632 1942 2951 2014 καταφανὴς
2982 1942 3175 2011 αὐτῶν,
3198 1943 3233 2012 ἡ
3267 1940 3397 2010 περὶ
3420 1938 3491 1991 τὰ
3515 1935 3744 1990 τοιαῦτα

2162 2042 2388 2113 σπουδὴ,
2410 2040 2485 2105 ὼς
2510 2040 2577 2093 ἂν
2608 2039 2703 2093 καὶ
2726 2038 2866 2110 ὑπὲρ
2899 2037 3021 2091 ὅτου
3055 2035 3256 2089 διδόασι
3294 2032 3469 2095 δίκας,
3506 2031 3583 2101 (p.
3617 2027 3748 2099 169)

2160 2134 2368 2203 γένοιτο
2416 2131 2595 2201 δῆλον.
2630 2131 2696 2184 Τί
2728 2130 2869 2201 γάρς
2912 2146 2933 2181 ι
2972 2128 3082 2181 Καὶ
3111 2125 3221 2195 ἐγὼ
3249 2124 3406 2178 δώσω
3439 2124 3571 2193 ὑμῖν
3605 2137 3745 2192 γομ-

2163 2224 2399 2294 φιασμὸν
2436 2222 2664 2277 ὀδόντων
2696 2223 2755 2275 ἐν
2787 2221 2988 2283 πάσαις
3022 2220 3145 2280 ταῖς
3176 2216 3395 2269 πόλεσιν
3428 2214 3606 2286 ὑμῶν,
3649 2212 3745 2266 καὶ

2162 2317 2366 2370 ἔνδειαν
2400 2314 2580 2384 ἄρτων
2624 2316 2682 2367 ὲν
2723 2314 2858 2367 πᾶσι
2900 2314 3012 2375 τοῖς
3061 2311 3249 2373 τόποις
3291 2307 3466 2377 ὑμῶν,
3515 2307 3613 2360 καὶ
3648 2304 3747 2358 οὐκ

2164 2406 2527 2478 ἐπιστρέφετε
2556 2404 2692 2476 πρός
2734 2422 2823 2476 με,
2853 2403 3000 2472 λέγει
3030 2401 3257 2474 Κύριος.
3303 2418 3322 2451 ι
3364 2400 3473 2453 Καὶ
3513 2399 3627 2468 γὰρ
3655 2398 3749 2449 καὶ

2164 2496 2456 2569 συντριϐὴν
2502 2494 2655 2569 ὑμῶν
2698 2494 3001 2566 ἐργάσομαι
3048 2492 3325 2562 πλείστην,
3374 2489 3469 2543 καὶ⁵
3517 2490 3588 2559 τῇ
3640 2487 3749 2539 τῶν

2164 2566 2476 2658 ἀναγκαίων
2521 2566 2700 2657 ἐνδείᾳ.
2747 2584 3060 2657 περιϐαλῶ·
3112 2583 3205 2637 καὶ
3262 2582 3381 2635 οὐδὲ
3431 2580 3527 2633 ἐπὶ
3573 2579 3749 2647 τούτῳ

2168 2677 2628 2750 σωφρονισθέντες
2670 2674 2886 2731 νεύσετε
2931 2674 3066 2745 πρός
3108 2688 3205 2745 με·
3240 2670 3589 2743 γομφιασμδν
3643 2670 3750 2737 γὰρ

2166 2770 2395 2823 ὀδόντων
2422 2770 2521 2840 τὴν
2553 2770 2691 2836 ἄγαν
2721 2766 3011 2839 συντριϐὴν
3042 2766 3215 2834 λέγει·
3252 2764 3327 2828 ὡς
3352 2764 3447 2817 καὶ
3491 2760 3649 2834 παρά
3675 2758 3754 2829 τῷ

2174 2862 2429 2934 μακαρίῳ
2448 2860 2609 2915 Δαυϊδ
2630 2861 2711 2925 τὸ,
2742 2878 2762 2912 ι
2799 2860 2857 2913 Ὀ
2878 2859 3009 2922 Θεὸς
3027 2860 3154 2922 τοὺς
3179 2858 3397 2919 ὀδόντας
3426 2854 3608 2910 αὐτῶν
3637 2870 3751 2907 συν·

2171 2954 2351 3025 τρίψει
2382 2954 2441 3005 ὲν
2472 2952 2551 3023 τῷ
2585 2951 2813 3021 στόματι
2845 2949 3048 3013 αὐτῶν,
3077 2948 3177 3013 τὰς
3226 2948 3409 3020 μὼλας
3452 2945 3564 3000 τῶν
3604 2944 3752 2996 λεόν-

485 3072 595 3110 των
623 3051 950 3107 συνέθλασεν
983 3051 1013 3105 ὀ
1039 3050 1244 3122 Κύριος
1264 3064 1278 3079 ·
1313 3067 1333 3101 ι
1363 3048 1671 3135 βουλομένῳ
1694 3047 1793 3119 τὴν
1814 3044 2256 3118 ὑπερϐάλλουσαν
2282 3049 2460 3101 εἰπεῖν
2488 3044 2799 3117 συντρισὴν,
2826 3044 2901 3106 ὡς
2932 3042 3058 3113 ἄχρι
3080 3042 3192 3096 τῶν
3222 3041 3450 3096 ὀδόντων
3482 3038 3752 3108 ἐσομένην

487 3147 582 3201 καὶ
606 3145 715 3199 τῶν
742 3144 1012 3215 γομφίων.

560 3233 729 3289 Vsus.
762 3212 918 3287 7410.
948 3261 1020 3272 -
1052 3249 1071 3282 ι
1111 3229 1179 3285 Ει
1220 3245 1322 3301 ego
1375 3228 1631 3300 prohibui
1683 3242 1716 3283 a
1766 3228 1922 3283 vobis
1962 3228 2061 3281 im-

2238 3230 2387 3301 Στίχ.
2436 3230 2590 3294 ζ’.-ι’.
2626 3260 2698 3270 -
2731 3250 2749 3282 ι
2788 3230 2897 3285 Καὶ
2931 3226 3041 3297 ἐγὼ
3097 3226 3322 3296 ἀνέσχον
3344 3236 3345 3239 ‘
3371 3222 3431 3288 ἐξ
3470 3221 3627 3293 ὑμῶν
3663 3221 3756 3275 τὸν

487 3325 666 3388 brem,
695 3337 823 3378 cum
848 3321 1029 3375 adhuc
1059 3329 1175 3375 tres
1206 3333 1422 3374 menses
1455 3326 1806 3387 superessent
1835 3318 1902 3371 ad
1932 3331 2070 3371 mes-

488 3432 627 3472 sem.
664 3413 731 3469 Et
778 3413 961 3484 pluam
1009 3426 1174 3482 super
1225 3425 1391 3465 unam
1447 3410 1748 3471 civitatem,
1796 3416 1851 3464 et
1903 3422 2070 3477 super

489 3509 718 3562 alteram
754 3506 1027 3562 civitatem
1051 3519 1159 3559 non
1177 3504 1649 3574 pluam:parsuna
1674 3500 2066 3569 complutaest,

488 3605 545 3653 et
566 3611 714 3667 pars,
744 3609 909 3665 super
940 3608 1107 3665 quam
1137 3606 1248 3646 non
1287 3590 1423 3660 plui,
1452 3590 1617 3644 aruit.
1653 3588 1718 3642 Et
1746 3589 2071 3644 convenient

490 3688 614 3745 dum
629 3688 882 3742 civitates
903 3685 959 3740 in
994 3686 1272 3738 civitatem
1292 3695 1454 3736 unam
1485 3688 1547 3736 ut
1566 3680 1755 3735 bibant
1776 3693 1992 3747 aquam,
2018 3689 2072 3735 et

491 3796 603 3836 non
627 3778 995 3835 satiabuntur.
1045 3774 1110 3829 Et
1152 3789 1250 3830 vos
1279 3773 1347 3829 ad
1389 3788 1475 3828 me
1518 3788 1627 3828 non
1672 3772 1807 3828 estis
1837 3773 2068 3835 reversi,

492 3869 625 3927 dicit
651 3869 936 3925 Dominus.
995 3884 1015 3919 ι
1064 3864 1325 3920 Subtraxi
1368 3872 1551 3919 autem
1600 3864 1757 3919 vobis
1815 3863 2067 3927 imbrem,

491 3962 848 4035 quamobrem
901 3959 955 4015 in
1009 3957 1301 4013 maximam
1372 3956 1715 4012 sterilitatem
1763 3955 2067 4021 incidistis;

491 4069 619 4110 nam
673 4052 898 4115 locutio,
952 4051 1133 4105 tribus
1182 4058 1311 4103 ante
1341 4064 1578 4104 messem
1612 4048 1916 4103 mensibus.
1965 4048 2072 4102 hoc

493 4145 766 4215 significat
809 4161 823 4197 :
876 4142 1076 4198 etenim
1133 4156 1203 4198 eo
1251 4148 1370 4195 toto
1425 4140 1710 4195 intervallo
1756 4140 2072 4195 continuata

496 4238 741 4299 siccitas.
776 4235 1143 4290 universalem
1187 4231 1405 4304 frugum
1446 4231 1579 4287 facit
1612 4232 1930 4303 perniciem,
1951 4247 2074 4302 qua:

494 4343 674 4399 neque
735 4328 805 4382 ali
861 4341 1040 4396 neque
1088 4325 1446 4395 pinguescere
1500 4332 1710 4392 queunt
1759 4341 1774 4377 :
1818 4323 2073 4392 prohibet

494 4420 753 4491 denique,
786 4418 1084 4488 quominus
1114 4416 1310 4471 idonea
1348 4415 1616 4470 armentis
1646 4429 1847 4483 pascua
1875 4430 2073 4484 suppe-

2169 3322 2323 3374 ὑετὸν
2360 3321 2467 3391 πρὸ
2490 3320 2657 3391 τριῶν
2687 3320 2873 3392 μηνῶν
2899 3319 2994 3373 τοῦ
3021 3315 3311 3390 θερισμοῦ·
3339 3315 3433 3369 καὶ
3459 3312 3640 3385 βρέξω
3662 3310 3751 3366 ἐπὶ

2170 3413 2323 3467 πόλιν
2353 3413 2502 3484 μίαν,
2541 3412 2632 3466 ἐπὶ
2660 3412 2716 3465 δὲ
2757 3412 2911 3465 πόλιν
2954 3410 3083 3481 μίαν
3113 3411 3176 3462 οὐ
3211 3406 3412 3480 βρέξω·
3448 3405 3609 3476 μερὶς
3659 3404 3752 3474 μία

2172 3505 2503 3576 βραχήσεται
2520 3546 2533 3567 ,
2552 3503 2646 3556 καὶ
2664 3521 2727 3573 με
2738 3503 2819 3574 pl;
2848 3501 2933 3570 ἐφ’
2949 3501 3015 3572 ἢν
3032 3500 3093 3553 οὐ
3112 3498 3307 3571 βρέξω,
3327 3496 3390 3567 ξη
3401 3495 3753 3569 ρανθήσεται·

2170 3596 2266 3649 καὶ
2310 3594 2858 3666 συναθροισθήσονται
2891 3592 3006 3664 (27)
3038 3591 3131 3645 δύο
3155 3592 3250 3646 καὶ
3286 3591 3435 3662 τρεῖς
3463 3588 3650 3650 πόλεις
3677 3589 3756 3649 είς

2172 3688 2326 3742 πόλιν
2357 3688 2486 3758 μίαν
2515 3686 2610 3740 τοῦ
2646 3689 2791 3739 πιεῖν
2830 3685 2995 3757 ὕδωρ,
3028 3685 3124 3738 καὶ
3154 3683 3216 3736 οὐ
3259 3683 3332 3754 μὴ
3364 3680 3753 3752 ὲμπλησθῶσι·

2171 3781 2266 3834 καὶ
2289 3780 2387 3833 οὐκ
2410 3779 2790 3850 ἐπεστράφητε
2814 3777 2951 3848 πρός
2980 3795 3068 3847 με,
3096 3776 3244 3843 λέγει
3273 3773 3497 3846 Κύριος.
3526 3791 3545 3824 ›
3582 3773 3757 3838 Ἀφεῖ-

2171 3872 2261 3925 λον
2293 3872 2349 3925 δὲ
2380 3869 2534 3941 ὑμῶν
2568 3871 2663 3924 καὶ
2713 3869 2805 3922 τὸν
2849 3869 3023 3931 ὑετὸν,
3050 3868 3190 3920 ῶστε
3233 3864 3483 3935 ἀκαρπίᾳ
3530 3881 3755 3935 περιπε-

2172 3965 2287 4016 σεῖν
2320 3963 2553 4035 μεγίστῃ
2572 3979 2587 3994 ·
2617 3962 2679 4014 τὸ
2711 3960 2840 4031 γὰρ.
2872 3979 2890 4010 ι
2918 3960 3023 4030 πρὸ
3053 3958 3221 4029 τριῶν
3253 3956 3436 4029 μηνῶν
3462 3955 3558 4008 τοῦ
3599 3956 3748 4025 θερι-

2174 4054 2334 4126 σμοῦ,
2367 4074 2385 4107 ›
2419 4054 2578 4107 τοῦτο
2623 4053 2806 4121 λέγει·
2843 4052 3030 4123 ἐπειδὴ
3059 4053 3093 4122 ἠ
3123 4053 3187 4105 ὲκ
3217 4051 3337 4104 τότε
3382 4050 3512 4120 άχρι
3570 4048 3755 4107 τέλους

2171 4145 2431 4217 γινομένη
2473 4144 2725 4216 ἀϐροχία,
2766 4142 3003 4209 παντελῆ
3050 4142 3149 4214 μὲν
3180 4141 3291 4195 τῶν
3327 4140 3563 4212 καρπῶν
3594 4140 3756 4209 ἐργά·

2173 4233 2325 4298 ζεται
2350 4233 2443 4287 τὸν
2464 4233 2790 4303 ἀφανισμὸν,
2816 4233 2941 4285 οὔτε
2973 4231 3354 4303 ἐκτρέφεσθαι,
3384 4231 3457 4300 (p.
3488 4230 3612 4299 170)
3635 4229 3754 4282 οὔτε

2173 4324 2487 4378 πιαίνεσθαι
2508 4324 2636 4377 οἴων
2658 4341 2717 4377 τε
2758 4324 2957 4377 ὀντων·
2988 4323 3185 4376 κωλύει
3213 4321 3271 4375 δὲ
3306 4322 3400 4376 καὶ
3434 4323 3537 4392 τὴν
3564 4324 3755 4391 ἐπιτηο

2171 4417 2319 4471 δείαν
2346 4419 2459 4480 τοῖς
2486 4417 2706 4488 κτήνεσι
2741 4414 2912 4487 νομὴν
2939 4414 3275 4469 ἀναδίδοσθαι
3304 4414 3368 4468 ὲκ
3397 4413 3499 4485 τῆς
3526 4414 3629 4483 γῆς
3648 4432 3661 4443 ·
3689 4413 3755 4465 τὰ

495 4518 635 4566 tant.
667 4509 895 4581 Reliqua
926 4517 1129 4565 autem.
1157 4522 1258 4579 pro
1308 4522 1461 4563 more
1507 4508 1860 4576 contingente
1891 4507 2023 4563 dicit
2054 4524 2061 4562 :

2173 4509 2230 4562 δὲ
2253 4508 2380 4579 ἑξῆς
2418 4509 2527 4562 ἀπὸ
2550 4507 2645 4561 τοῦ
2675 4507 2926 4571 εἰωθότος
2956 4506 3134 4575 λέγει·
3164 4506 3350 4577 ἐπειδὴ
3382 4508 3442 4560 ὲν
3467 4509 3585 4569 ταῖς
3617 4508 3758 4573 ἀγαν

497 4604 626 4674 quia
656 4605 711 4658 in
747 4602 930 4658 nimiis
964 4600 1327 4666 siccitatibus,
1352 4600 1495 4655 aeris
1518 4615 1738 4670 quoque
1770 4615 1913 4670 saepe
1944 4614 2072 4655 con-

2175 4600 2459 4673 ἀϐροχίαις
2488 4597 2777 4670 συμϐαίνει
2804 4599 2925 4652 τινὰ
2963 4598 3220 4662 πολλάκις
3248 4597 3493 4666 γίνεσθαι
3533 4615 3757 4668 συστρο-

498 4692 660 4763 tingit
691 4691 927 4760 aliquem
973 4690 1091 4746 fieri
1139 4690 1439 4754 turbinem,
1468 4700 1523 4747 et
1548 4692 1801 4763 exiguam
1831 4692 2061 4762 pluviam

2178 4692 2285 4764 φὴν
2325 4692 2526 4763 μικράν
2569 4692 2663 4745 τοῦ
2696 4692 2885 4763 ἀέρος·
2912 4693 3007 4746 καί
3042 4710 3161 4745 τινα
3200 4692 3353 4745 ὑετὸν
3398 4692 3586 4762 εὐτελῆ
3617 4693 3757 4744 κατά

499 4782 710 4852 sparsis
737 4780 988 4837 decidere
1032 4780 1190 4847 locis,
1228 4781 1389 4850 cujus
1439 4791 1620 4837 tamen
1656 4783 1807 4837 nulla
1838 4791 1923 4838 est
1943 4797 2061 4853 erga

2176 4799 2331 4845 τινας
2354 4782 2715 4853 διῃρημένους
2738 4782 3017 4851 γίγνεσθαι
3059 4785 3258 4845 τόπους
3279 4800 3292 4813 ·
3328 4776 3405 4836 ὧν
3435 4783 3583 4836 οὐδὲν
3627 4784 3754 4851 ὀφε-

500 4874 717 4944 frugum
763 4872 1162 4928 incrementum
1224 4873 1454 4927 utilitas.
1517 4873 1636 4927 Non
1680 4873 1899 4928 dabitur
1944 4889 2061 4943 ergc

2179 4873 2269 4937 λος
2301 4874 2437 4944 πρὸς
2466 4874 2565 4944 τὴν
2590 4873 2846 4926 σύστασίν
2882 4874 2999 4927 ἐστι
3021 4874 3130 4928 τῶν
3163 4874 3421 4946 καρπῶν·
3452 4875 3513 4926 οὐ
3541 4873 3759 4943 δοθήσεο

499 4966 658 5024 vobis
694 4965 820 5020 usui
872 4964 1148 5021 sufﬁciens
1191 4965 1499 5036 pluviarum
1541 4966 1721 5036 copia,
1755 4966 1850 5021 sed
1878 4966 1965 5021 vix
2001 4975 2061 5020 te

2170 4983 2260 5017 ται
2287 4964 2466 5017 τοίνυν
2495 4966 2622 5036 ὑμῖν
2666 4965 2949 5036 αὐτάρκης
2987 4966 3125 5036 πρὸς
3165 4967 3265 5037 τὴν
3306 4966 3493 5036 χρείαν
3520 4966 3629 5019 τῶν
3673 4967 3758 5017 ὐε-

499 5057 626 5113 nuis
654 5056 919 5127 particula
948 5055 1073 5117 erit,
1121 5065 1184 5110 ut
1222 5056 1365 5112 alius
1412 5057 1631 5127 quidem
1677 5057 1833 5111 locus
1882 5058 2061 5112 hume-

2171 5058 2332 5121 τῶνή
2364 5057 2615 5127 χορηγία,
2639 5056 2774 5111 ἀλλά
2805 5056 2974 5128 βραχύ
3000 5074 3051 5110 τι
3081 5057 3221 5110 κατά
3251 5057 3417 5129 μέρος
3449 5058 3758 5127 γενήσεται·

498 5147 637 5203 ctari
661 5145 931 5208 videatur,
954 5146 1097 5201 alius
1121 5146 1348 5200 omnino
1374 5147 1447 5200 sit
1469 5146 1657 5200 aridus
1680 5189 1695 5212 ,
1732 5146 1865 5200 nibil
1894 5145 2061 5217 fruge:

2173 5148 2249 5210 ὼς
2279 5148 2378 5217 τὴν
2419 5147 2518 5218 μὲν
2555 5146 2729 5200 δοκεῖν
2775 5146 3082 5218 βεόρέχθαι,
3108 5147 3205 5217 τὴν
3232 5149 3289 5201 δὲ
3325 5147 3573 5211 καθάπαξ
3619 5142 3758 5199 εἶναι

494 5237 724 5306 juvante
767 5234 870 5290 hac
902 5236 1100 5305 exigua
1143 5234 1569 5290 ministratione.
1624 5233 1913 5291 Evidenter
1951 5251 2061 5290 veri

2177 5238 2347 5310 ξηράν
2368 5256 2382 5268 ·
2415 5241 2525 5299 τοῖς
2556 5242 2785 5309 καρποῖς
2817 5238 2872 5291 δὲ
2906 5238 3097 5306 ὄφελος
3126 5240 3191 5291 ἐκ
3204 5238 3305 5307 τῆς
3343 5237 3592 5309 Βραχείας
3625 5254 3758 5289 κατ-

505 5328 774 5384 defectum
806 5326 1063 5382 imbrium
1087 5325 1352 5397 depinxit,
1377 5326 1506 5381 dum
1529 5326 1606 5380 ait
1633 5326 1884 5382 civitates
1910 5327 2061 5381 simu?

2181 5328 2405 5397 αγωγῆς
2452 5328 2839 5398 προσγίνεσθαι
2878 5330 3045 5401 μηδέν
3068 5349 3081 5360 ο
3115 5330 3347 5401 μάλιστα
3384 5331 3438 5385 δὲ
3467 5330 3634 5395 ἔδειξε
3663 5331 3761 5397 τὴν

504 5418 639 5476 dias
691 5419 777 5474 vel
826 5425 941 5473 tres
982 5418 1266 5473 turmatim
1321 5418 1567 5474 abituras
1617 5419 1673 5473 in
1740 5420 1938 5484 locum,
1982 5420 2061 5473 ubi

2182 5419 2445 5490 ἀϐροχίαν
2476 5419 2554 5491 τῷ
2586 5422 2782 5487 εἰπεῖν,
2822 5422 2902 5475 ὅτι
2934 5423 3028 5477 καὶ
3072 5423 3254 5488 πόλεις
3289 5424 3383 5477 ἐπὶ
3406 5424 3464 5476 τὸ
3497 5423 3630 5478 αὐτὸ
3669 5422 3763 5477 δύο

514 5572 522 5665 ἶ
575 5595 620 5627 δ’
652 5593 796 5650 Psal.
816 5610 945 5657 LVII,
977 5594 1029 5650 7.

514 5832 525 5861 θ
576 5766 689 5843 (‘27)
717 5771 851 5827 Cod.
889 5773 1423 5845 συναθροισθήσεται.
