3954 6510
219 360 327 416 εσυ

1240 354 1801 410 COMMENTARH'S
1852 354 1915 408 IN
1959 352 2163 407 AMOSI
2201 351 2351 407 CAP.
2395 351 2482 405 IV.

3354 351 3457 404 970

221 493 280 526 τε
323 473 420 525 καὶ
454 476 599 542 τρεῖς
650 472 900 532 πολλάκις
947 470 1234 538 γενόμεναι
1277 470 1662 522 ἀπελεύσονται
1713 471 1792 530 εἰς

1910 482 2090 535 aquam
2151 466 2376 518 inveniri
2425 465 2747 532 didicerint;
2811 481 2986 535 neque
3039 474 3300 533 quantum
3358 468 3460 520 sibi

222 569 386 618 τόπον
412 567 469 617 ἐν
492 559 645 633 ᾧπερ
673 564 883 634 μάθωσι
908 561 1255 632 εὑρίσκεσθαί
1282 579 1396 624 πως
1425 560 1587 631 ὕδωρ,
1615 561 1675 613 ού
1697 560 1796 629 τὴν

227 656 415 726 χρείαν
447 654 662 706 ἃπασαν
709 653 815 705 οὐδ’
847 650 988 703 οὕτω
1030 650 1397 720 κομιζόμενοι,
1446 649 1703 720 βραχείας
1737 649 1794 702 δέ

225 764 369 808 τινος
401 745 754 815 ψυχαγωγίας
805 740 1164 804 ἀπολαύοντες
1211 740 1436 794 ἐκεῖθεν.
1493 739 1628 792 Ἀλλ’
1677 739 1797 792 οὐδὲ

226 841 292 890 ἐκ
333 837 537 890 τούτων
582 835 768 888 ἔσεσθε
798 835 1025 895 ἑαυτῶν,
1071 834 1226 904 φησὶ,
1280 833 1534 903 βελτίους.
1570 852 1590 884 ‹
1633 833 1796 886 Ἐπά-

175 969 183 996 .
223 930 364 994 ταξα
406 929 548 997 ὑμᾶς
581 929 638 978 ἐν
680 924 921 997 πυρώσει
949 926 1042 978 καὶ
1083 928 1140 978 ἐν
1177 925 1392 995 ἰκτέρῳ,
1424 926 1519 978 καὶ
1565 923 1798 993 ἐπληθύ-

225 1039 355 1073 νατε
382 1020 473 1072 τοῦ
501 1019 788 1088 ἀσεϐῆσαι.
826 1036 844 1070 ι
880 1017 1073 1080 Nocet;
1105 1019 1247 1088 ὑμᾶς
1269 1017 1590 1088 περιέϐαλον
1622 1016 1800 1070 ποικί-

226 1115 372 1178 λαις,
403 1115 554 1182 ὑμεῖς
598 1112 652 1164 δέ
679 1110 978 1163 ἐπετείνετε
1010 1109 1108 1180 τὴν
1141 1109 1410 1163 ἀσέϐειαν.
1451 1129 1467 1159 ι
1497 1108 1603 1171 Οὓς
1632 1108 1796 1177 ἐπλη-

227 1206 425 1258 θύνατε
482 1205 689 1274 κήπους
747 1201 901 1272 ὑμῶν
955 1201 1050 1255 καὶ
1115 1201 1436 1271 ἀμπελῶνας
1496 1200 1648 1269 ὑμῶν
1706 1201 1800 1253 καὶ

230 1299 476 1359 συκῶνας
497 1297 646 1366 ὑμῶν
663 1297 754 1348 καὶ
779 1295 1010 1357 ἐλεῶνας
1029 1294 1058 1345 ὑ
1067 1294 1180 1364 μῶν
1200 1293 1505 1360 κατέφαγεν
1526 1295 1558 1362 ἡ
1583 1293 1796 1363 κάμπηο

227 1390 324 1440 καὶ
351 1389 461 1440 οὐδ’
489 1388 660 1446 οὕτως
680 1383 1047 1454 ἐπεστρέψατε
1074 1384 1209 1453 πρός
1235 1401 1321 1453 με,
1346 1383 1495 1449 λέγει
1521 1381 1742 1454 Κύριος.
1776 1402 1794 1434 ι

230 1480 449 1540 Πάντας
483 1477 634 1546 ὑμῶν
658 1477 896 1546 ἠφάνισα
929 1477 994 1545 τῇ
1025 1475 1217 1546 κάμπη
1245 1475 1370 1536 τοὺς
1402 1473 1676 1544 καρπούςο
1709 1491 1801 1544 με-

231 1573 508 1640 μενήκατε
546 1569 600 1622 δέ
632 1570 680 1620 οἱ
711 1568 861 1620 αὐτοὶ
889 1567 982 1619 καὶ
1011 1565 1203 1628 οὕτως.
1244 1585 1262 1616 ι
1313 1564 1696 1630 Ἐξαπέστειλα
1719 1566 1800 1628 εἰς

229 1665 380 1732 ὑμᾶς
429 1661 654 1714 θάνατον
701 1660 758 1712 ἐν
801 1658 906 1728 ὁδῷ
950 1657 1245 1726 Αἰγύπτου,
1281 1657 1375 1709 καὶ
1419 1657 1716 1709 ἀπέκτεινα
1744 1658 1801 1708 ἐν

231 1750 480 1821 ῥομφαίᾳ
524 1749 647 1812 τοὺς
696 1747 1009 1808 νεανίσκους
1044 1745 1197 1814 ὑμῶν
1251 1743 1384 1814 μετά
1431 1741 1802 1813 αἰχμαλωσίας

1900 559 2019 610 usui
2069 558 2205 610 foret
2238 557 2388 610 illinc
2423 566 2814 626 reportatnras,
2850 559 3010 612 breve
3058 559 3168 612 illic
3219 560 3463 614 solamen

1896 659 2169 719 expertas.
2235 648 2422 720 Neque
2487 665 2586 704 vos
2651 650 2858 705 idcirco
2922 651 3176 707 meliores
3236 652 3461 705 fiemini.

1904 761 1921 792 ι
1961 741 2217 796 Percussi
2259 757 2356 795 vos
2401 742 2593 797 ardore
2638 751 2690 796 et
2739 745 3022 812 aurugine,
3055 753 3108 798 et
3132 745 3466 813 impietatem

1899 844 2134 888 vestram
2170 835 2594 903 multiplicastis.
2642 854 2660 886 ι
2697 833 2876 888 Variis
2924 850 3021 887 vos
3053 836 3319 889 mortibus
3368 837 3468 888 im.

1899 925 2083 994 plicui,
2119 940 2214 980 vos
2251 939 2380 979 vero
2425 924 2752 993 impietatem
2802 926 3052 981 auxistis.
3093 943 3112 977 ι
3141 926 3296 993 Quos
3324 928 3466 980 mul-

1900 1017 2186 1086 tiplicastis
2241 1016 2433 1071 hortos
2487 1024 2719 1081 vestros,
2775 1024 2830 1071 et
2886 1015 3072 1072 vineas
3131 1028 3361 1084 vestras.
3412 1029 3468 1075 et

1901 1109 2055 1164 ficeta
2081 1117 2284 1171 vestra.
2317 1117 2371 1163 et
2397 1109 2592 1164 oliveta
2621 1119 2823 1174 vestra,
2865 1108 3146 1163 devoravit
3182 1126 3376 1179 eruca;
3414 1123 3468 1167 et

1901 1217 1969 1255 ne
1991 1201 2070 1254 sic
2099 1201 2254 1270 113
2284 1201 2502 1269 quidem
2533 1201 2736 1256 reversi
2781 1201 2915 1255 estis
2950 1202 3014 1256 ad
3052 1218 3156 1266 me,
3201 1203 3334 1256 dicit
3363 1203 3470 1258 Do-

1903 1291 2099 1344 minus.
2141 1309 2158 1341 ›
2189 1288 2422 1344 Fructus
2451 1305 2551 1360 ego
2590 1305 2779 1344 omnes
2814 1301 3024 1344 vestros
3061 1306 3223 1345 eruca
3255 1293 3470 1347 absum-

1903 1380 2024 1448 psi;
2058 1395 2154 1433 vos
2187 1387 2369 1434 tamen
2410 1381 2572 1435 iidem
2608 1383 2699 1450 qui
2757 1391 2913 1436 antea
2961 1383 3263 1438 mansiStis.
3301 1403 3320 1433 ι
3363 1387 3470 1438 lm-

1905 1472 2027 1526 misi
2055 1472 2210 1526 vobis
2241 1482 2467 1526 mortem
2500 1473 2554 1526 in
2587 1473 2672 1526 via
2707 1472 2948 1544 Egypti,
2979 1475 3265 1544 occidiqne
3291 1477 3471 1545 gladio

1899 1563 2128 1633 juvenes
2167 1572 2402 1626 vestros.
2453 1579 2576 1618 eum
2627 1580 2889 1634 equorum
2923 1579 3224 1621 vestrorum
3252 1572 3473 1640 captivi-

1903 1661 2044 1718 tate;
2090 1661 2145 1707 et
2195 1653 2412 1707 traduxi
2460 1654 2639 1723 ignem
2697 1671 2794 1726 per
2825 1666 3005 1710 castra
3052 1669 3228 1714 vestra
3285 1662 3338 1714 in
3390 1662 3468 1714 ira

1903 1761 2058 1808 mea;
2091 1753 2146 1800 et
2180 1761 2247 1800 ne
2280 1746 2360 1800 sic
2383 1746 2600 1816 quidem
2653 1750 2854 1804 reversi
2903 1751 3035 1806 estis
3088 1752 3152 1806 ad
3205 1769 3310 1816 me,
3339 1756 3472 1809 dicit

229 1844 418 1895 ἵππων
451 1858 545 1893 σου
567 1859 580 1870 ο
610 1840 685 1908 (p.
723 1839 844 1905 171)
876 1836 968 1890 καὶ
996 1836 1267 1905 ἀνήγαγον
1301 1836 1358 1886 ἐν
1390 1835 1521 1904 πυρὶ
1545 1833 1644 1895 τὰς
1671 1850 1806 1904 παρ-

1914 1837 2191 1892 Dominus.
2232 1857 2249 1889 »
2286 1837 2550 1908 Profugos
2576 1854 2672 1894 vos
2704 1841 2771 1896 ad
2806 1840 3095 1912 rEgyptum
3125 1860 3222 1913 spe
3255 1847 3470 1909 salutis,

243 1934 486 2004 εμϐολάς
511 1931 662 2002 ὑμῶν
699 1932 756 1983 ἐν
783 1933 848 2000 τῇ
901 1930 1037 2000 ὀργῇ
1075 1945 1196 1998 μου,
1227 1925 1319 1980 καὶ
1359 1926 1468 1979 οὐδ’
1512 1924 1684 1988 οὕτως
1717 1927 1812 1977 ἐπι

231 2025 536 2096 εσῐρέψατε
563 2021 699 2092 πρός
719 2039 807 2090 με,
836 2020 984 2087 λέγει
1010 2020 1232 2092 Κύριος.
1268 2039 1285 2070 ι
1326 2018 1432 2070 Καὶ
1469 2034 1811 2085 καταπεφευ-

228 2120 400 2185 γότας
431 2116 489 2168 δέ
529 2116 672 2184 ὑμᾶς
711 2113 802 2166 ἐπὶ
843 2111 940 2181 τὴν
980 2112 1252 2178 Αἴγυπτον
1292 2109 1464 2162 ἐλπίδι
1505 2102 1798 2177 σωτηρίας,

227 2208 424 2262 αὐτόθι
467 2206 743 2277 περιϐαλῶ
776 2204 1022 2266 θανάτοις
1059 2220 1117 2256 τε
1161 2202 1253 2256 καὶ
1291 2204 1550 2270 σφαγαῖς·
1598 2201 1676 2253 ἔτι
1711 2201 1806 2254 καὶ

227 2303 361 2365 τοὺς
407 2296 969 2369 περιλιμπανομένους
1015 2295 1073 2360 ἐξ
1119 2293 1271 2364 ὑμῶν
1318 2293 1454 2361 μετὰ
1487 2293 1702 2345 πάντων
1740 2292 1803 2360 δὴ

1910 1925 2017 1979 illic
2053 1927 2318 1982 mortibus
2359 1929 2707 1998 aedibusque
2751 1932 3040 2000 implicabo
3081 1955 3093 1988 :
3139 1931 3472 2006 insuperque

1910 2019 2150 2087 reliquos
2180 2034 2371 2074 omnes
2404 2032 2468 2073 ex
2497 2021 2647 2076 vobis
2676 2036 2800 2076 cum
2828 2025 2974 2078 omni
3005 2041 3061 2080 re
3090 2043 3187 2081 sua
3222 2028 3472 2084 familiari

1923 2112 1976 2163 in
2002 2111 2366 2180 captivitatem
2418 2111 2763 2168 abducendos
2793 2117 2996 2169 curabo
3029 2134 3044 2171 :
3082 2129 3313 2172 vestram
3356 2136 3475 2173 om-

1915 2216 2040 2255 nem
2063 2202 2461 2256 multitudinem
2483 2203 2604 2273 igne
2631 2205 2792 2258 veluti
2815 2223 3166 2272 consumens.
3183 2227 3281 2279 per
3307 2212 3475 2265 hosti-

1907 2293 2010 2347 lem
2039 2294 2494 2361 persecutionem.
2520 2292 2583 2348 Et
2607 2311 2673 2350 ne
2703 2307 2832 2350 tunc
2861 2299 3077 2368 quidem
3112 2304 3469 2372 resipiseetis.

225 2392 340 2444 τῶν
375 2390 679 2462 προσόντων
709 2387 889 2448 αὐτοῖς
916 2385 995 2446 εἰς
1027 2383 1400 2454 αἰχμαλωσίαν
1431 2385 1658 2450 ἀπάγων
1679 2397 1692 2410 ο
1734 2383 1877 2435 ἅπαν
1911 2399 1969 2434 τε
2009 2382 2162 2453 ὑμῶν
2200 2383 2260 2435 τὸ
2293 2383 2493 2446 πλῆθος
2520 2383 2708 2457 ὥσπερ
2753 2389 2857 2441 τινὶ
2897 2391 3029 2459 πυρὶ
3069 2394 3475 2449 καταναλίσκων

225 2487 294 2555 τῇ
324 2483 417 2537 διὰ
452 2482 560 2534 τῶν
587 2477 858 2548 πολεμίοιν
884 2477 1012 2546 ύμῖν
1052 2476 1364 2546 ἐπαγομένη
1396 2475 1636 2546 τιμωρίᾳ
1655 2490 1668 2503 ·
1714 2476 2068 2545 μετανοήσετε
2095 2474 2153 2527 δὲ
2181 2475 2301 2527 ούδέ
2321 2475 2462 2529 τότε.

303 2577 458 2643 Στίχ.
488 2579 672 2639 ια’-ιγ’.
703 2602 772 2610 -
808 2589 826 2621 ι
869 2569 1226 2641 Κατέστρεψα
1257 2569 1401 2636 ὑμᾶς
1434 2567 1616 2629 καθὼς
1677 2584 1803 2619 κατ-

227 2667 495 2738 έστρεψεν
525 2667 552 2717 6
589 2663 720 2726 Θεὸς
766 2663 973 2732 Σόδομα
992 2661 1085 2714 καὶ
1108 2661 1359 2731 Γόμορρα
1382 2677 1394 2689 ·
1437 2660 1530 2712 καὶ
1562 2657 1810 2727 ἐγένεσθε

227 2761 308 2822 ὡς
347 2758 503 2820 δαλὸς
551 2753 951 2824 ἐξεσπασμένος
991 2755 1056 2806 ἐκ
1099 2752 1298 2822 πυρός·
1345 2750 1440 2804 καί⁹
1489 2751 1598 2802 οὐδ’
1639 2751 1810 2813 οὕτως

228 2848 604 2920 ἐπεστρέψατε
633 2847 768 2916 πρός
800 2863 888 2916 με,
917 2845 1067 2910 λέγει
1104 2842 1325 2912 Κύριος.
1358 2863 1373 2894 ι
1411 2843 1485 2895 T6
1507 2843 1811 2895 τελευταῖον

226 2942 482 3011 παντελῆ
509 2941 606 3010 τὴν
638 2939 872 3010 ἐρημίαν
920 2939 1048 3007 ὑμῖν
1087 2937 1364 3006 ἐπήγαγον
1415 2933 1810 3006 παραπλησίως

227 3035 492 3104 Σοδόμοις
521 3049 580 3085 τε
614 3033 707 3084 καὶ
747 3031 1074 3101 Γομόρῤοιςο
1107 3028 1246 3080 ὥστε
1280 3027 1424 3096 ὑμᾶς
1466 3026 1620 3095 δίκην
1652 3024 1808 3078 δαλοῦ

229 3123 754 3192 καταπεφλεγμένου
786 3119 1141 3190 πεπυρῶσθαί
1163 3136 1220 3171 τε
1255 3118 1347 3171 καὶ
1389 3117 1810 3187 περιϐεϐλῆσθαι

227 3219 348 3279 τοῖς
394 3214 676 3284 ἐπαχθεῖσι
718 3215 904 3274 κακοίς
928 3227 941 3239 ·
984 3210 1097 3264 ἀλλ’
1125 3211 1244 3263 ούδέ
1272 3211 1336 3262 ἐκ
1371 3207 1574 3261 τούτων
1599 3224 1810 3284 σωφρο-

227 3308 430 3377 νισμόν
467 3323 586 3358 τινα
630 3302 915 3373 δεδύνησθε
951 3301 1229 3366 δέξασθαι.
1260 3299 1508 3355 Τοσαῦτα
1550 3297 1808 3368 εἰρηκὼς,

226 3392 307 3453 ὧν
347 3397 690 3466 ἐπαχθέντων
717 3395 898 3457 αὐτοῖς
929 3393 989 3446 οὐ
1024 3394 1274 3462 γεγόνασι
1305 3392 1561 3461 βελτίους,
1589 3391 1805 3457 ἐπάγει·

235 3507 253 3536 ι
297 3487 400 3538 Διά
439 3484 595 3536 τοῦτο
637 3481 808 3541 οὕτως
854 3483 1063 3551 ποιήσω
1112 3495 1213 3544 σοι,
1252 3481 1492 3552 Ἰσραήλ·
1540 3479 1678 3550 πλὴν
1727 3480 1809 3531 ὅτι

227 3577 411 3639 οὕτως
454 3576 660 3644 ποιήσω
705 3590 808 3634 σοι,
849 3571 1134 3642 ἐτοιμάξου
1181 3571 1272 3623 τοῦ
1312 3569 1685 3623 ἐπικαλεῖσθαι
1719 3570 1809 3621 τὸν

227 3667 371 3720 Θεόν
406 3685 518 3727 σου,
567 3665 814 3734 Ἰσραήλ·
858 3665 990 3717 διότι
1037 3663 1142 3717 ἰδοῦ
1181 3663 1293 3730 ἐγὼ
1320 3663 1552 3732 στερεῶν
1583 3662 1810 3731 βροντὴν

227 3759 330 3812 καὶ
372 3757 570 3819 κτίζων
597 3756 832 3824 πνεῦμα,
873 3756 966 3807 καὶ
1003 3751 1357 3821 ἀπαγγέλλων
1380 3757 1458 3816 εἰς
1491 3753 1809 3822 ἀνθρώπους

225 3852 327 3904 τον
370 3848 602 3918 Χριστὸν
643 3845 855 3898 αὐτῶν·
887 3843 1056 3897 ποιῶν
1088 3844 1280 3914 ὄρθρον
1313 3844 1407 3895 καὶ
1443 3842 1690 3912 ὀμίχλην,
1718 3842 1810 3894 καὶ

226 3940 534 3996 ἐπιϐαίνων
582 3936 672 3990 ἐτή
729 3936 796 3988 τά
842 3932 955 4006 ὕψη
1003 3933 1102 4002 τῆς
1153 3934 1290 4002 γῆς’
1346 3931 1550 4003 Κύριος
1588 3933 1617 3984 6
1655 3930 1806 3992 Θεὸς,

229 4037 314 4103 (p.
350 4030 492 4099 I72)
527 4032 554 4082 6
588 4025 986 4097 Παντοκράτωρ
1016 4024 1188 4093 δνομα
1223 4019 1388 4092 αὐτῷ.
1425 4041 1443 4072 ι
1489 4021 1626 4074 Ἀλλ’
1649 4023 1696 4072 εἰ
1719 4021 1810 4073 καὶ

225 4123 471 4177 τοιοῦτοι
493 4120 752 4188 γεγὸνατε
782 4117 908 4185 περὶ
934 4115 1054 4185 ἐμὲ,
1087 4115 1198 4168 ἀλλ’
1210 4114 1391 4182 ’ἔγωγε
1425 4114 1562 4183 μετὰ
1583 4111 1678 4181 τὴν
1701 4114 1811 4164 πεῖ-

228 4235 341 4287 ραν
371 4214 480 4267 τῶν
511 4212 692 4266 κακῶν
714 4209 957 4270 ἐκείνων,
988 4207 1080 4259 ἐπὶ
1106 4206 1168 4258 τὸ
1189 4205 1434 4274 κρεῖττον
1475 4204 1809 4274 μεταστῆσαι

227 4306 602 4376 βεϐούλευμαι
633 4301 700 4354 τὰ
748 4300 871 4353 καθ’
912 4297 1075 4368 ὑμᾶς,
1112 4298 1267 4366 εἴπερ
1308 4292 1401 4348 οὖν
1449 4293 1569 4348 τότε
1602 4312 1812 4364 σωφρο-

224 4399 482 4469 νέστεροι
524 4397 588 4448 ἐκ
615 4391 722 4446 τῶν
763 4391 1029 4444 τοσούτων
1073 4389 1354 4458 γεγονότες
1395 4387 1581 4440 κακῶν
1625 4387 1812 4439 νεῦσαι

222 4492 374 4562 πρὸς
401 4489 500 4556 ἐμὲ
533 4484 873 4556 βουληθείητε
890 4500 902 4512 ο
931 4484 960 4535 6
985 4481 1093 4552 γάρ
1115 4480 1175 4533 τὸ
1196 4479 1375 4549 ἀέριον
1403 4477 1617 4547 πνεῦμα
1647 4478 1811 4548 μαλα-

222 4583 332 4636 κόν
366 4597 424 4632 τε
451 4579 513 4631 ὃν
539 4578 631 4629 καὶ
659 4573 1031 4644 διαλελυμένον
1055 4571 1249 4641 χαῦνόν
1272 4588 1329 4622 τε
1355 4570 1445 4623 καὶ
1470 4568 1660 4641 ἀραιὸν
1682 4586 1811 4622 παν·

1976 2564 2145 2620 Vens.
2183 2567 2365 2621 11-15.
2400 2597 2468 2607 -
2501 2584 2520 2618 ι
2563 2566 2815 2622 Subverti
2863 2585 2977 2632 vos,
3026 2572 3168 2626 sicut
3208 2577 3477 2632 subvertit

1909 2656 2052 2712 Deus
2092 2656 2326 2712 Sodoma
2380 2669 2432 2713 et
2475 2659 2800 2723 Gomorrba.
2863 2671 2916 2714 et
2959 2663 3082 2719 facti
3149 2670 3282 2722 estis
3333 2671 3476 2725 sicut

1908 2748 2074 2803 torris
2107 2758 2297 2805 erutus
2332 2749 2398 2803 de
2427 2752 2550 2819 igne
2596 2768 2613 2819 ;
2647 2760 2701 2805 et
2735 2768 2802 2807 ne
2833 2755 2911 2806 sic
2955 2756 3172 2824 quidem
3223 2764 3473 2817 conversi

1906 2840 2042 2894 estis
2075 2839 2140 2893 ad
2176 2855 2282 2902 me.
2317 2841 2449 2894 dicit
2485 2840 2768 2897 Dominus.
2810 2865 2828 2895 ι
2859 2843 3140 2902 Postremo
3168 2851 3473 2918 generalem

1909 2931 2063 2986 vobis
2092 2932 2397 2986 vastitatem
2427 2933 2581 2987 intuli
2603 2949 2757 3002 mque
2791 2950 2856 2989 ac
2883 2936 3139 2993 Sodomis
3161 2947 3214 2995 et
3245 2939 3477 2998 Gomor-

1910 3022 2062 3084 rbis;
2112 3020 2323 3091 fecique
2354 3038 2473 3086 vos.
2509 3025 2673 3078 torris
2726 3026 2901 3080 instar
2933 3028 3193 3096 ardentis,
3228 3030 3477 3090 molestis

1911 3111 2170 3177 implicari
2200 3119 2253 3164 et
2304 3112 2457 3165 exuri
2482 3112 2913 3181 calamitatibus;
2948 3116 3040 3171 sed
3087 3135 3262 3189 neque
3288 3121 3360 3178 ab
3390 3125 3476 3181 liis

1908 3200 2343 3254 emendationem
2390 3201 2627 3271 aliquam
2711 3204 2968 3272 potuistis
3042 3212 3309 3280 accipere.
3381 3213 3476 3270 His

1911 3290 2108 3354 dictis,
2144 3292 2286 3361 quod
2324 3309 2517 3360 nempe
2569 3294 2639 3346 ob
2670 3309 2767 3349 eos
2797 3311 2978 3359 casus.
3034 3313 3140 3353 non
3185 3302 3295 3356 sint
3350 3305 3475 3358 facti

1915 3384 2197 3444 meliores,
2266 3383 2465 3438 addit:
2517 3403 2535 3436 ι
2577 3386 2918 3456 QuaprOpter
2970 3389 3049 3442 sie
3113 3391 3302 3446 faciam
3355 3398 3475 3456 tibi.

1912 3475 2071 3528 Israel
2113 3494 2124 3524 :
2156 3485 2440 3544 postquam
2470 3476 2551 3531 sic
2574 3477 2754 3532 fecero
2784 3479 2900 3538 tibi.
2950 3494 3191 3549 praepara
3225 3492 3276 3539 te
3302 3495 3358 3537 ut
3390 3488 3474 3540 in-

1910 3580 2071 3620 vm-es
2105 3564 2268 3619 Deum
2309 3575 2483 3628 tuum.
2547 3567 2731 3644 Israel.
2767 3568 2902 3633 Quia
2944 3584 3069 3625 ecce
3103 3589 3202 3642 ego
3253 3577 3478 3632 firmans

1910 3658 2232 3722 tonitruum.
2257 3666 2310 3712 et
2333 3673 2525 3713 creans
2551 3659 2825 3728 spiritum,
2852 3671 2904 3714 et
2938 3665 3270 3728 annuntians
3303 3667 3478 3719 homi-

1912 3750 2070 3803 nibus
2103 3748 2379 3805 Christum
2404 3765 2590 3804 eorum
2626 3771 2638 3804 :
2669 3752 2873 3806 faciens
2916 3769 3072 3808 mane
3109 3764 3162 3810 et
3199 3757 3475 3820 nebulam,

1909 3852 1962 3895 et
1995 3841 2248 3911 gradiens
2299 3855 2462 3912 super
2511 3845 2724 3898 excelsa
2770 3849 2952 3910 terrae,
3004 3843 3266 3902 Dominus
3312 3850 3474 3914 Deus.

1912 3949 2107 3986 nomen
2149 3934 2195 3986 ei
2231 3932 2603 4003 Omnipotens.
2644 3954 2661 3985 ι
2695 3933 2797 3988 Sed
2832 3952 3140 4004 quanquam
3186 3938 3321 3992 tales
3347 3955 3476 4008 erga

1912 4039 1997 4077 me
2026 4024 2228 4085 fuistis,
2260 4039 2360 4092 ego
2393 4032 2572 4078 tamen
2620 4034 2905 4095 postquam
2970 4030 3060 4079 illa
3095 4025 3232 4081 mala
3265 4033 3474 4098 experti

1913 4114 2145 4174 fueritis.
2180 4129 2266 4168 res
2297 4123 2505 4170 vestras
2533 4115 2584 4168 ln
2615 4117 2888 4170 meliorem
2930 4127 3129 4170 statum
3160 4127 3477 4173 convertere

1911 4205 2110 4272 cogito.
2165 4203 2222 4257 Si
2270 4219 2400 4275 ergo
2441 4204 2801 4260 modestiores
2855 4208 2922 4262 ab
2953 4209 3036 4263 bis
3067 4211 3224 4264 malis
3272 4208 3472 4272 ell'eeti.

1912 4298 2186 4365 respicere
2248 4297 2314 4350 ad
2346 4313 2430 4350 me
2482 4295 2794 4363 volueritis;
2844 4299 2984 4353 sicut
3033 4301 3211 4354 aerius
3251 4303 3476 4370 spiritus

1914 4403 2036 4439 cum
2065 4388 2137 4440 sit
2173 4388 2350 4441 mollis
2380 4396 2429 4439 et
2462 4389 2756 4447 resolutus.
2781 4389 2910 4444 levis
2951 4407 3211 4461 rarasque
3233 4395 3474 4454 omnino.

1914 4478 2267 4532 nihilominus
2307 4478 2443 4531 adeo
2487 4479 2540 4532 in
2597 4480 2864 4534 turbinem
2899 4483 3143 4536 convolvi
3177 4493 3373 4552 potest,
3420 4496 3478 4539 ut

1912 4570 2092 4624 editus
2147 4569 2295 4622 illinc
2325 4570 2550 4622 tonitrui
2589 4569 2770 4639 fragor
2801 4579 2956 4624 terra?
2985 4572 3176 4627 incolis
3206 4572 3298 4626 fiat
3333 4574 3476 4626 into-

219 4669 407 4731 τελῶς
441 4667 533 4719 ἐπὶ
560 4662 810 4718 τοσοῦτον
842 4663 1160 4734 συστρέφειν
1188 4662 1503 4730 δυνάμενος,
1533 4660 1672 4713 ὥστε
1717 4661 1806 4713 καὶ

1918 4661 2192 4727 Ierabilis;
2227 4660 2386 4732 114
2429 4662 2500 4714 ita
2553 4663 2714 4716 etiam
2751 4677 2848 4732 ego
2893 4665 3182 4716 maximam
3233 4662 3288 4717 in
3319 4665 3476 4721 vobis

219 4759 328 4816 τὶν
361 4759 569 4812 ἐκεῖθεν
610 4751 1037 4824 ἀποτελούμενον
1076 4752 1278 4805 κτύπον
1314 4751 1410 4821 τῆς
1461 4747 1685 4821 βροντῆς
1718 4753 1806 4804 ἀν-

227 4853 502 4904 ύποιστον
528 4841 662 4899 εἶναι
689 4847 799 4908 τοῖς
825 4845 964 4897 κατά
990 4844 1113 4912 γῆν,
1141 4845 1168 4896 6
1184 4842 1341 4904 αὐτὸς
1365 4843 1422 4894 δέ
1449 4843 1540 4894 καὶ
1555 4842 1662 4894 τῶν
1692 4842 1810 4894 καθ’

225 4945 390 5013 ὑμᾶς
427 4939 725 5010 μεταϐολὴν
758 4936 1061 5006 ἐργάσομαι
1097 4934 1374 5004 πλείστην,
1419 4935 1482 4985 ἐκ
1527 4933 1634 4985 τῶν
1663 4932 1809 4985 ἀνελο

223 5035 454 5086 πίστων
500 5030 626 5099 ὑμῖν
669 5026 941 5097 σωτηρίαν
990 5024 1260 5093 ἐκφαίνων
1300 5023 1559 5092 μεγίστην
1584 5040 1596 5052 ’
1623 5022 1811 5092 μηνύω

219 5125 292 5177 τέ
327 5139 413 5174 σοι
437 5121 617 5191 Κύρον
651 5119 741 5170 τὸν
775 5116 997 5187 Περσῶν
1018 5114 1256 5184 βασιλέα,
1285 5113 1343 5176 ὃς
1372 5113 1497 5184 παρ’
1521 5113 1655 5182 ἐμοῦ
1686 5131 1816 5184 προ.

217 5211 648 5283 χειρισθήσεται
677 5209 768 5261 ἐπὶ
793 5207 970 5266 τοῦτο,
1005 5204 1081 5267 ὠς
1119 5203 1185 5256 ἂν
1216 5203 1480 5254 πλείστων
1506 5202 1644 5254 ὅσων
1679 5218 1815 5272 κρα-

1914 4753 2324 4807 conversionem
2387 4767 2566 4806 rerum
2627 4751 2938 4814 faciam,ex
2992 4754 3269 4822 insperato
3297 4756 3472 4808 maxi-

1913 4861 2060 4897 mam
2089 4845 2243 4898 vobis
2273 4845 2502 4900 salutem
2538 4853 2839 4900 ostcntans.
2869 4844 3136 4899 Denuntio
3166 4847 3346 4916 itaque
3374 4849 3471 4901 tibi

1911 4937 2108 5005 Cyrum
2145 4936 2432 4991 Persarum
2463 4952 2662 5007 regem,
2695 4938 2786 5005 qui
2820 4953 2848 4988 a
2883 4937 3193 4991 meidcirco
3215 4939 3467 5006 eligetur.

1913 5037 1992 5092 ut.
2028 5028 2265 5080 maximo
2315 5027 2542 5096 imperio
2600 5028 2822 5095 potitus.
2861 5027 3017 5080 finem
3077 5028 3235 5081 malis
3279 5029 3475 5082 vestris

1913 5120 2174 5188 imponat.
2208 5127 2263 5173 et
2308 5119 2540 5173 reditum
2573 5120 2625 5173 in
2659 5120 2874 5189 propria
2915 5119 3157 5188 imperet.
3209 5117 3341 5172 Nam
3381 5122 3475 5186 qui

1915 5225 2073 5263 mane
2113 5208 2253 5262 facio
2279 5207 2346 5262 de
2381 5211 2642 5265 tenebris.
2683 5218 2737 5262 et
2774 5210 3022 5262 nebulam
3069 5209 3292 5261 conﬂari
3333 5209 3476 5266 sino.

213 5307 296 5372 τή
309 5321 435 5364 σας,
468 5299 678 5353 λύσειέν
715 5316 773 5351 τε
799 5300 928 5368 ύμῖν
960 5297 1028 5349 τὰ
1060 5295 1355 5365 κατέχοντα
1389 5293 1553 5355 κακά,
1596 5293 1690 5344 καὶ
1717 5295 1815 5370 ἐπέ

216 5392 483 5446 ἀνελθεῖν
528 5390 831 5442 κελεύσειεν
870 5388 949 5450 εἰς
983 5386 1051 5438 τὰ
1077 5388 1276 5438 οἰκεῖα·
1307 5385 1335 5435 6
1358 5383 1463 5452 γὰρ
1507 5383 1596 5436 τὸν
1620 5382 1814 5453 ὄρθρον

214 5482 606 5552 ἐργαζόμενος
638 5481 700 5532 ἐκ
731 5479 972 5540 σκότους,
1002 5477 1096 5529 καὶ⁹
1122 5476 1348 5545 ὁμίχλην
1377 5474 1724 5527 συνίστασθαί
1754 5492 1813 5527 τε

214 5577 369 5638 ἐῶν,
401 5576 494 5627 καὶ
527 5573 632 5626 ὑπὸ
662 5575 780 5634 ταῖς
821 5571 1100 5634 ἀνατολαῖς
1146 5569 1378 5623 διαλύων
1415 5569 1509 5622 τοῦ
1548 5568 1718 5638 ἡλίου,
1761 5569 1818 5618 ἐν

219 5667 366 5735 ὕψει
397 5684 454 5718 τε
486 5666 581 5719 καὶ
623 5665 877 5735 ὑπεράνω
911 5663 1138 5716 πάντοτε
1185 5662 1465 5731 τυγχάνων
1503 5663 1601 5730 τῆς
1641 5659 1763 5729 γῆς,
1792 5662 1820 5712 6

219 5759 400 5814 αὐτὸς
429 5758 668 5813 διαλύσω
705 5757 799 5828 μὲν
843 5754 969 5826 ὑμῖν
999 5754 1184 5824 ὥσπερ
1224 5771 1276 5805 τι
1319 5754 1506 5815 σκότος
1537 5752 1633 5814 τὰς
1673 5769 1809 5822 συμ-

1911 5315 2072 5368 qtunn
2100 5307 2222 5352 ortu
2248 5300 2379 5354 solis
2411 5298 2638 5367 dissipo.
2662 5299 3019 5367 sublimisque
3061 5299 3283 5351 omnino
3314 5314 3478 5366 supra

1912 5398 2115 5442 terram
2153 5389 2389 5450 resideo.
2427 5389 2566 5442 idem
2613 5405 2713 5458 ego
2747 5397 2956 5444 vestras
3004 5403 3274 5442 aerumnas
3321 5390 3476 5458 quasi

1913 5481 2167 5534 tenebras
2192 5479 2454 5548 quasdam
2480 5480 2773 5536 dissolvam
2795 5524 2810 5546 ,
2843 5489 2898 5536 et
2936 5481 3091 5549 quasi
3133 5480 3307 5542 (lieni,
3352 5495 3482 5549 pro-

1916 5571 2191 5638 speritatis
2219 5571 2552 5640 voluptatem
2581 5571 2774 5624 faciam
2807 5572 3144 5632 illucescere.
3166 5579 3220 5624 et
3247 5573 3481 5640 quamli-

1918 5662 2005 5714 bet
2034 5661 2190 5714 vobis
2220 5662 2506 5715 molestam
2529 5662 2847 5730 gravitatem
2871 5663 3190 5732 dispellens.
3227 5662 3328 5715 bac
3359 5677 3478 5715 mea

1921 5751 2257 5820 providentia
2316 5753 2492 5822 palam
2526 5769 2611 5809 me
2647 5754 2860 5809 cunctis
2898 5755 3231 5814 superiorem
3291 5764 3479 5810 osten-
