3860 6516
372 1910 380 1919 ι
462 1892 676 1947 lsraclis
704 1895 923 1960 cecidit,
983 1912 1092 1951 non
1128 1898 1347 1966 adjiciet
1381 1904 1615 1971 amplius
1646 1912 1705 1958 ut
1739 1915 1989 1976 resurgat
2023 1924 2037 1959 :

462 346 557 401 271
1652 348 1995 406 TIIEODORI
2038 351 2516 408 MUPSUESTENI
3591 356 3677 411 27?.

463 456 589 509 dam
618 475 629 510 :
665 472 784 511 sum
817 458 1015 512 etenim
1045 457 1315 513 Dominus
1350 457 1631 529 factorque
1658 464 1920 516 omnium.
1948 461 2033 518 Sic

2142 465 2313 535 φοράς
2340 482 2353 494 ·
2390 464 2610 533 ἐκφανῶ
2628 464 2684 518 δὲ
2715 464 2924 536 ἡμέρας
2945 464 3100 536 δίκην
3121 464 3217 535 τὴν
3247 466 3337 519 ἐπὶ
3359 467 3465 529 τοῖς
3485 467 3674 535 ἀγαθοῖς

466 548 633 617 igitur
659 564 753 617 per
800 550 1128 604 universalia
1174 551 1263 603 illa
1304 565 1334 601 a
1378 565 1437 604 sc
1492 551 1651 615 facta,
1694 556 2033 622 pra-sentiunt

2143 559 2371 627 ἡδονήν
2425 558 2604 611 πᾶσάν
2645 575 2705 610 τε
2747 558 3222 628 ἀντιπράττουσαν
3261 559 3388 628 ὑμῖν
3437 558 3675 630 βαρύτητι

467 641 619 699 fecit,
650 639 827 693 ﬁdem.
860 639 977 694 Non
1015 649 1102 695 est
1145 650 1327 695 autem
1370 642 1700 705 mirandum,
1730 645 1875 714 quod
1897 646 2033 700 chri-

2142 644 2375 712 ἀφελὼν,
2409 645 2659 710 ἐπιδείξω
2694 645 2783 700 διὰ
2804 646 2903 716 τῆς
2936 647 3065 717 περὶ
3103 647 3246 718 ὑμᾶς
3279 648 3586 723 κηδεμονίας
3602 669 3679 705 σας

465 735 608 784 slum
628 730 977 799 appellaverit
1002 731 1225 802 Cyrum;
1246 734 1689 803 quandoquidem
1720 751 1825 790 non
1849 746 2033 793 unctos

2144 737 2258 805 φῶς
2294 738 2528 806 ἐμαυτὸν
2563 739 2956 809 ὑπερκείμενον
2994 740 3102 792 τῶν
3156 740 3441 793 ἁπάντων·
3483 742 3678 814 (p.173)

464 820 862 887 tantummodo,
915 822 1007 876 sed
1050 824 1253 878 electos
1300 826 1570 893 quoslibet
1602 827 1707 881 hoc
1756 827 2033 897 indigitart

2144 828 2241 881 ἆτε
2271 828 2472 899 Κύριός
2496 847 2555 881 τε
2595 832 2687 883 καὶ
2723 830 2951 901 ποιητὴς
2995 830 3103 883 τῶν
3140 832 3394 885 ἁπάντων
3434 831 3675 903 ὑπάρχων

463 911 730 964 vocabulo
762 910 1048 980 Scriptura
1099 912 1253 967 solet.
1315 912 1475 969 Velut
1526 915 1658 969 illud
1729 934 1742 969 :
1797 933 1815 968 ι
1866 914 2033 973 Nolite

2143 919 2210 972 δι’
2240 919 2361 973 ὅλου
2407 920 2462 973 δὲ
2494 922 2557 974 ἑκ
2602 921 2710 974 τῶν
2747 922 2978 976 καθόλου
3013 924 3155 994 παρ’
3184 922 3348 976 αὐτοῦ
3383 923 3681 993 γιγνομένων

463 1010 686 1071 tangere
724 1002 963 1057 chi-istos
989 1016 1161 1066 meos,
1191 1012 1246 1058 et
1295 1006 1348 1059 in
1387 1006 1674 1077 prophetis
1708 1009 1843 1062 meis
1876 1008 2033 1064 nolite

2143 1011 2481 1066 ἐπιστώσατο
2504 1015 2573 1065 τὰ
2599 1015 2863 1085 παρόντα.
2894 1015 2969 1067 Ού
2994 1014 3304 1084 θαυμαστὸν
3338 1014 3397 1067 δὲ
3423 1016 3471 1067 εί
3497 1015 3681 1085 χριστὸν

463 1095 748 1166 malignari
778 1095 844 1148 ⁵⁸.
888 1115 905 1145 ι
943 1093 1194 1150 Christos
1241 1098 1384 1153 enim
1418 1101 1520 1153 hoc
1555 1099 1675 1153 loco
1708 1116 1817 1153 non
1848 1107 2033 1155 unctos

2141 1102 2377 1173 κέκληκε
2434 1106 2525 1158 τὸν
2572 1106 2773 1177 Κῦρον,
2812 1106 2874 1159 ού
2919 1108 3045 1170 τοὺς
3094 1106 3479 1177 κεχρισμένους
3530 1107 3680 1177 μόνον,

462 1186 614 1248 dicit,
644 1186 738 1241 sed
788 1187 966 1256 ipsum
996 1186 1392 1255 Abrahamum,
1415 1190 1507 1261 qui
1562 1191 1769 1245 electus
1798 1198 2033 1244 tantum-

2142 1196 2350 1259 πάντας
2379 1197 2437 1251 δὲ
2475 1198 2599 1261 τοὺς
2630 1198 3037 1269 ἐξειλεγμένους
3069 1200 3216 1262 ὃπως
3250 1200 3381 1254 ποτὲ
3423 1198 3582 1270 ταύτῃ
3604 1217 3676 1252 κα·

464 1280 625 1331 modo
675 1279 696 1333 ί
697 1288 869 1336 uerat.

2140 1284 2251 1339 λείν
2274 1288 2480 1353 εἰωθὼς
2512 1290 2578 1360 τῇ
2607 1293 2758 1361 φωνῇ
2786 1308 2797 1323 ·
2820 1290 2896 1355 ὡς
2922 1290 3006 1355 τὸ,
3045 1310 3063 1342 ι
3095 1290 3186 1361 Μὴ
3209 1290 3443 1344 ἅπτεσθε
3468 1291 3567 1343 τῶν
3588 1309 3683 1360 χριο

463 1372 601 1424 οτῶν
633 1389 753 1441 μου,
784 1374 875 1425 καὶ
905 1376 962 1427 ἐν
998 1379 1112 1440 τοῖς
1148 1377 1454 1449 προφήταις
1493 1393 1594 1446 μου
1626 1374 1701 1445 μὴ
1735 1372 2129 1445 πονηρεύεσθε·
2162 1394 2183 1428 ι
2210 1380 2463 1449 χριστοὺς
2491 1383 2600 1453 γὰρ
2638 1383 2870 1438 ἐνταῦθα
2902 1384 2964 1436 ού
2992 1383 3383 1455 κεχρισμένους
3419 1382 3563 1436 καλεῖ
3582 1385 3683 1447 τοὺς

460 1465 587 1535 περὶ
616 1462 705 1515 τὸν
740 1464 1007 1537 Ἀϐραὰμ,
1038 1468 1114 1533 ὡς
1141 1470 1197 1522 δὲ
1219 1468 1621 1539 ἐξειλεγμένους
1654 1468 1832 1539 μόνον.
3693 1475 3697 1479 ’

1115 1605 1267 1661 CAP.
1314 1606 1376 1659 V.

2789 1603 2946 1655 ΚΕΦ.
2990 1607 3067 1656 ε’.

533 1706 697 1763 Vens.
735 1709 786 1774 l,
818 1709 873 1765 2.
908 1742 979 1751 ——
1011 1733 1029 1764 ι
1071 1715 1268 1771 Audite
1290 1718 1515 1773 verbum
1550 1720 1715 1785 istud,
1741 1739 1899 1793 quem
1938 1738 2033 1794 ego

2211 1714 2360 1786 Στίχ.
2392 1720 2461 1780 α’,
2504 1713 2569 1784 β’.
2594 1742 2662 1753 --
2696 1730 2714 1763 ι
2762 1712 3057 1767 ’Λκούσατε
3101 1712 3193 1766 τὸν
3222 1712 3381 1783 λόγον
3413 1712 3607 1779 τοῦτον,
3634 1717 3681 1769 ὃν

461 1800 669 1853 scilicet
731 1817 954 1857 assumo
1005 1820 1172 1875 super
1226 1822 1345 1870 vos.
1395 1810 1672 1879 planctum
1742 1831 1755 1867 :
1842 1813 2033 1870 domus

2140 1805 2252 1875 ἐγὼ
2289 1804 2550 1875 λαμϐάνω
2588 1804 2673 1873 ἐφ’
2702 1804 2844 1874 ὑμᾶς
2879 1804 3108 1875 θρῆνον·
3140 1800 3288 1868 οἶκος
3329 1805 3541 1877 Ἰσραὴλ
3574 1805 3680 1857 ἔπε-

2143 1912 2264 1949 σεν’
2295 1896 2476 1948 ούκέτι
2505 1895 2580 1966 μὴ
2610 1894 2817 1966 προσθῇ
2848 1895 2940 1947 τοῦ
2964 1896 3264 1965 ἀναστῆναι
3284 1913 3298 1927 ·
3335 1896 3590 1969 παρθένος
3604 1898 3679 1951 τοῦ

2153 1987 2367 2060 Ἰσραὴλ
2404 1987 2635 2055 ἔσφαλεν
2684 1986 2775 2038 ἐπὶ
2815 1988 2913 2055 τῆς
2946 1986 3048 2055 γῆς
3078 1987 3267 2073 ἀὐτῆς
3293 2003 3307 2017 ’
3350 1988 3452 2041 οὐκ
3493 1986 3622 2041 ἐστιν
3658 1991 3680 2041 ὁ

2141 2078 2371 2132 ἀνιστῶν
2408 2079 2599 2147 αὑτήν.
2635 2095 2653 2128 ι
2683 2075 2937 2148 Μηνύσας
2965 2076 3054 2130 διά
3078 2076 3185 2130 τῶν
3221 2078 3585 2149 προκειμένων
3604 2079 3681 2148 τὴν

2139 2170 2290 2223 λύσιν
2315 2168 2423 2223 τῶν
2444 2168 2652 2232 κακῶν,
2676 2168 2889 2221 ἀπειλεῖ
2914 2168 3077 2222 πάλιν
3103 2168 3283 2234 καθὼς
3308 2170 3465 2223 εἴωθε
3503 2171 3591 2241 τὴν
3620 2188 3681 2223 τι·

2143 2261 2354 2332 μωρίαν
2379 2277 2391 2289 °
2424 2260 2512 2313 διὰ
2542 2258 2741 2330 ταύτης
2777 2260 2875 2329 μὲν
2904 2260 3083 2329 φοϐῶν
3119 2276 3178 2312 τε
3209 2261 3303 2314 καὶ
3348 2259 3679 2333 σωφρονίζων,

2138 2350 2205 2403 δι’
2236 2349 2442 2403 ἐκείνου
2483 2349 2539 2401 δὲ
2577 2348 2713 2421 πρὸς
2743 2349 3028 2418 μετάνοιαν
3060 2349 3476 2422 ἐκκαλούμενος.
3505 2352 3679 2420 Θρήνον

2138 2441 2225 2513 δὴ,
2262 2443 2445 2513 φησὶν,
2477 2440 2603 2506 ἄξια
2630 2442 2699 2495 τὰ
2732 2441 2855 2495 καθ’
2895 2443 3072 2512 ὑμᾶς’
3106 2442 3435 2497 πεπτώκατε
3472 2442 3571 2514 γὰρ
3609 2441 3681 2495 διὰ

2137 2532 2234 2593 τὰς
2286 2531 2494 2593 οἰκείας
2541 2530 2881 2601 παρανομίας
2931 2530 3131 2602 πτῶμα
3180 2532 3459 2602 μέγιστον,
3506 2530 3589 2601 ἀφ’
3630 2521 3678 2581 οὗ

2142 2621 2276 2693 μηδὲ
2316 2620 2468 2674 λύσιν
2506 2621 2713 2673 ἔνεστιν
2754 2621 2972 2675 ἐλπίσαι
3004 2622 3142 2675 κατά
3164 2639 3227 2692 γε
3252 2622 3313 2677 τὸ
3348 2622 3569 2693 μέγεθος
3593 2621 3681 2673 τῶν

2140 2713 2483 2784 συμϐάντων.
2520 2735 2538 2765 ι
2572 2713 2713 2766 Διότι
2740 2713 2866 2767 τάδε
2908 2712 3055 2783 λέγει
3088 2713 3321 2786 Κύριοςο
3376 2715 3471 2768 Ἐκ
3508 2712 3680 2775 πόλεως

2137 2803 2199 2870 ἐξ
2218 2798 2287 2875 ἧς
2324 2803 2706 2875 ἐξεπορεύοντο
2744 2804 2924 2875 χίλιοι,
2956 2803 3445 2877 ὑπολειφθήσονται
3484 2805 3678 2858 ἑκατόν*

2138 2894 2235 2949 καὶ
2274 2894 2332 2961 ἐξ
2359 2889 2427 2965 ἦς
2464 2892 2847 2964 ἐξεπορεύοντο
2879 2893 3093 2959 ἑκατὸν,
3140 2894 3612 2967 ὑπολειφθήσονται
3635 2894 3680 2945 ἐν

2060 2964 2105 3023 c
2136 2986 2273 3058 αὐτῇ
2314 2964 2444 3040 δέκα
2489 2986 2567 3057 τῷ
2605 2985 2738 3057 οἴκῳ
2784 2986 3018 3057 Ἰσραήλ.
3054 3004 3075 3037 ι
3113 2986 3365 3057 Τοσαύτη
3411 2964 3516 3058 γὰρ
3555 2985 3679 3055 ὑμῶν

2136 3080 2424 3151 γενήσεται
2471 3077 2578 3132 ὑπὸ
2619 3077 2729 3131 τῶν
2761 3076 3098 3149 πολεμίων-ἠ
3131 3076 3331 3148 σφαγὴ,
3379 3078 3518 3132 ὥστε
3555 3076 3678 3148 μόλις

2140 3171 2237 3241 μὲν
2260 3170 2453 3224 ἑκατὸν
2479 3169 2587 3224 ἀπὸ
2610 3168 2819 3240 χιλίων,
2854 3169 3005 3240 μόλις
3032 3168 3089 3222 δὲ
3116 3168 3248 3222 δέκα
3285 3169 3345 3234 ἐξ
3375 3169 3560 3224 ἑκατὸν
3582 3167 3680 3221 καθ’

2136 3260 2372 3331 ἑκάστην
2421 3265 2496 3330 (p.
2542 3261 2666 3329 174)
2730 3260 3075 3331 εὑρίσκεσθαι
3127 3260 3302 3313 πόλιν.
3338 3279 3359 3311 ι
3398 3262 3538 3314 Διότι
3578 3260 3680 3312 τάδε

2136 3350 2283 3419 λέγει
2326 3352 2530 3421 Κύριος
2558 3348 2694 3422 πρὸς
2724 3349 2817 3404 τὸν
2856 3345 3002 3403 οἷκον
3052 3348 3296 3421 Ἰσραήλο
3340 3347 3679 3422 Ἐκζητήσατέ

2139 3459 2228 3510 με,
2257 3442 2352 3495 καὶ
2385 3440 2615 3513 ζήσεσθε
2639 3459 2652 3470 ·
2690 3442 2783 3494 καὶ
2816 3440 2889 3513 μὴ
2925 3439 3203 3510 ὲκζητεῖτε
3245 3441 3472 3514 Βαιθὴλ,
3507 3443 3590 3496 καὶ
3617 3443 3679 3503 εἰς

2136 3534 2385 3603 Γάλγαλα
2410 3535 2484 3605 μὴ
2504 3534 2907 3605 εἰσπορεύεσθε,
2929 3535 3022 3588 καὶ
3044 3534 3137 3588 ἐπὶ
3154 3533 3215 3586 τὸ
3236 3534 3416 3606 φρέαρ
3436 3533 3523 3587 τοῦ
3545 3536 3679 3605 ὅρκου

2138 3626 2214 3697 μὴ
2239 3625 2583 3680 ἀναϐαίνετεο
2613 3625 2694 3678 ὅτι
2712 3623 2958 3693 Γάλγαλα
2976 3624 3349 3695 αἰχμαλωτευο
3358 3626 3490 3696 μένη
3514 3625 3679 3694 αίχμα·

2134 3716 2551 3787 λωτευθήσεται,
2578 3717 2671 3770 καὶ
2699 3716 2901 3788 Βαιθὴλ
2928 3716 3077 3771 ἔσται
3102 3717 3176 3780 ὡς
3196 3716 3294 3787 ούχ
3319 3716 3637 3789 ὑπάρχουσα.
3658 3732 3674 3764 i

2134 3808 2491 3879 Συμὸουλεύω
2519 3808 2698 3861 τοίνυν
2720 3808 2848 3879 ὑμῖν
2881 3808 3009 3862 ἰδεῖν
3038 3808 3137 3879 μὲν
3164 3808 3299 3878 πρὸς
3328 3809 3352 3859 ὲ
3362 3810 3450 3878 μὲ,
3473 3806 3678 3874 ἀποστῆο

2134 3917 2220 3953 ναι
2260 3900 2316 3953 δὲ
2356 3898 2559 3969 Βαιθήλ
2590 3915 2651 3950 τε
2674 3900 2768 3952 καὶ⁸
2793 3897 3083 3967 Γαλγάλων
3105 3899 3197 3951 καὶ
3230 3898 3326 3952 τοῦ
3357 3900 3579 3971 φρέατος
3601 3896 3677 3949 τοῦ

2132 3990 2320 4063 ὅρκου,
2356 3990 2417 4044 ἐν
2441 3986 2634 4058 οἷσπερ
2672 3988 2995 4059 συντρέχετε
3028 3987 3144 4051 νῦν,
3175 3988 3369 4044 εἴδωλὰ
3390 4008 3447 4043 τε
3475 3990 3562 4045 καὶ
3583 3988 3676 4043 δαί·

463 1985 612 2052 virgo
647 1981 863 2037 lsraclis
892 1984 1135 2054 projecta
1160 1996 1243 2063 est
1273 1988 1327 2041 in
1352 1996 1553 2043 terram
1584 2007 1765 2057 suam,
1797 2010 1907 2048 non
1956 2006 2041 2050 est

459 2075 551 2142 qui
582 2074 749 2143 erigat
773 2090 915 2129 eam.
960 2095 977 2127 ι
1009 2074 1327 2147 Signiﬁcata
1362 2081 1417 2134 in
1447 2083 1880 2150 praecedentibus
1921 2101 2040 2140 ma-

462 2168 636 2220 lorum
689 2167 982 2230 solutione.
1034 2170 1275 2225 minatur
1328 2173 1527 2227 iterum
1578 2190 1729 2229 more
1751 2191 1852 2231 suo
1887 2178 2043 2248 puni-

461 2258 694 2322 tionem;
744 2260 844 2313 hac
876 2260 1096 2329 quidem
1128 2268 1341 2319 terrens
1364 2273 1418 2318 et
1443 2263 1510 2318 ad
1552 2266 1871 2323 modestiam
1898 2284 2044 2323 com-

462 2367 690 2419 ponens,
716 2351 807 2404 illa
841 2362 1020 2406 autem
1054 2354 1119 2407 ad
1157 2356 1529 2423 paenitentiam
1563 2358 1821 2414 invitans.
1859 2358 2039 2426 Fletu,

461 2443 656 2512 inquit,
709 2444 884 2513 digna:
935 2460 1022 2500 res
1078 2455 1272 2502 vestra:
1301 2457 1431 2502 sunt
1469 2466 1484 2502 :
1528 2449 1682 2519 lapsu
1711 2451 2040 2520 gravissimo

459 2544 681 2603 propter
727 2544 939 2591 vestras
997 2538 1475 2605 praevaricationes
1522 2544 1832 2608 corruistis,
1895 2544 2041 2599 unde

458 2626 801 2679 sublevatqu
842 2626 998 2697 115
1044 2629 1111 2682 iri
1136 2630 1284 2684 nulla
1324 2646 1475 2701 spes,
1518 2649 1641 2687 cum
1666 2642 1812 2691 tanta
1841 2636 1913 2691 sit
1940 2637 2041 2690 tri—

459 2717 623 2769 stium
673 2732 899 2771 casuum
935 2720 1277 2789 magnitudo.
1314 2722 1675 2793 «Propterea
1734 2726 1851 2782 hzec
1906 2726 2040 2784 dicit

461 2808 722 2862 Dominus
754 2827 770 2863 :
806 2808 883 2861 Ex
910 2825 1016 2878 qua
1048 2811 1183 2866 urbe
1219 2812 1642 2883 egrediebantur
1676 2817 1842 2883 mille,
1879 2819 2041 2875 relin—

456 2903 693 2966 quentur
718 2898 773 2951 in
825 2912 886 2953 ea
936 2896 1191 2953 centum:
1234 2912 1289 2955 ct
1336 2917 1401 2956 ex
1457 2918 1564 2973 qua
1618 2907 2038 2976 egrediebantur

458 2995 698 3051 centum,
726 2987 1105 3057 relinquentur
1130 2990 1184 3043 in
1211 3006 1272 3045 ea
1301 2991 1487 3047 decem
1518 2993 1705 3048 domui
1731 2994 1970 3053 lsraelis.
2011 3017 2029 3049 ι

459 3075 633 3130 Tanta
661 3079 803 3131 enim
862 3078 1031 3132 vestri
1080 3079 1148 3133 ab
1176 3080 1427 3137 hostibus
1452 3092 1664 3154 strages
1711 3084 1822 3149 ﬁet,
1860 3094 1920 3139 ut
1944 3087 2036 3140 vix

457 3172 672 3218 centum
708 3166 776 3219 de
814 3166 981 3230 mille,
1024 3168 1113 3221 vix
1140 3170 1326 3225 decem
1361 3172 1427 3224 de
1449 3181 1669 3227 centum
1698 3174 1751 3228 in
1786 3190 2034 3246 unaqua-

458 3270 565 3325 que
605 3254 740 3309 urbe
779 3258 1149 3326 comperiendi
1193 3260 1322 3315 sint.
1366 3279 1383 3312 ι
1428 3262 1717 3333 Propterea
1764 3266 1879 3321 lucc.
1907 3268 2037 3322 dicit

463 3346 724 3401 Dominus
760 3345 948 3401 domui
975 3347 1191 3405 lsraelis
1235 3369 1247 3404 :
1284 3351 1525 3417 Quaerite
1557 3370 1666 3417 me,
1710 3364 1761 3409 et
1794 3358 1988 3414 vivetis
2018 3379 2031 3413 :

459 3445 513 3490 rt
551 3437 715 3492 nolite
767 3453 1010 3508 quaerere
1055 3440 1263 3505 Bethel,
1323 3453 1376 3496 et
1407 3443 1462 3498 in
1501 3443 1721 3515 Galgala
1754 3447 1924 3504 nolite
1951 3450 2036 3503 in-

462 3542 630 3593 trare,
661 3539 715 3584 et
754 3532 820 3585 ad
842 3542 1063 3602 puteum
1112 3533 1413 3601 juramenti
1445 3553 1514 3591 ne
1540 3539 1872 3602 ascendatis.
1904 3542 2033 3612 quia

459 3618 682 3690 Galgala
738 3621 1011 3690 captivata
1065 3624 1485 3691 captivabuntur
1520 3643 1534 3679 :
1576 3634 1629 3680 et
1683 3626 1869 3683 Bethel
1930 3631 2036 3685 erit

459 3710 615 3781 quasi
646 3727 753 3765 non
781 3714 1072 3767 exsistcns.
1117 3732 1135 3763 ι
1172 3713 1415 3769 Consulo
1436 3714 1602 3785 igitur
1666 3716 1820 3772 vobis
1877 3726 1937 3772 ut
1965 3719 2033 3773 ad

462 3817 547 3855 me
576 3803 853 3871 spectetis,
882 3803 1204 3859 abstineatis
1250 3820 1281 3857 a
1310 3804 1496 3860 Betbcl
1542 3816 1595 3861 et
1623 3805 1865 3879 Galgalis
1909 3819 1963 3866 et
2001 3825 2032 3865 a

459 3903 623 3963 puteo
651 3894 969 3962 juramenti,
999 3896 1066 3950 ad
1097 3912 1218 3966 qua:
1242 3912 1387 3951 nunc
1414 3900 1766 3963 concurritis,
1813 3901 1953 3955 idola
1980 3911 2035 3957 et

457 3986 730 4040 daemones
766 3984 874 4040 illis
920 3986 1055 4042 locis
1107 3988 1431 4057 adoraturi;
1482 3990 1676 4046 scitote
1712 3993 1878 4056 enim,
1920 3993 2035 4047 haec

455 4076 639 4130 omnia
704 4077 987 4131 vobiscum
1062 4078 1116 4132 in
1206 4080 1555 4135 solitudinem
1608 4081 1887 4136 redactum
1942 4084 2031 4139 iri.

2138 4097 2303 4150 μονας
2327 4079 2718 4151 θεραπεύοντες
2740 4081 2796 4133 ὲν
2816 4082 2926 4144 τοῖς
2948 4079 3130 4143 τόποις
3149 4079 3399 4146 ἐκείνοις,
3424 4078 3480 4135 εὖ
3506 4081 3674 4140 εἰδότες

462 4188 479 4218 ι
518 4168 755 4233 Ουςενίιε
779 4168 1090 4235 Dominum,
1123 4178 1178 4226 et
1208 4173 1399 4227 vivetis
1430 4191 1442 4227 :
1481 4188 1548 4227 ne
1586 4170 1805 4243 Joscphi
1834 4174 2033 4230 domus

2137 4170 2206 4232 ὡς,
2225 4169 2430 4241 ἐρημία
2461 4170 2552 4221 καὶ
2579 4168 2751 4222 ταῦτα
2767 4168 2994 4240 λήψεται
3022 4167 3196 4221 πάντα
3221 4170 3339 4239 μεθ’
3365 4171 3562 4240 ύμῶν.ι
3582 4168 3675 4219 Ἐκ-

456 4259 822 4313 succendatur
849 4270 908 4314 ut
932 4261 1096 4330 ignis,
1125 4262 1217 4331 qui
1244 4260 1469 4316 devoret
1511 4277 1630 4315 eam
1654 4278 1669 4329 ;
1696 4271 1750 4316 et
1777 4279 1884 4319 non
1924 4265 2029 4319 erit

2137 4256 2404 4327 ζητήσατε
2446 4258 2537 4309 τὸν
2578 4256 2801 4329 Κύριον,
2840 4257 2935 4309 καὶ
2968 4254 3230 4327 ζήσεσθε·
3262 4257 3410 4321 ὅπως
3454 4257 3525 4329 μὴ
3561 4257 3672 4308 ἀνα-

454 4348 545 4415 qui
565 4348 874 4419 exstinguat
901 4349 1123 4403 domum
1154 4351 1472 4421 (ardentem)
1498 4350 1734 4410 Israelis.
1762 4374 1780 4407 ι
1802 4354 2029 4413 Omissis

2137 4348 2323 4420 λάμψῃ
2357 4348 2433 4407 ὡς
2473 4348 2583 4420 πῦρ
2612 4351 2640 4402 ὁ
2686 4346 2829 4411 οἶκος
2867 4347 2960 4399 τοῦ
3006 4346 3222 4418 Ἰωσὴφ,
3271 4350 3361 4400 καὶ
3416 4348 3675 4416 καταφάγῃ

456 4440 585 4498 illis.
624 4438 733 4493 Deo
767 4440 1058 4505 adluerete,
1090 4458 1159 4495 ne
1186 4444 1399 4511 punitio
1427 4459 1456 4497 a
1490 4444 1625 4512 Deo,
1656 4449 1815 4519 quasi
1861 4449 2026 4520 ignis,

456 4545 552 4582 vos
600 4545 790 4584 omnes
822 4533 1113 4585 comburat
1147 4550 1161 4586 :
1216 4550 1414 4604 neque,
1452 4536 1496 4590 si
1545 4536 1692 4595 Deus
1723 4540 1863 4594 mala
1911 4542 2027 4595 haec

453 4620 609 4673 vobis
680 4620 984 4688 immiserit,
1052 4623 1296 4679 invenire
1361 4626 1703 4684 defensorem
1753 4631 1909 4687 vobis
1960 4632 2026 4686 li-

458 4711 617 4764 sebit.

524 5021 690 5079 Vens.
733 5023 939 5077 7-9.-—
977 5044 996 5075 ι
1035 5026 1139 5091 Qui
1165 5026 1293 5081 facit
1324 5027 1377 5082 in
1400 5030 1620 5086 excelso
1651 5031 1944 5109 judicium,
1969 5042 2025 5089 et

450 5116 723 5184 justitiam
756 5116 810 5171 in
836 5124 980 5171 terra
1009 5118 1212 5187 posuit.
1258 5137 1276 5170 ι
1315 5117 1470 5175 Haud
1493 5121 1649 5177 decet
1679 5137 1777 5177 vos
1802 5125 2027 5193 quibus—

454 5208 583 5262 libet
611 5206 704 5262 Dei
756 5206 825 5262 ad
856 5223 952 5263 vos
1003 5210 1167 5265 minis
1208 5211 1291 5265 vel
1350 5213 1807 5280 promissionibus
1863 5214 2022 5269 ﬁdem

452 5313 653 5367 negare
685 5317 698 5353 ι
724 5299 841 5369 ipse
865 5300 1011 5354 enim
1039 5310 1123 5356 est
1153 5303 1244 5370 qui
1269 5303 1535 5372 judicium
1562 5314 1727 5375 atque
1753 5306 2025 5374 justitiam

454 5389 646 5442 tumin
690 5390 908 5445 excelso
940 5404 1178 5454 exercet,
1213 5400 1327 5446 tum
1386 5395 1547 5448 etiam
1588 5397 1642 5448 in
1679 5404 1825 5450 terra
1857 5397 2027 5450 collo-

454 5478 614 5531 cavit.
640 5478 906 5535 Nimirum
932 5481 1097 5536 dicit:
1121 5483 1219 5537 Hic
1250 5491 1355 5549 est,
1382 5486 1473 5553 qui
1506 5486 1660 5539 vobis
1696 5488 2026 5556 patientibus

454 5568 707 5634 injuriam
746 5573 815 5626 ab
866 5573 1117 5630 hostibus
1154 5576 1245 5645 jus
1276 5578 1500 5632 reddere
1533 5586 1750 5647 potest;
1794 5588 1849 5633 ct
1900 5580 2021 5635 illos

524 5750 568 5781 '°
610 5748 752 5805 Psal.
795 5765 902 5805 Civ.
942 5753 989 5805 ὸ,

2134 4439 2318 4502 αὐτὸν,
2354 4440 2445 4492 καὶ
2475 4440 2575 4491 ούκ
2618 4439 2769 4492 ἔσται
2799 4439 2826 4489 ὁ
2861 4439 3068 4490 σϐέσων
3099 4438 3188 4489 τὸν
3231 4434 3376 4491 οἷκον
3411 4437 3609 4511 Ἰσραήλ
3654 4454 3668 4485 ι

2146 4531 2429 4601 Ἀφέμενοι
2455 4531 2511 4584 δὲ
2530 4529 2752 4594 τούτων,
2785 4529 2904 4599 Θεῷ
2920 4531 3313 4601 ,προσανέχετε,
3338 4530 3475 4584 ὥστε
3507 4530 3577 4600 μὴ
3594 4528 3674 4598 τὴν

2131 4621 2400 4692 τιμωρίαν
2431 4621 2526 4691 τὴν
2570 4619 2722 4689 παρὰ
2756 4618 2851 4671 τοῦ
2879 4619 3013 4671 Θεοῦ
3043 4619 3197 4691 δίκην
3243 4620 3413 4689 πυρὸς
3457 4622 3674 4679 ἅπαντας

2132 4711 2275 4780 ὑμᾶς
2325 4709 2687 4779 καταφλέξαι’
2722 4708 2782 4761 οὐ
2826 4708 2934 4778 γὰρ
2968 4708 3078 4761 οἶόν
3107 4727 3186 4772 τε,
3209 4710 3378 4763 ταῦτα
3420 4712 3542 4782 ύμῖν
3568 4710 3669 4760 ὲπι-

2126 4804 2437 4873 πέμποντος
2488 4801 2582 4855 τοῦ
2624 4800 2779 4864 Θεοῦ,
2826 4802 3118 4873 εὑρεθῆναι
3166 4802 3257 4855 τὸν
3299 4801 3673 4873 ἀμῦναιδυνά-

2127 4912 2306 4966 μενον.

2195 5029 2341 5099 Στίχ.
2372 5028 2514 5094 ζ’-θ”
2549 5059 2614 5071 -
2651 5048 2668 5078 ι
2719 5029 2776 5082 Ὀ
2805 5028 2975 5081 ποιῶν
3008 5030 3087 5092 εἰς
3110 5029 3241 5099 ὕψος
3277 5031 3467 5102 κρῖμα,
3493 5028 3580 5082 καὶ
3606 5026 3672 5078 δι·

2125 5121 2414 5191 καιοσύνην
2436 5122 2515 5183 είς
2538 5120 2640 5190 γῆν
2666 5118 2880 5190 ἔθηκεν.
2924 5139 2942 5172 ι
2982 5122 3115 5173 Οὐδὲ
3142 5122 3249 5192 γάρ
3276 5123 3521 5174 ἀπιστεῖν
3551 5117 3675 5187 ὑμᾶς

2122 5214 2364 5285 προσῆκε
2413 5213 2522 5265 τινὶ
2563 5211 2669 5265 τῶν
2726 5212 3133 5282 ἀπειλουμένων
3180 5212 3212 5283 ἦ
3259 5209 3674 5283 ὑπισχνουμένων

2124 5307 2251 5375 ὑμῖν
2286 5303 2435 5373 παρά
2462 5303 2556 5357 τοῦ
2584 5302 2749 5356 θεοῦο
2782 5303 2967 5373 ἐπειδὴ
3000 5298 3155 5367 οὗτός
3191 5305 3337 5356 ἐστιν
3356 5306 3385 5357 ὁ
3407 5305 3571 5374 κρῖμα
3592 5296 3673 5351 καὶ

2125 5395 2471 5466 δικαιοσύνην
2506 5397 2583 5458 εἰς
2625 5394 2759 5464 ὕψος
2799 5412 2858 5447 τε
2908 5395 3077 5447 ποιῶν
3121 5395 3214 5448 καὶ
3244 5399 3323 5458 εἰς
3352 5398 3452 5464 γῆν
3490 5392 3671 5451 τιθείς·

2127 5490 2213 5541 ἵνα
2258 5489 2407 5560 εἴπῃ,
2439 5488 2520 5539 ὅτι
2566 5482 2733 5549 Οῦτός
2778 5488 2924 5538 ἐστιν
2963 5487 2992 5537 ὁ
3031 5484 3404 5555 ἀδικουμένοις
3439 5484 3560 5552 ὑμῖν
3584 5477 3673 5530 ὑπὸ

2130 5581 2238 5633 τῶν
2274 5580 2543 5650 πολεμίων
2582 5581 2762 5648 κρῖναι
2797 5576 3124 5646 δυνάμενος·
3158 5577 3249 5629 καὶ
3286 5568 3673 5646 τιμωρήσασθαι
