3954 6520
266 348 377 402 275

1255 349 1805 411 COMMENTARIUS
1840 353 1909 409 1N
1949 354 2160 411 AMOSl
2192 357 2342 413 CAP.
2376 359 2436 415 V.

3417 366 3523 423 9.ῖύ

280 464 380 534 μὲν
406 464 533 527 τοὺς
561 461 793 517 τοσαῦτα
820 464 946 534 ὑμῖν
967 463 1270 533 ἐπάγοντας
1292 466 1457 533 κακά,
1478 466 1647 532 δεῖξαι
1668 468 1726 521 δὲ
1748 469 1842 540 τὴν

1953 468 2171 536 quidem
2199 474 2394 540 punire
2419 474 2511 543 qui
2533 483 2678 530 tanta
2702 476 2945 532 inferunt
2963 480 3101 533 mala
3122 479 3529 543 ;demonstrare

272 554 622 626 δικαιοσύνην
660 555 753 608 καὶ
772 555 871 627 τὴν
900 555 1101 627 κρίσιν,
1138 555 1214 626 (ρ.
1256 558 1379 627 175)
1420 560 1485 630 ἢν
1516 560 1656 630 ὑπὲρ
1695 560 1849 630 ὐμῶν

273 647 383 699 τῶν
413 647 507 700 ἐπὶ
534 647 639 717 γῆς
684 646 853 699 ὄντων
892 647 1141 709 ποιεῖται,
1181 647 1420 719 μεγάλην
1452 666 1513 701 τε
1560 646 1725 704 οὖσαν
1756 652 1850 706 καὶ

273 739 478 801 παντὸς
510 738 784 807 γέμουσαν
836 736 1130 808 θαύματος.
1166 738 1276 791 Καὶ
1308 741 1387 803 εἰς
1435 739 1698 795 πίστωσιν
1743 742 1850 796 τῶν

273 830 473 893 αὐτῶν,
508 831 702 899 ἐπάγει
728 829 917 884 πάλιν·
965 849 985 882 ι
1028 830 1088 884 '0
1117 830 1285 884 ποιῶν
1328 834 1504 887 πάντα
1542 834 1636 887 καὶ
1685 852 1851 904 μετα-

274 919 580 984 σκευάζων.
621 938 642 970 ι
674 920 784 972 Καὶ
818 918 926 989 γάρ
954 919 1047 973 καὶ
1080 923 1248 973 ποιεῖν
1277 920 1492 975 ἅπαντα
1547 922 1647 977 οὐκ
1697 924 1846 992 ὅντα,

274 1011 368 1063 καὶ
394 1010 653 1078 γεγονότα
691 1010 1045 1080 μεταϐάλλειν
1082 1014 1163 1075 εἰς
1189 1012 1216 1065 ὃ
1244 1030 1296 1065 τι
1330 1013 1598 1082 βούλεται,
1625 1015 1849 1071 δύναται

273 1101 495 1172 ῥᾳδίως.
529 1120 547 1152 ι
586 1100 693 1153 Καὶ
723 1102 1003 1173 ἐκτρέπων
1034 1104 1112 1167 εἰς
1145 1105 1206 1157 τὸ
1231 1104 1373 1175 πρωῒ
1409 1106 1568 1161 σκιάν
1597 1106 1847 1177 θανάτου,

272 1193 368 1244 καὶ
394 1192 604 1263 ἡμέραν
623 1194 703 1257 εἰς
730 1193 897 1247 νύκτα
924 1196 1293 1260 συσκοτάζων.
1326 1216 1345 1247 ι
1379 1190 1545 1261 Οὗτος
1573 1199 1847 1265 κινδύνους

270 1282 502 1336 θάνατον
534 1283 836 1351 ἐπάγοντας
860 1285 940 1348 είς
967 1285 1315 1358 εὐφροσύνην
1329 1286 1586 1359 λαμπράν
1614 1307 1734 1342 τινα
1755 1291 1849 1344 καὶ

270 1374 457 1441 ἡδεῖαν
492 1372 847 1442 μεταϐάλλειν
893 1373 1203 1445 αὐτάρκης·
1236 1376 1361 1438 τοὺς
1397 1377 1465 1451 ἐν
1507 1376 1848 1448 λαμπρότητι

267 1460 503 1530 τεεῖναι
545 1463 854 1527 δοκοῦντας,
880 1465 1057 1535 σκότῳ
1102 1465 1189 1517 διά
1217 1465 1325 1519 τῶν
1355 1468 1649 1538 συμφορῶν
1696 1486 1849 1540 περι-

269 1554 489 1607 ϐάλλειν
528 1554 750 1608 δύναται
786 1556 1013 1626 ῥᾳδίως·
1042 1556 1288 1626 βούλεται
1329 1559 1437 1629 γάρ
1479 1559 1755 1614 κάνταῦθα
1785 1562 1849 1614 ἐκ

267 1644 381 1695 τῶν
416 1643 641 1697 καθόλου
684 1644 1001 1714 στυστῆσαι,
1046 1647 1127 1698 ὅτι
1174 1648 1452 1718 αὐτάρκης
1492 1650 1686 1703 καὶτὰ
1728 1652 1847 1703 κατ’

267 1736 470 1798 αὐτοὺς
514 1736 589 1799 ὡς
636 1736 879 1805 βούλεται
929 1738 1278 1806 μεταϐαλεῖν·
1331 1740 1425 1793 καὶ
1466 1740 1596 1793 ποτέ
1641 1743 1738 1811 μὲν
1782 1744 1847 1797 ἐκ

269 1824 565 1894 συμφορῶν
584 1827 663 1889 εἰς
685 1827 981 1898 εὐημερίαν
1011 1828 1292 1897 μετάγειν·
1327 1831 1455 1883 ποτέ
1475 1831 1529 1884 δὲ
1552 1832 1609 1898 ἐξ
1640 1834 1845 1903 εὐημε..
1877 1817 1920 1871 Β

269 1918 392 1987 ρίας
431 1919 510 1991 είς
553 1917 837 1989 συμφοράς
890 1919 1168 1991 καθιστᾷν.
1202 1939 1219 1971 ι
1266 1922 1324 1973 '0
1373 1924 1846 1995 προσκαλούμενος

264 2006 329 2058 τὸ
367 2006 514 2077 ὕδωρ
537 2008 636 2078 τῆς
664 2007 959 2080 Θαλάσσης,
1001 2011 1094 2062 καὶ
1127 2012 1332 2080 ἐκχέων
1358 2013 1491 2066 αὐτὸ
1532 2016 1626 2070 ἐπὶ
1679 2034 1846 2086 προσ-

264 2096 422 2150 ώπου
450 2098 549 2168 τῆς
576 2100 701 2168 γῆς,
725 2100 926 2172 Κύριος
953 2102 982 2153 ὁ
1007 2102 1159 2164 Θεὸς,
1184 2105 1213 2155 ό
1240 2106 1639 2177 Παντοκράτωρ
1676 2108 1846 2179 ὄνομα

262 2189 437 2258 αὐτῷ.
482 2209 502 2240 ι
536 2184 705 2254 Οὗτος
725 2193 752 2244 ὁ
785 2194 877 2245 καὶ
903 2193 965 2245 τὸ
989 2194 1089 2263 τῆς
1121 2194 1389 2268 Θαλάττης
1419 2198 1562 2269 ὓδωρ
1594 2200 1764 2270 αἴρων
1784 2219 1843 2254 τε

262 2280 353 2334 διά
386 2281 497 2333 τῶν
543 2282 779 2350 νεφελῶν
820 2284 911 2336 καὶ
956 2285 1095 2339 κατὰ
1144 2285 1325 2357 πάσης
1349 2288 1553 2358 ἐκχέων
1589 2291 1688 2361 τῆς
1718 2293 1842 2362 γῆς,

263 2368 550 2438 αὐτάρκης
594 2370 689 2420 καὶ
714 2368 808 2423 νῦν
836 2370 932 2441 τὴν
961 2371 1067 2424 τῶν
1111 2374 1408 2445 Ἀσσυρίων
1450 2379 1725 2447 στρατιὰν,
1753 2381 1847 2435 θα-

261 2456 467 2528 λάττης
508 2460 733 2528 μέγεθος
759 2464 1120 2534 μιμουμένην,
1153 2466 1237 2533 ἐφ’
1268 2466 1409 2536 ὑμᾶς
1433 2468 1523 2521 διὰ
1551 2471 1647 2539 τῆς
1677 2473 1846 2543 ὀργῆς

257 2546 454 2616 ἐκχέαι
484 2549 582 2619 τῆς
602 2550 825 2612 οἰκείας,
852 2550 910 2614 ὃς
945 2552 1053 2605 τῶν
1074 2554 1326 2607 ἁπάντων
1361 2557 1563 2628 Κύριος
1587 2558 1682 2623 ὢν,
1717 2564 1845 2615 αὐτ-

258 2639 445 2710 άρκης
486 2639 553 2691 τὰ
609 2641 866 2695 δοκοῦντα
895 2646 1084 2697 ποιεῖν.
1120 2663 1138 2694 ι
1186 2647 1243 2699 ὐ
1264 2647 1484 2719 διαιρῶν
1515 2654 1845 2724 συντριμμὸν

256 2731 349 2781 ἐπ’
389 2732 561 2799 ἰσχὺν,
593 2734 687 2785 καὶ
722 2734 1098 2806 ταλαιπωρίαν
1131 2739 1221 2791 ἐπὶ
1260 2740 1520 2810 ὀχύρωμα
1545 2744 1784 2812 ἐπάγων.
1820 2765 1839 2797 ι

256 2817 434 2885 Οὗτος
463 2824 559 2877 καὶ
606 2824 783 2895 θλίψιν
820 2827 919 2898 τὴν
957 2829 1278 2898 ἐνοχλοῦσαν
1320 2832 1571 2897 διαλύων,
1607 2836 1681 2905 (p.
1721 2838 1843 2908 176)

259 2913 524 2981 ἰσχυροὺς
564 2914 934 2986 ἀπεργάζεται
971 2919 1064 2972 καὶ
1095 2921 1219 2984 τοὺς
1257 2924 1321 2975 ἐκ
1345 2925 1453 2977 τῶν
1474 2928 1657 2981 κακῶν
1678 2931 1843 3000 ἠσθε-

254 3006 499 3072 νηκότας
514 3022 527 3035 ·
550 3007 924 3079 ταλαιπωρίας
946 3028 1004 3063 τε
1021 3013 1145 3075 τοὺς
1169 3014 1308 3080 ἄγαν
1326 3015 1613 3083 δοκοῦντας
1632 3024 1845 3092 μεγάλα

1952 565 2135 613 autem
2176 558 2444 627 justitiam
2504 571 2668 632 atque
2705 565 2995 633 judicium,
3036 570 3181 640 quod
3239 584 3337 639 pro
3372 571 3529 625 vobis

1951 650 2191 719 regionis
2221 651 2385 721 hujus
2436 654 2632 710 incolis
2673 668 2907 723 exseret,
2945 676 3199 732 magnum
3247 668 3411 732 atque
3438 678 3527 717 ex-

1951 740 2158 796 celsum
2192 749 2246 797 et
2275 744 2426 799 omni
2476 746 2829 804 mirabilitate
2876 752 3117 821 plenum.
3148 752 3525 809 Conﬁrmans-

1950 845 2057 897 que
2086 831 2252 897 dicta,
2276 833 2384 887 ait:
2424 852 2441 884 ι
2474 835 2577 900 Qui
2616 836 2749 891 facit
2783 841 3062 905 omnia,et
3090 842 3466 898 transformat.
3499 860 3520 894 ι

1955 920 2160 977 Revera
2201 925 2347 979 enim
2396 934 2449 981 et
2504 928 2687 981 omnia
2730 929 2911 985 facere
2937 947 3005 986 ex
3054 934 3244 998 nihilo,
3283 943 3338 990 et
3386 935 3523 989 facta

1950 1023 2339 1081 transmutare,
2392 1027 2452 1073 ut
2507 1020 2668 1091 116
2725 1023 2981 1089 voluerit,
3039 1027 3292 1094 expedite
3321 1034 3519 1096 potest.

1958 1124 1975 1156 ι
2022 1104 2124 1171 Qui
2160 1110 2505 1164 convertitin
2540 1127 2697 1167 mane
2724 1113 2978 1169 tenebras
3011 1117 3224 1179 mortis,
3273 1126 3328 1172 et
3377 1118 3523 1173 diem

1952 1203 2111 1251 nocte
2127 1199 2468 1255 obtenebrat.
2513 1221 2531 1253 ι
2569 1201 2685 1272 Ipse
2708 1212 2885 1273 potest
2918 1206 3165 1259 mortalia
3193 1209 3433 1277 pericula
3465 1209 3522 1263 in

1952 1289 2297 1357 splendidum
2341 1292 2757 1364 jucundumque
2794 1296 3052 1363 gaudium
3084 1307 3439 1365 convertere;
3471 1310 3526 1354 et

1949 1395 2045 1435 eos
2069 1381 2159 1450 qui
2197 1382 2249 1434 in
2276 1384 2565 1452 splendore
2619 1387 2822 1439 versari
2854 1387 3127 1453 videntur,
3156 1404 3524 1445 aerumnarum

1952 1474 2194 1529 tenebris
2227 1474 2388 1530 facile
2422 1478 2675 1532 obruere.
2706 1477 2834 1533 Vult
2864 1480 3009 1534 enim
3035 1480 3140 1534 hoc
3172 1481 3295 1535 loco
3338 1498 3399 1536 ex
3434 1498 3524 1551 ge—

1952 1566 2228 1621 neralibus
2257 1569 2606 1632 concludere,
2645 1584 2809 1638 posse
2846 1570 3010 1625 Deum
3040 1587 3131 1626 res
3158 1588 3375 1641 quoque
3407 1574 3525 1626 ille-

1952 1670 2071 1709 rum
2109 1672 2205 1725 pro
2234 1674 2335 1713 suo
2369 1659 2521 1713 libito
2547 1671 2922 1727 commutare;
2953 1670 3007 1715 et
3037 1663 3196 1716 modo
3223 1679 3289 1718 ex
3325 1680 3525 1717 aerum-

1951 1746 2036 1800 nis
2061 1748 2112 1800 in
2137 1748 2572 1818 prosperitatem,
2604 1751 2766 1805 modo
2787 1763 2974 1807 contra
2999 1768 3063 1807 ex
3088 1755 3446 1823 prosperitate
3468 1756 3523 1808 in

1946 1852 2242 1893 aerumnam
2302 1841 2622 1897 transferre.
2664 1863 2683 1895 ι
2720 1842 3028 1909 ρυί,νοοοι
3078 1858 3275 1913 aquam
3331 1847 3521 1908 maris,

1946 1938 2000 1984 et
2036 1929 2265 1985 effundit
2291 1946 2455 2002 super
2480 1932 2673 1990 faciem
2709 1943 2888 1999 terrae,
2913 1933 3178 1990 Dominus
3208 1934 3372 2000 Deus,
3423 1953 3525 1991 no-

1946 2036 2068 2074 men
2111 2022 2159 2076 ei
2186 2020 2562 2092 Omnipotens.
2598 2044 2621 2077 ›
2660 2024 2801 2093 Ipse,
2848 2028 2942 2096 qui
2978 2028 3146 2083 maris
3170 2043 3367 2098 aquam
3428 2045 3521 2082 nu-

1945 2110 2105 2167 bibus
2158 2114 2377 2176 attollit,
2407 2122 2461 2169 et
2514 2131 2609 2185 per
2673 2118 2987 2172 universam
3038 2126 3241 2173 terram
3292 2118 3523 2174 eﬂ'undit

1944 2203 2087 2257 valet
2114 2218 2257 2257 nunc
2286 2204 2452 2258 etiam
2478 2206 2832 2276 Assyriorum
2857 2208 3179 2269 exercitum,
3213 2208 3525 2277 amplitudio

1945 2311 2069 2351 nem
2106 2297 2275 2352 maris
2298 2298 2621 2359 imitantem.
2645 2307 2838 2353 contra
2860 2315 2957 2355 vos
2990 2299 3068 2353 ira
3096 2315 3195 2355 sua
3221 2299 3519 2361 effundere.

1945 2401 2070 2441 cum
2112 2390 2185 2443 sit
2247 2389 2510 2445 Dominus
2558 2391 2919 2459 universalis,
2984 2402 3040 2447 et
3089 2391 3354 2463 quidquid
3417 2393 3520 2476 sibi

1943 2478 2164 2534 libuerit
2194 2496 2453 2550 peragere
2475 2483 2682 2538 valens.
2715 2501 2733 2534 ι
2780 2482 2884 2549 Qui
2913 2483 3103 2538 dividit
3133 2483 3520 2538 coutritionem

1945 2585 2111 2639 super
2140 2569 2536 2635 fortitudinem,
2564 2579 2619 2626 et
2648 2573 2923 2627 miseriam
2975 2589 3140 2642 super
3167 2574 3521 2629 munitionem

1944 2659 2189 2713 adducit.
2236 2679 2254 2709 ι
2284 2659 2404 2731 ipse
2429 2676 2742 2731 pressuram
2769 2664 3054 2717 molestam
3084 2664 3398 2726 sublevans,
3432 2680 3525 2716 Va-

1944 2749 2087 2805 lidos
2119 2751 2293 2806 reddit
2321 2752 2486 2806 etiam
2520 2752 2665 2815 illos,
2701 2752 2793 2822 qui
2827 2753 3231 2809 calamitatibus
3276 2760 3405 2808 sunt
3436 2753 3523 2809 deo

1941 2841 2137 2897 bilitati
2177 2860 2189 2894 :
2228 2842 2580 2912 vicissimque
2641 2843 2822 2899 subita
2880 2844 3099 2899 miseria
3156 2846 3401 2914 complet
3426 2845 3520 2914 qui

1945 2919 2156 2999 magnis
2183 2928 2394 2986 viribus
2416 2931 2621 2999 pollere
2645 2931 2918 2986 videntur.
2954 2930 3003 2987 Is
3033 2946 3161 2986 cum
3189 2933 3387 2996 voluit,
3434 2949 3522 2989 res

1945 3031 2154 3077 vestras
2182 3038 2213 3076 a
2258 3023 2483 3078 meliore
2532 3031 2675 3079 statu
2705 3024 2988 3079 transtulit
3032 3023 3099 3077 ad
3143 3025 3516 3080 deteriorem:

254 3094 523 3149 δύνασθαι
570 3099 763 3170 ἀθρόον
803 3102 1025 3173 πληροῖ·
1059 3103 1118 3167 ὃς
1163 3106 1441 3177 βουληθεὶς
1489 3114 1583 3165 καὶ
1624 3115 1689 3168 τά
1724 3116 1842 3168 καθ’

1949 3127 2252 3183 rursusque
2282 3113 2563 3184 siquando
2585 3113 2840 3181 voluerit,
2861 3115 2917 3168 in
2951 3114 3232 3170 meliorem
3264 3115 3421 3171 facile
3445 3130 3523 3172 re-

251 3189 415 3256 ὐμᾶς·
448 3189 711 3258 μετέϐαλέ
747 3209 805 3245 τε
841 3195 905 3246 ἐκ
945 3194 1038 3247 τοῦ
1069 3198 1373 3266 κρείττονος
1399 3202 1491 3255 ἐπὶ
1526 3204 1585 3257 τὸ
1628 3208 1839 3277 χεῖρον·

252 3281 354 3332 καὶ
382 3280 543 3333 πάλιν
579 3284 642 3334 ἐκ
668 3282 763 3335 τοῦ
804 3285 1041 3354 χείρονος
1072 3287 1164 3339 ἐπὶ
1196 3288 1256 3340 τὸ
1283 3293 1526 3361 κρεῖττον
1565 3294 1843 3366 βουληθεὶς

254 3373 561 3441 μεταϐαλεῖ
581 3376 797 3445 ῥᾳδίως.

334 3463 487 3533 Στίχ.
530 3471 581 3525 ι’,
608 3472 695 3518 ια’.
729 3493 785 3503 -
819 3486 839 3518 ι
886 3469 1182 3539 Ἐμίσησάν
1217 3474 1274 3525 ἐν
1299 3474 1495 3540 πύλαις
1531 3478 1840 3550 ἐλέγχοντα,

257 3554 358 3605 καὶ
395 3553 552 3621 λόγον
590 3557 734 3610 ὅσιον
771 3559 1141 3625 ἐϐδελύξαντο.
1182 3582 1200 3614 ι
1236 3566 1495 3636 Ἀρχεται
1538 3570 1722 3625 λοιπὸν
1759 3577 1847 3626 ἐν-

249 3646 452 3699 τεῦθεν
480 3648 577 3710 τάς
609 3652 953 3721 παρανομίας
994 3655 1170 3708 αὐτῶν
1208 3657 1541 3728 ἐξηγεῖσθαι.
1578 3664 1714 3727 Τοὺς
1743 3667 1841 3735 μὲν

249 3731 354 3788 οὖν
400 3739 678 3808 προφήτας
716 3743 773 3793 ἐν
820 3743 1113 3813 διορθώσει
1143 3748 1241 3811 τὰς
1278 3754 1622 3821 παρανομίας
1662 3756 1842 3809 αὐτῶν

251 3828 508 3897 ἐλέγχειν
552 3834 1052 3903 προσταττομένους
1081 3837 1333 3907 ἐμίσουν·
1376 3842 1750 3899 ἐϐδελύττοντο
1785 3847 1842 3901 δὲ

249 3921 354 3973 καὶ
403 3920 683 3993 ὁπόσαπερ
713 3923 898 3992 ἐλεγον
938 3927 1141 3992 αὐτοῖς,
1187 3931 1641 3999 συμϐουλεύοντες
1678 3940 1843 4009 χωρί-

249 4011 450 4075 ζεσθαι
485 4013 586 4082 μὲν
608 4013 715 4066 τῶν
746 4017 951 4081 κακῶν,
991 4020 1262 4089 αἱρεῖσθαι
1290 4022 1347 4076 δὲ
1388 4025 1458 4077 τά
1490 4028 1749 4095 κρείττω·
1780 4031 1843 4083 τὸ

245 4105 309 4156 δέ
337 4106 401 4155 ἐν
428 4102 625 4170 πύλαις
670 4106 813 4159 οὕτω
839 4110 1037 4177 φησίν·
1074 4111 1234 4175 Ἔθος
1270 4109 1339 4183 ἦν
1380 4116 1441 4167 τὸ
1482 4118 1708 4172 παλαιὸν
1749 4123 1841 4174 καὶ

245 4196 357 4257 τὰς
384 4195 493 4247 τῶν
507 4196 950 4263 ἀναγκαιοτάτων
970 4204 1313 4271 πραγμάτων
1333 4205 1525 4274 βουλὰς
1548 4210 1673 4273 τοὺς
1701 4213 1839 4267 κατὰ

246 4287 413 4339 πόλιν
441 4288 500 4338 ἐν
528 4291 646 4351 ταῖς
669 4288 864 4353 πύλαις
891 4294 1188 4347 ποιεῖσθαι·
1217 4297 1308 4349 καὶ
1337 4302 1447 4361 τοῖς
1468 4300 1680 4371 ἐχθροῖς
1709 4322 1837 4374 πρε-

248 4380 611 4449 σϐευομένοις
636 4382 761 4453 περί
792 4400 957 4447 τινος,
985 4386 1120 4456 πρὸς
1142 4388 1338 4452 αὐτοὺς
1370 4392 1428 4443 ἐν
1460 4393 1686 4457 ἐκείνοις
1708 4396 1840 4449 ἁπο-

1948 3203 2184 3258 vocabit.
2250 3264 2253 3271 ,

2020 3481 2186 3537 Vens.
2237 3485 2327 3551 10,
2359 3487 2444 3538 ll.
2488 3516 2560 3527 --—
2610 3505 2629 3536 ‹
2686 3483 2825 3539 Odio
2882 3481 3190 3537 habuerunt
3252 3482 3306 3535 in
3352 3484 3524 3552 portis

1946 3585 2283 3643 arguentem,
2314 3584 2366 3630 et
2391 3592 2698 3632 sermonem
2718 3584 2969 3631 sanctum
2995 3573 3293 3627 abominati
3317 3584 3467 3629 sunt.
3498 3594 3516 3625 ο

1946 3666 2159 3720 Abhinc
2195 3682 2388 3722 rursus
2420 3668 2611 3737 incipit
2642 3667 2959 3737 iniquitates
2989 3664 3207 3719 illorum
3225 3680 3519 3734 exponere.

1945 3758 2246 3826 Prophetas
2266 3760 2503 3829 quidem,
2535 3767 2757 3827 peccata
2776 3761 3016 3828 ipsorum
3039 3770 3334 3826 coarguere
3362 3765 3524 3826 atque

1946 3850 2235 3904 emendare
2270 3866 2298 3901 a
2321 3849 2430 3903 Deo
2455 3850 2662 3919 jussos,
2686 3849 2916 3903 oderant
2949 3866 2961 3900 :
2992 3855 3046 3901 et
3067 3846 3522 3903 abominabantur

1946 3956 2286 4010 quaecunque
2311 3942 2364 3994 hi
2387 3940 2530 4009 apud
2554 3955 2650 3995 eos
2682 3938 3174 4002 concionabantur,
3244 3937 3517 3991 hortando

1946 4030 2013 4085 ad
2048 4031 2302 4085 vitiorum
2364 4030 2579 4101 fugam,
2640 4038 2693 4085 et
2749 4028 2966 4083 virtutis
3032 4042 3292 4081 amorem.
3348 4028 3521 4082 Dictio

1945 4130 2127 4176 autem
2161 4124 2216 4176 in
2251 4123 2445 4192 portis,
2494 4124 2572 4179 sic
2607 4120 2974 4191 intelligenda.
3001 4117 3117 4174 Mos
3152 4118 3369 4188 priscus
3395 4119 3517 4183 fuit,

1946 4214 2285 4283 gravissima:
2315 4214 2583 4283 cujusque
2603 4214 2681 4267 rei
2706 4211 3140 4268 consultationes
3170 4226 3198 4261 a
3230 4209 3446 4265 civibus
3465 4212 3519 4265 in

1946 4304 2118 4372 portis
2143 4304 2292 4357 urbis
2319 4302 2456 4369 fieri;
2482 4311 2535 4355 et
2555 4302 2793 4356 hostium
2810 4300 2975 4355 etiam
2995 4299 3063 4353 de
3080 4313 3140 4352 re
3162 4298 3342 4366 aliqua
3374 4299 3520 4369 lega-

1944 4393 2211 4454 tionibus,
2232 4393 2389 4462 117
2409 4392 2596 4447 iisdem
2618 4394 2670 4445 in
2690 4392 2823 4445 locis
2836 4388 3186 4459 respondere.
3215 4388 3329 4442 lmo
3351 4391 3516 4446 etiam

245 4469 543 4540 κρίνεσθαι
574 4474 688 4535 τοῖς
714 4473 900 4538 τόποις
920 4492 933 4506 ·
963 4478 1037 4545 (p.
1073 4477 1197 4544 177)
1240 4480 1333 4533 καὶ⁵
1370 4482 1433 4551 δὴ
1472 4485 1565 4537 καὶ
1592 4484 1690 4549 τὰς
1724 4488 1839 4556 μείο

1947 4483 2373 4552 majorajudicia
2403 4483 2601 4539 ibidem
2632 4482 2978 4542 exercebant,
3009 4487 3066 4533 ut
3094 4479 3310 4535 cunctis
3329 4482 3518 4551 urbem

241 4564 382 4626 ζους
423 4562 532 4614 τῶν
581 4563 810 4635 κρίσεων
841 4567 1028 4621 αὐτόθι
1084 4571 1373 4637 ποιεῖσθαι,
1418 4574 1493 4638 ὡς
1530 4574 1596 4629 ἂν
1634 4577 1838 4633 ἅπασιν

1947 4577 2366 4645 ingredientibus
2380 4577 2460 4632 vel
2474 4576 2877 4646 egredientibus
2891 4580 3121 4628 tractata
3139 4573 3351 4641 negotia
3366 4573 3519 4628 inno-

238 4652 367 4712 τοῖς
406 4649 549 4702 κατὰ
577 4650 673 4722 τὴν
708 4654 861 4706 πόλιν
907 4656 1134 4709 εἰσιοῦσι
1168 4675 1224 4710 τε
1271 4662 1365 4713 καὶ
1400 4663 1600 4729 ἐξιοῦσι
1638 4666 1706 4719 δι’
1737 4671 1837 4722 αὐ-

1947 4675 2229 4723 Lescerent.
2263 4667 2557 4739 Propterea
2584 4668 2775 4723 beatus
2799 4665 2930 4720 dicit
2948 4663 3116 4718 David
3151 4681 3165 4716 :
3197 4681 3216 4713 ι
3246 4662 3363 4718 Non
3384 4680 3485 4720 con
3504 4697 3516 4707 -

237 4739 352 4807 τῆς
393 4745 680 4813 καταφανῆ
715 4745 951 4812 γίγνοιτο
982 4746 1050 4800 τά
1086 4752 1453 4820 πραττόμενα.
1488 4756 1587 4809 Διὰ
1623 4759 1778 4812 τοῦτο
1810 4763 1838 4815 ό

1947 4760 2231 4815 fundentur
2255 4776 2378 4814 cum
2410 4759 2949 4830 loquenturiuimicis
2974 4758 3089 4813 suis
3114 4756 3168 4811 in
3200 4759 3374 4828 portis
3392 4757 3435 4788 '“
3465 4774 3511 4809 ε»

242 4833 529 4901 μακάριος
577 4832 725 4902 λέγει
762 4837 950 4890 Δαυῖδ·
985 4857 1003 4889 ι
1045 4840 1118 4892 Οὐ
1164 4846 1717 4919 καταισχυνθήσονται
1758 4853 1835 4905 ὅτ’

236 4920 319 4973 ἂν
354 4920 559 4974 λαλῶσι
601 4927 715 4987 τοῖς
748 4926 961 4999 ἐχθροῖς
1012 4930 1190 4984 αὐτῶν
1220 4933 1279 4985 ἐν
1317 4934 1513 4999 πύλαις
1535 4951 1549 4965 ⁸
1594 4958 1612 4990 ι
1646 4942 1835 5013 ἐπειδὴ

236 5011 442 5064 αὐτόθι
458 5014 555 5075 τάς
574 5016 892 5088 ἀποκρίσεις
906 5020 1004 5084 τάς
1019 5024 1155 5093 πρὸς
1173 5025 1298 5087 τοὺς
1314 5026 1506 5093 ἔξωθεν
1536 5030 1833 5087 ἐποιοῦντο·

240 5124 259 5153 ι
302 5106 419 5156 Καὶ
450 5106 770 5177 ἠδολεσχουν
800 5112 917 5164 κατ’
940 5114 1073 5183 ἐμοῦ
1110 5119 1159 5169 οἱ
1190 5118 1488 5190 καθήμενοι
1517 5125 1575 5175 ἐν
1610 5126 1781 5197 πύλῃ·
1814 5147 1831 5177 ι

234 5196 325 5258 ὡς
369 5196 555 5249 αὐτόθι
600 5199 697 5261 τὰς
741 5202 999 5267 πλείστας
1045 5208 1311 5263 εἰωθότων
1348 5212 1526 5266 αὐτῶν
1566 5218 1837 5271 ποιεῖσθαι

232 5285 530 5349 συνόδους.
578 5290 680 5343 Τὸν
720 5294 878 5345 αὐτὸν
903 5295 967 5366 δὴ
1002 5298 1199 5368 τρόπον
1236 5301 1469 5356 ἐνταῦθα
1496 5306 1622 5370 τοὺς
1647 5310 1704 5361 ἐν
1732 5312 1835 5363 πύ-

231 5378 375 5441 λαις
406 5379 731 5450 ἐλέγχοντας
772 5384 939 5452 λέγει,
964 5387 1039 5450 ὡς
1078 5388 1144 5441 ἂν
1182 5390 1288 5444 τῶν
1318 5398 1612 5464 προφητῶν
1649 5399 1835 5453 αὐτόθι

228 5470 309 5522 τὰ
345 5470 489 5523 κατά
534 5472 760 5544 γνώμην
801 5476 950 5529 θείαν
982 5480 1268 5550 κηρύττειν
1305 5485 1488 5549 αὐτοῖς
1508 5489 1835 5545 ἐσπουδακόε

227 5580 383 5615 των·
419 5563 548 5617 ἔνθα
580 5566 645 5637 δὴ
692 5569 785 5620 καὶ
814 5572 978 5624 πᾶσιν
1018 5571 1228 5639 ἐγίνετο
1265 5579 1548 5649 καταφανῆ
1590 5582 1656 5635 τά
1681 5581 1832 5652 λεγόο

323 5742 371 5773 ⁸⁸
411 5742 562 5800 I‘sal.
604 5761 792 5813 cun,
833 5749 885 5805 5.
966 5753 1009 5782 ⁵²
1052 5751 1196 5811 l'sal.
1231 5771 1423 5822 vazn,
1474 5758 1555 5810 l5.

1933 4856 2061 4922 quia
2108 4854 2178 4907 ibi
2222 4853 2610 4921 reSponsiones
2660 4852 2863 4907 exteris
2904 4851 3129 4907 dabant.
3176 4852 3306 4906 Item
3341 4868 3354 4903 :
3395 4867 3413 4900 ι
3451 4849 3515 4902 lit

1935 4945 2249 5014 garriebant
2278 4944 2542 4999 adversus
2561 4960 2645 4998 me
2675 4945 2767 5014 qui
2792 4944 3057 4998 sedebant
3095 4943 3147 4998 in
3180 4952 3335 5014 porta
3358 4943 3402 4975 θ’
3430 4959 3444 5005 ;
3490 4964 3508 4993 ι

1937 5042 2124 5104 utpote
2154 5035 2246 5104 qui
2273 5035 2590 5104 plerumque
2618 5036 2728 5089 illic
2754 5046 2930 5090 cauus
2963 5051 3095 5092 suos
3125 5037 3324 5090 habere
3364 5035 3508 5088 sole-

1935 5127 2085 5182 bant.
2144 5127 2267 5181 Pari
2310 5143 2457 5182 nunc
2488 5128 2979 5196 modO'arguentes
3011 5131 3065 5183 in
3118 5129 3295 5197 portis
3352 5128 3507 5185 dicit,

1936 5219 2094 5289 quasi
2148 5220 2221 5274 ibi
2252 5228 2507 5274 curarent
2547 5220 2820 5290 propheta:
2851 5220 3156 5274 voluntates
3193 5217 3281 5272 Dei
3313 5216 3509 5285 praedi-

1942 5326 2101 5374 care,
2129 5311 2220 5366 ubi
2243 5313 2456 5366 cunctis
2480 5328 2601 5382 qua:
2629 5312 2949 5367 dicebautur
2973 5310 3258 5363 manifesta
3285 5309 3509 5367 fiebant.

1943 5419 2120 5473 neque
2133 5404 2342 5460 civibus
2366 5412 2598 5468 tantum,
2613 5418 2801 5458 verum
2820 5402 2984 5457 etiam
3001 5402 3204 5455 exteris
3221 5400 3265 5455 si
3290 5399 3511 5468 quando

1946 5494 2013 5548 ad
2045 5495 2233 5549 urbem
2264 5497 2532 5551 venirent.
2563 5494 2765 5550 Deinde
2796 5494 2852 5547 in
2886 5491 3241 5562 sequentibus
3276 5491 3342 5545 de
3398 5490 3470 5543 ini
3495 5519 3511 5529 -

1940 5586 2245 5655 quitatibus
2307 5588 2416 5644 illis
2458 5588 2719 5655 loquitur,
2773 5600 2912 5669 quas
2956 5592 3011 5639 et
3060 5592 3219 5638 antea
3272 5581 3507 5637 dixerat.
