3860 6518
473 331 581 386 275

1643 341 1736 397 ΤΠ
1746 341 1998 400 EODORI
2039 345 2048 398 l

2148 344 2520 401 psussrsm
3581 347 3664 404 276

478 468 497 501 ε
541 450 770 516 Idcirco,
802 467 904 521 pro
922 468 987 507 eo
1022 454 1166 523 quod
1221 470 1404 527 pugno
1441 473 1733 529 pauperem
1766 463 2040 532 percutie—

2148 481 2303 534 μενα,
2337 466 2397 517 ού
2435 467 2546 528 τοῖς
2579 464 2800 528 οἰκείοις
2829 466 3007 535 μόνον,
3041 464 3175 518 ἀλλὰ
3218 466 3307 519 καὶ
3342 468 3449 529 τοῖς
3481 466 3664 536 ἔξωθεν,

472 542 637 605 batis,
655 550 709 596 et
736 543 878 597 dona
906 546 1077 599 electa
1108 548 1401 617 accepistis
1434 550 1502 605 ab
1534 565 1621 618 eo,
1645 552 1841 609 domos
1893 554 2041 608 laevi-

471 643 600 705 gato
652 636 827 703 lapide
876 636 1214 700 azdiiicastis,
1272 639 1327 693 in
1371 642 1453 697 eis
1511 657 1625 698 non
1663 643 1984 700 babitabitis
2024 664 2037 699 :

473 726 661 779 vineas
675 724 1059 782 desiderabiles
1084 728 1393 797 plantastls,
1423 742 1477 787 et
1506 732 1690 787 vinum
1714 749 1902 788 carum
1931 750 2040 790 non

475 815 692 871 bibetis.
730 835 759 867 »ν
791 817 1059 883 Quoniam
1087 821 1228 875 mala
1275 823 1604 891 pauperibus
1635 824 1933 889 inﬂixistis,
1988 836 2045 881 et

473 922 911 980 eorumquaaqne
921 912 1123 980 optima
1144 914 1472 984 diripuistis,
1488 917 1740 988 'edesque
1760 919 2041 989 speciosas

474 1013 539 1052 ex
576 1000 776 1067 injusta
818 1002 1204 1072 eompilatione
1247 1005 1595 1071 aadiﬁcastis,
1619 1022 1834 1063 necnon
1881 1023 2043 1078 agros

474 1086 647 1140 multa
676 1088 965 1144 sedulitate
987 1092 1342 1162 excoluistis;
1377 1097 1546 1164 probe
1575 1099 1773 1152 scitote
1807 1112 1907 1153 vos
1959 1099 2044 1155 bis

474 1192 599 1232 cum
634 1180 901 1249 lnjustitia
920 1183 1207 1253 acquisitis
1226 1200 1335 1240 non
1370 1184 1669 1243 fruituros:
1701 1203 1827 1243 nam
1860 1203 1962 1244 nec
1988 1190 2045 1244 in

476 1268 586 1324 illis
634 1268 886 1328 domibus
938 1276 1350 1344 permanebitis,
1404 1292 1584 1348 neque
1617 1293 1684 1335 ex
1727 1279 2042 1351 hujusmodi

477 1360 622 1430 agris
651 1360 834 1432 fruges
860 1366 1194 1436 percipietis.

2137 558 2286 621 ὅπως
2327 558 2456 611 ποτὲ
2505 560 2587 621 είς
2621 558 2720 629 τὴν
2770 559 2925 613 πόλιν
2968 560 3377 631 ἀφικνουμένοις
3396 582 3409 596 ο
3444 556 3553 614 εἶτα
3590 565 3665 617 καὶ

2138 649 2371 719 καθεξῆς
2400 651 2498 714 τὰς
2534 651 2878 722 παρανομίας
2900 651 3071 720 λέγων
3094 652 3321 715 ὲκείνας,
3344 651 3407 713 ἀς
3427 652 3513 705 καὶ
3535 656 3661 723 πρόσ-

2140 738 2235 791 θεν
2281 740 2527 810 είρήκεν
2574 758 2594 791 ι
2629 739 2728 794 Διά
2761 741 2917 795 τοῦτο
2959 741 3077 795 ἀνθ’
3124 734 3198 796 ὧν
3244 742 3665 806 κατεκονδυλίζετε

2139 833 2374 901 πτωχὸν,
2394 835 2487 887 καὶ
2500 834 2648 905 δῶρα
2665 835 2897 889 ἐκλεκτά
2911 835 3160 901 ἐδέξασθε
3178 839 3303 909 παρ’
3325 836 3501 899 αὑτοῦ,
3520 837 3667 902 οἴκους

2138 920 2358 987 ξεστοὺς
2384 922 2786 995 ᾠκοδομήσατε,
2816 925 2910 979 καὶ
2928 926 2989 979 οὐ
3022 926 3096 997 μὴ
3121 927 3375 997 οἰκήσητε
3407 927 3462 979 ἐν
3486 927 3665 988 αὐτοῖς·

2138 1011 2464 1081 ἀμπελῶνας
2491 1014 2858 1087 ὲπιθυμητοῦς
2882 1016 3234 1085 ὲφυτεύσατε,
3255 1017 3349 1070 καὶ
3369 1018 3429 1069 οὺ
3457 1016 3525 1088 μὴ
3539 1018 3668 1087 πίητε

2139 1101 2231 1155 τὸν
2259 1097 2401 1157 οἶνον
2431 1103 2628 1159 αὐτῶν.
2671 1124 2690 1159 ι
2737 1105 2954 1176 Ἐπειδὴ
2986 1106 3299 1178 ὲπετρίϐετε
3328 1110 3424 1178 μὲν
3442 1111 3541 1171 τοῖς
3560 1124 3670 1161 πτω-

2140 1194 2256 1263 χοῖς
2295 1193 2365 1247 τά
2414 1195 2582 1259 κακὰ,
2615 1195 2684 1250 τά
2724 1196 2984 1251 κάλλιστα
3016 1197 3072 1250 δὲ
3111 1197 3219 1251 τῶν
3255 1198 3381 1267 παρ’
3419 1197 3583 1261 αὐτοῖς
3618 1197 3671 1251 δι’

2144 1285 2407 1355 ἁρπαγῆς
2454 1286 2785 1358 ποιούμενοι,
2839 1288 3020 1352 οῐκους
3060 1306 3122 1342 τε
3172 1290 3461 1361 εὐπρεπεῖς
3502 1291 3559 1341 ὲκ
3594 1289 3671 1359 τῆς

2146 1373 2331 1428 ἀδίκου
2364 1378 2805 1433 κατεσκευάσατε
2840 1380 3123 1450 συλλογῆς,
3155 1381 3249 1433 καὶ⁵
3278 1380 3341 1452 δὴ
3379 1380 3468 1433 καὶ
3505 1378 3672 1447 ἀγροὺς

480 1450 620 1521 μετά
666 1452 866 1525 πολλῆς
910 1455 1297 1529 ἐξειργάσασθε
1344 1460 1447 1531 τῆς
1478 1462 1822 1533 ἐπιμελείαςο
1850 1458 1909 1518 εὖ
1950 1463 2062 1518 ἴστε
2096 1464 2172 1530 ὡς
2213 1468 2313 1521 οὐκ
2354 1469 2690 1523 ἀπολαύσετε
2724 1470 2831 1525 τῶν
2870 1470 3041 1549 οὕτως
3073 1472 3132 1538 ἐξ
3172 1450 3383 1533 ἀδικίας
3417 1482 3673 1541 περιγεγο-

479 1544 649 1599 νότων,
680 1546 805 1615 ὑμῖν
824 1564 839 1578 ·
878 1547 1000 1601 οὔτε
1041 1551 1149 1622 γάρ
1185 1552 1281 1605 ἐπὶ
1303 1551 1411 1606 τῶν
1437 1554 1601 1608 οεκων
1636 1557 1849 1626 μενεῖτε
1882 1556 2125 1621 ἐκείνων,
2160 1559 2284 1615 οὔτε
2314 1561 2414 1631 μὲν
2438 1562 2563 1625 τοὺς
2602 1561 2709 1615 τῶν
2736 1560 2989 1616 τοιούτων
3016 1546 3200 1633 ἀγρῶν
3226 1560 3532 1625 ὑποδέξεσθε
3567 1574 3674 1631 καρ-

479 1637 635 1701 πούς.

552 1735 716 1792 Vsus.
765 1737 951 1793 12-45.
997 1769 1066 1779 -—
1114 1758 1137 1789 ι
1181 1738 1317 1806 Quia
1343 1742 1569 1811 cognovi
1628 1743 1798 1798 multa
1828 1744 2041 1801 scelera

2215 1742 2363 1813 Στίχ.
2412 1742 2598 1813 ιβ’-ιε’.
2645 1772 2713 1783 --
2762 1762 2781 1795 ι
2820 1743 2945 1797 Ὀτι
2997 1742 3169 1811 ἔγνων
3217 1740 3417 1804 πολλὰς
3462 1739 3674 1801 ἀσεῖείας

482 1837 683 1889 vestra,
709 1837 765 1884 et
807 1832 999 1901 gravia
1047 1841 1271 1902 peccata
1326 1842 1506 1890 vestra
1560 1854 1575 1890 :
1624 1837 1897 1906 justitiam
1951 1852 2049 1893 vos

479 1921 891 1984 conculcantes,
915 1924 1245 1993 accipientes
1278 1934 1433 1996 pacta
1462 1928 1655 1998 pretia,
1695 1943 1962 1999 pauperes
1994 1931 2047 1985 in

479 2013 655 2082 portis
686 2012 1071 2083 deprimentes.
1126 2035 1147 2068 ι
1178 2014 1333 2072 Haud
1364 2032 1451 2074 me
1479 2018 1611 2073 latet
1644 2019 1937 2074 multitudo
1984 2034 2050 2074 ac

480 2102 799 2171 magnitudo
826 2105 1092 2160 scelerum
1123 2112 1177 2161 et
1207 2115 1557 2177 peccatorum
1588 2116 1921 2171 vestrorum,
1953 2125 2049 2163 ne-

480 2206 589 2259 que
607 2193 749 2261 quod
781 2207 1006 2249 munera
1035 2208 1158 2249 cum
1175 2193 1393 2263 jnstitia
1418 2197 1823 2261 commutastis,
1846 2196 2048 2268 quibus

481 2284 739 2353 acceptis,
767 2292 1067 2354 pauperum
1088 2285 1294 2353 judicia
1327 2295 1520 2340 contra
1536 2288 1815 2344 veritatem
1843 2304 2049 2360 praeva-

480 2373 637 2426 ricati
672 2372 826 2427 estis.
870 2372 1048 2443 Atque
1079 2373 1167 2427 hic
1199 2374 1360 2427 etiam
1405 2382 1685 2443 portarum
1719 2378 2048 2433 mentionem

482 2463 684 2528 intulit,
710 2463 866 2532 juxta
902 2463 1049 2534 quod
1099 2474 1260 2519 antea
1299 2466 1556 2520 diximus.
1604 2485 1627 2517 ιι
1660 2466 1787 2525 Ideo
1835 2470 1929 2540 qui
1967 2470 2047 2523 in-

480 2555 698 2625 telligit,
737 2563 982 2625 tempore
1010 2556 1103 2609 illo
1136 2556 1357 2622 tacebit,
1419 2559 1551 2627 quia
1578 2565 1792 2629 tempus
1845 2561 2047 2615 malum

478 2654 583 2700 est.
647 2665 666 2697 ι
711 2646 853 2717 Ergo
882 2662 1009 2701 cum
1039 2662 1197 2716 pana
1247 2648 1534 2703 minaciter
1593 2651 1745 2706 vobis
1792 2651 2046 2722 ptwdicta

480 2737 779 2800 advenerit,
832 2736 876 2791 ii
916 2737 1007 2807 qui
1060 2737 1358 2808 intelligere
1419 2747 1582 2809 prout
1630 2755 1729 2810 par
1773 2742 1933 2812 118
1963 2730 2050 2797 est

479 2827 680 2888 sciunt,
711 2828 976 2881 malorum
996 2826 1158 2881 veluti
1183 2827 1553 2897 magnitudine
1572 2829 1808 2895 attoniti,
1838 2829 2047 2886 malunt

478 2919 751 2973 silentium
782 2918 942 2982 tueri,
970 2926 1186 2990 tempus
1233 2918 1335 2974 hoc
1362 2934 1488 2975 esse
1512 2927 1766 2990 putantes
1789 2936 1901 2990 quo
1953 2921 2047 2975 illa

478 3011 638 3080 longe
680 3017 806 3064 ante
867 3009 1125 3079 praedicta
1190 3017 1452 3065 eventura
1512 3018 1689 3067 erant.
1748 3030 1767 3063 ι
1807 3011 2047 3078 Quaerite

2150 1832 2321 1903 ὑμῶν,
2345 1834 2436 1886 καὶ
2464 1833 2677 1904 ἰσχυραὶ
2701 1835 2754 1886 αἱ
2771 1832 3036 1904 ἁμαρτίαι
3068 1832 3241 1903 ὑμῶν,
3273 1830 3673 1893 καταπατοῦντες

2145 1924 2209 1978 τὸ
2231 1923 2457 1988 δίκαιον,
2490 1924 2855 1994 λαμϐάνοντες
2880 1922 3225 1992 ἀλλάγματα,
3258 1922 3355 1975 καὶ
3386 1921 3601 1989 πένητας
3629 1922 3673 1971 ὲν

2149 2014 2346 2079 πύλαις
2372 2015 2729 2079 ἐκκλίνοντες.
2768 2032 2789 2068 ι
2834 2015 2970 2069 om
2997 2015 3105 2086 γάρ
3136 2032 3203 2085 με
3227 2013 3447 2084 λέληθεν
3475 2012 3530 2064 τὸ
3565 2011 3669 2078 ali;-

2150 2106 2243 2171 θος
2268 2106 2363 2161 καὶ
2394 2107 2455 2160 τὸ
2488 2105 2713 2176 μέγεθος
2747 2104 2857 2159 τῶν
2896 2121 2957 2157 τε
2986 2104 3247 2159 άσεδειιῖιν
3290 2101 3506 2155 καὶτῶν
3532 2102 3674 2170 ἀμαρ-

2146 2198 2277 2253 τιῶν
2318 2197 2428 2251 τῶν
2461 2196 2741 2268 ὑμετέρων
2761 2213 2775 2226 ·
2804 2194 2917 2249 οὗθ’
2959 2196 3041 2248 ὅτι
3081 2194 3142 2248 τὸ
3174 2195 3384 2249 δίκαιον
3418 2191 3671 2262 ἀντηλλάτ·

2144 2289 2304 2345 τεσθε
2342 2289 2671 2361 χρημάτων·
2702 2288 2776 2358 (p.
2810 2286 2935 2355 I78)
2973 2285 3011 2340 ἃ.
3063 2286 3212 2358 παρά
3236 2286 3346 2338 τῶν
3394 2283 3675 2339 ἀδικούντων

2151 2380 2531 2451 κομιζόμενοι,
2564 2380 2663 2443 τάς
2708 2379 2819 2434 τῶν
2850 2380 3097 2450 πενήτων
3128 2378 3342 2449 κρίσεις
3389 2378 3465 2441 είς
3490 2375 3674 2428 τούναν-

2146 2471 2259 2525 τίον
2308 2471 2562 2543 ὲτρέπετε
2614 2471 2716 2541 τῆς
2770 2470 3055 2541 ἀληθείας·
3089 2467 3367 2523 κάνταῦθα
3397 2467 3452 2520 δὲ
3504 2465 3558 2519 τὸ
3592 2464 3675 2516 «ὲν

2147 2561 2341 2626 πύλαις
2364 2581 2382 2614 ι
2404 2561 2760 2634 προσέθηκεν.
2780 2560 2995 2616 κατὰτὸ
3011 2561 3242 2634 πρόσθεν
3262 2558 3536 2631 εἰρημένον
3552 2557 3671 2626 ἡμῖν.

2153 2673 2173 2708 ι
2201 2653 2298 2706 Διὰ
2341 2652 2500 2707 τοῦτο
2535 2654 2564 2706 ό
2598 2652 2793 2707 συνιὼν
2821 2654 2879 2705 ὲν
2929 2651 3008 2723 τῷ
3065 2650 3240 2722 καιρῷ
3286 2648 3473 2718 ἐκείνῳ
3506 2644 3673 2710 σιωπή-

2149 2762 2330 2801 σεται·
2352 2744 2434 2799 ὃτι
2460 2745 2649 2816 καιρὸς
2683 2745 2915 2816 πονηρός
2934 2745 3066 2797 ἐστι.
3102 2761 3123 2796 ι
3167 2739 3511 2811 Ἐπαχθείσης
3532 2735 3675 2790 τοίνυν

2145 2835 2245 2907 τῆς
2264 2836 2659 2907 ἀπειλουμένης
2686 2837 2954 2907 τιμωρίας
2986 2837 3131 2907 ὑμῖν,
3156 2834 3395 2895 ἅπαντες
3433 2831 3481 2884 οἱ
3508 2828 3561 2881 τὸ
3582 2826 3675 2879 δέον

2152 2926 2403 2981 συνιέναι
2437 2921 2539 2980 οἷοί
2586 2944 2647 2980 τε
2700 2927 2877 2991 ὅντες,
2916 2927 3107 2997 ὥσπερ
3140 2923 3565 2995 ἐκπεπληγμένοι
3604 2917 3675 2971 ἐπὶ

2147 3016 2225 3088 τῷ
2263 3017 2485 3087 μεγέθει
2519 3017 2628 3071 τῶν
2660 3017 2868 3081 κακῶν,
2894 3017 3137 3082 ἀξιοῦσιν
3165 3016 3394 3087 ἡσυχίαν
3428 3013 3673 3082 παρεῖναι.

482 3100 679 3156 bonum
712 3109 767 3155 et
800 3115 909 3155 non
940 3101 1165 3167 malum,
1190 3107 1251 3155 ut
1278 3101 1509 3168 vivatis;
1542 3109 1597 3157 et
1623 3102 1705 3157 sic
1731 3103 1833 3157 erit
1864 3102 2048 3157 vobis;

2149 3106 2241 3158 τὸν
2273 3105 2465 3176 καιρὸν
2502 3105 2862 3176 ὑπειληφότες
2914 3106 3037 3158 καθ’
3064 3105 3124 3158 ὃν
3173 3103 3393 3156 ἔσεσθαι
3438 3096 3676 3172 πόρρωθεν

480 3207 604 3244 cum
665 3190 923 3246 Dominus
962 3190 1103 3247 Deus
1170 3193 1538 3263 omnipotens.
1594 3192 1748 3247 Sicut
1808 3193 2049 3257 dixistis,

480 3283 627 3337 odite
670 3284 870 3337 malum
920 3291 974 3337 et
1018 3283 1229 3354 diligite
1279 3285 1501 3349 bonum,
1567 3291 1622 3340 et
1660 3285 1932 3339 restituite
1996 3285 2050 3338 in

481 3373 653 3449 portis
702 3372 1015 3441 judicium:
1079 3383 1137 3429 ut
1202 3375 1524 3429 misereatur
1590 3375 1851 3430 Dominus
1908 3373 2052 3431 Dens

480 3467 824 3536 omnipotens
895 3465 1247 3535 reliquiaan
1301 3465 1547 3535 Josephi.
1583 3485 1602 3517 ι
1667 3466 2049 3521 Verumtamen

479 3553 725 3624 quan’diu
763 3562 976 3626 tempus
1035 3565 1307 3628 superest,
1335 3558 1564 3614 consulo
1610 3558 1765 3613 vobis
1797 3559 2052 3614 omnibus

482 3655 544 3701 ut
576 3661 608 3701 a
636 3647 769 3701 vitio
814 3647 1101 3712 recedatis,
1134 3657 1191 3705 et
1224 3652 1477 3705 virtutem
1501 3651 1927 3720 amplectamini.
1959 3649 2052 3707 Sic

470 3740 625 3794 enim
655 3739 808 3795 vobis
836 3741 1116 3812 continget
1160 3742 1524 3812 prosperitate
1582 3743 1713 3807 frui,
1752 3741 1864 3799 Deo
1894 3760 2050 3799 suam

479 3836 771 3897 praestante
817 3830 1065 3895 tutelam,
1126 3838 1410 3901 propterea
1461 3832 1605 3902 quod
1656 3833 1884 3889 honesto
1928 3842 2048 3889 stu-

479 3920 693 3985 dentes,
719 3936 749 3973 a
770 3921 1037 3978 deteriore
1053 3922 1140 3978 via
1162 3923 1433 3980 resilistis.
1460 3923 1524 3979 Et
1554 3925 1598 3980 si
1626 3932 1809 3980 vetere
1843 3935 2049 3981 mutata

479 4014 746 4068 sententia
795 4015 851 4068 in
915 4016 1088 4085 portis
1147 4030 1298 4071 more
1351 4017 1513 4072 solito
1560 4017 1712 4087 justa
1766 4019 2052 4077 volueritis

478 4119 735 4161 exercere
784 4106 1011 4177 judicia,
1050 4109 1463 4178 consequemini
1516 4110 1756 4166 divinam
1808 4112 2051 4168 clemen-

476 4197 632 4261 tiam,
670 4213 797 4268 quae
845 4198 1109 4267 plurimos
1149 4208 1388 4256 vestrum
1439 4200 1689 4255 salvabit.
1751 4200 2049 4272 Joseplunn

478 4295 658 4343 autem
714 4288 802 4343 hic
844 4289 977 4345 dicit
1015 4291 1202 4346 decem
1266 4293 1462 4353 tribus,
1514 4308 1545 4347 a
1586 4295 1856 4364 praecipua
1908 4296 2051 4351 inter

481 4376 625 4445 illas,
654 4377 927 4448 Ephraimi
952 4379 1097 4446 dico,
1116 4381 1211 4451 qui
1238 4381 1381 4438 ﬁlius
1405 4381 1626 4454 Josephi
1663 4383 1785 4439 fuit.

2156 3197 2467 3267 μεμήνυται
2495 3197 2689 3251 ταῦτα.
2730 3215 2749 3249 ι
2798 3195 3169 3267 Ἐκζητήσατε
3197 3193 3258 3247 τὸ
3286 3192 3468 3256 καλὸν,
3504 3190 3586 3243 καὶ
3619 3185 3675 3255 μὴ

2151 3290 2213 3343 τὸ
2268 3290 2523 3360 πονηρὸν,
2587 3290 2735 3352 ὅπως
2785 3287 3024 3359 ζήσητεο
3064 3286 3157 3340 καὶ
3209 3284 3365 3339 ἔσται
3404 3283 3512 3354 μεθ’
3557 3279 3676 3350 ὑμῶν

2152 3378 2325 3441 οὕτως
2382 3378 2584 3449 Κύριος
2633 3380 2663 3432 ό
2717 3378 2849 3441 Θεὸς
2884 3380 2913 3432 ό
2958 3377 3374 3448 παντοκράτωρ,
3416 3374 3474 3427 ὃν
3515 3370 3677 3442 τρόπω

2153 3473 2341 3526 εἴπατε
2363 3489 2379 3504 ο
2418 3472 2824 3543 Μεμισήκαμεν
2851 3471 2920 3525 τὰ
2964 3470 3197 3542 πονηρὰ,
3235 3471 3334 3524 καὶ
3358 3468 3676 3539 ἠγαπήκαμεν

2152 3562 2222 3616 τά
2270 3563 2433 3628 καλὰ,
2493 3562 2588 3616 καὶ
2626 3562 3113 3633 ἀποκαταστήσατε
3165 3562 3225 3615 ὲν
3281 3561 3471 3622 πύλαις
3517 3558 3676 3628 κρῖμα.

2151 3653 2299 3717 ὅπως
2329 3653 2526 3726 ἐλεήσῃ
2556 3654 2760 3725 Κύριος
2785 3656 2814 3708 ό
2845 3653 2978 3717 Θεὸς
3000 3654 3029 3706 ὁ
3057 3652 3449 3725 παντοκράτωρ
3474 3650 3583 3711 τοὺς
3601 3663 3676 3700 κα-

2152 3743 2440 3807 ταλοίπους
2472 3743 2567 3797 τοῦ
2606 3744 2829 3816 Ἰωσήφ.
2869 3762 2889 3793 ιι
2941 3743 3103 3797 Ἀλλὰ
3148 3743 3258 3815 γὰρ
3305 3745 3364 3797 ὲν
3393 3744 3497 3812 ὅσῳ
3522 3737 3677 3792 τούτου

2153 3836 2362 3907 καιρὸς,
2420 3835 2771 3907 συμϐουλεύω
2817 3837 2982 3891 πᾶσιν
3021 3838 3324 3906 ἀποστῆναι
3355 3836 3449 3906 μὲν
3477 3831 3561 3885 τοῦ
3586 3827 3676 3900 χεί-

2154 3944 2324 3999 ρονος,
2351 3928 2565 3983 ἑλέσθαι
2588 3927 2644 3981 δὲ
2668 3927 2731 3980 τὸ
2757 3930 3005 4000 κρεῖττον
3023 3944 3038 3958 ·
3071 3926 3216 3980 οὕτω
3244 3927 3354 4000 γάρ
3389 3926 3510 3996 ὑμῖν
3540 3935 3677 3992 προσ·-

2151 4020 2303 4073 έσται
2333 4017 2440 4071 τῶν
2465 4018 2685 4086 ἀγαθῶν
2715 4019 2749 4090 ἠ
2774 4018 3097 4083 ἀπόλαυσις,
3121 4017 3216 4071 τοῦ
3238 4017 3374 4071 Θεοῦ
3396 4016 3488 4087 τὴν
3506 4010 3678 4067 οἰκείαν

2152 4110 2483 4182 παρέχοντος
2521 4110 2871 4181 κηδεμονίαν,
2916 4111 3056 4181 ὑπὲρ
3090 4102 3166 4164 ὧν
3198 4109 3441 4180 ἑλόμενοι
3462 4106 3525 4159 τά
3548 4100 3676 4160 καλὰ,

2150 4189 2551 4275 ἀπεστράφητε⁷’
2569 4200 2879 4272 ’τὼχείρωο
2914 4202 3009 4256 καὶ
3050 4201 3105 4255 εἴ
3129 4218 3192 4270 γε
3220 4202 3322 4272 τὴν
3355 4198 3575 4253 παλαιὰν
3601 4193 3678 4246 ἁλ-

2150 4292 2409 4359 λάεαντες
2449 4294 2709 4363 γνώμην,
2766 4296 2825 4347 έν
2852 4295 2973 4357 ταῖς
3016 4292 3214 4356 πύλαις
3257 4291 3397 4345 κατὰ
3438 4288 3496 4342 τὸ
3524 4281 3677 4342 εἰωθὸς

2149 4385 2248 4448 τὰς
2284 4385 2492 4456 κρίσεις
2526 4384 2736 4451 ἐθέλετε
2769 4384 3037 4437 ποιεῖσθαι
3072 4382 3308 4445 δικαίας,
3343 4375 3575 4445 τεύξεσθε
3602 4374 3678 4439 τῆς

480 4470 632 4533 θείας
674 4469 1078 4541 φιλανθρωπίας
1119 4475 1529 4547 περισωζούσης
1572 4476 1734 4546 ὑμῶν.
1776 4478 1902 4540 τοὺς
1936 4477 2257 4539 πλείστους·
2308 4478 2396 4547 (p.
2448 4476 2585 4548 179)
2636 4476 2832 4547 Ἰωσὴφ
2876 4477 2933 4529 δὲ
2973 4474 3207 4529 ἐνταῦθα
3247 4476 3353 4538 ,τὰς
3394 4474 3517 4528 δέκα
3562 4465 3679 4534 λέγει

482 4562 673 4633 φυλὰς,
702 4563 810 4616 ἀπὸ
844 4564 941 4634 τῆς
969 4564 1279 4635 ἡγουμένης
1310 4568 1369 4619 ὲν
1405 4562 1586 4630 αὐτοῖς
1603 4609 1619 4634 ,
1643 4569 1743 4638 τῆς
1769 4569 1863 4623 τοῦ
1910 4570 2146 4642 Ἐφραῒμ
2172 4570 2332 4635 λέγω,
2356 4568 2415 4632 ὃς
2439 4564 2508 4639 ἦν
2531 4567 2646 4633 υίὸς
2676 4567 2771 4621 τοῦ
2808 4569 3024 4639 Ἰωσήφ.

552 4655 716 4710 Vens.
750 4656 939 4711 16-18.
969 4684 1041 4696 —
1076 4676 1095 4707 ι
1132 4656 1421 4726 Propterea
1461 4658 1591 4712 dicit
1618 4659 1877 4716 Dominus
1907 4660 2048 4717 Deus

2226 4661 2375 4730 Στίχ.
2408 4666 2601 4731 ις’-ιη’.
2629 4689 2700 4699 -
2729 4677 2749 4711 ι
2785 4660 2883 4713 Διά
2930 4659 3088 4712 τοῦτο
3116 4657 3241 4712 τάδε
3284 4659 3429 4727 λέγει
3468 4655 3638 4726 Κύρισς
3657 4649 3679 4702 ἀ

478 4749 828 4819 οιιιηίροιοηε
884 4768 899 4803 :
962 4747 1021 4804 In
1050 4750 1310 4806 omnibus
1360 4750 1557 4821 plateis
1589 4752 1869 4821 planctus,
1897 4766 1952 4810 et
1997 4757 2052 4809 in

480 4842 735 4895 omnibus
774 4840 877 4897 viis
918 4842 1130 4897 dicetur
1168 4840 1504 4903 lamentatio,
1570 4847 1684 4899 vae!
1718 4849 1834 4901 vae!
1874 4867 1893 4899 ι
1948 4846 2056 4903 Sed

478 4934 607 5003 quia
644 4933 928 5003 praedictas
954 4934 1281 4989 monitiones
1313 4936 1466 5005 pensi
1495 4950 1603 4990 non
1632 4937 1921 5003 habuistis,
1970 4939 2055 4993 la.

480 5026 869 5081 mentationum
896 5040 958 5080 ac
998 5026 1308 5096 planctuum
1347 5029 1502 5098 plena
1540 5028 1647 5084 erit
1699 5030 1831 5086 urbs
1861 5039 1915 5085 et
1964 5046 2056 5085 re-

479 5118 589 5188 gio,
647 5129 867 5189 propter
893 5119 1051 5174 editae
1078 5120 1146 5173 ab
1180 5119 1430 5176 hostibus
1484 5122 1684 5192 stragis
1715 5122 2050 5193 magnitudi-

480 5226 622 5267 nem.
660 5231 678 5263 ι
714 5210 1005 5267 Vocabitur
1062 5214 1297 5283 agricola
1323 5214 1388 5268 ad
1424 5215 1629 5268 luctum
1672 5224 1727 5269 et
1756 5216 2052 5284 planctum.

479 5314 534 5358 et
581 5304 647 5357 ad
674 5304 795 5359 illos
821 5306 912 5373 qui
940 5305 1222 5359 lamentari
1274 5306 1493 5365 sciunt.
1533 5316 1588 5361 et
1617 5308 1673 5360 in
1697 5307 1915 5363 cunctis
1952 5308 2056 5362 viis

480 5395 765 5463 planctus;
824 5397 951 5465 quia
973 5397 1222 5451 transibo
1251 5412 1346 5466 per
1376 5397 1612 5451 medium
1648 5399 1749 5460 tui,
1780 5398 1915 5453 dicit
1950 5398 2056 5452 Dn-

479 5484 681 5540 minus.
722 5505 740 5537 ι
798 5486 1067 5556 Agricola:
1114 5486 1278 5540 etiam
1334 5486 1541 5542 omisso
1596 5486 1798 5555 agresti
1862 5501 2046 5557 opere,

482 5574 789 5644 planctibus
835 5577 1000 5631 variis
1057 5575 1375 5653 etluctibus
1450 5584 1504 5630 et
1568 5576 2050 5634 lamentationibus

482 5667 911 5735 occupabuntur,
960 5668 1161 5723 editam
1201 5668 1362 5722 simul
1398 5672 1642 5739 lugentes
1685 5670 1753 5723 ab
1800 5671 2055 5726 hostibus

484 5766 738 5829 stragem,
763 5767 815 5814 ct
842 5768 1001 5817 terra;
1026 5760 1541 5823 infructuositatcm.
1590 5760 1711 5823 ll:cc
1733 5773 1908 5820 autem
1946 5779 2041 5842 pa-

2150 4751 2285 4815 Θεὸς
2312 4753 2342 4804 ὁ
2364 4752 2759 4823 παντοκράτωρ
2780 4763 2796 4779 ·
2830 4750 2920 4805 Ἐν
2939 4750 3141 4814 πάσαις
3168 4749 3442 4812 πλατείαις
3466 4742 3677 4803 κοπετὺςο

2150 4840 2245 4894 καὶ
2282 4842 2342 4894 ὲν
2388 4841 2589 4903 πάσαις
2620 4843 2741 4903 ταῖς
2791 4840 2930 4902 ὁδοῖς
2973 4839 3268 4910 ῥηθήσεται
3307 4837 3515 4910 θρῆνος,
3537 4830 3677 4893 Οὐαὶ,

2148 4932 2290 4987 οὐαί.
2330 4951 2349 4984 ι
2414 4932 2631 5002 Ἐπειδὴ
2667 4932 2725 4986 δὲ
2768 4933 2830 4985 οῦ
2865 4933 3070 4986 τούτων
3115 4933 3243 5002 ὑμῖν
3289 4933 3460 5000 λόγος,
3499 4928 3679 4998 θρήνων

2150 5024 2245 5078 καὶ
2274 5024 2519 5077 κοπετῶν
2551 5023 2702 5077 ἔσται
2733 5023 2905 5091 μεστά
2924 5024 2991 5076 τά
3019 5041 3078 5075 τε
3106 5024 3257 5078 κατὰ
3278 5024 3426 5076 πόλιν
3456 5020 3543 5075 καὶ
3566 5012 3679 5071 κατᾶ

2153 5114 2354 5188 χώραν,
2408 5116 2519 5169 ἀπὸ
2554 5115 2647 5168 τοῦ
2690 5113 2927 5184 πλήθους
2979 5115 3079 5184 τῆς
3111 5116 3398 5186 γινομένης
3452 5112 3548 5166 ὑπὸ
3590 5106 3679 5159 τῶν

2154 5208 2426 5279 πολεμίων
2453 5210 2683 5278 σφαγῆς.
2720 5226 2740 5260 ι
2775 5207 3119 5278 κληθήσεται
3142 5208 3384 5279 γεωργὸς
3411 5207 3487 5268 εἰς
3517 5198 3678 5256 πένθος

2152 5303 2248 5355 καὶ
2310 5303 2389 5366 εἰς
2441 5301 2668 5355 κοπετὸν
2722 5301 2815 5353 καὶ
2851 5302 2930 5364 εἰς
2966 5301 3176 5363 εἰδότας
3228 5299 3422 5371 θρῆνον
3445 5313 3459 5328 ’
3508 5293 3589 5346 καὶ
3632 5289 3679 5339 ἐν

2153 5395 2354 5456 πάσαις
2391 5393 2529 5456 ὁδοῖς
2575 5391 2835 5455 κοπετός⁸
2883 5392 3016 5446 διότι
3052 5391 3394 5462 διελεύσομαι
3434 5386 3516 5442 διὰ
3540 5381 3680 5454 μέσον

2156 5503 2270 5549 σου,
2299 5485 2447 5553 λέγει
2490 5484 2708 5555 Κύριος.
2742 5503 2760 5536 ι
2798 5484 2908 5537 Καὶ
2952 5482 3186 5554 γεωργοὶ
3206 5483 3263 5536 δὲ
3290 5483 3396 5535 τῶν
3429 5477 3558 5533 κατὰ
3597 5470 3681 5539 γῆν

2154 5579 2415 5649 ἀφέμενοι
2442 5578 2640 5649 ἔργων,
2676 5578 2804 5649 περὶ
2846 5578 3109 5640 κοπετοὺς
3146 5577 3241 5630 καὶ
3270 5575 3432 5643 πένθη
3457 5571 3542 5624 καὶ
3572 5562 3680 5633 θρή-

2156 5688 2262 5724 νων
2312 5671 2774 5742 ἀσχοληθήσονται
2809 5668 3103 5731 ποικιλίαν,
3152 5669 3251 5738 τήν
3278 5684 3335 5719 τε
3374 5661 3570 5732 σφαγὴν
3593 5654 3680 5708 τῶν

2158 5763 2430 5817 πολεμίων
2467 5764 2559 5816 καὶ
2608 5762 2701 5831 τῆς
2749 5761 2850 5837 γῆς
2883 5759 2980 5835 τὶς)
3029 5758 3307 5829 ἀκαρπίαν
3344 5753 3481 5813 κατά
3517 5744 3684 5809 mihi
