3860 6554
171 354 263 408 97'!

1181 352 1730 412 COMMENTARIUS
1756 354 1821 408 IN
1864 354 2071 411 AMOSI
2107 356 2258 411 CAP.
2302 357 2362 411 V.

3281 360 3391 418 278‘

172 469 492 543 θρηνοῦντες·
532 466 698 524 ταῦτα
744 470 800 524 δὲ
842 470 1117 525 πείσονται
1162 474 1296 528 Θεοῦ
1334 477 1422 530 διὰ
1468 479 1578 532 τῶν
1605 496 1693 531 πο-

1807 476 2032 545 tientur,
2063 478 2173 535 Deo
2202 497 2297 550 per
2319 481 2526 536 medios
2560 481 2684 536 illos
2723 493 2849 535 cum
2902 482 3147 537 exercitu
3197 458 3388 537 hostili

167 562 346 631 13p.in
375 562 453 623 εἰς
484 561 677 631 μέσους
699 561 894 625 αἰτοὺς
923 564 1201 629 εἰσιόντος,
1240 570 1334 621 καὶ
1368 572 1481 632 τοῖς
1510 569 1705 631 ,τοσού-

168 672 263 717 τοις
307 654 395 708 καὶ
428 654 767 721 τηλικούτοις
810 655 1229 727 περιϐάλλοντος
1261 664 1471 726 κακοῖς.
1517 680 1536 713 ι
1572 662 1705 716 Οὐαὶ

166 748 206 799 οἱ
248 744 625 815 ἐπιθυμοῦντες
676 745 774 817 τὴν
823 746 1039 818 ἡμέραν
1093 750 1333 821 Κυρίουο
1388 754 1483 807 καὶ
1526 754 1614 807 ἵνα
1651 754 1706 807 τί

167 843 278 911 ὑμῖν
324 840 457 909 αῦτη
517 841 552 909 ἡ
585 838 768 911 ἡμέρα
816 839 911 893 τοῦ
965 840 1205 912 κυρίους
1254 842 1350 896 καὶ
1403 842 1544 913 αῦτη
1589 846 1706 898 ἐστὶ

165 933 329 994 σκότος
367 931 460 984 καὶ
498 932 565 984 οὐ
600 930 738 999 φῶς.
780 950 800 982 ι
841 931 1057 1003 Ἐπειδὴ
1096 931 1204 1004 γὰρ
1245 933 1432 987 πολλοὶ
1475 934 1607 1006 πρὸς
1644 934 1705 988 τὸ

164 1026 319 1093 χεῖρον
342 1022 619 1086 παντελῶς
646 1023 1104 1095 ἐκτετραμμένοι,
1129 1024 1331 1078 ὡσανεὶ
1362 1024 1705 1097 ψευδομένων

164 1120 235 1186 ἐφ’
255 1114 327 1180 οἷς
353 1118 587 1189 ἐμήνυον
612 1116 723 1171 τῶν
753 1118 1070 1189 προφητῶν,
1096 1118 1340 1189 ἐτόλμων
1375 1118 1552 1187 λέγειν
1576 1162 1593 1186 ,
1620 1119 1703 1172 ὅτι

173 1209 372 1263 *Ελθέτω
396 1208 459 1279 δὴ
490 1208 562 1262 τὰ
594 1210 740 1263 κακὰ
771 1209 809 1263 ἃ
835 1210 973 1278 φατὲ
1010 1209 1106 1264 καὶ
1138 1208 1405 1281 μηνύετε,
1445 1211 1496 1263 εἰ
1520 1210 1585 1282 δή
1617 1227 1702 1273 τις

162 1300 362 1368 ἀλήθεια
406 1299 668 1370 πρόσεστι
708 1301 823 1363 τοῖς
880 1299 1060 1368 λόγοις
1107 1298 1292 1371 ὑμῶν’
1326 1298 1486 1353 τοῦτο
1514 1299 1661 1369 λέγει
1684 1315 1700 1330 ο

174 1391 541 1455 Ἐλεεινότατοι,
573 1392 762 1463 φησὶν,
785 1391 916 1446 ἐστέ
960 1392 1300 1472 τὴνῂμέραν
1318 1392 1394 1465 (p.
1420 1392 1543 1462 180)
1566 1392 1703 1446 ἐκεί-

163 1500 240 1552 νην
286 1481 699 1551 ἐπιζητοῦντες,
760 1484 826 1555 ῆν
849 1484 912 1538 ού
965 1484 1313 1549 πιστεύοντες
1356 1484 1699 1552 ἐλεύσεσθαι,

168 1574 340 1643 ὄψεσθε
369 1576 432 1644 τῇ
465 1574 658 1647 πείρᾳ,
698 1573 928 1647 ζοφερὸν
955 1576 1083 1647 ὑμῖν
1112 1575 1192 1646 τῷ
1226 1575 1422 1646 πλήθει
1455 1576 1564 1632 τῶν
1597 1594 1695 1631 καο

163 1665 255 1718 κῶν
303 1667 607 1735 ἐπάγουσαν
670 1667 894 1731 σκότος·
924 1662 1049 1722 εἶτα
1085 1669 1180 1721 καὶ
1228 1667 1590 1739 ὑποδείγματι
1638 1668 1704 1722 τὸ

163 1757 415 1829 εἰρημένον
440 1757 823 1829 πιστούμενος.

217 1932 340 2003 Στίχ.
367 1932 565 2001 ιθ’-κγ’.
596 1961 673 1975 -
711 1952 730 1985 ι
771 1935 868 1988 Ὃν
904 1934 1103 2005 τρόπον
1129 1934 1225 1988 ἐὰν
1250 1935 1465 2009 ἐκφύγῃ
1490 1935 1695 2007 ἄνθρω-

163 2026 318 2088 ποςὺι
366 2024 655 2095 προσώπου
692 2025 786 2079 τοῦ
822 2026 1054 2089 λέοντος,
1087 2027 1182 2080 καὶ
1223 2028 1439 2099 ἐμπέσῃ
1465 2028 1613 2099 αὑτῷ
1660 2030 1693 2100 ἠ

162 2119 358 2186 ἀρκτος;
384 2116 477 2170 καὶ
518 2118 831 2189 εἰσπηδήσῃ
862 2121 942 2182 εἰς
973 2120 1066 2172 τὸν
1092 2116 1258 2186 οἷκον,
1303 2122 1398 2173 καὶ
1428 2121 1697 2195 ἀπερείσῃ

164 2208 240 2270 τὰς
273 2211 442 2277 χεῖρας
478 2207 651 2260 αὐτοῦ
697 2208 793 2260 ἐπὶ
828 2208 921 2261 τὸν
972 2212 1182 2280 τοῖχον,
1226 2211 1320 2264 καί¹
1363 2210 1505 2283 δάκῃ
1532 2211 1695 2265 αὐτὸν

158 2299 282 2367 ὄφις·
304 2300 412 2368 οὐχὶ
442 2300 641 2362 σκότος
674 2300 707 2368 ἡ
740 2299 925 2372 ἡμέρα
953 2300 1047 2354 τοῦ
1075 2303 1301 2375 Κυρίου,
1331 2303 1426 2358 καὶ
1453 2305 1515 2356 οὺ
1542 2303 1693 2373 φῶς;

165 2390 236 2441 καὶ
274 2390 451 2456 γνόφος
491 2389 595 2441 οὐκ
645 2388 786 2459 ἔχων
831 2390 1032 2459 φέγγος
1062 2390 1265 2465 αὐτῆς;
1304 2414 1324 2446 ι
1375 2395 1453 2447 Δι’
1484 2395 1697 2449 ὑποδεί-

163 2496 331 2548 γματος
374 2480 478 2549 γὰρ
509 2479 795 2551 ἠϐουλήθη
837 2481 937 2551 τῆς
981 2483 1195 2552 ἡμέρας
1221 2486 1325 2557 τήν
1351 2487 1695 2558 χαλεπότητα

163 2568 396 2634 ἐπιδεῖξαι.
464 2570 554 2633 Ὠς
618 2570 729 2642 γὰρ
778 2570 834 2623 εἰ
880 2589 987 2635 τις,
1049 2574 1215 2645 φησὶ,
1264 2575 1384 2628 καθ’
1419 2577 1539 2630 ὁδὸν
1593 2578 1693 2648 μὲν

161 2656 354 2720 ἀκούσας
376 2658 584 2723 λέοντος
617 2659 838 2728 ἔφοδον,
874 2662 967 2714 ἐπὶ
990 2662 1090 2733 τὴν
1123 2663 1277 2717 πόλιν
1320 2666 1689 2737 καταδράμοι·

163 2748 370 2817 ἐμπεσὼν
391 2750 446 2802 δὲ
473 2751 666 2823 ἄρκτῳ
691 2751 832 2804 κατὰ
859 2751 955 2824 τὴν
981 2753 1133 2805 πόλιν
1170 2756 1297 2818 τοὺς
1322 2756 1691 2826 ἐμπίπτοντας

163 2840 501 2914 λυμαινομένη,
525 2844 625 2897 ἐπὶ
648 2845 747 2915 τὴν
774 2844 952 2898 οἰκίαν
976 2845 1313 2917 εἰσπηδήσας
1339 2848 1439 2919 τὴν
1459 2849 1690 2915 οἰκείαν,

164 2933 283 2987 λύσιν
308 2935 545 3006 εὑρέσθαι
574 2935 704 2989 τινὰ
722 2935 831 2988 τῶν
852 2934 1049 2991 κακῶν
1067 2936 1262 3011 ἐλπίζῃ
1279 2956 1292 2969 ·
1320 2934 1439 2992 εἶτά
1464 2958 1579 3004 πως
1599 2941 1691 2993 ἐπί

163 3042 243 3079 τινι
288 3028 431 3098 χρεία
476 3027 553 3099 τῷ
618 3028 785 3098 τοίχῳ
841 3029 1207 3099 προσαγαγὼν
1264 3030 1360 3102 τὴν
1400 3034 1560 3102 χεῖρα
1590 3033 1691 3103 τὴν

162 3118 344 3183 οἰγ-ίαν,
375 3118 564 3189 ἁθρόον
606 3118 715 3171 ὑπὸ
745 3118 921 3187 ὄφεως
957 3119 1199 3192 δηχθείη,
1229 3121 1328 3174 οὐκ
1371 3122 1586 3195 ἀνάγκη
1612 3124 1691 3196 τῷ

164 3207 344 3277 τοιούτῳ
386 3210 515 3278 μετὰ
546 3208 824 3279 τοσαύτην
858 3210 1052 3280 πεῖραν
1095 3210 1282 3264 κακῶν
1326 3212 1420 3264 καὶ
1460 3212 1689 3285 θόρυϐον
1712 3235 1762 3298 c

165 3298 399 3366 τοσοῦτον,
448 3300 682 3370 ἀφύκτῳ
741 3304 1188 3372 περιπεπτωκότι
1239 3306 1306 3374 τῇ
1364 3303 1546 3375 πληγῇ
1591 3304 1686 3358 τοῦ

162 3389 319 3453 ὀφεως,
345 3394 522 3456 σκότος
546 3388 691 3446 εἶναι
720 3393 819 3463 τὴν
848 3394 1056 3464 ἑτέροις
1077 3394 1409 3465 φαινομένην
1437 3395 1685 3467 ἡμέραν;

163 3479 437 3554 οὐδέδιορᾷν
478 3484 669 3554 μέντοι
698 3484 808 3538 τῶν
846 3484 1132 3556 παρόντων
1160 3487 1224 3540 ἐκ
1259 3486 1368 3540 τῶν
1395 3486 1688 3559 ὀφθαλμῶν

163 3571 319 3638 ὁρῶντι
343 3575 440 3628 τῶν
480 3575 739 3640 οἰκείων;
782 3580 859 3645 (p.
886 3577 1010 3645 181)
1055 3574 1200 3630 οὕτω
1242 3578 1306 3648 δὴ
1346 3580 1441 3631 καὶ
1490 3579 1684 3649 ὑμεῖς,

166 3664 307 3731 φησὶν,
337 3666 661 3731 ἀκούσαντες
716 3666 817 3737 μὲν
864 3668 1202 3736 πανταχόθεν
1244 3667 1352 3721 τῶν
1415 3668 1688 3736 πολεμίων

166 3753 239 3822 τὴν
272 3755 438 3825 ,ἔφοδον
485 3760 578 3812 ἐπὶ
608 3758 707 3830 τὴν
750 3759 904 3811 πόλιν
940 3758 1317 3811 εἰσελεύσεσθε
1343 3775 1356 3787 ο
1392 3761 1457 3812 ἐκ
1501 3759 1557 3811 δὲ
1590 3760 1686 3813 τοῦ

166 3845 257 3897 κατ’
280 3849 433 3919 αὐτὴν
465 3849 699 3921 θορύϐου
721 3850 1173 3921 διαταραχθέντες
1195 3890 1210 3915 ,
1243 3852 1302 3905 ὃν
1336 3852 1551 3924 ἀνάγκη
1578 3853 1686 3905 τῶν

166 3937 387 4002 πολεμίων
407 3940 727 4010 ἐφεστώτων
752 3942 998 4009 γίνεσθαι
1019 3944 1076 3996 ἐν
1093 3943 1251 4013 αὐτῇ,
1269 3944 1349 4007 εἰς
1365 3945 1488 4006 τοῦς
1505 3943 1686 4007 οἴκους

166 4027 474 4086 εἰσελεύσεσθε
516 4035 649 4096 τοὺς
676 4032 936 4096 οἰκείους,
972 4034 1256 4105 περιέσται
1287 4033 1345 4087 δὲ
1373 4033 1530 4086 οὐθὲν
1562 4031 1689 4085 οὐδὲ

166 4121 213 4171 ἐκ
237 4124 397 4178 τούτου
432 4126 593 4179 πλέον
630 4127 780 4196 ὑμῖν,
816 4128 882 4180 ἐκ
906 4126 1013 4180 τῶν
1043 4127 1228 4197 μυχῶν
1250 4126 1349 4196 τὴς
1373 4125 1551 4189 οἰκίας
1591 4126 1686 4178 ἐπὶ

166 4211 239 4281 τὴν
262 4216 612 4285 αἰχμαλωσίαν
652 4216 981 4283 ἐξελκόντων
1036 4219 1179 4287 ὑμᾶς
1224 4217 1332 4272 τῶν
1368 4216 1644 4288 πολεμίων
1666 4256 1680 4269 .

167 4301 260 4365 Πῶς
372 4310 478 4371 τοῖς
514 4308 695 4363 ταῦτα
721 4309 1042 4379 πάσχουσιν,
1074 4308 1134 4360 οὺ
1170 4306 1361 4383 σκότος
1406 4301 1546 4359 εἶναι
1592 4306 1685 4358 τὸν

166 4397 312 4462 καιρὸν
336 4400 527 4454 ἐκεῖνον
560 4402 809 4471 ἀνάγκης
853 4394 987 4453 Εἶτα
1012 4402 1091 4462 εἰς
1118 4398 1216 4469 τὴν
1248 4400 1344 4468 τῆς
1382 4399 1686 4470 μοχθηρίας

165 4485 302 4539 αὐτῶν
329 4491 586 4558 ἀπόδειξιν
616 4492 841 4561 ἐπάγειο
884 4511 901 4543 ι
933 4490 1261 4562 Μεμίσηκα,
1288 4490 1554 4560 ἀπῶσμαι
1588 4490 1684 4553 τὰς

167 4578 315 4649 ἑορτὰς
337 4583 498 4651 ὑμῶν,
534 4585 632 4639 καὶ¹
666 4586 726 4637 οὐ
762 4585 837 4656 μὴ
878 4582 1169 4655 ὀσφρανθῶ
1198 4584 1255 4637 ἐν
1286 4585 1405 4646 ταῖς
1435 4583 1683 4654 πανηγύ-
1715 4573 1760 4629 Ῑ)

168 4684 281 4733 Ρετιν
301 4674 453 4742 ὑμῶν.
483 4696 501 4727 ι
536 4676 639 4729 Διά
658 4676 831 4747 δὲτὴν
846 4676 939 4729 τοῦ
963 4675 1163 4746 τρόπου
1183 4674 1486 4746 μοχθηρίαν
1507 4675 1682 4744 ὑμῶν,

166 4762 236 4811 καὶ
256 4763 336 4827 τὰς
358 4768 537 4838 ἑορτὰς
568 4767 637 4831 ἃς
670 4768 937 4821 ἐπιτελεῖν
966 4767 1060 4819 ἐπὶ
1083 4769 1217 4837 τιμῇ
1255 4766 1460 4820 δοκεῖτε
1480 4769 1548 4838 τῇ
1576 4769 1681 4837 ἐμῇ

164 4848 230 4903 διὰ
251 4854 410 4922 μίσους
432 4860 554 4929 ἔχω,
586 4861 682 4913 καὶ
701 4860 763 4913 οὐ
792 4859 1085 4931 προσίεμαι
1109 4858 1333 4922 ταύτας.
1364 4878 1381 4909 ι
1417 4860 1561 4912 Διότι
1589 4858 1683 4912 ἐὰν

166 4941 376 5015 ἐνέγκητέ
422 4969 506 5019 μοι
550 4951 985 5023 ὁλοκαυτώματα
1026 4952 1120 5005 καὶ⁵
1164 4950 1356 5014 θυσίας
1388 4950 1541 5021 ὑμῶν
1567 4991 1581 5015 ,
1620 4950 1682 5003 οὗ

172 5037 504 5111 προσδεξομαν
549 5044 645 5097 καί⁹
681 5044 979 5115 σωτηρίους
1019 5041 1339 5111 ἐπιφανείας
1390 5040 1544 5111 ὑμῶν
1583 5041 1684 5093 οὐκ

166 5123 490 5201 ὲπιόλέψομαι.
528 5154 546 5187 ι
609 5135 727 5189 Κᾶν
777 5135 970 5197 θυσίας
1023 5129 1116 5188 οὖν
1164 5134 1197 5199 ἢ
1254 5131 1681 5202 ὁλοκαυτώματα

167 5223 476 5295 προσφέρητε,
502 5228 601 5298 τὴν
631 5230 695 5281 ἐκ
723 5230 822 5298 τῆς
850 5228 1174 5297 ἐπιφανείας
1215 5229 1311 5297 τῆς
1338 5225 1479 5296 ἒμῆς
1508 5242 1681 5295 σωττΓ

168 5308 262 5372 ρίαν
287 5313 571 5384 ἐλπίζοντες
592 5321 682 5373 διὰ
699 5322 905 5374 τούτων
933 5320 1138 5382 λαϐεῖν,
1160 5318 1280 5372 οὔτε
1300 5317 1542 5388 δέξομαι,
1563 5317 1679 5370 ἀλλ’

166 5400 254 5455 αὐδὲ
281 5410 504 5477 προσέξω
547 5416 658 5476 τοῖς
692 5414 999 5483 γινομένοις
1036 5412 1193 5475 ὅλως.
1239 5389 1303 5462 Ti
1340 5405 1470 5474 οῦν;
1512 5429 1531 5459 ι
1563 5411 1677 5462 Με-

167 5492 384 5566 τάοτησον
432 5505 526 5556 ἀπ’
579 5506 715 5577 ἐμοῦ
762 5502 897 5578 ἦχον
947 5507 1099 5578 ᾠδῶν
1147 5522 1241 5558 σου
1267 5543 1281 5567 ,
1328 5503 1424 5557 καὶ
1466 5501 1680 5573 ψαλμὸν

166 5581 363 5651 ὁργάνων
411 5611 500 5647 σου
548 5598 646 5651 οὐκ
678 5598 1005 5669 ἀκούσομαι.
1043 5617 1060 5648 ι
1104 5596 1316 5649 Παῦσαι
1342 5594 1406 5663 δὴ
1445 5596 1539 5645 καὶ
1582 5593 1681 5657 τὰς

168 5674 215 5722 ὲκ
232 5679 322 5732 τῶν
343 5682 557 5755 ψαλμῶν
576 5690 717 5760 ᾠδὰς
761 5694 849 5747 ἐπ’
868 5692 992 5764 ἐμοὶ
1012 5689 1351 5760 ποιούμενος,
1388 5687 1510 5741 ἐπεὶ
1545 5685 1681 5763 μηδὲ

170 5766 315 5823 τούτου
341 5793 422 5844 μοι
445 5777 613 5849 λόγος.

1808 575 2148 638 transeunte;
2210 582 2266 627 et
2322 573 2521 628 talibus
2566 574 2841 643 tantisque
2901 574 3061 630 malis
3098 575 3384 632 obruente.

1811 678 1831 711 ι
1865 659 1956 716 Va:
1984 662 2423 721 desiderantibus
2458 667 2600 721 viam
2654 666 2901 721 Domini!
2932 666 3044 721 Cur
3072 668 3227 722 vobis
3268 668 3389 722 haec

1806 749 1925 807 dies
1976 752 2229 808 Domini?
2262 754 2386 826 Ipsa
2419 755 2642 825 quidem
2672 755 2817 811 haud
2839 757 2926 811 lux
2954 763 3061 821 est,
3100 757 3261 827 119
3287 757 3385 814 sed

1807 843 2062 900 tenebrae.
2090 863 2108 896 ι
2132 844 2397 912 Quoniam
2417 847 2573 901 multi
2586 846 2920 917 improbitati
2942 864 3167 919 prorsus
3188 848 3380 916 dediti,

1805 934 1964 1003 quasi
1993 934 2130 990 falsa
2172 936 2447 1006 prophetae
2473 937 2919 999 vaticinarentur,
2973 940 3156 995 dicere
3204 942 3377 996 aude-

1805 1024 1979 1080 bant:
2013 1026 2244 1082 Veniant
2273 1042 2405 1081 sane
2426 1042 2548 1098 qua:
2582 1043 2679 1083 vos
2732 1027 2918 1085 dicitis
2962 1046 3026 1084 ac
3057 1032 3379 1100 portenditis

1804 1114 1968 1179 mala,
2000 1113 2045 1169 si
2072 1124 2221 1171 certe
2249 1116 2430 1172 verbis
2451 1117 2653 1172 vestris
2669 1117 2917 1173 veritatis
2948 1119 3154 1188 aliquid
3188 1121 3331 1177 inest
3358 1139 3375 1188 ;

1805 1204 1882 1257 ait
1903 1220 2051 1259 nunc
2079 1206 2342 1277 propheta
2376 1225 2391 1262 :
2437 1207 2774 1264 Miserabiles
2802 1209 3045 1279 apprime
3077 1211 3234 1278 estis;
3279 1214 3377 1283 qui

1803 1295 1947 1350 diem
1978 1296 2124 1351 illam
2144 1298 2418 1369 expetitis,
2441 1314 2605 1370 quam
2625 1307 2908 1354 venturam
2938 1316 3047 1355 non
3068 1303 3376 1369 credentes,

1802 1386 2178 1456 experimento
2224 1386 2484 1461 videbitis
2519 1401 2755 1460 quantas
2800 1390 2955 1446 vobis
2983 1406 3081 1462 per
3106 1393 3372 1453 malorum

1803 1475 2205 1532 multitudinem
2229 1477 2463 1534 adducet
2488 1480 2761 1536 tenebras.
2790 1479 2994 1536 Deinde
3017 1481 3374 1538 similitudine

1802 1568 1967 1625 etiam
1989 1569 2195 1627 dictum
2216 1585 2377 1627 suum
2405 1571 2735 1629 confirmans
2756 1590 2773 1640 ;

1872 1929 2035 1987 Vens.
2074 1932 2261 1987 19-25.
2301 1952 2397 1985 -ι
2425 1933 2915 2001 Quemadmodum,
2956 1934 3152 2004 inquit,
3185 1933 3231 1988 si
3285 1932 3370 1988 fu-

1795 2024 1908 2095 giat
1940 2024 2103 2080 homo
2132 2040 2162 2079 a
2198 2025 2341 2082 facie
2385 2027 2582 2093 leonis,
2636 2034 2691 2083 et
2726 2032 2982 2082 occurrat
3026 2025 3075 2080 ei
3106 2041 3231 2082 ursa
3268 2046 3284 2090 ;
3315 2033 3370 2079 et

1794 2116 2016 2172 festinet
2067 2118 2277 2191 ingredi
2302 2119 2549 2187 domum,
2590 2129 2644 2177 et
2669 2120 2799 2176 dum
2838 2119 3090 2175 innititur
3120 2120 3371 2174 manibus

1793 2208 1911 2263 suis
1939 2224 2103 2279 super
2150 2210 2433 2280 parietem,
2483 2211 2724 2267 mordeat
2752 2227 2875 2268 eum
2931 2212 3186 2277 coluber;
3228 2227 3369 2265 nun-

1793 2299 1926 2368 quid
1955 2316 2063 2355 non
2085 2303 2324 2358 tenebrae
2338 2301 2458 2357 dies
2482 2300 2719 2364 Domini.
2742 2312 2797 2358 et
2824 2317 2933 2358 non
2962 2303 3095 2357 lux?
3125 2310 3179 2357 et
3192 2303 3367 2373 caligo

1792 2400 1843 2446 et
1884 2407 1993 2446 non
2034 2393 2292 2464 splendor
2333 2395 2389 2448 in
2433 2394 2539 2450 ea?
2582 2410 2600 2447 ›
2640 2394 2751 2450 Hac
2802 2394 3167 2450 similitudine
3193 2395 3367 2450 voluit

1792 2482 1898 2538 diei
1934 2484 2081 2541 illius
2125 2485 2529 2541 terribilitatem
2576 2487 2886 2543 ostendere.
2935 2485 3132 2552 Veluti,
3167 2486 3365 2557 inquit,

1791 2577 1839 2630 si
1869 2577 1994 2646 quis
2051 2577 2106 2632 in
2175 2579 2259 2634 via
2317 2579 2550 2636 audiens
2603 2580 2778 2635 leonis
2821 2579 3124 2645 incursum,
3176 2579 3364 2633 urbem

1789 2681 1985 2723 versus
2052 2666 2298 2738 ditl‘ugiat
2326 2687 2345 2723 :
2391 2677 2620 2738 tumque
2666 2670 2721 2725 in
2779 2684 2987 2733 ursam,
3046 2685 3170 2740 quae
3217 2669 3368 2723 circa

1792 2758 1981 2813 urbem
2026 2767 2381 2815 occurrentes
2419 2761 2677 2824 laniabat,
2722 2761 2993 2825 in'cidens,
3042 2761 3098 2815 in
3142 2761 3363 2815 domum

1791 2862 1946 2904 suam
1972 2864 2070 2917 spe
2094 2849 2221 2903 mali
2259 2850 2461 2905 vitandi
2492 2859 2775 2920 properet;
2817 2866 3051 2920 moxque
3080 2851 3153 2904 ibi
3183 2865 3369 2906 neces-

1789 2938 1951 2993 sitate
1974 2938 2157 3009 aliqua
2204 2939 2393 3010 parieti
2434 2955 2653 2994 manum
2701 2956 2855 2995 suam
2900 2941 3226 3011 impingens,
3278 2954 3364 2992 re-

1792 3039 1956 3100 pente
1976 3046 2007 3084 a
2027 3031 2253 3086 colubro
2272 3029 2625 3097 mordeatur;
2655 3046 2835 3085 nonne
2880 3030 3030 3095 huic,
3078 3038 3202 3102 post
3253 3040 3367 3086 tan-

1791 3128 1903 3174 tam
1944 3122 2212 3176 malorum
2265 3121 2652 3191 experientiam
2685 3129 3003 3191 tantumque
3036 3121 3361 3191 periculum,

1793 3213 2091 3269 inevitabili
2119 3213 2335 3269 demum
2356 3212 2567 3269 colubri
2602 3228 2789 3267 morsu
2835 3213 2967 3278 icto,
3024 3213 3165 3270 diem
3192 3214 3363 3277 illam,

1789 3319 1908 3374 quae
1945 3304 2157 3359 czeteris
2192 3304 2284 3357 lux
2325 3311 2583 3373 apparet,
2645 3303 2899 3358 tenebras
2941 3303 3112 3358 videri
3142 3318 3365 3359 necesse

1788 3395 1911 3450 est?
1964 3394 2037 3453 ita
2070 3401 2130 3448 ut
2163 3394 2299 3448 nihil
2334 3408 2521 3448 coram
2564 3392 2810 3448 oblatum
2847 3405 3069 3464 propter
3097 3394 3361 3448 malorum

1788 3486 2073 3558 angustias
2089 3494 2300 3550 cernat,
2330 3492 2556 3540 mortem
2586 3499 2715 3538 vero
2768 3484 3156 3555 propemodum
3187 3485 3365 3539 oculis

1787 3581 1903 3636 suis
1928 3588 2249 3649 praesentem
2304 3578 2545 3648 spectet?
2593 3576 2684 3631 Sic
2737 3578 2959 3632 omnino
3011 3592 3131 3640 vos,
3163 3576 3361 3646 inquit,

1787 3671 1971 3725 audita
2003 3670 2240 3726 hostium
2274 3685 2686 3740 quaqueversus
2710 3670 3045 3733 incursione,
3074 3669 3141 3724 ad
3172 3670 3362 3724 urbem

1789 3770 1998 3818 vosmet
2036 3763 2340 3832 recipietis:
2404 3763 2474 3816 ibi
2511 3777 2642 3817 vero
2674 3763 2908 3816 tumultu
2937 3763 3161 3824 turbati.
3197 3779 3362 3833 quem

1787 3853 1904 3909 ﬁeri
1955 3853 2368 3907 iuuninentibus
2422 3851 2672 3905 hostibus
2724 3866 2953 3906 necesse
3020 3862 3126 3917 est,
3167 3850 3362 3906 domos

1788 3949 1997 3997 vestras
2038 3941 2356 4005 introibitis,
2415 3941 2510 3996 sed
2565 3956 2635 3995 ne
2691 3939 2744 3993 id
2776 3939 2995 4009 quidem
3045 3941 3165 4010 plus
3210 3941 3364 3994 vobis

1788 4032 2071 4105 proderit:
2106 4049 2172 4087 ex
2195 4031 2410 4102 angulis
2438 4031 2584 4086 enim
2620 4032 2819 4086 aedium
2869 4039 3147 4085 extractos
3192 4031 3361 4085 abdu-

1786 4132 1913 4180 ceut
1947 4137 2046 4177 vos
2072 4122 2258 4176 hostes
2287 4123 2341 4175 in
2368 4121 2773 4190 captivitatem;
2820 4120 2935 4189 jam
2966 4136 3096 4181 vero
3115 4121 3241 4173 talia
3270 4138 3360 4191 pa-

1787 4213 2071 4279 tientibus,
2104 4212 2233 4282 quid
2269 4212 2324 4266 ni
2372 4212 2626 4267 tenebras
2654 4210 2795 4266 diem
2843 4212 2989 4266 illam
3042 4210 3213 4277 videri
3261 4228 3359 4265 ne-

1788 4320 1942 4360 cesse
1967 4304 2071 4359 erit
2116 4304 2138 4355 ?
2168 4302 2430 4357 Posthinc
2458 4302 2529 4357 ob
2562 4302 2781 4362 illorum
2823 4301 3237 4382 improbitatem,
3265 4305 3360 4362 tle-

1787 4395 2220 4458 monstrandam,
2254 4394 2443 4448 addit:
2482 4412 2501 4445 ι
2532 4393 2667 4458 Odi,
2695 4395 2868 4472 repuli
2892 4394 3214 4458 festivitates
3269 4412 3363 4461 ve—

1788 4496 1953 4551 stras,
1978 4496 2034 4542 et
2072 4502 2180 4542 non
2215 4486 2376 4557 120
2401 4486 2675 4545 odorahor
2714 4487 2768 4541 in
2801 4487 3035 4543 coetibus
3072 4488 3291 4543 vestris.
3333 4507 3352 4538 ι

1790 4580 2018 4650 Pr0pter
2049 4596 2259 4634 morum
2293 4586 2599 4639 vestrorum
2640 4579 3062 4659 improbitatem,
3100 4580 3361 4645 solemni-

1788 4680 1928 4725 tatcs
1950 4672 2113 4725 etiam
2137 4684 2275 4740 quas
2296 4669 2361 4723 ad
2390 4670 2493 4723 mei
2520 4668 2785 4730 honorem
2810 4668 3089 4722 celebrare
3109 4668 3359 4731 creditis,

1788 4762 1914 4816 odio
1937 4762 2133 4827 habeo,
2173 4776 2349 4837 neque
2390 4776 2484 4815 eas
2506 4760 2740 4833 excipio.
2779 4778 2798 4810 ι
2831 4758 2995 4825 Quod
3030 4760 3075 4814 si
3105 4759 3238 4825 mihi
3269 4761 3362 4813 ob—.

1785 4855 2023 4909 tuleritis
2052 4854 2369 4919 holocausta
2402 4863 2457 4907 et
2484 4853 2755 4915 sacriﬁcia
2782 4862 2987 4917 vestra,
3017 4867 3124 4909 non
3179 4837 3359 4911 susci-

1784 4948 1951 5017 piam,
1975 4954 2028 5002 et
2048 4946 2289 5011 salutare
2309 4954 2635 5016 conspectus
2659 4946 2824 5007 vestri
2846 4960 2955 5001 non
2982 4945 3292 5014 respiciam,
3332 4964 3352 5001 ι

1789 5035 2011 5090 Etiamsi
2047 5036 2210 5116 igitur
2241 5023 2510 5097 sacrificia
2544 5035 2631 5091 vel
2679 5035 2996 5101 holocausta
3022 5034 3356 5097 obtuleritis,

1782 5129 2020 5192 salutem,
2056 5143 2122 5191 ex
2186 5135 2435 5197 respectu
2466 5143 2586 5181 meo
2626 5134 2909 5197 sperantes
2932 5125 3003 5182 ob
3037 5126 3151 5190 haec
3187 5125 3358 5206 impe-

1776 5228 1945 5285 trare,
1976 5235 2083 5274 non
2109 5220 2413 5283 admittam,
2440 5235 2614 5289 neque
2632 5219 2894 5289 quidquid
2925 5219 3166 5274 feceritis
3198 5218 3353 5287 pensi

1778 5313 2009 5368 habebo.
2044 5311 2186 5378 Quid
2210 5312 2378 5381 ergo?
2425 5329 2443 5362 ι
2484 5310 2747 5367 Transfer
2774 5327 2803 5364 a
2830 5327 2918 5367 me
2948 5311 3185 5367 sonitum
3226 5324 3352 5363 car-

1782 5406 1992 5460 minum
2026 5413 2275 5470 tuorum;
2338 5404 2606 5474 psalmum
2639 5416 2967 5475 organorum
3001 5412 3215 5455 tuorum
3244 5416 3352 5456 non

1780 5495 2022 5550 audiam.
2056 5514 2076 5547 ι
2113 5494 2310 5551 Desine
2336 5495 2671 5564 psalmorum
2701 5495 2945 5549 carmina
2978 5493 3112 5547 mihi
3139 5508 3358 5564 compo-

1783 5589 2209 5659 ncre,quoniam
2236 5602 2303 5643 ne
2336 5589 2451 5643 huic
2482 5586 2700 5658 quidem
2727 5587 2858 5641 mihi
2889 5584 3044 5641 cordi
3079 5593 3231 5645 sunt,
