3954 6566
479 364 547 422 79
1643 368 1993 426 THEODORI
2035 368 2522 425 MOPSUESTENI

3594 363 3699 417 280

516 476 676 533 Vens.
706 476 897 533 24-27.
926 510 995 522 —-
1020 498 1037 529 ι
1081 477 1146 532 Et
1185 478 1434 535 volvetur
1486 482 1647 551 quasi
1683 497 1823 552 aqua
1872 483 2047 551 judi-.

2184 484 2333 554 Στίχ.
2364 481 2674 548 κδ’-κζ’.-‹
2698 481 2810 535 Καὶ
2832 480 3220 551 κυλισθήσεται
3239 478 3314 541 ὼς
3336 476 3480 547 ’ύδωρ
3500 478 3697 546 κρῖμα,

440 569 609 636 cium,
645 570 699 624 et
726 569 938 639 justitia
982 570 1140 639 quasi
1184 578 1399 626 torrens
1442 571 1644 629 invius.
1689 590 1707 625 ι
1746 572 1878 627 Dum
1924 589 2023 627 ve-

442 670 612 718 stram
634 661 920 718 considero
944 663 1136 726 vitam,
1166 672 1222 719 et
1247 664 1552 719 secundum
1581 666 1722 719 hanc
1751 665 2022 734 judicium

443 762 624 803 meum
673 747 741 802 de
771 750 923 805 vobis
961 750 1212 817 instituo,
1261 753 1628 823 justissimam
1681 754 1839 810 video
1882 770 1912 809 a
1940 770 2026 810 me

444 842 601 897 vobis
634 843 947 913 impositum
972 846 1040 900 iri
1067 848 1437 918 punitionem,
1463 864 1627 918 quam
1648 865 1843 920 reapse
1870 851 2026 907 vobis

442 934 695 989 omnibus
741 934 1032 1002 adducam,
1086 942 1243 1009 quasi
1308 948 1605 995 torrentem
1668 941 2027 1010 amplitudine

452 1039 552 1080 sua
579 1042 807 1095 prorsus
832 1030 1433 1087 intransibileni.iNum
1456 1032 1668 1088 hostias
1684 1041 1737 1086 et
1754 1034 2028 1087 sacrificia

444 1119 722 1176 obtulistis
752 1121 883 1176 mihi
910 1123 964 1176 in
987 1122 1207 1178 deserto
1232 1123 1593 1194 quadraginta
1627 1124 1809 1187 annis,
1851 1141 1885 1180 o
1928 1125 2030 1179 do-

446 1225 569 1267 mus
590 1210 843 1269 lsraelis?
874 1234 893 1264 ›
932 1213 1089 1280 Quod
1127 1217 1256 1269 nulli
1296 1230 1445 1270 cura:
1464 1216 1593 1269 mihi
1628 1216 1867 1271 victimae
1892 1218 2023 1283 sint,

448 1302 576 1359 inde
636 1320 734 1360 vos
779 1307 1119 1375 potissimum
1166 1308 1429 1378 poteratis
1481 1323 1834 1378 cognoscere,
1880 1310 2026 1378 quod

445 1393 812 1466 quadraginta
857 1398 1015 1452 annis
1065 1398 1121 1451 in
1173 1398 1415 1462 deserto,
1452 1398 1589 1452 nihil
1647 1399 1962 1469 bujusmodi
1998 1414 2027 1452 a

449 1486 697 1554 patribus
748 1486 947 1545 vestris
997 1488 1190 1558 exegi:
1242 1498 1296 1542 et
1348 1497 1531 1542 tamen
1552 1504 1653 1559 ego
1709 1498 2029 1558 perpetuam

451 1575 668 1631 illorum
701 1593 891 1633 curam
924 1581 1091 1648 gessi.
1134 1598 1152 1631 ι
1188 1580 1255 1634 Et
1286 1580 2032 1636 admisististabernaculum

452 1663 715 1728 Molochi,
747 1676 801 1722 et
841 1668 991 1724 sidus
1024 1671 1108 1723 dei
1142 1672 1310 1725 vestri
1342 1670 1696 1740 Rhemphan,
1738 1670 2030 1726 simulacra

450 1772 572 1826 quze
600 1758 754 1815 vobis
782 1760 1083 1816 formastis.
1116 1761 1182 1815 Et
1239 1761 1567 1817 transferam
1602 1777 1701 1816 vos
1745 1762 1889 1815 ultra
1932 1761 2031 1814 Da-

2134 579 2226 630 καὶ
2250 580 2284 648 ὴ
2307 574 2621 644 δικαιοσύνη
2645 573 2721 636 ὡς
2749 572 3085 643 χειμάρρους
3113 569 3333 630 ἄϐατος.
3376 588 3393 620 ι
3429 568 3575 638 Πρὸς
3594 568 3703 638 γὰρ

2124 668 2215 723 τὸν
2259 668 2392 738 βίον,
2434 666 2509 736 (p.
2549 664 2674 732 182)
2711 663 2897 733 φησὶν,
2953 662 3099 733 ὁρῶν
3143 661 3235 713 τὸν
3285 659 3573 731 ὑμέτερον,
3608 662 3703 714 καὶ

2127 760 2248 813 κατ’
2283 760 2486 811 ἐκεῖνον
2520 757 2619 825 τὴν
2647 755 2828 828 κρίσιν
2865 752 2972 807 τῶν
2998 752 3123 806 καθ’
3165 753 3308 822 ὑμᾶς
3344 750 3700 821 ποιούμενος,

2125 853 2237 925 ὁρῶ
2260 850 2604 921 δικαιοτάτην
2632 850 2762 920 ὑμῖν
2797 845 3247 917 ὲπαχθησομένην
3285 844 3385 915 τὴν
3406 843 3700 914 τιμωρίαν,

2127 945 2195 1015 ἢν
2218 945 2312 997 καὶ
2336 942 2522 1009 ὲπάξω
2554 943 2718 994 πᾶσιν
2763 939 2893 1009 ὑμῖν
2912 978 2926 1001 ,
2957 937 3260 1009 χειμάρρου
3309 935 3467 1005 δίκην
3522 933 3700 998 ἀδιεξ-

2127 1036 2346 1090 οδεύτου
2391 1035 2478 1089 διὰ
2509 1034 2569 1086 τὸ
2609 1031 2839 1103 μέγεθος
2862 1028 3158 1090 παντελῶς.
3197 1045 3215 1076 ι
3247 1027 3339 1097 Μὴ
3379 1025 3587 1095 σφάγια
3612 1026 3706 1077 καὶ

2129 1129 2318 1190 θυσίας
2342 1124 2751 1198 προσηνέγκατε
2773 1121 3177 1192 τεσσαράκοντα
3198 1119 3292 1189 ἐτη
3324 1120 3383 1169 ὲν
3402 1120 3469 1187 τῇ
3492 1118 3705 1187 ἐρήμῳ,

2128 1214 2278 1281 οἶκος
2320 1216 2566 1288 Ἰσραήλ;
2602 1233 2622 1266 ι
2656 1215 2778 1266 ’Ότι
2813 1213 2922 1284 γάρ
2952 1209 3141 1282 μηδείς
3169 1225 3257 1278 μοι
3288 1206 3493 1261 θυσιῶν
3528 1206 3707 1273 λόγος,

2131 1310 2342 1364 ἐκεῖθεν
2377 1309 2612 1379 μάλιστα
2644 1305 2842 1359 εἰδέναι
2882 1304 3158 1376 προσῆκον
3204 1297 3273 1372 ἦν
3303 1300 3469 1369 ὑμᾶς,
3510 1299 3606 1365 ἀφ’
3636 1292 3712 1351 ὦν

2130 1402 2223 1456 ἐπὶ
2246 1400 2654 1471 τεσσαράκοντα
2676 1397 2789 1464 τοῖς
2810 1395 2956 1449 ἔτεσι
2975 1394 3119 1447 κατά
3132 1392 3230 1463 τὴν
3251 1391 3480 1461 ἔρημον,
3500 1388 3715 1441 τοιοῦτο

2134 1496 2231 1566 μὲν
2260 1492 2409 1563 παρὰ
2448 1491 2555 1543 τῶν
2583 1489 2840 1561 πατέρων
2870 1488 3048 1559 ᾔτησα
3071 1484 3178 1538 τῶν
3206 1483 3492 1553 ὑμετέρων
3512 1481 3672 1533 οὐδέν
3695 1497 3710 1512 ·

2130 1584 2295 1647 αὐτὸς
2334 1584 2393 1637 δὲ
2424 1580 2746 1652 ἐπιμέλειαν
2777 1579 2959 1634 αὐτῶν
2984 1577 3084 1647 τὴν
3110 1575 3495 1646 προσήκουσαν
3522 1571 3711 1625 ποιού-

2134 1693 2294 1746 μενος
2339 1672 2628 1727 διετέλουν.
2668 1690 2688 1722 ι
2729 1670 2837 1723 Καὶ
2873 1668 3165 1722 ἀνελάϐετε
3214 1666 3314 1737 τὴν
3365 1664 3571 1736 σκηνὴν
3619 1662 3714 1716 τοῦ

2132 1768 2333 1837 Μολὸχ,
2388 1767 2484 1819 καὶ
2540 1765 2603 1817 τὸ
2634 1764 2833 1833 ἄστρον
2884 1760 2982 1813 τοῦ
3046 1758 3170 1812 Θεοῦ
3223 1758 3380 1828 ὑμῶν
3438 1756 3711 1826 Ῥεμφὰν,

451 1861 718 1911 mascum,
750 1848 884 1904 dicit
917 1848 1181 1906 Dominus
1222 1850 1385 1915 Deus,
1413 1850 1502 1905 cui
1550 1865 1747 1905 nomen
1771 1849 2031 1920 Omnipo-

2147 1863 2255 1924 τοὺς
2296 1859 2500 1923 τύπους
2539 1857 2633 1921 οὒς
2678 1857 2969 1926 ἐποιήσατε
3022 1854 3270 1915 ἑαυτοῖς·
3306 1851 3401 1903 καὶ
3452 1848 3720 1919 μετοικιῶ

452 1946 595 1991 tens.
636 1956 656 1989 ι
692 1935 802 1993 Vos
829 1946 1009 1994 tamen
1043 1939 1113 1995 de
1141 1941 1430 1996 honestate
1479 1940 1720 2011 cogitare
1754 1942 2049 2027 nolentes“

2131 1954 2275 2024 ὑμᾶς
2308 1951 2567 2004 ἐπέκεινα
2610 1945 2907 2017 Δαμασκοῦ
2935 1983 2950 2009 ,
2998 1943 3146 2012 λέγει
3182 1941 3387 2013 Κύριος
3417 1943 3448 1994 ὁ
3478 1940 3618 2002 Θεὸς
3639 1981 3652 1997 .
3687 1942 3715 1991 ὀ

456 2030 740 2085 sacriﬁciis
762 2030 992 2088 delinire
1011 2048 1096 2087 me
1117 2034 1372 2103 speratis.
1392 2035 1487 2103 qui
1512 2035 1804 2103 caeteroqui
1826 2035 2031 2088 nullam

2147 2043 2534 2113 Παντοκράτωρ
2562 2040 2732 2110 ὄνομα
2765 2036 2938 2108 αὐτῷ.
2979 2054 2998 2089 ι
3065 2034 3227 2088 Ἀλλά
3264 2032 3375 2104 γὰρ
3419 2031 3721 2098 συλλογίζε-

458 2124 561 2176 mei
593 2125 858 2179 rationem
896 2126 1130 2193 habetis,
1170 2129 1265 2184 sed
1297 2128 1460 2186 idolis
1500 2131 1749 2187 studiose
1782 2132 2033 2188 adhaere-

459 2216 551 2271 tis.
587 2215 897 2273 Molochum
939 2234 1068 2275 vero
1098 2222 1229 2276 dicit
1258 2222 1542 2279 adoratum
1584 2224 1651 2279 ab
1671 2225 1750 2280 eis
1782 2225 1983 2279 idolum
2016 2240 2031 2277 :

458 2308 872 2368 tabernaculum
900 2326 1029 2367 vero
1052 2311 1307 2378 Moloclii,
1338 2314 1391 2368 id
1438 2324 1521 2371 est
1566 2316 1695 2370 idoli
1748 2319 2032 2385 templum,

461 2398 839 2468 frequentatis,
863 2401 1023 2472 eique
1046 2419 1234 2458 curam
1250 2407 1564 2478 impenditis
1588 2422 1606 2461 :
1626 2409 1733 2462 imo
1752 2416 1806 2462 et
1836 2408 2035 2463 sideris

459 2490 632 2545 cultui
679 2493 907 2558 vacatis,
959 2496 1046 2550 cui
1080 2493 1175 2551 Dei
1212 2498 1634 2567 appellationem
1685 2499 2035 2555 attribuistis.

466 2583 620 2652 121
653 2583 935 2642 Hebraicaa
968 2588 1165 2661 lingua:
1198 2591 1367 2661 periti’
1406 2590 1559 2646 aiunt
1584 2592 1729 2646 hunc
1749 2606 1873 2647 esse
1902 2593 2040 2646 luci-

461 2673 661 2729 ferum.
704 2675 843 2740 Quin
883 2679 1019 2734 adeo
1066 2682 1208 2751 apud
1239 2682 1532 2738 simulacra
1568 2684 1754 2747 etiam,
1792 2700 1915 2754 (pia:
1949 2701 2039 2739 ve-

463 2767 594 2820 stris
618 2768 874 2825 manibus
895 2769 1231 2835 fabricastis,
1256 2784 1472 2844 tempus
1499 2790 1661 2831 omne
1689 2778 2037 2834 consumitis.

2135 2135 2256 2189 σθαι
2284 2135 2345 2187 τὸ
2371 2134 2487 2188 δέον
2506 2135 2567 2186 οὐ
2592 2131 2924 2202 βουλόμενοι,
2947 2127 3161 2191 θυσίαις
3184 2144 3250 2198 με
3281 2124 3720 2197 ὲκμειλίττεσθαι

2135 2226 2495 2300 προσδοκᾶτε,
2555 2223 2749 2294 ἄνδρες
2808 2220 2942 2301 εμοῦ
3010 2220 3109 2290 μὲν
3165 2217 3352 2271 οὐδένα
3404 2214 3722 2284 ποιούμενοι

2134 2320 2313 2387 λόγον,
2346 2318 2460 2379 τοῖς
2510 2313 2751 2375 εἰδώλοις
2787 2311 2845 2365 δὲ
2886 2308 3247 2380 προσανέχειν
3289 2304 3719 2366 ἐσπουδακότες

2136 2409 2316 2479 Μολὸχ
2338 2407 2447 2478 γὰρ
2477 2405 2694 2458 εἴδωλον
2716 2403 2866 2471 λέγει
2886 2403 3014 2471 παρ’
3033 2401 3219 2463 αὐτοῖς
3248 2397 3719 2469 θρησκευόμενον

2139 2500 2343 2571 σκηνὴν
2380 2498 2437 2552 δὲ
2477 2496 2569 2551 τοῦ
2620 2496 2834 2565 Μολὸχ,
2858 2494 2945 2547 ἵνα
2979 2493 3131 2563 εἴπῃ,
3167 2492 3250 2544 ὅτι
3288 2489 3593 2561 Περιέπετε
3627 2487 3723 2539 τοῦ

2138 2582 2354 2646 εἰδώλου
2388 2591 2478 2643 τὸν
2511 2589 2656 2651 ναὸν,
2692 2587 2785 2641 καὶ
2813 2587 2943 2657 περὶ
2974 2584 3165 2639 τοῦτον
3195 2583 3349 2653 ἔχετε
3369 2598 3385 2613 θ
3421 2582 3517 2634 καὶ
3535 2580 3598 2651 δὴ
3627 2581 3727 2632 καὶ

2139 2684 2267 2754 περὶ
2286 2682 2482 2751 ἄστρου
2506 2676 2803 2748 θεραπείαν
2831 2672 3162 2745 ἀσχολεῖσθε,
3192 2669 3326 2723 Θεοῦ
3357 2667 3729 2740 προσηγορίαν

2141 2774 2289 2845 αὑτῷ
2332 2769 2780 2844 περιτεθεικότεςο
2809 2769 2885 2836 (p.
2910 2766 3053 2832 185)'
3083 2764 3213 2833 φασὶ
3246 2762 3303 2815 δὲ
3332 2761 3422 2814 τὸν
3449 2759 3730 2828 ἑωσφόρον

458 2854 716 2913 Jamvero
750 2860 840 2929 qui
883 2861 1043 2917 idolis
1078 2863 1391 2928 aalhaeretis,
1429 2875 1482 2920 et
1507 2866 1713 2921 nullam
1760 2868 2041 2937 religionis

2147 2867 2282 2921 οὕτω
2310 2862 2453 2918 κατὰ
2474 2864 2573 2933 τὴν
2610 2857 2879 2930 Ἐϐραίων
2914 2855 3199 2909 καλεῖσθαι
3226 2852 3474 2922 γλῶτταν
3494 2868 3508 2880 ο
3546 2850 3642 2902 καὶ
3666 2849 3731 2919 δὴ

467 2964 599 3005 mete
627 2952 1049 3009 sollicitudinem
1103 2956 1315 3026 geritis,
1350 2958 1567 3027 placare
1614 2973 1702 3015 me
1738 2966 1921 3015 tamen
1962 2975 2045 3014 sa-

2147 2960 2237 3012 xa‘t
2269 2958 2398 3028 περὶ
2431 2954 2502 3008 τὰ
2544 2951 2898 3022 είκονίσματα
2926 2948 2961 3002 ἃ
2993 2951 3113 3010 ταῖς
3137 2946 3351 3001 ἑαυτῶν
3384 2941 3735 2997 κατεσκευά-

465 3041 689 3096 criticiis
715 3045 969 3113 speratis,
1006 3063 1127 3117 quae
1161 3049 1297 3102 nihil
1327 3057 1475 3104 certe
1509 3050 1669 3105 vobis
1707 3051 2041 3121 proderunt;

2147 3067 2273 3105 σατε
2324 3049 2509 3119 χερσὶ,
2545 3045 2674 3115 περὶ
2724 3041 2898 3097 ταῦτα
2944 3040 3045 3111 τὴν
3092 3040 3272 3092 πᾶσαν
3296 3035 3457 3105 ἄγετε
3494 3033 3729 3103 σχολήν·

477 3132 827 3189 abduccmini
894 3138 1041 3192 enim
1094 3139 1146 3192 in
1188 3140 1306 3194 loca
1340 3155 1370 3193 a
1410 3143 1607 3196 vestris
1636 3142 1858 3198 sedibus
1897 3143 2047 3213 longe

2156 3139 2273 3196 εἷτα
2323 3139 2562 3202 εἰδώλοις
2601 3135 3047 3209 προσανέχοντες,
3099 3132 3193 3185 καὶ
3229 3128 3564 3223 μηδέναᾼτῆς
3594 3125 3736 3194 ἐμῆς

469 3220 761 3291 distantia;
787 3226 839 3280 id
867 3228 1010 3281 enim
1048 3229 1313 3285 vocabulo
1352 3229 1601 3286 Damasci
1630 3232 1832 3296 innuit,
1860 3248 2047 3303 nempe

2152 3231 2449 3304 θεραπείας
2477 3229 2787 3299 ποιούμενοι
2806 3226 2985 3294 λόγον,
3014 3218 3448 3295 ἐκμειλίττεσθαί
3473 3235 3541 3289 με
3570 3232 3739 3287 προσ-

472 3327 505 3365 a
561 3321 735 3383 parte,
778 3318 1034 3386 quaelibet
1089 3314 1207 3374 loca
1256 3322 1575 3393 longinqua.
1655 3322 1853 3380 Beatus
1923 3342 2047 3396 ergo

2150 3325 2341 3379 δοκᾶτε
2380 3323 2500 3384 ταῖς
2534 3320 2747 3381 θυσίαις
2768 3355 2783 3381 ,
2818 3310 2893 3370 ὧν
2913 3315 3070 3368 οὐθὲν
3114 3315 3242 3383 ὑμῖν
3285 3312 3576 3381 γενήσεται
3610 3308 3739 3374 ὅςε-

472 3402 782 3474 Steplianus
823 3407 879 3462 in
924 3418 1240 3465 sanctorum
1273 3416 1646 3484 apostolorum
1691 3415 1943 3477 Actibus.
1979 3430 2047 3472 te-

2151 3417 2271 3479 λοςο
2309 3412 2688 3484 ἀπαχθήσεσθε
2728 3409 2836 3479 γὰρ
2884 3406 3219 3477 αἰχμάλωτοι
3249 3406 3329 3467 είς
3366 3403 3566 3464 τόπους
3600 3398 3738 3452 πολύ

474 3496 732 3552 stimonio
776 3499 879 3554 hoc
913 3501 969 3555 in
1001 3518 1253 3557 sermone
1283 3505 1349 3558 ad
1375 3504 1595 3561 Judaaos
1622 3512 1799 3571 utens,
1824 3508 2047 3563 transfe«

2154 3526 2216 3577 γε
2247 3507 2355 3560 τῶν
2382 3506 2509 3576 περὶ
2536 3505 2678 3573 ὑμᾶς
2699 3501 3016 3571 ἀφεστῶτας
3044 3498 3254 3550 τόπωνο
3279 3495 3340 3548 τὸ
3368 3494 3498 3566 γὰρ,
3523 3497 3741 3561 «Δαμα-

477 3600 595 3641 ram
619 3604 718 3644 vos
746 3591 888 3646 ultra
914 3591 1266 3663 Babylonem,
1299 3597 1375 3649 ait
1398 3597 1468 3654 ⁸³.
1506 3597 1622 3650 loca
1655 3596 1743 3650 hic
1767 3597 2047 3668 designata

2159 3598 2312 3664 σκοῦ,
2327 3618 2345 3649 ι
2368 3596 2527 3649 τοῦτο
2548 3595 2727 3662 λέγει’
2751 3592 2837 3645 ἵνα
2866 3590 2974 3644 ἀπὸ
3001 3590 3199 3659 μέρους
3214 3586 3340 3649 τοὺς
3358 3584 3421 3652 ἆγ
3432 3602 3498 3637 αν
3523 3584 3740 3652 ἀπῳκι-

479 3684 724 3749 apertius
756 3685 1072 3742 nominans.
1127 3686 1194 3743 Et
1250 3690 1375 3757 quia
1408 3704 1437 3742 a
1487 3690 1595 3745 Deo
1618 3697 1881 3761 apostatze
1908 3691 2047 3745 circa

2163 3690 2393 3761 σμένους
2442 3688 2571 3758 εἴπῃ
2592 3687 2785 3748 τόπους
2854 3684 2882 3736 ὁ
2909 3682 3038 3751 γοῦν
3072 3679 3339 3752 μακάριος
3375 3676 3654 3746 Στέφανος
3686 3675 3742 3725 ὲν

479 3768 625 3826 idola
648 3781 861 3845 tempus
889 3779 1158 3845 terebant,
1187 3780 1337 3834 addit
1374 3799 1386 3834 ε

2164 3782 2285 3843 ταῖς
2314 3777 2552 3849 Πράξεσι
2576 3774 2683 3828 τῶν
2717 3772 2887 3841 ἁγίων
2917 3767 3252 3833 ἀποστόλων,
3283 3766 3418 3836 πρὸς
3450 3761 3743 3820 Ἰουδαίους

478 3865 545 3933 τῇ
605 3869 880 3941 μαρτυρίᾳ
929 3872 1100 3945 ταύτῃ
1159 3875 1532 3945 χρησάμενος,
1597 3876 1852 3947 μετοικιῶ
1903 3877 2045 3945 ὑμᾶς
2084 3876 2339 3928 ἐπέκεινα
2373 3870 2681 3932 Βαϐυλῶνοςι
2724 3868 2864 3938 ἔφη,
2910 3867 3036 3929 τοὺς
3080 3861 3313 3917 ἐνταῦθα
3374 3856 3744 3929 μηνυομένοη

480 3963 679 4026 τόπους
711 3962 1043 4031 σαφέστερον
1068 3963 1304 4035 εἰρηκώς
1331 3964 1463 4034 (9.8).
1512 3966 1620 4020 Καὶ
1656 3966 1842 4039 ἐπειδὴ
1870 3967 1996 4040 περὶ
2021 3966 2193 4020 ταῦτα
2218 3966 2316 4037 τὴν
2353 3963 2544 4035 σχολὴν
2581 3962 2737 4030 ἔσχον
2773 3956 3086 4027 ἀφεστῶτες
3113 3954 3270 4018 Θεοῦ,
3299 3953 3495 4020 ἐπάγει
3517 3968 3532 3981 ·

1130 4077 1284 4132 CAP.
1322 4078 1410 4133 Vl.

2810 4071 2963 4125 ΚΕΦ.
3010 4071 3103 4137 ς’.

553 4167 723 4223 Vens.
761 4169 814 4234 1,
847 4167 903 4221 2.
938 4200 1009 4211 --
1043 4187 1061 4221 ι
1092 4166 1187 4224 Va:
1222 4172 1702 4227 contemnentibus
1741 4171 1983 4235 Sionem,
2015 4186 2044 4225 c

2232 4170 2376 4240 Στίχ.
2395 4176 2465 4233 α’,
2495 4168 2560 4237 β’.
2577 4166 2819 4219 -ιΟὑαὶ
2844 4165 2951 4226 τοῖς
2974 4158 3311 4227 ἐξουθενοῦσι
3334 4154 3493 4215 Σιὼν,
3521 4156 3619 4207 καὶ
3640 4156 3745 4213 τοῖς

486 4260 891 4317 conlidentibus
924 4262 979 4315 in
1020 4269 1207 4317 monte
1240 4264 1535 4319 Samaria!
1578 4284 1597 4317 ι
1641 4263 1747 4320 Sed
1781 4266 1927 4319 enim
1973 4282 2047 4317 vo:

2165 4260 2478 4315 πεποιθόσιν
2529 4258 2621 4311 ἐπὶ
2664 4257 2726 4309 τὸ
2777 4256 2901 4324 ὅρος
2949 4250 3279 4322 Σαμαρείας.
3330 4268 3346 4297 ι
3430 4247 3595 4299 Ἀλλὰ
3644 4245 3747 4313 γὰρ

488 4351 878 4416 infelicissimi,
924 4353 1019 4423 qui
1057 4353 1277 4409 Sionem
1311 4363 1552 4410 montem
1598 4366 1652 4410 et
1701 4356 1978 4410 excultum
2013 4357 2047 4408 ii

2164 4353 2515 4406 ὲλεεινότατοι
2546 4349 2764 4402 πάντων
2792 4345 2935 4408 ὲστὲ,
2956 4344 3006 4396 οἳ
3035 4343 3095 4394 τὸ
3128 4341 3226 4411 μὲν
3244 4339 3378 4392 Σιὼν
3390 4339 3515 4409 ὅρος
3544 4338 3641 4390 καὶ
3662 4337 3749 4388 τὸν

488 4442 611 4513 ipso
642 4441 811 4497 Deum
851 4442 1217 4509 deseruistis;
1264 4443 1526 4500 Samaria:
1553 4461 1683 4500 vero
1716 4447 2067 4500 constitutis-

492 4550 600 4604 que
647 4535 760 4589 illic
795 4534 958 4591 idolis
1006 4536 1325 4593 attenditis!
1366 4557 1385 4590 ι
1427 4537 1847 4592 Vindemiarum
1881 4538 2071 4607 primi-

495 4625 603 4679 tias
649 4625 921 4695 gentium,
955 4632 1010 4679 et
1061 4626 1296 4695 ingressi
1343 4635 1472 4682 sunt
1512 4626 1614 4681 sibi
1663 4626 1820 4696 ipsis,
1872 4627 2071 4681 domus

388 4784 393 4791 _
496 4718 692 4772 Israel.
747 4736 767 4769 »
837 4715 958 4771 Νοιι
1008 4727 1325 4788 reputantes
1382 4726 1589 4789 quanta
1640 4717 1796 4772 vobis
1846 4719 2076 4772 contulit

500 4805 594 4861 ille
629 4805 728 4876 qui
769 4805 823 4860 in
866 4805 1034 4863 Sione
1072 4815 1259 4863 monte
1295 4824 1511 4863 omnem
1550 4807 1653 4862 sibi
1690 4808 1932 4863 exhiberi
1959 4809 2077 4863 cul-

498 4906 615 4951 tum
644 4898 813 4968 jussit
838 4897 1019 4966 Deus;
1050 4916 1152 4955 nec
1176 4900 1321 4970 quod
1353 4901 1616 4971 plurimas
1644 4908 1831 4971 gentes
1861 4914 2078 4954 earum-

499 5002 607 5057 que
662 4990 943 5061 principes
995 4993 1213 5046 cmdens
1262 5003 1316 5046 et
1373 4995 1601 5046 ()llllllllO
1639 4992 1951 5057 dcstrucns,
2003 4992 2081 5045 iu-

498 5096 748 5151 gressum
792 5081 848 5137 in
879 5099 943 5137 ea
992 5084 1112 5137 loca
1141 5085 1296 5139 vobis
1341 5085 1750 5152 incolatumque
1781 5085 2077 5137 concessit.

506 5188 527 5225 ι
561 5170 817 5229 Transite
860 5175 918 5228 in
966 5175 1283 5241 Clialanem,
1317 5188 1370 5231 et
1410 5177 1622 5244 videte;
1656 5186 1710 5232 ct
1742 5178 1815 5232 ite
1858 5176 1986 5232 inde
2021 5179 2073 5229 in

578 5339 627 5371 ⁸³
665 5340 787 5394 Act.
829 5353 930 5404 Vit,
972 5338 1062 5392 43.

579 5497 694 5569 (28)
729 5498 807 5552 Ita
856 5497 1352 5569 Steplia_num_cum
1401 5490 1604 5569 étDOSO
1640 5491 1882 5569 breviter
1921 5491 2077 5569 inge-

512 5559 726 5638 nueque
753 5559 1008 5638 conciliat
1034 5565 1376 5638 Theodorus.
1409 5559 1593 5615 Placet
1614 5571 1794 5616 autem
1833 5561 1920 5613 hic
1945 5559 2082 5638 Gro-

511 5633 655 5693 tius}
700 5655 719 5687 ι
771 5637 947 5690 Lucas
994 5652 1107 5691 rem
1152 5633 1324 5703 magis
1377 5643 1631 5700 spectans
1676 5647 1839 5700 quam
1890 5634 2077 5703 verba,

514 5709 656 5761 ultra
688 5707 1005 5777 Babylonem
1041 5706 1151 5764 ait;
1191 5700 1515 5777 recte,_uatn
1544 5703 1845 5777 Assyriaet
1887 5700 2079 5777 Arnie-

518 5780 627 5845 oia,
668 5779 725 5832 in
765 5771 927 5847 quam
960 5780 1312 5845 transportati
1359 5775 1579 5827 fuerunt
1624 5771 1897 5836 Israelita,
1939 5771 2081 5824 ultra

2101 4478 2145 4532 Ι)
2174 4446 2230 4496 ἐν
2275 4442 2424 4511 αὐτῷ
2471 4438 2907 4512 θρησκευόμενον
2967 4430 3387 4532 παρεγράψασθε
3447 4429 3627 4532 Θεόνζ
3688 4429 3749 4497 τῇ

2175 4533 2457 4604 Σαμαρείᾳ
2501 4532 2557 4584 δὲ
2593 4531 2687 4583 καὶ
2719 4532 2831 4591 τοῖς
2878 4526 3064 4579 αὐτόθι
3099 4522 3402 4592 ἱδρυμένοις
3454 4520 3750 4590 προσέχετε

2173 4624 2430 4688 εἰδώλοις.
2478 4643 2496 4673 ι
2520 4619 2932 4692 Ἀπετρύγησαν
2961 4615 3133 4687 ἀρχὰς
3160 4611 3351 4675 ἐθνῶν,
3381 4611 3477 4664 καὶ
3505 4608 3751 4678 εἰσῆλθον

2173 4720 2383 4780 ἑαυτοῖς
2407 4755 2422 4780 ,
2462 4712 2609 4777 οἶκος
2661 4711 2753 4764 τοῦ
2802 4708 3039 4780 Ἰσραήλ.
3070 4726 3087 4757 ›
3150 4706 3264 4759 Οὐκ
3298 4704 3750 4772 ἀναλογισάμενοι

2174 4809 2334 4881 ⁴ἡλίκα
2359 4806 2629 4876 παρέσχεν
2662 4803 2808 4871 ὑμῖν.
2853 4800 2909 4862 ὃς
2940 4799 3031 4851 ἐπὶ
3055 4796 3148 4849 τοῦ
3173 4796 3309 4848 Σιὼν
3339 4795 3499 4866 ὅρους
3534 4794 3751 4847 ἃπασαν

2175 4899 2322 4968 αὐτῷ
2342 4893 2710 4969 προσάγεσθαι
2736 4891 2830 4961 τὴν
2858 4889 3149 4960 θρησκείαν
3180 4889 3256 4956 (p.
3286 4887 3408 4956 184)
3444 4882 3752 4955 προστάξας

2176 4994 2205 5045 ὁ
2236 4989 2398 5054 Θεός³
2448 4988 2555 5041 οὐδ’
2589 4988 2672 5039 ὃτι
2704 4985 2930 5038 πλεῖστα
2963 4983 3063 5034 ὅσα
3094 4982 3221 5048 ἔθνη
3252 4996 3310 5031 τε
3353 4978 3447 5030 καὶ
3480 4978 3610 5037 τοὺς
3638 4972 3757 5025 τού-

2177 5102 2287 5137 των
2331 5083 2596 5153 ἇρχοντας
2639 5074 2942 5146 περικόψας
2974 5091 3032 5126 τε
3068 5075 3161 5126 καὶ
3206 5070 3420 5141 ἀφελὼν
3455 5065 3755 5125 παντελῶς,

2182 5176 2279 5247 τὴν
2327 5176 2384 5227 ὲν
2428 5176 2539 5235 τοῖς
2584 5170 2806 5223 ἐκείνων
2851 5166 3034 5229 τόποις
3073 5166 3278 5218 εἴσοδον
3310 5181 3369 5215 τε
3419 5162 3514 5214 καὶ
3546 5160 3759 5228 οἴκησιν

2186 5492 2515 5546 Damascum
2557 5497 2611 5543 ct
2644 5488 2973 5559 Babylonem
3025 5492 3176 5539 sunt.
3220 5501 3239 5533 ι
3288 5479 3474 5548 Neque
3510 5476 3764 5559 displicet

2186 5584 2450 5638 Vatablus
2475 5584 2567 5653 qui
2587 5554 2971 5647 interpretatur
2996 5576 3322 5654 Heliraicum
3339 5554 3544 5654 parm")
3560 5554 3767 5654 natan

2188 5657 2241 5709 in
2292 5641 2553 5724 regione-nt
2601 5671 2634 5705 α
2688 5641 2858 5705 véslra
2901 5641 3352 5701 remotissimam.’
3380 5641 3536 5697 Conf.
3600 5642 3766 5695 etiam

2189 5725 2397 5781 Simon.
2436 5724 2543 5779 lex.
