3954 6510
183 360 284 417 981

1236 363 1787 421 COMMENTARIUS
1816 363 1881 419 IN
1919 362 2131 420 AMOSl
2170 364 2301 420 CAP
2364 364 2451 422 Vl.

3328 360 3449 416 28?.”

184 482 456 553 παρέσχεν
485 480 631 551 ὑμῖν-
670 482 764 535 καὶ
789 482 1002 546 δεικνὺς
1027 482 1126 552 τῆς
1155 482 1306 547 θείας
1334 485 1544 555 δωρεᾶς
1562 484 1622 536 τὸ
1655 485 1751 555 μέ-

1866 484 2051 537 Emath
2104 498 2398 553 magnam;
2452 491 2508 539 et
2559 481 2873 540 descendite
2926 480 3079 534 illinc
3128 458 3181 531 in
3234 485 3439 532 terram

184 571 345 640 γεθος
388 571 584 624 ὁπόσον
631 573 767 635 ἐστὶ,
821 593 840 625 ι
870 574 1100 644 Διάϐητε
1143 575 1343 637 πάντες
1386 577 1479 629 καὶ
1511 575 1649 628 ίδετε
1678 576 1759 637 είς

183 664 458 733 Χαλάνην,
490 666 582 716 καὶ
622 664 858 717 διέλθετε
892 666 1099 718 ἐκεῖθεν
1129 669 1208 729 εἰς
1241 666 1425 737 Δίθάμ
1454 667 1552 736 τὴν
1591 667 1760 737 μεγά-

183 756 303 824 λην,
340 755 435 807 καὶ
481 754 755 824 κατάϐητε
803 757 1011 809 ἐκεῖθεν
1039 759 1119 820 είς
1154 758 1257 827 γῆν
1283 758 1391 812 τῶν
1425 757 1758 827 ἀλλοφύλων,

182 845 283 905 τὰς
323 843 618 914 κρατίστας
652 847 714 898 ἐκ
747 846 936 898 πασῶν
978 846 1088 899 τῶν
1128 846 1411 916 βασιλειῶν
1461 847 1675 911 τούτων,
1710 850 1761 899 εί

182 933 408 987 πλείονά
452 936 565 988 ἐστι
595 935 664 988 τὰ
694 937 817 1007 ὅρια
844 936 1020 989 αὑτῶν
1061 937 1168 989 τῶν
1209 937 1489 1007 ὑμετέρων
1519 938 1701 1008 ὁρίων.
1735 956 1755 990 ι

181 1027 504 1098 Περιέλθετε
533 1027 662 1098 γάρ,
683 1028 834 1099 φησὶ,
863 1028 972 1082 τῶν
1000 1045 1057 1081 τε
1087 1029 1397 1098 ἀλλοφύλων
1423 1030 1517 1082 καὶ
1546 1031 1763 1083 πάντων

180 1119 244 1189 δὴ
273 1120 386 1173 τῶν
410 1121 705 1191 περιοίκων
732 1122 830 1192 τὴν
860 1102 1042 1191 χώραν
1068 1136 1083 1152 ⁸
1134 1121 1228 1175 καὶ
1260 1120 1324 1192 δὴ
1353 1120 1447 1173 καὶ
1476 1120 1575 1184 τάς
1607 1122 1762 1192 μεγί-

1856 573 2312 643 alienigenarum,
2345 580 2400 629 et
2432 572 2499 627 ad
2523 576 2726 643 optima
2754 588 2983 644 quaeque
3017 570 3168 639 regni
3198 569 3393 622 lterum
3419 584 3437 635 ;

1855 664 1900 719 si
1932 664 2156 720 latiores
2188 663 2406 720 termini
2453 679 2641 719 eorum
2682 664 2934 718 terminis
2964 662 3162 717 vestris
3206 666 3359 713 sunt.
3408 677 3427 709 ι

1856 756 2152 828 Peragrate
2183 758 2341 827 122
2358 757 2526 819 enim,
2547 756 2746 826 inquit,
2777 755 3203 823 alienigenarum
3229 758 3283 805 et
3311 750 3436 804 tini-

1859 850 2120 904 tlmorum
2167 851 2413 905 omnium
2465 849 2780 919 regionem;
2836 855 2890 902 et
2932 857 3221 917 postquam
3264 843 3437 898 mari:

1858 957 1978 998 mas
2024 942 2269 1011 ipsorum
2301 943 2466 997 urbes
2496 939 2887 1001 lustraveritis,
2925 938 3191 992 :estimate
3241 943 3441 991 vestra:

1858 1032 2108 1103 regionis
2153 1032 2589 1103 magnitudinem
2640 1046 2705 1085 ac
2758 1028 3107 1084 latitudinem
3161 1042 3272 1096 ιιι-ω
3303 1027 3437 1093 illis,

1856 1129 1917 1175 ut
1952 1123 2325 1191 comparando
2371 1122 2637 1184 noscatis,
2675 1127 2935 1189 quantam
2981 1117 3137 1171 vobis
3190 1133 3299 1185 prae
3330 1116 3440 1171 illis

182 1228 316 1275 στας
360 1212 470 1265 τῶν
501 1215 559 1266 ἐν
590 1215 775 1276 αὑτοῖς
807 1214 1014 1266 πόλεων
1050 1213 1269 1276 ἰδόντες,
1296 1213 1628 1283 δοκιμάσατε
1658 1214 1759 1283 τῆς

1866 1213 2112 1268 amnibus
2143 1212 2210 1267 ad
2253 1212 2616 1267 habitandum
2664 1220 2865 1265 terram
2902 1209 3256 1273 concesserit,
3288 1218 3345 1262 ut
3378 1209 3436 1262 in

180 1318 239 1352 τε
272 1300 458 1371 χώρας
504 1304 603 1372 τῆς
635 1304 905 1374 ὑμετέρας
939 1302 1000 1357 τὸ
1035 1304 1260 1374 μέγεθος
1308 1304 1402 1358 καὶ
1444 1304 1507 1356 τὸ
1531 1303 1753 1366 πλάτος,

181 1391 277 1441 καὶ
302 1391 369 1460 δὴ
395 1391 489 1443 καὶ
516 1392 614 1461 τῆς
630 1391 850 1445 ἐκείνων
871 1406 885 1422 ·
902 1392 978 1455 ὡς
1007 1392 1072 1446 ἂν
1104 1394 1168 1445 ἐκ
1199 1392 1552 1462 παραθέσεως
1573 1393 1755 1463 γνοίη-

1856 1318 1921 1358 ea
1957 1304 2196 1373 spatiose
2226 1304 2521 1358 admodum
2555 1304 2725 1357 vitam
2756 1299 3047 1371 degeretis.
3086 1300 3285 1354 Postea
3317 1314 3442 1353 rur-

1860 1410 1957 1450 sus
1988 1395 2268 1466 improbos
2299 1396 2519 1449 illorum
2556 1402 2713 1449 actus
2747 1395 3048 1463 vituperat.

177 1500 237 1536 τε
273 1486 409 1555 ὅσην
452 1488 582 1557 ὑμῖν
624 1488 774 1558 παρὰ
807 1488 1015 1551 πάντας
1058 1488 1300 1552 ἐκείνους
1343 1490 1424 1552 είς
1471 1488 1686 1558 οἴκησιν
1725 1488 1923 1543 δέδωκε
1968 1491 2093 1561 γῆν,
2137 1491 2211 1556 ὡς,
2252 1490 2318 1545 ἂν
2361 1489 2499 1562 μετὰ
2531 1490 2730 1561 πολλῆς
2769 1488 2855 1542 ἐπ’
2884 1488 3053 1558 αὑτῆς
3083 1484 3318 1555 διάγοιτε
3343 1485 3444 1552 τῆς

178 1581 523 1653 εὐρυχωρίας
546 1599 559 1612 ·
594 1570 713 1635 εἶτα
746 1583 904 1635 πάλιν
931 1583 1175 1647 ὀνειδίζει
1203 1584 1299 1647 τὰς
1335 1585 1567 1648 ἀτόπους
1600 1584 1829 1655 πράξεις
1861 1585 2067 1650 αὐτοῖς.
2288 1600 2291 1601 ⁷

252 1673 400 1741 Στίχ.
436 1671 579 1741 γ’-η’.
613 1704 685 1714 -—-
714 1692 731 1724 ι
756 1674 819 1726 Οἱ
848 1673 1132 1744 ἐρχόμενοι
1178 1675 1259 1738 είς
1291 1676 1506 1747 ἡμέραν
1546 1678 1745 1744 κακὴν,

1922 1676 2089 1732 Vens.
2124 1677 2243 1732 5-8.
2272 1708 2341 1718 -—
2382 1694 2401 1727 ι
2444 1674 2743 1731 Venientes
2778 1675 2834 1730 in
2873 1674 3019 1729 diem
3056 1672 3280 1733 malam,
3312 1684 3443 1740 pro—

178 1766 228 1818 οί
267 1765 577 1833 ἐγγίζοντες
626 1766 720 1820 καὶ
769 1766 1132 1836 ἐφαπτόμενοι
1176 1766 1481 1833 Σαϐϐάτωνη
1501 1768 1712 1837 ψευδῶν
1738 1786 1751 1798 ⁸

178 1860 228 1909 oi
257 1858 612 1920 καθεύδοντες
641 1858 733 1910 ἐπὶ
767 1857 962 1911 κλινῶν
995 1858 1358 1926 ἐλεφαντίνων
1385 1903 1399 1925 ,
1448 1861 1543 1913 καὶ
1587 1876 1758 1913 κατα-

182 1950 567 2014 σπαταλῶντες
584 1951 675 2002 ἐπὶ
702 1953 823 2013 ταῖς
850 1954 1159 2021 στρωμναῖς
1196 1951 1374 2004 αὐτῶν
1395 1968 1409 1983 ·
1457 1954 1506 2004 οἱ
1548 1952 1755 2004 ἐσθίον-

178 2058 271 2104 τες
322 2040 546 2112 ἐρίφους
588 2043 653 2094 ἐκ
712 2041 994 2111 ποιμνίων,
1032 2043 1126 2094 καὶ
1179 2042 1449 2112 μοσχάρια
1492 2044 1557 2095 ἐκ
1590 2043 1756 2112 μέσου

183 2133 478 2201 βουκολίων
506 2132 787 2203 γαλαθηνὰ
803 2149 815 2162 ·
844 2135 907 2191 οι
921 2134 1335 2206 ἐπικροτοῦντες
1362 2132 1499 2204 πρὸς
1521 2132 1619 2203 τὴν
1644 2150 1759 2201 φω-

180 2224 278 2293 νὴν
308 2223 419 2276 τῶν
447 2224 716 2295 ὀργάνων,
744 2225 819 2288 ὼς
848 2226 1058 2279 ἑστῶτα
1090 2224 1405 2291 ἐλογίσαντο
1429 2225 1523 2278 καὶ
1559 2225 1656 2293 οὑχ
1684 2224 1760 2287 ὡς

181 2312 475 2380 φεύγοντα·
509 2315 584 2381 (p.
612 2313 736 2380 185)
770 2314 820 2366 οἱ
845 2314 1090 2378 πίνοντες
1114 2314 1204 2367 τὸν
1231 2313 1566 2384 διυλισμένον
1595 2310 1756 2377 οἶνον,

180 2405 276 2455 καὶ⁵
296 2404 369 2456 τὰ
401 2403 594 2474 πρῶτα
624 2403 771 2474 μύρα
800 2406 1104 2475 χριόμενοισ
1137 2407 1229 2459 καὶ
1263 2407 1363 2458 οὑκ
1394 2405 1630 2475 ἔπασχον
1669 2407 1761 2458 ἐπὶ

178 2499 243 2566 τῇ
276 2496 541 2565 συντριϐῇ
580 2495 672 2547 τοῦ
715 2495 929 2567 Ἰωσήφ.
965 2516 983 2547 ι
1030 2497 1189 2551 Ἀλλά
1213 2496 1322 2567 γάρ
1349 2497 1505 2567 ὑμεῖς
1529 2498 1609 2560 είς
1643 2499 1761 2549 πεῖ-

182 2604 281 2658 ραν
309 2586 602 2640 ἐλεύσεσθε
633 2589 733 2657 τῆς
758 2589 972 2659 ἡμέρας
998 2589 1233 2658 ἐκείνης,
1272 2591 1305 2660 ἢ
1349 2589 1601 2659 μέγιστον
1633 2590 1762 2658 ὑμῖν

178 2677 348 2746 ἐσμὸν
382 2678 581 2744 ἐπάγει
610 2678 795 2731 κακῶν
820 2696 832 2710 ’
883 2680 932 2731 οἳ
976 2679 1044 2732 τά
1073 2681 1170 2751 μὲν
1212 2680 1466 2733 Σάϐϐατα
1518 2681 1760 2749 μετιέναι

178 2769 595 2838 προσποιεῖσθε,
628 2771 729 2821 οὑκ
773 2771 1052 2835 εὐσεϐείας
1098 2771 1312 2833 ἕνεκεν,
1363 2771 1478 2823 ἀλλ’
1515 2770 1654 2823 ὥστε
1684 2774 1763 2834 εἰς

178 2858 528 2928 παρανομίαν
557 2860 1006 2930 καταχρήσασθαι
1043 2863 1107 2931 τῇ
1140 2858 1327 2931 ἀργία·
1358 2858 1524 2912 πολὺν
1547 2858 1604 2911 δὲ
1635 2860 1763 2927 ἄχρι

175 2952 288 3004 τῶν
308 2950 510 3003 κλινῶν
535 2953 629 3005 καὶ
653 2953 751 3022 τῆς
781 2954 839 3005 ἐν
859 2954 1050 3016 αὑταῖς
1078 2953 1369 3023 στρωμνῆς
1396 2952 1489 3005 τόν
1514 2969 1573 3004 τε
1603 2949 1765 3003 πλοῦ-

175 3059 273 3095 τον
309 3042 741 3113 ἐπιδεικνύμενοι
774 3045 868 3098 καὶ
914 3044 1013 3116 τὴν
1053 3044 1361 3113 ἀσέλγειαν,
1410 3045 1475 3097 ἐκ
1519 3043 1617 3113 τῆς
1656 3043 1764 3095 τῶν

179 3136 435 3202 πενήτων
466 3135 744 3205 ἁρπαγῆς,
772 3136 995 3206 ἐρίφους
1036 3153 1096 3189 τε
1137 3137 1232 3190 καὶ
1260 3137 1387 3206 βόας
1420 3136 1512 3188 καὶ
1540 3138 1765 3188 παντοῖα

177 3226 584 3294 κατεσφάττετε
626 3226 741 3290 ζῶα
822 3229 1067 3298 ὀργάνων
1113 3246 1172 3281 τε
1220 3228 1384 3299 ᾠδαῖς
1429 3229 1524 3279 καὶ
1554 3227 1766 3296 κρότοις

178 3318 514 3390 κεχρημένοι
538 3319 757 3389 χειρῶν·
781 3315 921 3373 οἶνόν
948 3337 1007 3372 τε
1033 3320 1407 3391 προσφέρεσθε
1427 3319 1766 3387 διυλισμένον

177 3413 257 3474 tit;
284 3412 352 3464 ἂν
384 3410 625 3473 πλείονος
672 3411 800 3481 ὑμῖν
848 3410 1205 3481 ἐμφορεῖσθαι
1251 3411 1473 3465 δυνατὸν
1503 3411 1724 3481 ὑπάρχῃ
1750 3424 1763 3438 ⁸

180 3505 276 3556 καὶ
308 3504 378 3573 δὴ
423 3503 521 3555 καὶ
550 3503 744 3574 μύροις
772 3503 1136 3572 καταχρίεσθε
1174 3502 1447 3565 ἐκλεκτοῖς
1467 3518 1480 3533 ’
1516 3504 1610 3556 καὶ
1637 3501 1768 3554 ταῦ-

175 3612 250 3647 τα
275 3594 344 3663 δὴ
383 3592 658 3662 μετῄειτε,
683 3593 959 3663 διαμένειν
989 3594 1118 3663 ὑμῖν
1144 3594 1242 3665 τὴν
1272 3594 1565 3647 ἀπόλαυσιν
1586 3593 1767 3646 αὑτῶν

179 3684 618 3755 προσδοκῶντες,
642 3686 737 3737 καὶ
756 3684 877 3737 οὑδὲ
911 3684 1129 3739 πώποτε
1157 3685 1311 3756 ὑμῶν
1336 3685 1764 3755 ἀποστήσεσθαι,

175 3777 281 3828 οὐκ
318 3774 762 3845 ἀναλογιζόμενοί
809 3793 868 3828 τε
913 3778 1035 3830 οἵαν
1073 3776 1193 3829 τινὰ
1232 3778 1372 3846 ὑπὲρ
1402 3776 1606 3829 τούτων
1633 3778 1763 3829 ὑποο

181 3868 404 3936 μενεῖτε
446 3867 547 3935 τὴν
593 3868 865 3937 τιμωρίαν
893 3882 906 3895 ’
959 3868 1252 3938 συντριϐὴν
1290 3869 1398 3938 γάρ
1427 3868 1519 3920 τοῦ
1573 3868 1768 3938 Ἰωσὴφ

176 3953 469 4008 κάνταῦθα
503 3955 663 4008 πάλιν
699 3957 806 4008 ἀπὸ
836 3956 1033 4026 μέρους
1058 3957 1191 4019 τοὺς
1223 3956 1425 4021 πάντας
1458 3957 1603 4025 λέγει
1632 3973 1646 3987 ·
1682 3957 1769 4009 ἵνα

178 4048 339 4118 εἴπῃ,
373 4047 456 4098 ὅτι
492 4047 584 4108 Et;
614 4046 825 4100 ἔννοιαν
857 4049 918 4100 οὑ
955 4048 1260 4118 λαμϐάνετε
1293 4049 1391 4118 τὴν
1422 4048 1517 4100 νῦν
1554 4064 1767 4116 συντρι-

177 4140 309 4207 ϐὴν,
345 4139 414 4207 ἢν
437 4137 579 4206 ὑπὲρ
603 4137 805 4190 τούτων
830 4138 1169 4208 ὑπομενεῖτε.
1203 4139 1279 4207 (p.
1304 4138 1429 4205 186)
1465 4138 1591 4191 «Διὰ
1614 4138 1771 4190 τοῦτο

176 4229 279 4282 νῦν
305 4229 650 4299 αἰχμάλωτοι
678 4229 888 4281 ἔσονται
913 4230 1007 4282 ἀπ’
1032 4231 1205 4299 ἀρχῆς
1227 4230 1525 4293 δυναστῶν,
1556 4230 1650 4282 καὶ
1679 4229 1767 4293 ἐξ·

1859 1768 2187 1839 pinquantes
2232 1778 2286 1824 et
2315 1768 2649 1838 attingentes
2682 1767 2817 1820 falsa
2852 1765 3126 1829 Sabbata;
3165 1761 3444 1839 dormieng

1855 1869 1942 1917 tes
1993 1861 2050 1915 in
2103 1861 2262 1916 lectis
2289 1859 2581 1923 eburneis,
2634 1867 2689 1913 et
2744 1857 3095 1911 lascivientes
3146 1853 3201 1906 in
3257 1836 3447 1906 stratis

1858 1954 2017 2020 suis;
2048 1952 2403 2008 comedentes
2442 1950 2628 2005 haedos
2670 1951 2738 2003 de
2777 1948 3057 2019 gregibus,
3092 1952 3145 1999 et
3182 1945 3444 1997 lactentes

1858 2045 2060 2098 vitulos
2092 2043 2161 2098 de
2202 2043 2384 2097 medio
2427 2048 2836 2105 armentorum;
2885 2037 3210 2108 plaudentes
3255 2033 3321 2086 ad
3347 2048 3446 2085 v0-

1857 2151 1975 2192 cem
2016 2149 2371 2205 organorum,
2407 2132 2566 2204 quasi
2594 2131 2821 2186 stabiles
2852 2144 2941 2183 res
2972 2126 3359 2182 existimarunt
3391 2132 3447 2177 et

1858 2242 1967 2281 non
2008 2224 2265 2295 fugaces;
2313 2224 2566 2280 bibentes
2610 2223 2799 2278 vinum
2841 2218 3188 2281 defmcatum,
3242 2223 3296 2270 et
3329 2230 3440 2267 un-

1861 2319 2087 2389 guentis
2113 2316 2308 2387 primis
2340 2314 2591 2385 peruncti
2616 2331 2631 2379 ;
2662 2322 2715 2368 et
2740 2311 2876 2365 nihil
2899 2309 3248 2381 patiebantur
3277 2321 3446 2374 super

1857 2408 2080 2478 Joseplii
2114 2404 2465 2463 co'ntritione.
2512 2424 2530 2456 ι
2569 2405 2955 2459 Verumtamen
2987 2415 3087 2454 vos
3114 2398 3256 2452 diem
3291 2398 3440 2450 illam

1859 2498 2239 2570 experiamini,
2276 2513 2397 2567 quae
2443 2496 2742 2550 maximum
2793 2494 2951 2547 vobis
3003 2491 3269 2545 malorum
3314 2503 3447 2542 exa-

1862 2609 1985 2647 men
2010 2592 2243 2646 adducet
2269 2609 2283 2644 :
2311 2589 2403 2659 qui
2435 2588 2672 2643 Sabbata
2697 2586 2993 2640 observare
3017 2580 3310 2639 simulatis,
3336 2594 3446 2633 non

1862 2683 2143 2751 religionis
2176 2682 2376 2753 gratia,
2406 2680 2503 2735 sed
2536 2688 2595 2732 ut
2624 2677 2691 2731 ad
2730 2675 3069 2745 peccandum
3108 2672 3222 2726 otio
3252 2670 3447 2724 abuta-

1861 2775 2032 2840 mini;
2087 2775 2318 2828 multum
2370 2774 2600 2840 insuper
2640 2769 2694 2822 in
2730 2768 2885 2822 lectis
2918 2766 3083 2820 etiam
3146 2762 3446 2832 stratisque

1862 2866 2051 2919 luxum
2084 2865 2480 2932 lasciviamque
2509 2877 2576 2916 ex
2608 2873 2909 2930 pauperum
2942 2858 3137 2925 rapina
3164 2862 3449 2908 ostentan-

1863 2968 1966 3019 tes,
2004 2956 2281 3010 haedorum
2313 2968 2532 3023 quoque
2559 2966 2624 3005 ac
2655 2951 2841 3017 boum,
2870 2956 2921 3003 et
2954 2945 3200 3015 cujusvis
3230 2943 3448 3008 generis

1866 3044 2182 3099 animalium
2205 3043 2494 3096 macellum
2525 3040 2800 3094 instruitis
2823 3055 2837 3105 ;
2864 3044 2919 3091 et
2950 3037 3092 3090 inter
3114 3047 3446 3102 organorum

1866 3140 2083 3192 cantica
2115 3144 2168 3190 et
2198 3148 2461 3188 manuum
2495 3133 2720 3202 plausus
2754 3130 2943 3183 vinum
2978 3127 3254 3197 apponitis
3285 3123 3450 3176 defae-

1866 3237 2070 3289 catum,
2118 3242 2228 3296 quo
2277 3226 2460 3279 bibere
2506 3222 2717 3292 largius
2762 3219 3023 3291 possitis;
3072 3216 3307 3285 denique
3350 3230 3450 3265 un-

1866 3319 2082 3389 guentis
2111 3332 2327 3385 quoque
2359 3312 2580 3370 selectis
2608 3311 2897 3381 ungimini.
2924 3308 3050 3363 Haac
3074 3313 3253 3361 autem
3284 3305 3451 3358 facie—

1867 3409 2030 3468 batis.
2065 3413 2350 3475 sperantes
2373 3411 2718 3458 constantem
2752 3400 2969 3454 illorum
3002 3412 3184 3460 usum,
3226 3404 3281 3449 et
3308 3410 3451 3448 nun-

1866 3513 2027 3568 quam
2058 3496 2213 3550 vobis
2233 3495 2581 3560 defuturum;
2613 3506 2712 3546 nec
2742 3498 3001 3560 reputare
3028 3486 3287 3541 voluistis
3311 3501 3450 3555 qua-

1866 3590 1935 3644 lis
1975 3597 2029 3641 et
2073 3597 2277 3657 quanta
2325 3585 2484 3639 vobis
2525 3599 2687 3653 poma
2739 3581 2879 3635 foret
2928 3577 3264 3635 sustinenda.
3315 3576 3449 3628 Nam

1864 3678 2087 3746 .losephi
2117 3676 2509 3730 contritionem
2546 3674 2634 3727 hic
2666 3687 2883 3742 quoque
2921 3670 3057 3724 dicit
3093 3678 3302 3739 partem
3354 3682 3452 3736 pro

1870 3770 2069 3825 lsraele
2104 3777 2254 3834 toto;
2292 3768 2345 3822 id
2386 3774 2495 3830 est,
2546 3766 2603 3819 in
2653 3773 2891 3818 mentem
2942 3762 3099 3816 vobis
3141 3776 3250 3814 non
3303 3762 3452 3812 venit

1868 3859 2240 3919 contritionis,
2271 3872 2435 3927 quam
2461 3872 2605 3911 nunc
2634 3871 2696 3910 ea
2723 3865 2943 3924 propter
2974 3850 3246 3922 patimini.
3278 3868 3295 3899 ι
3327 3848 3453 3902 Ideo

1868 3964 2015 4003 nunc
2052 3948 2250 4017 captivi
2296 3956 2460 4001 erunt
2487 3947 2591 4000 sub
2626 3944 2937 4013 principatu
2969 3943 3363 4010 dynastarum;
3396 3948 3451 3992 et

1869 4040 2146 4095 auferetur
2198 4038 2446 4092 hinnitus
2495 4050 2763 4106 equorum
2815 4050 2882 4089 ex
2935 4031 3251 4100 Ephraimo.
3312 4028 3451 4094 Quia

1870 4136 2078 4205 juravit
2106 4132 2371 4185 Dominus
2406 4145 2500 4200 per
2549 4128 2903 4196 semetipsum
2925 4125 3153 4179 dicens:
3192 4121 3454 4176 Dominus

1875 4228 2014 4281 Deus
2064 4223 2221 4293 123
2254 4222 2543 4283 virtutum,
2592 4219 2882 4272 abominor
2918 4230 3020 4284 ego
3063 4213 3449 4268 contumeliam

175 4321 492 4390 ἀρθήσεται
511 4321 872 4390 χρεμετισμὸς
895 4321 1078 4373 ἵππων
1101 4321 1159 4384 ἐξ
1193 4320 1449 4390 Ἐφραίμ·
1484 4321 1569 4372 ὅτι
1589 4319 1764 4389 ὤμοσε

1871 4317 2083 4380 Jacobi,
2140 4324 2195 4369 et
2259 4314 2510 4384 regiones
2574 4309 2820 4379 ejusdem
2881 4307 2992 4371 odi,
3064 4306 3453 4373 destruamque

176 4375 400 4482 Ιξύρίος
426 4375 562 4463 xuii".
592 4375 790 4463 ἑαυτού
813 4375 986 4477 λέγων
1007 4427 1021 4440 ·
1060 4375 1318 4481 Κύριοςιύ
1344 4375 1474 4472 Θεὸς
1528 4375 1649 4461 τῶν.
1680 4408 1763 4459 δυο

1873 4412 2061 4463 urbem
2113 4421 2238 4459 cum
2287 4404 2545 4459 omnibus
2588 4400 2959 4455 incolentibus
3012 4399 3206 4466 ipsam.
3254 4415 3274 4448 ι
3314 4395 3453 4461 Quia

178 4503 453 4572 νάμεων,
501 4502 633 4554 διότι
685 4501 1040 4571 βδελύσσομαι
1078 4501 1187 4570 ἐγὼ
1240 4503 1416 4554 πᾶσαν
1465 4501 1562 4569 τὴν
1613 4500 1770 4571 ὓϐριν

187 4592 419 4655 Ἰακὼϐ,
454 4593 673 4655 καὶτὰς
705 4592 889 4663 χώρας
916 4592 1079 4645 αὑτοῦ
1114 4592 1415 4661 μεμίσηκά,
1449 4592 1543 4645 καὶ
1590 4590 1771 4661 ἐξαρῶ

175 4683 345 4735 πόλιν
380 4683 478 4734 σὺν
507 4683 641 4734 πᾶσι
665 4685 775 4746 τοῖς
794 4683 1136 4735 κατοικοῦσιν
1164 4683 1385 4750 αὑτήν.»
1428 4681 1640 4751 Ἐπειδὴ
1663 4681 1771 4751 γάρ

172 4774 383 4826 οὐδένα
431 4774 591 4833 λόγον
633 4774 739 4826 τῶν
771 4774 1176 4844 ἀπειλουμένων
1210 4774 1448 4827 ποιεῖσθε
1475 4815 1490 4838 ,
1536 4775 1671 4844 αὑτῇ
1704 4777 1769 4844 τῇ

173 4866 361 4935 πείρα
386 4863 658 4932 γνώσεσθε
683 4868 788 4917 τῶν
815 4866 1163 4936 μηνυομένων
1195 4865 1292 4937 τὴν
1332 4865 1606 4935 ἀλήθειανο
1666 4866 1771 4917 ἀπ-

170 4954 507 5024 αχθήσεσθε
540 4957 647 5027 γάρ
692 4958 926 5020 ἅπαντες
959 4958 1289 5027 αἰχμάλωτοι
1342 4958 1444 5010 ὑπὸ
1498 4958 1771 5029 ἀρχόντων

169 5048 426 5116 δύναμιν
492 5049 969 5119 περιϐεϐλημένων
1031 5048 1229 5118 πολλὴν
1258 5064 1270 5075 ·
1330 5048 1471 5101 ὥστε
1533 5048 1627 5101 καὶ
1673 5048 1773 5117 τὴν

170 5136 556 5207 παρασκευὴν
603 5139 729 5207 ὑμῖν
774 5140 873 5209 τὴν
918 5140 1218 5208 πολεμικὴν
1274 5140 1371 5190 σὺν
1421 5142 1531 5201 τοῖς
1586 5139 1774 5201 ἵπποις

170 5228 564 5296 ἀφανισθῆναι
598 5230 893 5295 παντελῶς*
926 5231 1113 5301 ἐπειδὴ
1139 5230 1246 5300 γὰρ
1282 5232 1461 5284 πᾶσαν
1494 5228 1647 5299 ὑμῶν
1676 5232 1773 5297 τὴν

168 5318 544 5385 παρανομίαν
573 5318 909 5387 βδελύττεται
932 5320 1084 5383 Θεὸς,
1118 5321 1182 5388 ἢν
1216 5319 1300 5387 ἐφ’
1336 5317 1490 5389 ὑϐρει
1522 5335 1584 5386 γε
1610 5318 1772 5371 αὑτοῦ

170 5408 442 5479 πληροῦν
472 5411 570 5463 οὑκ
598 5414 821 5477 ὀκνεῖτε,
856 5413 1001 5465 ὥστε
1035 5412 1129 5464 καὶ
1157 5411 1254 5471 τὰς
1287 5410 1468 5473 πόλεις
1495 5409 1648 5479 ὑμῶν
1680 5411 1773 5463 καὶ

1872 4502 2053 4554 minas
2103 4496 2257 4551 ﬂocci
2321 4495 2521 4556 facitis,
2581 4492 2956 4562 experimento
3017 4491 3137 4558 ipso
3188 4504 3455 4555 agnosce-

1873 4595 1947 4647 tis
1970 4591 2386 4662 praedictionum
2414 4588 2696 4641 veritatem
2720 4601 2734 4651 ;
2760 4583 3053 4653 abigemiui
3078 4582 3221 4635 enim
3252 4578 3451 4647 captivi

1874 4695 2067 4734 omnes
2104 4678 2205 4733 sub
2252 4676 2591 4746 principibus
2623 4687 2816 4741 magna
2856 4680 3123 4741 potestate
3175 4669 3449 4738 pra-ditis;

1874 4788 2043 4842 quare
2074 4772 2254 4824 omnis
2296 4777 2481 4822 vester
2521 4776 2817 4837 apparatus
2862 4766 3095 4819 bellicus
3137 4778 3259 4816 cum
3297 4762 3453 4830 equis

1870 4878 2099 4934 prorsus
2133 4862 2441 4931 disperibit.
2471 4859 2602 4913 Nam
2640 4858 2769 4928 quia
2817 4866 3056 4911 vestram
3096 4869 3313 4907 omnem
3355 4868 3445 4904 ue-

1869 4956 2099 5026 quitiam
2149 4954 2496 5006 abominatur
2550 4950 2715 5014 Deus,
2767 4964 2930 5018 quam
2982 4948 3037 5001 in
3082 4946 3203 5015 ejus
3260 4953 3456 4998 contu-

1870 5046 2086 5098 mcliam
2128 5058 2514 5097 consummare
2565 5057 2672 5094 non
2724 5040 3010 5101 dubitatis,
3071 5038 3142 5091 ita
3186 5046 3245 5090 ut
3291 5037 3454 5088 urbes

1872 5152 2025 5206 aeque
2051 5152 2112 5191 ac
2144 5136 2395 5206 regiones
2426 5133 2727 5187 sceleribus
2764 5132 2847 5186 his
2876 5131 3205 5193 redundent,
3259 5128 3454 5181 merito

1882 5230 2046 5283 urbes
2073 5238 2284 5282 vestras
2325 5241 2518 5280 omnes
2551 5239 2615 5277 ac
2665 5223 2916 5292 regiones
2956 5236 3079 5274 cum
3131 5216 3327 5272 incolis
3358 5232 3454 5268 va—

1881 5322 2069 5374 stabit.
2123 5319 2326 5374 Deinde
2353 5318 2424 5373 ob
2453 5315 2846 5373 ostendendam
2882 5312 3197 5369 solitudinis
3244 5309 3454 5378 magni-

1882 5412 2122 5464 tudinem
2154 5410 2262 5463 ait:

166 5501 289 5564 τὰς
322 5500 510 5570 χώρας
532 5503 631 5571 τῆς
665 5504 918 5566 ἀσεϐείας
947 5501 1340 5571 πεπληρῶσθαι
1364 5502 1586 5573 ταύτης,
1629 5502 1850 5563 εἰκότως
1884 5501 2097 5563 ἁπάσας
2132 5499 2284 5568 ὑμῶν
2315 5498 2410 5550 σὺν
2448 5498 2569 5559 ταῖς
2597 5494 2801 5566 χώραις
2834 5493 2933 5556 τὰς
2960 5491 3146 5553 πόλεις
3177 5488 3314 5560 μετὰ
3345 5489 3451 5542 τῶν

167 5590 493 5643 οἱκούντων
523 5591 768 5656 άφανιεί’
811 5586 929 5643 εἶτα
956 5590 1035 5650 εἰς
1060 5586 1334 5652 ἀπόδειξιν
1361 5589 1454 5643 τοῦ
1480 5588 1738 5659 μεγέθους
1766 5590 1864 5659 τῆς
1892 5588 2221 5659 ἐρημώσεως
2244 5588 2425 5654 λέγει’

255 5685 419 5753 Στίχ.
457 5682 523 5745 θ’,
559 5682 608 5736 ι’.
652 5715 720 5723 -
755 5704 773 5734 ι
797 5685 909 5737 Καὶ
938 5683 1090 5738 ἔσται
1119 5684 1212 5738 ἐὰν
1241 5683 1610 5752 ἀπολειφθῶσι
1643 5684 1773 5736 δέκα

163 5776 389 5849 ᾶνδρες
429 5779 486 5830 ἐν
515 5776 664 5845 οἰκίᾳ
695 5777 826 5847 μιᾷ,
862 5775 1287 5830 ἀποθανοῦνται·
1326 5776 1419 5828 καὶ
1450 5776 1776 5847 ὑπολειφθή-

1958 5684 2118 5737 Vsas.
2155 5684 2208 5743 9,
2251 5682 2337 5734 10.
2374 5711 2440 5721 --
2473 5700 2492 5732 ι
2536 5680 2600 5733 Et
2635 5680 2758 5743 crit,
2797 5685 2842 5739 si
2878 5677 3237 5732 remanserint
3267 5676 3451 5730 decem

1886 5778 1983 5830 viri
2004 5778 2055 5830 in
2076 5791 2181 5830 una
2203 5775 2384 5843 domo,
2414 5772 2750 5838 morientur;
2776 5781 2826 5826 et
2848 5771 3203 5826 remanebunt
3226 5769 3452 5838 reliqui;
