3954 6528
522 330 633 386 235

1718 338 2067 397 THEODORI
2107 337 2590 397 MOPSUESTENI

3648 353 3734 414 εει

517 464 581 511 ct
610 459 830 510 sument
856 452 1144 509 domestici
1172 466 1361 507 eorum
1388 470 1405 520 ;
1440 461 1495 509 et
1526 456 1881 514 conabuntur
1913 457 2107 515 efferre

2221 478 2391 517 πονται
2420 460 2470 512 οί
2500 458 2836 519 κατάλοιποι,
2873 457 2967 511 καὶ
2996 456 3255 530 λήψονται
3283 461 3331 512 al
3363 460 3543 515 οίκεῖοι
3568 467 3733 526 αὐτῶν

526 551 694 606 domo
719 564 846 605 ossa
876 562 1101 612 eorum;
1134 556 1190 600 et
1219 545 1363 601 dicet
1388 546 1457 602 iis
1490 548 1585 618 qui
1615 558 1859 617 praesunt
1883 551 2103 607 domui:

523 641 666 695 Num
698 642 876 695 adhuc
903 637 1047 710 apud
1076 646 1130 692 te
1160 637 1287 692 est?
1315 636 1381 690 Et
1409 638 1555 695 dicet
1583 658 1596 694 :
1624 638 2002 712 Nequaquam.
2037 641 2104 696 Et

520 733 714 789 dicet:
778 730 937 795 Tace.
988 740 1048 785 ut
1096 745 1207 785 non
1254 730 1517 787 nomines
1556 748 1756 789 nomen
1803 733 2042 791 Domini.
2082 754 2102 787 ι

524 824 775 879 Profecto
801 822 887 877 his
912 822 1080 878 dictis
1120 822 1264 878 inest
1290 823 1604 880 obscuritas
1631 827 1800 880 multa
1834 828 1901 882 ad
1927 828 2108 899 expla-

522 916 801 982 nandum;
833 914 1156 985 videturque
1182 916 1334 972 locus
1358 917 1555 972 similis
1606 917 1684 972 illi
1717 919 1771 974 in
1812 918 2010 977 Genesi
2039 921 2110 989 “,

521 1010 618 1065 ubi
640 1008 708 1063 de
739 1008 1108 1064 conventione
1136 1025 1318 1065 sermo
1347 1018 1432 1066 est
1460 1010 1667 1067 Labani
1691 1020 1745 1067 et
1766 1012 2114 1070 Jacohiiuter

517 1119 603 1169 se,
632 1102 783 1157 circa
807 1102 989 1157 ovium
1008 1112 1219 1173 partus,
1250 1110 1404 1159 utros
1434 1103 1629 1159 horum
1660 1105 1748 1160 hic
1774 1107 1858 1162 vel
1888 1107 1981 1162 ille
2010 1107 2107 1161 ha-

521 1195 711 1259 beret;
741 1210 866 1249 nam
898 1202 1051 1250 certe
1094 1202 1150 1249 et
1185 1194 1319 1250 illud
1355 1194 1572 1251 laborat
1616 1197 1673 1251 in
1700 1197 1882 1253 verbis
1916 1198 2115 1254 obscu-

536 1288 721 1350 ritate,
763 1302 866 1343 nec
899 1286 1009 1342 nisi
1045 1285 1479 1355 interpretando,
1513 1304 1712 1346 sensus
1740 1289 1861 1358 ejus
1890 1288 2114 1345 deduci—

524 1387 620 1430 tur
647 1376 716 1430 ad
744 1377 1075 1433 claritatem.
1110 1375 1337 1447 Oportet
1370 1388 1553 1433 autem
1582 1388 1637 1433 et
1663 1378 1952 1449 praesentis
1978 1378 2114 1433 dicti

521 1484 751 1525 sensum
802 1483 1097 1539 exponere,
1140 1469 1378 1524 obscura
1427 1469 1673 1529 dictione
1716 1469 1877 1527 nobis
1907 1469 2114 1525 recita-

525 1570 663 1615 tum.
696 1560 965 1615 Nimirum
996 1560 1112 1616 haec
1140 1561 1217 1615 ait
1251 1560 1536 1631 propheta,
1570 1561 1885 1632 signiﬁcare
1920 1561 2115 1617 volens

527 1652 819 1705 maximam
871 1649 988 1706 fore
1027 1650 1362 1713 vastitatem.
1409 1650 1546 1705 Nam
1594 1666 1759 1721 saepe,
1804 1652 2005 1723 inquit,
2056 1652 2114 1706 in

2210 551 2306 605 καὶ
2338 549 2714 621 παραϐιῶνται
2756 548 2852 602 τοῦ
2896 549 3203 618 ἐξενεγκεῖν
3247 548 3317 602 τὰ
3354 550 3485 604 ὀστᾶ
3507 555 3664 613 αὐτῶν
3686 566 3737 620 εκ

2208 639 2304 694 τοῦ
2335 641 2487 694 οῐκου
2507 654 2522 670 ο
2565 639 2662 693 καὶ
2693 639 2811 710 ἐρεῖ
2836 641 2949 702 τοῖς
2974 638 3339 711 προεστηκόσι
3357 637 3449 690 τοῦ
3468 646 3605 701 οῐκου
3628 669 3641 683 .
3687 656 3739 711 Εἰ

2210 730 2292 785 ἐτι
2318 731 2555 801 ὑπάρχει
2584 730 2735 802 παρὰ
2762 730 2845 783 σοί
2872 748 2886 761 ·
2934 731 3028 786 καὶ⁸
3051 733 3199 803 ἐρεῖ’
3234 733 3432 787 Οὐκέτι
3455 751 3470 766 ·
3509 741 3593 793 καὶ
3613 745 3737 814 ἐρεῖ.

2212 824 2348 893 Et?“
2377 840 2393 856 .
2452 824 2643 877 ἕνεκεν
2677 822 2773 877 τοῦ
2809 822 2885 895 μή
2910 823 3177 894 ὀνομάσαι
3216 825 3275 879 τὸ
3300 826 3470 897 ὄνομα
3500 831 3696 903 Κυρίου.
3721 860 3737 892 ι

2213 915 2289 988 (p.
2314 916 2439 989 187)
2487 917 2643 969 Ἔστι
2681 917 2780 987 μὲν
2806 919 2870 969 ἐκ
2897 916 2997 986 τῆς
3026 917 3323 988 ἑρμηνείας
3358 918 3581 989 ἀσάφεια
3604 928 3742 1004 mm}

2213 1009 2677 1080 συμπεπλεγμένη
2705 1009 2783 1080 τῷ
2816 1008 2966 1081 ῥητῷ
2984 1023 2998 1037 ·
3035 1010 3130 1063 καὶ
3154 1009 3416 1082 παρέοικέ
3439 1029 3499 1065 τε
3524 1015 3595 1086 τῷ
3621 1019 3671 1073 ἐν
3691 1028 3743 1095 τῇ

2213 1101 2409 1165 κτίσει,
2440 1099 2569 1153 ἔνθα
2596 1100 2728 1171 περὶ
2754 1099 2863 1154 τῶν
2890 1099 3178 1171 συνθηκῶν
3218 1100 3388 1169 λέγει,
3422 1101 3488 1167 ἃς
3518 1107 3683 1163 Λάϐαν
3698 1130 3746 1166 τε

2215 1192 2310 1245 καί¹
2352 1190 2547 1246 Ἰακὼϐ
2578 1192 2907 1261 ἐποιήσαντο
2954 1191 3090 1262 πρὸς
3116 1191 3400 1263 ἀλλήλους,
3445 1195 3534 1249 ἐπὶ
3568 1198 3637 1269 τῷ
3662 1203 3748 1255 τῶν

2214 1285 2499 1357 προϐάτων
2524 1284 2595 1339 τὰ
2620 1285 2934 1356 τικτόμενα,
2956 1285 3027 1340 τά
3053 1285 3151 1355 μὲν
3183 1285 3394 1349 τοῦτον,
3419 1285 3487 1339 τὰ
3511 1288 3555 1341 δ’
3580 1291 3750 1348 ἐκεῖνον

2220 1378 2388 1449 ἔχειν’
2419 1379 2543 1432 ἐπεὶ
2570 1379 2789 1432 κάκεῖνο
2816 1377 3029 1445 ἀσαφὲς
3054 1378 3154 1449 μέν
3176 1377 3326 1431 ἐστιν
3365 1379 3425 1431 ἐν
3452 1382 3516 1450 τῇ
3542 1380 3669 1447 λέξει
3686 1401 3698 1416 -
3728 1389 3753 1440 ὁ

2212 1468 2272 1522 δὲ
2300 1468 2425 1533 νοῦς
2460 1469 2554 1523 ἐπὶ
2580 1470 2679 1541 τῆς
2725 1469 3020 1542 ἑρμηνείας
3061 1470 3278 1541 δέχεται
3319 1469 3421 1541 τὴν
3458 1474 3750 1542 σαφήνειαν-

2214 1558 2429 1630 ἀνάγκη
2474 1560 2532 1613 δὲ
2578 1560 2676 1614 καὶ⁵
2724 1560 2915 1614 τούτου
2959 1560 3052 1614 τὸν
3100 1560 3225 1616 νοῦν
3258 1560 3529 1627 ἐκθεῖναι,
3566 1566 3753 1635 ἀσαφῶς

2216 1650 2548 1723 δηλούμενον
2582 1655 2640 1707 ἐν
2665 1655 2731 1725 τῇ
2770 1652 2917 1718 λέξει
2942 1670 2957 1686 ο
3006 1652 3255 1724 βούλεται
3277 1653 3386 1725 γάρ
3419 1655 3499 1718 είς
3525 1656 3755 1726 ἀπόδειξιν

490 1742 707 1813 "ampla
746 1758 811 1798 ac
836 1756 1129 1799 numerosa
1155 1741 1365 1797 familia
1395 1742 1479 1797 vix
1522 1742 1712 1799 decem
1750 1744 2117 1800 remanebunt

2221 1745 2317 1813 τῆς
2341 1743 2798 1816 καταληψομὲνης
2827 1745 3026 1809 αὐτοὺς
3062 1746 3299 1817 ἐρημίας
3336 1745 3415 1809 ὡς
3460 1746 3593 1815 ἄγαν
3620 1749 3755 1821 οὖσης

529 1810 801 1901 homines,
831 1836 1046 1892 caeteris
1077 1835 1208 1891 belli
1232 1834 1589 1890 multifariam
1622 1836 1949 1902 interfectis,
1976 1851 2117 1908 quo-

2224 1810 2487 1907 μεγίστης
2506 1810 2665 1891 τοῦτο
2686 1810 2882 1903 είπεῖν,
2908 1838 2991 1892 ὃτι
3013 1810 3300 1902 Πολλάκις,
3328 1810 3519 1908 φησὶν,
3536 1840 3592 1906 ἐξ
3614 1810 3757 1907 οἰκίας

531 1929 698 1983 modo
747 1940 802 1985 et
840 1929 896 1983 in
935 1928 1316 1999 superioribus
1360 1929 1518 1996 dixit,
1541 1928 1611 1984 de
1649 1938 1867 1985 centum
1927 1928 2119 1985 decem

530 2020 957 2091 superfuturas;
1000 2031 1056 2077 et
1090 2022 1158 2078 de
1183 2021 1355 2087 mille,
1392 2030 1637 2086 centum.
1672 2021 1813 2077 Tum
1860 2022 2115 2087 mortuis,

528 2112 738 2182 inquit,
768 2112 1006 2177 caeteris,
1039 2112 1074 2166 ii
1100 2112 1196 2183 qui
1230 2111 1894 2183 superfuerint,sedulam
1912 2112 2121 2168 dabunt

527 2219 753 2275 operam
781 2212 841 2258 ut
874 2204 1059 2260 omnia
1090 2206 1497 2260 exstinctorum
1539 2219 1773 2275 corpora
1819 2220 1943 2276 quae
1970 2205 2120 2261 intus

521 2291 733 2363 jacent,
783 2292 1013 2348 efferant
1056 2308 1121 2347 ac
1154 2294 1453 2364 sepulturae
1492 2296 1733 2350 tradant.
1779 2293 1896 2351 Hoc
1935 2304 2118 2351 autem

528 2386 629 2450 ait,
668 2387 797 2457 quia
829 2386 1169 2441 multimodis
1212 2386 1374 2460 124
1421 2388 1478 2443 in
1522 2389 1665 2444 bello
1711 2398 1924 2460 strages
1958 2390 2114 2455 ﬁunt,

528 2489 583 2533 et
622 2479 773 2534 varie
806 2479 979 2534 occisi
1011 2480 1067 2534 in
1098 2480 1333 2535 diversis
1377 2480 1578 2536 aedium
1610 2482 1859 2551 partibus
1888 2482 2074 2551 iacent
2102 2500 2118 2537 :

527 2568 842 2640 acciditque
891 2572 1193 2635 interdum,
1252 2580 1313 2627 ut
1359 2572 1467 2628 hoc
1518 2588 1702 2627 rerum
1754 2581 1897 2629 statu
1937 2584 2122 2644 partes

528 2679 752 2734 quoque
782 2665 980 2720 :edium
1004 2665 1284 2721 nonnulla:
1316 2667 1702 2729 convellantur
1726 2677 1780 2723 et
1811 2668 1867 2723 in
1890 2683 2122 2738 corpora

526 2756 817 2813 decidant.
847 2756 975 2814 Ideo
1000 2758 1187 2823 etiam,
1228 2768 1523 2822 conantur,
1557 2757 1735 2824 dixit;
1764 2766 1824 2814 ut
1850 2758 2122 2830 signiticet

529 2848 868 2905 laboriosum
929 2865 1032 2906 nec
1082 2850 1245 2905 facile
1286 2851 1491 2907 habere
1536 2852 1819 2922 negotium
1868 2867 1965 2909 eos
2023 2851 2121 2923 qui

525 2940 799 2997 cadavera
865 2942 1052 2996 omnia
1116 2941 1381 2998 mandare
1446 2945 1744 3014 sepultura:
1813 2945 2113 3002 voluerint.

529 3033 735 3089 Deinde
772 3035 891 3089 ait:
944 3034 1272 3090 lassitudine
1308 3034 1548 3091 confecti
1602 3037 1675 3091 ob
1712 3035 2003 3092 elatorum-
2031 3052 2124 3092 ca-

524 3125 791 3180 daverum
816 3126 1248 3191 multitudinem,
1277 3128 1441 3182 verba
1466 3128 1716 3197 quaedam
1748 3129 1971 3194 facient,
2003 3145 2122 3183 mu-
2149 3150 2196 3210 ε

530 3224 629 3271 tuo
660 3218 1019 3281 altercantes,
1051 3234 1182 3272 num
1210 3219 1399 3273 omnia
1426 3226 1713 3289 exportata
1736 3221 1849 3275 sint
1870 3235 2121 3291 corpora,

532 3323 603 3361 an
635 3307 819 3363 adhuc
858 3310 1044 3379 aliqua
1074 3309 1352 3380 insepulta
1378 3309 1599 3379 jaceant
1621 3328 1638 3378 ;
1660 3318 1731 3366 .et
1770 3310 1990 3380 quidem
2022 3310 2123 3362 do-

530 3400 643 3453 mui
676 3401 1035 3469 praesidentes
1077 3401 1304 3456 denotat
1332 3400 1455 3456 illos
1483 3401 1578 3471 qui
1611 3417 1679 3457 ex
1725 3402 1987 3458 universo
2020 3417 2125 3455 nu-

531 3507 709 3555 mero,
749 3492 939 3547 decem
969 3502 1351 3549 remanserant
1376 3513 1390 3549 :
1417 3492 1577 3565 quasi
1610 3509 1744 3565 ergo
1778 3493 1986 3549 mutuis
2009 3510 2127 3551 ser-

534 3583 794 3638 monibus
834 3584 908 3638 ita
954 3584 1243 3653 loquentes
1286 3584 1618 3639 introducit.
1663 3584 1964 3655 Postquam
1995 3600 2127 3640 vero

528 3684 735 3731 cuncta
766 3674 962 3732 etl'erre
991 3685 1047 3732 et
1084 3677 1320 3748 sepelire
1362 3677 1633 3734 cadavera
1675 3677 1976 3749 potuerint,
2009 3686 2123 3734 tum

532 3768 753 3823 demum
782 3768 994 3822 nullum
1031 3769 1145 3838 jam
1173 3780 1460 3826 remanere
1492 3769 1561 3826 de
1595 3772 1885 3827 exstinctis
1921 3788 2128 3842 cogno-

533 3867 711 3924 scent,
758 3860 889 3915 dum
936 3861 1106 3916 altum
1154 3861 1351 3916 asdium
1391 3854 1673 3917 silentium
1724 3864 2009 3926 videbunt.
2054 3865 2127 3921 ob

533 3952 850 4009 occisorum
893 3954 1299 4010 multitudinem
1330 3962 1384 4010 et
1426 3954 1823 4024 inquilinorum
1874 3956 2129 4012 solitudi-

532 4060 682 4111 nem,
713 4046 905 4115 paucis
936 4045 1232 4101 admodum
1264 4046 1471 4101 relictis
1503 4048 1556 4100 in
1594 4055 1703 4100 tam
1736 4061 1932 4117 magna
1960 4044 2127 4100 domo

531 4145 795 4209 tantoque
826 4138 1193 4193 habitantium
1232 4152 1484 4194 numero.
1534 4138 1718 4204 Quare
1756 4138 2019 4192 taciturni
2068 4137 2123 4191 in

532 4229 738 4286 talibus
763 4232 1042 4300 tantisque
1071 4230 1234 4286 malis
1261 4228 1423 4294 flent;
1450 4243 1515 4282 ac
1547 4243 1716 4299 prope
1743 4230 1945 4285 amissa
1967 4244 2124 4291 voce,

532 4332 756 4392 propter
790 4340 1048 4380 aerumna:
1095 4338 1367 4379 summam
1399 4324 1749 4395 gravitatem,
1791 4332 1975 4377 mente
2009 4331 2123 4376 tum

532 4414 840 4477 revolvent,
889 4430 1141 4484 quamam
1183 4427 1292 4469 tam
1337 4416 1582 4470 dirarum
1638 4413 1908 4467 malorum
1955 4425 2123 4468 causa

2222 1926 2484 1997 μεγίστης
2506 1928 2932 2000 πολυανθρώπου
2958 1931 3118 2001 μόγις
3137 1929 3617 2000 ὑπολειφθήσονται
3634 1932 3757 1999 δέκα,

2218 2018 2328 2073 τῶν
2368 2019 2571 2073 λοιπῶν
2613 2021 3008 2092 ἀναιρεθέντων
3046 2024 3106 2075 ἐν
3143 2021 3223 2093 τῷ
3250 2022 3473 2093 πολέμῳ
3499 2025 3758 2090 ποικίλως·

2219 2107 2329 2166 οἷόν
2358 2130 2411 2165 τι
2437 2113 2532 2166 καὶ
2564 2115 2622 2166 ἐν
2655 2115 2768 2177 τοῖς
2802 2113 3100 2185 ἀνωτέροις
3128 2114 3314 2184 φησὶν,
3356 2114 3441 2166 ὅτι
3474 2114 3536 2167 ἐκ
3567 2114 3655 2184 μὲν
3677 2117 3761 2170 τῶν

2220 2204 2437 2269 ἑκατὸν,
2479 2205 2611 2261 δέκα
2662 2205 2915 2277 μενοῦσιν
2939 2222 2954 2237 ο
3008 2207 3203 2260 ἑκατὸν
3234 2206 3315 2269 δὲ,
3364 2208 3433 2260 ἐκ
3461 2206 3567 2259 τῶν
3590 2207 3761 2278 χιλίων.

2220 2292 2376 2361 Εἶτα,
2407 2296 2595 2367 φησὶν,
2621 2296 3004 2352 ἀποθανόντων
3028 2294 3098 2350 τὰ
3124 2294 3357 2367 σώματα
3377 2296 3475 2349 καὶ
3502 2296 3639 2350 ἔνδον
3673 2315 3762 2350 κει-

2224 2389 2399 2460 μένων
2428 2389 2734 2457 ἐξενεγκεῖν
2779 2406 2841 2442 τε
2888 2390 2982 2442 καὶ
3032 2386 3369 2460 παραδοῦναι
3411 2391 3555 2459 ταφῇ
3581 2405 3593 2418 ⁸
3639 2388 3767 2442 τοῦτο

2220 2482 2277 2535 δέ
2303 2481 2451 2550 λέγει
2479 2481 2555 2546 ὡς
2588 2481 2682 2535 καὶ
2717 2480 2813 2534 τοῦ
2844 2480 3083 2551 πολέμου
3120 2479 3501 2551 πολυτρόπους
3525 2479 3766 2544 ποιοῦντος

2220 2572 2319 2637 τὰς
2346 2573 2579 2643 σφαγὰς,
2620 2573 2717 2626 καὶ⁵
2743 2572 2856 2626 τῶν
2882 2572 3292 2643 ἀναιρουμένων
3317 2570 3580 2634 ποικίλως
3605 2572 3658 2623 ἐν
3677 2572 3769 2623 δια-

2222 2666 2408 2736 φόροις
2430 2664 2622 2736 μέρεσι
2646 2665 2745 2735 τῆς
2806 2663 2983 2727 οἰκίας
3004 2662 3291 2732 κειμένων⁸
3321 2663 3399 2726 ὡς
3426 2665 3485 2715 ἐν
3513 2662 3769 2735 τοιαύτηδέ

2223 2757 2559 2810 καταστάσει
2607 2757 2705 2810 καί
2739 2774 2904 2810 τινων
2928 2754 3036 2810 τῶν
3063 2756 3165 2825 τῆς
3189 2756 3368 2819 οίκίας
3411 2755 3593 2826 μερῶν
3635 2774 3773 2811 κατα-

2224 2849 2529 2921 σπωμένων
2553 2866 2618 2903 τε
2653 2848 2751 2903 καὶ
2788 2848 3100 2903 πιπτόντων
3126 2850 3240 2912 τοῖς
3271 2846 3495 2919 σώμασι
3514 2864 3529 2879 ·
3579 2848 3650 2918 (p.
3675 2848 3772 2915 l88)

2222 2939 2302 2993 διδ
2346 2940 2442 2993 καὶ
2472 2940 2554 3004 τὸ,
2590 2940 3016 3010 παραὸιῶνται,
3051 2934 3207 2992 εἶπεν
3227 2956 3240 2968 ·
3280 2939 3500 3003 δεικνὺς
3521 2939 3601 2992 ὅτι
3629 2955 3776 3009 παρα-

2223 3033 2581 3103 ϐεϐιασμένον
2628 3034 2722 3087 καὶ
2754 3035 2856 3087 οὐκ
2900 3032 3124 3085 εὔκολον
3170 3032 3515 3103 ἐπιχειροῦσι
3556 3033 3773 3101 πρᾶγμα,

2224 3125 2293 3178 τὰ
2343 3124 2573 3197 σώματα
2615 3127 2832 3181 ᾶπαντα
2874 3124 3192 3196 βουλόμενοι
3238 3128 3385 3195 ταφῇ
3435 3123 3773 3196 παραδοῦναι-

2225 3214 2347 3272 εἷτά
2370 3234 2555 3291 φησιν’
2597 3217 2949 3281 Ἀπειπόντες
2980 3216 3119 3288 πρὸς
3159 3217 3221 3270 τὸ
3266 3216 3379 3270 τῶν
3424 3215 3778 3285 ἐξενεχθέντων

2225 3308 2430 3380 πλῆθος
2478 3309 2689 3381 νεκρῶν
2714 3347 2730 3372 ,
2782 3308 2974 3377 λόγους
3020 3309 3083 3378 δή
3124 3324 3276 3370 τινας
3308 3308 3630 3376 ποιήσονται
3670 3304 3779 3374 πρὸς

2223 3400 2490 3471 ἀλλήλους
2513 3398 3065 3470 διαμφισϐητοῦντεςο
3111 3400 3222 3452 εἴτε
3252 3398 3362 3470 ἄρα
3420 3398 3598 3452 πάντα
3627 3394 3781 3462 ἐξενή-

2225 3491 2537 3559 νεγκταιτά
2568 3489 2817 3560 σώματα,
2848 3488 2958 3542 εἴτε
2991 3489 3086 3542 καὶ⁸
3112 3488 3193 3541 ἔτι
3214 3488 3298 3558 είη
3329 3489 3565 3559 κείμενα
3593 3488 3778 3553 ἀταφαο

2225 3584 2632 3655 προεστηκότας
2654 3578 2763 3650 γὰρ
2804 3581 2904 3651 τῆς
2948 3579 3127 3643 οίκίας
3172 3579 3372 3643 αὐτοὺς
3421 3579 3554 3643 τοὺς
3598 3577 3782 3631 ὑπολει-

2226 3673 2457 3743 φθέντας
2489 3671 2550 3737 ἐξ
2588 3673 2844 3727 ἁπάντων
2870 3671 3019 3740 λέγει
3042 3673 3171 3735 τοὺς
3207 3672 3361 3736 δέκα,
3396 3665 3513 3724 οἷον
3537 3669 3701 3722 εἰπεῖν
3724 3666 3783 3728 ὡς

2226 3763 2294 3817 ἂν
2320 3764 2457 3833 πρὸς
2489 3762 2752 3831 ἀλλήλους
2778 3762 3041 3832 egeam;
3070 3778 3131 3814 τε
3162 3760 3370 3815 ταῦτα·
3405 3759 3583 3814 ἐπειδ’
3610 3759 3672 3812 ἀν
3695 3756 3783 3824 γὰρ

2225 3858 2407 3919 αὐτοῖς
2435 3856 2726 3925 ἐγγένηταί
2763 3872 2880 3919 πως
2914 3854 3092 3908 πάντα
3118 3871 3181 3907 τε
3210 3853 3469 3906 ἐκϐαλεῖν
3515 3852 3611 3905 καὶ
3662 3851 3784 3917 ταφῇ

2227 3949 2561 4021 παραδοῦναι
2596 3948 2667 4003 τὰ
2693 3947 2943 4019 σώματα,
2983 3946 3283 4015 γνώσονται
3320 3948 3422 4017 μέν
3447 3945 3631 3999 οὐκέτι
3655 3943 3787 4002 ὄντας

2226 4041 2471 4113 νεκρούς·
2500 4041 2735 4112 ὁρῶντες
2762 4039 2872 4110 γὰρ
2895 4040 2997 4111 τὴν
3026 4039 3368 4109 κατέχουσαν
3390 4039 3489 4091 τὸν
3526 4033 3667 4091 οἷκον
3689 4036 3787 4104 ﬂau-

2226 4136 2350 4205 χίαν
2382 4134 2447 4187 ἐκ
2478 4151 2538 4187 τε
2568 4133 2662 4186 τοῦ
2694 4132 2930 4204 πλήθους
2954 4131 3062 4186 τῶν
3088 4132 3452 4185 ἀπολωλότων
3476 4132 3574 4186 καὶ⁵
3593 4131 3686 4199 τῆς
3702 4129 3789 4181 τῶν

2224 4226 2518 4281 οἰκούντων
2558 4224 2818 4297 ἐρημίας,
2850 4226 2990 4293 ἀγαν
3035 4224 3491 4293 ὑπολειφθέντων
3526 4222 3712 4291 ὀλίγων
3743 4220 3791 4284 ἐξ

2225 4318 2401 4381 οἰκίας
2442 4334 2503 4370 τε
2534 4315 2801 4387 τοσαύτης
2833 4317 2927 4369 καὶ⁹
2964 4314 3203 4386 πλήθους
3239 4315 3350 4369 τῶν
3394 4316 3688 4369 οἰκούντων
3714 4312 3791 4364 αὐ-

2227 4412 2328 4483 τήν
2350 4429 2364 4440 ο
2397 4413 2579 4482 σιωπῇ
2612 4410 2671 4464 δέ
2704 4427 2809 4462 τινι
2839 4409 3268 4479 κατασχεθέντες
3296 4409 3392 4461 ἐπὶ
3418 4406 3691 4469 τοσούτοις
3715 4404 3791 4457 καὶ

530 4505 864 4562 exstiterit:
918 4508 1065 4577 quod
1116 4524 1348 4579 nempe,
1404 4508 1589 4563 divino
1634 4507 1787 4562 cultu
1841 4507 2117 4577 neglecto,

2224 4502 2566 4575 τηλικούτοις
2607 4502 2857 4571 γεγονόσι
2888 4504 3110 4564 κακοίς’
3142 4501 3236 4554 καὶ
3271 4500 3439 4570 μόνον
3470 4501 3576 4553 ούκ
3608 4496 3793 4565 ἀφωνὶᾳ

530 4608 956 4672 contemptoque
989 4603 1319 4658 universalis
1351 4603 1569 4658 Domini
1604 4602 1842 4665 nomine,
1876 4601 2038 4656 idolis
2054 4618 2116 4657 se

532 4692 867 4760 addixerint,
908 4694 1117 4751 idcirco
1152 4698 1269 4751 hazc
1309 4695 1412 4752 sibi
1450 4695 1704 4750 evenisse
1744 4694 1909 4758 mala,
1941 4694 2117 4764 capti-

533 4787 777 4850 vitatem,
818 4787 1019 4842 aedium
1060 4789 1300 4852 ruinam,
1353 4788 1766 4844 interfectorum
1816 4787 2119 4843 multitudi-

531 4891 679 4943 nem,
713 4877 1081 4933 habitantium
1113 4881 1492 4936 solitudinem.
1524 4878 1690 4934 Addit
1710 4895 1840 4950 ergo
1865 4879 2021 4950 quasi
2044 4879 2114 4933 ad

529 4970 807 5024 dictorum
845 4971 1318 5028 confirmationem
1350 4989 1367 5027 :

2221 4595 2516 4666 ληφθέντες
2541 4594 2632 4647 διὰ
2654 4595 2753 4663 τὴν
2794 4592 2902 4645 τῶν
2928 4592 3333 4664 ἐπεληλυθότων
3358 4592 3559 4645 κακῶν
3589 4590 3793 4659 ὑπερϐο-

2221 4689 2341 4761 λὴν,
2380 4685 2791 4755 ἀναλογιοῦνται
2823 4682 2946 4735 τότε
2974 4682 3039 4754 δὴ
3069 4682 3177 4736 τῶν
3208 4683 3521 4751 γεγονότων
3554 4681 3794 4736 τοσούτων

2222 4781 2318 4835 καὶ
2338 4777 2674 4849 τηλικούτων
2693 4774 2880 4829 κακῶν
2910 4775 3009 4843 τὴν
3033 4773 3232 4826 αἰτίαν·
3258 4774 3354 4826 καὶ
3374 4774 3465 4826 ὅτι
3494 4773 3636 4842 ὑπὲρ
3657 4766 3724 4822 ὧν
3740 4769 3795 4820 δι’

2222 4873 2482 4945 ἀμελείας
2509 4871 2664 4942 ἔσχον
2691 4867 2789 4940 τὴν
2811 4866 2905 4920 τοῦ
2931 4867 3088 4919 Θείου
3114 4866 3435 4938 θεραπείαν,
3463 4861 3798 4932 ἀπωοάμενοί

2222 4986 2282 5021 τε
2311 4966 2412 5037 τὴν
2443 4961 2740 5033 ὀνομασίαν
2782 4960 2878 5013 τοῦ
2924 4960 3141 5013 πάντων
3175 4958 3407 5029 Κυρίου,
3448 4956 3797 5028 προσανέτχον

528 5067 791 5131 εἰδώλοις,
828 5068 905 5137 (p.
942 5068 1064 5137 189)
1091 5067 1262 5121 ταῦτα
1288 5066 1353 5138 δὴ
1393 5067 1577 5131 αὐτοῖς
1614 5066 1911 5138 ἐπελήλυθε
1951 5066 2021 5120 τὰ
2062 5066 2231 5129 κακὰ,
2265 5058 2614 5134 αἰχμαλωσία
2643 5073 2727 5123 τε,
2760 5056 2852 5108 καὶ
2878 5054 3041 5107 οἴκων
3072 5053 3456 5119 κατάπτωσις,
3494 5052 3592 5104 καὶ
3621 5048 3799 5118 πλῆθος

528 5159 950 5231 ἀναιρεθέντων,
984 5160 1077 5214 καὶ
1102 5160 1394 5215 οἰκούντων
1426 5160 1649 5233 ἐρημία·
1678 5162 1873 5231 ἐπάγει
1901 5160 2032 5230 γοῦν
2060 5161 2249 5231 ὥσπερ
2280 5159 2361 5221 είς
2391 5153 2681 5227 βεϐαίωσιν
2710 5152 2820 5205 τῶν
2845 5146 3171 5220 εἰρημένων·

603 5338 771 5395 Vens.
801 5340 984 5395 11-15.
1009 5372 1080 5382 ——
1110 5358 1129 5392 ι
1163 5340 1292 5396 Ideo
1318 5356 1448 5397 ecce
1478 5339 1740 5401 Dominus
1768 5342 2012 5407 mandat,
2059 5350 2115 5397 et

533 5433 803 5504 percutiet
850 5433 1073 5489 domum
1111 5448 1362 5503 magnam
1407 5434 1605 5494 ruinis.
1640 5444 1697 5489 et
1739 5433 1958 5487 domum
1991 5448 2115 5503 par-

532 5542 656 5579 vam
688 5526 1073 5581 scissionibus.
1117 5544 1136 5578 ι
1165 5524 1333 5592 Quasi
1359 5540 1586 5581 causam
1616 5526 1828 5589 dicens,
1858 5541 1957 5579 cur
1994 5534 2117 5579 tan-

534 5621 628 5674 tus
651 5612 869 5670 futurus
906 5616 979 5670 sit
1017 5616 1173 5671 labor
1198 5623 1543 5674 mortuorum
1589 5633 1819 5688 corpora
1857 5615 2116 5673 clfcrcndi

603 5823 651 5859 “
704 5822 841 5881 Gen.
903 5839 1029 5890 xxx,
1068 5823 1157 5881 21.

2291 5340 2441 5411 Στίχ.
2489 5342 2669 5405 ια’-ιγ’.
2723 5364 2791 5413 5—-
2844 5331 3028 5384 «Διότι
3072 5329 3182 5383 ἰδοὺ
3222 5328 3433 5399 Κύριος
3482 5322 3799 5383 ἐντέλλεται,

2222 5434 2315 5487 καὶ
2358 5429 2593 5496 πατάξει
2620 5426 2712 5481 τὸν
2756 5420 2905 5478 οἷκον
2936 5422 3031 5475 τὸν
3062 5420 3236 5493 μέγαν
3269 5421 3581 5489 θλάσμασι,
3615 5417 3704 5471 καὶ
3729 5414 3805 5466 τδν

2221 5520 2370 5578 οἶκον
2393 5523 2484 5575 τὸν
2521 5518 2714 5591 μικρὸν
2746 5518 3073 5588 ρήγμασιν.ι
3119 5516 3208 5577 Ὦς
3241 5513 3349 5583 γὰρ
3382 5512 3492 5582 τὴν
3516 5512 3707 5606 Δαἰτίαν
3729 5504 3802 5606 λέ-

2225 5634 2357 5685 γων,
2389 5614 2457 5669 δι’
2484 5614 2552 5684 ἢν
2584 5608 2839 5673 τοσοῦτος
2863 5608 3016 5662 ἔσται
3043 5605 3204 5670 πόνος
3228 5604 3319 5659 τοῦ
3348 5603 3423 5658 τὰ
3458 5602 3695 5675 σώματα
3714 5602 3807 5650 τῶν
