3954 6514
193 332 299 387 9.85

1226 352 1769 416 COMMENTARIUS
1803 360 1868 416 IN
1908 362 2114 420 AMOSI
2141 364 2292 420 CAP.
2349 365 2435 421 Vl.

1884 146 1903 181 \

3309 365 3417 420 ‘286

191 452 567 554 ἁπρθανόντων
592 458 936 554 έξενεχθέντα
969 468 1335 542 παραδοθῆναι
1360 480 1527 547 ταφῇ,
1554 481 1742 551 Προσέ-

1857 498 1920 538 ac
1959 485 2250 553 sepultura:
2280 484 2548 547 tradendi,
2581 492 2863 554 propterea
2896 484 3058 547 Deus,
3092 484 3291 554 inquit,
3322 485 3419 538 do-

190 543 339 639 ταξε,
369 546 552 639 φησιν,
580 552 609 603 ὁ
634 552 788 616 Θεὸς,
819 556 913 608 καὶ
932 555 1018 610 διὰ
1045 559 1202 614 τοῦτο
1216 564 1392 619 πάντα
1409 543 1554 621 οῖκον
1578 543 1751 639 μέγαν

188 652 249 731 τε
284 635 666 731 [καὶ]ᾼμικρὸν,
711 644 803 697 τὸν
851 646 949 716 μὲν
983 655 1232 719 μερικαῖς
1270 635 1590 727 παραδώσει*
1623 635 1751 731 βλά·

188 723 330 788 δαις·
362 727 518 781 τοῦτο
538 730 642 802 γάρ
663 732 829 802 λέγει,
850 735 1135 807 ρήγμασι·
1165 742 1256 795 τὸν
1286 723 1476 811 δὲ-τοῖς
1498 723 1745 804 καθόλου·

188 815 248 911 τὸ
278 817 404 911 γάρ,
435 821 759 891 adsiduam,
791 829 947 883 τοῦτο
976 831 1143 902 δηλοῖ·
1173 835 1233 887 ού
1266 837 1373 910 γὰρ
1399 839 1555 894 τοῦτο
1578 842 1745 911 λέγει,

187 907 270 960 ὃτι
295 910 390 1005 τὸν
425 913 524 982 μὲν
548 915 721 985 μέγαν
752 918 1040 993 θλάσμασι,
1075 925 1165 980 τὸν
1199 927 1257 981 δέ
1285 907 1476 1003 μικρὸν
1505 907 1747 1005 ῥήγμασι

188 1001 475 1098 πατάσσει·
510 1005 624 1098 ἀλλ’
651 1008 731 1061 ὅτι
755 1010 879 1065 οὔτε
912 1014 1086 1084 μέγας
1112 1013 1259 1082 οἶκος
1286 1001 1628 1089 διαφεύξεται
1648 1026 1749 1098 τὴν

179 1093 478 1187 τιμωρίαν,
505 1094 627 1151 οὔτε
657 1098 887 1171 βραχύς·
915 1103 1185 1179 διαφόρως
1215 1109 1292 1175 δέ,
1336 1112 1386 1165 οἰ
1414 1113 1514 1183 μὲν
1548 1116 1612 1169 ἐκ
1651 1093 1749 1187 μέ-

187 1198 317 1251 ρους
346 1186 585 1276 δέξονται
617 1191 713 1262 τὴν
742 1193 962 1266 βλάσην,
984 1198 1034 1251 οἰ
1055 1198 1113 1252 δὲ
1141 1200 1233 1255 καὶ
1265 1186 1746 1276 κατενεχθήσονται
1778 1262 1781 1267 ,

186 1274 467 1368 παντελῶς
488 1295 503 1310 ·
537 1276 625 1333 οἷα
654 1281 717 1353 δὴ
755 1285 1000 1353 γίνεσθαι
1031 1289 1274 1359 πέφυκεν
1310 1295 1371 1348 ἐν
1398 1274 1618 1368 πολέμῳ
1650 1297 1747 1354 καὶ

184 1367 474 1441 πολιορκία
508 1372 698 1446 πολλῇ.
736 1377 844 1430 Καὶ
872 1379 934 1433 τὸ
961 1380 1067 1437 τῶν
1096 1385 1399 1456 εἰρημένων
1420 1367 1748 1462 ἀναντίρρη-

183 1478 275 1513 τον
295 1462 509 1529 δεικνὺς
530 1468 741 1537 ἐπάγει⁶
780 1472 872 1525 «Εἰ
895 1472 1174 1539 διώξονται
1203 1478 1261 1531 ἐν
1281 1477 1508 1551 πέτραις
1529 1482 1704 1537 ἵπποι.
1719 1501 1740 1534 ι

193 1551 335 1605 Ἀλλ’
355 1554 479 1610 οὔτε
512 1557 712 1623 ἵππους
734 1578 818 1626 τις
838 1564 976 1618 κατά
994 1567 1210 1638 πετρῶν
1236 1568 1480 1624 ἐλάσειεν
1509 1570 1596 1637 ἂν,
1628 1571 1742 1626 ἀλλ’

180 1641 309 1696 ἔνθα
342 1652 621 1719 συνεργεῖν
666 1652 757 1705 τὸν
799 1654 961 1710 τόπον
1016 1658 1298 1729 συμϐαίνει
1328 1659 1406 1732 τῷ
1435 1661 1620 1734 δρόμῳ
1649 1663 1769 1718 tum

181 1750 320 1786 πων·
355 1736 468 1790 οὔτ’
490 1739 702 1813 ἃνὺμῖν
732 1746 1019 1814 ἐπεγένετο
1046 1749 1237 1813 ταῦτα,
1265 1752 1314 1804 εἰ
1342 1752 1416 1825 μὴ
1438 1751 1537 1824 τὴν
1562 1753 1742 1808 αἰτίαν

1856 591 1974 631 mos
2003 592 2193 631 omnes
2236 592 2331 631 seu
2366 591 2591 646 magnas
2625 594 2718 632 seu
2745 592 2960 647 parvas,
2993 578 3190 647 partim
3235 577 3419 647 aliquo

1854 664 2182 722 detrimento
2219 666 2443 734 alliciet;
2482 666 2537 722 id
2579 668 2724 721 enim
2755 669 3047 723 denotatur
3071 667 3227 737 125
3251 670 3418 722 verbo

1854 756 2215 811 scissionibus
2236 774 2250 824 ;
2274 758 2472 827 partim
2496 757 2811 821 universali,
2835 774 2959 812 nam
2998 760 3219 814 verbum
3243 759 3417 814 ruinis

1853 847 1960 902 hoc
1977 848 2126 903 dicit.
2151 846 2337 918 Neque
2358 858 2537 903 tamen
2554 847 2727 902 divise
2746 848 2899 912 dicit,
2922 850 3141 904 domum
3164 864 3414 921 magnam

1854 940 2051 1004 ruinis,
2089 954 2309 1011 parvam
2347 940 2707 997 scissionibus
2748 942 3051 1009 percutiet;
3086 940 3203 1003 sed.
3241 956 3416 1010 neque

1853 1045 2103 1102 magnam
2121 1029 2368 1096 domum,
2402 1045 2578 1101 neque
2593 1030 2841 1101 exiguam
2858 1031 3063 1100 absque
3080 1045 3237 1099 paena
3261 1030 3377 1085 fore
3398 1049 3412 1083 :

1852 1130 2108 1178 caeterum
2142 1122 2376 1187 diverse,
2411 1123 2546 1177 alias
2577 1122 2796 1192 quidem
2820 1123 3008 1177 domos
3028 1121 3414 1177 detrimentum

1850 1227 2135 1282 passuras,
2157 1212 2293 1266 alias
2313 1213 2534 1267 omnino
2557 1210 2673 1265 fore
2703 1210 3144 1280 prosternendas,
3172 1219 3332 1279 prout
3359 1211 3415 1265 in

1850 1301 1994 1357 bello
2019 1301 2384 1371 diuturnaque
2417 1301 2699 1356 obsidione
2723 1300 2998 1356 usuvenit.
3040 1298 3105 1352 Et
3142 1300 3413 1354 dictorum

1849 1392 2224 1447 certitudinem
2247 1390 2559 1458 ostendens,
2603 1390 2872 1446 subditzc
2920 1388 2978 1444 Si
3021 1399 3417 1459 persequentur

1852 1485 1906 1538 in
1948 1484 2118 1554 petris
2143 1484 2293 1553 equi.
2329 1501 2347 1534 ι
2376 1481 2545 1538 Nemo
2575 1491 2722 1537 certe
2744 1497 2912 1553 equos
2942 1496 3038 1552 per
3065 1489 3246 1551 petras
3272 1489 3413 1550 aget.

1850 1575 1945 1628 sed
1991 1574 2120 1628 illuc
2150 1573 2331 1643 potius
2366 1572 2454 1627 ubi
2501 1572 2655 1629 locus
2697 1572 2880 1628 favere
2926 1586 3193 1642 equorum
3228 1571 3413 1626 cursui

1850 1674 2047 1737 potest.
2078 1665 2167 1721 Sic
2196 1681 2266 1722 ne
2304 1666 2460 1721 vobis
2492 1666 2710 1735 quidem
2738 1666 2853 1723 haec
2885 1666 3263 1737 contigissent,
3309 1665 3415 1719 nisi

1848 1771 2014 1812 causa
2052 1755 2290 1827 patiendi
2330 1772 2393 1811 ea
2435 1772 2529 1826 per
2560 1771 2662 1811 vos
2702 1756 3020 1812 exstitisset.
3058 1774 3077 1807 ι
3131 1754 3187 1809 Si
3225 1757 3417 1810 retice-

180 1827 333 1881 αὐτοὶ
363 1832 664 1904 παρέσχετε
691 1838 787 1890 τοῦ
825 1838 1051 1895 τοιαῦτα
1079 1842 1289 1897 παθεῖν.
1327 1861 1347 1895 ‹
1367 1845 1432 1897 Εἰ
1460 1860 1742 1915 παρασιω-

1847 1848 1981 1903 bunt
2008 1848 2075 1901 ad
2113 1845 2361 1902 feminas.
2404 1866 2422 1898 ι
2462 1844 2646 1916 Neque
2670 1845 2913 1915 profecto
2941 1846 2996 1899 in
3038 1846 3216 1900 medio
3264 1846 3418 1899 femi-

180 1920 443 1989 πήσονται
471 1926 528 1979 ἐν
554 1925 844 1997 θηλείαις.»
881 1932 1107 2003 (p.190)
1140 1936 1213 1988 Ού
1238 1936 1335 2006 μὲν
1361 1935 1482 1989 ούδὲ
1507 1937 1566 1990 ἐν
1590 1935 1742 2007 μέσῳ

177 2015 409 2084 θηλειῶν
440 2018 595 2071 ἵπποι
615 2021 914 2088 γεγονότες,
954 2024 1185 2095 ἡσυχίαν
1229 2026 1504 2094 ἀγάγοιεν,
1538 2041 1745 2095 παρου-

179 2106 284 2158 σῶν
310 2108 420 2161 τῶν
446 2109 811 2183 δέξασθαιτὴν
827 2114 885 2178 ἐξ
905 2115 1083 2169 αὐτῶν
1098 2116 1274 2187 ὁρμὴν
1299 2118 1425 2170 οῖων
1441 2134 1501 2170 τε
1538 2116 1737 2170 οὐσῶν·

1843 1955 2038 1995 narum
2065 1939 2189 2010 equi
2214 1940 2516 2010 quiescent,
2542 1938 2902 2009 praesentibus
2931 1938 3037 1992 illis
3063 1954 3181 2006 quae
3201 1938 3417 1991 illorum

1842 2032 2104 2102 impetum
2135 2032 2417 2086 admittere
2459 2039 2710 2102 possunt.
2764 2028 2857 2084 Sic
2900 2044 3080 2099 neque
3112 2029 3299 2084 hostes
3344 2028 3412 2081 ad

1843 2136 1938 2175 vos
1990 2119 2409 2191 aggrediendum
2452 2119 2657 2176 inertes
2697 2126 2878 2185 erunt,
2924 2118 3125 2174 vestris
3168 2117 3413 2187 peccatis

176 2196 315 2250 ὥστε
337 2198 459 2251 οὐδὲ
496 2200 622 2263 τοὺς
645 2201 932 2272 πολεμίους
960 2206 1190 2276 ἡσυχίαν
1212 2208 1441 2275 ἀγαγεῖν
1482 2208 1569 2277 ἐφ’
1612 2208 1742 2278 ὑμῖν

1847 2211 2182 2267 occasionem
2209 2210 2573 2280 praebentibus
2603 2218 2663 2265 ut
2686 2211 2760 2265 ita
2784 2218 2977 2265 contra
3006 2224 3100 2262 vos
3122 2224 3180 2262 se
3201 2215 3413 2278 gerant.

175 2289 419 2351 δυνατὸν,
458 2292 555 2363 τὴν
591 2292 843 2366 ἀφορμὴν
878 2295 966 2350 διὰ
999 2297 1098 2366 τῆς
1140 2299 1482 2370 παρανομίας
1515 2299 1741 2355 δεδωκό-

1845 2324 1865 2357 ι
1893 2304 2032 2372 Quia
2060 2304 2411 2359 convertistis
2440 2302 2494 2357 in
2520 2302 2760 2358 furorem
2785 2302 3077 2372 judicium,
3106 2307 3160 2356 et
3177 2298 3415 2354 fructum

173 2398 278 2433 των
331 2382 489 2453 ὑμῶν
534 2384 626 2438 τοῦ
681 2386 901 2441 τοιαῦτα
950 2389 1204 2457 γενέσθαι
1256 2392 1387 2462 παρ’
1435 2392 1614 2445 αὐτῶν
1658 2394 1738 2457 εἰς

1847 2396 2062 2464 iustitiae
2110 2395 2167 2448 in
2196 2393 2639 2449 amaritudinem.
2678 2411 2697 2444 ι
2735 2392 2890 2448 Nunc
2936 2408 3030 2455 en,
3079 2391 3277 2461 inquit,
3327 2405 3418 2443 ve-

174 2472 337 2542 ὑμᾶς.
373 2492 393 2526 ι
425 2476 549 2529 Ὀτι
579 2477 934 2551 ἐξεστρέψατε
957 2482 1038 2545 εἰς
1070 2482 1238 2554 θυμὸν
1264 2486 1457 2557 κρῖμα,
1478 2486 1571 2539 καὶ
1598 2503 1737 2557 καρ-

171 2561 270 2614 πὸν
290 2562 641 2635 δικαιοσύνης
667 2567 749 2630 εἰς
783 2568 1027 2638 πικρίαν.
1060 2588 1080 2621 ι
1122 2569 1235 2625 Νῦν
1262 2570 1395 2642 γὰρ,
1424 2572 1607 2642 φησὶν,
1641 2572 1737 2641 ἀφ’

170 2644 242 2704 ὧν
270 2652 660 2721 διεπράξασθε,
692 2656 944 2712 πείσεσθε
1010 2661 1257 2725 τοιαῦτα,
1297 2663 1378 2726 εἰς
1408 2662 1576 2734 ὀργὴν
1611 2680 1739 2731 συγ-

170 2744 497 2814 κινήσαντες
523 2747 614 2802 τὸν
646 2747 797 2816 Θεὸν,
829 2750 971 2804 ὥστε
1003 2753 1184 2824 κρῖναί
1212 2770 1271 2806 τε
1301 2753 1371 2807 τὰ
1404 2754 1526 2808 καθ’
1559 2754 1735 2826 ὑμᾶς·

167 2834 262 2888 καὶ
308 2837 502 2909 ἐπειδὴ
531 2840 747 2895 δικαίαν
790 2838 931 2897 οἶδεν
964 2828 1259 2915 ὑφέξοντας
1299 2846 1399 2917 τὴν
1440 2845 1736 2917 τιμωρίαν,

166 2925 262 2997 τὴν
280 2928 560 3003 τοσαύτην
577 2932 873 3002 ἐπαγαγεῖν
893 2935 1021 3005 ύμῖν
1039 2936 1148 2991 τῶν
1167 2936 1353 2991 κακῶν
1370 2938 1468 3009 τὴν
1490 2938 1734 3009 πικρίαν·

166 3016 313 3086 λέγει
353 3020 413 3073 δὲ
452 3023 613 3077 πάλιν
644 3026 738 3078 καὶ
764 3025 834 3080 τά
865 3028 995 3099 παρ’
1022 3028 1200 3083 αὐτῶν
1230 3030 1292 3083 ού
1326 3029 1552 3093 δεόντως
1593 3029 1742 3099 γινό-

168 3127 328 3179 μενα,
374 3112 516 3185 ὑπὲρ
544 3107 618 3168 ὧν
645 3115 708 3187 δὴ
752 3118 821 3171 τὰ
849 3119 1225 3191 προρρηθέντα
1263 3120 1609 3174 ἐπελεύσεται
1644 3121 1739 3174 αύ-

1840 2487 1973 2543 stris
2002 2486 2164 2558 digna
2198 2484 2356 2540 factis
2382 2484 2499 2540 haec
2528 2484 2831 2555 patiemini,
2869 2483 2980 2541 Deo
3007 2482 3077 2538 ad
3106 2483 3242 2538 iram
3268 2497 3419 2537 com-

1840 2588 1990 2634 moto
2040 2587 2102 2633 ut
2141 2577 2349 2648 judicio
2396 2575 2466 2633 de
2504 2577 2662 2633 vobis
2709 2576 2995 2642 decernat,
3036 2583 3092 2631 et
3135 2575 3264 2645 quia
3319 2589 3419 2636 vos

1839 2686 2055 2744 poenam
2100 2670 2325 2726 meritos
2367 2670 2494 2738 scit,
2531 2670 2672 2725 hanc
2717 2670 2985 2724 malorum
3025 2668 3181 2724 vobis
3216 2667 3419 2727 inferet

1838 2761 2277 2817 amaritudinem.
2323 2759 2446 2816 Mox
2497 2759 2681 2815 denuo
2726 2758 3016 2814 inhoneste
3059 2757 3131 2813 ab
3181 2756 3251 2813 iis
3294 2765 3417 2811 acta

1838 2850 2074 2914 reeitat,
2128 2863 2363 2919 quorum
2422 2862 2590 2903 causa
2647 2846 2909 2917 praedicta
2957 2845 3102 2900 mala
3145 2846 3415 2900 evenient.

1844 2959 1864 2993 ι
1887 2938 1991 3006 Qui
2009 2937 2157 2993 nullo
2171 2939 2312 2991 bono
2329 2936 2494 2991 verbo
2509 2934 2787 2998 laztamini,
2802 2933 2897 3004 qui
2910 2932 3120 2987 dicitis:
3141 2931 3331 2987 Nonne
3351 2948 3420 2985 ex

1839 3042 2027 3086 nostra
2059 3026 2379 3087 fortitudine
2404 3040 2612 3081 cornua
2635 3023 2943 3079 habemus?
2975 3041 2994 3074 ι
3020 3021 3418 3092 Prophetarum

1842 3122 2092 3179 consiliis
2137 3136 2247 3176 non
2288 3119 2455 3175 vultis
2500 3118 2828 3183 auscultare,
2848 3115 2948 3186 qui
2998 3130 3096 3169 vos
3132 3123 3420 3185 peccantes

163 3207 274 3267 τοῖς
298 3206 474 3261 κακά·
510 3212 601 3263 «Oi
628 3188 1038 3283 εὐφραινόμενοι
1051 3188 1148 3268 ἐπ’
1170 3214 1343 3270 οὐδενὶ
1362 3214 1504 3284 λόγῳ
1525 3213 1737 3285 ἀγαθῷ,

1847 3209 2366 3274 commonefaciunt,
2394 3217 2557 3279 atque
2587 3208 2654 3263 ad
2686 3208 2977 3262 honestum
3012 3211 3289 3266 revocant,
3320 3203 3417 3259 sed

163 3298 211 3349 οἱ
236 3297 525 3366 λέγοντες·
559 3301 672 3355 Ούκ
698 3304 755 3356 ἐν
782 3307 849 3375 τῇ
883 3304 1200 3377 ἰσχύῖήμῶν
1227 3305 1424 3378 ἔχομεν
1446 3307 1686 3379 κέρατα;
1715 3325 1735 3361 ι

163 3390 300 3453 Ταῖς
345 3391 448 3460 μὲν
490 3392 598 3464 γὰρ
625 3395 733 3449 τῶν
758 3397 1051 3468 προφητῶν
1086 3398 1414 3470 συμϐουλαῖς
1455 3400 1742 3473 προσέχειν

164 3484 263 3534 οὐκ
298 3482 517 3537 ἐθέλετε
553 3485 1075 3559 ὑπομιμνησκόντων
1122 3491 1268 3561 ὑμᾶς
1304 3492 1740 3563 ἁμαρτάνοντας,

164 3576 259 3627 καὶ
290 3574 679 3644 ὲπαναγόντων
724 3580 817 3633 ἐπὶ
841 3580 903 3634 τὸ
931 3581 1067 3636 δέον·
1108 3586 1177 3655 τῇ
1203 3583 1261 3637 se
1302 3583 1478 3656 οίκείᾳ
1514 3584 1743 3656 δυνάμει

1839 3305 2038 3361 vestris
2095 3302 2308 3358 viribus
2373 3316 2589 3372 semper
2650 3300 2955 3354 tribuentes
3024 3298 3093 3352 de
3167 3296 3418 3353 hostibus

1839 3395 2057 3455 cunctis
2083 3393 2397 3458 victoriam,
2428 3392 2581 3447 nihili
2609 3390 2900 3447 aestimatis
2938 3388 3213 3444 minarum
3243 3389 3419 3459 gravi-

1838 3500 2027 3554 tatem,
2054 3490 2212 3561 quasi
2244 3502 2389 3543 nunc
2413 3500 2631 3558 quoque
2653 3483 2921 3541 obsistere
2952 3481 3205 3539 hostibus
3239 3483 3422 3537 valea-

1800 3642 1803 3643 ν
1842 3586 1934 3641 tis.
1969 3584 2111 3651 Quid
2136 3581 2309 3653 ergo?

162 3660 517 3734 λογισάμενοι
557 3666 618 3720 τὸ
660 3668 888 3724 πάντοτε
934 3671 1152 3726 πάντων
1197 3674 1595 3746 κεκρατηκέναι
1646 3674 1754 3729 τῶν
1798 3673 2041 3747 ἐχθρῶν,
2083 3674 2142 3727 ἐν
2187 3670 2362 3726 οὐδενὶ
2418 3669 2528 3725 τῶν
2588 3668 2994 3741 ἀπειλουμένων
3059 3664 3274 3721 τίθεσθε
3318 3665 3421 3734 τὴν

161 3754 470 3828 βαρύτητα,
497 3760 575 3824 ὡς
607 3761 673 3815 ἂν
698 3763 992 3834 ἀρκοῦν-τες
1033 3768 1127 3820 καὶ
1168 3767 1262 3821 νῦν
1286 3768 1599 3841 ἀντιστῆναι
1626 3767 2061 3839 τοῖςιπολεμίοις.
2099 3765 2165 3819 Τί
2190 3761 2320 3831 οὖν;

231 3849 390 3918 Στίχ.
433 3850 514 3903 ιδ’.
537 3880 608 3890 -
635 3870 655 3905 ι
693 3854 835 3908 Διότι
873 3856 981 3909 ίδοί)
1005 3856 1117 3925 ἐγὼ
1148 3860 1420 3931 ἐπεγείρω
1449 3860 1534 3929 ἐφ’
1562 3859 1739 3930 ὑμᾶς,

156 3934 314 4002 οἶκος
362 3940 599 4012 Ἰσραὴλ,
634 3945 768 4013 φησὶ
796 3946 998 4017 Κύριος
1024 3950 1054 4000 ὁ
1085 3948 1239 4015 Θεὸς,
1274 3950 1541 4022 στρατιῶν
1565 3950 1737 4014 ἔθνος·

158 4032 257 4083 καὶ
287 4031 644 4102 ἐκθλίψουσιν
674 4035 819 4105 ὑμᾶς
860 4038 955 4091 τοῦ
1000 4038 1075 4112 μὴ
1116 4040 1377 4095 εἰσελθεῖν
1410 4043 1492 4107 είς
1533 4040 1737 4112 Δίμὰθ,

158 4122 249 4190 (p.
318 4122 460 4193 191)
508 4126 603 4178 καὶ
655 4126 759 4190 ἕως
798 4128 891 4180 τοῦ
941 4131 1243 4203 χειμάρρου
1285 4131 1397 4185 τῶν
1436 4132 1674 4203 δυσμῶν.
1713 4151 1734 4185 ι

167 4214 351 4285 Ὑπὲρ
374 4213 439 4285 δὴ
461 4215 663 4284 ταύτης
688 4217 862 4287 ὑμῶν,
885 4221 1038 4290 φησὶ,
1064 4221 1163 4291 τῆς
1189 4220 1434 4293 γνώμης,
1462 4224 1492 4275 ὁ
1524 4224 1741 4277 πάντων

154 4310 268 4363 τῶν
302 4312 622 4382 ἁπανταχοῦ
666 4312 908 4368 δυνατῶν
940 4314 1160 4384 Κύριος,
1194 4317 1449 4388 ἐπεγερεῖ
1484 4317 1611 4379 τοὺς
1643 4334 1739 4369 πο-

152 4401 389 4471 λεμίους
419 4403 583 4473 ὑμῖν,
620 4405 882 4476 μεγίστην
923 4406 1222 4470 ἐπάξοντας
1261 4407 1371 4460 τῶν
1414 4407 1600 4461 κακῶν
1643 4407 1741 4479 τὴν

1918 3857 2083 3912 Vens.
2115 3855 2204 3910 l4.
2231 3884 2303 3895 —
2330 3872 2349 3905 ι
2379 3851 2590 3908 idcirco
2631 3867 2701 3906 en
2750 3864 2851 3922 ego
2899 3846 3108 3904 suscito
3150 3845 3418 3900 adversus

1845 3966 1964 4015 vos,
2005 3949 2203 4004 domus
2246 3945 2489 4007 lsraelis,
2532 3943 2773 4013 gentium
2819 3939 3141 4001 exercitum,
3182 3935 3275 4005 qui
3319 3949 3418 3989 vos

1845 4048 2155 4103 conterent,
2198 4037 2494 4108 quominus
2540 4030 2927 4104 ingrediamini
2981 4031 3035 4082 in
3071 4025 3314 4086 Emath,
3362 4033 3418 4078 et

1847 4147 2021 4202 usque
2064 4130 2129 4185 ad
2175 4126 2477 4183 occidentis
2526 4131 2846 4179 torrentem.
2884 4139 2904 4172 ι
2973 4119 3133 4188 126
3179 4116 3261 4171 Ob
3318 4115 3417 4169 has

1844 4238 1977 4294 ergo
2018 4220 2378 4291 cogitationes
2423 4223 2656 4278 vestras,
2701 4211 2945 4266 omnium
2982 4213 3252 4278 quotquot
3295 4204 3419 4259 ubi-

1846 4329 1954 4385 que
1986 4320 2116 4367 sunt
2161 4306 2467 4380 potentium
2502 4305 2791 4366 Dominus,
2819 4302 3011 4357 hostes
3041 4300 3199 4355 vobis
3240 4298 3456 4369 βυθοῖο,

1847 4405 2005 4469 tabit,
2036 4403 2131 4474 qui
2163 4402 2456 4455 maximam
2495 4397 2653 4452 vobis
2678 4395 2945 4450 malorum
2975 4392 3083 4447 vim
3120 4391 3415 4452 adducent,

152 4496 391 4565 πεῖραν,
421 4494 499 4556 ὡς
525 4495 637 4548 ἀπὸ
681 4495 860 4566 Αἰμάθ
890 4496 1070 4566 (λέγει
1100 4496 1158 4549 δὲ
1192 4498 1355 4551 τόπον
1399 4498 1562 4571 ὁρίων
1602 4516 1738 4571 προ-

1847 4497 1919 4551 ita
1955 4502 2014 4549 ut
2061 4495 2130 4548 ab
2176 4489 2399 4547 Ematb
2433 4487 2593 4559 (dicit
2621 4494 2804 4542 autem
2856 4486 3036 4541 locutu
3073 4483 3414 4538 terminalem

151 4588 423 4658 κείμενον
450 4588 558 4641 τῶν
582 4588 763 4652 αὐτοῖς
784 4590 1201 4661 προσηκόντων)
1223 4591 1351 4662 ἄχρι
1374 4593 1607 4663 πέρατος
1635 4592 1744 4646 τῶν

150 4682 334 4751 ὁρίων
367 4680 521 4751 ὑμῶν
548 4681 792 4746 ἅπαντας
821 4686 1100 4754 περισχεῖν
1123 4683 1184 4737 τὸ
1215 4684 1403 4737 κακόν·
1435 4684 1584 4753 λέγει
1612 4683 1744 4753 γοῦν

150 4774 213 4823 ἐν
267 4774 398 4834 ταῖς
441 4771 748 4837 Βασιλείαις
783 4774 911 4843 περὶ
964 4773 1246 4844 Ἱεροϐοάμ
1271 4774 1365 4827 τοῦ
1418 4776 1605 4839 ’1ωὰς,
1650 4775 1739 4844 ἐφ’

148 4857 338 4932 οὗπερ
374 4862 469 4914 καὶ
499 4862 529 4914 ὁ
560 4865 843 4933 προφήτης
876 4862 1097 4931 γέγονεν
1126 4856 1282 4927 οὗτος
1326 4864 1518 4928 αὐτός·
1554 4884 1572 4916 ι
1616 4866 1743 4918 Ἀπ-

144 4955 508 5023 εκατέστησε
538 4955 599 5008 τὸ
631 4956 777 5026 ὄριον
816 4954 1032 5027 Ἰσραὴλ
1063 4955 1171 5009 ἀπὸ
1194 4956 1398 5009 εἰσόδου
1430 4956 1610 5027 Αἰμάθ
1636 4957 1742 5022 ἕως

145 5048 255 5112 τῆς
312 5046 594 5117 θαλάσσης
621 5047 723 5115 τῆς
769 5048 904 5120 πρὸς
938 5048 1194 5118 ἑσπέραν.
1221 5067 1241 5100 ι
1290 5048 1379 5111 Ὧς
1422 5048 1578 5119 δῆλον
1605 5046 1743 5102 εἶναι

145 5141 237 5192 ὅτι
271 5140 494 5209 πέρατα
519 5140 626 5192 τῶν
663 5139 1069 5211 Ἰσραηλιτικῶν
1095 5140 1258 5208 ὁρίων
1286 5135 1353 5212 ἧν
1387 5140 1454 5193 τὰ
1480 5143 1599 5203 ταῖς
1628 5140 1744 5192 ὁνο-

149 5230 399 5298 μασίαις
444 5229 749 5300 δηλούμενα
791 5230 1051 5294 ταύταις·
1091 5230 1340 5301 βούλεται
1385 5232 1493 5303 γὰρ
1536 5232 1743 5297 εἰπεῖν,

143 5324 235 5375 Em
294 5320 546 5375 Ἐκεῖθεν
577 5321 879 5392 ἀρξάμενον
911 5322 971 5375 τὸ
1009 5322 1177 5376 κακὸν
1218 5321 1424 5385 πάντας
1468 5322 1612 5391 ὑμᾶς
1644 5324 1741 5374 ἐπα

144 5412 472 5472 ελεύσεται,
502 5413 579 5476 ὼς
607 5413 833 5483 μηδενὸς
861 5412 1179 5482 δυνηθέντος
1205 5412 1313 5465 τῶν
1346 5412 1618 5483 πολεμίων
1644 5411 1744 5475 τὰς

142 5506 359 5573 χεῖρας
388 5502 693 5570 διαφυγεῖν,
718 5501 777 5567 ἐξ
798 5503 977 5555 αὐτῶν
1001 5503 1108 5556 τῶν
1132 5502 1469 5573 πραγμάτων
1492 5502 1742 5572 αἴσθησιν

140 5593 306 5662 ὑμᾶς
339 5592 528 5645 λαϐεῖν
547 5634 562 5659 ,
594 5595 678 5647 ὅτι
715 5593 837 5647 οὔτε
868 5594 1133 5667 πρότερόν
1166 5611 1217 5647 τι
1252 5593 1389 5648 κατά
1435 5594 1547 5647 τῶν
1579 5594 1736 5647 πολε-

219 5771 276 5805 ¹⁵
330 5786 381 5827 H‘
426 5769 536 5847 livg
628 5789 737 5840 xxv,
794 5774 883 5829 ‘23.

1840 4586 2088 4642 ﬁnitimis
2131 4584 2347 4638 illorum
2392 4577 2691 4650 obiectum)
2741 4591 2921 4647 usque
2964 4575 3033 4630 ad
3090 4574 3279 4628 ﬁnium
3325 4589 3419 4627 ve-

1839 4688 2077 4736 strorum
2120 4674 2544 4735 extremitatem,
2592 4668 2918 4724 universalis
2956 4666 3138 4721 futura
3169 4665 3242 4719 sit
3270 4665 3418 4718 cala-

1845 4770 2032 4827 mitas.
2069 4766 2213 4836 Ergo
2260 4764 2505 4833 loquitur
2530 4760 2636 4817 sub
2680 4759 2866 4830 regnis
2907 4756 3218 4813 Jeroboami
3251 4754 3420 4809 Joaso

1847 4861 2039 4933 geniti,
2067 4859 2225 4925 cujus
2262 4869 2458 4923 reapse
2482 4860 2642 4908 aetate
2678 4851 2770 4905 hic
2807 4851 2925 4920 ipse
2951 4847 3216 4918 propheta
3247 4844 3413 4898 vixit:

1852 4972 1875 5005 ι
1908 4948 2205 5005 Constituit
2233 4945 2613 5017 (Jeroboamus
2636 4940 2783 4997 Joasi
2822 4939 2988 5003 ﬁlius)
3025 4939 3163 4992 lines
3199 4934 3416 4989 lsraelis

1847 5044 1918 5097 ab
1945 5039 2173 5096 introitu
2197 5035 2441 5100 IEmath,
2462 5047 2633 5102 usque
2662 5031 2727 5085 ad
2751 5044 2903 5084 mare
2935 5026 3273 5082 occidentale
3292 5025 3361 5088 ⁵⁸,
3393 5042 3413 5075 ι

1850 5136 1926 5191 ita
1974 5140 2037 5188 ut
2094 5136 2309 5187 constet
2358 5128 2493 5181 lines
2544 5123 2872 5180 lsraeliticos
2906 5120 3120 5182 fuisse,
3174 5117 3267 5187 qui
3327 5116 3416 5170 his

1850 5224 2162 5282 nominibus
2217 5221 2567 5276 denotantur.
2616 5214 2808 5269 Dicere
2851 5219 3031 5266 autem
3089 5209 3227 5271 vult,
3275 5206 3420 5261 mala

1854 5318 2007 5372 illinc
2037 5314 2199 5369 initio
2227 5311 2418 5373 ducto,
2442 5324 2541 5363 vos
2578 5319 2796 5377 quoque
2841 5316 3032 5357 omnes
3072 5304 3417 5365 correptum.

1855 5410 1983 5479 quia
2020 5420 2182 5461 nemo
2215 5402 2457 5457 hostium
2488 5412 2683 5452 manus
2717 5392 2952 5461 evadere
2989 5388 3207 5460 poterit.
3238 5387 3424 5454 Atque

1852 5475 1977 5553 hinc
2008 5513 2073 5551 ex
2111 5494 2275 5548 rebus
2315 5490 2453 5559 ipsis
2481 5484 2853 5557 cognoscetis,
2889 5496 2958 5535 ne
2984 5476 3261 5550 praeterito
3290 5475 3427 5543 quia

1845 5593 1965 5648 dem
2004 5598 2248 5656 tempore
2283 5580 2581 5652 quidquam
2618 5592 2736 5643 vos,
2779 5575 2986 5644 absque
3031 5569 3123 5625 Dei
3156 5565 3427 5643 potentia.
