3954 6548
537 362 643 419 287
1721 360 1809 416 ΤΗ
1818 357 2071 417 ΕΟυοιιι

2189 353 2335 412 »Ρδυ
2345 351 2587 408 ESTENI
3661 343 3750 397 283

542 482 803 535 adversus
836 482 1023 536 hostes
1058 479 1315 536 valuisse.
1344 478 1486 535 Ecce
1521 479 1665 535 enim
1691 494 1861 544 nunc,
1892 478 2103 534 subtra-

2181 531 2184 540 _
2217 474 2354 544 μίων
2378 472 2501 540 δίχα
2525 470 2625 539 τῆς
2656 466 2803 530 Θείας
2838 465 3093 536 ἰσχύσατε
3125 461 3325 533 ῥοπῆς·
3358 456 3449 510 καὶ
3474 453 3569 509 νῦν
3598 458 3650 507 ἐν
3678 475 3742 509 τι·

543 582 633 627 cto
675 574 822 627 illius
854 574 1078 634 auxilio,
1114 572 1169 626 in
1202 580 1355 626 tanta
1395 572 1663 627 malorum
1702 587 1955 642 pressura
1990 586 2104 626 ver-

2220 564 2389 634 σαύτῃ
2435 561 2601 633 πείρᾳ
2643 559 2940 629 κατέστητε
2976 555 3161 610 κακῶν
3183 593 3198 617 ,
3246 549 3431 618 ἐπειδὴ
3478 548 3577 617 τῆς
3609 548 3753 642 αυτοῦ

544 666 762 719 samini.
799 664 897 717 llic
928 663 1206 719 subnectit
1238 663 1504 734 propheta
1534 641 1924 719 revelationem
1951 678 2105 733 quam

2221 654 2471 725 βοηθείας
2491 652 2594 717 ἔξω
2612 651 2891 720 γεγόνατε·
2909 648 3117 710 τούτοις
3133 642 3465 711 ἀποκάλυψιν
3485 641 3752 711 προστίθη-

543 756 701 822 vidit,
737 756 802 809 ad
834 755 1108 811 dictorum
1148 771 1377 811 suorum
1408 755 1905 812 conﬁrmationem.

2220 762 2303 798 σιν
2326 745 2391 814 ἢν
2418 739 2558 797 εἶδεν
2581 745 2610 797 6
2630 742 2910 813 προφήτης
2925 740 3004 803 είς
3030 738 3316 809 βεϐαίωσιν
3332 735 3440 789 τῶν
3459 734 3752 803 είρημένων.

1174 950 1329 1009 CAP.
1373 951 1483 1010 Vll.

2864 954 3020 1008 ΚΕΦ.
3058 955 3130 1008 Z'.

621 1102 789 1159 Vens.
824 1105 1015 1159 l-5.—-
1042 1125 1059 1157 ι
1083 1105 1208 1161 Haec
1237 1108 1475 1163 ostendit
1506 1110 1635 1163 mihi
1663 1109 1923 1166 Dominus
1956 1110 2120 1168 Deus.

2298 1110 2445 1179 Στίχ.
2476 1115 2622 1177 α’·γ’.
2646 1139 2713 1147 -
2734 1109 2810 1177 (p.
2842 1106 2964 1176 192)
2993 1123 3012 1157 ι
3042 1103 3228 1167 Οὕτως
3254 1102 3423 1168 ἐδειξέ
3449 1118 3536 1171 μοι
3556 1100 3753 1171 Κύριος-ι·

554 1194 619 1244 Et
635 1207 763 1247 ecce
795 1192 935 1249 fetus
956 1196 1311 1261 locustarum,
1342 1205 1397 1251 et
1421 1212 1549 1253 ecce
1567 1199 1808 1254 bruchus
1832 1201 2115 1271 unus,Gog

2226 1202 2321 1255 καὶ
2354 1201 2460 1254 ἰδοὺ
2491 1200 2716 1270 ἐπιγονὴ
2744 1197 2979 1268 ἀκρίδων
3010 1194 3280 1266 ἐρχομένη
3313 1192 3529 1262 ἑωθινὴ,
3546 1192 3643 1244 καὶ
3670 1192 3759 1245 ἰδοὺ

556 1298 672 1337 rex.
713 1283 775 1335 Et
796 1285 919 1347 erit,
944 1285 989 1340 si
1033 1287 1383 1356 compleverit
1415 1304 1607 1344 vorare
1636 1290 1818 1352 fenum
1849 1300 2025 1347 terrae.
2060 1292 2117 1347 EI

2229 1294 2455 1366 βροῦχος
2481 1288 2580 1357 εἷς,
2616 1292 2737 1360 Γὼγ
2763 1292 2792 1344 6
2824 1288 3073 1360 βασιλεύς
3096 1304 3111 1317 ο
3144 1288 3239 1340 καὶ
3267 1285 3439 1349 ἔσται,
3473 1284 3569 1336 ἐὰν
3599 1300 3758 1335 συντε-

557 1370 667 1425 dixi
689 1391 699 1425 :
724 1374 966 1438 Domine,
989 1373 1232 1442 Domine,
1251 1378 1513 1447 propitius
1533 1388 1670 1434 esto.
1692 1379 1824 1445 Quis
1841 1382 2118 1437 suscitabit

2226 1387 2359 1458 λέσῃ
2390 1383 2484 1439 τοῦ
2512 1386 2705 1454 φαγεῖν
2731 1383 2821 1436 τὸν
2850 1382 3041 1452 χόρτον
3069 1380 3166 1449 τῆς
3200 1378 3323 1448 γῆς·
3352 1377 3445 1428 καὶ
3476 1371 3648 1427 εἷπον·
3679 1374 3762 1427 Κύ·

558 1463 817 1517 Jacobum
835 1465 1119 1535 ?quoniam
1139 1469 1383 1524 modicus
1400 1480 1499 1524 est.
1518 1468 1864 1536 Pasniteatte,
1883 1471 2119 1537 Domine,

2232 1497 2334 1551 ριε,
2367 1477 2557 1548 Κύριε,
2590 1477 2747 1540 ἵλεως
2770 1472 2929 1543 γενοῦ
2949 1489 2963 1503 ⁸
2994 1471 3077 1534 τίς
3116 1470 3407 1539 ἀναστήσει
3434 1466 3525 1519 τὸν
3577 1464 3760 1529 Ίακὼδ,

562 1572 726 1625 super
748 1558 850 1612 hoc
877 1574 890 1609 :
914 1558 1030 1614 Non
1061 1561 1186 1626 erit,
1216 1562 1354 1616 dixit
1382 1562 1642 1619 Dominus
1670 1564 1832 1623 Deus.
1867 1586 1886 1619 ι
1913 1565 2123 1623 Vidisse

2229 1573 2310 1625 ὅτι
2334 1570 2609 1639 ὁλιγοστός
2647 1571 2796 1631 ἐστι;
2847 1564 3195 1637 μετανόησον,
3239 1560 3444 1629 Κύριε,
3483 1557 3572 1609 ἐπὶ
3597 1555 3761 1625 τούτῳ.

563 1664 620 1700 se
652 1647 727 1701 ait
755 1648 1089 1705 locustarum
1116 1652 1555 1724 bruchorumque
1585 1657 1987 1714 multitudinem
2026 1677 2039 1713 :
2077 1666 2124 1714 et

2232 1664 2341 1717 Καὶ
2364 1662 2521 1715 τοῦτο
2549 1660 2609 1713 οὐ
2646 1659 2721 1729 μὴ
2743 1657 2971 1726 γένοιτο,
3002 1655 3148 1723 λέγει
3180 1650 3404 1721 Κύριος.
3444 1669 3464 1701 ι
3498 1649 3764 1701 Τεθεάσθαι

562 1736 667 1791 illa:
704 1737 920 1807 quidem
956 1740 1235 1812 Assyrios,
1284 1742 1339 1796 bi
1377 1760 1507 1799 vero
1552 1743 1876 1817 Babylonios
1903 1748 2123 1803 denota-

2233 1753 2340 1823 γὰρ
2378 1752 2613 1823 ἀκρίδων
2652 1767 2711 1802 τε
2755 1749 2848 1802 καὶ
2883 1748 3125 1818 βρούχων
3170 1744 3317 1811 λέγει
3364 1740 3598 1811 πλῆθος,
3628 1733 3693 1791 ὧν
3720 1740 3768 1791 τὸ

564 1828 717 1892 bant,
758 1830 884 1898 quia
913 1832 1126 1885 venturi
1166 1843 1345 1898 erant,
1391 1841 1447 1889 et
1492 1838 1676 1891 omnia
1716 1838 1872 1907 quasi
1909 1839 2125 1893 locustae

2204 1853 2206 1863 ’
2361 1819 2468 1897 τὸν⁷
2485 1842 2645 1895 ’Λσσύ
2656 1858 2797 1911 ριον,
2824 1840 2884 1893 τὸ
2913 1839 2970 1891 δὲ
2994 1838 3084 1890 τὸν
3123 1834 3463 1888 Βαϐυλώνιον
3489 1830 3685 1899 ἐδήλου,
3710 1831 3765 1891 ὡς

564 1932 620 1973 et
646 1921 838 1975 bruchi
874 1925 1281 1992 consumpturi.
1321 1923 1428 1979 Sed
1456 1942 1578 1980 cum
1607 1928 1739 1992 vidi,
1770 1929 1970 1999 inquit,
2000 1930 2125 1983 mul-

2235 1937 2301 1990 ἀν
2328 1933 2770 2004 ὲπελευσομένων
2790 1949 2850 1985 τε
2878 1932 2972 1984 καὶ
2997 1928 3363 1998 ἀφανιούντων
3388 1927 3619 1986 ἅπαντα,
3644 1924 3769 1994 ἀκρί-

566 2012 857 2067 titudinem
902 2015 1064 2068 talem
1112 2015 1262 2068 omni
1307 2025 1464 2070 terrae
1510 2018 1710 2072 fructui
1739 2020 2002 2073 vastando
2035 2036 2127 2089 pa-

2233 2026 2323 2090 δος
2340 2043 2399 2078 τε
2430 2026 2523 2079 καὶ
2556 2023 2785 2095 βρούχου
2813 2023 3001 2090 δίκηνο
3052 2020 3299 2082 Ἀλλ’,ὡς
3336 2013 3496 2081 εἶδον,
3543 2017 3684 2085 φησὶ,
3724 2015 3770 2067 τὸ

569 2116 720 2169 rem;
762 2103 1074 2172 procidens,
1107 2106 1304 2176 inquit,
1335 2108 1548 2162 veniam
1594 2110 1864 2179 postulavi
1894 2110 2130 2180 peccatis

2236 2114 2438 2185 πλῆθος
2468 2112 2739 2184 αὔταρκες
2764 2111 2823 2164 ὃν
2850 2111 3063 2165 ἅπαντα
3088 2107 3349 2177 ἀφανίσαι
3375 2106 3469 2158 τὸν
3495 2106 3559 2157 ἐκ
3586 2104 3675 2172 τῆς
3691 2106 3770 2172 γῆς

575 2193 732 2261 127
763 2195 968 2249 nostris
1013 2195 1153 2259 dari,
1188 2210 1419 2251 cernens
1448 2199 1780 2267 perditarum
1813 2215 1994 2255 rerum
2036 2217 2136 2254 nu-

2238 2205 2613 2275 ἀναδιδόμενον
2636 2202 2866 2273 καρπὸν,
2892 2198 3236 2272 προσπεσὼν,
3263 2198 3449 2267 φησὶν,
3481 2196 3652 2266 ᾔτησα
3672 2211 3772 2260 συγ-

573 2286 969 2348 merositatem,
1001 2296 1054 2342 et
1098 2290 1455 2356 superstitum
1490 2292 1837 2360 paucitatem.
1875 2294 1988 2346 lmo
2012 2307 2134 2347 vero

2240 2297 2465 2367 γνώμην
2484 2294 2703 2365 δοθῆναι
2721 2297 2833 2357 τοῖς
2855 2293 3158 2362 πταίσμασι
3186 2292 3299 2352 τοῖς
3327 2287 3636 2358 ἡμετέροις,
3661 2284 3774 2355 ὁρῶν

574 2373 642 2429 de
677 2375 1031 2445 reliquiarum
1058 2393 1275 2449 quoque
1303 2380 1586 2450 desperavi
1619 2383 1817 2445 salute,
1859 2383 1966 2438 nisi
1995 2382 2135 2438 Deus

2245 2389 2342 2457 μὲν
2373 2386 2480 2439 τῶν
2510 2384 2859 2455 ἀπολομένων
2892 2383 2951 2435 τὸ
2980 2381 3185 2451 πλῆθος
3204 2419 3218 2443 ,
3258 2380 3402 2449 ὁρῶν
3428 2377 3489 2430 δέ
3521 2376 3626 2429 τῶν
3654 2393 3775 2443 περι-

576 2468 816 2534 pcccatis
860 2469 1067 2523 nostris
1105 2470 1455 2539 propitiatus,
1500 2486 1611 2525 rem
1649 2473 1703 2525 in
1753 2473 1947 2527 melius
1989 2489 2137 2527 com-

2242 2475 2567 2545 λειφθέντων
2618 2475 2717 2545 τὴν
2762 2474 3050 2543 ὀλιγότητα
3077 2488 3090 2502 ³
3158 2471 3482 2525 ἀνέλπιστον
3526 2468 3582 2519 δὲ
3629 2466 3776 2518 λοιπὸν

577 2565 831 2612 mutaret.
876 2556 1263 2614 Verumtamen
1309 2575 1418 2614 non
1466 2561 1690 2617 admisit
1731 2577 1946 2631 precem
2002 2563 2138 2618 hanc

2244 2566 2541 2639 ἡγούμενος
2580 2567 2675 2620 καὶ
2716 2566 2825 2619 τῶν
2876 2562 3258 2636 μεμενηκότων
3290 2561 3391 2632 τὴν
3434 2558 3711 2627 σωτηρίαν,
3741 2558 3777 2609 εἰ

580 2644 744 2709 Deus,
794 2649 921 2717 quia
956 2650 1218 2719 majorem
1274 2659 1624 2720 peccatorum
1678 2661 1992 2708 nostrorum
2044 2670 2141 2709 nu-

2249 2659 2324 2731 μὴ
2346 2656 2479 2721 Θεὸς
2504 2658 2660 2720 ἵλεως
2685 2661 2796 2720 τοῖς
2822 2655 3183 2727 ἁμαρτήμασι
3217 2651 3460 2722 γεγονὼς
3490 2654 3599 2712 τοῖς
3618 2650 3778 2719 ἡμετέε

582 2753 791 2790 merum
825 2739 1177 2804 existimavit,
1212 2756 1375 2811 quam
1423 2752 1483 2796 ut
1515 2743 1944 2798 misericordiam
1986 2746 2143 2800 velch

2252 2768 2385 2822 ροις,
2411 2750 2503 2802 ἐπὶ
2534 2749 2595 2801 τὸ
2627 2750 2869 2818 κρεῖττον
2915 2744 3210 2816 μεταϐάλοι
3246 2745 3315 2796 τὰ
3349 2742 3675 2814 πράγματα·
3704 2740 3779 2791 οὐκ

582 2830 874 2899 impertiri.
906 2829 1026 2885 Jam
1061 2847 1221 2886 nemo
1271 2833 1499 2889 miretur
1526 2835 1670 2904 quod
1716 2836 1922 2906 Gogum
1964 2852 2143 2907 regem

2249 2842 2465 2907 ἐδέξατο
2490 2840 2566 2901 δὲ,
2597 2839 2752 2910 φησὶ,
2782 2838 2879 2909 τὴν
2908 2837 3089 2908 δέησιν
3121 2835 3324 2905 ταύτην
3363 2834 3392 2886 6
3432 2832 3568 2895 Θεὸς
3586 2870 3600 2893 ,
3630 2828 3780 2897 ἐπειδὴ

582 2931 845 2976 memoret
878 2937 891 2974 :
925 2923 1126 2978 etenim
1159 2931 1213 2977 et
1252 2932 1411 2979 antea
1444 2926 1709 2997 Assyriis,
1758 2935 1812 2981 et
1841 2926 2143 2998 Babyloniis

2255 2931 2437 3003 μεῖζον
2473 2930 2698 3000 ἱλασμοῦ
2729 2929 2838 2983 τῶν
2878 2928 3305 2999 ἁμαρτηθέντων
3334 2925 3522 2986 αὐτοῖς
3554 2924 3716 2992 ἠγεῖτο
3738 2920 3782 2970 τὸ

583 3020 791 3080 postea,
832 3013 989 3067 multi
1014 3014 1082 3068 de
1109 3013 1384 3085 Scythicis
1412 3030 1633 3086 quoque
1664 3016 1882 3086 populis
1920 3018 2144 3071 auxilia.

2254 3023 2455 3093 πλῆθος
2474 3038 2487 3052 ⁶
2518 3024 2581 3075 οὑ
2613 3022 2719 3092 χρὴ
2746 3021 2801 3074 δὲ
2831 3019 3134 3091 θαυμάζειν
3162 3020 3210 3072 εί
3241 3015 3361 3071 εἶπε
3381 3058 3395 3082 ,
3438 3036 3459 3068 ι
3499 3014 3620 3082 Γὼγ
3650 3017 3675 3066 6
3711 3013 3781 3079 βα·

584 3117 674 3155 res
726 3103 852 3158 belli
902 3113 1078 3172 erant,
1126 3121 1362 3175 quorum
1424 3123 1521 3163 rex
1561 3116 1680 3163 erat
1729 3107 1948 3178 Gogus;
1993 3110 2145 3179 cujus

2221 3151 2225 3197 ι
2260 3115 2457 3177 σιλεὺς,
2496 3133 2515 3165 ι
2559 3113 2746 3182 ἐπειδὴ
2786 3112 2881 3165 καὶ
2922 3110 3225 3182 Ἀσσυρίοις
3264 3109 3553 3179 πρότερον,
3592 3105 3676 3201 καί
3703 3104 3782 3201 Βα-

586 3190 719 3246 facit
769 3194 1099 3251 mentionem
1152 3212 1261 3251 non
1318 3205 1581 3268 tanquam
1645 3199 1769 3255 belli
1823 3200 2003 3264 ducis,
2058 3201 2147 3256 sed

2222 3190 2225 3197 V
2262 3205 2537 3269 ϐυλωνίοις
2591 3205 2711 3275 μετ’
2754 3204 2947 3267 ἐκεῖνο,
3003 3202 3187 3255 πολλοὶ
3242 3201 3335 3254 καὶ
3385 3198 3500 3251 τῶν
3547 3194 3783 3248 Σκυθικῶν

586 3290 846 3352 tanquam
902 3288 1286 3356 regnatoribus
1318 3288 1601 3358 suppetias
1644 3288 1887 3347 ferentis.
1940 3290 2147 3346 Scimus

2263 3296 2433 3350 ἐθνῶν
2463 3295 2828 3367 συνέπραττον
2858 3296 2937 3358 είς
2963 3294 3053 3347 τὸν
3079 3293 3313 3362 πόλεμον
3336 3308 3351 3322 ·
3376 3284 3563 3358 ὧνπερ
3588 3283 3672 3341 οὖν
3693 3285 3787 3338 ἔϐα·

590 3382 771 3428 autem
833 3375 1117 3448 Assyrium
1176 3379 1352 3449 prius,
1415 3388 1470 3434 et
1522 3380 1718 3456 deinde
1777 3380 2151 3454 Babylonium,

2266 3386 2477 3440 σίλευεν
2503 3388 2530 3439 6
2557 3385 2699 3453 Γὼγ,
2726 3380 2896 3456 οὗπερ
2925 3383 3329 3455 ἐμνημόνευσεν
3356 3380 3455 3448 οὐχ
3480 3378 3555 3441 ὡς
3580 3377 3790 3445 ἄρχοντος

591 3467 775 3522 multis
837 3468 1198 3537 imperavisse
1270 3473 1488 3542 populis
1531 3490 1544 3526 :
1586 3455 1727 3542 quos
1795 3488 1985 3531 omnes
2035 3490 2152 3529 cum

2264 3476 2359 3530 τοῦ
2404 3477 2640 3547 πολέμου
2681 3477 2802 3529 τότε
2825 3518 2839 3538 ,
2867 3455 3009 3528 ἀλλ’
3050 3474 3126 3536 ὼς
3175 3474 3289 3534 τοῖς
3337 3471 3566 3540 ἄρχουσι
3617 3480 3790 3533 συμμα-

592 3559 827 3627 satrapis
856 3560 972 3616 suis
1010 3577 1104 3615 seu
1138 3563 1305 3632 regiis
1338 3562 1701 3632 praefecturis,
1737 3579 1846 3618 non
1875 3572 1960 3620 est
1994 3565 2153 3620 incre-

2262 3568 2484 3639 κοῦντος
2503 3585 2516 3598 ⁸
2547 3568 2609 3620 οὑ
2638 3567 2747 3638 γὰρ
2790 3566 2982 3636 ἄδηλον
3019 3567 3102 3617 ὅτι
3133 3564 3228 3617 καὶ
3259 3564 3288 3615 ὁ
3325 3559 3609 3631 Ἀσσύριος
3638 3557 3791 3625 πρότε-

596 3648 761 3709 dibile
784 3651 929 3706 bello
954 3652 1134 3709 socios
1166 3654 1503 3711 interfuisse.
1537 3655 1714 3709 Aliam
1756 3672 1950 3714 rursus
1975 3659 2157 3713 recitat

2267 3676 2356 3730 ρον
2386 3660 2553 3713 ἐθνῶν
2580 3658 2789 3713 πολλῶν
2807 3656 3047 3728 ἐκράτει,
3073 3655 3147 3725 (p.
3178 3653 3301 3718 193)
3322 3653 3416 3706 καὶ
3443 3651 3559 3722 μετ’
3583 3645 3792 3701 ἐκεῖνονό

595 3741 796 3796 abhinc
827 3744 1239 3802 revelationem.

2267 3750 2634 3815 Βαϐυλώνιοςο
2670 3748 2761 3812 οὒς
2795 3748 3041 3809 ἅπαντας
3078 3744 3215 3817 μετὰ
3256 3743 3365 3796 τῶν
3391 3739 3677 3812 σατραπῶν
3710 3737 3790 3788 τῶν

596 3830 833 3896 οἰκείων,
858 3833 958 3886 εἴτ’
985 3830 1078 3889 οῦν
1101 3836 1406 3906 βασιλειῶν,
1434 3838 1532 3892 οὐκ
1555 3838 1782 3904 ἀπεικὸς
1808 3836 1877 3911 ἦν
1906 3839 1997 3893 καὶ
2031 3842 2287 3912 παρεῖναι
2319 3843 2412 3896 καὶ
2440 3842 2813 3913 συμπράττειν
2852 3839 3049 3903 αὐτοὺς
3079 3836 3159 3908 τῷ
3192 3836 3439 3907 πολέμῳ.
3474 3830 3603 3887 Εἶτα
3623 3830 3758 3884 πάλιν

595 3924 788 3998 ἑτέραν
825 3928 1165 4000 ἀποκάλυψιν
1204 3932 1386 4001 λέγει’

667 4018 835 4077 Vens.
868 4021 985 4076 4-9.
1009 4052 1081 4063 -—
1103 4042 1120 4074 ι
1159 4023 1249 4079 Sic
1274 4024 1514 4080 ostendit
1545 4026 1676 4081 mihi
1708 4024 1972 4083 Dominus
2007 4025 2169 4083 Deus.

2341 4023 2490 4091 Στίχ.
2533 4019 2665 4073 δ’-θ’.
2697 4048 2766 4058 -
2801 4035 2819 4067 ι
2857 4017 3041 4079 Οῦτως
3072 4014 3242 4079 ἑδειξέ
3277 4031 3364 4085 μοι
3397 4011 3601 4081 Κύριος
3630 4010 3656 4060 6
3677 4006 3795 4069 Θεὸς

598 4109 665 4164 Et
690 4127 819 4167 ecce
852 4115 1068 4169 vocavit
1104 4115 1371 4185 judicium
1414 4118 1468 4171 in
1496 4118 1621 4187 igne
1658 4117 1953 4184 Dominus;
1991 4127 2046 4173 et
2079 4119 2159 4174 de-

2271 4117 2363 4169 καὶ
2407 4114 2514 4167 ἰδοὺ
2561 4110 2821 4164 ἐκάλεσεν
2865 4109 2964 4179 τὴν
3009 4106 3165 4177 δίκην
3202 4108 3260 4157 ἐν
3294 4105 3429 4174 πυρὶ
3472 4104 3697 4173 Κύριος,
3731 4098 3798 4150 καὶ

598 4201 812 4254 voravit
839 4202 1096 4272 abyssum
1144 4206 1409 4271 multam;
1440 4214 1493 4261 et
1525 4207 1807 4261 devoravit
1837 4218 2066 4277 partem.
2112 4208 2159 4261 El

2271 4205 2547 4273 κατέφαγε
2599 4202 2697 4272 τὴν
2746 4201 2980 4253 ἄϐυσσον
3030 4198 3129 4267 τὴν
3178 4196 3375 4267 πολλὴν
3396 4235 3411 4260 ,
3444 4196 3543 4248 καὶ
3574 4192 3798 4258 κατέφαγε

600 4291 713 4345 dixi
741 4308 756 4346 :
789 4292 1038 4359 Domine,
1075 4296 1263 4352 desine
1285 4298 1467 4352 modo.
1501 4298 1635 4364 Quis
1674 4299 2161 4355 suscitabitJacob

2272 4298 2372 4368 τὴν
2402 4296 2624 4366 μερίδαο
2659 4294 2753 4346 καλ⁵
2781 4289 2954 4345 εἶπον
2990 4291 3183 4360 Κύριε,
3209 4290 3446 4341 κὸπασον
3480 4287 3543 4371 δή
3564 4302 3577 4316 ο
3602 4285 3677 4347 τίς
3704 4285 3799 4336 ἀνα-

536 4390 539 4393 ’
603 4382 731 4451 quia
757 4383 1003 4440 modicus
1024 4388 1145 4440 est?
1170 4388 1438 4443 Pmniteat
1462 4396 1534 4451 te.
1566 4390 1817 4452 Domine,
1843 4407 2009 4459 super
2037 4393 2097 4444 ho

2238 4432 2252 4480 ι
2282 4388 2467 4453 στήσει
2498 4385 2589 4438 τὸν
2634 4382 2827 4437 Ἰακὼό
2859 4383 2942 4436 ὅτι
2984 4380 3257 4449 ὀλιγοστός
3290 4381 3438 4443 ἐστι;
3489 4375 3799 4478 μετανόησον.

604 4471 674 4522 Αι
696 4470 798 4525 hoc
842 4488 951 4526 non
1003 4474 1114 4539 fiet,
1163 4476 1297 4530 dicit
1336 4476 1601 4531 Dominus
1653 4476 1812 4533 Deus.
1844 4497 1863 4530 ι
1898 4476 2045 4539 Vidi,
2091 4480 2165 4532 in-

2242 4465 2251 4478 ’
2280 4478 2452 4549 Κύριε
2469 4517 2483 4541 ,
2510 4476 2603 4529 ἐπὶ
2623 4474 2819 4543 τούτῳ.
2842 4504 2909 4514 --
2940 4474 3051 4528 Καὶ
3080 4471 3237 4526 τοῦτο
3266 4471 3326 4523 οὐ
3349 4469 3422 4540 μὴ
3444 4470 3679 4539 γένηται,
3695 4465 3803 4529 λέγει

606 4560 747 4629 quit,
810 4577 1004 4619 rursus
1051 4563 1219 4619 Deum
1273 4578 1553 4621 vocantem
1597 4567 1887 4635 judicium,
1939 4585 2047 4640 quo
2094 4585 2167 4624 res

2278 4570 2483 4640 Κύριος
2516 4570 2544 4621 ὁ
2574 4566 2725 4630 Θεός.
2768 4586 2786 4618 ι
2840 4564 3185 4634 Ἐθεασάμην
3212 4562 3340 4633 γὰρ,
3373 4562 3537 4630 φησὶ,
3574 4557 3717 4611 πάλιν
3742 4554 3804 4603 τὸν

608 4651 892 4707 hominum
939 4654 1189 4724 judicare
1239 4658 1379 4712 solet
1415 4677 1428 4711 :
1461 4674 1698 4729 namque
1745 4660 1939 4714 horum
1998 4663 2169 4715 omnia

2280 4662 2433 4725 Θεὸν,
2473 4660 2739 4714 καλοῦντα
2781 4658 2881 4727 τὴν
2913 4657 3072 4727 δίκην
3120 4656 3240 4709 καθ’
3289 4656 3355 4726 ἣν
3398 4653 3573 4706 ἅπασι
3612 4645 3806 4711 δικάζειν

611 4758 799 4799 severe
830 4754 883 4800 et
914 4749 1083 4802 multa
1117 4764 1240 4802 cum
1271 4749 1626 4820 inquisitione
1658 4752 1941 4806 scrutandi
1974 4768 2094 4809 mos
2136 4755 2172 4808 ei

2284 4753 2441 4807 εἴωθε
2476 4755 2585 4815 τοῖς
2616 4750 2942 4822 ἀνθρώποις,
2982 4748 3119 4819 μετὰ
3148 4746 3429 4818 ἀκριὸείας
3455 4761 3516 4796 τε
3546 4742 3637 4795 καὶ
3666 4736 3807 4804 ἐξετά-

612 4844 717 4890 est.
761 4836 929 4892 Porro
976 4840 1028 4892 in
1073 4840 1196 4910 igne
1243 4842 1475 4907 vocavit,
1505 4844 1633 4912 quia
1680 4843 1773 4897 tali
1820 4858 1981 4913 paena
2026 4843 2173 4914 dign:

2290 4862 2426 4904 σεως
2473 4842 2671 4913 πολλῆς
2715 4842 2785 4895 τά
2834 4841 2953 4894 κατ’
3007 4840 3204 4900 αὐτοὺς
3255 4838 3562 4904 οἰκονομεῖν
3614 4828 3805 4888 εἰωθώς·

616 4927 759 4984 facta
801 4932 1153 4989 existimavit.
1184 4934 1304 5001 Quo
1354 4936 1477 5007 igne
1530 4937 1899 4991 lsraelitarum
1940 4936 2177 4989 multitu-

2288 4937 2513 4990 ἐκάλεσε
2544 4935 2600 4987 δὲ
2626 4936 2683 4987 ὲν
2704 4934 2859 5005 πυρὶ,
2881 4932 3069 5003 ἐπειδὴ
3096 4930 3351 4998 τοιαύτης
3378 4927 3648 4998 τιμωρίας
3667 4924 3810 4993 ἡγεῖτο

615 5021 797 5077 dinem
839 5026 1023 5092 (quam
1066 5026 1264 5096 abysso
1303 5033 1605 5098 comparat)
1633 5045 1758 5083 cum
1791 5029 2004 5083 absumi
2040 5027 2176 5082 vide-

2285 5030 2355 5083 τὰ
2389 5026 2784 5098 πεπραγμένα·
2814 5027 2908 5093 ἀφ’
2939 5016 2999 5077 οὗ
3034 5023 3118 5093 δὴ,
3148 5022 3301 5092 φησὶ,
3346 5021 3405 5073 τὸ
3438 5019 3549 5071 τῶν
3589 5012 3806 5086 Ἰσραηλιο

618 5129 769 5177 rem,
837 5131 1028 5171 rursus
1088 5119 1410 5184 exclamavi,
1450 5120 1893 5175 deminutionem
1952 5119 2179 5187 aliquam

2286 5122 2396 5173 τῶν
2449 5118 2654 5187 πλῆθος
2708 5117 2929 5187 ἀϐύσσῳ
2985 5114 3277 5187 παρεοικὸς
3328 5107 3812 5175 καταναλισκόμενον

618 5208 746 5262 mali
787 5210 1091 5277 postulans.
1126 5210 1490 5267 Nihilominus
1526 5212 1669 5269 Deus
1704 5228 1813 5268 non
1850 5211 2058 5265 annuit.
2083 5210 2179 5264 Sed

2292 5211 2437 5275 ἰδὼν,
2470 5208 2632 5262 πάλιν
2663 5208 2862 5279 ἐϐόησα
2890 5206 3142 5274 γενέσθαι
3170 5205 3289 5258 τινά
3321 5204 3545 5274 μείωσιν
3570 5199 3721 5253 αἰτῶν
3746 5192 3812 5246 τυ]

614 5306 728 5373 jam
792 5308 1006 5363 tertiam
1056 5324 1274 5378 quoque
1320 5316 1508 5363 narrat
1558 5307 1962 5362 revelationem.
2028 5324 2044 5357 ι
2099 5304 2175 5358 εἰ(

2290 5301 2463 5358 κακοῦ
2486 5319 2499 5331 ·
2542 5302 2858 5370 ἀπεφήνατο
2881 5300 2935 5352 δὲ
2963 5298 3178 5351 ἔσεσθαι
3208 5295 3363 5349 τοῦτο
3389 5294 3540 5356 Θεός.
3581 5290 3723 5345 Ἀλλὰ

620 5401 859 5456 ostendit
898 5404 1031 5457 mihi
1068 5402 1330 5457 Dominus
1375 5421 1388 5456 :
1428 5416 1557 5457 ecce
1594 5402 1679 5455 vir
1702 5410 1856 5455 stans
1882 5413 2045 5467 super
2078 5413 2181 5451 mu-

2290 5396 2481 5467 τρίτην
2525 5392 2867 5462 ἀποκάλυψιν
2906 5391 3088 5459 λέγει’
3134 5408 3152 5439 ι
3187 5388 3370 5451 Οῦτως
3410 5383 3700 5476 ἔδειξέημοι

622 5510 743 5548 rum
792 5495 1223 5560 adamantinum,
1264 5505 1319 5551 et
1370 5497 1423 5549 in
1454 5510 1619 5549 manu
1668 5492 1789 5561 ejus
1831 5492 2073 5546 adamas.
2131 5488 2183 5542 Et

2296 5505 2440 5560 ριος·
2473 5486 2568 5539 καὶ
2600 5486 2707 5539 ἰδοὺ
2738 5484 2877 5553 ἀνὴρ
2917 5481 3161 5551 ἑστηκὼς
3204 5480 3297 5531 ἐπὶ
3329 5474 3817 5571 τείχους-ἀδαμαντιῗ

625 5586 757 5639 dicit
808 5586 1070 5642 Dominus
1112 5588 1176 5641 ad
1215 5603 1299 5641 mc
1343 5606 1355 5641 :
1390 5586 1530 5652 Quid
1574 5593 1632 5640 tu
1670 5583 1839 5647 vides,
1889 5583 2093 5635 Amos?
2136 5580 2186 5633 EI

2298 5597 2388 5632 νου
2410 5595 2423 5608 ·
2451 5578 2543 5631 καὶ
2571 5579 2628 5630 ἐν
2650 5580 2717 5646 τῇ
2749 5575 2888 5643 χειρὶ
2916 5571 3080 5625 αὐτοῦ
3110 5572 3322 5639 ἀδάμας
3343 5585 3356 5598 ’
3388 5568 3480 5620 καὶ
3510 5564 3629 5618 εἶπε
3657 5563 3815 5625 Κύριος

629 5676 738 5732 dixi
770 5697 781 5732 :
815 5678 1170 5735 adamantem.
1214 5678 1376 5749 128
1402 5679 1463 5732 Et
1490 5676 1627 5731 dixit
1665 5675 1927 5732 Dominus
1972 5672 2039 5728 ad
2071 5688 2156 5727 me
2184 5691 2190 5727 :

2301 5670 2433 5740 πρός
2474 5686 2540 5739 με
2561 5687 2571 5697 ο
2592 5668 2654 5720 Τί
2680 5668 2742 5719 σὺ
2769 5668 2899 5736 ὁρᾷς
2919 5708 2932 5729 ,
2961 5662 3153 5734 Αμὼς;
3188 5662 3293 5715 Καὶ
3323 5654 3479 5713 εἴπα-
3540 5654 3816 5721 Ἀδάμαντα.
