3954 6558
179 378 277 434 239
1200 373 1753 431 COMMENTARIUS
1786 375 1853 429 m
1891 373 2099 430 suasu
2123 328 2275 431 car.
2311 373 2419 427 vn.
3299 371 3404 427 νου

180 496 283 549 Καὶ
305 489 428 546 εἷπε
450 494 653 563 Κύριος
664 492 803 565 πρὸς
825 491 892 562 μέ
910 506 925 521 ·
943 489 1071 544 Ἰδοὺ
1086 488 1197 557 ἐγὼ
1212 490 1452 543 ὲντάσσω
1463 490 1744 561 ἀδάμαντα

1866 488 1986 544 Ecce
2013 505 2112 560 ego
2141 492 2361 559 impono
2390 489 2732 545 adamantem
2774 492 2828 543 in
2863 488 3040 544 medio
3068 488 3252 560 populi
3297 491 3404 543 mei

178 586 233 637 ἐν
284 584 431 654 μέσῳ
461 582 591 636 λαοῦ
626 600 726 653 μου
782 580 996 654 Ἰσραήλ
1015 597 1031 611 ·
1068 580 1253 634 οὐκέτι
1284 581 1358 652 μὴ
1390 581 1610 653 προσθῶ
1641 581 1737 635 τοῦ

1866 581 2095 648 sraelis;
2127 595 2476 651 nequaquam
2524 582 2668 636 ultra
2713 581 2907 635 addam
2940 592 3000 635 ut
3031 590 3404 651 pertranseam

181 676 462 747 παρελθεῖν
475 676 666 729 αὐτόν·
693 675 783 727 καὶ
799 672 1251 743 ἀφανισθήσονται
1277 675 1325 725 οἱ
1343 672 1516 745 βωμοὶ
1530 672 1621 727 τοῦ
1648 672 1738 741 γέ·

1866 686 1987 726 eum.
2035 669 2102 723 Et
2157 670 2510 726 destruentur
2565 686 2674 726 arae
2725 672 2894 734 risus,
2956 681 3009 727 et
3066 670 3405 726 initiationes

180 767 361 828 λωτος·
380 765 475 817 καὶ
486 766 543 817 αἱ
559 763 770 818 τελεταὶ
800 762 1013 833 Ἰσραὴλ
1028 764 1052 814 ὲ
1060 780 1126 833 ρη
1134 760 1500 832 μωθήσονται·
1517 763 1592 835 (p.
1614 764 1738 832 194)

1866 759 2062 815 sraelis
2112 758 2537 827 desolabuntur;
2577 768 2632 815 et
2663 776 2985 831 consurgam
3018 762 3280 817 adversus
3305 761 3405 815 do-

179 858 270 908 καὶ
289 856 660 925 ἀναστήσομαι
692 853 782 906 ἐπὶ
796 852 884 905 τὸν
899 848 1044 905 οἶκον
1068 852 1348 923 Ίεροὸοάμ
1360 853 1418 907 ὲν
1438 854 1699 925 ῥομφαίᾳ.
1714 872 1732 905 ι

1866 866 1991 904 num
2020 848 2333 907 Jeroboami
2365 866 2489 906 cum
2530 851 2732 922 gladio.
2764 869 2783 902 ι
2828 850 3228 908 Demonstravit
3270 853 3406 907 mihi

182 946 387 1012 Ἔδειξε
409 946 519 1014 γάρ
551 943 639 1015 μοί
662 961 801 1006 τινα,
825 944 1009 1011 φησὶν,
1036 944 1122 994 ἐπ’
1142 943 1500 1012 ἀδαμαντίνου
1529 944 1740 1014 τείχους

1866 942 2158 1011 ιιιεωόοηι,
2199 943 2398 1013 inquit,
2445 957 2609 1012 super
2656 941 3004 996 adamantino
3053 958 3211 997 muro
3255 952 3407 998 stan-

179 1036 421 1097 ἑστῶτα,
463 1033 655 1103 ἔχοντα
688 1033 781 1085 ἐπὶ
824 1032 924 1102 τῆς
972 1031 1155 1103 χειρὸς
1203 1033 1519 1103 ἀδάμαντα·
1564 1030 1633 1105 ἦν
1682 1034 1741 1087 δὲ

1866 1049 1976 1099 em,
2026 1034 2120 1104 qui
2158 1050 2324 1090 manu
2373 1036 2501 1090 item
2558 1035 2902 1089 adamantem
2954 1035 3193 1090 tenebat.
3233 1035 3407 1091 Porro

179 1125 349 1178 ταῦτα
392 1126 594 1194 σημεῖα
635 1121 730 1175 τοῦ
771 1119 1004 1191 στερῥάν
1048 1120 1144 1174 καὶ
1179 1120 1370 1175 ἄλυτον
1398 1120 1741 1192 ἐξενηνέχθαι

1866 1142 1958 1183 nec
1998 1134 2156 1182 erant
2205 1127 2405 1181 indicia
2448 1126 2618 1182 firmae
2658 1132 2824 1195 atque
2868 1124 3181 1182 insolubilis
3229 1141 3258 1181 a
3298 1126 3408 1181 Deo

180 1215 323 1268 κατά
346 1214 456 1267 τῶν
488 1212 834 1283 Ἰσραηλιτῶν
859 1210 1011 1283 παρά
1036 1210 1129 1264 τοῦ
1160 1211 1295 1264 Θεοῦ
1321 1212 1419 1282 τὴν
1446 1212 1740 1281 ἀπόφασιν,

1866 1228 1968 1274 atas
2021 1219 2285 1275 adversus
2339 1218 2615 1275 lsraelitas
2657 1218 2960 1281 sententiae,
3023 1218 3279 1272 nimirum
3324 1215 3438 1272 uti"

181 1308 275 1360 ἆτε
321 1305 417 1359 τοῦ
458 1303 763 1373 ἀδάμαντος
799 1305 866 1372 τῇ
900 1302 1218 1373 στερρότητι
1252 1302 1321 1357 τά
1365 1302 1527 1356 λοιπὰ
1555 1302 1743 1357 νικῶν-

1866 1310 2073 1366 idamas
2129 1310 2333 1365 duritie
2385 1325 2483 1365 sua
2535 1310 2719 1364 omnia
2766 1314 3008 1380 superat.
3063 1308 3199 1362 Cum
3254 1310 3403 1362 omni

180 1416 288 1461 τος.
337 1395 496 1450 Μετά
528 1396 711 1466 πάσης
754 1395 967 1460 τοίνυν,
1023 1394 1190 1464 φησὶ,
1242 1396 1339 1466 τῆς
1389 1395 1742 1467 στερρότητος

1866 1403 2033 1472 gitur,
2058 1402 2256 1472 inquit,
2287 1401 2546 1458 ﬁrmitate
2583 1402 2847 1456 adducam
2884 1401 3083 1471 populo
3114 1401 3272 1462 mala,
3306 1414 3407 1454 nec

180 1488 364 1554 ἐπάξω
391 1487 468 1558 τῷ
504 1485 620 1555 λαῷ
652 1486 721 1539 τά
765 1484 907 1538 κακά
927 1528 941 1551 ,
973 1485 1156 1539 οὐκέτι
1185 1487 1550 1558 παρατρέχειν
1577 1484 1742 1540 αὑτοῦ

1866 1494 2053 1549 liutius
2083 1493 2435 1549 dissimulare
2476 1500 2696 1563 peccata
2724 1493 2845 1560 ejus
2874 1494 3069 1562 patiar.
3110 1491 3412 1547 Destruen-

179 1581 277 1642 τὰς
315 1579 658 1650 παρανομίας
696 1576 1050 1646 ἀνεχόμενος·
1094 1577 1553 1648 ἀφανισθήσονται
1591 1577 1650 1631 δὲ
1694 1577 1742 1631 οἱ

1866 1600 1937 1640 ω·
1983 1592 2163 1639 autem
2199 1599 2307 1638 ara:
2347 1598 2561 1645 omnes,
2615 1582 2758 1651 apud
2810 1598 2945 1651 quas
2988 1582 3130 1635 idola
3179 1582 3413 1637 colendo

183 1670 355 1740 βωμοὶ
387 1669 587 1731 πάντες
606 1707 621 1732 ,
656 1668 714 1719 ὲν
738 1662 819 1730 οἷς
850 1668 943 1720 ἐπὶ
968 1669 1037 1739 τῇ
1078 1669 1186 1722 τῶν
1220 1666 1450 1722 εἰδώλων
1481 1668 1746 1741 θεραπείᾳ

1866 1676 2149 1746 voluptatis
2188 1674 2427 1729 fructum
2459 1673 2764 1742 capiebant.
2795 1672 2859 1727 Et
2882 1674 3063 1726 omnia
3089 1680 3147 1726 ut
3174 1673 3415 1727 breviter

180 1762 277 1833 τὴν
305 1761 497 1832 ἡδονὴν
528 1760 860 1831 ἐκαρποῦντο
880 1778 893 1790 ·
922 1761 1013 1814 καὶ⁸
1038 1760 1213 1815 πάντα
1242 1760 1329 1830 δὴ,
1372 1761 1525 1831 φησι,
1561 1761 1748 1814 συντό-

1866 1768 2026 1823 licam
2066 1766 2307 1821 vastitati
2337 1766 2642 1829 tradentur,
2674 1772 2942 1834 quotquot
2988 1779 3133 1818 nunc
3177 1765 3246 1817 ah
3277 1763 3417 1832 ipsis

124 1900 127 1903 .
184 1827 301 1922 μως
326 1827 541 1923 *ἐρημίᾳ
582 1827 1013 1922 παραδοθήσεται
1048 1851 1219 1905 ὁπόσα
1251 1827 1347 1905 νῦν
1387 1827 1519 1922 παρ’
1566 1851 1745 1905 αὐτῶν

1866 1861 1918 1914 ›ι›
1949 1860 2258 1913 daemonum
2311 1857 2582 1912 culturam
2632 1858 2786 1912 liunt.
2823 1854 2965 1921 Quin
3004 1862 3060 1909 et
3103 1855 3413 1910 universam

180 1945 273 1996 ἐπὶ
304 1943 571 2014 θρησκείᾳ.
614 1943 722 1996 τῶν
760 1942 1029 2013 δαιμόνων
1059 1941 1387 2014 πληροῦται*
1425 1942 1520 1997 καὶ
1546 1942 1611 2012 δὴ
1650 1943 1746 1997 καὶ

1866 1950 2131 2018 'egnantis
2158 1962 2307 2003 nunc
2330 1946 2643 2003 Jeroboami
2667 1946 2967 2016 potentiam
2997 1946 3137 2000 bello
3161 1961 3414 2015 pessum-

180 2036 363 2087 πᾶσαν
395 2034 487 2086 τοῦ
522 2032 888 2103 βασιλεύοντος
914 2032 1067 2102 ὑμῶν
1093 2032 1187 2086 νῦν
1220 2032 1501 2104 Ἰεροὸοάμ
1534 2032 1746 2101 ἀφανιῶ

1866 2041 2008 2095 labo.
2051 2039 2283 2094 Videtur
2304 2047 2483 2093 autem
2517 2038 2606 2092 hic
2631 2038 2852 2093 domum
2886 2035 3196 2092 Jeroboanii
3229 2038 3413 2091 dicere

179 2124 252 2193 τῷ
286 2124 511 2193 πολέμῳ
545 2125 644 2194 τὴν
678 2122 924 2193 δύναμιν.
960 2122 1144 2176 Ἔοικε
1185 2123 1242 2177 δὲ
1270 2118 1415 2177 οἷκον
1467 2123 1748 2195 Ἰεροὸοάμ

1866 2146 1947 2185 )ro
1979 2140 2091 2184 toto
2130 2145 2327 2200 regno;
2362 2145 2429 2184 ex
2460 2129 2707 2199 principe
2740 2139 2954 2198 gentem
2998 2138 3163 2183 telam
3197 2130 3409 2200 signiﬁ-

179 2216 413 2270 ἐνταῦθα
457 2215 557 2284 τὴν
604 2214 876 2285 βασιλείαν
920 2214 1137 2269 ἃπασαν
1162 2213 1370 2283 λέγειν,
1398 2214 1463 2268 ὲκ
1487 2214 1583 2268 τοῦ
1614 2231 1750 2287 κρα-

178 2308 397 2370 τοῦντος
436 2307 581 2361 ἆπαν
616 2308 864 2377 σημήνας
901 2305 962 2359 τὸ
990 2305 1173 2373 ἔθνος,
1203 2305 1363 2377 δήλου
1393 2322 1457 2374 γε
1483 2306 1632 2370 ὖντος
1673 2306 1750 2369 ὡς

177 2402 365 2462 ἐντοῖς
388 2398 528 2469 μετά
546 2398 637 2451 τὸν
663 2397 943 2469 Ἰεροόοάμ
968 2398 1234 2470 χρόνοιςὴ
1260 2397 1369 2453 τῶν
1391 2397 1528 2469 (28')
1562 2399 1753 2452 Ἀσσυ-

179 2492 309 2561 ρίων
336 2491 525 2560 ἔφοδος
547 2490 737 2559 γέγονε
766 2490 908 2543 κατά
930 2489 1026 2543 τοῦ
1064 2488 1300 2563 Ἰσραήλ.

245 2584 401 2654 Στίχ.
437 2582 587 2650 ι’-ιγ’.
621 2612 692 2622 -
718 2581 954 2635 Τοιαῦτα
981 2582 1043 2651 δὴ
1072 2580 1166 2635 τοῦ
1194 2582 1476 2653 προφήτου
1506 2598 1752 2652 μεμηνυ-

177 2676 338 2738 κότος
374 2673 759 2727 ἐπελεύσεσθαι
786 2672 864 2742 τῷ
897 2672 1037 2726 ἔθνει
1074 2672 1169 2726 τοῦ
1213 2672 1429 2745 Ἰσραὴλ
1450 2712 1464 2737 ,
1498 2672 1639 2744 ὑπὲρ
1676 2666 1752 2726 ὧν

178 2768 414 2836 ἠσέϐουν
443 2784 506 2831 ν
540 2765 635 2819 καὶ
666 2765 1005 2835 παρενόμουν
1032 2764 1311 2826 ποικίλων,
1359 2763 1617 2834 ’Δμεσίας
1642 2766 1669 2817 ὁ
1695 2765 1754 2818 ὲν

1848 2238 2001 2277 cans.
2032 2221 2203 2276 Porro
2225 2222 2565 2291 exploratum
2611 2229 2696 2275 est
2730 2220 3039 2275 Jeroboami
3078 2222 3417 2290 temporibus

1849 2314 2100 2369 evenisse
2122 2313 2475 2385 Assyriorum
2494 2314 2898 2382 expeditionem
2924 2322 3114 2369 contra
3139 2314 3412 2371 lsraclem.

1925 2578 2091 2634 Vsns—
2118 2578 2310 2634 10-15.
2330 2578 2551 2633 —Cum
2584 2577 2700 2633 haec
2732 2580 2993 2649 prapheta
3022 2582 3169 2652 genti
3202 2581 3429 2639 lsraelis

1853 2681 2113 2727 eventura
2158 2670 2532 2741 praedixisset,
2582 2680 2803 2740 propter
2852 2672 3032 2728 varias
3083 2683 3421 2743 perpetratae

1856 2762 2162 2832 impietates
2186 2771 2347 2831 atque
2368 2763 2663 2833 nequitias,
2688 2764 2934 2818 Amesias
2953 2764 3046 2834 qui
3068 2765 3213 2835 apud
3236 2765 3421 2821 Bethel

177 2858 386 2928 Βαιθὴλ
421 2855 711 2927 ίερατεύων
744 2855 838 2908 καί
868 2854 965 2922 τῆς
998 2851 1265 2922 τοσαύτης
1296 2850 1550 2915 ἀσεϐείας
1587 2851 1751 2922 ἡγού-

1866 2854 2116 2909 sacerdos
2137 2863 2276 2919 erat,
2298 2862 2352 2909 et
2376 2855 2513 2909 tanti
2537 2855 2761 2910 sceleris
2794 2854 2994 2925 populo
3014 2857 3270 2911 universo
3290 2858 3425 2924 dux,

179 2967 343 3019 μενος
378 2949 544 3001 παντὶ
584 2946 663 3018 τῷ
696 2946 831 3016 λαῷ,
866 2942 1091 2999 συνιδὼν
1132 2943 1208 3009 ὡς
1246 2944 1339 2997 ἐπὶ
1382 2944 1542 2998 πλέον
1581 2943 1751 2998 ταῦτα

1866 2944 2295 2999 animadvertetis
2334 2945 2479 3014 quod
2506 2945 2553 2999 si
2590 2960 2654 3000 ea
2698 2946 2930 3003 ulterius
2955 2948 3217 3017 propheta
3242 2950 3425 3006 dicere

176 3042 335 3113 παρά
362 3040 459 3094 τοῦ
490 3041 767 3111 προφήτου
788 3037 1078 3108 λεγόμενα,
1110 3036 1183 3105 (p.
1214 3036 1336 3107 195)
1361 3036 1751 3107 ἀμελεστέρους

1866 3043 2127 3105 pergeret,
2187 3036 2471 3105 segniores
2529 3036 2583 3091 in
2638 3035 2907 3091 idolorum
2952 3039 3106 3093 cultu
3163 3040 3425 3110 plurimos

176 3131 319 3187 εἶναι
357 3133 491 3202 περὶ
515 3132 616 3201 τὴν
647 3129 742 3183 τοῦ
776 3128 993 3182 εἰδώλου
1023 3128 1316 3200 θεραπείαν
1346 3128 1751 3198 παρασκευάσει

1866 3125 2085 3187 laceret,
2137 3124 2343 3195 quippe
2399 3125 2493 3195 qui
2556 3125 2935 3180 vaticiniorum
2986 3126 3265 3197 pr0pbeta:
3309 3128 3425 3197 jam

174 3225 307 3287 τοὺς
337 3222 625 3285 πλείστους
647 3261 663 3285 ,
694 3220 789 3274 ἅτε
818 3218 899 3290 τῷ
926 3218 1076 3290 φόϐῳ
1104 3219 1608 3291 προκατεχομένους
1646 3218 1751 3271 τῶν

1866 3217 2186 3272 tenebantur
2220 3225 2389 3282 metu,
2422 3224 2655 3271 conatus
2700 3223 2785 3271 est
2832 3232 3012 3288 regem
3041 3216 3426 3275 Jeroboamum

179 3314 544 3385 pqwopévmv
577 3312 725 3383 παρά
754 3311 846 3364 τοῦ
885 3312 1198 3381 προφήτου,
1230 3312 1486 3383 πειρᾶται
1521 3310 1623 3380 μὲν
1662 3311 1751 3364 αὑ-

1866 3310 1915 3365 ἱιι
1960 3309 2282 3381 prophetam
2332 3311 2631 3373 concitare,
2677 3309 2836 3379 quasi
2881 3310 3118 3379 plurima
3168 3310 3429 3367 adversus

175 3404 273 3456 τὸν
317 3403 417 3455 τὸν
460 3401 679 3471 βασιλέα
727 3400 1006 3471 Ἰεροὸοὰμ
1052 3402 1143 3453 ἐπὶ
1174 3400 1265 3454 τὸν
1299 3402 1581 3471 προφήτην
1616 3417 1751 3472 παρ·

1866 3404 2036 3473 ipsum
2072 3409 2360 3471 totumque
2391 3415 2619 3471 regnum
2649 3398 2959 3469 dicentem;
2992 3416 3223 3471 quarum
3254 3404 3432 3457 mina-

175 3496 396 3561 οξύναι,
446 3493 523 3556 ὡς
575 3493 798 3545 πλεῖστα
836 3493 935 3546 ὃσα
968 3493 1108 3546 κατά
1144 3509 1203 3545 τε
1247 3491 1410 3545 αὑτοῦ
1449 3492 1544 3545 καὶ
1580 3491 1751 3562 πάσης

1866 3510 1981 3550 rum
2010 3508 2080 3549 ne
2101 3492 2293 3548 auditu
2319 3493 2541 3562 quidem
2569 3493 2789 3548 tolerari
2812 3494 3209 3550 immanitatem
3232 3509 3429 3566 posse;

173 3587 352 3640 αὑτοῦ
386 3585 615 3653 λέγοντα
637 3584 737 3653 τῆς
763 3583 1056 3654 βασιλείας·
1084 3586 1177 3637 καὶ
1200 3584 1283 3637 ὄτι
1312 3584 1446 3653 μηδὲ
1474 3583 1573 3654 τὴν
1592 3584 1751 3654 ἀκοὴν

1866 3586 2167 3658 praedicere
2212 3585 2361 3641 enim
2394 3584 2537 3655 regis
2570 3590 2824 3647 mortem,
2871 3592 2925 3638 et
2957 3585 3199 3640 universi
3245 3586 3431 3656 p0pu|i

172 3675 293 3731 οἷόν
333 3695 399 3730 τε
425 3678 742 3744 ὑπενεγκεῖν
772 3674 866 3728 τοῦ
912 3675 1173 3745 μεγέθους
1208 3673 1317 3727 τῶν
1356 3674 1751 3745 ἀπειλουμένων

1866 3679 2256 3751 captivitatem.
2334 3675 2685 3731 Manifestum
2746 3676 2799 3730 id
2848 3682 3034 3731 tamen
3088 3677 3431 3733 mendacium

171 3771 411 3825 ἔσεσθαι
463 3769 591 3839 παρ’
637 3766 801 3821 αὑτοῦ
826 3784 840 3798 ·
877 3765 1071 3837 μηνύει
1103 3765 1212 3837 γὰρ
1254 3765 1484 3819 θάνατον
1524 3765 1623 3849 μὲν
1666 3763 1751 3818 τοῦ

1866 3781 2016 3839 erat,
2069 3771 2139 3825 ad
2190 3785 2375 3840 regem
2408 3767 2569 3838 129
2600 3766 2742 3837 quod
2803 3767 3032 3834 attinet;
3093 3768 3229 3822 nihil
3286 3770 3432 3824 enim

174 3860 480 3934 βασιλέως,
514 3859 889 3931 αἰχμαλωσίαν
930 3858 987 3911 δὲ
1020 3857 1218 3921 παντὸς
1262 3856 1356 3909 τοῦ
1395 3855 1559 3909 λαοῦ·
1597 3852 1666 3927 ἦν
1705 3855 1751 3909 δὲ

1866 3862 2137 3934 ejusmodi
2169 3861 2435 3932 pr0pheta
2465 3860 2714 3925 dixerat;
2740 3873 2931 3913 verum
2960 3859 3209 3914 Amesias
3238 3858 3290 3913 id
3324 3861 3434 3914 cal-

170 3957 239 4009 τὸ
272 3954 413 4024 περὶ
448 3952 542 4005 τοῦ
580 3950 843 4019 βασιλέως
876 3949 1157 4021 προδήλως
1190 3947 1416 4017 ψευδὲς,
1464 3947 1587 4001 ἐπεὶ
1632 3946 1751 4017 μηδέ

1866 3952 1974 4008 lide
2012 3951 2176 4006 dictis
2231 3950 2300 4005 de
2342 3949 2542 4019 popqu
2586 3949 2874 4018 implicuit,
2929 3955 2990 4002 ut
3034 3962 3217 4018 regem
3254 3951 3429 4019 magis

170 4044 381 4117 εἷρητό
420 4043 524 4096 πού
566 4060 619 4096 τι
654 4041 865 4094 τοιοῦτο
900 4039 978 4112 τῷ
1022 4040 1307 4111 προφήτῃ·
1352 4036 1670 4102 συνέπλεξεν
1710 4037 1751 4090 δί

1866 4049 2236 4113 exasperaret.
2276 4041 2413 4096 Cum
2443 4054 2560 4094 rem
2591 4046 2774 4093 tamen
2817 4039 2932 4108 regi
2980 4054 3090 4092 non
3132 4040 3431 4108 persuade-

168 4137 338 4205 ὅμως
365 4133 504 4186 αὐτὸ
529 4135 595 4203 τῇ
626 4131 755 4200 περὶ
786 4131 877 4183 τὸν
908 4130 1037 4183 λαὸν
1066 4129 1366 4198 ἀποφάσει,
1392 4128 1467 4191 ὼς
1507 4126 1572 4180 ἂν
1596 4126 1751 4199 τούτιι

1869 4140 1973 4199 ret,
2023 4131 2238 4186 timenti
2292 4128 2615 4200 prophetam
2660 4127 2875 4192 laedere,
2930 4134 3153 4198 propter
3200 4144 3263 4183 ea
3315 4146 3437 4199 quae

173 4228 397 4297 μᾶλλον
420 4223 775 4293 παροξύνειεν
804 4222 896 4276 τὸν
925 4221 1144 4292 βασιλέα
1165 4236 1176 4251 ·
1208 4220 1283 4282 ὡς
1315 4220 1372 4272 δὲ
1402 4219 1502 4272 οὐκ
1531 4218 1655 4289 ἔσχε
1678 4219 1751 4273 τὺι

1868 4223 2124 4280 evenisse
2158 4228 2387 4275 noverat
2414 4219 2516 4273 sub
2547 4217 2829 4287 prophetis
2858 4217 3083 4286 nuperis
3114 4216 3230 4270 Elia
3273 4228 3438 4288 atque

169 4316 420 4389 βασιλέα
444 4313 767 4383 πειθόμενον
786 4313 816 4364 ό
852 4311 1129 4381 Ἀμεσίας,
1155 4309 1407 4362 δείσαντά
1429 4326 1481 4362 τι
1506 4307 1646 4361 κατά
1674 4308 1751 4361 τοῐ

1871 4316 2096 4371 Elissaeo
2122 4330 2137 4379 ;
2170 4312 2549 4383 praecipueque
2582 4310 2709 4379 quia
2733 4309 3013 4363 voluntate
3043 4308 3251 4364 Elissaei
3279 4308 3436 4364 Jeum

167 4408 478 4479 προφήτου
516 4404 741 4473 ποιῆσαι
784 4402 977 4467 κακὸν,
1020 4401 1113 4469 ἀφ’
1151 4396 1225 4453 ὧν
1255 4400 1485 4468 ἐγνώκει
1530 4400 1684 4471 παρά
1710 4418 1751 4452 τι

1872 4422 2032 4462 avum
2085 4419 2246 4461 suum
2281 4403 2352 4457 ob
2401 4401 2773 4458 ulciscendum
2801 4398 3068 4455 Jezabelis
3105 4410 3158 4455 et
3197 4400 3440 4455 Achaabi

182 4499 395 4552 Ἠλίου
448 4494 546 4547 καὶ
602 4492 905 4545 Ἐλισσαίου
944 4490 1393 4563 προφητευόντων
1428 4508 1490 4543 τε
1538 4490 1639 4561 ήδη
1677 4491 1751 4544 κα

1879 4498 2083 4559 scelus,
2116 4494 2182 4548 ad
2210 4508 2435 4564 regnum
2461 4499 2802 4561 assumptum
2837 4490 3065 4557 sciebat,
3093 4491 3237 4561 quod
3268 4507 3442 4561 usque

166 4587 536 4659 γεγονότων·
583 4585 679 4638 καὶ
732 4584 965 4654 μάλιστα
1004 4583 1191 4653 ἐπειδὴ
1224 4581 1418 4654 γνώμῃ
1456 4582 1546 4635 τοῦ
1598 4583 1751 4635 Ἐλισι

1885 4588 1954 4641 ad
1990 4601 2071 4648 se,
2095 4585 2252 4653 juxta
2286 4583 2459 4662 factas
2488 4581 2568 4635 illi
2606 4595 2636 4634 a
2680 4578 2792 4634 Deo
2822 4579 3239 4649 promissiones,
3264 4580 3443 4634 ’deve-

166 4682 379 4741 σαίου,
423 4674 562 4747 Ἰηοῦ
600 4675 690 4727 τὸν
721 4674 1042 4745 προπάτορα
1079 4673 1170 4725 τὸν
1206 4672 1399 4725 ἑαυτοῦ
1431 4674 1518 4724 ἐπ’
1563 4672 1751 4743 ὲκδικίς

1871 4690 2061 4743 nerat;
2112 4677 2405 4747 posthaec,
2437 4676 2682 4744 inquam,
2728 4672 2947 4742 propria
2996 4672 3296 4727 instinctus
3343 4687 3445 4727 au-

160 4775 279 4842 τῆς
331 4768 577 4833 Ἰεζάϐελ
605 4784 665 4819 τε
694 4768 788 4820 καὶ
838 4765 1040 4836 ’Δχαάὅ
1084 4764 1429 4835 παρανομίας
1468 4763 1751 4834 παρεληλυ·

1874 4766 2029 4822 dacia
2070 4767 2145 4819 ita
2181 4766 2299 4834 ipse
2341 4762 2590 4818 Amesias
2640 4777 2765 4815 cum
2795 4761 2998 4815 Amoso
3037 4762 3441 4831 expostulavit.

161 4868 318 4919 Οότα
372 4866 456 4925 είς
496 4861 593 4931 τὴν
632 4854 906 4929 βασιλείαν
932 4858 1237 4927 ⁴ἠπίστατο,
1287 4858 1321 4927 ἢ
1371 4857 1465 4910 καὶ
1496 4857 1575 4917 εἰς
1613 4857 1751 4909 αὐτὸ·

1879 4878 1897 4910 ι
1929 4857 1975 4913 Ο
1999 4858 2216 4919 videns,
2243 4870 2430 4925 perge,
2461 4852 2653 4909 recede
2688 4853 2743 4907 in
2771 4853 3047 4923 regionem
3080 4860 3251 4916 tuam,
3286 4860 3340 4906 et
3370 4851 3445 4906 ibi

158 4954 459 5027 ἐλήλυθεν
491 4951 599 5005 ἀπὸ
631 4951 739 5003 τῶν
773 4950 908 5019 πρὸς
937 4951 1143 5009 ἐκεῖνον
1182 4947 1563 5017 γεγενημένων
1598 4949 1751 5017 ὲπαγι

1876 4951 2023 5013 vive,
2058 4956 2112 5002 et
2137 4947 2212 5002 ibi
2249 4945 2622 5017 prophetabis.
2660 4943 2725 4997 Et
2756 4945 2809 4997 in
2844 4943 3027 4998 Bethel
3072 4958 3181 4997 non
3220 4942 3447 5012 adjicies

159 5044 396 5113 γελιῶν
440 5041 591 5110 παρὰ
629 5039 721 5092 τοῦ
757 5037 889 5091 Θεοῦ
916 5056 929 5068 ·
958 5038 1117 5099 αὐτὸς
1161 5036 1346 5089 λοιπὸν
1375 5039 1442 5106 τῇ
1472 5037 1648 5107 οἰκείᾳ
1685 5038 1751 5089 αὑ

1878 5043 2024 5095 ultra
2069 5048 2130 5093 ut
2160 5037 2477 5109 prophetes,
2519 5037 2644 5106 quia
2695 5034 3057 5090 sanctiﬁcatio
3087 5033 3232 5103 regis
3259 5040 3364 5095 est,
3394 5040 3448 5087 et

157 5137 391 5206 Θαδείᾳ
411 5134 547 5204 πρὸς
575 5132 664 5185 τὸν
697 5129 877 5201 Ἀμὼς
900 5131 929 5183 ὁ
963 5128 1221 5199 Ἀμεσίας
1246 5127 1408 5197 φησίν
1431 5144 1443 5156 ·
1477 5145 1497 5178 ι
1538 5127 1597 5181 '0
1616 5128 1751 5198 ὁρῶν

1877 5136 2073 5189 domus
2141 5141 2225 5187 est
2272 5128 2449 5199 regni.
2491 5146 2511 5180 ι
2570 5126 2781 5181 lronice
2827 5125 2987 5192 dixit,
3040 5144 3059 5176 ι
3090 5141 3123 5178 o
3168 5122 3379 5179 videns.
3423 5142 3443 5174 ι

158 5228 409 5298 βάδιζε,
441 5221 755 5292 ὲκχώρησον
784 5220 848 5271 σὺ
874 5221 954 5281 είς
978 5219 1082 5287 γῆν
1122 5216 1310 5278 Ἰούδα,
1338 5217 1430 5269 καὶ
1454 5217 1572 5269 ἐκεῖ
1608 5234 1749 5271 κατα

1878 5224 2017 5291 Quia
2060 5223 2205 5275 enim
2257 5222 2339 5275 sic
2372 5219 2644 5273 vocabant
2682 5216 3002 5287 prophetas,
3052 5222 3243 5283 utpote
3277 5227 3449 5282 pecu-

155 5320 299 5372 6ίου
326 5357 344 5377 ,
391 5314 487 5366 καὶ
522 5312 639 5365 ἐκεῖ
672 5308 1103 5380 προφητεύσεις·
1145 5308 1225 5369 είς
1271 5305 1325 5358 δὲ
1356 5306 1560 5377 Βαιθὴλ
1597 5306 1751 5359 οὐκέτ

1880 5317 2048 5370 liares
2082 5312 2347 5383 quasdam
2370 5311 2632 5372 visiones,
2658 5307 2767 5364 Deo
2789 5323 2886 5378 per
2910 5306 3297 5361 revelationem
3322 5318 3448 5373 ope-

154 5405 535 5481 οπροσθήσεις
564 5400 657 5453 τοῦ
688 5399 1101 5469 προφητεῦσαι·
1135 5397 1216 5449 ὅτι
1238 5396 1482 5466 ἀγίασμα
1513 5397 1751 5467 βασιλέω.

1883 5415 2058 5471 rante,
2098 5404 2378 5470 videntes;
2411 5403 2554 5457 sicut
2597 5400 2763 5455 etiam
2791 5399 2847 5453 in
2887 5397 3091 5468 Regum
3131 5396 3285 5450 libris
3316 5395 3449 5448 dici-

152 5502 298 5556 ὲστὶ
348 5497 452 5550 καὶ
480 5491 627 5553 οἶκός
650 5494 765 5544 ἐστι
800 5491 1093 5561 βασιλείας.
1132 5510 1151 5540 ι
1192 5496 1266 5559 (p.
1307 5489 1429 5556 196)
1465 5490 1751 5561 Είρωνικῶς

1885 5506 1971 5550 tur
1990 5496 2058 5557 "°,
2107 5510 2136 5548 a
2178 5494 2379 5564 p0pulo
2422 5492 2681 5562 appellari
2732 5490 3075 5559 prophetam,
3138 5487 3231 5556 qui
3290 5494 3452 5540 antea

151 5600 279 5663 ἔφη
328 5591 417 5651 τὸ,
460 5608 479 5639 ‹
514 5590 543 5639 ὁ
564 5585 741 5663 ὀρῶν·
775 5606 793 5637 ι
824 5587 1010 5658 ἐπειδὴ
1039 5590 1144 5660 γὰρ
1172 5588 1345 5650 οὓτως
1390 5585 1617 5639 ἐκάλουν
1650 5585 1751 5636 τοῦ

1885 5587 2168 5641 dicebatur
2197 5584 2473 5640 videns":
2504 5582 2733 5647 ironice,
2771 5582 3015 5649 inquam,
3041 5577 3198 5645 dicit,
3236 5595 3253 5626 ι
3295 5591 3328 5630 o
3370 5576 3450 5629 vi-

241 5705 300 5737 ⁵⁶
356 5717 372 5754 1
415 5698 551 5768 Reg.
598 5713 673 5749 ιι.
712 5694 765 5749 9.

238 5796 403 5867 (28')
444 5790 580 5845 Cod.
615 5790 811 5857 ἥττων.
