3954 6514
533 359 631 413 291

1722 348 2077 409 THEODORI
2106 344 2583 406 MOPSUES'I’ENI

3659 337 3763 392 29‘!

536 475 697 540 deus,
730 490 749 525 ι
780 486 903 543 pro,
935 486 970 526 o
998 471 1096 542 qui
1124 470 1241 525 bzec
1278 467 1525 534 nuntias,
1557 467 1646 523 abi
1667 468 1797 523 hinc
1825 469 1879 522 in
1903 474 2105 522 terram

2210 464 2510 536 προφήτας,
2544 462 2617 524 ὡς
2646 459 2953 531 ἐξαιρέτους
2986 458 3137 521 τινὰς
3157 457 3309 527 ὄψεις
3336 457 3455 510 κατ’
3487 453 3764 524 ἐνέργειαν

535 563 710 628 Iudae,
760 580 867 635 qua
902 571 1052 619 certe
1104 563 1159 617 in
1194 563 1418 633 regione
1462 562 1794 617 constabunt
1831 561 1929 615 tibi
1977 574 2100 630 quae

537 654 678 709 dicis
706 671 721 707 :
748 653 907 708 modo
951 652 1021 708 ab
1053 652 1141 707 his
1191 652 1330 707 locis
1370 651 1628 711 absistas.
1664 650 1756 704 ubi
1800 648 1984 703 omnia
2025 647 2095 702 ad

536 744 815 800 Israelitici
855 744 1009 815 regni
1050 744 1143 813 jus
1191 744 1497 814 pertinent;
1539 756 1716 811 neque
1748 741 1847 795 tibi
1883 741 1964 797 fas
2007 748 2094 795 est

536 836 743 890 homini
776 835 845 891 de
886 836 1033 891 tribu
1071 835 1225 891 Judae
1263 835 1355 890 bic
1391 834 1680 896 diversari.
1726 844 1781 889 et
1818 848 1916 904 pro
1945 833 2100 888 libito

534 926 709 995 loqui,
739 934 1098 995 nostrumque
1136 940 1361 997 regnum
1397 923 1744 978 conturbare.

2201 553 2350 607 θείαν
2392 552 2458 605 δι’
2496 549 2889 620 ἀποκαλύψεως
2919 548 3159 618 ὁρῶντας
3211 545 3377 616 (καθά
3418 545 3510 597 καὶ
3554 544 3615 595 ἐν
3649 544 3765 604 ταῖς

2202 642 2509 706 Βασιλείαυς
2549 641 2737 712 φησὶν,
2770 641 2852 693 ὅτι
2886 638 2977 692 τὸν
3021 639 3306 710 προφήτην
3343 636 3525 689 ἐκάλει
3555 637 3584 687 ὁ
3618 633 3765 695 λαὸς,

2206 754 2225 787 ι
2254 733 2558 806 ἔμπροσθεν
2576 735 2606 787 ὁ
2630 732 2839 803 βλέπων
2862 731 2932 801 ι),
2953 729 3251 802 εἰρωνικῶς
3269 724 3388 781 εἶπε
3413 727 3491 790 τὺ,
3523 745 3542 777 ι
3565 724 3761 794 ὁρῶν.»

2199 828 2322 881 ἀντὶ
2342 826 2459 890 τοῦ,
2478 828 2507 879 ό
2527 824 2699 880 ταῦτα
2717 822 3199 894 ἐπαγγελλόμενος.
3225 820 3412 873 Ἄπιθι
3437 819 3501 889 δὴ
3520 816 3769 870 ἐντεῦθεν

2199 922 2281 984 είς
2303 922 2402 991 τὴν
2435 917 2605 972 ’ἰούδα
2637 920 2770 987 γῆν,
2810 917 2870 968 ἐν
2900 909 3021 987 ᾗδὴ
3053 909 3207 983 χώρᾳ
3234 907 3344 974 έξει
3373 925 3455 961 σοι
3476 906 3653 959 ταῦτα
3680 905 3768 956 λε-

534 994 770 1085 γόμενα·
819 1015 929 1069 τῶν
968 994 1027 1069 δέ
1071 994 1300 1070 ἐνταῦθα
1342 1016 1522 1068 τόπων
1556 1014 1794 1084 ἀπόσχου
1813 1054 1827 1079 ,
1857 1012 2043 1083 ἐπειδὴ
2071 1011 2373 1084 ἀφώρισται
2400 1011 2581 1065 πάντα
2604 1008 2673 1061 τά
2694 1006 2879 1062 ἐνθάδε
2896 1008 2963 1076 τῇ
2990 1002 3085 1058 τοῦ
3132 999 3346 1072 Ἰσραὴλ
3369 996 3639 1069 βασιλείᾳ·
3675 994 3770 1048 καὶ

531 1112 592 1163 ού
621 1109 842 1181 θεμιτόν
879 1128 960 1164 σοι
992 1113 1057 1165 ἐκ
1080 1111 1178 1183 τῆς
1215 1110 1381 1164 Ἰούδα
1407 1110 1578 1181 φυλῆς
1605 1108 1717 1163 δντι
1747 1107 1980 1161 ἐνταῦθα
2014 1106 2268 1178 παρεῖναί
2303 1123 2364 1160 τε
2403 1106 2497 1159 καὶ
2536 1103 2714 1173 λέγειν
2746 1100 2815 1155 τὰ
2852 1098 3141 1162 δοκοῦντα,
3170 1094 3548 1164 διαταράττειν
3580 1106 3641 1142 τε
3670 1089 3770 1158 τὴν

535 1204 808 1275 βασιλείαν
846 1206 987 1260 οὕτω
1019 1206 1117 1277 τὴν
1148 1206 1276 1277 παρ’
1313 1206 1461 1275 ἡμῖν.
1650 1250 1653 1251 ν

610 1295 777 1352 Vens.
854 1296 1032 1353 “47.
1083 1322 1156 1335 --
1204 1296 1287 1350 Ad
1339 1310 1459 1365 quae
1501 1293 1764 1365 prOpbeta
1826 1308 1925 1364 pro
1963 1291 2105 1347 facta

536 1387 640 1441 sibi
691 1387 874 1442 divina
926 1387 1258 1442 revelatione
1317 1386 1597 1456 respondit
1637 1403 1652 1440 :
1691 1404 1710 1436 ι
1758 1384 1944 1453 Neque
1988 1398 2107 1453 pro-

538 1478 699 1547 pheta
748 1494 919 1545 eram,
965 1494 1142 1549 neque
1190 1476 1467 1547 prOphetm
1521 1475 1687 1531 ﬁlius.
1742 1496 1762 1529 ι
1810 1474 1966 1530 Haud
2006 1490 2107 1546 ego

536 1572 692 1640 quasi
734 1578 905 1625 artem
935 1569 1227 1640 quamdam
1267 1584 1386 1624 eam
1432 1584 1546 1623 rem
1586 1568 1775 1633 didici,
1808 1582 1911 1622 nec
1941 1567 2108 1622 veluti

536 1657 906 1713 hereditatem
955 1671 987 1710 a
1032 1662 1188 1726 patre
1234 1655 1417 1726 accepi
1461 1673 1475 1709 :
1521 1670 1645 1708 nam
1675 1653 1873 1709 divinae
1917 1653 2103 1724 gratiae

536 1748 640 1804 hoc
688 1748 963 1819 negotium
1014 1755 1119 1813 est,
1149 1754 1204 1802 et
1251 1747 1317 1802 iis
1358 1762 1499 1817 quos
1543 1746 1687 1801 Deus
1721 1745 1953 1800 voluerit
1978 1759 2105 1800 con-

2275 1288 2422 1358 Στίχ.
2465 1283 2647 1349 ιδ’-ιζ’.
2672 1313 2741 1327 -
2766 1281 2907 1353 Πρὸς
2934 1279 2970 1333 ἀ
2999 1279 3063 1348 δὴ
3087 1278 3116 1330 ό
3144 1276 3426 1347 προφήτης
3458 1272 3600 1326 κατά
3621 1272 3769 1325 θείαν

2202 1375 2543 1445 ἀποκάλυψιν
2600 1372 2935 1443 ἀπεκρίνατο
2976 1368 3183 1421 ταῦτα·
3236 1382 3253 1417 ι
3294 1364 3430 1417 Οὔτε
3485 1365 3770 1433 προφήτης

2203 1473 2373 1542 ήμην,
2425 1467 2550 1521 οὕτε
2600 1465 2877 1536 προφήτου
2913 1460 3045 1523 υἱός.
3086 1478 3104 1511 ι
3131 1457 3268 1511 οὒτε
3318 1457 3426 1527 γάρ
3460 1456 3535 1518 ὡς
3575 1455 3770 1523 τέχνην

2203 1562 2327 1617 τινὰ
2360 1558 2654 1633 μεμάθηκα
2685 1556 2910 1625 ταύτην,
2939 1552 3051 1606 οῠθ’
3078 1551 3153 1612 ὡς
3191 1547 3555 1619 κληρονομίαν
3587 1546 3769 1609 ἐδεξά-

2211 1672 2319 1727 μην
2373 1652 2532 1707 τοῦτο
2576 1649 2727 1721 παρά
2765 1645 2859 1701 τοῦ
2897 1644 3137 1716 πατρός·
3182 1641 3368 1727 ἐπειδὴ
3408 1639 3633 1711 χάριτός
3658 1641 3771 1690 ἐστι

2205 1726 2282 1795 τδ
2310 1740 2469 1811 ἔργον
2512 1738 2681 1802 θείας,
2710 1736 2805 1790 καὶ
2848 1732 3198 1806 προσγίνεται
3224 1726 3305 1795 οἷς
3343 1730 3411 1784 ἂν
3434 1730 3565 1783 αὐτὸ
3604 1744 3772 1799 προσ-

536 1838 719 1909 tingit.
753 1818 775 1891 έ
814 1837 977 1892 Eram
1016 1846 1198 1893 autem
1237 1840 1521 1909 caprarius
1572 1852 1693 1908 ego,
1729 1844 1785 1892 et
1825 1836 2104 1906 sycamina

2210 1836 2341 1888 εἶναι
2406 1830 2659 1902 βούληται
2703 1827 2854 1890 Θεός.
2890 1844 2909 1878 ι
2952 1825 3137 1895 Ἤμην
3178 1823 3235 1877 δὲ
3263 1822 3481 1885 αἰπόλος
3524 1818 3640 1888 ἐγὼ
3678 1820 3773 1872 καὶ

541 1928 822 1983 vellicans.
863 1946 884 1981 ι
912 1926 967 1982 Id
989 1938 1073 1982 est
1102 1927 1392 1997 pascendis
1419 1928 1599 1996 capris
1620 1936 1941 1996 occupatus,
1973 1940 2106 1980 nec-

544 2034 654 2072 non
709 2025 909 2072 terram
964 2032 1064 2088 pro
1110 2017 1368 2072 facultate
1413 2018 1619 2072 colens.
1672 2014 1960 2088 Sycamina
2008 2031 2106 2085 pro

542 2108 750 2163 licubus
797 2109 951 2175 dicit,
1006 2109 1150 2164 sicut
1178 2109 1340 2164 etiam
1364 2109 1555 2164 beatus
1588 2107 1754 2163 David
1784 2126 1798 2163 :
1846 2128 1867 2161 ι
1891 2107 2107 2163 Occidit

539 2199 801 2268 grandine
832 2201 994 2255 vitem
1046 2215 1258 2265 eorum,
1306 2200 1464 2271 130
1492 2208 1546 2255 et
1588 2200 1897 2271 sycaminos
1917 2216 2105 2255 eorum

542 2291 734 2359 pruina
754 2290 828 2343 ⁸⁷.
843 2309 862 2342 ι
906 2289 1059 2345 Patet
1084 2299 1286 2357 autem,
1304 2306 1428 2345 cum
1445 2290 1645 2345 vitibus
1669 2305 1778 2345 non
1799 2290 2101 2361 sycamina,

540 2380 639 2436 sed
687 2381 821 2437 licus
867 2383 1113 2453 periisse,
1159 2382 1228 2437 ab
1276 2397 1342 2437 eo
1400 2381 1531 2437 dici.
1591 2379 1928 2436 Vocabulum
1977 2381 2104 2436 item

547 2492 566 2524 ι
604 2473 862 2529 vellicans
907 2492 925 2525 ι
969 2489 1070 2545 pro
1118 2475 1356 2529 sarrieris
1383 2473 1521 2528 dicit
1547 2479 1603 2528 et
1631 2487 1796 2544 opera
1830 2473 2103 2528 excolens.

544 2563 728 2619 Voluit
774 2573 951 2620 autem
986 2565 1301 2635 particulari
1352 2564 1457 2619 bac
1504 2564 1909 2635 sycaminnrum
1962 2578 2109 2619 men-

542 2656 689 2710 tione
713 2655 893 2711 dicere
926 2671 986 2710 se
1016 2656 1304 2726 pascendis
1343 2656 1527 2726 capris
1561 2663 1615 2711 et
1652 2656 1848 2711 ovibus
1877 2662 1933 2709 et
1971 2654 2110 2724 agri-

540 2747 769 2799 culturae
795 2744 1037 2800 deditum
1073 2761 1290 2817 semper
1322 2745 1515 2801 fuisse.
1552 2742 1940 2801 Verumtamen
1962 2744 2107 2801 Deus

542 2853 627 2890 me
659 2836 728 2890 ab
765 2836 977 2901 ovibus,
1034 2837 1232 2906 inquit,
1284 2837 1620 2891 abstractum
1667 2835 1836 2907 (unde
1867 2845 2105 2901 constat,

539 2941 664 2978 cum
716 2926 917 2995 pariter
963 2942 1158 2997 capras
1202 2940 1442 2996 ovesque
1491 2926 1729 2998 pavisse)
1781 2928 2109 2997 prophetare

534 3017 723 3084 jussit,
755 3025 808 3071 et
853 3017 1108 3074 omnibus
1147 3017 1478 3089 signiﬁcare,
1529 3033 1651 3089 quae
1701 3018 1902 3088 populo
1938 3019 2111 3072 immi-

542 3115 705 3161 neant
755 3123 787 3161 a
844 3105 954 3163 Deo
1001 3126 1015 3163 :
1069 3125 1189 3180 quae
1248 3110 1466 3180 quidem
1536 3124 1645 3164 non
1699 3124 1944 3164 mearum
1990 3117 2108 3165 erat

2209 1927 2483 1995 συκάμινα
2510 1922 2709 1987 κνίζων
2734 1938 2747 1951 ·
2788 1938 2808 1973 ι
2840 1919 2931 1973 ἴνα
2991 1916 3121 1988 εἴπῃ
3151 1915 3281 1986 περὶ
3307 1915 3479 1985 νομήν
3506 1929 3569 1965 τε
3602 1912 3774 1978 αἰγῶν

2206 2016 2620 2087 ἀσχολούμενος,
2679 2012 2775 2067 καὶ⁴
2797 2011 2861 2082 δή
2890 2009 2987 2063 καὶ
3029 2010 3171 2062 κατά
3206 2007 3268 2060 τὸ
3296 2004 3649 2075 ἐνδεχόμενον
3676 2002 3775 2071 τὴν

2204 2110 2308 2178 γῆν
2323 2107 2582 2179 γεωργῶν
2599 2121 2614 2136 ·
2639 2104 2910 2174 συκάμινα
2929 2100 3141 2171 μὲνγὰρ
3157 2098 3277 2152 ἀντὶ
3305 2096 3396 2149 τοῦ
3429 2096 3571 2149 σῦκα
3595 2093 3774 2161 λέγει·

2206 2197 2386 2262 καθὼς
2417 2198 2510 2250 καὶ
2539 2198 2568 2249 ό
2612 2194 2877 2266 μακάριος
2928 2190 3091 2244 Δαυῖδ
3137 2203 3331 2259 φησιν·
3368 2204 3386 2237 ι
3430 2185 3777 2238 Ἀπέκτεινεν

2206 2289 2265 2340 ἐν
2289 2286 2497 2358 χαλάζῃ
2546 2285 2644 2355 τὴν
2686 2282 2927 2353 ἀμπελον
2961 2279 3165 2342 αὐτῶν,
3191 2278 3287 2331 καὶ
3313 2275 3414 2337 τὰς
3442 2273 3777 2343 συκαμίνους

2206 2379 2383 2433 αὐτῶν
2404 2380 2460 2431 ἐν
2482 2378 2547 2447 τῇ
2571 2375 2779 2445 πάχνῃ·
2807 2392 2826 2425 ι
2878 2372 2954 2442 (p.
2989 2370 3112 2432 I97)
3150 2364 3369 2436 εὔδηλον
3396 2363 3503 2434 γάρ
3530 2363 3613 2415 ὅτι
3643 2358 3777 2430 μετὰ

2204 2471 2313 2525 τῶν
2340 2468 2600 2540 ἀμπέλων
2648 2466 2710 2519 ού
2766 2464 3043 2533 συκάμινα
3075 2458 3210 2513 ἀλλά
3252 2458 3422 2519 συκᾶς
3439 2451 3779 2507 ἀπολωλέναι

2207 2561 2422 2631 ἐδήλου·
2446 2559 2508 2612 τὸ
2521 2558 2598 2624 δὲ,
2622 2576 2641 2608 ι
2677 2554 2894 2620 κνίζων,
2918 2574 2935 2605 ι
2962 2552 3084 2606 ἀντὶ
3108 2550 3200 2604 τοῦ
3228 2546 3606 2620 περισκάλλων
3631 2545 3780 2611 λέγει

2207 2652 2301 2706 καὶ
2317 2648 2604 2721 γεωργῶν·
2636 2643 2908 2716 ἠϐουλήθη
2938 2641 2994 2695 δὲ
3028 2643 3092 2694 ἐκ
3120 2640 3318 2711 μέρους
3333 2636 3440 2689 τῶν
3467 2632 3781 2703 συκαμίνων

2208 2745 2402 2808 εἰπεῖν,
2436 2742 2518 2795 ὅτι
2544 2738 2637 2809 Τῷ
2657 2738 2842 2808 νέμειν
2874 2731 3034 2803 αἶγας
3060 2732 3154 2785 καὶ
3199 2730 3465 2799 γεωργεῖν
3493 2726 3781 2797 προσανεῖ-

2207 2851 2300 2904 χον
2328 2832 2434 2885 ἀεί.
2482 2828 2642 2882 Ἀλλά
2672 2844 2739 2899 με
2770 2825 2880 2880 τῶν
2907 2822 3213 2895 προϐάτων,
3238 2820 3424 2889 φησὶν,
3449 2815 3779 2904 ἀποσπάσας

2207 2902 2239 2977 ό
2255 2923 2385 2987 Θεὸς
2416 2921 2509 2991 (ὡς
2536 2919 2689 2990 δῆλον
2709 2913 2846 2970 εἶναι
2871 2916 2953 2969 ὅτι
2993 2912 3074 2975 τὸ,
3102 2930 3121 2964 ι
3161 2910 3402 2972 αίπόλος,
3436 2926 3454 2959 ι
3496 2902 3672 2968 εἶπεν,
3705 2906 3781 2968 ὡς

2210 3016 2276 3070 ἂν
2298 3013 2439 3068 κατά
2458 3011 2650 3065 ταυτὸν
2688 3010 2781 3063 καὶ
2803 3003 2962 3075 αἶγας
2984 3004 3079 3059 καὶ
3116 3001 3363 3075 πρόϐατα
3387 2999 3618 3069 νέμων),
3645 3013 3779 3066 προ-

2212 3103 2465 3174 φητεύειν
2518 3100 2767 3155 ἐκέλευσε
2815 3097 2908 3151 καὶ
2958 3094 3182 3166 μηνύειν
3214 3091 3383 3145 ἅπασι
3419 3089 3491 3142 τά
3518 3088 3651 3158 περὶ
3690 3086 3781 3138 τὸν

544 3200 739 3253 virium
777 3206 836 3252 ut
880 3177 1101 3264 scirem,
1138 3200 1231 3256 sed
1265 3177 1449 3255 solius
1492 3199 1741 3255 docentis
1772 3198 1890 3262 Dei,
1918 3199 1990 3254 ob
2014 3199 2109 3255 de-

2214 3197 2341 3251 λαὸν
2365 3195 2595 3264 ἐσόμενα
2628 3192 2756 3262 παρ’
2783 3188 2945 3243 αὐτοῦ
2967 3205 2980 3218 ·
3014 3186 3158 3256 ἆπερ
3180 3185 3280 3237 ούκ
3308 3183 3439 3253 ἐμὸν
3464 3177 3535 3251 ἦν
3561 3179 3781 3239 εἰδέναι,

542 3290 952 3344 utonstrandam
1000 3293 1346 3347 oraculorum
1393 3292 1702 3346 veritatem.
1758 3289 1915 3346 Nunc
1959 3290 2106 3357 audi,

540 3395 662 3448 qua:
698 3379 765 3433 ad
813 3388 867 3435 te
914 3382 1178 3448 attinent;
1214 3392 1270 3436 tu
1306 3382 1528 3453 quidem
1560 3381 1695 3435 mihi
1738 3382 1966 3437 mandas
1992 3391 2109 3436 uta

543 3469 919 3539 prophetando
957 3472 1043 3526 his
1073 3472 1128 3526 in
1162 3472 1297 3528 locis
1329 3473 1658 3537 abstineam,
1696 3487 1766 3527 ne
1797 3472 2006 3542 plebem
2041 3471 2109 3526 ad

542 3562 642 3616 has
670 3560 968 3617 audiendas
990 3563 1269 3619 doctrinas
1308 3579 1654 3637 congregem.
1690 3564 1798 3620 Sed
1838 3565 1984 3621 scias
2018 3582 2111 3620 ve-

543 3654 657 3717 lint,
688 3662 882 3709 cuncta
917 3670 950 3708 a
998 3672 1083 3711 tne
1126 3656 1272 3710 dicta
1314 3657 1521 3711 exitum
1571 3656 1846 3712 habitura.
1880 3656 2113 3712 Venit-nt

544 3745 751 3807 hostes.
781 3738 1093 3817 qui'pra'ter
1129 3748 1300 3801 multa
1340 3749 1446 3802 alia
1479 3764 1600 3818 qua:
1630 3751 1927 3821 patrabunt
1945 3752 2109 3815 mala,

544 3846 633 3890 tua
656 3853 873 3907 quoque
906 3830 1199 3893 abutemur
1228 3856 1399 3894 uxore
1446 3842 1498 3894 in
1530 3840 1708 3897 media
1744 3841 1901 3907 urbe,
1949 3841 2111 3896 inbo-

542 3936 696 3982 neste
745 3943 865 3983 eam
907 3929 1177 3986 violantes
1221 3948 1235 3983 :
1279 3931 1391 3985 nati
1446 3933 1522 3985 tui
1571 3932 1893 3989 occidentur
1921 3947 2114 3987 omnes

541 4030 665 4069 cum
708 4016 827 4071 aliis
856 4018 949 4087 qui
1005 4019 1122 4072 loca
1165 4019 1271 4073 ista
1326 4023 1633 4089 possessuri
1667 4029 1818 4076 sunt.
1858 4040 1878 4073 ι
1919 4020 2113 4092 Tuque

540 4108 595 4161 in
635 4117 781 4162 terra
827 4108 1105 4164 immunda
1149 4110 1424 4166 morieris.
1487 4130 1506 4163 ι
1563 4110 1645 4165 Tu
1697 4112 1814 4181 ipse
1856 4112 2112 4167 morieris

540 4199 683 4268 apud
712 4208 1002 4256 ext-raucos
1041 4202 1292 4257 homines
1333 4209 1388 4257 et
1436 4203 1701 4259 scelestos
1745 4203 1822 4273 (id
1848 4204 1993 4258 enim
2026 4218 2115 4257 va-

544 4291 651 4343 lent
679 4290 864 4355 verba,
910 4292 966 4345 in
1012 4300 1157 4347 terra
1191 4294 1518 4362 immunda),
1555 4294 1624 4347 ad
1664 4310 1803 4364 quos
1827 4310 1950 4349 cum
1986 4296 2114 4349 reli-

541 4381 665 4449 quis
693 4382 945 4437 omnibus
986 4385 1235 4452 captivus
1260 4384 1501 4451 duceris.
1549 4382 1647 4439 His
1683 4384 1870 4450 dictis,
1901 4386 2112 4440 revela-

541 4475 744 4526 tionem
772 4489 987 4545 quoque
1009 4475 1094 4530 his
1119 4477 1187 4531 de
1210 4476 1370 4531 rebus
1396 4486 1674 4545 acceptam
1702 4475 2009 4547 subjungit.

2208 3288 2345 3342 ἀλλὰ
2396 3286 2490 3340 τοῦ
2530 3283 2869 3344 διδάσκοντος
2920 3280 3081 3349 μόνου
3112 3274 3267 3338 Θεοῦ,
3298 3277 3377 3337 εἷς
3410 3290 3475 3342 γε
3510 3269 3783 3334 ἀπόδειξιν

2208 3383 2306 3453 τῆς
2322 3380 2430 3433 τῶν
2453 3375 2757 3449 εἰρημένων
2787 3371 3064 3441 ἀληθείας.
3086 3369 3281 3421 ’Δκουε
3302 3366 3366 3435 δὴ
3387 3366 3454 3418 τὰ
3486 3363 3619 3431 περὶ
3651 3379 3784 3414 σαυ-

2209 3474 2331 3528 τοῦ·
2363 3469 2523 3532 αὐτὸς
2550 3467 2645 3538 μὲν
2674 3465 2783 3536 γάρ
2815 3479 2906 3534 μοι
2934 3458 3175 3521 κελεύεις
3211 3456 3516 3524 ἀποστῆναι
3540 3454 3637 3507 τοῦ
3650 3470 3783 3523 apo-

2210 3562 2463 3635 φητεύειν
2490 3557 2742 3617 ἐνταῦθα,
2763 3555 2839 3617 ὡς
2868 3553 2935 3607 ἃν
2957 3552 3032 3622 μὴ
3058 3550 3256 3621 δήμους
3280 3548 3371 3600 ἐπὶ
3401 3546 3500 3616 τὴν
3521 3546 3784 3615 ἀκρόασιν

2208 3655 2319 3708 τῶν
2343 3651 2597 3706 τοιούτων
2629 3646 2942 3715 συλλέγοιμι
2966 3638 3489 3697 διδασκαλιῶν.”1σθι
3521 3637 3581 3689 δὲ
3612 3638 3785 3690 πάντα

2208 3743 2550 3815 γενησόμενα
2604 3738 2673 3792 τὰ
2727 3736 2957 3808 ῥηθέντα
3006 3734 3135 3804 παρ’
3191 3731 3359 3802 ἐμοῦ·
3403 3728 3785 3815 ἐπελεύσονται

2210 3813 2394 3903 γάρῖοί
2419 3830 2690 3900 πολέμιοι,
2715 3826 2765 3880 οἳ
2795 3824 2932 3897 πρὸς
2953 3823 3166 3884 πολλοῖς
3183 3822 3386 3893 ἑτέροις
3406 3813 3486 3883 οἷς
3501 3821 3785 3889 ποιήσουσι

2211 3927 2421 3989 κακοῖς,
2446 3923 2539 3975 καὶ
2566 3923 2633 3990 τῇ
2669 3921 2734 3989 σῇ
2793 3915 3012 3985 γυναικὶ⁵
3040 3915 3332 3985 χρήσονται
3368 3911 3512 3983 μέσῃ
3546 3913 3616 3981 τῇ
3641 3910 3787 3961 πόλει

2210 4017 2420 4086 ἀτίμως
2444 4012 2815 4082 ἐξυϐρίζοντες
2845 4011 2922 4071 είς
2944 4007 3115 4076 αὐτήν
3138 4020 3151 4033 ·
3176 4006 3224 4057 οἱ
3250 4004 3315 4056 ἐκ
3346 4001 3440 4056 σοῦ
3478 4017 3540 4054 τε
3572 4000 3787 4069 σφαγήο

2212 4124 2395 4161 σονται
2422 4105 2621 4167 πάντες
2658 4103 2755 4157 σὺν
2801 4100 3014 4162 πολλοῖς
3066 4095 3296 4167 ἑτέροις.
3334 4096 3367 4164 ἡ
3406 4092 3692 4163 προσοῦσά
3733 4091 3787 4143 τί

2212 4220 2295 4257 σοι
2322 4202 2395 4271 γῆ
2419 4203 2475 4255 ἐν
2495 4199 2678 4271 μέτρῳ
2698 4194 3132 4267 παραδοθήσεται
3159 4190 3365 4260 ἑτέροις
3396 4190 3512 4251 τοῖς
3535 4186 3792 4257 μέλλουσι

2210 4296 2277 4348 τά
2310 4292 2495 4347 ἐνθάδε
2533 4290 2803 4359 κατέχειν.
2831 4305 2849 4337 ι
2883 4284 2994 4338 Καὶ
3024 4286 3088 4337 σὺ
3110 4284 3169 4336 ἐν
3186 4284 3257 4351 γῇ
3284 4279 3582 4349 ἀκαθάρτῳ
3605 4278 3789 4331 τελευ⁴

2211 4389 2414 4459 τήσεις.
2444 4403 2461 4435 ι
2495 4381 2850 4450 Τελευτήσεις
2873 4376 2930 4430 δὲ
2982 4373 3143 4436 αὐτὸς
3170 4370 3297 4443 παρ’
3346 4368 3668 4459 ἀλλοφύλοις
3699 4368 3790 4419 ἀν-

2215 4456 2455 4547 θρώποις
2515 4474 2592 4542 (p.
2628 4468 2750 4539 198)
2783 4466 2878 4521 καὶ
2923 4462 3260 4535 παρανόμοις
3292 4459 3473 4530 (τοῦτο
3507 4456 3617 4528 γὰρ
3643 4457 3790 4525 λέγει

546 4561 868 4635 «ἀκαθάρτῳ
892 4565 965 4638 ι),
983 4568 1062 4631 εἰς
1091 4566 1182 4631 οὒς
1219 4567 1357 4637 μετὰ
1383 4568 1490 4623 τῶν
1513 4570 1715 4624 λοιπῶν
1740 4570 2084 4641 αἰχμάλωτος
2103 4570 2396 4642 ἀπαχθήσῃ
2423 4568 2639 4623 πάντων
2658 4580 2671 4595 ·
2689 4561 2861 4615 ταῦτα
2887 4557 3143 4633 εἰρηκὼς,
3176 4555 3274 4626 τὴν
3299 4554 3391 4607 ἐπὶ
3418 4554 3627 4619 τούτοις
3644 4556 3794 4623 αὐτῷ

538 4654 836 4725 δειχθεῖσαν
872 4658 1207 4729 ἀποκάλυψιν
1233 4659 1445 4727 ἐπάγει.

1151 4750 1308 4804 CAP.
1351 4749 1488 4805 VIII.

610 4836 775 4895 Vens.
813 4840 930 4896 1—3.
963 4871 1033 4883 --
1065 4860 1085 4893 ι
1131 4841 1381 4899 Ostendit
1428 4843 1575 4900 enim
1623 4845 1756 4899 mihi
1798 4844 2106 4901 Dominus:

538 4938 593 4985 et
617 4946 744 4986 ecce
778 4947 874 4988 vas
906 4934 1155 5003 aucupis.
1194 4934 1260 4989 Et
1302 4935 1439 4991 dixit
1484 4936 1747 4993 Dominus
1776 4937 1907 4992 mihi
1938 4957 1952 4992 :
1980 4936 2109 5007 quid

540 5030 598 5074 tu
630 5021 803 5087 vides,
836 5023 1044 5078 Amos?
1076 5023 1140 5079 Et
1162 5025 1274 5080 dixi
1312 5026 1461 5083 :Vas
1494 5029 1744 5100 aucupis.
1784 5047 1803 5081 ι
1833 5028 1953 5083 Jam
1983 5044 2112 5084 vero

540 5114 882 5186 signiﬁcabat
927 5115 1088 5179 visio,
1122 5115 1238 5172 fore
1277 5126 1338 5172 ut
1375 5121 1553 5175 instar
1592 5123 1710 5176 avis
1745 5122 1965 5188 aucupii
1996 5130 2113 5176 arte

537 5217 728 5276 capue,
754 5207 1045 5261 universus
1074 5205 1241 5263 Israel
1288 5213 1720 5281 comprehensus
1749 5206 1911 5282 atqtie
1940 5213 2112 5282 capti-
2144 5272 2165 5277 _

537 5313 639 5353 vus
667 5297 1049 5359 abduceretur,
1075 5299 1208 5367 quin
1254 5300 1451 5370 aliquis
1474 5317 1598 5356 eum
1632 5304 1701 5357 de
1731 5319 1893 5357 manu
1922 5312 2113 5358 tenen-

537 5390 673 5442 tium
709 5389 883 5457 possit
911 5390 1155 5459 eripere;
1189 5392 1335 5461 quod
1379 5395 1424 5448 si
1460 5404 1655 5463 captus
1696 5411 1727 5449 a
1782 5396 1934 5465 131
1960 5395 2113 5449 visco

540 5494 728 5547 passer
773 5479 1036 5548 aufugero
1083 5480 1195 5549 jam
1245 5496 1355 5536 non
1405 5485 1626 5553 poterit,
1688 5485 1761 5538 ita
1803 5501 1926 5538 cum
1964 5485 2113 5537 visco

539 5571 769 5625 validior
807 5572 879 5626 sit
914 5572 1347 5641 aggredientium
1383 5575 1650 5644 potentia,
1686 5574 2113 5647 comprehendet

614 5753 659 5783 ⁵⁷
700 5751 841 5806 Psal.
888 5769 1096 5819 an'tt,
1134 5755 1220 5808 47.

2868 4736 3023 4789 ΚΕΦ.
3056 4732 3138 4788 ιε’.

2279 4837 2426 4907 Στίχ.
2462 4840 2611 4903 αὀγθ.
2651 4862 2719 4873 --
2753 4850 2772 4881 ι
2807 4828 3015 4892 Ἕδειξε
3051 4826 3161 4897 γάρ
3203 4842 3313 4895 μοι,
3361 4824 3517 4893 φησὶ,
3552 4823 3794 4894 K6950;-

2209 4931 2302 4985 καὶ
2337 4929 2444 4981 ίδοὺ
2480 4926 2647 4994 ἄγγος
2684 4919 2889 4987 ίξευτοῦ
2911 4938 2924 4950 ·
2969 4919 3063 4973 καὶ
3092 4916 3212 4970 εἷπε
3261 4915 3465 4986 Κύριος
3514 4915 3658 4985 πρός
3694 4933 3762 4986 με
3784 4932 3796 4943 -

2210 5022 2275 5074 Ti
2310 5020 2374 5073 σὺ
2405 5018 2640 5089 βλέπεις,
2684 5010 2903 5082 Ἀμώς;
2942 5011 3047 5063 Καὶ
3064 5004 3245 5061 εἷπον·
3274 5008 3477 5075 ’Δγγος
3512 5006 3749 5072 ίξευτοῦ.
3776 5025 3793 5053 ι

2224 5113 2443 5184 Ἑδήλου
2468 5110 2524 5163 δέ
2540 5110 2574 5180 ἡ
2603 5107 2822 5177 δψιςότι
2849 5104 3002 5173 δίκην
3027 5101 3214 5173 ὀρνέου
3244 5099 3452 5164 ίξευτοῦ
3494 5099 3798 5168 ληφθέντος

2211 5204 2376 5273 τέχνῃ
2399 5201 2544 5264 ἄπας
2564 5201 2593 5251 ὁ
2638 5195 2855 5269 Ἰσραὴλ
2890 5194 2996 5246 ὑπὸ
3023 5192 3131 5245 τῶν
3158 5191 3432 5260 πολεμίων
3465 5189 3799 5258 συλληφθεὶς

2208 5295 2551 5367 αἰχμάλωτος
2610 5289 3023 5361 ἀπαχθήσεται,
3067 5284 3280 5347 οὐδενὸς
3306 5283 3468 5335 αὐτὸν
3494 5282 3609 5335 τῶν
3666 5300 3801 5334 κατ-

2208 5390 2440 5458 εχόντων
2472 5381 2821 5454 ἀφαιρεῖσθαι
2853 5380 2963 5433 οἶου
3000 5395 3061 5431 τε
3100 5377 3252 5439 ὄντος
3275 5391 3288 5405 ·
3331 5374 3521 5444 ὥσπερ
3549 5369 3648 5426 οὖν
3679 5372 3801 5424 οὐδὲ

2208 5481 2270 5533 τὸ
2300 5478 2501 5549 ληφθὲν
2535 5476 2639 5530 ὑπὸ
2664 5474 2755 5528 τοῦ
2783 5473 2892 5540 ἰξοῦ
2922 5468 3203 5541 στρουθίον
3235 5467 3539 5536 ἀποστῆναι
3568 5465 3805 5517 δυνατὸν

2210 5572 2415 5636 λοιπὸν,
2445 5568 2631 5637 ἐπειδὴ
2672 5565 2869 5628 παντὸς
2920 5562 3032 5627 ἰξοῦ
3064 5559 3430 5629 δυνατώτερον
3465 5559 3498 5626 ἡ
3535 5557 3647 5610 τῶν
3678 5559 3802 5607 ἐτει-
