3954 6540
202 367 296 421 293

1128 359 1681 420 COMMENTARIUS
1717 360 1785 416 IN
1822 361 2033 419 AMOSI
2066 363 2220 421 CAP.
2249 363 2379 420 Vill.

3318 367 3424 422 τοι

204 485 359 535 ὀντων
386 462 707 547 δυναστεία,
748 478 965 545 καθέξει
1016 494 1078 531 τε
1147 479 1343 543 αὐτοὺς
1382 482 1478 533 καὶ
1527 479 1608 542 είς
1660 478 1760 550 τὴν

1870 477 2133 536 lsraelitas
2172 488 2226 535 et
2255 482 2308 534 in
2333 479 2615 535 servitium
2640 478 2969 552 deportabit.
3010 498 3030 533 ι
3064 480 3127 535 Ει
3151 482 3287 537 dixit
3321 480 3424 539 Do-

204 572 564 643 αξχμαλωσίαν
618 571 837 638 ἀπάξσει.
898 571 1123 640 Ἑπάγει
1161 566 1327 640 γοῦνο
1396 589 1416 623 ι
1468 570 1577 624 Καὶ
1603 564 1755 623 εἶπεν

205 666 393 735 Κύριος
448 664 585 735 πρός
632 680 698 734 με
726 679 741 693 ο
767 663 930 716 ’Ἢκει
975 660 1037 715 τὸ
1058 662 1231 736 πέρας
1263 662 1355 715 ἐπὶ
1385 662 1477 716 τὸν
1496 662 1622 716 λαόν
1653 679 1754 733 μου

212 757 418 829 Ἰσραήλ
440 773 454 787 ο
498 757 681 810 οὐκέτι
731 755 806 826 μὴ
850 754 1071 825 προσθῶ
1114 753 1207 807 τοῦ
1237 753 1524 826 παρελθεῖν
1555 754 1715 807 αὐτόν
1736 770 1751 785 ο

201 848 282 900 καὶ
307 842 544 910 όλολύξει
564 844 631 898 τὰ
657 843 989 915 φατνώματα
1010 842 1105 897 τοῦ
1133 844 1281 899 ναοῦ.
1321 863 1341 897 ι
1371 846 1481 915 Τὴν
1514 844 1622 916 γὰρ
1646 844 1755 898 τῶν

198 936 501 1006 δειχθέντων
547 931 667 988 εἷπε
714 934 963 1007 δύναμιν.
1022 934 1183 987 Ἦκει
1239 934 1441 1001 τοίνυν,
1485 936 1670 1007 φησὶν,
1725 938 1754 990 ὁ

199 1028 375 1097 καιρὸς
397 1026 520 1080 καθ’
548 1025 607 1080 ὃν
635 1028 702 1096 τῇ
724 1025 967 1099 τιμωρίᾳ
1014 1025 1483 1097 παραδοθήσονται
1516 1026 1717 1091 πάντες
1736 1044 1749 1055 ·

199 1122 281 1174 καὶ
308 1119 574 1173 παύσεται
616 1118 671 1171 δὲ
702 1119 820 1189 μετ’
860 1119 1086 1172 ἐκείνων
1117 1136 1210 1172 και
1240 1120 1274 1189 ή
1314 1118 1538 1173 ἀσέϐεια
1581 1121 1675 1174 καὶ
1715 1122 1749 1191 ἡ

198 1214 286 1282 τῆς
312 1210 565 1275 ἀσεδείας
588 1211 680 1264 καὶ
708 1212 741 1282 ή
764 1213 864 1282 τῆς
891 1211 1233 1283 παρανομίας
1249 1210 1532 1282 ἐπιμέλεια
1549 1211 1749 1283 πάσηςσ

198 1304 253 1356 οὐ
279 1303 389 1373 γάρ
412 1302 493 1355 ἔτι
512 1302 770 1373 ἀνέξομαι
788 1303 1150 1374 παρατρέχειν
1174 1302 1354 1357 αὐτῶν
1374 1301 1443 1356 τά
1469 1306 1634 1368 κακὰ,
1657 1304 1753 1357 καὶ⁸

198 1397 514 1467 ἁνεκδίκητα
539 1395 762 1449 τοιαῦτα
787 1395 915 1447 ὅντα
938 1395 1033 1463 ὲᾷν
1049 1410 1062 1425 ⁸
1100 1394 1305 1465 ἅψηται
1330 1395 1516 1465 μέντοι
1548 1394 1750 1448 καὶτοῦ

194 1488 311 1544 ναοῦ
340 1491 403 1542 τὸ
421 1488 607 1553 κακὸν,
639 1486 824 1557 ἐπειδὴ
853 1487 950 1539 σὺν
979 1487 1047 1557 τῇ
1092 1486 1309 1541 πάντων
1344 1485 1589 1556 ἀπωλείᾳ
1616 1485 1752 1558 πυρὶ

196 1579 625 1651 παραδοθήσεται
650 1578 744 1630 καὶ
773 1578 1000 1641 ἐκεῖνος,
1034 1576 1203 1648 Δῆλον
1233 1576 1289 1630 δέ
1310 1576 1477 1639 ἐστιν,
1507 1575 1536 1629 δ
1557 1576 1753 1631 πολλά·-

192 1690 272 1735 κις
298 1672 457 1742 ἔφην,
482 1673 564 1724 ὅτι
590 1672 647 1723 ἐν
677 1672 745 1741 τῇ
776 1669 1003 1741 μηνύσει
1035 1670 1145 1723 τῶν
1165 1669 1373 1735 κακῶν,
1399 1669 1504 1723 κᾶν
1529 1668 1599 1722 τά
1625 1670 1752 1741 περὶ

191 1767 274 1818 τὸν
311 1765 531 1835 Ἰσραὴλ
562 1764 716 1836 λέγῃ,
762 1764 839 1834 (p.
876 1762 997 1832 199)
1024 1762 1138 1817 ἀλλ’
1168 1762 1521 1817 ὲπισυνάπτει
1557 1763 1653 1815 καὶ
1681 1761 1752 1815 τά

1865 571 2046 626 minus
2086 571 2217 625 mihi
2270 590 2284 627 :
2332 571 2490 626 Venit
2535 571 2659 627 linis
2703 588 2869 643 super
2924 575 3183 645 populum
3242 592 3425 630 meum

1863 658 2146 725 lsraelem;
2176 676 2285 716 non
2311 661 2561 731 adjiciam
2587 662 2729 716 ultra
2760 671 2819 718 ut
2867 673 3234 734 pertranseam
3262 680 3422 733 eum;

1860 758 1916 806 et
1955 751 2239 807 ululabunt
2293 751 2570 807 lacunaria
2619 756 2823 822 templi.
2856 774 2875 808 ι
2921 755 3425 812 Demonstratarum

1861 842 1968 897 sibi
1998 858 2181 898 rerum
2213 844 2325 899 vim
2363 843 2516 899 dicit.
2548 844 2706 899 Venit
2749 861 2898 916 ergo,
2932 847 3027 912 ait,
3074 857 3289 918 tempus
3314 865 3426 919 quo

1860 933 1928 988 de
1968 935 2223 990 omnibus
2264 950 2442 1005 paenae
2494 945 2797 998 sumentur,
2845 948 2902 992 et
2957 954 3145 994 eorum
3189 941 3426 996 cessabit

1860 1026 2086 1082 libertas
2113 1036 2275 1097 atque
2307 1028 2584 1097 potentia;
2630 1030 2901 1099 simulque
2942 1030 3152 1086 desinet
3180 1034 3426 1100 ipsorum

1857 1119 2131 1189 impietas,
2177 1127 2232 1174 et
2272 1134 2435 1175 omne
2490 1120 2911 1190 irreligiositatis
2948 1136 3013 1177 ac
3060 1126 3268 1191 peccati
3309 1133 3428 1181 stu-

1857 1210 2047 1265 dium:
2079 1226 2186 1265 non
2227 1213 2371 1266 enim
2411 1212 2524 1282 jam
2578 1214 2757 1281 patiar
2807 1213 3156 1269 dissimulare
3210 1217 3427 1271 illorum

1858 1302 2179 1372 nequitiam,
2239 1319 2415 1372 neque
2470 1304 2584 1359 hac
2646 1306 2817 1360 inulta
2877 1307 3074 1361 sinam.
3146 1306 3428 1378 Templum

1856 1409 2073 1465 quoque
2102 1397 2328 1466 attinget
2352 1396 2659 1464 calamitas,
2702 1398 2830 1468 quia
2870 1405 2923 1453 et
2970 1399 3147 1470 ipsum
3195 1400 3249 1455 in
3280 1416 3431 1455 com-

1857 1486 2007 1540 muni
2053 1486 2221 1540 exitio
2270 1487 2393 1556 igne
2461 1486 2906 1543 inﬂammabitur.
2964 1489 3133 1546 Porro
3183 1502 3427 1562 apparet,

1855 1578 2001 1647 quod
2048 1578 2160 1647 jam
2211 1592 2353 1648 saepe
2392 1577 2541 1643 dixi,
2600 1578 2653 1633 in
2709 1579 3062 1650 praedictione
3129 1582 3427 1645 malorum,

1855 1669 2071 1724 etiamsi
2113 1669 2181 1723 de
2220 1667 2419 1724 lsraele
2465 1669 2536 1724 sit
2577 1685 2780 1736 sermo,
2814 1679 3054 1726 attamen
3095 1686 3126 1725 a
3166 1673 3433 1743 propheta

1856 1759 2108 1814 connecti
2144 1759 2310 1814 etiam
2360 1775 2423 1814 ea
2476 1774 2597 1830 quae
2643 1762 2809 1816 tribui
2856 1760 3010 1817 Judaa
3052 1777 3082 1815 a
3116 1761 3431 1832 Babyloniis

190 1860 280 1929 τῆς
295 1858 467 1912 ’ἰούδα
491 1857 665 1927 φυλῆς
676 1857 769 1909 ἐπὶ
789 1856 898 1909 τῶν
912 1856 1269 1909 Βαϐυλωνίων
1295 1854 1548 1925 ἐσόμενα,
1580 1853 1669 1908 ὅτε
1694 1854 1759 1924 δὴ

1870 1847 2241 1913 imminebant,
2283 1863 2392 1919 quo
2438 1857 2682 1920 tempore
2730 1860 2785 1905 et
2840 1850 3144 1907 Jerusalem
3200 1854 3320 1923 capi
3376 1862 3433 1909 et

191 1951 278 2002 καὶ
302 1948 404 2019 τὴν
431 1946 785 2019 Ἰερουσαλὴμ
817 1946 1017 2000 άλῶναι
1043 1944 1249 2000 καὶτὸν
1282 1944 1408 1997 ναὸν
1433 1943 1761 2014 ἐμπρησθῆ-

187 2056 271 2093 ναι
290 2037 505 2108 συνέϐη.
520 2057 538 2089 ‹
562 2037 651 2091 Ἐν
670 2038 849 2109 ἐκείνῃ
867 2041 934 2109 τῇ
963 2037 1164 2109 ήμέρᾳ,
1185 2037 1332 2105 λέγει
1351 2037 1574 2106 Κύριος,
1596 2035 1761 2099 πολὺς

187 2128 215 2179 ό
235 2122 559 2187 πεπτωκὼς·
582 2125 639 2177 ὲν
655 2125 815 2177 παντὶ
841 2124 992 2195 τόπῳ
1028 2124 1302 2196 ὲπιρῤίψω
1332 2125 1563 2196 σιωπήν.
1590 2144 1609 2177 ι
1628 2123 1761 2177 Τότε

186 2216 266 2285 δὴ,
288 2216 446 2285 φησὶ,
464 2214 628 2279 πολὺς
654 2215 751 2285 μὲν
768 2215 1081 2286 ἁπανταχοῦ
1097 2217 1387 2286 γενήσεται
1404 2214 1651 2279 θάνατος,
1670 2214 1763 2268 καὶ

187 2305 543 2376 ἀναρίθμητοι
575 2304 686 2359 τῶν
716 2305 1024 2360 πιπτόντων
1056 2305 1267 2360 ἔσονται
1301 2308 1358 2362 αί
1399 2308 1627 2375 σφαγαὶ,
1649 2306 1759 2359 τῶν

189 2396 283 2465 μὲν
297 2397 682 2469 ἀνῃρημένων,
696 2398 869 2452 τῶνδὲ
879 2396 1235 2468 αἰχμαλώτων
1249 2397 1764 2472 ληφθέντωνοσιωπὴ

180 2488 240 2541 δὲ
264 2489 373 2541 ὑπὸ
398 2488 502 2560 τῆς
522 2488 664 2558 ἄγαν
695 2489 929 2561 ἐρημίας
951 2488 1167 2556 καθέξει
1184 2489 1251 2544 τά
1272 2490 1468 2545 πάντα.
1493 2484 1628 2544 Εἶτα
1660 2490 1766 2545 πά-

182 2580 266 2633 λιν
282 2580 593 2651 ὑπόμνησιν
610 2581 718 2635 τῶν
734 2580 1087 2653 παρανομιῶν
1110 2575 1187 2637 ὧν
1208 2581 1496 2636 ἐπετέλουν
1510 2583 1765 2640 ποιεῖται.

252 2670 403 2742 Στίχ.
421 2670 570 2725 δ’-ιδ’.
596 2691 694 2725 -‹
717 2672 1009 2727 Ἀκούσατε
1031 2674 1095 2745 δὴ
1132 2673 1329 2735 ταῦτα,
1353 2675 1403 2727 οἱ
1426 2672 1766 2737 έκθλίϐοντες

180 2764 265 2825 εἰς
295 2764 365 2815 τὸ
385 2762 532 2834 πρωῒ
554 2763 783 2835 πένητα,
816 2764 911 2818 καὶ
956 2763 1515 2827 καταδυναστεύοντες
1553 2763 1767 2834 πτωχὸν

185 2855 293 2907 ἀπὸ
310 2855 416 2925 τῆς
448 2855 553 2925 γῆς
579 2872 595 2887 ·
626 2857 676 2909 oi
719 2855 969 2925 λέγοντες
993 2872 1005 2885 ·
1036 2855 1175 2909 Πότε
1217 2853 1549 2908 διελεύσεται
1572 2855 1602 2909 ὁ
1637 2854 1766 2925 μὴν,

184 2947 281 2999 καὶ⁵
313 2947 738 3018 ὲμπολήσομενς
796 2948 892 3001 καὶ
941 2947 1071 3001 πότε
1109 2944 1230 3017 ἥξει
1274 2946 1343 2999 τὰ
1376 2944 1651 3009 Σάϐϐατα,
1676 2943 1769 2996 καὶ

184 3039 477 3110 ἀνοίξομεν
505 3039 833 3110 θησαυροὺς,
860 3038 957 3093 τοῦ
990 3038 1213 3109 ποιῆσαι
1232 3036 1427 3109 μικρὸν
1456 3036 1517 3091 τὸ
1548 3036 1767 3108 μέτρον,

186 3133 279 3185 καὶ
306 3131 611 3203 μεγαλῦναι
664 3132 944 3203 σταθμίον,
976 3132 1071 3186 καὶ⁵
1101 3130 1320 3201 ποιῆσαι
1368 3126 1530 3198 ζυγὸν
1563 3127 1767 3194 ἄδικον,

178 3224 277 3277 τοῦ
310 3223 551 3278 κτᾶσθαι
581 3225 639 3277 έν
665 3224 915 3295 ἀργυρίῳ
951 3224 1221 3293 πτωχοὺς,
1256 3222 1350 3276 καὶ
1376 3219 1630 3275 ταπεινὸν
1652 3218 1770 3273 ἀνθ’

183 3317 358 3389 ὐποδη
366 3318 674 3389 μάτων,καὶ
684 3316 793 3370 ἀπὸ
806 3315 985 3386 πάσης
995 3315 1247 3386 πράσεως
1258 3310 1729 3383 ὲμπορευσόμεθα;
1743 3329 1763 3363 ι

183 3411 376 3464 Ταῦτα
427 3409 515 3481 δὴ,
570 3408 726 3480 φησι,
784 3406 1015 3477 μάλιστα
1060 3405 1279 3459 πάντων
1323 3402 1572 3476 εἰρῆσθαι
1630 3402 1770 3474 πρὸς

186 3505 331 3575 ὑμᾶς
362 3503 645 3574 νομίσατε,
671 3500 721 3555 οἳ
743 3501 830 3555 διὰ
858 3500 1057 3563 παντὸς
1071 3499 1167 3570 μὲν
1194 3500 1313 3562 ταῖς
1334 3497 1538 3560 ἀδίκοις
1564 3513 1769 3567 κεχρη-

186 3594 346 3663 μένοι
363 3592 710 3655 δυναστείαις
737 3591 817 3653 είς
835 3590 935 3662 τὴν
952 3589 1061 3643 τῶν
1090 3589 1337 3660 πενήτων
1377 3587 1611 3652 ἀδικίαν,
1635 3586 1769 3640 ἀνα-

185 3684 451 3753 μένοντες
473 3683 528 3736 δὲ
571 3682 802 3736 ἑκάστου
834 3680 1001 3751 μηνὸς
1020 3679 1119 3752 τὴν
1153 3679 1546 3750 συμπλήρωσιν
1575 3678 1669 3731 ἐπὶ
1689 3676 1768 3748 τῷ

176 3776 279 3838 τάς
311 3773 672 3845 παρανόμους
702 3770 811 3825 τῶν
856 3770 1074 3824 οἰκείων
1111 3770 1482 3840 δανεισμάτων
1506 3768 1769 3842 ὲργασίας

181 3867 445 3931 συλλέξαι
469 3882 483 3897 ·
520 3865 818 3935 ἀναμένετε
840 3863 897 3917 δὲ
922 3863 1018 3917 καὶ
1047 3862 1118 3915 τὰ
1148 3860 1422 3927 Σάϐὁατα,
1440 3863 1538 3932 οὐχ
1571 3862 1660 3916 ἵνα
1691 3859 1769 3932 τῷ

176 3956 304 4027 θεῷ
326 3955 634 4026 έορτάσητε
692 3956 752 4008 ὲν
790 3953 993 4017 αὐτοῖς,
1035 3956 1112 4023 (p.
1135 3952 1264 4024 200)
1293 3951 1406 4005 ἀλλ’
1431 3952 1518 4005 ἵνα
1540 3951 1638 4023 τὴν
1669 3952 1769 4022 έμ-

179 4047 391 4118 πορίαν
441 4044 837 4116 δαψιλεστέραν
877 4043 1201 4114 ποιήσησθε,
1227 4042 1668 4113 ἀποχρησάμενοι
1693 4041 1773 4114 τῷ

176 4137 367 4209 καιρῷ
392 4136 499 4207 τῆς
528 4136 742 4207 ἑορτῆς,
759 4133 1065 4206 θησαυρούς
1090 4150 1151 4186 τε
1178 4134 1389 4197 ἑαυτοῖς
1411 4133 1628 4197 ἀδίκους
1650 4134 1775 4189 συλ-

174 4233 407 4304 λέξητε,
475 4230 650 4302 μέτρα
696 4246 755 4282 τε
810 4229 903 4282 καὶ
935 4226 1176 4299 σταθμία
1223 4226 1395 4298 μικρὰ
1434 4227 1530 4281 καὶ
1564 4226 1777 4297 μεγάλα

174 4321 505 4383 ποιοῦντες,
542 4318 618 4380 ὡς
655 4316 723 4371 ἂν
744 4317 1023 4388 ἑκατέροις
1052 4317 1189 4388 πρὸς
1222 4314 1320 4387 τήν
1344 4315 1554 4369 ἑαυτῶν
1577 4333 1777 4389 κεχρη-

176 4415 344 4485 μένοι
374 4410 707 4482 καπηλείαν,
729 4406 1019 4479 συλλέξητε
1050 4408 1313 4481 ἀργύριον
1335 4408 1401 4461 ὲκ
1428 4406 1529 4478 τῆς
1546 4407 1656 4462 τῶν
1677 4425 1776 4462 πε-

1859 1940 2078 1996 incendi
2112 1939 2374 2011 templum
2402 1941 2650 2012 contigit.
2681 1960 2700 1993 ‹
2738 1941 2836 1996 Illa
2857 1943 2967 2006 die,
2991 1942 3124 1998 dicit
3146 1942 3433 2010 Dominus,

1859 2033 2017 2087 multi
2047 2032 2329 2088 cadentes.
2358 2031 2419 2087 In
2440 2034 2589 2088 omni
2622 2034 2745 2089 loco
2762 2034 3045 2104 projiciam
3077 2035 3373 2091 silentium.
3405 2053 3429 2088 ι

1860 2123 2035 2193 Tunc,
2073 2125 2171 2189 ait,
2208 2124 2412 2195 ubique
2436 2126 2541 2180 erit
2582 2141 2753 2190 mors,
2799 2134 2853 2181 et
2904 2126 3202 2182 innumerae
3230 2127 3432 2181 caden-

1859 2217 1992 2272 tium
2048 2224 2210 2273 erunt
2259 2215 2457 2280 caedes,
2511 2218 2713 2287 partim
2769 2218 3328 2288 occisorum,partim
3374 2220 3437 2273 in

1860 2308 2230 2379 captivitatem
2270 2307 2652 2362 abducturum.
2701 2307 2988 2364 Silentium
3029 2308 3264 2377 denique
3308 2325 3433 2380 pro-

1859 2407 1980 2470 pter
2000 2413 2269 2454 summam
2300 2399 2650 2455 solitudinem
2674 2400 2859 2454 omnia
2883 2400 3193 2470 occupabit.
3231 2399 3436 2456 Deinde

1861 2504 2057 2545 rursus
2084 2488 2456 2560 iniquitatum,
2501 2504 2639 2560 quas
2678 2489 3097 2563 frequentabant
3134 2488 3265 2545 facit
3289 2507 3437 2547 men-

1867 2580 2094 2635 tionem.

1935 2671 2101 2729 Vsns.
2130 2674 2274 2729 In”.
2295 2703 2367 2714 —
2398 2692 2417 2726 ς
2456 2670 2652 2729 Audite
2676 2674 2812 2735 haec,
2846 2672 2937 2740 qui
2966 2672 3251 2729 conteritis
3275 2690 3438 2730 mane

1864 2780 2153 2835 pauperes,
2180 2774 2236 2821 et
2273 2764 2584 2837 Opprimitis
2628 2764 2685 2819 in
2724 2772 2871 2818 terra
2912 2779 3185 2835 egenum;
3233 2765 3325 2835 qui
3352 2766 3438 2819 di-

1864 2856 1991 2913 citis
2025 2876 2040 2912 :
2087 2856 2447 2924 Quandonam
2477 2856 2731 2912 transibit
2776 2857 3003 2921 mensis,
3041 2864 3096 2911 et
3136 2857 3438 2927 negotiabi-

1867 2952 2026 3006 mur?
2068 2949 2426 3017 Quandonam
2474 2950 2695 3004 venient
2716 2947 2978 3013 Sabbata,
3022 2950 3442 3020 aperiemusque

1868 3042 2172 3107 thesauros,
2202 3045 2264 3095 ut
2310 3039 2577 3096 faciamus
2624 3053 2937 3094 mensuram
2974 3054 3220 3110 parvam,
3251 3049 3307 3096 et
3336 3056 3440 3095 au-

1869 3147 2093 3204 geamus
2132 3131 2368 3201 pondus,
2417 3129 2791 3199 faciamusque
2840 3137 3098 3187 stateram
3154 3130 3437 3200 injustam,

1870 3234 1932 3280 ut
1964 3224 2342 3295 possideamus
2386 3222 2620 3293 pecunia
2646 3235 2938 3291 pauperes,
2986 3229 3042 3277 et
3082 3238 3315 3293 egenum
3340 3241 3442 3295 pro

1865 3315 2272 3378 calceamentis,
2308 3320 2363 3369 et
2400 3312 2551 3368 omni
2592 3311 2927 3368 venditionis
2959 3328 3158 3384 genere
3193 3319 3446 3386 negotie-

1866 3406 2021 3462 mur?
2068 3423 2088 3458 ι
2141 3404 2267 3460 Ηεεο
2318 3403 2479 3459 vobis
2528 3403 2766 3459 maxime
2813 3403 2957 3459 dicta
2989 3404 3315 3468 existimate.
3347 3409 3441 3478 qui

1866 3498 2088 3569 iniustis
2121 3512 2336 3568 semper
2378 3496 2831 3567 oppressionibus
2875 3508 3141 3567 pauperes
3183 3500 3440 3564 atteritis,
3478 3496 3482 3513 ‘

1865 3596 2247 3660 exspectantes
2270 3586 2541 3658 cujusque
2584 3586 2793 3642 mensis
2842 3584 3004 3641 ﬁnem
3041 3586 3112 3641 ob
3145 3589 3446 3659 exigendos

1866 3680 2088 3751 iniquos
2138 3694 2434 3736 usurarum
2483 3684 2791 3733 vestrarum
2835 3689 3073 3749 quaestus
3110 3698 3125 3735 :
3160 3681 3253 3751 qui
3287 3681 3445 3751 132

1866 3773 1995 3829 item
2048 3772 2379 3843 exspectatis
2442 3769 2702 3833 Sabbata,
2753 3766 2863 3824 non
2913 3777 2974 3825 ut
3023 3769 3135 3826 Deo
3176 3787 3273 3842 per
3331 3773 3447 3827 haec

1867 3864 2162 3929 feriemini,
2213 3863 2310 3918 sed
2360 3870 2420 3918 ut
2463 3861 2741 3917 utiliorem
2785 3869 3148 3916 mercaturam
3205 3862 3443 3927 faciatis.

1867 3958 2158 4013 abutentes
2199 3953 2378 4010 festali
2432 3960 2709 4022 tempore;
2753 3961 2916 4021 atque
2956 3960 3017 4006 ut
3059 3953 3294 4021 injustos
3327 3957 3447 4010 the-

1870 4064 2067 4107 sauros
2095 4047 2250 4103 vobis
2278 4044 2642 4109 coacervetis,
2676 4049 2729 4097 et
2759 4056 3047 4098 mensuras
3086 4050 3250 4113 atque
3281 4053 3449 4100 state—

1870 4159 1963 4199 ras
2018 4155 2217 4211 parvas
2278 4151 2616 4208 magnasque
2671 4133 2913 4198 faciatis,
2967 4143 3028 4188 ut
3083 4136 3331 4206 utrisque
3389 4137 3447 4191 in

1874 4233 2137 4290 nundinis
2190 4228 2386 4285 vestris
2433 4224 2662 4282 utamini
2699 4239 2851 4296 :quo
2882 4225 3172 4295 pecuniam
3211 4241 3275 4281 ex
3314 4242 3451 4297 pau-

1875 4338 2064 4397 perum
2099 4320 2459 4392 oppressione
2494 4317 2823 4382 corradatis,
2854 4332 2922 4371 ne
2957 4331 2989 4371 a
3018 4317 3301 4372 vilissimis
3328 4320 3451 4388 qui-

1877 4417 1998 4473 dem
2064 4412 2386 4468 muneribus
2452 4409 2824 4475 abstinentes;
2894 4407 2949 4462 id
3016 4408 3164 4463 enim
3226 4408 3453 4465 denotat

172 4508 371 4580 νήτων
396 4504 637 4566 ἀδικίας,
665 4502 966 4572 λημμάτων
985 4500 1083 4571 μὲν
1103 4500 1225 4554 οὐδὲ
1247 4499 1355 4553 τῶν
1381 4499 1767 4555 εὐτελεστάτων

1878 4507 2070 4571 dictio,
2102 4519 2202 4574 pro
2230 4500 2653 4568 calceamentis;
2686 4508 2851 4569 atque
2883 4514 2947 4554 ex
2974 4498 3214 4569 qualibet
3241 4515 3453 4555 merca-

170 4598 532 4669 ἀπεχόμενοι
552 4612 568 4626 ⁸
592 4594 753 4648 τοῦτο
772 4592 1036 4663 γάρλέγει
1049 4591 1131 4656 τὸ,
1151 4611 1169 4643 ι
1194 4593 1310 4650 ἀνθ’
1329 4592 1690 4663 ὑποδημάτων
1716 4609 1732 4624 ο
1753 4611 1772 4644 ι

170 4691 294 4745 ἀπὸ
347 4688 565 4751 παντὸς
606 4686 664 4741 δὲ
711 4684 1160 4755 συναλλάγματος
1205 4683 1539 4748 σκοποῦντες
1567 4686 1619 4737 τί
1655 4686 1783 4756 ὑμῖν

170 4780 647 4856 προσγενήσεται
669 4778 859 4851 κέρδος
877 4794 892 4809 ο
915 4776 1076 4831 τοῦτο
1098 4774 1208 4849 γάρ
1237 4776 1384 4845 λέγει
1412 4776 1644 4839 τδ,ιάπὺ
1677 4778 1782 4832 πά-

169 4896 283 4950 σης
311 4875 589 4947 πράσεως
607 4867 1280 4943 ὲμπορευσόμεθα.›Κατὰ
1316 4868 1381 4939 δὴ
1398 4867 1603 4939 ταύτης
1630 4866 1784 4938 ὑμῶν

167 4974 278 5046 τῆς
309 4965 709 5038 ὐπηρεφανίας
738 4961 1139 5034 (ὑπερηφανίαν
1158 4960 1268 5031 γὰρ
1296 4959 1550 5031 ὀνομάζει
1575 4960 1674 5029 τὴν
1701 4961 1781 5026 είς

166 5065 311 5127 τοὺς
338 5063 596 5129 πένητας
638 5055 869 5121 ἀδικίαν,
898 5053 967 5125 ἣν
1014 5049 1331 5124 εἰργάζοντο
1373 5048 1448 5121 μὴ
1475 5047 1783 5118 συλλογιζό-

170 5174 345 5230 μενοι
368 5152 478 5206 τοῦ
495 5150 631 5204 Θεοῦ
649 5150 747 5219 τήν
767 5146 940 5217 δίκην)
970 5143 1245 5213 ἀπόφασιν
1271 5141 1530 5213 ἐξήνεγκε
1559 5141 1783 5209 βεδαίαν

165 5253 199 5303 ό
226 5247 386 5310 Θεὸς
413 5244 517 5298 καὶ
541 5241 963 5311 ἀμετάπτωτον·
995 5235 1057 5288 τὸ
1081 5233 1211 5305 γὰρ,
1251 5251 1269 5283 ‹
1299 5231 1489 5304 ὀμνύει
1519 5232 1777 5304 Κύριος.»

163 5342 349 5395 τοῦτο
386 5334 570 5407 δηλοῖ,
587 5334 663 5397 ὡς
679 5332 739 5384 οὐ
753 5327 1065 5400 παραδώσει
1094 5326 1233 5397 λήθῃ
1256 5325 1535 5387 παντελῶς
1560 5323 1629 5377 τὰ
1652 5323 1782 5394 παρ’

165 5433 375 5489 αὐτῶν
436 5425 730 5497 γινόμενα·
768 5421 928 5492 μόνον
961 5418 1018 5471 δὲ
1068 5416 1190 5486 οὐχὶ
1231 5417 1412 5469 πᾶσαν
1457 5417 1789 5485 συγκινήσας

160 5527 272 5596 τὴν
288 5524 448 5594 γῆν,
476 5515 752 5578 τοσούτοις
779 5515 847 5583 τῇ
878 5509 984 5563 τῶν
1010 5507 1285 5577 πολεμίων
1307 5506 1482 5577 ἐφόδῳ
1504 5504 1790 5596 περιϐαλεί

160 5595 290 5683 τάς
322 5614 561 5676 κακοῖς,
589 5608 730 5661 ῶστε
760 5603 946 5658 πένθει
972 5597 1301 5668 κατέχεσθαι
1334 5598 1560 5663 πάντας,
1596 5597 1690 5650 ἐπὶ
1713 5595 1789 5666 τῷ

163 5712 426 5786 μεγέθει
450 5704 551 5775 τῆς
574 5697 908 5767 ἐπελθούσης
936 5695 1119 5786 αὐτοῖς
1147 5693 1465 5786 συμφορᾶς·
1498 5690 1655 5786 δίκην
1682 5688 1791 5786 γὰρ

159 5779 271 5861 ⁸τοῦ
331 5798 477 5859 κατ’
521 5796 796 5866 Αιγυπτον
837 5785 1084 5860 ποταμοῦ
1115 5781 1572 5859 πλημμυροῦντός
1604 5798 1663 5836 τε
1692 5779 1787 5834 καὶ

1879 4611 2003 4655 tura
2065 4595 2269 4667 aliquid
2325 4595 2525 4649 lucrari
2590 4598 2869 4647 curantes.
2919 4590 2975 4645 Id
3021 4590 3222 4661 quippe
3270 4592 3454 4647 valent

1879 4691 2043 4746 verba
2079 4706 2092 4743 :
2124 4685 2272 4743 omni
2312 4681 2644 4739 venditionis
2691 4696 2890 4752 genere
2923 4679 3281 4751 negotiemur.
3331 4678 3454 4735 Jam

1881 4782 2149 4836 adversus
2172 4776 2313 4831 hanc
2334 4782 2569 4830 vestram
2601 4771 2912 4842 superbiam
2945 4770 3280 4841 (superbiam
3305 4771 3453 4825 enim

1882 4871 2132 4928 nominat
2176 4865 2502 4937 iniustitiam
2552 4870 2747 4919 contra
2801 4876 3089 4932 pauperes,
3125 4876 3288 4930 quam
3326 4876 3455 4931 per-

1887 4962 2195 5036 petrabant,
2234 4958 2301 5013 de
2324 4956 2417 5012 Dei
2448 4955 2687 5010 vindicta
2735 4968 2843 5008 non
2875 4952 3201 5023 cogitantes)
3238 4951 3456 5035 iirmum

1889 5054 2014 5109 tulit
2043 5050 2188 5106 Deus
2217 5049 2500 5103 decretum
2526 5053 2691 5115 atque
2714 5043 3072 5098 immutabile.
3096 5042 3229 5096 Nam
3263 5042 3455 5103 dictio,

1884 5146 2036 5215 jurat
2086 5138 2371 5200 Dominus,
2409 5135 2514 5189 hoc
2559 5131 2849 5204 signiﬁcat,
2883 5130 3028 5200 quod
3070 5128 3295 5184 omnino
3320 5127 3460 5180 obli-

1888 5236 2039 5292 vioni
2087 5248 2195 5288 non
2248 5229 2431 5284 tradet
2473 5226 2615 5282 facta
2671 5226 2889 5280 illorum
2922 5241 2936 5278 :
2967 5222 3078 5278 imo
3129 5229 3245 5275 toto
3290 5218 3459 5273 veluti

1889 5337 2158 5382 terrarum
2193 5321 2325 5376 orbe
2362 5324 2659 5377 commoto,
2710 5315 2881 5368 tantis
2926 5328 3022 5368 eos
3074 5328 3171 5382 per
3218 5307 3459 5364 Hostium

1885 5414 2258 5473 incursionem
2291 5410 2488 5465 obruet
2536 5405 2717 5467 malis,
2764 5412 2824 5458 ut
2866 5417 3056 5457 omnes
3099 5401 3153 5454 in
3190 5400 3339 5453 luctu
3372 5395 3461 5450 fu-

1887 5509 1992 5564 turi
2059 5507 2192 5566 sint,
2253 5498 2629 5571 magnitudine
2685 5494 2864 5566 pressi
2913 5491 3264 5548 calamitatis.
3312 5487 3461 5542 More

1887 5599 2032 5654 enim
2067 5591 2375 5665 Egyptiaci
2423 5588 2666 5643 ﬂuminis
2699 5585 3019 5640 inundantis
3053 5590 3263 5638 et-niox
3310 5593 3462 5634 rece‘

1887 5688 2093 5749 dentis,
2145 5682 2367 5740 invadet
2422 5694 2520 5736 vos
2595 5677 2768 5733 hostis
2831 5674 3158 5745 generaliter
3214 5679 3458 5733 vastans,

1894 5775 2471 5850 comprehendeusque
2533 5771 2780 5842 captivos
2845 5769 2911 5824 ad
2978 5781 3134 5825 suam
3184 5764 3463 5835 regionem
