3954 6528
539 348 644 406 295

1741 341 2091 399 THEDDORI
2124 340 2606 397 MOPSUESTEM

3668 348 3750 403 296

542 459 870 531 aspartabit.
908 457 1063 511 Tunc
1100 472 1252 524 vero,
1299 456 1500 527 inquit,
1544 456 1627 512 sol
1668 458 1898 514 meridie
1931 458 2130 514 obscu-

2236 454 2393 509 πάλιν
2413 455 2840 527 ὑποχωροῦντος,
2866 453 3221 509 ἐπελεύσεται
3252 470 3312 506 τε
3351 454 3476 523 ὑμῖν
3496 456 3523 509 ὁ
3541 436 3752 533 πολέμιος

542 565 693 608 ratus
762 544 1033 603 videbitur"
1104 549 1172 603 iis
1229 550 1324 618 qui
1377 550 1433 602 in
1485 550 1757 619 angustiis
1801 560 2124 613 versantur;

542 644 894 711 tenebrisque
954 656 1146 695 omnes
1217 656 1275 695 se
1338 642 1514 696 teneri
1583 643 1857 711 putabunt
1906 650 2130 711 propter

544 736 809 786 malorum
872 730 1325 800 magnitudinem.
1390 714 1546 785 Tunc
1628 732 1852 786 omissis
1913 733 2127 787 vitiosis

543 822 1007 883 Solemnitatibus,
1064 822 1235 875 luctui
1290 822 1559 876 vacabitis
1591 840 1603 875 :
1632 830 1686 876 et
1742 839 1841 892 pro
1884 823 2126 893 antiquis

544 914 797 976 canticis,
833 914 986 982 largo
1018 912 1169 967 ﬂetui
1198 912 1553 981 indulgebitis
1585 932 1596 966 :
1639 929 1737 983 pro
1772 914 1921 968 molli
1950 923 2123 981 veste,

541 1020 706 1057 sacco
742 1002 1046 1057 induc-mini
1097 1005 1446 1074 praesentium
1497 1007 1766 1059 malorum
1814 1006 1992 1062 indice
2026 1026 2039 1062 :
2072 1017 2127 1062 et

545 1105 727 1150 vetere
772 1096 972 1165 capitis
1018 1104 1213 1149 ornatu
1253 1096 1482 1156 omisso,
1528 1098 1801 1175 calvitiem
1845 1099 2003 1153 malis
2033 1115 2126 1153 ve-

544 1188 673 1241 stris
701 1203 1000 1257 congruam
1047 1203 1170 1241 esse
1219 1188 1501 1257 putabitis.
1534 1188 1753 1251 Cuncti,
1789 1199 1849 1244 ut
1880 1206 2127 1245 summa-

544 1282 640 1333 tim
710 1280 913 1342 dicam,
976 1287 1236 1349 tanquam
1298 1280 1352 1332 in
1399 1279 1550 1332 luctu
1606 1279 1795 1335 dilecti
1848 1281 2122 1352 unigeniti

542 1380 770 1445 propter
798 1372 1200 1425 excruciantem
1244 1370 1491 1425 dolorem
1530 1372 1763 1442 degetis,
1802 1374 2125 1428 incumben-

547 1466 682 1515 tium
714 1462 870 1517 vobis
905 1463 1172 1516 malorum
1204 1463 1645 1533 magnitudinem
1697 1466 2123 1535 complorantes.

545 1552 683 1606 Tum
715 1561 769 1607 ct
808 1554 914 1607 alia
946 1561 1140 1622 praeter
1176 1554 1289 1608 haec
1341 1564 1626 1620 eventura,
1675 1557 1931 1626 graviora
1968 1557 2123 1627 133

546 1643 724 1696 adhuc
766 1644 1086 1712 signiﬁcans
1136 1645 1419 1714 propheta,
1458 1644 1717 1711 Venient,
1754 1648 1952 1718 inquit,
1982 1650 2122 1712 dies,

546 1736 749 1803 quibus
790 1751 897 1789 non
947 1737 1174 1806 penuria
1216 1746 1429 1792 tantum
1466 1739 1573 1793 cibi
1606 1748 1881 1810 potusque
1909 1741 2124 1795 labora-

2233 548 2485 610 ἅπαντας
2504 548 2649 617 ὑμᾶς
2666 544 3023 609 ἀπολλὺς,καὶ
3038 545 3104 615 δὴ
3122 544 3216 599 καὶ
3237 544 3415 597 λαϐὼν
3431 546 3755 621 αἰχμαλώτους

2227 640 2321 693 ἐπὶ
2344 640 2443 710 τὴν
2464 638 2670 693 οἰκείαν
2690 638 2887 704 ἀπάξει
2918 636 3122 709 χώραν.
3147 637 3281 690 Τότε
3309 637 3394 707 δὴ,
3426 640 3596 706 φησὶν,
3626 645 3651 695 ὁ
3677 650 3753 715 μὲν

2226 734 2375 802 ἥλιος
2408 735 2481 801 (p.
2520 731 2648 800 201)
2676 733 2734 783 ὲν
2767 730 2846 798 τῷ
2879 729 3191 810 μεσαιτάτῳ
3218 728 3319 798 τῆς
3349 729 3556 797 ἡμέρας
3582 734 3754 810 ἀφανὴς

2227 818 2366 877 εἶναι
2409 823 2551 888 δόξει
2590 826 2703 886 τοῖς
2748 825 2806 876 ὲν
2849 806 3115 891 ἀνάγκαις
3153 820 3487 875 καθεστῶσν
3520 825 3682 889 σκότος
3711 806 3755 884 δὲ

2226 915 2472 979 ἅπαντας
2524 915 2650 977 τοὺς
2689 913 2784 967 ἐπὶ
2836 912 2937 982 τῆς
2981 913 3087 982 γῆς
3129 912 3270 978 δόξει
3300 912 3570 981 κατέχειν.
3615 915 3688 970 διὰ
3709 922 3757 972 τὸ

2228 1006 2456 1074 μέγεθος
2483 1005 2591 1059 τῶν
2616 1005 2821 1060 κακῶν.
2852 1006 2963 1060 Καὶ
2985 1005 3081 1068 τὰς
3108 1004 3205 1076 μὲν
3232 1002 3575 1074 παρανόμους
3602 1007 3756 1078 ἑορτὰς

2225 1097 2476 1166 ἀφέντες,
2506 1096 2582 1169 τῷ
2616 1098 2802 1152 πένθει
2828 1096 3121 1169 προσέξετε
3148 1113 3161 1126 ·
3206 1097 3328 1149 ἀντὶ
3349 1096 3406 1149 δὲ
3432 1095 3536 1147 τῶν
3559 1097 3756 1156 παλαιῶν

2225 1190 2489 1260 ᾀσμάτων
2525 1189 2706 1260 θρήνῳ
2759 1188 3031 1259 χρήσεσθε
3089 1186 3269 1255 πολλῷ
3293 1203 3306 1217 ο
3340 1186 3462 1239 ἀντὶ
3490 1186 3542 1239 δὲ
3566 1188 3652 1257 τῆς
3679 1208 3757 1259 μα-

2225 1283 2399 1353 λακῆς
2452 1283 2702 1353 ἐσθῆτος,
2753 1284 2955 1335 σάκκον
2995 1279 3359 1351 περιθήσεσθε
3392 1279 3483 1331 ἐπὶ
3513 1279 3584 1349 τῷ
3611 1281 3760 1335 πένθει

2224 1373 2332 1425 τῶν
2385 1374 2671 1443 παρόντων
2707 1370 2927 1425 κακῶνο
2965 1370 3058 1423 τοῦ
3097 1369 3154 1422 δὲ
3202 1366 3432 1422 παλαιοῦ
3473 1367 3659 1437 κόσμου
3683 1370 3760 1439 τῆς

2224 1464 2471 1533 κεφαλῆς
2516 1464 2912 1534 ἀμελήσαντες,
2958 1463 3057 1531 τὴν
3102 1458 3392 1529 ἀφαίρεσιν
3429 1457 3536 1511 τῶν
3575 1460 3759 1529 τριχῶν,

2222 1560 2299 1622 ὡς
2330 1559 2386 1609 ἐν
2411 1556 2684 1619 τοσούτοις
2708 1556 2835 1625 ὑμῖν
2865 1552 3125 1623 ἁρμόζειν
3152 1549 3401 1621 οἱήσεσθε
3430 1552 3539 1611 τοῖς
3571 1554 3758 1614 κακοῖς·

2224 1651 2463 1714 ἅπαντές
2488 1668 2569 1715 τε,
2614 1648 2895 1718 συντόμως
2928 1648 3125 1705 εἰπεῖν,
3157 1644 3233 1706 ὼς
3263 1643 3357 1695 ἐπὶ
3370 1640 3553 1693 πένθει
3580 1658 3763 1711 μονογεο

2223 1746 2350 1808 νοῦς
2384 1744 2502 1798 υἱοῦ
2536 1742 2899 1814 ὴγαπημένσυ
2926 1737 3264 1793 διατελέσετε
3287 1734 3395 1788 ὑπὸ
3420 1734 3518 1804 τῆς
3548 1734 3763 1804 κατεχούο

547 1829 698 1891 bilis,
732 1829 825 1885 sed
868 1836 923 1883 et
969 1830 1351 1900 gravissimam
1397 1832 1558 1885 aliam
1613 1833 1895 1904 patiemini
1946 1849 2120 1903 penu-

2236 1856 2331 1907 σης
2357 1838 2571 1907 όδύνης,
2619 1837 2729 1889 τῶν
2788 1833 3151 1905 περιεχόντων
3200 1828 3425 1890 ἑαυτοὺς
3451 1827 3628 1881 κακῶν
3660 1827 3764 1898 θρη-

547 1920 708 1983 riam,
769 1921 897 1989 quia
951 1936 1147 1989 nempe
1203 1922 1416 1976 nullum
1470 1923 1830 1993 impetrabilis
1880 1925 2122 1980 divinum

545 2013 852 2073 oraculum,
886 2027 951 2065 ex
991 2028 1180 2067 eorum
1229 2030 1480 2079 numero,
1526 2031 1646 2085 quae
1696 2032 1792 2086 per
1833 2018 2126 2087 prophetas

547 2104 662 2156 iii-ri
696 2105 963 2168 solebant,
1007 2105 1073 2158 ad
1122 2122 1560 2161 aerumnosorum
1611 2109 1891 2165 solatium.
1923 2112 2011 2166 Ait
2041 2114 2127 2165 ni-

548 2194 773 2257 mirum,
814 2197 958 2263 quod
1006 2197 1170 2250 etiam
1206 2196 1349 2265 apud
1395 2197 1615 2251 beatum
1665 2196 1859 2254 Oseain
1892 2201 2127 2271 prophe-

550 2297 661 2339 iani
714 2288 962 2342 dicitur:
1014 2306 1032 2338 ι
1091 2288 1368 2342 Sedebunt
1419 2290 1511 2343 ﬁlii
1550 2290 1766 2347 lsraelis
1807 2293 1927 2349 sine
1978 2310 2125 2365 rege,

548 2379 671 2433 sine
720 2381 1064 2449 magistratu,
1114 2382 1236 2435 sine
1292 2381 1587 2445 sacriﬁcio,
1629 2382 1750 2438 sine
1796 2385 1976 2451 altari,
2008 2388 2130 2443 sine

550 2471 880 2535 sacerdotio,
931 2473 1052 2527 sine
1098 2475 1388 2529 oraculis:
1433 2494 1449 2525 ι
1502 2475 1703 2544 quibus
1739 2477 1922 2533 verbis
1959 2479 2133 2549 signi-

553 2566 677 2616 iicat
713 2574 908 2617 cuncta
954 2565 1069 2619 baac
1114 2567 1447 2636 captivitatis
1498 2567 1839 2638 Babylonica:
1887 2580 2129 2641 tempore

551 2656 725 2710 fuisse
757 2657 995 2710 sublata.
1042 2657 1187 2711 Idem
1218 2674 1348 2712 vero
1380 2674 1526 2713 nunc
1579 2662 1842 2731 propheta
1889 2665 2126 2728 nuntiat,

548 2763 748 2817 nempe
800 2767 813 2802 :
870 2751 1135 2804 aerumnis
1190 2752 1502 2818 trademini,
1554 2766 1607 2808 et
1661 2766 1791 2809 tunc
1839 2758 2129 2825 pr0phetas

548 2840 826 2909 expetitis,
887 2856 1028 2910 quos
1076 2856 1221 2894 nunc
1286 2844 1618 2913 negligitisy
1654 2849 1796 2901 scire
1847 2848 2130 2917 cupientes

546 2946 681 2990 num
736 2936 920 3006 aliqua
971 2936 1027 2991 in
1082 2938 1279 2994 melius
1335 2941 1694 2995 commutatio
1738 2957 1836 2996 vos
1889 2950 2125 2997 maneat.

556 3045 575 3077 ι
617 3026 1124 3083 Commovebuntur
1171 3044 1328 3098 aqua:
1375 3046 1406 3083 a
1450 3031 1591 3084 mari
1629 3046 1803 3100 usque
1828 3031 1893 3084 ad
1928 3046 2082 3086 mare
2114 3051 2127 3087 :

553 3132 583 3169 a
614 3118 780 3171 borea
814 3119 881 3173 ad
906 3120 1172 3176 orientem
1202 3121 1521 3177 discurrent
1562 3131 1873 3192 quaerentes
1902 3124 2129 3177 verbum

552 3297 772 3353 lsraclis
807 3300 1094 3356 innumera
1124 3303 1421 3357 multitudo
1464 3304 1701 3373 sparsim
1734 3305 1937 3374 ubique
1966 3305 2140 3375 agita-

554 3391 723 3455 bitur,
761 3408 1015 3461 quaarens
1072 3409 1142 3448 an
1175 3396 1391 3465 uspiam
1433 3397 1702 3466 propheta
1738 3397 1940 3467 aliquis
1970 3413 2141 3467 appa-

554 3494 693 3550 reat,
728 3483 821 3539 Dei
854 3487 1131 3542 voluntate
1161 3488 1428 3543 nuntians
1478 3489 1581 3544 sibi
1631 3497 1935 3556 eventura;
1973 3506 2138 3560 quem

554 3585 738 3631 tamen
787 3587 919 3633 tunc
953 3595 1062 3634 non
1097 3580 1402 3636 invenient.
1470 3580 1696 3648 Deinde,
1758 3583 1982 3652 peribit,
2041 3584 2138 3649 ait,

558 3670 805 3724 funditus
854 3672 1119 3741 quidquid
1193 3688 1343 3727 nunc
1401 3673 1927 3743 praestantissimum
1982 3675 2143 3731 vobis

558 3762 772 3815 videtur
801 3774 855 3817 et
876 3762 1247 3819 desiderabile
1269 3765 1553 3834 :peribunt
1587 3776 1783 3820 vestra:
1816 3781 1965 3820 nunc
1992 3769 2139 3822 omni

556 3870 689 3908 cura
726 3856 1019 3910 custodita:
1049 3856 1287 3927 virgines
1320 3874 1335 3910 :
1369 3858 1627 3926 peribunt
1656 3858 1820 3912 etiam
1853 3858 2143 3915 formosis-

556 3947 955 4016 siinijuvenes.
996 3946 1122 4003 Haec
1147 3957 1329 4002 autem
1360 3965 1524 4019 quam
1576 3951 1648 4004 ob
1690 3964 1916 4006 causam
1961 3953 2139 4021 patie-

560 4040 735 4093 mini?
779 4060 796 4092 ι
830 4039 935 4105 Qui
985 4041 1175 4110 jurant
1229 4056 1327 4111 per
1362 4041 1802 4111 prepitiationem
1858 4042 2140 4108 Samaria,

557 4130 859 4199 dicuntque
895 4149 910 4184 :
950 4129 1092 4183 Vivit
1128 4128 1273 4185 Deus
1324 4130 1475 4197 Dan;
1524 4142 1579 4187 et
1634 4133 1767 4186 vivit
1812 4133 1955 4187 Deus
1990 4143 2141 4196 tuus,

560 4220 830 4275 Bersabea
878 4238 891 4273 :
945 4228 1001 4275 et
1058 4221 1277 4284 cadent,
1337 4230 1392 4275 et
1451 4237 1560 4275 non
1605 4231 1916 4293 resurgent.
1948 4243 1966 4275 ι
2005 4224 2143 4289 Quia

561 4313 833 4365 derelicto
866 4311 975 4367 Deo
1004 4313 1248 4366 omnium
1285 4312 1539 4376 Domino,
1572 4313 1836 4369 Samaria:
1875 4317 2019 4370 idola
2056 4332 2145 4371 ve-

562 4404 743 4456 nerari
791 4404 1139 4466 studuerunt,
1187 4419 1362 4473 eaque
1400 4404 1629 4459 deorum
1681 4407 1999 4462 nominibus
2049 4424 2144 4477 ap-

2231 1931 2447 1993 νοῦντες
2466 1930 2527 1981 τὸ
2562 1926 2819 1998 μέγεθος·
2846 1926 2942 1980 καὶ
2980 1924 3050 1977 τὰ
3093 1923 3220 1992 ἑξῆς
3256 1921 3314 1973 δὲ
3336 1919 3430 1971 ἐπὶ
3455 1918 3653 1981 τούτοις
3677 1920 3765 1971 ἐσό-

2250 2041 2411 2094 μενα,
2437 2022 2512 2085 ὡς
2533 2020 2808 2091 βαρύτερα
2831 2016 3006 2086 δηλῶν
3030 2019 3059 2070 ό
3084 2017 3386 2086 προφήτης,
3424 2031 3443 2063 ι
3471 2012 3766 2082 Παρέσονται

2231 2115 2360 2186 γὰρ,
2400 2115 2585 2184 φησὶν,
2617 2112 2844 2183 ἡμέραι,
2878 2112 2935 2163 ὲν
2954 2107 3043 2173 αἶς
3069 2109 3168 2161 οὐκ
3207 2106 3385 2175 ἐνδείᾳ
3411 2104 3608 2175 τροφῆς
3632 2104 3767 2155 τεκαὶ

2234 2207 2399 2260 ποτοῦ
2429 2202 2815 2277 περιπεσεῖσθε
2852 2201 3033 2272 μόνον,
3066 2197 3201 2251 ἀλλὰ
3236 2196 3346 2266 γὰρ
3377 2194 3482 2264 τὴν
3508 2192 3770 2263 βαρυτάτην

2234 2296 2442 2350 ἔνδειαν
2501 2296 2846 2365 ὑπομενεῖτε,
2901 2289 3022 2343 οὐδὲ
3096 2289 3225 2359 μιᾶς
3281 2287 3464 2354 φωνῆς
3504 2281 3770 2351 ἀξιούμενοι

2234 2388 2408 2451 θείας,
2462 2387 2561 2457 τῆς
2614 2385 2702 2438 διὰ
2748 2381 3048 2455 προφητῶν
3111 2377 3365 2439 εἰωθυίας
3410 2374 3651 2444 γίνεσθαι
3701 2374 3773 2425 ἐπὶ

2232 2477 2560 2548 ψυχαγωγία
2582 2476 2688 2529 τῶν
2711 2477 2767 2528 ὲν
2808 2474 3001 2534 δεινοῖς
3031 2467 3395 2523 καθεστώτων
3416 2484 3469 2518 ,ι
3502 2464 3653 2531 Λέγει
3673 2460 3773 2515 δὲτὸ

2235 2570 2328 2624 καὶ
2357 2570 2509 2640 παρὰ
2527 2567 2603 2639 τῷ
2635 2567 2889 2639 μακαρίῳ
2915 2564 3080 2636 ῥηθὲν
3113 2561 3273 2631 Ὠσηὲ
3302 2559 3379 2629 τῷ
3400 2555 3765 2628 προφήτη,ι58)

2235 2662 2323 2713 ὅτι
2358 2680 2376 2711 ι
2407 2659 2755 2730 Καθήσονται
2777 2660 2827 2711 oi
2850 2657 2953 2710 υἱοὶ
2998 2653 3213 2725 Ἰσραὴλ
3232 2652 3332 2705 οὐκ
3350 2649 3506 2711 ὄντος
3533 2647 3773 2718 βασιλέως,

2235 2754 2355 2807 οὐδὲ
2396 2753 2546 2815 ὄντος
2591 2753 2872 2822 ἄρχοντος,
2903 2749 3025 2802 οὐδὲ
3067 2746 3234 2814 ούσης
3261 2743 3479 2805 θυσίας,
3514 2740 3627 2794 οὐδὲ
3658 2740 3776 2802 δντος

2237 2844 2642 2915 θυσιαστηρίου,
2696 2844 2817 2897 οὐδὲ
2844 2837 3274 2913 ἱερατείας,οῦδὲ
3310 2835 3512 2906 δήλωνο
3540 2853 3559 2884 ο
3579 2834 3650 2903 (p.
3676 2831 3775 2899 902)

2236 2940 2293 2991 ἐν
2333 2933 2414 3001 οἷς
2443 2938 2697 3008 σημαίνει
2720 2936 2783 2988 τὸ
2815 2934 2951 3004 μετὰ
2974 2933 3076 3003 τήν
3109 2929 3488 3001 αίχμαλωσίαν
3511 2927 3605 2996 τὴν
3628 2928 3676 2978 ὲν
3695 2924 3778 2975 Βα-

2238 3030 2440 3083 ϐυλῶνι
2469 3029 2769 3100 γενομένην
2792 3028 3008 3081 ἅπαντα
3032 3024 3214 3078 αὐτῶν
3241 3021 3607 3093 ἀφαιρεθῆναι
3623 3017 3774 3072 ταῦτα.

2182 3178 2203 3197 Ἰ
2226 3121 2311 3173 Τὸ
2338 3120 2469 3173 αὐτὸ
2505 3118 2569 3187 δὴ
2598 3119 2693 3172 καὶ
2716 3116 2811 3170 νῦν
2843 3119 2871 3169 ό
2894 3116 3179 3187 προφήτης
3200 3112 3372 3182 δηλοῖ,
3391 3112 3478 3164 ὅτι
3501 3106 3779 3181 Παραδοθή·

556 3209 793 3275 Domini,
838 3225 1019 3279 neque
1067 3212 1121 3265 id
1180 3213 1479 3268 invenient.
1523 3230 1543 3265 ι
1591 3213 1649 3267 Id
1690 3224 1798 3277 est,
1829 3215 2011 3268 omnis
2047 3216 2138 3268 illa
2165 3209 2205 3233 ἀ

2242 3210 2401 3262 σεσθε
2445 3211 2558 3272 τοῖς
2614 3208 2803 3266 κακοῖς
2826 3220 2839 3234 ·
2866 3205 2987 3258 τότε
3018 3208 3144 3267 τοὺς
3173 3204 3473 3273 προφήτας
3506 3199 3780 3268 ἐπιζητεῖτε

2237 3296 2312 3356 ὦν
2344 3301 2439 3355 νῦν
2473 3302 2757 3371 άμελεῖτε·
2804 3300 2899 3350 καὶ
2940 3298 3334 3368 ἐπιθυμοῦντες
3388 3293 3584 3365 μαθεῖν
3623 3290 3671 3343 εί
3689 3305 3782 3342 τινα

2245 3395 2548 3465 μεταϐολὴν
2589 3395 2683 3447 ἐπὶ
2727 3394 2789 3447 τὸ
2837 3396 3084 3465 κρεῖττον
3136 3391 3347 3455 δέξεται
3387 3388 3462 3441 τὰ
3500 3386 3620 3441 καθ’
3648 3386 3781 3454 ὑμᾶς.

2246 3506 2263 3537 ι
2304 3486 2705 3556 Σαλευθήσεται
2749 3486 2880 3557 γὰρ,
2925 3485 3079 3554 φησι,
3106 3484 3177 3536 τὰ
3203 3482 3373 3535 ὕδατα
3409 3480 3525 3534 ἀπὸ
3550 3478 3783 3544 θαλάσσης

2240 3578 2347 3641 ’έως
2410 3578 2710 3647 θαλάσσης,
2766 3579 2859 3631 καὶ
2890 3576 2998 3630 ἀπὸ
3032 3575 3202 3647 βορρᾶ
3233 3574 3339 3637 ἕως
3368 3570 3644 3626 ἀνατολῶν
3662 3584 3787 3637 περι-

2240 3672 2572 3742 δραμοῦνται
2626 3669 2915 3742 ζητοῦντες
2966 3670 3057 3722 τὸν
3085 3669 3241 3736 λόγον
3266 3667 3504 3738 Κυρίου,
3531 3664 3623 3716 καί⁸
3652 3660 3704 3713 οὐ
3729 3658 3786 3729 μὴ

2239 3763 2477 3833 εὕρωσιν
2505 3762 2691 3816 αὐτόν.
2723 3783 2741 3813 ι
2781 3764 2897 3815 Ἵνα
2923 3761 3050 3834 εἴπῃ
3082 3762 3164 3814 ὅτι
3188 3762 3298 3813 πᾶν
3320 3760 3381 3813 τὸ
3405 3758 3615 3827 πλῆθος
3647 3756 3788 3808 ἐκεῖνο

2241 3856 2335 3909 τοῦ
2389 3856 2607 3927 Ἰσραὴλ
2641 3856 2702 3909 τὸ
2730 3856 2956 3926 ἄπειρον
3015 3855 3275 3918 ποικίλως
3320 3850 3785 3923 διαταραχθήσεται

2241 3947 2582 4017 ἁπανταχοῦ,
2616 3948 2812 4017 ζητοῦν
2851 3948 2955 4001 ποῦ
2980 3966 3063 4011 τις
3083 3949 3371 4017 προφήτης
3404 3948 3655 4015 φανεῖται
3680 3942 3789 3994 κατὰ

2243 4041 2469 4109 γνώμην
2503 4037 2641 4093 Θεοῦ
2682 4040 2900 4110 μηνύων
2927 4042 3109 4103 αὐτοῖς
3142 4041 3211 4093 τὰ
3244 4041 3483 4110 ἐσόμενα
3503 4057 3515 4069 ⁸
3542 4034 3698 4106 οὗπερ
3719 4030 3789 4085 σῖν

2243 4134 2304 4186 οὐ
2334 4133 2612 4200 τεύξονται
2644 4134 2786 4186 τότε.
2816 4131 2970 4197 Εἶτα,
3015 4134 3200 4203 φησιν,
3230 4132 3661 4203 ἀφανισθήσεται
3689 4145 3793 4180 παν-

2242 4225 2413 4289 τελῶς
2437 4228 2545 4280 πᾶν
2568 4228 2596 4279 ὃ
2620 4244 2670 4279 τι
2693 4226 2977 4280 κάλλιστον
2994 4227 3121 4297 ὑμῖν
3140 4226 3386 4294 φαίνεται
3416 4225 3516 4277 νῦν
3545 4225 3634 4279 καὶ
3663 4237 3793 4273 σπου-

2244 4316 2343 4387 δῆς
2362 4316 2530 4381 ἄξιον.
2575 4317 2924 4370 Ἀπολοῦνται
2958 4319 3056 4388 μὲν
3077 4317 3185 4388 γάρ
3213 4320 3266 4370 αἱ
3310 4318 3450 4387 μετὰ
3486 4316 3679 4384 πολλῆς
3697 4316 3791 4364 91::-

2250 4410 2471 4479 μελείας
2500 4409 2596 4462 νῦν
2649 4409 3112 4480 παρθενευόμεναι
3159 4410 3289 4478 παρ’
3323 4411 3476 4474 ύμῖν,
3505 4405 3792 4460 ἀπολοῦνται

565 4493 937 4563 pellaverunt;
973 4493 1096 4547 ideo
1119 4504 1379 4549 corruerit
1420 4495 1578 4566 lapsu
1606 4511 1836 4565 prorsus
1871 4499 2132 4569 irrepara-

2246 4502 2302 4554 δὲ
2320 4502 2413 4554 καὶ
2440 4504 2487 4555 οἱ
2507 4503 2599 4554 ἐπὶ
2618 4502 2830 4573 νεότητι
2853 4502 3089 4572 μάλιστα
3120 4501 3553 4576 θαυμαζόμενοι·
3580 4499 3794 4553 πείσεσθε

566 4583 681 4637 bili.
720 4580 923 4636 Deinde
957 4582 1119 4635 aliam
1158 4584 1351 4637 recitat
1383 4586 1771 4641 revelationem
1807 4603 1821 4639 :

2246 4593 2303 4645 δὲ
2329 4594 2501 4646 ταῦτα
2527 4594 2669 4666 ὑπὲρ
2695 4594 2861 4657 τίνος;
2886 4594 2977 4646 «OE
3002 4594 3295 4663 ὀμνύοντες
3322 4595 3468 4647 κατὰ
3488 4595 3583 4647 τοῦ
3602 4588 3793 4659 ἱλασμοῦ

567 4674 899 4744 Σαμαρείας,
956 4676 1050 4729 καὶ
1100 4674 1351 4743 λέγοντες
1375 4693 1390 4708 ⁸
1417 4679 1491 4748 Ζῇ
1526 4680 1555 4732 ὁ
1587 4678 1707 4742 θεὸς
1736 4681 1864 4747 Δὰν,
1899 4682 1992 4736 καὶ
2037 4682 2103 4755 ζῇ
2144 4684 2173 4735 ὁ
2212 4684 2334 4749 θεός
2370 4704 2464 4739 σου
2508 4686 2781 4757 Βερσαὸέε
2803 4703 2817 4717 ο
2848 4687 2942 4740 καὶ
2974 4687 3299 4749 πεσοῦνται,
3345 4690 3443 4741 καὶ
3478 4690 3542 4741 ού
3591 4687 3663 4756 μὴ
3694 4686 3799 4738 ἀνα-

567 4770 766 4821 στῶσιν
794 4769 894 4823 ἔτι.
938 4788 955 4821 ι
988 4770 1159 4841 ’Υπὲρ
1185 4765 1260 4823 ὧν
1282 4772 1511 4840 ἀφέντες
1542 4773 1674 4829 Θεὸν
1702 4775 1792 4829 τὸν
1819 4776 1914 4829 τοῦ
1939 4778 2140 4842 παντὸς
2169 4780 2396 4852 Κύριον,
2426 4782 2494 4834 τὰ
2536 4783 2593 4833 ὲν
2630 4781 2915 4851 Σαμαρείᾳ
2953 4780 3145 4835 εἴδωλα
3178 4781 3510 4851 θεραπεύειν
3550 4778 3797 4832 ἔσπευδον.

564 4863 657 4914 καὶ
698 4860 872 4914 ταῦτα
918 4863 1142 4916 ἐκάλουν
1184 4866 1341 4931 θεούς
1366 4886 1382 4901 ο
1429 4869 1569 4940 ὑπὲρ
1606 4869 1812 4924 τούτων
1848 4872 2142 4928 πεσοῦνται
2178 4876 2380 4945 πτῶμα
2424 4876 2750 4947 ἀδιόρθωτον
2791 4876 3091 4939 παντελῶς.
3128 4873 3261 4929 Εἶτα
3301 4876 3467 4930 πάλιν
3495 4872 3804 4939 ἀποκάλυιξεν

561 4954 759 5028 ἑτέραν
790 4957 938 5026 λέγει
960 4976 974 4988 ⁸

1212 5054 1363 5109 CAP.
1406 5055 1496 5113 IX.

641 5138 799 5211 134
824 5139 990 5195 Vens.
1039 5144 1151 5198 1-5.
1189 5175 1259 5184 -
1312 5166 1331 5198 ι
1392 5148 1514 5203 Vidi
1564 5149 1850 5206 Dominum
1901 5162 2138 5208 stantem

565 5248 731 5302 super
762 5234 952 5287 altare.
1004 5233 1067 5290 Et
1111 5238 1248 5292 dixit
1284 5257 1297 5293 :
1332 5238 1567 5296 Percute
1613 5259 1780 5312 super
1822 5247 2144 5314 propitiato-

567 5323 731 5387 rium,
758 5332 812 5375 et
858 5327 1347 5383 commovebuntur
1387 5332 1681 5388 vestibula.
1728 5333 1793 5387 Et
1836 5335 1969 5389 dixit
2007 5355 2019 5389 :
2057 5338 2146 5389 ln-

568 5414 688 5466 cide
720 5413 772 5466 in
806 5416 985 5484 capita
1010 5418 1256 5472 omnium
1293 5440 1307 5474 :
1338 5429 1392 5475 et
1420 5423 1663 5492 reliquos
1694 5440 1760 5479 ex
1798 5425 1933 5495 ipsis
1967 5426 2147 5495 gladio

569 5505 835 5571 occidam,
886 5523 995 5561 non
1051 5509 1273 5579 elfugiet
1305 5529 1371 5568 ex
1422 5515 1522 5580 eis,
1559 5518 1653 5588 qui
1690 5517 1929 5588 fugerit:
1975 5536 2151 5589 neque

570 5597 871 5651 salvabitur
912 5614 979 5653 ex
1018 5602 1120 5665 eis,
1167 5607 1259 5671 qui
1312 5606 1605 5666 incolumis
1651 5613 1904 5668 evaserit.
1943 5632 1960 5663 ι
2002 5612 2147 5678 Vidi,

648 5770 694 5805 ⁵⁸
732 5774 859 5829 Use.
902 5778 1043 5834 Ill.‘.

2897 5060 3052 5112 ΚΕΦ.
3104 5058 3180 5111 Θ’.

2314 5156 2470 5223 Στ.χ.
2496 5150 2643 5222 αο-γι,
2675 5183 2742 5194 --
2783 5172 2800 5203 ι
2839 5148 2994 5207 Εἶδον
3046 5152 3136 5205 τὸν
3164 5151 3364 5221 Κύριον
3405 5151 3695 5224 ἐφεστῶτα

2244 5245 2338 5298 τοῦ
2369 5245 2755 5315 θυσιαστηρίου
2780 5263 2791 5274 ’
2820 5246 2915 5298 καὶ
2946 5241 3065 5297 εἷπε
3092 5261 3104 5273 ·
3138 5245 3383 5308 Πάταξον
3412 5246 3513 5298 ἐπὶ
3534 5244 3597 5297 τὺ
3629 5239 3810 5307 ἱλαστή-

2252 5356 2386 5409 ριον,
2413 5342 2489 5408 (p.
2532 5338 2661 5408 205)
2694 5339 2789 5392 καὶ
2818 5337 3160 5407 σεισθήσεται
3189 5340 3256 5390 τὰ
3283 5337 3544 5408 πρόπυλα
3566 5356 3581 5369 ο
3616 5334 3705 5390 καὶ
3728 5330 3811 5384 διὰ·

2251 5430 2417 5499 κόψον
2460 5433 2539 5494 είς
2571 5430 2814 5499 κεφαλάς
2862 5430 3102 5493 πάντων,
3146 5429 3239 5483 καὶ
3299 5431 3427 5492 τοὺς
3473 5428 3812 5483 καταλοξπονς

2251 5521 2430 5576 αὐτῶν
2486 5524 2542 5574 ἐν
2599 5522 2846 5591 ῥομφαίᾳ
2908 5520 3217 5572 ἀποκτενῶ·
3268 5521 3327 5572 ού
3374 5519 3452 5591 μὴ
3508 5520 3740 5587 διαφύγῃ
3769 5513 3813 5575 ἐξ

2251 5613 2433 5668 αὐτῶν
2468 5613 2705 5684 φεύγων,
2737 5613 2829 5667 καὶ
2863 5613 2923 5665 ού
2960 5612 3034 5684 μὴ
3068 5612 3214 5684 σωθῇ
3245 5613 3304 5680 ἐξ
3343 5612 3533 5667 αὐτῶν
3570 5603 3816 5670 avum?!-
