3954 6516
218 329 322 386 297

1239 325 1791 383 COMMENTARIUS
1828 324 1891 378 IN
1933 323 2141 380 AMOSI
2168 326 2321 382 CAP.
2361 326 2450 384 IX.

3371 327 3477 385 298

222 459 399 518 μενος.
439 461 458 493 ι
508 441 854 512 Ἐθεασάμην
891 438 1023 512 γάρ,
1081 441 1266 511 φησὶν,
1321 442 1532 495 ἑστῶτα
1561 442 1660 512 μὲν
1691 439 1798 511 πρὸ

1927 440 2104 508 nquit,
2157 447 2393 495 stantem
2441 457 2607 512 super
2657 442 2831 498 altare
2869 440 3075 507 Deum;
3125 453 3290 510 super
3339 439 3476 495 illud

217 532 310 586 τοῦ
341 530 727 601 θυσιαστηρίου
782 528 874 584 τὸν
899 529 1051 594 Θεὸν,
1082 528 1240 600 δῆλον
1262 532 1344 585 ὅτι
1371 531 1466 584 τοῦ
1503 534 1560 585 ἐν
1605 532 1802 602 ’ἱερου-

220 624 427 693 σαλήμ·
464 622 689 689 λέγοντα
748 621 806 676 δέ
859 639 947 692 μοι
999 620 1203 692 πλῆξαι
1247 623 1307 677 τὸ
1349 624 1680 695 ἱλαστήριον,
1713 623 1802 676 ἵνα

218 714 453 788 slum-:6
497 714 920 784 θυσιαστήριον
957 713 1271 784 ἱλαστήριον
1317 716 1428 787 γὰρ
1470 716 1602 770 αὐτὸ
1649 715 1803 770 καλεῖ

217 808 296 870 ὡς
342 807 436 859 ἐπὶ
489 807 736 876 ἱλασμοῖς
763 804 872 858 τῶν
922 804 1125 858 θυσιῶν
1162 807 1622 877 προσαγομένων·
1652 807 1711 859 ἐν
1743 806 1802 859 δὲ

216 900 296 970 τῷ
331 899 688 968 κελευσθῆναι
722 896 962 963 πατάξαι
1003 897 1094 950 τὸν
1119 898 1428 969 προφήτην,
1461 902 1686 970 σημεῖον
1706 895 1800 951 τοῦ

219 989 598 1061 πληγήσεσθαι
626 1005 687 1042 τε
741 989 873 1043 αὐτὸ
902 989 993 1042 καὶ
1025 988 1336 1043 πείσεσθαι.
1381 990 1606 1058 Ἐπάγει
1632 988 1765 1060 γοῦν
1785 1006 1801 1020 ο

223 1102 241 1133 ι
277 1083 387 1134 Καὶ
411 1081 838 1150 σεισθήσεταιτά
862 1080 1115 1150 πρόπυλα
1133 1097 1146 1110 ⁸
1184 1100 1202 1131 ι
1227 1081 1312 1134 ἵνα
1334 1083 1398 1135 ἐκ
1427 1082 1628 1153 μέρους
1649 1082 1800 1155 εἴπῃ,

219 1176 300 1228 ὅτι
347 1174 492 1236 ἄπας
541 1174 569 1224 ὀ
619 1172 746 1236 ναὸς
803 1172 1286 1244 διασαλευθήσεται
1330 1173 1446 1243 ἅμα
1489 1176 1555 1244 τῇ
1618 1172 1798 1243 πληγῇ

218 1263 393 1336 ταύτῃ
413 1277 425 1291 ⁸
458 1261 688 1333 ἐπείπερ
712 1262 926 1332 ἀνάγκη
956 1257 1024 1333 ἦν
1053 1266 1328 1316 κοινωνεῖν
1347 1263 1446 1334 τῆς
1478 1263 1683 1335 βλάϐης
1705 1262 1800 1316 τοῦ

219 1355 608 1427 θυσιαστηρίου
627 1354 719 1406 τὸν
748 1351 895 1408 οἷκον
926 1354 1064 1408 ὅλον.
1101 1355 1315 1426 Σημεῖά
1339 1373 1422 1420 τε,
1452 1355 1802 1427 φησὶν,ἐνθες

219 1447 340 1500 τινὰ
380 1449 501 1509 ταῖς
548 1445 804 1500 ἁπάντων
837 1445 1126 1514 κεφαλαῖς,
1157 1445 1233 1510 ὡς
1279 1446 1346 1500 ἂν
1378 1446 1462 1516 εἴη
1511 1445 1802 1517 γνώρισμα

219 1539 311 1591 τοῦ
335 1535 586 1591 ἐντεῦθεν
610 1536 710 1608 ήδη
735 1536 1217 1607 κατασεημάνθαι
1243 1538 1476 1601 πάντας,
1517 1539 1592 1601 ὡς
1621 1555 1802 1609 παρα-

219 1629 610 1700 δοθησομένους
670 1629 768 1698 μὲν
815 1630 882 1698 τῇ
919 1628 1186 1700 ἀπωλείᾳ,
1209 1628 1418 1692 οὐδενὸς
1440 1628 1496 1681 δὲ
1519 1628 1799 1697 διαφευξοο

222 1719 387 1790 μένου
408 1719 503 1771 τὸν
551 1717 794 1771 κίνδυνον
827 1719 1053 1770 ἐκεῖνον.
1099 1716 1188 1780 Ὠς
1221 1719 1329 1789 γάρ
1359 1719 1418 1770 ἐν
1441 1721 1507 1788 τῇ
1538 1719 1800 1791 Αἰγύπτῳ

1901 530 2153 586 videlicet
2198 533 2343 600 quod
2399 531 2795 606 Hierosolymis
2829 540 2983 600 erat;
3027 539 3082 587 et
3127 529 3478 587 mandantem

1902 621 2035 676 mihi
2070 629 2126 676 ut
2159 623 2600 693 propitiatorium
2624 633 2987 695 percuterem,
3019 623 3163 695 quod
3193 639 3291 694 pro
3320 625 3476 678 altari

1901 712 2066 782 dicit;
2105 716 2544 786 propitiatorium
2594 733 2791 788 nempe
2846 718 3198 788 appellatum,
3230 716 3359 787 quia
3403 715 3478 770 ibi

1902 807 2173 862 sacrificia
2218 809 2419 864 fiebant
2474 809 2542 865 ad
2595 811 3026 881 propitiandum.
3084 808 3243 877 Quod
3295 817 3478 864 autem

1898 899 2128 969 jubetur
2177 901 2444 971 propheta
2500 901 2628 955 illud
2689 910 2996 972 percutere,
3048 900 3312 956 indicium
3361 907 3481 955 erat

1904 990 2020 1045 fore
2047 999 2107 1044 ut
2138 1007 2329 1062 reapse
2359 1000 2747 1063 percuteretur
2771 1001 2826 1048 et
2851 994 3087 1049 caderet.
3113 993 3279 1048 Addit
3302 1007 3433 1063 ergo
3463 1012 3478 1048 :

1909 1094 1928 1127 ι
1955 1074 2019 1132 Et
2034 1079 2819 1146 commovebunturveStibula,
2845 1104 2861 1135 ι
2897 1091 2955 1137 ιιι
2993 1083 3276 1138 nominata
3328 1093 3482 1151 parte

1903 1169 2053 1225 dicat
2082 1178 2257 1226 totum
2298 1174 2558 1244 templum
2609 1183 2930 1244 quassatum
2979 1174 3046 1228 iri
3103 1173 3204 1227 hac
3252 1189 3481 1243 percus-

1903 1261 2060 1316 sione
2096 1278 2111 1317 :
2147 1277 2375 1317 necesse
2408 1264 2553 1319 enim
2597 1273 2718 1320 erat
2762 1276 2818 1321 ut
2861 1265 3052 1320 altaris
3094 1264 3482 1320 detrimentum

1903 1353 2166 1410 universo
2212 1357 2414 1426 templo
2445 1372 2734 1413 commune
2761 1358 2934 1414 fieret.
2972 1358 3038 1413 Et
3066 1359 3246 1429 signa,
3284 1357 3482 1427 inquit,

1903 1445 1958 1499 in
2005 1444 2252 1500 omnium
2307 1447 2581 1517 capitibus
2629 1464 2790 1518 pone,
2840 1459 2900 1504 ut
2949 1449 3150 1504 indicia
3199 1448 3328 1509 sint.
3369 1448 3483 1517 jam

1905 1536 2106 1592 abhinc
2139 1553 2332 1593 omnes
2367 1539 2613 1609 signatos
2659 1555 2802 1605 esse,
2860 1549 2916 1595 ut
2959 1542 3127 1595 exitio
3172 1540 3484 1603 tradantur,

1904 1630 2035 1700 quin
2070 1631 2372 1699 periculum
2403 1631 2538 1685 illud
2563 1631 2854 1701 quisquam
2881 1633 3126 1703 eli‘ugiat.
3161 1633 3317 1687 Sicut
3339 1631 3484 1686 enim

1905 1721 1962 1776 in
1995 1721 2232 1792 Egypto
2263 1722 2478 1792 signum
2505 1721 2650 1778 Deus
2682 1723 2829 1778 dedit
2877 1724 3200 1794 sanguinem
3236 1724 3486 1793 postibus

220 1810 448 1879 σημεῖον
477 1807 673 1859 δέδωκε
727 1805 788 1860 τὸ
833 1807 924 1859 ἐπὶ
949 1805 1058 1859 τῶν
1100 1806 1269 1875 φλιῶν
1295 1806 1391 1860 τοῦ
1427 1808 1677 1878 αἵματος,
1726 1811 1804 1872 εἱς

1919 1813 2196 1868 iomorum
2246 1813 2465 1878 illitum,
2512 1814 2583 1869 ob
2627 1814 3046 1886 distinguendos
3082 1818 3204 1872 neci
3239 1817 3484 1872 addictos

217 1898 494 1970 διάκρισιν
515 1897 623 1950 τῶν
649 1914 710 1950 τε
747 1895 1136 1966 ἀπολλυμένων
1184 1899 1278 1950 καὶ
1301 1899 1410 1952 τῶν
1444 1898 1766 1969 σωζομένων
1788 1918 1800 1932 ο

217 1991 396 2052 οὕτως
425 1988 659 2042 ἐνταῦθα
699 1989 909 2043 κελεύει
941 1993 1164 2060 σημεῖον
1194 1991 1357 2044 αὐτόν
1377 2010 1429 2044 τι
1463 1992 1556 2045 ἐπὶ
1585 1993 1683 2064 τῆς
1710 2012 1804 2048 κεο

219 2083 398 2153 φαλῆς
423 2083 521 2152 τῆς
549 2083 807 2137 ἁπάντων
833 2084 1057 2153 ποιῆσαι
1076 2084 1216 2136 κατά
1229 2083 1295 2155 τὴ
1303 2101 1326 2136 ν
1344 2083 1690 2154 ἀποκάλυψιν
1707 2086 1805 2158 τὴν

220 2175 395 2238 θείαν,
435 2177 514 2239 εἱς
536 2175 812 2239 ἀπόδειξιν
867 2174 960 2228 τοῦ
1013 2176 1223 2242 πάντας
1282 2178 1680 2249 παραδεδόσθαι
1729 2178 1808 2250 τῷ

219 2269 438 2338 θανάτῳ
457 2283 470 2297 θ
496 2267 570 2338 (p.
624 2267 753 2337 204)
784 2263 954 2340 οὗπερ
980 2269 1118 2340 πρὸς
1160 2269 1449 2340 βεϐαίωσιν
1483 2272 1700 2341 ἐπάγει,
1725 2273 1808 2326 ὃτι

219 2359 342 2414 Κᾶν
396 2361 476 2422 εἱς
535 2359 625 2413 τὸν
687 2359 820 2431 ᾅδην
868 2361 1303 2432 κατενεχθῶσιν,
1349 2363 1557 2417 ἐκεῖθεν
1613 2363 1808 2428 αὐτοὺς

219 2451 438 2506 ἀνέλκω
463 2469 477 2483 ·
506 2450 607 2504 κᾶν
636 2454 716 2516 εἰς
745 2453 836 2505 τὸν
861 2453 1086 2524 οὐρανὸν
1111 2455 1427 2521 ἀνέλθωσιν,
1465 2456 1584 2510 ἐκεῖ
1607 2457 1809 2520 αὐτοὺς

222 2545 456 2612 κατάγω
480 2559 494 2572 ·
532 2543 636 2597 κᾶν
663 2546 742 2607 είς
765 2545 862 2607 τὰς
885 2545 1156 2610 διαδύσεις
1172 2547 1418 2619 κρυϐῶσι
1450 2548 1544 2602 τοῦ
1570 2550 1808 2620 Καρμή-

219 2635 312 2688 λου
339 2636 450 2698 (ἵνα
502 2635 630 2706 εἴπῃ
677 2635 784 2689 τῶν
816 2636 978 2706 ὀρῶν,
1012 2640 1076 2691 ἐκ
1126 2639 1326 2710 μέρους
1351 2638 1525 2707 λέγων
1551 2640 1614 2692 τὸ
1644 2640 1806 2708 πᾶν),

221 2727 550 2798 ἀνιχνεύσας
593 2729 791 2792 αὐτοὺς
848 2729 1056 2792 πάντας
1099 2730 1498 2802 παραδώσωτῇ
1530 2731 1811 2802 αἰχμαλω-

224 2819 316 2891 σίᾳ
335 2835 352 2849 ·
396 2822 500 2874 κᾶν
530 2821 621 2873 ἐπὶ
659 2819 721 2873 τὸ
751 2820 911 2890 βάθος
946 2821 1227 2876 ἀπέλθωσι
1257 2823 1356 2893 τῆς
1385 2822 1686 2892 θαλάσσης,
1722 2821 1813 2876 διὰ

223 2913 335 2966 τῶν
367 2913 574 2967 ἐκεῖθεν
604 2914 800 2977 αὐτοὺς
815 2914 1000 2968 ἀπολῶ
1030 2914 1264 2985 θηρίων
1299 2913 1394 2968 καὶ
1428 2914 1569 2985 μετά
1592 2915 1651 2967 τὸ
1675 2913 1811 2984 πλῆο

226 3007 321 3069 θος
345 3006 405 3060 δὲ
423 3005 532 3058 τῶν
562 3005 749 3060 κακῶν
773 2999 847 3060 ὧν
869 3006 1146 3060 πείσονται
1179 3006 1380 3070 πάντες
1413 3008 1493 3068 εἱς
1533 3005 1816 3076 αἰχμαλω-

227 3103 353 3155 σίαν
402 3097 759 3168 ἀπαχθέντες,
808 3100 924 3151 ἐκεῖ
979 3099 1116 3152 κατὰ
1157 3097 1253 3169 τὴν
1296 3097 1514 3168 ἐντολὴν
1544 3097 1643 3166 τὴν
1675 3095 1815 3168 ἐμὴν
1841 3135 1887 3195 c

226 3192 561 3248 ἀπολοῦνται
589 3189 662 3252 ὼς
702 3189 847 3253 εἰκός
869 3206 882 3219 ·
907 3185 989 3253 οἷς
1021 3189 1216 3259 ἐπάγει
1241 3205 1255 3221 ο

300 3377 451 3449 Στὶχ.
468 3374 615 3440 δ’--ς’⁸
634 3402 700 3414 --
726 3394 742 3425 ι
767 3374 876 3427 Καὶ
904 3371 1109 3444 στηριῶ
1123 3371 1250 3434 τοὺς
1275 3369 1587 3440 ὀφθαλμούς
1608 3387 1708 3440 μου
1737 3369 1818 3432 εἱς

229 3471 405 3531 κακά.
441 3471 535 3524 καὶ
559 3469 658 3521 οὐκ
674 3470 752 3530 εἰς
775 3465 973 3534 ἀγαθά.
1005 3485 1022 3517 ›
1058 3466 1204 3518 Ἀντὶ
1231 3464 1348 3530 τοῦ,
1373 3464 1645 3534 Ἑπιμενῶ
1660 3481 1823 3538 προσ-

227 3557 372 3627 έχων
389 3556 573 3617 αὐτοῖς
594 3593 610 3620 ,
636 3561 734 3630 οὐχ
749 3557 888 3610 ὥστε
899 3557 1044 3620 τινὸς
1059 3556 1242 3618 αὐτοῖς
1258 3553 1461 3623 ἀγαθοῦ
1476 3552 1816 3624 μεταδοῦναι,

227 3654 351 3707 ἀλλ’
381 3653 522 3706 ὥστε
544 3652 622 3713 εἱς
641 3650 900 3703 παντοίαν
924 3649 1120 3711 αὐτοὺς
1144 3645 1481 3716 καταστῆσαι
1503 3648 1697 3716 πεῖραν
1718 3662 1819 3699 κα·

229 3746 372 3800 κῶν·
390 3739 952 3812 ἐπειδήπερτοιούτων
975 3739 1198 3801 ἑαυτοὺς
1217 3736 1400 3803 ἀξίους
1414 3736 1502 3790 διά
1519 3735 1627 3788 τῶν
1646 3735 1821 3806 έργων

229 3835 526 3904 ἀπέφηναν
553 3831 664 3884 τῶν
699 3831 936 3884 οἰκείων.
973 3830 1128 3882 Ἐστι
1159 3827 1287 3896 γὰρ,
1324 3827 1478 3897 φησὶ,
1512 3826 1643 3889 Θεὸς
1671 3829 1699 3878 ὁ
1725 3825 1820 3880 τοῦ

231 3924 441 3986 παντὸς
459 3922 684 3992 ποιητής
703 3938 758 3972 τε
771 3921 864 3973 καὶ
882 3918 1104 3988 Κύριος,
1118 3917 1173 3979 ὃς
1194 3917 1411 3970 ἅπασαν
1431 3916 1526 3986 μὲν
1542 3915 1824 3986 αὐτάρκης

234 4012 503 4069 σαλεῦσαι
523 4013 622 4081 τὴν
660 4011 766 4079 γῆν
793 4009 880 4062 διὰ
909 4008 1076 4079 μόνης
1109 4009 1251 4076 ἁφῆς
1270 4024 1283 4036 ·
1315 4005 1373 4058 τὸ
1420 4006 1552 4060 αὐτὸ
1583 4007 1639 4059 δὲ
1666 4006 1824 4060 τοῦτο

232 4108 334 4161 καὶ
346 4107 447 4176 τῆς
462 4107 566 4175 γῆς
581 4104 873 4176 ἐργάσεται
891 4099 1394 4168 ταύτης,ἀποφάσει
1411 4099 1515 4151 τινὶ
1533 4100 1711 4152 πᾶσαν
1722 4101 1790 4152 αὑ
1800 4128 1823 4141 -

232 4201 338 4270 τὴν
371 4197 612 4251 σαλεύων
646 4193 902 4265 καὶπρὸς
928 4192 1161 4263 ἐρημίαν
1190 4190 1390 4261 πολλὴν
1429 4189 1710 4253 καθιστὰς,
1750 4191 1825 4253 ὡς

234 4288 431 4342 πένθει
471 4286 679 4348 πάντας
716 4283 1115 4352 κατασχεθῆναι
1150 4281 1275 4343 τοὺς
1311 4278 1591 4342 οἰκοῦντας
1624 4281 1822 4351 αὐτήνο

235 4381 434 4451 ἐπειδὴ
481 4378 634 4447 δίκην
681 4376 774 4429 τοῦ
821 4374 940 4428 κατ’
982 4375 1254 4443 Αἴγυπτον
1302 4371 1546 4444 ποταμοῦ
1582 4371 1826 4426 ἐπελθὼν

1905 1920 1936 1959 a
1975 1905 2288 1961 salvandis:
2325 1905 2400 1960 ita
2445 1921 2590 1961 nunc
2623 1907 2848 1962 mandat
2880 1910 3156 1978 prophetat
3185 1917 3244 1964 ut
3269 1911 3484 1981 signum

1904 1996 2181 2067 quoddam
2213 1999 2268 2051 in
2303 1998 2483 2068 capite
2526 1999 2771 2053 omnium
2826 2001 3125 2070 imprimat,
3160 2001 3318 2071 juxta
3343 2002 3488 2057 divi—

1905 2105 2032 2143 nam
2084 2090 2491 2155 revelatiouem,
2547 2097 2607 2144 ut
2653 2100 2886 2146 cunctos
2919 2093 3080 2146 morti
3121 2094 3383 2148 traditum
3419 2094 3487 2148 iri

1907 2182 2264 2237 demonstret.
2312 2181 2470 2247 Quod
2525 2190 2586 2236 ut
2638 2182 2946 2247 conﬁrmet,
2998 2183 3150 2238 addit
3198 2203 3213 2240 :
3261 2184 3489 2242 Etiamsi

1909 2290 2087 2344 usque
2103 2275 2168 2329 ad
2201 2273 2478 2330 infernum
2503 2275 2915 2338 descenderint,
2935 2274 3064 2331 inde
3085 2291 3182 2331 eos
3209 2276 3438 2332 educam
3472 2299 3487 2332 :

1909 2372 1962 2420 et
2013 2364 2060 2418 si
2106 2365 2458 2420 ascenderint
2493 2380 2670 2434 usque
2701 2366 2757 2419 in
2808 2365 3031 2431 coelum,
3087 2365 3215 2421 inde
3264 2382 3360 2424 eos
3395 2368 3494 2423 de-

1912 2457 2127 2511 traham
2165 2477 2178 2511 ;
2215 2465 2269 2511 et
2313 2457 2360 2512 si
2414 2458 2469 2512 in
2513 2458 2766 2512 cavernis
2801 2459 3212 2514 abscondantur
3253 2458 3489 2517 Carmeli

1914 2550 1988 2620 (id
2016 2557 2100 2606 est
2141 2551 2430 2616 montium,
2475 2560 2682 2621 partem
2734 2551 2924 2607 dicens
2956 2568 3056 2622 pro
3087 2551 3490 2619 universitate),

1913 2658 2015 2714 ego
2048 2659 2145 2698 eos
2177 2644 2458 2714 vestigans
2507 2643 2809 2714 captivitati
2853 2644 3105 2711 tradam;
3134 2654 3189 2699 et
3225 2645 3272 2700 si
3307 2645 3358 2699 in
3384 2662 3496 2699 ma-

1910 2735 1991 2790 ris
2038 2735 2462 2805 profunditatem
2519 2737 2790 2797 abierint,
2835 2737 3029 2791 belluis
3080 2737 3154 2792 ibi
3195 2737 3494 2793 latentibus

1918 2827 2075 2898 135
2120 2844 2462 2884 consumam.
2517 2828 2586 2884 Et
2634 2840 2759 2899 post
2807 2837 2887 2882 tot
2940 2844 3061 2900 qua:
3102 2829 3251 2899 passi
3292 2827 3497 2885 fuerint

1916 2919 2078 2984 mala,
2117 2919 2400 2973 turmatim
2457 2935 2650 2976 omnes
2705 2921 2759 2974 in
2819 2921 3191 2989 captivitatem
3247 2919 3494 2986 abducti,

1918 3008 2032 3064 illic
2061 3024 2184 3064 meo
2206 3008 2368 3080 jussu
2403 3010 2600 3065 merito
2639 3010 2916 3080 peribunt.
2945 3008 3042 3064 llis
3077 3009 3266 3064 addit:

1995 3380 2158 3436 νεεδ.
2201 3381 2318 3436 4-6.
2386 3381 2497 3435 (Et
2547 3382 2847 3436 obfirmabo
2892 3383 3084 3438 oculos
3131 3398 3287 3438 meos
3329 3398 3498 3452 super

1921 3474 2044 3528 illos
2075 3473 2129 3527 in
2160 3473 2324 3537 mala,
2349 3480 2402 3527 et
2432 3489 2541 3527 non
2577 3472 2631 3526 in
2666 3475 2824 3528 bona.
2857 3493 2874 3525 ι
2905 3473 3012 3527 Pro
3045 3487 3116 3527 eo
3148 3487 3213 3527 ac
3247 3473 3293 3528 si
3314 3472 3494 3530 dicat:

1920 3562 2288 3621 Perseverabo
2309 3565 2420 3620 illis
2455 3565 2684 3630 instare,
2738 3581 2839 3619 nec
2877 3564 3001 3619 boni
3043 3564 3250 3634 aliquid
3297 3565 3500 3633 imper-

1921 3657 2048 3721 tiar,
2065 3657 2160 3711 sed
2189 3671 2284 3711 eos
2313 3671 2474 3711 omne
2495 3657 2760 3711 malorum
2799 3672 2972 3728 genus
2998 3655 3196 3712 faciam
3218 3656 3452 3724 experiri
3482 3673 3499 3721 ;

1922 3749 2365 3818 quandoquidem
2437 3749 2633 3803 horum
2688 3765 2747 3803 se
2813 3750 3012 3820 dignos
3077 3747 3334 3818 operibus
3384 3750 3501 3804 suis

1923 3840 2373 3907 comprobarunt.
2411 3840 2508 3894 Est
2537 3840 2683 3895 enim
2725 3839 2867 3895 Deus
2913 3849 3128 3894 creator
3156 3841 3400 3894 omnium
3438 3855 3503 3894 ac

1925 3930 2209 3992 Dominus,
2238 3930 2331 4000 qui
2362 3930 2676 3985 universum
2701 3939 2878 3998 potest
2896 3930 2976 3984 vel
3008 3930 3124 3984 solo
3160 3938 3306 3984 tactu
3330 3946 3498 4000 quas-

1926 4036 2048 4077 sare
2077 4019 2262 4074 orbem
2294 4028 2589 4076 terrarum.
2622 4022 2799 4089 Atque
2834 4021 2935 4074 hoc
2958 4021 3098 4074 idem
3124 4021 3251 4075 huic
3279 4036 3497 4092 quoque

1928 4111 2136 4182 regioni
2163 4109 2348 4174 faciet,
2397 4111 2620 4164 decreto
2654 4110 2892 4179 quodam
2933 4119 3100 4164 totam
3143 4113 3492 4173 concutiens,

1927 4214 2090 4273 atque
2119 4203 2174 4256 in
2214 4211 2425 4256 vastam
2453 4202 2811 4257 solitudinem
2848 4203 3127 4272 redigens,
3185 4204 3258 4258 ita
3289 4211 3347 4257 ut
3374 4203 3496 4272 ejus

1929 4297 2122 4350 incola:
2145 4309 2339 4348 omnes
2371 4294 2521 4348 luctu
2551 4293 2937 4361 corripiantur.
2973 4294 3106 4348 Nam
3140 4295 3316 4350 instar
3351 4294 3502 4351 ﬂuvii

1932 4387 2264 4459 Egyptiaci,
2297 4386 2561 4440 invadens
2589 4400 2684 4440 eos
2723 4386 2917 4447 hostis,
2941 4388 3149 4442 multos
3185 4388 3500 4454 interficiat,

237 4474 432 4534 αὐτοῖς
449 4473 478 4524 ὁ
504 4469 762 4539 πολέμιος
800 4467 1025 4530 πολλοὺς
1057 4467 1265 4531 ἀνελεῖ,
1286 4467 1380 4520 καὶ
1402 4465 1726 4537 παρασύρας
1749 4467 1816 4527 εἰς

1934 4490 1984 4537 et
2021 4480 2264 4549 reliquos
2326 4478 2376 4531 vi
2431 4477 2754 4547 pertrahens
2792 4477 2847 4537 in
2887 4480 3257 4547 captivitatem
3303 4481 3503 4552 abiget.

237 4567 348 4636 τὴν
368 4561 744 4634 αἰχμαλωσίαν
759 4560 958 4623 ἀπάξει
979 4561 1107 4623 τοὺς
1121 4558 1359 4622 λοιπούςο
1382 4555 1594 4630 (ρ,205)
1620 4553 1739 4610 εἶτα
1751 4559 1829 4622 εἰς

241 4657 545 4727 βεϐαίωσιν
574 4653 682 4708 τῶν
716 4651 1043 4723 εἰρημένων,
1074 4669 1093 4703 ι
1127 4652 1187 4704 '0
1210 4649 1505 4720 οικοδομῶν
1522 4650 1602 4713 εἱς
1626 4648 1719 4702 τὸν
1744 4649 1833 4701 ού-

244 4750 414 4820 ρανδν
438 4747 536 4818 τὴν
561 4745 826 4799 ἀνάϐασιν
858 4743 1047 4806 αὐτοῦ,
1065 4741 1158 4796 καὶ
1188 4742 1288 4813 τὴν
1316 4740 1648 4809 ἐπαγγελίαν
1668 4738 1832 4792 αὑτοῦ

241 4843 344 4896 ἐπὶ
371 4841 468 4911 τῆς
498 4839 600 4908 γῆς
623 4835 907 4909 θεμελιῶν.
935 4853 954 4888 ι
982 4827 1171 4898 Οὗτος,
1206 4835 1390 4906 φησὶν,
1413 4835 1443 4888 ὁ
1478 4835 1707 4887 πάντοτε
1737 4831 1835 4901 μὲν

240 4939 306 4989 ἐν
333 4933 554 5006 οὐρανῷ
583 4931 951 5002 δεικνύμενος,
997 4921 1168 5000 οὗπερ
1197 4928 1369 4982 ἄνεισι
1397 4944 1458 4980 τε
1495 4925 1582 4980 ἀεὶ
1621 4926 1717 4980 καὶ
1759 4924 1834 4977 διο

243 5030 400 5097 ἀγει,
421 5026 640 5079 πάντων
661 5025 762 5077 ὐπε
771 5022 1079 5094 ρκεὶμενος,
1093 5021 1310 5075 ἅπαντα
1319 5019 1376 5072 δὲ
1393 5018 1626 5089 βεϐαιῶν
1639 5017 1838 5070 ὁπόσα-

244 5137 366 5190 περ
389 5117 455 5171 ἂν
486 5117 579 5170 ἐπὶ
608 5117 712 5186 γῆς
749 5117 922 5168 ποιεῖν
955 5111 1360 5183 ἐπαγγέλληται
1395 5111 1613 5174 πάντως
1632 5128 1646 5142 ο
1686 5103 1838 5173 οὗτος

243 5214 275 5265 ὀ
309 5209 380 5264 τὸ
413 5209 510 5280 μὲν
543 5208 687 5279 ὕδωρ
733 5207 834 5277 τῆς
877 5205 1154 5275 θαλάσσης
1182 5203 1474 5275 λαμδάνων
1519 5218 1580 5255 τε
1625 5201 1720 5254 καὶ
1747 5201 1840 5253 ἐπὶ

244 5307 364 5375 γῆς
392 5303 598 5372 ἐκχέων
633 5301 848 5369 ἀπάσης
874 5315 890 5329 ο
941 5297 1004 5350 τὸ
1038 5296 1168 5350 αὐτὸ
1208 5297 1266 5350 δέ
1316 5297 1413 5350 καὶ
1449 5294 1544 5348 νῦν
1575 5295 1841 5366 διαπρατ-

243 5397 504 5466 τόμενος,
536 5393 597 5448 τὸ
628 5393 721 5446 τὸν
766 5391 1050 5463 Ἀσσύριον
1099 5389 1342 5459 θαλάσσῃ
1379 5387 1732 5459 προσεοικότα
1765 5386 1841 5458 τῷ

248 5481 453 5553 πλήθει
498 5482 798 5549 ἐπαγαγεῖν
848 5481 915 5549 τῇ
966 5481 1038 5549 γῇ
1089 5480 1154 5549 τῇ
1190 5477 1464 5549 ὑμετέρᾳ·
1519 5477 1694 5531 ταῦτα
1733 5476 1842 5548 γάρ

248 5573 394 5644 ἔργα
422 5571 559 5624 Θεοῦ
600 5569 697 5624 τοῦ
729 5570 945 5624 πάντων
975 5568 1184 5640 Κυρίου
1215 5585 1276 5622 τε
1309 5569 1402 5621 καὶ
1429 5569 1653 5639 ποιητοῦ
1678 5585 1692 5600 ⁸
1725 5564 1844 5622 εἶτα

252 5664 584 5735 βουλόμενος
610 5663 711 5734 τὴν
739 5660 1135 5733 ἀγνωμοσύνην
1170 5659 1350 5714 αὐτῶν
1378 5663 1442 5713 ἐκ
1470 5661 1568 5732 τῆς
1592 5662 1718 5733 περὶ
1743 5660 1841 5714 αὖ·

249 5757 384 5819 τοὺς
417 5754 683 5819 ἐπιδεῖξαι
714 5753 940 5824 γνώμης
970 5751 1063 5805 τοῦ
1088 5752 1245 5818 Θεοῦ,
1279 5752 1493 5820 ἐπάγει·

546 5850 817 5909 Parnm.
858 5849 976 5906 (in.
1022 5845 1220 5906 LXVI.

1935 4570 2070 4626 Tum
2129 4567 2277 4623 dicta
2347 4567 2686 4622 confirmans
2719 4585 2732 4621 :
2770 4567 2914 4633 «Qui
2964 4569 3196 4624 aedificat
3246 4571 3300 4626 in
3369 4574 3508 4627 caelo

1933 4663 2312 4719 ascensionem
2348 4675 2528 4722 suam,
2583 4668 2638 4713 et
2678 4661 3096 4729 promissionem
3138 4678 3292 4718 suam
3345 4679 3511 4733 super

1935 4761 2135 4809 terram
2189 4751 2446 4808 fundat.»
2503 4749 2623 4815 Hic,
2671 4751 2766 4814 ait,
2797 4752 2890 4821 qui
2940 4767 3157 4822 semper
3185 4753 3240 4808 in
3283 4755 3425 4808 coelo
3453 4770 3514 4809 se

1936 4840 2200 4905 ostendit,
2239 4854 2348 4910 quo
2377 4837 2628 4895 ascendit
2656 4839 2847 4910 ibique
2877 4841 3046 4913 degit,
3067 4843 3284 4897 cunctis
3317 4859 3510 4913 super-

1937 4933 2208 5000 eminens,
2260 4931 2445 4987 omnia
2485 4931 2821 4987 contlrmans
2853 4949 3201 5004 quaecunque
3255 4935 3310 4989 in
3365 4943 3513 4991 terra

1940 5042 1999 5081 se
2046 5025 2271 5080 omnino
2309 5023 2587 5078 facturum
2634 5026 2954 5095 promiserit
2991 5044 3004 5080 :
3041 5026 3131 5081 hic
3170 5027 3263 5097 qui
3318 5042 3516 5098 aquam

1940 5117 2007 5172 de
2042 5117 2179 5170 mari
2210 5116 2427 5170 extollit
2460 5123 2514 5169 et
2550 5117 2602 5170 in
2639 5117 2959 5172 universam
2997 5125 3198 5173 terram
3234 5116 3462 5173 effundit
3501 5137 3513 5172 :

1941 5207 2083 5262 idem
2123 5223 2270 5261 nunc
2304 5223 2522 5278 quoque
2555 5208 2688 5279 agit,
2723 5207 2852 5263 dum
2898 5207 3211 5280 Assyrium,
3267 5208 3519 5263 multituo

1941 5299 2068 5354 dine
2099 5314 2197 5354 sua
2237 5315 2387 5356 mare
2425 5309 2803 5371 exaequantem
2853 5300 2907 5355 in
2956 5302 3232 5371 regionem
3280 5307 3518 5355 vestram

1943 5391 2210 5447 immittit.
2266 5391 2406 5447 Sunt
2433 5393 2580 5448 enim
2631 5393 2746 5447 haec
2779 5391 2872 5448 Dei
2921 5408 3084 5463 opera
3127 5391 3343 5447 Domini
3395 5391 3520 5446 uni»

1956 5479 2190 5533 versalis
2231 5487 2286 5535 et
2327 5481 2612 5536 creatoris.
2632 5479 2926 5552 Deinceps,
2952 5489 3011 5535 ut
3039 5497 3104 5537 ex
3141 5482 3243 5536 hac
3271 5479 3364 5536 Dei
3389 5496 3518 5537 sen-

1949 5570 2119 5626 tentia
2162 5571 2475 5628 vecordiam
2512 5570 2884 5628 lsraelitarum
2909 5583 3194 5644 coarguat,
3224 5573 3410 5628 addit:

3127 5852 3200 5912 10
