3954 6528
517 318 623 374 ἓῦῧ

1707 313 2061 373 THEODOBI
2088 313 2577 374 MOPSUESTENI
3643 332 3725 388 suo

587 430 757 487 Vens.
799 430 851 485 7.
888 460 952 470 -—
987 446 1006 481 ι
1036 426 1300 499 Nunquid
1351 439 1409 483 ut
1459 426 1556 484 lilii
1610 426 1932 500 Ethiopum
1984 443 2074 485 vos

2257 429 2406 501 Στίχ.
2438 430 2503 497 ζ’.
2538 461 2606 473 --
2666 449 2684 483 ι
2708 431 2818 501 Οὐχ
2853 434 2933 498 ᾤς
2982 432 3087 486 υἱοὶ
3116 433 3389 488 Αίθιόπων
3439 434 3585 505 ὑμεῖς
3626 445 3726 501 ἐστὶ

516 526 653 581 estis
679 522 943 589 mihi,lllii
970 520 1225 577 lsraelis?
1248 538 1268 573 ι
1308 518 1450 575 Num
1482 520 1690 578 similes
1713 521 1840 577 filiis
1869 520 2089 576 Ethio-

520 633 645 683 pum
680 616 823 687 apud
863 629 949 670 me
980 628 1078 670 vos
1105 612 1418 681 constitui;
1469 614 1676 685 quibus
1714 628 1817 685 ego
1868 614 2089 683 quidem

519 709 651 764 nihil
682 707 957 778 peculiare
973 705 1282 761 contulisse
1304 706 1516 761 videor.
1554 724 1573 757 ι
1600 704 1794 759 Nonne
1832 705 2087 761 lsraelem

518 798 583 854 de
613 808 755 852 terra
785 795 1010 867 Egypti
1056 795 1265 851 eduxi?
1294 814 1314 847 ι
1346 794 1534 866 Neque
1562 795 1729 858 enim,
1783 795 1947 849 sicuti
1990 810 2089 850 vos

516 890 581 945 de
606 886 839 960 Egyptu
890 902 1138 950 sumens,
1200 888 1401 942 acerbo
1455 887 1553 941 illo
1610 886 1840 941 servitio
1889 886 2086 948 exemi,

514 981 747 1049 talisque
775 994 841 1034 ac
870 987 1036 1035 tanta:
1057 988 1111 1035 et
1134 980 1269 1034 nihil
1293 980 1358 1034 ad
1378 995 1475 1035 vos
1499 979 1827 1050 pertinentis
1848 979 2088 1050 regionis

512 1071 764 1127 dominos
795 1069 935 1137 feci;
992 1072 1066 1125 ita
1099 1086 1200 1141 par
1235 1070 1445 1142 aliquid
1484 1069 1843 1140 Ethiopibus
1888 1069 2088 1126 fecisse

514 1162 663 1219 visus
696 1175 840 1217 sum.
876 1179 894 1212 ι
924 1160 990 1214 Et
1018 1162 1347 1232 alienigenas
1368 1158 1813 1232 deCappadoeia,
1848 1171 1902 1216 et
1921 1161 2090 1232 Syros

516 1254 581 1308 de
605 1252 888 1308 Bothro?»
948 1253 1213 1309 Bothrum
1268 1254 1517 1309 nonnulli
1552 1254 1707 1308 aiunt
1765 1255 1925 1326 136
1979 1253 2087 1309 dici

511 1358 614 1413 pro
662 1346 732 1401 iis
775 1360 898 1415 quae
952 1361 1097 1400 nunc
1149 1347 1494 1417 appellantur
1543 1347 1716 1409 Carae,
1776 1349 1911 1402 alias
1959 1364 2088 1403 vero

511 1435 781 1490 Cbarran.
838 1435 950 1507 Ego
1009 1451 1137 1492 vero
1189 1441 1292 1492 hac
1366 1438 1639 1508 superﬂua
1698 1441 2088 1511 disquisitione

511 1527 736 1590 omissa,
797 1542 918 1597 quae
971 1527 1111 1582 nihil
1165 1531 1350 1584 sensui
1420 1531 1777 1602 intelligendo
1842 1531 2084 1602 prodest,

510 1614 825 1685 quicunque
846 1617 1065 1671 demum
1107 1617 1195 1672 hic
1240 1619 1534 1674 dermletur
1576 1622 1754 1685 locus,
1804 1623 2087 1691 praesentis

511 1712 693 1760 textus
723 1703 1090 1776 signiﬁcatum
1140 1722 1429 1777 exponam.
1480 1708 1690 1779 Quippe
1735 1710 1879 1765 haud
1913 1710 2080 1766 dicit:

2192 537 2304 591 μοι,
2339 523 2445 576 υίοὶ
2486 520 2719 594 Ἰσραὴλ,
2757 522 2902 592 λέγει
2934 522 3169 596 Κύριοςς
3195 541 3216 576 ι
3253 525 3329 579 Οὐ
3357 528 3726 601 παραπλησίους

2187 607 2434 679 Αἰθίοψιν
2470 609 2675 682 ἐθέμην
2715 611 2859 682 ὑμᾶς
2897 612 3154 684 ἐμαυτῷ;
3205 608 3288 678 οἷς
3331 631 3394 683 γε
3430 616 3543 671 οὺδὶ
3575 624 3728 689 φαίνο-

2192 700 2287 768 μαί
2319 717 2372 753 τι
2404 701 2599 773 νείμας
2644 702 2923 774 ἐξαίρετον
2952 703 3082 773 ἐγώ.
3125 724 3143 757 ι
3174 706 3251 759 Οὐ
3285 705 3377 760 τὸν
3420 708 3618 781 Ἰσραὴλ
3648 718 3726 770 ἀν-

2188 792 2395 861 ήγαγον
2424 795 2489 847 ἐκ
2519 794 2624 864 γῆς
2668 794 2979 864 Αίγύπτους
3005 814 3023 847 ι
3072 796 3207 850 Οὐδὲ
3242 796 3353 869 γάρ
3400 797 3578 872 ὥσπερ
3609 805 3725 875 ὑμᾶς

2190 882 2297 936 ἀπὸ
2324 884 2424 950 τῆς
2455 884 2731 953 Αἰγύπτου
2756 885 2955 951 λαϐὼν,
2992 886 3093 957 τῆς
3135 904 3195 941 τε
3220 888 3462 952 δουλείας
3485 891 3724 966 ἀπήλλαξα

2187 976 2287 1046 τῆς
2318 978 2519 1048 πικρᾶς
2563 978 2796 1050 ἐκείνης,
2830 980 2925 1032 καὶ
2969 980 3073 1049 γῆς
3124 981 3381 1052 ἀπέφηνα
3412 983 3655 1057 τοσαύτης
3677 1009 3725 1045 τι

2188 1067 2283 1122 καὶ
2309 1068 2562 1139 τοιαύτης
2589 1070 2809 1142 κυρίους
2830 1071 2931 1140 τῆς
2959 1072 3019 1125 ού
3043 1073 3427 1145 προσηκούσης
3455 1074 3593 1144 ὑμῖν,
3611 1081 3727 1138 οὕτω

2187 1159 2249 1230 δή
2282 1177 2336 1213 τι
2367 1162 2495 1231 περὶ
2522 1161 2785 1226 Αἰθίοπας
2832 1162 3019 1234 ὤφθην
3060 1163 3392 1236 πεποιηκὼς.
3453 1184 3471 1218 ι
3495 1168 3593 1220 Καὶ
3624 1174 3727 1238 τοὺς

2188 1252 2516 1323 ἀλλοφύλους
2540 1254 2604 1308 ἐκ
2626 1255 3045 1320 Καππαδοκίας,
3073 1256 3167 1310 καὶ
3188 1258 3315 1320 τοὺς
3338 1257 3541 1329 Σύρους
3572 1262 3628 1315 ἐκ
3649 1263 3727 1319 Bri.

2190 1344 2318 1416 θρου
2337 1346 2447 1417 (29)
2470 1364 2484 1409 ;
2511 1366 2528 1399 ι
2568 1347 2644 1400 Τὸ
2682 1349 2781 1418 μὲν
2809 1352 2872 1403 ἐκ
2901 1348 3103 1418 Βόθρου
3122 1350 3199 1419 (p.
3234 1349 3360 1418 206)
3384 1351 3528 1415 τινὲς
3554 1354 3729 1423 ἔφασαν

2188 1436 2459 1506 λέγεσθαι,
2499 1441 2795 1505 τουτέστιν,
2822 1442 2887 1494 ἐκ
2912 1441 3114 1513 Καρῶν
3145 1440 3256 1512 ('50)
3278 1441 3380 1512 τῆς
3403 1441 3498 1497 νῦν
3520 1444 3728 1502 001ml:-

2187 1531 2445 1602 γομένης,
2487 1532 2616 1585 ποτὲ
2673 1533 2729 1585 δὲ
2760 1533 2983 1604 Χαρράν
3012 1552 3025 1565 ·
3077 1534 3339 1606 περιττὴν
3379 1534 3438 1588 δὲ
3474 1532 3624 1592 οὖσαν
3646 1541 3728 1611 τὴν

2187 1621 2566 1693 ἀκριϐολογίαν
2590 1623 2794 1694 ταύτην
2818 1626 2995 1694 ἀφεὶς,
3038 1624 3114 1695 τῷ
3147 1625 3310 1697 μηδὲν
3342 1626 3480 1697 πρὸς
3505 1629 3562 1681 τὸ
3582 1630 3727 1701 νόημα

2190 1714 2480 1777 συντελεῖν,
2511 1715 2659 1778 ὅστις
2684 1715 2813 1768 ποτέ
2851 1716 2917 1769 ἂν
2947 1718 2975 1770 ὁ
2999 1715 3159 1786 δηλού
3168 1733 3327 1787 μενος
3348 1717 3509 1780 τόπος
3535 1721 3587 1771 ἐν
3626 1721 3728 1775 τού-

508 1797 855 1869 Alienigenas
915 1812 986 1852 ex
1036 1796 1383 1868 Cappadocia
1438 1777 1637 1864 eduxi,
1681 1808 1737 1856 et
1793 1800 1960 1873 Syros
2015 1818 2074 1858 ex

2184 1821 2296 1867 τοις
2326 1801 2381 1876 ᾗ,
2416 1806 2477 1858 τὸ
2514 1805 2910 1876 σημαινόμενον
2941 1807 3033 1859 ἐπὶ
3052 1777 3180 1858 τοῦ.
3200 1777 3470 1877 παρόντος
3491 1777 3637 1879 ἐρῶ·
3679 1814 3730 1864 οὐ

510 1887 742 1955 Bothro;
785 1885 881 1944 sed
914 1890 1251 1944 contrarium
1297 1892 1482 1961 potius
1506 1891 1759 1956 afﬁrmat,
1799 1908 1859 1949 se
1890 1910 2087 1964 nempe

510 1980 717 2035 nullum
750 1979 1021 2049 ejusmodi
1048 1981 1373 2037 beneﬁcium
1405 1983 1528 2038 aliis
1553 1985 1877 2048 contulisse,
1899 1986 2085 2056 cujus-

509 2069 653 2124 modi
704 2067 1007 2135 lsraelitis;
1055 2069 1131 2123 ita
1170 2077 1230 2123 ut
1270 2070 1371 2125 bos
1417 2074 1756 2142 oportuisset
1791 2075 2084 2144 gratiorem

511 2176 619 2229 prie
646 2162 859 2216 caeteris
890 2162 1135 2217 animum
1169 2179 1301 2234 erga
1334 2163 1503 2220 Deum
1542 2180 1892 2223 conservare.
1913 2167 2081 2221 Nam-

505 2268 613 2323 que
643 2260 699 2308 et
736 2253 868 2308 illud
901 2254 1248 2325 exploratum
1296 2265 1403 2320 est,
1466 2257 1615 2327 quod
1643 2258 1689 2314 si
1726 2259 1869 2315 forte
1916 2259 2081 2314 etiam

508 2345 629 2398 illos
654 2343 768 2412 pari
804 2342 964 2398 modo
1012 2345 1067 2397 in
1104 2344 1414 2401 libertatem
1448 2347 1806 2412 vindicasset,
1855 2349 2083 2404 omnino

507 2437 905 2505 providentiam
960 2438 1257 2507 quamdam
1298 2439 1451 2495 circa
1490 2441 1712 2496 eosdem
1759 2441 2082 2497 adhibuisse

505 2528 734 2594 diceret,
791 2528 952 2597 cujus
1006 2530 1364 2599 providentiae
1417 2546 1620 2602 scopus
1660 2533 1878 2588 cunctis
1922 2532 2080 2588 facile

505 2629 653 2674 esset
673 2628 1012 2688 compertus.
1064 2620 1171 2675 Sed
1202 2622 1349 2676 enim
1380 2621 1660 2690 lsraelem,
1716 2641 1827 2680 non
1863 2626 2077 2696 simpli-

504 2710 645 2766 citer
688 2718 902 2765 tantum
947 2727 1010 2767 ex
1049 2711 1289 2784 Egypto
1329 2713 1539 2781 eduxit,
1588 2716 1685 2772 sed
1737 2718 1908 2772 multa
1945 2732 2078 2773 cura

500 2803 583 2857 illi
639 2802 875 2870 adstitit,
945 2819 1057 2874 quo
1105 2805 1363 2861 idoneum
1417 2807 1693 2873 redderet,
1754 2818 1815 2864 ut
1843 2826 1909 2865 ex
1955 2811 2079 2879 ipso

506 2894 653 2952 salus
687 2896 1015 2952 universalis
1046 2908 1348 2967 appareret
1382 2898 1637 2956 Christus
1685 2900 1969 2958 Dominus.

576 3162 715 3231 Ergo
781 3165 911 3233 quid
973 3163 1191 3221 demum
1256 3166 1425 3223 dicit?
1479 3168 1831 3238 Migrationes
1888 3175 2072 3230 multa?

496 3253 565 3308 de
598 3255 735 3309 locis
781 3257 835 3308 in
878 3256 983 3309 alia
1020 3256 1139 3310 loca
1176 3256 1433 3327 fuerunt;
1472 3262 1640 3315 veluti
1684 3261 1929 3327 Tharrae,
1981 3269 2075 3337 qui

500 3344 642 3401 beati
694 3344 989 3399 Abrahami
1047 3354 1200 3416 pater
1262 3348 1404 3409 fuit,
1477 3353 1679 3421 quique
1729 3354 1797 3409 de
1856 3359 2076 3427 regione

498 3434 880 3489 Chaldaeorum
930 3450 1222 3505 egressus,
1265 3436 1321 3490 in
1365 3434 1611 3493 Cliarran
1668 3442 1953 3510 migravit,
1994 3453 2077 3500 at-

497 3540 603 3591 que
634 3526 707 3579 ibi
748 3524 947 3580 deinde
982 3535 1233 3582 mortuus
1276 3539 1379 3583 est.
1452 3527 1608 3586 Unde
1649 3540 1702 3586 et
1742 3535 1969 3605 contigit
2017 3548 2077 3597 ut

499 3622 687 3684 postea
713 3614 1059 3669 Abrahamus
1092 3618 1349 3670 transiret
1373 3617 1429 3670 in
1461 3617 1824 3675 Palaestinam.
1846 3622 2075 3680 Constat

497 3706 661 3760 etiam
726 3703 943 3759 beatum
994 3703 1164 3761 Jacob
1219 3724 1343 3762 cum
1393 3710 1646 3765 universa
1688 3716 1946 3783 progenie
2017 3718 2074 3773 in

498 3792 793 3865 (Egyptum
852 3793 1148 3849 incolatum
1206 3812 1371 3853 suum
1428 3801 1803 3857 transtulisse.
1884 3803 2075 3862 Simile

495 3883 751 3951 quiddam
776 3891 828 3937 et
852 3884 974 3939 aliis
1005 3885 1260 3957 contigit,
1298 3896 1358 3941 ut
1386 3890 1652 3945 credibile
1686 3902 1771 3947 est
1808 3913 1821 3947 :
1849 3904 1905 3950 et
1944 3897 2071 3967 qui-

495 3976 620 4030 dam
651 3974 718 4029 de
746 3973 1054 4046 Capadocia
1074 3979 1300 4050 egressi,
1326 3988 1379 4035 et
1409 3981 1478 4035 ad
1502 3982 1621 4037 loca
1641 3985 2071 4057 alienigenarum

497 4068 819 4139 migrantes,
852 4068 1000 4124 misti
1034 4080 1163 4125 sunt
1188 4071 1318 4134 illis,
1373 4088 1609 4144 parsque
1647 4091 1836 4132 eorum
1880 4096 2073 4137 evase-

492 4168 643 4213 runt.
694 4159 769 4214 Ex
816 4159 1016 4215 Bothro
1062 4161 1191 4216 item
1235 4164 1304 4219 ad
1358 4164 1529 4238 Syros
1576 4168 1669 4221 alii
1713 4176 2066 4241 transgressi,

493 4250 639 4320 apud
698 4265 794 4305 eos
860 4262 1206 4317 manserunt,
1262 4262 1472 4310 etcum
1534 4259 1668 4329 ipsis
1723 4264 2063 4319 coaluerunt.

2184 1898 2293 1969 γὰρ
2336 1899 2494 1951 τοῦτο
2528 1897 2696 1967 λέγει,
2728 1899 2810 1951 ὅτι
2850 1899 2990 1962 Τοὺς
3028 1898 3358 1968 ἀλλοφύλους
3394 1899 3651 1969 ἀνήγαγον
3677 1904 3729 1957 ἐκ

2183 1990 2599 2053 Καππαδοκίας,
2654 1992 2748 2043 καὶ
2789 1991 2913 2054 τοὺς
2940 1990 3145 2061 Σύρους
3181 1992 3246 2044 ἐκ
3286 1992 3489 2062 Βόθρου
3514 2009 3527 2021 ·
3557 1995 3614 2047 τὸ
3639 1997 3731 2069 γὰρ

2184 2082 2422 2137 ἐναντίον
2455 2080 2702 2152 βούλεται
2747 2082 3042 2143 δεικνῦναι,
3077 2084 3160 2136 ὅτι
3192 2083 3347 2137 οὑθέν
3375 2084 3580 2139 τοιοῦτο
3614 2105 3731 2160 παρο

2185 2174 2415 2246 ἐσχηκεν
2448 2175 2673 2246 ἑτέροις,
2717 2169 2829 2229 οἷον
2863 2175 2928 2247 δὴ
2966 2174 3197 2241 τούτοις,
3240 2175 3382 2229 ὥστε
3415 2178 3627 2247 μείζονα
3654 2184 3731 2234 καὶ

2182 2267 2335 2335 παρά
2357 2266 2560 2320 τούτων
2589 2268 2687 2337 τὴν
2714 2268 3132 2340 εὐγνωμοσύνην
3161 2271 3241 2333 είς
3262 2270 3424 2323 αὑτὸν
3454 2272 3600 2341 παρά
3618 2274 3731 2327 πάν-

2178 2377 2277 2422 τας
2322 2361 2516 2431 χρῆναι
2564 2359 2925 2429 φυλάττεσθαι
2946 2378 2958 2391 ’
3011 2360 3169 2431 δήλου
3198 2377 3264 2430 γε
3297 2360 3450 2425 ὄντος
3484 2363 3730 2429 κάκείνου,

2180 2452 2256 2516 ὡς
2285 2453 2444 2523 εἴπερ
2465 2452 2754 2521 ἀναγαγὼν
2782 2448 2849 2523 ἦν
2878 2455 2973 2507 καὶ
2995 2453 3212 2524 ἐτέρους
3240 2454 3627 2525 παραπλησίως
3638 2456 3733 2509 τού-

2178 2562 2312 2609 τοις,
2338 2538 2554 2609 πάντως
2582 2547 2646 2600 ἀν
2665 2563 2785 2599 τινα
2812 2548 2905 2599 καὶ
2936 2547 3192 2617 πρόνοιαν
3218 2546 3373 2615 ἔλεγε
3400 2547 3532 2619 περὶ
3554 2549 3727 2613 αὐτοὺς

2179 2637 2527 2709 γεγενῆσθαι,
2566 2636 2704 2707 μετά
2732 2636 2825 2689 τοῦ
2861 2637 2955 2692 καὶ
3000 2638 3098 2708 τῆς
3147 2637 3402 2710 προνοίας
3432 2638 3525 2691 τὸν
3560 2640 3733 2692 σκοπὸν

2180 2728 2480 2798 εὔγνωστον
2525 2730 2730 2783 ἅπασιν
2771 2726 2908 2783 εἶναι
2934 2744 2949 2759 °
2994 2730 3117 2786 ἐπεὶ
3145 2731 3237 2782 καὶ
3266 2732 3358 2784 τὸν
3402 2732 3613 2802 Ἰσραὴλ
3651 2732 3733 2801 οὐχ

2180 2821 2365 2885 ἁπλῶς
2411 2822 2654 2892 ἀνήγαγε
2681 2822 2780 2892 τῆς
2809 2821 3111 2890 Αίγύπτου,
3133 2820 3247 2875 ἀλλ’
3278 2821 3418 2876 ὥστε
3447 2824 3533 2877 διά
3560 2824 3735 2895 πολλῆς

2178 2913 2408 2983 ἀγαγὼν
2438 2916 2538 2986 τῆς
2575 2913 2913 2985 ἐπιμελείας,
2946 2914 3244 2985 ἐπιτήδειον
3262 2914 3596 2986 ἐργάσασθαι
3621 2916 3733 2987 πρὸς

2179 3005 2240 3057 τὸ
2270 3005 2476 3059 ἐκεῖθεν
2513 2999 2613 3076 τὴν
2651 3005 2905 3059 ἁπάντων
2945 3006 3178 3076 φανῆναι
3206 3006 3502 3077 σωτηρίαν,
3532 3006 3622 3060 τὸν
3652 3010 3734 3060 Δε-

2098 3128 2143 3186 c
2187 3085 2667 3186 Gﬁéth‘thcrév.

2249 3186 2315 3249 Τί
2348 3180 2440 3240 οὖν
2483 3188 2634 3240 ἐστιν
2662 3187 2690 3240 ὅ
2719 3203 2887 3257 φησι;
2925 3187 3296 3251 Μετωτάσεις
3326 3187 3575 3243 πλεῖσται
3601 3189 3735 3257 γεγό-

2176 3294 2298 3330 νασι
2336 3279 2401 3331 ἐκ
2439 3278 2618 3331 τόπων
2660 3280 2739 3342 είς
2768 3279 2998 3342 τόπους·
3032 3274 3143 3332 οἷον
3176 3279 3239 3350 δή
3273 3297 3325 3333 τι
3355 3281 3451 3333 καὶ
3484 3282 3630 3352 παρά
3653 3281 3734 3334 τοῦ

2176 3368 2365 3438 Θάρῤα
2410 3367 2504 3420 τοῦ
2546 3367 2754 3438 πατρὸς
2782 3367 2875 3419 τοῦ
2910 3368 3180 3439 μακαρίου
3222 3368 3449 3437 γέγονεν
3487 3371 3733 3441 Ἀδραάμ,

2175 3459 2480 3523 ἐξελθόντος
2509 3460 2605 3529 μὲν
2654 3461 2717 3512 ἐκ
2745 3459 2848 3529 γῆς
2871 3459 3173 3523 Χαλδαίων,
3211 3460 3536 3531 ἐληλυθότος
3571 3463 3625 3515 δὲ
3667 3465 3734 3524 είς

2174 3550 2421 3622 Χαρρὰν,
2473 3546 2591 3604 εἶτα
2639 3550 3086 3622 τετελευτηκότος
3129 3551 3350 3604 αὐτόθι·
3399 3553 3526 3606 ὅθεν
3558 3553 3618 3624 δὴ
3654 3554 3734 3606 καὶ

2178 3642 2506 3711 μεταστῆναι
2541 3642 2728 3709 γέγονε
2764 3642 2949 3696 λοιπὸν
2972 3643 3063 3695 τὸν
3102 3642 3355 3717 Ἀϐραὰμ
3389 3646 3486 3698 ἐπὶ
3523 3645 3618 3715 τὴν
3638 3646 3733 3697 Πα-

2173 3731 2451 3801 λαιστίνην
2471 3749 2483 3762 ι
2519 3734 2619 3785 οὐκ
2650 3733 2842 3803 ἄδηλον
2866 3733 2921 3785 δέ
2964 3734 3038 3794 ὡς
3063 3735 3157 3787 καὶ
3192 3737 3221 3787 ὁ
3251 3737 3523 3808 μακάριος
3560 3734 3736 3789 Ἰακὼϐ

2177 3822 2313 3893 μετὰ
2353 3824 2572 3877 πάντων
2606 3826 2682 3894 (p.
2709 3825 2835 3894 207)
2875 3824 2983 3877 τῶν
3034 3827 3421 3897 προσηκόντων
3474 3827 3621 3898 αύτῷ
3656 3829 3735 3879 ἐπὶ

2172 3915 2271 3984 τὴν
2295 3916 2564 3983 Αἴγυπτον
2592 3916 2846 3985 μετέστη.
2875 3916 3112 3970 Τοσοῦτο
3136 3918 3196 3987 δή
3228 3934 3279 3971 τι
3296 3918 3489 3987 γέγονε
3511 3920 3604 3971 καὶ
3627 3921 3733 3988 mp‘.

2172 4003 2395 4074 ἐτέρους
2420 4003 2495 4067 ὡς
2518 4005 2665 4068 είκὸς
2686 4020 2698 4032 ·
2752 4005 2844 4059 καί
2872 4021 3017 4067 τινες
3038 4006 3103 4058 ἐκ
3140 4007 3545 4070 Καππαδοκίας
3574 4006 3734 4078 ὁρμώ-

2176 4112 2345 4165 μενοι,
2378 4096 2469 4148 ἐπὶ
2496 4095 2622 4158 τοὺς
2646 4095 2844 4158 τόπους
2875 4096 2981 4149 τῶν
3015 4096 3327 4166 ἀλλοφύλων
3356 4099 3731 4168 μεταστάντες.

2170 4185 2609 4255 ἐγκατεμίγησαν
2637 4185 2865 4247 ἐκείνοις
2899 4186 2993 4238 καὶ
3021 4186 3307 4253 γεγόνασιν
3331 4188 3516 4241 αὐτῶν
3553 4189 3729 4258 μέρος

2169 4277 2234 4328 ἐκ
2252 4275 2351 4327 Βόθ
2360 4292 2451 4345 ρου
2469 4292 2525 4327 τε
2543 4275 2701 4328 πάλιν
2715 4276 2794 4337 είς
2810 4274 3016 4347 Σύρους
3031 4277 3203 4347 ἕτεροι
3220 4276 3731 4347 μεταστάντες,παρ⁹

497 4338 699 4423 Yolens
727 4341 911 4410 itaque
954 4340 1099 4397 Deus
1152 4343 1339 4401 dicere
1377 4346 1532 4417 137
1574 4351 1778 4405 nemini
1820 4368 1880 4407 se
1916 4361 2067 4409 tanta

2179 4338 2433 4428 αὺτοῖς-τε
2460 4363 2751 4435 διέμειναν,
2781 4338 3010 4435 καίτὴν
3056 4338 3332 4436 ἐπιμιξίαν
3364 4338 3617 4432 ἐδέξαντο
3646 4338 3733 4437 την

503 4431 769 4486 beneﬁcia
806 4432 1083 4503 largitum,
1106 4444 1310 4503 quanta
1359 4436 1640 4505 lsraelitis,
1684 4443 1859 4510 primo
1898 4448 1973 4499 ait
2005 4462 2064 4502 se

2179 4454 2303 4526 πρὸς
2336 4431 2579 4517 ἐκείνους
2602 4470 2614 4485 ο
2670 4431 2991 4525 βουλόμενος
3020 4431 3199 4508 τοίνύν
3232 4458 3403 4509 εἰπεῖν
3432 4431 3643 4521 όθεὸς,
3661 4431 3733 4511 ὅτι

493 4539 591 4577 ens
617 4524 761 4579 haud
790 4524 883 4579 illo
916 4525 1110 4580 ordine
1134 4529 1278 4596 apud
1301 4543 1361 4584 se
1383 4529 1662 4595 habuisse,
1704 4550 1814 4603 quo
1843 4535 2063 4592 Ethio-

2179 4524 2358 4615 μηδενὶ
2397 4542 2617 4596 τοιαῦτα
2670 4524 2986 4614 δεδώρηται,
3025 4545 3184 4598 ὀποῖά
3229 4563 3335 4616 περ
3376 4547 3584 4611 αὐτοῖς.
3622 4543 3730 4600 εἷπε

490 4627 609 4682 pes,
641 4628 670 4665 a
696 4620 848 4681 parte
894 4614 1104 4669 scilicet
1135 4628 1363 4673 cunctas
1404 4629 1594 4687 gentes
1627 4621 2061 4682 denotansztum

2179 4635 2292 4704 μὲν,
2315 4635 2396 4687 ὅτι
2413 4634 2527 4688 Οὐκ
2556 4636 2613 4686 ἐν
2631 4634 2780 4701 τάξει
2797 4634 2952 4705 ἔσχον
2980 4637 3121 4706 ὑμᾶς
3136 4614 3427 4701 Αἰθιόπων,
3449 4641 3516 4693 ἐκ
3547 4641 3731 4711 μέρους

492 4705 675 4759 dicere
726 4707 903 4775 pergit
955 4723 1016 4763 se
1067 4709 1273 4763 nullius
1326 4724 1509 4779 parem
1567 4729 1807 4782 unquam
1871 4731 2059 4773 curam

2179 4727 2235 4780 τὰ
2267 4724 2394 4795 ἔθνη
2434 4724 2751 4795 βουλόμενος
2781 4725 2996 4781 ἅπαντα
3021 4705 3215 4782 εἰπεῖν
3234 4747 3247 4759 ·
3289 4731 3382 4783 καὶ
3414 4731 3501 4784 ὄτι
3544 4705 3732 4802 μηδένα

491 4794 757 4862 gessisse;
784 4794 1113 4871 Solosenim
1137 4814 1235 4854 vos
1257 4798 1496 4872 Egypto
1523 4803 1689 4858 eduxi
1713 4807 1902 4862 multis
1933 4823 2057 4863 cum

490 4883 769 4937 miraculis
799 4892 853 4938 et
885 4886 1162 4954 insperato
1212 4904 1439 4959 prorsus
1483 4893 1674 4961 agendi
1717 4896 1879 4951 modo
1915 4916 1930 4953 :
1961 4897 2058 4952 de-

486 4973 727 5041 rluxique
757 4974 812 5028 in
855 4978 1017 5033 talem
1057 4987 1375 5050 tantamque
1421 4983 1720 5053 regionem,
1769 4987 1927 5057 cujus
1961 5006 2059 5047 vos

486 5062 739 5117 dominos
788 5063 887 5119 feci
933 5082 1244 5138 quanquam
1297 5072 1450 5127 nullo
1503 5073 1628 5143 jure
1657 5076 1727 5131 ad
1760 5093 1859 5133 vos
1893 5083 2062 5149 perti-

486 5151 690 5208 nentis.
721 5152 907 5223 Neque
936 5165 1117 5211 tamen
1147 5160 1211 5211 ad
1238 5162 1552 5231 praedictam
1580 5172 1785 5222 terram
1806 5184 1869 5224 eo
1894 5172 2059 5228 modo

491 5241 841 5309 pervenistis,
875 5260 985 5314 quo
1015 5247 1332 5319 alienigenae
1350 5266 1416 5306 ex
1436 5252 1783 5325 Cappadocia
1802 5260 2057 5330 miscelli,

485 5330 567 5383 vel
596 5330 719 5402 Syri
745 5332 811 5388 de
836 5333 1059 5402 Bothro,
1086 5348 1355 5395 venerunt
1373 5359 1388 5408 ;
1406 5344 1608 5399 etenim
1630 5345 1683 5400 bi
1700 5348 2055 5419 migrationes

2162 4814 2272 4869 τῶν
2304 4814 2483 4869 αὐτῶν
2512 4814 2747 4880 ἀξιώσας
2762 4809 2939 4871 ὦπταί
2962 4834 3113 4871 ποτε·
3157 4820 3455 4891 Ἀνήγαγον
3480 4824 3611 4893 γὰρ,
3642 4839 3733 4891 φηο

2166 4909 2270 4970 σίν,
2304 4908 2446 4978 ὑμᾶς
2471 4908 2663 4977 μόνους
2693 4910 2757 4963 ἐκ
2782 4909 2882 4978 τῆς
2906 4910 3203 4978 Αίγύπτου,
3243 4913 3380 4982 μετά
3409 4915 3624 4968 πολλῶν
3645 4915 3734 4983 μὲν

2163 5000 2478 5071 θαυμάτων,
2528 4999 2730 5069 πολλῆς
2753 5000 2811 5053 δὲ
2840 5002 3294 5072 παραδοξοποιίας
3312 5022 3324 5034 ν
3344 5006 3556 5075 ἡγαγόν
3577 5023 3635 5058 τε
3663 5006 3733 5067 είς

2160 5095 2263 5163 γῆν
2294 5091 2559 5162 τοσαύτην
2583 5093 2674 5146 καὶ
2699 5092 3051 5165 τηλικαύτην,
3080 5089 3147 5165 ἦς
3177 5096 3322 5165 ὑμᾶς
3350 5098 3612 5166 ἀπέφηνα
3645 5114 3732 5151 κυ-

2166 5184 2311 5255 ρίους
2334 5184 2484 5237 οὐδὲν
2515 5184 2642 5254 ὑμῖν
2672 5184 3056 5255 προσηκούσης
3078 5201 3091 5214 ·
3126 5188 3186 5238 ού
3222 5187 3327 5257 μὴν
3349 5188 3471 5243 οὐδὲ
3504 5190 3587 5252 είς
3613 5188 3731 5241 ταύο

2160 5292 2260 5343 την
2300 5271 2474 5335 οὕτως
2519 5272 2838 5342 ἐληλύθατε,
2872 5272 3061 5342 ὥσπερ
3089 5275 3138 5325 oi
3170 5275 3455 5343 ἀλλόφυλοι
3488 5279 3555 5329 ἐκ
3588 5277 3732 5329 Καπ-

2162 5364 2424 5428 παδοκίας
2466 5364 2909 5436 ἐπιμεμιγμένοι,
2943 5366 2977 5436 ἢ
3020 5368 3082 5419 ἐκ
3114 5367 3314 5437 Βὸθρου
3342 5371 3482 5432 τοῖς
3508 5368 3695 5437 Σύροις
3718 5381 3730 5395 ·

552 5446 666 5552 Si???
681 5447 1649 5552 31⁵Ρῇιὲξὲ..ῖξιξξεέξεξεῖῑεηῖῑεξεεειξτ
1682 5474 2051 5552 seeme-

2179 5488 2447 5552 Losuerunt
2472 5477 2629 5552 CIR:
2676 5481 3004 5552 septuaginta
3036 5482 3261 5549 foveam,
3300 5481 3354 5533 id
3395 5492 3481 5534 est
3519 5482 3731 5552 βόθροντ

484 5516 658 5582 prium
681 5516 1004 5598 Theodorus
1028 5516 1363 5598 probabilius
1387 5525 1640 5598 fortasse,
1677 5545 1838 5598 quam
1863 5516 2051 5591 Hiero-

484 5600 715 5654 nymus,
761 5590 850 5667 qui
894 5592 1475 5667 appellativum_apud
1505 5590 1647 5653 LXX
1668 5590 1955 5667 judicabat
1994 5606 2048 5661 in

481 5671 681 5741 cristati.
727 5663 793 5711 ad
833 5660 975 5738 hunc
1018 5660 1608 5741 locum.‘Eri'verba_:
1658 5660 1775 5741 Pro,
1823 5660 2043 5741 Cyrene,

480 5728 673 5793 Aquila
720 5739 765 5780 et
797 5732 978 5798 quinta
1034 5733 1195 5785 editio
1238 5734 1408 5803 ipsum
1469 5739 1675 5792 verbum
1727 5728 2045 5800 llebrtzicuni

2164 5547 2451 5622 Theudoria
2479 5547 2765 5622 parietem:
2806 5547 3156 5618 Symmachus
3181 5552 3460 5621 Cyrenem,
3508 5547 3658 5622 quem
3692 5559 3735 5604 tt

2158 5635 2252 5672 nos
2282 5622 2333 5672 in
2364 5621 2459 5672 hoc
2484 5620 2598 5672 loco
2621 5623 2786 5673 secuti
2824 5637 3025 5675 sumus.

2230 5690 2343 5761 (30)
2381 5687 2641 5745 Videlicet
2671 5708 2737 5745 ex
2772 5691 3039 5746 llebraico
3076 5702 3197 5783 ἾῬ.
