3954 6510
248 405 342 459 sm

1230 393 1771 452 COMMENTARIUS
1809 390 1877 448 IN
1914 389 2125 447 AMOSl
2162 390 2312 446 CAP.
2344 389 2431 444 lx.

3385 376 3493 433 ὅθί).

250 513 603 587 μεταστάσεις
636 510 744 582 γάρ
776 525 929 574 τινας
961 510 1444 582 ὑπομεμενήκασιν
1485 511 1703 577 ἐκεῖνοι,
1737 508 1823 561 ού-

1929 506 2192 577 quasdam
2228 505 2502 566 fecerunt,
2559 500 2697 556 nihil
2725 498 2975 555 mirabile
2999 496 3284 560 habentes,
3314 509 3492 565 neque

247 607 333 659 δέν
381 604 608 673 ἐχούσας
654 600 987 673 παράδοξον,
1033 600 1155 653 ούδέ
1194 617 1314 653 τινα
1359 600 1498 671 ἐμὴν
1548 598 1823 670 ἐξαίρετον

248 696 560 765 ἐπιμέλειαν
596 690 884 754 δεικνύσας
922 689 1051 760 περὶ
1099 690 1294 755 αὐτούς
1320 707 1333 721 ⁸
1376 692 1511 762 πρὸς
1535 689 1613 760 τῷ
1643 688 1737 742 καὶ
1765 688 1822 739 ἐν

249 785 601 858 προσηλύτων
625 782 773 847 τάξει
799 783 1006 850 διάγειν
1035 782 1250 845 αὐτοὺς,
1283 783 1411 851 παρ’
1436 775 1631 849 οἷσπέρ
1652 780 1789 832 εἰσιν
1806 794 1820 809 ·

249 880 392 948 ὑμᾶς
422 877 479 929 δὲ
507 876 662 945 δῆλον
692 874 789 944 μὲν
833 872 949 943 μεθ’
977 874 1116 927 ὅσων
1159 872 1412 939 ἐξέϐαλον
1457 870 1566 924 τῶν
1613 869 1825 940 θαυμά-

248 985 354 1021 των
373 984 385 998 ι
421 967 567 1027 ὅπως
595 964 649 1017 δὲ
683 964 941 1033 διήγαγον
962 963 1060 1032 τὴν
1086 962 1183 1033 ἐρη
1192 979 1311 1033 μον,
1345 962 1494 1024 ὅπως
1518 958 1573 1012 δέ
1601 960 1824 1030 εἰσήγα-

248 1076 343 1126 γον
392 1060 473 1121 εἰς
511 1057 609 1127 τὴν
657 1056 759 1125 γῆν
805 1054 906 1123 τῆς
950 1052 1299 1121 ἐπαγγελίας,
1342 1050 1417 1121 (p.
1449 1049 1575 1119 208)
1608 1050 1738 1119 ὅσης
1765 1050 1823 1103 δέ

248 1149 392 1219 ὑμᾶς
418 1147 520 1217 γῆς
548 1146 827 1215 πεποίηκα
851 1142 1090 1215 κυρίους,
1123 1143 1367 1205 ἅπαντας
1389 1143 1514 1205 τοὺς
1542 1134 1629 1195 ἐπ’
1653 1142 1822 1211 αὐτῆς

249 1240 513 1312 πρότερον
533 1238 693 1299 ὄντας
721 1233 924 1289 ἀνελών
945 1251 958 1266 ο
993 1234 1123 1302 ὅσης
1155 1233 1211 1286 δὲ
1238 1235 1331 1287 καὶ
1352 1233 1623 1287 διετέλεσα
1659 1249 1824 1303 μετα-

247 1332 424 1393 διδοὺς
468 1331 590 1400 ὑμῖν
641 1327 956 1397 ἐπιμελείας
1004 1324 1156 1396 παρὰ
1198 1325 1402 1388 πάντας
1463 1323 1819 1394 ἀνθρώπουςο

248 1424 391 1493 ὑπὲρ
409 1416 483 1475 ὧν
511 1422 648 1490 άγαν
671 1418 975 1489 ὀφείλοντες
1006 1416 1139 1469 αἰδῶ
1160 1433 1248 1487 μοι
1272 1418 1455 1485 νέμειν
1478 1414 1619 1479 τινὰ,
1634 1412 1823 1466 ούδένα

246 1517 405 1587 λόγον
438 1516 544 1570 τῶν
573 1514 633 1579 ἐξ
665 1512 796 1584 ἐμοῦ
832 1512 1212 1583 γεγενημένων
1259 1512 1339 1574 είς
1379 1511 1522 1581 ὑμᾶς
1564 1508 1823 1563 ἐπιδεδει-

246 1607 439 1677 γμένοι
463 1594 735 1676 φαίνεσθε.
764 1602 829 1655 Τί
855 1598 977 1667 ούνς

316 1790 469 1860 Στίχ.
502 1793 642 1859 ἠ’-ι’.
671 1818 739 1828 -
764 1804 782 1839 ι
814 1785 943 1839 Ἰδοὺ
973 1784 1020 1837 οἱ
1043 1782 1311 1853 ὀφθαλμοὶ
1338 1780 1541 1852 Κυρίου
1567 1779 1657 1833 τοῦ
1686 1777 1819 1833 θεοῦ

1925 598 2093 652 ullum
2132 612 2311 652 meum
2335 608 2447 665 prae
2479 607 2539 648 se
2583 592 2820 648 ferentes
2851 589 3178 661 peculiarem
3213 585 3486 640 favorem:

1923 697 2285 760 praeterquam
2309 685 2453 757 quod
2493 685 2584 740 isti
2618 684 2675 739 in
2716 680 3113 753 proselytorum
3145 676 3335 732 ordine
3360 683 3491 731 sunt

1924 782 2066 850 apud
2122 781 2269 845 illos,
2316 777 2645 848 quibuscum
2712 785 3022 830 versantur.
3075 771 3146 825 At
3190 769 3335 825 enim
3384 782 3484 824 vos

1922 872 2144 943 quantis
2174 886 2275 942 ego
2306 868 2567 939 prodigiis
2594 862 3330 927 liberaverim,notissimum
3363 868 3479 916 est:

1923 962 2199 1034 quomodo
2246 977 2346 1033 per
2400 960 2679 1016 desertum
2731 956 3073 1019 deduxerim,
3120 952 3397 1026 quomodo
3429 953 3486 1007 in

1924 1054 2252 1125 promissam
2295 1060 2497 1107 terram
2561 1047 2975 1110 introduxerint,
3035 1052 3091 1100 et
3144 1052 3360 1115 quantae
3390 1056 3486 1097 vos

1925 1160 2275 1217 possessores
2340 1143 2580 1215 regionis
2624 1141 2872 1204 fecerim,
2927 1137 3183 1193 omnibus
3212 1137 3306 1206 qui
3340 1136 3487 1190 illam

1924 1247 2084 1291 antea
2117 1234 2431 1291 incolebant
2470 1232 2767 1304 peremptis
2796 1246 2809 1285 :
2838 1235 3099 1301 quantam
3127 1226 3360 1296 denique
3392 1240 3489 1279 vo-

1923 1325 2007 1381 bis
2039 1340 2151 1396 prae
2197 1323 2413 1380 cunctis
2470 1321 2783 1378 hominibus
2835 1325 2892 1374 et
2933 1332 3095 1387 quam
3142 1322 3485 1371 constantem

1923 1432 2110 1472 curam
2146 1415 2527 1486 impenderim.
2564 1414 2808 1481 Quorum
2849 1410 3093 1465 omnium
3133 1421 3324 1471 causa,
3365 1422 3486 1460 cum

1921 1509 2182 1565 eximium
2214 1509 2345 1563 mihi
2379 1507 2651 1563 deberetis
2682 1503 3025 1575 obsequium,
3063 1501 3274 1557 nullum
3311 1512 3487 1555 tamen

1927 1600 2323 1655 beneﬁciorum
2367 1614 2495 1669 erga
2538 1613 2636 1654 vos
2668 1611 2911 1653 meorum
2960 1600 3266 1665 respectum
3310 1599 3489 1649 osten-

1920 1693 2101 1747 distis.
2134 1690 2275 1758 Quid
2330 1690 2499 1762 ergo?

1990 1780 2153 1837 Vens.
2170 1781 2420 1836 8-10.--‹
2442 1779 2577 1835 Ecce
2589 1778 2732 1834 oculi
2755 1773 2965 1833 Domini
2979 1774 3073 1831 Dei
3088 1788 3252 1845 super
3266 1788 3490 1843 regnum

248 1884 342 1937 ἐπὶ
370 1858 470 1954 την
501 1858 774 1951 βασιλείαν
806 1877 901 1948 τὴν
941 1874 1262 1945 ἀμαρτωλόν
1284 1890 1297 1903 ο
1338 1872 1430 1925 καὶ
1453 1870 1628 1943 ἐξαρῶ
1656 1872 1823 1943 αὐτὴν

1929 1888 2183 1945 peccans,
2230 1881 2283 1928 et
2318 1871 2559 1926 auferam
2615 1868 2750 1923 illud
2783 1884 2813 1922 a
2847 1868 2985 1923 facie
3016 1874 3176 1921 terra:
3222 1883 3236 1919 :
3273 1878 3491 1921 verum-

246 1974 361 2029 ἀπὸ
400 1971 690 2044 προσώπου
727 1970 823 2039 τῆς
869 1968 973 2036 γῆς
995 1984 1009 1998 ⁸
1064 1965 1203 2036 πλὴν
1237 1965 1317 2018 ὅτι
1346 1965 1424 2027 είς
1456 1963 1606 2026 τέλος
1657 1963 1717 2015 οὐ
1750 1962 1824 2036 μὴ

246 2063 431 2134 ἐξαρῶ
457 2064 547 2116 τὸν
582 2058 727 2115 οἷκον
767 2057 982 2121 Ἰακὼϐ,
1019 2055 1166 2125 λέγει
1199 2054 1423 2125 Κύριος.
1453 2072 1471 2105 ι
1527 2051 1697 2123 ’Υπὲρ
1726 2052 1824 2124 μὲν

245 2151 341 2208 οὖν
370 2152 569 2221 ταύτης
591 2151 687 2221 τῆς
707 2146 1094 2218 ἀγνωμοσύνης
1114 2145 1297 2214 άφελῶ
1318 2161 1376 2196 τε
1403 2144 1545 2214 ὑμᾶς
1572 2143 1669 2213 τῆς
1700 2144 1823 2214 γῆς,

247 2246 346 2299 καὶ
383 2246 462 2308 είς
495 2240 868 2313 αἰχμαλωσίαν
898 2237 1089 2303 ἀπάξω
1110 2236 1207 2305 τὴν
1235 2235 1375 2287 οὕτω
1404 2234 1641 2305 πονηρὰν
1668 2234 1824 2305 βασι-

246 2335 399 2387 λείαν
423 2351 436 2363 ·
456 2333 516 2386 ού
547 2331 649 2402 μὴν
675 2329 932 2398 ἀνέξομαι
963 2324 1200 2395 παντελῆ
1230 2323 1318 2377 τὸν
1342 2324 1645 2394 ἀφανισμὸν
1669 2323 1698 2375 ύ
1707 2323 1824 2393 μῶν

245 2423 688 2495 ἀπεργάσεσθαι.
751 2417 1099 2489 μεμνημένος
1147 2416 1244 2487 τῆς
1291 2413 1517 2487 γνώμης
1552 2415 1650 2487 τῆς
1686 2416 1824 2487 ἐμῆς

249 2514 372 2585 μεθ’
398 2509 467 2586 ἧς
491 2510 754 2580 τοσαύτην
783 2509 973 2578 ἔνειμα
1001 2506 1097 2578 τὴν
1120 2504 1453 2576 ἐπιμέλειαν.
1501 2522 1519 2554 ι
1546 2503 1688 2556 Διότι
1712 2503 1822 2557 ίδοὺ

244 2604 362 2673 ἐγὼ
403 2602 737 2672 ἐντέλλομαι,
784 2602 877 2655 καὶ
920 2600 1172 2671 λικμήσω
1215 2599 1270 2652 δὲ
1309 2594 1454 2651 οἷκον
1500 2596 1714 2669 Ἰσραὴλ
1767 2598 1824 2649 ἐν

244 2698 388 2751 πᾶσι
415 2698 528 2759 τοῖς
569 2693 797 2757 ἔθνεσιν,
828 2691 887 2745 ὃν
914 2692 1112 2763 τρόπον
1138 2690 1396 2760 λικμᾶται
1428 2691 1485 2743 ἐν
1504 2688 1581 2759 τῷ
1608 2688 1788 2760 λικμῷ
1805 2705 1820 2720 ο

244 2785 341 2837 καὶ
371 2785 431 2835 ού
462 2783 535 2853 μὴ
562 2782 704 2855 πέσῃ
732 2781 1046 2853 σύντριμμα
1066 2781 1157 2832 ἐπὶ
1178 2780 1275 2849 τὴν
1309 2780 1431 2850 γῆν.
1462 2800 1479 2830 ι
1523 2779 1686 2849 Δίκην
1715 2778 1823 2852 γὰρ

242 2875 361 2927 τῶν
391 2873 713 2943 λικμώντων
758 2871 938 2924 ἆλωνα
976 2870 1069 2923 καὶ
1104 2869 1439 2941 χωριζόντων
1481 2870 1575 2924 τοῦ
1619 2870 1821 2942 ἀχύρου

243 2966 338 3019 τὸν
368 2968 532 3028 σῖτον,
568 2962 873 3034 παραδώσω
905 2964 1001 3033 μὲν
1027 2963 1169 3033 ὑμᾶς
1207 2963 1285 3025 εἰς
1307 2962 1679 3033 αἰχμαλωσίαν
1712 2965 1823 3027 τοῖς

244 3055 429 3109 ἔθνεσι
454 3071 467 3084 ·
502 3053 742 3124 παντελῆ
776 3053 833 3106 δέ
866 3053 1018 3123 ὑμῶν
1059 3054 1149 3106 τὸν
1184 3053 1486 3124 ἀφανισμὸν
1525 3054 1624 3108 οὐκ
1654 3053 1821 3125 ἐργά-

1926 1972 2106 2018 tamen
2143 1979 2248 2017 non
2284 1961 2338 2016 in
2378 1961 2539 2016 finem
2564 1958 2808 2014 auferam
2853 1958 3074 2013 domum
3108 1953 3298 2019 Jacob,
3352 1955 3490 2009 dicnt

1925 2054 2208 2109 Dominus.
2240 2072 2258 2104 ›
2294 2052 2520 2122 Propter
2557 2051 2707 2106 hunc
2740 2064 2871 2104 sane
2901 2049 3177 2119 ingratum
3224 2047 3489 2110 animum,

1925 2146 2166 2200 auferam
2198 2160 2295 2201 vos
2326 2144 2395 2200 de
2430 2153 2595 2209 terra,
2637 2150 2692 2198 et
2729 2142 2783 2197 in
2816 2142 3178 2212 captivitatem
3222 2138 3485 2208 expellam

1923 2247 2031 2292 tam
2081 2252 2313 2307 nequam
2352 2250 2579 2307 regnum
2614 2252 2629 2303 ;
2675 2250 2785 2290 non
2825 2241 3004 2288 tamen
3056 2231 3231 2303 patiar
3266 2230 3483 2301 plenum

1922 2329 2091 2385 vestri
2167 2329 2541 2384 consummari
2599 2327 2852 2392 exitium,
2925 2341 3135 2381 memor
3190 2324 3488 2379 voluntatis

1902 2414 2076 2485 ‘meae,
2114 2437 2222 2493 qua
2252 2429 2458 2477 tantam
2497 2420 2652 2476 vobis
2695 2434 2884 2474 curam
2933 2416 3191 2488 impendi.
3227 2436 3246 2468 ι
3278 2415 3355 2470 Εη
3384 2430 3486 2486 ego

1922 2513 2255 2583 praacipiam,
2286 2520 2339 2566 et
2368 2511 2639 2567 ventilabo
2668 2509 2890 2564 domum
2936 2508 3179 2571 lsraelis,
3217 2506 3483 2577 quemad-

1923 2600 2143 2654 modum
2197 2600 2493 2655 ventilatur
2552 2599 2607 2654 in
2662 2598 2989 2662 ventilabro,
3054 2604 3109 2652 et
3163 2610 3273 2650 non
3328 2596 3486 2650 cadet

1925 2691 2287 2762 fragmentum
2323 2707 2489 2761 super
2519 2700 2745 2746 terram.
2771 2709 2789 2742 ι
2829 2689 2954 2744 Ritu
3003 2687 3376 2743 ventilantium
3428 2685 3482 2739 in

1923 2798 2071 2846 area,
2119 2792 2177 2839 et
2233 2784 2636 2839 secernentium
2680 2798 2710 2836 a
2762 2782 2914 2853 palea
2969 2777 3233 2844 triticum,
3274 2778 3488 2831 tradam

1922 2890 2019 2929 vos
2053 2876 2305 2945 gentibus
2340 2875 2396 2930 in
2424 2875 2789 2945 captivitatem
2814 2871 2993 2940 ;haud
3024 2886 3152 2926 vero
3174 2870 3480 2925 absolutam

1922 2965 2090 3019 vestri
2143 2965 2437 3035 perniciem
2503 2965 2663 3035 138
2706 2963 2923 3028 faciam,
2984 2977 3313 3018 conservans
3362 2962 3486 3016 illos

1924 3072 2061 3127 quos
2111 3058 2250 3112 hanc
2309 3057 2633 3127 impetrandi
2694 3056 2923 3112 salutem
2966 3056 3158 3124 dignos
3204 3052 3483 3124 jutlicabo.

247 3165 441 3218 σομαι,
478 3146 795 3218 περισώζων
832 3143 926 3209 οὓς
965 3144 1030 3198 ἂν
1073 3144 1253 3211 ἀξίους
1294 3146 1571 3215 δοκιμάσω
1601 3145 1695 3198 τοῦ
1724 3147 1821 3215 τῆς

1930 3167 1948 3199 σ
1986 3147 2175 3202 Gladio
2217 3147 2518 3202 morientur
2561 3162 2751 3202 omnes
2782 3154 3093 3215 peccatores
3142 3146 3319 3215 p0puli
3357 3145 3484 3207 mei,

248 3239 526 3311 σωτηρίας
551 3236 750 3306 ταύτης
780 3238 979 3305 τυχεῖν.
1020 3254 1037 3285 ο
1058 3235 1146 3287 Ἐν
1177 3236 1419 3306 ῥομφαίᾳ
1444 3236 1822 3308 τελευτήσουσι

246 3330 453 3389 πάντες
493 3324 803 3395 ἁμαρτωλοὶ
836 3323 929 3375 τοῦ
969 3321 1095 3375 λαοῦ
1132 3340 1253 3392 μου,
1296 3326 1371 3392 (p.
1410 3322 1534 3392 209)
1564 3324 1612 3375 οἱ
1638 3323 1821 3392 λέγον.

245 3438 365 3483 τες,
399 3419 474 3471 Οὐ
509 3418 582 3487 μὴ
612 3415 807 3485 ἐγγίσῃ
833 3414 951 3467 ούδέ
988 3414 1060 3483 μὴ
1089 3413 1216 3485 ἔλθῃ
1241 3414 1324 3483 ἐφ’
1344 3415 1488 3483 ἡμᾶς
1521 3415 1589 3467 τὰ
1616 3414 1778 3471 κακά.
1799 3434 1816 3466 ι

259 3511 504 3579 Ἀφανιῶ
527 3509 633 3578 γὰρ
664 3506 741 3577 τῷ
780 3504 1001 3575 πολέμῳ
1028 3506 1155 3567 τοὺς
1186 3504 1321 3574 πρὸς
1354 3503 1413 3556 τὸ
1448 3504 1625 3576 χεῖρον
1648 3505 1825 3559 νεύον-

246 3620 375 3664 τας,
400 3601 497 3654 καὶ
520 3600 618 3653 οὐκ
653 3598 929 3669 οἰομένους
955 3595 1095 3648 κατὰ
1131 3594 1225 3659 τὰς
1254 3596 1361 3648 τῶν
1393 3595 1687 3666 προφητῶν
1720 3613 1825 3667 μη-

246 3696 438 3757 νύσεις
467 3690 849 3745 ἐπελεύσεσθαι
868 3706 919 3741 τι
948 3687 1054 3742 τῶν
1078 3686 1387 3740 λυπούντων
1421 3686 1633 3750 αὐτούς.
1672 3686 1825 3740 Οὕτω

244 3784 342 3839 δ.ὰ
364 3784 581 3836 πάντων
606 3781 673 3835 τὰ
709 3779 1107 3849 ἐπελευσόμενα
1128 3777 1203 3847 τῷ
1226 3777 1338 3848 λαῷ
1388 3777 1629 3848 μηνύσας
1657 3777 1822 3840 κακὰ,

249 3878 351 3930 ἆτε
378 3874 531 3943 παρὰ
574 3873 683 3927 τῶν
732 3870 1029 3941 Ἀσσυρίων
1054 3870 1180 3938 περὶ
1228 3868 1325 3931 τάς
1353 3868 1486 3921 δέκα
1512 3868 1825 3939 συμϐαίνειν

247 3967 457 4038 ἤμελλε
486 3964 677 4035 φυλὰς,
698 3964 793 4017 ἆτε
823 3960 970 4032 παρὰ
997 3960 1104 4013 τῶν
1126 3959 1477 4013 Βαϐυλωνίων
1499 3959 1721 4029 ὕστερον
1748 3961 1827 4023 εἰς

246 4057 381 4118 τοὺς
404 4053 645 4116 λοιποὺς,
696 4050 885 4122 μηνύει
915 4050 1008 4103 κα)⁸
1033 4048 1132 4119 τὴν
1160 4049 1252 4102 ἐπὶ
1287 4048 1349 4102 τὸ
1376 4052 1619 4121 κρεῖττον
1649 4048 1826 4101 αὐτῶν

251 4147 378 4217 μετ’
407 4148 581 4198 ἐκεῖνο
615 4141 933 4213 μεταϐολὴν,
961 4140 1055 4193 καὶ
1082 4140 1244 4208 φησίν
1266 4154 1281 4170 ο

327 4237 475 4307 Στίχ.
511 4240 598 4298 ια’,
638 4231 723 4303 ιβ’.
756 4262 821 4273 ——
849 4250 866 4283 ι
903 4232 991 4284 Ἐν
1021 4234 1086 4301 τῇ
1120 4230 1301 4301 ἡμέρᾳ
1339 4229 1516 4300 ἐκείνῃ
1544 4226 1828 4299 ἀναστήσω

248 4329 355 4400 τὴν
386 4326 586 4398 σκηνὴν
608 4324 771 4377 Δαυῒδ
794 4324 891 4395 τὴν
921 4325 1288 4388 πεπτωκυῖαν,
1310 4322 1406 4375 καλ⁸
1426 4320 1827 4392 ἀνοικοδομήσω

248 4418 453 4490 αὐτὴν,
483 4414 662 4479 καθὼς
699 4416 753 4467 αί
783 4414 983 4484 ἡμέραι
1024 4413 1116 4466 τού
1147 4412 1340 4476 αἰῶνος
1366 4427 1378 4440 ’
1420 4413 1566 4474 ὅπως
1598 4409 1828 4483 ἐκζητή-

1925 3239 2016 3309 qui
2071 3239 2258 3293 dicunt
2309 3258 2322 3293 :
2355 3236 2473 3293 Non
2511 3239 3021 3309 appropinquabunt
3064 3253 3238 3307 neque
3273 3238 3489 3292 venient

1926 3345 2089 3401 super
2113 3344 2214 3384 nos
2247 3328 2405 3382 mala.
2430 3348 2447 3380 ι
2484 3328 2630 3383 Bello
2658 3329 2802 3384 enim
2846 3346 2941 3385 eos
2972 3331 3214 3401 perdam,
3260 3335 3350 3403 qui
3384 3337 3487 3389 im-

1926 3421 2181 3494 probitati
2214 3429 2341 3475 sunt
2374 3419 2564 3485 dediti,
2617 3427 2668 3473 et
2699 3435 2805 3473 non
2832 3421 3063 3475 credunt
3088 3422 3203 3477 fore
3234 3432 3292 3478 ut
3331 3425 3488 3495 juxta

1928 3511 2313 3587 prophetarum
2349 3511 2606 3568 vaticinia
2665 3512 2819 3568 triste
2864 3513 3069 3583 aliquid
3117 3515 3219 3570 sibi
3251 3518 3484 3572 eveniat.

1926 3603 2224 3671 Postquam
2275 3602 2355 3656 sic
2410 3602 2698 3667 hactenus,
2772 3611 3031 3658 eventura
3098 3606 3295 3676 populo
3342 3609 3484 3662 mala

1927 3691 2196 3761 propheta
2252 3689 2521 3759 praedixit,
2580 3699 2694 3745 tum
2726 3708 2845 3762 qua:
2897 3694 2965 3747 ab
3010 3692 3248 3767 Assyriis
3297 3696 3483 3754 decem

1928 3783 2105 3835 tribus
2149 3797 2392 3851 passurae
2429 3789 2605 3848 erant,
2662 3794 2777 3836 tum
2816 3800 2935 3854 qua:
2971 3795 3159 3855 postea
3204 3789 3397 3858 reliqui
3451 3806 3482 3844 a

1929 3872 2264 3942 Babyloniis,
2328 3872 2574 3941 praedicit
2623 3876 2786 3927 etiam
2835 3875 3077 3944 ipsorum
3127 3885 3249 3948 post
3285 3879 3375 3932 illa
3423 3879 3477 3934 in

1930 3963 2125 4018 melius
2154 3963 2588 4031 conversionem,
2619 3968 2799 4035 aitque
2827 3985 2839 4020 :

1999 4231 2166 4290 Vens.
2200 4234 2285 4300 ll,
2311 4233 2396 4288 l2.
2417 4264 2487 4274 —
2505 4253 2522 4285 ι
2545 4232 2639 4288 Die
2669 4233 2757 4288 illa
2782 4234 3057 4291 suscitabo
3079 4224 3484 4299 tabernaculum

1930 4323 2151 4381 Davidis
2176 4324 2319 4395 quod
2347 4322 2564 4388 cecidit,
2584 4332 2637 4379 et
2671 4325 3010 4382 reaedificabo
3042 4329 3170 4384 illud
3206 4332 3347 4387 sicut
3376 4336 3494 4393 dies

1930 4416 2137 4480 saeculi,
2168 4426 2227 4471 ut
2256 4416 2542 4486 exquirant
2562 4430 2649 4470 me
2677 4418 2867 4487 reliqui
2909 4419 3211 4488 hominum‘,
3231 4433 3285 4479 et
3300 4436 3489 4497 gentes

252 4508 397 4563 σωσί
434 4524 499 4578 με
522 4508 569 4559 oi
598 4503 917 4559 κατάλοιποι
949 4503 1056 4555 τῶν
1082 4499 1402 4573 ἀνθρώπων,
1433 4501 1528 4554 καὶ
1558 4500 1735 4554 πάντα
1758 4500 1823 4553 τὰ

1931 4520 2140 4569 omnes,
2181 4521 2345 4575 super
2373 4506 2573 4576 quibus
2602 4505 2909 4561 invocatum
2932 4517 3017 4565 est
3049 4526 3245 4567 nomen
3282 4531 3486 4582 meum,

248 4599 389 4668 ἔθνη
419 4598 502 4665 ἐφ’
525 4596 562 4649 ἃ.
596 4594 946 4664 ἐπικέκληται
978 4593 1036 4646 τὸ
1061 4592 1230 4662 ὄνομά
1256 4608 1356 4662 μου
1382 4593 1469 4643 ἐπ’
1493 4590 1651 4653 αὐτὰ,
1677 4590 1824 4658 λέγει

251 4688 513 4759 Κύριοςὸ
549 4686 716 4739 ποιῶν
753 4686 926 4742 πάντα
958 4683 1145 4737 ταῦτα.
1168 4703 1186 4736 ι
1242 4684 1399 4737 Ἀλλὰ
1424 4682 1529 4753 γὰρ
1565 4684 1701 4753 μετὰ
1727 4682 1826 4754 τὴν

246 4776 369 4829 τῶν
400 4775 655 4846 λυπηρῶν
698 4776 890 4845 πεῖραν
929 4772 1213 4843 μεταϐαλῶ
1246 4772 1421 4825 πάντα
1446 4772 1537 4824 ἐπὶ
1564 4772 1623 4824 τὸ
1648 4773 1828 4842 κρεῖτ-

248 4884 375 4931 τον,
418 4867 513 4920 καὶ
549 4864 792 4935 ἀνεγερῶ
828 4863 921 4919 τοῦ
963 4863 1125 4917 Δαυῖδ
1163 4863 1258 4933 τὴν
1298 4866 1646 4917 πεπτωκυῖαν
1683 4863 1830 4933 βασι-

245 4957 450 5011 λείαν·
502 4957 593 5009 καὶ
637 4956 796 5010 πάλιν
845 4954 904 5019 ἐξ
935 4954 1105 5023 αὐτῆς
1147 4955 1446 5025 ἡγούμενον
1473 4952 1626 5006 δώσω
1666 4954 1829 5007 παντὶ

243 5048 338 5119 τῷ
365 5048 478 5119 λαῷ
502 5065 514 5077 ·
556 5047 629 5110 ὡς
673 5047 748 5118 μὴ
798 5047 954 5117 μόνον
986 5046 1192 5099 τούτων
1234 5046 1359 5108 τοὺς
1388 5045 1827 5115 ὑπολειφθέντας,

244 5139 397 5193 ἀλλὰ
424 5139 533 5210 γὰρ
560 5140 651 5191 καὶ
678 5137 903 5200 πολλοὺς
930 5138 1037 5190 τῶν
1067 5136 1322 5191 ἐναντίων
1352 5136 1456 5189 ὑπὸ
1488 5136 1587 5206 τῆς
1614 5136 1808 5209 γινομέ-

247 5248 368 5285 νων
420 5230 731 5301 ἐκπλήξεως
786 5230 1132 5299 κινουμένους
1178 5227 1308 5281 Θεὸν
1358 5228 1690 5297 ὁμολογῆσαι
1735 5227 1827 5281 τὸν

243 5322 355 5378 τοῦ
379 5321 576 5384 παντὸς
607 5322 835 5392 ποιητήν
877 5338 935 5374 τε
961 5320 1056 5375 καὶ
1088 5318 1291 5390 Κύριον
1310 5335 1323 5349 ·
1350 5318 1520 5371 ταῦτα
1547 5318 1655 5389 γὰρ
1693 5320 1828 5372 ἀπο-

248 5411 506 5481 φαίνεται
532 5412 560 5464 ὁ
592 5410 686 5463 καὶ
714 5409 850 5479 πρὸς
879 5408 1050 5477 πέρας
1069 5407 1210 5472 ἄξων
1240 5407 1379 5461 αὐτὰ
1404 5406 1558 5469 Θεός·
1597 5407 1828 5460 ἐνταῦθα

249 5505 363 5576 μὲν
398 5499 491 5556 οὖν
514 5501 583 5555 τὰ
627 5502 768 5555 κατὰ
810 5502 909 5572 τὴν
943 5500 1198 5552 ἐπάνοδον
1246 5500 1345 5571 τὴν
1379 5498 1487 5551 ἀπὸ
1513 5499 1827 5562 Βαϐυλῶνος

242 5594 427 5661 λέγει,
451 5593 531 5647 ὅτι
551 5593 616 5664 δὴ
638 5592 856 5662 βασιλέα
883 5591 947 5644 ἐκ
968 5590 1060 5644 τοῦ
1084 5590 1246 5645 Δαυῒδ
1266 5590 1394 5645 ὄντα
1422 5590 1512 5644 τὸν
1526 5590 1827 5661 Ζοροϐάϐελ

244 5684 572 5747 ἐπανιόντες
616 5684 709 5736 ἐπὶ
733 5684 801 5736 τά
852 5683 1024 5737 οἰκεία
1074 5683 1304 5753 ἧμελλον
1354 5682 1590 5745 ἅπαντες
1644 5683 1823 5753 ἔχειν’

247 5778 267 5830 ί
277 5788 335 5843 p.
354 5771 481 5840 210)
497 5774 526 5824 ὁ
544 5771 787 5842 μέντοιγε
804 5773 1068 5844 μακάριος
1103 5772 1353 5835 Ἰάκωϐος
1369 5772 1427 5826 ἐν
1445 5776 1560 5837 ταῖς
1589 5774 1824 5844 Ηρὰξεσι

1932 4596 2067 4651 dicit
2110 4595 2374 4652 Dominus
2432 4601 2524 4667 qui
2576 4596 2692 4652 haec
2721 4600 2903 4651 omnia
2949 4599 3097 4656 facit.
3131 4622 3149 4654 ι
3190 4603 3303 4675 Age
3356 4623 3493 4662 vero

1935 4697 2055 4757 post
2075 4686 2448 4741 molestiarum
2482 4688 2919 4759 perpessionem,
2976 4694 3157 4747 omnia
3215 4695 3268 4749 in
3299 4699 3495 4755 melius

1933 4778 2174 4842 mutabo,
2194 4786 2246 4833 ct
2276 4788 2606 4848 prostratum
2656 4779 2877 4837 Davidis
2934 4799 3157 4853 regnum
3190 4791 3438 4846 excitabo
3474 4810 3489 4847 :

1934 4880 2234 4937 rursusque
2260 4883 2327 4922 ex
2360 4869 2480 4937 ipso
2514 4869 2655 4925 dabo
2705 4871 2899 4926 ducem
2944 4875 3195 4931 universo
3233 4881 3432 4949 populo
3476 4902 3489 4935 :

1933 4957 2009 5012 ita
2054 4968 2116 5011 ut
2148 4973 2257 5011 non
2289 4958 2343 5012 hi
2403 4958 2579 5014 solum
2628 4961 2800 5015 ruinae
2847 4966 3189 5032 superstites,
3253 4970 3349 5024 sed
3400 4972 3492 5025 alii

1932 5048 2087 5102 multi
2112 5048 2179 5103 de
2210 5064 2438 5105 numero
2477 5052 2903 5118 contrariorum,
2943 5070 3121 5109 rerum
3153 5059 3342 5113 harum
3377 5068 3496 5116 stu-

1932 5154 2060 5204 pore
2080 5140 2336 5210 perculsi,
2366 5140 2531 5195 Deum
2563 5142 2873 5201 confessuri
2912 5146 3023 5201 sint
3038 5149 3275 5206 universi
3307 5156 3493 5209 mundi

1930 5227 2189 5285 factorem
2226 5246 2288 5285 ac
2320 5230 2629 5287 Dominum.
2663 5234 2874 5306 Quippe
2906 5236 3020 5292 haec
3054 5240 3228 5307 palam
3253 5241 3496 5298 decernit

1934 5320 1982 5374 is
2012 5318 2105 5390 qui
2137 5320 2325 5375 eadem
2369 5321 2435 5375 ad
2458 5322 2662 5377 exitum
2696 5326 2957 5394 perducet
2988 5328 3148 5384 Deus.
3208 5328 3308 5385 Hic
3331 5332 3497 5401 igitur

1931 5424 2021 5464 res
2045 5409 2188 5463 circa
2222 5411 2450 5465 reditum
2489 5411 2763 5485 Babylone
2787 5416 3025 5485 agendas
3059 5418 3221 5486 dicit;
3249 5429 3304 5476 et
3348 5424 3493 5493 quod

1933 5514 2111 5571 regem
2168 5501 2371 5556 Davide
2412 5503 2703 5558 oriundum
2764 5505 3154 5563 Zorobabclem
3197 5527 3387 5569 omnes
3440 5516 3494 5568 in

1935 5591 2151 5661 propria
2202 5592 2431 5647 reduces
2481 5593 2715 5649 habituri
2764 5597 2895 5652 sint.
2941 5596 3162 5654 Beatum
3197 5604 3491 5671 quinetiam

1931 5683 2191 5739 Jacobum
2240 5684 2295 5737 in
2348 5697 2662 5741 sanctorum
2716 5691 3089 5759 apostolorum
3136 5694 3365 5748 Actibus
3428 5694 3494 5748 de

1931 5775 2148 5831 Christo
2190 5776 2414 5831 Domino
2459 5778 2597 5833 hanc
2649 5781 2895 5837 eamdem
2943 5786 3268 5841 locutionem
3334 5803 3495 5843 usma
