3954 6514
464 443 568 499 503
1657 429 2007 488 THEODORI
2046 431 2531 489 MOPSI’ESTENI
3597 423 3688 477 5οι

467 548 625 604 posse
654 538 874 603 apparet
891 532 955 589 ".
1008 543 1267 599 quoniam
1304 541 1367 581 ea
1413 541 1599 583 verum
1646 528 1850 581 exitum
1894 534 2025 580 tunc

2130 525 2240 580 τῶν
2266 528 2435 597 ἁγίων
2460 523 2771 582 ἀποστόλων
2797 519 2912 595 (59)
2943 516 3036 573 ἐπὶ
3062 514 3151 571 τοῦ
3178 512 3447 569 Δεσπότου
3468 515 3687 585 Χριστοῦ

467 626 731 680 habuerat
778 637 901 676 cum
950 633 1142 688 reapse
1192 617 1494 687 collapsum
1538 616 1760 672 Davidis
1797 630 2023 686 regnum

2129 619 2376 688 φαίνεται
2392 621 2459 692 τῇ
2488 622 2638 693 φωνῇ
2670 611 3112 689 συγκεχρημένος
3137 606 3331 680 ταύτῃ,
3357 605 3452 659 ἅτε
3486 605 3579 658 καὶ
3604 607 3688 675 τὴν

469 712 789 779 resurrexit,
846 711 1106 782 omnique
1176 716 1362 765 vetere
1413 709 1721 779 corruptela
1792 708 2026 777 ahjecta,

2131 710 2352 767 ἔκϐασιν
2383 712 2555 783 ἀληθῆ
2586 708 2826 781 λαϐούσῃ
2852 705 2974 761 τότε
3009 701 3242 775 ὁπηνίκα
3288 698 3460 762 ὅντως
3486 699 3519 769 ἡ
3551 696 3689 768 βασι-

467 804 761 879 perfectum
785 814 982 859 statum
1011 801 1375 872 recuperavit.
1431 798 1587 855 Tune
1627 800 1904 854 enimvero
1940 812 2028 852 ce-

2131 800 2250 855 λεία
2281 804 2600 857 πεπτωκυῖα
2618 801 2713 856 τοῦ
2738 798 2903 855 Δαυῒδ
2929 795 3149 864 ἀνέστη,
3175 790 3271 847 καὶ
3295 791 3476 844 πᾶσαν
3501 789 3690 879 41:06a-

469 878 544 970 pit
572 914 795 970 regnum
843 907 1190 967 posterorum
1223 894 1445 950 Davidis
1479 893 1810 955 ﬁrmitatem.
1843 904 2030 961 parem

2132 894 2298 949 λοῢσα
2345 894 2615 968 σάθρωσιν
2636 895 2692 948 έν
2719 890 3014 961 τελειότητι
3037 885 3271 954 κατέστη
3291 898 3307 912 ’
3361 880 3483 936 τότε
3520 878 3584 949 δὴ
3610 881 3692 934 καὶ

466 990 654 1046 diebus
683 989 922 1053 a-ternis,
956 987 1114 1059 139
1149 987 1277 1057 quia
1301 991 1623 1057 perpetuum
1659 992 1861 1040 statum
1889 982 2027 1038 obti-

2133 987 2230 1058 τὴν
2251 986 2537 1058 βεϐαίωσιν
2563 985 2781 1057 εἴληφεν
2800 984 2834 1053 ἡ
2860 979 3103 1052 βασιλεία
3116 976 3216 1048 τῆς
3231 973 3327 1029 τοῦ
3347 970 3509 1027 Δαυῖδ
3533 970 3693 1024 διαδο-

466 1083 603 1138 ηυίι.
632 1081 898 1136 Praeterea
919 1089 973 1135 et
1006 1079 1095 1135 Dei
1114 1095 1330 1151 quoque
1359 1077 1609 1133 notitiam
1629 1076 1771 1147 apud
1790 1075 2027 1144 reliquos

2136 1080 2260 1151 χῆς,
2292 1077 2680 1151 παραπλησίαν
2696 1077 2817 1139 ταῖς
2833 1071 2926 1128 τοῦ
2951 1071 3143 1134 αἰῶνος
3164 1068 3421 1140 ἡμέραις,
3444 1066 3632 1135 ὅτεπερ
3645 1065 3695 1118 έν

469 1174 717 1230 homines
764 1182 1107 1242 cunctasque
1163 1180 1353 1243 gentes
1399 1169 1805 1225 diﬂ'undendam
1843 1166 2029 1231 fuisse,

2135 1173 2375 1244 διηνεκεῖ
2416 1172 2515 1243 τὴν
2562 1171 2822 1224 σύστασιν
2873 1162 3050 1237 εἶχεν·
3103 1162 3197 1217 καὶ
3240 1160 3338 1232 μὲν
3381 1159 3475 1212 καὶ
3507 1156 3568 1209 τὸ
3607 1159 3693 1228 τὴν

466 1282 556 1321 res
588 1267 721 1336 ipsa:
753 1275 917 1336 gesta:
946 1278 1131 1319 verum
1155 1263 1621 1318 demonstrarunt.
1663 1261 2027 1328 Quamobrem

2142 1264 2431 1333 ἐπίγνωσιν
2462 1264 2561 1334 τὴν
2593 1262 2741 1317 θείαν
2770 1256 3089 1328 ἐγγενέσθαι
3108 1255 3221 1317 τοῖς
3248 1252 3453 1312 λοιποῖς
3480 1247 3587 1336 των
3614 1248 3697 1300 ἀν-

467 1360 745 1430 prophetae
787 1356 1005 1427 quidem
1033 1371 1134 1411 vox
1162 1371 1249 1412 res
1292 1363 1416 1426 post
1458 1355 1691 1411 reditum
1747 1363 2028 1410 eventuras

2137 1331 2367 1424 θρώπων
2410 1331 2683 1405 καὶ-πᾶσι
2714 1349 2770 1402 δὲ
2804 1350 2915 1411 τοῖς
2942 1345 3170 1405 ἔθνεσιν.
3215 1342 3299 1394 ἐπ’
3333 1338 3513 1393 αὐτῶν
3533 1331 3698 1389 ὦπται

471 1428 738 1506 hactenus
767 1448 903 1507 dixit
939 1464 953 1501 :
1002 1456 1240 1502 attamen
1286 1447 1557 1501 dictorum
1599 1445 1821 1510 veritas,
1864 1452 1918 1498 et
1946 1443 2032 1498 ﬁr-

2138 1443 2241 1497 τῶν
2270 1443 2611 1514 πραγμάτων
2638 1441 2700 1495 τὸ
2724 1438 2920 1510 ἀληθές
2940 1453 2954 1468 ο
2984 1435 3124 1490 ὥστε
3149 1431 3398 1505 εἰρῆσθαι
3433 1429 3533 1500 μὲν
3562 1428 3699 1495 παρὶ

472 1542 656 1603 mitas,
694 1549 747 1594 et
795 1537 1170 1599 immobilitas,
1229 1550 1294 1590 ac
1325 1536 1684 1607 perpetuitas,
1722 1537 1777 1590 in
1819 1534 2033 1591 Christo

2137 1533 2229 1588 τοῦ
2269 1537 2549 1607 προφήτου
2577 1534 2674 1605 τὴν
2710 1531 2891 1602 φωνὴν
2918 1529 2988 1583 τὰ
3019 1526 3159 1582 κατὰ
3186 1524 3286 1595 τὴν
3312 1522 3568 1577 ἐπάνοδον
3590 1520 3698 1572 ἐσό-

469 1631 701 1686 Doniino
741 1638 961 1685 ostensa
990 1637 1044 1686 et
1075 1628 1407 1695 consistens,
1439 1629 1644 1700 justam
1675 1628 1815 1684 beati
1849 1626 2030 1683 Jacobi

2141 1644 2274 1697 μενα
2320 1628 2612 1698 μηνύοντος
2640 1626 2807 1687 τέωςο
2862 1622 2924 1676 τὸ
2951 1622 3009 1675 δὲ
3040 1620 3146 1673 τῶν
3181 1616 3485 1688 εἰρημένων
3516 1612 3702 1681 ἀληθὲς

473 1724 624 1780 dicto
653 1722 1031 1779 auctoritatem
1064 1721 1311 1792 praebuit.

2143 1719 2232 1773 καὶ
2263 1719 2477 1789 βέϐαιον
2512 1720 2605 1772 καὶ
2630 1717 2923 1771 ἀσάλευτον
2952 1713 3044 1766 ἐπὶ
3066 1711 3160 1766 τοῦ
3180 1708 3453 1762 Δεσπότου
3476 1703 3704 1778 Χριστοῦ

469 1816 811 1889 δεικνύμενόν
833 1832 893 1869 τε
926 1815 1019 1868 καὶ
1058 1814 1256 1868 συστὰν
1285 1813 1496 1867 δικαίαν
1527 1811 1801 1884 εἰληφέναι
1828 1815 1891 1866 ἐκ
1919 1812 2011 1866 τοῦ
2037 1812 2305 1885 μακαρίου
2348 1810 2604 1866 Ἰακώϐου
2640 1810 2738 1879 τῆς
2774 1808 2957 1878 φωνῆς
2984 1806 3085 1877 τὴν
3121 1805 3314 1875 χρῆσιν
3333 1802 3413 1865 (51
3431 1803 3466 1859 i.

543 1908 742 1964 Deinde
769 1914 824 1962 et
852 1905 1177 1977 generaliter
1203 1904 1501 1974 praedicens
1536 1919 1655 1974 quae
1690 1914 1819 1958 tunc
1853 1904 2033 1958 lsrae-

2209 1901 2341 1957 Είτα
2388 1902 2480 1955 καὶ
2527 1900 2751 1955 καθόλου
2802 1897 3019 1969 μηνύων
3071 1895 3141 1948 τὰ
3175 1894 3292 1947 τότε
3342 1892 3526 1953 αὐτοῖς
3564 1906 3707 1958 περι-

470 2004 582 2058 litis
610 2006 883 2056 eventura:
914 2006 1072 2052 erant
1115 1996 1531 2067 prosperitates,
1568 2004 1893 2051 caeterorum
1926 1997 2031 2050 ritu

2145 1996 2369 2067 εσόμενα
2395 1993 2555 2055 καλὰ,
2592 1990 2989 2062 παραπλησίως
3031 1989 3141 2050 τοῖς
3174 1985 3381 2046 λοιποῖς
3410 1983 3706 2053 προφήταις

471 2084 854 2165 prophetarum
881 2089 1035 2151 dicit,
1061 2088 1251 2143 adl'ore
1281 2088 1389 2142 illis
1416 2087 1785 2141 omnimodam
1816 2087 2031 2157 frugum

2148 2088 2285 2156 λέγει
2314 2086 2375 2139 τὸ
2407 2085 2499 2139 καὶ
2530 2084 2637 2137 τῶν
2670 2081 2892 2153 καρπῶν
2923 2081 3023 2150 τὴν
3054 2076 3313 2147 ἀφθονίαν
3340 2074 3524 2136 αὐτοῖς
3556 2090 3709 2143 προσ·

470 2184 706 2252 copiam,
758 2180 833 2233 ita
868 2185 928 2231 ut
959 2183 1311 2233 coacervatas
1350 2189 1490 2229 areae
1529 2173 1711 2245 fruges
1744 2180 2031 2243 exceptura

2150 2176 2365 2230 ἔσεσθαι
2395 2174 2688 2238 παντελῶς,
2713 2174 2788 2237 ὡς
2820 2174 2942 2235 τοὺς
2971 2172 3029 2235 ἐξ
3063 2171 3266 2233 ἅλωνος
3294 2165 3711 2237 συλλεγομένους

472 2274 541 2328 sit
569 2269 864 2332 vindemia,
900 2266 1130 2321 maturis
1168 2270 1385 2334 semper
1413 2265 1692 2319 concessis
1723 2262 2032 2330 fructibus;

2151 2268 2391 2339 καρποὺς
2419 2265 2755 2336 διαδέχεσθαι
2782 2263 2879 2334 τὴν
2911 2262 3138 2333 τρύγην,
3162 2260 3385 2332 ὡρίμων
3409 2258 3507 2328 μὲν
3538 2256 3712 2317 αὐτοῖς

472 2373 525 2421 et
552 2364 686 2430 ipsis
715 2360 1101 2431 propemodum
1145 2356 1420 2411 montibus
1454 2356 1796 2427 collibusque
1825 2357 2033 2426 copiam

2151 2358 2541 2431 ἀποδιδομένων
2580 2356 2687 2411 τῶν
2726 2354 2973 2427 καρπῶν,
3020 2357 3093 2422 (p.
3137 2352 3262 2422 2H)
3308 2351 3468 2422 μόνον
3506 2349 3567 2401 δὲ
3603 2349 3712 2418 οὐχὶ

474 2451 972 2525 suppeditantibus,
1038 2458 1091 2503 et
1121 2447 1268 2501 omni
1335 2462 1393 2500 re
1456 2447 1599 2502 bona
1669 2445 2035 2501 afﬂuentibus.

2151 2450 2237 2504 καὶ
2269 2450 2376 2505 τῶν
2423 2447 2565 2521 ὀρῶν
2611 2448 2705 2501 καὶ
2747 2447 2854 2501 τῶν
2888 2445 3091 2517 βουνῶν
3132 2443 3331 2514 πολλὴν
3364 2442 3550 2504 αὐτοῖς
3579 2456 3712 2508 παρ-

473 2545 853 2612 L‘aptivitatem
910 2540 1093 2609 populi
1140 2537 1462 2602 dissolvam,
1512 2545 1570 2591 ut
1609 2537 1790 2593 securi
1824 2537 1955 2599 sint,
1994 2545 2034 2591 el

2155 2542 2374 2614 εχόντων
2417 2542 2516 2613 τὴν
2574 2540 2851 2611 ἀφθονίαν,
2907 2538 3134 2592 πλείστά
3173 2553 3231 2588 τε
3275 2536 3375 2589 ὅσα
3412 2531 3716 2601 ἐκφυόντων

475 2632 812 2704 postliminio
858 2629 1129 2694 fruantur,
1190 2636 1243 2681 et
1282 2642 1413 2682 suas
1466 2626 1628 2682 urbes
1663 2626 1718 2681 in
1765 2626 2036 2696 antiquam

2155 2634 2310 2689 καλά.
2348 2635 2458 2688 Καὶ
2502 2634 2601 2704 τὴν
2653 2633 2748 2703 μὲν
2788 2631 3161 2701 αἰχμαλωσίαν
3216 2628 3383 2691 λύσω,
3421 2626 3607 2695 φησὶν,
3645 2621 3716 2689 τῷ

479 2728 707 2778 formam
737 2728 1069 2783 restaurent,
1135 2728 1188 2773 et
1217 2718 1471 2788 agricolae
1497 2726 1657 2773 terra:
1703 2732 1733 2771 a
1771 2732 1831 2773 se
1884 2717 2040 2772 culta:

2154 2725 2277 2795 λαῷ,
2306 2724 2445 2777 ὥστε
2469 2723 2729 2783 λαϐόντας
2756 2739 2815 2774 τε
2844 2720 3049 2785 ἄδειαν,
3081 2719 3173 2772 καὶ
3202 2716 3493 2784 γεγονότας
3528 2716 3585 2766 ὲν
3616 2714 3715 2774 τοῖς

477 2818 689 2873 fructus
721 2816 1043 2887 percipiant.
1085 2810 1339 2866 Firmiter
1366 2826 1458 2865 eos
1490 2812 1545 2865 in
1586 2824 1685 2865 sua
1723 2808 1896 2880 patria
1932 2818 2038 2863 sta-

2157 2817 2387 2880 >ἰκείοις,
2416 2816 2509 2869 καὶ
2540 2815 2638 2878 τὰς
2668 2814 2845 2877 οίκίας
2890 2813 3028 2867 κατὰ
3066 2810 3125 2863 τὸ
3168 2807 3391 2862 παλαιὸν
3417 2804 3718 2875 ἀνορθῶσαι

477 2912 694 2976 biliam;
728 2910 780 2963 id
812 2909 954 2963 enim
987 2912 1145 2961 sonat
1198 2904 1400 2959 dictio:
1425 2902 1803 2971 «Etplantabo
1842 2916 1938 2956 eos
1993 2900 2038 2954 in

2157 2909 2356 2979 σχῆμα,
2402 2908 2493 2960 καὶ
2524 2907 2620 2977 τὴν
2636 2907 2739 2975 γῆν
2769 2901 3281 2975 κατεργασαμένους
3326 2898 3419 2951 τὸν
3459 2896 3525 2961 ἐξ
3560 2895 3718 2964 αὐτῆς

480 3012 625 3057 terra
651 3013 878 3064 eorum;
902 3008 1101 3053 retnon
1132 2994 1308 3050 sinam
1358 2994 1586 3048 ulterius
1621 3002 1775 3048 extra
1814 2995 2041 3063 patriam

2163 2998 2463 3068 ιομίζεσθαι
2496 2996 2726 3066 καρπόν.
2756 2990 2843 3045 Ἐν
2859 2992 3056 3063 βεϐαίῳ
3080 3008 3137 3045 τε
3172 2990 3367 3051 αὐτοὺς
3400 2986 3724 3054 καταστήσω

480 3093 755 3161 regionem
790 3088 931 3148 ﬁeri,
962 3088 1121 3155 cujus
1155 3086 1306 3156 ipsos
1348 3087 1415 3139 ab
1443 3086 1598 3140 initio
1629 3084 1880 3140 dominos
1920 3084 2041 3139 feci.

2164 3090 2245 3160 πῆς
2273 3087 2477 3153 οἰκείας
2506 3089 2607 3157 γῆς
2628 3104 2640 3116 ο
2671 3085 2827 3138 τοῦτο
2854 3085 2962 3155 γὰρ
2990 3083 3138 3151 λέγει
3157 3083 3236 3148 τὸ,
3268 3100 3285 3132 ι
3318 3075 3725 3146 Καταφυτεύσω

478 3182 614 3237 Nam
649 3182 833 3244 verba,
868 3198 887 3232 ι
924 3178 988 3232 Et
1017 3194 1124 3233 non
1158 3178 1461 3232 evellentur
1492 3177 1635 3230 ultra
1664 3176 1891 3231 deterra
1919 3191 2039 3239 sua,

2165 3178 2345 3241 ιὺτοὺς
2370 3180 2426 3230 ὲν
2466 3178 2532 3247 τῇ
2557 3178 2626 3247 γῇ
2672 3174 2867 3238 αὐτῶν,
2897 3194 2916 3228 ›
2941 3175 3036 3229 καὶ
3056 3173 3155 3225 οὐκ
3192 3171 3336 3223 ἐάσω
3376 3168 3479 3238 τῆς
3529 3165 3726 3226 οἰκείας

482 3287 643 3341 quam
664 3271 745 3325 eis
768 3268 915 3334 dedi,
941 3287 959 3319 ι
982 3268 1085 3321 hoc
1107 3267 1436 3335 signiﬁcant;
1457 3265 1509 3318 id
1529 3273 1613 3320 est
1632 3268 1819 3336 procul
1837 3267 1926 3320 illa
1943 3281 2043 3322 non

2167 3270 2255 3336 [ξω
2287 3267 2536 3336 γενέσθαι
2568 3266 2746 3337 χώρας
2790 3265 2891 3327 ἔτι,
2932 3259 3113 3336 ἧσπερ
3144 3258 3237 3315 οὖν
3277 3262 3471 3323 αὐτοὺς
3513 3256 3728 3327 κυρίους

482 3362 941 3424 amandabuntur,
961 3367 1120 3429 prout
1138 3367 1268 3411 tunc
1282 3366 1537 3411 evenerat
1550 3372 1671 3411 cum
1686 3357 1901 3427 pr0pria
1920 3372 2043 3428 cap-

2169 3360 2404 3429 ὶπέφηνα
2451 3359 2546 3429 τὴν
2574 3359 2777 3428 ἁρχήν’
2813 3356 2873 3409 τὸ
2902 3356 3031 3425 γὰρ,
3078 3373 3095 3405 ι
3135 3354 3209 3407 Oi)
3241 3353 3316 3423 μὴ
3354 3347 3730 3405 ὲκσπασθῶσιν

482 3455 696 3509 tivitate
712 3460 975 3523 tanquam
996 3448 1544 3518 velamineimpediti,
1570 3465 1638 3503 ne
1661 3449 1902 3518 aspicere
1925 3450 2043 3519 qui-

2171 3450 2472 3504 ιὺκέτιάπὸ
2510 3450 2607 3520 τῆς
2640 3449 2742 3519 γῆς
2774 3448 2949 3501 αὐτῶν
2986 3443 3053 3517 ἦς
3082 3445 3257 3499 ἔδωκα
3292 3443 3495 3505 αὐτοῖς,
3536 3459 3555 3493 ι
3583 3438 3732 3491 τοῦτο

480 3547 601 3602 dem
626 3547 859 3617 patriam
883 3558 1039 3599 suam
1072 3548 1347 3611 poterant.
1371 3537 1486 3594 Hoc
1504 3546 1608 3607 est,
1634 3540 1831 3609 inquit,
1857 3541 2041 3596 decre-

2171 3542 2332 3614 ῑηλοῖι
2366 3542 2451 3595 ἵνα
2480 3542 2607 3615 εἴπῃ
2639 3542 2719 3594 ὅτι
2759 3541 2819 3592 οὐ
2851 3540 3166 3609 γενήσονται
3193 3536 3363 3605 αὐτῆς
3396 3534 3476 3587 ἐτι
3515 3533 3732 3602 πόρῤω·

478 3649 594 3694 tum
614 3652 861 3709 opusque
881 3635 976 3691 Dei
998 3649 1175 3689 rerum
1194 3632 1437 3687 omnium
1452 3632 1717 3687 creatoris
1735 3648 1797 3686 ac
1812 3630 2039 3686 Domini.

2171 3634 2296 3687 ὒστε
2323 3636 2388 3706 τῇ
2412 3632 2758 3705 αἰχμαλωσίᾳ⁵
2801 3631 2986 3700 ὥσπερ
3013 3629 3119 3681 τινὶ
3150 3626 3508 3696 κατεχόμενοι
3544 3622 3732 3692 σκέπῃ,

490 3733 624 3805 μηδὲ
658 3731 791 3803 ὀρᾷν
814 3728 1068 3782 δύνασθαι
1099 3726 1198 3799 τὴν
1226 3725 1432 3782 οἰκείαν
1466 3723 1592 3797 γῆν,
1640 3724 1828 3781 Ταῦτα
1868 3728 2135 3798 δὲ,φησὶν,
2178 3729 2449 3800 ἀπόφασίς
2476 3746 2534 3781 τε
2564 3727 2659 3781 καὶ
2694 3725 2849 3798 ἔργον
2875 3723 3010 3778 Θεοῦ
3047 3722 3141 3777 τοῦ
3173 3720 3396 3792 ποιητοῦ
3425 3736 3485 3772 τε
3525 3716 3739 3771 πάντων

489 3830 583 3883 καὶ
611 3826 839 3899 Κυρίου.

560 3946 602 3977 ⁵⁸
628 3946 748 3999 Act.
783 3958 873 4007 xv,
910 3939 991 3995 16.

557 4057 670 4129 (Si)
702 4056 821 4129 llic,
844 4062 897 4108 et
933 4054 1081 4129 aﬂhi,
1111 4063 1164 4129 et
1187 4050 1482 4129 praesertim
1526 4050 1578 4103 in
1613 4048 2064 4129 ll’rologoradjo-
2164 4049 2261 4105 sed
2308 4047 2694 4129 prophetarum
2747 4044 2816 4100 de
2850 4042 3072 4098 Christo
3124 4040 3383 4096 vaticinia
3442 4050 3742 4109 agnoscere

490 4118 922 4191 nunt,'viilemus
963 4118 1307 4191 Theodorum
1344 4127 1606 4191 nostrum
1634 4120 1896 4191 haudita
1954 4120 2064 4170 ίου-
2165 4129 2217 4177 et
2255 4118 2552 4189 explicare.

489 4189 781 4268 δαιόφρονα
804 4209 945 4255 esse,
970 4200 1027 4247 ut
1057 4190 1385 4262 quibusdam
1435 4189 1706 4244 interdum
1763 4189 1911 4243 visus
1946 4195 2071 4259 fuit,

504 4461 3740 4528 M’MWM'“

1090 4667 1658 4764 EPMHNEIA
1718 4663 2122 4755 ΑΒΔΙΟΥ
2187 4662 2415 4749 ΤΟΥ
2479 4653 3130 4747 ΠΡΟΦΗΤΟΥ.

1415 4481 3666 4515 _______—-———————______———__————————_____—————-———-————————-

628 5090 1760 5221 COMMENTARIUS
1841 5091 1986 5204 ΙΝ
2062 5082 2607 5201 ABDIAM
2694 5075 3627 5197 PROPHETAM.

576 5547 957 5623 lwluimici
988 5542 1198 5613 jamdiu
1229 5537 1599 5595 israelitarum
1628 5532 1851 5588 idumaei
1883 5540 2071 5597 erant,

2260 5524 2536 5595 ’Λπεχθῶς
2581 5523 2784 5578 ἄνωθεν
2817 5520 3103 5590 Ἰδουμαῖοι
3164 5515 3299 5588 πρὸς
3329 5514 3453 5575 τοὺς
3496 5514 3763 5583 Ἰσραηλι-

502 5604 765 5713 “ﬁala
828 5639 883 5693 hi
945 5604 1205 5707 optabant
1268 5631 1484 5686 illorum
1539 5624 1834 5689 excidium,
1905 5632 2063 5694 atque

2208 5635 2272 5682 ας
2326 5615 2502 5686 ἔσχον,
2544 5616 2672 5686 περὶ
2724 5611 2919 5666 πολλοῦ
2967 5628 3025 5663 τε
3066 5608 3245 5663 αὐτῶν
3298 5604 3632 5675 ποιούμενοι
3680 5605 3768 5671 τὴν

2277 5708 2316 5713 -_
2578 5705 2590 5713 .
2638 5707 2651 5713 -
2704 5704 2716 5713 .
2821 5706 2843 5713 _
3259 5700 3270 5713 .
3471 5697 3485 5713 .
3568 5698 3617 5713 -,
3664 5694 3740 5713 ..ρ

504 5694 818 5787 εοτιιιιίάεηι
859 5725 1103 5781 adversis
1128 5720 1349 5779 casibus
1394 5718 1757 5772 laetabantur:
1791 5712 1901 5769 imo
1946 5726 2065 5768 cum

2207 5708 2472 5769 ιπώλειαν,
2507 5705 2602 5758 καὶ
2635 5704 2729 5757 ἐπὶ
2752 5706 2871 5767 ταῖς
2901 5700 3393 5773 προσ-γιγνομέναις
3421 5697 3624 5758 αὐτοῖς
3654 5694 3768 5763 ηδό-

505 5827 748 5893 ipsorum
795 5832 1012 5892 quoque
1061 5814 1309 5872 hostibus
1355 5816 1617 5883 perpetuo
1661 5804 2066 5877 conspirabant,

2210 5816 2333 5855 Levat
2382 5796 2707 5869 συμφοραῖς,
2760 5794 2900 5848 ὥστε
2954 5792 3048 5847 καὶ
3100 5786 3477 5860 συμπράττειν
3529 5787 3615 5857 (p.
3650 5781 3771 5853 212)
