3954 6520
330 336 437 390 305

1508 335 2009 398 COMMENTABIU
2023 339 2062 394 S
2095 338 2163 395 IN
2194 334 2470 393 ABDIAM.

3462 332 3593 390 ⁷306

339 449 470 520 πρὸς
520 445 731 501 ἅπαντα
775 448 885 511 τοῖς
930 447 1174 503 ἐπιοῦσιν
1223 449 1425 515 αὐτοῖς,
1470 448 1573 522 ἤδη
1606 451 1736 507 ποτὲ
1782 451 1922 506 κατὰ

2031 462 2313 524 postquam
2345 449 2454 505 Deo
2484 448 2832 520 permittente
2858 444 3117 503 Israelita:
3146 443 3315 502 variis
3343 442 3592 501 cladibus

332 540 482 593 θείαν
518 537 861 611 συγχώρησιν
893 540 949 593 ὲν
982 540 1146 611 πείρᾳ
1174 540 1494 596 καθίσταντο
1523 544 1708 598 κακῶν
1726 560 1739 574 ·
1761 544 1919 613 γεγό-

330 650 494 686 νεσαν
525 631 633 703 γὰρ
665 632 992 703 Ἰσραηλῖται
1025 634 1121 704 μὲν
1146 636 1210 687 ὲκ
1236 634 1328 687 τοῦ
1364 633 1558 689 Ἰακὼϐ
1592 636 1920 705 κατάγοντες

331 722 395 776 ab
435 723 614 791 γένος,
657 722 941 793 Ἰδουμαῖοι
992 723 1049 777 δὲ
1107 726 1171 778 ὲκ
1216 724 1312 778 τοῦ
1348 724 1544 789 Ἠσαῦ,
1599 725 1816 795 ἀδελφοὶ
1862 726 1919 781 δὲ

331 810 473 885 ἦσαν
512 805 658 866 οὗτοι
712 814 818 867 υἱοὶ
862 812 955 868 τοῦ
998 816 1215 875 Ἰσαάκο
1265 818 1359 871 καὶ
1383 817 1569 887 ἐπειδὴ
1600 817 1739 871 κατά
1771 816 1919 872 θείαν

333 905 516 976 κρίσιν
557 905 664 957 τῶν
712 904 1094 976 πρωτοτοκίων
1140 907 1231 959 ἐπὶ
1266 906 1358 960 τὸν
1394 906 1589 961 Ἰακὼϐ
1626 906 1920 979 μετεληλυ-

334 996 529 1060 θότων,
584 995 673 1049 διά
723 996 912 1066 μίσους
956 1013 1015 1050 τε
1073 994 1217 1068 εἶχεν
1282 996 1444 1052 αὐτὸν
1494 1000 1522 1052 ὁ
1578 998 1768 1066 Ἡσαῦ,
1825 998 1921 1053 καὶ

332 1088 541 1142 ἀνελεῖν
593 1087 785 1161 καιροῦ
836 1088 1136 1160 λαϐόμενος
1182 1088 1463 1159 ἠϐούλετο,
1511 1089 1922 1161 παρασκευάζει

334 1180 438 1250 μὲν
472 1178 562 1231 τὸν
598 1177 793 1233 Ἰακὼϐ
823 1180 902 1242 είς
938 1180 1035 1251 τὴν
1073 1179 1297 1253 Χαρρὰν
1341 1178 1596 1234 ἀπελθεῖν
1639 1183 1673 1251 ἡ
1713 1180 1920 1251 μήτηρ,

332 1273 412 1334 ὡς
440 1272 506 1326 ἂν
537 1271 724 1342 πόρρω
747 1271 1028 1340 γεγονότος
1047 1273 1346 1343 λωφήσειεν
1379 1275 1411 1344 ἡ
1441 1273 1578 1345 ὀργὴ
1605 1273 1699 1326 τοῦ
1730 1272 1919 1328 Ἠσαῦο

332 1362 432 1416 καὶ
460 1362 525 1434 δὴ
562 1363 654 1417 καὶ
688 1361 837 1426 θείας
888 1365 1144 1435 προνοίας
1186 1364 1439 1432 ἀξιωθεὶς
1491 1364 1518 1419 ὁ
1555 1364 1748 1419 Ἰακὼϐ
1788 1383 1924 1421 παν-

329 1454 504 1518 τελῶς
528 1453 749 1524 διέφυγε
794 1454 885 1511 τοῦ
916 1454 1146 1527 ἀδελφοῦ
1187 1458 1286 1529 τὴν
1321 1456 1557 1528 βλάϐηνο
1595 1456 1923 1529 μετελήλυθε

329 1546 391 1600 δὲ
422 1547 569 1617 ὅμως
599 1548 678 1610 είς
708 1548 835 1611 τοὺς
867 1546 927 1613 ἐξ
958 1548 1139 1602 αὐτῶν
1174 1550 1207 1621 ἡ
1249 1548 1439 1623 ἐχθρω
1477 1550 1753 1621 διέμεινάν
1782 1568 1841 1604 τε
1874 1552 1922 1605 οἱ

331 1642 403 1692 ὲκ
438 1637 533 1692 τοῦ
569 1637 737 1693 Ἦσαῦ
771 1644 1099 1711 κατάγοντες
1141 1640 1203 1694 τδ
1247 1643 1402 1711 γένος
1437 1642 1726 1712 Ἰδουμαῖοι
1767 1642 1924 1696 πολε-

334 1729 477 1799 μίως
519 1729 653 1799 πρὸς
694 1731 821 1794 τοὺς
880 1732 1222 1803 Ἰσραηλίτας
1249 1732 1461 1804 ἔχοντες
1500 1734 1564 1786 ὲκ
1592 1732 1688 1786 τοῦ
1729 1731 1922 1787 Ἰακὼϐ

331 1820 757 1892 καταγομένους,
808 1823 883 1889 ὡς
929 1822 1066 1895 ἔφην
1107 1825 1237 1896 ἧδη’
1289 1824 1546 1888 ποικίλως
1588 1825 1768 1879 τοίνυν
1822 1825 1924 1897 τὴν

330 1915 460 1966 κατ’
489 1913 666 1968 αὐτῶν
696 1913 897 1987 ἔχθραν
943 1915 1396 1987 ἐπιδεικνύμενοι,
1427 1916 1582 1970 οὐθὲν
1624 1912 1787 1989 ἦττον
1825 1917 1922 1989 τὴν

330 2005 507 2076 αὐτὴν
537 2004 879 2070 ἐπεδείξαντο
904 2004 1130 2077 γνώμην
1162 2006 1252 2060 καὶ
1282 2006 1421 2060 κατά
1449 2006 1539 2060 τὸν
1564 2006 1758 2078 καιρὸν
1784 2007 1924 2060 ἐκεῖ·

331 2110 445 2161 νον,
479 2095 598 2148 καθ’
624 2094 682 2149 ὃν
722 2096 1042 2169 Ἀσσυρίους
1084 2114 1145 2150 τε
1192 2097 1571 2169 Ἰσραηλίταις,
1616 2098 1711 2152 καὶ
1751 2097 1926 2151 Βαϐυ-

331 2184 565 2251 λωνίους
596 2186 822 2259 ὕστερον
870 2190 935 2259 τῇ
988 2206 1051 2243 τε
1106 2189 1459 2261 Ἰερουσαλὴμ
1506 2190 1599 2244 καὶ
1658 2192 1771 2254 τοῖς
1825 2190 1925 2262 τῆς

345 2275 521 2331 Ἰούδα
573 2277 742 2350 φυλῆς
796 2278 1040 2333 ἐπελθεῖν
1098 2279 1325 2351 συνέϐηο
1367 2280 1508 2334 ὥστε
1553 2280 1648 2334 καὶ
1697 2280 1927 2335 πλεῖστα

330 2367 439 2421 ὅσα
464 2366 556 2421 ἐπί
594 2385 653 2421 τε
672 2367 779 2422 τῶν
828 2369 1092 2423 Ἰουδαίων
1131 2369 1378 2442 ἀπωλείᾳ
1420 2373 1533 2435 τοῖς
1566 2369 1928 2434 Βαϐυλωνίοις

334 2458 659 2528 συμπράξαι
677 2473 691 2488 °
722 2459 967 2514 ἐντεῦθεν
995 2462 1023 2513 ὁ
1054 2462 1318 2531 μακάριος
1341 2461 1503 2515 Δαυῖδ
1531 2460 1602 2515 τά
1645 2461 1785 2517 κατά
1816 2463 1925 2517 Βα-

335 2549 554 2604 ϐυλῶνα
572 2551 926 2623 προφητεύων
960 2553 1111 2624 λέγει
1133 2551 1253 2625 μέν·
1276 2552 1320 2623 ί(
1342 2548 1491 2621 Ἐπὶ,
1505 2554 1619 2611 τῶν
1666 2553 1927 2625 ποταμῶν

336 2641 660 2705 Βαϐυλῶνος
707 2643 823 2695 ἐκεῖ
865 2642 1194 2713 ὲκαθίσαμεν
1240 2644 1333 2698 καὶ
1373 2643 1737 2715 ὲκλαύσαμεν,
1777 2664 1796 2697 ι
1834 2645 1929 2699 καὶ

334 2729 411 2783 τὰ
442 2731 603 2799 ἑξῆςο
651 2731 715 2785 δι’
745 2726 820 2786 ὧν
860 2732 1069 2787 ἐδείκνυ
1127 2734 1194 2789 τὰ
1232 2734 1371 2789 κατά
1415 2735 1514 2808 τὴν
1554 2735 1930 2806 αἰχμαλωσίαν

336 2823 559 2893 ἐκείνην
586 2824 765 2887 αὐτοῖς
803 2824 1185 2896 συμϐεϐηκότα
1229 2828 1406 2882 κακά’
1441 2827 1516 2897 (p.
1567 2828 1693 2895 2l3)
1740 2828 1927 2900 ἐπειδὴ

334 2915 398 2967 δὲ
424 2915 517 2967 καὶ
545 2914 640 2985 τὴν
668 2915 760 2968 ἐπὶ
802 2915 865 2969 τὸ
907 2918 1151 2987 κρεῖττον
1179 2918 1357 2972 αὐτῶν
1400 2919 1697 2991 μεταϐολὴν
1728 2919 1929 2991 ἤμελλε

341 3004 572 3076 μηνύειν
597 3044 613 3069 ,
668 3006 890 3074 ἐπάγεισ
928 3025 947 3058 ι
984 3009 1271 3080 Μνὴσθητι
1296 3050 1311 3076 ,
1369 3010 1540 3082 Κύριε
1564 3051 1579 3076 ,
1633 3010 1742 3066 τῶν
1796 3012 1927 3065 υίῶν

2022 540 2161 595 allici
2195 544 2473 612 ceperant.
2508 536 2678 593 Porro
2720 536 2976 593 lsraelitae
3019 550 3049 590 a
3079 533 3250 591 Jacob
3281 549 3454 605 genus
3479 544 3593 589 tra.

2020 633 2245 695 hebant,
2287 628 2504 684 Idumaei
2543 628 2612 683 ab
2650 626 2811 693 Esau,
2838 628 2928 698 qui
2972 630 3168 682 fratres
3214 631 3373 681 erant
3411 624 3596 681 lsaaco

2023 723 2215 796 geniti.
2260 721 2379 777 Jam
2412 722 2539 791 quia
2587 719 2772 775 divino
2818 719 3026 790 judicio
3053 718 3145 789 jus
3177 725 3308 772 natu
3367 716 3595 787 majoris

2022 816 2089 869 ad
2121 812 2292 869 Jacob
2321 812 2631 877 transierat,
2683 817 2847 880 atque
2876 810 2946 865 ob
2979 809 3030 863 id
3080 808 3318 864 invisum
3361 806 3596 862 habebat

2022 904 2287 962 Jacobum
2328 903 2492 969 Esau,
2535 917 2767 972 eumque
2795 900 3122 964 interﬁcere,
3166 900 3213 955 si
3243 899 3465 955 occasio
3505 906 3595 953 tu-

2026 1002 2199 1063 lisset,
2244 1000 2589 1063 moliebatur,
2650 995 2801 1053 dedit
2830 1009 3052 1063 operam
3110 1002 3284 1049 matcr
3326 1000 3388 1047 ut
3426 991 3596 1047 Jacob

2024 1090 2265 1145 Charras
2304 1089 2762 1160 peregrinaretur,
2818 1086 2949 1140 dum
2985 1083 3203 1140 interim
3244 1098 3309 1139 eo
3343 1084 3598 1139 submoto

2025 1181 2332 1252 quiesceret
2389 1179 2531 1234 Esau
2586 1177 2757 1232 furor.
2818 1174 2885 1229 Et
2928 1173 3100 1230 Jacob
3137 1172 3358 1244 quidem
3412 1172 3599 1227 divina

2026 1276 2364 1348 providentia
2389 1280 2565 1329 tectus
2609 1272 2768 1342 plane
2807 1269 3000 1325 vitavit
3041 1266 3362 1336 impendens
3402 1281 3431 1319 a
3476 1280 3601 1336 ger-

2025 1381 2190 1422 mano
2246 1364 2503 1429 exitium;
2560 1362 2654 1418 sed
2709 1369 2887 1415 tamen
2922 1358 3164 1412 manavit
3222 1356 3277 1411 in
3351 1363 3600 1423 posteros

2026 1457 2221 1512 horum
2301 1456 2484 1511 odium
2532 1473 2546 1509 :
2590 1453 3042 1519 retinueruntque
3112 1447 3252 1503 Esau
3311 1446 3599 1516 progenies

2026 1548 2247 1605 Idumaei
2301 1546 2528 1602 hostiles
2585 1544 2800 1598 animos
2842 1540 3135 1595 adversum
3199 1535 3478 1593 lsraelitas
3534 1534 3603 1589 de

2014 1640 2218 1703 Jacob,
2280 1648 2340 1692 ut
2364 1636 2501 1695 dixi.
2564 1634 2902 1705 progenitos.
2946 1630 3194 1699 Cumque
3246 1626 3601 1695 multifariam

2019 1733 2131 1800 jam
2165 1728 2534 1800 prodidissent
2564 1726 2895 1782 simultatem
2934 1722 3231 1786 illam,tum
3257 1718 3420 1774 etiam
3449 1732 3606 1772 men-

2027 1832 2135 1879 tem
2170 1837 2324 1878 snam
2357 1828 2690 1890 aperuerunt
2716 1830 2824 1886 quo
2869 1822 3113 1884 tempore
3161 1813 3370 1882 Assyrii
3408 1817 3602 1865 contra

2027 1912 2405 1983 Hierosolyma
2429 1908 2693 1978 Judaeque
2725 1905 2952 1971 tribum,
3008 1901 3407 1972 expeditionem
3456 1898 3602 1958 fece—

2025 2014 2174 2063 runt.
2212 2004 2366 2059 Tunc
2400 2016 2533 2057 sane
2580 1999 2814 2071 plurima
2846 1996 2914 2052 ad
2947 1994 3260 2051 Judzeorum
3303 1989 3601 2061 perniciem

2029 2098 2297 2156 fecerunt.
2344 2110 2469 2149 cum
2522 2088 2841 2162 Babyloniis
2895 2086 3297 2157 conspirantes.
3340 2081 3521 2148 Quare
3547 2085 3605 2135 et

2029 2193 2219 2246 beatus
2252 2185 2419 2242 David
2449 2200 2537 2241 res
2570 2179 2928 2254 Babylonicas
2961 2176 3264 2248 praedicens
3294 2173 3370 2228 ait
3398 2190 3412 2227 :
3452 2189 3470 2223 ι
3497 2168 3603 2225 Su-

2028 2298 2124 2355 per
2154 2280 2374 2337 ﬁumina
2400 2274 2713 2348 Babylonis,
2757 2271 2868 2327 illic
2900 2269 3147 2325 ﬁevimus
3176 2265 3243 2331 ‘°,
3264 2288 3281 2321 ι
3302 2275 3356 2322 et
3370 2262 3601 2333 reliqua.

2028 2353 2238 2442 Quibus
2276 2370 2456 2427 verbis
2496 2367 2636 2422 mala
2679 2379 2777 2436 per
2815 2362 2962 2416 illam
3010 2358 3380 2430 captivitatem
3401 2353 3606 2409 Iudaeis

2028 2474 2289 2524 eventura
2317 2459 2669 2533 signiﬁcavit.
2731 2455 3116 2512 Verumtamen
3138 2450 3268 2520 quia
3314 2447 3601 2503 meliorem

2029 2572 2245 2630 quoque
2266 2569 2448 2610 rerum
2480 2551 2727 2607 ordinem
2758 2544 3157 2603 restituendum
3176 2543 3426 2596 dicturus
3449 2546 3567 2595 erat
3586 2577 3601 2601 ,

2031 2649 2242 2707 addidit
2267 2665 2283 2703 :
2322 2664 2340 2699 ι
2361 2645 2631 2700 Memento
2657 2640 2886 2697 Domine
2917 2638 3153 2692 liliorum
3186 2633 3405 2700 Edomi,
3431 2632 3524 2702 qui
3550 2632 3605 2686 in

2030 2743 2119 2799 die
2162 2738 2665 2809 Hierosolymorum
2720 2731 2983 2786 aiebant:
3071 2720 3355 2780 Exinanite
3389 2765 3403 2789 ,
3445 2720 3600 2792 141

2030 2834 2307 2890 exinanite
2338 2846 2369 2886 a
2406 2824 2776 2884 fundamentis
2829 2822 3041 2877 urbem.
3068 2833 3089 2868 ι
3128 2811 3482 2882 Perspicuum
3520 2820 3606 2867 est

2033 2924 2173 2980 ﬁlios
2203 2919 2394 2976 Edomi
2422 2933 2453 2972 a
2481 2915 2685 2975 Davide
2708 2911 2935 2981 intelligi
2980 2907 3274 2975 ldummos,
3325 2905 3414 2974 qui
3449 2909 3606 2956 utra-

2032 3030 2137 3086 que
2167 3010 2529 3084 appellatione
2564 3007 2878 3068 utebantur,
2919 3008 2980 3055 ut
3009 3011 3383 3070 saepenumero
3426 3009 3493 3049 ex
3522 2991 3609 3047 di-

352 3095 535 3192 Ἐδὼμ
559 3097 654 3192 τὴν
686 3098 897 3192 ἡμέραν
935 3100 1309 3192 Ἰερουσαλὴμ,
1340 3102 1449 3155 τῶν
1481 3102 1765 3172 λεγόντων·
1803 3105 1928 3159 Ἐκ-

2038 3108 2163 3163 vina
2208 3104 2491 3173 Scriptura
2546 3110 2880 3170 cognoscere
2940 3093 3102 3159 licet;
3158 3086 3479 3173 etquidem
3539 3097 3605 3140 ex

339 3188 585 3253 κενοῖηε,
614 3190 899 3243 ὲκκενοῦτε
940 3190 1044 3255 ἕως
1085 3192 1194 3247 τῶν
1239 3191 1504 3264 θεμελίων
1541 3196 1710 3267 αὐτῆς
1733 3212 1749 3229 ο
1789 3215 1807 3249 ι
1838 3195 1930 3250 εὖ·

340 3278 503 3350 δηλον
538 3279 644 3353 γὰρ
683 3281 764 3335 ὅτι
816 3282 963 3347 υίοὺς
1002 3283 1179 3354 Ἐδὼμ
1226 3285 1351 3350 τοὺς
1392 3286 1724 3357 Ἰδουμαίους
1759 3287 1929 3357 λέγει,

340 3368 685 3441 ἀμφοτέραις
714 3372 937 3437 ταύταις
975 3374 1338 3444 καλουμένους
1370 3378 1489 3440 ταῖς
1518 3379 1929 3450 προσηγορίαις,

337 3460 423 3525 ὡς
452 3460 716 3532 πολλαχοῦ
747 3482 807 3517 τε
839 3467 903 3518 ὲκ
926 3465 1026 3536 τῆς
1055 3466 1205 3529 θείας
1243 3466 1418 3521 ἔνεστι
1454 3470 1647 3538 μαθεῖν
1673 3472 1893 3543 Γραφῆς
1914 3487 1928 3503 '

338 3550 443 3603 καί
469 3550 617 3604 οὐδὲν
645 3546 802 3623 ἦττον
830 3554 893 3607 ἐκ
939 3556 1037 3626 τῆς
1058 3554 1167 3609 τῶν
1200 3556 1494 3611 Βασιλειῶν
1540 3560 1814 3632 ἱστοριῶν,
1848 3563 1930 3616 ὅτι

356 3640 619 3713 Ἀμεσίας
651 3645 883 3712 ἐπάταξε
922 3648 1012 3700 τὸν
1055 3647 1233 3719 Ἰζδὼμ
1265 3650 1323 3703 ὲν
1363 3650 1615 3724 πολέμῳο
1662 3649 1782 3708 εἶτα
1823 3656 1933 3709 ἀπ-

345 3732 557 3787 έστειλε
605 3736 704 3805 μὲν
730 3738 867 3809 πρὸς
892 3738 984 3791 τὸν
1034 3740 1250 3811 Ἰσραὴλ
1297 3741 1541 3811 βασιλέα,
1565 3744 1658 3797 ἐπὶ
1699 3746 1934 3818 πόλεμον

342 3826 513 3880 αὐτὸν
535 3827 961 3899 ἐκκαλούμενοςο
989 3830 1017 3882 ὁ
1048 3830 1105 3884 δὲ
1145 3831 1472 3901 ὑϐριστικῶς
1500 3836 1936 3909 ἀποκρινάμενος

344 3916 490 3986 πρὸς
517 3918 700 3985 αὑτὸν,
720 3919 854 3989 πρὸς
888 3922 1001 3984 τοῖς
1035 3918 1241 3984 λοιποῖς
1281 3919 1376 3976 καὶ
1407 3923 1564 3978 τοῦτό
1597 3942 1760 3999 φησιο
1795 3930 1936 3983 «Πα-

342 4007 519 4072 τάξας
542 4008 810 4074 ὲπάταξες
830 4010 929 4080 τὴν
970 4010 1271 4081 Ἰδουμαίαν
1290 4028 1303 4041 ·
1337 4014 1428 4065 καὶ
1455 4014 1627 4086 ἐπῆρε
1659 4033 1716 4068 σε
1742 4018 1773 4088 ἠ
1804 4034 1936 4089 καρο

343 4098 440 4152 δία
474 4115 565 4152 σου
599 4102 633 4172 ἠ
663 4100 884 4171 βαρεῖα⁸
918 4120 936 4152 ι
965 4099 1058 4165 οὓς
1094 4102 1150 4156 ὲν
1192 4105 1304 4165 τοῖς
1350 4104 1638 4176 ἀνωτέροις
1674 4103 1809 4162 εἶναι
1842 4108 1935 4163 τοῦ

361 4189 545 4261 Ἐδὼμ
588 4191 712 4263 ἔφη,
756 4192 1083 4262 Ἰδουμαίους
1136 4195 1192 4246 ὲν
1236 4193 1443 4260 τούτοις
1494 4196 1694 4251 είπὼν·
1786 4200 1937 4272 Μνή-

349 4282 513 4353 σθητι
543 4284 741 4349 τοίνυν,
782 4287 934 4356 φησὶ,
963 4284 1073 4339 τῶν
1118 4286 1451 4357 Ἰδουμαίων,
1496 4290 1654 4343 ὁποῖα
1703 4291 1765 4362 δὴ
1814 4292 1936 4347 καθ’

349 4374 514 4444 ἡμῶν
542 4376 919 4444 πεποιήκασιν,
947 4376 995 4429 οἳ
1031 4376 1121 4431 τὸν
1159 4377 1347 4449 καιρὸν
1384 4379 1481 4449 τῆς
1519 4383 1805 4452 συμφορᾶς
1839 4383 1939 4455 τῆς

2033 3201 2345 3271 Regnorum
2371 3192 2526 3249 libris
2547 3186 2912 3246 historicis”.
2947 3183 3152 3251 Quarta
3188 3181 3334 3237 enim
3377 3175 3609 3232 historia

2032 3268 2165 3350 dicit
2191 3292 2258 3345 ab
2303 3284 2524 3341 Amesia
2568 3295 2770 3338 caesum
2822 3276 2994 3333 fuisse
3034 3276 3091 3329 in
3136 3272 3257 3328 acie
3316 3268 3606 3330 Edomum,

2032 3383 2227 3443 deinde
2257 3382 2479 3435 missam
2509 3376 2575 3431 ab
2607 3388 2675 3430 eo
2706 3371 3029 3443 legationem
3049 3366 3118 3422 ad
3150 3364 3369 3420 lsraelis
3399 3374 3607 3434 regem,

2033 3485 2096 3534 ut
2122 3476 2190 3531 ad
2222 3472 2468 3546 praelium
2494 3482 2618 3524 eum
2644 3469 3005 3537 provocaret;
3074 3458 3222 3514 hunc
3271 3466 3453 3509 autem
3483 3464 3608 3506 cum

2035 3540 2319 3624 stomacho
2366 3557 2716 3631 respondisse
2760 3553 2836 3609 illi
2893 3554 3037 3608 inter
3074 3558 3314 3604 caetera:
3357 3560 3375 3594 ι
3404 3540 3613 3597 Extulit

2035 3668 2090 3716 tc
2121 3656 2379 3729 superbia
2430 3650 2616 3708 cordis
2641 3649 2743 3713 tui,
2801 3652 3090 3716 propterea
3122 3639 3269 3712 quod
3291 3635 3448 3692 clade
3480 3632 3614 3687 alie-

2036 3755 2177 3810 ceris
2193 3724 2505 3805 ldumaaam.
2536 3764 2554 3797 ι
2587 3742 2736 3809 Quos
2754 3740 2807 3795 in
2840 3733 3213 3806 superioribus
3246 3730 3385 3787 dixit
3420 3724 3611 3780 Edomi

2039 3847 2202 3909 ﬁlios,
2233 3855 2377 3897 nunc
2407 3837 2673 3893 idumaaos
2717 3832 2848 3887 dicit
2893 3827 3147 3886 historia.
3191 3822 3380 3891 Itaque
3421 3815 3611 3881 David,

2038 3937 2332 3995 Memento,
2361 3932 2456 3993 ait,
2491 3935 2693 3998 quanta
2722 3922 2938 3980 Idumaei
2962 3928 3156 3975 contra
3203 3931 3304 3971 nos
3347 3912 3602 3971 fecerint,

2035 4024 2128 4097 qui
2156 4020 2478 4078 calamitatis
2507 4025 2708 4072 nostra:
2729 4022 2975 4082 tempore
3017 4006 3317 4062 abusisunt
3353 4009 3613 4069 tanquam

2038 4091 2171 4169 ansa
2194 4113 2258 4165 ad
2295 4124 2450 4166 suam
2472 4102 2903 4177 expromendam
2940 4097 3234 4161 malitiam;
3262 4093 3464 4164 quique
3488 4091 3618 4146 hos-

2040 4201 2186 4255 tibus
2242 4196 2449 4252 nostris
2509 4195 2652 4248 vires
2698 4190 3051 4250 addiderunt,
3106 4192 3167 4239 ut
3209 4183 3524 4238 universam
3584 4194 3614 4230 a

2040 4290 2409 4348 fundamentis
2433 4291 2686 4343 eruerent
2703 4285 2913 4348 urLem,
2930 4278 3172 4349 nihilque
3190 4276 3244 4331 in
3267 4290 3329 4330 ea
3346 4272 3614 4341 reliquum

2040 4400 2163 4440 esse
2193 4389 2534 4453 paterentur.
2558 4376 2892 4447 Addiditque
2916 4390 2929 4427 :
2962 4390 2981 4424 ι
3004 4370 3142 4426 Filia
3190 4366 3480 4438 Babylonis
3509 4362 3615 4417 mi-

348 4463 651 4535 ἡμετέρας,
676 4466 947 4536 πρόφασιν
981 4465 1082 4535 τῆς
1119 4466 1326 4521 ἑαυτῶν
1353 4468 1677 4540 ἐποιήσαντο
1709 4470 1928 4536 κακίας·

2043 4476 2199 4532 sera!
2266 4471 2417 4527 Felix
2471 4469 2566 4541 qui
2617 4467 2809 4523 reddet
2850 4463 2949 4519 tibi
2996 4458 3412 4517 retributionem
3452 4467 3615 4524 quam

352 4553 500 4607 ὥστε
545 4556 657 4617 τοῖς
698 4553 1080 4625 έπεληλυθόσιν
1123 4556 1253 4626 ἡμῖν
1296 4558 1696 4628 συνεπισχύειν,
1737 4560 1792 4612 εἴ
1821 4578 1938 4625 πως

354 4645 579 4698 ἃπασαν
606 4647 669 4698 ὲκ
702 4644 916 4716 βάθρων
943 4645 1311 4701 ἀνασπάσειαν
1336 4648 1434 4717 τὴν
1467 4649 1639 4714 πόλιν,
1672 4651 1763 4704 καὶ
1802 4651 1938 4723 μηδὲ

353 4736 608 4803 λείψανον
708 4735 873 4808 αὐτῆς
913 4754 964 4792 τι
1012 4737 1358 4794 καταλίποιεν
1399 4737 1513 4792 ἔτι·
1566 4741 1659 4795 καὶ
1701 4742 1928 4813 ἐπάγει·

361 4840 383 4872 ι
395 4821 649 4894 Θυγάτηρ
667 4823 983 4888 Βαϐυλῶνος
1001 4828 1033 4897 ή
1053 4824 1415 4899 ταλαίπωρος,
1443 4830 1710 4902 μακάριος
1723 4831 1783 4895 ὃς
1808 4835 1938 4887 ἀντ-

354 4911 628 4968 αποδὼσει
655 4931 736 4968 σοι
761 4916 829 4979 τὸ,
855 4916 1202 4990 ἀνταπόδομά
1231 4935 1346 4986 σου,
1390 4922 1467 4990 (ρ.
1505 4920 1632 4994 214)
1664 4923 1693 4977 ὃ
1724 4925 1933 4979 ἀνταπ-

355 5004 567 5070 έδωκας
606 5009 769 5080 ἡμῖν⁸
816 5029 836 5062 ›
870 5010 1078 5076 δεικνὺς
1131 5012 1213 5066 ὅτι
1256 5012 1380 5066 τότε
1406 5012 1470 5085 δὴ
1498 5014 1592 5069 καὶ
1624 5016 1941 5087 Ἰδουμαίοις

354 5093 503 5164 ὑπὲρ
548 5097 645 5169 τῆς
692 5097 918 5172 γνώμης
962 5102 1176 5174 ὲκείνης
1229 5102 1417 5168 ἐπάξει
1463 5104 1562 5176 τὴν
1611 5107 1878 5179 τιμωρίαν
1911 5110 1941 5163 ὀ

356 5183 523 5248 Θεὸςο
549 5189 784 5260 ὁπηνίκα
814 5192 878 5263 δὴ
923 5192 1021 5264 τὴν
1057 5192 1158 5265 μὲν
1201 5193 1554 5248 Βαϐυλωνίων
1601 5201 1942 5256 κατασπάσει

2046 4567 2203 4622 nobis
2236 4560 2578 4619 retribuisti!
2610 4579 2626 4611 ι
2662 4557 2979 4628 signiﬁcans
3009 4551 3127 4607 fore
3156 4557 3216 4604 ut
3248 4547 3439 4604 eodem
3480 4551 3619 4598 tern-

2046 4672 2176 4727 pore
2199 4654 2449 4710 Idumaeis
2473 4665 2694 4722 quoque
2724 4648 2795 4705 ob
2823 4644 3137 4717 bujusmodi
3171 4642 3417 4713 ipsorum
3462 4650 3619 4690 men-

2046 4761 2153 4807 tcnt
2204 4764 2394 4820 poenas
2435 4749 2576 4803 Deus
2634 4745 2940 4815 imponeret
2972 4758 2986 4796 :
3017 4739 3276 4795 nimirum
3322 4748 3433 4806 quo
3477 4738 3620 4786 tem-

2045 4856 2175 4913 pore
2196 4839 2340 4896 Deus
2368 4836 2791 4908 Babyloniorum
2827 4830 3115 4903 imperium
3144 4839 3442 4884 eversurus
3477 4826 3616 4883 erat,

2046 4912 2360 5003 regiamque
2389 4929 2585 4983 horum
2620 4924 2810 4981 urbem
2847 4938 2971 4978 cum
3015 4934 3143 4991 rege
3176 4915 3501 4983 cunctisque
3532 4912 3618 4965 in-

2047 5001 2208 5084 colis,
2241 5017 2532 5073 Persarum
2579 5012 2840 5085 potestati
2881 5010 3208 5072 traditurus,
3253 5011 3312 5060 ut
3341 5003 3410 5058 ab
3443 5001 3528 5054 his
3555 5010 3622 5053 eo

2041 5109 2166 5181 jure
2192 5117 2581 5171 tractarentur,
2632 5105 2776 5176 quod
2813 5104 2918 5173 ipsi
2964 5099 3172 5171 pridem
3201 5103 3391 5153 contra
3430 5090 3624 5146 Hiero-

2050 5204 2259 5275 solyma
2289 5206 2649 5257 exercuerant
2686 5216 2698 5252 :
2737 5194 3007 5267 expeditis
3036 5189 3256 5248 interim
3307 5182 3624 5256 captivitate

355 5278 699 5368 δυναστείαν,
726 5281 822 5352 τὴν
858 5282 1281 5356 βασιλευομένην
1311 5286 1461 5339 πόλιν
1499 5286 1679 5343 αὐτῶν
1716 5290 1831 5362 ἅμα
1868 5295 1928 5368 τᾷ

2050 5295 2317 5351 lsraelitis
2343 5301 2506 5363 atque
2537 5291 2593 5346 in
2620 5289 2853 5360 patriam
2882 5282 3174 5343 restitutis.

354 5381 419 5459 τε
448 5366 670 5437 ’βασιλεῖ
707 5372 799 5426 καὶ
825 5374 962 5426 πᾶσι
985 5377 1096 5438 τοῖς
1121 5373 1358 5428 οίκοῦσιν
1389 5374 1556 5448 αὐτὴν
1580 5380 1852 5450 παραδοὺς
1872 5364 1984 5452 τοῖς
2006 5389 2242 5459 Πέρσαις
2268 5384 2552 5458 (ὖῖὶ,ὧστε
2585 5382 2679 5437 κα)⁸
2709 5379 2900 5435 παθεῖν
2922 5376 3049 5447 παρ’
3070 5370 3248 5428 αὐτῶν
3268 5367 3453 5422 ἐκεῖνα
3482 5364 3625 5433 ἆπερ

355 5457 456 5517 οὖν
488 5462 627 5517 κατά
654 5465 756 5536 τῆς
794 5465 1147 5541 Ἰερουσαλὴμ
1180 5469 1549 5525 πεποιήκεσαν
1590 5471 1719 5544 ῆδψ
1759 5457 2100 5552 Ἰσραηλίτας
2120 5481 2176 5536 δὲ
2203 5482 2302 5552 τῆς
2334 5457 2668 5550 κατεχούσης
2692 5471 3006 5540 ἀπαλλάξας
3025 5464 3399 5541 αἰχμαλωσίας
3424 5461 3502 5524 είς
3524 5458 3644 5529 τὴν)

356 5557 566 5612 οίκείαν
587 5557 771 5632 χώραν
792 5562 1111 5636 ὲπαναγάγῃ
1134 5564 1313 5619 πάλιν.

432 5678 484 5711 ⁸⁸
538 5678 686 5737 Psal.
728 5697 953 5750 cxxxvt,
994 5685 1047 5743 1.
1126 5689 1169 5720 ⁶¹
1209 5685 1275 5742 IV
1301 5686 1437 5760 leg.
1477 5703 1590 5755 xiv,
1630 5687 1718 5745 lo.
1794 5689 1841 5721 “
1876 5686 2261 5754 Psal.cxxxvr,
2301 5693 2354 5742 δ.

436 5770 553 5845 (32)
587 5771 704 5830 Sub
741 5775 904 5847 Cyro.
