3860 6562
403 364 509 421 507

480 479 933 551 Quandoquidem
973 497 1102 554 ergo
1149 483 1293 542 Deus
1334 495 1651 557 correptura
1696 488 1965 543 Israelitas
1997 495 2050 549 Α

410 570 554 621 mala
604 571 987 639 prophetarum
1037 588 1131 628 ore
1183 590 1327 645 saepe
1378 578 1744 645 przedixerat,
1797 580 1976 648 primo

409 656 630 723 quidem
666 659 734 713 ab
767 660 1004 730 Assyriis
1038 664 1363 732 imponenda
1388 710 1402 733 ,
1444 666 1639 721 iterum
1672 684 1702 721 a
1746 668 1977 739 Babylo-

374 784 377 785 ν
410 747 518 800 niis
536 764 658 801 cum
690 751 977 807 universus
1009 751 1174 809 lsrael
1198 757 1431 825 migrare
1456 759 1835 828 patriajussus
1862 768 1974 826 est;

409 846 461 892 et
487 840 612 906 quia
636 840 788 895 valde
812 883 826 905 ,
853 851 909 895 ut
961 843 1072 897 diti
1099 886 1112 909 ,
1142 861 1238 915 per
1263 847 1314 901 id
1354 858 1568 918 tempus
1600 849 1819 903 ldumzei
1853 865 1975 902 cum

410 927 658 983 hostibus
701 942 1126 999 consenserunt,
1169 938 1297 991 dum
1339 938 1586 993 idoneam
1644 941 1783 995 nacti
1820 955 1979 994 occa-

412 1019 619 1073 sionem
684 1036 744 1076 se
799 1024 1087 1080 crederent
1156 1030 1420 1097 perdendi
1496 1032 1739 1087 funditus
1790 1047 1978 1087 omnes

412 1110 723 1180 quicunque
755 1112 822 1168 de
856 1114 1151 1171 Israelitica
1186 1119 1355 1187 stirpe
1383 1128 1566 1175 essent
1596 1122 1736 1192 (qua
1760 1123 1814 1175 in
1846 1136 1905 1176 re
1925 1129 1979 1175 et

410 1198 630 1255 Idumaei
681 1202 799 1257 siue
824 1203 992 1259 dubio
1036 1207 1143 1262 Deo
1181 1208 1612 1265 adversabantur
1636 1251 1651 1276 ,
1693 1212 1783 1281 qui
1820 1211 1980 1265 Jaco-

410 1288 539 1341 bum
582 1289 805 1358 majoris
833 1302 962 1347 natu
1012 1296 1296 1368 privilegio
1326 1300 1583 1369 dignatus
1614 1300 1789 1355 fuerat
1822 1299 1978 1371 142

410 1388 747 1449 cunctosque
765 1383 927 1453 hujus
949 1394 1198 1455 posteros
1221 1391 1484 1459 peculiari
1509 1406 1814 1461 magnaque
1849 1405 1980 1445 cura

412 1472 912 1544 complectebatur;
973 1487 1027 1533 et
1096 1481 1250 1550 ipsos
1316 1481 1595 1538 lsraelitas
1656 1498 1981 1554 magnopere

413 1576 645 1616 nimrere
696 1580 795 1633 par
836 1576 974 1632 erat,
1013 1571 1141 1639 quia
1222 1573 1423 1641 posteri
1480 1572 1600 1641 ejus
1656 1573 1748 1642 qui
1798 1574 1981 1627 divino

413 1651 634 1707 decreto
688 1656 1034 1728 primogeniti
1096 1662 1296 1717 tulerat
1359 1664 1816 1727 benedictionem,
1868 1664 1982 1718 haec

413 1745 759 1814 patiebantur
780 1750 848 1804 ab
869 1750 937 1807 iis
962 1754 1054 1822 qui
1082 1769 1204 1808 cum
1224 1770 1324 1810 suo
1362 1766 1585 1825 parente
1606 1754 1981 1810 benedictione

1567 370 1911 427 TliEODORI
1941 370 2418 428 MOPSUESTENI

3554 372 3647 425 308

2158 488 2374 560 Ἐπειδὴ
2398 490 2578 541 τοίνυν
2605 486 2861 550 πολλάκις
2895 486 2981 540 διά
3015 486 3123 540 τῶν
3151 483 3451 555 προφητῶν
3478 486 3507 537 6
3531 485 3648 549 Θεὸς

2084 579 2152 632 τὰ
2187 579 2608 649 καταληψόμενοι
2645 568 2768 640 τοὺς
2805 577 3140 649 Ἰσραηλίτας
3187 574 3287 646 ἐφη
3334 575 3499 640 κακά,
3529 578 3646 646 πρό.

2084 687 2239 741 τερον
2281 670 2378 739 μὲν
2416 670 2520 722 ὑπὸ
2554 668 2869 737 Ἀσσυρίων,
2919 669 3023 721 ὑπὸ
3066 665 3423 719 Βαϐυλωνίων
3456 665 3510 718 δὲ
3549 670 3647 737 μετ’

2084 761 2279 823 ἐκεῖνο,
2325 761 2406 812 ὃτι
2459 775 2517 811 τε
2572 758 2909 828 αἰχμάλωτος
2964 757 3107 819 ἄπας
3155 758 3184 808 6
3226 754 3443 824 Ἰσραὴλ
3481 755 3649 807 τοῦτον

2085 850 2460 921 ἀπαχθήσεται
2509 849 2597 902 τὸν
2648 849 2882 919 τρόπον’
2916 846 3115 917 πολλὴν
3158 846 3235 909 δὲ,
3274 845 3349 908 ὼς
3391 845 3542 915 ἔφην,
3571 845 3650 899 ἐπὶ

2083 943 2192 995 τῶν
2236 941 2443 1013 καιρῶν
2485 942 2704 995 ἐκείνων
2727 941 2825 1008 τὴν
2863 938 3069 992 οἰκείαν
3112 937 3453 1002 ἐπεδείξαντο
3482 952 3651 1007 συνερ-

2084 1033 2209 1102 γίαν
2243 1034 2557 1103 Ἰδουμαῖοι,
2600 1032 2789 1103 καιρὸν
2844 1029 3144 1100 ἐπιτήδειον
3184 1026 3463 1098 εἰληφέναι
3515 1027 3648 1096 νομί-

2088 1141 2276 1187 σαντες
2322 1125 2400 1186 εἰς
2437 1124 2498 1176 τὸ
2548 1121 2854 1192 πανωλεθρὶ
2885 1120 3089 1184 πάντας
3130 1118 3390 1173 ἀπολέσαι
3438 1118 3559 1181 τοὺς
3597 1119 3652 1171 ἐκ

2084 1213 2182 1282 τῆς
2242 1212 2637 1284 Ἰσραηλιτικῆς
2700 1211 3061 1281 ὡρμημένους
3119 1207 3475 1277 συγγενείας*
3528 1208 3648 1277 ὅπερ

2083 1301 2151 1375 ἦν
2182 1303 2300 1375 Θεῷ
2328 1302 2703 1373 πολεμούντων
2734 1300 3032 1371 προδήλως,
3060 1298 3117 1361 ὃς
3140 1297 3231 1351 τόν
3261 1313 3316 1349 τε
3352 1294 3545 1349 Ἰακὼό
3564 1294 3650 1363 τῆς

2085 1396 2193 1449 τῶν
2222 1394 2600 1466 πρωτοτοκίων
2630 1393 2860 1462 ἠξίωσεν
2893 1389 3162 1459 εὐλογίας,
3197 1389 3290 1442 καὶ
3321 1388 3536 1442 πάντων
3558 1385 3651 1438 τῶν

2087 1487 2292 1541 ἐκεῖθεν
2346 1485 2729 1554 καταγομένων
2793 1482 2992 1552 πολλήν
3061 1498 3185 1533 τινα
3242 1480 3333 1531 καὶ
3399 1477 3652 1548 ἐξαίρετον

2088 1577 2452 1649 πεποιημένος
2480 1574 2813 1629 διατετέλεκε
2830 1573 2926 1644 τὴν
2958 1570 3272 1641 ἐπιμέλειαν
3290 1587 3305 1603 ·
3352 1569 3575 1641 ἀθυμεῖν
3600 1584 3651 1620 τε

2088 1672 2179 1725 ἐπὶ
2207 1670 2414 1733 τούτοις
2438 1668 2582 1731 εἰκὸς
2618 1663 2688 1737 ἦν
2726 1667 2854 1728 τοὺς
2890 1663 3249 1735 Ἰσραηλίτας,
3281 1663 3329 1715 εἰ
3360 1663 3425 1714 ἐκ
3458 1660 3546 1713 τοῦ
3566 1661 3652 1730 τήν

2088 1763 2335 1829 εὐλογίαν
2367 1760 2474 1814 τῶν
2509 1756 2890 1830 πρωτοτοκίων
2928 1754 3069 1808 κατά
3117 1753 3267 1807 θείαν
3299 1750 3651 1822 κομισαμένου

413 1837 598 1891 divina
653 1840 1013 1913 exciderant),
1058 1845 1128 1899 ob
1186 1846 1319 1910 hate,
1362 1848 1606 1916 inquam,
1670 1846 1980 1901 necessario

2095 1854 2257 1923 ζκῆφον
2290 1852 2670 1921 καταγόμενοι,
2706 1848 2781 1919 (p.
2803 1847 2930 1914 2l5)
2974 1844 3198 1899 τοιαῦτα
3241 1843 3500 1912 πάσχοιεν
3523 1842 3653 1911 παρὰ

414 1925 558 1983 Deus
610 1930 827 1985 beatum
874 1934 1192 2002 prOplietam
1247 1937 1504 1991 excitavit
1561 1936 1828 2002 Abdiam,
1884 1937 1976 2007 qui

413 2021 673 2076 universo
704 2038 804 2077 suo
826 2025 1089 2079 vaticinio
1121 2035 1441 2081 eventuram
1472 2026 1723 2083 ldumaais
1762 2042 1977 2097 pennam

415 2109 767 2179 signiﬁcaret,
807 2127 932 2167 cum
986 2112 1095 2168 Dco
1134 2115 1433 2185 aliquando
1477 2116 1654 2171 visum
1706 2117 1845 2170 foret
1891 2133 1980 2172 res

414 2199 784 2258 lsraelitarum
819 2205 872 2258 in
904 2205 1193 2275 pristinam
1223 2209 1643 2278 prosperitatem
1678 2208 1978 2276 vindicare;

414 2312 445 2350 a
490 2298 714 2353 servitio
761 2298 972 2353 scilicet
1025 2299 1301 2369 expedire,
1349 2316 1572 2370 suaeque
1616 2302 1805 2370 patriae
1860 2301 1983 2357 red-

415 2388 566 2450 dere,
625 2396 685 2442 ut
750 2388 1124 2462 Hierosolyma
1180 2393 1553 2449 instaurarent
1611 2394 1983 2464 templumque

416 2479 743 2535 reficerent:
781 2481 838 2535 in
870 2497 980 2551 quo
1009 2486 1247 2539 maxime
1280 2486 1511 2540 decebat
1537 2486 1737 2540 iterum
1758 2500 1984 2555 congre-

418 2571 534 2640 gari
569 2586 685 2633 eos,
729 2579 787 2625 ut
829 2573 901 2626 ibi
936 2575 1193 2643 legitimis
1234 2592 1364 2647 erga
1406 2575 1574 2631 Deum
1628 2578 1985 2647 religionibus

417 2674 796 2731 operarentur.
833 2663 899 2717 Et
929 2666 1146 2734 quidem
1184 2683 1331 2721 nunc
1360 2667 1504 2722 haud
1532 2667 1731 2738 exiguo
1758 2681 1989 2721 mmren~

421 2756 568 2811 tibus
617 2755 813 2811 solatio
881 2765 999 2811 erat
1064 2757 1260 2813 horum
1330 2769 1621 2814 eventuum
1674 2757 1985 2829 praedictio;

2084 1944 2188 1998 τῶν
2227 1945 2289 1997 ἐκ
2331 1942 2424 1995 τοῦ
2470 1940 2808 2011 προπάτορος
2848 1938 3046 1991 οἰκείου
3086 1935 3185 2004 τῆς
3225 1933 3487 2000 εὐλογίας
3535 1933 3649 1984 ἀπο-

2081 2030 2384 2101 6ληθέντων
2408 2029 2507 2099 τῆς
2548 2028 2695 2091 θείας
2715 2044 2727 2057 ⁸
2758 2026 3072 2095 ἀναγκαίως
3111 2023 3204 2077 τὸν
3242 2022 3507 2093 μακάριον
3534 2037 3650 2089 προ-

2082 2123 2257 2194 φήτην
2297 2120 2507 2173 Ἀὁδίαν
2557 2119 2648 2172 ἐπὶ
2693 2116 2864 2188 τούτῳ
2910 2116 3198 2186 κεκίνηκεν
3234 2115 3263 2165 6
3289 2112 3443 2174 Θεὸς,
3483 2112 3555 2173 ὼς
3598 2110 3653 2163 ἂν

2081 2214 2169 2269 διὰ
2214 2214 2393 2283 πάσης
2433 2209 2595 2265 αὑτοῦ
2634 2209 2737 2278 τῆς
2773 2208 3126 2280 προρρήσεως
3159 2204 3257 2276 τὴν
3283 2200 3651 2273 καταληψομέ-

2081 2324 2178 2377 νην
2212 2304 2539 2374 Ἰδουμαίους
2572 2301 2861 2373 μηνύσειεν
2893 2299 3159 2371 τιμωρίαν
3178 2315 3191 2329 ’
3220 2297 3460 2369 ὁπηνίκα
3481 2296 3541 2349 ἂν
3568 2295 3647 2348 ἐπὶ

2082 2399 2143 2453 τὸ
2194 2400 2439 2470 κρεῖττον
2500 2394 2825 2465 μεταγαγεῖν
2890 2392 2958 2444 τά
3000 2391 3349 2463 Ἰσραηλιτῶν
3400 2388 3649 2460 δοκιμάσῃ

2084 2491 2235 2555 Θεὸς,
2260 2485 2619 2556 ἐπαναγαγὼν
2638 2503 2695 2539 τε
2730 2484 2926 2547 αὐτοὺς
2951 2485 3014 2537 ἐκ
3053 2484 3151 2553 τῆς
3175 2481 3549 2554 αἰχμαλωσίας
3570 2479 3649 2532 καὶ

2084 2587 2150 2654 τῇ
2186 2582 2339 2654 χώρᾳ
2369 2579 2531 2634 πάλιν
2576 2576 2859 2640 ἀποδιδοὺς
2900 2578 2966 2646 τῇ
3016 2574 3209 2649 οἰκείᾳ,
3257 2573 3401 2627 ὥστε
3446 2572 3534 2625 καὶ
3570 2570 3653 2641 τὴν

2096 2672 2447 2745 Ἰερουσαλὴμ
2489 2669 2925 2739 ἀνοικοδομῆσαι,
2969 2666 3062 2719 καὶ
3106 2666 3197 2718 τὸν
3247 2665 3377 2718 ναὸν
3430 2664 3486 2716 ἐν
3532 2661 3649 2729 αὐτῇ

2088 2764 2513 2825 κατασκευάσαι,
2562 2762 2621 2813 ἐν
2668 2756 2712 2828 ᾦ
2756 2758 2820 2829 δὴ
2870 2758 3100 2829 μάλιστα
3156 2755 3439 2825 προσῆκεν
3479 2752 3653 2814 αὐτοὺς

420 2855 535 2902 tum
565 2863 697 2903 vero
748 2859 872 2919 post
908 2849 1293 2905 vaticiniorum
1344 2850 1552 2905 exitum
1596 2852 1770 2907 multo
1814 2852 1988 2922 magis

2095 2856 2326 2912 συνιέναι
2378 2855 2573 2915 πάλιν,
2631 2852 2730 2922 τὴν
2786 2850 3132 2921 καθήκουσαν
3183 2849 3244 2899 ἐκ
3294 2846 3395 2915 τῆς
3448 2843 3652 2914 νομικῆς

419 2937 677 2993 credituri
718 2948 877 2994 erant
897 2978 912 3001 ,
941 2939 1057 2994 haec
1088 2939 1217 2994 olim
1255 2938 1347 2995 Dei
1385 2941 1664 2996 voluntate
1694 2942 1949 3012 praadicta
1972 2985 1988 3007 ,

2095 2948 2380 3014 διατάξεως
2411 2942 2863 3014 ἀποπληροῦντας
2888 2938 3075 2993 αὐτόθι
3107 2936 3184 3007 τῷ
3217 2936 3336 3007 Θεῷ
3359 2933 3653 3007 θρησκείαν·

419 3040 473 3083 et
514 3029 711 3086 deinde
752 3032 918 3087 verba
981 3032 1038 3087 in
1090 3047 1203 3088 rem
1252 3032 1451 3086 collata
1500 3032 1687 3088 fuisse.
1732 3033 1863 3099 Quae
1904 3050 1988 3091 res

2095 3039 2185 3094 νῦν
2215 3057 2273 3091 τε
2314 3038 2420 3107 γὰρ
2450 3037 2510 3089 ού
2557 3032 2757 3105 μικρὰν
2788 3034 2821 3101 ἡ
2857 3031 3063 3084 τούτων
3106 3030 3339 3101 μήνυσις
3376 3026 3474 3097 τὴν
3500 3025 3653 3095 ψυχας

420 3128 651 3191 utraque
695 3123 1086 3193 comprobahat
1122 3122 1216 3178 Dei
1248 3138 1380 3194 erga
1420 3140 1516 3179 eos
1548 3126 1987 3196 providentiam;

2095 3131 2296 3200 γωγίαν
2336 3126 2624 3198 παρείχετο
2670 3126 2783 3187 τοῖς
2827 3121 3230 3192 ἀδικουμένοις·
3271 3119 3369 3172 καὶ
3408 3116 3539 3187 μετὰ
3570 3114 3652 3184 τὴν

419 3212 790 3283 certioresque
822 3216 1043 3269 eosdem
1074 3214 1310 3269 faciebat
1330 3253 1347 3278 ,
1378 3216 1493 3270 hate
1522 3231 1551 3269 a
1589 3216 1698 3272 Deo
1729 3219 1986 3273 vaticinia

2095 3224 2199 3278 τῶν
2251 3219 2590 3292 μηνυθέντων
2639 3215 2895 3278 ἔκϐασιν,
2946 3214 3024 3266 ἐτι
3061 3211 3257 3283 μᾶλλον
3295 3208 3563 3262 ἐπείθοντο
3601 3204 3652 3257 τὸ

421 3303 594 3359 fuisse
631 3306 778 3359 edita
828 3305 1007 3375 gentis
1054 3305 1249 3374 gratia,
1287 3307 1356 3361 de
1402 3306 1561 3375 cujus
1614 3309 1988 3368 incolumitate

2095 3312 2283 3383 γνώμῃ
2307 3309 2442 3363 Θεοῦ
2467 3307 2630 3361 πάλαι
2672 3323 2731 3357 τε
2777 3304 2942 3358 ταῦτα
2976 3301 3225 3374 εἰρῆσθαι
3247 3317 3261 3329 ο
3292 3299 3391 3352 καὶ
3428 3296 3556 3368 πρὸς
3579 3292 3653 3363 ἕρ·

422 3409 695 3466 magnam,
729 3404 790 3450 ut
818 3411 961 3466 saepe
986 3396 1119 3461 dixi,
1156 3413 1342 3452 curam
1374 3400 1615 3467 gerebat.

2095 3420 2189 3473 γον
2232 3402 2456 3471 ὕστερον
2508 3395 2884 3466 ἐκόεὸηκέναι,
2933 3393 3075 3463 άπερ
3114 3388 3181 3464 ἦν
3221 3390 3388 3460 ἄμφω
3422 3388 3514 3457 τῆς
3544 3385 3651 3455 περὶ

420 3485 617 3548 αὐτοὺς
644 3485 963 3556 κηδεμονίας
994 3486 1210 3557 ἐλεγχος
1237 3488 1330 3541 τοῦ
1364 3488 1500 3542 Θεοῦ
1519 3507 1536 3526 ο
1562 3490 1701 3545 ὥστε
1730 3492 1830 3547 ούκ
1865 3496 2058 3567 ἄδηλον
2085 3490 2223 3549 εἶναι
2252 3493 2333 3544 ὄτι
2358 3487 2669 3560 προμηθείᾳ
2693 3485 2787 3539 τοῦ
2816 3483 2945 3538 λαοῦ
2968 3485 3061 3538 καὶ
3089 3482 3289 3551 ταύτην
3319 3480 3546 3532 ἐποιεῖτο
3568 3475 3648 3544 τὴν

425 3579 687 3650 μήνυσιν
726 3574 789 3634 οῦ
832 3580 895 3650 δή
929 3580 1125 3652 πολλὴν
1158 3583 1297 3654 ὑπὲρ
1335 3587 1432 3655 τῆς
1464 3588 1754 3658 σωτηρίας,
1795 3590 1869 3655 ὼς
1903 3592 2161 3653 πολλάκις
2186 3588 2342 3657 ἔφην,
2376 3585 2610 3637 ἐποιεῖτο
2642 3582 2739 3652 τήν
2769 3580 3084 3651 ἐπιμέλειαν
3112 3580 3139 3631 6
3172 3575 3325 3639 Θεός.

494 3672 663 3730 Vslts.
691 3674 742 3728 l.
766 3703 837 3714 —
857 3693 875 3726 ‹
909 3673 1062 3731 Visio
1090 3677 1298 3732 Abdita.
1333 3697 1351 3731 ι
1372 3678 1516 3733 Nihil
1546 3676 1713 3751 hujus'
1736 3686 1987 3741 vocabuli

422 3766 508 3822 vis
534 3765 713 3821 dill‘ert
741 3781 771 3820 a
801 3766 1040 3823 dictione
1080 3786 1093 3823 :
1141 3786 1161 3821 ι
1195 3769 1389 3825 Sermo
1424 3770 1660 3827 Domini.
1704 3792 1722 3825 ι
1780 3775 1991 3846 Quippe

425 3872 734 3913 sermonem
783 3856 1068 3929 Scriptura
1117 3862 1353 3931 appellat
1396 3877 1515 3918 eam
1563 3866 1862 3934 virtutem,
1896 3884 1993 3938 per

424 3964 585 4020 quam
628 3950 858 4020 spiritali
898 3967 1123 4008 munere
1167 3954 1416 4009 notitiam
1452 3970 1635 4011 rerum
1679 3957 1990 4015 futurarum

424 4042 702 4111 propheta:
741 4044 1109 4112 excipiebant.
1155 4044 1434 4101 Visionem
1480 4047 1693 4105 scilicet
1721 4050 1856 4105 dicit
1895 4066 1993 4121 pro

425 4133 605 4187 divina
650 4133 981 4190 revelatione
1001 4174 1016 4198 ,
1048 4135 1207 4205 cujus
1237 4151 1340 4207 ope
1374 4137 1483 4192 illis
1515 4139 1860 4209 contingebat
1887 4178 1901 4203 ,
1935 4147 1996 4193 ut

428 4240 751 4280 arcanorum
788 4228 1074 4282 scientiam
1104 4240 1589 4299 consequerentur.
1623 4228 1757 4284 Nam
1788 4232 1915 4301 quia
1940 4238 1994 4285 et

432 4316 671 4371 theorias
697 4318 963 4387 quasdam
997 4318 1443 4374 inenarrabiliter
1472 4319 1705 4390 spiritali
1743 4335 1906 4391 opera
1936 4320 1989 4374 in

430 4407 667 4460 animam
699 4408 1048 4477 excipiebant
1086 4409 1398 4478 prophetae,
1438 4418 1551 4464 tum
1586 4410 1749 4464 etiam
1788 4410 1991 4465 doctri-

430 4510 557 4549 nam
595 4495 898 4550 futurarum
923 4511 1103 4551 rerum
1134 4504 1393 4566 tanquam
1420 4498 1490 4553 ab
1526 4499 1708 4569 aliquo
1743 4499 1994 4569 loquente

2163 3682 2311 3751 Στίχ.
2341 3686 2407 3733 α’.
2445 3707 2516 3719 ——
2552 3695 2571 3727 t
2612 3677 2841 3747 Ὅρασις
2882 3672 3114 3727 ’Δὸδιοῦ.
3155 3691 3172 3723 ι
3203 3672 3371 3725 Οὐδὲν
3409 3667 3544 3724 κατὰ
3571 3665 3652 3738 τὴν

2093 3773 2317 3843 δύναμιν
2367 3767 2670 3823 διαλλάττει
2728 3764 2904 3831 τοῦτο,
2960 3766 3034 3835 (p.
3092 3764 3218 3834 216)
3272 3764 3390 3831 τοῦ,
3438 3781 3457 3815 ‹
3504 3760 3651 3826 Λόγος

2096 3863 2322 3935 Κυρίου·
2375 3880 2392 3913 ι
2432 3860 2603 3927 Λόγον
2629 3858 2735 3929 γάρ
2772 3875 2829 3910 τε
2864 3856 3066 3926 Κυρίου
3112 3856 3209 3926 τὴν
3248 3856 3521 3928 ἐνέργειαν
3556 3852 3652 3903 ὀνο-

2103 3954 2262 4027 μάζει
2292 3950 2385 4005 τοῦ
2427 3950 2584 4011 Θεοῦ,
2611 3949 2731 4003 καθ’
2774 3947 2842 4019 ἢν
2874 3949 2939 4017 τῇ
2985 3950 3325 4018 πνευματικῇ
3374 3948 3546 4018 χάριτι
3570 3940 3653 4002 τὰς

2098 4043 2465 4114 ἀποκαλύψεις
2507 4043 2556 4094 οἱ
2606 4041 2874 4111 προφῆται
2917 4038 3026 4091 τῶν
3081 4038 3352 4109 ἐσομένων
3404 4037 3648 4104 ἐδέχοντο·

2098 4136 2190 4188 καί
2226 4134 2413 4205 ὅρασιν
2440 4131 2500 4183 τὸ
2546 4128 2680 4182 αὐτὸ
2714 4127 2777 4197 δὴ
2812 4127 2969 4179 τοῦτο
3011 4126 3164 4179 καλεῖ
3210 4129 3307 4197 τὴν
3337 4120 3651 4189 ἀποκάλυψιν

2096 4226 2195 4296 τὴν
2233 4223 2403 4287 θείαν,
2458 4221 2580 4274 καθ’
2627 4220 2693 4289 ἢν
2738 4219 2955 4285 ἐγένετο
2998 4218 3180 4281 αὐτοῖς
3207 4217 3315 4270 τῶν
3342 4217 3545 4286 ἀδήλων
3582 4210 3653 4264 δέ-

2097 4316 2283 4389 χεσθαι
2322 4314 2419 4385 τὴν
2457 4312 2691 4382 γνῶσινο
2728 4309 2913 4379 ἐπειδὴ
2953 4308 3059 4377 γὰρ
3104 4309 3196 4361 καὶ
3244 4307 3473 4378 θεωρίας
3518 4300 3648 4362 τινὰς

2098 4410 2423 4481 ἀπορῤήτως
2462 4405 2549 4460 διὰ
2585 4405 2683 4475 τῆς
2713 4402 3085 4471 πνευματικῆς
3126 4400 3400 4471 ἐνεργείας
3442 4398 3527 4450 ἐπὶ
3561 4394 3645 4462 τῆς

2097 4501 2276 4572 ψυχῆς
2322 4498 2564 4569 ἐδέχοντο
2610 4495 2709 4566 τῆς
2756 4493 2963 4555 οίκείας
3009 4494 3059 4546 οί
3109 4493 3401 4561 προφῆται,
3431 4488 3519 4541 καὶ
3564 4486 3645 4555 τὴν

433 4586 748 4649 audiebant,
798 4602 897 4656 pro
942 4586 1117 4641 sancti
1171 4586 1411 4657 Spiritus
1442 4598 1634 4658 agente
1676 4589 1729 4643 in
1772 4589 1835 4643 iis
1879 4589 1988 4643 vir-

2097 4588 2438 4647 διδασκαλίαν
2461 4586 2568 4641 τῶν
2594 4586 2867 4656 ἐρομένων
2910 4582 2984 4645 ὡς
3020 4584 3169 4652 παρά
3208 4598 3350 4643 τινος
3393 4576 3647 4635 λαλοῦγης

430 4685 585 4745 tute;
614 4677 817 4732 idcirco
846 4687 899 4732 et
926 4679 1195 4735 visionem
1219 4680 1355 4735 dicit
1387 4680 1669 4750 Scriptura
1705 4689 1758 4737 et
1785 4697 1994 4737 sermo-

433 4782 555 4823 nem
582 4766 833 4835 Domini;
858 4768 969 4823 imo
987 4769 1173 4832 etiam,
1202 4776 1262 4823 ut
1291 4769 1421 4823 mihi
1445 4770 1682 4835 videtur,
1706 4772 1947 4826 auditum
1977 4787 1992 4825 :

431 4866 720 4929 pr0pterea
743 4857 888 4929 quod
923 4858 1079 4931 143
1134 4859 1401 4930 spiritalis
1426 4861 1692 4917 doctrinae
1724 4864 1995 4930 notitiam,

431 4948 727 5005 auditionis
768 4950 1056 5019 cujusdam
1110 4951 1331 5019 instar,
1410 4953 1764 5023 recipiebant.
1818 4955 1997 5022 Quare

432 5038 625 5094 beatus
654 5053 868 5110 quoque
903 5038 1071 5097 Isaias
1102 5041 1369 5113 propheta
1399 5044 1474 5097 ait
1508 5060 1521 5095 :
1562 5064 1580 5096 ι
1610 5048 1999 5119 Domine,quis

433 5129 668 5185 credidit
704 5129 911 5185 auditui
940 5140 1134 5187 nostro
1164 5133 1251 5187 "1'
1287 5151 1309 5186 ι
1351 5149 1546 5204 nempe
1576 5137 1782 5190 notitiae
1813 5150 1997 5191 rerum

433 5223 593 5278 nobis
653 5221 1174 5288 demonstratarum,
1231 5232 1285 5281 et
1326 5241 1466 5296 quas
1505 5224 1772 5283 divinitus
1820 5225 1999 5280 edocti

434 5330 646 5370 sumus.
674 5314 1205 5372 Convenientissime
1236 5317 1365 5372 item
1405 5317 1601 5372 beatus
1631 5316 1837 5372 Paulus
1857 5316 2001 5371 hanc

434 5404 697 5461 divinitus
735 5406 964 5476 protulit
985 5406 1381 5476 |locutionem:
1427 5426 1446 5458 ι
1488 5406 1649 5463 Fides
1676 5424 1742 5462 ex
1788 5408 1998 5475 auditu,

437 5494 659 5550 auditus
707 5503 888 5551 autem
932 5511 1029 5568 per
1069 5498 1298 5555 verbum
1338 5498 1431 5552 Dei
1479 5496 1569 5551 “z
1609 5516 1628 5549 ι
1672 5497 1996 5569 signiﬁcans

438 5584 583 5640 haud
630 5585 787 5642 aliter
830 5586 1080 5644 accidere
1132 5603 1295 5659 posse
1340 5588 1621 5659 prophetis
1669 5589 2001 5647 auditionem

510 5764 556 5804 ⁸³
593 5763 697 5825 18a.
735 5780 851 5832 ιιιι,
894 5769 940 5823 l.
1019 5768 1060 5799 ⁸⁵
1092 5766 1249 5823 Rom.
1294 5783 1344 5831 ι,
1391 5767 1469 5823 l1.

2102 4684 2393 4753 ὑπήκουον,
2448 4678 2591 4732 κατά
2628 4677 2726 4748 τὴν
2775 4673 3129 4745 ἐγγινομένην
3170 4672 3351 4736 αὐτοῖς
3399 4670 3652 4737 ἐνέργειαν

2103 4775 2207 4830 ὑπὸ
2238 4773 2332 4827 τοῦ
2361 4771 2673 4841 Πνεύματος
2702 4769 2794 4822 τοῦ
2824 4767 2979 4835 ἁγίου
3001 4783 3014 4797 ·
3044 4767 3130 4819 διά
3171 4765 3327 4818 τοῦτο
3369 4765 3458 4817 καί
3487 4764 3651 4831 ὅρασιν

2104 4864 2235 4919 αὐτὸ
2265 4863 2360 4916 καὶ
2384 4862 2539 4931 λόγον
2569 4859 2774 4930 Κυρίου
2802 4858 2986 4911 καλεῖ·
3018 4856 3111 4910 καὶ
3135 4855 3301 4927 ἀκοὴν
3330 4856 3387 4909 δὲ
3410 4855 3481 4918 ὼς
3506 4850 3649 4915 είκὸς,

2104 4954 2198 5008 ἅτε
2229 4954 2327 5023 τῆς
2356 4948 2729 5021 πνευματικῆς
2767 4945 3131 5012 διδασκαλίας,
3157 4945 3342 5015 ὥσπερ
3381 4945 3510 5014 ἀκοῇ
3542 4956 3648 5000 τινι,

2104 5044 2404 5114 δεχομένων
2431 5041 2527 5113 τὴν
2556 5038 2755 5108 γνῶσιν
2778 5054 2790 5068 ⁸
2819 5037 2942 5092 ὅθεν
2966 5038 3057 5090 καὶ
3087 5039 3113 5089 6
3148 5035 3412 5107 μακάριος
3450 5031 3649 5090 Ἡσαΐας

2104 5135 2133 5186 ὁ
2203 5135 2484 5209 προφήτης
2526 5134 2696 5207 φησί’
2747 5154 2765 5188 ι
2811 5132 2982 5206 Κύριε
3007 5165 3029 5200 ,
3060 5129 3141 5191 τίς
3158 5128 3514 5195 ἐπίστευσετῇ
3531 5122 3645 5190 ἀκοῇ

2105 5223 2295 5293 ήμῶν;
2320 5242 2337 5273 ι
2364 5222 2451 5272 ἵνα
2471 5222 2619 5289 εἴπῃ,
2647 5223 2713 5290 τῇ
2745 5219 3061 5288 γνώσειτῶν
3083 5217 3396 5288 δειχθέντων
3414 5219 3554 5288 ήμῖν,
3570 5210 3648 5266 καὶ

2106 5308 2181 5369 ὧν
2214 5312 2565 5383 ἐδιδάχθημεν
2592 5311 2795 5364 θειόθεν
2814 5328 2828 5341 ·
2875 5308 3266 5363 ἀκολουθότατα
3299 5309 3353 5363 δὲ
3398 5309 3484 5363 καί
3513 5308 3539 5357 6
3562 5318 3645 5374 μαρ-

2107 5404 2297 5474 κάριος
2329 5400 2536 5463 Παῦλος
2564 5398 2766 5471 ταύτην
2804 5416 2860 5452 τε
2894 5399 3087 5461 θεῖκῶς
3116 5398 3213 5467 τὴν
3259 5397 3437 5468 φωνὴν
3466 5394 3647 5461 ἐπήγα-

2105 5512 2222 5565 γεν·
2268 5516 2287 5551 ι
2325 5495 2470 5567 Ἀρα
2504 5489 2540 5561 ὴ
2572 5490 2752 5559 πίστις
2793 5490 2853 5557 ἐξ
2882 5492 3076 5564 ἀκοῆς,
3121 5487 3226 5556 ἠδὲ
3242 5486 3376 5558 ἀκοὴ
3400 5483 3480 5539 διὰ
3495 5483 3645 5567 ῥήμα-

2108 5564 2197 5655 τος
2228 5585 2360 5642 Θεοῦ
2376 5564 2423 5640 οι
2465 5582 2677 5648 δεικνὺς
2708 5582 2791 5637 ὅτι
2816 5581 2916 5636 οὐκ
2938 5578 3110 5642 ἄλλως
3136 5574 3357 5632 δυνατὸν
3382 5573 3473 5645 τὴν
3491 5564 3644 5643 τοιαύ-
