3954 6526
245 399 354 457 509

1455 402 2003 462 COMMLNTABIUS
2026 406 2092 460 IN
2115 407 2390 462 ABDIAM.

241 535 343 587 την
373 514 542 588 ἀκοὴν
587 517 968 588 προσγίνεσθαι
1003 521 1115 583 τοῖς
1166 520 1490 593 προφήταις,
1520 519 1633 572 ἀλλ’
1663 517 1696 588 ἢ
1729 518 1822 571 διὰ

1943 519 2258 588 mjusmodi,
2301 520 2407 575 nisi
2459 532 2489 574 a
2543 517 2719 574 sancti
2777 516 2978 572 virtute
3030 513 3291 587 Spiritus.
3348 516 3489 570 Tum

246 609 344 678 τῆς
370 606 466 661 τοῦ
492 608 651 676 ἁγίου
680 610 990 681 Πνεύματος
1018 609 1325 681 ἐνεργείας·
1350 609 1444 663 καὶ
1484 610 1513 663 ό
1557 608 1823 680 μακάριος

243 699 303 753 δέ
332 714 464 769 φησι
487 701 681 753 Δαυΐδ·
749 718 768 750 ι
814 697 995 751 Κλινῶ
1043 698 1121 759 είς
1177 700 1490 771 παραϐολὴν
1505 700 1565 753 τὸ
1579 696 1671 764 οὖς
1696 717 1820 770 μου,

245 790 441 854 ἀνοεξω
469 792 526 843 ἐν
552 790 834 861 ψαλτηρίῳ
870 791 930 844 τὸ
963 789 1250 860 πρόϐλημά
1278 785 1711 864 μουηῖναείπῃ,
1745 793 1824 845 ὅτι

258 881 514 945 ’Υποθεὶς
540 883 639 953 τὴν
680 882 845 952 ἀκοὴν
873 882 965 934 καὶ
1013 880 1301 951 δεξάμενος
1330 881 1534 934 θειόθεν
1560 882 1657 954 τὴν
1686 882 1823 951 γνῶ-

247 989 354 1036 σιν,
386 972 805 1044 διαπορθμεύσω
834 976 947 1037 τοῖς
978 970 1280 1042 ἀνθρώποις
1307 971 1415 1025 τῶν
1445 974 1826 1043 προσηκόντων

246 1064 345 1133 τὴν
374 1061 737 1117 διδασκαλίαν*
768 1062 1045 1117 κάνταῦθα
1069 1062 1245 1116 τοίνυν
1268 1063 1454 1134 ἐπειδὴ
1480 1060 1632 1119 εἶπεν
1659 1066 1827 1135 Ὅρα-

247 1169 333 1216 σις
369 1153 600 1217 ’Δεδιοῶ
638 1155 718 1226 (p.
762 1154 888 1225 217)
917 1153 945 1207 ὃ
976 1155 1264 1225 προγραφή
1311 1171 1397 1218 τις
1434 1157 1827 1227 παραπλησίως

245 1246 358 1308 τοῖς
384 1245 586 1307 λοιποῖς
614 1240 681 1316 ἦν
711 1244 807 1298 τοῦ
848 1246 1051 1315 βιϐλίου
1082 1245 1310 1316 δήλωσιν
1357 1246 1573 1316 ἔχοντος
1623 1241 1827 1312 οὗτινος

245 1327 314 1402 ἦν
335 1331 407 1384 τὰ
436 1330 723 1401 λεγόμενα,
754 1333 901 1396 ὅπως
929 1350 987 1385 τε
1017 1332 1111 1386 τοῦ
1152 1332 1377 1387 τοιαῦτα
1400 1334 1577 1403 λέγειν
1601 1335 1828 1408 δύναμιν

244 1422 559 1494 εἰληφότος,
604 1423 831 1495 ἄρχεται
878 1423 988 1478 τῶν
1036 1423 1139 1496 τῆς
1182 1425 1516 1496 προφητείας
1569 1429 1828 1499 ῥημάτων

327 1620 348 1655 ι
394 1602 532 1657 Τάδε
568 1603 714 1673 λέγει
742 1604 947 1678 Κύριος
977 1608 1006 1661 ὁ
1035 1606 1167 1672 Θεὸς
1197 1611 1264 1681 τῇ
1310 1609 1602 1681 Ἰδουμαίᾳ.
1657 1629 1676 1662 ι
1729 1612 1829 1682 Δη-

247 1692 362 1746 λῶν
393 1695 520 1766 περὶ
546 1686 621 1749 ὧν
642 1697 675 1767 ή
697 1697 1000 1769 προφητεία
1030 1699 1293 1767 γίγνεται.
1333 1719 1351 1752 ι
1398 1701 1593 1773 Ἀκοὴν
1621 1702 1829 1771 ἤκουσα

254 1784 407 1857 παρὰ
445 1786 540 1840 τοῦ
586 1785 806 1859 Κυρίου.
852 1806 870 1835 ι
910 1788 1029 1843 Τῶν
1063 1789 1118 1842 δὲ
1153 1792 1446 1861 ἐσομένων,
1478 1794 1634 1864 φησι,
1692 1794 1830 1847 κατά

250 1876 357 1947 τὴν
394 1876 694 1948 Ἰδουμαίαν
710 1878 919 1950 ἀδήλων
941 1880 1037 1950 μὲν
1048 1880 1216 1934 ὄντων
1232 1882 1557 1954 ἀνθρώποις,
1580 1885 1717 1955 μετά
1732 1902 1829 1938 πο-

252 1965 351 2021 λὺν
375 1966 433 2019 δέ
458 1968 731 2038 ἐσομένων
757 1969 849 2022 τὸν
874 1970 1084 2040 χρόνον,
1113 1972 1264 2042 παρά
1288 1973 1380 2025 τοῦ
1412 1972 1544 2027 Θεοῦ
1573 1975 1828 2046 δέδεγμαι

252 2055 354 2123 τὴν
384 2055 731 2111 διδασκαλίαν
750 2074 764 2088 ·
792 2055 912 2113 εἶτα
939 2060 1022 2123 τίς
1059 2062 1234 2132 ἀκοή;
1272 2079 1291 2114 ι
1328 2063 1438 2115 Καὶ
1469 2064 1727 2135 περιοχὴν
1751 2066 1830 2129 εἰς

252 2148 323 2201 τὰ
349 2148 481 2220 ἔθνη
508 2149 873 2216 ἐξαπέστειλε.
917 2169 936 2204 ι
984 2152 1254 2225 Περιοχὴν
1279 2154 1425 2224 λέγει
1454 2154 1515 2207 τὸ
1559 2155 1741 2225 κύκλῳ
1778 2172 1830 2208 τι

254 2239 531 2311 περιέχον,
578 2235 687 2294 οἷον
719 2243 898 2312 τεῖχος
938 2242 974 2313 ἦ
1007 2260 1062 2298 τι
1106 2245 1350 2300 τοιοῦτοι
1402 2245 1544 2301 οὕτω
1575 2246 1721 2317 λέγει
1747 2247 1828 2315 τὸ,

262 2350 283 2382 ι
328 2330 425 2394 Τίς
454 2330 743 2404 ἀπάξειμε
777 2336 857 2401 είς
889 2334 1043 2389 πόλιν
1090 2336 1354 2408 περιοχῆς
1391 2353 1408 2405 ;
1471 2357 1491 2390 ι
1536 2339 1625 2392 ἵνα
1677 2339 1828 2411 εἴπῃ,

255 2423 354 2487 Et;
399 2422 554 2476 πόλιν
600 2424 1030 2496 τετειχισμένην,
1055 2427 1298 2481 τουτέστι
1339 2428 1833 2501 περιεχομένηντῷ

254 2512 429 2583 τείχει
460 2514 644 2584 κύκλῳ
661 2532 675 2545 ·
694 2510 909 2586 Ταύτην
927 2512 1039 2582 οὖν,
1063 2520 1248 2589 φησὶν,
1279 2518 1488 2590 ἥκουσα
1509 2521 1607 2591 τὴν
1630 2520 1828 2590 ἀκοὴν,

256 2606 343 2658 ὅτι
392 2603 583 2676 ὥσπερ
616 2621 739 2659 τινα
789 2608 1051 2679 περιοχὴν
1115 2609 1177 2663 τὸ
1233 2611 1560 2681 πρόσταγμα
1635 2612 1835 2679 ἐξαπέο

260 2694 440 2748 στειλε
502 2697 563 2749 τὸ
593 2696 791 2751 οἰκεῖον
848 2701 928 2762 εἱς
956 2700 1024 2753 τὰ
1050 2699 1179 2770 ἔθνη
1209 2701 1235 2751 ιί
1273 2701 1424 2765 Θεὸς,
1458 2701 1703 2766 ἅπαντας
1738 2705 1835 2758 αὐ-

258 2787 390 2849 τοὺς
449 2786 507 2838 ἐν
569 2785 754 2859 κύκλῳ
816 2788 959 2842 κατά
1021 2789 1123 2859 τῆς
1191 2789 1493 2860 Ἰδουμαίας
1537 2790 1830 2859 συλλέγων.

263 2893 287 2927 ι
351 2876 648 2948 ’Δνάστητε
680 2877 775 2930 κα)⁵
808 2878 1192 2951 ἐξαναστῶμεν
1238 2881 1325 2933 ἐπ’
1354 2881 1525 2952 αὐτὴν
1558 2883 1638 2945 είς
1681 2882 1837 2935 πόλε-

263 2983 391 3037 μον.
436 2986 456 3021 ι
493 2968 647 3022 Κατά
673 2968 1051 3041 ἀποσιώπησιν
1087 2971 1148 3024 τὸ
1174 2988 1194 3023 ι
1221 2971 1396 3040 λέγων
1437 2990 1456 3024 ι
1491 2974 1711 3035 νοεῖται,
1748 2973 1835 3027 ἵνα

258 3054 298 3130 ᾖ
323 3095 339 3121 ,
378 3057 492 3111 Καὶ
534 3059 793 3129 περιοχὴν
829 3060 908 3123 είς
949 3059 1019 3113 τὰ
1056 3059 1183 3133 ἔθνη
1226 3060 1602 3127 ἐξαπέστειλεν
1639 3062 1831 3131 λέγων’

1923 613 2087 666 etiam
2120 613 2314 669 beatus
2345 611 2512 667 David
2544 612 2618 667 ait
2655 629 2669 665 :
2709 629 2727 662 ι
2753 609 3034 665 lnclinaho
3065 608 3134 662 ad
3171 607 3491 678 parabolam

1926 716 2111 757 aurem
2156 718 2354 768 meam,
2386 703 2626 774 aperiam
2658 702 2710 755 in
2736 700 2995 771 psalterio
3058 698 3491 769 propositionem

1927 808 2101 847 meam
2144 794 2190 827 ⁸⁸
2229 788 2715 862 ιιηθηιρε,ριιαιιι
2763 806 2895 845 aure
2954 790 3180 859 praebita
3226 787 3493 842 divinitus

1929 885 2162 940 bausero
2200 884 2589 955 cognitionem,
2630 896 2748 935 eam
2800 895 2929 935 mox
2978 880 3045 934 ad
3082 879 3332 934 homines
3365 892 3495 947 per-

1928 976 2118 1042 feram,
2146 985 2204 1031 ut
2231 975 2530 1031 olliciorum
2568 975 2659 1028 ﬁat
2689 973 3000 1042 disciplina.
3030 972 3200 1041 Igitur
3234 972 3381 1042 quod
3407 971 3495 1025 hic

1929 1067 2130 1122 dicitur
2155 1066 2339 1122 «Visio
2362 1065 2572 1129 Abdiae,
2607 1082 2628 1117 ι
2656 1066 2704 1119 is
2733 1070 2817 1118 est
2845 1061 3069 1132 quidam
3098 1060 3258 1132 (utin
3282 1060 3495 1115 caeteris

1927 1158 2208 1228 prophetis
2243 1155 2526 1226 usuvenit)
2567 1153 2760 1208 titulus
2800 1153 2964 1217 libri,
3003 1150 3099 1221 qui
3139 1165 3339 1205 nomen
3378 1150 3496 1219 ejus

1932 1264 2044 1319 pm
2081 1262 2141 1304 se
2174 1247 2277 1303 fert
2316 1261 2345 1300 a
2387 1261 2497 1318 quo
2535 1245 2641 1301 ista
2676 1244 2970 1308 dicuntur,
3008 1241 3283 1311 simulque
3319 1241 3497 1294 innuit

1928 1353 2164 1409 quanam
2209 1344 2401 1393 auctor
2446 1338 2647 1391 virtute
2690 1334 2950 1404 loquendi
2998 1332 3264 1397 imbutus,
3299 1333 3498 1387 verbo-

1930 1445 2052 1484 rum
2085 1429 2528 1500 propbeticorum
2559 1428 2663 1481 hoc
2688 1426 2903 1480 initium
2934 1424 3135 1480 faciat:

2007 1625 2025 1657 ι
2062 1603 2188 1659 Ilaec
2235 1604 2371 1659 dicit
2416 1603 2679 1658 Dominus
2714 1602 2858 1658 Deus
2899 1600 3168 1656 Idumaeas.
3217 1619 3235 1652 ι
3278 1597 3496 1670 Signiﬁ-

1932 1705 2130 1751 cantur
2171 1697 2228 1760 ii,
2281 1696 2349 1752 de
2390 1695 2592 1767 quibus
2637 1695 2925 1766 prophetia
2967 1695 3047 1748 ﬁt.
3085 1712 3105 1745 ‹
3152 1693 3497 1748 Auditionem

1933 1788 2113 1843 audivi
2166 1803 2195 1841 a
2247 1788 2498 1843 Domino.
2561 1806 2580 1839 ι
2638 1787 2911 1842 Adversos
2992 1785 3240 1841 Idumaeas
3297 1800 3496 1845 casus,

1929 1894 2162 1934 arcanos
2188 1878 2368 1933 adhuc
2391 1878 2728 1944 hominibus,
2745 1879 2839 1933 sed
2869 1886 3052 1933 tamen
3074 1885 3199 1947 post
3225 1875 3497 1930 diutinum

1927 1977 2145 2041 tempus
2193 1979 2508 2034 eventuros,
2555 1984 2585 2024 a
2626 1969 2735 2024 Deo
2776 1969 3005 2025 edoctus
3033 1983 3174 2023 sum.
3214 1965 3336 2021 Jam
3383 1982 3502 2036 qua:

1930 2078 2020 2119 res
2048 2061 2273 2117 audita?
2299 2080 2317 2112 ι
2346 2063 2411 2114 Ει
2433 2069 2647 2131 septum
2672 2063 2812 2116 inter
2831 2068 3019 2131 gentes
3047 2059 3216 2114 misit.
3248 2057 3500 2128 :Septum

1930 2154 2063 2210 dicit
2093 2167 2203 2222 quo
2233 2151 2437 2222 aliquid
2472 2151 2942 2213 circumcluditur,
2975 2163 3194 2202 murum
3230 2155 3378 2215 puta,
3412 2154 3503 2198 aut

1932 2238 2135 2309 aliquid
2166 2237 2502 2308 hujusmodi.
2535 2236 2626 2292 Sic
2657 2238 2736 2291 ait.
2760 2237 3042 2308 Scriptura
3068 2253 3083 2291 :
3119 2255 3138 2287 ι
3178 2234 3311 2301 Quis
3338 2235 3501 2288 dedu-

1932 2339 2019 2386 cet
2052 2345 2138 2385 me
2159 2330 2213 2384 in
2237 2330 2425 2384 urbem
2458 2330 2595 2398 septi
2626 2324 2803 2381 “bid
2828 2337 2912 2384 est
2933 2329 3187 2385 inurbem
3213 2327 3501 2385 munitam.

1934 2437 2029 2478 seu
2089 2437 2245 2476 muro
2298 2421 2719 2476 circumdatam.
2767 2420 2912 2491 Ergo
2960 2420 3123 2487 hanc,
3179 2419 3274 2483 ait,
3323 2418 3502 2472 audivi

1935 2513 2295 2577 auditionem,
2328 2528 2359 2566 a
2378 2512 2488 2568 Deo
2512 2512 2721 2568 scilicet
2742 2512 2971 2566 missum
2999 2519 3329 2581 praeceptum
3361 2508 3504 2573 eius,

1935 2607 2075 2676 septi
2107 2605 2317 2677 instar,
2347 2604 2415 2660 ad
2447 2614 2673 2661 cunctas
2713 2602 3059 2659 orbiculatim
3095 2610 3284 2674 gentes
3317 2611 3505 2656 contra

1935 2695 2227 2751 Idumaaam
2258 2695 2692 2767 congregandas.
2731 2714 2750 2748 ι
2792 2695 3011 2763 Surgite
3039 2703 3095 2749 et
3133 2694 3507 2749 consistamus

1936 2798 2128 2842 contra
2166 2801 2286 2843 eam
2328 2787 2731 2856 belligerantes.
2772 2804 2791 2837 ι
2830 2785 2946 2841 Sub
2979 2785 3265 2841 reticentia
3306 2785 3507 2839 intelli-

1937 2879 2082 2950 gitur
2120 2896 2140 2930 ι
2174 2878 2381 2941 dicens,
2421 2897 2440 2930 ι
2481 2892 2673 2946 nempe
2703 2886 2916 2946 septum
2954 2877 3095 2931 inter
3121 2883 3309 2947 gentes
3337 2875 3505 2941 misit,

1937 2968 2126 3022 dicens
2163 2986 2178 3022 :
2222 2984 2242 3018 ι
2279 2966 2497 3037 Surgite
2517 2979 2569 3021 et
2591 2968 2962 3022 consistamus
2986 2974 3176 3021 contra
3204 2980 3322 3022 eam
3350 2965 3508 3021 belli-

1937 3068 2208 3131 gerantes.
2254 3078 2273 3111 ι
2325 3057 2609 3129 Tanquam
2650 3058 2698 3113 si
2751 3057 2911 3130 ιω
2954 3057 3099 3113 Deus
3142 3057 3256 3112 haec
3304 3057 3509 3112 diceret

266 3166 288 3198 ι
344 3147 639 3219 ’Δνάστητε
673 3150 767 3203 καὶ
812 3150 1196 3222 ἐξαναστῶμεν
1236 3154 1326 3207 ἐπ’
1367 3153 1535 3225 αὐτὴν
1567 3154 1647 3217 είς
1678 3154 1836 3207 πόλε-

1943 3148 2288 3220 iuberetque,
2335 3159 2390 3205 et
2445 3151 2683 3221 undique
2727 3160 2919 3206 contra
2977 3149 3264 3206 Idumaeam
3321 3159 3511 3223 gentes

266 3253 399 3306 μον·
430 3255 451 3289 ι
487 3239 563 3307 (p.
595 3238 722 3309 218)
755 3240 954 3294 ὡσανεὶ
993 3240 1086 3295 τοῦ
1125 3242 1260 3295 Θεοῦ
1306 3242 1481 3296 ταῦτα
1501 3243 1747 3312 λέγοντός
1777 3262 1837 3298 τε

1943 3241 2238 3311 colligeret,
2289 3240 2400 3294 imo
2446 3241 2570 3296 belli
2605 3241 2828 3312 gerendi
2865 3242 3058 3298 ducem
3111 3258 3170 3298 se
3222 3241 3340 3298 fore
3377 3242 3511 3297 reci-

264 3332 361 3385 καὶ
391 3332 722 3399 κελεύοντος,
752 3336 846 3389 καὶ
883 3336 1219 3407 πανταχόθεν
1263 3339 1350 3390 ἐπ’
1395 3338 1563 3409 αὐτὴν
1605 3340 1675 3394 τὰ
1712 3339 1839 3411 ἔθνη

266 3422 619 3492 συλλέγοντος
637 3442 650 3455 ·
690 3425 785 3480 καὶ
814 3426 879 3497 δὴ
923 3429 1017 3483 καὶ
1050 3432 1374 3499 στρατηγεῖν
1401 3431 1586 3494 αὐτοῖς
1623 3431 1841 3501 μέλλον-

264 3528 358 3575 τος
396 3514 456 3566 ἐν
502 3517 613 3578 τοῖς
658 3517 797 3571 κατά
836 3520 937 3588 τῆς
980 3518 1283 3589 Ἰδουμαίας
1312 3520 1601 3592 πολέμοις·
1636 3517 1747 3576 οἷόν
1772 3540 1826 3577 τι

268 3603 367 3656 καὶ
418 3605 446 3657 ὁ
508 3606 772 3678 μακάριος
823 3608 1019 3662 Δαυῖδ’
1056 3626 1074 3660 ι
1112 3608 1207 3671 Τίς
1236 3609 1433 3675 ἀπάξει
1472 3629 1538 3682 με
1570 3614 1651 3675 είς
1689 3612 1842 3667 πόλιν

270 3695 567 3766 περιοκῆςς
603 3698 697 3751 καὶ
720 3698 806 3761 τίς
846 3698 1103 3769 ὁδηγήσει
1143 3716 1208 3770 με
1238 3699 1343 3762 ἕως
1369 3700 1469 3771 τῆς
1508 3702 1842 3773 Ἰδουμαίας;

270 3784 398 3855 οὐχὶ
442 3788 507 3839 σὺ
542 3788 571 3840 ό
610 3787 741 3851 Θεὸς
771 3788 800 3840 ὁ
845 3789 1204 3860 ἀπωσάμενος
1234 3790 1415 3861 huic;
1444 3814 1464 3850 ι
1492 3788 1737 3861 ἴναετπη.
1761 3794 1843 3847 ὅτι

284 3864 347 3923 Ὀ
372 3870 511 3939 Θεός
533 3874 850 3944 μοιείςτοὺς
864 3874 1008 3930 κατὰ
1022 3878 1123 3947 τῆς
1149 3878 1450 3949 Ἰδουμαίας
1478 3884 1844 3954 στρατηγήσει

272 3959 578 4031 πολέμους·
628 3964 821 4035 ίδίωμα
857 3964 914 4019 δέ
954 3966 1112 4021 τοῦτο
1155 3971 1250 4023 καὶ
1283 3972 1435 4044 παρά
1470 3972 1548 4038 τῷ
1596 3974 1846 4046 μακαρίῳ

270 4050 438 4105 Δαυῒδ
476 4052 625 4125 εὖροι
652 4072 736 4118 τις
765 4055 831 4111 ἂν
848 4059 988 4113 κατά
1005 4060 1380 4133 ἀποσιώπησιν
1403 4064 1759 4134 σημαίνεσθαι
1788 4065 1848 4119 τὸ

277 4160 296 4193 ι
314 4142 494 4211 λέγων
515 4144 584 4216 »ἢ
614 4163 634 4198 ι
652 4147 897 4217 λέγοντες
922 4170 941 4204 ι
978 4151 1013 4222 ἦ
1030 4168 1082 4205 τι
1106 4151 1317 4207 τοιοῦτο
1336 4167 1355 4186 ⁸
1396 4148 1509 4210 οἷόν
1567 4153 1693 4208 ἐστι
1757 4159 1845 4220 τὸν

277 4234 435 4289 «Ἵνα
462 4236 516 4289 τί
541 4239 814 4310 ἐφρύαξαν
847 4241 973 4313 ἐθνη
1010 4243 1105 4297 καὶ
1131 4243 1252 4298 λαοὶ
1280 4242 1614 4315 ἐμελέτησαν
1670 4248 1841 4313 κενάς

271 4330 325 4384 οἱ
359 4328 599 4399 βασιλεῖς
626 4330 725 4401 τῆς
755 4334 880 4403 γῆς,
910 4334 1004 4387 καὶ
1024 4336 1071 4387 οί
1095 4333 1351 4406 ἄρχοντες
1375 4334 1719 4406 συνήχθησαν
1757 4337 1851 4390 ἐπὶ

273 4418 339 4475 τὸ
374 4419 506 4473 αὐτὸ
532 4420 673 4474 κατά
709 4422 803 4475 τοῦ
833 4422 1038 4494 Κυρίου
1069 4425 1165 4477 καὶ
1197 4423 1337 4478 κατά
1358 4422 1453 4477 τοῦ
1488 4424 1724 4495 Χριστοῦ
1751 4426 1851 4479 αὑ-

273 4509 375 4566 τοῦ
399 4526 412 4541 ⁸
458 4511 843 4584 Δωρῤήξωμεν
872 4514 998 4577 τοὺς
1033 4514 1266 4585 δεσμοὺς
1296 4514 1495 4581 αὐτῶν,
1543 4516 1637 4571 καὶ
1676 4516 1851 4591 ἀποῤ-
1880 4501 1929 4562 D

278 4602 529 4673 ῥίψωμεν
555 4604 645 4671 ἀφ’
676 4606 708 4675 ή
717 4604 831 4674 μῶν
855 4605 945 4659 τὸν
966 4605 1127 4676 ζυγὸν
1158 4606 1337 4664 αὐτῶν
1354 4624 1367 4637 ο
1406 4626 1424 4660 ι
1464 4608 1560 4662 καὶ
1585 4608 1694 4679 γάρ
1720 4611 1855 4663 κάν-

276 4692 459 4747 ταῦθα
498 4693 639 4746 κατά
656 4694 1035 4767 ἀποσιώπησιν
1058 4696 1120 4750 τὸ
1162 4715 1182 4749 ι
1201 4697 1451 4766 λέγοντες
1486 4716 1513 4749 ι
1530 4702 1751 4765 νοεῖται,
1774 4701 1857 4765 είς

277 4784 518 4858 δήλωσιν
546 4785 645 4856 τῆς
670 4785 915 4857 γνώμης,
942 4787 1060 4858 μεθ’
1090 4782 1158 4859 ἧς
1179 4788 1276 4860 τὴν
1296 4790 1610 4862 παράνομον
1642 4793 1854 4864 ἐκείνην

277 4873 597 4946 είργάζοντο
639 4877 866 4946 πρᾶξιν·
903 4878 1144 4933 τοιοῦτόν
1188 4882 1307 4933 ἐστι
1361 4881 1453 4934 καὶ
1498 4881 1578 4947 τὸ,
1643 4901 1663 4934 ι
1712 4883 1857 4955 Πρὸς

278 4965 484 5035 Κύριον
510 4968 565 5019 ἐν
589 4966 668 5037 τῷ
701 4967 974 5023 θλίϐεσθαι
1011 4987 1078 5040 με
1117 4970 1413 5042 ἐκέκραξα,
1448 4973 1543 5026 καὶ
1571 4974 1858 5044 είσήκουσέ

279 5075 393 5129 μου
414 5074 427 5087 ’
460 5057 648 5128 Κύριε,
684 5059 845 5129 ῥῦσαι
870 5059 968 5132 τὴν
998 5060 1178 5133 ψυχήν
1217 5080 1318 5133 μου
1358 5064 1467 5118 ἀπὸ
1493 5065 1715 5135 χειλέων
1740 5065 1857 5120 ἀδί-

277 5166 400 5202 κων
418 5148 511 5201 καὶ
525 5148 631 5202 ἀπὸ
649 5149 900 5221 γλώσσης
916 5151 1096 5214 δολίας
1111 5167 1125 5182 ο
1157 5170 1177 5203 ›
1199 5153 1341 5206 κατὰ
1355 5154 1733 5227 ἀποσιώπησιν
1748 5156 1857 5228 γὰρ

276 5238 566 5294 κάνταῦθά
603 5256 736 5310 φησι
782 5240 843 5294 τὸ
873 5259 891 5293 ι
927 5241 1123 5310 λέγων,
1157 5260 1177 5295 ι
1216 5242 1302 5296 ἴνα
1427 5262 1447 5295 ι
1484 5244 1627 5316 Πρὸς
1656 5245 1859 5317 Κύριον

277 5335 340 5387 ἐν
384 5331 463 5401 τῷ
496 5331 771 5388 θλίϐεσθαί
806 5350 875 5404 με
903 5334 1177 5406 ἐκέκραξα
1212 5335 1416 5405 λέγων·
1463 5337 1656 5407 Κύριε,
1701 5337 1861 5407 ῥῦσαι

270 5422 385 5493 τὴν
411 5421 589 5493 ψυχήν
613 5439 717 5493 μου
735 5422 842 5476 ἀπὸ
867 5422 1087 5495 χειλέων
1113 5424 1312 5480 ἀδίκων
1347 5427 1442 5480 καὶ
1469 5426 1576 5481 ἀπὸ
1610 5426 1863 5499 γλώσσης

269 5514 502 5578 δολίας·
540 5534 561 5568 ι
594 5515 672 5586 (p.
694 5513 820 5585 219)
844 5515 907 5569 τὸ
941 5516 1052 5588 γὰρ
1087 5534 1108 5570 ι
1150 5518 1725 5589 είσήκουσέμου,»διά
1769 5518 1866 5590 μέ-

274 5618 384 5657 σου
429 5602 575 5658 κατά
622 5603 977 5659 ἀνταπόδοσιν
1019 5607 1234 5678 εἴρηται
1276 5608 1371 5663 τοῦ
1424 5609 1652 5672 παντός’
1691 5608 1864 5672 οὕτως

1940 3338 2111 3399 peret.
2144 3327 2320 3384 Veluti
2352 3330 2517 3384 etiam
2548 3330 2739 3384 beatus
2763 3330 2933 3386 David
2966 3349 2980 3385 :
3021 3350 3039 3382 ι
3064 3330 3200 3398 Quis
3225 3346 3312 3387 me
3333 3339 3512 3386 trans-

1941 3420 2081 3477 feret
2116 3421 2169 3474 in
2211 3421 2400 3475 urbem
2450 3421 2627 3491 septi?
2687 3423 2812 3491 quis
2860 3437 2947 3477 me
2992 3421 3224 3478 deducet
3254 3438 3428 3492 usque
3458 3422 3511 3476 in

1942 3512 2273 3568 Idumaeam?
2318 3527 2500 3568 nonne
2545 3520 2637 3575 tu,
2684 3514 2847 3580 Deus,
2874 3514 2967 3585 qui
3021 3528 3122 3569 nos
3168 3514 3455 3585 repulisti?
3490 3534 3508 3566 ι

1942 3603 2147 3674 Nempe
2199 3604 2290 3668 ait,
2332 3602 2499 3657 Deum
2552 3604 2655 3659 sibi
2699 3604 2893 3660 ducem
2948 3604 3193 3659 futurum
3249 3604 3514 3660 bellorum

1943 3703 2135 3750 contra
2159 3693 2469 3749 Idumaeam.
2503 3682 2667 3750 Hunc.
2686 3695 2942 3765 loquendi
2966 3695 3185 3751 modum
3214 3696 3513 3751 observare

1945 3786 2070 3841 licet
2131 3784 2273 3855 apud
2322 3786 2539 3840 beatum
2596 3787 2845 3840 eumdem
2897 3785 3188 3853 Davidem,
3247 3802 3371 3841 cum
3425 3800 3521 3856 per

1945 3877 2289 3933 reticentiam
2348 3877 2703 3947 intelligitur,
2746 3896 2763 3929 ι
2801 3878 2990 3933 dicens
3016 3877 3131 3935 evel
3156 3876 3461 3942 «dicentes,
3494 3897 3514 3930 ι

1948 3976 2043 4021 aut
2095 3967 2297 4021 locutio
2344 3967 2633 4035 ejusmodi.
2687 3958 3132 4035 velutiHQuare
3182 3970 3519 4025 fremuerunt

1950 4066 2160 4130 gentes,
2194 4066 2249 4113 et
2278 4059 2467 4129 populi
2509 4060 2761 4114 meditati
2806 4070 2934 4116 sunt
2966 4061 3193 4115 inania?
3229 4061 3523 4116 astiterunt

1949 4166 2106 4221 reges
2160 4159 2339 4216 terra},
2392 4158 2447 4206 et
2499 4152 2776 4223 principes
2818 4161 3190 4209 convenerunt
3240 4153 3292 4206 in
3351 4168 3520 4206 unum

1951 4243 2215 4299 adversus
2274 4240 2662 4300 Dominumiet
2726 4245 2987 4301 adversus
3033 4244 3309 4300 Christum
3376 4244 3518 4313 ejus.

1951 4335 2336 4404 Dirumpamus
2364 4336 2581 4391 vincula
2611 4351 2825 4403 eorum,
2846 4344 2898 4392 et
2920 4336 3273 4407 projieiamus
3302 4350 3331 4388 a
3364 4336 3523 4391 nobis

1951 4428 2139 4499 jugum
2181 4426 2424 4497 ipsorum
2450 4428 2517 4484 ".
2567 4447 2587 4480 ι
2623 4426 2760 4483 Nam
2803 4436 2859 4484 et
2905 4428 2995 4483 hic
3048 4442 3143 4498 per
3188 4426 3523 4482 reticentiam

1954 4534 2060 4577 vox
2093 4537 2112 4570 ι
2144 4518 2385 4575 dicentes
2411 4538 2429 4571 ι
2464 4519 2807 4590 intelligitur,
2849 4518 2916 4573 ad
2952 4519 3166 4574 consilii
3206 4519 3527 4589 patefactio-

1956 4626 2103 4675 nem,
2135 4626 2244 4681 quo
2273 4612 2500 4682 impium
2528 4612 2660 4667 illud
2686 4619 3049 4682 susceperunt
3071 4610 3303 4666 facinus.
3339 4610 3527 4665 Simile

1955 4711 2010 4759 et
2034 4702 2165 4757 illud
2203 4720 2215 4756 :
2254 4719 2274 4753 ι
2320 4700 2398 4755 Ad
2434 4702 2724 4756 Dominum
2760 4717 2883 4756 cum
2927 4701 3223 4755 tribularer
3267 4700 3523 4765 clamavi,

1956 4801 2011 4849 et
2050 4792 2325 4848 exaudivit
2366 4807 2474 4848 me.
2515 4790 2768 4856 Domine,
2796 4792 2969 4847 libera
3012 4792 3249 4846 animam
3289 4806 3462 4846 meam
3496 4806 3526 4846 a

1955 4884 2116 4940 labiis
2162 4884 2364 4954 iniquis
2406 4891 2458 4939 et
2489 4898 2521 4938 a
2547 4884 2729 4955 lingua
2753 4883 2964 4939 dolosa.
2996 4902 3015 4935 ι
3054 4882 3153 4937 Hic
3180 4898 3399 4953 quoque
3428 4882 3531 4938 sub

1954 4973 2235 5029 reticentia
2288 4975 2537 5029 innuitur
2596 4994 2612 5027 ι
2660 4974 2864 5030 dicens.
2925 4993 2944 5027 ι
2994 4972 3261 5029 Nimirum
3325 4992 3337 5029 :
3391 4993 3409 5026 ι
3447 4975 3529 5028 Ad

1955 5064 2242 5120 Dominum
2268 5082 2391 5121 cum
2412 5066 2706 5122 trihularer
2730 5066 2983 5130 clamavi,
3014 5066 3205 5121 dicens
3233 5084 3246 5121 :
3278 5064 3526 5128 Domine,

1954 5157 2125 5212 libera
2161 5158 2397 5211 animam
2438 5172 2616 5212 meam
2663 5172 2694 5211 a
2735 5157 2897 5212 labiis
2937 5157 3143 5226 iniquis
3183 5164 3239 5211 et
3271 5170 3301 5209 a
3344 5156 3530 5226 lingua
3564 5220 3572 5247 κ

1960 5248 2173 5304 dolosa.
2220 5267 2239 5300 ι
2271 5246 2405 5302 Nam
2437 5247 2582 5318 quod
2618 5248 2857 5303 medium
2906 5246 3274 5316 interponitur
3305 5266 3325 5298 ι
3364 5261 3531 5302 exau-

1962 5339 2098 5394 divit
2125 5354 2232 5403 me,
2274 5358 2293 5392 ι
2326 5338 2379 5393 id
2406 5340 2624 5410 utrique
2646 5338 2893 5394 membro
2926 5337 3345 5408 responsionem
3378 5336 3532 5393 facit.

1966 5426 2059 5482 Sic
2108 5427 2275 5497 igitur
2326 5427 2433 5483 hoc
2486 5428 2607 5482 loco
2660 5426 2863 5491 dicit,«
2893 5426 3311 5498 congregavisse
3362 5426 3533 5482 Deum

1967 5525 2179 5588 gentes,
2197 5539 2215 5573 ι
2236 5535 2333 5576 ceu
2346 5535 2479 5576 voce
2499 5517 2756 5590 quadam,
2783 5524 3057 5589 praecepto
3090 5532 3209 5579 suo.
3236 5532 3440 5588 easque
3469 5517 3536 5571 ad

1971 5609 2171 5665 bellum
2218 5609 2464 5665 Idumaea:
2512 5609 2854 5689 inferendum
2896 5608 3281 5666 concitavisse.
3336 5608 3539 5664 Deinde

352 5802 404 5835 ⁸⁸
443 5798 595 5856 Psal.
654 5817 847 5871 sum,
881 5805 935 5861 5.
1011 5806 1060 5839 ⁸⁸
1108 5802 1391 5873 Psal.cvn,
1433 5803 1520 5857 ll.
1593 5801 1637 5836 ⁸⁷
1677 5802 1823 5859 Psal.
1858 5817 1917 5869 ιι,
1961 5801 2010 5859 Ι.

3362 403 3468 457 EID
3587 433 3593 439 -
