3954 6518
544 383 640 436 511

1712 384 2058 441 THEODORI
2098 385 2579 445 MOPSUESTENI
3663 393 3741 451 5H

547 504 689 558 bello
721 503 883 558 veluti
915 499 1138 564 indic‘to,
1181 502 1357 572 pergit
1402 503 1548 571 loqui
1583 512 1774 558 contra
1803 503 2109 560 Idumzeam.

2218 503 2311 560 οὑν
2356 505 2631 560 κάνταῦθα
2675 503 2857 572 λέγει·
2909 521 2927 555 ι
2994 503 3117 557 Ὅτι
3155 503 3431 566 συνέλεξεν
3481 503 3508 555 ό
3549 503 3659 571 Θεὸς
3691 514 3742 564 τὶ

547 592 672 660 εθνη
693 634 708 656 ,
731 592 945 664 »ὥσπερ
977 591 1083 644 τινὶ
1119 594 1270 662 φωνῇ
1311 592 1389 661 τῷ
1432 594 1761 666 ἐπιτάγματι
1804 596 1882 666 τῷ
1917 597 2101 667 οίκείῳ
2133 596 2410 666 διεγείρων
2433 595 2630 657 αὑτοὺς
2660 596 2739 656 είς
2765 594 2855 648 τὸν
2885 592 3026 646 κατά
3066 593 3165 663 τῆς
3206 591 3503 663 Ἰδουμαίας
3536 593 3739 666 πόλεμον·

545 679 664 737 εἶτα
698 683 772 746 ὡς
801 682 892 735 τὸν
925 681 1159 754 πόλεμον
1192 683 1457 754 δηλώσας,
1492 685 1685 754 ἐπάγει
1711 688 1848 759 πρὸς
1872 688 1970 760 τὴν
2010 687 2312 760 Ἰδουμαίαν
2347 688 2538 757 αὑτήν.

619 777 786 834 Vens.
817 778 936 833 2—4.
965 809 1034 820 —-
1067 797 1084 829 ι
1125 777 1266 833 Ecce
1296 780 1575 834 minimam
1601 780 1724 836 dedi
1771 789 1823 837 te
1856 783 1908 836 in
1941 783 2116 852 genti-

546 871 679 938 bus;
721 869 1070 925 vehementer
1113 877 1422 938 contempta
1458 886 1540 926 es.
1587 890 1607 924 ι
1639 871 1828 943 Magna
1878 874 1992 936 tui,
2030 873 2118 927 in-

545 963 701 1030 quit,
729 962 876 1016 caede
909 960 1085 1025 edita,
1122 961 1191 1014 ad
1223 961 1490 1017 modicam
1525 971 1576 1018 te
1601 976 1815 1033 gentem
1851 964 2113 1033 redigam,

548 1052 622 1106 ita
663 1059 723 1106 ut
761 1053 1004 1107 omnium
1058 1053 1284 1107 minima
1339 1054 1458 1118 fias,
1501 1055 1780 1124 multaque
1819 1055 2113 1126 ignominia

548 1144 794 1207 noteris;
828 1143 1067 1198 hostium
1099 1160 1326 1200 numero
1355 1160 1636 1215 oppressa,
1667 1154 1830 1216 atque
1861 1147 2114 1202 innume-

2293 783 2439 853 Στίχ.
2471 782 2611 851 β’·δ.
2639 809 2711 820 —-
2746 798 2764 831 ι
2818 779 2948 832 Ἰδοὺ
2982 778 3256 846 ὀλιγοστὸν
3275 778 3480 832 δέδωκά
3502 795 3557 829 σε
3582 781 3630 832 ἐν
3656 786 3743 848 τοῖς

2223 876 2464 929 ἔθνεσιν·
2507 872 2848 945 ἠτιμωμένος
2883 868 2934 924 εί
2986 871 3050 924 σὺ
3095 870 3317 941 σφόδρα.
3365 889 3384 924 ι
3430 869 3622 940 Πολλήν
3652 891 3740 941 σου,

2222 966 2375 1036 φησὶ,
2414 963 2501 1017 διά
2539 963 2648 1016 τῶν
2688 961 2963 1031 πολεμίων
3006 959 3106 1031 τὴν
3147 959 3360 1029 σφαγὴν
3397 959 3739 1029 ἐργασάμενος,

2221 1059 2299 1121 είς
2339 1056 2549 1125 ὀλίγους
2593 1070 2685 1106 σου
2725 1053 3039 1124 περιστήσω
3072 1050 3134 1103 τὸ
3175 1050 3358 1113 ἔθνος·
3397 1049 3536 1101 ὥστε
3571 1053 3742 1107 πάντων

2220 1150 2506 1212 ἐλάττονας
2550 1144 2688 1202 εἶναι
2735 1149 2830 1201 καλ⁸
2865 1148 2922 1199 ἐν
2965 1146 3160 1217 ἀτιμίᾳ
3211 1144 3538 1198 καθεστάναι
3580 1147 3738 1219 πολλῇ·

546 1236 625 1290 ris
668 1237 828 1291 malis
861 1235 1076 1290 obruta.
1115 1234 1371 1301 Quaenam
1415 1251 1577 1307 porro
1633 1239 1713 1294 rei
1760 1253 1926 1293 causa
1971 1237 2109 1293 fuit?

2217 1240 2292 1305 ὡς
2319 1241 2422 1293 ὑπὸ
2452 1240 2662 1293 πολλῶν
2692 1257 2751 1292 τε
2786 1237 3287 1308 πεπολιορκημένον
3325 1235 3418 1288 καὶ
3444 1235 3640 1305 μυρίοις
3671 1257 3743 1291 πε-

553 1348 569 1372 ι
611 1326 873 1396 Superbia
900 1327 1080 1381 cordis
1121 1328 1199 1387 tui
1230 1336 1282 1382 te
1312 1329 1504 1382 extulit
1533 1329 1856 1385 incolentem
1892 1331 2108 1400 rupium

550 1415 704 1487 145
747 1432 964 1486 specus,
1003 1418 1055 1472 in
1095 1419 1316 1472 sublimi
1345 1419 1659 1474 babitaculo
1695 1427 1953 1483 stantem,
1989 1420 2110 1474 ani-

548 1522 742 1576 moque
782 1516 874 1562 tuo
913 1509 1262 1564 volutantem.
1293 1507 1429 1574 Quis
1472 1525 1556 1564 me
1593 1511 1647 1564 in
1682 1517 1882 1565 terram
1924 1510 2107 1564 detra-

547 1598 674 1652 bet?
699 1618 718 1650 ο
767 1597 1218 1668 Quandoquidem
1239 1599 1468 1660 Jdumaei
1502 1608 1761 1656 montana
1795 1601 1849 1654 in
1889 1601 2108 1672 regione

545 1689 834 1760 degebant,
864 1690 964 1746 hoc
990 1691 1106 1746 fere
1126 1691 1296 1746 dicit:
1332 1692 1582 1763 lugentes
1610 1691 1900 1748 admodum
1943 1693 2109 1762 spiri-

544 1789 635 1835 tus
654 1781 819 1851 geris,
843 1782 970 1851 quia
991 1783 1340 1852 scopulorum
1370 1797 1620 1837 recessus
1644 1797 1902 1852 occupas,
1929 1784 2112 1852 ibique

546 1869 846 1937 spatiosam
881 1883 944 1923 ac
972 1869 1284 1933 maximam,
1321 1877 1380 1922 ut
1407 1876 1553 1923 certe
1580 1869 1888 1932 arbitraris,
1922 1871 2111 1925 statio-

545 1974 674 2015 nem
730 1968 926 2015 tenes:
970 1970 1025 2016 et
1065 1975 1200 2017 sane
1232 1961 1504 2016 neminem
1552 1959 1668 2014 fore
1706 1961 1884 2016 credis
1924 1961 2019 2031 qui
2060 1971 2113 2018 te

551 2050 810 2120 praesenti
849 2051 1212 2121 prosperitate
1241 2050 1476 2120 dejicere
1515 2057 1700 2119 queat.
1746 2050 2108 2116 Quamobrem

545 2157 668 2210 qua:
719 2142 862 2196 dicta
898 2153 1047 2206 sunt,
1097 2141 1349 2213 patieris;
1383 2152 1441 2196 ut
1471 2140 1676 2198 sentias
1717 2141 1917 2196 frustra
1950 2151 2110 2197 temet

547 2231 756 2302 aliquid
781 2246 903 2288 esse
930 2241 1171 2303 putasse,
1197 2233 1364 2286 invita
1390 2231 1484 2287 Dei
1511 2233 1806 2287 voluntate.
1839 2251 1856 2284 ι
1887 2231 2110 2288 Etiamsi

545 2324 741 2394 aquila:
771 2323 942 2378 instar
967 2322 1076 2378 alta
1115 2333 1268 2394 petas
1291 2362 1308 2388 ,
1343 2331 1398 2378 et
1431 2323 1478 2378 si
1507 2322 1700 2378 mediis
1745 2323 1800 2377 in
1829 2322 1992 2376 astris
2023 2323 2110 2376 ni-

545 2412 676 2468 dum
707 2421 951 2479 statuas,
986 2414 1136 2470 illinc
1168 2428 1268 2485 ego
1318 2422 1371 2469 te
1411 2412 1726 2477 detraham,
1768 2411 1900 2468 dicit
1934 2411 2111 2467 Domi-

545 2521 670 2560 nus.
714 2524 734 2557 ι
771 2505 1030 2562 Sublitnis
1090 2505 1284 2561 feraris
1332 2505 1482 2570 licet,
1541 2506 1737 2577 aquilae
1783 2519 1932 2558 more
1989 2519 2112 2574 qua;

546 2601 758 2650 montes
784 2596 1140 2665 supervolare
1167 2595 1360 2666 procul
1387 2595 1560 2662 solet;
1599 2595 1652 2650 in
1684 2593 1877 2650 mediis
1915 2609 2110 2664 quam-

547 2686 628 2740 vis
657 2686 933 2742 sideribus
961 2687 1146 2759 gloriae
1174 2695 1282 2742 tua:
1312 2685 1630 2757 magnitudo
1671 2694 1724 2740 te
1746 2684 1994 2750 collocet,
2026 2685 2109 2738 vi-

545 2777 698 2833 rihus
720 2777 858 2833 meis
892 2777 1116 2834 minime
1145 2778 1406 2842 obsistes,
1434 2776 1619 2832 statim
1650 2791 1714 2830 ac
1743 2783 1794 2830 te
1817 2775 2109 2831 deturbare

542 2866 784 2922 voluero.

2220 1329 2540 1400 ριϐληθέντα
2579 1332 2801 1392 κακοῖς·
2847 1323 2964 1380 εἶτα
3004 1325 3088 1390 τίς
3145 1327 3178 1394 ἡ
3217 1324 3396 1389 uitia;
3437 1341 3456 1374 ι
3504 1323 3563 1375 Ἣ
3611 1325 3743 1395 ὑπερ-

2217 1421 2421 1492 ηφανία
2452 1420 2551 1489 τῆς
2576 1418 2803 1488 καρδίας
2835 1434 2927 1470 σου
2975 1415 3145 1484 ἐπῆρε
3168 1429 3226 1466 σε
3249 1410 3672 1482 κατασκηνούντα
3701 1417 3743 1466 ἐν

2216 1515 2333 1575 ταῖς
2360 1512 2518 1574 ὀπαῖς
2537 1508 2644 1563 τῶν
2671 1508 2904 1580 πετρῶν,
2942 1506 3091 1577 ὑψῶν
3128 1507 3227 1577 τὴν
3266 1503 3541 1558 κατοικίαν
3577 1503 3739 1556 αὑτοῦ·

2215 1603 2385 1672 λέγων
2419 1605 2477 1655 ἐν
2507 1605 2573 1673 τῇ
2611 1600 2805 1670 καρδίᾳ
2837 1598 3029 1654 αὑτοῦ·
3060 1597 3156 1660 Τίς
3194 1613 3261 1667 με
3300 1595 3522 1658 κατάξει
3557 1595 3638 1649 ἐπὶ
3668 1597 3743 1668 τὴν

2214 1695 2316 1765 γῆν
2337 1712 2352 1760 ;
2387 1713 2408 1747 ι
2440 1693 2652 1760 Ἐπειδὴ
2671 1692 2778 1762 γὰρ
2802 1690 2976 1760 ὄρειον
2996 1688 3172 1759 ᾤκουν
3197 1687 3380 1758 χώραν
3405 1687 3454 1739 οί
3480 1686 3742 1756 Ἰδουμαῖοι,

2216 1785 2414 1855 μᾶλλον
2447 1784 2602 1837 τοῦτο
2619 1783 2782 1851 λέγει.
2823 1783 2904 1835 ὅτι
2936 1780 3214 1850 Ἀμέτρως
3245 1777 3496 1849 ἐπήρθης
3529 1777 3617 1848 τὴν
3647 1778 3741 1831 διά-

2212 1893 2379 1938 νοιαν,
2418 1877 2475 1927 ἐν
2504 1874 2828 1928 καταδύσεσι
2865 1873 2961 1942 μὲν
2999 1870 3164 1924 οἰκῶν
3201 1870 3436 1939 πετρῶν,
3487 1868 3664 1939 πολλὴν
3701 1869 3744 1922 δέ

2213 1984 2306 2019 σου
2341 1966 2435 2019 καὶ
2476 1966 2757 2036 μεγίστην,
2791 1965 2867 2027 ὠς
2894 1964 3025 2034 (nou,
3052 1959 3367 2031 πεποιηκὼς
3404 1959 3504 2030 τὴν
3533 1960 3712 2028 οίκησιν
3730 1976 3741 1991 ·

2211 2060 2304 2112 καὶ
2323 2058 2388 2129 δὴ
2417 2059 2510 2110 καὶ
2527 2059 2770 2127 οἰόμενος
2801 2057 2896 2110 οὑκ
2931 2057 2995 2110 ἄν
3030 2071 3166 2107 ποτε
3199 2052 3416 2106 ἔσεσθαι
3439 2051 3531 2104 τὸν
3555 2051 3745 2120 δυνάμε-

2211 2151 2299 2204 νόν
2327 2167 2385 2202 σε
2417 2151 2514 2221 τῆς
2534 2147 2844 2219 προσούσης
2875 2146 3124 2200 ἐκϐαλεῖν
3149 2142 3454 2212 εὐπραγίας
3474 2158 3489 2172 ·
3535 2143 3659 2212 ὑπὲρ
3688 2135 3745 2194 ὧν

2208 2242 2273 2311 δὴ
2295 2241 2457 2312 πείσῃ
2482 2241 2551 2294 τὰ
2569 2239 2858 2311 εἰρημένα,
2883 2238 2969 2291 ἵνα
2987 2236 3151 2308 αἴσθῃ
3175 2234 3350 2307 μάτην
3386 2235 3620 2303 οἰόμενος
3638 2228 3746 2284 εἶναί

2209 2351 2260 2386 τι
2299 2332 2447 2395 θείας
2487 2331 2954 2403 ἀντιπραττούσης
3004 2329 3218 2400 βουλῆς.
3268 2327 3343 2397 (p.
3391 2326 3517 2394 220)
3569 2343 3584 2375 ι
3646 2323 3745 2376 Ἐὰν

2214 2421 2582 2493 μετεωρισθῇς
2640 2424 2716 2485 ὡς
2768 2422 2943 2485 ἀετὸς,
3005 2420 3098 2473 καὶ
3147 2418 3241 2471 ἐὰν
3303 2417 3402 2470 ἀνά
3466 2417 3619 2486 μέσον
3660 2414 3747 2466 τῶν

2209 2515 2424 2585 ἄστρων
2462 2513 2560 2583 θῇς
2604 2513 2822 2566 νοσσιάν
2854 2529 2971 2576 σου,
3011 2510 3218 2564 ἐκεῖθεν
3269 2507 3486 2573 κατάξω
3520 2523 3594 2571 σε,
3631 2505 3749 2572 λέγει

2209 2605 2431 2675 Κύριος.
2470 2623 2489 2656 ι
2523 2605 2685 2656 Ὥστε
2719 2603 2819 2657 κάν
2847 2603 3003 2656 ἀετοῦ
3026 2602 3180 2672 δίκην
3217 2603 3297 2663 εἰς
3326 2599 3458 2668 ὕψος
3494 2598 3673 2669 ἀρθῇς,
3705 2597 3750 2657 ὃς

2211 2697 2345 2750 πολὺ
2382 2696 2490 2748 τῶν
2525 2694 2669 2765 ὀρῶν
2708 2693 3109 2765 ὑπερίπτασθαι
3144 2692 3374 2760 πέφυκε,
3408 2691 3502 2743 καὶ
3533 2691 3588 2742 ἐν
3627 2687 3748 2757 μέσῳ

2207 2788 2318 2842 τῶν
2335 2788 2549 2858 ἄστρων
2567 2787 2654 2840 διὰ
2671 2787 2769 2859 τὴν
2786 2785 3089 2858 ὑπερϐολὴν
3104 2786 3201 2855 τῆς
3220 2781 3569 2853 περιφανείας
3588 2779 3750 2833 σαυτὸν

2210 2880 2587 2949 καταστήσῃς,
2634 2879 2735 2931 οὑκ
2782 2878 3037 2948 ἀρκέσεις
3085 2875 3221 2944 πρὸς
3269 2876 3367 2945 τὴν
3415 2873 3641 2941 δύναμιν
3672 2869 3750 2938 τὴν

2207 2970 2368 3040 ἐμὴν,
2397 2970 2473 3022 ὅτ’
2499 2971 2564 3024 άν
2593 2985 2652 3021 σε
2681 2969 2967 3038 κατασπᾷν
3007 2966 3191 3020 ἐθέλω.

613 3051 781 3108 Vens.
816 3050 936 3107 5-7.
959 3078 1028 3090 —
1059 3067 1080 3102 ι
1123 3047 1181 3104 Si
1221 3049 1370 3106 fures
1391 3049 1458 3104 ad
1500 3057 1551 3105 te
1573 3049 1850 3105 venissent
1884 3056 2109 3104 noctur—

2279 3062 2427 3130 Στιχ.
2465 3057 2606 3124 ἐσς’.
2645 3089 2717 3099 -
2754 3077 2774 3109 ι
2825 3059 2889 3112 Ei
2917 3057 3143 3111 κλέπται
3179 3053 3424 3125 εἰσῆλθον
3464 3051 3597 3122 πρὸς
3622 3050 3689 3113 σὲ,
3714 3051 3751 3100 ει

543 3145 669 3200 nive
722 3144 996 3206 latrones,
1057 3141 1277 3195 ubinam
1329 3141 1569 3209 projecta
1635 3140 1877 3196 fuisses?
1928 3155 2110 3194 nonne

545 3235 709 3291 furati
747 3240 931 3290 essent
977 3230 1305 3289 sullicientia
1328 3232 1475 3287 sibi?
1506 3231 1572 3285 Et
1609 3231 1655 3286 si
1685 3231 2110 3287 vindemiatores

544 3327 612 3382 ad
647 3333 700 3382 te
733 3323 967 3395 ingressi
1012 3323 1277 3386 fuissent,
1310 3339 1492 3378 nonne
1525 3323 1623 3377 tibi
1673 3338 1949 3378 racemum
1985 3323 2112 3379 reli-

543 3419 792 3490 quissent
812 3417 834 3471 ?
857 3414 1141 3482 Quomodo
1161 3414 1425 3469 lustratus
1443 3422 1526 3469 est
1553 3412 1717 3480 Esau,
1743 3413 2108 3483 deprehensa-

543 3526 651 3579 que
706 3515 835 3564 sunt
881 3506 1095 3562 occulta
1133 3505 1347 3574 ejus?»
1386 3502 1442 3558 Si
1506 3503 1655 3559 fures
1709 3504 1913 3574 aliqui,
1969 3505 2107 3558 clam

543 3597 708 3656 noctu
757 3597 928 3653 furari
980 3595 1129 3652 soliti
1170 3596 1226 3650 in
1277 3593 1500 3649 domum
1553 3602 1700 3648 tuam
1758 3595 2106 3664 irrupissent,

546 3689 736 3760 paucis
778 3687 1008 3759 direptis
1065 3686 1300 3740 fortasse
1345 3685 1768 3754 discessissent;
1819 3693 1876 3741 tu
1928 3693 2109 3740 tamen

543 3780 964 3850 haudquaquam
995 3776 1204 3832 adibus
1247 3776 1438 3846 pulsus
1473 3775 1705 3843 fuisses;
1741 3776 1849 3832 tuis
1880 3775 2026 3832 enim
2057 3783 2110 3830 te

544 3872 750 3927 laribus
794 3871 830 3926 ii
880 3869 974 3942 qui
1024 3869 1172 3923 furto
1204 3867 1562 3923 tumultuario
1607 3867 1815 3938 aliquid
1845 3867 2111 3938 diripiunt

543 3965 780 4036 spoliare
820 3979 928 4018 non
975 3971 1218 4033 possent.
1269 3959 1400 4016 Item
1443 3960 1587 4030 siqui
1625 3961 1910 4017 vindemiae
1941 3975 2110 4016 causa

540 4058 756 4112 vineam
807 4055 1150 4118 introissent,
1202 4053 1562 4108 nihilominus
1611 4059 1818 4122 partem
1868 4051 2108 4120 aliquam

540 4146 754 4203 fructus
788 4146 843 4201 in
881 4145 987 4200 vite
1017 4144 1392 4216 reliquissent.
1441 4141 1826 4198 Verumtamen
1855 4141 1931 4196 rei
1961 4154 2112 4196 nunc

541 4240 642 4295 tibi
679 4249 952 4295 eventura:
993 4237 1100 4292 alia
1148 4237 1287 4292 ratio
1331 4243 1416 4292 est
1457 4253 1470 4289 :
1517 4233 1902 4303 supervenient
1961 4234 2110 4288 enim

2211 3151 2405 3222 λῃσταὶ
2443 3152 2656 3217 νυκτὸς,
2697 3148 2799 3203 ποῦ
2834 3149 2900 3203 ἂν
2939 3149 3284 3219 ἀπεῤῥίφηςς
3327 3145 3426 3197 οὑκ
3455 3144 3521 3196 ἂν
3553 3141 3753 3210 ἔκλεψαν

2209 3243 2280 3296 τὰ
2302 3242 2462 3296 ίκανά
2495 3242 2714 3308 αὑτοῖς;
2743 3241 2837 3294 καὶ
2873 3242 2922 3293 εί
2952 3238 3221 3311 τρυγηταὶ
3257 3233 3506 3302 εἰσῆλθον
3529 3232 3655 3303 πρὸς
3687 3231 3752 3289 at.

2209 3336 2310 3389 οὑκ
2363 3335 2430 3390 ἂν
2487 3335 2810 3388 ὑπελίποντο
2877 3331 3224 3400 ἐπιφυλλίδα;
3284 3329 3399 3392 πῶς
3463 3323 3755 3396 ἐξερευνήθη

2221 3427 2416 3491 Ἠσαῦ,
2443 3429 2536 3482 καὶ
2576 3426 2888 3498 κατελήφθη
2928 3425 3093 3477 αὑτοῦ
3131 3422 3197 3476 τά
3236 3420 3624 3492 κεκρυμμένα;
3662 3433 3679 3467 ι
3706 3415 3755 3466 Εἰ

2213 3519 2310 3589 μὲν
2343 3513 2435 3571 οὖν
2465 3518 2692 3572 κλέπται
2727 3518 2870 3582 τινὲς
2898 3518 2948 3570 οἱ
2971 3514 3267 3586 λεληθότως
3293 3515 3350 3566 ἐν
3374 3515 3496 3576 ταῖς
3533 3509 3645 3572 νυξὶ
3679 3507 3757 3577 λῃ·

2212 3609 2421 3664 στεύειν
2459 3609 2703 3673 εἰωθότες
2729 3611 2808 3672 είς
2839 3607 2937 3679 τὴν
2992 3605 3166 3660 οἰκίαν
3205 3603 3526 3672 ἐπεισῆλθον
3545 3600 3637 3669 τὴν
3659 3597 3754 3667 σὴν,

2211 3701 2418 3772 βραχέα
2452 3700 2575 3754 τινὰ
2614 3699 2890 3763 λαϐόντες,
2927 3697 3088 3768 τυχὸν
3117 3695 3340 3765 ἐξῆλθον
3372 3695 3438 3748 ἀν
3461 3711 3474 3725 ·
3517 3693 3580 3745 σὺ
3602 3690 3654 3742 δέ
3677 3689 3759 3741 οὑκ

2212 3793 2278 3846 ἀν
2314 3793 2626 3864 ἀπερῤίςρης
2660 3791 2757 3860 τῆς
2797 3790 2993 3855 οίκίας,
3041 3787 3230 3857 ἐπειδὴ
3264 3787 3360 3856 τῆς
3410 3781 3671 3854 οἰκήσεώς
3710 3795 3755 3830 σε

2210 3885 2530 3955 ἀποστερεῖν
2570 3884 2617 3936 oi
2650 3883 2738 3936 διά
2782 3881 3032 3954 λῃστείας
3068 3879 3137 3933 τά
3183 3876 3556 3950 προστυχόντα
3593 3871 3756 3942 6.33516-

2215 3993 2363 4046 μενοι
2415 3975 2516 4028 οὑκ
2556 3973 2850 4044 ἠδύναντο·
2893 3972 2988 4026 καὶ
3029 3971 3121 4024 ἐπὶ
3163 3968 3368 4041 τρύγην
3428 3967 3480 4020 δέ
3524 3981 3660 4027 τινες
3697 3963 3760 4022 είς

2211 4067 2512 4137 ἀμπελῶνα
2557 4065 2985 4137 εἰσεληλυθότες,
3015 4064 3250 4125 τπάντως
3303 4063 3367 4116 ἀν
3423 4077 3545 4112 τινα
3575 4053 3759 4127 καρπὸν

2213 4160 2500 4213 κατέλιπον
2533 4162 2591 4212 ἐν
2619 4161 2738 4222 ταῖς
2762 4157 3023 4228 ἀμπέλοις
3042 4169 3058 4186 ⁸
3087 4155 3147 4207 τὸ
3175 4155 3230 4209 δέ
3257 4171 3319 4222 γε
3341 4152 3438 4205 νῦν
3459 4169 3541 4204 σοι
3573 4146 3759 4218 συμϐη-

2213 4247 2438 4318 σόμενον
2481 4248 2541 4300 οὑ
2586 4246 2828 4300 τοιοῦτον
2857 4246 3042 4299 ἔσται·
3071 4243 3449 4297 ἐπελεύσονται
3486 4239 3594 4310 γάρ
3628 4235 3760 4289 πολι-

542 4334 760 4395 Ῑῑοειεθν
793 4332 886 4402 (ιιιί
923 4339 1207 4400 Μηίορετθ
1255 4329 1336 4383 mi
1377 4329 1689 4399 Ροιίθηίυτν
1719 4338 1779 4382 ιιι
1802 4326 1987 4380 omnia
2017 4336 2108 4380 ῑυ³
2141 4406 2168 4409 Δ
2217 4357 2328 4409 μιοι
2356 4338 2406 4392 οἴ
2431 4336 2684 4392 τοσοῦτόν
2715 4356 2808 4391 σου
2839 4337 3367 4407 κατακρατήσουσιν,
3401 4332 3545 4385 ὥστε
3573 4330 3761 4383 ἅπαντα

543 4423 797 4486 scrutati,
821 4422 960 4476 nihil
984 4422 1104 4485 tibi,
1133 4419 1478 4476 reconditum
1505 4419 1651 4482 licet,
1681 4418 1956 4474 incolume
1984 4433 2109 4474 esse

2213 4406 2662 4500 ἐξερευνήσαντες
2689 4429 2757 4482 τὰ
2782 4406 3053 4501 προσόντα
3082 4444 3184 4492 σοι,
3236 4424 3369 4496 μηδέ
3403 4423 3512 4477 τῶν
3537 4435 3760 4490 κεκρυμ-

543 4515 748 4569 sinant.
802 4512 948 4568 Adeo
996 4520 1195 4567 cuncta
1240 4512 1297 4566 in
1337 4526 1527 4567 eorum
1573 4517 1898 4580 potestatem
1946 4509 2110 4564 deve-

545 4606 718 4671 nient,
750 4605 843 4676 qui
877 4603 1140 4674 quidquid
1170 4603 1386 4657 libitum
1419 4601 1584 4658 fuerit
1611 4601 1956 4672 depopulati,
1992 4610 2106 4656 tum

544 4698 763 4752 demum
830 4694 1148 4750 abscedent.
1203 4692 1410 4761 Deinde
1478 4697 1549 4749 ob
1601 4694 1728 4747 mali
1787 4694 2109 4762 gravitatem

543 4787 924 4844 declarandam
949 4788 1025 4841 ait
1059 4805 1074 4841 :
1111 4804 1131 4838 ι
1164 4786 1352 4855 Usque
1380 4784 1449 4840 ad
1484 4785 1750 4841 terminos
1786 4792 1910 4840 tuos
1947 4785 2112 4839 dimi-

543 4886 734 4935 serunt
760 4885 811 4932 te
836 4876 942 4932 viri
977 4892 1168 4933 omnes
1203 4875 1425 4932 foederis
1461 4876 1538 4930 tui
1565 4893 1580 4942 ;
1607 4876 1947 4932 obsisterunt
1979 4876 2107 4942 tibi;

542 4971 691 5026 vires
715 4985 844 5025 suas
875 4976 1069 5024 contra
1102 4977 1154 5025 te
1193 4968 1568 5024 intenderunt.
1607 4985 1625 5019 ι
1659 4966 1761 5034 Qui
1794 4967 1918 5036 jure
1953 4965 2111 5037 “.6

542 5060 796 5116 amicitia:
843 5061 1129 5130 mutuique
1168 5059 1406 5131 praesidii
1459 5067 1639 5116 tecum
1675 5065 1834 5113 antea
1871 5058 2109 5127 copulati

539 5162 722 5220 erant,
753 5153 938 5210 statim
973 5167 1038 5208 ac
1064 5153 1392 5210 calamitatis
1427 5159 1534 5207 tua:
1560 5151 1878 5222 gravitatem
1921 5167 2110 5206 sense-

540 5245 675 5310 rint,
722 5243 793 5300 ad
835 5243 1076 5300 hostium
1125 5251 1309 5314 partes
1352 5243 1694 5310 transibunt;
1740 5257 1976 5312 cumque
2022 5241 2108 5297 his

542 5332 928 5404 conspirantes
952 5333 1156 5389 finibus
1187 5334 1298 5390 tuis
1327 5343 1379 5390 te
1408 5334 1712 5405 propellent
1731 5373 1746 5397 ,
1775 5333 1904 5388 dum
1941 5332 2110 5387 hosti-

542 5423 648 5480 bus
683 5423 1080 5494 gratilicantur,
1111 5433 1275 5494 atque
1308 5424 1363 5479 in
1386 5424 1755 5494 captivitatem
1787 5424 2105 5480 extrudent.

543 5513 612 5568 Hi
640 5514 771 5572 totis
793 5516 1002 5573 viribus
1028 5517 1487 5581 adversabuntur,
1518 5524 1682 5586 atque
1707 5515 1960 5572 hostibus
1984 5532 2109 5586 sup-

544 5605 720 5676 petias
746 5605 939 5663 ferent.
976 5606 1034 5663 ld
1057 5609 1235 5679 ipsum
1273 5607 1403 5662 alibi
1437 5607 1619 5662 denuo
1653 5607 1826 5662 dicit:
1865 5625 1882 5658 ι
1916 5606 2104 5660 llomi-

547 5713 647 5752 nes
697 5698 776 5752 tui
815 5699 1063 5769 paciﬁci,
1121 5699 1215 5770 qui
1256 5705 1435 5754 tecum
1475 5699 1652 5769 epulis
1689 5698 2106 5763 accumbebant,

549 5785 781 5844 insidias
837 5788 934 5844 tibi
991 5788 1416 5844 collocaverunt.
1469 5787 1628 5846 Nulla
1681 5798 1765 5845 est
1817 5789 2108 5860 prudentia

2215 4521 2392 4592 μένων
2430 4521 2685 4589 ἀκέραιον
2721 4519 2938 4588 ἀφεῖναί
2977 4536 3031 4571 τι
3079 4517 3231 4588 παρὰ
3280 4515 3392 4569 σοί·
3430 4514 3577 4568 οὕτω
3609 4513 3762 4564 πάντα

2211 4612 2318 4666 ὑπὸ
2348 4613 2448 4684 τὴν
2495 4611 2745 4679 ἐξουσίαν
2780 4611 2932 4663 ἔσται
2976 4609 3074 4681 τὴν
3118 4609 3359 4668 ἐκείνων,
3404 4607 3479 4677 (p.
3529 4603 3652 4672 εει)
3684 4601 3761 4653 καί

2213 4703 2389 4757 πάντα
2437 4702 2697 4756 δοκοῦντα
2757 4699 3148 4754 ἀπελεύσονται
3199 4699 3487 4762 λαϐόντες·
3542 4693 3656 4748 εἶτα
3700 4694 3764 4752 είς

2209 4795 2430 4864 ἔλεγχον
2473 4793 2573 4862 τῆς
2622 4793 2926 4855 ἐπιτάσεως
2985 4791 3080 4845 τοῦ
3139 4791 3342 4845 κακοῦ·
3399 4809 3416 4840 ι
3476 4789 3623 4851 ’Ἕως
3674 4782 3764 4836 τῶν

2213 4885 2376 4955 ὁρίων
2403 4901 2496 4937 σου
2530 4883 2914 4949 ἐξαπέστειλαν
2946 4899 3005 4934 σε
3032 4882 3230 4944 πάντες
3253 4883 3300 4932 οἱ
3333 4879 3527 4950 ἀνδρες
3553 4878 3646 4946 τῆς
3665 4874 3766 4927 δια·

2215 4972 2388 5043 θήκης
2420 4987 2545 5025 σοιν
2582 4973 2915 5043 ἀντέστησαν
2950 4987 3052 5035 σοι,
3092 4969 3432 5040 ἠδυνήθησαν
3472 4966 3612 5038 πρὸς
3633 4963 3704 5015 σέ.
3746 4979 3762 5011 ι

2213 5065 2325 5118 Καὶ
2372 5064 2480 5135 γὰρ
2518 5064 2611 5118 καὶ
2656 5066 2703 5118 oi
2748 5065 3010 5136 πρότερον
3049 5063 3336 5132 συνθήκας,
3361 5061 3548 5130 φιλίας
3593 5075 3652 5110 τε
3691 5055 3769 5108 καὶ

2215 5153 2528 5224 συμμαχίας
2547 5154 2758 5225 ἔχοντες
2778 5154 2914 5226 πρὸς
2942 5154 3021 5218 σὲ,
3044 5151 3366 5223 θεασάμενοί
3395 5168 3492 5204 σου
3513 5150 3614 5219 τῆς
3643 5163 3768 5215 συμ-

2214 5246 2387 5315 φορᾶς
2411 5244 2471 5297 τὸ
2507 5244 2753 5315 μέγεθος,
2801 5245 2943 5298 οὑτω
2971 5245 3071 5315 τῆς
3118 5243 3227 5296 τῶν
3270 5241 3527 5296 ἐναντίων
3574 5241 3770 5293 ἔσονται

2216 5338 2430 5408 μοίρας,
2463 5335 2602 5389 ὥστε
2651 5353 2710 5389 σε
2742 5338 2838 5390 σὺν
2871 5337 3099 5399 ἐκείνοις
3129 5336 3343 5389 πάντων
3377 5333 3649 5404 ἐξωθῆναι
3678 5329 3770 5383 τῶν

2210 5428 2372 5497 ὁρίων
2402 5428 2510 5482 τῶν
2538 5427 2667 5493 σῶν,
2688 5431 2871 5501 χάριτι
2901 5427 3301 5498 τῶν“πολεμίων
3329 5427 3420 5480 ἐπὶ
3452 5427 3558 5498 τὴν
3589 5426 3774 5495 αἰχμα-

2212 5520 2412 5575 λωσίαν
2461 5519 2768 5584 ὠθοῦντας·
2828 5521 2877 5574 οἳ
2931 5523 3026 5575 καὶ
3077 5520 3488 5591 ἀντιστήσονται
3531 5537 3644 5583 σοι,
3693 5517 3770 5570 καί

2213 5610 2531 5680 δυνήσονται
2560 5615 2670 5675 τοῖς
2707 5612 2984 5683 πολεμίοις
3011 5612 3451 5683 συμπράττοντες
3498 5608 3619 5674 τοῖς
3644 5609 3771 5670 σοῖς·

2217 5703 2309 5754 καὶ
2336 5701 2395 5755 τὸ
2425 5703 2554 5756 αὑτὸ
2589 5703 2750 5756 πάλιν
2778 5705 2982 5774 ἐτέρως
3024 5704 3223 5771 λέγων·
3264 5722 3284 5755 ι
3328 5702 3560 5772 ’Ἄνδρες
3589 5703 3774 5769 εἰρηνι-

2217 5792 2302 5846 κοί
2334 5809 2426 5846 σου
2456 5794 2503 5846 oi
2535 5793 2904 5857 συνεσθίοντές
2933 5811 3035 5860 σοι,
3072 5794 3274 5865 ἔθηκαν
3311 5793 3505 5864 ἕνεδρα
3533 5786 3774 5844 ὑποκάτω
