3954 6520
231 383 341 440 313

1408 386 1964 446 COMMENTARIUS
1998 386 2068 445 IN
2097 387 2378 445 ABDIAII.

3381 396 3490 452 δη

229 519 328 558 σου
350 520 365 534 ο
398 501 500 557 οὐκ
529 500 646 557 ἔστι
685 500 933 567 σύνθεσις
962 503 1022 557 ἐν
1048 504 1223 576 αὐτῷ.
1272 524 1292 561 ι
1326 507 1390 561 Οἰ
1418 507 1602 576 φιλίαν
1637 509 1801 562 ἀσπα‹

1916 505 2063 577 ejus.
2098 525 2119 563 ι
2152 506 2257 573 Qui
2287 516 2465 563 tecum
2496 508 2738 567 amicitia
2760 509 2963 580 juncti,
2988 509 3267 566 communi
3299 524 3489 566 mensa

228 594 446 667 ζόμενοι
460 594 598 668 πρὸς
618 595 680 648 at
707 596 800 650 καὶ
828 595 972 651 ἀλῶν
994 613 1077 651 σοι
1106 599 1507 666 κοινωνοῦντες,
1540 600 1695 654 αύτοί
1728 618 1811 656 σοι

226 687 421 759 λόχους
448 687 763 759 ύφανοῦσιν,
814 689 896 752 είς
930 688 1204 745 ἀπώλειαν
1244 691 1487 760 ἄγοντες.
1523 693 1710 764 ἐπειδὴ
1743 693 1812 748 δι’

228 779 673 850 ὑπερϐάλλουσαν
716 780 900 834 άνοιαν
942 780 1064 836 ούδέ
1103 782 1402 855 διακρίνειν
1460 786 1589 850 τοὺς
1643 787 1811 850 ὅντως

228 871 420 941 φίλους
449 871 741 925 ἐπίστασαι
776 871 887 926 τῶν
920 872 1152 943 ἐχθρῶν.

302 963 451 1036 Στίχ.
492 966 867 1033 η’-ια’.-ιἘν
915 965 1099 1038 ἐκείνῃ
1137 969 1203 1038 τῇ
1249 967 1455 1040 ήμέρᾳ,
1502 969 1651 1039 λέγει
1696 972 1811 1026 K6-

226 1070 366 1122 ριος.
398 1053 585 1110 άπολῶ
625 1057 823 1125 σοφοὺς
853 1056 919 1110 ἐκ
964 1055 1062 1126 τῆς
1095 1056 1420 1128 Ἰδουμαίας,
1464 1062 1558 1115 καὶ
1593 1060 1810 1118 σύνεσιν

223 1144 290 1211 ἐξ
314 1144 481 1216 ὅρους
532 1146 736 1201 Ἠσαῦ’
787 1147 884 1202 καὶ
911 1149 1307 1221 πτοηθήσονται
1346 1153 1396 1205 οἱ
1433 1155 1674 1224 μαχηταί
1714 1172 1809 1210 σου

223 1236 295 1289 ἐκ
325 1236 563 1307 Θαιμάν,
587 1238 736 1301 ὅπως
762 1238 963 1312 ἐξαρθῇ
993 1240 1279 1312 ἄνθρωπος
1312 1243 1371 1308 ἐξ
1408 1244 1569 1315 ὅρους
1610 1245 1805 1312 Ἠσαῦ,

221 1325 314 1382 διὰ
348 1327 450 1400 τὴν
479 1330 691 1399 σφαγὴν
730 1331 822 1384 καὶ
849 1332 947 1401 τὴν
976 1331 1228 1387 ἀσέϐειαν
1272 1334 1372 1407 τὴν
1407 1338 1487 1401 είς
1529 1337 1622 1391 τὸν
1656 1339 1810 1393 ἀδελ-

222 1417 328 1485 φόν
360 1433 455 1471 σου
503 1417 693 1473 Ἰακώϐ
714 1436 728 1450 ⁸
762 1420 857 1474 καὶ
891 1420 1121 1492 καλύψει
1162 1440 1222 1475 σε
1265 1424 1518 1496 αἰσχύνη,
1566 1424 1644 1493 (p.
1679 1426 1807 1498 222)

221 1518 323 1563 και
355 1509 634 1584 ἐξαρθήσῃ
662 1513 744 1574 είς
773 1512 863 1566 τὸν
891 1512 1093 1568 αἰῶνι
1123 1534 1145 1569 ι
1196 1516 1546 1583 ’Δπολούνται
1572 1518 1636 1590 δὴ
1670 1518 1809 1573 πάν-

219 1617 317 1665 τες
329 1602 380 1653 οί
410 1603 469 1655 ἐν
503 1602 631 1673 ὑμῖν
658 1603 790 1674 περὶ
813 1604 881 1659 τά
912 1605 1183 1677 πολεμικὰ
1210 1609 1364 1678 σοφοί
1394 1628 1455 1663 τε
1476 1610 1570 1663 καὶ
1590 1610 1808 1665 δυνατοί

217 1709 370 1758 τινες
406 1692 699 1764 αὐχοῦντες
738 1692 874 1749 εἶναι
895 1714 908 1728 ·
964 1697 1017 1751 οἵ
1060 1715 1121 1751 τε
1171 1699 1313 1769 μέγα
1351 1699 1675 1771 φρονοῦντες
1715 1702 1809 1756 ἐπὶ

1918 598 2233 662 utebantur,
2290 598 2723 658 machinationes
2763 602 2862 658 tibi
2902 610 3230 659 struxerunt
3272 618 3393 671 quae
3432 604 3489 656 in

1914 691 2215 761 perniciem
2239 690 2662 765 ducerent,quia
2677 710 2776 763 pro
2799 702 2890 749 tua
2917 710 3130 751 summa
3160 694 3393 749 stultitia
3422 708 3491 750 ne

1912 799 2211 856 germanos
2264 785 2486 856 quidem
2528 786 2736 842 amicos
2781 788 2850 843 ab
2895 788 3136 843 inimicis
3175 788 3491 844 discernere

1912 877 2079 933 nosti.

1985 967 2151 1024 Vens.
2180 968 2332 1024 8-H.
2356 997 2430 1011 —
2462 986 2482 1019 ι
2524 968 2620 1023 illa
2664 968 2774 1033 die,
2823 969 3004 1039 inquit
3052 969 3339 1033 Dominus,
3367 984 3491 1038 pes-

1912 1076 2035 1115 sum
2084 1061 2226 1117 dabo
2277 1060 2552 1130 sapientes
2598 1061 2653 1115 in
2700 1061 2976 1125 ldumaea,
3031 1061 3370 1115 intellectum
3432 1060 3487 1113 in

1912 1163 2097 1213 monte
2128 1154 2272 1209 Esau
2304 1173 2317 1208 :
2348 1152 2542 1208 cadent
2570 1155 2865 1210 bellatores
2904 1155 2981 1208 tui
3029 1170 3060 1209 e
3105 1153 3383 1217 Thaaman,
3415 1154 3490 1207 ita

1912 1254 1973 1300 ut
2023 1246 2421 1301 exterminetur
2475 1246 2638 1300 homo
2683 1262 2752 1301 ex
2803 1254 2989 1302 monte
3035 1244 3215 1307 ’Esau,
3267 1253 3491 1314 propter

1911 1338 2112 1393 caedem
2165 1346 2329 1406 atque
2369 1338 2668 1407 nequitiam
2720 1352 2885 1408 quam
2938 1337 2993 1391 in
3040 1333 3214 1391 Jacob
3262 1334 3490 1389 fratrem

1910 1441 2064 1487 tuum
2115 1433 2405 1490 exseruisti
2440 1450 2454 1486 :
2495 1430 2790 1502 ignominia
2842 1430 3151 1500 oppleberis
3176 1468 3191 1492 ,
3237 1435 3402 1495 atque
3431 1427 3486 1481 in

1910 1529 2175 1576 aeternum
2224 1521 2514 1578 deleberis.
2562 1540 2581 1573 ι
2630 1520 2764 1575 Leto
2810 1520 3138 1575 occumbant
3177 1519 3491 1588 quicunque

1911 1615 2053 1683 apud
2080 1629 2178 1670 vos
2205 1615 2283 1670 rei
2317 1614 2524 1669 bellicae
2561 1608 2721 1680 periti
2748 1608 3091 1666 ferunturvel
3116 1610 3489 1666 fortitudinem
3577 1644 3580 1647 -

1906 1704 2153 1776 jactant;
2203 1707 2405 1777 quique
2456 1706 2656 1777 praeliis
2698 1704 2750 1758 in
2786 1701 3045 1757 Thaman
3086 1702 3340 1772 pugnatis
3378 1700 3493 1770 glo-

220 1785 350 1848 ταῖς
380 1785 581 1855 μάχαις
614 1786 674 1838 ἐν
699 1785 937 1857 Θαιμάν,
960 1789 994 1858 ἢ
1032 1789 1261 1862 μεγίστη
1294 1791 1405 1844 τῶν
1432 1791 1639 1846 πόλεων
1667 1788 1801 1849 εἷναι

1909 1798 2157 1865 riantur,
2191 1813 2314 1868 quae
2354 1798 2592 1852 maxima
2636 1795 2851 1850 videtur
2886 1795 3105 1850 urbium
3145 1802 3489 1855 vestrarum;

215 1876 374 1930 δοκεῖ
396 1877 507 1931 τῶν
539 1879 817 1951 ὑμετέρων
837 1895 852 1910 ·
900 1882 1215 1949 νικηθέντες
1251 1860 1346 1955 τῷ
1372 1885 1523 1957 φόϐῳ
1563 1886 1671 1941 τῶν
1710 1888 1801 1941 ἐπ-

1911 1890 1964 1944 bi
2010 1898 2156 1946 metu
2194 1891 2518 1945 instantium
2552 1889 2821 1942 malorum
2864 1886 3062 1950 fracti,
3095 1886 3311 1940 animos
3346 1885 3491 1939 ultro

217 1964 563 2033 εληλυθότων
620 1968 806 2023 κακῶν
849 1973 930 2035 είς
959 1972 1189 2041 πτόησιν
1234 1976 1668 2046 καταστήσονται
1713 1981 1810 2035 καὶ

215 2055 460 2110 δειλίαν·
494 2060 726 2131 τοσαύτη
758 2062 868 2116 τῶν
898 2063 1203 2134 ἀνθρώπων
1245 2066 1491 2121 ἀπώλεια
1521 2072 1808 2142 γενήσεται

214 2147 330 2201 τῶν
362 2149 669 2223 ὑμετέρων,
718 2153 859 2227 ὑπὲρ
895 2147 970 2209 ὧν
1019 2156 1173 2211 αὐτοὶ
1204 2160 1331 2223 τοὺς
1379 2160 1642 2231 ἀδελφοὺς
1683 2165 1809 2228 τοὺς

219 2236 391 2301 ίδίους
421 2242 487 2294 ἐκ
512 2242 607 2295 τοῦ
655 2244 851 2297 Ἰακὼϐ
889 2245 1232 2316 κατάγοντας
1262 2249 1325 2303 τὸ
1363 2250 1540 2318 γένος,
1566 2252 1626 2315 ὃς
1653 2252 1807 2307 ἀδελ-

216 2330 319 2398 φὸς
342 2325 414 2403 ἦν
439 2333 536 2387 τοῦ
568 2334 851 2413 ὑμετέρου.
877 2340 1167 2410 προγόνου,
1207 2343 1544 2415 παρανόμοις
1584 2344 1809 2399 ἐκδεδώ-

212 2440 349 2478 κατε
418 2431 531 2490 ταῖς
579 2433 845 2499 σφαγαῖς
903 2433 1045 2504 ὑπὲρ
1092 2433 1157 2504 δὴ
1213 2435 1417 2489 τούτων
1473 2437 1701 2508 αἰσχύνη
1747 2457 1806 2492 τε

212 2515 636 2592 περιϐληθήσῃ,
694 2522 789 2575 καὶ
834 2521 1073 2594 παντελῆ
1120 2522 1223 2594 τὴν
1281 2524 1557 2578 ἀπώλειαν
1599 2525 1807 2596 ὑπομεο

210 2609 352 2673 νεῖς.
406 2629 426 2662 r
493 2612 611 2682 Ἀφ’
652 2610 724 2685 ἧς
764 2615 978 2687 ἡμέρας
1027 2615 1290 2688 άντέστης
1333 2616 1392 2684 ἐξ
1442 2618 1690 2682 ἐναντίας
1746 2618 1804 2671 ἐν

210 2701 406 2774 ἡμέρᾳ
446 2704 964 2775 αίχμαλωτευόντων
996 2708 1302 2778 ἀλλογενῶν
1330 2708 1558 2781 δύναμιν
1601 2708 1766 2763 αὐτοῦ
1785 2723 1803 2740 ⁶

210 2794 310 2844 καὶ
355 2794 627 2867 ἀλλότριοι
650 2797 897 2869 εἰσῆλθον
918 2802 999 2864 είς
1034 2800 1210 2864 πύλας
1234 2800 1422 2869 αὐτοῦ,
1462 2801 1554 2855 ἐπὶ
1607 2802 1805 2872 Ἰερου-

212 2885 406 2956 σαλὴμ
439 2887 630 2942 ἔϐαλον
661 2891 917 2963 κλήρους,
949 2888 1129 2949 καῖσὺ
1151 2890 1220 2965 ἧς
1243 2894 1321 2957 ὡς
1349 2892 1432 2957 εἷς
1456 2895 1515 2961 ἐξ
1547 2894 1747 2949 αὐτῶν.
1778 2912 1798 2951 ι

209 2976 343 3028 Τῶν
376 2977 433 3030 δὲ
466 2979 911 3051 ἐπελευσομένων
932 3000 1014 3036 σοι
1035 2984 1222 3039 κακῶν
1253 2985 1315 3050 ἐξ
1345 2985 1556 3039 ἐκείνου
1594 2984 1803 3051 δέδεξαι

207 3071 318 3141 τὴν
338 3072 639 3141 ἀπόφασιν,
677 3074 827 3141 ἐξότε
852 3092 961 3148 περ
988 3076 1208 3131 τοιαῦτα
1246 3077 1387 3132 κατά
1410 3077 1519 3132 τῶν
1558 3077 1803 3147 ἀδελφῶν

1908 1982 2343 2051 despondebunt.
2396 1980 2575 2035 Tanta
2631 1981 2722 2035 fiet
2775 1980 2975 2034 civium
3014 1987 3323 2034 vestrorum
3370 1978 3490 2029 cla-

1909 2076 2004 2133 des
2032 2078 2044 2130 l
2080 2084 2365 2149 propterea
2400 2077 2545 2147 quod
2581 2076 2684 2147 ipsi
2730 2075 2929 2130 fratres
2953 2081 3195 2136 vestros,
3230 2086 3294 2125 ex
3320 2067 3491 2124 Jacob

1908 2170 2244 2241 progenitos,
2279 2168 2375 2240 qui
2412 2168 2579 2223 vestri
2628 2166 2998 2239 progenitoris
3038 2178 3332 2235 germanus
3363 2162 3487 2223 fuit,

1910 2258 2200 2315 immeritis
2229 2258 2479 2314 cladibus
2506 2257 2785 2313 aﬂ'ecistis.
2816 2255 3049 2319 Idcirco,
3076 2254 3325 2324 inquam,
3362 2266 3491 2321 pro-

1908 2351 2009 2404 bro
2040 2350 2455 2415 sulfundemini,
2488 2363 2919 2420 supremumque
2949 2347 3177 2402 exitium
3241 2344 3487 2400 adibitis.

1912 2459 1933 2492 ι
1988 2439 2065 2494 Ex
2115 2456 2225 2511 quo
2276 2440 2366 2495 die
2422 2441 2771 2496 adversarius
2825 2438 3169 2502 constitisti;
3235 2450 3346 2507 quo
3401 2436 3491 2491 die

1906 2532 2225 2604 alienigenae
2285 2532 2339 2587 in
2391 2534 2762 2603 captivitatem
2822 2532 3141 2603 redigebant
3187 2528 3488 2601 potentiam

1904 2623 2074 2693 ejus;
2138 2624 2494 2694 extraneique
2559 2623 3012 2695 ingrediebantur
3075 2629 3266 2694 portas
3334 2619 3487 2690 ejus.

1900 2731 2180 2786 superque
2206 2714 2589 2788 Hierosolyma
2620 2726 2799 2772 sortes
2822 2715 3148 2781 mittebant;
3183 2722 3243 2768 tu
3267 2727 3490 2784 quoque

1904 2822 2028 2864 eras
2083 2815 2347 2878 tanquam
2388 2824 2535 2864 unus
2581 2824 2647 2864 ex
2691 2808 2823 2864 illis.
2879 2827 2899 2860 ι
2936 2806 3335 2862 Eventurorum
3388 2804 3487 2858 tibi

1904 2900 2174 2954 malorum
2215 2915 2283 2956 eo
2339 2910 2585 2971 tempore
2623 2914 2849 2955 causam
2898 2898 2996 2954 tibi
3041 2895 3372 2958 conciliasti,
3418 2909 3486 2949 ex

1903 3006 2015 3061 quo
2058 2991 2324 3047 adversus
2365 2989 2566 3047 fratres
2618 2998 2748 3046 tuos
2790 2990 2916 3045 talia
2952 2988 3133 3044 facere
3172 3002 3341 3041 ausus
3375 3002 3437 3041 es
3470 3004 3484 3040 :

1905 3099 2029 3138 cum
2068 3084 2318 3140 extranei
2358 3084 2585 3139 servitio
2629 3098 2726 3139 eos
2778 3081 3185 3152 mancipabant,
3226 3078 3384 3150 147
3429 3087 3488 3132 tu

206 3162 562 3235 τετόλμηκας
594 3164 702 3219 τῶν
743 3168 961 3221 οἰκείων
984 3186 999 3201 ο
1031 3169 1123 3223 ὅτε
1158 3169 1259 3241 μὲν
1294 3170 1565 3240 ἀλλότριοι
1606 3170 1801 3233 αὐτοὺς

1909 3188 1971 3230 ex
1997 3173 2230 3229 adverso
2258 3174 2588 3229 constiteras
2609 3214 2622 3238 ,
2654 3173 2707 3228 id
2738 3179 2823 3228 est
2851 3179 2905 3228 te
2934 3172 2991 3226 in
3029 3171 3273 3226 hosﬁum
3305 3173 3488 3240 partes

207 3254 599 3325 αἰχμαλώτους
616 3256 942 3328 ἐλάμϐανον,
965 3259 1030 3312 σὺ
1054 3258 1112 3312 δέ
1139 3260 1404 3332 ἀντέστης
1430 3261 1491 3326 ἐξ
1516 3262 1767 3324 ἐναντίας
1783 3278 1798 3292 ·

210 3349 305 3400 ἵνα
336 3346 491 3419 εῐπῃ’
544 3346 633 3401 Ἐν
661 3351 727 3421 τῇ
773 3348 881 3403 τῶν
903 3349 1114 3422 ἐχθρῶν
1140 3350 1337 3419 ἔταξας
1370 3351 1562 3405 σαυτὸν
1587 3351 1801 3423 μερίδι·

207 3440 311 3492 καὶ
345 3439 657 3508 ἀλλογενεῖς
694 3439 793 3510 μέν
825 3440 1007 3494 αὐτῶν
1040 3441 1120 3506 είς
1148 3460 1210 3497 τε
1247 3442 1346 3508 τάς
1393 3443 1585 3505 λοιπάς
1623 3442 1806 3506 πόλεις

208 3530 494 3603 εἰσῄεσαν,
535 3532 633 3587 καὶ
661 3532 797 3604 πρὸς
835 3537 957 3599 ταῖς
986 3534 1229 3600 λοιπαῖς,
1259 3536 1355 3590 καὶ
1398 3535 1501 3609 τὴν
1542 3539 1806 3609 Ἰερουσα-

207 3624 367 3693 λήμ·
434 3625 530 3678 καί¹
583 3624 647 3696 δὴ
695 3625 790 3678 καὶ
837 3624 1025 3698 κλήρῳ
1081 3625 1152 3681 τὰ
1209 3627 1398 3680 ἐνόντα
1468 3627 1805 3699 διενείμαντο

207 3715 395 3767 πάντα
414 3728 431 3744 ο
466 3715 533 3768 σὺ
562 3714 619 3768 δὲ
647 3714 952 3779 ἐκοινώνεις
987 3719 1101 3781 τοῖς
1132 3716 1360 3771 τοιαῦτα
1400 3717 1694 3788 τολμῶσιν.

282 3806 435 3878 Στίχ.
472 3807 650 3880 ιβ’-ιδ’.
680 3838 753 3848 -—
783 3827 803 3860 ι
843 3809 954 3862 Καὶ
983 3809 1058 3882 μὴ
1092 3809 1284 3883 ἐπίδῃς
1323 3810 1540 3882 ἡμέραν
1570 3808 1832 3881 ἀδελφοῦ*

210 3916 306 3952 σου
339 3900 399 3951 ὲν
427 3899 614 3971 ἡμέρᾳ
657 3899 973 3971 ἀλλοτρίων’
1030 3914 1115 3972 (p.
1137 3902 1271 3973 225)
1309 3904 1404 3955 καὶ
1440 3901 1514 3974 μὴ
1548 3903 1801 3974 ὲπίχαιρε

207 3989 306 4041 ἐπὶ
329 3990 459 4051 τοὺς
490 3989 640 4051 υἱοὺς
676 3988 846 4043 Ἰούδα
876 3991 935 4044 ἐν
962 3991 1144 4064 ἡμέρᾳ
1173 3989 1448 4051 ἀπωλείας
1478 3990 1678 4044 αὐτῶν-
1710 3992 1805 4044 καὶ

210 4081 289 4152 μὴ
346 4080 911 4155 μγαλορῤημονήσῃς
970 4084 1029 4135 ἐν
1086 4083 1272 4154 ἡμέρᾳ
1318 4081 1552 4151 θλίψεως
1600 4081 1803 4135 αὐτῶν·

211 4173 354 4244 μηδὲ
375 4172 624 4246 εἰσέλθῃς
652 4176 727 4237 είς
762 4174 936 4235 πύλας
955 4173 1098 4228 λαῶν
1118 4176 1175 4228 ἐν
1196 4175 1379 4246 ἡμέρᾳ
1402 4174 1581 4227 πόνων
1600 4175 1801 4227 αὐτῶψ

209 4268 306 4319 καὶ
346 4266 421 4337 μὴ
452 4265 643 4338 ἐπίδῃς
688 4267 783 4319 καὶ
811 4267 875 4320 σὺ
906 4267 1000 4319 ἐπὶ
1042 4267 1142 4339 τὴν
1172 4265 1496 4336 συναγωγὴν
1530 4265 1710 4318 αὐτῶν
1743 4266 1802 4319 ἐν

205 4358 400 4429 ἡμέρᾳ
421 4355 643 4427 ὀλέθρου
673 4356 874 4420 αὐτῶν,
920 4356 1055 4427 μηδὲ
1108 4355 1369 4427 συνεπιθῇ
1402 4355 1499 4409 ἐπὶ
1526 4353 1622 4426 τὴν
1643 4353 1800 4408 δύνα-

208 4467 303 4519 μιν
332 4446 515 4500 αὐτῶν
543 4447 598 4498 ἐν
617 4446 802 4517 ἡμέρᾳ
826 4446 1101 4511 ἀπωλείας
1126 4446 1344 4513 αὑτῶν,·
1383 4446 1519 4518 μηδὲ
1567 4446 1800 4518 ὲπιστῇς

1905 3268 2248 3337 conjeceras.
2282 3266 2487 3335 Utique
2511 3266 2832 3336 alienigena:
2855 3272 3085 3320 cunctas
3114 3263 3300 3326 urbes,
3326 3271 3491 3330 atque

1904 3360 1959 3414 in
2004 3358 2089 3413 his
2136 3358 2545 3429 Hierosolyma,
2595 3363 3035 3427 occupaverunt;
3088 3350 3490 3421 manubiasque

1907 3450 2155 3506 sortibus
2178 3450 2523 3516 diviserunt;
2558 3457 2614 3503 tu
2642 3462 2772 3504 vero
2802 3446 2935 3502 talia
2967 3446 3285 3501 audentium
3320 3443 3492 3514 parti-
3562 3474 3564 3477 -

1904 3555 2033 3612 ceps
2058 3555 2202 3596 eras.

1978 3812 2145 3867 Vens.
2202 3810 2390 3867 12-14.
2422 3840 2495 3851 —
2528 3827 2547 3860 ι
2583 3807 2771 3879 Neque
2830 3807 3105 3878 despicias
3166 3804 3356 3861 fratris
3407 3805 3488 3860 tui

1908 3908 2074 3971 diem,
2129 3905 2184 3959 in
2218 3903 2307 3959 die
2346 3903 2820 3973 alienigenarum;
2854 3914 3035 3969 neque
3074 3898 3274 3953 laeteris
3319 3911 3487 3966 super

1899 3999 2057 4055 Iudae
2123 3996 2252 4052 filiis
2288 3996 2343 4049 in
2377 3994 2467 4049 die
2506 3993 2660 4049 ferali
2688 4007 2901 4058 eorum;
2935 4006 3112 4060 neque
3134 3987 3371 4059 superbe
3405 3987 3487 4043 lo-

1903 4089 2096 4161 quaris
2126 4088 2181 4142 in
2210 4087 2300 4141 die
2332 4084 2666 4139 calamitatis
2689 4098 2916 4149 eorum;
2952 4097 3131 4152 neque
3161 4078 3492 4152 ingrediaris

1910 4188 2099 4251 portas
2139 4178 2466 4250 populorum
2498 4176 2554 4230 in
2586 4175 2676 4230 die
2715 4174 2890 4229 cladis
2927 4188 3152 4240 eorum;
3188 4186 3366 4241 neque
3401 4169 3493 4225 de-

1906 4272 2112 4343 spicias
2155 4268 2643 4340 congregationem
2684 4282 2878 4323 eorum
2918 4268 2975 4321 in
3016 4265 3105 4320 die
3153 4278 3265 4335 quo
3301 4263 3493 4317 interi-

1909 4365 2082 4430 bunt;
2122 4377 2303 4431 neque
2339 4360 2619 4415 inveharis
2657 4359 2715 4414 in
2755 4360 3056 4430 potentiam
3086 4371 3275 4412 eorum
3307 4355 3362 4410 in
3397 4354 3489 4410 die

1906 4472 2016 4528 quo
2049 4456 2339 4527 peribunt;
2376 4470 2553 4525 neque
2582 4456 2803 4511 steteris
2833 4456 2888 4508 in
2915 4454 3153 4509 exitibus
3182 4466 3395 4511 eorum.
3427 4457 3490 4503 ut

204 4541 303 4593 ἐπὶ
348 4540 447 4603 τάς
484 4538 763 4602 διεκϐολὰς
805 4538 986 4593 αὐτῶν
1020 4538 1394 4610 ἐξολοθρεῦσαι
1424 4540 1551 4603 τοὺς
1588 4537 1801 4593 ἀνασω-

1909 4548 2202 4604 evadentes
2231 4544 2461 4615 perdas;
2494 4559 2670 4615 neque
2699 4544 2881 4614 fugam
2913 4556 3101 4598 eorum
3136 4539 3405 4611 impedias
3432 4537 3488 4592 in

204 4631 476 4701 ζομένους
495 4630 556 4694 ἐξ
580 4630 779 4692 αὐτῶν.
810 4629 944 4701 μηδέ
993 4629 1321 4702 συγκλείσῃς
1344 4630 1473 4694 τοὺς
1500 4628 1802 4700 φεύγοντας

205 4722 395 4777 αὐτῶν
433 4724 492 4776 ἐν
529 4722 712 4795 ⁴ἡμέρᾳ
746 4721 999 4793 θλίψεως.
1042 4740 1062 4774 ι
1110 4721 1184 4775 Τδ
1231 4739 1251 4773 ι
1290 4721 1365 4794 μὴ
1396 4722 1585 4794 ἐπίδῃς
1619 4740 1638 4773 ι
1677 4721 1802 4775 ἀντὶ

202 4816 330 4879 τοῦ,
361 4815 477 4871 Ἵνα
507 4816 580 4886 μὴ
615 4814 888 4885 ἐφησθῇς,
919 4814 1101 4883 λέγει·
1136 4814 1253 4868 Ἵνα
1287 4813 1362 4885 μὴ
1396 4813 1591 4878 ταῦτα,
1623 4814 1791 4887 φησὶ,

203 4911 394 4979 ποιῇςο
417 4906 724 4971 ἀκολούθως
748 4906 856 4979 γάρ
876 4909 986 4970 τοῖς
1010 4905 1302 4978 ἀνωτέροις
1329 4906 1503 4962 εἰπεῖν
1529 4905 1797 4976 βούλεται,

202 5003 290 5055 ὅτι
346 4998 517 5071 ’Υπὲρ
553 4997 755 5054 τούτων
786 4996 978 5063 δώσεις
1003 4998 1178 5069 δίκην,
1207 4999 1302 5052 καὶ
1329 4997 1428 5070 τὴν
1452 4996 1799 5069 μηνυομένην

202 5093 508 5163 ὑπομενεῖς
523 5089 791 5163 τιμωρίαν
810 5106 824 5119 ⁸
858 5089 1046 5162 ἐπειδὴ
1069 5089 1361 5162 ἐπέχαιρες
1382 5090 1503 5151 ταῖς
1521 5086 1616 5141 τοῦ
1642 5087 1798 5141 ἀδελ-

202 5185 313 5255 φοῦ
352 5184 680 5255 συμφοραῖς
711 5182 835 5237 καθ’
866 5182 925 5236 δν
952 5182 1151 5236 ἐκεῖνοι
1188 5180 1379 5252 καιρὸν
1413 5179 1513 5251 τὴν
1551 5179 1657 5233 ὑπὸ
1687 5177 1797 5233 τῶν

200 5275 511 5345 ἀλλοτρίων
542 5274 813 5347 ὑπέμενον
851 5273 1147 5329 ἀπώλειαν
1183 5272 1279 5327 καὶ
1310 5273 1368 5328 ἐν
1398 5273 1663 5341 ἀνάγκαις
1695 5271 1794 5326 αύ-

199 5368 317 5423 τῶν
352 5366 753 5438 ἐξεταζομένων
777 5366 1047 5437 ἐφθέγγου
1077 5368 1318 5439 ῥήματα,
1334 5360 1423 5421 οἷα
1448 5365 1597 5428 εἰκὸς
1616 5364 1708 5419 ἐπὶ
1727 5367 1793 5438 τῇ

199 5459 394 5515 αὐτῶν
425 5459 685 5531 ἡδόμενος
732 5459 1000 5532 άπωλείᾳ’
1060 5459 1122 5513 τὸ
1159 5458 1268 5531 γάρ
1317 5478 1337 5512 ι
1380 5458 1798 5531 μεγαλορρημο-

199 5554 382 5623 νήσῃς
416 5570 437 5603 ι
469 5548 629 5604 τοῦτο
659 5549 829 5619 λέγει·
860 5551 956 5605 καὶ
980 5552 1039 5605 ἐν
1071 5551 1340 5620 ἀνάγκαις
1368 5549 1537 5604 ὅντων
1571 5549 1797 5604 ἐκείνων

202 5642 421 5713 είσῂεις
456 5641 551 5695 καὶ
574 5641 738 5706 αὐτὸς
773 5641 854 5707 εἰς
882 5642 981 5714 τὴν
1003 5641 1158 5697 πόλιν
1182 5641 1322 5714 μετά
1344 5641 1453 5696 τῶν
1480 5640 1704 5707 λοιπῶν,
1727 5642 1797 5696 τά

202 5735 539 5806 ἐνδεχόμενα
577 5734 726 5789 κακά
769 5735 1040 5808 διαθήσων
1084 5735 1300 5800 αὐτούς·
1334 5733 1437 5789 κᾶν
1476 5733 1532 5787 εί
1566 5751 1711 5799 τινες
1737 5733 1797 5789 δέ

205 5826 391 5882 αὐτῶν
410 5825 696 5897 διαφυγεῖν
722 5843 837 5892 πως
866 5826 1148 5898 ἠδύναντο,
1182 5825 1284 5899 τὴν
1318 5825 1594 5899 σωτηρίαν
1619 5824 1794 5899 τούτῳ

1906 4636 1996 4692 die
2027 4635 2348 4691 calamitoso
2373 4650 2586 4690 eorum.
2625 4653 2644 4686 ι
2681 4632 2916 4689 Verbum
2949 4651 2967 4684 ι
3002 4631 3275 4701 despicias
3308 4649 3326 4683 ι
3364 4644 3489 4698 pro,

1904 4727 1985 4783 Ne
2020 4726 2333 4792 delecteris,
2364 4732 2617 4801 usurpat,
2671 4725 2725 4780 id
2765 4732 2886 4781 est:
2929 4723 3074 4778 Cave
3116 4722 3247 4777 talia
3292 4721 3486 4775 facias.

1908 4817 2303 4889 Superioribus
2330 4818 2476 4874 enim
2511 4830 2824 4874 consonans
2853 4815 3036 4880 dictis,
3068 4813 3344 4887 significat
3370 4812 3489 4867 fore

1906 4918 1967 4966 ut
2018 4926 2212 4981 pmnas
2260 4926 2359 4982 pro
2412 4911 2500 4966 his
2554 4909 2839 4965 maleficiis
2887 4907 3007 4967 des.
3060 4906 3491 4978 praedictamque

1905 5001 2439 5057 animadversionem
2471 5001 2738 5072 perferas,
2763 4998 2891 5069 quia
2918 4999 3133 5053 laetatus
3155 5014 3216 5053 es
3250 4996 3484 5049 fratrum

1902 5101 2126 5148 tuorum
2161 5093 2412 5156 adversis
2441 5093 2689 5159 casibus,
2724 5105 2835 5162 quo
2867 5097 3113 5161 tempore
3137 5089 3193 5143 hi
3223 5089 3291 5142 ab
3320 5086 3490 5142 hosti-

1901 5187 2008 5243 bus
2057 5185 2421 5240 vastabantur
2466 5203 2480 5241 :
2530 5184 2771 5255 dumque
2818 5182 3089 5255 angustiis
3128 5186 3483 5239 vexarentur.

1898 5278 2067 5336 verba
2107 5278 2419 5347 efi‘utiebas,
2464 5292 2586 5349 qua:
2621 5279 2801 5334 solent
2841 5276 2880 5332 ii
2935 5277 3030 5348 qui
3085 5275 3266 5330 alieno
3315 5271 3486 5327 exitio

1901 5372 2162 5441 gaudent.
2224 5368 2339 5425 Hoc
2391 5371 2537 5425 enim
2582 5367 2860 5441 significat
2909 5386 2928 5420 ι
2966 5365 3204 5439 superbe
3252 5364 3423 5435 loqui.
3460 5383 3480 5416 ι

1901 5461 2081 5532 Atque
2113 5461 2169 5515 in
2204 5475 2398 5517 eorum
2445 5460 2724 5530 pressuris
2760 5468 2819 5515 tu
2850 5458 3041 5513 urbem
3073 5470 3207 5513 cum'
3232 5456 3485 5514 hostibus

1903 5551 2329 5624 ingrediebaris,
2361 5560 2422 5608 ut
2452 5550 2683 5607 fratrum
2716 5552 2929 5608 cladem
2964 5563 3215 5623 augeres.
3245 5546 3403 5615 Quod
3435 5548 3483 5605 si

1902 5645 1997 5715 qui
2042 5644 2186 5701 forte
2215 5644 2359 5698 viam
2394 5642 2535 5714 fugae
2570 5643 3047 5709 nanciscerentur,
3076 5642 3132 5696 in
3172 5656 3281 5712 qua
3319 5641 3484 5696 unice

1901 5749 2053 5805 spem
2088 5733 2291 5791 salutis
2332 5734 2701 5800 collocabant,
2746 5735 2848 5791 bos
2888 5742 2947 5790 tu
2996 5751 3214 5808 quoque
3253 5733 3482 5806 perdere

1900 5825 2191 5899 satagebas
2218 5841 2235 5896 ;
2262 5825 2488 5898 capiens
2522 5827 2782 5883 nimirum
2826 5826 3118 5901 profugos,
3154 5841 3220 5883 ac
3249 5824 3451 5898 punica
