3954 6520
539 369 648 427 515

1682 373 2037 432 TBEODOBI
2077 375 2564 435 MOPSUESTENI
3658 386 3740 456 316

544 488 692 543 tibus
720 488 963 547 tradens.
996 489 1107 546 Hoc
1129 491 1277 548 enim
1301 493 1593 566 signiﬁcat,
1625 514 1644 547 t
1671 495 1858 568 Neque
1888 498 2109 556 steteris

2228 501 2531 574 πορίζεσθαι
2581 498 3021 573 προσδοκῶντες,
3083 498 3177 555 καὶ
3224 498 3447 565 τούτους
3504 501 3743 567 ἀπολλύειν

544 579 600 632 in
644 581 884 636 exitibus
918 597 1129 648 eorum,
1164 593 1221 639 ut
1250 586 1543 642 evadentes
1574 589 1787 657 perdas.
1820 604 1996 660 neque
2019 591 2107 645 fu-

542 684 663 736 gam
704 685 891 724 eorum
940 673 1206 742 impedias
1244 676 1298 729 in
1337 675 1429 731 die
1476 678 1800 732 calamitatis
1828 694 2036 733 eorum.
2083 696 2102 731 ο

543 759 721 826 Atque
777 760 969 814 borum
1017 762 1289 819 dictorum
1349 766 1623 834 generalis
1671 768 1943 821 sententia
1993 766 2107 821 haec

2208 592 2534 657 ἐσπούδαζες
2559 631 2574 656 ,
2605 590 3113 662 συλλαμϐανόμενός
3155 607 3215 644 τε
3244 591 3372 653 τοὺς
3400 589 3672 661 φεύγοντας
3696 603 3744 669 ἐξ

2208 678 2386 732 αὐτῶν
2412 681 2504 732 καὶ
2533 680 2863 751 παραδιδοὺς
2906 680 3170 751 τιμωρίασ
3213 679 3372 733 τοῦτο
3403 680 3511 752 γὰρ
3537 682 3662 753 λέγει
3677 693 3740 755 et,

2215 787 2234 820 ι
2280 769 2369 840 Μή
2402 771 2628 842 ὲπιστῇς
2654 772 2746 825 ἐπὶ
2766 772 2866 835 τὰς
2894 770 3177 834 διεκϐολὰς
3198 770 3378 824 αὐτῶν
3411 770 3741 846 tamam“;

542 855 645 912 est,
677 850 802 918 quia
842 850 1073 906 fratrum
1118 863 1336 909 tuorum
1370 854 1736 911 Israelitarum
1766 856 1933 911 exitio
1956 856 2108 911 laeta-

2228 860 2332 923 τοὺς
2355 862 2799 932 ἀνασωζομένους
2827 862 2886 929 ἐξ
2912 862 3198 933 αὐτῶν,(ι).
3222 861 3350 932 224)
3381 863 3514 933 μηδὲ
3537 869 3745 935 συγκλιί-

542 948 632 994 tus
668 956 762 1006 es;
813 945 942 1013 quia
988 948 1268 1016 suppetias
1320 948 1571 1003 hostibus
1623 958 1813 1003 contra
1857 950 1979 1004 illos
2023 959 2107 1002 tu-

544 1029 693 1094 listi,
733 1033 1001 1103 malisque
1046 1038 1360 1093 eorumdem
1402 1039 1622 1108 gavisus
1672 1054 1770 1105 es;
1805 1048 1969 1109 atque
2012 1052 2107 1093 eos

546 1134 645 1188 pro
680 1120 943 1180 facultate
972 1137 1062 1181 tua
1097 1128 1435 1185 detrimentis
1474 1130 1740 1196 affecisti;
1772 1130 1979 1185 idcirco
2011 1146 2107 1201 pa-

549 1219 725 1266 ratum
767 1216 862 1270 tibi
891 1220 1006 1273 lues
1028 1220 1376 1288 supplicium.
1405 1220 1586 1287 Quare
1614 1222 1763 1276 addit
1791 1240 1804 1275 :

2214 965 2313 1022 σῃς
2363 953 2489 1017 τοὺς
2515 954 2815 1023 φεύγοντας
2860 952 3041 1008 αὐτῶν
3071 955 3128 1007 ὲν
3164 954 3351 1025 ήμέρᾳ
3389 953 3625 1024 θλίψεως*
3648 976 3665 1010 t
3694 961 3744 1013 δι’

2211 1041 2345 1095 ὅλων
2372 1041 2691 1115 βουλόμενος
2721 1046 2913 1111 είπεῖν,
2943 1048 3024 1100 ὅτι
3073 1045 3241 1118 ’Υπὲρ
3276 1039 3351 1100 ὧν
3382 1046 3553 1117 ήσθης
3598 1050 3746 1127 iniri]

2211 1132 2319 1185 τῶν
2364 1135 2710 1206 Ἰσραηλιτῶν
2744 1138 2990 1210 ἀπωλείᾳ
3016 1137 3258 1207 ἀδελφῶν
3314 1137 3483 1192 ὄντων
3525 1139 3639 1206 σῶν,
3677 1147 3749 1199 καὶ

2223 1224 2288 1295 δὴ
2320 1227 2419 1279 καὶ
2446 1231 2557 1291 τοῖς
2586 1229 2863 1299 πολεμίοις
2912 1228 3256 1301 συνέπραξας
3290 1230 3413 1282 κατ’
3446 1228 3640 1295 αὐτῶν,
3677 1237 3751 1289 καὶ

552 1298 725 1374 ήσθης
761 1304 854 1358 ἐπὶ
896 1307 1010 1367 τοῖς
1052 1305 1230 1359 αὐτῶν
1279 1311 1502 1373 κακοῖς,
1553 1310 1830 1381 διαφόροις
1872 1325 1931 1361 τε
1966 1308 2164 1373 αὐτοὺς
2206 1314 2299 1365 καὶ
2345 1316 2505 1380 αὐτὸς
2547 1318 2689 1371 κατά
2726 1298 2839 1388 τὴν
2885 1298 3095 1373 οἰκείαν
3132 1318 3362 1391 δύναμιν
3395 1320 3751 1395 περιϐέϐληκας

550 1397 664 1458 τοῖς
703 1397 922 1458 κακοῖς,
957 1396 1096 1466 ὑπὲρ
1127 1396 1329 1450 τούτων
1359 1398 1422 1469 δὴ
1448 1399 1544 1469 τὴν
1588 1400 1885 1471 μέλλουσαν
1915 1400 2201 1468 ὑπομενεῖς
2231 1406 2517 1477 τιμωρίαν.
2551 1408 2712 1462 Ὅθεν
2737 1410 2965 1478 ἐπάγει*

626 1487 785 1560 148
814 1488 980 1545 Vens.
1026 1491 1205 1545 lii-l7.
1239 1521 1307 1531 —-
1334 1510 1353 1544 ι
1390 1492 1527 1557 Quia
1558 1510 1726 1565 prope
1756 1502 1840 1550 est
1867 1494 1983 1549 dies
2014 1492 2118 1547 Do-

549 1581 681 1634 mini
712 1595 875 1649 super
903 1598 1093 1637 omnes
1122 1592 1331 1653 gentes.
1364 1583 1494 1651 Quae
1528 1586 1652 1639 aliis
1686 1585 1888 1649 fecisti,
1921 1586 2111 1639 eadem

2466 1499 2643 1566 ιε’-ιζ’.
2673 1533 2744 1543 -
2793 1520 2813 1555 ι
2849 1465 2992 1557 διότι
3017 1465 3408 1575 ἐγγὺςήμέρα
3451 1504 3642 1575 Κυρίου
3679 1510 3751 1563 ἐπὶ

2214 1590 2388 1644 πάντα
2411 1591 2480 1646 τά
2511 1592 2659 1662 έθνηο
2690 1594 2749 1647 ὃν
2771 1595 2971 1665 τρόπον
2999 1594 3284 1667 ἐποίησας,
3312 1593 3457 1647 οὕτω
3495 1595 3635 1650 ἔσται
3661 1616 3744 1654 σοι·

551 1669 649 1723 tibi
710 1668 876 1736 ﬁent;
947 1674 1233 1729 retributio
1297 1683 1387 1728 tua
1444 1676 1776 1731 retribuetur
1842 1676 1897 1731 in
1950 1682 2115 1745 caput

2228 1681 2271 1734 τὸ
2292 1682 2638 1755 ἀνταπόδομά
2670 1703 2763 1739 σου
2792 1686 3285 1758 ἀνταποδοθήσεται
3316 1702 3400 1739 σοι
3442 1687 3523 1750 είς
3551 1690 3755 1762 κεφαλήν

550 1770 726 1816 tuum.
767 1782 785 1815 ι
822 1762 991 1819 Adest
1022 1766 1166 1819 enim
1200 1774 1415 1836 tempus
1448 1784 1558 1838 quo
1601 1769 1743 1825 Deus
1778 1770 1966 1840 puniet
2002 1784 2117 1823 om-

2214 1791 2327 1828 σου.
2368 1794 2387 1827 ›
2427 1777 2589 1830 Ἥκει
2628 1777 2735 1849 γὰρ
2769 1780 2796 1833 6
2829 1778 3020 1850 καιρὸς
3053 1777 3176 1832 καθ’
3218 1778 3277 1833 ὃν
3310 1778 3554 1842 ἅπαντας
3582 1781 3669 1850 μὲν
3689 1799 3757 1836 τι-

551 1868 652 1908 ncs
710 1854 803 1924 qui
871 1855 1166 1924 aliquando
1227 1857 1486 1915 lsraelitis
1534 1862 1675 1915 male
1728 1860 1996 1917 fecerunt.
2050 1857 2115 1912 Et

2228 1868 2531 1938 μωρήσεται
2558 1871 2684 1933 τοὺς
2730 1871 3015 1941 ὁτιδήποτε
3064 1869 3421 1941 πεπραχότας
3445 1869 3527 1933 εἰς
3553 1872 3725 1937 αὐτοὺς
3742 1916 3754 1939 ο

551 1942 768 2012 quidem
802 1944 897 1998 tibi
945 1960 1057 2014 prae
1087 1948 1301 2002 cteteris
1338 1963 1555 2017 gravem
1594 1949 1836 2020 imponet
1875 1967 2112 2022 poenam,

554 2047 851 2103 paremque
882 2035 1159 2091 maleﬁciis
1188 2052 1309 2106 qum
1345 2038 1399 2092 in
1448 2037 1644 2094 fratres
1677 2050 1801 2096 tuos
1837 2043 2118 2098 commisi-

555 2122 649 2178 ειί.
702 2141 721 2175 ι
752 2122 893 2189 Quia
944 2126 1402 2196 quemadmodum
1448 2128 1630 2185 bibisti
1674 2146 1835 2200 super
1879 2143 2119 2189 montem

556 2223 808 2269 sanctum
854 2232 1055 2284 meum,
1095 2218 1176 2273 sic
1223 2219 1406 2274 bibent
1436 2236 1628 2277 onmes
1674 2225 1855 2294 populi
1887 2226 2115 2282 vinum:

556 2303 743 2359 bibent
773 2313 826 2360 et
854 2308 1187 2375 ascendent;
1217 2320 1485 2380 eruntque
1516 2314 1661 2368 sicut
1702 2330 1809 2370 non
1851 2317 2121 2372 exsisten-

556 2402 661 2450 tes.
695 2414 713 2447 ι
745 2393 880 2450 Nam
918 2404 971 2451 et
1006 2400 1121 2468 ipse
1149 2407 1433 2470 propterea
1469 2405 1613 2474 quod
1656 2415 1847 2461 contra
1880 2418 2119 2464 montem

558 2501 737 2541 tneum
774 2487 1095 2560 incolasque
1139 2492 1257 2560 ejus
1292 2494 1538 2552 invectus
1580 2512 1660 2564 es,
1706 2499 1978 2568 supplicio
2014 2515 2122 2555 non

557 2578 794 2637 carebis.
827 2581 928 2647 Qui
963 2587 1247 2639 sententiae
1292 2594 1398 2640 tua:
1428 2586 1803 2658 factorumque
1832 2591 2125 2661 participes

558 2666 783 2738 fuerint,
827 2671 988 2727 iidem
1022 2689 1198 2743 pmnae
1234 2691 1453 2747 quoque
1483 2680 1622 2733 socii
1669 2688 1851 2746 erunt,
1882 2681 2125 2737 interne-

558 2759 681 2813 civo
722 2762 906 2818 traditi
941 2765 1128 2825 exitio.
1179 2766 1251 2820 ita
1284 2776 1342 2821 ut
1392 2769 1461 2823 ab
1500 2769 1566 2824 iis
1602 2785 1710 2825 non
1740 2771 1993 2827 differant
2030 2774 2125 2844 qui

558 2851 695 2905 nulli
745 2862 896 2907 sunt.
947 2853 1083 2909 Nam
1137 2859 1300 2912 verba
1351 2876 1370 2909 ι
1404 2859 1588 2915 bibisti
1625 2879 1643 2913 ι
1691 2870 1747 2917 et
1796 2881 1817 2914 ι
1853 2864 2061 2930 bibent,
2101 2884 2121 2918 ι

557 2938 1088 2997 animadversionem
1125 2946 1435 3015 signiﬁcant
1480 2949 1534 3004 in
1567 2950 1851 3006 ldummam
1880 2954 2126 3024 aliosque

559 3028 744 3085 hostes
781 3036 1228 3102 expromendam.
1258 3037 1458 3105 Veluti,
1493 3059 1512 3092 ι
1546 3042 1700 3096 Calix
1729 3044 1781 3097 in
1830 3059 1995 3099 manu
2024 3044 2129 3100 Do-

557 3118 692 3172 mini
737 3120 931 3189 plenus
982 3124 1164 3178 misto.
1202 3126 1267 3180 Et
1308 3128 1593 3183 inclinavit
1631 3145 1695 3185 ex
1745 3131 1851 3187 hoc
1889 3133 1945 3188 in
1989 3134 2125 3203 hoc;

2220 1956 2453 2024 μάλιστα
2478 1958 2535 2011 δὲ
2558 1958 2773 2013 πάντων
2803 1958 3029 2031 βαρεῖαν
3054 1959 3247 2025 ἐπάξει
3270 1976 3351 2012 σοι
3378 1958 3476 2029 τὴν
3498 1960 3755 2030 τιμωρίαν,

2220 2048 2478 2117 ἀνάλογόν
2517 2067 2598 2103 σοι
2638 2050 2736 2121 τήν
2776 2049 3064 2122 συμφορὰν
3106 2050 3330 2118 ἐπάγων
3374 2043 3457 2112 οἷς
3492 2051 3760 2121 πεποίηκας

2220 2140 2339 2194 κατ’
2367 2141 2566 2197 αὐτῶν.
2605 2159 2624 2193 ι
2658 2141 2877 2196 Διότιὸν
2907 2144 3109 2214 τρόπον
3141 2141 3297 2205 ἔπιες
3323 2142 3417 2196 ἐπὶ
3451 2142 3515 2195 τὸ
3532 2142 3648 2213 ὅρος
3679 2161 3758 2213 μου

2218 2232 2279 2284 τὸ
2308 2231 2491 2300 ἀγιον,
2527 2233 2740 2288 πίονται
2773 2234 2955 2289 πάντα
2991 2234 3061 2288 τά
3089 2233 3218 2305 έθνη
3253 2230 3416 2287 οῐνονο
3456 2234 3660 2287 πίονται
3688 2237 3762 2289 καὶ

2218 2324 2599 2395 ἀναϐήσονται,
2633 2327 2729 2380 καὶ
2766 2326 2980 2380 ἔσονται
3009 2325 3195 2389 καθὼς
3226 2327 3327 2396 οὐχ
3374 2326 3712 2397 ὑπάρχοντες.
3742 2346 3757 2380 ι

2221 2416 2391 2479 Αὐτός
2419 2434 2479 2469 τε
2515 2416 2622 2489 γάρ
2654 2418 2795 2489 ὑπὲρ
2824 2410 2902 2472 ὧν
2933 2419 3013 2479 είς
3044 2418 3105 2471 τὸ
3133 2417 3258 2489 ὅρος
3284 2418 3345 2471 τὸ
3383 2417 3518 2488 ἐμὸν
3546 2418 3663 2480 τοὺς
3701 2418 3764 2471 οίο

2223 2506 2454 2571 κοῦντας
2499 2509 2558 2561 ὲν
2590 2507 2739 2579 αὐτῷ
2777 2509 3006 2563 τοιαῦτα
3047 2508 3423 2580 τετόλμηκας,
3458 2508 3655 2572 δέδεξαι
3676 2507 3764 2577 ,τήν

2222 2600 2511 2671 τιμωρίαν·
2536 2601 2585 2654 οἱ
2616 2600 3042 2673 κοινωνήσαντές
3067 2601 3127 2655 τέ
3164 2618 3247 2655 σοι
3285 2603 3384 2672 τῆς
3409 2600 3632 2671 γνώμης
3660 2599 3766 2653 ταύο

2223 2706 2324 2759 της
2360 2690 2453 2745 καὶ
2483 2690 2591 2745 τῶν
2638 2691 2913 2763 πράξεων,
2963 2693 3038 2756 ὡς
3087 2692 3233 2756 είκδς
3279 2691 3662 2762 κοινωνήσουσι
3692 2689 3768 2759 τῆς

2223 2781 2514 2852 τιμωρίας,
2542 2784 2796 2836 παντελεῖ
2826 2783 3122 2855 ληφθέντες
3151 2782 3420 2855 ἀπωλείᾳ,
3454 2782 3534 2853 (p.
3571 2781 3688 2853 225)
3712 2781 3770 2844 ὡς

2230 2872 2393 2942 μηδὲν
2425 2874 2740 2928 ἀπεοικέναι
2785 2874 2889 2929 τῶν
2919 2874 3172 2942 καθάπαξ
3222 2875 3323 2929 οὐκ
3365 2875 3561 2928 ὅντων*
3606 2874 3661 2927 τδ
3692 2873 3769 2942 μὲν
3846 2938 3853 2949 .

2226 2963 2336 3034 γὰρ
2356 2983 2375 3016 ‹
2405 2962 2557 3028 ἔπιες
2593 2984 2613 3017 ι
2636 2966 2728 3019 καὶ
2754 2985 2773 3017 ι
2801 2966 3038 3033 πίονται,
3066 2985 3085 3017 ι
3117 2965 3217 3037 τὴν
3245 2964 3671 3039 τιμωρίανδηλοῖ
3693 2962 3772 3032 τὴν

2226 3053 2411 3117 αὐτοῖς
2450 3071 2512 3107 τε
2551 3056 3003 3128 ὲπαχθησομένην
3037 3056 3131 3109 καὶ
3173 3058 3285 3118 τοῖς
3324 3055 3535 3119 λοιποῖς
3557 3069 3571 3082 ’
3612 3054 3681 3117 ὡς
3705 3054 3769 3115 τὸ.

2242 3156 2262 3192 ι
2302 3139 2567 3215 Ποτήριον
2609 3143 2668 3198 ὲν
2713 3142 2860 3215 χειρὶ
2917 3144 3144 3216 Κυρίου,
3161 3145 3305 3199 οίνου
3320 3143 3775 3216 ἀκράτου,πλῆρες

559 3218 934 3269 verumtamen
976 3214 1074 3270 faex
1121 3218 1241 3285 ejus
1289 3236 1397 3275 non
1445 3232 1527 3277 est
1570 3224 1844 3280 exinanita
1893 3227 2124 3285 :bibent

2229 3214 2593 3307 κεράσματοςο
2626 3214 2725 3289 καί
2742 3214 2952 3291 ἔκλινεν
2982 3214 3047 3290 ἐκ
3070 3237 3263 3292 τούτου
3293 3238 3373 3300 είς
3394 3214 3583 3291 τοῦτο·
3611 3236 3775 3306 πλὴνό

559 3313 753 3356 omnes
788 3316 1101 3371 peccatores
1138 3318 1294 3365 terra:
1316 3310 1379 3365 ⁸⁸.
1413 3330 1433 3363 ι
1466 3311 1728 3369 Memorat
1760 3325 1939 3371 autem
1975 3334 2130 3374 mon-

561 3400 668 3446 tem
719 3402 969 3450 sanctum
1026 3413 1211 3464 suum,
1274 3402 1599 3473 significans
1642 3407 1758 3463 fore
1802 3416 1860 3463 ut
1909 3418 2130 3481 propter

560 3482 796 3539 crimina
854 3486 1119 3545 adversus
1167 3507 1291 3546 eum
1346 3503 1586 3550 montem
1649 3498 1968 3570 incolasque
2010 3502 2130 3571 ejus

560 3580 795 3642 patrata,
850 3590 1024 3645 paenae
1062 3580 1287 3636 obnoxii
1333 3583 1464 3639 fiant
1492 3584 1709 3643 ldummi
1738 3609 1751 3644 :
1782 3600 1837 3645 et
1870 3592 1963 3662 qui
2005 3607 2128 3646 cum

560 3677 752 3719 eorum
800 3668 1046 3723 consiliis
1103 3671 1376 3744 rebusque
1428 3679 1598 3746 gestis
1655 3682 2130 3751 conspiraverunt,

563 3752 726 3807 iidem
758 3754 826 3810 ad
848 3758 1105 3827 supplicii
1140 3762 1458 3820 societatem
1490 3778 1773 3835 vocentur,
1804 3772 2131 3843 capitalique

562 3844 798 3901 vindicta
843 3850 1159 3918 puniantur.
1201 3875 1219 3907 ι
1252 3854 1307 3911 ln
1363 3857 1494 3913 Sion
1528 3870 1708 3918 autem
1759 3871 1941 3920 monte
1980 3868 2131 3924 salus

561 3938 666 3992 erit
690 3947 741 3994 et
776 3943 1061 4010 sanctitas,
1092 3957 1147 4001 et
1181 3949 1482 4017 possidebit
1509 3949 1681 4008 Jacob
1707 3955 1800 4023 qui
1846 3971 1904 4011 se
1939 3973 2131 4027 posse-

562 4028 773 4084 derant.
815 4048 836 4083 ι
891 4031 1060 4090 Vobis
1110 4038 1294 4108 itaque
1333 4041 1608 4112 sociisque
1641 4045 1996 4102 consiliorum
2043 4064 2133 4104 ve-

564 4124 802 4173 strorum
854 4120 966 4177 haec
1024 4126 1294 4183 accident.
1338 4128 1640 4185 Incolumes
1695 4143 1873 4187 autem
1933 4144 2129 4201 erunt,

563 4215 727 4276 atque
771 4210 917 4264 omni
964 4212 1294 4272 adversitate
1348 4220 1615 4274 carebunt
1656 4221 1710 4275 in
1760 4232 1943 4279 monte
2002 4224 2132 4281 Sion

565 4298 657 4366 qui
686 4308 846 4352 antea
889 4301 1043 4357 bellis
1080 4309 1517 4375 appetebantur:
1551 4320 1714 4381 atque
1748 4313 1822 4367 ita
1853 4330 2011 4371 mons
2042 4318 2133 4373 ille

567 4397 790 4458 prapter
817 4390 1012 4446 horum
1040 4398 1391 4451 securitatem
1427 4408 1653 4456 sanctus
1682 4403 1955 4458 videbitur
1982 4423 1994 4458 :
2023 4406 2132 4461 imo

566 4495 698 4534 vero
731 4484 944 4539 cunctis
979 4485 1430 4555 dominabuntur,
1468 4492 1562 4561 qui
1609 4508 1668 4548 se
1714 4503 1874 4549 antea
1912 4497 2129 4553 device-

568 4580 713 4635 rant,
763 4568 932 4626 Jacob
977 4576 1213 4643 posteri;
1263 4578 1463 4647 quibus
1512 4579 1770 4636 nimirum
1813 4598 1912 4639 vos
1958 4601 2134 4657 nuper

567 4659 845 4730 vestrique
877 4664 1010 4718 socii
1045 4664 1259 4720 molesti
1288 4667 1458 4725 armis
1489 4668 1695 4726 fuistis.

643 4752 803 4807 Vens.
844 4754 1035 4811 18-21.
1066 4786 1137 4798 —-
1163 4775 1182 4809 ι
1223 4757 1289 4814 Ει
1311 4761 1416 4814 erit.
1463 4761 1659 4819 domus
1693 4762 1863 4821 Jacoh
1890 4765 2056 4836 ignis,
2080 4773 2137 4824 et

566 4842 762 4899 domus
806 4842 1006 4916 Ioseph
1048 4846 1300 4909 ﬂamma:
1355 4861 1408 4907 et
1456 4853 1652 4909 domus
1698 4853 1838 4910 Esau
1885 4857 2131 4927 stipula:

571 4931 730 5005 149
760 4942 815 4990 et
861 4939 1262 4994 succendentur
1303 4941 1358 4995 in
1402 4943 1504 5006 eis,
1544 4945 1923 5016 vorabuntque
1956 4964 2074 5005 eos.
2110 4967 2130 5002 ι

568 5022 684 5089 Sic,
718 5025 915 5097 inquit,
954 5027 1217 5087 Idumaeos
1243 5047 1435 5089 omnes
1473 5037 1811 5105 superabunt
1848 5038 2131 5106 Israelita,

567 5121 626 5168 ut
656 5116 834 5172 instar
875 5118 1017 5189 ignis
1047 5121 1304 5191 stipulam
1339 5126 1698 5195 absumentis,
1739 5129 1959 5185 eosdem
2005 5131 2131 5187 belli

563 5206 616 5261 vi
650 5206 879 5264 deleturi
910 5210 1043 5265 sint.
1097 5229 1117 5265 ι
1152 5212 1217 5268 Et
1262 5229 1369 5270 non
1409 5217 1514 5271 erit
1552 5216 1857 5288 flammiger
1900 5220 1956 5274 in
1986 5220 2132 5275 Esau

561 5297 744 5366 domo,
774 5302 902 5371 quia
929 5302 1193 5361 Dominus
1214 5306 1429 5363 locutus
1457 5316 1563 5364 est.
1603 5327 1620 5359 ι
1656 5308 1926 5375 Quoniam
1952 5310 2132 5381 ignem

563 5389 701 5443 dixit
720 5390 973 5451 lsraelem
1006 5394 1149 5452 Esau
1185 5396 1321 5462 fore,
1367 5400 1532 5453 veluti
1562 5400 1605 5454 si
1640 5415 1832 5457 omnes
1859 5404 1980 5471 ejus
2001 5417 2133 5472 opes

565 5478 707 5533 bello
734 5492 883 5539 esset
911 5496 1362 5558 consumpturus,
1393 5489 1600 5545 idcirco
1627 5506 1739 5545 non
1769 5491 1894 5558 erit,
1932 5493 2131 5562 inquit,

565 5562 866 5642 flmnmiger
909 5572 966 5628 in
1019 5573 1163 5631 Esau
1189 5577 1395 5634 domo:
1432 5577 1484 5633 id
1530 5585 1613 5634 est
1652 5578 1857 5635 nemini
1896 5577 2133 5638 Idumaao

610 5784 690 5853 ﬂ”
724 5784 1060 5853 Psal-axxtv,
1102 5790 1154 5847 9.

2222 3327 2454 3399 τρυγίας
2470 3326 2632 3381 αὐτοῦ
2647 3328 2746 3381 οὐκ
2760 3327 3081 3398 ἐξεκενώθη⁶
3108 3327 3315 3382 πίονται
3343 3326 3549 3391 πάντες
3567 3328 3614 3381 οἱ
3629 3328 3777 3397 ἀμαρ-

2227 3417 2387 3471 τωλοὶ
2412 3417 2510 3486 τῆς
2537 3417 2661 3487 γῆς·
2699 3437 2717 3470 ι
2747 3418 2807 3471 τὸ
2828 3419 2884 3472 δὲ
2908 3438 2926 3471 t
2951 3419 3044 3473 ἐπὶ
3068 3419 3130 3472 τὸ
3157 3420 3279 3490 ὅρος
3302 3436 3403 3491 μου
3418 3420 3482 3473 τὸ
3493 3419 3693 3497 ἂγιον,ι
3710 3420 3777 3471 ῐνα

2229 3505 2379 3576 sli-rn-
2417 3504 2588 3576 ’Υπὲρ
2612 3499 2687 3560 ὧν
2707 3507 2785 3569 είς
2798 3505 2860 3559 τδ
2880 3506 3004 3572 ὅρος
3022 3506 3084 3560 τὸ
3106 3508 3237 3578 ἐμὸν
3261 3509 3343 3572 ei;
3366 3525 3427 3562 τε
3443 3509 3572 3567 τοὺς
3601 3506 3779 3561 οίκοῦνο

2229 3610 2329 3657 τας
2351 3595 2408 3647 ὲν
2430 3592 2578 3664 αὑτῷ
2599 3593 2823 3648 τοιαῦτα
2844 3594 3217 3667 τετολμήκατε
3236 3636 3254 3661 ,
3278 3596 3492 3661 δέδεξαι
3515 3597 3613 3668 τήν
3640 3614 3776 3665 τιμω-

2233 3685 2373 3757 ρίαν*
2409 3686 2459 3738 oi
2503 3685 2930 3756 κοινωνήσαντες
2967 3685 3030 3740 τέ
3063 3704 3145 3740 σοι
3183 3688 3283 3757 τῆς
3326 3686 3559 3758 γνώμης
3600 3686 3779 3756 ταύτης

2226 3771 2456 3827 καῖ’τῶν
2484 3771 2763 3843 πράξεων,
2793 3773 2870 3835 ὼς
2897 3772 3043 3838 είκὸς
3072 3774 3461 3842 κοινωνήσουσι
3501 3775 3601 3843 τῆς
3636 3791 3781 3842 τιμω-

2233 3860 2391 3931 ρίας,
2437 3858 2689 3912 παντελεῖ
2729 3859 3024 3928 ληφθέντες
3067 3859 3335 3932 ἀπωλείᾳ.
3391 3877 3410 3912 t
3492 3861 3580 3913 'Ev
3631 3860 3684 3913 δὲ
3721 3858 3784 3928 τῷ

2231 3947 2348 4018 ὄρει
2391 3946 2527 3999 Σιὼν
2580 3946 2728 3999 ἔσται
2776 3945 3094 4017 ήσωτηρία,
3143 3947 3237 3998 καὶ
3285 3945 3440 3999 ἔσται
3489 3948 3667 4015 ἅγιον,
3710 3946 3786 3997 καὶ

2232 4038 2864 4109 κατακληρονομήσουσιν
2912 4038 2943 4091 6
2987 4034 3133 4101 οἶκος
3187 4036 3379 4092 Ἰακὼϐ
3420 4038 3555 4102 τοὺς
3614 4037 3783 4107 κληρο-

2232 4133 2565 4202 νομήσοντας
2622 4129 2839 4192 αὐτούς.
2878 4148 2897 4182 ι
2956 4129 3093 4198 Περὶ
3142 4129 3241 4199 μὲν
3287 4124 3380 4182 οὖν
3426 4130 3575 4199 ὑμᾶς
3616 4145 3673 4179 τε
3716 4126 3789 4179 καὶ

2231 4221 2357 4283 τοὺς
2387 4220 2850 4291 κεκοινωνηκότας
2890 4219 3021 4290 ὑμῖν
3067 4219 3166 4288 τῆς
3206 4219 3458 4290 γνώμης,
3511 4219 3682 4273 ταῦτα
3714 4232 3765 4284 γε

2233 4310 2473 4380 νήσεταιο
2534 4307 2999 4377 περισωθήσονται
3066 4306 3123 4359 δὲ
3179 4308 3274 4359 καὶ
3333 4306 3524 4376 πάσης
3571 4306 3795 4371 ἀνάγκης

2235 4398 2338 4464 ἔξω
2365 4396 2683 4465 γενήσονται
2716 4396 2773 4448 έν
2801 4393 2879 4464 τῷ
2912 4394 3028 4466 ὄρει
3052 4395 3131 4465 τῷ
3173 4393 3311 4449 Σιὼν
3347 4396 3624 4466 πρότερον
3652 4392 3791 4445 πολε-

2239 4487 2519 4559 μηθέντες·
2546 4484 2687 4539 ὥστε
2714 4484 2881 4548 ὅντως
2914 4486 3047 4539 αὐτὸ
3075 4484 3165 4538 διά
3198 4485 3297 4555 τῆς
3318 4486 3534 4540 τούτων
3565 4484 3794 4557 βοηθείας

2237 4578 2389 4647 ἅγιον
2415 4576 2668 4647 φανῆναυ
2701 4576 2825 4630 ἐπεὶ
2853 4576 2946 4629 καὶ
2961 4575 3175 4640 πάντας
3195 4577 3322 4640 τοὺς
3342 4578 3618 4649 πρότερον
3641 4574 3792 4630 αὐτῶν

2233 4668 2642 4739 κεκρατηκότας
2692 4668 3035 4738 ὑποχειρίους
3070 4667 3284 4734 ἕξουσιν
3322 4670 3369 4723 al
3417 4669 3687 4737 ἀπόγονοι
3715 4662 3796 4719 τοῦ

2244 4760 2460 4824 Ἰακὼϐ,
2484 4760 2577 4823 οὒς
2593 4761 2907 4831 ἐπολεμεῖτε
2930 4760 3081 4813 ἔνθεν
3101 4759 3261 4830 ὑμεῖς
3289 4758 3427 4829 μετά
3453 4760 3571 4812 τῶν
3594 4756 3793 4811 λοιπῶν-

2302 4852 2449 4923 Στίχ.
2486 4859 2693 4923 ιη’-κω.
2721 4885 2789 4895 -
2827 4872 2846 4905 t
2878 4853 2989 4906 Καὶ
3021 4852 3175 4905 ἔσται
3201 4853 3230 4904 ό
3256 4846 3404 4914 οἶκος
3445 4850 3652 4905 Ἰακὼϐ
3685 4847 3799 4919 πῦρ,

2231 4942 2326 4996 καὶ
2347 4944 2376 4995 6
2403 4938 2550 5007 οἰκος
2593 4942 2791 5013 Ἰωσὴφ
2826 4941 2976 5010 φλὸξ,
3001 4943 3029 4994 ό
3053 4941 3111 4993 δὲ
3136 4936 3283 5003 οἶκος
3322 4939 3502 4993 Ἡσαῦ
3540 4940 3623 5002 είς
3646 4936 3793 4990 καλόν

2238 5050 2364 5105 μηνο
2397 5034 2491 5086 καὶ
2519 5032 2950 5102 ἐκκαυθήσονται
2988 5032 3067 5093 είς
3089 5030 3305 5094 αὐτοὺς,
3336 5032 3432 5083 καὶ
3469 5029 3796 5099 καταφαγόν-

2232 5142 2324 5178 ται
2353 5123 2569 5186 αὐτούς.
2602 5143 2620 5174 ›
2665 5124 2740 5193 (p.
2772 5122 2898 5191 226)
2929 5120 3083 5175 Οὕτω
3115 5121 3223 5194 γάρ
3253 5123 3628 5193 κρατήσουσιν
3651 5120 3799 5174 ἀπάνο

2233 5234 2341 5271 των
2364 5218 2413 5270 oi
2448 5217 2774 5288 Ἰσραηλῖται
2796 5214 2904 5268 τῶν
2938 5213 3266 5285 Ἰδουμαίων,
3293 5213 3433 5267 ὥστε
3457 5214 3623 5284 δίκην
3651 5211 3799 5282 πυρὸς

2235 5306 2487 5378 καλάμην
2514 5306 2894 5369 ἀναλίσκοντος
2939 5303 3186 5365 ἅπαντας
3217 5302 3414 5366 αὐτοὺς
3444 5304 3712 5372 ἀφανίσαι
3737 5300 3803 5368 τῷ

2238 5397 2430 5469 κράτει
2462 5397 2554 5450 τοῦ
2588 5396 2846 5467 πολέμου.
2898 5415 2917 5448 ι
2967 5396 3078 5449 Καὶ
3107 5395 3207 5449 οὐκ
3231 5393 3385 5448 ἐσται
3415 5394 3705 5467 πυρφόρος
3738 5389 3802 5461 τῷ

2236 5488 2372 5559 οίκῳ
2421 5486 2619 5552 Ἡσαῦ,
2650 5488 2732 5541 ὅτι
2767 5486 2972 5557 Κύριος
3018 5484 3305 5556 ἐλάλησεν.
3358 5502 3379 5537 ι
3434 5483 3670 5553 Ἐπειδὴ
3710 5481 3805 5554 πῦρ

2236 5579 2345 5653 ἔφη
2368 5580 2459 5635 τὸν
2495 5580 2712 5653 Ἰσραὴλ
2740 5579 2959 5636 ἔσεσθαι
2995 5576 3075 5653 τῷ
3114 5576 3307 5646 Ἠσαῦ,
3344 5577 3483 5633 ώσεὶ
3515 5577 3723 5641 πάντας
3749 5574 3803 5630 ἂν
