3860 6510
102 375 201 430 517

1247 378 1792 435 COMMENTARIUS
1823 379 1888 434 ΙΝ
1916 379 2158 437 JONAM.

3235 386 3338 444 518

105 491 287 554 αὖτοὺς
322 488 634 544 ἀναλίσκειν
665 491 926 562 μέλλοντα
967 491 1044 563 τῷ
1079 493 1333 566 πολέμῳ,
1372 495 1460 548 διὰ
1503 493 1662 549 τοῦτο

1769 497 1947 552 licebit
1978 499 2119 553 male
2145 498 2327 553 facere
2350 497 2615 555 lsraelitis
2640 517 2656 566 ;
2687 497 2781 555 sed
2811 498 2885 554 illi
2918 498 3138 570 quidem
3161 503 3228 557 ab
3255 505 3337 563 his

103 582 193 633 οὐκ
219 582 361 633 ἔσται
389 581 690 651 πυρφόρος,
723 583 875 651 φησὶ,
899 581 977 653 τῷ
1003 584 1136 655 οίκῳ
1180 585 1370 639 ἹΙσαῦο
1404 588 1522 639 ἀντὶ
1545 585 1663 651 τοῦ,

104 672 281 733 οὐθεὶς
312 670 462 724 ἔσται
491 674 549 726 ὲν
583 673 765 736 αὐτοῖς
789 674 847 738 ὃς
877 675 1138 728 διαθεῖναί
1164 693 1215 729 τι
1235 677 1520 748 δυνήσεται
1540 681 1666 743 τοὺς

115 762 437 832 Ἰσραηλίτας
484 764 674 816 κακόν’
709 764 843 817 ἀλλά
882 767 1159 821 πείσονται
1197 770 1293 839 μὲν
1319 772 1448 842 παρ’
1488 770 1665 824 αὐτῶν

102 852 156 904 ού
188 854 252 905 τὰ
278 854 526 921 τυχόντα·
559 852 765 923 ἀμύναι
791 855 847 908 δὲ
878 856 1107 922 ἑαυτοῖς,
1141 858 1173 929 ἢ
1202 860 1501 933 ποιῆσαίδι
1531 862 1667 930 πρὸς

104 943 294 1015 βλάϐην
328 944 575 1009 ἐκείνων,
624 946 684 998 ού
723 947 1039 1017 δυνήσονται
1070 949 1322 1014 καθάπαξ
1346 952 1514 1005 οὐδέν’
1541 952 1577 1006 ἀ
1602 952 1666 1025 δὴ

102 1036 268 1087 πάντα
296 1037 586 1105 γενήσεται
620 1038 859 1103 πάντως,
895 1039 1080 1111 ἐπειδὴ
1115 1040 1246 1105 Θεός
1273 1044 1418 1096 ἐστιν
1454 1045 1482 1096 6
1527 1046 1665 1098 ἀπο-

102 1126 398 1195 φηνάμενος
422 1126 694 1194 γενέσθαι·
723 1130 815 1181 καὶ
841 1131 1139 1203 ἐπειδήπερ
1164 1134 1220 1184 ὲν
1239 1136 1350 1197 τοῖς
1373 1134 1666 1205 ἀνωτέροις

102 1217 193 1287 ἔφη
236 1218 317 1269 ὅτι
357 1218 1001 1291 κατακληρονομήσουσιν
1044 1224 1072 1276 6
1107 1220 1254 1288 οἶκος
1306 1225 1499 1279 Ἰακὼὸ
1539 1228 1667 1292 τοὺς

104 1308 742 1380 κατακληρονομήσοντας
770 1312 988 1378 αὐτοὺς,
1023 1314 1356 1386 πλατύτερον
1381 1317 1511 1371 αὐτὸ
1542 1318 1666 1389 βου-

101 1400 310 1469 λόμενος
333 1402 531 1463 εἰπεῖν,
560 1402 707 1471 λέγει
738 1404 817 1457 ὅτι
839 1407 886 1458 οί
916 1406 1016 1477 μὲν
1039 1409 1095 1460 ὲν
1118 1408 1304 1477 Ναγὲϐ
1340 1410 1666 1480 Ἰσραηλῖται

100 1491 698 1563 κατακληρονομήσουσι
749 1496 874 1559 τοὺς
920 1498 1295 1568 προσήκοντας
1339 1499 1538 1564 τόπους
1587 1500 1666 1572 τῷ

110 1579 289 1632 Ἡσαῦ·
310 1583 361 1632 ot
391 1584 451 1634 ὲν
476 1582 683 1654 Σιφηλᾷ
697 1584 753 1637 δὲ
777 1586 902 1649 τοὺς
928 1585 1035 1639 τῶν
1056 1586 1386 1656 ἀλλοφύλωνο
1407 1589 1665 1660 κομιοῦν-

97 1688 178 1723 ται
208 1672 263 1725 δὲ
296 1674 391 1726 καὶ
424 1673 522 1745 τὴν
554 1676 760 1728 οἰκείαν
802 1676 987 1747 χώραν
1022 1677 1097 1742 ὡς
1129 1680 1274 1743 είκός
1297 1698 1310 1711 ·
1345 1680 1395 1734 οί
1437 1682 1535 1752 μὲν
1569 1680 1664 1736 τοῦ

109 1762 339 1833 Ἐφραῒμ
369 1764 433 1817 τὸ
465 1764 569 1835 τῆς
598 1766 911 1838 Σαμαρείας
955 1768 1134 1822 πεδίον
1155 1786 1170 1801 ο
1216 1770 1313 1841 τὴν
1346 1772 1665 1826 Γαλααδῖτιν

1768 589 2027 659 quaelibet
2066 589 2461 659 perpetientur,
2491 590 2621 660 quin
2662 597 2838 647 tamen
2872 591 3105 660 injurias
3143 594 3336 652 ulcisci

1767 688 1990 747 queant,
2023 681 2103 733 vel
2137 679 2436 749 quidquam
2463 679 2529 734 ad
2561 681 2776 735 illorum
2806 683 3098 752 perniciem
3132 684 3332 740 moliri.

1768 767 1893 822 Haec
1919 771 2249 825 adamussim
2280 771 2461 824 omnia
2495 770 2658 836 ﬁent;
2686 770 2779 825 Dei
2806 773 2950 826 enim
2993 775 3218 829 oraculo
3252 775 3337 829 fu-

1768 868 1891 915 tura
1943 877 2065 917 esse
2114 862 2393 916 dicuntur.
2446 860 2513 915 Et
2558 864 2815 931 quoniam
2862 864 2916 918 in
2961 866 3336 935 superioribus

1769 952 1925 1016 dixit,
1977 953 2092 1007 fore
2120 961 2178 1007 ut
2224 953 2422 1007 domus
2451 951 2625 1008 Jacob
2674 967 2768 1009 eos
2811 955 3108 1022 possideat,
3142 956 3234 1026 qui
3276 972 3336 1011 se

1770 1042 2164 1114 possederant;
2195 1045 2522 1115 explicatius
2559 1044 2673 1114 jam
2709 1044 2762 1098 id
2801 1044 2984 1099 dicere
3018 1046 3207 1102 volens
3237 1049 3331 1114 ait,

1770 1134 2045 1189 Israelitas
2084 1132 2287 1204 Nagebi
2333 1135 2542 1189 incolas
2580 1134 3056 1203 bereditatisjure
3079 1144 3334 1205 capturos

1770 1225 2051 1296 proximos
2078 1225 2223 1280 Esau
2244 1224 2427 1292 locos;
2454 1223 2685 1295 Siphelaa
2708 1223 2838 1278 item
2864 1223 3010 1280 cives
3037 1222 3329 1289 lsraelitas,

1767 1317 2045 1387 regionem
2075 1316 2501 1387 alienigenarum
2533 1324 2895 1386 occupaturos
2922 1334 2935 1370 :
2974 1325 3330 1386 praeterquam

1766 1406 1911 1476 quod
1947 1406 2176 1478 patriam
2215 1421 2434 1477 quoque
2467 1406 2765 1475 regionem,
2808 1404 2886 1459 uti
2920 1420 3018 1475 par
3058 1410 3163 1469 est,
3200 1403 3338 1458 obti-

1766 1495 2009 1563 nebunt;
2065 1510 2260 1565 nempe
2305 1492 2659 1564 Ephraimitae
2709 1492 2969 1547 Samaria:
3020 1492 3331 1563 planitiem,

1766 1586 2081 1656 Benjamita‘.
2123 1583 2540 1640 Galaaditidem.
2578 1580 2833 1639 Jamvero
2880 1583 3193 1653 postliminii
3243 1598 3333 1638 eo—

1767 1693 1888 1733 rum
1939 1677 2152 1731 initium
2198 1676 2346 1747 regio
2390 1673 2632 1746 Sareptze
2682 1676 2808 1741 erit,
2858 1676 2983 1732 linis
3029 1674 3331 1744 Ephratha.

1767 1767 1971 1836 Nempe
2027 1767 2105 1820 ait
2150 1780 2502 1836 possessuros
2550 1780 2647 1820 eos
2689 1763 3069 1819 intermediam
3119 1778 3333 1818 omnem

99 1857 147 1909 δὲ
183 1830 535 1928 δΒῶιαμίνί
562 1830 775 1929 τῆς-τε.
811 1861 1089 1930 μετοικίας
1124 1830 1301 1915 αὐτῶν
1341 1863 1442 1931 τῆς
1471 1864 1563 1916 ὲπὶ
1598 1864 1666 1919 τὰ

1770 1858 2204 1913 Chananaaorum
2264 1856 2562 1926 regionem.
2604 1855 2843 1911 Cunctas
2889 1855 3018 1911 item
3078 1854 3337 1909 ﬁnitimas

98 1950 276 2011 οἰκεῖα,
307 1949 453 2019 ἀρχὴ
484 1950 582 2018 μὲν
604 1951 785 2014 αὐτοῖς
804 1952 1091 2022 γενήσεται
1116 1954 1149 2024 ἡ
1176 1953 1468 2025 Σαρεφθῶν
1490 1954 1662 2026 χώραο

99 2039 233 2100 τέλος
260 2038 317 2091 δὲ
358 2040 392 2109 ή
447 2039 711 2111 Ἐφραθάο
746 2041 992 2111 βούλεται
1033 2042 1089 2096 δὲ
1129 2044 1304 2096 εἰπεῖν
1330 2044 1412 2096 ὅτι
1455 2045 1665 2110 πάντας

97 2128 193 2182 τῶν
216 2130 545 2185 Χαναναίων
570 2132 697 2194 τοὺς
726 2133 784 2185 ὲν
816 2133 966 2204 μέσῳ
995 2134 1280 2199 καθέξουσι
1305 2135 1523 2201 τόπους,
1547 2135 1668 2190 οὕσ-

100 2233 192 2287 περ
220 2211 313 2270 οὖν
346 2219 440 2271 καὶ
478 2218 742 2291 πρότερον
771 2220 936 2291 εῐχονσ
963 2222 1038 2293 (p.
1064 2223 1189 2295 227)
1211 2223 1353 2278 οὕτω
1375 2225 1431 2278 δὲ
1456 2225 1667 2291 καὶτὰς

102 2308 152 2356 tv
184 2305 371 2373 Ναγὲϐ
399 2305 584 2371 πόλεις
617 2308 826 2363 ἑαυτῶν
855 2310 1199 2376 ὑποδέξονται
1230 2313 1447 2377 ἁπάσας
1488 2313 1665 2367 ἅπαν-

97 2414 196 2460 τες,
228 2398 511 2469 συντόμως
537 2402 730 2467 εἰπεῖν,
756 2402 805 2455 οί
835 2402 914 2474 τῷ
942 2403 1081 2457 Σιὼν
1113 2404 1228 2476 ὄρει
1263 2407 1665 2476 προσήκοντες,

98 2490 177 2541 καὶ
198 2489 294 2562 τὴν
315 2492 509 2546 αὐτόθι
540 2493 619 2565 τῷ
647 2494 765 2565 Θεῷ
794 2497 1174 2567 προσήκουσαν
1195 2499 1490 2570 θρησκείαν
1520 2502 1669 2555 ὲκτε-

97 2580 319 2646 λοῦντες·
377 2584 534 2637 αὐτοί
577 2602 638 2638 τε
684 2587 866 2657 πάσης
907 2586 1183 2653 τεύξονται
1224 2592 1515 2662 σωτηρίας⁸
1571 2592 1668 2646 καὶ

101 2674 351 2745 μεγίστην
388 2676 512 2728 τινὰ
541 2678 654 2740 τοῖς
680 2677 774 2730 τοῦ
818 2677 987 2732 Ἡσαῦ
1014 2678 1112 2750 τὴν
1136 2680 1408 2753 τιμωρίαν
1433 2681 1667 2747 ἐπάξου-

99 2781 187 2832 σιν,
234 2766 356 2821 ἀνθ’
386 2762 464 2823 ὧν
503 2768 836 2823 πεπόνθασιν
877 2771 1007 2842 παρ’
1028 2772 1228 2826 αὐτῶν·
1266 2767 1348 2837 οἷς
1384 2775 1665 2845 ἐπήγαγεν

98 2856 281 2911 ἆπασιν
312 2860 377 2910 ὲν
402 2859 554 2929 αὐτῷ
593 2862 951 2931 συμπεράνας
979 2862 1077 2934 τὴν
1105 2864 1466 2936 προφητείαν
1503 2884 1522 2917 ι
1554 2864 1664 2919 Καὶ

96 2946 228 3000 ἔσται
270 2948 358 3019 τῷ
408 2950 601 3023 Κυρίῳ
713 2950 978 3022 βασιλεία.
1020 2972 1039 3006 ι
1093 2955 1212 3009 Ἵνα
1255 2954 1422 3027 εἴπῃ,
1456 2955 1661 3010 ὅτιδιά

1771 1949 1973 2022 Nagebi
2008 1951 2174 2005 urbes
2211 1949 2615 2019 recuperabunt
2644 1963 2838 2004 omnes
2874 1948 2951 2014 hi,
2999 1955 3061 2003 ut
3096 1960 3338 2003 summa-

1771 2043 1866 2096 tim
1899 2039 2099 2104 dicam,
2140 2041 2233 2111 qui
2284 2040 2417 2094 Sion
2466 2040 2635 2095 monti
2683 2048 2811 2095 sunt
2849 2040 3104 2111 proximi,
3152 2040 3336 2110 ibique

1772 2133 2075 2205 legitimam
2124 2132 2447 2202 persolvunt
2500 2131 2612 2187 Deo
2659 2132 2996 2203 religionem.
3053 2133 3231 2202 Atque
3278 2131 3333 2187 bi

1774 2240 2044 2282 summam
2075 2225 2307 2281 salutem
2335 2222 2537 2292 adepti,
2563 2223 2826 2279 maximas
2850 2223 2917 2278 ab
2937 2220 3078 2276 Esau
3103 2226 3336 2293 posteris

1771 2315 2099 2383 injuriarum
2134 2321 2377 2369 veterum
2416 2322 2698 2383 reposcent
2727 2326 2939 2383 pinnas.
2971 2312 3179 2379 Quibus
3220 2328 3337 2367 om-

1768 2406 1933 2461 nibus
1959 2404 2110 2459 addit
2136 2403 2436 2475 prophetia:
2462 2403 2764 2458 clausulam
2792 2421 2808 2458 :
2843 2422 2861 2455 ι
2890 2402 2956 2457 Et
2976 2404 3079 2459 erit
3109 2403 3338 2459 Domino

1767 2513 2021 2570 regnum.
2055 2517 2073 2550 ι
2104 2496 2374 2552 Videlicet
2406 2505 2519 2551 tum
2554 2495 2922 2551 lsraelitarum
2953 2498 3335 2567 prosperitate,

1769 2599 1884 2647 tum
1934 2592 2227 2661 impiorum
2279 2591 2521 2646 hostium
2570 2588 2859 2661 supplicio,
2901 2588 3042 2643 Deus
3071 2604 3198 2644 vere
3240 2604 3334 2643 rex

1769 2684 2240 2754 comprobabitur,
2293 2682 2668 2751 Dominusque
2717 2691 2772 2736 et
2818 2689 3030 2736 creator
3070 2681 3336 2745 omnium,

1770 2773 1864 2844 qui
1914 2788 2011 2828 seu
2049 2787 2299 2837 suorum,
2336 2788 2432 2828 seu
2477 2772 2644 2827 etiam
2678 2770 2918 2835 illorum,
2951 2769 3044 2840 qui
3085 2769 3338 2824 videntur

1768 2866 1951 2931 alieni,
1980 2881 2077 2936 pro
2106 2881 2219 2921 sua:
2242 2864 2541 2923 voluntatis
2571 2862 2819 2930 arbitrio,
2850 2863 3013 2917 vitam
3071 2861 3340 2917 fortunas-

1766 2971 1873 3027 que
1903 2963 2191 3025 temperat.

99 3042 300 3095 πάντων
333 3035 410 3095 ὧν
438 3060 500 3096 τε
524 3039 584 3098 εὖ
615 3046 920 3117 πάσχουσιν
954 3048 1283 3120 Ἰσραηλῖται
1309 3049 1404 3104 καὶ
1432 3043 1508 3105 ὧν
1548 3050 1902 3123 ὑπομένουσι,
1932 3051 2088 3115 δίκας
2115 3050 2353 3115 διδόντες
2394 3051 2443 3105 οί
2477 3048 2986 3121 παρανενομηκότες
3012 3047 3092 3112 είς
3118 3046 3336 3110 αὐτοὺς,

98 3136 325 3199 φανεῖται
358 3134 618 3204 βασιλεὺς
637 3138 890 3211 ἀληθὴςό
918 3140 1068 3208 Θεὸς,
1112 3143 1141 3194 6
1172 3140 1374 3215 Κύριός
1411 3160 1471 3197 τε
1507 3145 1604 3197 καὶ
1637 3146 1867 3217 ποιητὴς
1892 3143 2001 3198 τῶν
2030 3143 2308 3211 ἁπάντων,
2346 3144 2467 3197 κατ’
2505 3142 2748 3211 ἐξουσίαν
2771 3140 2807 3196 ἀ
2839 3139 3086 3212 βούλεται
3118 3136 3243 3208 περί
3277 3153 3338 3191 τι

94 3225 205 3287 τοὺς
224 3225 461 3289 οίκείους
499 3229 595 3282 καὶ
624 3231 751 3301 περὶ
777 3232 902 3296 τοὺς
926 3232 1240 3304 ἀλλοτρίους
1265 3229 1402 3289 εἶναι
1432 3235 1720 3301 δοκοῦντας
1749 3237 1937 3292 ποιῶν.

114 3437 3311 3479 W

778 3606 1349 3699 EPMHNEIA
1412 3607 1681 3700 ΙΩΝΑ
1754 3612 1983 3699 ΤΟΥ
2030 3610 2674 3700 ΠΡΟΦΗΤΟΥ.

239 3988 1391 4109 COMMENTARIUS
1487 3990 1636 4105 IN
1731 3986 2198 4104 JONAM
2259 3980 3175 4100 PROPHETAM.

158 4397 248 4468 Εἷς
265 4404 364 4456 καὶ
395 4404 429 4457 6
452 4402 616 4466 αὐτὸς
632 4402 735 4472 τῆς
757 4420 817 4456 τε
836 4402 1078 4467 Παλαιᾶς
1108 4404 1203 4459 καὶ⁸
1228 4405 1376 4469 Νέας
1401 4404 1666 4477 Διαθήκης

1853 4401 2013 4473 150
2046 4400 2202 4457 Unus
2232 4398 2483 4470 idemque
2505 4396 2718 4454 Veteris
2742 4411 2808 4452 ac
2833 4394 2970 4452 Novi
2994 4395 3328 4453 Testamenti

99 4494 346 4566 ὑπάρχων
368 4496 506 4558 Θεὸς
526 4496 556 4548 6
579 4495 856 4566 Δεσπότης
879 4497 972 4550 καὶ
1002 4496 1239 4567 Ποιητής
1265 4495 1374 4550 τῶν
1392 4496 1671 4563 ἀπάντων,

100 4586 221 4654 πρὸς
246 4587 343 4640 ἕνα
373 4586 584 4639 σκοπὸν
606 4585 769 4657 ὁρῶν,
795 4587 864 4641 τά
889 4603 949 4639 τε
979 4589 1101 4640 κατ’
1117 4586 1332 4658 ἐκείνην
1356 4587 1672 4658 ᾠκονόμησε

101 4679 182 4732 καὶ
221 4679 291 4732 τά
327 4679 455 4733 κατ’
495 4677 689 4748 αὐτήν·
725 4677 892 4731 πάλαι
929 4678 1028 4747 μὲν
1067 4676 1206 4747 ἔχων
1245 4677 1672 4749 βεϐουλευμένον

99 4771 214 4840 παρ’
258 4770 442 4840 ἑαυτῷ
478 4769 544 4822 τδ
575 4769 674 4839 τὴν
713 4768 1013 4838 μέλλουσαν
1044 4769 1275 4838 ἐκφῆναι
1313 4768 1669 4834 κατάστασιν,

96 4856 163 4927 (ρ.
193 4860 317 4930 εεε)
352 4855 543 4932 ἧσπερ
573 4860 673 4929 τὴν
703 4857 877 4929 ἀρχὴν
915 4860 973 4911 ὲν
1002 4861 1067 4929 τῇ
1100 4859 1242 4913 κατά
1277 4858 1366 4911 τὸν
1400 4860 1672 4931 Δεσπότην

95 4950 313 5019 Χριστὸν
336 4948 614 5014 ἀνέδειξεν
650 4946 954 5018 οἰκονομίᾳ·
983 4949 1280 5015 ἀναγκαῖον
1318 4948 1375 5001 δὲ
1403 4949 1634 5019 νομίσας
1653 4987 1668 5012 ,

96 5039 147 5089 ὲν
168 5037 335 5109 ταύτῃ
379 5038 549 5109 δὴ,τῇ
577 5036 829 5109 παρούσῃ
854 5036 1018 5106 λέγω,
1048 5038 1311 5109 πρότερον
1340 5039 1486 5108 ἡμᾶς
1521 5037 1672 5106 γενέ-

100 5128 231 5189 σθαι,
260 5125 364 5182 εἷθ’
397 5128 628 5198 ὕστερον
648 5130 728 5191 είς
760 5127 976 5200 ἐκείνην
1012 5129 1341 5199 μεταστῆναι
1368 5128 1455 5182 διὰ
1476 5130 1571 5198 τῆς
1606 5130 1672 5182 ἐκ

99 5220 293 5288 νεκρῶν
338 5219 719 5282 ἀναστάσεως·
774 5218 850 5282 ὡς
897 5217 963 5272 ἀν
994 5220 1058 5272 ὲκ
1087 5219 1443 5291 παραθέσεως
1470 5219 1670 5289 μᾶλλον

97 5311 340 5381 γνοίημεν
369 5310 480 5363 τῶν
508 5327 571 5362 τε
598 5310 1038 5381 δειχθησομένων
1060 5310 1121 5364 τὸ
1149 5310 1378 5380 μέγεθος
1422 5312 1668 5381 ἀγαθῶν·

99 5393 183 5452 εἷθ’
210 5401 283 5463 ὡς
317 5402 388 5455 ἂν
417 5400 579 5454 τοῦτο
602 5401 827 5472 γένηται
858 5402 1037 5472 δῆλον,
1062 5402 1157 5456 καὶ
1182 5402 1258 5474 μὴ
1291 5402 1476 5455 καινόν
1506 5420 1557 5455 τι
1585 5419 1671 5456 v0—

102 5490 291 5556 μίζοιτο
323 5490 560 5563 ὕστερον
609 5490 1000 5561 βεϐουλεῦσθαι
1032 5509 1093 5545 τε
1126 5493 1221 5545 καὶ
1255 5491 1667 5562 δεδοκιμακέναι

101 5580 209 5649 περὶ
238 5582 424 5651 ἡμῶν,
458 5581 550 5634 διά
585 5579 798 5635 πολλῶν
841 5582 938 5652 μὲν
968 5582 1069 5651 ήδη
1101 5582 1193 5636 καὶ
1227 5581 1430 5652 ἐτέρων
1492 5579 1667 5633 ἐναπ-

98 5667 234 5724 ίθετο
255 5675 371 5736 τοῖς
392 5670 705 5743 ἀνθρώποις
725 5672 819 5726 τοῦ
846 5672 1116 5727 Δεσπότου
1138 5671 1373 5743 Χριστοῦ
1396 5670 1493 5743 τήν
1515 5690 1660 5743 παρ-

98 5761 288 5831 ουσίαν,
316 5764 463 5820 ὥστε
494 5763 703 5828 πάντας
751 5763 1037 5830 Ἰουδαίους
1069 5763 1351 5838 πόρρωθεν
1378 5764 1669 5837 ἀπεκδέχε-

1774 4492 1938 4560 Deus,
1973 4490 2236 4546 Dominus
2252 4497 2306 4544 et
2340 4498 2555 4544 creator
2588 4488 2857 4552 omnium,
2886 4502 2997 4542 uno
3043 4501 3208 4557 scopo
3232 4486 3337 4543 sibi

1772 4583 2080 4655 proposito,
2100 4580 2247 4635 illius
2279 4579 2480 4649 pariter
2497 4585 2660 4648 atque
2686 4576 2849 4646 hujus
2870 4576 3128 4645 temporis
3149 4588 3336 4630 curam

1774 4677 1985 4748 gessit:
2020 4674 2152 4729 olim
2197 4671 2418 4742 quidem
2463 4670 2671 4726 habens
2703 4670 2920 4724 ﬁrmum
2954 4666 3097 4738 apud
3124 4682 3183 4723 se
3207 4682 3337 4738 pro-

1774 4766 2014 4838 positum
2051 4764 2296 4818 futurum
2338 4777 2518 4818 rerum
2551 4768 2753 4818 statum
2798 4760 2867 4814 ad
2896 4759 3099 4815 exitum
3136 4759 3339 4830 perdu-

1773 4855 1967 4921 cendi;
2004 4853 2173 4922 'cujus
2218 4852 2433 4906 initium
2463 4849 2665 4905 Christi
2698 4847 2912 4902 Domini
2961 4846 3338 4902 incarnatione

1774 4928 1950 5001 fecit:
1992 4944 2364 4999 necessarium
2425 4951 2605 4996 tamen
2650 4938 2954 5010 judicavit,
3012 4946 3334 5008 praesentem

1774 5044 1934 5092 antea
1977 5035 2348 5092 conditionem
2398 5048 2498 5090 nos
2542 5032 2799 5103 experiri,
2832 5040 2946 5085 tum
2986 5033 3055 5085 ad
3096 5029 3335 5084 futuram

1773 5127 2059 5185 transferri
2091 5142 2188 5197 per
2217 5125 2681 5183 resurrectionem
2707 5138 2738 5177 a
2764 5121 3021 5185 mortuis,
3054 5134 3249 5188 nempe
3278 5125 3338 5171 ut

1771 5239 1839 5280 ex
1861 5219 2273 5292 comparatione
2305 5219 2478 5288 magis
2507 5217 2668 5273 nobis
2699 5216 3065 5271 innotesceret
3101 5210 3337 5282 promis-

1771 5327 1957 5368 sorum
1992 5311 2308 5384 magnitudo
2344 5311 2631 5366 bonorum.
2677 5306 2879 5363 Deinde
2907 5319 3017 5376 quo
3054 5301 3109 5357 id
3157 5301 3341 5358 consi-

1770 5403 1903 5458 lium
1938 5403 2117 5473 palam
2160 5400 2335 5465 ﬁeret,
2371 5414 2548 5470 neque
2577 5396 2782 5469 aliquid
2815 5395 2942 5450 novi
2972 5392 3338 5461 excogitatum

1768 5501 1958 5565 postea
1992 5494 2379 5563 decretumque
2428 5491 2725 5557 videretur,
2783 5487 2907 5542 aliis
2958 5498 3179 5557 quoque
3214 5496 3340 5553 per.

1769 5584 1960 5640 multis
1989 5583 2208 5641 indiciis
2226 5582 2433 5639 Christi
2454 5580 2670 5636 Domini
2701 5581 2995 5636 adventum
3019 5575 3338 5633 hominibus

1774 5675 2155 5747 portenderat,
2209 5673 2285 5730 ita
2352 5682 2412 5730 ut
2467 5672 2641 5729 Judaei
2689 5686 2880 5730 omnes
2934 5672 3082 5727 hunc
3118 5669 3332 5740 jamdiu

1766 5772 2173 5838 exspectarent.
2209 5763 2399 5839 Neque
2448 5762 2503 5820 id
2544 5764 2730 5823 minus
2767 5779 2837 5821 ex
2882 5761 3125 5819 oraculis
3158 5759 3336 5818 Abra-
