3954 6514
607 344 711 401 319

1761 332 2113 393 THEODOBI
2188 328 2672 389 MOPSUESTENI
3730 330 3809 392 320

611 459 774 514 hamo
817 457 1120 531 Davidique
1160 456 1326 514 editis
1360 452 1774 518 conﬁciebatur,
1820 451 2021 522 quibus
2052 464 2178 520 pro-

2294 445 2402 500 τθαι
2447 444 2670 517 ταύτην·
2705 440 2917 506 οὐδενος
2960 439 3017 494 δὲ
3050 434 3215 512 ἦττον
3243 436 3309 492 ἐκ
3354 454 3413 492 τε
3442 436 3552 492 τῶν
3598 440 3718 494 κατὰ
3743 446 3808 499 τὸν

610 550 869 617 miserat;
915 549 993 605 illi
1033 548 1277 620 quidem,
1312 546 1428 603 fore
1470 552 1532 599 ut
1565 558 1755 599 omnes
1784 548 1974 613 gentes
2015 540 2069 594 in
2098 555 2184 595 se-

612 639 760 695 mine
803 641 926 708 ejus
985 640 1477 705 benedicerentur;
1522 637 1649 692 huic
1688 646 1895 700 autem,
1951 631 2069 688 fore
2126 638 2183 686 ut

612 732 847 797 posteris
907 732 1027 799 ejus
1093 738 1414 801 perpetuum
1476 743 1704 798 regnum
1765 726 2181 779 attribueretur.

612 819 743 887 Quae
785 822 972 891 itaque
1025 823 1325 877 secundum
1363 820 1547 890 populi
1600 817 2065 873 existimationem
2112 815 2189 868 si-

612 910 944 980 gniﬁcabant
995 913 1170 975 illum,
1219 910 1378 979 cujus
1421 924 1587 964 causa
1634 907 1715 962 ha:
1764 922 1851 961 res
1895 903 2187 959 etllcienda:

613 1012 793 1066 erant,
841 1017 905 1057 ea
956 1018 1149 1073 reapse
1190 1002 1246 1055 in
1300 1001 1503 1056 Christi
1547 998 1761 1054 Domini
1813 998 2189 1051 incarnatione

614 1098 895 1161 comperta
924 1099 1051 1146 sunt
1089 1091 1295 1145 exitum
1322 1090 1523 1145 habere
1550 1106 1564 1143 :
1602 1088 1656 1142 in
1688 1103 1796 1156 quo
1821 1086 1987 1141 etiam
2015 1084 2187 1156 genti-

615 1182 719 1237 bus
760 1197 886 1237 vere
932 1183 1160 1252 contigit
1199 1181 1468 1242 benedici,
1525 1189 1579 1235 et
1631 1186 1953 1250 perpetuum
1997 1178 2190 1232 incon-

615 1285 951 1341 cussumque
986 1272 1204 1340 generis
1242 1286 1468 1341 regnum
1516 1270 1655 1325 ﬁeri.
1694 1269 1989 1339 Propterea
2024 1268 2186 1323 etiam

618 1360 714 1417 Dei
746 1364 1084 1433 providentia
1116 1363 1262 1417 circa
1287 1361 1547 1434 populum
1578 1361 1748 1416 multa
1776 1360 1900 1423 fuit,
1930 1360 2187 1430 quoniam

616 1467 808 1507 omnes
842 1452 1269 1522 promissionum
1311 1453 1581 1507 dictarum
1625 1467 1919 1517 memores,
1965 1458 2191 1521 exopta-

616 1551 733 1599 tum
790 1543 994 1601 Christi
1057 1544 1275 1599 Domini
1346 1544 1807 1617 praestolabantur
1874 1541 2187 1597 adventum.

615 1635 797 1705 Atque
830 1634 943 1689 haac
985 1650 1152 1691 causa
1194 1634 1317 1699 fuit,
1356 1650 1454 1689 cur
1487 1635 1722 1707 plurima
1768 1636 1822 1689 in
1852 1634 2047 1690 Vetere
2083 1634 2191 1690 Te-

2296 536 2545 610 Ἀϐραάμ
2581 536 2674 590 καλ⁴
2709 535 2802 589 τὸν
2846 532 3009 588 Δαυῒδ
3042 532 3328 605 εἴργασται
3369 529 3548 597 τοῦτο,
3588 530 3710 600 πρὸς
3740 534 3810 601 οὓς

2284 628 2610 698 ἐπαγγελίας
2642 627 2954 698 ἐποιήσατο,
2993 624 3083 678 τὸν
3115 624 3233 695 μὲν,
3264 624 3345 676 ὅτι
3429 622 3806 695 ἐνευλογηθήσε-

2285 738 2373 774 ται
2403 722 2461 773 ἐν
2488 719 2564 791 τῷ
2594 719 2866 790 σπέρματι
2893 715 3059 770 αὐτοῦ
3085 716 3263 770 πάντα
3281 714 3348 768 τά
3378 712 3524 785 ἔθνη·
3561 712 3648 765 τὸν
3667 714 3729 775 δὲ,
3749 717 3807 771 ὅτι

2285 812 2508 884 διηνεκῇ
2542 809 2770 883 παρέξει
2797 812 2905 873 τοῖς
2936 808 2994 874 ἐξ
3040 805 3204 861 αὐτοῦ
3241 806 3341 877 τὴν
3373 803 3665 875 βασιλείαν·
3700 806 3806 879 ἅπερ

2285 830 2470 884 οιηνεκ
2542 830 2770 883 παρεςει
2797 830 2905 873 τοις
2936 830 2994 874 ες
3040 830 3204 861 αυτου
3241 830 3341 877 την
3373 830 3663 875 Ρασυιειανε
3700 830 3806 879 απερ

2285 896 2378 955 οὖν
2412 830 2623 972 τῷμὲν
2657 900 2831 952 δοκεῖν
2880 898 2971 952 τὸν
3013 897 3140 950 λαὸν
3189 896 3389 966 ἐμήνυε
3430 893 3519 947 τὸν
3572 894 3653 963 ἐφ’
3684 890 3812 969 οὗπερ

2287 987 2463 1043 ταῦτα
2506 986 2844 1062 πληροῦσθαι
2890 985 3144 1057 ἤμελλεν·
3196 985 3230 1055 ὴ
3281 983 3337 1037 δὲ
3375 981 3483 1036 τῶν
3523 986 3810 1053 πραγμάτων

2289 1080 2514 1153 ἀλήθεια
2540 1082 2633 1134 ἐπὶ
2661 1078 2770 1133 τῶν
2798 1077 2940 1132 κατὰ
2977 1077 3067 1131 τὸν
3092 1075 3369 1146 Δεσπότην
3392 1074 3628 1146 Χριστὸν
3654 1077 3813 1131 οἰκονο-

2292 1174 2572 1247 μηθέντων
2613 1171 2885 1226 ἐδείκνυτο
2928 1168 3170 1223 λαϐοῦσα
3210 1168 3271 1220 τὸ
3320 1166 3513 1237 πέρας,
3557 1166 3639 1233 ἐφ’
3679 1159 3810 1239 οὗπερ

2289 1268 2384 1321 καὶ
2426 1266 2487 1320 τὸ
2517 1262 2937 1334 ἐνευλογηθῆναι
2980 1261 3049 1315 τά
3076 1261 3202 1333 ἔθνη
3231 1260 3454 1330 γέγονεν
3485 1258 3720 1330 άληθῶς,
3745 1266 3815 1315 καί

2289 1357 2508 1429 διηνεκῆ
2534 1356 2589 1411 δὲ
2626 1355 2718 1409 καὶ
2740 1354 3036 1409 ἀσάλευτον
3060 1348 3198 1407 εἶναι
3227 1351 3304 1423 τῷ
3335 1351 3613 1422 σπέρματι
3639 1349 3723 1421 τὴν
3753 1352 3817 1422 βα-

2292 1449 2518 1505 σιλείαν·
2560 1448 2647 1501 διὰ
2681 1447 2737 1501 δὲ
2761 1446 2916 1500 τοῦτο
2957 1447 3051 1499 καὶ
3087 1446 3121 1517 ὴ
3153 1445 3280 1516 περὶ
3306 1444 3396 1497 τδν
3428 1442 3557 1497 λαὸν
3584 1444 3818 1513 ἐπιμέλεια

2290 1543 2383 1596 τοῦ
2415 1540 2548 1596 Θεοῦ
2583 1539 2751 1611 πολλή
2782 1556 2865 1603 τις
2890 1538 3131 1608 γέγονεν,
3165 1538 3241 1608 (p.
3275 1536 3401 1606 2‘29)
3449 1534 3633 1605 ἐπειδὴ
3668 1536 3821 1601 πάντες

2291 1634 2384 1687 ἐπὶ
2409 1634 2531 1695 ταῖς
2560 1630 2914 1699 ἐπαγγελίαις
2950 1629 3343 1700 φυλαττόμενοι
3370 1630 3490 1691 ταῖς
3533 1627 3822 1698 εἰρημέναις,

617 1734 891 1783 stamento
916 1727 1058 1783 Deus
1091 1726 1396 1783 secundum
1423 1727 1694 1797 ejusmodi
1722 1726 2191 1783 administraverit

2294 1728 2394 1799 τὴν
2425 1724 2878 1797 προσδοκωμένην
2906 1722 3208 1795 παρουσίαν
3250 1722 3512 1792 ἀνέμενον
3546 1720 3639 1773 τοῦ
3663 1722 3803 1775 Δεσπό

617 1819 885 1874 rationem
933 1839 948 1874 :
994 1820 1068 1874 ita
1124 1827 1183 1874 ut
1230 1827 1383 1890 gesta
1437 1793 1533 1874 illa
1592 1827 1706 1873 tum
1761 1819 1880 1888 ejus
1936 1821 2192 1888 temporis

2296 1793 2389 1873 του
2439 1793 2879 1887 Χριστοῦίὰλλὰ
2920 1793 3030 1887 γὰρ
3079 1814 3284 1885 ταύτης
3322 1813 3510 1866 ’ἐνεκεν
3558 1813 3654 1883 τῆς
3687 1812 3824 1877 αἰτίας

621 1905 775 1978 151
804 1909 1118 1966 hominibus
1169 1912 1460 1965 maximam
1510 1913 1818 1982 praeberent
1875 1911 2189 1975 utilitatem,

550 2036 553 2037 ν
618 2006 735 2054 tum
798 2003 962 2055 etiam
1017 2002 1470 2073 signiﬁcationem
1526 2002 1791 2058 haberent
1830 2001 2189 2074 gerendarum

616 2099 805 2163 postea
851 2109 1035 2150 rerum
1080 2114 1095 2150 :
1146 2102 1505 2166 praeterquam
1553 2094 1698 2166 quod
1742 2094 2065 2151 excellentia
2117 2095 2192 2150 si-

618 2184 732 2237 mul
781 2198 944 2255 quam
987 2184 1223 2255 plurima
1264 2182 1403 2239 Novi
1452 2200 1563 2256 pra:
1608 2183 1806 2240 Vetere
1842 2184 2191 2240 Testamento

619 2274 933 2342 apparitura
962 2283 1102 2329 erat.
1148 2274 1497 2346 Compertum
1543 2282 1629 2331 est
1671 2275 1841 2347 igitur
1874 2276 1977 2331 hoc
2005 2275 2188 2342 modo,

619 2369 808 2418 vetera
840 2378 963 2420 esse
986 2372 1174 2437 typum
1206 2366 1498 2435 quemdam
1523 2366 1908 2437 posteriorum,
1942 2382 2049 2422 non
2073 2366 2192 2422 sine

620 2452 802 2525 aliqua
849 2457 1168 2512 eorumdem
1208 2456 1534 2522 imitatione,
1581 2464 1636 2513 et
1668 2472 1794 2512 cum
1831 2457 2029 2515 idoneo
2069 2459 2190 2513 suis

618 2543 961 2615 temporibus
1005 2562 1111 2603 usu
1144 2567 1158 2602 :
1189 2548 1285 2604 sed
1326 2555 1510 2604 tamen
1547 2563 1607 2604 re
1646 2548 1763 2619 ipsa
1806 2548 2191 2605 demonstran-

619 2633 716 2701 tia,
742 2644 1080 2710 quantopere
1110 2638 1202 2694 illa
1230 2640 1596 2711 presentibus
1626 2640 1841 2696 minora
1869 2640 2097 2697 fuerint.

686 2918 831 2978 Deus
858 2920 1028 2993 igitur
1051 2936 1116 2978 ex
1144 2921 1379 2996 Egypto
1412 2922 1664 2981 lsraelem
1694 2924 1905 2991 eduxit,
1937 2926 2196 2999 omnique

618 3011 711 3069 illa
735 3014 929 3070 acerba
954 3015 1222 3072 servitute
1245 3017 1549 3088 expedivit;
1573 3018 1828 3089 editaque
1847 3020 2055 3091 ingenti
2081 3023 2197 3091 pri-

618 3107 1016 3175 mogenitorum
1048 3107 1228 3175 caede,
1274 3108 1403 3164 hinc
1433 3124 1548 3164 rem
1576 3110 1933 3167 lsraeliticam
1973 3112 2198 3182 integra:

618 3194 783 3249 saluti
819 3198 1089 3253 restituit:
1128 3214 1269 3269 quos
1302 3199 1536 3271 populos
1577 3200 1847 3256 miraculo
1890 3201 2057 3257 etiam
2086 3204 2202 3259 dis-

619 3287 965 3353 criminavit,
1005 3288 1135 3344 dum
1171 3289 1456 3356 Hebraeos,
1507 3291 1645 3347 nihil
1693 3292 1871 3348 simile
1920 3292 2201 3366 [Egyptiis

621 3379 734 3447 pati
765 3379 971 3434 voluit:
1006 3380 1059 3435 id
1092 3382 1240 3452 quod
1271 3382 1474 3439 accidit
1504 3382 1575 3439 ob
1608 3385 1826 3444 cruoris
1860 3385 1916 3442 in
1952 3390 2202 3457 postibus

619 3471 1014 3539 aspersionem.
1068 3470 1225 3539 Haec,
1278 3474 1532 3546 inquam,
1575 3477 1809 3533 multum
1854 3479 1977 3545 ejus
2024 3484 2202 3540 aetatis

620 3563 884 3619 lsraelitis
904 3564 1331 3621 emolumentum
1348 3568 1927 3645 exbibuerunt,quibus
1949 3575 2197 3646 ejusmo-

615 3649 1143 3713 dibonofruidatum
1176 3657 1297 3714 fuit.
1343 3658 1398 3713 Id
1438 3668 1619 3716 autem
1664 3660 2054 3730 portendebat,
2085 3664 2200 3735 typi

619 3741 830 3797 scilicet
878 3744 1075 3811 instar,
1109 3744 1225 3801 fore
1256 3754 1316 3801 ut
1340 3746 1593 3805 Christus
1635 3747 1900 3807 Dominus
1944 3752 2202 3808 liberaret

618 3846 719 3886 nos
748 3830 889 3887 haud
918 3849 984 3889 ex
1012 3832 1230 3906 Egypti
1266 3835 1515 3899 servitio,
1545 3836 1641 3893 sed
1666 3838 1858 3893 mortis
1888 3846 2053 3910 atque
2073 3853 2201 3910 pec-

617 3919 758 3975 rati:
790 3921 936 3991 quod
969 3922 1188 3993 quidem
1230 3923 1388 3980 nobis
1427 3924 1679 3981 Christus
1712 3927 1964 3997 praestitit
1995 3929 2198 4000 proprii

614 4012 899 4083 sanguinis
934 4015 1273 4085 aspersione.
1320 4014 1434 4071 Hoc
1484 4017 1629 4071 enim
1661 4017 1754 4073 ille
1792 4033 1894 4088 pro
1939 4020 2198 4077 omnibus

615 4100 760 4166 fuso,
792 4113 847 4157 et
874 4120 1008 4161 nece
1038 4122 1136 4169 pro
1164 4107 1322 4163 nobis
1344 4108 1513 4172 obita,
1544 4118 1888 4165 mortuorum
1914 4126 2199 4167 resurrec-

615 4191 815 4247 tionem
848 4196 1114 4263 patravit;
1149 4194 1392 4267 fecitquc
1416 4205 1476 4252 ut
1502 4214 1604 4255 nos
1627 4201 1775 4255 omni
1806 4200 1909 4255 hac
1936 4202 2198 4259 servitute

614 4283 800 4349 soluti,
826 4284 1256 4345 immortalitatis
1277 4299 1329 4345 et
1351 4291 1892 4362 incorruptibilitatis
1917 4304 1973 4349 et
2000 4295 2199 4365 impec-

613 4372 810 4428 cantia:
842 4374 1046 4432 bonum
1086 4381 1498 4451 reciperemus:
1541 4398 1651 4453 quo
1690 4385 2002 4454 impetrato,
2050 4389 2196 4445 haud

2299 1911 2526 1965 πλεῖστα
2558 1910 2659 1963 ὅσα
2687 1908 2779 1960 ἐπὶ
2806 1908 2905 1979 τῆς
2932 1908 3174 1970 Παλαιᾶς
3196 1905 3471 1978 Διαθήκης
3504 1904 3644 1958 κατὰ
3669 1904 3816 1957 τοῦτον

2298 2002 2618 2075 ᾠκονόμησε
2641 2000 2731 2054 τὸν
2756 2000 2976 2071 τρόπον,
3005 2000 3081 2064 ὡς
3104 1999 3170 2054 ἂν
3193 1999 3288 2054 καὶ
3316 2002 3427 2063 τοῖς
3459 1998 3582 2052 τότε
3619 1998 3825 2069 μεγίστην

2298 2093 2367 2147 τά
2407 2093 2670 2164 γινόμενα
2704 2092 2996 2163 παρέχοιτο
3033 2090 3132 2162 τὴν
3172 2089 3458 2159 ὠφέλειαν,
3500 2088 3599 2142 καὶ
3641 2088 3825 2161 μήνυσίν

2297 2202 2419 2240 τινα
2438 2185 2546 2237 τῶν
2571 2184 2913 2255 πραγμάτων
2936 2182 3034 2255 ἔχῃ
3049 2182 3156 2238 τῶν
3180 2182 3402 2253 ὓστερον
3423 2179 3825 2250 δειχθησομένων·

2292 2277 2431 2349 μετά
2474 2274 2567 2330 τοῦ
2595 2277 2687 2330 καὶ
2730 2276 2830 2347 τὴν
2879 2275 3156 2346 ὑπεροχὴν
3194 2273 3302 2327 τῶν
3348 2272 3618 2343 δευτέρων
3648 2270 3763 2343 πρὸς
3780 2274 3829 2323 τὰ

2288 2371 2531 2443 πρότερα
2558 2367 2812 2440 πλείστην
2837 2366 2958 2421 τινὰ
2989 2365 3323 2437 φανήσεσθαι
3360 2361 3547 2417 οὖσαν·
3601 2361 3830 2434 εὒρίσκετό

2286 2481 2346 2518 τε
2373 2464 2513 2517 κατὰ
2539 2462 2727 2517 τοῦτον
2757 2460 2848 2515 τὸν
2882 2460 3080 2532 τρόπον
3105 2457 3276 2521 τύπος
3312 2475 3401 2520 τις
3448 2458 3517 2510 τά
3547 2456 3736 2511 παλαιά
3754 2455 3833 2508 τῶν

2288 2556 2538 2629 ὕστερον,
2578 2556 2772 2627 ἔχοντα
2819 2553 2921 2625 μέν
2941 2571 3060 2608 τινα
3096 2552 3328 2625 μίμησιν
3359 2551 3492 2622 πρὸς
3527 2549 3710 2607 ταῦτα.
3733 2550 3833 2621 μετὰ

2297 2647 2392 2701 τοῦ
2421 2647 2517 2703 καὶ
2556 2646 2744 2719 χρείαν
2775 2646 2833 2699 ἐν
2859 2647 2975 2709 τοῖς
3009 2644 3233 2706 οἰκείοις
3278 2642 3618 2713 παρέχεσθαι
3643 2644 3831 2712 καιροῖς·

2297 2737 2601 2811 δηλούμενα
2624 2736 2681 2790 δέ
2711 2733 2772 2802 ἐξ
2798 2734 2975 2790 αὐτῶν
3005 2733 3113 2789 τῶν
3140 2733 3483 2805 πραγμάτων
3502 2732 3694 2786 ὁπόσον
3711 2732 3834 2805 ἠλάτ-

2303 2846 2500 2884 τωνται
2528 2828 2721 2884 ταῦτα.

2386 2921 2678 2994 Ἐξήγαγεξ
2707 2919 2807 2992 μὲν
2859 2915 2953 2976 οὖν
2995 2918 3095 2990 τῆς
3141 2916 3423 2986 Αἰγύπτου
3468 2915 3565 2972 τὸν
3615 2914 3836 2986 Ἰσραὴλό

2302 3014 2435 3078 Θεὸς
2463 3015 2558 3069 καὶ
2590 3014 2771 3083 πάσης
2798 3014 2897 3084 τῆς
2936 3013 3141 3083 πικρᾶς
3186 3010 3403 3083 ἐκείνης
3448 3009 3719 3082 ἀπήλλαξε
3749 3009 3839 3062 δου-

2303 3107 2472 3172 λείας⁹
2500 3107 2870 3179 ἐργασάμενος
2894 3104 2950 3160 δὲ
2991 3105 3220 3160 θάνατον
3259 3102 3370 3157 τῶν
3400 3102 3746 3177 πρωτοτόκων
3774 3118 3841 3152 πο-

2303 3198 2421 3265 λὺν,
2447 3196 2535 3251 διὰ
2561 3196 2719 3251 τοῦτο
2740 3196 2806 3250 τὰ
2828 3195 2936 3248 τῶν
2975 3192 3330 3265 Ἰσραηλιτῶν
3360 3193 3665 3264 περιέσωσε
3687 3207 3841 3244 παντε-

2302 3291 2431 3356 λῶς·
2476 3290 2618 3361 άπερ
2657 3282 2750 3342 οὖν
2790 3287 2882 3343 καὶ
2923 3286 3134 3358 σημείῳ
3166 3284 3398 3357 διέκρινε
3444 3286 3585 3355 πρὸς
3620 3284 3679 3337 τὸ
3713 3283 3839 3353 μηδὲν

2305 3382 2684 3455 παραπλήσιον
2720 3382 2833 3444 τοῖς
2861 3379 3181 3448 Αἰγυπτίοις
3213 3378 3426 3432 παθεῖν·
3456 3373 3529 3449 ἦν
3573 3377 3629 3430 δὲ
3662 3376 3841 3444 τοῦτοὴ

2302 3470 2395 3525 ἐπὶ
2422 3469 2531 3522 τῶν
2567 3465 2739 3538 φλιῶν
2768 3465 2864 3520 τοῦ
2903 3466 3137 3538 αἵματος
3166 3466 3365 3539 χρίσις·
3393 3465 3573 3521 ταῦτα
3602 3466 3655 3518 δὲ
3685 3463 3841 3533 πολλὴν

2306 3561 2405 3633 μὲν
2431 3563 2543 3624 τοῖς
2595 3557 2956 3632 Ἰσραηλίταις
3001 3558 3259 3630 γινόμενα
3310 3558 3431 3612 τότε
3466 3562 3749 3631 παρείχετο
3771 3558 3844 3624 τὴν

2302 3654 2600 3724 ὠφέλειαν,
2628 3655 2741 3716 τοῖς
2770 3668 2835 3721 γε
2864 3652 2959 3705 καὶ
3002 3653 3060 3704 ἐν
3098 3650 3396 3705 ἀπολαύσει
3434 3652 3691 3705 τοιούτων
3742 3651 3837 3704 καθ-

2304 3746 2634 3817 ισταμένοις·
2655 3762 2860 3817 προεση
2870 3744 3092 3815 μαίνετο
3112 3743 3167 3797 δέ
3186 3761 3304 3807 πως
3324 3744 3399 3807 ὡς
3423 3746 3480 3798 ἐν
3507 3744 3697 3807 τύποις
3714 3742 3767 3796 τὸ
3779 3741 3847 3795 καὶ

2300 3838 2392 3891 τὸν
2447 3836 2723 3908 Δεσπότην
2766 3835 2999 3908 Χριστὸν
3056 3834 3230 3899 οὔτως
3274 3836 3426 3906 ἡμᾶς
3475 3832 3843 3906 ἀφαιρήσεσθαι

2300 3928 2361 3981 οὺ
2392 3928 2491 3998 τῆς
2516 3926 2794 3996 Αἰγύπτου
2827 3926 3095 3991 δουλείας,
3127 3925 3261 3979 ἀλλά
3302 3926 3403 3996 τῆς
3440 3943 3501 3979 τε
3529 3925 3627 3980 τοῦ
3655 3926 3845 3979 θανάτου

2300 4018 2395 4074 καὶ
2425 4018 2526 4089 τῆς
2556 4018 2852 4091 ἁμαρτίας·
2885 4020 2960 4091 (p.
2994 4018 3122 4085 230)
3156 4017 3301 4089 άπερ
3332 4012 3426 4070 οὖν
3470 4020 3607 4088 ἡμῖν
3647 4016 3845 4087 παρέσχε

2298 4113 2364 4182 τῇ
2408 4110 2586 4182 χρίσει
2623 4110 2718 4163 τοῦ
2762 4110 2996 4181 αἵματος
3026 4108 3119 4162 τοῦ
3154 4108 3376 4162 οἰκείου’
3412 4108 3577 4162 τοῦτο
3605 4109 3710 4179 γάρ
3741 4106 3847 4175 ὑπὲρ

2298 4203 2557 4257 ἁπάντων
2586 4203 2803 4273 ἐκχέας,
2835 4203 2930 4255 καὶ
2960 4201 3051 4255 τδν
3079 4200 3306 4255 θάνατον
3337 4201 3585 4263 ὑποστὰς
3616 4200 3703 4253 τὸν
3741 4198 3847 4265 ὑπὲρ

2299 4293 2478 4364 ήμῶν,
2513 4292 2808 4364 εἰργάσατὸ
2836 4309 2897 4345 τε
2932 4290 3038 4344 τῶν
3071 4290 3279 4361 νεκρῶν
3306 4290 3404 4361 τὴν
3442 4290 3753 4353 ἀνάστασιν,
3779 4288 3848 4339 καὶ

2300 4382 2575 4454 παρέσχεν
2602 4383 2806 4436 ἅπασιν
2831 4383 2967 4452 ἡμῖν
3012 4381 3097 4445 τὸ,
3132 4380 3313 4452 πάσης
3353 4380 3453 4451 τῆς
3483 4379 3721 4435 ἐνταῦθα
3756 4378 3849 4430 Gou-

606 4463 721 4532 jam
754 4467 1081 4534 promissam
1110 4478 1339 4542 terram,
1375 4484 1435 4529 ut
1464 4476 1566 4543 illi,
1595 4477 1981 4546 incoleremus,
2014 4483 2111 4538 sed
2138 4484 2192 4539 in

2300 4472 2451 4540 λείας
2483 4474 2897 4542 ἀπαλλαγεῖσιν,
2929 4472 3326 4543 ἀπεκδέχεσθαι
3350 4473 3451 4544 τῆς
3481 4490 3544 4527 τε
3585 4470 3848 4530 ἀθανασίας

612 4574 781 4633 regno
810 4579 1157 4621 versaremur
1188 4567 1473 4625 cmlorum.
1504 4569 1625 4627 Jam
1664 4580 1931 4643 quantum
1971 4576 2086 4632 haec
2120 4580 2189 4635 ab

613 4653 722 4709 illis
752 4653 1046 4711 diﬂ‘erunt!
1077 4655 1345 4715 Israelita?
1376 4659 1445 4715 ad
1466 4660 1630 4717 breve
1660 4665 1922 4733 temporis
1951 4666 2186 4737 spatium

612 4744 754 4800 bona
788 4745 880 4802 illa
899 4750 1411 4819 consequebantur;
1434 4767 1536 4807 nos
1563 4753 1697 4818 hzec,
1723 4770 1845 4825 qua:
1867 4757 2034 4811 multa
2058 4765 2189 4813 sunt

610 4844 665 4892 et
690 4838 948 4905 maxima,
973 4855 1098 4895 cum
1127 4851 1331 4897 aeterna
1362 4844 1598 4900 utilitate
1626 4853 1912 4903 tenemus:
1950 4847 2002 4903 id
2039 4850 2187 4919 quod

609 4944 675 4983 ex
707 4931 857 4985 omni
882 4947 1063 4987 rerum
1093 4934 1336 5004 ipsarum
1369 4944 1564 4992 natura
1591 4950 1928 5009 compertum
1952 4948 2056 4997 est:
2091 4941 2184 4997 Sic

2292 4566 2387 4621 καὶ
2430 4566 2528 4638 τῆς
2554 4564 2866 4636 ἀφθαρσίας
2905 4565 3001 4618 καὶ
3032 4564 3136 4634 τῆς
3165 4565 3589 4635 άναμαρτησίας
3631 4564 3725 4634 τὴν
3750 4562 3849 4615 ἁπό-

2291 4658 2502 4713 λαυσινο
2532 4656 2649 4729 μεθ’
2694 4651 2768 4710 ὧν
2810 4656 2871 4710 οὐ
2919 4659 3022 4729 γῆν
3063 4655 3397 4725 ἐπαγγελίας
3435 4657 3754 4727 οἰκήσομεν,
3791 4653 3847 4715 ὡς

2290 4751 2512 4813 ἐκεῖνοι,
2550 4748 2665 4803 ἀλλ’
2695 4751 2753 4801 ἐν
2783 4750 2851 4820 τῇ
2888 4747 2998 4801 τῶν
3040 4748 3287 4819 οὐρανῶν
3326 4748 3572 4818 ἐσόμεθα
3613 4747 3847 4819 βασιλείᾳ·

2288 4842 2485 4897 ὁπόσον
2512 4841 2568 4895 δὲ
2598 4840 2803 4895 τούτων
2834 4840 2971 4911 πρὸς
3000 4841 3177 4894 ἐκεῖνο
3224 4839 3285 4894 τὸ
3323 4839 3611 4912 διάφορον,
3659 4840 3747 4894 καὶ
3785 4839 3847 4890 ὁτι

2290 4933 2515 4988 ἐκείνων
2544 4932 2641 5004 μὲν
2666 4932 2754 4986 ἐπ’
2787 4932 2967 5001 ὀλίγον
2995 4931 3214 5002 ἐγένετο
3249 4930 3309 4985 τὸ
3329 4931 3548 5002 κέρδος,
3582 4931 3778 4985 τούτων
3806 4928 3849 4980 δὲ

609 5021 771 5076 etiam
806 5031 1095 5092 peccantes
1135 5026 1192 5080 in
1230 5042 1413 5083 eremo
1447 5026 1720 5085 lsraelitas
1741 5046 1915 5100 poena
1952 5033 2191 5102 subjecit

2294 5025 2566 5098 μεγίστων
2609 5042 2669 5080 τε
2711 5024 2881 5080 ὄντων
2909 5024 3003 5079 καὶ
3033 5023 3245 5079 πολλῶν
3273 5023 3529 5096 διηνεκὴς
3576 5026 3613 5096 ἡ
3647 5023 3849 5093 ὠφέλεια

608 5110 776 5179 Deus,
811 5123 870 5169 ut
905 5113 991 5170 his
1024 5117 1191 5171 veluti
1228 5118 1641 5189 exemplaribus
1679 5131 2031 5193 peccatorum
2073 5124 2188 5180 for-

2294 5117 2677 5183 τοῖςολαϐοὖσιν
2706 5116 3024 5190 προσέσται,
3055 5117 3115 5183 ἐξ
3143 5117 3321 5171 αὐτῶν
3358 5117 3535 5171 ἆπασι
3565 5118 3724 5191 δῆλον
3751 5114 3850 5170 καθ·

608 5204 869 5261 midinem
898 5206 1058 5264 nobis
1079 5208 1373 5277 incuteret,
1407 5226 1640 5282 quorum
1671 5228 1839 5271 causa
1869 5216 1924 5271 in
1952 5215 2187 5273 deterio-

2294 5213 2487 5282 έστηκε
2535 5211 2645 5265 τῶν
2677 5210 3042 5281 πραγμάτων
3075 5208 3218 5264 οὕτω
3253 5208 3348 5262 καὶ
3376 5209 3507 5272 τοὺς
3549 5209 3850 5268 ἐπταικότες

606 5309 721 5349 rem
753 5296 994 5353 solemus
1030 5298 1399 5355 conditionem
1432 5301 1696 5359 incidere.

2294 5304 2397 5358 τῶν
2443 5302 2794 5375 Ἰσραηλιτῶν
2824 5300 3119 5375 τιμωρίαις
3157 5300 3425 5354 ἐπέϐαλεν
3470 5302 3571 5355 ἐπὶ
3615 5302 3714 5372 τῆς
3751 5302 3853 5369 ἐρήο

610 5408 733 5461 μου·
762 5391 838 5458 ὡς
870 5395 938 5448 ἂν
966 5394 1023 5449 ἔν
1047 5412 1160 5451 τισι
1187 5396 1380 5461 τύποις
1402 5398 1674 5453 παιδεύων
1706 5401 1856 5472 ἡμᾶς
1891 5400 2187 5457 δεδοικέναι
2222 5400 2324 5475 τὴν
2344 5401 2641 5474 ἁμαρτίαν,
2665 5398 2742 5463 ὡς
2767 5398 2961 5470 ἱκανήν
2985 5414 3045 5451 τε
3102 5391 3268 5451 οὖσαν
3302 5397 3416 5460 τοῖς
3439 5396 3693 5467 χείροσιν
3734 5394 3852 5465 ἡμᾶς

605 5484 941 5554 περιϐαλεῖν.

682 5575 933 5645 1521ᾱ
973 5578 1122 5649 quod
1165 5578 1360 5639 beatus
1409 5582 1571 5640 docet
1621 5582 1828 5640 Paulus
1883 5583 2012 5642 dum
2066 5587 2179 5643 ait:

2356 5578 2530 5635 Τοῦτο
2552 5576 2610 5630 δὲ
2637 5576 2666 5630 ὀ
2693 5573 2961 5648 μακάριος
2984 5571 3135 5645 δηλοῖ
3158 5570 3369 5635 Παῦλος
3387 5568 3603 5638 λέγων’
3648 5586 3668 5619 ι
3697 5563 3855 5620 Ταῦτα

614 5680 634 5717 ι
664 5663 791 5721 “ree
833 5668 1016 5724 omnia
1078 5671 1186 5729 illis
1224 5672 1281 5728 in
1321 5673 1561 5745 imagine
1595 5676 2018 5749 contingebant;
2051 5679 2185 5735 scri-

2294 5675 2345 5730 δὲ
2371 5672 2547 5727 πάντα
2574 5668 2735 5725 τύποι
2760 5666 3074 5723 συνέϐαινον
3097 5664 3348 5727 ἐκείνοις·
3389 5661 3620 5733 ἐγράφη
3659 5660 3716 5715 δὲ
3746 5654 3855 5728 πρὸς

611 5765 703 5826 pta
751 5765 928 5814 autem
970 5768 1101 5839 sunt
1139 5761 1208 5819 ad
1250 5764 1612 5824 eruditionem
1657 5776 1925 5835 nostram,
1967 5769 2021 5825 in
2044 5782 2183 5837 quos

2294 5763 2568 5822 νουθεσίαν
2599 5761 2779 5834 ἡμῶν,
2812 5760 2897 5826 εἰς
2919 5757 3013 5822 οὓς
3038 5756 3110 5813 τά
3132 5755 3264 5829 τέλη
3284 5755 3395 5811 τῶν
3428 5752 3655 5810 αἰώνων
3683 5749 3857 5818 κατήν-
