3954 6514
200 409 289 465 591
1372 401 1922 460 COMMENTARIUS
1958 400 2024 456 IN
2060 402 2306 459 JONAM.

3342 416 3445 473 32‘!

198 540 374 597 τησεν.
408 543 426 574 ι
475 522 629 578 Οὕτω
671 523 758 579 διὰ
794 523 893 595 τῆς
921 522 1151 595 νομικῆς
1181 522 1505 589 διατάξεως,
1536 524 1656 585 ταῖς
1696 537 1755 573 τε

1862 521 2075 576 termini
2107 522 2430 577 smeulorum
2457 522 2793 581 devenerunt
2812 526 2883 580 ".
2913 546 2930 579 ι
2957 527 3133 598 Atque
3162 527 3235 583 ita
3262 527 3445 599 legali-

202 615 403 678 θυσίαις
430 615 525 667 καὶ
549 614 625 685 τῷ
651 615 845 685 αἵματι
870 613 977 668 τῶν
998 614 1207 682 ἀλόγων
1231 612 1386 677 ζώων
1410 612 1599 679 ἔταξεν
1620 611 1763 680 ὠφε-

198 706 396 760 λεῖσθαι
417 706 543 769 τοὺς
570 705 906 776 χρωμένουςο
936 705 1011 775 (p.
1046 705 1171 775 251)
1198 704 1264 757 ἵν’
1298 705 1362 758 ὲκ
1408 702 1763 775 παραθέσεως

198 800 320 870 ἡμῖν
360 797 422 850 τὸ
466 796 742 850 πιστεύειν
790 796 1053 867 μειζόνως
1098 798 1309 866 προσῇ,
1357 796 1438 848 ὅτι
1491 796 1762 865 μεγίστων

198 890 409 960 ἀγαθῶν
438 891 495 942 ὲν
526 887 604 959 τῷ
638 888 832 959 αῖματι
857 886 1159 958 τευξόμεθα
1197 887 1292 940 τοῦ
1325 886 1596 939 Δεσπότου
1630 886 1764 956 Χρι-

200 982 339 1035 στοῦ·
369 980 489 1034 ὃθεν
525 980 555 1032 6
602 979 872 1050 μακάριος
916 980 1064 1049 λέγει
1120 979 1330 1043 Παῦλος
1354 997 1367 1010 ⁸
1408 996 1426 1030 ι
1474 979 1535 1031 El
1565 976 1671 1048 γὰρ
1703 977 1762 1031 τὸ

198 1066 329 1141 αἷμα
366 1070 581 1142 ταύρων
609 1073 703 1124 καὶ
734 1072 952 1141 τράγων
991 1069 1085 1122 καὶ
1112 1068 1305 1130 σποδὸς
1333 1066 1614 1137 δαμάλεως
1638 1068 1764 1137 ραν-

197 1162 414 1229 τίζουσα
441 1164 567 1225 τοὺς
614 1162 1043 1232 κεκοινωμένους
1085 1159 1301 1229 ἁγιάζει
1350 1160 1483 1231 πρὸς
1523 1160 1620 1231 τὴν
1664 1159 1762 1230 τῆς

198 1256 394 1326 σαρκὸς
422 1256 786 1327 καθαρότητα.
815 1255 963 1323 πόσῳ
992 1252 1190 1322 μᾶλλον
1224 1251 1282 1305 τὸ
1320 1248 1458 1321 αἷμα
1486 1251 1579 1304 τοῦ
1630 1250 1762 1322 Χρι-

200 1347 341 1410 στοῦ,
374 1348 431 1411 ὃς
458 1348 545 1401 διὰ
572 1348 873 1417 πνεύματος
899 1343 1115 1398 αἰωνίου
1132 1343 1359 1414 ἄμωμον
1382 1343 1570 1397 ἑαυτὸν
1592 1359 1761 1413 προσ-

195 1442 389 1512 ήνεγκε
430 1438 509 1511 τῷ
548 1438 688 1509 Θεῷ,
723 1438 982 1510 καθαριεῖ
1011 1438 1109 1509 τὴν
1140 1438 1440 1508 συνείδησιν
1475 1437 1630 1507 ήμῶν
1656 1434 1763 1488 ἀπὸ

193 1529 398 1600 νεκρῶν
432 1530 637 1600 ἓργων;
658 1527 784 1581 »Ἐκ
812 1529 918 1599 γὰρ
956 1529 1055 1598 τῆς
1087 1528 1181 1581 τοῦ
1216 1528 1484 1581 Δεσπότου
1526 1522 1760 1597 Χριστοῦ

192 1620 449 1690 διαφορᾶς
486 1620 622 1691 πρὸς
654 1620 721 1672 τὰ
758 1619 926 1688 άλογα
958 1618 1091 1686 ζῶα,
1127 1619 1438 1691 ἀρκούντως
1463 1620 1610 1691 ἡμᾶς
1643 1620 1764 1671 ὲπιυ

194 1710 464 1775 στὼσατο,
515 1713 596 1764 ὄτι
647 1711 825 1781 πολλῷ
880 1711 1039 1765 πλέον
1084 1713 1230 1783 ἡμᾶς
1256 1711 1467 1775 τούτοις
1518 1709 1762 1781 προσῆκε

1860 609 1966 666 bus
1988 611 2258 667 institutis
2282 613 2513 678 curavit,
2544 622 2603 669 ut
2629 615 2705 669 illi
2735 631 2858 671 cum
2886 616 3090 685 fructu,
3124 618 3363 676 victimis
3389 629 3444 676 et

1862 701 2150 757 brutorum
2175 703 2529 759 animantium
2548 708 2813 777 sanguine
2838 717 3155 769 uterentur:
3182 720 3345 782 atque
3378 724 3435 766 ut

1860 805 1927 846 eo
1955 793 2204 863 exemplo
2232 793 2365 849 fldes
2400 804 2587 850 nostra
2622 797 2996 863 roboraretur,
3032 800 3145 857 fore
3173 802 3430 857 nimirum

1861 892 1920 937 ut
1972 882 2117 937 bona
2168 884 2402 938 maxima
2455 900 2552 956 per
2592 886 2797 942 Christi
2841 888 3052 944 Domini
3111 894 3435 964 sanguinem

1860 987 2346 1047 consequeremur.
2374 976 2553 1043 Quare
2575 979 2768 1035 beatus
2798 980 2873 1036 ait
2897 980 3131 1039 Paulus:
3171 1002 3189 1036 ι
3217 984 3272 1039 Si
3294 986 3439 1042 enim

1861 1065 2087 1135 sanguis
2120 1075 2400 1121 taurorum
2430 1076 2483 1121 et
2524 1068 2821 1136 hircorum,
2857 1078 2911 1124 et
2949 1072 3091 1126 cinis
3127 1072 3309 1129 vitula:
3346 1090 3439 1129 as-

1862 1168 2080 1225 persus,
2114 1155 2207 1226 qui
2241 1169 2307 1211 eo
2344 1164 2573 1210 utuntur
2602 1157 2906 1213 sanctificat
2935 1159 3000 1213 ad
3036 1162 3217 1216 carnis
3249 1176 3442 1218 emun-

1865 1246 2177 1304 dationem:
2213 1254 2418 1316 quanto
2463 1247 2635 1317 magis
2670 1250 2891 1319 sanguis
2936 1248 3180 1316 Christi,
3218 1253 3308 1322 qui
3344 1268 3442 1324 per

1864 1345 2125 1392 aeternum
2178 1339 2427 1408 spiritum
2468 1336 2579 1391 Deo
2627 1354 2686 1394 se
2738 1340 2935 1394 obtulit
2990 1341 3435 1407 immaculatum,

1862 1429 2249 1484 conscientiam
2289 1439 2531 1485 nostram
2572 1444 2603 1484 a
2643 1431 2872 1486 mortuis
2910 1433 3170 1501 cperibus
3208 1448 3442 1503 perpur-

1861 1516 2109 1591 gabit"?
2140 1539 2158 1572 ι
2204 1520 2337 1574 Nam
2380 1520 2523 1577 Deus
2565 1538 2658 1592 per
2693 1521 2899 1578 Christi
2939 1523 3153 1579 Domini
3194 1541 3223 1579 a
3266 1526 3440 1581 brutis

1863 1612 2232 1668 animantibus
2270 1612 2631 1670 differentiam
2667 1615 2802 1671 satis
2832 1630 2931 1671 nos
2973 1615 3104 1670 facit
3144 1618 3437 1681 certiores,

1865 1704 2037 1757 multo
2071 1718 2173 1759 nos
2209 1705 2379 1775 magis
2408 1707 2564 1761 novis
2592 1706 2679 1761 his
2715 1707 2913 1762 debere
2942 1708 3236 1771 coufldere,
3272 1724 3435 1779 quam

192 1799 465 1853 πιστεύειν
494 1800 525 1870 ἦ
550 1801 634 1853 ἐπ’
664 1802 890 1865 ἐκείνοις
924 1800 1207 1853 ἐπίστευον
1241 1801 1287 1853 oi
1314 1799 1433 1853 τότε
1457 1817 1469 1830 ·
1506 1797 1759 1852 καὶκατὰ

1865 1791 1943 1848 illi
1990 1793 2265 1849 veteribus
2322 1794 2686 1850 confidebant.
2734 1794 2852 1849 Jam
2903 1810 3027 1849 cum
3076 1794 3335 1851 Israelita
3382 1795 3437 1849 in

191 1891 282 1962 τὴν
317 1866 525 1963 ἔρημον
561 1892 617 1945 δὲ
660 1890 765 1945 τῶν
828 1891 1178 1963 Ἰσραηλιτῶν
1214 1890 1281 1945 δι’
1327 1890 1609 1944 ἀπείθειαν
1639 1892 1756 1954 ταῖς

1862 1900 2043 1941 eremo
2100 1892 2322 1957 propter
2376 1899 2529 1942 suam
2591 1886 3022 1942 incredulitatem
3077 1887 3432 1941 colubrorum

192 1982 293 2035 τῶν
330 1982 507 2052 ὄφεων
546 1983 929 2054 ἀπολλυμένων
961 1984 1216 2055 πληγαῖς,
1246 1982 1529 2037 ἐκέλευσεν
1560 1983 1588 2034 6
1625 1980 1758 2044 Θεὸς

190 2072 262 2142 τῷ
296 2072 552 2143 μακαρίῳ
582 2074 749 2142 Μωσῇ
786 2072 1020 2142 χαλκοῦν
1049 2072 1463 2143 ἀπεργάσασθαι
1501 2071 1645 2139 ὅφιν,
1680 2069 1754 2133 ὼς

190 2161 252 2217 ἀν
278 2163 371 2216 ἐπ’
408 2163 570 2217 αὐτὸν
598 2163 998 2228 ἀποϐλέποντες
1030 2168 1085 2222 οἱ
1116 2163 1470 2234 πληττόμενοι
1494 2162 1594 2231 τῆς
1633 2160 1758 2232 βλά-

189 2252 286 2325 ϐης
324 2253 437 2307 τῶν
471 2255 816 2325 πληττόντων
853 2255 1039 2326 ῥᾳδίαν
1072 2255 1307 2325 δέχοιντο
1335 2253 1433 2325 τὴν
1465 2250 1637 2306 λύσιν·
1668 2252 1760 2307 δυ-

188 2343 421 2413 ναμένου
457 2345 553 2414 μὲν
590 2343 685 2396 τοῦ
715 2343 849 2396 Θεοῦ
883 2344 976 2397 καὶ
1004 2342 1095 2396 τοῦ
1125 2341 1454 2413 πλήττεσθαι
1482 2340 1757 2406 παντελῶς

186 2436 287 2501 ἔξω
321 2436 569 2506 ποιῆσαι,
598 2437 630 2508 ἢ
668 2437 860 2508 ἑτέραν
889 2435 1019 2505 γοῦν
1046 2452 1169 2488 τινα
1200 2434 1461 2507 εὑρέσθαι
1487 2435 1589 2505 τῆς
1617 2435 1758 2504 πλη-

185 2529 283 2599 γῆς
325 2528 594 2599 ίατρείαν·
633 2528 981 2599 βουληθέντος
1020 2528 1078 2581 δὲ
1122 2529 1180 2580 έν
1208 2527 1623 2599 ἀπεικονίσματι
1652 2527 1759 2581 τῶν

184 2620 531 2691 πληττόντων
560 2620 657 2690 τῆς
690 2618 891 2689 βλάϐης
929 2617 1178 2687 δέχεσθαι
1213 2618 1410 2682 αὐτοὺς
1442 2617 1540 2689 τὴν
1582 2616 1757 2671 λύσιν⁶

184 2713 266 2765 ἵνα
296 2712 376 2783 μὴ
411 2712 616 2780 σφόδρα
665 2708 1034 2781 θαυμάζωμεν
1075 2710 1123 2761 εί
1156 2709 1234 2780 τῷ
1272 2710 1487 2781 θανάτῳ
1520 2709 1613 2763 τοῦ
1664 2714 1761 2763 Δε-

193 2805 395 2857 σπότου
445 2805 487 2855 Χ
499 2801 681 2873 ριστοῦ
712 2801 853 2854 λύων
890 2802 978 2853 τὸν
1010 2799 1236 2853 θάνατον
1268 2802 1296 2854 6
1329 2800 1492 2867 Θεὸς,
1525 2802 1603 2871 (p.
1632 2800 1757 2869 2'52)

182 2895 453 2949 ἀθάνατον
488 2896 617 2963 ἡμῖν
660 2893 748 2946 διὰ
782 2892 881 2961 τῆς
929 2892 1278 2955 ἀναστάσεως
1324 2891 1621 2964 παρέχεται
1660 2890 1760 2963 τὴν

182 2982 353 3055 ζωήν·
382 2985 502 3037 ὅθεν
533 2984 625 3037 καὶ
667 2985 695 3036 6
727 2982 927 3053 Κύριός
962 2998 1114 3052 φησι·
1150 3001 1169 3034 ι
1212 2982 1318 3036 Καὶ
1350 2982 1529 3046 καθὼς
1555 2983 1761 3052 Μωσῆς

182 3073 369 3145 ὖψωσε
394 3077 486 3129 τὸν
515 3076 639 3146 ὅφιν
680 3077 737 3128 ὲν
767 3077 831 3146 τῇ
869 3074 1082 3145 ἐρήμῳ,
1148 3073 1318 3139 οὕτως
1360 3076 1639 3147 ὑψωθῆναι
1684 3076 1763 3128 δεῖ

179 3165 270 3220 τὸν
293 3168 426 3220 Υίδν
452 3167 544 3219 τοῦ
570 3164 880 3237 ἀνθρώπου,
912 3165 997 3217 ἵνα
1020 3167 1169 3229 πᾶςό
1192 3166 1461 3220 πιστεύων
1492 3167 1578 3219 ἐπ’
1598 3166 1758 3220 αὐτὸν

185 3258 258 3329 μὴ
281 3258 573 3328 ἀπόληται,
624 3258 737 3313 ἀλλ’
775 3258 873 3331 ἔχῃ
909 3259 1053 3329 ζωὴν
1094 3258 1327 3312 αίώνιον·
1372 3277 1390 3309 ι
1428 3257 1640 3322 δεικνὺς
1677 3259 1758 3311 ὅτι

180 3350 355 3420 ὅνπερ
401 3349 599 3420 τρόπον
632 3348 751 3401 τότε
781 3348 889 3401 τῶν
925 3350 1265 3420 πληττόντων
1296 3349 1355 3401 τὸ
1405 3349 1629 3418 μίμημα
1662 3347 1762 3419 τὴν

181 3436 288 3491 ἀπὺ
330 3438 434 3507 τῆς
480 3437 691 3508 πληγῆς
724 3438 839 3490 ίᾶτο
874 3436 1099 3510 βλάϐην,
1143 3438 1233 3492 τὸν
1263 3438 1425 3491 αὐτὸν
1465 3437 1528 3509 δὴ
1562 3437 1764 3508 τρόπον

181 3528 275 3582 καὶ
310 3527 409 3583 νῦν
432 3530 461 3581 6
489 3529 694 3593 πάντας
730 3528 1058 3601 ἀνθρώπους
1089 3528 1482 3599 ἔπινεμόμενος
1507 3529 1757 3594 θάνατος,

180 3623 273 3676 ἐπὶ
306 3620 402 3674 τοῦ
435 3620 704 3674 Δεσπότου
732 3620 967 3690 Χριστοῦ
994 3621 1254 3689 γεγονὼς,
1281 3622 1380 3673 οὐκ
1406 3619 1553 3691 αὐτῷ
1578 3620 1761 3691 μόνον,

180 3712 321 3767 ἀλλὰ
350 3712 459 3785 γὰρ
485 3712 581 3766 καὶ⁵
610 3713 775 3766 πᾶσιν
800 3711 1111 3783 ἀνθρώποις
1144 3712 1236 3766 τοῦ
1267 3713 1497 3767 θανάτου
1536 3712 1764 3784 παρέξει

178 3802 278 3875 τὴν
301 3801 482 3857 λύσιν.

250 3894 413 3946 υῦτω
437 3892 493 3945 δὲ
526 3891 621 3946 καὶ
651 3892 721 3947 τὰ
747 3892 886 3946 κατὰ
915 3894 1006 3947 τὸν
1033 3894 1302 3965 μακάριον
1324 3894 1547 3965 γέγονεν
1578 3896 1764 3951 Ἰωνᾶν

175 3984 273 4038 τὸν
297 3985 611 4057 προφήτην,
642 3983 726 4048 ὃν,
760 3984 1028 4038 Ἰουδαίων
1040 3986 1408 4040 ἀπειθούντων
1431 3989 1524 4041 καὶ
1546 3989 1767 4060 προσίε-

180 4076 309 4130 σθαι
344 4076 444 4139 τάς
500 4077 832 4148 προφητείας
884 4078 984 4130 οὐκ
1034 4077 1350 4143 ἐθελόντων,
1396 4080 1489 4133 ἐπὶ
1533 4081 1602 4133 τά
1638 4080 1764 4151 ἔθνη

182 4165 468 4233 μετελθεῖν
502 4166 916 4238 παρεσκεύασεν
955 4166 984 4218 6
1010 4166 1142 4232 Θεός
1169 4185 1183 4199 ο
1228 4164 1345 4222 εἶτα
1373 4167 1461 4223 διὰ
1506 4169 1674 4241 τριῶν
1706 4187 1764 4223 τε

179 4260 210 4325 ἦ
218 4275 289 4328 με
297 4258 411 4329 ρῶν
432 4259 526 4311 καὶ
548 4257 758 4312 νυκτῶν
780 4259 1096 4330 παραδόξως
1118 4260 1211 4313 ἐπὶ
1236 4261 1330 4314 τοῦ
1365 4262 1568 4333 κήτους
1604 4262 1765 4317 αὐτὸν

175 4348 481 4415 διασώσας,
516 4349 693 4421 ήγαγέ
712 4367 772 4403 τε
797 4352 878 4414 είς
904 4350 1002 4421 τὴν
1030 4349 1182 4404 πόλιν
1207 4352 1305 4422 τὴν
1347 4352 1555 4425 μυρίων
1582 4353 1763 4427 πλήρη

175 4438 406 4493 κακῶνο
432 4439 529 4493 καὶ
567 4438 945 4511 παρεσκεύασε
976 4438 1287 4510 κηρύξαντα
1309 4442 1410 4513 τήν
1455 4442 1763 4513 μετάνοιαν,

1856 1979 2133 2034 morsibus
2168 1979 2484 2045 interirent,
2520 1980 2794 2034 mandavit
2834 1978 2977 2035 Deus
3011 1979 3169 2034 beato
3217 1978 3386 2050 Moysi
3421 2019 3436 2040 ,

1858 2082 1917 2124 ιιι
1947 2084 2154 2124 aeneum
2188 2069 2446 2125 conﬂaret
2478 2070 2797 2137 colubrum;
2831 2084 2988 2141 quem
3028 2070 3123 2140 qui
3158 2070 3427 2124 vulnerati

1859 2159 2215 2227 respicerent,
2248 2159 2431 2213 damni
2459 2160 2540 2213 sui
2569 2159 2892 2213 medicinam
2922 2157 3137 2214 facilem
3161 2160 3434 2229 recepturi

1856 2261 2031 2307 crant.
2068 2252 2232 2321 Atqui
2277 2266 2401 2306 cum
2436 2252 2550 2306 Deo
2584 2251 2774 2307 liceret
2804 2251 2889 2307 vel
2920 2250 3197 2307 lsraelitas
3228 2258 3259 2304 a
3294 2266 3440 2305 mor-

1858 2343 2010 2399 sibus
2034 2344 2257 2397 omnino
2283 2342 2596 2409 defendere,
2625 2343 2708 2398 vel
2729 2342 2891 2397 aliam
2913 2342 3214 2413 quamlibet
3239 2357 3441 2412 suppe-

1858 2435 2033 2491 ditare
2091 2434 2235 2491 ictus
2285 2435 2586 2502 medelam;
2640 2434 2998 2490 nihilominus
3042 2449 3140 2490 eos
3191 2434 3362 2489 voluit
3406 2449 3437 2488 a

1858 2526 2222 2580 mordentium
2242 2527 2478 2597 imagine
2500 2525 2799 2581 remedium
2824 2525 3064 2581 referre:
3088 2540 3198 2595 quo
3218 2524 3440 2580 minime

1858 2617 2211 2681 miraremur,
2244 2618 2288 2673 si
2332 2626 2503 2671 morte
2535 2616 2740 2672 Christi
2776 2616 2988 2671 Domini
3022 2615 3167 2671 Deus
3202 2623 3436 2670 mortem

1858 2708 2166 2773 destruens,
2198 2708 2559 2764 immortalem
2601 2708 2762 2763 nobis
2793 2722 2888 2778 per
2918 2720 3211 2777 corporum
3246 2722 3438 2762 resur-

1858 2801 2160 2856 rectionem
2238 2810 2585 2871 compararet
2630 2803 2819 2855 vitam.
2850 2800 3033 2866 Quare
3078 2810 3131 2855 et
3174 2799 3438 2856 Dominus

1860 2890 1974 2944 ait:
2022 2906 2041 2943 ι
2071 2889 2244 2945 Sicuti
2290 2889 2504 2962 Moyses
2533 2891 2794 2945 exaltavit
2820 2898 3128 2962 serpentem
3159 2890 3215 2944 in
3246 2890 3440 2946 solitu-

1860 2982 2009 3047 dine,
2041 2984 2112 3038 ita
2139 2983 2365 3039 exaltari
2398 2990 2612 3053 oportet
2640 2981 2835 3038 Filium
2871 2983 3129 3049 hominis,
3169 2990 3230 3037 ut
3254 2982 3439 3039 omnis

1856 3076 1952 3145 qui
1986 3075 2160 3131 credit
2187 3074 2239 3130 in
2281 3075 2433 3129 illum
2480 3091 2587 3130 non
2636 3083 2840 3145 pereat,
2885 3076 2979 3131 sed
3026 3076 3223 3131 habeat
3268 3075 3435 3130 vitam

1862 3160 2194 3221 aeternam".
2227 3185 2245 3218 ι
2282 3166 2492 3232 Quibus
2525 3167 2706 3221 verbis
2734 3167 2913 3233 docet,
2946 3168 3090 3223 sicut
3120 3168 3251 3222 olim
3283 3181 3437 3222 mor-

1864 3256 2107 3311 dentium
2156 3256 2335 3326 imago
2358 3256 2617 3311 damnum
2648 3256 2891 3312 vulneris
2939 3256 3303 3327 persanabat,
3358 3256 3438 3312 sic

1864 3362 2009 3401 nunc
2042 3354 2292 3411 mortem,
2326 3361 2447 3417 quas
2479 3362 2669 3402 omnes
2702 3348 2951 3403 homines
2988 3347 3143 3418 153
3175 3346 3440 3417 depasce-

1864 3438 2043 3504 batur,
2078 3447 2364 3509 postquam
2399 3453 2460 3494 ea
2507 3436 2731 3495 Christo
2780 3436 3011 3494 Domino
3062 3438 3281 3502 accidit,
3329 3453 3438 3494 non

1864 3528 1994 3584 huic
2016 3529 2210 3595 solum,
2240 3529 2334 3585 sed
2352 3529 2566 3584 cunctis
2587 3528 2902 3585 hominibus
2925 3528 3117 3585 mortis
3139 3529 3437 3585 remedium

1865 3635 1987 3678 esse
2021 3621 2329 3675 allaturam.

1898 3902 2031 3958 ’Sic
2063 3903 2225 3959 etiam
2259 3901 2487 3972 contigit
2523 3900 2683 3956 beato
2728 3902 3007 3973 propheta:
3047 3900 3220 3969 Jonze,
3276 3919 3437 3973 quem

1865 3989 2069 4047 Iudaeis
2093 3989 2413 4054 incredulis,
2440 4004 2618 4059 neque
2640 3988 2759 4058 ejus
2781 3991 2999 4044 oracula
3028 3990 3435 4059 recipientibus,

1867 4082 1933 4137 ad
1949 4092 2134 4154 gentes
2154 4080 2456 4151 transgredi
2472 4079 2639 4150 jussit
2654 4080 2793 4136 Deus
2808 4098 2824 4149 ;
2841 4080 3035 4136 deinde
3053 4081 3228 4137 tribus
3244 4074 3437 4137 diebus

1866 4174 2204 4245 totidemque
2243 4172 2501 4227 noctibus
2539 4172 2861 4227 mirabiliter
2905 4172 3047 4226 intra
3083 4179 3262 4228 cetum
3301 4187 3436 4229 con-

1867 4267 2103 4324 servavit
2137 4265 2464 4320 incolumem
2487 4301 2504 4328 ,
2548 4263 2909 4333 perduxitque
2950 4263 3005 4318 in
3042 4263 3229 4319 urbem
3274 4264 3435 4319 innu~

1867 4358 2034 4411 meris
2073 4353 2371 4411 sceleribus
2416 4350 2809 4407 redundantem
2847 4373 2859 4406 :
2900 4366 3093 4421 nempe
3133 4358 3192 4406 ut
3241 4351 3291 4407 is
3318 4366 3434 4423 pm-

1868 4448 2151 4503 nitentiam
2209 4442 2542 4515 praedicans,
2618 4441 2940 4498 conciliator
2993 4442 3186 4499 salutis
3241 4443 3435 4499 incolis

175 4528 464 4600 σωτηρίας
510 4528 679 4584 ἅπασι
712 4531 824 4594 τοῖς
858 4528 1044 4583 αύτόθι
1077 4529 1336 4602 πρόξενον
1372 4532 1627 4601 γενέσθαι
1657 4548 1672 4564 ο
1696 4533 1761 4587 ἵν’

1873 4537 2063 4605 fieret;
2097 4552 2198 4592 nos
2231 4543 2413 4592 autem
2449 4535 2553 4591 hoc
2586 4534 2834 4605 exemplo
2866 4533 3065 4589 eruditi
3092 4533 3317 4589 minime
3344 4548 3438 4591 ne-

174 4622 243 4675 ὲκ
274 4620 643 4691 παραθέσεως
676 4621 751 4692 μὴ
785 4622 1145 4693 ἀπιστοίημεν
1165 4661 1180 4686 ,
1211 4624 1260 4676 εί
1293 4623 1388 4676 καὶ
1426 4625 1455 4678 6
1485 4624 1761 4697 Δεσπότης

1869 4641 2147 4700 garemus,
2178 4623 2460 4680 Christum
2479 4623 2777 4680 Dominum
2806 4623 2925 4693 pari
2954 4622 3223 4692 temporis
3256 4625 3434 4693 spatio

171 4712 423 4786 Χριστὸς
448 4711 539 4767 διὰ
570 4714 677 4768 τῶν
702 4713 831 4767 ἴσων
859 4714 1066 4786 καιρῶν
1094 4714 1420 4787 ἀδιάφθορος
1445 4716 1759 4787 φυλαχθεὶς,

172 4805 276 4859 καὶ
341 4806 408 4858 ὲκ
460 4804 671 4875 νεκρῶν
704 4804 971 4869 ἀναστάς,
1005 4805 1064 4859 ὲν
1118 4805 1370 4877 ἀθανάτῳ
1416 4806 1528 4877 ζωῇ
1576 4807 1762 4876 κοινὴν

172 4898 359 4951 ἅπασι
390 4898 502 4959 τοῖς
549 4896 747 4961 ἔθνεσι,
784 4896 877 4950 καὶ
904 4894 1079 4953 ταῦτά
1123 4912 1187 4966 γε
1229 4897 1597 4950 ἀπειθούντων
1633 4898 1766 4949 Ἰου-

170 4986 372 5053 δαίων,
390 4984 490 5056 τὴν
507 4987 571 5039 ὲκ
583 4984 683 5054 τῆς
704 4984 991 5056 μετανοίας
1008 4986 1308 5057 παρέχεται
1327 5000 1471 5055 σωτη
1480 4986 1621 5057 ρίαν⁹
1638 4985 1762 5039 ὅθεν

168 5079 271 5132 καὶ
294 5079 329 5130 6
348 5076 555 5148 Κύριος
589 5076 719 5131 ποτὲ
746 5077 844 5148 μέν
871 5094 1037 5148 φησιν
1062 5091 1077 5107 ⁸
1107 5094 1125 5128 ι
1156 5077 1369 5148 Ὠσπερ
1387 5078 1496 5148 γάρ
1521 5080 1551 5131 6
1579 5079 1763 5141 Ἰωνᾶς

168 5172 231 5225 ὲν
263 5172 340 5242 τῇ
374 5170 555 5242 κοιλίᾳ
587 5169 681 5223 τοῦ
712 5170 913 5238 κήτους
957 5170 1108 5241 τρεῖς
1140 5169 1355 5241 ἡμέρας
1391 5169 1614 5241 ἐποίησε
1663 5170 1759 5224 καὶ¹

168 5266 332 5335 τρεῖς
345 5261 570 5327 νύκτας,
590 5261 667 5332 (p.
686 5262 813 5333 255)
831 5262 973 5316 οὕτω
993 5261 1074 5315 δεῖ
1086 5260 1179 5315 τὸν
1200 5261 1329 5315 Υίὸν
1345 5260 1439 5314 τοῦ
1470 5260 1758 5332 ἀνθρώπου

142 5358 231 5424 ⁸έν
255 5357 331 5425 τῇ
360 5352 561 5425 καρδία
580 5354 682 5425 τῆς
716 5353 818 5424 γῆς
851 5357 1072 5426 ποιῆσαι
1096 5357 1245 5425 τρεῖς
1265 5352 1478 5425 ἡμέρας
1505 5355 1595 5406 καὶ
1615 5357 1763 5425 τρεῖς

166 5448 383 5510 νύκτας
404 5464 452 5499 ἰ
480 5447 610 5499 ποτὲ
635 5446 691 5499 δέ
716 5460 734 5477 ο
765 5446 1023 5518 «Ἄνδρες
1054 5444 1331 5500 Νινευῗται
1369 5447 1764 5518 ἀναστήσονται

168 5536 271 5591 καὶ
294 5535 687 5607 κατακρινοῦσι
717 5535 812 5608 τὴν
832 5537 1023 5604 γενεὰν
1044 5536 1270 5608 ταύτην,
1301 5538 1385 5591 δτι
1412 5537 1647 5607 ἤκουσαν
1666 5537 1759 5591 τοῦ

168 5628 538 5701 κηρύγματος
591 5628 746 5682 Ἰωνᾶ
782 5642 796 5655 ·
827 5628 921 5682 καὶ
956 5628 1061 5681 ίδοῦ
1122 5628 1303 5683 πλεῖον
1353 5629 1506 5683 Ἰωνᾶ
1554 5623 1655 5685 ὧδε
1678 5645 1695 5663 ·
1734 5648 1754 5683 ι

1868 4723 1987 4777 sine
2013 4718 2367 4788 corruptione
2398 4724 2717 4782 servatum;
2751 4714 2845 4785 qui
2877 4727 3002 4767 mox
3036 4726 3068 4767 e
3102 4714 3334 4768 mortuis
3367 4715 3435 4769 ad

1867 4809 2233 4866 immortalem
2278 4807 2448 4863 vitam
2497 4814 2810 4873 revocatus,
2844 4818 3188 4862 communem
3220 4806 3436 4861 cunctis

1866 4898 2107 4956 ethnicis
2154 4897 2381 4963 (Iudaeis
2414 4898 2634 4954 interim
2668 4898 3104 4955 incredulitatem
3143 4898 3434 4954 retinenti-

1866 4990 1992 5059 bus)
2020 4988 2354 5060 poanitentize
2393 4988 2592 5044 merito
2623 4990 2857 5045 salutem
2882 4990 3156 5045 exhibuit.
3187 4988 3345 5044 Unde
3381 4996 3437 5043 et

1866 5082 2131 5137 Dominus
2164 5079 2461 5151 aliquando
2494 5079 2632 5135 dixit
2663 5099 2679 5136 :
2738 5098 2759 5133 ι
2807 5080 2963 5136 Sicut
3003 5082 3147 5136 enim
3175 5080 3345 5136 Jonas
3380 5080 3435 5134 in

1863 5183 2055 5231 ventre
2081 5174 2184 5229 ceti
2231 5181 2347 5227 tres
2373 5170 2492 5228 dies
2531 5170 2868 5243 totidemque
2911 5180 3106 5229 noctes
3136 5172 3435 5241 transegit:

1826 5335 1832 5341 _
1864 5265 1941 5320 ita
1980 5259 2399 5334 oportetFilium
2430 5260 2672 5316 hominis
2707 5268 2821 5317 tres
2855 5261 2973 5317 dies
3012 5260 3064 5314 in
3089 5260 3252 5316 corde
3281 5271 3438 5315 terra:

1863 5355 2204 5427 totidemque
2246 5360 2437 5409 noctes
2475 5366 2699 5408 manere
2729 5353 2798 5406 ".
2848 5370 2869 5403 ι
2902 5352 3214 5422 Aliquando
3252 5366 3385 5407 vero
3418 5370 3433 5406 :

1870 5466 1893 5501 ι
1924 5447 2041 5502 Viri
2089 5445 2347 5501 Ninivita:
2379 5451 2738 5516 consurgent,
2770 5451 2826 5499 et
2851 5443 3260 5516 generationem
3297 5443 3437 5498 hanc

1864 5541 2346 5605 condemnabunt;
2391 5548 2681 5610 propterea
2720 5536 2868 5609 quod
2896 5536 3000 5608 ipsi
3041 5550 3246 5608 pronas
3274 5550 3439 5614 aures

1865 5633 2183 5706 praedicanti
2228 5630 2381 5687 Jonae
2430 5628 2779 5700 prmbuerunt
2821 5647 2835 5685 :
2900 5642 3032 5686 ecce
3082 5634 3263 5685 autem
3314 5628 3437 5700 plus

252 5824 299 5856 ⁸⁸
335 5824 354 5876 l
386 5824 518 5881 Cor.
578 5840 634 5892 ι,
677 5825 761 5881 ll.
837 5827 883 5859 '°
920 5824 1084 5883 Hebr.
1136 5843 1212 5892 Ix,
1263 5828 1352 5885 15.
1427 5829 1472 5864 τι
1545 5829 1705 5889 Joan.
1769 5835 1944 5905 tu,f4.
2018 5834 2065 5867 "
2099 5831 2419 5901 Matth.xu,
2450 5830 2540 5889 40.
3277 5843 3312 5860 “
