3954 6510
574 359 681 414 323

1731 355 2078 413 ΤΗΙ-300081
2120 357 2150 410 Ν

2253 354 2611 412 'SUESTENI
2683 369 2693 380 -
3703 369 3782 427 εει

574 492 739 543 quam
778 472 949 530 Jonas
994 472 1084 526 hic
1136 480 1239 526 cst.
1282 489 1299 523 ι
1348 468 1519 524 Porro
1552 486 1732 525 rerum
1771 470 2003 525 imitatio
2038 470 2150 525 evi-

2255 469 2415 539 δῆλον
2441 471 2523 521 ὅτι
2546 468 2661 520 ἔστι
2698 467 2799 538 μέν
2818 485 2901 532 τις
2924 468 3156 539 μίμησις
3186 468 3294 521 τῶν
3323 473 3667 543 πραγμάτων,
3684 484 3783 537 πολὺ

572 568 766 623 denter
795 574 1042 632 constat;
1076 580 1389 635 quanquam
1440 565 1608 618 multa
1654 574 1737 620 est
1776 564 2083 634 priscarum
2119 577 2150 617 a

574 661 734 715 novis
757 659 1148 728 discrepantia.
1181 656 1431 712 Profecto
1459 655 1631 711 Judad
1658 666 1975 725 praesentes,
2004 654 2150 710 haud

574 766 734 807 secus
782 765 945 820 quam
981 750 1055 803 illi
1100 758 1333 814 veteres,
1374 749 1427 803 in
1474 749 1857 805 incredulitate
1898 762 2152 817 perseve—

575 851 730 906 rant;
761 839 890 894 dutr.
944 840 1238 895 salutarem
1270 847 1461 909 gentes
1498 838 1768 908 recipiunt
1802 837 2150 907 praedicatio-

572 946 720 985 nem.
768 928 864 985 His
908 929 1192 985 evidenter
1222 930 1289 985 de
1321 929 1505 985 causis
1552 928 1698 984 beati
1728 926 1879 982 Jonze
1919 941 2152 997 persona

570 1021 806 1076 excitata
862 1028 968 1075 est.
1026 1020 1245 1090 Alioqui
1298 1019 1444 1074 enim
1502 1033 1610 1072 non
1669 1027 1778 1071 tam
1836 1016 2153 1071 incredulus

572 1112 687 1168 Deo
730 1115 1067 1186 perstitisset
1110 1112 1398 1184 propheta,
1440 1118 1499 1164 ut
1540 1110 1675 1164 nihil
1714 1124 1903 1165 eorum
1949 1108 2154 1163 faceret

572 1221 696 1275 qua:
722 1205 1043 1274 jubebatur,
1085 1205 1387 1274 praesertim
1435 1218 1602 1273 quum
1637 1200 1702 1255 ad
1749 1207 1828 1255 tot
1868 1199 2149 1253 hominum

573 1302 872 1353 curandam
901 1299 1134 1354 salutem
1167 1298 1494 1351 mitteretur.
1530 1294 1637 1349 Sed
1671 1308 1847 1363 neque
1876 1292 1949 1346 ita
1984 1292 2155 1347 incre-

573 1387 763 1441 dulum
794 1386 1031 1455 experiri
1064 1401 1187 1440 eum
1222 1401 1359 1456 opus
1386 1393 1505 1440 erat
1534 1384 1802 1439 marinam
1832 1383 1977 1437 illam
2005 1383 2154 1437 cala-

573 1476 847 1541 mitatem,
904 1484 1027 1532 ceto
1081 1477 1340 1530 nimirum
1402 1474 1588 1543 objici,
1646 1473 1959 1544 prodigiose
2001 1475 2147 1527 intra

576 1566 722 1622 hunc
746 1568 978 1633 servari,
1013 1567 1187 1621 multo
1218 1582 1346 1621 vero
1369 1566 1739 1637 prodigiosius
1766 1565 1917 1619 illinc
1944 1565 2150 1620 exitum

573 1660 849 1715 nancisci.
886 1658 1101 1729 Quippe
1142 1657 1252 1712 Deo
1282 1658 1482 1713 licebat
1510 1659 1669 1714 aliter
1701 1657 1766 1712 ad
1801 1656 2037 1712 cilicium
2064 1671 2154 1712 co-

571 1770 703 1824 gere
745 1762 1065 1809 renuentem
1110 1754 1571 1823 ittcredulutnque
1606 1752 1969 1822 prophetam:
2006 1751 2152 1805 sicut

2254 561 2311 615 δὲ
2342 562 2402 614 τὸ
2427 562 2683 633 διάφορον
2724 561 2926 615 τούτων
2984 562 3119 632 πρὸς
3174 562 3354 617 ἐκεῖνα
3390 580 3403 594 ο
3437 565 3531 617 καὶ
3559 567 3779 644 ὃτιπαρι.

2260 656 2505 725 πλησίως
2539 656 2639 726 μὲν
2663 648 2810 707 οῦτοι
2844 658 2957 718 τοῖς
3002 655 3122 707 τότε
3167 654 3439 719 Ἰουδαίοις
3486 661 3785 730 ἀπιστοῦντες

2254 748 2495 819 μενοῦσι,
2539 747 2751 812 δέξεται
2780 747 2836 799 δὲ
2861 746 2927 798 τὸ.
2953 745 3078 817 ἔθνη
3127 746 3225 817 τήν
3257 749 3320 799 ἐκ
3363 747 3457 801 τοῦ
3490 750 3786 821 κηρύγματος

2253 840 2556 909 σωτηρίαν.
2604 837 2728 891 Ἐπὶ
2772 837 2836 908 δὴ
2878 838 3085 900 τούτοις
3120 838 3305 906 σαφῶς
3337 840 3363 891 ό
3404 842 3658 910 μακάριος
3689 861 3787 915 προ.

2254 930 2514 1002 ϐέϐληται
2561 930 2745 993 Ἰωνᾶς
2774 946 2787 960 '
2821 929 2941 982 οὐδὲ
2989 928 3099 1000 γὰρ
3152 928 3219 982 ἂν
3253 931 3281 981 ὁ
3331 932 3613 1001 προφήτης
3653 933 3786 999 οὕτως

2252 1021 2464 1093 ἔμεινεν
2488 1021 2717 1092 ἀπειθὴς
2753 1020 2831 1091 τῷ
2860 1020 2998 1092 Θεῷ.
3030 1021 3106 1085 ῶς
3143 1021 3218 1093 μὴ
3266 1022 3483 1077 ἑλέσθαι
3514 1041 3565 1077 τι
3609 1030 3787 1098 ποιῆσαι

2251 1112 2360 1166 τῶν
2387 1112 2692 1183 εἰρημένων
2718 1111 2867 1182 αὐτῷ
2888 1130 2901 1143 ο
2930 1114 3023 1167 καὶ
3050 1113 3223 1167 ταῦτα
3248 1114 3339 1167 ἐπὶ
3364 1116 3603 1186 σωτηρίᾳ
3621 1134 3674 1185 γε
3696 1136 3787 1174 τω-

2251 1201 2423 1256 ούτων
2456 1202 2809 1273 πεμπόμενος
2841 1202 3173 1275 ἀνθρώπων·
3208 1204 3326 1257 ἀλλ’
3353 1204 3474 1258 οὐδὲ
3513 1207 3790 1265 ἀπειθοῦντα

2253 1293 2579 1365 πειραθῆναι
2602 1294 2820 1356 πάντως
2840 1293 2947 1346 τῶν
2970 1294 3112 1347 κατά
3130 1294 3228 1366 τὴν
3246 1295 3518 1348 θάλατταν
3538 1292 3604 1366 ἦν
3620 1299 3786 1373 ἀνάγκη

2252 1386 2457 1441 κακῶν·
2478 1385 2618 1439 ὥστε
2635 1387 2729 1439 καὶ
2746 1383 3081 1456 ἐμϐληθῆναι
3108 1387 3283 1457 κήτει,
3316 1388 3410 1440 καὶ
3436 1389 3521 1439 ἐπ’
3543 1386 3646 1458 (33)
3664 1389 3788 1444 αὐτο]

2252 1477 2571 1548 παραδόξως
2591 1477 2853 1547 σωθῆναι,
2877 1480 2970 1531 καὶ
2996 1478 3426 1549 παραδοξότερον
3456 1479 3535 1531 ἔτι
3568 1478 3659 1550 τήν
3684 1484 3790 1536 ἐκεί-

2252 1570 2344 1625 θεν
2368 1572 2625 1625 ἀνάδυσιν
2656 1572 2970 1642 ὑπομεῖναι·
3003 1572 3302 1643 δυναμένου
3333 1589 3396 1639 γε
3429 1572 3524 1625 τοῦ
3556 1572 3677 1625 Θεοῦ
3702 1576 3789 1627 ἐτέ-

2254 1678 2363 1733 ρως
2397 1660 2660 1715 ὀκνοῦντα
2693 1662 2787 1714 καὶ
2817 1661 3146 1716 ἀπειθοῦντα
3187 1661 3281 1715 τὸν
3316 1663 3602 1732 προφήτην
3636 1664 3714 1717 ἐπὶ
3746 1664 3792 1717 τὸ

2252 1753 2368 1805 δέον
2398 1754 2603 1824 ἐγεῖραι
2640 1770 2653 1783 ·
2691 1753 2881 1825 ῶσπερ
2912 1748 3004 1806 οῦν
3052 1752 3216 1807 αὐτὸν
3253 1752 3344 1806 ἐπί
3372 1769 3433 1805 τε
3473 1751 3566 1804 τοῦ
3591 1753 3789 1817 Μωσέως

572 1821 642 1901 ab
666 1861 732 1902 eo
761 1845 1070 1901 factitatum
1103 1846 1357 1900 novimus
1390 1845 1458 1910 ⁷³,
1482 1821 1611 1913 vquo
1646 1821 1893 1913 tempore
1940 1841 2150 1913 Moyses

2254 1821 2789 1916 ἔγνωμεν-ποιοῦντα
2810 1821 3093 1908 ὀκνοῦντος
3122 1844 3260 1916 πρὸς
3286 1844 3385 1915 τὴν
3413 1844 3700 1915 ὑπουργίαν
3718 1846 3790 1916 τῆς

572 1939 915 2010 apostolatus
940 1937 1309 1993 ministerium
1332 1936 1493 2008 154
1520 1936 1831 1999 devitabat;
1860 1935 2150 2005 itidemque

2253 1938 2557 2009 ἀποστολῆς
2580 1953 2594 1969 ⁸
2631 1937 2725 1990 ἐπί
2763 1953 2820 1990 τε
2865 1937 2956 1991 τοῦ
3006 1938 3270 2009 Ἱερεμίου
3307 1937 3598 2007 φεύγοντος
3633 1936 3793 2007 ὁμοίως

572 2046 700 2085 cum
728 2029 997 2086 Jeremias
1027 2028 1275 2098 ejusdem
1329 2027 1511 2098 operis
1544 2025 1983 2098 magnitudinem
2019 2026 2159 2081 exti-

2253 2029 2510 2083 κάκείνου
2539 2027 2641 2097 τῆς
2684 2027 2985 2099 ὑπουργίας
3015 2027 3076 2081 τὸ
3138 2027 3367 2098 μέγεθος
3390 2044 3405 2057 ·
3437 2029 3515 2096 (p.
3546 2026 3667 2096 254)
3690 2026 3795 2078 ἀλλὰ

574 2124 855 2181 mescebat
901 2123 971 2179 ⁷⁸.
1012 2122 1181 2178 Plane
1231 2122 1398 2189 igitur
1440 2127 1677 2184 constat,
1732 2119 1944 2174 libitum
1989 2118 2150 2174 fuisse

2255 2121 2363 2193 γάρ
2394 2120 2482 2174 διὰ
2508 2121 2849 2191 πραγμάτων
2890 2119 3033 2172 οὕτω
3073 2118 3278 2174 καινῶν
3306 2136 3366 2171 τε
3394 2119 3489 2171 καὶ
3520 2118 3794 2188 παραδόξων

575 2217 688 2274 Deo
744 2225 859 2272 tam
916 2215 1160 2271 insolitis
1211 2221 1434 2285 tamque
1489 2212 1648 2267 miris
1692 2212 1914 2266 casibus
1956 2209 2153 2265 Jonam

573 2323 855 2373 exercere,
905 2321 1019 2377 quo
1054 2316 1238 2376 typum
1287 2318 1411 2359 eum
1460 2302 1741 2358 exhiberet
1792 2301 2149 2371 gerendarum

574 2401 632 2455 in
656 2400 878 2456 Christo
920 2396 1155 2451 Domino
1188 2410 1395 2457 rerum,
1433 2394 1509 2448 ita
1542 2400 1601 2448 ut
1643 2393 1784 2447 hanc
1825 2392 1895 2446 ob
1926 2406 2148 2446 causam

574 2505 670 2561 per
706 2498 818 2545 tam
863 2486 1243 2543 incredibilem
1284 2483 1584 2539 novitatem
1626 2481 1915 2544 deductus,
1950 2479 2149 2548 dignus

574 2581 681 2637 title
717 2580 994 2645 evaderet,
1024 2584 1313 2648 propterea
1344 2574 1491 2646 quod
1526 2574 1666 2629 tanti
1705 2574 1890 2645 operis
1916 2573 2147 2643 figuram

573 2677 629 2731 in
657 2674 953 2743 semetipso
982 2672 1223 2743 gerebat.

639 2762 978 2833 Praecipuam
1012 2762 1198 2830 itaque
1228 2757 1625 2829 prodigiorum,
1659 2771 1782 2828 quae
1806 2755 1966 2813 beato
1998 2754 2149 2811 Jonas

572 2856 915 2919 acciderunt,
962 2868 1187 2908 causam
1221 2852 1363 2905 hanc
1406 2850 1591 2905 dicere
1625 2850 1792 2905 licet:
1841 2848 2145 2919 proximam

570 2949 821 3011 alteram,
846 2961 967 3018 qua:
988 2945 1055 3000 de
1078 2952 1208 3015 typo
1230 2942 1483 2997 siutiliter
1513 2948 1718 2995 manat.
1746 2938 1982 2995 Necesse
2002 2938 2146 2993 enim

570 3046 693 3095 erat
720 3038 863 3094 haud
890 3036 1246 3094 mediocriter
1276 3033 1520 3087 animum
1550 3031 1893 3101 despondere
1915 3030 2147 3100 prophe-

570 3141 682 3194 tas,
713 3128 806 3198 qui
833 3128 1179 3183 continenter
1214 3123 1279 3177 ad
1306 3123 1564 3193 populum
1592 3135 1623 3173 a
1644 3120 1754 3175 Deo
1776 3119 1930 3189 missi
1968 3116 2148 3171 futura

574 3218 864 3284 canebant,
905 3213 1373 3286 imponendasque
1411 3225 1605 3282 pmnas
1638 3208 2050 3275 minitabantur,
2094 3214 2149 3264 et

573 3311 844 3383 quidquid
878 3310 1098 3365 demum
1137 3305 1498 3363 emendandis
1521 3303 1767 3358 moribus
1795 3301 2147 3368 conduceret,

581 3413 775 3468 magna
803 3396 1093 3453 sedulitate
1127 3394 1502 3466 praestabant:
1535 3392 1828 3461 caeteroqui
1862 3391 1993 3445 nihil
2022 3405 2149 3461 pro-

582 3490 854 3556 ficiebant,
898 3488 1181 3544 obtinente
1226 3486 1595 3542 lsraelitarum
1643 3485 1851 3539 malitia
1886 3483 2150 3539 adversus

573 3600 637 3638 ea
669 3582 849 3639 studia
897 3581 1310 3653 prophetarum,
1360 3593 1500 3650 quos
1531 3577 1676 3633 Deus
1727 3578 1943 3632 illorum
1984 3591 2150 3632 causa

574 3675 929 3729 excitaverat.
979 3670 1346 3738 Quamobrem
1398 3669 1454 3723 bi
1515 3667 1712 3723 merito
1760 3666 1871 3737 jam
1904 3666 2148 3721 inutilem

574 3765 963 3823 existimabant
994 3764 1236 3819 laborem
1270 3776 1451 3821 suum.
1496 3775 1560 3815 ac
1593 3759 1659 3813 de
1701 3758 1866 3813 rebus
1896 3756 2151 3811 humanis

576 3872 805 3935 prorsus
836 3856 1223 3927 desperabattt,
1263 3869 1477 3924 nempe,
1521 3852 1648 3921 quia
1692 3848 1897 3905 ethnici
1929 3847 2150 3918 quidem

575 3953 633 4007 in
669 3951 801 4006 vitia
847 3955 1169 4004 constanter
1209 3954 1471 4006 ruerent;
1526 3943 1615 3998 ille
1664 3949 1846 3995 autem
1889 3939 2149 4010 populus,

572 4042 670 4115 qui
700 4040 770 4096 ad
802 4040 1039 4095 divinam
1066 4038 1368 4109 [videbatur
1407 4036 1655 4091 delectus
1698 4034 2011 4099 scientiam,
2043 4031 2149 4085 im-

575 4136 778 4207 pietate
806 4141 862 4189 et
892 4145 1108 4188 morum
1155 4128 1391 4183 colluvie
1435 4124 1582 4181 haud
1626 4124 1860 4180 ethnicis
1908 4122 2148 4177 cederet.

578 4226 803 4281 Mmstos
848 4226 1032 4294 itaque
1082 4221 1225 4276 Deus
1270 4220 1568 4291 pr0phetas
1615 4227 1674 4273 ut
1721 4222 2016 4279 recrearet,
2056 4211 2149 4284 qui

576 4316 825 4372 omnium
864 4315 1051 4387 utique
1074 4312 1357 4367 hominum
1384 4311 1610 4365 multam
1648 4310 1787 4379 gerit
1822 4321 2036 4370 curam,
2066 4319 2154 4375 pe-

577 4406 844 4462 culiarem
876 4412 1060 4459 tatnen
1086 4401 1487 4474 providentiam
1518 4400 1707 4456 electis
1732 4396 2017 4469 impendit,
2052 4411 2152 4451 sa:-

2256 2213 2537 2284 προδήλως
2584 2212 2676 2264 τὸν
2734 2211 3001 2282 μακάριον
3039 2211 3223 2263 Ίωνᾶν
3268 2210 3494 2279 ἀγαγεῖν
3546 2208 3793 2279 ἐϐουλήθη,

2254 2304 2440 2374 ἐπειδὴ
2478 2302 2643 2356 τύπον
2675 2302 2836 2357 αὑτὸν
2866 2301 2974 2355 τῶν
3011 2301 3154 2356 κατά
3186 2300 3276 2354 τὸν
3308 2301 3586 2370 Δεσπότην
3606 2302 3794 2371 Χριστὸν

2252 2395 2484 2469 ἧμελλεν
2500 2394 2821 2463 ἀποφαίνειν
2849 2410 2861 2423 υ
2886 2393 2962 2456 ῶς
2994 2393 3198 2463 ταύτης
3224 2392 3411 2446 ἕνεκεν
3430 2391 3533 2462 τῆς
3554 2391 3714 2453 αἰτίας
3731 2390 3795 2443 δι)

2251 2485 2519 2555 τοσαύτης
2573 2487 2801 2540 ἀπίστου
2848 2487 3164 2556 καινότητος
3210 2486 3485 2556 ἐνεχθεὶς,
3523 2485 3795 2551 ἀξιόπιστος

2252 2580 2484 2649 γένοιτο,
2505 2578 2599 2632 τοῦ
2620 2578 2874 2632 τοσούτου
2900 2578 3225 2649 πράγματος
3252 2577 3344 2630 τὸν
3372 2578 3542 2630 τύπον
3564 2575 3798 2645 ἐπιφαίνων

2252 2672 2311 2723 ἐν
2333 2669 2500 2740 αὐτῷ.

2324 2762 2748 2832 Προηγουμένην
2783 2758 2881 2831 μὲν
2934 2753 3027 2813 οῦν
3072 2758 3182 2812 τῶν
3234 2759 3376 2814 κατά
3423 2758 3517 2813 τὸν
3574 2757 3799 2829 μακάριον

2266 2853 2448 2907 Ἰωνᾶν
2494 2852 2666 2916 οὕτως
2701 2850 3020 2923 παραδόξων
3072 2850 3372 2919 γεγονότων
3419 2850 3624 2920 ταύτην
3660 2850 3799 2903 αἰτίαν

2252 2946 2397 2999 εῐποι
2422 2962 2507 3008 τις
2540 2944 2604 2998 ἄν
2623 2961 2637 2975 ο
2675 2944 2949 3014 ἑπομένην
2971 2942 3027 2996 δὲ
3052 2943 3311 3012 κάκείνην
3333 2943 3397 2995 ἐκ
3427 2941 3525 2994 τοῦ
3552 2941 3710 2994 τύπου
3728 2940 3799 3009 τήν

2253 3036 2425 3106 ἀρχὴν
2445 3035 2741 3089 λαϐοῦσαν·
2775 3035 3003 3105 ἀθυμεῖν
3034 3034 3144 3105 γὰρ
3177 3035 3273 3103 ούχ
3296 3034 3370 3097 ὡς
3398 3033 3591 3104 ἔτυχεν
3628 3032 3800 3097 ἀνάγκη*

2180 3148 2222 3205 C
2253 3130 2378 3191 τοὺς
2403 3130 2685 3199 προφήτας
2716 3122 2784 3198 ἦν
2804 3165 2819 3189 ,
2848 3128 2931 3180 ὅτι
2975 3126 3211 3196 συνεχῶς
3240 3125 3373 3197 πρὸς
3403 3125 3495 3179 τὸν
3530 3124 3653 3177 λαὸν
3684 3123 3799 3192 παρ)

2253 3218 2348 3271 τοῦ
2381 3219 2515 3272 θεοῦ
2551 3219 2915 3289 πεμπόμενοι,
2934 3218 3166 3289 ἐμήνυόν
3190 3234 3249 3269 τε
3277 3217 3459 3280 αὐτοῖς
3482 3215 3555 3268 τὰ
3586 3215 3802 3283 ἐσόμενα,

2256 3311 2349 3364 καὶ
2405 3311 2504 3373 τὰς
2559 3310 3007 3381 ἐπαχθησομένας
3075 3308 3345 3381 τιμωρίας
3403 3307 3662 3379 ἠπείλουν
3691 3322 3704 3334 ·
3735 3306 3802 3356 ul

2255 3401 2433 3454 πάντα
2453 3401 2517 3472 δὴ
2550 3401 2617 3453 τὰ
2646 3402 2781 3471 πρὸς
2804 3401 3087 3472 διόρθωσιν
3111 3400 3291 3453 αὐτῶν
3319 3398 3671 3453 συντελοῦντα
3696 3395 3805 3450 ita-.5

2256 3491 2458 3563 πολλῆς
2499 3492 2887 3563 διεπράττοντο
2931 3492 3030 3562 τῆς
3081 3492 3350 3560 σπουδῆς’
3384 3493 3550 3562 ήνυον
3582 3492 3637 3543 δέ
3678 3488 3801 3540 πλέοι

2254 3584 2426 3648 οὐδὲν,
2448 3583 2549 3654 τῆς
2593 3584 2702 3637 τῶν
2748 3582 3095 3656 Ἰσραηλιτῶν
3130 3583 3328 3647 κακίας
3370 3580 3805 3654 ἀντιπραττούσης

2255 3680 2321 3748 τῇ
2355 3676 2442 3730 διά
2469 3676 2577 3729 τῶν
2614 3676 2911 3747 προφητῶν
2941 3675 3230 3746 ἐπιμελείᾳ
3256 3675 3408 3747 παρά
3430 3675 3529 3728 τοῦ
3555 3674 3687 3727 Θεοῦ
3708 3669 3808 3742 περδ

2256 3769 2455 3831 αὐτοὺς
2482 3768 2767 3840 γινομένῃ·
2814 3768 2908 3836 ἀφ’
2934 3759 2996 3819 οῦ
3024 3767 3089 3838 δὴ
3130 3766 3226 3819 καλ⁸
3268 3766 3527 3835 περιττὸν
3575 3766 3650 3829 ὼς
3690 3764 3808 3823 είκδ,

2256 3858 2423 3930 ᾤοντο
2475 3858 2564 3912 τὸν
2609 3859 2817 3912 ἑαυτῶν
2866 3854 3007 3911 εἶναι
3058 3856 3219 3911 πόνον
3253 3874 3267 3888 ·
3301 3858 3393 3911 καὶ
3442 3857 3511 3929 δὴ
3564 3857 3658 3911 καὶ
3702 3855 3808 3924 πρὸ.

2257 3950 2565 4019 ἀπόγνωσιν
2598 3950 2835 4021 παντελῆ
2870 3950 2980 4004 τῶν
3028 3949 3382 4021 ἀνθρωπείων
3414 3948 3659 4018 ἐχώρουν
3700 3960 3794 4013 πρα

2257 4041 2516 4112 γμάτων*
2547 4039 2622 4105 ὡς
2659 4040 2765 4094 τῶν
2814 4039 2912 4110 μὲν
2968 4037 3137 4091 ἐθνῶν
3192 4037 3327 4109 πρὸς
3365 4036 3428 4090 τὸ
3468 4041 3655 4109 χεῖρον
3691 4031 3811 4088 ἅπαξ

2257 4132 2542 4196 νευόντων,
2594 4130 2703 4184 τῶν
2752 4131 3047 4185 δοκούντων
3094 4130 3151 4183 δὲ
3189 4130 3270 4191 εἰς
3316 4130 3415 4199 τὴν
3450 4128 3658 4197 γνῶσιν
3701 4125 3818 4189 ἐξει-

2257 4225 2445 4295 λέχθαι
2469 4225 2569 4295 τὴν
2602 4222 2771 4288 θείαν,
2796 4225 2873 4294 (p.
2901 4223 3029 4289 255)
3064 4221 3216 4275 οὐδὲν
3254 4220 3670 4291 ἐλαττουμένων
3690 4219 3748 4286 τῇ
3769 4230 3813 4265 τε

2258 4316 2481 4388 ἀσεϐείᾳ
2518 4316 2613 4369 καὶ
2638 4319 2702 4386 τῇ
2728 4315 2836 4368 τῶν
2868 4316 3085 4387 τρόπων
3118 4314 3388 4388 μοχθηρία
3414 4314 3644 4367 ἐκείνων
3663 4329 3678 4342 -
3700 4307 3816 4362 οὔτε·

2258 4410 2324 4481 δὴ
2349 4408 2727 4480 διακειμένους
2767 4408 2965 4470 αὐτοὺς
3009 4406 3407 4477 ψυχαγωγῆσαι
3460 4398 3820 4477 βουλόμενοςὸ

579 4510 879 4568 penumero
921 4494 1251 4565 significavit
1284 4493 1395 4549 illis
1441 4492 1682 4547 futuram
1712 4490 1769 4544 in
1812 4489 2015 4544 Christi
2044 4487 2150 4544 Do-

2256 4501 2421 4565 Θεδς,
2455 4502 2484 4555 ό
2517 4499 2716 4569 πολλὴν
2755 4500 2854 4569 μὲν
2901 4497 3120 4551 πάντων
3170 4495 3477 4568 ἀνθρώπων
3525 4491 3817 4564 ἐπιμέλειαν

578 4587 714 4643 mini
758 4586 993 4643 adventu
1026 4585 1444 4641 conversionem
1488 4584 1852 4638 humanorum
1895 4595 2149 4635 morum:

576 4693 691 4750 quo
721 4688 965 4748 tempore
991 4693 1185 4735 omnes
1216 4676 1416 4732 divina:
1447 4676 1636 4747 gratia:
1666 4674 1929 4730 instinctu
1966 4686 1998 4726 a
2020 4673 2154 4728 vitio

578 4770 649 4826 ad
689 4770 948 4826 virtutem
980 4768 1290 4839 respecturi
1337 4776 1516 4823 erant.
1553 4764 1691 4820 Tum
1736 4763 1804 4819 ad
1846 4771 2152 4819 extremum

581 4866 685 4921 hoc
722 4878 942 4935 quoque
988 4863 1310 4921 admirabile
1341 4861 1397 4916 in
1446 4861 1707 4932 propheta
1748 4859 1887 4914 Jona
1915 4856 2154 4930 patravit

577 4970 718 5025 opus
760 4954 839 5012 ad.
864 4955 1107 5011 omnium
1139 4955 1531 5027 prophetarum
1582 4951 1948 5007 eruditionem
1989 4958 2153 5020 atque

576 5049 835 5107 solatium
864 5066 881 5104 :
909 5064 1050 5120 quos
1080 5063 1141 5105 re
1185 5050 1303 5119 ipsa
1346 5046 1610 5103 certiores
1649 5045 1777 5100 fecit
1812 5043 1881 5100 de
1920 5042 2153 5099 indubio

577 5139 783 5196 Christi
810 5138 968 5210 155
993 5138 1251 5204 adventu,
1284 5145 1340 5194 et
1367 5137 1436 5192 de
1463 5139 1709 5192 omnium
1746 5136 2030 5192 hominum
2060 5148 2155 5205 per

580 5230 634 5287 id
664 5242 883 5302 tempus
916 5230 985 5286 ad
1026 5231 1226 5287 bonam
1265 5230 1477 5302 frugem
1508 5230 1721 5297 reditu;
1758 5226 1962 5283 ludatis
2008 5228 2152 5282 inte-

584 5326 682 5379 rim
709 5322 869 5379 valde
892 5323 963 5379 ad
995 5325 1128 5379 vitia
1160 5323 1629 5389 incumbentibus,
1675 5321 1787 5376 Deo
1824 5321 1897 5375 ita
1934 5318 2156 5389 permit-

582 5422 728 5469 lente
749 5414 820 5470 ob
861 5414 1352 5472 demonstrandum
1394 5414 1596 5470 mentis
1638 5414 1891 5468 humana:
1918 5412 2151 5467 liberum

583 5508 867 5563 arbitrium
907 5523 971 5563 ac
999 5508 1391 5579 fragilitatem;
1428 5506 1524 5563 sed
1552 5504 1789 5576 denique
1825 5506 1929 5562 sub
1953 5504 2154 5561 Christi

653 5642 700 5671 "
730 5640 899 5697 Exod.
933 5661 996 5709 tt,
1040 5647 1064 5699 ι
1150 5649 1223 5679 ⁷⁷⁸
1260 5648 1371 5703 Jer.
1418 5662 1455 5709 I,
1496 5648 1552 5702 6.

658 5776 769 5847 (55)
809 5776 885 5833 Ita
924 5782 1043 5839 eod.
1070 5798 1175 5837 non
1204 5784 1315 5840 ὑπ’.

2256 4591 2597 4662 ποιούμενος,
2638 4590 2916 4661 ἐξαίρετον
2943 4589 2999 4643 δέ
3037 4606 3159 4643 τινα
3196 4588 3377 4659 νέμων
3400 4589 3516 4649 τοῖς
3548 4582 3711 4640 αὑτοῦ
3738 4581 3817 4649 τὴν

2254 4682 2603 4754 κηδεμονίαν,
2640 4680 2901 4742 πολλάκις
2935 4677 3034 4749 μὲν
3076 4678 3342 4750 ἐδήλωσεν
3382 4677 3571 4739 αὐτοῖς
3621 4672 3716 4744 τὴν
3746 4668 3820 4721 ἐπὶ

2253 4774 2354 4844 τῆς
2374 4773 2590 4838 δείξεως
2620 4771 2715 4826 τοῦ
2750 4771 3022 4825 Δεσπότου
3060 4768 3298 4841 Χριστοῦ
3326 4766 3708 4838 γενησομένην
3736 4777 3815 4833 μευ

2254 4865 2487 4937 ταϐολὴν
2517 4864 2625 4918 τῶν
2650 4864 3004 4935 ἀνθρωπείων
3035 4863 3401 4934 πραγμάτων,
3425 4862 3518 4914 ὅτε
3556 4858 3626 4929 δὴ
3648 4857 3820 4914 πάντες

2255 4959 2488 5031 ήμελλον
2526 4960 2593 5013 ἐκ
2634 4957 2729 5013 τοῦ
2779 4957 3019 5031 χείρονος
3062 4957 3182 5029 θείᾳ
3215 4957 3396 5028 χάριτι
3441 4954 3626 5009 νεύειν
3669 4951 3754 5004 ἐπὶ
3776 4948 3824 4999 τὸ

2256 5053 2505 5123 κρεῖττον
2541 5067 2556 5082 ο
2594 5051 2904 5104 τελευταῖον
2930 5049 2988 5102 δὲ
3026 5050 3119 5102 καὶ
3150 5048 3249 5120 τὴν
3298 5046 3611 5118 παράδοξον
3640 5042 3822 5109 ταύτην

2256 5142 2521 5213 ἐργασίαν
2551 5141 2651 5214 τὴν
2688 5140 2831 5195 κατά
2851 5140 2941 5194 τὸν
2974 5140 3262 5211 προφήτην
3311 5140 3496 5192 ἰωνᾶν
3527 5135 3823 5201 πεποίηται.

2257 5236 2339 5298 είς
2374 5233 2722 5287 διδασκαλίαν
2772 5250 2835 5286 τε
2892 5232 2986 5286 καὶ⁵
3042 5231 3400 5302 ψυχαγωγίαν
3459 5230 3687 5283 πάντων
3736 5222 3825 5275 τῶν

2258 5325 2557 5398 προφητῶν
2596 5325 2664 5379 δι’
2698 5318 2773 5379 ὧν
2819 5324 3002 5395 ἔργοις
3051 5322 3265 5376 ἔπειθεν
3308 5322 3532 5385 αὐτοὺς,
3569 5319 3647 5381 ὼς
3673 5308 3825 5381 ἀληθῆ

2264 5416 2362 5488 μὲν
2392 5416 2545 5470 ἔσται
2587 5415 2657 5469 τὰ
2687 5416 2829 5469 κατά
2872 5415 2963 5468 τὸν
3003 5413 3281 5485 Δεσπότην
3320 5410 3561 5483 Χριστόν
3588 5426 3601 5440 ·
3630 5405 3717 5460 καὶ
3760 5404 3827 5455 δτι

2263 5509 2462 5574 πάντες
2490 5509 2764 5580 ἄνθρωποι
2786 5508 2905 5580 θείᾳ
2928 5506 3108 5579 χάριτι
3130 5506 3250 5561 τότε
3274 5503 3698 5576 μετελεύσονται
3714 5492 3830 5568 πρὸς
