3954 6512
205 356 304 415 δῖἔτ

1354 349 1903 407 COMMENTARIUS
1942 352 2012 407 IN
2053 351 2298 409 JONAM.
3339 358 3448 419 39.6

202 486 259 522 το
299 470 414 521 δέον
434 484 450 501 ·
483 467 578 521 νῦν
612 468 709 538 μὲν
746 465 1010 520 Ἰουδαίων
1036 464 1326 530 άνενδότως
1366 467 1596 537 ἐχόντων
1649 469 1755 538 περ

1878 466 2190 532 adventum,
2217 482 2329 537 quo
2358 476 2607 539 tempore
2639 484 2796 526 suam
2836 468 2980 526 Deus
3022 470 3253 542 gratiam
3296 483 3447 545 pate-

202 561 291 625 τὴν
318 558 412 612 τοῦ
448 559 689 631 χείρονος
715 558 947 627 αἵρεσιν,
979 554 1067 608 διὰ
1092 556 1153 608 τὸ
1181 558 1483 627 συγχωρεῖν
1510 555 1653 609 οὕτω
1676 556 1755 608 τὸν

1872 557 2122 614 facturus
2164 567 2300 621 erat,
2332 561 2513 614 cuncti
2565 560 2835 627 homines,
2885 562 2977 632 qui
3025 576 3170 617 nunc
3216 578 3445 633 prorsus

202 648 328 701 Θεὸν
348 688 361 709 ,
389 651 467 712 είς
501 649 721 719 ἔλεγχον
753 649 849 718 τῆς
902 646 1247 718 ἀνθρωπίνης
1303 645 1671 718 προαιρέσεώς
1708 662 1755 699 τε

1874 649 2140 719 impietati
2162 649 2332 703 dediti
2354 658 2533 714 erant,
2564 650 2631 704 ad
2656 651 2908 707 virtutem
2935 668 3161 709 cursum
3184 654 3444 710 directuri

202 738 291 791 καὶ
323 739 640 802 ἀσθενείας’
689 739 783 792 ἐπὶ
836 738 891 792 δὲ
942 738 1040 808 τῆς
1078 738 1172 791 τοῦ
1221 739 1493 791 Δεσπότου
1529 737 1755 809 Χριστοῐ

1872 751 2048 796 erant.
2086 740 2267 807 Quare
2309 744 2472 797 etiam
2508 744 2699 798 beatus
2734 743 2940 803 Paulus
2968 748 3066 814 ait,
3107 748 3445 803 conclusisse

202 835 500 903 παρουσίας
547 835 630 887 ὅτι
683 834 748 887 ἂν
801 836 899 904 την
932 834 1139 887 οἰκείαν
1192 832 1447 904 βούληται
1498 833 1755 886 δεικνῦναι

1873 832 2041 887 Deum
2086 834 2270 888 omnia
2307 834 2412 888 sub
2459 844 2703 905 peccato,
2744 844 2803 891 ut
2846 837 2948 893 [ide
2984 837 3443 907 justiﬁcemur",

199 926 355 996 χάριν
392 928 421 979 ὁ
449 926 602 990 Θεὸς,
658 926 912 979 ἁπάντων
966 924 1267 994 ἀνθρώπων
1314 926 1421 978 τῶν
1478 922 1755 985 διαπαντὸς

1866 926 2183 996 signiﬁcans
2230 928 2689 996 quemadmodum
2717 944 2748 982 a
2795 929 3099 999 majoribus
3132 933 3340 987 nostris
3372 933 3443 987 ad

152 1040 157 1044 ·
198 1017 330 1087 πρὸς
378 1017 631 1071 ἀσέϐειαν
682 1017 968 1080 νευόντων,
998 1016 1096 1087 τὴν
1130 1017 1223 1068 ἐπὶ
1262 1016 1324 1068 τὸ
1358 1019 1607 1087 κρεῖττον
1640 1014 1755 1085 λαμ·

1868 1016 2126 1070 sectanda
2158 1017 2290 1071 vitia
2331 1018 2575 1072 inclinati
2616 1017 2922 1086 fuerimus;
2953 1036 3065 1090 quo
3106 1023 3315 1077 scilicet
3345 1038 3442 1076 co-

195 1106 460 1159 ϐανόντων
498 1109 705 1180 ῥοπήν·
743 1108 819 1172 ὼς
871 1110 963 1161 καὶ
997 1111 1026 1162 ό
1062 1110 1328 1180 μακάριος
1344 1103 1555 1168 Παῦλός
1584 1121 1755 1177 φησιν,

1871 1122 2266 1177 gnosceremus
2290 1111 2468 1179 gratia
2501 1110 2660 1166 nobis
2688 1126 2826 1181 opus
2859 1127 2978 1167 esse
3020 1113 3086 1166 ad
3120 1112 3441 1169 discernen-

195 1197 273 1249 δτι
312 1214 333 1248 ι
382 1198 735 1252 Συνέκλεισεν
766 1201 800 1271 ἡ
829 1199 1018 1272 Γραφὴ
1048 1200 1116 1254 τά
1144 1202 1320 1255 πάντα
1341 1201 1446 1253 ὐπὸ
1472 1200 1755 1269 ἁμαρτίαν,

1872 1197 1997 1251 dam
2026 1206 2190 1268 atque
2223 1200 2663 1271 anteponendam
2698 1202 2875 1258 cuivis
2912 1204 2987 1258 rei
3020 1204 3299 1259 virtutem.

192 1292 275 1345 ἶνα
295 1293 362 1346 ἐκ
390 1294 624 1358 πίστεως
648 1295 1025 1366 δικαιωθῶμεν
1055 1311 1069 1325 ο
1109 1313 1129 1348 ι
1163 1295 1240 1366 (p.
1270 1295 1395 1365 256)
1417 1296 1631 1359 δεικνὺς
1655 1296 1738 1347 ὃτι
1780 1296 1843 1348 ἐκ
1873 1293 1981 1347 τῶν
2020 1295 2423 1367 προειληφότων
2458 1296 2557 1368 τὴν
2583 1297 2676 1351 ἐπὶ
2705 1298 2768 1350 τὸ
2787 1301 2967 1370 χεῖρον
3000 1298 3109 1351 τῶν
3144 1297 3444 1369 ἀνθρώπων

190 1384 584 1456 ἐπαιδεύθημεν
615 1386 805 1458 ῥοπὴν,
834 1387 919 1441 ἵνα
945 1386 1205 1459 μάθωμεν
1247 1388 1328 1441 ὅτι
1367 1388 1515 1452 θείας
1554 1389 1773 1459 χάριτος
1820 1386 2051 1457 δεόμεθα
2083 1390 2219 1458 πρὸς
2270 1389 2331 1442 τὸ
2361 1388 2651 1460 διαγνῶναί
2685 1407 2745 1443 τε
2789 1391 2885 1445 καλ⁸
2921 1388 3198 1461 προθεῖναι
3227 1388 3443 1442 πάντων

187 1475 244 1529 τὸ
276 1481 541 1545 κρεῖττον.

254 1568 460 1622 Τούτου
488 1587 551 1637 γε
577 1571 847 1639 ἀπόδειξιν
880 1571 1127 1643 αὐτάρκη
1162 1570 1464 1643 παρέσχετο
1496 1573 1607 1634 τοῖς
1625 1588 1755 1642 προ-

1935 1572 2177 1636 Quarum
2207 1584 2390 1624 rerum
2418 1568 2666 1622 iduneam
2698 1567 2753 1623 in
2800 1566 3056 1638 praesenti
3097 1565 3444 1621 demonstra.

188 1659 383 1729 ᾳηταις
407 1660 475 1713 τὰ
508 1664 771 1733 παρόντα,
804 1665 859 1715 ὲν
891 1666 1004 1727 τοῖς
1021 1664 1161 1715 κατά
1182 1663 1272 1715 τὸν
1309 1663 1491 1716 Ἰωνᾶν
1527 1662 1755 1732 μάλιστα

1864 1663 2066 1718 tionem
2092 1662 2371 1731 prophetis
2386 1662 2653 1725 exhibuit,
2673 1676 2793 1715 eam
2828 1661 3039 1715 scilicet
3066 1674 3232 1728 quam
3258 1658 3315 1713 in
3343 1654 3441 1712 Jo-

186 1748 341 1800 τοῦτο
372 1750 565 1819 χρῆναι
594 1751 869 1822 δειχθῆναι
896 1752 1159 1823 νομίζων·
1187 1751 1247 1815 ὃς
1287 1752 1461 1805 τύπον
1496 1753 1553 1804 ὲν
1582 1750 1755 1822 ἑαυτῷ

1864 1769 1949 1809 nae
2000 1754 2273 1824 praecipue
2324 1754 2547 1809 casibus
2595 1752 3008 1823 exprimendam
3050 1750 3297 1815 curavit,
3346 1749 3439 1819 qui

185 1854 303 1891 τινα
337 1840 444 1894 τῶν
482 1842 610 1913 περὶ
642 1842 733 1895 τὸν
769 1844 1044 1914 Δεσπότην
1083 1843 1356 1914 ἐσομένων
1402 1844 1642 1915 παρέσχε
1671 1843 1755 1897 τὸν

1866 1847 2158 1917 quamdam
2199 1860 2381 1915 rerum
2422 1846 2474 1899 in
2501 1846 2722 1901 Christo
2771 1843 3004 1898 Domino
3036 1842 3439 1898 eiliciendarum

186 1930 425 2001 Χριστόν
448 1949 459 1964 ·
494 1933 814 1987 ἀποστέλλει
848 1935 945 2005 μὲν
979 1936 1087 2005 γὰρ
1118 1936 1283 1989 αὐτὸν
1327 1937 1406 1999 είς
1434 1935 1634 2007 Νινευὴ
1666 1934 1764 2005 τὴν

184 2026 362 2089 πόλιν,
404 2027 647 2098 μεγάλην
703 2024 863 2083 οὖσαν
902 2027 996 2081 καὶ
1049 2028 1624 2100 πολυανθρωποτάτην,
1669 2028 1765 2082 καὶ

184 2118 288 2171 τῶν
312 2119 374 2170 ἑν
418 2119 724 2190 Ἀσσυρίοις
778 2119 1025 2190 βασιλίδα
1057 2122 1434 2191 τυγχάνουσαν
1454 2140 1467 2154 υ
1493 2122 1551 2174 ὲν
1634 2122 1764 2174 πάν-

181 2226 268 2272 τες
299 2209 441 2279 πρὸς
490 2210 747 2264 ἀσέϐειάν
775 2228 835 2264 τε
873 2210 1093 2283 ἑώρων,
1128 2213 1222 2267 καὶ
1268 2213 1527 2283 μοχθηρῷ
1585 2229 1757 2284 προσ-

188 2304 413 2372 ανεῖχον
464 2302 584 2373 βίῳ,
615 2306 846 2374 τρυφαῖς
870 2321 931 2356 τε
964 2304 1058 2359 καὶ
1084 2306 1299 2359 ἀνέσεσι
1325 2307 1418 2359 καὶ
1449 2306 1762 2370 ἀκολασίαις

181 2392 276 2442 καὶ
323 2390 474 2462 πάσῃ
508 2392 775 2458 συζῶντες
827 2396 1141 2467 παρανομίᾳ
1163 2414 1178 2428 ·
1214 2397 1422 2451 κελεύει
1458 2398 1514 2451 δὲ
1537 2396 1634 2468 τὴν
1662 2398 1761 2469 τῆς

181 2482 394 2547 πόλεως
421 2484 657 2554 μηνύσαι
687 2487 1029 2559 καθαίρεσιν,
1068 2492 1117 2543 εί
1148 2490 1222 2560 μὴ
1252 2489 1502 2543 νεύσειαν
1532 2490 1667 2561 πρὸς
1698 2489 1760 2542 τὸ

178 2574 295 2627 δέον
319 2593 336 2607 ο
368 2573 490 2630 εἶτα
520 2579 895 2649 παρεσκεύασε
925 2582 1135 2645 πάντας
1159 2583 1402 2645 ἐκείνους
1435 2581 1627 2654 ἀθρόον
1647 2599 1759 2650 φω-

179 2665 273 2735 νῆς
296 2666 607 2735 ἀκηκοότας
636 2668 731 2721 τοῦ
761 2670 1061 2741 προφήτου,
1097 2670 1156 2723 δν
1200 2671 1298 2742 οὐχ
1338 2672 1485 2734 ὅστις
1521 2666 1588 2743 ἦν
1626 2671 1756 2741 ηπί-

180 2772 399 2820 σταντο,
426 2757 543 2811 ἀλλ’
598 2758 719 2811 οὐδὲ
767 2761 905 2829 μετὰ
960 2760 1251 2832 θαυμάτων
1304 2761 1541 2831 φανέντα
1597 2758 1755 2828 εἶδον,

177 2845 322 2900 ὥστε
352 2848 611 2919 ἔκπληξιν
650 2851 813 2904 αὐτοῦ
863 2869 988 2905 τινα
1018 2852 1203 2907 λαϐεῖν
1224 2870 1236 2882 ·
1263 2854 1511 2908 ἐντεῦθεν
1532 2844 1760 2926 μεταθεὲ

180 2937 384 3002 μένους
412 2938 514 3008 τῆς
559 2940 789 3010 πρόσθεν
816 2940 1042 3014 γνώμης
1068 2943 1177 2998 ἀπὸ
1210 2944 1380 3015 μόνης
1404 2945 1502 3016 τῆς
1532 2945 1759 3017 ἀπειλῆς

356 3030 415 3082 τὸ
448 3034 697 3101 κρεῖττον
732 3033 877 3098 ίδεῖν,
909 3033 1153 3098 ἐθνικούς
1178 3052 1238 3088 τε
1280 3035 1441 3099 ὄντας
1470 3037 1563 3089 καὶ
1608 3037 1758 3090 οὐδὲν

175 3118 527 3185 διδασκαλίας
566 3118 705 3185 εἶδος
738 3126 817 3187 είς
868 3124 1178 3178 θεοσέϐειαν
1211 3126 1452 3199 ἡκούσης
1492 3129 1753 3200 πρότερον
1785 3116 1825 3173 C

172 3210 554 3281 δεδειγμένους
592 3229 605 3245 ο
638 3214 712 3277 ὡς
740 3214 805 3268 ἂν
855 3215 1148 3287 δηλώσειεν
1193 3219 1256 3271 ὲκ
1301 3217 1410 3272 τῶν
1451 3218 1756 3291 παρόντων,

174 3305 253 3369 (p.
286 3304 421 3373 237)
466 3304 547 3358 ὅτι
602 3306 745 3359 κατὰ
795 3308 983 3361 τοῦτον
1020 3310 1112 3361 τὸν
1154 3309 1354 3380 τρόπον
1385 3311 1477 3364 ἐπὶ
1519 3312 1618 3381 τῆς
1662 3312 1756 3364 τοῦ

174 3393 454 3447 Δεσπότω
505 3397 742 3466 Χριστοῦ
796 3401 1101 3471 παρουσίας
1146 3402 1361 3456 ἅπαντα
1411 3405 1479 3458 τά
1516 3404 1642 3476 ἔθνη
1689 3409 1756 3478 τῇ

173 3482 355 3553 οἰκείᾳ
375 3484 558 3555 χάριτι
588 3487 774 3541 νεῦσαι
810 3495 1227 3563 παρασκευάσει
1254 3495 1386 3567 πρὸς
1410 3496 1470 3548 τὸ
1490 3500 1754 3566 κρεῖττον,

172 3574 279 3627 κᾶν
332 3575 581 3631 ἀπειθεῖν
631 3579 887 3634 ἐθέλωσιν
932 3584 1171 3638 Ἰουδαῖοι
1213 3589 1279 3657 τῇ
1335 3587 1433 3651 ταῖς
1480 3588 1756 3653 εὐσεϐείας

169 3668 511 3739 διδασκαλίᾳ.

256 3759 543 3814 Ἐντεῦθεν
574 3763 603 3815 ὁ
638 3764 905 3837 μακάριος
935 3768 1221 3840 προφήτης
1246 3768 1309 3823 ἐκ
1337 3787 1398 3823 τε
1418 3769 1525 3822 τῶν
1552 3770 1755 3843 παρόν-

170 3868 282 3904 ’.ων
319 3853 575 3917 συνειδὼς
603 3855 679 3919 ὡς
707 3858 805 3928 τῆς
850 3860 1085 3931 ἐσχάτης
1106 3862 1243 3926 άξιοι
1280 3862 1569 3931 φανοῦνται
1594 3881 1757 3932 τιμω-

173 3944 301 4012 ρίας
346 3944 609 4011 Ἰουδαῖοι,
656 3949 723 4002 ὲκ
769 3952 1038 4023 τοσαύτης
1089 3953 1436 4018 διδασκαλίας
1488 3954 1756 4026 μηδεμίαν

167 4036 459 4105 δεξάμενοι
488 4039 796 4110 διόρθωσιν,
837 4044 885 4096 εί
926 4044 1204 4099 Νινευῖται
1232 4046 1454 4117 ἀσεϐείᾳ
1487 4045 1755 4111 συζῶντες

168 4128 265 4179 καὶ
300 4130 693 4199 στρεφόμενοι,
728 4132 923 4205 ἀθρόον
960 4137 1025 4189 ὲκ
1066 4136 1352 4206 μηνύσεως
1383 4138 1549 4208 μόνης
1585 4154 1751 4207 μετα-

170 4218 392 4288 θέμενοι
431 4221 703 4290 φαίνοιντο
748 4225 885 4296 πρδς
911 4226 972 4278 τὸ
996 4229 1245 4297 κρεῖττον
1274 4244 1288 4258 ο
1313 4228 1405 4281 καὶ
1440 4228 1521 4282 ὅτι
1551 4229 1753 4283 τούτων

165 4309 234 4377 δὴ
260 4310 403 4380 πρὸς
429 4312 702 4377 ἀπόδειξιν
729 4316 1065 4386 γιγνομένων
1102 4317 1211 4373 τῶν
1252 4319 1391 4372 κατά
1430 4319 1521 4373 τὸν
1545 4321 1754 4373 Δεσπό-

1864 1939 2154 2010 imaginem
2198 1938 2253 1992 in
2304 1953 2364 1992 se
2409 1937 2529 2008 ipso
2579 1936 2832 2007 gestavit.
2887 1936 3057 1991 Mittit
3112 1937 3257 1992 enim
3312 1950 3438 1991 eum

1862 2029 2008 2084 Deus
2038 2030 2091 2083 in
2142 2042 2392 2098 magnam
2430 2028 2619 2083 urbem
2652 2026 2904 2093 Niniven,
2939 2028 3141 2098 popqu
3169 2027 3440 2097 copiosis-

1864 2121 2083 2185 simam,
2126 2120 2479 2191 Assyriorum
2523 2117 2728 2189 regiam
2775 2117 2999 2183 sedem;
3053 2116 3211 2186 cujus
3254 2116 3437 2171 cuncti

1862 2211 2011 2267 cives
2053 2226 2163 2265 non
2200 2212 2319 2267 sine
2368 2210 2649 2280 religionis
2695 2216 3010 2280 contemptu
3053 2223 3279 2279 pravum
3313 2208 3439 2262 vitae

1862 2317 2035 2373 genus
2059 2302 2358 2372 agitabant,
2386 2302 2519 2364 otio,
2544 2302 2778 2368 luxuria,
2805 2302 3249 2373 intemperantia,
3275 2310 3439 2371 atque

1860 2394 2195 2449 omnimodis
2248 2394 2402 2450 vitiis
2451 2394 2807 2451 diﬁluentes:
2863 2395 3125 2464 jubetque
3174 2403 3233 2448 ut
3286 2393 3439 2449 urbis

1861 2487 2131 2541 excidium
2177 2488 2414 2551 nuntiet,
2448 2486 2555 2541 nisi
2590 2486 2785 2541 incolae
2823 2485 2891 2540 ad
2937 2486 3174 2541 olIicium
3206 2502 3440 2542 conver-

1862 2584 2071 2631 tantur.
2122 2575 2257 2630 Exin
2310 2574 2523 2631 curavit
2572 2573 2737 2638 Deus,
2771 2581 2829 2627 ut
2874 2575 2911 2630 ii
2965 2582 3188 2644 repente
3242 2590 3436 2630 omnes

1859 2669 2047 2723 audita
2092 2667 2375 2737 prophetae
2418 2681 2551 2721 voce
2584 2666 2765 2735 (quem
2795 2673 2954 2719 antea
2998 2666 3224 2720 minime
3271 2680 3438 2721 nove-

1858 2770 2006 2825 rant,
2034 2776 2209 2829 neque
2239 2775 2383 2814 nunc
2408 2759 2672 2828 prodigiis
2695 2758 3086 2814 communitum
3114 2758 3431 2819 cernebant,

1858 2852 1934 2907 ita
1964 2860 2024 2907 ut
2046 2852 2170 2925 ejus
2196 2851 2557 2906 admiratione
2582 2850 2765 2920 aliqua
2797 2849 3424 2921 percellerentur),eura-

1856 2944 1956 3009 vit,
1990 2945 2233 3013 inquam,
2270 2942 2412 2997 Deus
2436 2948 2495 2995 ut
2529 2942 2713 3011 priore
2744 2940 2965 3011 ingenio
3002 2947 3230 3007 mutato,
3256 2940 3435 2995 mina-

1860 3050 2094 3105 rumque
2138 3034 2190 3088 vi
2242 3033 2486 3104 impulsi,
2543 3033 2612 3088 ad
2655 3032 2879 3088 saniora
2928 3031 3157 3087 consilia
3196 3038 3432 3087 mentem

1860 3127 2206 3183 intenderent
2228 3124 2581 3195 quantumvis
2609 3124 2833 3190 ethnici,
2860 3132 2916 3180 et
2952 3123 3044 3193 qui
3090 3123 3295 3177 nullam
3334 3137 3432 3178 ve-

1858 3235 1934 3274 rae
1976 3216 2193 3290 pietatis
2232 3217 2470 3286 speciem
2502 3215 2767 3271 hactenus
2798 3230 2908 3284 prie
2946 3230 3007 3270 se
3034 3214 3294 3270 tulerant.
3325 3212 3434 3269 Res

1858 3324 1985 3379 ergo
2022 3323 2262 3380 praesens
2289 3306 2541 3370 docebat,
2577 3304 2694 3360 fore
2734 3314 2795 3360 ut
2820 3304 3006 3361 eadem
3050 3305 3262 3360 ratione
3284 3304 3432 3359 circa
3462 3290 3467 3293 ’

1859 3399 2073 3454 Domini
2099 3398 2303 3454 Christi
2345 3397 2639 3452 adventum
2684 3396 2871 3467 populi
2908 3410 3122 3458 omnes,
3166 3396 3214 3451 vi
3245 3396 3434 3466 gratia:

1857 3492 1996 3562 ejus,
2054 3491 2123 3547 de
2176 3490 2396 3546 virtutis
2441 3489 2624 3545 studio
2681 3491 3016 3560 cogitarent:
3069 3487 3271 3543 ludatis
3306 3490 3434 3544 licet

1856 3586 2136 3641 obstinata
2165 3581 2553 3639 incredulitate
2582 3579 2886 3635 doctrinam
2918 3580 3136 3651 pietatis
3170 3595 3432 3651 respuen-

1856 3676 2025 3731 tibus.

1935 3767 2096 3839 156
2139 3765 2507 3834 Quamobrem
2552 3764 2748 3820 beatus
2773 3766 3033 3833 propheta
3066 3779 3132 3817 ex
3176 3764 3427 3833 ριικεθηιί

1852 3877 1914 3916 re
1940 3862 2325 3929 cognoscebat,
2372 3858 2488 3915 lore
2513 3867 2575 3913 ut
2605 3865 2851 3913 extremo
2879 3856 3192 3909 viderentur
3221 3855 3429 3925 suppli-

1855 3954 1944 4008 cio
1972 3952 2121 4023 digni
2145 3950 2339 4016 Judmi,
2370 3951 2465 4021 qui
2503 3959 2658 4005 tanto
2678 3964 2709 4002 a
2735 3946 3053 4018 magisterio
3076 3946 3279 4000 nullam
3307 3945 3429 3999 vitae

1854 4043 2289 4099 emendationem
2319 4048 2744 4106 contraxerant;
2773 4038 2901 4093 dum
2934 4036 3152 4092 interim
3175 4034 3429 4091 Ninivita:

1853 4134 2004 4189 omni
2042 4132 2319 4204 quondam
2366 4131 2716 4200 improbitate
2762 4126 2956 4199 polluti
2974 4141 3053 4182 .ac
3092 4125 3425 4189 volutantes,

1854 4228 2039 4285 statim
2071 4226 2190 4282 solo
2222 4223 2630 4295 praedicationis
2653 4230 2863 4276 terrore
2903 4219 2967 4274 ad
3007 4218 3284 4273 meliorem
3312 4216 3428 4272 fru-

1853 4334 1973 4391 gem
2031 4316 2270 4371 traducti
2328 4314 2585 4370 fuissent.
2649 4312 2896 4381 Cumque
2941 4311 3056 4365 haec
3098 4309 3427 4381 intelligeret

334 4403 613 4507 ἐσομένων
672 4407 940 4477 Χριστὸν,
971 4410 1033 4461 τὸ
1078 4410 1210 4463 αὐτὸ
1262 4411 1319 4464 δὲ
1364 4412 1519 4466 τοῦτο
1570 4412 1752 4485 πολλῷ

1860 4410 1995 4477 ﬁeri,
2023 4409 2093 4464 ob
2126 4423 2188 4462 ea
2219 4404 2577 4474 signiﬁcanda
2616 4420 2739 4475 qua:
2781 4402 2925 4458 circa
2965 4400 3172 4457 Christi
3212 4400 3424 4456 Domini

167 4491 338 4544 πλέον
361 4493 725 4565 συμϐήσεται,
741 4498 891 4551 ὁπότ’
913 4498 979 4553 ἂν
1004 4501 1073 4554 τὰ
1109 4500 1208 4570 μὲν
1237 4500 1369 4572 ἔθνη
1397 4505 1462 4574 τῇ
1498 4503 1616 4575 θείᾳ
1650 4521 1753 4557 κα-

164 4581 416 4653 λούμενα
464 4586 647 4657 χάριτι
683 4589 824 4659 ῥέπῃ
856 4589 992 4661 πρὸς
1018 4590 1117 4661 τὴν
1170 4591 1471 4657 εὐσέϐειαν,
1516 4594 1757 4648 Ἰουδαῖοι

161 4674 225 4729 δὲ
258 4675 505 4744 μένωσιν
530 4678 774 4742 ἀπειθεῖς
808 4681 900 4735 καὶ
938 4682 1012 4752 μὴ
1049 4681 1326 4753 δεχόμενοι
1349 4683 1442 4737 τὸν
1478 4686 1755 4757 Δεσπότην

162 4765 433 4837 Χριστὸν,
451 4759 513 4819 οὗ
542 4767 644 4839 τὴν
670 4770 901 4841 μήνυσιν
927 4773 1021 4825 καὶ
1051 4774 1149 4843 τὴν
1176 4774 1524 4829 διδασκαλίαν
1550 4776 1755 4831 ἀνωθεν

162 4860 488 4932 φερομένην
518 4857 662 4931 είχον
694 4865 823 4935 παρ’
854 4866 1100 4929 ἑαυτοῖςο
1123 4868 1206 4920 ὃτι
1238 4885 1297 4921 τε
1345 4869 1593 4923 ἐντεῦθεν
1627 4870 1756 4942 κλη-

162 4952 397 5025 ρονόμοι
438 4953 537 5023 μὲν
582 4957 1060 5028 άποφανθήσονται
1100 4961 1197 5026 τῆς
1228 4958 1503 5028 βασιλείας
1525 4961 1635 5015 τῶν
1663 4962 1753 5015 οὐ·

162 5047 354 5117 ρανῶν
386 5048 437 5099 οί
484 5049 761 5119 πανταχοῦ
802 5052 906 5120 γῆς
951 5052 1229 5115 οἰκοῦντες
1272 5053 1583 5125 άνθρωποι,
1620 5054 1753 5122 ἐξω-

162 5140 466 5210 σθήσονται
516 5141 573 5194 δὲ
615 5144 713 5214 τῆς
758 5144 967 5215 δωρεᾶς
1014 5145 1218 5217 ταύτης
1264 5146 1351 5200 διὰ
1399 5146 1496 5219 τὴν
1546 5147 1751 5201 οίκείαν

158 5227 456 5281 ἀπείθειάν
473 5246 535 5282 τε
561 5232 653 5284 καὶ
686 5232 944 5287 ἀσέϐειαν
975 5235 1237 5300 Ἰουδαῖοι,
1267 5235 1444 5289 καίτοι
1470 5253 1533 5304 γε
1561 5236 1747 5303 δόξανο

155 5334 258 5380 τες
291 5318 353 5370 ὲν
391 5317 631 5391 τοσαύτῃ
664 5320 984 5394 διδασκαλίᾳ
1026 5322 1121 5377 τοῦ
1171 5323 1478 5396 κρείττονος
1524 5326 1751 5396 γεγενῆ-

157 5409 319 5472 σθαι,
350 5408 668 5477 ἀναγκαίως
704 5410 925 5483 ἠθύμει,
956 5414 1187 5478 πένθους
1215 5415 1366 5481 άξιον
1411 5416 1749 5487 πανταχόθεν

154 5500 314 5570 ὁρῶν
337 5500 400 5553 τὸ
432 5504 684 5572 πρᾶγμα,
715 5504 809 5557 καὶ
841 5505 1124 5575 συναλγῶν
1160 5512 1259 5580 μὲν
1292 5508 1569 5572 Ἰουδαίοις
1608 5510 1750 5562 είκό-

150 5607 307 5653 τως.
339 5591 417 5660 (p.
474 5590 604 5660 238)
641 5594 895 5663 τοιούτου
954 5616 1013 5653 τε
1050 5594 1167 5654 οὖσι
1207 5599 1302 5653 καὶ
1340 5598 1575 5655 τοσαῦτα
1626 5600 1751 5671 μέλ-

1857 4504 2145 4558 adventum
2177 4498 2359 4554 futura
2380 4505 2569 4563 erant;
2597 4513 2707 4553 rem
2734 4496 2907 4550 multo
2931 4494 3236 4566 graviorem
3262 4508 3427 4549 even-

1856 4603 2035 4649 turam
2083 4592 2328 4655 videbat,
2372 4605 2495 4644 cum
2548 4588 2754 4643 ethnici
2798 4587 2981 4642 divina
3024 4585 3200 4656 gratia
3252 4584 3427 4639 vocati

1857 4687 1924 4741 ad
1953 4686 2207 4756 pietatem
2239 4681 2611 4741 conﬂuerent;
2640 4679 2843 4734 Judaais
2869 4677 3225 4732 nihilominus
3248 4675 3427 4730 incre—

1856 4778 2139 4833 dulitatem
2168 4789 2321 4829 suam
2371 4771 2667 4826 retinentib
2710 4786 2759 4837 s,
2795 4783 2970 4838 neque
3001 4767 3281 4822 Christum
3323 4768 3429 4821 Do-

1859 4870 2068 4924 minum
2096 4864 2507 4936 recipientibus,
2551 4863 2709 4932 cujus
2744 4859 3039 4929 caeteroqui
3069 4858 3425 4928 signiﬁcatio-

1860 4977 1983 5016 nem
2018 4968 2182 5029 atque
2229 4957 2535 5013 doctrinam
2587 4955 2802 5010 coalitus
2843 4953 3141 5007 immissam
3186 4952 3326 5021 apud
3367 4966 3428 5007 se

1861 5052 2169 5118 habebant;
2220 5057 2383 5119 atque
2423 5047 2551 5102 hinc
2579 5046 2734 5116 regni
2781 5045 3016 5100 ctelcstis
3056 5044 3296 5098 haeredcs
3327 5042 3424 5097 de-

1859 5144 2127 5198 claratum
2164 5142 2229 5195 iri
2263 5140 2535 5203 homines,
2564 5139 2659 5208 qui
2691 5137 2892 5207 ubique
2919 5144 3186 5191 terrarum
3217 5134 3429 5188 habita-

1858 5242 2019 5302 rent;
2066 5234 2347 5290 exclusum
2383 5239 2563 5285 autem
2599 5230 2667 5286 iri
2718 5230 2785 5284 ab
2824 5228 2928 5283 hac
2965 5227 3258 5282 donatione
3302 5242 3401 5295 pro

1859 5335 1979 5398 pter
2012 5341 2167 5381 suam
2210 5323 2647 5378 incredulitatem
2695 5319 3139 5388 impietatemque
3185 5316 3427 5383 Jndazos,

1857 5418 1952 5489 qui
1992 5426 2173 5471 tamen
2207 5416 2535 5471 videbantur
2580 5414 2637 5469 in
2681 5422 2789 5466 tam
2828 5411 3029 5483 inclyto
3058 5411 3276 5465 virtutis
3314 5426 3430 5464 ma-

1858 5508 2082 5581 gisterio
2112 5506 2345 5562 versari.
2378 5504 2506 5560 Haec
2538 5504 2852 5560 necessario
2880 5502 3156 5573 propheta:
3186 5502 3427 5556 animum

1856 5600 2223 5673 torquebant,
2296 5599 2604 5655 luctuosum
2687 5611 3080 5667 usquequaque
3149 5594 3425 5666 negotium
