3860 6530
252 5778 311 5821 ί.-
350 5762 409 5817 .5]

507 340 610 398 39.7
1694 336 2048 393 TIIEODORI
2081 337 2308 396 MDPSU
2323 338 2563 396 ESTENI
3641 349 3724 406 3:3

507 455 805 519 cernentis,
845 454 1125 523 vicemque
1155 451 1467 509 Iudaeorum
1496 460 1558 506 ut
1589 467 1689 523 par
1728 465 1848 508 erat
1883 454 2077 508 dolen-

2189 456 2333 509 λουσι
2395 456 2718 526 ύπομένείνο
2748 456 3068 531 ὀδυρόμενος
3114 459 3173 514 δὲ
3225 462 3275 515 εί
3307 462 3402 515 καὶ
3432 461 3530 516 νῦν
3555 464 3618 517 ὲκ
3652 471 3731 537 τῆς

506 548 603 610 tis.
643 548 737 617 qui
784 554 931 599 tanta
966 545 1233 615 dignitate
1275 559 1401 600 cum
1447 555 1654 609 essent,
1700 543 1757 597 in
1804 544 1936 598 talia
1969 544 2086 599 rui-

510 640 619 693 turi
661 646 837 693 erant.
888 635 1101 691 Rursus
1134 636 1400 706 propheta
1449 637 1733 700 maerebat,
1781 636 1909 705 quia
1950 652 2086 706 pra:-

511 730 650 785 senti
698 727 1061 782 Ninivitarum
1127 728 1536 797 comparatione
1588 726 1865 796 digniores
1925 742 2086 797 poena

512 820 708 875 ﬁebant
732 818 905 873 ,ἰυόωὶ
940 837 952 873 :
994 828 1109 873 tum
1154 819 1208 873 in
1241 828 1521 889 posterum
1568 818 1820 873 districto
1858 820 2085 887 repudio

507 908 819 964 dimittendi
880 917 1058 973 erant,
1110 925 1221 979 pra:
1267 909 1494 979 reliquis
1552 909 1753 979 ubique
1814 917 2085 964 terrarum

508 1001 901 1056 cxsistentibus
934 1002 1154 1072 populis
1194 1002 1260 1055 ad
1293 1001 1573 1071 religionis
1601 1015 1742 1054 vene
1775 1001 2085 1054 doctrinam

508 1090 836 1144 accesseris.
868 1088 1005 1142 Nam
1035 1088 1083 1143 si
1129 1090 1321 1145 beatus
1366 1088 1569 1144 Paulus
1600 1090 1746 1158 luget
1775 1103 1963 1143 eorum
1994 1104 2086 1144 re-

501 1180 817 1249 jectionem,
870 1196 935 1236 ac
973 1196 1233 1252 supremo
1283 1197 1343 1238 se
1393 1197 1755 1238 occursurum
1815 1183 2087 1253 supplicio

507 1271 744 1328 libenter
786 1288 975 1328 eorum
1021 1288 1189 1329 causa
1222 1274 1319 1338 ait,
1359 1282 1419 1327 ut
1448 1274 1533 1329 his
1561 1274 1627 1328 ad
1665 1274 1903 1328 cilicium
1931 1290 2087 1329 revo-

507 1365 644 1422 catis
687 1365 922 1421 efficeret
960 1380 1067 1420 non
1112 1366 1359 1421 inutilem
1405 1376 1613 1420 tantam
1654 1364 1748 1421 Dei
1797 1366 2089 1437 providen-

505 1457 681 1512 tiam:
725 1475 743 1507 ι
778 1456 918 1512 Vere
965 1458 1111 1511 enim
1165 1458 1219 1511 in
1253 1456 1474 1512 Christo
1507 1457 1649 1519 dico.
1684 1472 1794 1512 non
1826 1457 2083 1521 mentior,

512 1547 888 1602 testimonium
929 1548 1247 1619 perhibente
1296 1548 1431 1603 mihi
1482 1548 1819 1604 conscientia
1866 1563 1985 1603 mea
2029 1547 2083 1601 in

509 1637 716 1709 Spiritu
747 1649 960 1704 sancto,
1010 1642 1268 1711 quoniam
1324 1642 1549 1697 tristitia
1599 1649 1682 1695 est
1716 1639 1849 1693 mihi
1890 1654 2084 1709 magna

507 1740 563 1786 et
591 1732 889 1787 continuus
915 1733 1071 1788 dolor
1115 1734 1265 1789 cordi
1308 1748 1449 1789 meo.
1498 1731 1762 1800 Optabam
1804 1730 1947 1785 enim
1984 1744 2084 1800 ego

508 1826 625 1897 ipse
658 1830 951 1885 anathema
989 1845 1112 1885 esse
1150 1846 1179 1884 a
1213 1830 1434 1884 Christo
1483 1843 1582 1899 pro
1631 1827 1894 1881 fratribus
1923 1826 2081 1892 meis,

505 1923 600 1991 qui
639 1934 766 1977 sunt
793 1924 1011 1994 cognati
1057 1923 1161 1977 mei
1201 1923 1504 1977 secundum
1540 1935 1786 1983 carnem,
1831 1919 1921 1987 qui
1952 1925 2083 1973 sunt

505 2010 797 2073 Israelita;
847 2028 1079 2083 quorum
1120 2013 1277 2083 157
1324 2011 1544 2081 adoptio
1592 2019 1676 2066 est
1716 2012 1769 2064 in
1821 2009 1982 2071 tilios,
2030 2015 2085 2064 et

505 2104 676 2172 gloria
725 2114 779 2159 et
830 2112 1215 2159 testamentum
1267 2112 1322 2158 et
1374 2103 1641 2173 legislatio
1686 2109 1741 2156 et
1789 2101 1972 2155 cultus
2032 2107 2086 2154 et

506 2195 945 2264 promissiones;
995 2210 1229 2266 quorum
1288 2202 1492 2264 patres,
1533 2203 1587 2249 et
1635 2208 1702 2247 ex
1754 2191 1955 2260 quibus
2004 2195 2085 2244 est

506 2286 758 2343 Christus
796 2288 1094 2345 secundum
1131 2302 1376 2351 carnem,
1418 2286 1512 2356 qui
1560 2291 1645 2340 est
1690 2298 1855 2352 super
1894 2280 2079 2335 omnia

507 2375 651 2434 Deus
707 2378 1031 2435 benedictus
1081 2380 1138 2434 in
1201 2379 1441 2445 saecula,
1488 2391 1648 2431 amen
1693 2376 1761 2429 ".
1814 2391 1833 2425 ι
1888 2370 2082 2427 Nonne

506 2470 635 2524 hinc
669 2480 907 2536 constat,
954 2471 1249 2543 prophetas
1279 2484 1499 2540 quoque
1531 2466 1721 2522 eadem
1751 2462 1919 2520 animi
1950 2459 2081 2515 alre-

506 2562 684 2616 ctione
716 2564 989 2630 praeditos,
1031 2563 1363 2632 ingemuisse
1392 2576 1557 2632 super
1590 2560 1679 2615 his
1720 2565 1887 2627 atque
1922 2552 2150 2615 luxisse,

507 2652 805 2706 debantur?

579 2744 804 2814 Propter
839 2744 941 2800 hoc
984 2743 1165 2815 fugam
1197 2760 1418 2815 quoque.
1457 2742 1721 2813 propheta
1757 2735 2078 2798 maturavit,

509 2851 741 2907 sperans
770 2850 831 2891 se
858 2840 1242 2893 necessitatem
1271 2838 1568 2892 vitaturum
1602 2830 1877 2913 faciendae
1894 2828 1961 2882 ad
1983 2825 2080 2880 Ni-

508 2930 706 2984 nivitas
744 2931 1134 3000 praedictionis,
1165 2941 1330 3001 atque
1365 2931 1490 2984 hinc
1526 2925 1915 2997 impediturum
1944 2934 2082 2991 quo-

2184 545 2291 600 τῶν
2312 546 2605 600 Νινευῖτῶν
2620 548 2991 620 παραθέσεως,
3010 553 3279 623 τιμωρίας
3299 551 3438 618 ἄξιοι
3462 555 3733 623 φαίνοιντο·

2186 636 2278 689 καὶ
2306 636 2444 706 μετά
2471 636 2631 690 τοῦτό
2653 655 2716 706 γε
2741 639 2976 710 παντελῆ
2997 640 3093 712 τὴν
3119 642 3391 713 ἀποϐολὴν
3411 644 3736 715 ὑπομένοιεν,

2186 726 2484 797 παραθέσει
2506 728 2615 782 τῶν
2645 746 2702 781 τε
2732 730 3039 802 ἅπανταχοῦ
3071 733 3169 803 γῆς
3190 733 3360 787 ὄντων
3391 736 3560 789 ὲθνῶν
3589 754 3739 807 προσο

2190 816 2422 889 ιέναιτῇ
2464 818 2564 890 τῆς
2615 819 2898 885 εὐσεϐείας
2955 821 3257 892 μελλόντων
3309 826 3630 895 διδασκαλίᾳ⁵
3657 844 3669 857 ·
3700 830 3740 880 εἰ

2184 908 2293 979 γάρ
2319 912 2348 964 ὁ
2388 910 2655 980 μακάριος
2699 912 2913 977 Παῦλος
2944 913 3197 987 ὀδύρεται
3252 917 3430 971 αὐτῶν
3461 918 3737 988 ἀποϐολὴν,

2186 1001 2282 1054 καὶ
2308 1001 2408 1061 τὴν
2438 1003 2672 1073 ἐσχάτην
2701 1003 2905 1072 ἔφασκε
2935 1007 3205 1078 τιμωρίαν
3233 1009 3531 1078 ὑπομενεῖν
3565 1009 3739 1080 ήδέως,

2185 1092 2327 1146 ὥστε
2356 1092 2580 1157 τούτους
2615 1094 2752 1165 πρὸς
2778 1094 2839 1149 τὸ
2858 1095 2978 1148 δέον
3010 1096 3236 1161 ίδόντας,
3268 1098 3341 1169 μή
3362 1100 3461 1169 τὴν
3489 1098 3741 1182 τοσαύτην

2186 1183 2272 1236 ἐπ’
2317 1183 2499 1247 αὐτοῖς
2552 1186 2920 1256 γεγενημένην
2956 1187 3273 1258 ἐπιμέλειαν
3301 1188 3455 1259 παρὰ
3486 1188 3582 1242 τοῦ
3622 1189 3741 1243 Θεοῦ

2186 1275 2446 1346 περιττὴν
2489 1276 2827 1347 ἀποφῆναιί
2871 1277 3152 1350 Ἀλήθειαν
3198 1282 3305 1352 γὰρ
3352 1282 3492 1350 λέγω
3531 1284 3591 1337 ἐν
3624 1284 3743 1352 Χριο

2188 1364 2318 1435 στῷ,
2353 1367 2414 1419 ού
2465 1365 2750 1439 ψεύδομαι,
2785 1373 3281 1443 συμμαρτυρούσης
3322 1390 3412 1443 μοι
3439 1373 3541 1443 τῆς
3581 1391 3742 1427 συνει-

2186 1456 2390 1529 δήσεώς
2422 1476 2524 1529 μου
2575 1462 2632 1512 ὲν
2686 1461 2960 1532 Πνεύματι
2993 1464 3259 1535 άγίῳ,ὅτι
3308 1465 3453 1535 λύπη
3503 1482 3598 1535 μοι
3642 1466 3744 1519 ἐστὶ

2189 1548 2401 1621 μεγάλη
2430 1551 2523 1605 καὶ
2552 1552 2892 1617 ἀδιάλειπτος
2921 1554 3079 1627 ὀδύνη
3112 1559 3178 1627 τῇ
3201 1556 3394 1628 καρδίᾳ
3428 1574 3530 1627 μου
3555 1572 3571 1585 ·
3597 1558 3744 1629 ηὐχό-

2190 1658 2295 1711 μην
2314 1643 2421 1713 γὰρ
2453 1643 2699 1715 ἀνάθεμα
2732 1640 2870 1700 εἶναι
2914 1647 3075 1712 αὐτὸς
3113 1648 3224 1716 ἐγὼ
3252 1649 3359 1701 ἀπὸ
3394 1648 3491 1702 τοῦ
3522 1649 3742 1720 Χριστοῦ

2188 1729 2327 1801 ὑπὲρ
2343 1731 2449 1785 τῶν
2469 1733 2712 1803 ἀδελφῶν
2730 1753 2831 1805 μου
2850 1736 2960 1791 τῶν
2978 1738 3254 1806 συγγενῶν
3280 1756 3379 1809 μου
3398 1738 3539 1793 κατὰ
3556 1740 3741 1811 σάρκα,

2183 1821 2377 1886 οἵτινές
2405 1824 2542 1876 είσιν
2586 1825 2913 1897 Ἰσραηλῖται
2944 1842 2959 1856 ⁸
2996 1821 3071 1882 ὧν
3112 1830 3146 1899 ή
3173 1828 3411 1882 υἱοθεσία
3444 1830 3538 1884 καὶ
3564 1830 3599 1898 ἡ
3632 1829 3742 1894 δόξα

2185 1912 2278 1963 καὶ
2303 1912 2336 1983 ή
2366 1912 2597 1985 διαθήκη
2628 1920 2721 1971 καί¹
2750 1920 2782 1990 ἡ
2808 1921 3098 1993 νομοθεσία
3128 1925 3221 1978 καὶ
3245 1926 3278 1995 ή
3318 1924 3543 1995 λατρεία
3574 1927 3666 1979 καὶ
3695 1927 3741 1977 cl

2186 2004 2506 2073 ἐπαγγελίαι
2526 2023 2539 2035 '
2567 2004 2642 2065 ὧν
2674 2012 2724 2064 οί
2763 2013 3019 2085 πατέρες,
3050 2016 3143 2069 καὶ
3174 2016 3234 2081 ἐξ
3260 2012 3335 2071 ὧν
3362 2019 3391 2071 ό
3434 2019 3663 2088 Χριστὸς
3691 2020 3742 2067 τὸ

2185 2096 2327 2149 κατὰ
2369 2099 2546 2169 σάρκα
2566 2140 2581 2165 ,
2608 2104 2636 2156 ό
2665 2103 2740 2156 ῶν
2782 2106 2875 2159 ἐπὶ
2928 2106 3147 2161 πάντων
3194 2108 3325 2172 Θεὸς
3356 2108 3646 2179 εὐλογητὸς
3674 2112 3741 2171 εἰς

2184 2188 2309 2251 τοὺς
2334 2189 2743 2265 αίῶνας,ἁμήν·
2782 2214 2802 2249 ι
2839 2196 2958 2262 πῶς
2993 2200 3053 2253 ού
3100 2200 3366 2272 πρόδηλον
3398 2205 3481 2257 ὅτι
3518 2200 3618 2271 τὴν
3660 2200 3742 2253 αὖ·

2185 2276 2286 2349 τὴν
2323 2278 2535 2351 ἔχοντες
2564 2285 2659 2338 καὶ
2688 2287 2736 2339 oi
2787 2289 3062 2361 προφῆται
3105 2292 3349 2365 γνώμην,
3388 2293 3657 2365 ὠδύροντό
3694 2309 3741 2346 ’.τ

2186 2370 2279 2424 ἐπὶ
2302 2371 2509 2440 τούτοις
2534 2379 2627 2432 καὶ
2649 2379 2910 2452 ἐθρήνουν
2928 2422 2944 2442 .
2992 2384 3104 2438 εἴτε
3139 2386 3248 2440 τῶν
3267 2388 3389 2441 τότε
3424 2386 3742 2457 γιγνομένων

2185 2458 2391 2529 ἕνεκεν,
2422 2465 2531 2519 εἴτε
2564 2468 2659 2522 καὶ
2682 2470 2789 2525 τῶν
2820 2474 3172 2544 μηνυομένων
3199 2476 3416 2531 ἔσεσθαι
3448 2477 3691 2549 ὕστερον.

2187 2552 2301 2609 sive
2333 2557 2403 2611 ob
2435 2574 2499 2615 ea
2538 2576 2657 2631 qua:
2688 2573 3003 2631 evenerant,
3054 2568 3169 2623 sive
3196 2569 3267 2624 ob
3295 2585 3359 2624 ea
3387 2585 3509 2640 quae
3536 2578 3742 2641 porten-

2266 2734 2437 2807 ’Υπὲρ
2470 2737 2579 2810 γάρ
2620 2739 2808 2794 τούτου
2856 2744 2949 2798 καὶ
2992 2744 3091 2816 τὴν
3118 2744 3295 2815 φυγήν
3317 2747 3344 2799 ό
3372 2746 3655 2817 προφήτης
3679 2745 3743 2800 εί-

2184 2826 2326 2893 λετο,
2357 2830 2599 2901 οἰόμενος
2621 2831 3005 2901 διαφεύξεσθαι
3031 2853 3087 2888 τε
3108 2835 3205 2906 τήν
3229 2836 3363 2907 πρὸς
3392 2837 3517 2900 τοὺς
3547 2838 3742 2891 Νινευῖ-

2185 2934 2283 2982 τας
2312 2921 2561 2990 μήνυσιν,
2595 2922 2687 2975 καὶ
2727 2923 2987 2977 κωλύσειν
3031 2924 3097 2978 τά
3128 2926 3375 2979 ἐντεῦθεν
3398 2927 3650 2995 ἐσόμενα,
3676 2928 3739 2995 (p.

508 3022 692 3076 minus
724 3037 787 3075 ea
837 3024 1237 3093 contingerent,
1270 3036 1393 3092 quae
1449 3020 1795 3075 manifestam
1847 3013 2084 3070 Iudaicae

2189 3009 2314 3082 239)
2348 3012 2440 3081 ἀφ’
2471 3004 2544 3064 ὧν
2566 3012 2628 3083 δὴ
2662 3014 2849 3083 σαφῶς
2888 3017 2921 3086 ή
2951 3015 3058 3069 τῶν
3104 3016 3376 3070 Ἰουδαίων
3416 3017 3742 3072 ἐπεδείκνυτο

508 3115 729 3169 malitia:
753 3113 1171 3184 patefactionem
1203 3113 1435 3167 allatura
1465 3118 1641 3167 erant.
1670 3107 1789 3163 Jam
1817 3120 1940 3177 quae
1959 3118 2088 3159 con-

470 3215 698 3269 ,secuta
727 3214 876 3267 sunt,
922 3203 1088 3258 dictis
1137 3205 1272 3258 meis
1297 3203 1615 3273 sulfragium
1654 3197 1882 3252 addunt.
1921 3193 2087 3249 Nam-

507 3311 615 3367 que
652 3295 921 3360 Ninivitte,
953 3296 1044 3364 qui
1082 3302 1232 3347 tanta
1261 3295 1544 3348 alacritate
1570 3291 1638 3345 ad
1660 3291 1916 3344 virtutem
1943 3301 2091 3341 nien-

509 3396 618 3443 tem
651 3394 1058 3449 converterant,
1109 3386 1360 3439 bellicam
1392 3382 1795 3454 expeditionem
1824 3378 2087 3433 adversus

509 3478 786 3532 Israelitas
843 3476 1006 3545 paulo
1075 3484 1202 3544 post
1266 3479 1672 3544 susceperunt;
1754 3468 2088 3538 reliquisque

507 3572 669 3624 etiam
704 3569 759 3622 in
787 3569 1159 3638 captivitatem
1190 3567 1421 3632 abactis,
1449 3579 1667 3620 summa
1695 3563 1747 3617 vi
1776 3562 2085 3618 vastitatem

508 3660 905 3731 Hierosolymis
946 3659 1082 3729 ipsis
1136 3656 1341 3713 inferre
1375 3654 1558 3711 conati
1602 3662 1732 3710 sunt
1767 3671 1781 3708 :
1817 3667 1979 3724 quam
2016 3652 2085 3707 ob

507 3769 621 3807 rem
651 3768 842 3822 poenas
870 3767 1088 3822 quoque
1113 3751 1381 3806 maximas
1412 3748 1521 3804 Deo
1552 3748 1793 3812 luerunt,
1831 3757 1969 3816 quas
1990 3741 2083 3814 qui

508 3846 829 3918 pradixerat
856 3843 1139 3899 Nahumus
1164 3840 1673 3914 propheta,scriptis
1693 3853 1910 3909 quoque
1933 3851 2086 3891 com-

508 3937 804 3992 mendavit.
857 3936 1026 4005 Igitur
1065 3935 1218 3989 Jonze
1270 3933 1573 4006 prophetia,
1621 3944 1834 3986 necnon
1872 3944 1936 3984 ea
1963 3941 2086 3999 qua:

507 4045 603 4101 per
639 4029 693 4083 id
726 4040 942 4099 tempus
988 4027 1247 4083 Ninivitis
1271 4027 1609 4085 acciderunt.
1658 4020 2083 4093 signiﬁcationes

506 4120 709 4175 divinae
736 4122 927 4191 gratiae
968 4120 1211 4186 fuerunt,
1253 4117 1416 4187 cujus
1464 4115 1702 4186 impulsu
1733 4123 1842 4168 tam
1884 4112 2083 4182 procli-

508 4226 626 4265 vem
649 4210 832 4267 cuncti
865 4211 933 4265 ad
958 4212 1217 4265 virtutem
1245 4206 1662 4264 conversionem
1690 4204 1902 4274 experti
1931 4210 2080 4258 sunt.

507 4301 741 4357 Naliumi
774 4318 905 4358 vero
942 4303 1227 4374 prophetia
1267 4301 1612 4357 demonstrat
1641 4296 1959 4353 earumdem
1986 4294 2082 4349 Ni—

2191 3104 2357 3158 κακία
2380 3121 2392 3135 ·
2419 3105 2636 3176 ἔλεγχος
2664 3108 2721 3161 δὲ
2758 3109 2865 3163 τῶν
2900 3112 3204 3182 εἰρημένων
3240 3111 3309 3166 τὰ
3354 3112 3492 3182 μετὰ
3539 3111 3704 3166 ταῦτα
3728 3127 3739 3138 ”

2190 3195 2465 3249 Νινευῗται
2492 3197 2600 3267 γὰρ
2633 3200 2681 3251 oi
2715 3199 2850 3269 μετὰ
2877 3200 3142 3268 τοσαύτης
3177 3201 3523 3272 ἑτοιμότητος
3547 3202 3645 3271 τὴν
3665 3200 3742 3252 ἐπὶ

2188 3288 2249 3341 τὸ
2277 3291 2523 3361 κρεῖττον
2561 3287 2845 3360 δεξάμενοι
2879 3291 3200 3363 μεταϐολὴν,
3237 3292 3671 3364 ὲπεστράτευσάν
3694 3308 3741 3341 τε

2191 3380 2308 3450 μετ’
2333 3380 2394 3433 ού
2430 3379 2561 3433 πολὺ
2594 3385 2708 3446 τοῖς
2752 3383 3131 3455 Ἰσραηλίταις,
3150 3384 3243 3438 καὶ
3276 3385 3400 3447 τοὺς
3423 3382 3643 3447 λοιποὺς
3674 3384 3744 3434 αἱ·

2187 3471 2504 3541 χμαλώτους
2552 3473 2825 3538 λαϐόντες,
2869 3475 3126 3546 πλείστην
3155 3476 3310 3545 ἔσχον
3358 3475 3454 3531 καὶ
3486 3475 3553 3529 τὰ
3593 3475 3737 3545 Ἰερο-

2189 3562 2396 3634 σόλυμα
2438 3564 2708 3636 πορθῆσαι
2760 3565 3024 3636 σπουδήν·
3062 3566 3200 3637 ὑπὲρ
3231 3561 3305 3618 ὦν
3356 3564 3419 3635 δὴ
3454 3564 3548 3617 καὶ
3589 3581 3741 3633 τιμω-

2190 3655 2310 3724 ρίαν
2360 3653 2605 3720 ὲδέξαντο
2638 3657 2788 3729 παρὰ
2809 3657 2902 3710 τοῦ
2960 3656 3094 3710 Θεοῦ
3126 3656 3418 3728 μεγίστην.
3453 3656 3520 3726 ῆν
3564 3655 3740 3721 Ναοὺμ

2184 3748 2215 3800 ὁ
2263 3749 2548 3818 προφήτης
2594 3747 2923 3818 μεμηνυκὼς
2968 3747 3353 3801 καταλέλοιπεν
3394 3749 3450 3800 ὲν
3491 3745 3700 3815 βιϐλίοις
3725 3757 3739 3770 ⁸

2184 3836 2325 3893 ὥστε
2374 3839 2473 3910 τὴν
2518 3839 2615 3909 μὲν
2662 3839 2757 3892 τού
2804 3840 2959 3895 Ἰωνᾶ
3001 3839 3336 3912 προφητείαν
3360 3878 3375 3903 ,
3406 3841 3501 3891 καὶ
3539 3838 3606 3890 τὰ
3636 3836 3739 3888 τότε

2186 3932 2315 4000 περὶ
2367 3933 2494 3996 τοὺς
2538 3933 2831 3998 Νινευῖτας
2881 3934 3161 4002 γεγονότα,
3209 3932 3435 4003 μήνυσιν
3474 3932 3572 4000 τῆς
3610 3927 3739 3988 θείως

2184 4023 2403 4094 χάριτος
2434 4019 2592 4087 εἶναι,
2620 4024 2740 4077 καθ’
2764 4026 2829 4096 ἦν
2858 4023 3000 4078 οὕτω
3026 4024 3214 4095 ῥᾳδίαν
3238 4024 3336 4095 τὴν
3359 4023 3451 4076 ἐπὶ
3483 4021 3541 4074 τὸ
3578 4021 3740 4091 κρεῖτ-

2182 4132 2273 4193 τον
2313 4116 2615 4188 μεταϐολὴν
2657 4116 2902 4193 ἐδέξαντο
2949 4117 3149 4181 πάντες
3170 4135 3183 4148 ο
3225 4117 3324 4187 τὴν
3350 4116 3407 4169 δὲ
3440 4113 3534 4167 τοῦ
3565 4111 3738 4177 Ναοὺμ

2180 4209 2411 4271 δήλωσιν
2465 4209 2612 4280 ἔχειν
2664 4210 2762 4280 τῆς
2799 4192 2979 4263 αύτῶν
3012 4210 3235 4264 ἐκείνων
3288 4206 3584 4279 μοχθηρίας
3605 4247 3617 4268 ,
3653 4195 3739 4269 ἀφ’

2181 4296 2249 4375 ἧς
2270 4304 2715 4375 ὲπικεχειρήκασί
2736 4321 2796 4358 τε
2823 4304 3097 4368 τοσούτοις
3126 4306 3337 4366 κακοῖς,
3370 4302 3465 4354 καὶ
3486 4295 3739 4369 τιμωρίαν

508 4393 804 4448 nivitarum
836 4394 1264 4465 improbitatem,
1289 4396 1450 4463 cujus
1478 4393 1735 4447 instinctu
1762 4400 1909 4445 tanta
1939 4389 2079 4444 mala

2189 4396 2325 4467 ὑπὲρ
2365 4397 2618 4451 ἁπάντων
2667 4396 2911 4462 ἐδέξαντο
2943 4398 3041 4467 τὴν
3091 4395 3247 4461 ἀξίαν
3279 4411 3294 4427 ο
3327 4394 3422 4448 καὶ
3456 4392 3620 4446 ταῦτα
3652 4388 3738 4457 μὲν

510 4486 947 4557 capessiverunt,
976 4487 1265 4557 iustasque
1286 4487 1503 4542 demum
1533 4485 1799 4541 scelerum
1838 4483 2081 4538 omnium

507 4592 701 4648 ρωπος
735 4579 1135 4634 sustinuerunt.
1178 4578 1358 4649 Atque
1390 4580 1525 4642 hate,
1566 4592 1687 4647 qua:
1736 4576 1897 4631 beato
1932 4573 2085 4629 Jonas

508 4670 639 4724 olim
668 4671 1006 4735 acciderunt,
1041 4673 1123 4725 vel
1163 4670 1231 4725 de
1254 4671 1443 4726 eodem
1490 4671 1637 4725 dicta
1678 4675 1827 4729 sunt.
1868 4682 1957 4731 ea,
1994 4667 2081 4721 in-

508 4772 694 4826 quam,
725 4759 905 4813 omnia
923 4759 978 4813 in
999 4757 1147 4813 Novo
1170 4768 1355 4830 postea
1387 4762 1739 4814 Testamento
1758 4758 2083 4822 instaurata,

511 4848 673 4903 sicuti
704 4848 819 4917 jam
877 4848 1014 4915 dixi,
1065 4849 1188 4918 jure
1222 4850 1531 4920 meritoque
1579 4850 1769 4905 videre
1816 4858 1922 4905 est.
1973 4851 2086 4920 Age

511 4956 643 4995 vero
675 4955 768 4996 res
803 4941 949 5009 illas,
988 4957 1110 5012 quae
1138 4951 1269 4998 tunc
1298 4951 1465 5013 gestae
1488 4943 1778 5012 libelloque
1806 4956 2087 4998 commen—

509 5033 650 5088 datae
680 5032 924 5099 fuerunt,
960 5041 1013 5090 et
1042 5051 1162 5105 quaz
1196 5036 1247 5089 ei
1286 5035 1516 5105 tempori
1547 5036 1843 5105 plurimum
1877 5034 2087 5089 emolu-

511 5133 751 5181 mentum
788 5134 951 5197 atque
984 5141 1143 5182 usum
1179 5128 1570 5193 exhibuerunt,
1619 5142 1686 5182 ex
1720 5126 1925 5182 eisdem
1970 5124 2086 5181 sin-

510 5217 745 5287 gillatim
797 5232 1214 5289 cognoscemus,
1262 5234 1496 5288 quarum
1528 5219 1642 5290 jam
1681 5216 2088 5287 interpretatim

510 5322 631 5360 nem
667 5306 776 5363 Deo
810 5309 1035 5378 auspice
1068 5308 1472 5378 aggrediemur.

1182 5398 1336 5453 CAP.
1378 5398 1419 5454 Ι.

585 5489 745 5560 158
772 5489 937 5546 Vens.
992 5490 1043 5554 l,
1078 5494 1133 5544 '1.
1168 5519 1241 5531 —-
1293 5509 1313 5542 ι
1364 5490 1429 5543 Et
1476 5488 1678 5546 factum
1726 5500 1811 5547 est
1863 5490 2089 5546 verbum

514 5579 724 5635 Domini
766 5583 832 5636 ad
864 5582 1058 5638 Jonam
1093 5583 1313 5639 Amathi
1345 5582 1515 5638 tilium
1551 5584 1744 5639 dicens
1774 5602 1788 5638 :
1825 5582 2000 5656 Surge
2037 5591 2091 5639 et

512 5672 648 5728 vade
680 5673 909 5730 Niniven
930 5677 983 5730 in
1009 5677 1198 5732 urbem
1233 5692 1509 5750 magnam,
1532 5684 1697 5748 atque
1726 5676 1797 5731 ibi
1828 5676 2091 5747 praedica-

584 5789 629 5822 ⁷⁶
657 5788 813 5845 Rom.
848 5793 974 5858 si,l
1015 5807 1138 5863 sqq.

2190 4487 2250 4553 ἐξ
2275 4489 2527 4542 ἁπάντων
2564 4490 2671 4542 τῶν
2709 4490 2838 4561 περὶ
2878 4488 2971 4542 τὸν
3022 4488 3291 4559 μακάριον
3335 4486 3519 4539 Ίωνᾶν
3545 4476 3741 4549 γεγονὸ-

2185 4594 2295 4632 των
2346 4594 2404 4631 τε
2458 4578 2858 4649 πρότερονηκαὶ
2899 4576 3226 4648 είρημένων,
3258 4575 3481 4644 ὕστερον
3514 4572 3601 4622 ἐπὶ
3652 4565 3742 4632 τῆς

2188 4669 2396 4739 Καινῆς
2430 4669 2725 4740 Διαθήκης,
2744 4668 2886 4722 καθά
2918 4666 3151 4739 πρόσθεν
3176 4665 3508 4732 ἐδείκνυμεν,
3538 4658 3742 4714 εἰκότως

2187 4761 2341 4832 γνοίη
2370 4778 2455 4824 τις
2486 4761 2551 4815 ἄν
2570 4777 2585 4791 ο
2612 4761 2682 4814 τὰ
2712 4760 2773 4815 δέ
2799 4777 2861 4832 γε
2886 4760 3005 4814 τότε
3028 4758 3290 4828 γεγονότα
3322 4772 3380 4808 τε
3413 4753 3507 4806 καὶ
3536 4749 3619 4805 διὰ
3654 4749 3744 4815 τῆς

2187 4851 2281 4905 τοῦ
2330 4851 2534 4922 βιϐλίου
2575 4851 2878 4923 δηλούμενα
2933 4847 3279 4919 συγγραφῆς,
3318 4846 3354 4899 ἃ
3393 4845 3455 4913 δὴ
3493 4842 3582 4896 καὶ
3615 4837 3745 4893 κατά

2189 4942 2281 4997 τὸν
2310 4942 2500 5014 καιρὸν
2548 4944 2752 4997 ἐκεῖνον
2787 4940 3050 5012 μεγίστην
3096 4941 3207 5000 τοῖς
3244 4936 3364 4990 τότε
3388 4935 3488 5004 τήν
3520 4948 3573 4985 τε
3608 4926 3745 4995 ὡφέο

2190 5034 2340 5088 λειαν
2371 5035 2674 5106 παρέσχετο
2706 5034 2799 5088 καὶ
2832 5032 3043 5104 χρείαν,
3074 5030 3133 5096 ἐξ
3163 5029 3341 5083 αὐτῶν
3365 5022 3618 5096 είσόμεθα
3646 5016 3745 5072 τῶν

2190 5127 2333 5182 κατὰ
2362 5128 2547 5198 μέρος,
2568 5121 2753 5198 ὧνπερ
2771 5121 2864 5180 οὖν
2889 5123 2981 5178 καὶ
3018 5120 3305 5193 ἑρμηνείας
3346 5115 3585 5189 ἁψόμεθα
3618 5106 3745 5164 Θεοῦ

2192 5220 2445 5283 διδόντος.

2845 5395 3005 5448 ΚΕΦ.
3039 5394 3116 5446 Α’.

2264 5488 2412 5560 Στίχ.
2435 5493 2504 5553 α’,
2533 5487 2673 5558 β’.-
2700 5486 2776 5558 (p.
2807 5486 2936 5556 240)
2964 5505 2982 5537 ι
3006 5483 3117 5538 Καὶ
3137 5480 3350 5552 ἐγένετο
3379 5478 3528 5545 λόγος
3548 5471 3748 5543 Κυρίου

2194 5581 2330 5651 πρὸς
2372 5580 2554 5635 Ἰωνᾶν
2588 5578 2678 5632 τὸν
2715 5578 2810 5631 τοῦ
2856 5574 3055 5647 Ἀμαθὶη
3084 5573 3290 5642 λέγων·
3337 5564 3617 5634 Ἀνάστηθι
3664 5562 3752 5614 καὶ

2196 5671 2489 5747 πορεύθητι
2537 5672 2615 5736 είς
2668 5668 2869 5738 Νινευὴ
2924 5667 3023 5738 τὴν
3054 5665 3208 5719 πόλιν
3236 5662 3337 5734 τὴν
3382 5657 3635 5734 μεγάλην.
3666 5653 3751 5708 καὶ
