3954 6508
152 397 239 453 529

1180 391 1730 448 COMMENTARIUS
1767 392 1833 447 IN
1872 392 2065 449 JUN/E
2106 393 2258 450 CAP.
2288 394 2325 451 Ι.

3286 396 3389 452 550
3422 400 3436 424 δ

156 512 367 585 κήρυξον
394 512 451 564 ὲν
485 511 739 581 αὐτῇ,ὅτι
761 510 927 582 ἀνέϐη
962 510 1178 581 κραυγὴ
1200 510 1300 581 τῆς
1326 510 1523 573 κακίας
1541 511 1721 564 αὐτῶν

1828 526 1910 576 ea,
1943 511 2085 581 quod
2118 512 2237 581 ejus
2267 510 2534 567 scelerum
2572 511 2780 566 clamor
2813 511 2880 566 ad
2918 526 3002 567 me
3048 526 3218 582 usque
3257 527 3391 568 con-

156 604 270 676 πρός
304 621 391 674 με.
444 623 463 654 ι
506 603 871 672 Ἀποκάλυψιν
910 602 1060 656 θείαν
1098 602 1338 668 ἐδέξατο.
1380 602 1565 672 φησὶν,
1604 603 1717 655 Ἰωο

156 698 237 760 νᾶς
263 698 291 749 ὁ
328 696 616 765 προφήτης
664 696 743 757 εἰς
774 693 978 764 Νινευὴ
1025 693 1126 764 τὴν
1162 694 1316 747 πόλιν
1362 693 1618 748 ἀπελθεῖν
1655 711 1715 747 τε

156 790 233 843 καὶ
260 785 497 857 κηρύξαι
529 787 585 839 ὲν
613 786 785 856 αὐτῇ,
810 785 886 847 ὡς
933 784 1146 855 μεγάλα
1191 801 1254 853 γε
1298 784 1479 837 αὐτῶν
1536 801 1716 856 παρα-

153 880 464 951 νομούντων,
491 878 584 931 καὶ
623 877 847 930 τοιαῦτα
878 872 966 930 οἷα
1015 877 1176 930 ἱκανά
1222 875 1301 947 τῷ
1333 876 1553 947 μεγέθει
1581 892 1716 945 συγ-

134 971 355 1039 ⁶κινῆσαι
383 968 474 1020 τὸν
507 967 638 1020 Θεόν
658 984 671 996 ο
712 966 974 1037 μεγίστην
1005 966 1061 1019 δὲ
1104 964 1244 1034 ἄγαν
1282 960 1446 1019 οὖσαν
1489 965 1588 1037 τὴν
1615 965 1715 1019 πό-

153 1062 223 1112 λιν
248 1058 343 1111 καὶ
367 1057 473 1110 ὑπὸ
520 1056 755 1126 πλήθους
805 1055 1342 1127 στενοχωρουμένην,
1380 1056 1472 1109 καὶ
1516 1055 1627 1109 τῶν
1658 1058 1718 1108 ὲν

167 1150 452 1220 Ἀσσυρίοις
472 1148 697 1202 ἀπασῶν
721 1149 840 1201 τότε
862 1166 927 1201 πε
937 1150 1221 1220 ριφανεστέ
1226 1166 1327 1220 ραν
1344 1144 1529 1209 οὖσαν,
1555 1150 1719 1217 ἀναγ-

154 1247 289 1298 καῖον
316 1239 385 1313 ἦν
413 1242 471 1307 ἐξ
500 1242 666 1311 ἀκοῆς
702 1245 813 1304 τοῖς
849 1242 990 1295 κατὰ
1020 1242 1119 1312 τὴν
1150 1241 1405 1294 Ἰουδαίαν
1425 1240 1712 1309 ἐγνῶσθαι·

156 1334 258 1387 ὅθεν
280 1333 347 1402 δὴ
367 1333 461 1384 καὶ
487 1332 563 1394 ὡς
594 1333 684 1383 ἐπὶ
711 1332 994 1402 γνωρίμην
1014 1331 1176 1385 αὑτὸν
1195 1331 1514 1384 ἀποστέλλει
1540 1331 1714 1395 πόλιν,

150 1426 217 1489 ὡς
256 1425 354 1478 οὐκ
382 1423 502 1492 ὃψει
540 1440 604 1491 γε
646 1423 759 1475 ἀλλ’
796 1425 933 1493 ἀκοῇ
976 1423 1137 1493 μόνον
1190 1423 1360 1495 αὐτὴν
1394 1425 1599 1477 εἰδότα⁸
1634 1427 1717 1477 ἐν·

154 1519 308 1572 ταῦθα
342 1521 439 1588 μὲν
465 1514 558 1571 οὖν
604 1517 760 1571 τοῦτο
792 1517 949 1587 μόνον
984 1518 1169 1589 φησὶν,
1207 1519 1289 1572 ὅτι
1324 1537 1342 1569 ι
1377 1517 1622 1590 Κήρυξον
1662 1518 1718 1570 ἐν

153 1613 274 1681 αὐτῇ
294 1629 307 1642 ο
350 1632 367 1662 ι
394 1611 550 1681 δῆλον
577 1611 633 1663 δὲ
661 1610 736 1674 ὡς
765 1610 856 1661 ἐπὶ
902 1610 1076 1681 τούτῳ
1104 1627 1168 1679 γε
1202 1610 1503 1680 ἐπέμπετο,
1524 1612 1613 1662 ἐπὶ
1640 1609 1717 1680 τῷ

155 1706 235 1757 καὶ
260 1704 356 1775 τὴν
384 1704 766 1775 καταστροφὴν
805 1704 1098 1773 ἀπειλῆσαι
1147 1706 1212 1774 τῇ
1251 1704 1437 1768 πόλει,
1479 1706 1570 1756 καὶ
1601 1721 1716 1756 νου·

152 1796 363 1863 θετῆσαι
416 1796 542 1858 τοὺς
590 1795 873 1859 οἰκοῦντας
921 1798 1164 1861 ἅπαντας
1235 1796 1371 1868 πρὸς
1430 1796 1717 1867 μετάνοιαν

1817 601 2114 655 scenderit.
2151 621 2169 651 ι
2205 598 2524 664 Oraculum,
2555 600 2759 671 inquit,
2791 603 3036 657 divinum
3065 600 3234 658 Jonas
3264 618 3393 675 pro-

1815 692 1974 763 pheta
2014 693 2247 763 accepit,
2282 701 2342 747 ιιι
2376 693 2553 748 abiret
2596 693 2654 749 in
2692 695 2878 750 urbem
2921 694 3176 760 Niniven,
3209 697 3395 767 ibique

1815 783 2178 854 praedicaret;
2216 784 2377 853 cujus
2408 783 2559 839 cives
2594 792 2879 855 tantopere
2913 794 3134 856 tamque
3154 787 3395 857 graviter

1818 873 2137 943 peccabant,
2178 882 2237 926 ut
2280 872 2379 928 Dei
2414 874 2758 929 iracundiam
2803 877 3222 933 commoverint.
3272 874 3393 932 Jam

1816 980 1941 1018 cum
1979 965 2071 1019 illa
2105 964 2238 1020 urbs
2281 965 2516 1018 maxima
2548 974 2694 1020 esset
2725 972 2781 1020 et
2820 966 3022 1035 popqu
3051 966 3394 1023 confertissi-

1818 1074 1927 1123 ma,
1955 1066 2119 1128 atque
2148 1059 2568 1130 Assyriacarum
2601 1060 2846 1113 omnium
2877 1059 3272 1125 illustrissima,
3299 1074 3396 1115 ne-

1815 1167 1971 1207 cesse
2000 1161 2119 1207 erat
2151 1167 2271 1206 eam
2304 1151 2447 1206 fama
2482 1150 2685 1208 Iudaeis
2722 1152 3032 1209 inuotuisse
3075 1170 3088 1207 :
3138 1169 3307 1223 quare
3343 1160 3397 1208 et

1818 1241 1963 1297 Deus
2001 1242 2321 1313 prophetam
2354 1243 2523 1298 veluti
2558 1243 2624 1297 ad
2661 1244 2939 1314 cognitam
2978 1244 3166 1298 urbem
3207 1244 3395 1311 mittit,

1818 1334 1961 1390 haud
2006 1335 2123 1390 visu
2166 1343 2347 1390 tamen
2383 1336 2479 1391 sed
2526 1336 2715 1391 auditu
2760 1337 3140 1391 tantummodo
3187 1346 3396 1391 notam.

1821 1423 1917 1477 Hic
1946 1431 2123 1478 autem
2151 1440 2320 1478 unum
2360 1425 2459 1480 hoc
2494 1425 2650 1489 dicit,
2694 1441 2889 1495 nempe
2925 1434 2981 1479 ut
3013 1428 3065 1480 in
3100 1442 3162 1480 ea
3196 1425 3396 1495 praedi—

1817 1518 1926 1565 cet.
1964 1512 2129 1579 Atqui
2171 1511 2395 1580 insuper
2428 1522 2645 1569 constat
2680 1515 2907 1569 missum
2947 1530 3070 1570 eum
3122 1516 3292 1570 fuisse
3330 1514 3399 1569 ad

1821 1603 2184 1657 minitantium
2240 1619 2460 1675 quoque
2505 1606 2625 1661 urbi
2655 1606 2953 1671 excidium,
2990 1607 3397 1662 admonendos-

1820 1710 1925 1763 que
1982 1694 2194 1751 incolas
2230 1710 2445 1760 onmes,
2501 1705 2562 1752 ut
2608 1697 2674 1752 de
2705 1699 3027 1769 poenitentia
3072 1699 3395 1769 cogitarent,

1821 1803 1919 1841 r‘eu
1959 1786 2004 1841 si
2046 1787 2149 1840 hoc
2177 1798 2339 1857 pacto
2371 1789 2527 1845 urbis
2555 1792 2896 1845 eversionem
2941 1790 3157 1845 vitaturi
3194 1800 3398 1845 essent.

156 1887 287 1943 ἰδεῖν.
315 1886 391 1949 ὡς
420 1885 564 1939 οὕτω
588 1903 649 1954 γε
689 1885 1082 1957 κερδανοῦντας
1115 1888 1213 1957 τῆς
1258 1887 1468 1951 πόλεως
1493 1887 1590 1954 τὴν
1622 1904 1719 1939 καθ

1828 1879 2017 1933 Solent
2046 1880 2194 1935 enim
2229 1880 2429 1934 divina:
2459 1879 2759 1951 Scriptum
2786 1882 2956 1935 multa
2987 1882 3287 1953 congestim
3319 1881 3402 1935 di-

152 1981 452 2049 ταστροφήν
473 1996 489 2011 ’
512 1980 610 2049 τῆς
643 1978 790 2042 θείας
837 1980 1059 2050 Γραφῆς
1091 1980 1160 2033 τὰ
1191 1979 1363 2033 πολλὰ
1406 1980 1721 2051 συντέμνειν

152 2072 413 2133 εἰωθυίας,
433 2071 509 2123 ὅτ’
532 2070 597 2124 ἂν
621 2073 734 2132 τοῖς
754 2070 1186 2139 ἀναγινώσκουσι
1208 2071 1275 2124 τὰ
1303 2072 1571 2126 ἀκόλουθα
1599 2072 1723 2124 συλ-

150 2161 448 2229 λογίζεσθαι
477 2162 703 2215 δυνατὸν
723 2163 939 2235 ὑπάρχῃ
961 2181 973 2194 ·
992 2163 1115 2215 οὔτε
1139 2164 1245 2233 γὰρ
1271 2163 1455 2235 ἐπειδὴ
1490 2163 1722 2217 ἐνταῦθα

151 2247 277 2315 εἷπε,
312 2270 332 2302 ι
367 2250 623 2322 Κήρυξον
660 2253 718 2304 ὲν
755 2251 916 2321 αὐτῇ,
946 2271 968 2302 ν
1006 2252 1291 2305 ἀπέστειλε
1321 2253 1410 2305 τὸν
1438 2255 1722 2324 προφήτην

150 2343 293 2396 τοῦτο
330 2344 495 2412 μόνον
553 2340 724 2393 εἰπὼν
753 2342 781 2392 ὁ
816 2341 965 2403 Θεὸς,
1011 2341 1084 2410 (p.
1121 2341 1244 2409 241)
1274 2341 1369 2394 καὶ
1415 2343 1476 2394 οὐ
1506 2342 1722 2407 διδάξας

147 2434 176 2486 ὃ
200 2451 248 2485 τι
287 2432 420 2484 ποτὲ
468 2430 703 2503 κηρύξαι
746 2431 1022 2501 προσῆκον
1065 2426 1133 2500 ἦν
1183 2431 1372 2483 αὐτόν·
1410 2429 1522 2484 οὗθ’
1547 2433 1624 2485 ὅτ’
1656 2431 1722 2485 ἂν

147 2524 293 2594 λέγῃ,
330 2541 347 2573 ι
389 2524 512 2574 Ἔτι
544 2524 691 2591 τρεῖς
732 2519 955 2590 ἡμέραι,
1000 2521 1093 2573 καὶ
1131 2521 1329 2589 Νινευὴ
1361 2523 1721 2591 κατασκαφῆ-

151 2634 320 2675 σεται,
358 2634 376 2665 ι
416 2616 592 2668 ἐκεῖνο
626 2613 783 2684 μόνον
814 2615 988 2666 εἰπεῖν
1012 2614 1041 2665 ὁ
1080 2614 1367 2684 προφήτης
1408 2613 1719 2683 ἐκελεύσθη,

148 2708 253 2763 ἀλλ’
276 2708 421 2761 ὥστε
440 2710 506 2777 τῇ
536 2705 763 2777 μηνύσει
790 2705 890 2776 τῆς
914 2706 1297 2776 καταστροφῆς
1322 2706 1595 2775 βελτίονας
1627 2706 1725 2760 αὐ-

144 2802 262 2862 τοὺς
308 2798 738 2869 ἀπεργάσασθαι
774 2815 788 2828 ·
830 2797 1021 2851 ἐλπίδα
1050 2797 1315 2861 λαὸόντας
1336 2797 1454 2861 τοῦ,
1485 2800 1532 2850 εί
1557 2815 1725 2867 μετα-

146 2892 449 2963 μεληθεῖεν,
487 2891 741 2962 κερδᾶναι
768 2890 864 2959 τὴν
906 2888 1137 2960 ἀπειλήν
1157 2906 1171 2920 ο
1203 2890 1326 2943 ἐπεὶ
1353 2889 1448 2943 καὶ
1467 2890 1723 2961 περιττὸν

141 2984 205 3057 ἦν
229 2987 483 3041 ἀπειλεῖν
526 2986 624 3058 τὴν
667 2984 1075 3057 καταστροφὴν,
1107 2987 1155 3039 εί
1200 2985 1454 3054 γενέσθαι
1503 2986 1723 3051 πάντως

140 3079 305 3150 αὐτὴν
326 3078 523 3149 ἐχρῆν,
547 3077 703 3131 οὐθὲν
721 3078 820 3149 τῆς
853 3077 1087 3148 ἀπειλῆς
1134 3077 1344 3149 κέρδος·
1384 3076 1526 3132 ὥστε
1558 3078 1590 3150 ἢ
1628 3095 1723 3147 με-

139 3172 540 3240 ταϐαλομένους
586 3171 720 3239 γοῦν
777 3170 1032 3243 κερδᾶναι
1076 3170 1177 3243 τὴν
1221 3171 1523 3244 τιμωρίαν,
1564 3173 1597 3243 ἢ
1649 3171 1723 3244 μὴ

1823 1986 1974 2036 rere,
2012 1972 2450 2042 quotiescunque
2486 1972 2794 2041 legentibus
2823 1972 3115 2027 ratiocinio
3144 1972 3403 2042 colligere

1822 2067 2213 2135 consequentia
2261 2066 2409 2123 licet.
2464 2066 2650 2137 Neque
2699 2081 2831 2122 sane
2879 2081 3004 2121 cum
3043 2066 3096 2121 in
3144 2066 3401 2136 pmonti

1822 2155 1984 2217 dixit,
2016 2174 2036 2207 ι
2062 2152 2313 2224 Praedico,
2336 2176 2355 2209 ι
2384 2156 2487 2213 hoc
2516 2174 2622 2213 uno
2648 2158 2812 2214 verbo
2840 2161 3154 2230 prophetam
3195 2160 3403 2213 instru-

1823 2257 1970 2301 ctum
2003 2248 2151 2302 misit
2182 2245 2348 2308 Deus,
2384 2245 2515 2315 quin
2548 2244 2712 2300 simul
2759 2248 3002 2313 doceret,
3047 2265 3297 2319 quaenam
3331 2252 3401 2306 ab

1825 2354 1891 2393 eo
1921 2339 2178 2409 posthinc
2228 2336 2575 2408 prmdicanda
2617 2345 2826 2392 essent.
2863 2338 3046 2409 Neque.
3079 2357 3203 2396 cum
3238 2341 3400 2406 dixit,

1822 2453 1839 2485 ι
1865 2434 1997 2488 Tres
2016 2434 2191 2488 adhuc
2212 2433 2344 2497 dies,
2371 2436 2426 2483 et
2449 2426 2638 2484 Ninive
2656 2428 3013 2493 subvertetur,
3040 2432 3128 2486 ιὶἁ
3164 2442 3407 2487 tantum-

1824 2523 1986 2577 modo
2015 2524 2280 2593 propheta
2309 2524 2497 2579 dicere
2520 2524 2713 2593 jussus
2747 2524 2869 2591 fuit,
2893 2525 2990 2581 sed
3017 2523 3149 2580 dare
3178 2540 3402 2595 cperam

1826 2624 1884 2666 ut
1932 2614 2284 2683 praedictione
2336 2615 2536 2669 excidii
2569 2615 2638 2670 ad
2694 2617 2970 2672 saniorem
3023 2631 3120 2672 eos
3171 2627 3406 2670 mentem

1826 2714 2142 2773 revocaret;
2187 2723 2284 2777 Spe
2313 2708 2520 2773 oblata,
2568 2709 2616 2764 si
2647 2709 2797 2779 ipsos
2841 2709 3150 2780 paeniteret,
3184 2707 3303 2763 fore
3348 2715 3408 2760 ut

1826 2799 2002 2853 minas
2036 2798 2224 2854 irritas
2260 2799 2575 2855 redderent.
2606 2801 2827 2871 Alioqui
2857 2802 3049 2856 inutile
3082 2800 3278 2857 fuisset
3311 2798 3410 2853 mi-

1823 2893 1988 2947 nitari
2043 2894 2293 2958 exitium,
2341 2893 2387 2949 si
2436 2893 2490 2947 id
2535 2893 2851 2949 necessario
2893 2903 3215 2948 eventurum
3265 2899 3405 2947 erat.

1823 2984 1924 3038 llic
1954 2992 2073 3039 erat
2097 3000 2226 3054 ergo
2259 2984 2531 3037 minarum
2582 2983 2816 3048 fructus,
2858 2998 3053 3053 nempe
3082 2989 3142 3037 ut
3172 2982 3256 3038 vel
3293 2996 3409 3053 pm-

1823 3080 2063 3133 nitentes
2091 3078 2354 3132 ultionem
2385 3076 2707 3147 eﬂ'ugerent,
2744 3076 2829 3131 vel
2861 3076 3173 3146 pertinaces
3198 3088 3408 3145 cogno-

1826 3180 2045 3225 scerent
2081 3170 2233 3240 juste
2266 3169 2504 3225 inﬂictas
2533 3183 2563 3222 a
2592 3168 2705 3224 Deo
2738 3183 2929 3239 pinnas
2958 3168 3030 3223 ob
3059 3167 3200 3222 hanc
3233 3167 3408 3239 ipsam

146 3236 611 3333 μεταϐαλομένοις.
631 3236 1039 3334 δικαίωςταὺτὴν
1062 3236 1391 3335 ἐπαχθεῖσαν
1416 3265 1565 3336 παρᾶ
1586 3236 1721 3318 δεόδ

1828 3267 2043 3318 illorum
2075 3236 2535 3334 improbitatem.‘

140 3361 201 3411 ἐκ
220 3357 316 3426 τῆς
349 3355 534 3410 αὐτῶν
562 3354 871 3409 δείκνυσθαι
904 3355 1125 3417 κακίας.

207 3448 352 3518 Στίχ.
410 3455 482 3515 γ’.
532 3476 603 3487 ——-—
648 3445 834 3499 Ταῦτα
879 3446 936 3499 δὲ
992 3445 1083 3499 καὶ
1127 3447 1156 3497 ό
1207 3446 1494 3515 προφήτης
1547 3443 1722 3507 εἰδὼς,

137 3541 416 3608 Θαρσεῖς,
467 3540 663 3609 φησιν,
704 3539 930 3608 ἔφυγεν
973 3537 1039 3589 ἐκ
1090 3536 1416 3604 προσώπου
1459 3536 1684 3603 Κυρίου
1710 3552 1723 3565 ·

136 3633 235 3684 οὐκ
264 3632 330 3686 ἄν
358 3650 429 3701 γε
458 3631 618 3684 τοῦτο
647 3628 961 3699 πεποιηκὼς
995 3632 1042 3680 εἰ
1067 3628 1164 3698 τὴν
1196 3627 1574 3699 καταστροφὴν
1605 3629 1727 3680 ἐσο-

137 3720 305 3793 μένην
341 3722 567 3784 πάντως
590 3721 877 3791 ἠπίστατο,
912 3720 1005 3773 καὶ
1031 3719 1123 3773 ἐπὶ
1151 3718 1326 3789 τούτῳ
1354 3736 1417 3788 γε
1457 3718 1729 3773 ἀπεστάλ-

136 3812 244 3877 θαι,
269 3813 350 3876 ὼς
377 3813 447 3867 ἂν
479 3813 764 3883 μηνύσειεν
801 3812 958 3882 μόνον
990 3811 1245 3879 ἐσόμενον
1285 3809 1347 3861 τὸ
1374 3807 1597 3862 τοσοῦτο
1629 3825 1730 3860 κα-

133 3906 247 3970 κὸν,
283 3905 512 3968 οὐθενὸς
559 3906 815 3976 ἐσομένου
858 3903 1111 3968 καθάπαξ
1161 3902 1427 3973 βελτίονος
1458 3900 1728 3956 ἐντεῦθεν.

134 3999 372 4070 Θαρσεῖς
404 3997 465 4051 δὲ
493 3998 543 4051 oi
574 3999 671 4068 μὲν
703 3997 910 4066 ἔφασαν
936 3996 1194 4065 λέγεσθαι
1223 3996 1323 4065 τὴν
1352 3992 1586 4064 Ταρσὸν,
1622 3991 1731 4045 ἀπὸ

136 4089 234 4157 τῆς
258 4086 408 4140 κατὰ
436 4086 535 4156 τὴν
560 4086 864 4156 ὲκφωνησιν
884 4087 1203 4155 ἐγγυτητος,
1225 4084 1300 4147 ὡς
1328 4085 1492 4147 ἔοικε,
1518 4085 1721 4153 πλανη-

134 4179 341 4245 θέντες.
392 4177 608 4244 Ταρσδς
655 4176 751 4246 μὲν
795 4175 903 4244 γὰρ
953 4175 1370 4246 παραθαλασσία
1420 4176 1573 4239 πόλις
1622 4176 1721 4229 οὐκ

132 4270 282 4324 ἐστιν
303 4288 317 4300 ’
350 4271 458 4339 τὴν
483 4270 540 4322 δὲ
562 4268 934 4340 προσηγορίαν
964 4268 1165 4332 ταύτην
1183 4271 1261 4331 είς
1289 4257 1519 4340 δήλωσιν
1550 4287 1721 4340 παρα-

143 4363 470 4417 θαλασσίων
506 4362 714 4415 πόλεων
748 4361 937 4415 εἴωθεν
964 4362 999 4431 ἡ
1031 4360 1150 4413 θεία
1176 4360 1351 4429 λέγειν
1382 4362 1572 4433 Γραφή
1597 4379 1610 4394 ο
1648 4362 1723 4427 ὡς

132 4454 285 4524 παρὰ
324 4454 410 4523 τῷ
460 4454 713 4523 μακαρίῳ
757 4452 918 4507 Δαυῖδ
948 4453 1029 4517 τὸ,
1074 4453 1176 4507 Ἐν
1219 4456 1507 4523 πνεύματι
1542 4456 1723 4522 ,ϐιαίῳ

1902 3441 2062 3512 159
2099 3441 2265 3495 Vens.
2310 3440 2364 3493 5.
2398 3469 2466 3482 -—
2512 3438 2741 3502 Harum,
2800 3438 3000 3508 inquit,
3048 3451 3232 3491 rerum
3282 3449 3410 3505 pro-

1827 3531 1991 3601 pheta
2024 3547 2252 3597 gnarus,
2298 3530 2578 3603 «fugiebat
2604 3548 2631 3585 a
2665 3530 2797 3587 facie
2820 3528 3026 3582 Domini
3057 3526 3109 3581 in
3141 3525 3361 3582 Tharsis
3385 3545 3403 3576 ι

1829 3622 2002 3678 Porro
2045 3623 2096 3677 id
2128 3624 2357 3677 omnino
2388 3639 2497 3676 non
2533 3621 2913 3683 factitavisset,
2958 3621 3001 3675 si
3034 3619 3259 3673 exiliunt
3294 3618 3415 3672 sine

1829 3714 1998 3771 dubio
2027 3715 2274 3770 futurum
2308 3722 2515 3776 nosset,
2561 3724 2612 3766 ct
2664 3715 2708 3767 si
2760 3714 2918 3767 unice
2954 3712 3020 3764 ad
3048 3711 3412 3765 calamitatem

1831 3810 2189 3862 ntmtiaudam
2217 3811 2419 3863 missus
2450 3807 2664 3869 fuisset,
2703 3807 2772 3859 ita
2801 3815 2858 3858 ut
2888 3805 3027 3859 nihil
3062 3803 3188 3858 boni
3214 3817 3415 3855 conse-

1831 3910 2116 3967 queretur.
2159 3899 2277 3952 Jam
2330 3898 2560 3952 Tharsis
2608 3897 2858 3951 nonnulli
2908 3896 3060 3949 aiunt
3107 3892 3415 3965 signiﬁcare

1830 3990 2091 4050 Tarsum,
2134 3988 2372 4042 nominis
2402 3988 2808 4057 propinquitate
2857 3994 2913 4038 ut
2941 3984 3160 4039 videtur
3181 3980 3412 4051 decepti.

1831 4081 2044 4136 Tarsus
2070 4081 2215 4135 enim
2255 4078 2400 4133 haud
2450 4088 2535 4134 est
2570 4083 2844 4132 maritima
2888 4079 3018 4132 urbs
3054 4096 3066 4131 :
3107 4076 3201 4129 illo
3232 4085 3414 4129 autem

1833 4174 2054 4228 nomine
2081 4173 2386 4227 maritimas
2418 4171 2584 4225 urbes
2615 4172 2905 4241 designare
2941 4169 3223 4239 Scriptura
3255 4166 3415 4229 solet,

1834 4265 2005 4318 voluti
2042 4264 2183 4334 apud
2220 4264 2441 4317 beatum
2473 4261 2729 4315 DﬂViliC‘lll
2766 4279 2780 4318 :
2822 4280 2837 4311 ι
2874 4259 3047 4316 Vento
3086 4258 3262 4313 valido
3292 4274 3419 4311 cou-

1837 4370 1982 4411 teres
2016 4372 2185 4410 naves
2209 4354 2438 4409 'l‘harsis
2466 4354 2508 4384 ⁷⁷
2535 4373 2549 4408 :
2589 4372 2606 4404 ι
2644 4353 2697 4406 id
2726 4351 2869 4424 quod
2893 4353 2959 4407 de
2978 4352 3255 4406 maritima
3281 4350 3418 4405 urbe

1834 4464 2004 4505 naves
2045 4448 2191 4519 apud
2226 4463 2283 4502 se
2314 4447 2551 4500 habente
2586 4444 2691 4499 dici
2721 4455 2934 4516 potest;
2969 4454 3189 4499 remota
3214 4450 3416 4505 autem,

129 4546 503 4613 συντρίψας
540 4544 728 4598 πλοῖα
763 4543 1051 4612 Θαρσεῖς-ο
1087 4544 1224 4613 ὅπερ
1252 4540 1344 4597 οὖν
1375 4545 1465 4597 ἐπὶ
1498 4547 1596 4615 μὲν
1624 4547 1721 4617 τῆς

1834 4559 1934 4598 ceu
1964 4542 2172 4596 Tarsus
2204 4548 2309 4605 est,
2346 4554 2375 4591 a
2400 4539 2678 4604 mari,uon
2725 4538 2999 4607 congruit.
3033 4536 3135 4589 Alii
3162 4532 3418 4588 Rhodum

132 4636 587 4708 παραθαλασσίου
627 4638 739 4708 (54)
782 4638 987 4700 πόλεως
1012 4637 1104 4690 καὶ
1137 4638 1266 4708 παρ’
1296 4637 1464 4708 αὐτὴν
1493 4638 1722 4709 ἐχούσης

131 4732 354 4784 ἑστῶτα
382 4734 454 4784 τὰ
483 4731 642 4784 πλοῖα
676 4734 750 4800 (p.
792 4732 920 4796 ειν.)
962 4730 1211 4798 λέγεσθαι
1248 4731 1487 4794 δυνατὸν,
1533 4732 1624 4785 ἐπὶ
1666 4732 1722 4785 δὲ

128 4821 225 4890 τῆς
256 4822 668 4891 ἀπῳκισμένης
695 4822 816 4874 ὅσον
846 4838 949 4891 περ
982 4822 1016 4890 ἡ
1041 4821 1251 4890 Ταρσὸς
1276 4822 1565 4889 ἀφεστῶσα
1594 4823 1718 4891 φαί-

126 4932 281 4966 νεται
328 4914 440 4981 τῆς
484 4914 782 4983 θαλάσσης.
832 4912 1083 4982 οὐδαμῶς
1125 4913 1423 4983 ἁρμόττον·
1465 4916 1640 4987 ἕτεροι
1666 4914 1723 4968 δὲ

127 5007 226 5073 τὴν
271 5006 468 5058 Ῥόδον
492 5005 701 5073 ἔφασαν
725 5024 738 5036 ·
768 5006 882 5059 ἀλλ’
907 5006 1081 5076 ἔγωγε
1106 5007 1283 5060 πᾶσαν
1307 5006 1405 5076 τὴν
1443 5006 1726 5076 ἀκριϐολο-

125 5095 252 5159 γίαν
288 5098 514 5168 ταύτην
546 5096 808 5168 περιττὴν
848 5091 986 5149 εἶναι
1017 5097 1151 5167 πρὸς
1177 5096 1239 5148 τὸ
1261 5096 1619 5165 προκείμενον
1647 5114 1726 5149 νο-

131 5188 297 5254 μίζω,
334 5190 443 5242 ἆτε
469 5187 566 5241 τοῦ
601 5188 742 5241 κατά
767 5188 858 5240 τὸν
885 5189 1170 5258 προφήτην
1202 5186 1534 5256 διηγήματος
1564 5188 1726 5259 ἐρρω-

130 5282 301 5348 μένου
340 5282 415 5351 δὴ
467 5282 686 5343 πάντως
714 5280 941 5350 ὁμοίως,
971 5281 1163 5351 ἥντινα
1182 5277 1378 5347 δήποτε
1405 5278 1559 5340 εἴτις
1587 5275 1725 5333 εἶναι

126 5373 349 5440 νομίζοι
379 5374 486 5442 τὴν
520 5372 675 5426 πόλιν
699 5388 714 5402 ⁸
758 5371 1157 5443 ὲπισημαντέον
1200 5371 1260 5425 δὲ
1295 5374 1472 5425 ἐκεῖνο
1506 5371 1723 5442 μᾶλλον,

124 5463 211 5514 ὅτι
233 5464 345 5514 οὐκ
369 5459 557 5529 εἶπεν,
596 5465 840 5533 Ἔφυγεν
882 5464 947 5516 ἐκ
974 5462 1064 5516 τοῦ
1098 5463 1256 5528 Θεοῦ,
1280 5464 1393 5517 ἀλλ’
1432 5465 1526 5518 Ἐκ
1542 5480 1728 5532 προσ-

122 5550 298 5607 ώπου
351 5555 620 5619 Κυρίου·
650 5555 711 5607 οὐ
755 5554 864 5625 γὰρ
914 5554 1047 5608 Θεὸν
1103 5554 1322 5625 φεύγειν
1364 5556 1392 5608 ὁ
1443 5557 1728 5627 προφήτης

228 5710 276 5740 τ’
310 5707 476 5764 Psal.
514 5723 679 5770 XLVII,
711 5708 756 5760 8.

193 5846 320 5917 (34)
358 5845 446 5900 ita
483 5844 571 5897 hic
602 5842 722 5898 cod.
760 5862 857 5897 ιου.
892 5848 959 5899 At
990 5861 1154 5916 supra
1198 5863 1263 5900 ια.

486 5934 756 5995 Ρλτιιοι..
795 5934 913 5994 Gn.
949 5935 1163 5996 LXVI.

1836 4635 2178 4703 intelligunt.
2239 4630 2349 4700 ligo
2397 4645 2526 4684 vero
2577 4644 2795 4684 omnem
2851 4628 2990 4682 hanc
3046 4625 3417 4681 curiositatem

1841 4728 2103 4783 existimo
2160 4737 2646 4791 supervacaneam,
2695 4736 2758 4774 ac
2802 4720 3081 4790 prophetae
3139 4716 3418 4773 historiam

1836 4833 1991 4885 teque
2024 4815 2258 4877 ﬁrmam,
2303 4811 2607 4881 quamlibet
2632 4810 2866 4880 quisque
2894 4811 3167 4864 civitatem
3194 4806 3419 4878 COgitet.

1839 4908 1973 4962 illud
2012 4906 2191 4975 potius
2227 4903 2702 4957 animadversione
2732 4902 2955 4971 dignum
2991 4909 3098 4962 est,
3129 4897 3273 4970 quod
3314 4910 3419 4950 non

1840 5001 2061 5062 dixerit,
2110 4996 2273 5066 Fugit
2319 5011 2347 5048 a
2400 4994 2531 5058 Deo,
2570 4994 2688 5059 sed,
2722 5013 2754 5047 a
2787 4993 2924 5059 facie
2969 4993 3198 5048 Domini.
3237 4989 3424 5057 Neque

1837 5093 1979 5147 enim
2012 5092 2276 5161 propheta
2323 5104 2383 5144 se
2423 5103 2453 5141 a
2498 5086 2609 5142 Deo
2654 5086 2841 5158 fugere
2881 5088 3230 5158 Opinabatur,
3258 5105 3421 5159 quem

1835 5187 2079 5241 onmium
2141 5183 2431 5237 Dominum
2494 5192 2906 5252 creatoremque
2973 5182 3201 5245 sciebat,
3260 5190 3423 5253 atque

1837 5278 2040 5348 ubique
2069 5282 2396 5348 praesentem
2447 5274 2723 5329 credebat.
2759 5273 2863 5329 Sed
2895 5274 3150 5342 quoniam
3199 5274 3252 5327 in
3289 5273 3423 5329 Sion

1836 5379 2021 5425 monte
2054 5370 2372 5424 universum
2420 5367 2523 5421 sibi
2570 5368 2779 5421 cultum
2825 5366 3067 5421 adhiberi
3119 5364 3262 5420 Deus
3297 5365 3422 5435 jus-

1836 5471 2004 5526 serat,
2030 5462 2287 5532 Opinione
2319 5460 2557 5529 quadam
2597 5457 2801 5514 Judaeis
2849 5458 3120 5524 immissa,
3157 5459 3313 5529 quasi
3348 5456 3421 5511 ibi

1836 5555 2123 5617 incoleret,
2184 5569 2453 5623 suumque
2518 5552 2718 5608 ibidem
2796 5560 3082 5606 aspectum
3157 5551 3423 5605 revelarct

3026 5933 3095 5993 11
