3954 6510
519 383 617 445 331
1673 383 2025 440 'ruuouom
2054 383 2538 442 MOPSUES'I‘ENI
3656 391 3747 447 5;;

520 508 713 581 (quare
756 513 809 563 et
851 502 1225 574 Hierosolyma
1280 510 1333 555 et
1381 498 1529 571 regio
1588 500 1768 555 omnis
1815 500 2081 571 promissa

2194 498 2346 571 ᾤετο,
2379 501 2593 554 πάντων
2634 496 2795 552 αὐτὸν
2824 497 3099 569 Δεσπότην
3130 498 3224 552 καὶ
3259 498 3484 572 ποιητὴν
3520 497 3650 557 εἶναι
3671 525 3746 555 νο-

519 602 807 657 dicebatur
854 599 925 653 ob
964 612 1082 651 eam
1138 609 1363 649 causam
1420 592 1713 647 tentorium
1754 590 1868 655 Dei,
1916 606 2015 645 ceu
2048 595 2080 645 si

2202 593 2393 664 μίζων,
2425 593 2518 646 καὶ
2551 592 2826 663 πανταχοῦ
2862 594 3116 664 παρεῖναι
3150 592 3455 647 πιστεύων·
3499 594 3672 670 ἐπειδὴ
3700 600 3747 652 δὲ

520 697 665 749 hanc
697 693 1006 746 universam
1036 698 1330 758 occuparet
1355 687 1590 741 incolatu
1620 701 1720 740 suo
1758 684 1919 748 Deus,
1948 699 2081 737 eam-

2198 684 2290 737 ἐπὶ
2321 683 2415 737 τοῦ
2447 683 2585 737 Σιὼν
2634 684 2794 755 ὄρους
2838 684 3056 738 ἅπασαν
3084 684 3232 755 αὐτῷ
3264 684 3629 757 προσάγεσθαι
3668 692 3752 759 τὴν

520 787 752 854 demque
782 783 960 838 oculis
1031 782 1448 852 perlustraret);
1493 778 1700 834 idcirco
1743 793 1771 831 a
1808 777 1948 833 facie
1990 776 2081 831 Do.

2198 778 2453 849 λατρείαν
2489 777 2821 848 προσέταξεν
2848 779 2875 830 ὁ
2906 777 3059 841 Θεὸς,
3096 776 3349 832 ὑπόνοιαν
3390 779 3656 845 Ἰουδαίοις
3678 784 3751 835 ἐν-

520 878 652 932 mini
696 876 901 947 fugisse
939 874 1257 946 prophetam
1289 874 1363 927 ait
1398 872 1700 941 Scriptura,
1732 874 1828 941 qui
1857 886 2081 925 excesse

2198 868 2461 933 τεθεικώς
2487 869 2562 934 ὡς
2590 870 2778 923 αὐτόθι
2806 886 2869 938 γε
2901 870 2997 924 καὶ
3020 870 3187 923 οἰκῶν
3218 872 3309 924 καὶ
3338 871 3435 941 τὴν
3458 872 3756 940 ἐπιφάνειαν

519 977 606 1025 rat
667 984 731 1024 ea
802 968 1044 1039 regione,
1106 967 1160 1020 in
1220 980 1328 1035 qua
1392 971 1565 1019 semet
1611 962 1754 1018 Deus
1802 962 2074 1017 revelabat

2201 962 2519 1032 ποιούμενος
2541 962 2641 1033 τὴν
2669 962 2890 1017 οίκείαν·
2921 964 3016 1017 καὶ
3047 964 3308 1033 σκήνωμα
3331 964 3385 1016 δέ
3414 964 3507 1017 τοῦ
3537 964 3663 1017 Θεοῦ
3684 967 3757 1019 διὰ

518 1060 724 1131 Nempe
757 1060 841 1115 his
877 1060 1060 1116 verbis
1104 1060 1157 1112 in
1198 1058 1356 1110 aliam
1405 1055 1654 1125 quamvis
1695 1063 1959 1109 remotam
1992 1065 2079 1108 ter-

2201 1056 2402 1128 ταύτην
2436 1056 2534 1129 τὴν
2577 1058 2757 1111 αἰτίαν
2791 1058 2825 1128 ἦ
2859 1074 2918 1110 τε
2949 1057 3101 1119 πόλις
3146 1056 3501 1129 Ἰερουσαλὴμ
3542 1057 3756 1127 ἐλέγετο.

522 1168 637 1208 ram
673 1155 974 1209 secessisse
1009 1151 1271 1223 prepheta
1306 1149 1508 1204 dicitur
1543 1166 1555 1201 :
1590 1148 1682 1218 qui
1716 1163 1902 1218 reapse
1936 1148 2011 1201 ita
2042 1164 2083 1202 Si

2204 1146 2294 1200 καὶ
2325 1148 2357 1218 ἡ
2385 1147 2458 1216 γῆ
2486 1147 2541 1200 δὲ
2571 1149 2721 1201 πᾶσα
2753 1146 2852 1217 τῆς
2878 1144 3229 1215 ἐπαγγελίας,
3301 1146 3377 1209 ὡς
3407 1146 3471 1200 ἂν
3498 1146 3557 1200 ἐν
3594 1147 3760 1220 ἁπάσῃ

522 1253 789 1315 gesserat,
818 1259 916 1299 ceu
948 1243 992 1299 si
1027 1243 1081 1297 in
1108 1240 1327 1312 judaica
1364 1241 1588 1310 regione
1618 1240 1856 1294 manenti
1884 1240 2083 1309 appari-

2202 1256 2260 1292 τε
2289 1237 2566 1300 οἰκοῦντος
2594 1238 2687 1290 τοῦ
2723 1236 2859 1289 Θεοῦ
2891 1238 2984 1289 καὶ
3020 1237 3198 1293 πᾶσαν
3229 1235 3399 1306 αὐτὴν
3443 1235 3758 1305 ἐφορῶντος·

525 1349 683 1393 turus
708 1339 933 1393 omnino
982 1335 1122 1391 Deus
1161 1342 1326 1397 esset,
1362 1347 1529 1402 seque
1567 1331 1633 1385 ad
1672 1332 1824 1401 jussa
1857 1330 2084 1385 facicnd:

2203 1331 2289 1383 διὰ
2316 1329 2471 1381 τοῦτο
2501 1330 2565 1381 ἐκ
2599 1326 2889 1398 προσώπου
2921 1326 3015 1381 τοῦ
3046 1325 3250 1395 Κυρίου
3278 1323 3609 1392 πεφευγέναι
3636 1322 3764 1390 λέγει

523 1432 911 1485 excitaturus:
938 1441 1125 1482 contra
1173 1428 1216 1479 si
1262 1426 1449 1494 procul
1495 1426 1666 1485 tieret,
1710 1424 2008 1477 cariturum
2046 1442 2084 1477 St

2205 1422 2295 1474 τὸν
2353 1421 2658 1491 προφήτην,
2712 1419 2803 1472 τὸν
2862 1418 2961 1488 τῆς
3016 1418 3199 1488 χώρας
3265 1416 3481 1486 ἐκείνης
3532 1415 3589 1467 ἐν
3640 1409 3766 1487 ᾗπερ

527 1523 776 1578 molestia
825 1521 1076 1590 sperabat
1124 1538 1136 1572 :
1179 1518 1342 1587 160
1375 1516 1533 1587 quasi
1589 1516 1846 1569 nimirum
1890 1515 2013 1570 aliis
2050 1516 2083 1569 ii

2205 1515 2439 1566 ἐποιεῖτο
2475 1512 2573 1583 τὴν
2602 1510 2811 1564 οἰκείαν
2842 1509 3163 1579 ἐπιφάνειαν
3196 1510 3224 1561 ὁ
3253 1508 3386 1571 Θεὸς
3415 1507 3670 1568 ἐκϐάντα,
3700 1509 3765 1567 εἰς

527 1616 665 1669 locis
702 1613 842 1669 Deus
866 1619 1039 1667 semet
1063 1611 1308 1665 revelare
1342 1623 1448 1662 non
1486 1614 1784 1678 pateretur.
1820 1605 1998 1675 Atque
2029 1606 2088 1659 it:

2209 1607 2399 1676 ἐτέραν
2430 1604 2550 1656 τινὰ
2580 1603 2673 1656 καὶ
2716 1602 3112 1672 ἀπῳκισμένην
3143 1599 3328 1671 χώραν
3358 1598 3614 1652 ἀπελθεῖν
3646 1596 3770 1650 οὕτω

522 1702 719 1769 Judaei,
755 1704 883 1759 dum
926 1703 1124 1774 captivi
1168 1701 1563 1760 detinerentur,
1596 1698 1944 1752 victimarum
1968 1712 2083 1766 quo

2208 1698 2379 1769 δηλῶν
2416 1716 2428 1728 ·
2474 1696 2632 1750 τοῦτο
2667 1696 2777 1767 γὰρ
2806 1696 2833 1747 ὁ
2863 1695 3149 1764 προφήτης
3183 1692 3378 1745 ἐποίει·
3412 1689 3487 1754 ὡς
3530 1690 3655 1758 ἄχρι
3685 1688 3769 1757 μὲν

526 1813 632 1866 que
658 1798 739 1851 vel
769 1796 1015 1866 cujusvis
1057 1794 1336 1865 religionis
1389 1792 1500 1846 Deo
1533 1790 1851 1845 exhibendae
1894 1790 2084 1843 nullun

2208 1793 2265 1844 ἐν
2332 1789 2513 1860 ἐκείνῃ
2569 1788 2719 1858 διῆγε
2767 1790 2834 1858 τῇ
2894 1786 3046 1857 χώρᾳ
3100 1782 3522 1853 ἐπιφαινομένου
3575 1782 3769 1842 πάντως

530 1894 767 1945 fructum
811 1905 932 1944 esse
969 1889 1234 1959 putabant
1267 1905 1279 1940 :
1324 1901 1422 1941 ccu
1474 1885 1519 1939 si
1566 1882 1708 1938 Deus
1744 1883 1851 1936 illis
1882 1882 1936 1934 in
1971 1881 2091 1934 locis

2211 1881 2285 1949 (p.
2311 1879 2439 1950 245)
2486 1852 2767 1947 αὐτῷ’τοῦ
2799 1852 2931 1930 Θεοῦ
2977 1852 3069 1930 καὶ
3099 1852 3455 1945 διεγείροντος
3502 1870 3663 1925 αὐτὸν
3700 1871 3771 1937 ἐφ’

528 1998 704 2051 neque
753 1995 1018 2051 apparere
1075 1995 1252 2049 neque
1302 1978 1560 2031 honorem
1623 1974 1939 2044 religiosum
1999 1974 2083 2028 sib

2211 1975 2350 2045 ὅπερ
2384 1972 2633 2025 ἐϐούλετο
2653 1988 2666 1999 ·
2711 1974 2759 2024 εἰ
2787 1970 2843 2023 δὲ
2875 1971 3065 2041 πόρῤω
3090 1968 3320 2037 γένοιτο,
3351 1964 3651 2036 κερδαίνων
3688 1963 3772 2032 τὴν

528 2074 831 2129 adhibitum
861 2074 1059 2127 soleret
1089 2070 1392 2125 admittere.
1441 2067 1801 2138 Perspicuum
1832 2080 1998 2135 porro
2021 2075 2089 2120 est

2212 2063 2489 2132 ἐνόχλησιν
2518 2062 2761 2132 ἐκείνην·
2798 2059 2873 2123 ὡς
2907 2060 2971 2113 ἂν
3008 2057 3141 2129 μηδέ
3175 2053 3561 2125 ἐπιφαίνεσθαι
3588 2054 3643 2105 ἐν
3670 2052 3772 2106 ἐτέ-

528 2166 849 2237 prophetam
913 2163 979 2218 ad
1030 2163 1084 2218 id
1142 2164 1418 2234 negotium
1470 2161 1761 2231 torpuisse,
1818 2166 2089 2229 proptere:

2215 2172 2329 2227 ροις
2352 2154 2538 2215 τόποις
2566 2154 2891 2225 ἀνεχομένου
2920 2151 3015 2204 τοῦ
3040 2150 3216 2204 Θείου·
3245 2147 3389 2203 οὕτω
3418 2148 3513 2201 καὶ
3554 2146 3775 2199 Ἰουδαῖοι

529 2257 673 2327 quod
709 2272 831 2311 eum
864 2255 1007 2312 Deus
1039 2255 1258 2327 quidem
1292 2270 1399 2309 non
1425 2253 1544 2307 sine
1570 2253 1828 2322 pmclara
1861 2266 1957 2321 spe
1980 2250 2090 2303 mit-

2216 2248 2306 2300 ἐπὶ
2350 2247 2448 2317 τῆς
2491 2246 2870 2316 αἰχμαλωσίας
2902 2244 3054 2306 ὄντες
3077 2283 3091 2307 ,
3145 2242 3405 2313 περιττὰς
3440 2240 3671 2312 ἡγοῦντο
3695 2240 3777 2292 καί

530 2351 679 2405 tebat
713 2350 911 2420 (neque
957 2349 1103 2404 enim
1142 2348 1304 2402 unius
1349 2346 1549 2402 excidii
1606 2360 1773 2399 causa
1828 2343 2091 2397 nuntiam]

2216 2339 2310 2402 τὰς
2359 2338 2547 2401 Θυσίας
2598 2339 2691 2392 καὶ
2736 2338 2835 2409 τὴν
2864 2336 3120 2406 λατρείαν
3152 2336 3369 2388 ἃπασαν
3416 2335 3515 2402 τὴν
3557 2332 3635 2403 τῷ
3674 2330 3777 2401 Θεῴ

532 2442 798 2506 misisset,
839 2442 945 2496 nisi
996 2441 1125 2495 hinc
1163 2454 1381 2510 quoque
1427 2438 1555 2493 boni
1593 2436 1797 2506 aliquid
1833 2436 2085 2489 moliretu

2219 2430 2652 2501 προσαγομένην,
2688 2430 2764 2493 ὡς
2803 2429 2970 2483 αὐτοῦ
3027 2428 3100 2499 μὴ
3146 2425 3529 2495 ἐπιφαίνεσθαι
3582 2424 3640 2475 ἐν
3682 2426 3780 2486 τοῖς

532 2533 890 2603 extundere);
932 2533 1027 2589 sed
1072 2542 1252 2587 tamen
1287 2531 1405 2602 ipse
1440 2529 1596 2585 valde
1631 2528 1930 2584 absurdum
1961 2535 2087 2596 puta

2219 2526 2331 2576 ἐκεῖ
2355 2523 2560 2586 τόποις,
2600 2523 2734 2594 μηδέ
2770 2521 3022 2593 δέχεσθαι
3057 2520 3128 2574 τὰ
3157 2518 3345 2573 αὐτόθι
3390 2519 3470 2581 εἰς
3498 2518 3602 2588 τὴν
3635 2514 3780 2569 αὐτοῦ

533 2628 648 2689 hat,
682 2626 728 2681 si
764 2625 902 2681 forte
950 2626 1115 2679 homo
1156 2623 1340 2679 subito
1382 2622 1774 2693 superveniens
1808 2620 1895 2676 his
1923 2621 2017 2691 qui
2054 2635 2094 2675 se

2223 2614 2565 2687 πληρούμενα
2591 2614 2758 2686 τιμὴν
2789 2612 3133 2684 ἀνεχομένου·
3168 2612 3325 2681 δῆλος
3351 2611 3407 2664 δὲ
3434 2606 3501 2680 ἦν
3531 2610 3562 2660 ὁ
3592 2608 3784 2676 προφή-

533 2729 693 2773 antea
724 2734 833 2772 non
878 2727 1164 2781 noverant,
1197 2718 1458 2772 continuo
1493 2714 1783 2771 nebulonis
1824 2712 2094 2782 cujusdan

2223 2724 2313 2778 της
2343 2706 2477 2777 προς
2505 2705 2565 2757 τὸ
2599 2706 2830 2776 πρᾶγμα
2867 2704 3040 2756 ὀκνῶν
3062 2744 3077 2769 ,
3125 2702 3213 2756 διὰ
3242 2702 3303 2756 τὸ
3337 2702 3573 2771 συνορᾷν
3607 2698 3698 2769 μὲν
3722 2696 3784 2759 ὡς

532 2817 587 2863 ct
619 2809 970 2864 circulatoris
1020 2806 1218 2861 famam
1252 2805 1646 2861 contraheret:
1693 2802 1747 2857 id
1794 2801 1938 2872 quod
1971 2802 2093 2871 ipse

2223 2794 2309 2846 Ιἐπί
2329 2810 2468 2845 τισιν
2500 2793 2659 2846 αὐτὸν
2680 2792 3000 2845 ἀποστέλλει
3030 2792 3248 2857 πάντως
3277 2794 3547 2864 χρησταῖς
3570 2788 3784 2844 ἐλπίσιν·

534 2907 643 2956 met
701 2900 755 2954 in
821 2898 1289 2971 consequentibus
1361 2913 1485 2952 mox
1562 2896 1913 2953 sermonibus
1978 2893 2095 2949 sati:

2227 2886 2321 2940 οὐκ
2354 2886 2418 2940 ἄν
2445 2904 2507 2956 γε
2537 2887 2629 2939 ἐπὶ
2660 2886 2723 2956 δὴ
2761 2886 2927 2955 μόνης
2958 2886 3176 2955 πέμψας
3209 2885 3369 2938 αὐτὸν
3396 2880 3788 2953 καταστροφῆς.

532 2990 796 3047 ostendit.
2225 2982 2271 3033 εί
2310 2982 2381 3051 μή
2413 2997 2466 3032 τι
2500 2980 2594 3033 καλ⁹
2639 2979 2842 3048 ἀγαθὸν
2872 2976 3122 3031 ἐντεῦθεν
3160 2979 3463 3047 οἰκονομεῖν
3512 2975 3788 3028 ἐϐούλετο·

532 3085 641 3141 τῶν
678 3085 818 3152 ἄγαν
852 3084 909 3138 δέ
972 3082 1189 3138 ἀτόπων
1238 3077 1376 3134 εἰναι
1452 3078 1680 3150 νομίσας
1727 3077 1775 3129 εἰ
1829 3073 2044 3145 πρῶτον
2117 3070 2427 3143 ἀνθρώποις
2472 3070 2655 3141 ὀφθεὶς
2698 3072 2808 3134 τοῖς
2866 3071 2925 3124 οὐ
2980 3068 3242 3141 πρότερον
3306 3068 3464 3121 αὐτὸ»
3513 3061 3794 3133 ἐπισταμέ-

535 3198 667 3245 νοις,
701 3179 829 3235 εὐθύ
863 3192 1007 3242 τινος
1031 3176 1267 3247 ψεύστου
1299 3177 1393 3228 καὶ
1415 3172 1728 3236 ἀπατεῶνος
1755 3170 2114 3237 ἀπενέγκοιτο
2142 3167 2317 3232 δόξαν·
2346 3169 2504 3221 τοῦτο
2546 3168 2602 3221 δὲ
2642 3168 2734 3222 καί⁵
2762 3167 2924 3231 αὐτὸς
2964 3169 3022 3220 ἐν
3056 3167 3169 3228 τοῖς
3227 3164 3523 3236 μετέπειτα
3567 3164 3657 3217 διὰ
3702 3162 3797 3215 τῶν

535 3271 752 3325 οἰκείων
784 3270 959 3342 δηλῶν
988 3269 1239 3339 φαίνεται
1270 3266 1552 3339 ῥημάτων.

610 3363 779 3421 Vens.
825 3338 944 3418 4-6.
972 3338 1045 3403 έ-
1081 3361 1195 3417 llac
1246 3338 1315 3415 de
1356 3375 1525 3415 causa
1579 3357 1866 3413 descendit
1912 3354 2171 3425 Joppent

2298 3353 2446 3421 Στίχ.
2479 3351 2618 3415 δ’-ς⁹.
2669 3377 2737 3387 —-
2762 3345 2986 3413 Κατέϐη
3019 3344 3117 3412 μὲν
3146 3338 3240 3396 οὖν
3266 3342 3345 3404 είς
3380 3340 3479 3411 τὴν
3530 3340 3748 3408 Ἰόππην
3776 3340 3800 3391 ό

541 3460 828 3531 propheta,
858 3457 1307 3527 deprehensaque
1335 3455 1459 3510 navi
1501 3452 1730 3509 Tharsis
1772 3467 1965 3506 versus
2000 3460 2102 3503 ten-

2235 3447 2512 3517 προφήτης
2542 3441 2743 3511 ταύτης
2772 3438 2934 3490 ἓνεκα
2966 3436 3063 3505 τῆς
3093 3435 3292 3497 αἰτίας·
3331 3432 3519 3485 αὐτόθι
3550 3430 3609 3483 δὲ
3636 3430 3796 3482 πλοῖον

540 3554 722 3619 dente,
763 3552 986 3606 naulum
1038 3551 1269 3605 exsolvit
1324 3549 1685 3603 contumaciae
1725 3562 1857 3607 sum,
1900 3550 1954 3598 et
1999 3558 2101 3597 cun

2237 3538 2320 3590 ἐπὶ
2358 3536 2590 3606 Θαρσεῖς
2630 3531 2790 3585 ἀπιδν
2824 3528 3018 3599 εὑρὼν,
3050 3526 3143 3579 τόν
3174 3543 3234 3579 τε
3267 3523 3456 3595 μισθὸν
3482 3523 3689 3576 δέδωκε
3716 3520 3798 3587 τῆς

541 3645 753 3715 reliqua
787 3643 942 3697 turba
993 3640 1368 3698 conscendens
1406 3638 1636 3693 Tharsis
1678 3635 1990 3706 navigabat,
2025 3649 2102 3687 cet

2237 3629 2483 3690 inovoia;
2508 3667 2521 3685 ,
2559 3625 2653 3678 καὶ
2692 3622 2866 3693 ἐμόἀς
2903 3621 3041 3692 μετά
3065 3619 3172 3672 τῶν
3204 3616 3404 3670 λοιπῶν
3453 3618 3532 3685 (p.
3558 3615 3688 3683 εει)
3721 3612 3798 3664 ἐπὶ

545 3738 590 3792 si
623 3738 696 3792 ibi
724 3736 904 3791 divina
934 3736 1185 3790 molestia
1218 3733 1353 3789 liber
1381 3741 1527 3789 esset
1557 3730 1795 3791 futurus,
1822 3728 1951 3799 quia
1980 3724 2106 3779 Deu:

2241 3721 2461 3791 9apas't';
2507 3714 2755 3780 ἐξέπλει·
2799 3714 2874 3777 ὡς
2911 3712 2979 3766 ἂν
3006 3710 3191 3764 αὐτόθι
3236 3708 3334 3779 τὴν
3370 3707 3662 3776 ἐνόχλησιν
3693 3703 3802 3775 μέλ·

546 3830 740 3885 alienis
764 3829 817 3883 in
848 3828 1165 3900 regionibus
1196 3826 1421 3881 minime
1460 3825 1563 3880 sibi
1592 3835 1927 3877 occursurus
1957 3828 2099 3873 esset

2241 3819 2333 3865 tow
2363 3809 2628 3863 ἐκκλίνειν
2658 3805 2755 3876 τὴν
2784 3805 2953 3869 θείαν,
2993 3804 3091 3856 οὐκ
3125 3798 3556 3869 ἐπιφαινομένου
3584 3814 3644 3850 τε
3672 3792 3802 3863 αὐτῷ

544 3940 721 3995 neque
748 3924 1136 3978 necessitatem
1175 3921 1307 3976 certi
1346 3919 1450 3973 loci
1477 3918 1709 3973 adeundi
1744 3914 2104 3985 impositurus

2241 3908 2287 3958 ὲν
2331 3903 2627 3974 ἀλλοτρίοις
2673 3901 2859 3963 τόποις
2902 3897 2996 3951 τοῦ
3051 3895 3209 3955 Θεοῦ,
3248 3896 3340 3947 καὶ
3370 3892 3693 3960 ἐπείγοντος
3721 3889 3802 3942 ἐπὶ

540 3980 661 4071 1am
701 4014 791 4070 ubi
837 4014 891 4068 in
945 4014 1117 4067 altum
1167 4024 1495 4082 progressus
1547 4008 1665 4074 fuit,
1720 3980 2016 4060 declaravit
2049 4003 2101 4056 ill

2241 3997 2288 4051 ιδ
2318 3995 2677 4069 προκείμενον
2702 3990 2977 4045 ἀπελθεῖν·
3011 3986 3199 4057 ἐπειδὴ
3224 3986 3279 4038 δέ
3315 3984 3457 4038 κατὰ
3487 3982 3595 4053 τὴν
3623 3980 3802 4036 θάλατ-

543 4107 689 4164 Dcus
728 4124 890 4178 quam
940 4105 1190 4161 inutilem
1230 4117 1506 4174 quamque
1553 4100 1775 4155 stultam
1819 4095 2000 4166 fugam
2036 4107 2098 4147 ca

2243 4108 2325 4143 ταν
2357 4089 2571 4157 ἐγένετο
2602 4085 2801 4147 πλέων,
2830 4082 2986 4153 δῆλον
3013 4079 3175 4133 αὐτὸν
3213 4078 3324 4130 οἷον
3365 4075 3481 4148 (35)
3521 4077 3551 4127 ὁ
3579 4073 3710 4135 Θεὸς
3734 4073 3804 4125 ὅτι

542 4201 900 4272 pessivisset;
938 4199 1244 4270 graviorem
1294 4197 1436 4249 enim
1493 4205 1846 4246 commovens
1884 4194 2100 4242 ventum

2246 4182 2489 4252 περιττήν
2522 4195 2645 4231 τινα
2671 4176 2763 4229 καί
2796 4172 3026 4245 ματαίαν
3059 4170 3297 4241 ὑπέμενε
3332 4167 3430 4238 τὴν
3457 4165 3668 4236 φυγὴν,
3696 4178 3807 4231 σφο-

545 4301 752 4347 tantam
787 4295 841 4346 in
886 4291 1023 4345 mari
1053 4289 1311 4344 conﬂavit
1346 4285 1663 4355 procellam,
1694 4291 1751 4335 ut
1779 4277 2002 4347 infringi
2032 4291 2106 4330 na

2246 4273 2356 4345 5pr
2406 4270 2622 4341 πνεῦμα
2671 4267 2919 4336 κινήσας,
2963 4262 3213 4316 τοσοῦτον
3248 4259 3341 4314 ἐπὶ
3391 4259 3491 4329 τῆς
3546 4256 3807 4324 θαλάσσης

545 4389 630 4441 vis
656 4384 1084 4455 periclitaretur,
1134 4396 1255 4451 quin
1290 4380 1395 4433 vim
1433 4378 1695 4432 ﬂuctuum
1744 4389 1852 4428 non
1900 4370 2105 4427 ferebat

2251 4368 2527 4440 ιίργάσατο
2567 4364 2659 4417 τὸν
2694 4361 2960 4421 κλύδωνα,
2997 4358 3137 4411 ὥστε
3172 4356 3265 4410 καὶ
3305 4352 3670 4424 συντριϐῆναι
3711 4366 3812 4402 κιν-

546 4479 690 4533 Hinc
718 4492 888 4548 pavor
921 4475 1262 4545 navigantes,
1314 4480 1373 4527 ut
1422 4486 1518 4541 par
1567 4475 1705 4531 erat,
1749 4464 2046 4535 corripuit;
2078 4478 2107 4517 e

2247 4460 2473 4514 iuvatiew
2507 4456 2567 4510 τὸ
2594 4455 2775 4509 πλοῖον
2805 4453 2863 4505 οὐ
2908 4452 3075 4523 φέρον
3101 4448 3209 4501 τῶν
3240 4445 3504 4516 κυμάτων
3529 4444 3636 4514 τὴν
3665 4442 3776 4511 βίαν
3794 4454 3808 4470 ·

549 4570 693 4642 apud
718 4531 884 4625 suum
933 4531 1165 4639 Qiiisqtie
1209 4531 1477 4621 creditum
1534 4559 1714 4625 deum,
1761 4531 1920 4629 quem
1956 4555 2110 4627 patri:

2248 4551 2397 4622 p660;
2442 4552 2505 4602 ἐκ
2548 4546 2739 4600 τούτου
2789 4545 2912 4606 τούς
2955 4545 3013 4595 ἐν
3058 4538 3206 4608 αὐτῷ
3238 4536 3462 4606 εἴληφεν
3510 4534 3593 4597 ὡς
3642 4531 3809 4591 εἰκός·

551 4621 693 4642 -.,-__
724 4621 883 4625 __--__,
939 4621 966 4639 ς
1704 4621 1711 4625 .
1780 4621 1792 4629 .
1958 4621 1972 4627 _

548 4662 817 4732 religione
869 4662 1121 4726 colebat,
1170 4672 1411 4730 praesens
1458 4657 1581 4710 vitae
1624 4653 1922 4709 discrimen
1970 4647 2109 4704 elati:

2253 4621 2460 4704 imm;
2489 4658 2548 4693 τε
2577 4639 2711 4710 πρὸς
2743 4637 2801 4689 ὃν
2831 4636 3015 4706 ἡγεῖτο
3055 4632 3192 4693 θεὸν,
3229 4629 3323 4684 καὶ
3365 4621 3525 4699 ᾧπερ
3557 4622 3814 4698 θρησκεύ-

551 4709 817 4732 -....,,-----
874 4709 1121 4726 ----___,
1172 4709 1404 4730 ,__,__,,-
1474 4709 1477 4710 ν

550 4754 889 4811 clamoribus
918 4753 1335 4823 deprecabatur.
1369 4747 1507 4803 Tum
1557 4762 1616 4801 se
1661 4744 1973 4799 intendente
2004 4756 2111 4812 pro

2252 4755 2318 4790 ιιν
2350 4734 2551 4799 εἰώθει,
2578 4709 2645 4803 τῇ
2677 4730 2825 4799 φωνῇ
2863 4724 3198 4796 κεχρημένος
3226 4720 3556 4791 ἀπαλλαγὴν
3588 4719 3711 4789 ᾔτει
3734 4711 3813 4766 τοῦ

550 4847 713 4914 ceila,
746 4805 1014 4903 sarcinasr
1031 4859 1250 4915 quoque
1281 4846 1552 4913 quotquot
1600 4838 1873 4906 imposita
1916 4834 2106 4888 fueran

2251 4829 2498 4901 παρόντος
2544 4822 2798 4893 γενέσθαι
2846 4818 3090 4872 κινδύνου
3116 4834 3128 4846 ·
3183 4813 3602 4882 ἐπιτεινομένω
3638 4809 3695 4861 δὲ
3730 4805 3812 4858 τοῦ

552 4937 620 4994 de
653 4953 805 4993 more
834 4938 889 4992 in
916 4952 1066 4993 mare
1109 4935 1409 5006 jaciebant,
1456 4932 1500 4985 si
1553 4929 1693 4984 forte
1735 4944 1903 4983 onere
1961 4927 2113 4980 levat:

2257 4898 2503 4981 ιλύδωνος
2525 4960 2538 4980 ,
2588 4916 2681 4970 καὶ
2708 4915 2777 4966 τὰ
2808 4913 2998 4964 ἐνόντα
3029 4908 3107 4979 τῷ
3141 4906 3310 4976 πλοίῳ
3342 4903 3482 4956 κατά
3516 4903 3587 4954 τὸ
3641 4898 3818 4957 εἰωθὸς

554 5030 709 5087 navis
757 5030 1063 5102 periculum
1109 4986 1394 5084 ‘evaderet.
1449 5025 1545 5081 His
1591 5023 1742 5078 addit
1800 5020 2085 5090 Scriptura

2262 5014 2347 5075 ὀῖς
2375 5006 2793 5081 χειμαζομένοις
2833 4999 3145 5073 ἀπέρριψαν
3187 4999 3267 5059 εἰς
3302 4997 3402 5066 τὴν
3433 4994 3740 5052 θάλασσαν,
3779 4986 3823 5039 εἰ

557 5079 708 5087 -----
760 5079 1062 5102 τν--η--η-
1126 5079 1148 5084 ν
1529 5079 1538 5081 ἡ
1928 5079 1940 5090 .

557 5122 779 5180 «Jonas
834 5133 1016 5177 autem
1076 5123 1131 5175 in
1191 5121 1463 5176 sentinam
1524 5116 1680 5171 navis
1727 5113 2092 5169 descenderat

2261 5121 2354 5167 τως
2375 5079 2666 5169 κουφισθέν
2692 5094 2942 5164 διαφύγοι
2971 5092 3062 5145 τὸν
3089 5089 3331 5143 κίνδυνον
3360 5087 3421 5139 τὸ
3451 5086 3670 5139 πλοῖον.
3703 5079 3822 5133 Τού-

552 5175 1067 5284 ibiqu‘e‘dorm—iens
1095 5212 1248 5282 161
1286 5215 1568 5264 stertebat.
1611 5226 1628 5259 ι
1665 5204 1783 5259 Non
1822 5203 1967 5273 quod
2015 5216 2112 5271 pos

2259 5214 2357 5259 τοις
2398 5192 2613 5259 ἐπάγει·
2676 5208 2692 5238 ι
2734 5187 2911 5247 Ἰωνᾶς
2941 5184 2996 5235 δὲ
3028 5178 3232 5249 κατέὗη
3265 5180 3343 5241 εἰς
3375 5175 3473 5248 τὴν
3520 5175 3722 5243 κοίλην
3742 5187 3820 5221 του

556 5260 742 5284 "’"‘I""
791 5260 1065 5269 """""'
1096 5260 1248 5282 ον-
1288 5260 1384 5264 ""
1408 5260 1482 5263 ""
1842 5260 1856 5273 ι
2015 5260 2029 5271 ι

554 5316 887 5362 commotam
935 5311 1316 5375 tempestatem
1352 5302 1407 5355 in
1443 5299 1701 5355 inferiora
1735 5296 1891 5350 navis
1931 5292 2115 5349 dormi

2264 5288 2452 5350 τλοίου,
2480 5284 2574 5336 καὶ
2600 5277 2888 5333 ἐκάθευδεν
2930 5275 3047 5327 ἐκεῖ
3087 5273 3181 5325 καὶ
3219 5270 3467 5341 ἐρεγχεν.
3508 5286 3529 5316 ι
3601 5265 3719 5333 Οὐχ
3756 5260 3825 5310 ὅτι

556 5350 887 5362 -ν.......,......
937 5350 1316 5375 -.,...,,υ.,,--ν---
1680 5350 1700 5351 η

555 5407 669 5452 tum
717 5398 1064 5453 descenderit
1095 5414 1107 5451 ι
1142 5402 1291 5451 esset
1342 5393 1488 5448 enim
1538 5389 1857 5449 ridiculum,
1904 5386 1949 5441 si
1984 5392 2116 5438 tant:

2265 5380 2385 5435 ιετά
2411 5377 2473 5431 τὸ
2502 5376 2682 5429 ἐκεῖνα
2713 5368 2964 5440 γενέσθαι
2988 5368 3067 5428 εἰς
3097 5364 3156 5417 τὸ
3190 5364 3371 5416 πλοῖον
3396 5356 3689 5413 κατελθὼν
3713 5350 3826 5405 ἐκά·

558 5488 970 5557 perturbatione
1021 5495 1230 5548 coorta,
1283 5483 1612 5551 cunctisque
1652 5480 1719 5534 de
1767 5479 1945 5534 salute
1985 5476 2119 5547 peri-

2267 5471 2450 5525 ιευδεν·
2485 5466 2691 5537 γελοῖον
2729 5462 2840 5532 γὰρ
2870 5460 2918 5513 εἰ
2952 5456 3199 5529 ταραχῆς
3230 5451 3501 5520 τοσαύτης
3524 5451 3828 5553 ’γενομένης

559 5580 899 5644 clitantibus,
948 5581 1065 5650 ipse
1114 5592 1309 5632 somno
1350 5591 1409 5631 se
1466 5572 1786 5627 tradidisset
1818 5590 1831 5624 :
1863 5578 2120 5623 verumta-

2267 5565 2343 5619 ιαὶ
2376 5564 2592 5617 πάντων
2637 5556 2765 5628 περί
2808 5555 2906 5624 τῆς
2948 5550 3219 5621 σωτηρίας
3262 5539 3694 5600 κινδυνευόντων
3739 5539 3828 5650 τῇς

2642 5649 2647 5650 ν
2831 5647 2842 5650 -
2960 5642 3165 5650 ---
3287 5633 3390 5650 ...α
3479 5628 3828 5650 ,ωηι,,,

563 5624 899 5644 ν..-κ..-..,,-,
949 5624 1065 5650 ,την
1114 5624 1305 5632 _...--..-
1350 5624 1407 5631 -_

560 5686 688 5725 men
736 5671 789 5725 id
843 5680 1031 5742 egerat
1086 5670 1267 5727 statim
1321 5682 1384 5723 ac
1424 5666 1610 5722 navim
1676 5662 2039 5729 conscendit;
2086 5676 2115 5714 a

2269 5655 2473 5721 ιίκείας,
2507 5654 2586 5715 εἰς
2626 5624 2791 5703 ὕπνον
2824 5643 3017 5698 ἐαυτὸν
3048 5642 3254 5701 ἐκεῖνος
3284 5633 3451 5688 ἐδίδου
3478 5647 3491 5659 ·
3553 5628 3701 5684 ἀλλὰ
3733 5624 3830 5695 γὰρ

634 5852 747 5927 (35)
768 5853 842 5907 lta
883 5852 1015 5910 Cod.
