3954 6528
183 395 298 455 3&3

1245 393 1790 452 COMMENTARIUS
1828 394 1896 450 IN
1925 392 2118 450 ΙΟΝᾸΞ
2157 394 2308 450 CAP.
2353 409 2389 449 ι.

3336 392 3444 447 554

189 517 351 573 τοῦτο
379 517 479 589 μὲν
510 513 672 579 εὐθὺς
719 513 914 577 ἐπιϐὰς
954 515 1219 586 πεποίηκε
1249 516 1343 568 τοῦ
1389 515 1571 569 πλοίου
1598 532 1609 544 ·
1647 517 1678 584 ἡ
1713 515 1768 566 δὲ

1888 511 2159 584 Scriptura
2206 520 2492 584 postquam
2525 513 2821 584 procellam
2856 512 3122 578 narravit,
3166 518 3446 582 postremo

191 607 387 680 Ρραφὴ
430 607 498 660 τὰ
526 605 664 661 κατὰ
691 604 780 658 τὸν
815 604 1058 659 κλύδωνα
1088 605 1466 676 διηγησαμένη
1486 645 1502 668 ,
1547 604 1769 676 ὕστερον

1893 621 1991 660 nco
2031 605 2190 670 dixit,
2237 621 2358 676 quae
2403 607 2669 678 propheta
2701 607 2884 676 priere
2927 614 3172 675 tempore
3215 603 3442 658 fecerat.

191 701 443 770 ὲπήγαγε
473 699 541 751 τὰ
570 698 718 769 παρὰ
745 697 838 750 τοῦ
867 698 1144 769 προφήτου
1175 700 1292 751 κατ’
1322 700 1525 751 ἐκεῖνον
1549 702 1623 768 (p.
1643 696 1769 765 9.42))

193 792 462 860 γενόμενα
484 790 575 843 τὸν
603 788 812 860 καιρόν·
839 790 920 842 ὅτι
953 807 1011 842 τε
1039 793 1067 844 ό
1102 791 1354 861 πρωρεὺς
1374 790 1449 854 ὼς
1481 792 1539 843 ὲν
1559 793 1770 862 ταραχῇ

190 881 433 953 τοσαύτῃ
454 880 785 935 καθεύδοντα
811 881 903 934 τὸν
934 883 1220 953 προφήτην
1246 883 1372 935 ἰδεῖν
1398 881 1770 953 ἀπεληλυθὼς,

191 973 442 1045 διήγειρέ
472 989 530 1025 τε
559 972 742 1038 αὐτὸν,
769 973 866 1026 καὶ
894 971 1202 1042 ἐθαύμαζεν
1229 973 1310 1025 ὅτι
1343 972 1598 1026 τοσούτου
1627 989 1774 1040 γινο-

197 1061 363 1132 μένου
425 1061 637 1126 κακοῦ,
699 1061 964 1134 μηδεμίαν
1027 1062 1278 1132 αἴσθησιν
1333 1062 1444 1132 ἔχοι
1489 1061 1597 1114 τῶν
1637 1079 1772 1116 κατ-

193 1153 430 1224 εχόντων
452 1153 648 1218 αὐτοὺς
674 1154 881 1217 κακῶν,
912 1153 1026 1208 ἀλλ’
1053 1155 1128 1219 ὡς
1153 1154 1310 1228 ἀδείᾳ
1338 1155 1504 1226 πολλῇ
1527 1154 1775 1209 καθεύδει

192 1260 253 1295 τε
291 1244 384 1295 καί
415 1245 621 1313 ῥέγχειο
659 1244 1045 1314 ὑπεμίμνησκε
1077 1245 1134 1299 δὲ
1163 1246 1326 1300 αὐτὸν
1356 1246 1662 1301 ἀναστάντα
1684 1246 1776 1299 τὸν

195 1334 320 1387 θεὸν
347 1335 531 1387 καλεῖν
559 1338 650 1388 τὸν
686 1337 838 1400 ἴδιον,
874 1338 926 1390 εἰ
952 1355 1068 1401 πως
1092 1338 1184 1392 ὑπ’
1225 1339 1388 1392 αὐτοῦ
1417 1338 1546 1406 γοῦν
1576 1339 1776 1392 διασω-

200 1426 347 1480 θεῖεν
358 1467 368 1480 .

266 1520 417 1588 Στίχ.
466 1519 599 1584 ζ’-θ’.
640 1549 713 1560 —
742 1513 842 1573 Ὧν
886 1521 942 1573 δὲ
983 1525 1011 1574 ό
1052 1521 1148 1590 μὲν
1185 1527 1469 1593 προςεήτης
1509 1522 1662 1575 οὐδὲν
1701 1523 1778 1576 δι·-

191 1611 530 1683 επράττετο·
571 1611 778 1664 τοιοῦτο
817 1612 1082 1683 σφαλερὸν
1131 1608 1268 1666 εἶναι
1309 1613 1542 1682 νομίζων
1567 1613 1778 1684 δεήσεις

193 1702 493 1772 προσάγειν
524 1702 697 1772 τούτῳ
726 1697 894 1775 οὗπερ
923 1704 1206 1772 πεφεύγει.
1248 1705 1581 1758 Ἐπετεξνετο
1603 1706 1660 1758 δὲ
1684 1704 1778 1757 τοῦ

193 1790 469 1855 κλύδωνος
513 1793 574 1844 τὸ
617 1792 787 1845 κακόν
814 1809 827 1821 ·
857 1791 1187 1862 ἐδοκίμασαν
1215 1792 1400 1845 λοιπὸν
1445 1792 1630 1863 κλήρῳ
1665 1794 1779 1847 δια-

1871 695 2054 767 Pergit
2097 713 2261 766 porro
2297 697 2503 762 dicere,
2548 706 2607 752 ut
2643 699 2977 769 gubernator
3003 699 3073 754 ad
3123 697 3444 770 prephetam

1873 789 2165 844 videndum
2205 790 2437 852 venerit,
2476 790 2574 860 qui
2620 790 2672 844 in
2722 800 2874 845 tanta
2920 790 3163 846 omnium
3205 789 3446 860 trepida-

1874 880 2022 934 tione
2055 880 2400 947 dormiebat;
2441 896 2678 951 eumque
2719 881 3064 944 excitaverit,
3107 881 3448 948 miratusque

1876 971 2060 1033 fuerit,
2091 971 2234 1041 quod
2274 974 2326 1025 in
2353 988 2424 1026 eo
2464 973 2747 1042 procinctu
2787 974 2996 1027 nullum
3035 973 3150 1043 ipse
3188 973 3449 1042 ingruen-

1876 1064 2013 1118 tium
2055 1063 2324 1117 malorum
2356 1078 2579 1118 sensum
2610 1065 2952 1134 perciperet;
3005 1061 3100 1118 sed
3133 1062 3293 1115 veluti
3322 1077 3447 1131 pro—

1882 1156 2050 1210 funda
2112 1155 2411 1210 securitate
2467 1163 2706 1210 stertens
2757 1155 3040 1210 dormiret.
3106 1153 3246 1224 Ergo
3297 1155 3448 1207 illum

1878 1249 2180 1313 admonuit,
2226 1256 2284 1301 ut
2312 1247 2702 1318 expergiscens
2740 1247 2900 1302 deum
2946 1262 3106 1301 suum
3148 1247 3448 1311 invocaret,

1879 1343 1923 1397 si
1953 1343 2091 1397 forte
2120 1342 2194 1396 ab
2218 1355 2291 1396 eo
2317 1347 2691 1395 servarentur.

1952 1517 2119 1575 Vens.
2154 1519 2268 1573 7-9.
2295 1549 2355 1558 ——
2382 1517 2491 1573 Sed
2522 1518 2666 1573 enim
2695 1533 2818 1574 cum
2847 1517 3109 1588 propheta
3144 1516 3279 1570 nihil
3301 1517 3453 1584 ejus-

1881 1610 2026 1664 modi
2079 1619 2282 1682 agerrt,
2339 1610 2468 1680 quia
2515 1610 2753 1663 intutum
2804 1609 3152 1663 existimabat
3196 1607 3452 1678 precibus

1881 1719 2006 1758 eum
2051 1705 2356 1758 obtundere
2401 1718 2430 1755 a
2472 1717 2582 1772 quo
2622 1701 2894 1771 fugiebat;
2929 1715 3165 1770 cumque
3207 1702 3289 1755 vis
3325 1707 3456 1754 tem-

1885 1797 2109 1865 pestatis
2148 1804 2496 1866 augesceret,
2548 1795 2908 1851 decreverunt
2952 1803 3149 1856 nautae,
3200 1795 3454 1862 quisnam

190 1882 399 1949 γνῶναι
430 1882 521 1935 τὸν
544 1881 638 1935 τοῦ
660 1881 922 1954 παρόντος
950 1885 1121 1936 αἴτιον
1158 1882 1350 1936 κακοῦ·
1382 1883 1540 1936 τοῦτο
1571 1883 1629 1936 δὲ
1660 1884 1782 1955 ἐδή-

1888 1896 2033 1942 esset
2059 1888 2181 1956 ejus
2214 1887 2342 1941 mali
2375 1897 2588 1949 auctor,
2627 1887 2820 1942 sortito
2846 1886 3157 1954 exquirere.
3191 1884 3328 1940 Hinc
3360 1900 3454 1941 sa-

189 1974 287 2026 λου
335 1974 411 2044 μὴ
456 1974 628 2028 κοινὸν
658 1973 800 2026 κατὰ
837 1975 1017 2044 πάσης
1057 1973 1332 2045 θαλάσσης
1363 1970 1502 2028 εἷναι
1543 1973 1633 2027 τὸν
1667 1991 1778 2044 χει-

193 2065 370 2135 μιῖινα,
395 2065 530 2118 ἀλλὰ
545 2067 674 2138 περὶ
689 2066 821 2118 αύτό
855 2083 915 2133 γε
944 2066 1106 2136 μόνον
1132 2065 1192 2119 τὸ
1225 2066 1406 2120 πλοῖον
1435 2066 1534 2137 τὴν
1562 2065 1797 2136 σύμπαν

192 2177 293 2211 σαν
322 2159 569 2230 ταραχὴν
600 2159 885 2214 κινεῖσθαι·
916 2160 1009 2228 ἀφ’
1037 2154 1204 2232 οὗπερ
1230 2161 1280 2213 oi
1306 2161 1363 2213 ὲν
1390 2159 1538 2230 αὐτῷ
1564 2158 1777 2227 λογιζό-

191 2266 350 2318 μενοι
379 2249 477 2319 τὴν
498 2251 698 2314 αἰτίαν,
721 2250 906 2322 κλήρῳ
929 2249 1306 2319 διαγινώσκειν
1332 2249 1420 2304 τὸν
1440 2250 1610 2304 αἴτιον
1630 2249 1780 2304 ἐϐού-

189 2341 348 2396 λοντο
371 2344 479 2395 τῶν
500 2342 704 2396 κακῶν·
725 2343 886 2414 τυχὸν
905 2344 999 2397 καὶ
1017 2343 1110 2396 τοῦ
1130 2342 1397 2396 Δεσπότω
1421 2342 1554 2396 Θεοῦ
1575 2343 1779 2414 ταύτην

187 2435 378 2498 αὐτοῖς
411 2434 808 2505 ἐμϐεϐληκότος
848 2434 948 2506 τὴν
983 2435 1251 2500 διάνοιαν,
1281 2435 1356 2499 ὡς
1384 2436 1450 2490 ἂν
1474 2436 1780 2500 ἀκολούθως

187 2526 264 2578 τὰ
289 2526 459 2580 λοιπά
480 2543 542 2594 γε
569 2525 858 2598 πραχθείη⁶
881 2528 931 2580 οἱ
955 2528 1051 2598 μὲν
1069 2527 1177 2599 γὰρ
1199 2529 1503 2599 ἐχρήσαντο
1521 2531 1632 2592 τοῖς
1657 2529 1781 2600 κλή-

193 2634 333 2686 ροις·
368 2618 640 2672 ἐδείκνυτο
671 2620 728 2672 δὲ
756 2621 784 2672 ὁ
814 2619 1089 2692 μακάριος
1128 2620 1314 2682 Ἰωνᾶς
1340 2619 1450 2673 τῶν
1480 2619 1779 2688 γεγονότων

189 2709 389 2774 αἴτιοςο
425 2711 508 2779 ἐφ’
540 2703 584 2779 ᾧ
603 2710 668 2781 δὴ
693 2711 787 2764 καὶ
809 2709 1186 2782 θαυμάσαντες
1216 2711 1266 2763 οἱ
1295 2713 1537 2765 ναυτικοὶ
1570 2711 1777 2775 λοιπὸν,

188 2804 246 2854 εί
279 2801 492 2855 τοιοῦτό
525 2820 577 2856 τι
612 2802 1001 2874 πεπραγμένον
1033 2801 1184 2873 αύτῷ
1224 2802 1480 2873 τυγχάνοι
1517 2801 1656 2856 ὥστε
1686 2804 1780 2856 καὶ

189 2894 452 2949 τοσοῦτον
479 2895 736 2966 γεννῆσαι
770 2895 962 2960 κακὸν,
1005 2894 1144 2967 μετὰ
1189 2896 1422 2966 σφοδρᾶς
1466 2895 1564 2966 τῆς
1606 2896 1781 2948 ἐπιτι-

193 2988 422 3058 μήσεως
449 2988 544 3040 καὶ
589 2987 870 3057 μονονουχὶ
901 2986 1200 3057 δικαστικῷ
1232 2987 1416 3040 λοιπὸν
1449 2988 1779 3058 κεχρημένοι

191 3079 275 3151 τῷ
306 3083 567 3151 σχήματι,
603 3083 681 3150 (p.
710 3079 838 3149 2‘6)
881 3079 956 3143 ὡς
981 3079 1047 3133 ἂν
1241 3078 1524 3150 ἄνθρωπον
1552 3080 1780 3132 καταδε-

189 3169 524 3240 δικασμένον
570 3170 668 3241 ήδη
720 3169 798 3241 τῷ
846 3169 1032 3242 κλήρῳ
1079 3169 1486 3240 διαλεγόμενοι,
1535 3171 1777 3241 ἀπῄτουν

195 3262 396 3332 μαθεῖν
422 3263 453 3315 ὅ
469 3263 520 3315 τί
545 3279 650 3332 περ
679 3261 826 3334 αὐτῷ
851 3263 1236 3334 πεπραγμένον
1258 3263 1365 3333 εἴη,
1393 3261 1444 3315 τί
1465 3263 1520 3316 δὲ
1542 3263 1634 3316 καὶ
1657 3265 1778 3316 ἐπι-

191 3353 442 3424 τήδευμα
471 3352 678 3424 μετῄει,
705 3353 827 3407 ὅθεν
849 3371 907 3408 τε
941 3353 1170 3426 ἔρχοιτο,
1203 3353 1296 3407 καὶ
1335 3355 1456 3407 ὅποι
1495 3372 1600 3427 περ
1626 3357 1782 3410 ἄπει-

194 3463 304 3509 σιν,
354 3448 418 3498 ὲκ
464 3447 622 3510 ποίας
665 3464 724 3501 τε
761 3449 997 3519 ὁρμᾶται
1043 3445 1257 3517 χώρας,
1303 3448 1398 3501 καὶ
1442 3439 1590 3515 ᾧτινι
1639 3447 1782 3501 ἔθνει

192 3540 449 3610 προσῆκε
468 3538 576 3593 τῶν
597 3539 693 3593 ἀνθ
703 3538 917 3609 ρώπουν⁸
945 3537 1083 3610 πρὸς
1106 3537 1200 3603 οὓς
1228 3539 1413 3608 σαφῶς
1433 3538 1778 3609 ἀπεκρίνετοο

196 3652 221 3684 ι
245 3631 445 3695 Δοῦλος
480 3631 686 3708 Κυρίου
726 3630 836 3700 ἐγώ
866 3632 999 3702 είμι,
1038 3633 1132 3684 καὶ
1164 3631 1368 3703 Κύριον
1396 3631 1486 3685 τὸν
1520 3631 1652 3685 Θεὸν
1686 3632 1780 3685 τοῦ

189 3723 434 3794 ούρανοῦ
464 3722 578 3791 ἐγὼ
611 3722 863 3792 σέϐομαι,
893 3723 950 3787 ὃς
985 3722 1208 3794 ἐποίησε
1254 3722 1352 3793 τὴν
1379 3722 1658 3776 θάλασσαν
1687 3723 1783 3776 καὶ

188 3815 296 3886 τὴν
324 3816 517 3886 ξηράν.
549 3835 568 3867 ι
613 3815 700 3878 Ὠς
727 3814 833 3885 γὰρ
873 3814 1096 3868 ἐκείνων
1131 3813 1262 3885 περὶ
1304 3813 1497 3867 εἴδωλα
1527 3814 1780 3884 ἐχόντων,

190 3908 360 3971 αὐτὸς
403 3909 465 3960 τὸ
494 3907 596 3978 τῆς
635 3910 842 3972 οἰκείας
871 3907 1170 3980 θρησκείας
1198 3905 1472 3979 ἐξαίρετον
1511 3907 1782 3979 ἐδήλωσεν

193 4001 371 4055 εἰπὼν
414 4003 496 4054 ὅτι
544 4001 726 4065 δοῦλος
768 4001 854 4071 εἴη
901 4000 995 4054 τοῦ
1042 3997 1176 4052 Θεοῦ
1203 3997 1486 4061 ,τουτέστι
1531 3997 1782 4069 φροντίδα

191 4093 341 4163 ἔχων
373 4096 554 4148 πᾶσαν
579 4094 676 4164 τῆς
706 4093 1000 4165 θεραπείας
1031 4091 1406 4163 ἐπιμελεῖσθαι
1440 4090 1534 4143 τοῦ
1575 4089 1740 4144 αὑτοῦ
1767 4105 1780 4119 ο

191 4184 256 4235 οὐ
286 4184 400 4256 γὰρ
428 4183 493 4254 δὴ
530 4183 672 4237 κατὰ
705 4183 766 4238 τὸ
795 4183 971 4237 κοινὸν
1013 4179 1154 4248 εἷπε,
1191 4183 1438 4250 Δοῦλος,
1469 4183 1591 4236 καθ’
1630 4183 1658 4236 ὃ
1690 4183 1783 4236 καὶ

191 4279 326 4340 τοὺς
365 4276 568 4339 ναύτας
599 4272 666 4346 ἦν
711 4276 922 4346 ἀνάγκη
967 4275 1184 4338 δούλους
1235 4269 1372 4328 εἶναι
1402 4275 1496 4328 τοῦ
1529 4275 1663 4329 Θεοῦ
1694 4277 1784 4330 ὑπ’

192 4370 369 4424 αὑτοῦ
403 4369 715 4437 γεγονότας·
745 4364 864 4423 εἶτα
890 4368 984 4421 καὶ
1009 4367 1070 4420 τὸ
1103 4367 1302 4432 ἰδιάζον
1322 4366 1494 4436 λέγων
1525 4367 1619 4421 τού
1648 4368 1783 4422 Θεοῦ

191 4462 256 4515 ὃν
298 4459 602 4531 ἐθρήσκευε
628 4500 644 4522 ,
691 4459 796 4513 Τὸν
828 4457 921 4512 τοῦ
964 4459 1185 4522 παντὸς,
1230 4459 1384 4530 φησὶ.
1418 4459 1644 4531 ποιητὴν
1674 4459 1784 4526 ἐγὼ

1881 1978 1954 2032 tis
1995 1977 2347 2047 intelligimus
2393 1977 2536 2030 haud
2578 1977 2896 2047 generalem
2943 1978 3111 2032 fuisse
3153 1986 3265 2032 toto
3316 1977 3453 2030 mari

1881 2069 2196 2140 procellam,
2243 2069 2337 2125 sed
2378 2071 2525 2127 circa
2571 2070 2702 2126 illud
2747 2086 2916 2125 unum
2970 2068 3242 2140 navigium
3285 2067 3457 2122 unda-

1880 2177 2002 2216 rum
2043 2162 2334 2232 strepitum
2359 2163 2654 2222 desterisse
2689 2182 2704 2217 :
2739 2179 2847 2234 qua
2879 2176 2936 2218 re
2972 2163 3039 2217 ad
3067 2162 3454 2232 suspicandam

1880 2265 2104 2307 causam
2167 2254 2425 2309 commoti
2491 2263 2692 2318 nauta},
2747 2253 3078 2310 calamitatis
3135 2251 3256 2321 ejus
3304 2265 3457 2306 reum

1880 2342 1981 2397 sibi
2036 2343 2461 2401 discernendum
2513 2347 2758 2402 sortibus
2797 2352 3124 2417 putaverunt
3175 2363 3188 2398 :
3227 2342 3460 2398 Domino

1883 2436 2118 2493 fortasse
2163 2436 2274 2492 Deo
2311 2438 2452 2494 hanc
2493 2441 2602 2496 illis
2631 2438 3018 2510 cogitationem
3060 2437 3364 2509 ingerente,
3400 2444 3460 2489 ut

1880 2538 2290 2601 consequenter
2314 2533 2527 2602 reliqua
2554 2539 2969 2605 peragerentur.
3001 2529 3144 2601 Ergo
3173 2545 3296 2585 cum
3327 2543 3461 2583 nau-

1881 2627 1949 2674 ιεε
1980 2628 2158 2676 sortes
2190 2620 2480 2690 jecissent,
2509 2622 2706 2678 beatus
2743 2620 2912 2677 Jonas
2957 2620 3245 2691 praesentis
3273 2619 3462 2674 adver-
3524 2638 3530 2643 ·

1881 2711 2062 2768 sitatis
2117 2727 2289 2769 causa
2343 2713 2754 2769 demonstratus
2810 2723 2914 2769 est.
2965 2711 3019 2767 id
3075 2711 3218 2783 quod
3266 2711 3462 2766 deinde

1881 2809 2062 2856 nauta:
2100 2803 2386 2865 mirantes,
2438 2803 2714 2874 quodnam
2764 2803 2976 2858 scilicet
3009 2801 3103 2856 ille
3148 2808 3261 2856 tam
3297 2817 3464 2872 grave

1885 2891 2104 2948 facinus
2129 2893 2468 2958 admisisset,
2505 2901 2562 2949 ut
2585 2893 2726 2948 tanti
2761 2894 2889 2948 mali
2923 2902 3118 2949 auctor
3147 2894 3460 2957 exsisteret,

1880 2993 1933 3036 et
1961 2981 2424 3054 jamvehementi
2473 2983 2857 3053 objurgatione
2891 2997 2954 3039 ac
2995 2999 3165 3054 prope
3207 2983 3461 3053 judiciali

1883 3073 2122 3128 formula
2179 3082 2413 3142 utentes,
2463 3085 2628 3146 atque
2677 3074 2952 3130 hominem
3016 3091 3114 3130 ceu
3157 3075 3270 3146 jam
3313 3085 3462 3132 sorte

1880 3166 2198 3220 damnatum
2271 3178 2599 3237 arguentes,
2671 3168 2935 3222 certiores
2993 3166 3112 3223 fieri
3171 3169 3461 3235 volebant,

1886 3259 2148 3328 quidnam
2181 3261 2296 3330 ipse
2336 3265 2630 3330 patrasset,
2672 3274 2840 3330 quam
2873 3267 3044 3314 artem
3091 3260 3460 3331 profiteretur,

1885 3351 2031 3405 unde
2078 3350 2477 3422 digrederetur,
2525 3364 2763 3420 quonam
2819 3352 3087 3416 tenderet,
3127 3369 3232 3422 qua
3271 3356 3464 3425 ‘patria

1885 3443 2157 3498 oriundus
2188 3452 2354 3508 esset,
2393 3445 2476 3498 vel
2506 3443 2596 3498 cui
2627 3443 2912 3498 hominum
2933 3445 3083 3516 genti
3104 3446 3301 3502 aﬂinis.
3332 3445 3465 3514 Qui-

1886 3534 1987 3588 bus
2033 3535 2124 3589 ille
2170 3542 2359 3605 aperte
2401 3533 2688 3606 respondit
2727 3551 2743 3590 :
2783 3553 2802 3587 ι
2839 3533 3042 3592 Servus
3099 3535 3314 3592 Domini
3366 3555 3466 3610 ego

1884 3642 2027 3689 sum,
2058 3625 2348 3682 Dominum
2381 3626 2550 3683 Deum
2574 3628 2698 3684 coeli
2727 3629 2868 3694 colo,
2911 3628 3004 3698 qui
3041 3628 3199 3700 162
3232 3645 3382 3685 mare
3411 3642 3466 3685 et

1887 3717 2098 3772 aridam
2134 3717 2281 3774 fecit.
2316 3737 2336 3770 ›
2370 3717 2506 3774 Nam
2541 3719 2671 3790 quia
2705 3719 2783 3775 illi
2818 3719 3124 3774 idololatne
3147 3730 3326 3787 erant,
3373 3738 3466 3792 pe-

1887 3806 2151 3862 culiarem
2181 3807 2300 3877 ipse
2324 3808 2645 3879 religionem
2689 3824 2847 3864 suam
2878 3809 3202 3875 declaravit,
3241 3809 3372 3866 dum
3405 3828 3467 3867 se

1889 3896 1982 3952 Dei
2043 3913 2261 3952 servum
2307 3897 2482 3964 dixit;
2534 3901 2843 3956 studiosum
2888 3916 3082 3972 nempe
3120 3917 3469 3972 summopere

1887 3992 2092 4052 cultus.
2129 3992 2221 4060 qui
2259 4006 2382 4045 eum
2432 3991 2681 4055 decebat,
2731 3993 3050 4062 praastandi.
3087 3991 3273 4063 Neque
3321 4000 3466 4051 enim

1888 4079 2128 4149 generali
2161 4080 2398 4150 quadam
2453 4081 2666 4136 ratione
2716 4099 2774 4138 se
2811 4083 2948 4138 dixit
2981 4101 3000 4134 ι
3040 4099 3280 4148 servum,
3319 4105 3338 4136 ι
3377 4101 3471 4140 cu-

1883 4167 2126 4237 jusmodi
2175 4169 2313 4224 alios
2358 4184 2575 4239 quoque
2616 4179 2812 4228 nautas
2863 4187 3000 4244 Opus
3035 4182 3153 4229 erat
3203 4173 3297 4230 Dei
3343 4191 3470 4231 esse

1889 4275 2100 4325 servos,
2126 4276 2156 4315 a
2194 4277 2303 4331 quo
2330 4261 2548 4318 fuerant
2582 4265 2775 4320 creati.
2811 4265 3016 4321 Deinde
3041 4273 3096 4322 et
3134 4267 3466 4338 singularem

1891 4352 2169 4407 notionem
2193 4353 2365 4410 edidit
2389 4354 2511 4423 ejus
2542 4354 2630 4410 Dei
2657 4356 2744 4410 cui
2773 4365 2892 4412 erat
2914 4358 3173 4427 devotus;
3207 4361 3464 4416 nimirum

1890 4447 1963 4500 ait
2013 4462 2074 4502 se
2135 4448 2315 4504 colere
2355 4447 2523 4504 Deum
2585 4465 2615 4503 a
2652 4466 2762 4520 quo
2813 4453 3034 4518 caelum,
3078 4461 3246 4518 terra,
3293 4467 3466 4517 mare.

196 4553 461 4623 σέϐομαι,
510 4551 570 4614 ὃς
615 4551 710 4605 καὶ
748 4550 980 4622 ούρανοῦ
1007 4551 1100 4605 καὶ
1129 4550 1402 4614 θαλάσσης
1437 4551 1533 4604 καὶ
1567 4551 1782 4605 πάντων

1893 4554 2089 4609 resque
2115 4555 2308 4596 omnes
2337 4550 2534 4597 creata
2562 4541 2803 4598 fuerunt.

194 4649 437 4718 ποιητής
466 4648 632 4701 ἐστιν.

272 4746 429 4816 Στίχ.
464 4750 617 4814 ι’-ιγ’.
664 4775 730 4784 -
768 4745 1142 4818 Ἑφοὸήθησαν
1173 4747 1222 4799 οἱ
1268 4747 1458 4818 ἄνδρες
1491 4747 1790 4817 ἀκηκοότες

193 4833 400 4897 ταῦτα,
423 4833 498 4898 ὡς
523 4834 589 4887 ἂν
612 4833 708 4887 τοῦ
735 4835 948 4888 πάντων
977 4834 1200 4904 ποιητοῦ
1227 4835 1348 4888 κατ’
1370 4835 1550 4889 αὐτῶν
1573 4852 1792 4906 κεκινη-

201 4928 374 4997 μένου
403 4941 415 4955 ·
451 4926 570 4980 ὅθεν
617 4927 713 4980 καὶ
755 4928 846 4981 τὸν
896 4928 1178 5000 προφήτην
1225 4926 1452 4998 ηρὼτων
1473 4943 1486 4956 ·
1522 4927 1586 4980 Τί
1633 4927 1792 4981 τοῦτο

198 5018 507 5090 Eminus;
541 5020 634 5073 καὶ
658 5019 955 5092 ἐπειδήπερ
982 5020 1224 5089 ἔγνωσαν
1255 5019 1415 5074 αὐτὸν
1444 5019 1509 5073 ὲκ
1535 5017 1629 5072 τοῦ
1655 5017 1790 5073 Θεοῦ

198 5109 538 5179 πεφευγέναι
593 5112 694 5184 τὴν
744 5110 1048 5182 ὑπόμνησιν
1089 5110 1404 5165 ἐκκλίνοντα
1433 5111 1531 5183 τὴν
1561 5111 1790 5176 ἐκεῖθεν,

200 5199 330 5254 εἶτα.
371 5202 450 5272 τῷ
498 5203 724 5275 παρόντι
755 5203 852 5256 σὺν
880 5204 1064 5265 αὐτοῖς
1093 5203 1572 5275 περιπεπτωκέναι
1613 5203 1790 5274 κακῷ,

203 5293 284 5360 (p.
313 5291 444 5363 247)
474 5292 550 5356 ὡς
581 5293 648 5348 ἂν
678 5293 831 5364 γνοίη
865 5294 1138 5364 πανταχοῦ
1171 5295 1413 5366 παρόντα
1441 5312 1500 5348 τε
1525 5294 1615 5348 τὸν
1637 5294 1790 5360 Θεὸν,

202 5382 304 5434 καὶ
329 5383 532 5452 ὁμοίως
565 5385 875 5456 ἅπανταχοῦ
902 5385 970 5438 τὰ
997 5385 1256 5439 δοκοῦντα
1283 5387 1667 5458 ἐργαζόμενον,
1700 5386 1795 5440 καὶ

207 5473 354 5543 μηδὲ
396 5469 507 5527 οἷόν
546 5493 607 5529 τε
635 5472 775 5532 εἶναι
802 5480 990 5546 φυγεῖν
1020 5477 1108 5530 τὸν
1140 5478 1382 5532 τοιοῦτον
1408 5496 1423 5511 ο
1467 5478 1604 5548 πρὸς
1633 5478 1793 5532 αὐτὸν

201 5563 272 5636 δὴ
301 5565 490 5620 λοιπὸν
518 5565 611 5621 τὸν
646 5569 933 5640 προφήτην
967 5567 1128 5639 φασίν
1149 5587 1162 5600 ·
1222 5587 1240 5621 ι
1269 5569 1334 5622 Τί
1361 5586 1442 5622 σοι
1473 5569 1791 5641 ποιήσομεν,

205 5657 309 5709 καὶ
339 5657 570 5710 κοπάσει
605 5659 641 5728 ἡ
673 5658 915 5712 θάλασσα
946 5661 1038 5728 ἀφ’
1073 5659 1264 5730 ἡμῶνς
1300 5679 1317 5711 ι
1389 5661 1483 5713 Ἐκ
1527 5659 1634 5730 γὰρ
1686 5661 1794 5713 τῶν

208 5749 522 5818 εἰρημένων
555 5751 624 5804 τὰ
657 5751 786 5820 περὶ
811 5750 973 5804 αὐτὸν
1006 5751 1328 5818 ἐγνωκότες.
1358 5753 1452 5804 καὶ
1475 5751 1556 5805 ὅτι
1585 5752 1796 5823 ὑπηρέο

205 5852 312 5910 της
344 5855 404 5892 τε
438 5841 536 5894 καὶ
586 5841 871 5912 προφήτης
915 5843 1030 5895 ἐστὶ
1057 5840 1150 5894 τοῦ
1194 5840 1350 5908 Θεοῦ,
1381 5841 1475 5895 καὶ
1509 5842 1572 5914 δὴ
1604 5842 1696 5897 καὶ
1727 5842 1796 5898 τὰ

1963 4734 2130 4791 Vens.
2179 4737 2366 4794 10-13.
2390 4770 2455 4779 ——
2477 4738 2596 4806 Quo
2635 4740 2844 4808 audito,
2916 4754 3257 4814 exparerunt
3290 4745 3470 4802 homi-

1893 4846 2029 4894 nes,
2092 4832 2238 4900 quod
2302 4833 2559 4886 nimirum
2616 4835 2886 4890 universa:
2945 4845 3156 4893 naturae
3215 4841 3469 4896 conditor

1893 4933 2086 4977 contra
2127 4939 2187 4978 se
2219 4932 2533 4980 commotus
2575 4926 2790 4982 fuisset.
2826 4927 3192 4994 Quamobrem
3230 4933 3469 5003 prophe-

1893 5023 2003 5068 tam
2055 5015 2502 5083 sciscitabantur,
2547 5019 2824 5089 quodnam
2869 5021 3075 5077 crimen
3121 5026 3469 5090 patravisset.

1902 5107 2020 5161 llov
2062 5107 2153 5162 ubi
2191 5108 2336 5164 hunc
2367 5109 2552 5181 fugere
2582 5126 2612 5166 a
2646 5111 2755 5167 Deo
2777 5126 3170 5184 cognoverunt,
3211 5123 3375 5186 atque
3401 5118 3472 5172 ab

1894 5199 2013 5269 ejus
2045 5200 2510 5258 admonitionibus
2535 5203 2841 5269 declinare;
2883 5204 3116 5274 ideoque
3147 5206 3202 5260 in
3230 5221 3474 5276 praesen-

1899 5299 2008 5346 tem
2060 5305 2185 5346 cum
2221 5291 2360 5362 ipsis
2402 5294 2768 5349 calamitatem
2813 5296 3134 5359 incurrisse,
3169 5305 3226 5350 ut
3267 5313 3475 5368 cogno—

1897 5394 2076 5438 sceret
2121 5383 2290 5438 Deum
2336 5384 2535 5455 ubique
2576 5384 2863 5449 interesse,
2909 5387 3171 5458 nulloque
3213 5387 3335 5442 loco
3361 5403 3471 5444 non

1897 5490 1995 5528 sua
2045 5476 2244 5544 placita
2297 5475 2496 5538 facere.
2525 5493 2702 5546 neque
2736 5477 2847 5533 fieri
2899 5495 3084 5548 posse,
3130 5488 3188 5535 ut
3222 5482 3475 5535 mortalis

1896 5567 2186 5636 quisquam
2238 5569 2308 5624 ab
2347 5571 2469 5639 ejus
2509 5579 2779 5640 potestate
2824 5570 3106 5639 discedat;
3146 5573 3470 5644 prophetam

1897 5659 2094 5714 deinde
2139 5669 2316 5715 nauta:
2363 5663 2666 5733 rogabant:
2710 5681 2728 5713 ι
2758 5662 2898 5730 Quid
2951 5664 3046 5718 tibi
3099 5664 3364 5721 faciemus
3415 5673 3476 5719 ut

1897 5765 2047 5806 mare
2099 5751 2258 5805 nobis
2315 5752 2578 5806 sedetur?
2623 5773 2642 5806 ι
2706 5751 2840 5810 Nam
2903 5770 2966 5810 ex
3033 5754 3200 5812 dictis
3253 5760 3473 5828 cog-uita

1900 5843 2136 5900 hominis
2163 5860 2418 5914 persona,
2463 5861 2656 5918 nempe
2683 5847 2824 5918 quod
2857 5848 3096 5905 famulus
3125 5858 3176 5905 et
3209 5850 3476 5920 propheta
