3954 6506
503 399 609 456 5'55

1694 396 2042 454 'l‘llEODOlil
2083 395 2569 455 MOPSUESTENI

3662 399 3770 455 356‘

509 513 600 571 Dei
645 523 821 582 esset;
872 529 995 571 cum
1028 513 1168 568 facta
1225 529 1448 584 quoque
1491 513 1679 569 verbis-
1722 524 2086 571 consentanea

2196 518 2491 589 πράγματα
2516 514 2805 585 συνᾴδοντα
2827 517 2937 580 τοῖς
2963 516 3274 588 λεγομένοις
3294 516 3615 585 ἐγνωκότες,
3640 525 3776 589 παρ’

507 610 930 681 comperissent,
973 607 1041 662 ab
1068 621 1133 662 eo
1172 605 1386 662 discere
1415 607 1730 671 voluerunt,
1777 609 1910 677 quid
1958 624 1989 662 a
2031 623 2089 664 se

509 701 622 756 ﬁeri
657 707 930 772 oporteret
961 701 1032 755 ob
1061 700 1455 770 impetrandam
1503 699 1793 771 praesentis
1831 700 1956 754 mali
2007 699 2092 754 fu-

507 809 652 863 gam.
694 789 865 844 Porro
916 789 1067 844 addit
1124 789 1450 860 Scriptura,
1502 803 1652 843 mare
1707 788 2088 842 vehementius

509 883 798 946 ferbuisse,
836 881 1144 952 ﬂuctusque
1177 882 1416 950 majores
1447 881 1750 947 extulisse;
1787 888 2088 950 tempesta-

508 975 576 1029 tis
621 974 832 1029 scilicet
878 973 1270 1027 incrementum
1323 972 1662 1041 signiﬁcans,
1717 973 1877 1041 cujus
1920 987 2087 1026 causa

507 1077 620 1118 rem
668 1063 945 1134 negligere
975 1070 1154 1116 nauta:
1189 1077 1295 1116 non
1332 1069 1607 1132 poterant.
1645 1061 1850 1117 Deinde
1890 1063 2041 1116 addit
2071 1082 2084 1116 :

511 1173 529 1204 ι
564 1153 818 1223 Dixitque
855 1155 934 1207 eis
965 1147 1368 1211 Jonas,Tollite
1392 1167 1476 1205 me
1512 1162 1565 1206 et
1605 1150 1774 1221 jacite
1816 1153 1868 1205 in
1914 1167 2084 1213 mare,

506 1243 652 1311 quod
687 1243 834 1295 illico
871 1242 1028 1296 vobis
1074 1241 1390 1297 scdabitur:
1438 1242 1563 1295 novi
1604 1242 1748 1296 enim
1790 1243 2084 1312 procellam

511 1333 784 1404 ingentem
828 1334 966 1386 hanc
999 1335 1103 1387 mei
1137 1349 1303 1387 causa
1347 1333 1501 1388 vobis
1539 1335 1853 1388 excitatam.
1890 1355 1908 1387 ι
1957 1335 2083 1405 Ego,

507 1425 710 1494 inquit,
750 1426 945 1479 horum
994 1426 1150 1479 vobis
1201 1425 1356 1495 origo
1406 1428 1671 1480 malorum
1721 1443 1885 1482 sum:
1921 1443 2088 1497 quare

508 1517 715 1571 suadeo
761 1526 818 1570 ut
862 1533 944 1571 me
996 1516 1050 1570 in
1093 1515 1424 1586 profundum
1477 1519 1768 1587 mergatis,
1813 1533 1922 1588 quo
1969 1534 2086 1588 po:-

506 1621 606 1661 nas
640 1608 761 1661 deni
801 1609 974 1678 culpze
1024 1624 1158 1663 mea:
1209 1609 1261 1662 in
1312 1609 1504 1672 Deum,
1557 1625 1762 1679 vosque
1801 1611 1953 1664 necis
2003 1611 2086 1663 la-

506 1715 649 1768 queo
695 1699 1080 1770 expediamini.
1138 1697 1525 1753 Verumtamen
1585 1701 1660 1753 illi
1718 1701 2087 1771 periculosum

510 1789 667 1862 163
695 1790 1072 1844 existimantes
1107 1790 1269 1843 talem
1311 1789 1486 1843 virum
1526 1790 1729 1859 Deique
1761 1789 2085 1844 familiarem

2191 609 2356 663 αὐτοῦ
2407 609 2598 680 μαθεῖν
2645 607 3012 681 ἐϐουλήθησαν
3055 610 3106 664 τί
3151 610 3215 681 δὴ
3265 613 3541 682 προσῆκεν
3574 610 3767 674 αὐτοὺς

2190 700 2589 772 διαπράξασθαι
2618 702 2712 755 καὶ
2739 701 3117 774 ἀπαλλαγῆναι
3150 703 3244 756 τοῦ
3279 703 3546 774 παρόντος
3572 702 3766 757 κακοῦ.

2191 798 2296 850 Καὶ
2321 796 2532 864 ἐπάγειο
2565 796 2644 849 ὅτι
2675 815 2693 845 ι
2732 796 2790 848 Ἠ
2815 795 3057 851 Θάλασσα
3083 795 3374 867 ἐπορεύετο
3401 797 3494 850 καὶ
3522 795 3768 867 ἐξήγειρε

2196 888 2396 958 μᾶλλον
2432 887 2694 940 κλύδωνα⁸
2726 908 2742 939 ι
2775 889 2986 950 δεικνὺς
3019 889 3099 941 ὅτι
3127 887 3444 958 προσθήκην
3475 887 3563 939 ἀεὶ
3585 886 3655 939 τά
3677 885 3768 938 τοῦ

2189 979 2455 1049 χειμῶνος
2505 980 2734 1049 ἐδέχετο,
2762 979 2838 1042 ὡς
2882 979 2948 1033 ἂν
3001 979 3074 1050 μὴ
3120 981 3174 1033 ἐν
3209 978 3437 1051 ἀμελείᾳ
3466 978 3514 1030 οἱ
3545 977 3688 1030 κατά
3711 977 3769 1029 τὸ

2191 1072 2369 1123 πλοῖον
2405 1071 2546 1123 Θεῖεν
2586 1071 2646 1123 τὸ
2679 1071 2979 1141 γινόμενον.
3035 1065 3168 1125 Εἶτά
3210 1089 3341 1141 φησι
3366 1085 3380 1099 °
3423 1089 3441 1121 ι
3472 1070 3584 1123 Καὶ
3619 1067 3769 1121 εἶπεν

2204 1165 2388 1228 Ἰωνᾶς
2414 1165 2548 1236 πρὸς
2581 1165 2795 1227 αὐτούς·
2830 1166 3030 1235 ’Ἄρατε
3064 1165 3156 1216 καὶ
3183 1161 3444 1233 ἐμϐάλετέ
3475 1178 3542 1232 με
3568 1163 3649 1223 είς
3675 1159 3776 1229 τῆν-

2190 1256 2464 1310 θάλασσαν
2485 1297 2498 1320 ,
2547 1257 2640 1309 καὶ
2675 1257 2901 1309 κοπάσει
2934 1259 2966 1324 ἡ
3000 1255 3239 1310 Θάλασσα
3271 1256 3362 1324 ἀφ’
3395 1253 3548 1324 ὑμῶν
3574 1269 3588 1283 ·
3640 1251 3769 1304 διότι

2169 1335 2400 1416 ’ἔγνωκα
2429 1347 2537 1418 ἐγὼ
2569 1350 2649 1400 ὅτι
2678 1348 2742 1400 δι’
2775 1348 2872 1417 ἐμὲ
2906 1349 2934 1401 ὁ
2957 1346 3162 1399 κλύδων
3189 1339 3344 1409 οὗτος
3371 1348 3398 1399 ό
3428 1345 3602 1414 μέγας
3623 1343 3768 1394 ἐστὶν

2189 1441 2272 1508 ἐφ’
2307 1441 2470 1510 ὑμᾶς.
2497 1460 2515 1492 ι
2565 1439 2706 1508 Ἐγὼ
2736 1441 2833 1510 μὲν
2862 1438 2990 1509 γὰρ,
3029 1440 3184 1508 φησὶ,
3219 1437 3422 1490 τούτων
3450 1436 3624 1497 αἴτιος
3645 1435 3770 1502 ὑμῖν

2189 1533 2305 1600 είμι
2334 1531 2442 1583 τῶν
2473 1531 2658 1584 κακῶν
2683 1549 2696 1562 ·
2751 1529 3104 1601 συμϐουλεύω
3133 1530 3189 1582 δὲ
3222 1531 3352 1600 ύμῖν
3398 1529 3553 1598 ῥῖψαί
3589 1546 3658 1598 με
3694 1530 3769 1590 είς

2187 1621 2284 1693 τὴν
2310 1621 2606 1688 Θάλασσαν,
2642 1622 2715 1684 ὡς
2756 1621 2819 1675 ἂν
2849 1621 2960 1690 ἐγὼ
2985 1621 3135 1691 δοίην
3163 1623 3320 1684 δίκας
3346 1622 3486 1690 ὑπὲρ
3520 1619 3555 1673 ἃ
3585 1620 3766 1688 ἦμαρ-

2187 1732 2278 1767 τον
2306 1716 2383 1778 είς
2413 1713 2563 1777 Θεὸν,
2596 1716 2746 1768 αύτοί
2773 1731 2831 1767 τε
2870 1713 3022 1766 λύσιν
3049 1713 3156 1766 τῶν
3185 1713 3521 1782 κατεχόντων
3551 1710 3766 1763 λάϐοιτε

2191 1807 2374 1861 κακῶν
2401 1825 2414 1838 ο
2471 1808 2585 1860 ἀλλ’
2631 1807 2828 1860 ἐκεῖνοί
2868 1824 2932 1876 γε
2984 1807 3249 1877 σφαλερὸν
3288 1801 3426 1858 εἶναι
3455 1803 3769 1874 νομίζοντες

510 1890 562 1938 in
602 1900 751 1939 mare
797 1894 999 1940 temere
1043 1884 1303 1952 abjicere,
1344 1884 1548 1938 dabant
1583 1892 1805 1938 strenue
1836 1899 2079 1954 operam,

2194 1899 2352 1970 ἄνδρα
2395 1898 2645 1952 τοσοῦτον
2692 1899 2785 1952 καὶ
2831 1897 2950 1970 Θεῷ
2986 1898 3329 1969 προσήκοντα
3375 1897 3453 1958 είς
3498 1895 3766 1948 Θάλατταν

507 1978 552 2030 si
603 1976 714 2030 lieri
748 1986 933 2046 posset
966 1983 1022 2030 ut
1073 1976 1138 2029 ad
1179 1976 1308 2029 litus
1346 1977 1523 2030 navim
1573 1977 1929 2045 appelleutes,
1961 1991 2084 2041 pro-

507 2069 720 2136 phetam
759 2075 1116 2138 exponerent.
1175 2066 1280 2122 Sed
1335 2084 1459 2122 cum
1515 2067 1567 2121 id
1624 2069 1843 2138 assequi
1883 2068 2082 2137 nequi-

509 2160 735 2226 vissent,
770 2159 1098 2230 graviorque
1122 2160 1291 2213 maris
1309 2167 1477 2214 aestus
1503 2160 1675 2223 ﬁeret,
1701 2160 1911 2229 praefati
1939 2160 2082 2230 apud

509 2252 677 2304 Deum
718 2251 821 2316 rei,
869 2266 1032 2321 quam
1070 2251 1248 2304 acturi
1298 2258 1477 2312 erant,
1531 2252 1965 2315 excusationem,
2011 2252 2081 2305 ita

507 2343 723 2397 demum
747 2343 1068 2413 prophetam
1102 2341 1157 2395 in
1181 2356 1331 2403 mare
1353 2341 1694 2411 dejecerunt.

579 2633 746 2688 Vens.
785 2633 976 2688 “46.
1010 2661 1078 2673 -—
1117 2633 1330 2703 Quippe
1353 2633 1429 2686 ait
1460 2630 1780 2698 Scriptura:
1826 2649 1845 2680 ι
1883 2631 2081 2685 Εκοιαο

505 2730 795 2778 maverunt
823 2722 889 2776 ad
922 2719 1211 2776 Dominum
1248 2718 1362 2777 :Ne
1393 2735 1696 2791 pereamus,
1731 2718 1979 2786 Domine,
2013 2723 2082 2776 ob

507 2815 669 2884 hujus
697 2813 935 2868 hominis
966 2813 1153 2877 vitam,
1192 2827 1366 2882 neque
1413 2812 1732 2882 sanguinem
1786 2812 2081 2866 innocuum

506 2908 665 2963 nobis
695 2907 952 2977 imputes,
982 2907 1112 2976 quia
1143 2914 1220 2969 tu,
1255 2904 1505 2966 Domine,
1538 2915 1698 2976 prout
1732 2905 1828 2960 tibi
1866 2905 2079 2960 libitum

505 3001 604 3054 fuit
638 3015 753 3054 rem
777 2999 1016 3068 gessisti.
1055 3017 1073 3049 ι
1110 2997 1187 3052 Ne
1228 3013 1441 3068 poenas,
1483 2998 1759 3066 inquiunt,
1813 2997 1881 3052 de
1923 2997 2082 3052 nobis

505 3104 712 3151 sumas,
739 3088 892 3156 quasi
937 3087 1206 3141 hominem
1237 3085 1448 3155 justum
1490 3087 1610 3140 sine
1633 3101 1800 3140 causa
1834 3086 1888 3140 in
1935 3101 2083 3140 mare

501 3182 832 3253 jecerimus;
874 3181 1034 3235 nobis
1063 3180 1206 3234 enim
1226 3193 1555 3250 magnopere
1583 3180 1638 3234 in
1665 3181 1808 3235 votis
1839 3188 1954 3235 erat
1988 3181 2083 3234 ho-

2193 1991 2376 2053 ἁπλῶς
2409 1992 2707 2062 ἐκρίπτειν,
2741 1990 3104 2060 ἐφιλονείκουν
3131 1989 3183 2040 εἴ
3208 2006 3324 2052 πως
3349 1982 3460 2040 οἷόν
3479 2004 3536 2040 τε
3561 1988 3655 2040 ὲπ⁴ί⁵
3674 1985 3766 2056 τήν

2191 2084 2292 2153 γῆν
2331 2083 2730 2146 ἐπανελθόντες,
2777 2081 2949 2144 οὕτως
2981 2080 3072 2134 τοῦ
3126 2081 3310 2133 πλοίου
3346 2079 3434 2132 τὸν
3486 2079 3767 2152 προφήτην

2191 2169 2504 2239 ἐξαγαγεῖν·
2570 2171 2587 2225 ί
2612 2186 2662 2240 p.
2698 2169 2842 2240 248)
2897 2169 3083 2240 ἐπειδὴ
3135 2169 3191 2222 δὲ
3245 2168 3403 2222 τοῦτο
3445 2171 3620 2221 ποιεῖν
3671 2169 3766 2220 οὐκ

2188 2263 2450 2334 ἠδύναντο
2497 2261 2870 2334 ἐπιτεινούσης
2912 2263 3096 2324 αὐτοῖς
3139 2261 3229 2314 τὸν
3265 2261 3508 2331 χειμῶνα
3538 2259 3642 2330 τῆς
3675 2259 3766 2312 θα-

2190 2357 2425 2427 λάσσης,
2479 2355 2946 2425 ἀπολογησάμενοι
2987 2354 3063 2422 τῷ
3103 2353 3221 2424 Θεῷ
3249 2353 3390 2425 ὑπὲρ
3419 2347 3479 2406 ού
3506 2353 3570 2425 δὴ
3602 2356 3767 2426 πράτ-

2188 2465 2303 2500 τειν
2347 2447 2611 2520 ἤμελλον,
2661 2446 2803 2500 οὕτω
2835 2449 2900 2518 τῇ
2945 2445 3190 2520 θαλάσσῃ
3235 2445 3326 2499 τὸν
3365 2447 3655 2518 προφήτην
3689 2448 3764 2498 ὲν-

2191 2541 2402 2594 έϐαλον.

2259 2629 2407 2700 Στίχ.
2437 2629 2630 2693 ιδ’-ις’.
2657 2661 2726 2669 —-
2747 2628 2908 2697 Λέγει
2935 2629 3043 2702 γάρ
3072 2628 3265 2694 οὕτως·
3302 2628 3441 2682 «Καὶ
3469 2627 3769 2698 ἀνεϐόησαν

2192 2722 2326 2792 πρὸς
2355 2721 2558 2793 Κύριον
2603 2722 2698 2774 καὶ
2743 2717 2924 2774 ε’ίπαν·
2959 2722 3261 2793 Μηδαμῶς.
3295 2722 3488 2793 Κύριε,
3529 2723 3604 2792 μὴ
3641 2723 3768 2774 ἀπο-

2189 2810 2406 2881 λώμεθα
2439 2811 2623 2863 ἕνεκεν
2650 2813 2750 2881 τῆς
2777 2810 2956 2882 ψυχῆς
2985 2811 3076 2864 τοῦ
3104 2810 3392 2882 ἀνθρώπου
3422 2809 3637 2874 τούτου,
3680 2809 3769 2862 καὶ

2193 2903 2266 2974 μὴ
2291 2903 2432 2973 δῲης
2465 2904 2548 2970 ἐφ’
2578 2903 2727 2972 ἡμᾶς
2755 2897 2893 2972 αἷμα
2919 2902 3126 2956 δίκαιον
3148 2921 3160 2936 ·
3201 2902 3332 2956 διότι
3369 2903 3453 2966 σὺ,
3488 2900 3682 2971 Κύριε,
3715 2900 3770 2953 δν

2188 2997 2386 3066 τρόπον
2414 2994 2633 3048 ἐϐούλου
2663 2996 2984 3066 πεποίηκας.
3015 3015 3033 3048 ι
3070 2996 3161 3066 Μὴ
3183 2996 3291 3066 γὰρ
3314 2995 3398 3066 δὴ,
3430 2995 3587 3066 φησὶ,
3609 3011 3773 3063 τιμω-

2194 3086 2314 3158 ρίαν
2343 3089 2473 3158 ήμῖν
2501 3088 2812 3158 ἐπαγάγῃς,
2845 3087 2919 3151 ὡς
2951 3087 3015 3141 ἂν
3043 3087 3249 3141 δίκαιον
3279 3087 3456 3158 μάτην
3486 3087 3773 3156 ῥίπτουσιν

2192 3181 2270 3242 εἰς
2301 3180 2593 3243 Θάλασσαν,
2625 3181 2810 3250 ἐπειδὴ
2836 3182 2967 3250 ἡμῖν
2996 3181 3094 3250 μὲν
3121 3176 3188 3252 ἦν
3223 3180 3350 3250 περὶ
3378 3180 3641 3232 πλείστου
3673 3195 3769 3230 σῳ⁹

503 3274 703 3329 miuem
728 3288 1093 3329 conservare:
1136 3271 1230 3328 sed
1273 3273 1430 3327 aliter
1459 3273 1555 3326 tibi
1587 3273 1762 3328 visum
1805 3273 1930 3328 inde
1952 3288 2083 3327 con-

2194 3272 2346 3342 Θῆναι
2371 3271 2462 3324 τὸν
2489 3272 2674 3342 ἄνδρα·
2710 3273 2768 3325 ού
2798 3273 2986 3342 γέγονε
3013 3273 3070 3326 δὲ
3099 3272 3275 3338 τοῦτο,
3308 3273 3384 3336 ὡς
3407 3271 3553 3324 ἔοικέ
3582 3288 3669 3324 σοι
3702 3270 3772 3340 μὴ

503 3374 634 3432 stat,
669 3366 815 3436 quod
863 3375 1022 3419 aucta
1057 3365 1320 3435 procella,
1347 3363 1498 3418 haud
1549 3379 1650 3418 nos
1693 3365 1867 3420 sivisti
1923 3366 2085 3420 saluti

506 3458 744 3514 hominis
775 3457 1080 3512 consulere.
1115 3456 1210 3512 llis
1241 3473 1337 3528 pro
1373 3472 1430 3510 se
1465 3457 1608 3525 apud
1635 3455 1805 3510 Deum
1847 3473 2087 3527 perora-

505 3551 596 3610 tis,
625 3548 820 3603 Jonam
870 3549 1005 3602 mari
1043 3557 1386 3614 merserunt;
1422 3556 1586 3618 atque
1645 3550 1789 3603 illico
1835 3552 2087 3619 procella:

505 3641 688 3694 omnis
707 3638 888 3695 fervor
911 3642 1153 3711 quievit:
1179 3641 1325 3695 unde
1356 3649 1409 3694 et
1438 3641 1585 3708 gravi
1618 3649 1828 3696 terrore
1849 3642 2088 3712 correpti

505 3742 632 3787 sunt
666 3741 932 3797 vectores,
963 3734 1202 3804 supremi
1237 3731 1450 3786 Domini
1500 3734 1738 3801 potentia
1763 3735 1963 3804 agnita.
1994 3734 2085 3804 qui

506 3838 656 3878 mare
681 3839 781 3893 pro
816 3824 967 3879 libito
995 3834 1398 3888 commoverat,
1439 3825 1738 3897 eodemque
1773 3842 1896 3879 mox
1934 3827 2087 3881 libito

505 3917 752 3988 quietum
788 3916 1138 3987 praestiterat.
1190 3916 1328 3972 Exin
1364 3918 1602 3983 additur,
1640 3917 1785 3987 quod
1825 3936 1841 3967 ι
1891 3927 1943 3970 et
1981 3917 2086 3968 Do-

506 4011 654 4064 mino
712 4011 1162 4074 sacrificaverint,
1213 4019 1266 4066 et
1318 4021 1440 4066 vota
1489 4012 1863 4080 conceperint.
1897 4028 1915 4060 ι
1968 4007 2086 4062 Νοη

505 4104 650 4172 quod
680 4101 750 4156 ibi
785 4104 967 4158 statim
991 4101 1224 4157 Domino
1256 4119 1412 4159 saera
1443 4103 1705 4168 fecerint;
1737 4118 1912 4171 neque
1941 4101 2086 4156 enim

509 4193 563 4248 in
602 4194 727 4248 navi
764 4195 976 4250 hostias
1015 4194 1252 4249 oblaturi
1281 4204 1436 4249 erant
1475 4214 1486 4248 :
1532 4194 1625 4248 sed
1673 4191 1956 4264 Scriptura
2008 4193 2086 4248 si-

507 4285 746 4355 gniﬁcat,
780 4296 1025 4341 vectores
1063 4286 1186 4342 illos
1209 4288 1369 4356 plane
1407 4287 1474 4340 ab
1497 4286 1656 4340 idolis
1679 4284 1970 4347 defecisse,
2005 4300 2089 4340 se-

507 4393 614 4446 que
647 4376 737 4432 Dei
770 4378 939 4431 cultui
974 4376 1288 4444 addixisse;
1324 4378 1428 4433 lidc
1464 4377 1611 4444 data,
1648 4393 1707 4432 se
1737 4377 1992 4447 deinceps
2033 4378 2085 4433 in

507 4471 629 4539 ejus
657 4470 918 4524 famulatu
963 4471 1198 4534 futuros,
1227 4473 1548 4542 debitasque
1593 4470 1842 4525 victimas
1888 4471 2088 4526 immo-

508 4565 738 4619 laturos.
773 4564 828 4620 Id
859 4567 1002 4619 enim
1039 4566 1311 4636 signiﬁcat
1340 4574 1464 4619 vota
1489 4563 1801 4633 concipere.

508 4661 806 4729 ὑπέσχοντο
829 4659 920 4713 τοῦ
951 4661 1137 4714 λοιποῦ
1162 4663 1259 4732 τῆς
1287 4661 1450 4715 αὑτοῦ
1479 4658 1722 4721 δουλείας
1750 4657 2088 4724 ἀνθέξεσθαι,
2125 4661 2273 4721 αὑτῶ
2309 4679 2366 4715 τε
2397 4665 2489 4716 καὶ
2521 4664 2621 4725 τὰς
2651 4659 2999 4732 καθηκούσας
3038 4659 3329 4731 προσάξειν
3359 4657 3550 4720 Θυσίας
3578 4675 3594 4690 ο

507 4757 615 4826 γὰρ
643 4756 792 4824 λέγει
821 4756 904 4820 τὸ,
939 4757 1213 4821 Ηῦξαντο
1250 4757 1452 4825 εὐχάς.

1165 4849 1320 4902 CAR
1344 4848 1408 4903 ll.

582 4938 728 4992 Vens
752 4938 863 4992 1-7.
892 4968 962 4978 --
991 4936 1162 4993 Porro
1189 4937 1358 4994 Jonas
1383 4941 1518 4994 mari
1545 4943 1732 5010 perdiu
1757 4941 2084 5014 jactabatur,

509 5027 684 5082 donec
726 5027 870 5084 Deus
892 5036 1014 5083 ceto
1065 5029 1258 5098 grandi
1295 5029 1600 5094 mandavit,
1649 5040 1708 5086 ut
1760 5031 2085 5099 naufragum

510 5122 831 5176 devoraret:
887 5120 1047 5190 cujus
1097 5121 1151 5174 in
1194 5130 1382 5175 ventre
1423 5130 1537 5178 tres
1587 5123 1704 5180 dics
1735 5123 1937 5179 mansit
1964 5133 2099 5176 tres-

511 5229 617 5282 que
638 5221 829 5268 noctes
865 5213 1218 5283 incorruptus
1251 5212 1411 5282 plane
1441 5215 1746 5285 propheta:
1787 5217 1860 5270 ita
1896 5223 1956 5269 ut
1981 5215 2098 5284 ipse

513 5307 724 5361 mirans
748 5320 904 5359 suam
937 5305 1080 5359 intra
1116 5315 1294 5360 cetum
1314 5305 1746 5361 incolumitatem
1783 5315 1836 5361 et
1859 5289 2092 5376 integri--

511 5405 701 5460 tatem,
753 5395 912 5468 164
962 5397 1090 5450 dum
1133 5398 1204 5450 ibi
1241 5411 1339 5450 ceu
1382 5398 1436 5450 in
1487 5398 1816 5452 domuncula
1861 5399 2096 5468 quadam

515 5499 628 5544 tute
653 5489 824 5560 degit,
856 5503 1159 5544 conversus
1191 5489 1255 5543 ad
1293 5505 1486 5559 preces
1531 5499 1638 5554 est,
1689 5507 1828 5562 quas
1862 5507 1928 5546 ex
1985 5491 2091 5545 ceti

516 5590 703 5637 ventre
738 5581 804 5636 ad
833 5581 1003 5636 Deum
1051 5581 1191 5636 fudit
1223 5601 1236 5637 :
1269 5574 1502 5652 quarum
1531 5595 1755 5654 precum
1790 5586 1903 5638 lucc
1927 5585 2092 5640 verba

517 5680 647 5726 sunt
671 5690 685 5727 :
707 5691 725 5724 ι
757 5673 1001 5728 Clamavi
1037 5673 1108 5730 ad
1135 5673 1427 5728 Dominum
1458 5675 1624 5730 Deum
1658 5691 1860 5739 meum,
1888 5677 1978 5746 qui
2007 5691 2092 5732 me

515 5764 835 5819 exaudivit:
869 5765 1126 5820 emissam
1161 5765 1230 5821 de
1263 5775 1453 5822 ventre
1496 5766 1657 5822 inferi
1688 5767 1945 5822 clamoris
1987 5767 2088 5821 mei

515 5869 703 5911 vocem
736 5855 1078 5912 auscultasti.
1115 5875 1132 5908 ›
1171 5856 1508 5914 Gravissima
1539 5873 1798 5930 pressura
1823 5859 2089 5924 irretitus,

2189 3363 2380 3418 δοκοῦν
2401 3405 2414 3427 ,
2451 3365 2543 3433 ἀφ’
2575 3357 2650 3418 ὧν
2674 3365 3079 3436 ἐπιτεινόμενος
3114 3367 3142 3418 ό
3175 3365 3381 3418 κλύδων
3412 3366 3588 3417 ποιεῖν
3624 3364 3773 3435 ἡμᾶς

2189 3457 2255 3510 τά
2288 3459 2365 3519 εἰς
2397 3459 2668 3528 σωτηρίαν
2695 3457 2788 3510 τοῦ
2820 3458 3107 3530 ἀνθρώπου
3135 3459 3235 3512 ούκ
3263 3458 3349 3511 εἷα
3372 3475 3385 3488 ·
3419 3457 3564 3510 οὕτω
3597 3475 3661 3509 τε
3689 3456 3772 3508 διά

2189 3547 2396 3600 τούτων
2447 3549 2972 3618 ἀπολογησάμενοι
3018 3549 3098 3615 τῷ
3147 3547 3268 3614 Θεῷ
3324 3549 3432 3602 τῶν
3483 3547 3774 3618 ῥημάτιον,

2189 3639 2442 3693 ἐνέϐαλον
2485 3640 2574 3692 τὸν
2620 3639 2800 3693 Ἰωνᾶν
2851 3643 2930 3704 είς
2957 3643 3052 3712 τὴν
3089 3643 3395 3696 Θάλασσανο
3427 3640 3521 3692 καὶ
3556 3639 3726 3701 εὐθὺς
3747 3638 3775 3690 ὁ

2189 3730 2395 3784 κλύδων
2424 3732 2565 3792 ἅπας
2594 3731 2868 3786 ἐπαύσατο
2893 3751 2904 3763 ’
2949 3732 3087 3787 ὥστε
3124 3734 3218 3787 καὶ
3249 3734 3396 3805 φόϐῳ
3423 3733 3654 3803 μεγάλῳ
3681 3749 3776 3784 κα-

2189 3824 2515 3894 τασχεθῆναι
2555 3826 2678 3887 τοὺς
2710 3826 2938 3896 ἄνδρας,
2983 3826 3353 3898 Θεασαμένους
3385 3826 3484 3898 τὴν
3522 3825 3777 3890 ἐξουσίαν

2188 3915 2281 3968 τοῦ
2314 3918 2528 3969 πάντων
2559 3918 2786 3989 Κυρίου,
2812 3919 2868 3980 ὃς
2901 3920 2990 3972 κα¹ι
3023 3919 3339 3991 συνεκίνησε
3369 3920 3465 3990 τὴν
3494 3918 3777 3972 Θάλασσαν

2189 4008 2264 4071 ὡς
2293 4009 2542 4062 ἐϐούλετο
2566 4050 2580 4071 ,
2627 4011 2721 4063 καὶ
2755 4009 3034 4081 βουληθεὶς
3064 4013 3232 4082 αὐτὴν
3279 4012 3406 4064 εὐθὺ
3449 4011 3544 4064 καὶ
3597 4026 3779 4080 παρα-

2190 4102 2378 4172 χρῆμα
2407 4104 2586 4154 πᾶσαν
2621 4104 2700 4166 εἰς
2734 4103 2974 4177 γαλήνην
3013 4105 3356 4176 μετέστησεν.
3392 4099 3528 4157 Εἶτα
3554 4105 3780 4170 ἐπάγει,

2189 4197 2269 4249 ὅτι
2311 4216 2328 4246 ι
2361 4198 2468 4248 Καὶ
2495 4195 2694 4249 ἔθυσαν
2727 4198 2804 4267 τῷ
2853 4198 3041 4270 Κυρίῳ
3087 4200 3181 4251 καὶ
3224 4198 3456 4270 ηὔξαντο
3502 4199 3679 4269 εὐχάς
3705 4216 3719 4228 ’
3759 4218 3776 4249 ι

2188 4287 2285 4357 οὐχ
2314 4289 2394 4340 ὅτι
2427 4290 2577 4358 παρὰ
2612 4289 2751 4342 αὐτὰ
2778 4290 2975 4344 ἔθυσαν
2999 4291 3076 4361 τῷ
3104 4291 3294 4363 Κυρίῳ
3325 4291 3501 4358 λέγων
3521 4309 3534 4322 ·
3585 4293 3654 4344 ού
3679 4292 3784 4361 γάρ

2190 4381 2281 4434 ἐπὶ
2319 4379 2411 4433 τοῦ
2443 4380 2630 4433 πλοίου
2669 4381 2860 4444 Θυσίας
2894 4382 3126 4453 ήμελλον
3177 4381 3444 4436 ἐπιτελεῖν
3471 4399 3484 4411 °
3535 4382 3663 4434 ἀλλ’
3701 4382 3786 4435 ἴνα

2191 4472 2320 4542 εἴπῃ
2367 4471 2448 4523 ὃτι
2494 4469 2601 4524 τῶν
2651 4473 2884 4526 εἰδώλων
2936 4473 3213 4535 παντελῶς
3261 4471 3602 4535 ἀποστάντες
3630 4512 3647 4536 ,
3699 4472 3787 4524 ἁν-

2192 4565 2382 4621 έθεσαν
2432 4568 2630 4631 αὐτοὺς
2674 4569 2738 4638 τῇ
2769 4565 2863 4619 τοῦ
2915 4565 3050 4617 Θεοῦ
3097 4565 3354 4635 λατρεία,
3405 4564 3646 4634 (β.249)
3697 4565 3787 4616 καὶ

3630 4672 3789 4711 τουτο

2846 4843 3005 4895 ΚΕΦ.
3049 4843 3124 4895 ιιι.

2267 4939 2413 5009 Στίχ.
2449 4940 2582 5004 α’-ξ,
2610 4969 2677 4976 ——
2717 4939 2773 4990 Ὀ
2809 4938 2905 5008 μὲν
2935 4934 3026 4990 οὖν
3070 4938 3252 5000 Ἰωνᾶς
3282 4936 3376 4988 ἐπὶ
3406 4935 3675 4988 πλεῖστον
3706 4934 3795 4987 ἐπὶ

2197 5029 2296 5100 τῆς
2331 5030 2605 5102 Θαλάσσης
2638 5030 2862 5100 ἐφέρετο
2886 5046 2900 5060 ·
2953 5027 3253 5098 προσέταξε
3283 5027 3339 5080 δὲ
3384 5028 3412 5080 ὁ
3455 5027 3600 5090 Θεὸς
3637 5029 3795 5097 κήτει

2199 5121 2418 5194 μεγάλῳ
2462 5123 2552 5175 ἐπὶ
2580 5123 2679 5192 τῆς
2718 5121 2992 5192 Θαλάσσης
3044 5121 3342 5192 φερόμενον
3371 5124 3678 5174 καταπιεῖν
3708 5120 3798 5170 τὸν

2208 5213 2409 5278 Ἰωνᾶν,
2443 5207 2611 5286 οὗπερ
2647 5213 2704 5266 ἐν
2737 5215 2803 5283 τῇ
2837 5212 3014 5284 κοιλία
3042 5215 3190 5285 τρεῖς
3221 5212 3438 5283 ἡμέρας
3474 5229 3533 5266 τε
3571 5212 3678 5265 καὶ
3704 5209 3796 5262 νύ-

2196 5321 2328 5369 κτας
2375 5306 2671 5377 πεποίηκεν
2713 5305 3036 5376 ἀδιάφθορος
3067 5303 3345 5364 παντελῶς
3388 5305 3416 5356 ὁ
3446 5307 3756 5374 προφήτης
3783 5317 3796 5328 ·

2197 5397 2336 5450 ὥστε
2377 5398 2470 5450 καὶ
2503 5396 2662 5450 αὐτὸν
2691 5397 3050 5466 Θαυμάσαντα
3073 5439 3086 5460 ,
3137 5396 3216 5448 ὅτι
3251 5411 3357 5464 περ
3401 5393 3665 5463 ἀϐλαϐὴς
3710 5393 3801 5444 ἐπὶ

2199 5489 2290 5543 τοῦ
2333 5491 2532 5561 κήτους
2579 5490 2920 5559 πεφύλακται
2967 5490 3062 5542 καὶ
3111 5487 3433 5557 ἀδιάφθορος
3479 5485 3800 5548 παντελῶς,

2200 5583 2275 5647 ὡς
2323 5586 2380 5637 ἐν
2430 5585 2658 5656 οἰκίσκῳ
2702 5586 2806 5637 τινὶ
2862 5583 2999 5654 μετὰ
3049 5583 3248 5653 πολλῆς
3296 5582 3656 5651 τυγχάνοντα
3707 5582 3803 5646 τῆς

2199 5675 2520 5746 ἀσφαλείας,
2545 5677 2635 5729 ἐπὶ
2667 5675 2974 5748 προσευχὴν
3002 5676 3271 5748 τραπῆναι
3293 5715 3307 5734 ,
3343 5674 3410 5744 ἢν
3437 5674 3498 5726 ἐκ
3553 5675 3664 5746 τῆς
3701 5693 3807 5728 κοι-

2198 5767 2320 5832 λίας
2340 5768 2433 5822 τοῦ
2465 5770 2662 5839 κήτους
2679 5770 2960 5840 ἀνέπεμπε
2984 5769 3058 5839 τῷ
3085 5768 3220 5839 Θεῷ.
3251 5768 3334 5821 Τὰ
3354 5768 3409 5821 δὲ
3425 5765 3532 5836 τῆς
3559 5787 3813 5842 προσευοι

2201 5857 2303 5928 χῆς
2335 5859 2553 5930 ῥήματα
2578 5859 2762 5912 τοῦτον
2791 5859 2899 5929 ἔχει
2931 5857 3022 5912 τὸν
3049 5857 3248 5928 τρόπον
3269 5873 3282 5890 ο
3337 5875 3356 5910 ι
3378 5855 3633 5928 Ἔϐόησα
3667 5855 3807 5928 πρὶς
