3954 6506
217 367 320 424 537

1273 371 1827 430 COMMENTARIUS
1865 372 1929 427 IN
1955 373 2147 430 ΙΟΝΑΞ
2186 375 2339 430 CAP.
2380 375 2444 430 li.

3373 367 3480 422 353

219 491 424 562 Κύριον
451 489 538 544 τὸν
563 490 693 544 Θεόν
723 509 848 562 μου,
890 491 982 545 καὶ
1020 493 1304 564 είσήκοεδσέ
1337 509 1459 564 μουο
1491 496 1556 548 ἐκ
1588 494 1795 558 κοιλίας

1907 503 2064 564 atque
2097 495 2152 548 in
2179 494 2312 565 ipsis
2347 497 2561 559 inferis,
2587 492 2894 565 desperatis
2923 490 3136 547 scilicet
3162 488 3341 550 malis,
3365 502 3481 543 ver--

217 582 344 655 ᾷδου
374 583 622 653 κραυγῆς
660 599 760 652 μου
785 583 1043 653 ῆκουσας,
1073 584 1256 652 φωνῆς
1286 600 1408 654 μου.
1433 603 1450 636 ι
1505 585 1592 638 Ἐν
1625 585 1794 656 βαρυ-

216 687 355 746 τατῃ
374 672 551 743 θλίψει
576 674 857 744 τυγχάνων
882 675 975 728 καὶ
998 676 1054 728 ἐν
1078 675 1225 746 αὐτῴ
1246 693 1308 744 γε
1334 677 1410 748 τῷ
1437 677 1538 749 ᾄδῃ
1559 677 1798 747 γεγονὼς

217 769 281 837 τῇ
314 766 422 818 τῶν
450 767 633 820 κακῶν
654 765 980 835 ἀπογνώσει,
1011 767 1214 838 ἐϐόησά
1242 787 1299 821 τε
1332 770 1467 840 πρὸς
1500 770 1559 822 σὲ
1586 771 1679 822 καὶ
1699 771 1800 823 οὐκ

217 857 487 926 ἀπέτυχον
521 856 630 909 τῶν
659 858 948 926 αἰτήσεων.
1000 873 1019 908 t
1059 856 1399 929 Ἀπέρριψάς
1434 876 1500 929 με
1548 861 1626 921 εἰς
1659 858 1798 929 βάθη

219 949 446 1020 καρδίας
503 947 822 1020 Θαλάσσης,
882 951 974 1003 καὶ
1023 949 1258 1021 ποταμοί
1327 967 1394 1020 με
1448 950 1794 1004 ἐκύκλωσαν·

218 1043 419 1104 πάντες
464 1042 513 1094 οἱ
552 1042 919 1112 μετεωρισμοί
953 1059 1044 1095 σου
1086 1043 1181 1096 καὶ
1222 1044 1290 1096 τά
1320 1044 1544 1114 κύματά
1576 1059 1671 1096 σου
1712 1045 1798 1096 ἐπ’

216 1136 318 1206 ἐμὲ
345 1133 577 1206 διῆλθον.
608 1153 628 1186 ι
683 1135 1056 1204 ’Δποφυγόντα
1086 1135 1194 1207 γὰρ
1233 1137 1331 1205 τὴν
1372 1137 1674 1206 ὑπουργίαν
1701 1137 1800 1206 τὴν

219 1228 341 1299 σὴν,
369 1229 633 1298 ἐμπεσεῖν
665 1243 723 1278 τε
755 1230 821 1297 τῇ
850 1226 1089 1298 Θαλάττῃ
1121 1229 1449 1296 πεποίηκας,
1480 1229 1574 1281 καὶ
1603 1227 1799 1281 πολλοῦ

215 1337 364 1383 τινος
397 1319 722 1391 πειραθῆναι
748 1319 840 1371 τοῦ
885 1320 1152 1384 κλύδωνος
1179 1338 1192 1350 ·
1243 1321 1330 1388 ὑφ’
1359 1315 1420 1374 οὗ
1457 1320 1522 1390 δὴ
1548 1319 1686 1388 ἄγαν
1706 1337 1800 1374 ται

217 1412 557 1481 ραττομένης
596 1411 696 1480 τῆς
735 1410 1002 1482 θαλάττης
1050 1411 1310 1482 ποταμῶν
1353 1412 1509 1481 δίκην
1552 1410 1800 1464 ἐντεῦθεν

215 1503 446 1574 ἐπέρρει
481 1520 572 1572 μοι
602 1503 710 1556 τῶν
750 1505 1010 1574 κυμάτων
1037 1504 1106 1556 τά
1136 1502 1324 1556 ὓδατα.
1369 1505 1444 1573 (p.
1477 1503 1604 1574 250)
1639 1521 1657 1554 ι
1693 1503 1802 1556 Καὶ

215 1593 332 1661 ἐγὼ
361 1589 511 1646 εἷπον
539 1611 552 1624 ·
593 1594 878 1666 Ἀπῶσμαι
910 1595 969 1660 ἐξ
1003 1595 1299 1665 ὀφθαλμῶν
1329 1612 1424 1648 σου
1445 1612 1460 1626 °
1493 1592 1601 1666 ἆρα
1633 1611 1800 1666 προσ-

215 1685 372 1756 θήσω
416 1685 508 1738 τοῦ
533 1685 820 1754 ἐπιϐλέψαι
843 1688 979 1756 πρὸς
1003 1688 1126 1742 ναὸν
1148 1688 1239 1740 τὸν
1260 1688 1414 1756 ἅγιόν
1440 1705 1532 1742 σου
1554 1705 1568 1754 ;
1605 1707 1622 1740 ι
1667 1688 1802 1740 ’Υπὸ

213 1780 349 1847 γοῦν
377 1781 476 1848 τῆς
499 1779 610 1832 τῶν
637 1781 822 1833 κακῶν
837 1782 1146 1853 ἀμηχανίας
1174 1782 1534 1853 ἐκϐεϐλῆσθαι
1557 1785 1656 1854 τῆς
1678 1800 1804 1853 προσ

1901 602 2050 652 sans,
2110 589 2341 643 clamavi
2395 587 2461 642 ad
2493 597 2586 654 te;
2626 601 2803 658 neque
2838 584 2996 639 irrita
3033 582 3136 639 fuit
3185 581 3481 653 postulatio

1901 693 2042 732 mea.
2082 698 2100 730 ι
2138 678 2428 750 Projecisti
2460 694 2547 735 me
2572 681 2626 732 in
2661 676 2991 747 profundum
3017 674 3188 729 maris
3223 688 3341 738 cor,
3381 687 3482 724 un-

1901 768 2092 838 daeque
2126 784 2212 823 me
2231 769 2664 833 concluserunt;
2699 781 2891 820 omnes
2915 773 3082 821 zestus
3128 765 3206 818 tui
3253 762 3482 817 ﬂuctus-

1902 875 2008 930 que
2030 876 2196 929 super
2227 876 2314 916 me
2345 861 2700 916 transierunt.
2733 878 2751 910 ι
2796 857 2900 924 Qui
2949 856 3174 928 perfuga
3223 870 3372 911 eram
3412 854 3482 909 ab

1902 951 2212 1006 obedientia
2240 961 2354 1018 tua,
2394 951 2603 1006 curasti
2639 957 2696 1003 ut
2725 948 2779 1002 in
2813 963 2964 1002 mare
3001 947 3323 1011 inciderem,
3375 945 3482 1000 ibi-

1901 1061 2008 1115 que
2026 1046 2298 1115 ingentem
2333 1043 2610 1113 experirer
2648 1040 2944 1110 procellam
2974 1054 2987 1089 :
3019 1054 3127 1108 qua
3146 1039 3276 1092 dum
3309 1051 3480 1098 mare,

1903 1140 2144 1192 ﬂuminis
2172 1138 2366 1200 inStar,
2399 1136 2655 1206 agitatur,
2699 1147 2799 1202 ego
2830 1129 3051 1200 quidem
3075 1145 3338 1199 aquarum
3369 1143 3485 1182 vor-

1901 1231 2104 1284 ticibus
2140 1242 2552 1299 quaqueversus
2583 1226 2872 1278 obruebar.
2915 1242 2930 1273 ‹
2975 1222 3038 1274 Et
3061 1236 3160 1292 ego
3191 1220 3302 1275 dixi
3334 1239 3347 1274 :
3378 1219 3484 1274 Bc-

1899 1324 2078 1392 jectus
2109 1338 2230 1378 sum
2261 1321 2449 1392 procul
2497 1318 2673 1373 oculis
2718 1318 2845 1371 tuis.
2885 1315 3024 1368 Nutu
3079 1316 3260 1368 denuo
3292 1313 3484 1367 videbo

1903 1417 2162 1484 templum
2216 1421 2466 1470 sanctum
2518 1409 2716 1464 tuum?
2769 1428 2788 1461 ι
2847 1407 2944 1464 liis
3002 1423 3088 1462 me
3149 1407 3309 1460 malis
3358 1421 3482 1458 cum

1901 1508 2158 1578 expedire
2214 1507 2542 1576 nequirem,
2594 1505 2876 1559 exclusum
2945 1515 3032 1554 me
3088 1499 3408 1568 reputabam
3455 1515 3486 1549 ιι

1903 1599 2244 1669 providentia
2276 1605 2404 1664 tua;
2443 1597 2762 1666 nullamque
2816 1603 3075 1665 praeterea
3120 1607 3272 1662 spem
3339 1590 3487 1645 fon:-

1905 1696 2052 1758 bam,
2097 1693 2210 1747 fore
2247 1702 2304 1745 ut
2346 1692 2402 1745 in
2456 1690 2719 1760 templum
2757 1700 2908 1743 tuum
2939 1702 3193 1742 reversus
3249 1684 3484 1754 legitima

1907 1784 2265 1854 perfungerer
2331 1781 2617 1851 religione.
2693 1778 2904 1849 Quippe
2956 1779 3109 1832 illinc
3171 1776 3488 1846 longissime

213 1872 368 1935 νοίας
399 1872 558 1943 ᾤμην
597 1873 698 1942 τῆς
730 1874 846 1944 σῆς,
886 1877 980 1928 καὶ
1010 1875 1267 1946 οὐδεμίαν
1303 1873 1446 1947 εἶχον
1473 1875 1661 1928 ἐλπίδα
1688 1875 1801 1928 λοι-

1907 1877 2146 1938 abcram,
2181 1874 2526 1946 gravissimis
2553 1873 2851 1942 implicitus
2876 1869 3304 1926 calamitatibus.
3349 1888 3367 1917 ι
3393 1865 3474 1922 Oi-

213 1965 318 2016 πὺν
337 1965 430 2017 τοῦ
465 1965 755 2035 γενόμενος
785 1967 842 2018 ἐν
871 1966 950 2036 τῷ
972 1967 1084 2038 ναῷ
1116 1985 1207 2021 σου
1236 1968 1313 2038 τῷ
1347 1969 1486 2039 ἁγίῳ
1511 1968 1607 2038 τὴν
1637 1965 1802 2038 καθὴ⁴

208 2073 418 2110 κουσαν
443 2059 697 2112 ἀποτῖσαί
727 2076 808 2112 σοι
843 2059 1141 2132 θρησκείαν
1161 2078 1173 2091 ·
1204 2061 1298 2114 ἅτε
1335 2061 1522 2132 πόρρω
1552 2077 1609 2113 τε
1635 2059 1801 2112 αὐτοῦ

207 2151 524 2219 τυγχάνων,
554 2153 648 2204 καὶ
675 2153 997 2223 βαρυτάτοις
1030 2153 1563 2223 περιεστοιχισμένος
1593 2155 1799 2215 κακοῖς.

215 2260 232 2292 ι
261 2241 574 2314 Περιεχύθη
604 2261 692 2314 μοι
723 2243 869 2316 ὓδωρ
895 2245 1000 2308 ἐως
1033 2245 1211 2316 ψυχῆς
1251 2263 1373 2316 μου.
1407 2265 1426 2295 ι
1487 2245 1666 2315 Αὐτῆς
1701 2261 1802 2314 μου

207 2336 312 2406 τῆς
343 2335 521 2406 ψυχῆς
565 2335 824 2390 καθίκετο
871 2337 980 2391 τῶν
1016 2337 1527 2410 περικεχυμένωνὴ
1568 2340 1802 2410 ταραχή.

212 2448 231 2480 ι
258 2428 535 2491 Ἀὅυσσος
563 2427 849 2482 ἐκύκλωσέ»
874 2447 938 2499 με
966 2429 1192 2500 ἐσχάτη.
1219 2448 1237 2480 ι
1277 2429 1350 2482 Τὸ
1382 2429 1687 2485 τελευταῖον
1712 2430 1802 2484 ὑπ’

204 2519 385 2589 αὐτῆς
414 2520 722 2591 κατεπόθην
754 2520 848 2590 τῆς
879 2519 1138 2575 ἀϐύσσου.
1185 2539 1204 2570 ι
1235 2520 1363 2573 Ἔδυ
1399 2523 1431 2592 ἡ
1459 2521 1669 2592 κεφαλή
1701 2537 1803 2592 μου

207 2613 292 2674 εἰς
341 2611 578 2682 σχισμάς
629 2612 821 2680 ὀρέων.
858 2632 877 2664 ι
932 2612 1246 2666 Διαλάττειν
1292 2629 1352 2666 τε
1395 2614 1546 2666 οὐδὲν
1588 2614 1805 2667 ἐδόκουν

208 2703 440 2775 ἐμαυτῷ
474 2703 566 2758 τοῦ
618 2704 674 2756 ἐν
725 2703 1056 2775 διαιρέσεσιν
1109 2705 1282 2776 ὀρέων
1334 2705 1665 2776 βαρυτάταις
1705 2706 1804 2778 λη-

209 2797 466 2866 φθέντος,
500 2791 619 2848 εἶτα
653 2797 761 2849 τῶν
795 2797 966 2867 ὀρέων
1002 2798 1095 2850 ἐπί
1119 2798 1316 2850 ταυτὸν
1343 2797 1804 2867 συνεληλυθότων,

203 2887 470 2958 οὐδεμίαν
501 2887 790 2957 ἀποφυγῆς
828 2887 1136 2958 εὐρίσκοντι
1162 2887 1348 2941 λοιπὸν
1382 2889 1592 2944 ἐλπίδα.
1621 2908 1637 2940 ι
1665 2891 1808 2944 Κατ·

207 2981 348 3052 έόην
380 2983 460 3044 είς
486 2980 612 3050 γῆν,
649 2976 718 3051 ἧς
757 2983 804 3033 οἱ
857 2980 1043 3051 μοχλοὶ
1073 2981 1241 3053 αὐτῆς
1275 2981 1496 3053 κάτοχοι
1528 2983 1754 3040 αίώνιοι.
1782 3004 1800 3036 ι

208 3067 351 3125 Εἶτα
384 3070 593 3124 ἐκεῖθεν
639 3071 907 3138 διεδέξατό
939 3089 1006 3143 με
1057 3072 1118 3126 τὸ
1154 3074 1319 3144 κῆτος
1344 3115 1358 3138 ,
1415 3076 1507 3128 καὶ
1551 3075 1653 3147 γῆν
1686 3093 1808 3130 τινα

204 3166 385 3218 οἰκεῖν
439 3155 690 3228 ἐδόκουν,
747 3162 808 3228 ἐξ
859 3160 927 3234 ἧς
961 3165 1262 3234 ἀποφυγεῖν
1317 3165 1396 3237 τῷ
1451 3167 1806 3237 κατεχομένῳ

1906 1970 2040 2024 fusae
2079 1968 2213 2022 mihi
2239 1977 2369 2023 sunt
2400 1983 2555 2038 aqua:
2599 1982 2774 2036 usque
2801 1967 2869 2020 ad
2897 1965 3156 2018 animam.
3186 1982 3204 2014 ι
3245 1964 3490 2016 Circum-

1906 2062 2172 2116 stantium
2222 2061 2493 2114 malorum
2534 2068 2780 2114 terrores
2806 2058 2872 2112 ad
2913 2057 3088 2127 ipsam
3120 2055 3361 2108 animam
3393 2069 3486 2124 pe-

1907 2160 2284 2208 netraverunt.
2317 2154 2574 2206 tlmame
2616 2151 2838 2226 vallavit
2875 2151 3131 2220 abyssus.
3177 2167 3195 2198 ι
3238 2145 3483 2216 Denique

1905 2247 2121 2316 gurgite
2156 2245 2452 2314 absorptus
2477 2259 2620 2297 sum.
2667 2263 2684 2294 ‹
2727 2244 2902 2313 Caput
2939 2257 3118 2297 meum
3166 2241 3219 2294 in
3263 2241 3493 2293 tissuras

1906 2340 2174 2392 montium
2209 2339 2509 2392 demissum
2541 2345 2645 2390 est.
2685 2357 2702 2388 ι
2747 2335 2896 2390 Nihil
2930 2335 3061 2389 mihi
3092 2335 3312 2388 diﬂ‘erre
3347 2332 3493 2386 vide-

1905 2433 2006 2486 bar
2027 2433 2096 2486 ab
2131 2431 2198 2485 iis
2238 2431 2330 2500 qui
2372 2429 2426 2483 in
2463 2430 2716 2484 cavernis
2762 2429 3030 2484 montium
3071 2426 3355 2480 altissimis
3394 2422 3492 2476 de-

1907 2521 2172 2584 tinentur,
2214 2521 2288 2574 ita
2330 2527 2389 2574 ut
2429 2520 2755 2575 coeuntibus
2786 2519 2840 2573 in
2897 2533 2957 2574 se
3005 2517 3306 2581 montibus,
3346 2517 3492 2571 nulla

1907 2629 2034 2683 spes
2075 2611 2342 2668 evadendi
2397 2612 2609 2681 reliqua
2663 2613 2757 2667 sit.
2804 2630 2822 2662 ε
2871 2610 3141 2666 Descendi
3194 2611 3339 2663 intra
3390 2611 3493 2661 hu-

1908 2720 2079 2770 muni,
2117 2705 2276 2775 cujus
2304 2713 2490 2761 vectes
2531 2712 2732 2759 aeterna
2762 2704 3065 2758 retinacula
3105 2711 3254 2758 sunt.
3299 2721 3317 2753 ι
3355 2699 3493 2756 Tum

1908 2800 1982 2855 ibi
2013 2815 2102 2854 me
2139 2799 2354 2870 excepit
2402 2810 2580 2865 cetus,
2641 2799 2788 2852 intra
2836 2811 2996 2866 quem
3053 2803 3255 2850 terrain
3312 2809 3494 2863 quam-

1907 2892 2034 2947 dam
2078 2891 2305 2947 videbar
2352 2892 2629 2956 incolere,
2682 2888 2827 2944 unde
2866 2888 3100 2943 evadere
3139 2887 3360 2940 detento
3400 2886 3493 2938 lto-

1907 2982 2043 3036 ntini
2109 2996 2339 3052 prorsus
2393 2996 2502 3035 non
2564 2980 2784 3036 licebat.
2851 2979 3160 3049 Caeteroqui
3201 2976 3495 3031 incolumis

1908 3075 2060 3131 intus
2099 3075 2286 3130 divino
2327 3082 2463 3129 nutu
2503 3089 2724 3138 servor,
2766 3087 3084 3144 quanquam
3129 3083 3335 3125 emtum
3375 3071 3490 3122 nul-

1911 3167 2023 3222 lum
2066 3169 2378 3222 nanciscor.

205 3258 442 3312 δυνατὸν
473 3255 724 3328 οὐδαμῶς
766 3257 1006 3328 ὑπῆρξεν
1029 3273 1042 3286 °
1085 3257 1327 3330 ἀϐλαδῆς
1370 3259 1466 3325 μὲν
1502 3258 1648 3311 ἔνδον
1676 3262 1740 3331 τῇ
1773 3259 1892 3331 θείᾳ
1944 3262 2170 3333 προνοίᾳ
2205 3259 2626 3332 φυλαττόμενος,
2670 3257 2767 3330 τὴν
2800 3255 3009 3311 ἐκεῖθέν
3038 3271 3097 3307 τε
3129 3252 3347 3307 ἔκδυσιν
3380 3253 3496 3324 ἥτις

216 3353 288 3405 ἂν
321 3351 538 3418 γένοιτο
579 3351 678 3420 οὐχ
721 3349 1016 3420 εὑρίσκων.

279 3443 436 3512 Στίχ.
461 3449 644 3512 η’-ια’.
676 3472 746 3481 -
780 3459 798 3494 t
839 3443 950 3494 Kal
987 3443 1248 3513 ἀναϐήτω
1277 3444 1342 3495 ἐκ
1372 3443 1578 3514 φθοράς
1691 3443 1803 3516 ζωή

1987 3442 2144 3514 165
2180 3440 2343 3496 Vens.
2376 3439 2531 3494 8-H.
2559 3469 2627 3478 —
2663 3456 2681 3490 ι
2707 3438 2929 3493 Utinam
2965 3453 3024 3491 se
3052 3444 3295 3507 emergat
3323 3451 3354 3490 a
3385 3450 3501 3489 cor-

209 3553 319 3606 μου
349 3535 487 3606 πρὸς
524 3535 600 3596 σὲ,
636 3534 832 3606 Κύριε,
859 3535 1038 3598 ὁΘεός
1074 3552 1198 3606 μου.
1241 3555 1259 3587 ι
1299 3535 1460 3588 Ἀλλὰ
1493 3538 1602 3606 γάρ
1633 3539 1802 3608 μόνης

205 3628 312 3698 τῆς
370 3627 473 3698 σῆς
517 3631 634 3680 ἐστι
680 3627 963 3698 δυνάμεως
1007 3630 1107 3698 τῆς
1156 3627 1570 3699 ὑπειλημμένης
1614 3631 1802 3684 αὐτόθι

208 3721 429 3790 φθορᾶς
474 3719 780 3786 ἀπαλλάξαι
837 3736 940 3790 μου
973 3720 1072 3790 τὴν
1115 3718 1283 3791 ζωήν.
1343 3723 1415 3791 (p.
1472 3721 1600 3790 251)
1644 3742 1662 3774 ι
1715 3723 1803 3776 Ἐν

206 3811 290 3881 τῷ
341 3810 618 3863 ἐκλείπειν
653 3811 746 3863 ἀπ’
782 3809 915 3880 ἐμοῦ
945 3809 1044 3880 τὴν
1075 3809 1253 3882 ψυχήν
1305 3829 1407 3882 μου
1431 3854 1444 3875 ,
1476 3812 1568 3864 τοῦ
1598 3813 1803 3884 Κυρίου

208 3900 525 3973 ἐμνήσθην.
573 3922 590 3953 ι
628 3901 836 3972 Μικροῦ
872 3903 981 3974 γάρ
1010 3905 1191 3972 ἀφιεὶς
1230 3906 1295 3974 τῇ
1329 3904 1535 3975 ἀπορίᾳ
1569 3905 1667 3974 τὴν
1696 3905 1801 3973 ψυ-

206 3994 338 4065 χὴν,
373 3995 477 4062 τὴν
510 3993 606 4064 σὴν
631 3993 792 4064 ᾔτουν
827 3995 1096 4067 βοήθειαν.
1139 4015 1156 4046 ι
1197 3997 1308 4049 Καὶ
1334 3995 1478 4049 ἔλθοι
1513 3997 1649 4068 πρὸς
1685 3999 1804 4069 σέή

208 4086 502 4155 προσευχὴ
543 4103 642 4155 μου
687 4087 766 4148 εἰς
807 4086 932 4139 ναὸν
972 4087 1126 4155 ἅγιόν
1172 4105 1287 4141 σου.
1329 4107 1346 4138 ι
1386 4089 1558 4152 Αὐτός
1599 4088 1659 4141 τέ
1702 4106 1804 4160 μου

204 4175 364 4240 δέξαι
386 4177 487 4246 τὴν
512 4178 818 4248 προσευχὴν
843 4181 904 4234 ἐν
933 4178 1010 4250 τῷ
1036 4180 1149 4250 ναῷ
1179 4179 1461 4244 καθεστὼς
1488 4181 1567 4251 τῷ
1597 4183 1803 4252 οἰκείῳ,

204 4269 377 4322 οὐθέν
419 4287 480 4322 σε
534 4270 633 4339 τῆς
684 4270 1022 4337 διαστάσεως
1062 4273 1171 4326 τῶν
1214 4274 1395 4327 τόπων
1446 4275 1674 4346 ἀμύνειν
1717 4293 1807 4346 μοι

204 4361 560 4432 κωλυούσης.
591 4381 608 4412 ι
643 4361 1046 4433 Φυλασσόμενοι
1073 4365 1280 4435 μάταια
1306 4367 1400 4418 καὶ
1432 4364 1627 4437 ψεύδη,
1659 4365 1808 4418 ἔλεον

204 4454 401 4506 αὐτῶν
437 4454 819 4522 ἐγκατέλιπον.
863 4475 880 4506 ›
913 4459 976 4510 Oi
1010 4459 1106 4528 μὲν
1140 4458 1249 4527 γάρ
1281 4459 1382 4528 τὴν
1414 4459 1672 4530 ναυτικὴν
1711 4475 1808 4530 με-

202 4543 424 4602 τιόντες
467 4544 752 4615 ἐργασίαν,
805 4547 980 4600 καίτοι
1019 4564 1082 4616 γε
1123 4547 1360 4611 εἰδώλοις
1415 4549 1807 4620 προσέχοντες,

203 4642 310 4692 καὶ
341 4640 472 4708 περὶ
503 4640 602 4712 τὴν
634 4641 850 4709 ἀπάτην
882 4642 1098 4712 ἐκείνην
1132 4641 1498 4712 ἠσχολημένοι
1525 4682 1540 4705 ,
1573 4641 1806 4713 ἠϐουλήο

203 4733 390 4803 θησάν
447 4733 550 4803 μού
595 4750 718 4786 τινα
767 4733 1095 4802 ποιήσασθαι
1143 4733 1346 4803 φειδῶο
1403 4733 1716 4806 νικηθέντες
1751 4735 1809 4788 δὲ

1906 3540 2159 3607 raptione
2183 3536 2290 3589 vita
2320 3549 2438 3589 mea
2461 3535 2528 3587 ad
2560 3541 2632 3600 te,
2660 3531 2885 3586 Domine
2921 3529 3062 3586 Deus
3087 3531 3278 3586 meus!
3311 3547 3328 3581 ι
3369 3526 3498 3583 Tuae

1906 3631 2154 3702 profecto
2184 3627 2564 3683 tantummodo
2586 3627 2807 3681 virtutis
2824 3631 2929 3688 est,
2962 3638 2992 3676 a
3017 3624 3195 3678 tenaci
3218 3622 3308 3676 illo
3329 3622 3498 3678 exitio

1904 3726 2118 3793 eripere
2167 3723 2405 3775 animam
2461 3734 2658 3774 meam.
2701 3738 2718 3769 ι
2747 3718 2884 3772 Cum
2928 3716 3042 3787 jam
3098 3732 3184 3769 me
3217 3715 3499 3771 desereret

1907 3817 2137 3887 spiritus
2191 3830 2367 3880 meus,
2409 3812 2626 3867 Domini
2674 3827 2882 3865 memor
2919 3811 3017 3864 fui.
3049 3829 3066 3861 ι
3114 3810 3251 3863 Cum
3292 3811 3405 3878 jam
3443 3812 3498 3863 in

1907 3909 2178 3980 angustiis
2231 3909 2468 3961 animam
2526 3919 2762 3975 agerem,
2825 3913 2973 3956 tuam
3034 3903 3254 3971 p0posci
3312 3917 3496 3970 opem.

1913 4019 1932 4051 ι
1960 3997 2154 4054 Veniat
2177 3998 2384 4050 utinam
2408 3995 2474 4049 ad
2499 4003 2550 4048 te
2569 3995 2620 4047 in
2647 3996 2907 4062 templum
2928 4002 3078 4046 tuum
3100 3991 3276 4044 oratio
3301 3993 3448 4046 meal
3473 4011 3491 4043 ι

1907 4087 2026 4158 Ipse
2054 4087 2314 4156 excepisti
2366 4099 2557 4155 preces
2584 4099 2734 4138 meas
2763 4092 2856 4138 tuo
2887 4082 2940 4136 in
2970 4083 3172 4150 templo
3210 4082 3496 4150 residens;

1909 4183 2047 4237 nihil
2095 4192 2145 4236 te
2197 4184 2445 4236 locorum
2499 4176 2782 4240 distantia,
2817 4176 3115 4246 quominus
3158 4175 3290 4228 mihi
3325 4175 3496 4230 ferres

1910 4289 2092 4345 opem,
2145 4271 2450 4346 prohibuit.
2504 4268 2647 4336 «Qui
2682 4267 3024 4322 vanitatibus
3078 4266 3212 4320 dant
3270 4280 3496 4337 operam

1911 4375 2074 4435 atque
2130 4361 2456 4424 mendaciis,
2516 4358 2951 4414 misericordiam
3008 4357 3490 4427 dereliquerunt.»

1911 4454 1976 4509 Hi
2001 4456 2092 4525 qui
2123 4454 2398 4507 nauticam
2428 4453 2594 4505 vitam
2618 4460 2878 4505 exercent
2908 4458 2961 4504 et
2997 4447 3136 4506 idola
3170 4450 3490 4514 observant,

1911 4562 2074 4619 atque
2105 4547 2377 4618 ejusmodi
2412 4545 2800 4599 fraudulentiis
2837 4554 3055 4610 vacant,
3086 4553 3347 4614 optarunt
3377 4551 3499 4616 qui-

1913 4641 2036 4696 dem
2077 4641 2208 4694 mihi
2235 4637 2643 4710 quodammodo
2682 4653 2911 4708 parcere
2940 4655 2952 4690 :
2988 4647 3366 4692 verumtamen
3397 4640 3496 4691 ad-

1912 4737 2173 4790 versitate
2212 4734 2363 4796 victi,
2404 4733 2472 4787 de
2499 4733 2774 4788 sententia
2815 4747 2914 4786 sua
2947 4732 3343 4786 decesserunt:
3379 4747 3500 4786 cer-

201 4826 321 4878 ὑπὸ
353 4827 466 4877 τῶν
506 4824 727 4892 κακῶν,
781 4828 881 4896 τῆς
925 4824 1151 4897 γνώμης
1185 4826 1503 4898 ἀπέστησαν
1555 4827 1803 4898 ἐκείνης,

1915 4829 2084 4882 tiores
2121 4826 2248 4881 facti
2289 4826 2434 4880 haud
2477 4825 2581 4880 sibi
2621 4826 2786 4878 vitam
2839 4823 3272 4894 snperl‘uturam,
3330 4824 3438 4879 nisi
3468 4840 3499 4877 a

198 4918 455 4989 ὁρῶντες
485 4919 585 4970 οὐκ
625 4919 682 4970 ἐν
721 4919 904 4981 αὐτοῖς
934 4917 1150 4988 βιωτὸν,
1193 4919 1241 4970 εί
1277 4917 1351 4989 μὴ
1383 4919 1481 4988 τῆς
1507 4919 1807 4990 ἐγγύτητος

199 5010 586 5078 ἀπαλλαγεῖεν
618 5010 719 5080 τῆς
751 5011 913 5081 ἐμῆς.
955 5029 973 5061 ι
1027 5009 1169 5078 Ἐγὼ
1201 5009 1257 5063 δέ
1286 5010 1425 5080 μετὰ
1455 5014 1637 5082 φωνῆς
1666 5011 1812 5066 αἰνέ-

201 5121 356 5166 σεως
382 5104 480 5155 καὶ
503 5103 946 5174 ἐξομολογήσεως
971 5101 1118 5155 θύσω
1143 5119 1249 5165 σοι,
1279 5103 1380 5155 ὅσα
1399 5102 1651 5174 ηὐξάμην
1682 5105 1813 5157 ἀπο-

199 5194 373 5248 δώσω
404 5211 488 5247 σοι
515 5196 596 5258 είς
629 5197 896 5267 σωτήριον
925 5194 1002 5266 τῷ
1031 5196 1241 5266 Κυρίῳ.
1283 5214 1301 5245 ι
1342 5195 1503 5248 Ἀλλὰ
1535 5195 1644 5266 γάρ
1671 5214 1809 5249 παν-

199 5289 449 5358 ταχόθεν
487 5288 625 5360 μόνῃ
674 5291 740 5360 τῇ
771 5291 956 5360 χάριτι
987 5292 1054 5360 τῇ
1186 5288 1482 5358 φυλαχθεὶς
1507 5328 1522 5351 ,
1566 5289 1664 5340 καὶ
1708 5288 1810 5359 τὴν

198 5382 548 5454 ἀπαλλαγὴν
581 5382 676 5435 τοῦ
718 5380 948 5436 θανάτου
988 5383 1212 5445 λαϐὼν,
1243 5382 1446 5453 ὑμνους
1481 5399 1539 5435 τε
1583 5383 1677 5435 καὶ
1721 5381 1812 5434 εὐ·-

200 5475 509 5548 χαριστίας
545 5476 787 5531 ἀποτίσω
834 5495 915 5530 σοι
943 5520 957 5546 ,
990 5477 1130 5548 ὑπὲρ
1157 5470 1231 5530 ὧν
1262 5479 1326 5547 τῇ
1363 5475 1591 5547 προνοίᾳ
1628 5475 1809 5528 διασέ-

205 5585 446 5638 σωσμαι
481 5572 548 5638 τῇ
583 5572 671 5640 σῇ.
709 5570 788 5622 Τά
835 5571 932 5640 μὲν
962 5570 1026 5642 δὴ
1065 5571 1165 5638 τῆς
1204 5571 1370 5641 εὐχῆς
1401 5569 1494 5622 τοῦ
1527 5571 1808 5641 προφήτου

203 5661 451 5730 ῥήματα
481 5659 676 5712 ταῦτα’
703 5660 764 5713 τὸ
789 5661 846 5714 δέ
876 5662 1038 5734 κῆτος
1060 5661 1334 5731 Πνεύματι
1359 5661 1488 5732 θείῳ
1509 5661 1600 5714 τὸν
1626 5650 1810 5716 ’ῐωνᾶν

201 5750 314 5803 ἐπὶ
345 5752 449 5819 τὴν
478 5751 654 5823 ξηράν
681 5753 906 5823 ἤμεσεν,
944 5751 1126 5816 καθὼς
1165 5753 1340 5807 ἐδόκει
1366 5753 1524 5806 τοῦτο
1554 5753 1808 5823 γενέσθαι

199 5842 297 5913 τῷ
321 5841 442 5916 Θεῷ
463 5860 474 5872 ·
504 5844 603 5914 τῆς
634 5843 740 5915 γάρ
761 5845 993 5916 ἐσχάτης
1019 5843 1166 5898 ἐστὶν
1193 5845 1376 5908 ἀνοίας
1407 5844 1674 5899 τοσούτων
1704 5844 1809 5899 τῶν

1879 4925 1882 4928 ’
1920 4934 2038 4972 mea
2087 4933 2146 4972 se
2180 4917 2379 4971 vicinia
2415 4915 2791 4985 sejungerent.
2851 4933 2868 4963 ε
2898 4913 3010 4986 Ego
3039 4930 3169 4969 vero
3199 4930 3324 4969 cum
3368 4930 3498 4968 voce

1915 5009 2094 5063 laudis
2127 5018 2289 5078 atque
2323 5007 2582 5078 praeconii
2619 5006 2946 5061 sacriticabo
2993 5006 3119 5060 tibi:
3153 5021 3499 5077 quaecunque

1913 5105 2035 5158 vovi
2073 5105 2305 5167 solvam,
2362 5119 2461 5173 pro
2500 5103 2680 5157 salute
2739 5111 2978 5171 recepta,
3032 5101 3152 5166 tibi,
3191 5101 3441 5156 Domine.
3473 5121 3491 5152 ι

1916 5196 2181 5268 Equidem
2207 5203 2298 5249 tua
2321 5197 2435 5251 sola
2464 5196 2642 5267 gratia
2675 5205 2929 5250 servatus
2962 5201 3016 5248 et
3047 5203 3222 5248 morte
3252 5204 3495 5264 ereptus.

1918 5290 2151 5362 hymnos
2207 5288 2302 5343 tibi
2343 5297 2398 5344 et
2450 5289 2752 5358 gratiarum
2807 5287 3051 5340 actiones
3102 5284 3348 5349 reddam,
3403 5287 3496 5356 qui

1919 5399 2066 5437 cura:
2098 5390 2206 5436 tua:
2245 5382 2480 5438 salutem
2529 5390 2810 5452 acceptam
2845 5380 2982 5436 fero.
3025 5381 3206 5450 Atque
3249 5378 3365 5432 haec
3395 5377 3498 5432 fuit
3538 5369 3555 5382 ’

1918 5475 2197 5546 prophetae
2239 5476 2436 5530 oratio.
2475 5475 2642 5530 Cetus
2673 5483 2856 5530 autem
2885 5489 2914 5528 a
2943 5482 3137 5530 sancto
3166 5471 3374 5543 Spiritu
3408 5473 3496 5526 in-

1912 5571 2146 5625 stinctus
2179 5567 2370 5624 Jonam
2410 5570 2464 5622 in
2501 5568 2685 5624 littore
2713 5567 2974 5630 evomuit,
3000 5567 3161 5622 sicuti
3187 5565 3296 5620 Deo
3318 5565 3496 5619 visunt

1912 5670 2030 5716 erat
2061 5670 2117 5714 ut
2147 5662 2316 5716 fieret.
2358 5658 2598 5714 Summa:
2627 5663 2772 5715 enim
2805 5661 3036 5715 insania:
3077 5659 3236 5725 foret,
3272 5665 3396 5728 post
3418 5665 3497 5712 tot

1911 5755 2058 5810 circa
2104 5754 2296 5811 Jonam
2345 5765 2559 5826 patrata
2611 5755 2894 5817 miracula,
2939 5753 3320 5824 praecipueque
3373 5764 3496 5823 post

1914 5854 2180 5904 retentam
2214 5847 2357 5902 intra
2380 5847 2484 5902 ceti
2516 5847 2725 5903 viscera
2756 5847 2940 5913 vitam,
2972 5847 3248 5916 prophetae
3274 5842 3492 5899 demum
