3954 6514
513 335 617 393 ὅὲθ

515 542 647 604 lem,
690 556 782 598 aut
812 555 999 600 nostra
1033 562 1166 603 voce
1197 551 1594 620 explicabilcm,
1623 567 1896 628 reputare.

1713 354 2073 414 THEODORI'
2099 361 2584 424 MOP-SUESTENI

515 451 705 507 eodem
739 469 802 507 ex
847 460 969 509 celo
997 456 1202 511 exitum
1239 457 1481 516 humano
1514 463 1735 535 ingenio
1784 467 2099 543 intelligibi-
2129 484 2171 552 Α
2204 481 2330 550 περὶ
2375 484 2442 536 αύ

3667 381 3764 438 ’5η

2447 484 2537 538 τὸν
2568 485 2886 557 παραδόξως
2932 491 3250 558 γεγονότων,
3294 509 3386 546 και
3422 493 3660 564 μάλιστα
3707 513 3764 564 γε

2203 572 2418 628 πάντων
2445 575 2543 646 τῆς
2569 579 2628 632 ὲν
2655 577 2732 648 τῷ
2771 582 2928 651 κήτει
2957 582 3249 653 σωτηρίας,
3285 585 3362 655 (p.
3401 585 3546 654 252)
3574 587 3676 657 τὴν
3708 587 3768 639 ὲκ

516 636 612 689 τοῦ
634 640 843 739 ,κήτρυς
892 639 1069 750 ἔξοδον
1107 643 1585 750 πρλυπραγμονείν
1625 651 1720 706 τοῦ
1752 657 2056 727 προφήτου,
2090 660 2334 738 λογισμῷ
2371 685 2431 722 τε
2469 636 2674 725 οίεσθαι
2703 636 3138 746 sacomam};
3175 636 3770 750 ἀῖθρἷυπῖνῷ,’κᾷἰ“δζά

515 728 696 798 φωνῆς
720 729 818 800 τῆς
846 731 1119 804 ἡμετέρας
1150 733 1330 804 λέγειν
1351 737 1498 804 ὅπως
1520 741 1760 810 ἐγένετο.

1170 824 1325 880 CAP.
1355 826 1448 882 Ill.

589 899 750 960 Vens.
785 908 902 964 1-4.
931 939 996 950 -ρ
1030 910 1149 968 .lam
1186 917 1279 970 ubi
1320 917 1382 972 in.
1411 920 1589 976 littore
1620 925 1883 995 propheta
1918 930 2090 993 stetit,

515 1012 731 1052 I'UISUIII
759 1000 899 1058 Deus
925 1009 1181 1078 praecepit
1212 1011 1288 1064 illi
1320 1021 1378 1065 ut
1403 1012 1632 1070 Niniven
1668 1017 1792 1082 iret,
1824 1018 1986 1090 idque
2016 1023 2091 1076 ibi

516 1091 840 1157 prazdit-aret
870 1097 1014 1164 quod
1039 1099 1212 1154 eidem
1239 1111 1399 1158 antea
1443 1105 1498 1158 in
1530 1109 1804 1166 mandatis
1847 1111 2090 1168 dederat.

519 1179 672 1236 Unde
707 1188 1052 1252 potissimum
1103 1192 1538 1263 demonstratur,
1577 1199 1737 1271 166
1772 1202 1913 1257 haud
1955 1205 2092 1259 sim-

516 1273 734 1342 pliciter
759 1275 910 1333 inme
936 1279 1100 1336 Deum
1128 1286 1476 1343 mandavisse
1507 1299 1565 1343 ut
1597 1292 1917 1360 praedicaret
1938 1296 2098 1351 :tAd-

517 1371 624 1418 huc
661 1374 772 1422 tres
818 1369 956 1434 dies,
992 1381 1046 1426 et
1081 1373 1274 1432 Ninive
1311 1379 1663 1436 subvertetur
1696 1402 1715 1435 ι
1762 1385 2094 1455 (quanquam

515 1459 569 1512 id
612 1461 850 1517 breviter
901 1465 979 1518 sic
1028 1466 1241 1522 videtur
1285 1468 1569 1541 Scriptura
1617 1474 1852 1546 dicere);
1898 1493 2088 1534 verum

513 1551 677 1604 etiam
716 1560 772 1605 ut
797 1555 1084 1610 minaciter
1113 1574 1234 1628 quae
1257 1570 1518 1616 eventura
1543 1574 1702 1618 erant
1731 1567 2085 1637 signiﬁcaret,

514 1639 618 1694 nisi
661 1643 988 1710 paenitentes
1039 1648 1189 1704 cives
1219 1664 1249 1702 a
1300 1651 1446 1708 vitiis
1477 1654 1823 1711 recederent.
1881 1656 2088 1714 Idcirco

2851 844 3008 898 ΚΕΦ.
3050 845 3124 900 Γ’.

2267 929 2425 999 Στίχ.
2444 928 2585 984 α’-δᾌ
2612 959 2680 969 -
2701 931 2911 984 Μέντοι.
2930 949 2992 1000 γε
3025 933 3156 995 Θεὸς
3186 934 3279 985 ἐπὶ
3300 934 3399 1004 τῆς
3425 933 3600 1005 ξηρᾶς
3620 950 3770 1003 γεγοσ

2197 1017 2310 1071 νότι
2337 1017 2416 1089 τῷ
2447 1021 2710 1094 προφήτῃ¹
2740 1020 2899 1074 πάλιν
2930 1021 3184 1076 ἀπελθεῖν
3206 1025 3286 1087 είς
3309 1024 3408 1094 τὴν
3438 1025 3642 1094 Νινευὴ
3675 1041 3766 1078 κε-

2196 1109 2364 1175 λεύει,
2389 1111 2482 1164 καὶ
2507 1113 2742 1184 κηρύξαι
2774 1115 2849 1185 δὴ,
2870 1117 3052 1168 ἐκεῖνα
3078 1114 3115 1169 ἀ
3146 1115 3377 1187 πρόσθεν
3401 1116 3550 1188 αύτῷ
3583 1117 3768 1187 εἴρητο

2197 1198 2327 1268 παρ’
2367 1199 2532 1252 αὐτοῦ
2557 1218 2569 1230 ·
2619 1202 2712 1272 ἀφ’
2745 1199 2805 1257 οὗ
2837 1203 2901 1274 δὴ
2949 1203 3184 1274 μάλιστα
3232 1205 3505 1258 δείκνυται
3551 1208 3636 1260 ὅτι
3669 1206 3766 1277 οὑχ

2195 1288 2383 1352 ἁπλῶς
2407 1285 2561 1344 εἶπεν
2583 1291 2732 1362 αύτῷ
2753 1294 3061 1364 κηρύττειν·
3075 1314 3092 1346 t
3110 1295 3230 1348 Ἔτι
3253 1299 3401 1366 τρεῖς
3418 1297 3646 1368 ἡμέραι,
3675 1299 3766 1349 καὶ

2195 1377 2401 1449 Νινευὴ
2433 1385 2949 1453 καταστραφήσεται
2970 1401 2982 1414 ·
3030 1404 3049 1437 ι
3086 1386 3134 1438 εί
3170 1385 3264 1440 καὶ
3298 1387 3437 1457 μετὰ
3473 1390 3765 1458 συντομίας

2196 1468 2328 1522 αὐτὸ
2356 1468 2534 1540 λέγειν
2578 1472 2750 1537 οὕτως
2801 1476 2832 1544 ἡ
2871 1474 2990 1528 Θεία
3021 1475 3172 1529 δοκεῖ
3205 1477 3398 1549 Γραφή
3421 1496 3434 1508 ·
3467 1478 3583 1532 ἀλλ’
3627 1479 3764 1532 ὥστε

2195 1561 2298 1613 καὶ
2332 1560 2573 1633 δηλῶσαι
2607 1563 2688 1616 ὅτι
2727 1564 2947 1618 ἀπειλεῖ
2971 1564 3142 1618 ταῦτα
3177 1566 3571 1637 συμϐήσεσθαι,
3607 1570 3657 1620 εί

2196 1653 2617 1724 μεταμεληθεῖεν
2648 1655 2981 1720 ἀποστάντες
3007 1656 3098 1709 τοῦ
3133 1656 3404 1728 χείρονοςο
3447 1658 3528 1710 διό
3580 1675 3761 1729 φησιν·

513 1732 622 1784 ait:
666 1733 953 1789 «Prmdica
995 1737 1068 1791 ibi
1119 1740 1589 1811 praedicationem,
1642 1747 1710 1802 de
1754 1764 1862 1818 qua
1905 1758 2086 1805 tecum

2204 1762 2216 1794 ι
2256 1743 2503 1817 Κήρυξον
2534 1747 2590 1798 ἐν
2617 1746 2752 1817 αύτῇ
2781 1748 2922 1800 κατὰ
2948 1748 3008 1800 τὸ
3034 1753 3297 1819 κήρυγμα
3324 1747 3386 1800 τὸ
3410 1748 3721 1821 ἔμπροσθεν
3739 1752 3764 1803 ὃ

514 1831 674 1878 antea
708 1827 922 1883 locutus
961 1845 1102 1884 sum.
1131 1851 1151 1885 ι
1191 1833 1400 1899 Quibus
1450 1839 1630 1895 verbis
1663 1839 1974 1897 universam
2010 1844 2089 1897 illi

513 1916 819 1973 doctrinam
871 1921 1071 1991 innuit,
1123 1941 1228 1996 qua
1286 1929 1571 1999 superiore
1603 1947 1858 1990 sermone
1887 1950 2087 2006 praece-

515 2015 668 2076 perat
699 2018 759 2063 ut
783 2009 1051 2070 Ninivitas
1085 2015 1372 2073 imbueret.
1411 2018 1582 2076 Porro
1612 2035 1792 2078 autem
1827 2025 2090 2096 propheta

512 2099 850 2168 experientia
883 2117 1064 2157 rerum
1111 2108 1222 2174 ja:u
1269 2109 1517 2166 eruditus
1553 2111 1853 2167 festinabat
1885 2123 1943 2168 ut
1996 2117 2090 2170 Dei

510 2190 685 2260 jussis
728 2192 1148 2266 obtemperaret.
1204 2197 1296 2253 'Ait
1347 2216 1475 2255 vero
1524 2201 1807 2275 Scriptura
1852 2223 1870 2256 ι
1902 2207 2088 2261 urbem

517 2279 667 2334 illam
706 2284 876 2338 fuisse
908 2288 1201 2341 maximam
1232 2305 1418 2346 coram
1453 2292 1593 2348 Deo:
1620 2313 1639 2346 ι
1700 2311 1891 2366 nempe
1923 2298 2092 2369 signi-

515 2373 663 2435 ficat,
696 2388 815 2428 eam
839 2375 1022 2431 divina
1051 2379 1390 2448 providentia
1423 2383 1594 2440 fuisse
1619 2398 1835 2440 auctam
1861 2406 1873 2440 :
1930 2399 2092 2459 atque

517 2465 591 2518 ita
631 2481 735 2521 nos
765 2467 945 2533 d‘ocot,
992 2472 1289 2541 quominus
1324 2474 1620 2530 humanum
1660 2479 1955 2550 quidquam
1991 2498 2091 2551 pu-

517 2567 696 2613 temus
729 2558 784 2613 in
829 2560 1055 2630 gloriam
1083 2565 1267 2620 venire
1297 2582 1482 2636 posse,
1535 2569 1642 2623 nisi
1700 2570 1751 2624 id
1787 2569 1928 2626 Deus
1961 2588 2091 2626 cura

515 2663 615 2703 sua
638 2650 908 2721 dignetur.
946 2672 964 2705 ι
993 2653 1122 2710 Erat
1150 2666 1356 2722 autem,
1380 2659 1582 2731 inquit,
1609 2663 1774 2717 veluti
1798 2664 1902 2718 iter
1926 2667 2089 2719 trium

515 2741 727 2796 dierum
754 2761 768 2798 :
792 2763 811 2797 ι
849 2745 993 2802 haud
1026 2765 1160 2805 sane
1190 2750 1499 2822 intelligens
1533 2762 1737 2808 tantam
1772 2756 1894 2826 ejus
1924 2758 2092 2812 fuisse

516 2833 947 2906 longitudinem;
988 2841 1081 2895 sed
1113 2842 1261 2912 quod
1313 2851 1394 2898 tot
1425 2844 1618 2901 diebus
1669 2861 1810 2917 opus
1853 2857 1997 2903 esset
2024 2849 2091 2902 ad

515 2938 634 2977 eam
675 2927 1141 2997 circumeundam,
1182 2942 1345 3004 atque
1373 2935 1441 2990 ad
1467 2937 1710 3006 ejusdem
1741 2942 2000 3009 speciem,
2043 2942 2091 2997 si

517 3015 641 3082 quis
693 3017 875 3082 vellet,
931 3021 1151 3078 curiose
1208 3024 1632 3081 observandam.
1675 3026 1873 3084 Subdit
1929 3047 2088 3103 ergo:

2196 1833 2306 1902 ἐγὼ
2358 1835 2597 1905 ἐλάλησα
2635 1837 2770 1907 πρὸς
2824 1839 2912 1890 σέο
2959 1857 2976 1890 ι
3017 1838 3235 1893 ἃπασαν
3285 1839 3433 1910 αὐτῷ
3486 1843 3766 1910 σημαίνων

2195 1926 2292 1998 τὴν
2322 1927 2669 1982 διδασκαλίαν
2713 1932 2778 2001 ἣν
2804 1929 3064 1996 ἐπέταξεν
3104 1934 3162 1986 ὲν
3203 1936 3314 1996 τοῖς
3352 1935 3588 2004 πρόσθεν
3621 1934 3772 2003 αύτῷ

2196 2018 2333 2089 πρὸς
2369 2019 2493 2081 τοὺς
2525 2019 2810 2083 Νινευῖτας
2841 2019 3189 2092 ποιήσασθαι.
3239 2021 3298 2074 '0
3332 2021 3429 2090 μὲν
3457 2021 3521 2091 δὴ
3554 2025 3764 2091 προφηο

2193 2128 2294 2180 της
2320 2111 2415 2164 ἅτε
2443 2115 2510 2183 τῇ
2539 2111 2704 2183 πείρᾳ⁴
2733 2111 2918 2165 λοιπὸν
2941 2111 3328 2184 σωφρονισθείς
3353 2112 3613 2181 ἠπείγετο
3635 2113 3768 2183 πρὸς

2197 2203 2373 2273 πέρας
2405 2204 2632 2271 ἀγαγεῖν
2661 2202 2729 2255 τὰ
2773 2203 2926 2276 παρὰ
2970 2202 3063 2255 τοῦ
3112 2201 3248 2256 Θεοῦ
3309 2202 3725 2275 προσταχθέντα
3751 2218 3763 2230 ·

2199 2293 2349 2362 λέγει
2382 2294 2439 2347 δὲ
2472 2295 2554 2347 ὅτι
2575 2296 2641 2366 «ἡ
2671 2295 2825 2359 πόλις
2852 2291 2920 2366 ἦν
2953 2297 3186 2366 μεγίστη
3218 2295 3297 2368 τῷ
3317 2295 3486 2369 ego»
3511 2295 3599 2348 ἵνα
3642 2293 3772 2365 εἴπῃ

2197 2385 2277 2437 ὅτι
2305 2387 2372 2457 τῇ
2400 2385 2521 2457 θείᾳ
2553 2387 2784 2458 προνοίᾳ
2807 2387 2884 2450 είς
2911 2385 3138 2458 μέγεθος
3168 2385 3461 2456 αὐξηθεῖσα
3488 2401 3499 2411 ·
3525 2384 3603 2446 ὡς
3629 2384 3769 2436 διδά-

2198 2477 2339 2542 ξειεν
2362 2477 2426 2531 ἂν
2461 2478 2606 2548 ἡμᾶς
2641 2478 2806 2549 μηδὲν
2850 2477 3057 2531 οἴεσθαι
3083 2477 3304 2530 δυνατὸν
3332 2472 3472 2530 εἶναι
3503 2476 3653 2528 κατά
3682 2474 3767 2527 τὸν

2201 2569 2310 2638 βίον
2341 2569 2416 2639 (.p.
2443 2569 2570 2639 255)
2593 2569 2781 2623 τοῦτον
2814 2570 2894 2632 είς
2921 2567 3277 2641 περιφάνειαν
3305 2566 3670 2636 καταστῆναι,
3700 2563 3770 2634 μὴ

2197 2663 2331 2734 Θευῦ
2370 2663 2703 2735 παρέχοντος
2732 2665 2830 2734 τὴν
2861 2661 3449 2738 οίκείαν.εκτ,ᾰειάρνέια“ιι
3505 2680 3523 2712 ⁸
3562 2656 3671 2712 ’Ἦν
3697 2657 3768 2722 δὲ.

2190 2746 2385 2824 φησὶν,
2416 2754 2546 2806 ὡσεὶ
2566 2756 2608 2825 ἡ,
2632 2752 2825 2824 πορεία
2851 2737 2973 2807 ὁδοῦ
2999 2753 3219 2824 ἡμερῶν
3261 2751 3451 2824 τριῶν.
3491 2772 3509 2802 ι
3552 2750 3690 2819 Οὐχὶ
3715 2748 3777 2801 τὸ

2203 2849 2373 2918 μῆκος
2399 2848 2568 2919 αὐτῆς
2592 2846 2846 2901 τοσοῦτον
2875 2841 3014 2899 εἶναι
3041 2845 3236 2914 λέγων,
3260 2843 3374 2898 ἀλλ’
3394 2843 3471 2906 ὡς
3500 2841 3772 2894 τοσούτων

2202 2939 2420 3011 ἡμερῶν
2437 2939 2694 3011 δεομένου
2717 2937 2813 2993 τοῦ
2837 2939 3014 2992 πᾶσαν
3045 2935 3212 3007 αὐτὴν
3241 2934 3620 3007 ἐκπεριελθεῖν
3637 2951 3697 2986 τε
3718 2935 3772 2987 ὲν

2202 3032 2387 3103 κύκλῳ
2420 3033 2515 3085 καὶ
2540 3031 2778 3085 κατιδεῖν
2800 3032 2892 3085 οἵα
2916 3031 2999 3094 τίς
3029 3031 3177 3083 ἐστιν
3211 3027 3538 3099 βουλομένου
3567 3027 3776 3096 σαφῶς.

523 3127 541 3156 ι
564 3106 847 3179 Coepitque
873 3109 1042 3169 Ionas
1063 3117 1316 3186 progredi
1342 3118 1480 3172 intra
1505 3119 1693 3174 urbem
1719 3124 1877 3192 quasi
1901 3122 2095 3181 itinere

2217 3125 2443 3193 Ἑπάγει
2469 3122 2598 3193 γοῦν
2624 3138 2636 3151 ο
2669 3143 2687 3174 ι
2729 3124 2846 3178 Καὶ
2871 3122 3074 3195 ἤρξατο
3111 3121 3294 3184 Ἰωνᾶς
3326 3120 3422 3173 τοῦ
3454 3119 3775 3192 εἰσπορεύε-

521 3200 684 3254 unius
715 3203 840 3256 diei.
868 3222 886 3254 ι
930 3202 1127 3259 Narrat
1156 3208 1386 3274 scilicet,
1419 3211 1739 3280 prophetam
1781 3214 1972 3269 urbem
2006 3215 2094 3270 in-

520 3306 789 3359 gressum,
821 3303 985 3366 atque
1017 3297 1072 3351 in
1108 3299 1354 3369 ejusdem
1375 3310 1530 3371 parte
1549 3302 1781 3372 quadam
1801 3306 2099 3375 praedicare

519 3395 730 3447 orsum,
773 3384 1094 3442 circumisse
1127 3389 1335 3451 tandiu,
1392 3390 1567 3445 donec
1595 3406 1758 3446 unam
1812 3395 1978 3450 veluti
2013 3397 2098 3450 in-

521 3476 758 3545 sumpsit
785 3477 948 3544 diem,
977 3480 1285 3549 praelicans
1302 3490 1464 3553 atque
1485 3481 1672 3539 dicens
1697 3503 1710 3539 :
1736 3485 1959 3542 tAdhuc
1983 3497 2096 3547 tres

520 3565 658 3634 dies,
691 3575 746 3622 et
790 3567 984 3626 Ninive
1031 3572 1450 3638 subverteturn
1488 3582 1544 3629 et
1569 3575 1779 3647 reliqua
1832 3593 2094 3649 quaecun-

521 3674 629 3725 que
662 3659 730 3714 ab
757 3675 823 3715 eo
859 3661 966 3717 dici
1001 3679 1102 3734 par
1131 3673 1249 3720 erat
1299 3667 1352 3721 in
1397 3667 1634 3736 singulis
1666 3669 1815 3725 urbis
1847 3674 2096 3742 partibus

525 3749 589 3801 ad
621 3751 822 3806 civium
859 3756 1253 3811 eruditionem.

596 4028 760 4083 Vens.
786 4031 908 4086 5-9.
935 4063 1006 4072 ——
1039 4033 1135 4090 His
1172 4035 1320 4090 addit
1349 4056 1360 4091 :
1396 4057 1413 4088 ι
1440 4036 1504 4090 Et
1536 4040 1885 4096 crediderunt
1910 4043 2102 4098 incola:

523 4116 775 4175 Ninivita:
803 4121 931 4178 Deo.
958 4144 977 4176 ι
1016 4125 1207 4196 Cmpta
1257 4143 1354 4197 per
1405 4132 1724 4200 prophetam
1758 4133 1810 4186 in
1864 4134 2098 4204 quadam

522 4212 677 4268 urhis
711 4223 864 4283 parte
898 4217 1301 4286 praedicatione,
1349 4221 1602 4277 celeriter
1629 4224 1922 4279 admodum
1956 4227 2099 4281 inter

523 4316 716 4358 omnes
746 4304 951 4363 diditus
987 4324 1169 4364 sermo
1203 4311 1578 4380 signiﬁcatur;
1613 4315 1688 4368 ita
1719 4325 1777 4368 ut
1817 4317 1974 4388 vulgo
1998 4317 2098 4370 ho-

527 4395 702 4452 mines
750 4409 960 4453 ccrtam
1007 4417 1072 4456 ex
1118 4403 1281 4458 dictis
1332 4406 1703 4476 suscipientes.
1745 4411 2098 4474 sententiam,

527 4490 863 4543 consternati
928 4507 1256 4563 magnopere
1309 4496 1530 4552 monitis
1579 4498 2096 4570 obtemperaverint.

2204 3215 2327 3269 σθαι
2370 3215 2449 3277 είς
2496 3213 2594 3285 τὴν
2646 3213 2800 3267 πόλιν
2846 3211 2978 3265 ὡσεὶ
3022 3209 3248 3282 πορείαν
3287 3207 3503 3279 ἡμέρας
3552 3208 3726 3277 μιᾶςο
3755 3223 3776 3257 ι

2202 3304 2286 3357 ἵνα
2310 3305 2457 3375 εἴπῃ,
2492 3304 2574 3356 δτι
2603 3300 2963 3374 είσεληλυθὼς
2994 3302 3074 3366 είς
3095 3301 3202 3371 τὴν.
3223 3299 3378 3352 πόλιν
3405 3301 3433 3351 ό
3461 3299 3780 3369 προφήτης,

2203 3396 2296 3448 καὶ
2340 3395 2482 3449 κατά
2513 3413 2658 3460 τινος
2706 3396 2911 3466 μέρους
2957 3394 3261 3465 ἀρξάμενος
3293 3391 3394 3462 τῆς
3441 3390 3655 3454 πόλεως
3695 3391 3784 3443 ὲκ-

2203 3491 2420 3562 περιῄει
2463 3507 2519 3542 τε
2569 3487 2756 3560 αὐτὴν,
2787 3489 2882 3541 καὶ
2915 3487 3047 3541 ὡσεὶ
3101 3487 3230 3558 μίαν
3263 3486 3475 3556 ἡμέραν
3512 3485 3783 3552 πεποίηκε

2203 3579 2490 3650 κηρύττων
2518 3595 2575 3632 τε
2603 3579 2696 3632 καὶ
2720 3577 2916 3646 λέγων,
2941 3577 3024 3629 ὅτι
3060 3595 3077 3627 ι
3120 3576 3238 3628 Ἔτι
3266 3577 3414 3645 τρεῖς
3453 3572 3668 3643 ἡμέραι
3692 3570 3784 3622 καὶ

2203 3671 2401 3743 Νινευὴ
2441 3670 2990 3744 καταστραφήσεται,
3040 3686 3057 3718 ι
3094 3668 3185 3720 καὶ
3208 3665 3275 3718 τὰ
3309 3664 3473 3718 λοιπά
3516 3663 3596 3734 δὴ,
3614 3661 3787 3714 ὁπόσα

2204 3763 2380 3830 λέγειν
2410 3761 2571 3814 αὑτὸν
2598 3760 2933 3814 καθέκαστον
2960 3759 3125 3830 μέρος
3146 3757 3248 3828 τῆς
3269 3756 3473 3818 πόλεως
3502 3754 3646 3826 πρὸς
3665 3753 3789 3817 τοὺς

2199 3853 2468 3923 παρόντας
2507 3852 2598 3905 ἐπὶ
2627 3849 2944 3920 διδασκαλίᾳ
2990 3849 3097 3901 τῶν
3127 3846 3436 3901 ἀκουόντων
3473 3842 3790 3904 ἀκολούθως

2199 3943 2345 4012 ἐνῆν.

2270 4035 2416 4104 Στίχ.
2458 4034 2591 4087 ε’-θ’.
2620 4063 2689 4071 -—
2730 4031 2953 4095 Τούτοις
2984 4031 3217 4100 ἐπάγει’
3258 4048 3276 4079 ι
3320 4029 3429 4082 Καὶ
3454 4027 3792 4081 ἐπίστευσαν

2200 4131 2248 4181 οἱ
2273 4129 2464 4201 ἄνδρες
2496 4127 2700 4197 Νινευὴ
2729 4125 2806 4198 τῷ
2833 4125 2952 4196 Θεῷ
2977 4139 2990 4153 ⁶
3031 4145 3049 4177 ι
3082 4125 3295 4186 δεικνὺς
3330 4123 3412 4176 ὃτι
3439 4123 3507 4175 ὲκ
3555 4121 3658 4174 τοῦ
3695 4117 3788 4191 μέ-

2211 4238 2335 4292 ρους
2363 4221 2463 4291 τῆς
2489 4219 2697 4282 πόλεως
2723 4218 3034 4290 ἀρξαμένου
3077 4217 3170 4269 τοῦ
3200 4216 3483 4286 προφήτου
3512 4211 3790 4267 ποιεῖσθαι

2206 4315 2266 4366 τὸ
2308 4313 2604 4384 κήρυγμα,
2651 4312 2730 4374 είς
2771 4309 3018 4373 ἀπαντάς
3057 4326 3115 4362 τε
3147 4311 3175 4362 ὁ
3211 4308 3364 4376 λόγος
3399 4307 3614 4376 διεδόθη
3655 4302 3794 4376 μετά

2211 4404 2406 4458 πολλοῦ
2431 4403 2525 4457 τοῦ
2560 4403 2755 4474 τάχους
2777 4420 2790 4432 °
2839 4403 2932 4456 καὶ
2965 4402 3030 4474 δὴ
3065 4401 3262 4464 πάντες
3291 4397 3671 4470 ἀναμφίδολον
3703 4397 3794 4449 ἐπὶ

2209 4500 2317 4560 τοῖς
2351 4496 2663 4568 λεγομένοις
2696 4495 2794 4566 τὴν
2820 4493 3046 4565 γνώμην
3094 4493 3376 4563 δεξάμενοι
3418 4491 3564 4561 μετά
3595 4486 3799 4542 πολλοῦ

527 4576 814 4641 Praeterea,
856 4582 999 4650 quod
1049 4581 1301 4637 Ninivin
1348 4586 1494 4642 cives
1519 4587 1627 4644 Deo
1657 4590 2010 4655 crediderint,
2048 4593 2095 4646 id

2207 4589 2300 4642 τοῦ
2354 4588 2518 4657 φόϐου
2565 4589 2679 4650 τοῖς
2718 4586 3032 4657 λεγομένοις
3084 4584 3360 4637 ἐπείθοντο
3387 4599 3400 4610 ⁸
3436 4583 3696 4635 δείκνυσι
3745 4580 3798 4632 δὲ

532 4669 668 4723 satis
692 4671 913 4734 imlicat,
967 4671 1111 4726 haud
1155 4674 1477 4745 simpliciter
1523 4679 1729 4736 dixisse
1761 4684 2100 4753 prophetam,

534 4781 549 4810 ι
578 4761 768 4815 Adhuc
820 4770 932 4818 tres
987 4765 1105 4821 dies
1126 4809 1140 4832 ,
1181 4767 1340 4839 137
1375 4779 1428 4824 et
1461 4770 1654 4828 Ninive
1687 4775 2053 4831 subvertetur.
2081 4796 2099 4828 ι

527 4852 714 4923 Neque
752 4857 892 4910 enim
930 4858 1001 4912 ob
1035 4858 1178 4913 hanc
1213 4876 1375 4914 unam
1427 4865 1677 4918 voculam
1729 4867 1954 4922 credere
1993 4867 2104 4922 Deo

529 4957 802 5017 poterant,
849 4950 895 5005 si
927 4949 1090 5006 homo
1135 4955 1455 5024 peregrinus
1485 4957 1731 5028 ipsisque
1758 4975 1986 5030 prorsus
2022 4960 2106 5015 iu-

527 5044 781 5109 cognitus
819 5042 1044 5097 exitium
1089 5045 1333 5102 minatus
1361 5058 1527 5112 esset,
1583 5050 1719 5104 nihil
1749 5060 1930 5106 autem
1967 5069 2106 5124 pra:-

528 5141 677 5186 terea
730 5133 1065 5191 addidisset:
1109 5153 1285 5208 neque
1328 5141 1605 5198 docuisset
1651 5146 1947 5212 auditores,
1998 5163 2106 5215 quo

529 5224 780 5280 mittente
812 5227 1076 5284 venisset.
1123 5229 1234 5286 Sed
1268 5232 1412 5287 enim
1448 5236 1786 5305 exploratum
1817 5247 1922 5303 est,
1979 5255 2108 5309 pro-

530 5315 745 5384 phetam
792 5327 845 5374 et
875 5319 969 5377 Dei
1015 5324 1328 5381 meminisse
1373 5328 1616 5382 omnium
1649 5327 1886 5399 Domini,
1944 5341 1999 5388 et
2049 5348 2109 5388 se

531 5425 759 5465 missum
810 5413 879 5467 ab
906 5429 972 5468 eo
999 5416 1445 5475 conﬁrmavisse:
1503 5433 1556 5476 et
1595 5423 1924 5492 praeconium
1953 5425 2108 5480 exitii

532 5499 746 5565 fecisse,
801 5512 965 5574 atque
1019 5507 1088 5562 ad
1125 5510 1508 5578 pceniteutiam
1557 5528 1680 5569 esse
1722 5514 2105 5570 adhortatum:

2208 4685 2302 4736 καὶ
2330 4682 2411 4747 τὸ,
2442 4701 2460 4732 ι
2484 4682 2844 4735 Ἐπίστευσαν
2872 4681 2921 4733 οἱ
2952 4679 3140 4751 ἄνδρες
3163 4677 3365 4749 Νινευὴ
3393 4675 3472 4746 τῷ
3499 4675 3652 4746 Θεῷ,
3675 4694 3693 4725 ι
3723 4675 3801 4727 δτι

2208 4772 2304 4842 οὐχ
2333 4771 2516 4834 ἁπλῶς
2540 4772 2697 4824 τοῦτο
2721 4771 2880 4843 μόνον
2902 4770 3105 4838 ἔλεγεν,
3127 4770 3210 4822 δτι
3233 4768 3385 4820 (Ἔτι
3414 4769 3567 4837 τρεῖς
3590 4766 3804 4836 ἡμέραι

2209 4864 2302 4916 καὶ
2326 4862 2536 4932 Νινευὴ
2572 4863 3090 4932 καταστραφήσεται
3117 4875 3132 4889 ·
3174 4879 3192 4910 ι
3233 4858 3294 4910 ού
3329 4857 3436 4928 γὰρ
3477 4857 3590 4910 ἀπὸ
3634 4856 3804 4926 μόνης

2207 4957 2413 5028 ταύτης
2443 4957 2540 5027 τῆς
2568 4955 2751 5026 φωνῆς
2784 4953 3061 5008 πιστεύειν
3101 4947 3246 5023 εἶχον
3269 4950 3348 5022 τῷ
3369 4949 3512 5020 Θεῷ,
3553 4951 3641 5018 (p.
3677 4947 3804 5014 254)

2208 5051 2398 5121 ἀνδρὸς
2423 5049 2575 5114 ξένου
2609 5049 2703 5102 καὶ
2723 5047 3004 5117 ἀγνώστου
3027 5047 3211 5108 αὐτοῖς
3238 5041 3520 5105 παντελῶς
3545 5041 3656 5112 τὴν
3711 5058 3806 5095 κα·

2210 5141 2511 5214 ταστροφὴν
2536 5143 2635 5215 μὲν
2679 5139 3056 5204 ἀπειλοῦντος,
3105 5135 3487 5210 προστιθέντος
3519 5133 3582 5188 δὲ
3625 5134 3804 5193 οὐδὲν,

2207 5236 2314 5290 οὐδ’
2339 5237 2428 5306 ὑφ’
2455 5237 2577 5289 ὅτου
2604 5251 2708 5306 περ
2737 5231 3144 5301 ἀπεσταλμένος
3171 5230 3258 5298 εἴη
3289 5225 3652 5288 διδὶσκοντος
3677 5223 3806 5323 τοὺς

2207 5328 2505 5390 ἀκούοντας
2525 5343 2539 5356 ·
2577 5325 2691 5379 ἁλλ’
2724 5323 2946 5393 εὔδηλον
2973 5322 3056 5374 ὅτι
3085 5319 3179 5373 καὶ
3212 5317 3349 5412 Θεοῦ
3379 5317 3679 5412 ἐμέμνητο
3713 5317 3807 5412 τρῦ

2211 5419 2427 5474 πάντων
2451 5416 2656 5488 Κυρίου
2677 5455 2690 5480 ,
2721 5415 2815 5468 acati
2844 5410 3181 5466 ἀπεστάλθαι
3218 5409 3371 5476 ἔλεγε
3407 5405 3541 5476 παρ’
3586 5405 3768 5457 αὐτοῦ
3792 5415 3808 5431 ⁸

2209 5513 2304 5565 καὶ
2342 5509 2404 5562 τδ
2448 5513 2712 5581 κήρυγμα
2761 5505 2998 5558 ἐποιεῖτο
3027 5503 3127 5573 τῆς
3174 5499 3609 5570 καταστροφῆς,
3669 5495 3809 5566 πρὸς

3041 5594 3052 5611 ι
3177 5610 3180 5611 ,
3241 5607 3250 5611 -
3297 5585 3473 5611 Y,___-
3519 5585 3618 5611 -13.-
3660 5587 3780 5611 2-8.!

533 5607 764 5660 quarum
814 5612 995 5652 rerum
1046 5601 1238 5654 notitia
1276 5602 1502 5670 imbuti,
1561 5606 1755 5661 merito
1803 5608 1938 5663 dicti
1981 5619 2095 5665 sunl

2214 5601 2577 5675 μεταμέλειαν
2603 5599 2801 5661 αὐτοὺς
2821 5594 3252 5666 ἐκκαλούμενοςο
3289 5584 3478 5661 ὧνπερ
3514 5585 3622 5643 οὖν
3656 5587 3812 5654 sese.

2590 5692 2609 5698 -
2762 5691 2775 5698 -
2801 5691 2812 5698 .
2973 5690 2985 5698 .
3040 5688 3052 5698 .
3391 5681 3404 5698 .
3538 5680 3596 5698 ,ς
3623 5680 3640 5698 ρ
3675 5697 3680 5698 ,
3755 5696 3802 5698 μ

534 5685 836 5744 credidisse
880 5688 1030 5759 Deo;
1084 5694 1244 5764 cujus
1290 5695 1568 5752 decretum
1629 5699 2095 5772 magisteriumqut

2213 5713 2363 5768 μενοι
2405 5694 2503 5765 τὴν
2534 5691 2901 5755 διδασκαλίαν,
2941 5688 3164 5750 εἰκότως
3213 5681 3493 5739 πιστεύειν
3535 5680 3809 5748 ἐλέγοντο

536 5776 890 5848 excipientes,
926 5785 1206 5855 propheta:
1236 5803 1367 5845 voce
1395 5791 1729 5858 nuntiatum,
1754 5793 1819 5848 ad
1850 5794 2104 5850 virtutem

2214 5787 2291 5859 τῷ
2325 5787 2474 5859 Θεῷ·
2508 5779 2567 5840 οὗ
2610 5785 2709 5856 τήν
2753 5799 2810 5837 τε
2851 5783 3126 5852 ἀπόφασιν
3165 5777 3257 5833 καὶ
3295 5775 3394 5848 τὴν
3435 5772 3808 5828 διδασκαλίαι
