3860 6514
113 318 192 373 ιιι
1126 316 1319 374 COMM
1332 315 1682 373 ENTARIUS

1820 314 2016 371 ΙΟΝᾹΞ
2046 314 2196 371 CAP.
2237 315 2329 373 IV.
3239 313 3349 371 563

114 430 368 499 ἰεξὲμινοι
404 430 546 486 κατά
599 429 696 504 τὴν
746 430 840 485 τοῦ
878 432 1155 504 προφήτου
1204 432 1386 504 φωνὴν
1430 434 1566 504 πρὸς
1606 433 1700 493 τὸ,

1808 429 2139 498 csipuerunt,
2175 428 2251 482 ita
2285 436 2342 481 ut
2377 428 2560 503 multae
2594 426 3040 498 vehementisque
3070 428 3343 498 paeniten-

116 523 335 590 κρεῖττον
379 517 553 574 είδονο
592 521 734 575 ὥστε
775 521 870 575 καὶ
900 522 1100 593 πολλήν
1136 540 1257 575 τινα
1287 526 1380 576 καὶ
1420 524 1668 576 σύντονον

1814 539 1859 579 ae
1888 524 2043 594 signa
2079 522 2367 578 ediderim.
2404 522 2681 593 Jejunium
2727 524 2873 579 enim
2898 537 2997 594 per
3039 523 3339 591 civitatem,

114 612 198 681 τὴν
227 612 594 680 μεταμέλειαν
645 613 1052 677 ἐπιδείξασθαι·
1106 616 1359 686 νηστείαν
1415 616 1524 687 γὰρ
1568 614 1671 668 ἀνὰ

1809 623 1829 669 t
1879 616 1973 682 ait,
2009 614 2343 680 indixerunt,
2392 632 2719 688 saccumque
2767 616 2948 672 omnis
2978 617 3334 680 aatasinduit,

115 704 192 772 τὴν
212 703 364 757 πόλιν
391 704 686 775 ἐκήρυξαν,
707 705 783 770 ὥς
804 724 956 777 φησι,
985 707 1079 760 καὶ
1110 708 1347 770 σάκκους
1371 709 1569 770 πάντες
1588 709 1670 761 ὲν·

1808 706 1985 775 igubri
2010 706 2195 761 habitu
2225 706 2317 760 Dei
2342 707 2683 762 clementiam
2702 708 3074 779 implorantes.
3103 707 3347 778 Cumque

114 794 383 862 δυσάμενοι
408 794 595 864 μικροί
616 812 674 847 τε
698 796 793 847 καὶ⁸
813 796 1058 865 μεγάλοι,
1080 795 1319 866 πενθικῷ
1342 794 1671 865 κεχρημένοι

1808 796 1840 850 d
1898 797 2076 867 ipsum
2130 813 2305 868 usque
2345 812 2526 868 regem
2571 815 2752 854 sermo
2804 800 3135 866 devenisset,
3194 814 3263 853 ne
3301 799 3348 853 is

114 882 179 952 τῷ
205 886 461 953 σχήματι,
489 885 616 938 ἵλεω
643 887 895 953 γενέσθαι
923 887 1014 939 τὸν
1047 887 1179 941 Θεὸν
1209 889 1394 950 αὐτοῖς
1427 886 1669 956 ἐξῄτουν·

1815 888 1994 944 uidem
2020 904 2132 944 rem
2167 890 2319 959 parvi
2350 888 2516 955 fecit;
2545 891 2639 945 sed
2674 892 2819 961 regia
2850 903 3028 961 spreta
3062 891 3345 961 dignitate,

120 974 281 1045 ἐπειδὴ
312 976 370 1029 δὲ
408 976 503 1029 καὶ
533 976 660 1049 ἄχρι
703 976 797 1030 τοῦ
836 978 1100 1047 βασιλέως
1129 979 1404 1050 ἐληλυθὼς
1437 980 1464 1031 6
1495 978 1671 1047 λόγος,

117 1064 213 1117 οὐδὲ
233 1066 444 1127 ἐκεῖνος
470 1065 751 1136 ἀμελήσας
772 1068 1022 1136 φαίνεται
1044 1068 1134 1122 τοῦ
1158 1068 1481 1141 πράγματος
1501 1085 1513 1097 ο
1537 1067 1675 1121 ἀλλά

123 1157 270 1225 μικρά
309 1155 404 1208 τοῦ
451 1156 733 1225 βασιλικοῦ
768 1161 1061 1230 φροντίσας
1088 1161 1396 1231 ἀξιώματος
1420 1200 1433 1223 ,
1482 1161 1574 1214 τόν
1616 1177 1677 1212 τε

119 1242 286 1313 θρόνον
334 1245 495 1311 ἀφεὶς
542 1247 631 1298 τὸν
672 1247 892 1309 οἰκεῖον,
929 1250 1022 1301 καὶ
1053 1248 1150 1319 τὴν
1179 1247 1460 1319 βασιλικὴν
1487 1248 1678 1319 στολὴν

122 1334 430 1403 ἀπορρίψας,
461 1335 664 1389 σάκκον
690 1338 786 1391 καὶ
809 1339 972 1402 αὐτὸς
1002 1340 1382 1411 περιθέμενος,
1416 1343 1507 1393 ἐπὶ
1542 1359 1675 1394 σπο⁶

119 1424 193 1476 δοῦ
236 1425 607 1495 καθεξόμενος
659 1427 923 1481 διετέλει·
988 1430 1392 1500 προστάγματά
1442 1448 1501 1483 τε
1554 1432 1679 1500 έξῆς

125 1516 250 1585 παρά
260 1533 320 1569 τε
334 1517 429 1580 τοῦ
444 1516 704 1586 βασιλέως
721 1520 813 1572 καὶ
832 1519 940 1572 τῶν
954 1523 1074 1574 κατ’
1090 1522 1156 1574 αὑ
1166 1522 1262 1593 τὴν
1278 1523 1388 1592 (56)
1405 1524 1682 1594 ἀρχόντων

127 1606 323 1677 ἐξετέθη
358 1607 451 1660 τοῦ
485 1608 559 1679 μὴ
593 1612 721 1673 τοὺς
750 1610 1070 1682 ἀνθρώπους
1112 1612 1293 1684 μόνον,
1326 1614 1459 1667 ἀλλὰ
1495 1615 1586 1668 καὶ
1616 1615 1684 1667 τά

127 1698 241 1769 πρὸς
272 1699 582 1771 ὑπηρεσίαν
612 1703 795 1767 αὐτοῖς
829 1705 1141 1775 τεταγμένα
1174 1705 1290 1770 ζῶα
1334 1707 1593 1770 παντοίας
1623 1724 1682 1759 τε

1774 982 1975 1037 throno
2006 984 2219 1050 relicto,
2269 985 2547 1057 regalique
2578 996 2728 1042 veste
2757 987 2987 1057 abjecta,
3041 1002 3263 1043 saccum
3294 995 3351 1044 et

1775 1071 1897 1142 ipse
1926 1072 2127 1140 induit,
2181 1086 2344 1145 atque
2375 1076 2429 1131 in
2478 1079 2663 1132 cinere
2692 1078 2871 1132 sedit:
2915 1079 3289 1149 scriptumque
3320 1095 3350 1132 a

1777 1181 1903 1237 rege
1931 1166 2170 1222 edictum
2208 1177 2291 1223 est
2324 1176 2378 1224 et
2411 1184 2440 1223 a
2475 1171 2714 1224 civitatis
2752 1171 3111 1241 principibus,
3150 1180 3208 1225 ut
3241 1187 3351 1227 non

1778 1257 1955 1312 solum
1988 1257 2262 1322 homines,
2293 1274 2480 1313 verum
2512 1261 2675 1315 etiam
2717 1260 2964 1330 iumenta
2996 1260 3211 1314 illorum
3242 1275 3359 1314 ser-

1777 1348 1914 1403 vitio
1941 1348 2157 1404 addicta
2185 1352 2333 1405 omni
2365 1352 2565 1421 pabulo
2593 1361 2833 1424 potuque
2862 1360 3136 1408 carerent.
3171 1350 3357 1422 Neque

1784 1442 2048 1498 hactenus
2092 1442 2307 1497 illorum
2342 1445 2658 1514 poenitentia
2686 1446 2870 1513 stetit;
2927 1445 3021 1501 sed
3055 1444 3200 1500 omni
3234 1453 3360 1499 ante

1784 1541 1921 1585 actm
1946 1531 2071 1585 vitae
2095 1531 2363 1587 maleﬁcio
2387 1532 2614 1597 omisso,
2650 1535 2965 1603 mutuisque
2991 1530 3244 1602 imposito
3274 1531 3359 1584 in-

1783 1623 1945 1694 juriis
1991 1623 2116 1690 ﬁne,
2151 1639 2480 1697 magnopere
2507 1626 2818 1696 sperabant,
2852 1624 2968 1681 fore
3002 1632 3061 1678 ut
3084 1625 3201 1695 ipse
3230 1639 3365 1693 quo-

1790 1730 1897 1783 que
1923 1713 2064 1770 Deus
2091 1715 2362 1784 ptenitens
2388 1717 2655 1785 perlatum
2686 1716 2962 1771 decretura
2994 1714 3243 1769 funditus
3272 1729 3367 1767 an-

127 1790 307 1859 τροφῆς
330 1792 423 1842 καὶ
447 1793 612 1844 ποτοῦ
634 1792 909 1864 διαμένειν
937 1796 1095 1858 ἐκτός
1115 1812 1129 1826 ⁸
1155 1797 1247 1849 καὶ
1276 1797 1334 1849 ού
1368 1799 1530 1867 μέχρι
1558 1795 1681 1850 τού-

1808 1808 2049 1876 .iquaret.
2089 1826 2107 1857 ‹
2135 1805 2271 1873 Quis
2296 1807 2467 1881 enim,
2509 1807 2685 1878 inquit
2717 1807 3019 1877 Scriptura,
3054 1805 3205 1861 novit
3236 1820 3364 1859 num

127 1898 214 1933 των
244 1886 316 1950 (p.
344 1882 473 1952 155)
496 1883 733 1956 ἔστησαν
752 1887 849 1957 τὴν
880 1888 1263 1957 μεταμέλειαν,
1293 1888 1428 1941 ἀλλά
1456 1888 1565 1959 γάρ
1590 1889 1684 1942 καὶ

129 1974 218 2029 τῶν
248 1975 415 2027 πάλαι
458 1977 645 2041 κακῶς
686 1979 868 2040 αὐτοῖς
906 1979 1294 2050 πραττομένων
1329 1978 1683 2044 ἀποστάντες,

129 2066 288 2135 πάσης
308 2083 367 2118 τε
400 2067 501 2136 τῆς
523 2068 602 2130 είς
633 2069 855 2137 ἑτέρους
876 2069 1089 2132 ἀδικίας
1113 2070 1443 2141 χωρίσαντες
1466 2070 1682 2134 αὐτοὺς,

134 2157 312 2227 σφόδρα
344 2175 408 2226 γε
443 2160 705 2230 ἀνέμενον
730 2161 792 2213 τὸ
832 2161 926 2214 καὶ
954 2160 1045 2214 τὸν
1073 2161 1204 2214 Θεὸν
1240 2162 1325 2231 ἐφ’
1359 2157 1440 2224 οἷς
1472 2163 1688 2234 ἀπεφή-

131 2264 241 2300 νατο
268 2249 390 2301 κατ’
421 2248 601 2302 αὐτῶν
642 2250 978 2320 μεταγνόντα
1009 2250 1167 2304 λῦσαι
1198 2250 1294 2322 τὴν
1315 2252 1687 2323 ἐξενεχθεῖσαν

135 2339 385 2408 ἀπόφασιν
416 2341 696 2405 παντελῶς
720 2360 733 2374 ο
784 2360 802 2394 ι
835 2342 931 2405 Τίς
966 2342 1093 2414 γάρ,
1131 2340 1466 2414 φησὶν,οἷδεν
1512 2345 1559 2396 εί
1593 2362 1688 2415 με-

132 2434 364 2501 τανοήσει
395 2434 493 2486 καὶ
520 2434 1002 2506 παρακληθήσεται
1038 2436 1067 2487 6
1100 2435 1255 2500 Θεὸς,
1284 2436 1379 2489 καὶ
1408 2436 1687 2508 ἀποστρέο

1782 1902 1923 1952 forte
1956 1900 2277 1953 immutetur
2312 1900 2698 1970 mitigeturque
2724 1898 2889 1963 Deus,
2921 1908 3085 1968 atque
3128 1898 3197 1952 ab
3227 1904 3365 1951 aestu

1784 1986 1989 2043 furoris
2024 1990 2111 2043 sui
2136 1991 2374 2055 recedat,
2408 1991 2569 2047 nobis
2596 1990 3000 2046 incolumibus?
3027 2009 3045 2041 ι
3081 1988 3212 2054 Quae
3237 2003 3371 2045 sane

1785 2076 1895 2131 dici
1928 2079 1996 2131 ab
2023 2080 2104 2134 eis
2131 2095 2237 2132 non
2284 2088 2598 2149 potuerunt,
2637 2080 2739 2133 nisi
2774 2078 3109 2149 propheticis
3140 2076 3371 2131 vocibus

1785 2166 2023 2223 fuissent
2058 2169 2268 2224 edocti:
2326 2170 2380 2224 id
2426 2169 2572 2240 quod
2627 2184 2819 2238 reapse
2862 2168 3065 2222 factum
3105 2164 3373 2236 propheta

1792 2261 1947 2316 dicit.
1983 2260 2101 2317 Jam
2135 2273 2428 2333 postquam
2457 2279 2551 2320 eos
2580 2264 2833 2336 cognovit
2866 2261 3008 2316 Deus
3034 2261 3182 2314 vitiis
3206 2260 3375 2314 omis-

1794 2353 1871 2408 sis
1895 2352 1963 2406 ad
1987 2354 2242 2409 virtutem
2263 2356 2506 2420 tendere,
2536 2356 2814 2411 decretum
2843 2354 2956 2425 ipse
2983 2366 3201 2423 quoque
3229 2349 3374 2420 quod

1793 2443 1850 2497 in
1886 2458 1982 2499 eos
2012 2446 2214 2500 tulerat
2242 2438 2547 2519 abrogavit.

133 2524 210 2593 ψει
242 2525 343 2579 ἀπὸ
370 2526 543 2595 ὀργῆς
580 2526 752 2597 θυμοῦ
780 2526 967 2591 αὐτοῦ,
996 2529 1091 2581 καὶ
1131 2528 1191 2581 ού
1241 2528 1314 2599 μὴ
1344 2527 1711 2598 ἀπολώμεθας
1747 2552 1765 2584 ι
1808 2534 1953 2608 ἀπερ
1986 2534 2079 2592 οὖν
2117 2540 2215 2611 οὐχ
2247 2534 2360 2595 οἷόν
2393 2559 2451 2594 τε
2487 2541 2665 2610 λέγειν
2695 2540 2891 2602 αὐτοὺς
2925 2536 3000 2607 μὴ
3040 2537 3105 2589 ὲκ
3135 2533 3242 2587 τῶν
3283 2532 3376 2586 τοῦ

135 2622 393 2691 προφήτου
454 2621 865 2693 δεδιδαγμένους
912 2623 1132 2692 φωνῶψ
1189 2623 1347 2677 τοῦτο
1414 2625 1477 2696 δὴ
1537 2627 1630 2677 καὶ
1675 2631 2004 2701 γεγενῆσθαί
2053 2652 2219 2706 φησιν
2272 2638 2300 2689 6
2359 2640 2682 2709 προφήτης·
2742 2636 2835 2689 καὶ
2894 2632 3192 2703 ἐπειδήπερ
3240 2624 3379 2683 εἶδεν

142 2710 309 2771 αὐτοὺς
337 2710 367 2760 6
392 2708 527 2773 Θεὸς
547 2711 891 2776 ἀποστάντας
923 2712 1023 2783 μὲν
1050 2714 1159 2767 τῶν
1191 2712 1470 2786 χειρόνων,
1508 2715 1808 2781 νεύσαντας
1836 2719 1892 2772 δὲ
1924 2723 2059 2793 πρὸς
2083 2724 2145 2777 τὸ
2173 2708 2441 2796 κρεῖττον,
2473 2708 2628 2782 ἔλυσε
2658 2728 2751 2782 καὶ
2778 2727 2938 2789 αὐτὸς
2966 2725 3065 2794 τὴν
3106 2721 3379 2790 ἀπόφασιν

136 2800 292 2871 ἤνπερ
320 2798 415 2854 οὖν
441 2801 746 2875 ἐξενηνόχει
776 2805 898 2857 κατ’
933 2805 1131 2861 αὐτῶν.

772 2897 927 2949 ΚΕΦ.
965 2900 1037 2951 Δ’.

203 2986 334 3055 Στίχ.
367 2985 509 3041 (ι’-δ’.
536 3018 608 3028 ——
640 3008 658 3039 ι
724 2989 846 3041 Ἐπὶ
880 2988 1092 3053 τούτοις
1132 2989 1375 3062 ἐλυπήθη
1396 3032 1409 3055 ,
1440 2990 1629 3061 φησὶν,
1664 2990 1693 3043 6

1875 2985 2036 3056 168
2068 2985 2233 3043 Vens.
2269 2989 2381 3042 1-4.
2406 2902 2862 3061 -Ῡῗῇοἱέἔεδιίε,
2896 2990 3070 3062 pergit
3093 2987 3377 3060 Scriptura

156 3078 317 3141 Ἰωνᾶς
360 3079 540 3150 λύπην
600 3080 843 3151 μεγάλην
888 3082 982 3134 καὶ
1026 3080 1314 3153 συνεχύθη.
1356 3101 1374 3133 ι
1419 3081 1697 3142 Εἰκότως·

1808 3075 2005 3138 dicere,
2045 3093 2300 3149 maguum
2348 3083 2624 3136 contraxit
2656 3080 2828 3138 Jonas
2860 3097 3177 3145 maerorem,
3221 3082 3382 3152 eique

146 3170 497 3239 ὃιεταράττετο
526 3171 635 3240 γὰρ
667 3172 743 3234 ὡς
789 3171 1107 3234 ἀπατεῶνος
1144 3174 1238 3224 καὶ
1261 3170 1500 3240 ψεύστου
1535 3168 1698 3233 δόξαν

153 3261 340 3330 μέλλων
384 3262 759 3333 ἀποφέρεσθαι
802 3266 934 3334 παρ’
976 3264 1203 3329 αὐτοῖς,
1245 3264 1325 3316 ὃτι
1364 3264 1392 3315 6
1436 3263 1534 3333 μὲν
1572 3261 1702 3314 εἴσω

148 3353 298 3423 τριῶν
323 3353 546 3425 ἡμερῶν
577 3354 873 3425 ἠπείλησεν
903 3355 1121 3408 ἔσεσθαι
1154 3356 1255 3427 τὴν
1279 3354 1663 3424 καταστροφήν
1685 3370 1698 3384 ·

153 3443 342 3511 ἐγένετο
379 3446 435 3498 δὲ
468 3446 620 3499 οὐδέν
638 3462 650 3474 ·
684 3443 803 3499 εἶτα
833 3448 927 3500 καὶ
953 3446 1088 3518 πρὸς
1115 3446 1206 3501 τὸν
1235 3446 1365 3499 Θεὸν
1394 3445 1702 3516 ἀποόλέψας

152 3533 315 3603 ἔλεγεν
338 3552 350 3565 ο
387 3556 405 3588 ι
444 3539 556 3608 Οὐχ
579 3534 723 3592 οὗτοι
750 3539 799 3591 οί
830 3537 979 3606 λόγοι
1012 3556 1111 3608 μου
1145 3534 1285 3610 ἦσαν
1315 3538 1394 3590 ἔτι
1421 3538 1572 3600 ὄντος
1604 3555 1704 3607 μου

159 3627 207 3678 ἐν
234 3630 289 3697 τῇ
316 3632 382 3699 γῇ
415 3646 551 3699 μου;
599 3630 687 3682 διὰ
715 3629 872 3683 τοῦτο
915 3629 1241 3701 προέφθασα
1269 3630 1363 3683 τού
1407 3632 1596 3699 φυγεῖν
1626 3630 1706 3693 εἰς

162 3717 395 3787 Θαρσεῖς,
426 3720 562 3773 διότι
601 3721 772 3790 ἔγνων
804 3723 883 3775 ὅτι
914 3723 976 3775 σὺ
1003 3722 1251 3793 ἐλεήμων
1285 3717 1337 3775 εἶ
1362 3723 1454 3775 καὶ
1502 3722 1708 3791 οἰκτίρ-

167 3828 281 3877 μων,
321 3812 669 3882 μακρόθυμος
710 3813 803 3865 καὶ
838 3813 1128 3876 πολυέλεος
1156 3815 1249 3867 καὶ
1299 3812 1574 3882 μετανοῶν
1617 3814 1709 3865 ἐπὶ

163 3901 262 3957 ταῖς
290 3886 822 3969 κακίάὶξῖτῗῗαξῶς
1004 3888 1273 3970 ἐδήλωσεν
1308 3901 1389 3953 ὅτι
1426 3899 1586 3952 τοῦτο
1616 3898 1711 3950 καὶ

166 3990 247 4059 τῆς
272 3994 437 4062 φέγῆς
464 3991 616 4062 αὐτῷ
642 3992 864 4059 γέγονεν
915 3993 1105 4054 αἴτιον,
1144 3992 1224 4061 (ρ.
1272 3989 1397 4060 256)
1424 3989 1487 4041 τὸ
1512 3988 1710 4041 εἰδέναι

167 4079 235 4130 ὅτι
260 4081 622 4151 φιλάνθρωπος
668 4081 764 4147 ὢν,
824 4084 870 4133 εί
910 4080 1381 4151 μεταϐαλομένους
1431 4080 1563 4143 ἴδοι,
1612 4078 1711 4148 τὴν

170 4158 664 4238 ἀπόᾷἇῖιῖἓπάντως
710 4172 930 4238 ἀλλάξει
968 4172 1066 4241 τὴν
1111 4172 1317 4224 οἰκείαν
1343 4187 1355 4199 ’
1407 4172 1488 4222 ὅτι
1528 4186 1587 4221 τε
1625 4170 1712 4219 ὲν-

172 4261 329 4315 τεῦθεν
366 4263 513 4334 αύτῷ
551 4264 838 4334 περιέσται
871 4262 931 4315 τὸ
974 4261 1208 4331 ψεύστου
1256 4262 1400 4325 τινὸς
1432 4262 1525 4313 καὶ
1573 4262 1714 4312 ἀπα-

172 4353 340 4417 τεῶνος
386 4356 540 4421 δόξαν
591 4355 777 4408 λαϐεῖν
838 4358 968 4427 παρ’
1024 4356 1208 4418 αὐτοῖς
1234 4372 1249 4387 ·
1303 4354 1425 4407 ὅθεν
1479 4353 1708 4421 ἐπάγει·

178 4463 193 4495 ι
230 4447 322 4498 Καὶ
345 4418 728 4511 νῦν,νΔέσποτα
752 4418 944 4519 Κύριε,
975 4448 1106 4501 λάϐε
1138 4449 1236 4517 τὴν
1262 4446 1441 4517 ψυχήν
1490 4418 1712 4515 μουνάπ’
1746 4418 1790 4474 D

175 4536 285 4604 ἐμοῦ
305 4580 317 4602 ,
344 4540 421 4593 ὅτι
445 4541 609 4593 καλόν
650 4558 739 4611 μοι
770 4540 830 4593 τὸ
872 4541 1163 4594 ἀποθανεῖν
1209 4557 1276 4610 με
1315 4539 1517 4609 μᾶλλον
1551 4538 1583 4607 ἢ
1616 4536 1715 4607 ζῇν

178 4646 250 4697 με.
284 4651 299 4681 ι
334 4634 426 4685 Διά
460 4634 515 4686 δὲ
541 4635 734 4686 τούτου
756 4677 769 4699 ,
796 4635 954 4704 φησὶ,
984 4634 1074 4686 τὸν
1102 4633 1330 4686 θάνατον
1354 4630 1716 4702 αἱρετώτερον

176 4722 319 4790 κρινῶ
359 4724 449 4777 τοῦ
499 4726 639 4796 μετά
681 4725 840 4796 δόξης
874 4725 1129 4795 τοιαύτης
1164 4724 1263 4795 ζῇν
1306 4724 1460 4795 παρὰ
1489 4725 1601 4785 τοῖς
1632 4722 1719 4775 ἀν-

178 4809 399 4879 θρώποις.
418 4816 476 4871 Ὀ
502 4818 601 4886 μὲν
627 4813 719 4870 οὖν
747 4817 879 4880 Θεὸς
908 4818 937 4869 6
966 4817 1060 4870 καὶ
1086 4816 1219 4887 πρὸς
1240 4816 1365 4877 τοὺς
1396 4812 1719 4885 μετανοούν-

180 4917 261 4964 τας
307 4906 682 4979 φιλάνθρωπος
728 4908 824 4959 καὶ
869 4910 983 4970 τοῖς
1033 4907 1255 4969 οἰκείοις
1302 4907 1510 4976 ἥμερος
1556 4905 1718 4971 ἀγαν,

179 4982 840 5067 ἑντρεῆῖκῶτςλὲπιτιμῶν
888 4998 967 5068 τῷ
1017 5001 1273 5071 προφήτῃ
1323 4997 1519 5067 φησίν·
1580 5013 1599 5046 ι
1659 4996 1721 5047 El

184 5088 356 5161 σφόδρα
399 5090 744 5162 λελύπησαι;
794 5112 812 5144 ι
864 5092 988 5145 ἀντὶ
1042 5093 1136 5145 τού
1164 5134 1177 5155 ,
1222 5093 1447 5154 Ἔοικας
1486 5090 1719 5159 ἀθυμεῖν

180 5180 414 5234 τοσούτων
474 5184 839 5253 σεσωσμένων
858 5202 871 5214 ·
909 5185 1027 5237 δέον
1056 5184 1383 5255 ἀντισηκοῦν
1416 5186 1482 5254 τῇ
1513 5180 1718 5253 ὑπολή-

179 5269 252 5334 ψει
270 5274 325 5342 τῇ
354 5275 546 5327 σαυτοῦ
570 5276 670 5345 τὴν
692 5276 908 5329 πάντων
935 5276 1227 5347 σωτηρίαν,
1248 5277 1340 5329 καὶ
1364 5275 1721 5347 αἱρετώτερον

179 5364 388 5431 νομίζειν
414 5367 575 5419 αὐτόν
608 5385 667 5420 σε
696 5369 934 5421 τοιοῦτον
966 5367 1365 5439 ὑποληφθῆναι,
1396 5369 1428 5439 ἢ
1453 5366 1721 5421 τοσούτω)

180 5452 424 5510 ἀπώλειαν
454 5459 658 5528 γεγενῆ
668 5460 808 5515 σθαι.

240 5545 373 5616 Στίχ.
404 5551 546 5620 ε’-η’.
587 5582 658 5592 -—
709 5554 766 5605 ὐ
812 5554 865 5606 δὲ
908 5554 1197 5625 προφήτης
1248 5552 1581 5624 ἐξεληλυθὼς
1630 5554 1729 5624 τῆς

242 5732 344 5802 (56)
376 5735 446 5789 Ita
474 5737 591 5792 cod.

1803 3167 2019 3222 animus
2044 3170 2394 3238 perturbatus
2414 3180 2516 3225 est.
2549 3191 2566 3224 ι
2603 3170 2788 3242 Neque
2814 3172 3105 3226 immerito.
3136 3170 3385 3225 Timebat

1803 3256 1947 3310 enim
1982 3273 2053 3313 ne
2081 3259 2205 3312 vani
2229 3266 2282 3314 et
2312 3260 2590 3315 mendacis
2611 3261 2923 3331 opinionem
2946 3258 3090 3331 apud
3116 3259 3384 3315 Ninivitas

1805 3349 2147 3419 acquireret:
2209 3352 2649 3422 quandoquidem
2704 3354 2821 3423 ipse
2862 3353 3083 3424 quidem
3137 3351 3384 3407 futurum

1805 3441 2047 3496 minatus
2074 3452 2193 3497 erat
2222 3443 2364 3497 intra
2397 3453 2509 3500 tres
2532 3445 2649 3500 dies
2677 3444 2990 3513 excidium;
3044 3445 3181 3499 nihil
3207 3452 3385 3500 autem

1806 3531 1933 3587 inde
1953 3542 2309 3588 consecutqu
2332 3545 2435 3590 est.
2469 3534 2590 3589 Mox
2623 3534 2790 3589 Deum
2832 3534 3139 3605 suspiciens
3167 3533 3344 3589 aiebat
3370 3553 3383 3587 :

1813 3642 1831 3676 ι
1873 3623 2066 3680 Nonne
2097 3626 2183 3680 hic
2206 3635 2323 3680 erat
2346 3642 2527 3682 sermo
2557 3641 2731 3692 meus,
2766 3626 2895 3681 dum
2925 3626 3103 3682 adhuc
3126 3626 3181 3681 in
3216 3628 3389 3697 patria

1808 3717 2029 3787 regione
2078 3719 2368 3773 versarer?
2430 3719 2661 3789 ideoque
2695 3721 2875 3791 fugam
2911 3722 2965 3774 in
3015 3720 3243 3775 Tharsis
3275 3736 3391 3773 ma-

1809 3816 2159 3877 turaveram;
2192 3810 2320 3880 quia
2359 3818 2412 3864 te
2443 3810 2764 3865 clementem
2801 3826 3058 3866 noveram
3088 3819 3141 3865 et
3173 3811 3394 3865 miseri-

1810 3900 2056 3962 cordem,
2083 3901 2376 3969 patientem
2402 3901 2696 3955 admodum
2720 3909 2774 3956 et
2808 3901 3200 3971 indulgentem,
3228 3908 3392 3969 atque

1810 3992 2199 4046 obliviscendis
2235 3991 2452 4061 injuriis
2504 3990 2739 4047 facilem.
2770 4012 2787 4044 ι
2826 3992 3120 4061 Perspicue
3165 3990 3393 4044 demon—

1811 4092 1950 4139 strat
1983 4083 2124 4137 hanc
2161 4083 2264 4138 sibi
2298 4082 2437 4151 fugae
2470 4098 2693 4137 causam
2734 4083 2929 4149 fuisse,
2960 4083 3084 4152 quia
3120 4090 3390 4135 mutatum

1812 4176 1879 4231 iri
1906 4175 2185 4231 decretum
2218 4186 2465 4240 noverat.
2506 4178 2554 4232 si
2609 4175 2751 4231 Deus
2798 4175 3259 4231 clementissimus
3286 4173 3379 4227 im»

1814 4268 2015 4324 mutari
2050 4269 2274 4325 vidisset
2321 4270 2601 4336 homines;
2664 4284 2723 4323 se
2752 4252 2881 4322 vero
2912 4267 3121 4322 fallacis
3157 4266 3393 4320 hominis

1818 4376 1881 4416 ac
1907 4360 2214 4432 deceptoris
2273 4361 2470 4415 famam
2540 4370 2958 4429 aucupaturum.
3039 4360 3220 4425 Quare
3277 4358 3389 4411 ait:

1828 4470 1845 4500 ι
1870 4448 2047 4516 Nunc,
2079 4460 2270 4520 potens
2304 4448 2554 4515 Domine,
2588 4449 2841 4519 spiritum
2883 4447 3014 4500 mihi
3045 4447 3215 4516 eripe,
3267 4444 3394 4515 quia

1825 4544 1961 4598 mori
1986 4543 2116 4597 mihi
2147 4559 2309 4613 quam
2333 4544 2516 4597 vivere
2537 4544 2711 4597 satius
2736 4550 2836 4597 est.
2872 4560 2891 4593 ι
2930 4539 3231 4610 Optabilior
3253 4540 3396 4593 enim

1826 4636 1979 4698 mihi,
2044 4636 2238 4705 inquit,
2289 4651 2437 4689 mors
2479 4645 2595 4698 est,
2637 4650 2799 4705 quam
2850 4635 2907 4688 in
2956 4632 3059 4686 hac
3117 4632 3399 4686 hominum

1827 4729 2081 4799 opinione
2128 4729 2352 4783 versari.
2391 4727 2528 4783 Tum
2562 4727 2707 4783 Deus
2750 4726 3132 4797 paenitentiam
3167 4733 3399 4788 amator,

1829 4822 2053 4889 suisque
2083 4820 2373 4874 admodum
2408 4821 2573 4881 mitis,
2629 4821 2890 4890 pudorem
2920 4817 3072 4873 Iona:
3106 4817 3399 4876 incutiens.

1830 4911 2102 4979 increpuit
2131 4912 2352 4966 dicens:
2395 4931 2412 4961 ι
2434 4910 2572 4965 Num
2606 4912 2703 4966 tibi
2751 4926 3078 4982 magquere
3110 4909 3256 4964 dolet
3285 4907 3403 4961 ani--

1830 5020 1952 5060 mus
1974 5006 2032 5058 ?»
2064 5004 2266 5075 Nempe
2284 5021 2515 5061 moerere
2530 5005 2754 5068 videris,
2775 5005 2923 5075 quod
2954 5010 3103 5058 tanta
3123 4999 3401 5055 hominum

1830 5098 2121 5152 multitudo
2147 5107 2470 5154 conservata
2493 5101 2584 5155 sit.
2614 5099 2775 5169 Atqui
2808 5098 3035 5152 deberes
3060 5106 3401 5150 communem

1826 5191 2058 5245 salutem
2086 5192 2224 5261 aequi
2261 5191 2500 5262 bonique
2528 5190 2817 5245 consulere
2840 5204 2951 5259 prae
2982 5188 3121 5241 fama
3147 5193 3271 5249 tua;
3304 5182 3399 5236 tui

1828 5296 1934 5350 que
1966 5280 2517 5346 nominismaculam,
2549 5296 2711 5352 quam
2740 5287 2818 5334 tot
2841 5279 3119 5334 hominum
3151 5273 3401 5336 exitium,

1829 5374 2007 5430 malle.

1905 5556 2070 5614 Vsus.
2102 5559 2220 5613 5-8.
2254 5590 2320 5598 -—
2354 5558 2507 5613 Tunc
2588 5558 2722 5613 urbe
2786 5554 3047 5626 propheta
3119 5557 3402 5624 egressus,
