3954 6514
573 271 682 329 τειό

1775 288 2113 349 τιιεοῡοιιι

2217 293 2635 352 DPSUESTENI
3695 316 3770 377 Sil

568 385 755 423 coram
804 370 1025 436 resedit,
1088 370 1358 442 tuguriolo
1412 373 1483 428 ibi
1534 390 1899 436 constructo:
1939 386 1990 437 in
2035 403 2113 455 qui

2217 453 2219 458 _
2249 387 2472 453 πόλεως,
2523 388 2811 454 ἐκαθέζετο
2841 392 3195 465 κατάντικρυ,
3229 397 3433 468 σκηνὴν
3464 398 3628 473 ἐαυτῷ
3648 415 3769 482 amr,

572 480 820 530 manens,
864 466 1104 535 nunquid
1138 474 1401 535 prazlerca
1445 471 1648 527 civitati
1683 474 1854 540 ﬁeret,
1890 481 2148 533 observa-

571 554 701 606 bat:
752 555 1020 607 minarum
1063 556 1206 608 enim
1257 558 1579 625 gravitatem
1626 578 1809 617 secum
1862 577 2143 637 reputans,

570 636 915 689 existimabat
950 638 1074 690 hinc
1109 640 1314 707 aliquid
1348 653 1794 700 consecuturum.
1829 636 1947 702 Mei
1977 651 2145 719 jussit

567 714 711 770 Deus
744 727 799 770 ut
843 721 1127 774 cucurbita
1154 735 1375 791 repente
1404 734 1529 778 nata
1556 730 1831 796 tugurium
1859 714 2050 793 totum,
2088 738 2139 789 in

564 813 673 868 quo
724 801 983 869 propheta
1026 805 1365 870 versabatur,
1405 809 1595 862 umbra
1632 813 1942 881 obtegeret:
1982 817 2143 888 169

562 898 731 950 quare
772 882 941 939 Jonas
980 889 1205 956 putabat
1242 891 1531 959 quamdam
1569 910 1627 947 sc.
1676 894 1893 950 domum
1943 882 2140 955 habere

561 965 830 1020 dens.tate
862 967 1113 1023 foliorum
1150 972 1591 1044 circumscptam.
1622 976 1686 1028 Et
1710 980 1927 1047 quidem
1977 999 2138 1051 poma

559 1064 776 1119 quoque
812 1050 1013 1105 affatim
1049 1056 1289 1125 undique
1308 1058 1669 1127 dependentia
1695 1050 1991 1118 maximam
2018 1068 2139 1121 ani-

558 1147 649 1186 mo
692 1136 1004 1201 praebebant
1047 1139 1489 1196 oblectationem.
1536 1143 1664 1209 llis,
1714 1147 1965 1216 inquam,
2007 1168 2134 1221 pro-

558 1216 720 1285 pheta
772 1234 1104 1289 magnopere
1160 1225 1459 1278 la‘tabatur.
1527 1226 1630 1280 Sed
1696 1234 1838 1282 enim
1892 1216 2019 1285 (Iuni
2072 1254 2136 1288 eo

557 1301 847 1365 miraculo,
890 1304 1075 1372 reique
1109 1318 1326 1374 aspectu
1368 1318 1527 1375 atque
1591 1326 1691 1364 usu
1729 1311 1948 1377 fruitur,
2005 1320 2132 1370 dum

557 1383 726 1435 multa
789 1384 860 1438 ob
913 1386 964 1439 id
1026 1388 1297 1458 voluptate
1373 1392 1757 1460 perfunditur,
1822 1406 1985 1468 atque
2034 1400 2137 1455 hac

556 1465 661 1518 sibi
726 1468 1062 1524 recreatione
1124 1471 1316 1526 beatus
1363 1475 1620 1543 videtur;
1665 1479 1852 1533 divino
1895 1465 2135 1552 repente

554 1556 687 1601 nutu
752 1552 1089 1607 vermiculus
1158 1555 1357 1624 plantae
1417 1559 1674 1624 innatus,
1755 1563 1894 1617 hanc
1946 1567 2134 1622 confe-

553 1630 679 1683 stim
734 1635 981 1703 corrupit
1019 1643 1182 1705 atque
1220 1639 1536 1695 exsiccavit.
1599 1640 1717 1696 Jam
1761 1646 1906 1699 hunc
1936 1652 2135 1703 vermi-

2251 498 2367 547 σας,
2395 484 2488 535 καὶ
2521 483 2624 536 ὑπὸ
2655 483 2857 556 ταύτην
2884 485 3107 555 διάγων,
3138 489 3298 559 ἄχρις
3336 490 3432 544 ίδοι
3468 493 3521 545 τί
3561 511 3668 551 ποτε
3692 504 3771 574 ἄρα

2247 572 2453 639 γένοιτο
2480 574 2639 627 πλέον
2660 576 2788 646 περὶ
2809 576 2906 647 τὴν
2928 578 3099 632 πόλιν·
3132 580 3229 651 τῆς
3249 582 3358 652 γάρ
3390 584 3611 655 ἀπειλῆς
3634 591 3681 642 τὺ
3699 572 3770 661 ut.

2248 662 2407 731 γεθος
2433 664 2882 738 ἀναλογιζόμενος
2905 670 3251 741 ύπελάμὸανέ
3272 673 3401 725 τιτὸ
3418 676 3573 743 τυχὸν
3589 681 3665 731 καὶ
3682 682 3768 737 Eae.

2249 753 2372 807 σθαι
2403 756 2540 825 μετὰ
2570 757 2753 811 τοῦτο·
2793 754 2910 813 εἶτα
2941 762 3269 831 προσέταξεν
3293 766 3320 816 ὁ
3341 764 3472 828 Θεὸς
3493 767 3765 830 κολόκυνθαν

2247 845 2439 915 ἀθρόον
2473 849 2788 917 ἐκφυεῖσαν,
2827 852 3045 905 ἃπασαν
3079 854 3174 924 τὴν
3206 856 3410 926 σκηνὴν
3443 859 3500 909 ἐν
3525 851 3768 933 ᾗπερῆνὸ

2241 937 2525 1007 προφήτης
2573 938 2858 1008 πληρῶσαι
2894 943 3051 1003 σκιᾶς
3074 958 3087 972 ·
3126 946 3141 1011 (
3168 961 3219 1013 p.
3248 945 3348 998 257
3374 946 3391 1013 )
3422 947 3497 1010 ὡς
3530 949 3617 1001 καὶ
3643 954 3768 1009 αὑτὸν

2238 1026 2415 1079 δοκεῖν
2443 1028 2619 1092 οἰκίας
2646 1031 2788 1094 τινὸς
2817 1033 3025 1105 σκέπην
3055 1035 3197 1104 ἔχειν
3227 1035 3304 1106 τῷ
3332 1038 3524 1109 πλήθει
3551 1041 3644 1093 τῶν
3667 1046 3763 1112 φύλ.

2242 1116 2348 1169 λων
2368 1134 2381 1147 ⁸
2413 1120 2505 1172 καὶ⁹
2531 1120 2594 1192 δὴ
2626 1123 2718 1175 καὶ
2762 1124 2852 1176 τὸν
2880 1127 3089 1196 καρπὸν
3126 1130 3463 1199 πανταχόθεν
3505 1132 3676 1205 ἀθρόον
3699 1139 3767 1191 ἐκ-

2243 1208 2611 1281 κρεμάμενον,
2650 1214 2909 1286 πλείστην
2938 1217 3060 1270 τινὰ
3089 1219 3348 1289 παρέχειν
3376 1220 3524 1291 αύτῴ
3552 1224 3638 1293 τὴν
3658 1226 3765 1297 ψυχ-

2237 1301 2517 1368 αγωγίανσ
2572 1298 2673 1375 ἦσε
2722 1307 2881 1359 τοῦτο
2929 1310 3018 1361 τὸν
3064 1312 3348 1382 προφήτην
3388 1312 3464 1374 ὡς
3505 1315 3638 1376 εἰκὸς
3670 1335 3765 1389 τερ-

2238 1391 2436 1459 φθέντα
2462 1393 2539 1464 τῷ
2565 1398 2850 1468 παραδόξῳ
2874 1401 2971 1470 τῆς
2995 1418 3055 1453 τε
3086 1402 3211 1465 θέας
3242 1404 3335 1455 καὶ
3374 1404 3475 1473 τῆς
3502 1407 3670 1474 χρείας
3692 1414 3764 1465 τοῦ

2236 1484 2516 1551 γεγονότος
2540 1504 2554 1518 ο
2582 1488 2657 1567 ὡς
2679 1488 2735 1542 δὲ
2772 1493 2971 1564 πολλὴν
3006 1494 3098 1547 ἐπὶ
3130 1495 3207 1564 τῷ
3250 1496 3537 1567 πράγματι
3565 1498 3650 1570 τὴν
3674 1503 3767 1571 ἡδο-

2235 1574 2330 1645 νὴν
2358 1574 2505 1646 ἔσχε,
2535 1579 2627 1630 καὶ
2658 1580 2931 1649 ἀρκοῦσαν
2975 1602 3097 1639 τινα
3133 1586 3451 1657 κομίζεσθαι
3500 1588 3598 1659 τὴν
3631 1592 3766 1663 ψδχα-

2234 1666 2441 1734 γωγίαν
2490 1669 2740 1723 ἐντεῦθεν
2779 1672 2992 1740 ἐδόκει,
3025 1676 3221 1746 ἀθρόον
3262 1677 3426 1730 πάλιν
3472 1679 3765 1751 ὲπιτάγματι

550 1714 733 1767 culum
758 1714 1042 1785 Scriptura
1061 1721 1384 1775 matutinum
1407 1732 1584 1789 vocat,
1606 1736 1658 1778 ιιι
1678 1728 1943 1799 signiticet
1962 1746 2131 1801 genus
2163 1754 2204 1808 Β

550 1805 820 1871 serpentis
853 1807 1126 1862 matutino
1159 1816 1403 1879 tempore
1438 1812 1548 1868 Deo
1579 1817 1793 1873 volente
1842 1819 1897 1873 in
1933 1822 2128 1879 arbore

548 1890 737 1957 geniti,
773 1892 911 1948 hanc
940 1897 1158 1965 penitus
1190 1901 1561 1958 exsiccavisse
1586 1922 1598 1955 :
1656 1905 1731 1959 ita
1760 1915 1819 1961 ut
1848 1917 1971 1963 orto
2000 1926 2123 1966 mox

547 1977 681 2041 sole,
717 1978 1011 2039 vehemens
1044 1984 1098 2038 in
1156 1982 1349 2041 Ionam
1380 1990 1578 2046 solaris
1606 1990 1836 2049 flamma:
1874 1997 2127 2053 inciderit

546 2064 753 2121 radius.
803 2066 986 2140 Pergit
1036 2070 1317 2144 Scriptura
1362 2076 1584 2133 dicere:
1629 2080 1933 2153 «Praecepit
1985 2085 2123 2142 Deus

544 2153 762 2222 spiritui
791 2157 973 2214 calido
1000 2163 1176 2216 urenti
1207 2170 1268 2217 ut
1294 2167 1507 2222 saeviret
1536 2168 1591 2222 in
1620 2168 1772 2225 J0me
1797 2181 1994 2242 caput;
2030 2176 2121 2245 qui

542 2241 725 2297 animo
768 2246 1204 2319 concidensjam
1251 2253 1416 2307 vitam
1468 2259 1826 2327 respuebat.»
1867 2241 1948 2314 ita
1997 2241 2122 2318 vero

542 2327 901 2401 intelligimus
943 2334 1089 2390 haud
1117 2352 1440 2395 consuetum
1483 2342 1629 2398 hunc
1668 2345 1838 2401 fuisse
1860 2349 2119 2417 calorem,

541 2415 636 2470 sed
675 2416 948 2474 flammam
986 2424 1365 2492 gravissimam
1401 2428 1588 2484 divino
1624 2434 1855 2489 consilio
1911 2436 2121 2493 immis-

540 2517 693 2571 sam;
726 2506 888 2576 cujus
913 2522 1081 2565 causa
1105 2514 1366 2582 majorem
1402 2517 1565 2572 solito
1605 2522 1820 2589 patiens
1849 2525 2117 2595 propheta

538 2605 783 2658 sensum,
820 2597 1192 2657 vehementius
1225 2605 1548 2674 angebatur,
1586 2624 1888 2681 parumque
1910 2615 2115 2682 aberat,

538 2681 671 2749 quin
699 2684 862 2737 vitam
890 2688 1165 2744 amitteret
1192 2691 1242 2746 vi
1279 2693 1501 2749 caloris.
1534 2694 1648 2751 Hoc
1672 2700 1814 2753 enim
1848 2700 2117 2773 signiﬁcat

540 2786 563 2821 ι
590 2770 749 2826 vitam
797 2777 1159 2845 respuebat.»
1198 2780 1287 2835 Ait
1328 2782 1492 2853 igitur
1526 2784 1677 2842 Deo:
1720 2807 1737 2839 ι
1762 2770 1951 2848 uenus
1984 2794 2115 2849 mihi

532 2863 671 2916 mori
702 2880 867 2933 quam
928 2868 1129 2924 vivere.
1154 2888 1171 2921 ι
1208 2870 1420 2937 Quibus
1468 2877 1651 2933 verbis
1703 2878 1805 2933 hoc
1847 2882 2113 2951 quodam-

534 2949 696 3005 modo
724 2953 937 3010 aiebat:
992 2955 1259 3013 Malorum
1318 2962 1448 3016 mihi
1486 2965 1732 3021 solamen
1787 2949 1899 3022 haec
1932 2972 2112 3040 planta

531 3034 665 3104 fuit;
714 3040 811 3095 sed
839 3043 1024 3098 eadem
1060 3060 1185 3100 mox
1220 3045 1439 3103 defecit.
1479 3048 1591 3121 Ego
1629 3068 1758 3109 vero
1794 3034 1989 3124 printer
2033 3058 2113 3113 fa-

531 3140 671 3179 mam
700 3130 1014 3197 pessimam,
1040 3135 1242 3189 caloris
1266 3151 1487 3207 quoque
1516 3140 1818 3197 molestiam
1842 3156 1895 3200 et
1921 3144 2113 3203 discri-

530 3225 654 3266 men
695 3218 891 3284 patior.
926 3218 1125 3284 Quidni
1158 3222 1322 3294 igitur
1343 3224 1481 3278 mori
1503 3227 1684 3281 malim
1707 3245 1870 3299 quam
1901 3235 2103 3305 vivere,

530 3305 622 3368 qui
657 3305 823 3358 tantis
851 3307 1127 3362 ohtuudor
1160 3311 1366 3367 malis?

2234 1755 2361 1826 θείῳ
2389 1757 2605 1830 σκώληξ
2649 1763 2951 1829 ὲγγεγονὼς
2976 1764 3053 1835 τῷ
3092 1765 3244 1835 φυτῷ
3272 1767 3417 1819 άπαν
3452 1767 3636 1838 ἁθρόον
3661 1774 3765 1827 αὐτὸ

2232 1846 2509 1917 ἁνήλωσέν
2530 1867 2590 1902 τε
2617 1852 2708 1903 καὶ
2742 1852 3002 1924 ἐξήρανεν
3042 1856 3315 1920 παντελῶς
3339 1874 3353 1889 ο
3384 1857 3446 1910 τὸ
3472 1857 3579 1929 γὰρ
3605 1879 3620 1910 ι
3655 1861 3768 1915 σκώ-

2230 1936 2354 2009 ληκι
2387 1941 2580 2012 ἐωθινῇ
2614 1961 2634 1994 ι
2668 1942 2836 2011 λέγει,
2860 1945 2945 1999 ἴνα
2964 1946 3091 2017 εἴπῃ
3118 1948 3200 2000 ὅτι
3230 1947 3398 2001 ’ἐωθεν
3420 1948 3763 2019 προστάγματι

2229 2027 2355 2099 θείῳ
2389 2029 2605 2103 σκώληξ
2646 2032 2842 2103 ἀθρόον
2889 2036 3111 2105 ἐκφυεὶς
3140 2038 3232 2089 ἐπὶ
3260 2037 3355 2089 τοῦ
3397 2038 3564 2106 φυτοῦ
3592 2039 3764 2112 ἀπεξή-

2229 2135 2388 2189 ρανεν
2425 2121 2601 2175 ἅπαν·
2633 2121 2774 2176 ὥστε
2808 2126 3189 2190 ἀνατείλαντος
3236 2126 3330 2180 τοῦ
3378 2128 3529 2198 ἡλίου
3575 2131 3762 2202 σφοδρο-

2224 2212 2393 2282 τάτην
2426 2214 2576 2287 αὐτῷ
2609 2215 2702 2268 τοῦ
2756 2217 2983 2288 ἡλιακοῦ
3040 2220 3321 2283 καύσωνος
3364 2222 3639 2274 ἐπιπεσεῖν
3686 2224 3764 2293 τὴν

2224 2303 2436 2358 ἀκτῖνα.
2478 2306 2643 2374 Λέγει
2683 2308 2834 2376 γοῦν,
2872 2310 2955 2362 ὄτι
2992 2329 3010 2361 ι
3049 2310 3388 2381 Προσέταξεν
3420 2313 3447 2364 6
3476 2312 3604 2375 Θεὸς
3630 2315 3763 2367 πνεύο

2225 2413 2357 2465 ματι
2407 2396 2686 2461 καύσωνος
2742 2400 3076 2469 συγκαίοντι,
3122 2402 3217 2455 καὶ
3246 2401 3519 2466 ἐπάταξεν
3564 2405 3648 2456 ἐπὶ
3686 2406 3765 2476 τὴν

2224 2488 2464 2559 κεφαλὴν
2520 2489 2689 2567 Ἰωνᾶ,
2725 2491 2820 2544 καὶ
2851 2492 3198 2564 ὠλιγοψύχει,
3234 2494 3329 2547 καὶ
3362 2494 3652 2563 ἀπελέγετο
3684 2498 3763 2568 τὴν

2220 2578 2396 2651 ψυχὴν
2436 2562 2638 2634 αὐτοῦ’
2682 2601 2702 2634 ›
2737 2582 2951 2646 δεικνὺς
2978 2562 3059 2637 ὄτι
3096 2562 3157 2637 οὐ
3192 2585 3343 2639 κατὰ⁷
3371 2586 3433 2639 τὸ
3460 2562 3643 2649 εἰωθὸς
3665 2562 3764 2641 οῦδὲ

2219 2671 2247 2722 6
2281 2671 2498 2724 καύσων
2526 2672 2761 2740 ἐγένετο,
2799 2674 2934 2727 ἀλλὰ
2976 2675 3359 2747 προστάγματι
3404 2675 3536 2746 θείῳ
3566 2676 3764 2748 βαρυτά-

2218 2777 2317 2831 την
2351 2759 2498 2830 αύτῷ
2542 2760 2639 2832 τὴν
2678 2762 2854 2831 φλόγα
2884 2762 3153 2833 ἔπεμψεν,
3207 2766 3281 2827 ὡς
3328 2765 3392 2818 ἂν
3440 2765 3655 2836 μείζονα
3687 2766 3762 2820 τοῦ

2221 2852 2529 2923 συμϐάντος
2555 2854 2654 2923 τὴν
2674 2853 2926 2924 αἴσθησιν
2956 2855 3134 2909 λαὸὼν
3164 2856 3243 2908 ἔτι
3274 2857 3475 2927 μᾶλλον
3506 2858 3763 2925 ἀλγήσειεν

2216 2944 2243 2995 ὁ
2284 2944 2598 3014 προφήτης,
2652 2945 2848 3014 μικροῦ
2892 2944 3023 3013 γοῦν
3073 2946 3290 3016 ἀφιέναι
3336 2946 3435 3016 τὴν
3475 2947 3645 3017 ψυχὴν
3677 2946 3764 2998 ὑπὸ

2215 3033 2309 3087 τοῦ
2339 3038 2613 3097 καύσωνος
2653 3035 2977 3091 κινδυνεύων
3000 3056 3012 3068 ·
3043 3038 3202 3090 τοῦτο
3224 3040 3332 3109 γάρ
3359 3040 3478 3090 ἐστι
3510 3039 3591 3105 τὸ,
3626 3057 3642 3089 ι
3674 3038 3765 3091 Καὶ

2218 3131 2516 3201 ἀπελέγετο
2548 3131 2646 3203 τὴν
2668 3132 2843 3204 ψυχὴν
2870 3134 3056 3189 αὑτοῦ.
3100 3154 3119 3188 ι
3155 3136 3299 3205 Ἔφη
3334 3135 3472 3206 πρὸς
3506 3136 3595 3187 τὸν
3616 3134 3762 3186 836v-

2220 3245 2238 3278 ι
2279 3226 2451 3281 Καλόν
2489 3246 2579 3298 μοι
2606 3228 2666 3280 τὸ
2702 3228 3051 3303 ἀποθανεῖνῆ
3080 3230 3201 3303 ζῇν.
3248 3251 3266 3283 ι
3302 3234 3376 3301 (p.
3416 3230 3545 3300 ς258)
3571 3229 3765 3283 Τοιοῦτό

2209 3342 2261 3377 τι
2289 3324 2484 3393 λέγων,
2506 3327 2589 3379 ὅτι
2612 3327 2984 3396 Ψυχαγωγίαν
3004 3331 3124 3383 τινά
3150 3330 3256 3383 τῶν
3282 3329 3612 3398 συνεχόντων
3634 3327 3767 3392 ἔδοξα

529 3398 714 3452 κακῶν
742 3400 884 3471 ἔχειν
911 3405 971 3457 τὸ
1000 3408 1164 3474 φυτόν
1186 3424 1198 3437 ·
1230 3406 1348 3462 εἶτα
1381 3410 1574 3483 ἀθρόον
1601 3412 1660 3466 τὸ
1699 3415 1796 3483 μὲν
1826 3417 2181 3489 ἀπελήλυθεν,
2215 3424 2325 3491 ἐγὼ
2357 3422 2413 3476 δὲ
2441 3425 2507 3494 τῇ
2536 3424 2808 3496 μοχθηρίᾳ
2834 3426 2932 3498 τῆς
2963 3425 3283 3497 ὑπολήψεως
3323 3424 3763 3496 προσεκτησάμην

528 3487 620 3541 τοῦ
640 3489 921 3556 καύσωνος
946 3496 1044 3565 τὴν
1067 3495 1347 3569 βαρύτητα
1379 3502 1473 3553 καὶ
1494 3502 1584 3554 τὸν
1610 3505 1926 3575 ἐνοχλοῦντα
1950 3511 2191 3565 κίνδυνον
2217 3512 2487 3566 ἐντεῦθεν
2521 3514 2637 3578 πῶς
2677 3512 2769 3569 οὖν
2807 3518 2866 3569 ού
2902 3517 2995 3571 τοῦ
3034 3517 3132 3589 ζῇν
3157 3518 3365 3588 βέλτιον
3389 3516 3451 3569 τὸ
3474 3516 3762 3577 ἀποθανεῖν,

526 3580 574 3631 εί
594 3581 869 3647 τοσούτοις
899 3585 1147 3659 μέλλοιμι
1173 3590 1422 3645 παλαίειν
1454 3597 1678 3660 κακοῖς;

600 3674 765 3733 Vens.
811 3679 965 3735 9-H.
992 3713 1060 3722 —
1083 3683 1451 3751 Quamobrem
1486 3689 1563 3743 ait
1598 3690 1679 3745 illi
1710 3691 1858 3748 Deus
1886 3712 1898 3749 :
1922 3712 1939 3746 ι
1960 3694 2101 3748 Num

526 3772 583 3820 tu
636 3784 967 3841 magnOpere
1018 3789 1220 3831 maeres
1262 3792 1482 3849 propter
1516 3783 1908 3838 cucurbitam?
1939 3805 1957 3837 ι
1993 3803 2104 3858 quo

525 3862 928 3929 respondente,
971 3880 1029 3921 se
1068 3870 1374 3927 mortiferis
1414 3874 1541 3943 angi
1587 3874 1875 3933 doloribus
1922 3878 2103 3950 (adeo

516 3950 819 4021 jucundam
863 3957 1063 4013 fecerat
1106 3963 1385 4032 prophetae
1420 3968 1675 4023 arborem
1713 3970 1889 4037 Deus,
1925 3972 2102 4027 idem-

520 4061 627 4114 que
657 4054 869 4101 tantam
900 4049 967 4105 de
996 4052 1144 4105 illius
1172 4055 1340 4110 exitio
1370 4058 1648 4113 tristitiam
1677 4072 1963 4119 creaverat
1989 4105 2003 4129 ,
2038 4076 2098 4118 ut

520 4136 623 4193 hoc
661 4141 914 4211 exemplo
953 4158 1246 4199 maerorem
1288 4147 1527 4205 hominis
1552 4150 1620 4206 de
1652 4153 1888 4210 civitatis
1920 4156 2097 4211 salute

518 4229 943 4297 injustissimum
1000 4240 1385 4307 coargueret);
1452 4241 1638 4296 subdit
1688 4241 1833 4299 Deus
1880 4260 1893 4297 :
1939 4246 2097 4316 170

524 4338 545 4373 ο
563 4320 716 4377 Tune
736 4332 1019 4393 tantopere
1050 4342 1190 4382 cucu
1201 4329 1355 4384 rbitm
1371 4346 1538 4389 causa
1558 4349 1779 4398 mai-res,
1799 4337 1890 4405 qui
1917 4337 2091 4391 eidem

2274 3693 2422 3764 Στίχ.
2464 3694 2631 3748 (λ’-ια’.
2668 3727 2737 3736 -
2766 3696 2856 3749 Διὸ
2894 3696 2956 3770 δή
3004 3715 3136 3768 φησι
3188 3699 3321 3769 πρὸς
3356 3700 3519 3754 αὑτὸν
3547 3703 3575 3754 ὁ
3614 3702 3759 3763 θεὸς.

2206 3802 2225 3835 ι
2259 3784 2321 3837 Εἰ
2352 3786 2554 3857 σφόδρα
2582 3786 2882 3858 λελύπησαι
2913 3790 3004 3842 ἐπὶ
3037 3793 3101 3860 τῇ
3144 3790 3480 3861 κολοκύνθη;
3522 3812 3541 3843 ι
3582 3793 3763 3844 Τούτου

2197 3874 2254 3927 δὲ
2304 3876 2578 3943 εἰπόντος,
2638 3878 2742 3941 ἕως
2790 3878 3019 3934 θανάτου
3067 3881 3353 3936 λυπεῖσθαι
3399 3882 3597 3948 (οὕτως
3636 3882 3763 3951 αὐτῷ

2199 3966 2293 4016 καὶ
2340 3967 2603 4036 ἐράσμιον
2633 3968 2799 4032 ἔδειξε
2822 3969 2882 4022 τὸ
2913 3971 3078 4039 φυτὸν
3099 3974 3126 4024 ὁ
3156 3972 3307 4037 Θεὸς,
3330 3975 3425 4025 καὶ
3455 3975 3559 4044 τὴν
3591 3976 3677 4026 ἐπὶ
3704 3977 3762 4043 τῇ

2203 4056 2447 4128 ἀπωλείᾳ
2489 4058 2581 4112 τοῦ
2626 4059 2793 4128 φυτοῦ
2828 4060 3001 4132 λύπην
3040 4064 3184 4134 αύτῷ
3216 4065 3441 4134 μείζονα
3482 4068 3761 4136 πεποίηκεν

2198 4148 2550 4217 ἐγγενέσθαι,
2598 4151 2692 4204 ἐπὶ
2723 4152 2801 4223 τῷ
2830 4154 3127 4224 παραθέσει
3183 4158 3445 4226 μειζόνως
3489 4159 3653 4211 αὑτοῦ
3681 4158 3763 4228 τὴν

2202 4240 2297 4292 ἐπὶ
2326 4244 2392 4312 τῇ
2441 4243 2685 4313 σωτηρία
2726 4244 2823 4313 τῆς
2854 4246 3059 4309 πόλεως
3092 4247 3268 4318 λύπην
3294 4250 3515 4318 ἐλέγξαι
3546 4253 3763 4303 κάκιστα

2202 4332 2624 4403 γεγενημένην),
2651 4336 2863 4403 ἐπάγει’
2899 4355 2915 4386 ι
2943 4333 3074 4389 Εἶτα
3107 4339 3314 4409 σὺ’μὲν,
3345 4342 3501 4411 φησὶ,
3528 4343 3763 4395 τοσοῦτον

515 4414 829 4470 excolenda:
845 4418 1052 4471 nullum
1076 4420 1314 4476 laborem
1335 4424 1649 4494 impendisti
1664 4427 1690 4480 ?
1704 4444 1811 4481 una
1829 4429 1973 4483 enim
1995 4446 2094 4484 no-

2217 4423 2339 4494 ὅπερ
2370 4427 2467 4495 τῆς
2508 4426 2835 4498 κολοκύνθης
2881 4428 3143 4499 ἦλγησας,
3189 4432 3377 4484 οὐδένα
3417 4436 3665 4504 κάματον
3697 4438 3762 4494 είς

516 4512 602 4558 cte
630 4514 852 4574 repente
895 4518 1042 4571 nata,
1090 4511 1241 4567 illico
1271 4529 1377 4567 una
1411 4525 1572 4572 nocte
1608 4518 1891 4574 interitum
1932 4537 2093 4589 passa

516 4602 636 4660 est;
670 4612 755 4651 me
795 4613 921 4652 vero
961 4614 1060 4654 cur
1092 4605 1265 4674 magis
1298 4621 1405 4661 non
1432 4606 1614 4663 decuit
1647 4610 1900 4666 miserari
1931 4610 2086 4667 Nini-

514 4702 648 4752 ven,
689 4690 822 4751 tanti
864 4694 1048 4763 populi
1089 4695 1396 4762 civitatem,
1441 4707 1499 4752 ut
1538 4700 1825 4757 duodecim
1866 4704 1939 4758 ibi
1982 4706 2093 4759 sint

515 4778 789 4849 myriades
812 4782 1115 4850 hominum,
1133 4786 1226 4856 qui
1250 4787 1435 4841 laevam
1456 4805 1485 4843 a
1508 4790 1732 4846 dextera
1750 4809 1859 4848 non
1884 4795 2092 4851 discer-

514 4883 652 4926 nunt
676 4872 701 4925 ?
726 4894 744 4926 ι
773 4873 934 4930 Pueri
967 4877 1230 4932 nimirum
1263 4879 1507 4937 infantes
1543 4885 1884 4954 intelligendi
1919 4897 2049 4942 sunt
2071 4926 2091 4952 ,

511 4964 605 5033 qui
634 4980 827 5035 reapse
859 4968 1003 5023 herae
1025 4969 1338 5042 dextraeque
1363 4974 1659 5030 discrimen
1690 4978 1895 5031 nullum
1921 4994 2092 5048 agno.

513 5066 716 5111 scunt:
754 5061 960 5130 quique
999 5062 1070 5117 ob
1107 5064 1288 5120 aetatis
1331 5065 1706 5124 infirmitatem
1741 5072 1893 5124 nulla
1928 5072 1995 5127 de
2034 5089 2090 5127 re

506 5147 756 5216 judicare
799 5159 1050 5221 queunt;
1110 5153 1345 5225 ideoque
1399 5172 1468 5211 ne
1507 5158 1681 5227 culpa:
1734 5160 1955 5229 quidem
1992 5163 2090 5217 obs

513 5238 658 5293 noxii
692 5238 951 5307 fuerunt,
984 5251 1145 5299 aatate
1174 5245 1419 5300 nondum
1456 5250 1720 5318 patiente.
1768 5249 1862 5305 Sic
1900 5262 2085 5307 autem

512 5328 655 5384 Deus
684 5331 901 5389 locutus
933 5343 1016 5389 est
1032 5336 1102 5389 ob
1116 5336 1497 5393 declarandam
1531 5340 1829 5395 incolarum
1850 5344 2086 5412 copiam.

517 5415 609 5472 tibi
645 5423 789 5476 enim
822 5424 1114 5481 infantium
1145 5435 1333 5485 tantus
1358 5438 1479 5485 erat
1509 5447 1775 5488 numerus
1796 5472 1810 5495 ,
1842 5444 2087 5503 quantus

515 5509 729 5566 domum
753 5514 1064 5572 adultorum
1088 5520 1413 5591 cogitandus
1437 5523 1554 5576 est?
1572 5522 1688 5577 Jam
1714 5525 1931 5582 caateris
1955 5542 2089 5595 pra:-

515 5602 821 5672 termissis,
864 5606 1006 5664 Deus
1040 5611 1357 5666 lactentium
1398 5617 1724 5670 memoravit
1758 5632 2046 5671 numerum
2068 5658 2085 5682 ,

515 5708 747 5763 quorum
802 5697 920 5754 sine
972 5700 1138 5757 dubio
1175 5712 1401 5775 propter
1451 5707 1819 5763 innocentiam
1868 5711 2080 5766 nullum

2198 4516 2297 4585 τὴν
2324 4517 2583 4570 σύστασιν
2604 4519 2771 4588 αὐτῆς
2796 4520 3117 4588 εἰσενεγκὼν
3138 4538 3153 4587 ;
3185 4525 3242 4575 ἐν
3266 4526 3421 4577 νυκτὶ
3449 4527 3565 4597 γὰρ
3590 4529 3764 4597 ἁθρόον

2196 4610 2483 4674 γεγονυῖα,
2534 4611 2728 4681 ἀθρόον
2772 4614 2829 4664 ἐν
2884 4613 3040 4664 νυκτί
3086 4615 3180 4665 καὶ
3231 4616 3329 4686 τὴν
3384 4619 3667 4671 ἀπώλειαν
3693 4618 3763 4669 δέ·

2194 4699 2412 4753 δεκται·
2468 4703 2589 4771 ἐμοὶ
2622 4702 2678 4755 δὲ
2726 4703 2840 4768 πῶς
2892 4705 2953 4756 ού
3008 4705 3228 4761 πλείονα
3286 4710 3565 4781 ἁρμόττον
3616 4708 3764 4779 φειδὼ

2194 4792 2396 4863 Νινευὴ
2443 4794 2542 4864 τῆς
2596 4795 2800 4859 πόλεως
2842 4796 3006 4869 ἔχειν,
3055 4800 3155 4871 τῆς
3203 4801 3344 4854 οὕτω
3378 4804 3667 4872 μεγίστης,
3699 4802 3762 4861 ὡς

2193 4882 2400 4937 δώδεκα
2436 4886 2700 4954 μυριάδας
2729 4888 2898 4960 αὐτὴν
2933 4891 3099 4944 οἰκεῖν
3121 4892 3425 4963 ἀνθρώπων
3470 4894 3579 4947 οὐκ
3613 4898 3766 4961 ἐγνω-

2194 4976 2366 5029 κότων
2398 4975 2600 5048 δεξιὰῆ
2631 4980 2925 5053 ἀριστερά;
2961 5002 2979 5035 ι
3009 4985 3095 5039 ἵνα
3134 4984 3287 5056 εἴπῃ,
3316 4985 3582 5054 Νηπίων·
3605 4983 3764 5037 τοιού-

2192 5085 2316 5130 τους
2363 5068 2471 5140 γάρ
2513 5071 2613 5123 οὐκ
2657 5073 2963 5139 ἐγνωκότας
3020 5076 3228 5147 δεξιὰῆ
3273 5077 3547 5149 ἀριστερὰ
3599 5078 3764 5144 λέγει,

2192 5159 2316 5221 τοὺς
2339 5160 2428 5213 διὰ
2463 5162 2757 5233 νηπιότητα
2788 5166 2887 5218 οὐκ
2915 5167 3112 5238 ἀκριϐῆ
3150 5167 3258 5221 τῶν
3288 5171 3639 5239 πραγμάτων
3659 5169 3763 5221 διά-

2192 5266 2369 5320 κρισιν
2416 5251 2658 5321 ἔχοντας,
2690 5255 2810 5308 οὐδέ
2862 5258 2920 5309 ἐν
2951 5258 3247 5328 ἁμαρτίαις
3282 5262 3405 5313 ποτὲ
3443 5261 3526 5324 ὡς
3557 5258 3766 5330 γεγονό·

2190 5358 2308 5408 τας,
2353 5342 2446 5395 ἆτε
2477 5345 2575 5414 τῆς
2618 5345 2833 5417 ἡλικίας
2858 5349 2919 5401 οὐ
2952 5349 3246 5422 δεχομένης
3286 5352 3480 5404 τοῦτο·
3512 5354 3606 5424 (ρ.
3637 5352 3763 5418 259)

2190 5430 2336 5499 λέγει
2368 5432 2465 5502 μὲν
2498 5434 2607 5506 γάρ
2643 5436 2771 5488 αὐτὸ
2804 5439 2883 5502 εἰς
2931 5438 3202 5505 ἀπόδειξιν
3231 5440 3323 5491 τοῦ
3366 5440 3620 5511 πλήθους
3669 5439 3764 5493 τῶν

2189 5523 2478 5579 οἰκούντων
2514 5526 2612 5597 τὴν
2646 5529 2798 5583 πόλιν
2819 5546 2831 5559 ·
2875 5530 3001 5583 ἔνθα
3027 5529 3135 5605 γάρ
3163 5533 3384 5584 τοσοῦτο
3421 5534 3539 5585 τῶν
3567 5534 3766 5605 νηπίων

2187 5611 2255 5686 ἦν
2295 5618 2356 5671 τὸ
2389 5619 2623 5691 πλῆθος,
2658 5623 2822 5677 πόσον
2864 5625 2928 5696 δὴ
2961 5626 3021 5678 τὸ
3053 5627 3158 5679 τῶν
3190 5627 3411 5680 τελείων
3464 5628 3765 5701 ἀνθρώπων

2191 5701 2288 5777 ἦν;
2318 5708 2453 5772 Τοὺς
2482 5710 2537 5762 δέ
2569 5729 2628 5780 γε
2664 5713 2881 5779 λοιποὺς
2927 5716 3168 5782 ἅπαντας
3199 5718 3533 5790 παραλιπὼν
3565 5721 3595 5772 6
3622 5720 3764 5781 Θεὸς.
