3860 6516
119 335 204 394 5-55
1082 327 1581 386 COMMENTARIU
1593 327 1630 383 S

1829 324 2079 384 ICIIEE
2119 323 2278 380 CAP.
2310 324 2353 379 Ι.
3247 325 3281 382 ’5
3295 328 3353 384 ιτ

119 456 191 507 τὸν
228 448 335 502 τῶν
381 447 589 520 νηπίων
636 444 788 503 εἶπεν
827 447 1092 519 ἀριθμόνο
1143 450 1192 504 οἳ
1231 448 1643 521 δμολογουμένω

1831 456 1903 499 rat
1939 459 2118 515 poena:
2153 444 2430 499 meritum.
2480 439 2650 498 Nemo
2695 448 2846 496 certe
2891 439 3092 496 dixerit
3141 438 3355 510 simpli-

120 541 407 611 ἐφαίνοντο,
460 540 562 592 οὐκ
609 538 762 603 ὄντες
807 539 947 606 ἄξιοι
984 540 1079 594 τοῦ
1131 559 1183 594 τι
1228 541 1398 595 κακὸν
1453 540 1641 594 παθεῖν

1839 554 1924 592 um
1969 535 2322 607 parvulorum
2360 543 2564 588 tantam
2607 531 3012 588 multitudinem
3045 547 3201 602 aequo
3230 533 3355 602 jure

122 633 197 686 ac:
223 629 356 700 μηδὲ
384 629 764 700 ἡμαρτηκότες
800 647 852 683 τι
892 631 1057 694 τέωςο
1113 631 1172 683 οὐ
1219 630 1328 702 γὰρ
1357 631 1441 700 δὴ,
1490 631 1646 700 φησὶν

1831 630 1952 684 lisse
1989 629 2344 698 perdendam.
2376 627 2742 695 Quamobrem
2773 625 2989 682 etiamsi
3024 625 3164 680 forte
3195 626 3355 680 adul-

124 722 266 783 εἴποις
309 720 378 774 ἂν
422 721 504 774 ὅτι
550 722 645 774 καὶ
687 721 938 774 τοσοῦτον
996 722 1226 794 ἀριθμὸν
1274 723 1479 794 νηπίων
1524 723 1645 775 οὑθὲ

1833 735 1964 774 trum
2013 719 2162 773 nulla
2209 718 2406 774 fuisset
2452 717 2773 780 miseratio,
2813 716 3117 787 puellorum
3168 719 3357 786 utique

123 813 496 884 ἡμαρτηκότων
542 813 840 867 ἀπολέσθαι
881 814 1157 885 προσ-ἧκον
1200 810 1296 886 ἦν’
1327 815 1468 867 ὥστε
1501 815 1604 868 κᾶν
1630 831 1647 866 ε

1831 813 2104 867 uerninisse
2142 811 2427 880 oportuit,
2485 825 2595 878 quo
2643 810 2779 864 nihil
2831 810 2958 864 mali
3010 809 3130 863 urbi
3182 811 3355 863 ﬁeret.

127 905 185 976 μὴ
208 903 309 954 τῶν
343 902 568 956 τελείων
602 903 788 972 φειδὼ,
819 903 950 971 γοῦν
986 903 1093 958 τῶν
1133 905 1342 977 νηπίων
1375 906 1651 976 μνησθῆνα

1837 903 2000 971 djecit
2041 901 2185 956 Deus
2209 941 2224 964 ,
2261 920 2278 951 ι
2314 909 2370 955 et
2401 901 2647 970 jumenta
2695 900 2902 968 multa;
2939 920 2957 952 ι
2989 915 3088 954 ceu
3143 900 3188 954 si
3246 916 3358 956 me-

128 994 297 1065 μᾶλλον
324 993 512 1064 ἐχρῆν,
539 995 631 1046 ἐπὶ
658 994 736 1064 τῷ
761 995 926 1065 μηδὲν
955 995 1124 1050 κακὸν
1147 996 1244 1065 τὴν
1272 995 1426 1049 πόλιν
1461 997 1652 1050 παθεῖν

1839 1004 1890 1046 to
1927 993 2042 1047 haec.
2076 1008 2295 1062 quoque
2330 993 2539 1047 servari
2572 992 2867 1046 incolumia
2904 991 3258 1058 debuissent,
3290 992 3359 1046 ob

126 1083 415 1154 Προσέθηκε
443 1082 502 1135 δὲ
529 1083 610 1146 τὸ,
662 1101 680 1134 ι
723 1084 816 1135 καὶ
846 1084 1018 1154 κτήνη
1063 1083 1260 1139 πολλά’
1304 1103 1322 1135 ι
1361 1083 1434 1147 ὡς
1481 1083 1545 1138 ἂν
1585 1103 1650 1138 κα

1783 1085 1988 1140 civium
2009 1127 2022 1153 ,
2056 1087 2260 1157 quibus
2288 1093 2406 1142 erat
2441 1084 2712 1156 parcitum
2734 1125 2750 1150 ,
2782 1083 3250 1140 commoditatem.

126 1173 298 1227 τούτων
348 1173 603 1226 ἀϐλασῶν
648 1174 1015 1244 φυλάττεσθαι
1076 1175 1400 1244 ὀφειλόντων
1455 1175 1680 1239 δικαίως

126 1269 211 1328 τοῖς
234 1266 325 1319 ἐπὶ
377 1265 480 1334 τῆς
523 1264 732 1328 πόλεως
768 1265 1186 1336 διασωζομένοις
1219 1265 1328 1320 τῶν
1354 1264 1678 1337 ἀνθρώπων.

130 1483 1619 1512 πει-’.ηπ

447 1479 3340 1509 mw

667 1685 1234 1772 EPMHNEIA
1306 1685 1789 1773 ΜΙΧΑΙΟΥ
1861 1689 2090 1776 ΤΟΥ
2160 1691 2191 1778 1

1306 1685 1789 1773 ΜΙΧΑΙΟΥ
1861 1689 2090 1776 ΤΟΥ
2160 1689 2801 1778 ΠΡΟΦΗΤΟΥ.

323 1945 388 1968 ...δ’
1706 1941 1781 1954 ⁸-⁸

131 2108 1256 2227 COMMENTARIUS
1368 2113 1510 2225 IN
1621 2114 2333 2230 MlCH/EAM
2441 2111 3362 2226 PROPHETAM.

765 2573 922 2626 ΚΕΦ.
963 2575 1036 2629 A'.
1730 2591 1770 2648 Β

1730 2591 1770 2648 Β
2475 2577 2626 2634 CAP.
2669 2576 2707 2632 Ι.

191 2660 324 2732 Στίχ.
363 2668 435 2728 α’,
473 2660 540 2732 β’.
578 2693 647 2702 —
670 2663 1038 2736 Παραπλήσια
1075 2663 1190 2732 τοῖς
1230 2667 1360 2741 περί
1411 2685 1470 2722 τε
1537 2671 1692 2740 Ὠσηὲ

1871 2669 2034 2725 Vens.
2072 2671 2123 2733 1,
2146 2667 2510 2723 2.—Similia
2541 2667 2699 2724 Osca:
2731 2671 3013 2723 etAmoso
3045 2677 3099 2722 et
3131 2669 3377 2740 reliquis,

140 2753 215 2805 καὶ
253 2752 426 2823 ’Δμὼς
471 2754 568 2808 καὶ
612 2755 739 2820 τοὺς
785 2756 1005 2821 λοιποὺς
1036 2758 1229 2812 ὁπόσοι
1266 2762 1442 2815 ταυτα
1484 2761 1662 2815 τούτοι

1855 2772 2066 2832 totquot
2099 2763 2184 2817 his
2214 2762 2365 2830 paria
2395 2763 2879 2832 prophetaverunt,
2905 2768 3127 2830 apparet
3162 2762 3379 2814 beatum

141 2848 541 2916 προεφήτευσαν,
591 2847 747 2919 δῆλός
791 2850 907 2902 ἐστι
941 2851 1038 2903 καὶ
1083 2852 1113 2902 6
1165 2852 1437 2925 μακάριος
1484 2870 1665 2925 προφη

1857 2873 2016 2926 noque
2053 2855 2344 2909 vaticinari
2386 2854 2686 2907 Michzeam.
2728 2852 2939 2906 Etenim
2982 2861 3241 2906 eventura
3286 2868 3381 2922 po-

139 2939 284 2991 τεύων
309 2941 548 3011 Μιχαίας
567 2957 582 2971 ο
616 2942 684 2994 τὰ
717 2944 823 3014 γὰρ
851 2944 982 3015 περὶ
1007 2943 1098 2998 τὸν
1132 2943 1258 3000 λαὸν
1284 2945 1520 3017 ἐσόμενα
1547 2964 1659 3016 παρ

1859 2951 1929 3004 Ilo
1973 2949 2041 3004 ab
2071 2948 2314 3021 Assyriis
2356 2957 2520 3017 atque
2555 2946 2708 3016 171
2755 2945 3067 3016 Babyloniis
3110 2945 3383 3015 spirituali

141 3046 191 3082 τε
224 3029 318 3084 τῶν
355 3032 657 3103 ’Δσσυρίων
697 3035 791 3087 καὶ
825 3034 932 3087 τῶν
960 3035 1319 3090 Βαϐυλωνίων
1353 3055 1665 3109 πνευματικε

1862 3048 2082 3096 ενιηοιιιε
2111 3041 2285 3112 gratia
2318 3041 2435 3110 ipse
2467 3055 2684 3110 quoque
2715 3037 3007 3108 praedicere
3038 3039 3249 3102 nititur,
3274 3047 3386 3092 sla-

145 3122 422 3193 κινούμενος
462 3127 530 3195 τῇ
564 3126 745 3196 χάριτι
791 3127 885 3179 καὶ
931 3127 1093 3190 αὐτὸς
1138 3130 1532 3200 προαγορεύειν
1581 3147 1669 3182 πει

1863 3153 1896 3189 n
1924 3135 1990 3189 ah
2015 3134 2241 3191 exordio
2270 3148 2614 3188 communem
2649 3133 2716 3188 de
2747 3132 3006 3186 universo
3040 3130 3240 3186 lsracle
3275 3146 3387 3185 ser-

148 3217 301 3285 ρᾶται,
340 3217 503 3281 εὐθὺς
528 3218 595 3269 ὲκ
631 3219 931 3289 προοιμίων
979 3221 1159 3274 κοινὸν
1205 3222 1334 3293 περὶ
1367 3221 1567 3285 παντὸς
1604 3238 1672 3274 τοι

1860 3244 2016 3282 onem
2065 3227 2393 3292 instituens,
2447 3225 2514 3281 de
2560 3225 2831 3285 tribubus,
2868 3224 3114 3294 inquam,
3160 3221 3384 3282 decem,

157 3307 346 3378 Ἰσραὴλ
373 3312 391 3380 (
413 3324 465 3379 p.
492 3308 637 3379 260)
665 3309 990 3380 ποιούμενος
1023 3312 1115 3365 τὸν
1142 3312 1320 3381 λόγον,
1355 3313 1464 3366 τῶν
1488 3331 1546 3366 τε
1573 3313 1681 3367 δέκι

1865 3333 2033 3372 larum
2073 3317 2225 3388 regni
2272 3322 2435 3386 caput
2481 3323 2599 3370 erat
2643 3312 2922 3374 Samaria,
2971 3319 3026 3366 et
3067 3311 3132 3365 de
3176 3309 3389 3363 duabus

148 3399 271 3468 λέγω
304 3401 502 3469 φυλῶν,
539 3393 620 3472 ὧν
644 3401 744 3470 τὴν
772 3402 1088 3475 Σαμάρειαν
1121 3406 1371 3477 ἐξάρχειν
1399 3405 1672 3459 συνέϐαινε

1864 3426 2036 3463 larum
2061 3408 2378 3478 metmpolis
2411 3406 2769 3461 Hierusalem.
2797 3403 2953 3458 Patet
2986 3413 3164 3457 autem
3198 3401 3388 3456 iisdem

151 3495 348 3546 καὶτῶν
378 3494 470 3548 δύο
497 3489 684 3565 ὧνπερ
727 3489 820 3548 οὖν
861 3497 895 3566 ἡ
936 3497 1293 3569 Ἰερουσαλὴμ
1327 3501 1544 3570 ἡγεῖτο·
1581 3498 1675 3568 φαί

1869 3502 2007 3556 libus
2037 3500 2349 3569 superiores
2381 3498 2792 3568 prophetavisse
2823 3494 3163 3564 temporibus
3185 3537 3198 3558 ,
3229 3494 3278 3546 id
3308 3501 3393 3547 est

154 3601 280 3638 νεται
303 3587 356 3640 δὲ
381 3587 476 3640 καὶ
512 3588 653 3640 κατὰ
703 3589 829 3652 τοὺς
857 3591 1056 3653 αὐτοὺς
1087 3591 1311 3661 καιροὺς
1347 3590 1674 3662 προψητεύω

1868 3595 2002 3647 ebns
2025 3590 2297 3645 Joathaini
2325 3631 2338 3655 ,
2372 3587 2605 3642 Achaazi
2626 3628 2640 3651 ,
2679 3594 2734 3641 et
2765 3585 2971 3640 Ezecia:
3000 3599 3182 3654 regum
3203 3581 3391 3646 Iudae;

158 3680 379 3744 ἐκείνοις,
409 3682 690 3735 τουτέστιν
739 3683 798 3734 ἐν
829 3683 1070 3756 ἡμέραις
1111 3682 1351 3754 Ἰωάθαμ
1401 3683 1496 3736 καὶ
1534 3685 1682 3754 Ἀχας

1870 3685 2009 3739 enim
2048 3703 2066 3734 ι
2089 3683 2175 3738 his
2201 3683 2394 3737 diebus
2426 3681 2502 3734 ait
2532 3679 2734 3734 factum
2770 3692 2890 3732 esse
2920 3676 3145 3731 verbum
3178 3669 3394 3728 Domini

157 3772 235 3824 καὶ
267 3773 494 3838 Ἐζεκίου
526 3773 636 3826 τῶν
677 3772 938 3843 βασιλέων
999 3773 1190 3828 Ἰούδα.
1240 3792 1259 3826 ι
1306 3775 1396 3829 Ἐν
1442 3775 1550 3848 γὰρ
1580 3775 1678 3828 ταύ

1872 3779 1878 3831 l
1915 3777 2194 3831 Michaeam
2236 3772 2622 3835 Moraithitem,
2659 3789 2676 3820 ι
2703 3769 2757 3823 id
2797 3776 2882 3822 est
2921 3782 2981 3821 se
3020 3765 3259 3820 divinam
3300 3776 3396 3816 ex-

159 3881 256 3929 ταις
284 3869 394 3929 ταῖς
435 3867 673 3937 ἡμέραις
717 3865 1042 3936 γεγενῆσθαι
1100 3867 1258 3936 λόγον
1291 3868 1498 3938 Κυρίου
1571 3863 1683 3934 φησ

1873 3880 2022 3925 :rtum
2049 3884 2173 3924 esse
2200 3865 2595 3936 operationem.
2619 3862 2762 3916 Cur?
2789 3877 2808 3910 ι
2838 3858 2919 3913 Ob
2950 3873 3011 3912 ea
3031 3871 3150 3926 qua:
3169 3853 3304 3906 vidit
3330 3852 3397 3907 de

163 3958 274 4029 πρὸς
294 3935 522 4030 Μιχαίαν
551 3935 644 4016 τὸν
673 3961 1008 4034 Μοραῖθίτην
1026 3977 1038 3989 '
1072 3979 1090 4010 ι
1128 3935 1404 4012 τουτέστιν
1429 3958 1687 4030 ἐνεργείαι

1875 3961 2060 4016 nnaria
2087 3969 2139 4014 et
2166 3957 2524 4015 Hierusalem,
2553 3972 2571 4005 ι
2596 3953 2664 4007 de
2697 3951 2956 4005 universo
2992 3946 3204 4001 scilicet
3225 3941 3399 3997 Israc-

164 4054 506 4121 τετευχηκέναι
541 4053 714 4116 θείας.
757 4053 913 4115 Τίνος
947 4051 1164 4116 ’ένεκεν;
1207 4068 1226 4099 «ι
1275 4050 1447 4121 ’Υπὲρ
1479 4044 1554 4102 ὧν
1602 4044 1688 4102 εἶδε

1877 4056 1961 4109 ico
1989 4051 2190 4123 populo
2213 4090 2226 4113 ,
2260 4065 2355 4103 seu
2391 4047 2458 4101 de
2495 4046 2683 4100 decem
2729 4043 2966 4096 tribuum
3010 4052 3211 4108 regno,
3246 4042 3300 4089 et
3332 4033 3399 4088 de

165 4144 270 4213 περὶ
297 4146 601 4216 Σαμαρείας
641 4145 736 4198 καὶ
775 4147 905 4216 περὶ
944 4142 1336 4213 Ἰερουσαλήμ·
1379 4163 1396 4194 ι
1433 4143 1520 4194 ἵνα
1549 4141 1680 4216 εἴπῃ

1874 4149 2026 4203 labus
2050 4159 2278 4217 quarum
2311 4141 2677 4212 principatum
2706 4136 2926 4191 tenebat
2954 4134 3072 4203 ipsa
3100 4130 3252 4185 Iuda:
3295 4128 3398 4181 tri-

165 4235 340 4300 Παντὸς
390 4237 482 4290 τοῦ
541 4235 940 4308 Ἰσραηλιτικοῦ
985 4234 1147 4298 λαοῦ,
1192 4236 1292 4304 τῆς
1328 4251 1390 4287 τε
1439 4233 1689 4304 βασιλεία.

1873 4259 1938 4308 IS,
1974 4238 2118 4296 beati
2156 4237 2377 4291 Davidis
2408 4231 2639 4304 posteris
2664 4230 2819 4299 juxta
2853 4227 2945 4280 Dei
2983 4223 3312 4295 promissum
3343 4221 3397 4275 in

164 4327 251 4379 τῶν
277 4328 396 4381 δέκα
434 4328 636 4398 φυλῶν,
672 4329 765 4381 καὶ
807 4329 907 4399 τῆς
957 4327 1067 4379 τῶν
1107 4326 1202 4379 δύο
1245 4319 1431 4397 ὧνπερ
1463 4324 1688 4396 ήγεῖσθα

1899 4329 2252 4400 regnantibus
2278 4346 2291 4381 :
2317 4325 2383 4380 de
2406 4323 2606 4395 quibus
2637 4333 2937 4388 eorumque
2965 4316 3150 4375 rebus,
3180 4320 3401 4382 accepta

165 4418 242 4488 τὴν
277 4420 432 4474 Ἰούδα
479 4420 764 4473 συνέϐαινε
801 4419 995 4490 φυλὴν,
1027 4418 1136 4472 τῶν
1185 4420 1248 4472 ἐκ
1290 4417 1386 4471 τοῦ
1443 4417 1689 4488 μακαρίοι

1876 4423 2079 4478 vinitus
2107 4418 2442 4475 revelatione
2469 4415 2723 4470 Michzeas
2749 4414 2864 4466 haec
2895 4410 3062 4472 dicit,
3097 4422 3219 4476 qua:
3247 4405 3356 4458 Deo
3381 4443 3395 4466 ,

167 4512 301 4564 Δαυῖὸ
327 4515 461 4566 κατὰ
490 4515 591 4585 τὴν
634 4513 768 4583 πρὸς
796 4511 957 4564 αὑτὸν
983 4511 1356 4581 γεγενημένην
1388 4507 1691 4579 ἐπαγγελία·

1931 4513 2205 4575 diximus,
2255 4510 2536 4564 revelante
2581 4504 2878 4568 didicerat,
2933 4501 3014 4556 sic
3068 4496 3402 4553 exordiens:

169 4603 520 4672 βασιλευόντων
562 4606 732 4677 αὐτῆς
755 4623 768 4635 ·
822 4605 962 4674 ὑπὲρ
993 4603 1058 4675 δὴ
1100 4603 1304 4656 τούτων
1330 4603 1426 4656 καὶ
1454 4602 1560 4656 τῶν
1590 4618 1693 4672 περ

1887 4604 2085 4659 Audite
2139 4601 2344 4665 verba,
2408 4597 2596 4669 populi
2651 4610 2866 4650 omnes.
2922 4611 2940 4644 ι
2981 4592 3401 4646 Consentanee.

169 4695 334 4760 αὐτοὺς
359 4700 629 4769 ἐσομένων
653 4696 904 4768 ἐνεργείᾳ
925 4696 1047 4767 θείᾳ
1071 4695 1171 4766 τὴν
1199 4694 1539 4765 ἀποκάλυψιν
1567 4693 1693 4758 δεξά

1878 4695 2052 4770 populi
2071 4705 2278 4756 omnes,
2307 4710 2324 4741 ι
2352 4698 2408 4744 ιιι
2435 4689 2741 4744 universum
2772 4683 3017 4739 Israelem
3049 4685 3270 4738 denotet
3309 4679 3402 4749 qui

173 4802 304 4855 μενος
342 4790 369 4840 6
395 4789 638 4859 Μιχαίας
677 4786 826 4855 λέγει
861 4786 1036 4839 ταῦτα
1059 4829 1073 4851 ,
1106 4785 1248 4858 ἅπερ
1284 4783 1377 4840 οὖν
1423 4788 1594 4838 εἰπεῖν
1628 4787 1697 4838 ἐπ

1876 4794 1891 4847 l
1948 4803 2118 4860 regna
2173 4787 2284 4841 duo
2342 4783 2674 4854 pertinebat.
2731 4777 3096 4846 Quamobrem
3153 4772 3400 4828 addidit:

168 4875 248 4945 τῆς
267 4878 650 4948 ἀποκαλύψεως
688 4875 939 4948 ἐδιδάχθη
969 4877 1067 4946 τῆς
1097 4876 1265 4941 θείας,
1296 4875 1602 4947 ἀρξάμενος
1630 4874 1690 4928 οὗ

1879 4882 2248 4950 Attendatque
2285 4888 2451 4942 terra,
2483 4886 2535 4931 ct
2575 4889 2766 4930 omnes
2797 4871 2889 4943 qui
2927 4871 2980 4923 in
3013 4883 3075 4923 ea
3107 4874 3255 4930 sunt,
3294 4883 3310 4915 ι
3349 4862 3403 4916 id

166 4983 271 5029 ’ἴως’
315 4990 331 5021 ι
391 4969 727 5032 Ἀκούσατε,
780 4968 902 5021 λαοὶ
941 4968 1177 5032 πάντες,
1209 4968 1419 5036 λόγους.
1482 4987 1501 5019 ι
1565 4968 1690 5020 Ἀκο

1887 4973 2241 5029 tlsraelitica
2279 4979 2390 5024 tota
2421 4970 2608 5039 regio,
2665 4971 2779 5021 sive
2823 4965 2945 5032 ejus
2999 4961 3224 5020 incolae,
3274 4969 3411 5024 quo-

169 5058 342 5126 λούθως
368 5063 425 5117 τὸ
454 5083 473 5116 ι
514 5063 636 5116 λαοὶ
663 5063 885 5125 πάντες,
930 5079 948 5112 ι
989 5060 1078 5113 ἴνα
1107 5061 1258 5131 εἴπῃ,
1296 5061 1410 5123 Πᾶς
1439 5061 1468 5112 6
1507 5060 1691 5130 Ὶσραὴ

1880 5084 1944 5122 un
2003 5067 2096 5122 illa
2147 5065 2399 5135 patribus
2451 5063 2641 5116 divino
2694 5058 2970 5128 promisso
3022 5051 3225 5106 tradita
3283 5045 3404 5100 luit.

169 5155 193 5206 6
233 5160 338 5220 ταῖς
384 5157 476 5210 δύο
519 5155 822 5228 βασιλείαις
870 5153 1202 5226 προσήκωνο
1260 5151 1384 5205 ὅθεν
1436 5153 1684 5222 ἐπήγαγε

1885 5161 1950 5215 Et
1996 5161 2101 5215 erit
2148 5157 2411 5211 Dominus
2463 5153 2607 5208 Deus
2653 5152 2808 5207 vobis
2857 5150 2909 5203 in
2949 5142 3352 5201 testimonium.
3388 5156 3409 5188 ι

177 5266 192 5297 ι
230 5249 325 5302 Καὶ
377 5248 691 5322 προσεχέτω
736 5249 770 5318 ἡ
814 5247 888 5316 γῆ
930 5246 1024 5298 καὶ
1058 5248 1257 5306 πάντες
1302 5245 1353 5296 0i
1397 5246 1454 5298 ὲν
1486 5245 1656 5315 αὐτῇ’
1699 5262 1701 5295 ;

1891 5253 2106 5324 squitur
2137 5249 2296 5304 vobis
2333 5263 2430 5319 per
2465 5263 2567 5302 nos
2605 5244 2779 5307 Deus,
2819 5235 3199 5296 testimonium
3239 5230 3415 5299 quod-

172 5344 414 5397 τιυτέστιν
451 5345 485 5414 ἡ
541 5339 914 5415 Ἰσραηλιτικὴ
965 5338 1119 5410 χώρα
1175 5340 1355 5392 πᾶσιν
1396 5339 1493 5391 εἴτ’
1537 5335 1630 5391 οὖν
1677 5354 1696 5389 ο

1891 5364 1959 5401 nn
1994 5345 2160 5400 rebus
2193 5341 2400 5396 futuris
2429 5339 2608 5405 dans;
2643 5352 2710 5390 ex
2745 5351 2854 5403 quo
2893 5347 2992 5386 vos
3025 5343 3171 5398 saepe
3210 5326 3274 5378 ad
3318 5324 3415 5376 ιω.

173 5437 346 5510 ταύτην
381 5438 678 5502 οίκοῦντες,
714 5433 922 5491 ἄνωθεν
950 5435 1015 5485 ὲκ
1041 5433 1139 5503 τῆς
1171 5432 1307 5503 πρὸς
1332 5431 1459 5494 τοὺς
1485 5430 1696 5500 πατέρα

1892 5446 1991 5493 asta
2028 5437 2388 5495 adhortatus,
2429 5431 2635 5485 nullam
2672 5429 2725 5482 in
2761 5426 2959 5480 melius
3001 5417 3416 5474 conversionem

176 5509 473 5600 ἐπαγγελίας
517 5531 613 5584 τοῦ
668 5529 804 5582 Θεοῦ
850 5527 1141 5598 δεδομένης
1187 5526 1390 5588 αὐτοῖς.
1449 5524 1537 5595 (p.
1581 5523 1681 5576 261

1894 5530 2138 5601 :rspexit.
2179 5525 2362 5592 Quare
2402 5530 2630 5594 apparet
2671 5521 2823 5572 illum
2866 5514 3089 5587 quidem
3133 5509 3269 5563 nihil
3325 5520 3418 5556 ve-

181 5639 198 5672 ι
345 5597 489 5678 ἔσται
528 5623 733 5695 Κύριος
763 5623 791 5674 6
814 5619 946 5682 Θεὸς
977 5597 1035 5671 ἓν
1075 5619 1203 5686 ὑμῖν
1231 5619 1311 5680 εἰς
1353 5616 1670 5688 μαρτύριον.

1897 5639 1964 5677 rm
1993 5619 2252 5675 utilitatis
2282 5631 2452 5671 causa
2483 5630 2594 5669 non
2629 5611 2922 5671 molitum,
2957 5621 3054 5660 vos
3080 5616 3212 5657 vero
3248 5597 3421 5653 nihilo

179 5713 462 5783 Διαλέγεται
483 5715 571 5780 δὲ,
610 5713 796 5784 φησὶν,
825 5711 955 5782 ὑμῖν
979 5708 1046 5762 δι’
1077 5709 1234 5780 ἡμῶν
1259 5709 1288 5760 6
1315 5707 1466 5772 Θεὸς,
1491 5707 1699 5778 διαμαρ

1896 5711 2094 5767 eliores
2144 5708 2258 5763 ﬁeri
2303 5705 2574 5768 voluisse,
2622 5701 2715 5758 sed
2767 5701 2906 5753 mala
2952 5699 3006 5752 in
3039 5710 3138 5750 vos
3176 5699 3420 5746 tanturn-

168 5793 342 5881 ’ωρίαν
380 5812 499 5867 τινὰ
543 5808 675 5884 περὶ
711 5806 820 5862 τῶν
853 5803 1128 5877 ἐσομένων
1157 5801 1508 5873 ποιούμενος·
1544 5797 1692 5853 me

1891 5803 2005 5859 odo
2026 5815 2378 5874 provocasse.
2404 5819 2422 5852 ι
2449 5797 2717 5854 Dominus
2743 5795 2810 5851 de
2833 5794 2996 5849 domo
3025 5795 3214 5846 sancta
3243 5797 3345 5840 sua
3405 5802 3415 5832 ι
