3860 6508
514 302 623 359 ΞΠ
1719 312 2056 374 THEODORI

2162 321 2570 379 )PSUESTENI
3659 332 3748 390 3$8

516 419 893 476 Necessarium
917 423 1345 480 additamentum
1374 444 1393 479 ί
1420 437 1637 500 sancta;
1665 450 1682 482 ι
1709 450 1831 489 nam
1850 438 1973 507 quia
1995 454 2056 509 ge

2192 442 2447 505 πολλάκις
2477 444 2603 513 ὑμῖν
2632 443 2699 497 τὰ
2744 446 3092 515 προσήκοντα
3117 446 3435 516 διαλεχθεὶς,
3478 450 3599 504 ούδέ
3628 454 3744 522 μίαν

516 514 750 567 neratim
792 530 979 569 omnes
1013 517 1327 585 allaquitur,
1363 523 1564 577 multus
1589 532 1766 579 autem
1792 538 1910 582 erat
1941 544 2056 598 aput

2189 534 2489 606 μεταϐολὴν
2534 535 2855 607 δεξαμένους
2897 514 2989 590 ἐπὶ
3017 538 3076 590 τὸ
3109 514 3351 607 κρεῖττον
3383 536 3523 595 εἶδεν
3543 559 3558 572 ·
3689 546 3746 599 ἂν

513 606 703 661 decem
736 605 909 659 tribus
954 605 1222 661 idolorum
1269 613 1488 677 cultus,
1534 615 1695 683 cujus
1735 632 1901 674 causa
1942 620 2050 674 lani

2185 627 2425 694 φαίνοιτο
2453 628 2482 679 ὁ
2522 628 2619 697 μὲν
2663 605 2839 682 πάντα
2874 629 2942 682 τὰ
2976 628 3113 700 πρὸς
3144 605 3416 702 ῦμετέραν
3444 636 3745 703 πεποιηκὼς

512 699 677 749 etiam
714 699 1047 752 constructis
1070 740 1083 760 .
1117 701 1395 758 daemones
1428 705 1729 764 honoribus
1758 711 1959 767 divinis
1988 728 2053 767 co

2179 716 2445 787 ὠφέλειαν
2466 759 2480 783 ,
2524 719 2681 789 ὑμεῖς
2719 718 2774 771 δὲ
2806 719 2953 772 οὐδὲν
2983 699 3327 792 θελήσαντες-
3355 724 3567 778 ἑαυτῶν
3603 699 3744 792 γενέέ

512 787 703 841 lendos
748 791 1033 855 curabant,
1063 803 1209 849 recte
1256 797 1391 850 dixit
1422 816 1433 851 :
1474 800 1630 870 172
1661 822 1680 853 ι
1712 802 1970 860 Dominus
2014 808 2081 863 de

509 876 671 931 domo
693 887 884 934 sancta
913 896 1033 941 sua.
1061 902 1079 934 ι
1108 884 1489 943 demonstrans
1516 907 1575 943 se
1604 892 1671 945 ad
1704 908 1894 949 omnes
1924 911 2077 950 com-

507 968 748 1023 muniter
776 971 935 1026 verba
970 972 1178 1036 facere,
1211 977 1283 1030 ob
1314 978 1364 1031 id
1398 993 1426 1031 a
1464 979 1572 1035 Deo
1600 982 1803 1039 missus
1834 986 1925 1053 qui
1961 986 2077 1041 Hie

508 1061 799 1130 rosolymis
858 1064 1076 1118 domum
1139 1067 1300 1122 habet
1351 1087 1542 1137 suam,
1599 1090 1763 1143 quam
1822 1089 2070 1134 sanctam

503 1159 726 1218 propter
760 1151 979 1206 insitam
1016 1155 1065 1210 ei
1096 1156 1351 1212 virtutem
1386 1160 1594 1216 deﬁnit.
1646 1162 1842 1220 Postea
1892 1170 2069 1240 pergit

501 1245 714 1302 dicere:

2189 807 2309 860 σθαι
2344 807 2618 878 βελτίους,
2658 809 3083 887 ἐφελκυσάμενοι
3122 811 3179 865 δὲ
3221 813 3378 883 μόνον
3422 814 3509 882 ἐφ’
3534 817 3743 879 ἑαυτοὺς

2184 900 2250 953 τὰ
2280 900 2444 954 κακά.
2470 917 2488 950 ι
2522 899 2723 971 Κύριος
2752 900 2809 967 ἐξ
2834 901 2983 954 οἴκου
3007 903 3163 971 ἁγίου
3196 904 3379 957 αὐτοῦ.
3413 923 3431 956 ι
3462 905 3744 975 Ἀναγκαία

2182 989 2215 1058 ή
2257 989 2569 1061 προσθήκυιιο
2616 992 2800 1062 ἐπειδὴ
2842 993 2951 1064 γὰρ
2983 994 3119 1064 πρὸς
3159 996 3406 1060 ἅπαντας
3447 1002 3606 1068 κοινῇ
3638 1000 3743 1053 δια-

2180 1080 2433 1147 λέγεται,
2487 1082 2656 1152 πολλὴ
2698 1082 2754 1136 δέ
2802 1078 2869 1154 ἦν
2915 1086 2948 1155 ή
2984 1087 3112 1158 περὶ
3151 1089 3219 1139 τὰ
3259 1088 3454 1143 εἴδωλα
3480 1090 3591 1143 τῶν
3626 1091 3744 1145 δέκα

2180 1171 2362 1241 φυλῶν
2389 1173 2674 1244 Θεραπεία,
2706 1176 2791 1243 ἐφ’
2892 1177 2985 1229 καὶ
3014 1177 3195 1241 οἴκους
3224 1182 3741 1246 κατασκευάσαντες,

2179 1264 2254 1326 ὠς
2305 1263 2461 1327 θεοὺς
2507 1265 2594 1317 διὰ
2640 1266 2750 1319 τῶν
2805 1265 3036 1320 εἰδώλων
3078 1268 3401 1340 θεραπεύειν
3455 1274 3741 1343 ἐπειρῶντο

502 1338 627 1401 τοὺς
646 1339 920 1411 δαίμονας,
946 1344 1122 1409 καλῶς
1142 1348 1446 1419 προσέθηκε
1470 1351 1549 1410 τὸ.
1588 1372 1605 1403 ι
1633 1354 1835 1426 Κύριος
1871 1354 1931 1420 ἐξ
1952 1355 2101 1409 οἴκου
2137 1358 2291 1426 ἁγίου
2323 1356 2507 1411 αὐτοῦ’
2550 1379 2567 1411 ι
2597 1359 2769 1429 δηλῶν
2790 1361 2871 1414 ὅτι
2901 1364 3051 1433 κοινῇ
3104 1338 3239 1434 πρὸς
3292 1365 3541 1430 ἅπαντας
3585 1372 3738 1421 ποιεί-

500 1444 589 1482 ται
637 1434 762 1494 τοὺς
801 1432 1016 1501 λόγους,
1048 1437 1195 1507 παρὰ
1222 1438 1355 1492 Θεοῦ
1384 1440 1556 1495 ταῦτα
1584 1446 1755 1497 εἰπεῖν
1792 1446 2198 1516 ἀπεσταλμένος
2239 1447 2331 1500 τοῦ
2373 1449 2430 1501 ἐν
2462 1450 2813 1522 Ἰερουσαλὴμ
2858 1449 2949 1505 τὸν
2997 1432 3158 1505 ο¹ίκον⁷
3176 1452 3395 1524 ἔχοντος
3436 1456 3532 1508 τὸν
3582 1456 3735 1509 ἴδιον

498 1527 556 1578 ὃν
585 1529 676 1580 καὶ
710 1528 863 1596 ἅγιον
891 1531 977 1584 διὰ
1004 1533 1104 1603 τῆς
1130 1536 1406 1604 ἐνεργείας
1434 1540 1679 1612 ἀπέφηνε
1705 1544 1803 1613 τῆς
1827 1544 2052 1607 οἰκείας.
2099 1541 2230 1598 Εἶτα
2262 1546 2356 1598 καὶ
2390 1546 2733 1617 προστίθησι·

576 1614 741 1671 Vens.
778 1619 899 1675 5-5.
926 1650 994 1659 —
1018 1641 1037 1672 ι
1075 1624 1212 1688 Quia
1248 1640 1375 1682 ecce
1408 1628 1669 1687 Dominus
1699 1634 1972 1703 egreditur
2003 1636 2071 1691 de

498 1711 619 1764 loco
649 1727 751 1766 suo
782 1731 793 1767 :
829 1723 883 1767 et
915 1715 1214 1773 descendet
1262 1730 1427 1793 atque
1465 1728 1726 1784 ascendet
1775 1746 1943 1801 super
1975 1749 2072 1787 ex-

2246 1635 2395 1706 Στίχ.
2426 1636 2563 1703 γ’-ε’,
2591 1665 2663 1677 --
2692 1655 2710 1687 ι
2744 1636 2888 1690 Διότι
2929 1637 3036 1691 ἰδοῦ
3067 1637 3268 1709 Κύριος
3297 1640 3651 1708 ἐκπορεύεται
3682 1647 3740 1696 ἐκ

2174 1723 2266 1777 τοῦ
2315 1724 2479 1777 τόπου
2524 1726 2721 1779 αὐτοῦ’
2772 1729 2865 1781 καὶ
2894 1730 3262 1801 καταϐήσεται
3301 1732 3396 1784 καὶ
3435 1734 3738 1803 ἐπιϐήσεται

496 1801 641 1856 celsa
677 1810 855 1859 terras.
892 1806 956 1859 Et
976 1813 1465 1869 commovebuntur
1482 1832 1693 1876 montes
1717 1824 1900 1878 subter
1922 1841 2056 1879 eum.

2173 1814 2265 1868 ἐπὶ
2288 1816 2354 1868 τὰ
2385 1816 2491 1886 ύψη
2522 1818 2620 1886 τῆς
2649 1818 2753 1887 γῆς
2778 1834 2789 1846 '
2826 1820 2918 1873 xui.
2946 1821 3333 1893 σαλευθήσεται
3374 1826 3442 1878 τὰ
3483 1801 3596 1897 ὅρη
3616 1830 3737 1881 iam

492 1900 548 1946 et
582 1894 749 1949 valles
784 1895 1089 1965 liquescent
1121 1902 1263 1957 sicut
1291 1921 1416 1959 cera
1444 1923 1471 1961 a
1504 1908 1640 1964 facie
1674 1912 1836 1983 ignis,
1859 1923 1914 1968 et
1935 1916 2076 1973 sicut

494 2000 637 2054 aqua
673 2003 793 2055 quae
839 1990 1083 2045 decurrit
1128 1994 1182 2048 in
1228 2011 1485 2068 przcceps.
1522 2020 1541 2053 ι
1570 2001 1877 2061 Procedens
1923 2010 2069 2063 enim

493 2094 556 2131 ex
590 2079 717 2141 illo,
756 2082 963 2151 inquit,
1004 2094 1187 2141 monte
1226 2087 1369 2145 Deus
1394 2132 1407 2156 ,
1443 2092 1798 2151 habitationis
1840 2114 1953 2165 suzr
1988 2100 2071 2154 lo-

492 2184 619 2222 cum
660 2172 942 2240 ostendit,
991 2191 1225 2247 eumque
1258 2182 1528 2237 universae
1576 2185 1946 2241 lsraelitarum
1985 2204 2071 2244 re-

498 2262 647 2331 gioni
684 2266 957 2320 dominari
1005 2269 1175 2331 dicit,
1218 2288 1382 2340 quam
1434 2276 1695 2344 pr0pheta
1744 2280 2065 2350 alloquitur.

491 2351 850 2408 Conturbabit
873 2368 1052 2412 autem
1074 2377 1325 2430 proceres
1355 2366 1475 2435 ejus
1502 2385 1515 2435 ;
1550 2368 1649 2423 hos
1678 2370 1823 2424 enim
1855 2381 2069 2427 montes

490 2446 562 2498 ob
596 2462 749 2501 suam
781 2451 1132 2512 eminentiam
1169 2459 1442 2526 appellat;
1478 2476 1688 2515 necnon
1728 2472 1783 2517 et
1829 2464 2067 2534 reliquos

491 2552 683 2592 omnes
716 2557 729 2593 :
768 2556 892 2593 nam
926 2543 1095 2597 valles
1124 2547 1355 2602 classem
1394 2550 1674 2605 hominum
1715 2553 2065 2609 humiliorum

490 2631 754 2684 nominat.
787 2630 940 2687 Patet
970 2642 1160 2690 autem
1198 2638 1337 2691 haud
1371 2640 1591 2695 divisim
1632 2642 1813 2697 dicere
1853 2653 2066 2700 montes

489 2730 797 2777 commotos
826 2732 881 2777 et
912 2726 1235 2795 liquefactas
1268 2731 1434 2785 valles
1457 2771 1471 2794 ,
1506 2732 1599 2786 sed
1633 2731 1901 2791 Hebraico
1927 2737 2066 2791 idio-

488 2809 653 2864 tismo
698 2828 859 2881 quem
912 2830 1055 2885 saepe
1105 2817 1425 2886 docuimus,
1475 2838 1570 2891 per
1622 2822 1892 2880 diaeresin)
1931 2827 2066 2881 dicit

488 2915 810 2969 eonunune,
844 2905 990 2973 quod
1024 2923 1217 2979 nempe
1251 2925 1443 2965 omnes
1477 2928 1733 2982 proceres
1769 2917 2064 2987 reliquam-

486 3008 595 3059 que
626 2994 839 3062 plebem
885 2996 1069 3050 diviua
1111 2999 1189 3052 ira
1227 3003 1516 3070 corripiet,
1567 3019 1918 3062 commovens
1966 3008 2062 3063 de-

485 3091 816 3155 struensque
845 3103 983 3142 cene
1011 3104 1162 3144 more
1201 3092 1310 3161 igni
1351 3093 1623 3148 admotae:
1668 3098 2062 3168 pertrahetque

2178 1907 2417 1960 κάτωθεν
2456 1910 2646 1962 αὐτοῦ·
2692 1911 2784 1963 καὶ
2817 1914 2871 1964 αἱ
2905 1912 3148 1978 κοιλάδες
3187 1918 3520 1986 τακήσονται
3548 1919 3621 1981 ὡς
3648 1938 3736 1992 κη-

2178 1998 2269 2068 ρὸς
2314 1999 2420 2051 ἀπὸ
2478 2001 2770 2070 προσώπου
2813 2004 2983 2074 πυρὸς
3039 2007 3121 2075 (ρ.
3172 2006 3310 2076 262)
3360 2009 3452 2061 καὶ
3498 2010 3573 2073 ὼς
3606 2011 3735 2081 ὕδωρ

2176 2093 2615 2163 καταφερόμενον
2662 2095 2720 2145 ἐν
2765 2096 3079 2150 καταϐάσει.
3116 2118 3135 2149 ι
3184 2099 3399 2167 Προϊὼν
3425 2102 3535 2174 γὰρ
3563 2106 3628 2155 ἐκ
3652 2105 3734 2159 τοῦ

2172 2182 2329 2250 ὅρους
2381 2183 2624 2249 ἐκείνου,
2668 2187 2865 2257 φησὶν,
2926 2180 2953 2241 ὁ
3001 2188 3159 2254 Θεὸς,
3207 2191 3303 2260 τῆς
3346 2193 3614 2263 οἰκήσεως
3649 2196 3734 2265 τῆς

2170 2274 2373 2337 οἰκείας
2416 2276 2578 2329 τόπον
2610 2278 2927 2349 ἀπέφηνεν,
2964 2281 3179 2351 ἁπάσης
3211 2282 3311 2352 μὲν
3337 2290 3732 2357 κατακρατήσει

2171 2364 2268 2433 τῆς
2298 2366 2398 2435 γῆς
2422 2366 2517 2437 τῆς
2558 2366 2976 2439 Ἰσραηλιτικῆς,
3022 2368 3216 2437 λέγων,
3261 2372 3398 2442 πρὸς
3425 2374 3491 2443 ἦν
3529 2379 3556 2428 ό
3592 2376 3732 2443 λόγῳ

2170 2454 2348 2526 αὐτῷ,
2385 2458 2441 2508 ἐν
2483 2461 2692 2529 ταραχῇ
2725 2458 2781 2510 δὲ
2825 2461 2950 2523 τοὺς
2976 2462 3033 2512 ἐν
3060 2462 3194 2531 αύτῇ
3226 2466 3559 2534 καταστήσει
3585 2466 3732 2519 δυνα-

2168 2547 2321 2610 τοὺς,
2366 2547 2587 2612 τούτους
2620 2551 2727 2621 γὰρ
2755 2551 2853 2622 ὅρη
2896 2550 2984 2604 διὰ
3024 2552 3084 2605 τὸ
3132 2554 3396 2625 ὑπερέχον
3436 2557 3615 2621 καλεῖ,
3649 2560 3730 2611 καὶ

2166 2640 2291 2700 τοὺς
2318 2638 2536 2703 λοιποὺς
2559 2640 2616 2693 δέ
2658 2642 2901 2704 ἅπαντας
2919 2661 2932 2675 ο
2964 2644 3213 2708 κοιλάδας
3258 2647 3365 2716 γάρ
3396 2650 3523 2711 τοῦς
3547 2667 3729 2702 ταπει-

2167 2725 2419 2796 νοτέρους
2462 2729 2754 2799 ὀνομάζει,
2799 2731 2954 2802 δίκην
3007 2734 3175 2804 κηροῦ
3217 2736 3349 2806 πυρὶ
3391 2740 3727 2810 προσωμίλη-

2167 2816 2322 2880 κότος
2352 2819 2765 2875 καταναλίσκων
2794 2823 2988 2888 αὐτούς
3011 2843 3025 2856 ·
3052 2825 3212 2895 δήλου
3246 2845 3309 2896 γε
3336 2829 3488 2891 δντος
3520 2833 3602 2883 ὅτι
3637 2832 3725 2886 ούκ

2166 2908 2405 2973 ἐκείνους
2459 2911 2558 2982 μὲν
2618 2912 2937 2969 σαλεύεσθαι
3004 2914 3185 2985 λέγει,
3240 2918 3335 2982 τὰς
3387 2919 3639 2983 κοιλάδας
3675 2922 3721 2975 δὲ

2164 2999 2443 3070 τήκεσθαι,
2472 3001 2608 3054 ἀλλὰ
2631 3003 2770 3057 κατὰ
2802 3004 2863 3057 τὸ
2899 3005 3093 3077 ἰδίωμα
3112 3008 3172 3059 τὸ
3206 3009 3512 3081 Ἐϐραῖκὸν,
3546 3012 3574 3064 ὅ
3610 3012 3724 3064 πολι

2165 3088 2319 3155 λάκις
2346 3091 2736 3164 ἀπεδείξαμεν,
2770 3095 2911 3149 κατὰ
2943 3096 3203 3168 διαίρεσιν
3235 3098 3406 3169 λέγων
3428 3100 3490 3155 τὸ
3537 3106 3721 3165 κοινὸν,

490 3173 558 3225 ad
598 3190 812 3243 pinnam
849 3179 1021 3232 instar
1069 3195 1222 3250 aqua:
1267 3184 1610 3241 vehementis
1650 3187 1955 3257 impetuose
1990 3206 2055 3245 ex

2163 3186 2243 3238 ὅτι
2289 3183 2494 3247 πάντας
2532 3187 2626 3239 καὶ
2666 3187 2922 3252 δυνατοὺς
2957 3192 3048 3243 καὶ
3086 3191 3176 3245 τὸν
3222 3192 3401 3247 λοιπὸν
3440 3194 3610 3265 δῆμον
3634 3199 3722 3249 ἐπ·

489 3266 601 3321 allo
630 3268 695 3321 ad
727 3269 988 3325 inferiora
1018 3276 1248 3332 ruentis.
1284 3276 1486 3331 llorum
1522 3290 1705 3335 autem
1741 3298 1906 3339 causa
1932 3293 2054 3341 est:

492 3377 511 3409 ι
542 3357 773 3430 Propter
805 3365 985 3419 scelus
1016 3364 1187 3420 Jacoh
1218 3370 1331 3423 lliL‘C
1361 3373 1542 3425 omnia
1563 3412 1577 3435 ,
1610 3382 1664 3427 et
1696 3386 1916 3446 propter
1940 3395 2061 3449 pec-

483 3458 670 3504 catum
724 3453 918 3508 domus
971 3456 1204 3513 lsraelis.
1258 3480 1275 3511 ι
1312 3460 1431 3516 Mox
1487 3464 1680 3521 addit:
1718 3487 1735 3517 ι
1771 3468 2055 3533 Quodnam

485 3544 670 3598 scelus
697 3543 909 3600 Jacob?
940 3563 1121 3603 nonne
1157 3549 1449 3608 Samaria?
1502 3555 1564 3609 Et
1605 3560 1880 3627 quodnam
1929 3577 2053 3631 pec-

481 3643 666 3688 catum
699 3636 897 3692 domus
925 3637 1077 3693 Judae
1104 3641 1127 3693 ἲ
1162 3657 1341 3698 nonne
1374 3643 1711 3703 Hierusalem
1736 3650 1757 3703 ?
1786 3670 1806 3701 ι
1834 3649 2051 3705 Illorum

481 3726 700 3795 quidem
739 3730 1025 3785 manifesta
1061 3742 1177 3787 erat
1205 3735 1455 3806 impietas
1493 3740 1586 3809 qui
1623 3739 1884 3798 Samaria:
1917 3761 2054 3799 con-

479 3817 843 3886 gregabantur
879 3822 945 3875 ad
983 3823 1253 3879 idolorum
1291 3829 1539 3894 cultum,
1582 3833 1743 3900 cujus
1782 3838 2055 3906 praecipue

476 3923 645 3965 causa
685 3909 795 3965 illic
826 3913 1089 3970 aedificata
1133 3916 1255 3971 fana
1290 3919 1584 3979 habebant.
1623 3924 1729 3979 Sed
1764 3936 1818 3981 et
1846 3928 2041 3983 horum

478 3999 744 4069 iniquitas
777 4003 921 4058 haud
957 4007 1137 4063 minus
1167 4015 1491 4078 constabat,
1528 4017 1619 4086 qui
1655 4016 2048 4092 Hierosolymis

475 4093 733 4162 templum
773 4098 914 4164 apud
959 4114 1017 4153 se
1048 4098 1312 4157 habentes
1333 4142 1346 4167 ,
1386 4104 1488 4160 hoc
1523 4108 1780 4178 despecto
1800 4151 1813 4174 ,
1836 4112 1904 4166 ab
1936 4112 2049 4167 ido-

472 4181 646 4236 lorum
697 4186 845 4238 cultu
903 4203 1012 4241 non
1066 4189 1434 4248 abstinebant.
1484 4198 1688 4255 Deinde
1734 4205 2047 4270 punitiones

471 4286 797 4329 I‘JIUIIIEI‘EIDS
831 4293 843 4328 ἒ

2165 3276 2439 3331 ελεύσεται
2481 3280 2513 3348 ή
2546 3278 2681 3350 ὀργὴ
2716 3281 2748 3350 ή
2783 3279 2921 3348 θεία,
2958 3281 3256 3337 σαλεύουσά
3298 3301 3359 3337 τε
3406 3287 3603 3350 αὐτοὺς
3640 3290 3721 3342 καὶ

2165 3367 2501 3434 ἀφανίζουσα
2531 3368 2685 3439 δίκην
2722 3369 2891 3442 κηροῦ
2926 3372 3060 3442 πυρὶ
3091 3375 3597 3445 προσωμιληκότος·
3631 3396 3719 3431 κα·

2163 3462 2429 3515 τασπάσει
2460 3480 2515 3515 τε
2543 3464 2737 3525 αὐτοὺς
2772 3466 2850 3528 εἰς
2876 3466 3165 3535 τιμωρίαν,
3199 3467 3350 3539 δίκην
3380 3468 3569 3533 ὓδατος
3598 3488 3717 3538 σφο-

2163 3552 2291 3622 δροῦ
2342 3570 2399 3605 τε
2443 3554 2538 3605 καὶ
2589 3554 2845 3623 ῥαγδαίου
2904 3557 2961 3622 ἐξ
3009 3556 3176 3625 ὕψους
3208 3559 3299 3612 ἐπὶ
3347 3559 3415 3613 τά
3448 3561 3718 3632 κατώτερα

2154 3644 2474 3714 φερομένου.
2516 3645 2579 3698 Ἡ
2610 3644 2666 3698 δὲ
2696 3645 2900 3698 τούτων
2936 3648 3083 3700 αἰτία
3107 3689 3120 3711 ,
3159 3667 3177 3699 ι
3216 3650 3293 3702 Δι’
3324 3650 3582 3705 ἀσέϐειαν
3626 3654 3714 3704 Ἰα-

2153 3735 2266 3788 κὼϐ
2295 3736 2472 3788 πάντα
2500 3736 2705 3801 ταῦτα,
2736 3738 2829 3790 καὶ
2853 3739 2917 3791 δι’
2943 3739 3213 3810 ἁμαρτίαν
3238 3740 3384 3794 οἴκου
3423 3742 3658 3814 Ἰσραήλ.
3691 3762 3707 3793 ι

2153 3822 2289 3879 Εἶτα
2323 3826 2536 3895 ἐπάγει·
2573 3846 2590 3878 ι
2628 3828 2776 3898 Τίςή
2807 3830 3027 3883 ἀσέϐεια
3078 3830 3305 3897 Tus-36;
3336 3833 3432 3902 οὐχ
3463 3835 3495 3903 ή
3544 3835 3713 3904 Σαμάο

2157 3935 2308 3990 ρεια;
2341 3920 2435 3973 καὶ
2466 3919 2604 3991 τίςή
2637 3922 2883 3992 ἁμαρτία
2901 3922 3049 3976 οἴκου
3094 3922 3294 3988 Ἰούδας
3326 3926 3424 3996 οὐχ
3458 3928 3491 3997 ή
3531 3927 3709 3998 ’Ῑερουι-

2157 4010 2369 4082 σαλήμ;
2408 4030 2425 4063 ι
2469 4012 2722 4065 Ἐκείνων
2751 4030 2810 4065 τε
2847 4014 2951 4084 γὰρ
2976 4016 3007 4084 ή
3035 4015 3258 4069 ἀσέϐεια
3280 4017 3415 4088 δήλη
3445 4019 3505 4070 ἐν
3536 4020 3707 4087 Σαμα-

2159 4102 2279 4173 ρείᾳ
2302 4101 2705 4173 συλλεγομένων
2756 4105 2849 4156 ἐπ)⁸
2876 4108 2941 4175 τῇ
2992 4106 3100 4158 τῶν
3138 4107 3371 4161 εἰδώλων
3412 4108 3701 4182 θεραπείᾳ,

2154 4188 2213 4246 οὗ
2258 4193 2323 4264 δὴ
2374 4194 2605 4264 μάλιστα
2654 4196 2776 4258 τοὺς
2827 4197 2920 4249 ἐπὶ
2968 4197 3139 4268 τούτῳ
3189 4204 3704 4272 κατεσκευασμένους

2154 4286 2297 4356 εἶχον
2338 4284 2523 4350 ναούς’
2562 4288 2657 4339 καὶ
2698 4286 2898 4342 τούτων
2931 4289 3045 4359 δὲή
3088 4292 3403 4362 παρανομία
3429 4294 3525 4363 οὐχ
3553 4289 3702 4363 ἦττον

469 4360 622 4430 δήλη,
648 4365 694 4414 οἱ
728 4363 825 4435 τήν
860 4366 1213 4441 Ἰερουσαλὴμ
1246 4371 1457 4442 ἔχοντες
1486 4374 1542 4427 ἐν
1580 4376 1811 4444 ἑαυτοῖς,
1842 4380 2077 4453 (ρ.265)
2118 4383 2235 4437 οὐδὲ
2278 4381 2372 4433 τὸν
2422 4377 2545 4431 ναὸν
2586 4380 2959 4450 αἰσχυνόμενοι
2997 4382 3094 4451 τῆς
3137 4383 3243 4435 τῶν
3282 4360 3525 4438 εἰδώλων
3554 4360 3699 4439 άπεί-

467 4468 621 4520 χοντο
668 4452 987 4522 θεραπείας·
1037 4457 1155 4514 εἶτα
1213 4462 1311 4527 τὰς
1356 4467 1625 4537 τιμωρίας
1682 4470 2183 4545 ἀπαριθμούμενος’

545 4542 700 4612 173
728 4542 891 4599 Vsus.
919 4547 1032 4603 6-9.
1056 4580 1125 4591 —-
1162 4572 1180 4604 ι
1222 4553 1287 4606 Ει
1317 4570 1513 4625 ponam
1546 4556 1847 4615 Samariam
1884 4542 2041 4631 quasi

2214 4566 2364 4635 Στίχ,
2396 4572 2476 4630 ς’·
2505 4563 2568 4621 θ’.
2593 4594 2660 4604 -
2688 4585 2705 4616 ι
2740 4565 2850 4618 Καὶ
2873 4563 3107 4636 θήσομαι
3131 4568 3439 4638 Σαμάρειαν
3463 4572 3539 4633 είς
3565 4573 3697 4623 ὀπωο

469 4648 755 4701 pomorum
788 4640 1114 4706 custodiam,
1139 4649 1370 4716 etquasi
1399 4649 1788 4717 plantationem
1824 4671 1996 4710 Vinea:
2024 4676 2037 4710 :

468 4734 524 4778 et
548 4725 827 4781 detraham
861 4730 914 4784 in
958 4737 1271 4806 voraginem
1322 4740 1526 4810 lapides
1566 4743 1684 4812 ejus
1737 4754 1792 4800 et
1844 4745 2043 4801 funda-

469 4825 651 4871 menta
690 4820 811 4889 ejus
858 4825 1126 4881 revelabo.
1182 4848 1201 4881 ›
1244 4830 1589 4888 Coustituam
1637 4834 1937 4892 Samariam
1989 4839 2040 4892 in

467 4911 813 4969 solitudinem
834 4926 1062 4985 vastam,
1096 4923 1169 4975 ita
1206 4931 1265 4976 ut
1292 4928 1466 4994 campi
1521 4929 1695 4983 instar
1730 4930 1783 4984 in
1806 4946 1868 4985 ea
1899 4933 2043 5002 agri-

465 5003 696 5071 coletnr,
726 5015 780 5061 et
803 5012 1016 5079 tuguria
1043 5012 1116 5067 ibi
1141 5014 1267 5070 [iant
1293 5018 1362 5072 oh
1384 5034 1666 5088 pomorum
1693 5024 1996 5079 custodiam
2027 5045 2039 5081 :

465 5095 668 5149 etenim
713 5113 813 5167 ego
844 5100 1070 5157 aediﬁcia
1101 5103 1220 5173 ejus
1250 5110 1432 5163 omnia
1466 5110 1744 5166 destruam
1779 5130 1809 5168 a
1844 5115 2044 5169 funda-

465 5187 662 5241 mentis
686 5201 965 5257 evertens,
1000 5208 1064 5247 ex
1096 5211 1204 5264 quo
1226 5198 1315 5251 illa
1346 5201 1528 5255 omnia
1558 5212 1873 5273 sequentur.
1905 5224 1923 5256 ι
1976 5207 2040 5260 Et

465 5278 647 5331 omnia
688 5282 959 5352 sculptilia
1008 5285 1128 5353 ejus
1175 5291 1554 5348 concidentur.
1618 5314 1636 5347 ι
1672 5296 1827 5350 Tunc
1874 5299 2035 5353 etiam

469 5381 729 5423 vanorum
760 5374 1101 5443 opificiorum
1121 5393 1345 5433 suorum
1366 5384 1639 5438 excidium
1670 5396 1916 5446 cernent.
1942 5389 2039 5443 dc-

467 5457 574 5511 leta
611 5461 817 5518 scilicet
838 5476 1062 5522 cernent
1116 5470 1183 5522 ab
1218 5472 1467 5531 hostibus
1496 5478 2039 5547 quaelabricaverant

469 5548 633 5605 idola.
669 5571 685 5603 ι
714 5554 777 5608 Ει
817 5572 1004 5614 omnes
1057 5564 1333 5621 mercedes
1358 5568 1475 5636 ejus
1547 5568 1669 5639 igne
1724 5572 2043 5628 comburen-

466 5648 575 5695 tur.
621 5662 639 5694 ι
678 5644 944 5702 Exuretur
978 5652 1099 5721 igne
1128 5664 1356 5714 ornatus
1400 5660 1575 5715 omnis
1610 5660 1768 5717 idolis
1804 5665 2038 5720 circum-

390 5726 391 5729 “
470 5734 679 5801 positus
714 5748 874 5811 atque
928 5746 1161 5813 templis.
1202 5764 1359 5820 quem
1407 5750 1478 5804 illi
1527 5754 1678 5823 quasi
1733 5757 2032 5813 mercedem

2148 4656 2472 4726 ροφυλάκιον
2501 4657 2693 4728 ἀγροῦ,
2739 4659 2828 4709 καὶ
2868 4658 2947 4719 είς
2983 4658 3205 4726 φυτείαν
3238 4661 3581 4729 ἀμπελῶνος·
3614 4662 3695 4713 καὶ

2145 4752 2479 4805 κατασπάσω
2506 4754 2583 4815 είς
2635 4753 2764 4823 χάος
2796 4753 2922 4816 τοὺς
2963 4753 3143 4818 λίθους
3182 4756 3371 4827 αὐτῆς,
3405 4757 3499 4809 καὶ
3528 4756 3589 4809 τά
3618 4755 3697 4807 Gs-

2148 4844 2308 4914 μέλια
2333 4843 2501 4913 αὐτῆς
2527 4844 2883 4914 ἀποκαλύψω.
2916 4864 2934 4897 ι
2960 4847 3303 4917 Καταστήσω
3325 4848 3379 4900 δὲ
3406 4849 3695 4917 Σαμάρειαν

2100 4959 2105 4964 ’
2146 4936 2223 4997 εἰς
2245 4934 2524 5004 ἐρήμωσιν
2554 4932 2774 5002 πολλὴν,
2798 4933 2937 4987 ὥστε
2959 4935 3142 5005 χώρας
3162 4935 3317 5006 δίκην
3334 4936 3693 5009 γεωργεῖσθαι,

2147 5026 2350 5095 σκηνάς
2396 5042 2455 5076 τε
2482 5026 2568 5076 ἐπ’
2603 5025 2774 5094 αὐτῆς
2821 5025 2988 5079 θεῖναι
3037 5029 3129 5080 ἐπὶ
3176 5028 3389 5100 φυλακῇ
3429 5030 3536 5082 τῶν
3570 5047 3694 5098 καρ-

2145 5115 2299 5169 πῶν*
2333 5116 2546 5184 ἀφανιῶ
2594 5117 2702 5188 γὰρ
2748 5118 2915 5189 αὐτῆς
2962 5118 3058 5182 τὰς
3103 5120 3390 5190 οἰκοδομὰς
3438 5120 3693 5183 παντελῶς

2143 5209 2207 5259 ἐκ
2259 5206 2474 5278 βάθρων
2521 5210 2690 5273 αὐτὰς
2745 5198 3097 5273 ἀντισπάσας⁹
3145 5212 3234 5280 ἀφ’
3269 5208 3328 5266 οὗ
3376 5214 3439 5284 δὴ
3495 5215 3690 5273 πάντως

2140 5299 2329 5368 ἕψεται
2377 5302 2623 5355 κάκεῖνα.
2662 5319 2679 5352 ι
2714 5303 2825 5355 Καὶ
2872 5304 3045 5356 πάντα
3073 5304 3140 5358 τὰ
3174 5305 3386 5373 γλυπτὰ
3416 5307 3574 5376 αὐτῆς
3600 5321 3691 5356 και

2140 5391 2452 5461 τακόψουσι.
2493 5413 2511 5444 ι
2544 5394 2675 5447 Τότε
2710 5394 2775 5465 δή
2821 5396 2915 5449 καὶ
2947 5395 3055 5448 τῶν
3090 5398 3336 5467 ματαίων
3382 5398 3552 5451 πόνων
3574 5397 3691 5448 ἐαυα

2141 5480 2249 5532 τῶν
2294 5480 2511 5550 ὄψονται
2557 5482 2654 5551 τὴν
2689 5483 2983 5547 ἀπώλειαν,
3020 5484 3420 5557 καθαιρούμενα
3454 5486 3549 5539 ὑπὸ
3587 5484 3691 5536 τῶν

2144 5572 2415 5642 πολεμίων
2463 5573 2696 5645 ὁρῶντες
2748 5572 2782 5627 δι
2836 5576 3243 5629 κατεσκεύασαν
3291 5577 3496 5632 εἴδωλα.
3532 5595 3549 5626 ι
3586 5574 3690 5627 Καὶ

2142 5663 2320 5716 πάντα
2346 5663 2413 5717 τὰ
2446 5663 2769 5735 μισθώματα
2801 5667 2972 5734 αύτῆς
3000 5668 3374 5738 ἐμπρήσουσιν
3401 5669 3457 5720 ὲν
3486 5664 3623 5733 πυρί.
3665 5682 3684 5714 ι

2151 5749 2331 5808 Πάντα
2358 5754 2447 5809 τὸν
2478 5757 2675 5829 κόσμον
2715 5758 2805 5810 τὸν
2836 5760 3212 5830 περικείμενον
3245 5762 3355 5823 τοῖς
3381 5776 3436 5812 τε
3470 5754 3686 5823 εἰδώλοις
