3954 6510
187 341 296 399 559

1227 345 1780 406 COMMENTARIUS
1816 350 1888 405 IN
1927 351 2236 410 ΜΙΟΗΑΞΑΞ
2274 301 2440 409 (ΞΑΡὶ
2466 355 2541 418 Ιο,

3354 356 3458 410 350

196 461 293 514 καὶ
337 461 450 522 τοῖς
479 460 624 523 ναοῖς
669 457 989 528 ἀφανιοῦσιν
1035 459 1094 514 ὲν
1129 465 1282 534 πυρὶ,
1327 463 1385 516 ὃν
1433 464 1622 536 ὥσπερ
1656 467 1776 520 τινὰ

1909 471 2170 539 λιιαηιάιιηι
2215 471 2555 527 daemonibus
2614 469 3016 540 persolvebant.
3069 488 3088 522 ι
3143 466 3206 523 Et
3275 472 3459 524 omnia

202 549 395 621 μισθὸν
421 549 633 603 ἐτέλουν
665 551 778 612 τοῖς
818 548 1056 619 δαίμοσι.
1087 569 1106 602 ‹
1141 553 1250 604 Καὶ
1274 553 1449 608 πάντα
1473 556 1542 609 τὰ
1583 557 1778 610 εἴδωλα

199 643 376 712 αὐτῆς
403 642 640 712 θήσομαι
672 643 753 703 είς
778 641 1083 712 ἀφανισμόν
1107 656 1120 670 ⁸
1152 642 1286 696 διότι
1315 647 1379 697 ὲκ
1410 647 1779 717 μισθωμάτων

199 734 411 804 πόρνης
439 735 732 802 συνήγαγε,
785 732 880 784 καὶ
914 735 976 785 ὲκ
1013 732 1381 804 μισθωμάτων
1423 736 1628 808 πόρνης
1659 755 1781 790 συν-

196 823 456 894 έστρεψε.
491 841 510 873 ι
534 823 774 893 Πορνικῇ
803 822 921 894 γὰρ,
941 822 1274 894 χρησάμενοι
1295 823 1509 896 γνώμῃ.
1533 828 1627 880 καὶ
1648 828 1782 882 ἀπο-

199 916 431 978 στάντες
459 915 557 984 μὲν
587 913 744 984 ἐμοῦ,
793 913 1079 976 νεύσαντες
1107 913 1163 966 δὲ
1189 914 1323 985 πρὸς
1345 915 1416 968 τά
1443 915 1656 979 εἴδωλα,
1696 935 1782 986 μισ

199 1006 468 1076 σθώματά
495 1022 616 1058 τινα
636 1005 736 1075 τῆς
763 1005 970 1057 ἑαυτῶν
981 1003 1320 1075 ἀθροίζοντες
1333 1006 1607 1078 πορνείας,
1626 1025 1785 1079 προσ-

200 1099 402 1169 έφερον
431 1099 609 1150 ἐκεῖνα
641 1099 707 1168 τῇ
751 1095 859 1150 τῶν
893 1095 1124 1149 εἰδώλων
1145 1095 1432 1168 θεραπείᾳ,
1462 1096 1497 1150 ἃ
1518 1097 1580 1168 δὴ
1607 1099 1785 1152 πάντα

200 1189 352 1241 κατά
396 1188 590 1241 ταυτὸν
639 1188 874 1256 ἀφανιῶ.
911 1208 929 1237 ι
952 1187 1178 1240 Ἕνεκεν
1221 1187 1410 1241 τούτου
1437 1188 1657 1258 κόψεται
1689 1191 1785 1243 καὶ

202 1279 492 1349 θρηνήσει,
509 1278 829 1348 πορεύσεται
847 1277 1170 1341 ἀνυπόδετος
1183 1279 1276 1332 καὶ
1296 1281 1502 1350 γυμνή.
1525 1299 1544 1332 ι
1567 1283 1640 1350 (p.
1657 1281 1784 1351 9.64)

215 1372 306 1423 Ἐν
338 1370 554 1442 θρήνοις
591 1371 743 1423 ἔσται
772 1372 867 1423 καὶ
906 1373 1159 1434 κοπετοῖς
1203 1372 1552 1444 αἰχμαλωσίᾳ
1601 1391 1756 1446 παρα

199 1462 422 1515 δοθεῖσα
458 1462 721 1533 μεγίστῃ⁸
750 1461 908 1514 τοῦτο
947 1461 1053 1534 γὰρ
1100 1462 1246 1531 λέγει
1286 1463 1365 1530 τό,
1407 1484 1424 1515 ι
1473 1468 1653 1536 γυμνὴ
1693 1469 1788 1520 καὶ

203 1553 554 1617 ἀνυπόδετος,
599 1572 620 1603 ›
656 1554 740 1606 ὅτι
792 1553 964 1617 οὕτως
997 1554 1344 1624 αἰχμάλωτος
1387 1557 1786 1628 ἀπαχθήσεται,

206 1647 413 1709 παντὸς
468 1645 828 1718 ἀφαιρεθεῖσα
881 1644 974 1725 τοῦ
1023 1646 1315 1717 προσόντος
1368 1649 1506 1720 αὐτῇ
1559 1651 1786 1720 κόσμου.

211 1758 234 1788 ι
272 1739 568 1807 Ποιήσεται
603 1737 829 1790 κοπετὸν
879 1737 953 1800 ὼς
989 1737 1320 1808 δρακόντων,
1354 1741 1449 1793 καὶ
1494 1742 1687 1804 πένθος
1715 1743 1789 1806 ὡς

1879 563 2022 616 idola
2051 563 2170 632 ejus
2203 578 2402 634 ponam
2429 565 2483 617 in
2535 562 2915 633 perditionem,
2969 561 3098 633 quia
3140 578 3203 618 ex
3247 576 3458 616 merce-

1881 651 2042 708 dibus
2069 652 2371 708 meretricis
2393 653 2759 722 congregavit,
2789 659 2846 706 et
2875 667 2941 706 ex
2972 650 3318 706 mercedibus
3342 664 3458 704 me-

1883 744 2098 798 retricis
2132 744 2418 798 convertit.
2453 762 2469 794 D
2503 741 2805 796 Meretricia
2829 749 3008 796 mente
3038 755 3069 794 a
3093 756 3178 795 me
3198 738 3459 795 receden-

1883 845 1986 900 tes,
2016 845 2068 888 et
2097 833 2163 888 ad
2206 835 2347 888 idola
2400 833 2742 899 accedentes,
2793 833 3071 887 mercedes
3095 831 3359 902 quasdam
3391 844 3460 885 ex

1884 927 2128 996 ipsorum
2157 931 2546 980 coacervantes
2575 921 2958 988 fornicatione,
2989 922 3258 977 idolorum
3288 921 3462 976 cultui

1884 1013 2184 1070 offerebant
2217 1030 2230 1066 :
2257 1028 2376 1083 qua:
2399 1027 2498 1082 ego
2519 1012 2700 1066 omnia
2723 1010 2884 1065 simul
2915 1009 3246 1079 disperdam.
3275 1028 3293 1062 ι
3327 1008 3464 1064 Pro-

1887 1115 2006 1178 pter
2045 1105 2148 1159 boc
2187 1104 2402 1174 planget
2442 1111 2496 1158 et
2536 1102 2938 1168 lamentabitur,
2983 1100 3082 1154 ibit
3132 1101 3464 1158 discalceata

1885 1207 1939 1253 et
1969 1196 2133 1251 nuda.
2175 1213 2193 1247 ι
2249 1193 2306 1248 lu
2339 1194 2590 1248 lamentis
2639 1195 2744 1248 erit
2779 1201 2832 1248 et
2863 1192 3103 1246 luctibus
3155 1193 3463 1263 captivitati

1887 1290 2135 1358 maxima:
2157 1285 2382 1354 tradita;
2409 1285 2458 1339 id
2481 1286 2624 1340 enim
2653 1284 2962 1355 signiﬁcant
2993 1283 3158 1338 verba
3190 1301 3209 1334 ι
3247 1283 3389 1337 nuda
3411 1292 3468 1339 et

1887 1381 2250 1444 discalceata;
2294 1397 2311 1428 ι
2355 1392 2549 1446 nempe
2588 1375 2733 1446 quod
2771 1375 2873 1430 boc
2913 1373 3074 1429 modo
3113 1375 3324 1445 captiva
3375 1374 3468 1428 ab-

1887 1473 2137 1536 ducetur,
2189 1469 2338 1524 omni
2388 1484 2487 1522 suo
2535 1477 2855 1522 ornamento
2906 1467 3159 1537 spoliata.
3212 1485 3231 1517 ‹
3285 1463 3471 1520 Faciet

1889 1565 2164 1634 planctum
2191 1559 2688 1631 quasidraconum,
2727 1566 2780 1613 et
2814 1559 3021 1612 luctum
3045 1557 3204 1627 quasi
3237 1557 3470 1612 ﬁliarum

1890 1654 2214 1708 sirenarum.
2264 1669 2285 1700 ι
2322 1647 2492 1704 Verba
2520 1648 2676 1718 quasi
2707 1649 3002 1701 draconum
3031 1654 3086 1701 et
3137 1645 3468 1708 sirenarum,

1891 1744 1970 1798 ait
2000 1741 2301 1799 secundum
2361 1738 2748 1794 nonnullorum
2787 1737 3029 1803 fabulas;
3075 1735 3256 1790 dicere
3289 1735 3476 1789 volens

205 1830 531 1900 θυγατέρων
581 1831 884 1899 σειρήνων’
937 1829 1019 1882 ὅτι
1062 1829 1472 1900 κατεκράτησεν
1518 1834 1550 1900 ἡ
1607 1833 1788 1904 πληγὴ

1909 1835 2011 1888 ῗοτε
2062 1840 2121 1885 ιιι
2157 1831 2247 1884 illa
2278 1845 2398 1901 qua:
2444 1829 2498 1882 in
2529 1828 2729 1884 fabulis
2768 1827 2908 1896 apud
2947 1826 3472 1894 multosjaetantur,

206 1922 414 1990 αὐτῆς·
450 1920 580 1973 διότι
611 1915 776 1990 ⁴ἦλθεν
798 1919 902 1982 ἓως
948 1917 1138 1982 Ἰούδα,
1162 1920 1254 1972 καὶ
1283 1920 1458 1990 ἥψατο
1481 1921 1585 1984 ἕως
1618 1921 1790 1992 πύλης

205 2010 343 2064 λαοῦ
377 2027 480 2080 μου
511 2009 616 2073 ἓως
651 2010 1022 2080 Ἰερουσαλήμ.
1053 2029 1071 2060 ›
1104 2009 1176 2062 Τὸ
1212 2029 1229 2062 ι
1266 2011 1339 2072 ὼς
1360 2011 1666 2082 δρακόντων
1697 2015 1790 2068 καὶ

208 2101 480 2170 σειρήνων
511 2120 530 2152 ι
556 2100 702 2168 λέγει
720 2101 860 2152 κατὰ
885 2100 944 2152 τὸ
961 2099 1424 2171 μυθολογούμενον
1443 2103 1574 2175 παρ’
1596 2097 1785 2167 ἐνίοις·

209 2191 371 2244 τοῦτο
423 2191 747 2262 βουλόμενος
780 2193 974 2255 εἰπεῖν,
1012 2191 1091 2244 ὅτι
1133 2193 1316 2244 ἐκεῖνα
1345 2191 1408 2264 δὴ
1439 2196 1508 2247 τὰ
1544 2196 1602 2246 ὲν
1641 2194 1796 2268 μύθῳ

1897 1926 1998 1996 ipsi
2023 1939 2080 1980 re
2104 1939 2230 1978 vera
2266 1922 2595 1986 sustineant,
2622 1919 2748 1974 dum
2770 1934 2870 1988 ego
2904 1932 3120 1986 gravem
3160 1917 3226 1970 iis
3259 1931 3474 1985 poenam

1896 2015 2192 2085 imponam,
2225 2027 2345 2082 qua:
2377 2025 2406 2064 a
2435 2009 2683 2063 Samaria
2720 2008 3010 2076 incipiens,
3033 2003 3097 2057 ad
3132 2002 3324 2058 Judam
3354 2018 3478 2073 per-

1897 2105 2096 2169 veniet,
2121 2111 2176 2159 et
2211 2103 2386 2173 ipsam
2428 2101 2657 2170 attinget
2689 2098 3064 2163 Hierusalem;
3123 2095 3378 2165 quoniam
3423 2103 3481 2149 et

1904 2198 2046 2252 banc
2077 2207 2353 2266 postremo
2388 2193 2672 2264 Babylonii
2700 2199 2983 2260 ceperunt.

207 2285 366 2356 παρά
392 2285 502 2337 τῶν
534 2282 743 2336 πολλῶν
781 2281 1070 2353 λεγόμενα,
1108 2283 1195 2338 ἐπ’
1226 2285 1404 2338 αὐτῶν
1431 2287 1760 2356 ὑπομενοῦσι
1792 2290 1899 2344 τῶν
1936 2290 2133 2360 ἔργων,
2156 2288 2234 2358 τῷ
2265 2287 2486 2357 βαρεῖαν
2514 2285 2698 2347 αὐτοῖς
2728 2282 3028 2354 ἐπαχθῆναι
3059 2281 3188 2352 παρ’
3219 2279 3353 2350 ἐμοῦ
3381 2280 3480 2352 τὴν

207 2375 450 2446 πληγὴν.
487 2375 608 2444 ἥτις
639 2373 745 2427 ἀπὸ
781 2373 882 2442 τῆς
918 2373 1230 2444 Σαμαρείας
1269 2375 1553 2447 ἀρξαμένη
1582 2378 1674 2430 ἐπὶ
1709 2378 1799 2431 τὸν
1836 2378 2038 2432 Ἰούδαν
2083 2377 2464 2449 μετελεύσεται
2505 2373 2784 2444 ἁπτομένη
2831 2372 2926 2425 καὶ
2958 2371 3057 2441 τῆς
3099 2367 3477 2440 Ίερουσαλήμυ

210 2469 336 2524 ἐπεὶ
358 2467 616 2535 κάκείνην
644 2464 868 2536 ὕστερον
896 2459 1038 2519 εἷλον
1066 2465 1414 2521 Βαϐυλώνιοι.

282 2562 438 2631 Στίχ.
484 2566 639 2628 ι’-ιγ’.
671 2589 741 2598 -
778 2579 795 2610 ι
835 2561 898 2612 Οἱ
931 2562 988 2613 ὲν
1020 2559 1146 2624 Γὲθ,
1173 2559 1248 2632 μὴ
1284 2560 1672 2632 μεγαλύνεσθε,
1709 2563 1804 2617 καὶ

210 2657 263 2710 οἱ
286 2658 346 2708 ἐν
372 2655 590 2724 Ἀκεὶμ,
614 2653 688 2723 μὴ
714 2651 1111 2722 ἀνοικοδομεῖτε
1141 2651 1201 2716 ἐξ
1215 2653 1363 2706 οἴκου
1390 2654 1796 2722 καταγέλωτα.»

227 2746 355 2799 Ἐπὶ
384 2746 512 2808 τοὺς
562 2745 872 2815 περιοίκους
902 2744 1009 2797 τῶν
1039 2745 1207 2798 ὲθνῶν
1253 2746 1445 2816 τρέπει
1483 2747 1576 2798 τὸν
1605 2746 1762 2815 λόγον
1787 2764 1801 2781 ·

217 2840 350 2905 περὶ
376 2831 453 2892 ὧν
480 2838 576 2890 καὶ
595 2838 624 2889 ό
657 2836 925 2907 μακάριος
967 2835 1148 2906 Ἀμὼς
1172 2836 1297 2907 ἔφη,
1325 2837 1401 2900 ὡς
1426 2839 1496 2892 τά
1521 2829 1664 2892 αὑτά
1690 2845 1805 2902 τοῖς

231 2931 599 3001 Ἰσραηλίταις
655 2929 993 2998 πεισομένων
1038 2929 1143 2982 ὑπὸ
1186 2928 1294 2982 τῶν
1352 2929 1652 3000 Ἀσσυρίων
1698 2932 1800 2983 κά-

219 3024 444 3074 κείνων·
469 3023 531 3076 Οί
563 3021 762 3083 τοίνυν,
789 3019 974 3090 φησὶν,
1004 3022 1060 3072 ἐν
1085 3020 1318 3083 ἐκείναις
1344 3021 1461 3082 ταῖς
1487 3021 1695 3084 πόλεσι,
1727 3021 1802 3090 μὴ

222 3113 440 3184 μεγάλα
473 3114 743 3181 φρονεῖτε,
767 3111 866 3174 τὰς
891 3109 1096 3162 τούτων
1120 3110 1352 3180 ὁρῶντες
1375 3112 1679 3181 συμφορὰς,
1705 3127 1805 3180 μη-

221 3205 277 3257 δὲ
312 3203 485 3273 πολὴν
525 3203 614 3256 ἐπ’
647 3203 828 3264 αὐτοῖς
881 3201 1123 3272 ἐγείρετε
1156 3201 1390 3269 γέλωτα.
1425 3221 1443 3253 ι
1487 3203 1594 3271 Γῆν
1631 3219 1803 3255 κατα-
1833 3178 1875 3236 (δ

224 3297 507 3351 σπάσασθε
533 3299 612 3358 είς
638 3295 1011 3363 καταγέλωτα.
1045 3314 1062 3346 ι
1109 3293 1401 3365 ’Δρμόττον
1428 3294 1535 3364 γὰρ
1560 3295 1688 3364 ὑμῖν
1715 3311 1808 3346 κα-

220 3389 608 3443 τασπάσασθαι
640 3387 806 3452 κόνιν,
840 3388 896 3457 (p
943 3386 1069 3456 265)
1111 3387 1248 3458 ὑπὲρ
1279 3379 1353 3438 ὧν
1377 3386 1584 3456 ἑτέροις
1619 3384 1805 3437 ἔσεσθε

221 3481 420 3551 γέλως.
463 3481 587 3543 Πῶς
640 3480 734 3532 καὶ
788 3479 909 3532 τίνα
961 3478 1052 3531 τὸν
1097 3479 1336 3549 τρόπον;
1379 3496 1397 3528 ι
1435 3475 1810 3545 Κατοικούσης

223 3570 432 3633 καλῶς,
478 3568 689 3622 καθελῶ
720 3569 820 3630 τὰς
862 3567 1042 3630 πόλεις
1083 3567 1271 3636 αὐτῆς.
1307 3584 1326 3617 ι
1365 3566 1552 3628 Ὅπως
1595 3566 1704 3635 γάρ
1740 3565 1806 3618 ἂν

223 3662 491 3732 νομίσητε
521 3656 581 3714 εὖ
609 3659 706 3723 τὰς
739 3659 920 3722 πόλεις
945 3661 1113 3712 οἰκεῖν
1139 3658 1238 3721 τὰς
1284 3658 1421 3721 ίδίας
1444 3657 1518 3721 ὼς
1551 3659 1608 3710 έν
1635 3659 1811 3727 ἀσφα-

222 3753 311 3805 λεῖ
333 3751 698 3814 καθεστῶτες,
723 3748 918 3819 ὄψεσθε
940 3747 1129 3801 πασῶν
1153 3747 1250 3818 τὴν
1282 3747 1623 3818 καθαίρεσιν.
1652 3767 1670 3798 ι
1700 3747 1812 3800 Οὐκ

223 3844 425 3913 ἐξῆλθε
482 3841 810 3896 κατοικοῦσα
851 3842 1017 3894 Αίνάν
1061 3839 1320 3910 κόψεοθαι
1351 3833 1498 3892 οἷκον
1557 3838 1812 3909 ἐχόμενον

223 3938 425 4004 αὐτῇς.
473 3955 491 3988 ι
543 3935 702 3988 Ἀλλά
746 3933 1008 3994 κάκεῖνοι,
1041 3933 1225 4000 φησὶν,
1256 3931 1490 4001 ὁρῶντες
1540 3931 1602 3982 ὲκ
1632 3930 1814 3998 γειτό-

225 4046 340 4082 νων
386 4028 548 4090 ὂντας
579 4026 706 4090 τοὺς
746 4023 1102 4097 Ἰσραηλίτας,
1136 4024 1232 4074 καὶ
1277 4021 1539 4083 τοιούτοις
1585 4035 1814 4090 περιπε-

228 4120 528 4184 πτωκότας
563 4123 777 4184 κακοῖς,
804 4119 905 4170 οὐκ
929 4116 1302 4186 ἐϐουλήθησαν
1331 4114 1686 4186 προελθόντες
1707 4111 1816 4164 τῶν

229 4212 405 4270 ἰδίων,
444 4209 767 4280 κοινωνῆσαι
810 4207 902 4260 τοῦ
948 4205 1176 4270 πένθους
1221 4207 1428 4271 αὐτοῖς,
1463 4204 1714 4275 ἡδόμενοι
1761 4201 1818 4254 δὲ

229 4305 333 4355 ἐπὶ
367 4305 488 4364 ταῖς
541 4302 844 4372 συμφοραῖς
883 4296 1062 4352 αὐτῶν
1109 4296 1377 4350 διετέλουν
1437 4297 1704 4349 κάκεῖνοι.
1754 4293 1819 4347 Τί

226 4392 363 4456 οῦν;
417 4413 435 4446 ι
471 4390 720 4464 Λήψεσθε
771 4391 831 4456 ἐξ
879 4388 1033 4458 ὑμῶν
1086 4388 1299 4458 πληγὴν
1355 4385 1566 4455 ὀδύνης.
1615 4405 1633 4437 ι
1680 4385 1818 4438 Ἀλλ’

229 4485 432 4555 ἐπειδὴ
460 4487 571 4546 τοῖς
599 4481 898 4552 ἀλλοτρίοις
925 4480 985 4533 ού
1012 4478 1382 4549 συνηλγήσατε
1415 4480 1625 4540 κακοῖς,
1657 4477 1816 4529 αὐτοὶ

229 4575 453 4646 πληγὴν
476 4574 738 4645 ὀδυνηρὰν
764 4571 1068 4642 δεξάμενοι,
1094 4569 1248 4646 δίκην
1278 4568 1474 4620 δώσετε
1496 4569 1593 4638 τῆς
1619 4566 1822 4637 μοχθη-

232 4672 344 4740 ρᾶς
368 4667 590 4737 γνώμης
620 4665 854 4734 ἐκείνης,
887 4662 1010 4716 καθ’
1041 4663 1107 4732 ἣν
1148 4663 1261 4724 τοῖς
1291 4660 1592 4731 ἀλλοτρίοις
1630 4659 1822 4730 ἐφήδε-

233 4760 338 4814 σθε
367 4761 574 4820 κακοῖς.
618 4775 636 4808 ι
676 4757 770 4818 Τίς
803 4753 1005 4825 ήρξατο
1031 4755 1107 4815 εἰς
1137 4750 1314 4820 ἀγαθά
1345 4750 1668 4821 κατοικούσῃ
1703 4748 1820 4800 ὀδύ-

229 4868 374 4916 νας;
413 4870 433 4902 ι
465 4851 572 4902 Καὶ
617 4848 726 4918 γὰρ
757 4847 877 4900 οὐδὲ
905 4841 1016 4898 οἷόν
1046 4862 1103 4898 τε
1136 4843 1340 4912 ἀγαθοῦ
1387 4860 1530 4906 τινος
1570 4842 1816 4911 μετέχειν

229 4946 368 5006 τοὺς
399 4947 456 4996 ἐν
483 4940 695 5003 ὀδύναις
725 4939 1046 5001 οἰκοῦντας,
1089 4937 1176 4990 διὰ
1215 4935 1276 4988 τὸ
1309 4933 1534 5005 μέγεθος
1579 4933 1684 4986 τῶν
1717 4934 1816 4986 ἐπ-

233 5035 569 5107 ενεχθέντων
620 5033 802 5095 αὐτοῖς
857 5029 1066 5084 κακῶν.
1115 5025 1246 5082 Εἶτα
1299 5030 1376 5091 εἰς
1423 5027 1695 5093 ἀπόδειξιν
1725 5025 1819 5080 τοῦ

232 5129 505 5204 ῥηθέντος
532 5144 548 5159 ο
590 5146 608 5177 ι
653 5126 775 5178 Ὅτι
827 5123 1032 5192 κατέϐη
1085 5121 1228 5175 καικά
1271 5121 1420 5192 παρὰ
1470 5107 1674 5191 Κυρίου
1730 5119 1824 5171 ἐπὶ

235 5223 444 5285 πύλαις
489 5217 866 5291 Ἰερουσαλὴμ,
910 5215 1082 5286 ψόφος
1126 5212 1385 5283 ἁρμάτων
1423 5213 1518 5265 καὶ
1563 5211 1820 5263 ἱππευόν-

1976 2558 2135 2630 174
2166 2557 2332 2613 Vens.
2368 2556 2548 2612 10—13.
2578 2584 2648 2596 —
2686 2574 2705 2606 ι
2751 2551 2854 2619 Qui
2888 2552 2941 2606 in
2966 2550 3127 2612 Getb,
3161 2549 3329 2602 nolite
3363 2562 3482 2599 ma-

1901 2652 2189 2723 gniticari;
2228 2658 2282 2704 et
2339 2649 2432 2718 qui
2469 2649 2524 2702 in
2567 2646 2748 2710 Acim,
2811 2643 2982 2698 nolite
3032 2638 3364 2695 reaadiﬁeare
3415 2651 3484 2690 ex

1899 2746 2144 2801 domoin
2200 2743 2395 2797 risum.
2452 2759 2472 2792 ›
2519 2737 2809 2792 Finitimos
2860 2733 3090 2804 populos
3123 2730 3208 2784 bie
3250 2727 3481 2797 respicit

1901 2851 2103 2899 sermo,
2135 2841 2203 2889 de
2245 2832 2446 2902 quibus
2494 2830 2657 2884 etiam
2705 2827 2898 2880 beatus
2937 2826 3103 2878 Oseas
3127 2819 3332 2881 aiebat,
3360 2816 3477 2870 fore

1907 2942 1966 2987 ut
1994 2932 2143 3002 paria
2175 2927 2434 2985 Israelitis
2465 2926 2499 2996 ii
2525 2937 2743 2994 quoque
2771 2921 2840 2975 ab
2864 2915 3103 2988 Assyriis
3146 2921 3484 2984 paterentur.

1907 3024 2182 3091 Quiergo,
2213 3019 2404 3089 inquit,
2435 3017 2488 3070 in
2531 3015 2758 3068 urbibus
2798 3011 2908 3065 illis
2933 3005 3250 3063 versamini.
3285 3018 3352 3056 ne
3393 3015 3488 3053 su—

1910 3115 2171 3186 perbiatis
2197 3114 2325 3167 dum
2361 3107 2727 3164 lsraelitarum
2773 3113 3049 3157 mrumnas
3074 3094 3355 3166 spectatis,
3389 3108 3488 3144 nc-

1907 3224 2014 3277 que
2048 3207 2217 3259 altum
2247 3202 2575 3256 cachinnum
2605 3194 2879 3266 superbis
2922 3188 3216 3246 extollatis.
3259 3203 3278 3236 ι
3319 3182 3487 3237 Terra

1914 3296 2189 3366 aspergite
2229 3293 2558 3348 derisionem
2607 3296 2864 3342 vestram.
2902 3303 2922 3336 ι
2964 3281 3275 3348 Congruum
3336 3275 3489 3328 vobis

1908 3388 2180 3457 aspergite
2227 3384 2532 3454 pulverem,
2567 3378 2693 3448 quia
2727 3375 2943 3431 caeteris
2986 3370 3117 3425 risui
3153 3367 3328 3422 eritis.
3354 3366 3487 3428 Cur,

1912 3488 2006 3532 aut
2033 3473 2342 3548 quomodo?
2371 3493 2388 3524 ι
2427 3471 2712 3526 l)estruam
2746 3465 2998 3520 civitates
3025 3462 3166 3530 ejus.
3195 3475 3314 3527 qua:
3353 3459 3492 3510 bene

1911 3546 2142 3626 habitat.
2185 3586 2202 3618 ι
2242 3565 2345 3631 Qui
2376 3565 2512 3618 bene
2537 3558 2763 3615 creditis
2789 3555 3043 3610 civitates
3074 3559 3287 3605 vestras
3335 3546 3493 3601 habi-

1912 3675 2046 3726 tare,
2096 3660 2255 3731 quasi
2285 3667 2403 3712 tuto
2428 3655 2482 3709 in
2514 3654 2634 3707 loco
2676 3647 2983 3708 constituti,
3020 3644 3212 3698 barum
3245 3640 3490 3694 omnium

1911 3753 2338 3809 destructionem
2395 3743 2669 3801 videbitis.
2721 3760 2739 3792 ι
2776 3739 2892 3794 Non
2933 3746 3018 3793 est
3062 3752 3281 3806 egressa
3341 3733 3496 3787 babi-

1915 3849 2080 3902 tatrix
2118 3843 2336 3904 Euan,
2377 3839 2662 3907 deplorare
2701 3833 2921 3887 domum
2964 3829 3265 3898 proximam
3303 3826 3426 3879 sibi.
3471 3843 3488 3874 ι

1915 3933 1996 3987 llli
2053 3931 2270 4002 quidem
2319 3927 2561 3982 videntes
2616 3923 2951 3993 propinquos
3002 3933 3134 3972 suos
3186 3915 3491 3974 lsraelitas,

1916 4023 2081 4078 tantis
2131 4019 2290 4075 malis
2339 4030 2587 4079 mersos,
2636 4013 2720 4068 bis
2775 4010 3111 4082 gratulantes
3156 4006 3492 4076 perstabant.

1917 4115 2055 4182 Quid
2083 4111 2245 4181 ergo?
2276 4128 2293 4160 ι
2333 4105 2626 4176 Accipietis
2656 4119 2721 4157 ex
2763 4102 2918 4156 vobis
2967 4100 3174 4169 plagam
3200 4095 3426 4148 doioris.
3470 4112 3490 4143 ι

1919 4207 2024 4262 Sed
2043 4204 2168 4276 quia
2193 4201 2386 4256 alienis
2412 4213 2520 4251 non
2550 4192 2912 4250 condoluistis
2936 4189 3115 4251 malis,
3139 4188 3241 4256 ipsi
3279 4200 3497 4254 quoque

1917 4275 2169 4354 acerbam
2212 4291 2546 4362 accipientes
2569 4287 2802 4356 plagam,
2836 4295 3026 4352 ptenas
3061 4279 3322 4348 improba:
3353 4275 3500 4329 illius

1920 4387 2120 4442 mentis
2146 4384 2370 4447 dabitis,
2403 4395 2510 4450 qua
2532 4377 2726 4432 alienis
2741 4373 2912 4444 gavisi
2941 4371 3074 4426 estis
3112 4369 3286 4422 malis.
3318 4385 3336 4417 ι
3367 4366 3501 4431 Quis

1925 4476 2085 4532 faciet
2135 4476 2404 4530 bonorum
2447 4469 2685 4532 initium,
2713 4467 2759 4518 si
2791 4463 2996 4518 habitet
3033 4463 3087 4515 in
3116 4457 3438 4514 doloribus?
3474 4475 3493 4506 ι

1925 4567 2177 4621 Profecto
2225 4563 2336 4616 ﬁeri
2375 4559 2581 4629 nequit,
2635 4564 2694 4610 ut
2744 4555 2780 4609 ii
2817 4554 3000 4622 aliquo
3042 4551 3186 4604 bono
3221 4548 3496 4610 fruantur,

1922 4660 2016 4730 qui
2052 4659 2106 4711 in
2140 4653 2421 4710 doloribus
2448 4658 2756 4708 versantur,
2789 4644 3140 4700 incumbente
3163 4641 3297 4710 ipsis
3327 4639 3502 4692 malo-

1923 4768 2043 4806 rum
2078 4750 2238 4804 mole.
2272 4745 2394 4799 Mox
2429 4743 2574 4798 dicta
2617 4740 2951 4794 conﬁrmans
2983 4751 2997 4787 :
3033 4753 3050 4785 ι
3088 4734 3226 4800 Quia
3269 4733 3499 4786 descen-

1921 4844 2116 4898 derunt
2144 4838 2282 4891 mala
2316 4849 2345 4887 a
2374 4832 2601 4886 Domino
2662 4830 2714 4883 in
2746 4835 2931 4898 portas
2979 4821 3343 4885 Hierusalem,
3369 4825 3504 4872 stre—

1925 4938 2079 5007 pitus
2096 4945 2355 4986 curruum
2382 4935 2430 4981 et
2457 4925 2756 4994 equitatus.
2797 4941 2816 4974 ι
2841 4920 3038 4982 Tanta,
3059 4913 3261 4986 inquit,
3289 4913 3500 4982 ingruet

1928 5003 1982 5081 in
2010 5038 2199 5079 omnes
2235 5021 2316 5074 ira
2349 5017 2461 5079 Dei,
2501 5024 2558 5069 ut
2606 5030 2674 5069 ne
2698 5007 3092 5080 Hierosolymis
3125 5003 3344 5074 quidem
3378 5015 3504 5072 par-

1928 5117 2159 5174 cendum
2192 5114 2284 5180 sit,
2311 5111 2564 5167 curribus
2592 5116 2645 5163 et
2694 5107 2940 5176 equitatu
2969 5111 3025 5158 et
3060 5101 3208 5158 omni
3237 5097 3418 5152 hostili
3452 5096 3501 5148 vi

1929 5209 2190 5266 obsessis.

227 5339 369 5376 των.
406 5278 701 5384 ’.Τοσαύτη
727 5278 859 5384 γάρ,
886 5278 1070 5382 φησὶν,
1100 5278 1420 5372 έπῖπάντας
1455 5307 1607 5361 ἔσται
1645 5311 1678 5380 ή
1719 5308 1854 5379 ὀργὴ
1895 5306 1986 5360 τοῦ
2024 5302 2180 5368 Θεοῦ,
2215 5301 2354 5354 ὥστε
2396 5295 2528 5368 μηδὲ
2574 5295 2674 5366 τῆς
2714 5288 3066 5361 Ἰερουσαλὴμ
3104 5287 3226 5340 τότε
3255 5278 3510 5351 γενέσθαι

233 5413 415 5484 φειδὼ
443 5409 823 5479 κυκλουμένης
854 5406 958 5460 ὑπό
978 5423 1039 5458 τε
1073 5401 1333 5476 ἁρμάτων
1364 5403 1457 5456 καὶ
1491 5403 1672 5455 ἵππων
1698 5403 1793 5455 καὶ
1826 5401 2003 5470 πάσης
2035 5397 2133 5466 τῆς
2159 5392 2421 5463 πολεμίας
2447 5391 2648 5460 χειρός.

318 5509 466 5576 Στίχ.
491 5511 676 5574 ιγ’-ιε’.
693 5531 762 5542 -—
785 5502 860 5572 (p.
878 5501 1005 5570 266)
1037 5490 1172 5554 Εἶτα
1201 5497 1533 5568 ἀποστρέφει
1558 5497 1646 5549 τὸν
1669 5495 1826 5564 λόγον

239 5602 344 5658 ἐπὶ
371 5600 470 5670 τὴν
500 5598 702 5667 Λάχεις
729 5594 881 5647 πόλιν
909 5588 1070 5646 οὖσαν
1099 5591 1197 5660 τῆς
1237 5589 1407 5642 Ἰούδα
1431 5586 1706 5656 βασιλείας
1734 5587 1828 5639 καὶ

239 5689 462 5746 πολλῶν
516 5685 869 5759 παρανομιῶν
927 5681 1150 5754 μεστὴν,
1204 5680 1296 5732 καί
1343 5693 1536 5748 φησιν*
1568 5695 1584 5726 ι
1626 5678 1824 5728 K110:-

243 5785 428 5842 κοῦσα
457 5783 682 5854 Λάχεις,
711 5777 949 5850 ἀρχηγὸς
988 5773 1262 5846 ἁμαρτίας
1292 5770 1432 5838 αῦτη
1474 5769 1587 5822 ἐστὶ
1632 5770 1703 5838 τῇ
1735 5766 1827 5820 θυ-

2005 5492 2170 5546 Vnns.
2197 5487 2382 5543 15-15.
2424 5514 2493 5525 -—
2524 5483 2716 5538 Postea
2770 5490 3074 5534 sermonem
3127 5469 3398 5527 convertit
3434 5467 3504 5522 ad

1933 5587 2132 5640 Lachis
2163 5584 2350 5637 urbem
2391 5577 2540 5649 regni
2570 5574 2746 5637 Judze,
2775 5578 3124 5642 peccatorum
3154 5563 3510 5619 multitudine

1933 5675 2348 5737 redundantem,
2391 5671 2610 5739 aitque:
2641 5685 2658 5717 ι
2697 5665 2828 5731 Quae
2859 5661 3070 5716 habitas
3103 5656 3317 5716 Lachis,
3356 5653 3511 5722 prin-

1933 5782 2060 5838 ceps
2092 5765 2294 5837 peccati
2329 5765 2441 5818 haec
2463 5769 2546 5816 est
2571 5758 2693 5812 ﬁlim
2729 5755 2939 5819 Sionis;
2961 5751 3089 5823 quia
3125 5749 3179 5804 in
3205 5757 3259 5803 te
3281 5745 3510 5800 inventa
