3954 6560
525 333 623 391 35!
1711 339 2059 397 TliEODORI
2097 341 2579 402 MOPSUESTENI
3661 361 3752 416 552

530 455 658 502 sunt
683 446 891 502 scelera
924 446 1161 504 lsraelis.
1201 469 1220 500 ι
1246 448 1394 506 Scito
1430 460 1484 508 et
1517 461 1596 517 tu,
1626 456 1832 526 inquit,
1855 473 1976 527 quae
1999 458 2096 512 tibi

2208 461 2363 531 γατρὶ
2421 461 2591 514 Σιών·
2620 463 2701 516 ὅτι
2731 463 2787 514 ἐν
2839 463 2920 515 σοὶ
2967 462 3268 536 εὑρέθησαν
3305 468 3360 520 αἰ
3407 469 3750 529 ἀσέϐειαιτοῦ

534 539 691 610 175
718 538 968 595 evenient
1014 541 1189 606 mala,
1235 558 1358 613 quae
1393 546 1607 601 malitiae
1645 549 1752 602 dux
1777 550 1929 605 fuisti
1979 549 2099 604 urbi

529 630 866 687 Hierusalem
914 633 1084 703 (nam
1146 633 1310 689 filiam
1350 635 1530 693 Sionis
1592 641 1733 695 hanc
1793 642 2095 714 nominat),

530 723 664 774 nihil
693 723 946 778 dilTerens
973 739 1002 777 a
1029 725 1273 781 Samaria
1322 731 1517 786 mentis
1565 739 1670 786 tuae
1723 713 2098 804 perversitate.

535 833 555 864 σ
601 813 890 884 Propterea
935 818 1092 873 dabis
1138 821 1456 876 emissarios
1496 839 1661 893 super
1731 826 2100 882 haereditatem

508 904 687 964 'Geth.
722 907 914 962 (Ιοιηυε
943 925 1108 965 vanas
1157 930 1170 965 ἒ
1231 914 1425 969 domus
1480 932 1740 972 vanorum
1777 919 1831 972 ill
1874 934 2100 972 vacuum

532 997 685 1051 factm
714 1008 841 1052 sunt
875 1001 1094 1070 regibus
1134 1002 1370 1060 lsraelis.
1409 1025 1426 1058 ›
1461 1006 1758 1076 Eapropter
1798 1019 1852 1062 tu
1885 1026 2103 1081 quoque

531 1089 900 1157 captivitatem
951 1097 1230 1160 sustines;
1283 1113 1406 1150 nam
1447 1117 1464 1149 ι
1519 1099 1673 1154 dabis
1726 1103 2040 1158 emissarios
2079 1124 2096 1156 ι

532 1179 661 1232 dicit
688 1196 803 1250 pro,
842 1181 1001 1236 Mittis
1031 1187 1083 1238 in
1115 1187 1504 1255 captivitatem,
1542 1189 1616 1242 tui
1648 1206 1813 1244 causa
1838 1193 1988 1261 paria
2020 1193 2104 1246 in-

531 1270 667 1321 colis
722 1268 857 1324 Geth
903 1288 1152 1340 passura,
1211 1277 1424 1332 cunctis
1484 1295 1604 1348 qua:
1656 1280 1721 1332 ad
1773 1282 2102 1351 impietatem

530 1361 773 1413 strinisti
822 1362 1064 1419 aedificiis
1101 1367 1194 1418 tibi
1226 1369 1582 1434 pereuntibus
1606 1387 1620 1434 ;
1646 1373 2101 1439 quemadmodum

532 1451 672 1519 apud
708 1453 1004 1508 Samariam
1030 1473 1243 1527 quoque
1264 1460 1470 1530 dejecta
1494 1472 1622 1516 sunt
1655 1463 1777 1518 fana
1809 1466 2099 1523 idolorum.

536 1561 554 1591 ι
604 1543 783 1614 Usque
817 1547 882 1599 ad
906 1548 1145 1603 hmredes
1174 1560 1296 1605 tuos
1325 1560 1376 1606 te
1405 1554 1692 1610 adducam.
1735 1576 1754 1608 ι
1793 1557 1918 1613 llaec
1953 1567 2106 1628 pate-

530 1635 626 1698 ris,
657 1653 740 1692 me
768 1639 863 1692 tibi
901 1641 1084 1696 hostes
1123 1645 1446 1710 adducente,
1492 1649 1583 1717 qui
1619 1649 1694 1702 tui
1734 1659 1892 1705 erunt
1932 1653 2104 1708 luere-

529 1727 644 1783 des.
701 1747 719 1780 ι
763 1731 893 1796 Quae
939 1733 1149 1789 habitas
1202 1735 1415 1805 Lachis,
1485 1741 1772 1797 hereditas
1814 1761 1987 1813 usque
2036 1747 2100 1799 ad

2218 550 2451 624 Ἰσραήλ.
2495 572 2514 606 ι
2551 553 2688 606 ’Ἰσθι
2720 554 2783 624 δὴ
2831 555 2924 607 καὶ
2955 557 3040 618 σὺ,
3078 557 3234 626 φησὶ,
3273 557 3340 611 τὰ
3387 561 3754 634 συμϐησόμενα

2206 661 2287 696 σοι
2336 645 2569 716 man
2616 647 2682 717 τῇ
2731 647 3081 718 Ἰερουσαλὴμ
3139 648 3436 720 (θυγατέρα
3481 652 3588 724 γὰρ
3631 657 3752 712 Σιὼν

2203 735 2406 806 ταύτην
2438 737 2715 807 ὀνομάζει)
2764 739 2985 809 ήγεμὼν
3028 736 3170 810 ἦσθα
3205 740 3314 794 τῶν
3361 744 3567 807 κακῶν,
3619 750 3751 802 οὐδὲν

2203 826 2592 880 διαλλάττουσα
2623 828 2732 882 τῶν
2764 830 2890 901 περὶ
2917 830 3014 901 τὴν
3057 833 3370 903 Σαμάρειαν
3402 838 3465 905 τῇ
3493 837 3593 905 τῆς
3639 841 3751 893 ἀσε-

2206 918 2354 982 ϐεἰας
2385 918 2597 991 γνώμῃ.
2640 937 2660 972 ι
2690 919 2788 973 Διὰ
2817 920 2975 974 τοῦτο
2998 921 3186 985 δώσεις
3219 923 3752 998 ἐξαποστελλομένους

2203 1010 2308 1073 ἕως
2331 1010 2695 1082 κληρονομίας
2711 1011 2833 1079 Γέθ,
2859 1013 3041 1077 οἴκους
3060 1015 3318 1084 ματαίους
3334 1035 3349 1049 ·
3371 1013 3508 1071 οἴκοι
3535 1024 3754 1090 ματαίων

2205 1104 2284 1166 εἰς
2312 1103 2466 1155 κενὸν
2502 1104 2748 1171 ἐγένοντο
2777 1107 2889 1168 τοῖς
2913 1105 3221 1175 βασιλεῦσιν
3261 1109 3496 1181 Ἰσραήλ,
3539 1132 3558 1162 ›
3603 1114 3754 1184 ’Υπὲρ

2203 1193 2267 1264 δὴ
2300 1193 2502 1248 τούτων
2523 1195 2621 1265 τὴν
2645 1195 2818 1266 αὐτὴν
2846 1197 3224 1265 αἰχμαλωσίαν
3254 1200 3542 1270 ὑπομένεις
3564 1204 3653 1256 καὶ
3681 1205 3751 1258 σύο

2204 1284 2264 1336 τὸ
2296 1285 2402 1354 γὰρ
2432 1302 2448 1334 ι
2481 1283 2670 1347 δώσεις
2697 1283 3272 1357 ἐξαποστελλομένους,
3307 1307 3324 1338 ι
3343 1289 3490 1357 λέγει
3517 1292 3634 1345 ἀντὶ
3655 1294 3752 1359 τοῦ,

2217 1375 2587 1438 Ἀποστέλλεις
2619 1378 2699 1440 εἰς
2745 1377 3138 1446 αἰχμαλωσίαν,
3176 1378 3236 1442 ἐξ
3278 1381 3476 1451 ἑαυτῆς
3519 1382 3586 1436 τά
3635 1385 3754 1438 αὐτὰ

2208 1468 2306 1538 μὲν
2343 1468 2640 1538 πεισομένη
2673 1472 2784 1531 τοῖς
2813 1470 2909 1539 τὴν
2931 1469 2967 1520 Γ
2971 1469 3028 1524 ἐθ
3064 1471 3325 1534 οἰκοῦσιν,
3359 1474 3577 1526 πάντων
3599 1475 3651 1528 δέ
3687 1495 3755 1531 σοι

2204 1557 2313 1610 τῶν
2346 1557 2431 1609 ἐπ’
2459 1557 2683 1628 ἀσεϐείᾳ
2716 1560 3236 1629 κατεσκευασμένων
3270 1561 3433 1614 οἴκων
3474 1563 3756 1634 διαφθειρο-

2209 1649 2412 1718 μένων·
2443 1649 2609 1720 ὂνπερ
2635 1649 2698 1720 δὴ
2727 1651 2927 1719 τρόπον
2958 1652 3049 1703 καὶ
3081 1654 3129 1704 οἰ
3159 1654 3300 1706 κατὰ
3331 1655 3427 1726 τὴν
3465 1656 3755 1726 Σαμάρειαν

2205 1737 2570 1810 διεφθάρησαν
2614 1733 2751 1792 οἴκοι
2781 1739 2887 1793 τῶν
2939 1740 3192 1795 εἰδώλων.
3240 1761 3258 1793 ι
3306 1743 3451 1806 Ἕως
3496 1746 3621 1808 τοὺς
3644 1745 3756 1816 κλη-

529 1821 776 1875 Odollam
839 1824 1250 1898 veniet,gloria
1304 1833 1423 1886 lilia:
1468 1831 1668 1889 Sionis.
1710 1855 1727 1886 ι
1782 1836 1844 1891 lli
1907 1837 2102 1896 Lachis

2208 1832 2467 1902 ρονόμους
2513 1832 2706 1900 ἀγάγω
2743 1849 2856 1886 σου.
2897 1852 2915 1881 ι
2961 1832 3287 1903 ’Υπομένεις
3323 1834 3388 1904 δὴ
3423 1835 3598 1888 ταῦτα
3641 1838 3754 1906 ἐμοῦ

528 1913 702 1982 ipsam
747 1919 1026 1988 tenebunt,
1075 1931 1128 1975 et
1184 1941 1356 1994 usque
1400 1927 1466 1980 ad
1516 1926 1761 1983 Odollam
1809 1934 2103 1989 extendent

530 2005 901 2064 haereditatem
933 2027 1108 2074 suam.
1141 2016 1192 2070 id
1228 2025 1312 2071 est
1365 2026 1535 2072 totam
1585 2022 1934 2090 occupabunt
1972 2040 2099 2094 pro-

530 2098 751 2152 missam
784 2105 1075 2171 regionem.
1107 2107 1167 2160 [ἐι
1187 2122 1351 2177 super
1380 2109 1516 2175 hmo,
1553 2112 1641 2165 illa
1673 2114 1832 2168 etiam
1858 2115 2099 2185 gloriosa

531 2198 752 2260 propter
781 2195 1054 2250 conditum
1079 2199 1132 2252 in
1172 2215 1234 2254 ea
1269 2203 1548 2272 templum,
1578 2205 1822 2275 capietur
1846 2206 2105 2262 Hierusa-

531 2285 657 2337 lem.

2202 1924 2329 1986 τοὺς
2359 1922 2650 1993 πολεμίους
2679 1925 2920 1992 ἄγοντος,
2957 1923 3006 1976 οἳ
3043 1926 3151 1978 τῶν
3183 1925 3288 1977 σῶν
3319 1927 3541 1993 ἀγαθῶν
3569 1927 3756 1981 ἔσονται

2205 2016 2546 2087 κληρονόμοι.
2587 2035 2604 2066 ι
2654 2018 2994 2070 Κατοικοῦσα
3042 2017 3263 2088 Λάχεις,
3306 2019 3638 2089 κληρονομία
3671 2021 3758 2085 ἕως

2218 2108 2478 2178 Ὀδολλὰμ
2498 2107 2638 2177 ἥξει,
2664 2108 2790 2174 δόξα
2816 2110 2915 2179 τῆς
2945 2107 3213 2178 θυγατρὸς
3239 2109 3394 2164 Σιών.
3432 2129 3450 2162 ι
3481 2110 3548 2163 Οἳ
3575 2113 3662 2164 καὶ
3677 2113 3757 2182 τὴν

2203 2201 2403 2271 Λάχεις
2438 2204 2749 2273 κτήσονται,
2784 2202 2878 2254 καὶ
2908 2200 3066 2271 ἄχρις
3105 2200 3368 2272 Ὀδολλὰμ
3396 2202 3498 2272 τὴν
3529 2202 3758 2273 κληρονο-

2216 2295 2344 2365 μίαν
2377 2294 2656 2348 ἐκτενοῦσι
2704 2293 2803 2365 τὴν
2849 2295 3086 2348 οἰκείανο
3124 2292 3208 2347 ἴνα
3250 2295 3398 2367 εἴπῃ,
3424 2295 3611 2349 Πᾶσαν
3652 2297 3760 2348 me-

531 2378 706 2445 έξουσι
747 2382 845 2454 τὴν
893 2385 998 2455 γῆν
1041 2385 1140 2456 τῆς
1181 2387 1542 2456 ἐπαγγελίαςο
1576 2389 1650 2460 (p.
1687 2389 1814 2461 267)
1862 2390 1995 2460 πρὸς
2036 2384 2117 2454 οἷς
2165 2388 2258 2441 καὶ
2303 2389 2336 2458 ή
2378 2387 2622 2454 ἐπίδοξος
2662 2383 2798 2440 εἶναι
2842 2385 3074 2440 δοκοῦσα
3115 2385 3204 2439 διὰ
3241 2385 3332 2438 τὸν
3365 2387 3423 2438 ἐν
3470 2388 3608 2458 αὐτῇ
3653 2389 3758 2441 ναὸν

529 2475 865 2549 ληφθήσεται
899 2481 930 2550 ή
970 2481 1035 2534 Ἰε
1045 2482 1346 2554 ρουσαλήμ.

598 2573 854 2628 Nonnulli
897 2576 1169 2642 dixerunt,
1208 2579 1320 2634 haec
1361 2582 1501 2651 loqui
1547 2583 1861 2652 prophetam
1914 2592 2102 2638 contra

529 2663 746 2729 Lachis,
785 2668 911 2736 quia
941 2683 1116 2737 regem
1147 2670 1446 2726 Amessiam
1486 2673 1761 2728 occiderat
1795 2692 1806 2728 :
1841 2688 1965 2728 nam
1998 2675 2102 2744 pri-

2272 2575 2428 2638 Τινὲς
2456 2574 2512 2627 δὲ
2543 2573 2749 2643 ἔφασαν
2772 2573 2908 2644 πρὸς
2935 2573 3033 2644 τὴν
3063 2574 3262 2644 Λάχεις
3291 2573 3468 2643 λέγειν
3489 2574 3659 2628 ταῦτα
3681 2574 3757 2626 τὸν

2204 2665 2511 2736 προφήτην,
2539 2663 2614 2726 ὡς
2639 2663 2728 2716 τὸν
2771 2663 3062 2734 Ἀμεσσίαν
3086 2663 3379 2716 ἀνελοῦσαν
3402 2665 3492 2716 τὸν
3524 2663 3755 2733 βασιλέα·

530 2771 619 2810 mo
645 2756 912 2825 ejusmodi
957 2760 1008 2812 in
1041 2761 1128 2814 illa
1169 2762 1304 2818 urbe
1334 2762 1546 2818 facinus
1592 2764 1693 2819 fuit
1724 2767 1926 2836 proprii
1959 2767 2102 2832 regis

2208 2756 2390 2826 ἐπειδὴ
2415 2755 2570 2809 τοῦτο
2600 2755 2814 2827 πρῶτον
2845 2754 3113 2826 ἐτολμήθη
3145 2758 3276 2827 παρ’
3300 2758 3482 2819 αὐτοῖς
3505 2757 3567 2809 τὸ
3587 2758 3759 2809 οἰκεῖον

529 2848 844 2917 occidendi;
883 2867 1006 2904 cum
1049 2854 1189 2922 apud
1241 2855 1426 2909 decem
1485 2857 1723 2911 tribuum
1776 2874 1998 2928 regnum
2050 2860 2105 2914 id

531 2957 674 3010 saepe
709 2942 821 3011 jam
863 2945 1172 3000 accidisset.
1215 2948 1374 3016 Atqui
1417 2948 1521 3003 hoc
1567 2957 1739 3003 totum
1791 2951 2099 3006 fabulosum

529 3032 838 3103 falsumque
863 3036 1045 3091 videre
1081 3046 1196 3100 est,
1229 3038 1298 3090 ab
1336 3039 1404 3095 iis
1447 3041 1808 3110 excogitatqu
1840 3042 1934 3112 qui
1977 3059 2105 3112 pro-

529 3125 744 3195 phetica
786 3128 950 3181 verba
985 3143 1092 3181 non
1134 3129 1534 3184 intellexerunt.
1565 3130 1697 3184 Nam
1749 3147 1851 3187 nec
1897 3134 2104 3204 primus

2203 2851 2407 2904 ἀνελεῖν
2439 2849 2681 2921 βασιλέα,
2716 2849 2978 2921 πρότερόν
3017 2867 3077 2918 γε
3120 2852 3177 2902 ἐν
3211 2851 3276 2920 τῇ
3309 2849 3414 2901 τῶν
3445 2850 3580 2902 δέκα
3606 2847 3758 2916 φυλῶν

2208 2940 2454 3012 βασιλείᾳ
2481 2941 2670 2995 τούτου
2697 2940 2978 3010 γεγονότος
3011 2940 3304 3004 πολλάκιςο
3336 2941 3450 2992 ἐστι
3478 2941 3538 2992 δὲ
3582 2957 3759 2992 παντα-

2207 3032 2364 3102 χόθεν
2399 3033 2563 3103 μῦθον
2597 3035 2690 3086 καὶ
2731 3033 2956 3102 πλάσμα
2988 3032 3049 3085 τὸ
3090 3031 3251 3102 ῥηθὲν
3297 3032 3444 3094 ἰδεῖν,
3481 3032 3758 3103 ηὑρημένον

2193 3124 2318 3177 ’ἀπὸ
2368 3123 2475 3177 τῶν
2521 3125 2620 3196 τὴν
2683 3126 3029 3196 προφητικὴν
3075 3124 3135 3176 οὑ
3187 3124 3526 3194 νενοηκὸτων
3573 3127 3757 3192 φωνήν

528 3215 683 3272 Judae
705 3219 879 3273 tribus
910 3235 1094 3289 regum
1133 3221 1410 3275 Amessias
1453 3222 1757 3285 proditione
1795 3201 1910 3277 fuit
1936 3225 2102 3278 inter-

2208 3214 2328 3268 οὔτε
2356 3216 2462 3286 γὰρ
2507 3217 2797 3287 Ἀμεσσίας
2835 3217 3050 3288 πρῶτος
3092 3219 3156 3270 ἐκ
3202 3216 3310 3270 τῶν
3346 3217 3445 3287 τῆς
3485 3216 3651 3269 Ἰούδα
3677 3215 3760 3285 βαι

531 3321 778 3380 emptus;
829 3325 952 3364 nam
991 3309 1188 3367 Joasus
1230 3321 1383 3382 pater
1425 3313 1546 3382 ejus
1587 3323 1747 3369 antea
1799 3315 1900 3370 hoc
1945 3317 2105 3372 modo

531 3403 712 3458 fuerat
740 3403 1077 3470 exstinctus,
1107 3411 1164 3457 ut
1207 3403 1411 3473 Regum
1444 3406 1674 3461 historia
1715 3408 1881 3461 tradit
1917 3408 1982 3473 ’⁸,
2023 3410 2106 3464 di-

532 3509 663 3548 cens
695 3512 708 3547 :
743 3513 762 3545 1
804 3495 1219 3549 lnsurrexerunt
1257 3497 1398 3550 servi
1439 3495 1608 3560 Joasi,
1641 3507 1695 3552 et
1731 3499 2107 3568 coniuratione

533 3590 588 3644 iu
613 3604 734 3643 eum
776 3596 1004 3649 structa,
1043 3599 1431 3656 percusserunt
1455 3605 1578 3644 cum
1615 3608 1627 3643 :
1668 3609 1687 3641 ι
1724 3606 1860 3660 quos
1887 3593 2104 3661 quidem

532 3681 651 3748 ipse
699 3679 997 3743 Amessias,
1049 3679 1195 3733 illius
1229 3680 1391 3744 filius,
1419 3753 1421 3755 ι
1449 3696 1618 3750 regno
1664 3685 1867 3750 politus
1921 3691 2106 3752 postea

532 3769 694 3838 cepit,
726 3776 930 3838 patrem
957 3784 1113 3822 suum
1137 3768 1406 3824 ulciscens
1432 3785 1446 3822 :
1477 3771 1542 3824 de
1565 3786 1674 3840 quo
1693 3772 1810 3841 ipso
1823 3773 1896 3825 ait
1923 3771 2107 3841 Scrip—

533 3868 654 3913 tura
683 3875 696 3911 :
727 3863 794 3912 ιι
825 3861 1026 3912 factum
1055 3867 1160 3924 est,
1195 3869 1476 3930 postquam
1505 3877 1731 3932 regnum
1765 3865 1818 3917 in
1845 3865 2106 3920 Amessia:

531 3965 694 4004 manu
723 3950 1104 4004 conﬁrmatum
1157 3951 1282 4013 fuit,
1315 3954 1587 4021 percussit
1629 3969 1817 4010 servos
1850 3971 1979 4011 suos
2011 3957 2104 4027 qui

531 4041 706 4111 ipsius
748 4041 908 4110 176
942 4051 1326 4109 percusserant
1370 4042 1437 4093 7’.
1492 4041 1756 4098 Praeterea
1799 4047 2102 4103 Amessiam

532 4149 640 4187 non
693 4135 947 4186 videntur
995 4132 1191 4187 Lachis
1254 4135 1401 4188 cives
1451 4135 1738 4190 occidisse.
1806 4137 1895 4191 Sic
1960 4142 2103 4194 enim

531 4227 796 4296 scriptum
827 4233 910 4280 est
949 4243 960 4278 :
1011 4224 1074 4277 Et
1114 4226 1359 4279 revoluta
1412 4235 1496 4278 est
1542 4229 1800 4281 contritio
1845 4231 2106 4289 adversus

531 4320 833 4374 Amessiant
898 4319 953 4372 in
1003 4316 1362 4384 Hierusalem,
1429 4321 1520 4388 qui
1585 4320 1722 4391 fugit
1784 4325 1838 4376 in
1887 4323 2102 4379 Lachis.

531 4413 795 4481 Missique
851 4418 980 4465 sunt
1033 4419 1155 4480 post
1183 4427 1307 4464 eum
1360 4412 1610 4467 homines
1644 4414 1709 4467 ad
1753 4412 1970 4480 Lachis,
2011 4417 2104 4485 qui

533 4505 709 4572 ipsum
766 4504 838 4556 ibi
897 4503 1304 4568 interfecerunt,
1372 4504 1756 4574 sublatumque
1826 4508 1880 4561 in
1938 4525 2102 4578 equo,

531 4593 926 4665 Hierosolymis
954 4597 1302 4663 sepelierunt.
1359 4595 1434 4649 Ex
1463 4614 1570 4667 quo
1599 4600 1890 4654 manifeste
1915 4610 2103 4656 osten-

531 4686 681 4740 ditur
725 4689 1137 4742 consurrexisse
1202 4691 1462 4746 adversus
1529 4707 1652 4745 eum
1703 4693 1968 4762 quosdam
2035 4697 2102 4752 de

531 4777 947 4849 Hierosolymis,
1003 4781 1405 4851 fugientemque
1455 4783 1508 4835 in
1543 4782 1736 4839 Lachis
1779 4787 1962 4840 missis
2012 4788 2100 4842 ho-

499 4879 502 4883 ‘
531 4871 772 4926 minibus
803 4872 1091 4926 occidisse.
1115 4871 1206 4926 Sic
1228 4888 1358 4943 ergo
1379 4875 1604 4929 evidens
1637 4877 1816 4930 fabula
1847 4880 2100 4933 convicta

529 4973 634 5018 est.
675 4964 843 5017 Porro
871 4963 1065 5018 Lachis
1087 4965 1346 5033 propheta
1386 4967 1700 5035 alloquitur,
1752 4969 1805 5021 in
1841 4970 1958 5038 ejus
2002 4987 2101 5024 no-

453 5110 458 5113 .
527 5058 694 5122 mine,
725 5065 982 5127 tanquam
1019 5059 1072 5111 in
1104 5070 1283 5128 parte,
1311 5074 1399 5114 res
1428 5058 1582 5114 Judre
1613 5077 1779 5131 regno
1811 5074 2100 5121 eventuras

528 5165 761 5206 narrans
792 5167 804 5204 :
835 5150 1288 5219 quemadmodum
1315 5159 1367 5204 et
1401 5153 1466 5205 de
1489 5152 1734 5206 Samaria
1769 5155 2099 5225 locutuscst;

530 5252 714 5313 utpote
744 5243 834 5310 qui
857 5242 923 5296 de
957 5250 1187 5310 utroque
1217 5243 1379 5296 simul
1433 5258 1601 5310 regno
1635 5255 1688 5298 et
1722 5246 1987 5300 visionem
2020 5249 2100 5301 vi-

529 5335 684 5389 derat
721 5344 776 5388 et
808 5335 1147 5403 loquebatur,
1201 5333 1345 5386 sicut
1383 5335 1623 5388 vaticinii
1666 5337 1949 5391 exordium
1982 5355 2107 5407 per-

533 5426 718 5495 spicue
747 5425 1005 5480 ostendit.
1035 5422 1152 5478 Jam
1185 5424 1252 5478 de
1282 5424 1480 5480 Lachis
1509 5425 1588 5479 sic
1632 5427 1806 5496 pergit
1844 5430 2105 5498 propheta

530 5516 710 5574 dicere
743 5541 755 5578 ;

609 5606 768 5661 Vens.
825 5606 909 5660 16.
959 5637 1031 5648 -
1075 5624 1095 5658 ι
1162 5604 1478 5660 Decalvator
1527 5612 1582 5660 et
1637 5605 1888 5663 tondetor
1941 5625 2105 5681 super

602 5785 648 5816 "
674 5783 737 5839 l\'
774 5785 902 5860 lteg.
939 5800 1038 5852 ιιι,
1067 5785 1138 5838 20
1245 5785 1290 5816 ⁷⁵
1321 5783 1388 5838 lV
1417 5782 1549 5854 Reg.
1579 5799 1688 5850 xxv,
1718 5783 1768 5838 5.

2208 3307 2567 3362 σιλευσάντων
2597 3309 2770 3379 φυλῆς
2801 3309 2861 3373 ἐξ
2887 3308 3179 3378 ἐπιϐουλῆς
3201 3308 3460 3381 ἀνῃρέθη,
3510 3308 3658 3371 ἰώας
3683 3307 3759 3359 τοῦ

2206 3401 2413 3470 πατρὸς
2460 3401 2625 3454 αὐτοῦ
2677 3401 2941 3471 πρότερον
2980 3401 3356 3472 ἀναιρεθέντος
3404 3399 3601 3464 οὕτως,
3633 3400 3759 3470 ὠςή

2205 3492 2312 3545 τῶν
2329 3491 2624 3545 Βασιλειῶν
2647 3492 2855 3562 ἰστορία
2877 3491 3026 3562 δηλοῖ
3045 3490 3295 3560 λέγουσα,
3314 3493 3395 3543 ὅτι
3417 3510 3434 3541 ι
3457 3491 3761 3561 Ἀνέστησαν

2206 3584 2253 3635 οἰ
2288 3582 2464 3636 δοῦλοι
2511 3583 2605 3636 τοῦ
2658 3583 2828 3647 Ίώας,
2878 3583 2970 3636 καὶ
3020 3583 3282 3654 ἐποίησαν
3329 3583 3646 3653 σύνδεσμον,
3685 3583 3762 3635 καί

2209 3678 2449 3749 συνῆψαν
2467 3679 2552 3730 ἐπ’
2571 3677 2752 3743 αὐτὸν,
2772 3677 2865 3730 καὶ
2877 3676 3151 3742 ἐπάταξαν
3165 3677 3344 3731 αὐτόν·
3365 3676 3579 3747 οὕσπερ
3590 3672 3676 3728 οὖν
3687 3676 3762 3727 καὶ

2220 3770 2513 3839 Ἀμεσσίας
2541 3773 2569 3822 ὁ
2596 3769 2784 3822 τούτου
2808 3770 2921 3832 υίὸς
2948 3767 3230 3840 παρελθὼν
3261 3771 3338 3832 εἰς
3373 3771 3473 3838 τὴν
3508 3768 3758 3838 βασιλείαν

2206 3857 2350 3914 εἷλεν
2403 3860 2648 3932 ὕστερον,
2685 3861 2776 3914 τὸν
2822 3861 2981 3929 φόνον
3025 3859 3254 3913 ἐκδικῶν
3291 3859 3384 3912 τοῦ
3433 3861 3641 3931 πατρὸς
3684 3858 3761 3910 τοῦ

2206 3954 2442 4007 οἰκειουο
2497 3954 2624 4025 περὶ
2676 3947 2736 4006 οὗ
2776 3954 2868 4006 καὶ
2902 3951 3066 4005 αὑτοῦ
3102 3969 3270 4022 φησι·
3310 3954 3420 4004 Καὶ
3470 3955 3681 4020 ἐγένετο
3703 3951 3762 4012 ὡς

2207 4043 2549 4115 ἐκραταιώθη
2575 4047 2608 4116 ὴ
2639 4044 2886 4115 βασιλεία
2920 4047 2977 4096 ἐν
3011 4047 3075 4115 τῇ
3112 4046 3256 4115 χειρὶ
3302 4045 3620 4114 Ἀμεσσίου,
3653 4044 3762 4094 ἐπεὶ·

2206 4139 2332 4204 ταξε
2355 4141 2480 4202 τοὺς
2511 4139 2707 4203 παῖδας
2733 4139 2896 4192 αὑτοῦ
2927 4141 3052 4202 τοὺς
3083 4141 3426 4206 πατάξαντας
3458 4141 3552 4193 τὸν
3577 4140 3762 4210 πατέρα

2206 4232 2401 4286 αὑτοῦ·
2445 4234 2540 4286 καὶ
2588 4234 2679 4287 τὸν
2726 4232 3018 4304 ’Λμεσσίαν
3064 4233 3122 4286 δέ
3154 4233 3250 4303 οὐχ
3289 4236 3335 4285 οἰ
3372 4235 3429 4286 ἐν
3465 4233 3661 4303 Λάχεις
3690 4234 3764 4284 ἁν-

2206 4326 2415 4389 ελόντες
2449 4325 2745 4394 φαίνονται·
2773 4324 2920 4393 λέγει
2941 4323 3048 4395 γὰρ
3070 4324 3260 4387 οὕτως·
3301 4326 3409 4377 Καὶ
3438 4327 3760 4394 συνεστράφη

2207 4417 2519 4488 σύντριμμα
2548 4417 2640 4469 ἐπὶ
2691 4417 2980 4488 Ἀμεσσίαν
3010 4419 3066 4470 ἐν
3106 4416 3460 4489 Ἰερουσαλήμ
3480 4434 3495 4448 ·
3541 4418 3630 4470 καὶ
3655 4417 3764 4483 ἔφυ·

2206 4525 2300 4576 γεν
2330 4508 2409 4570 εἰς
2436 4508 2652 4576 Λάχεις,
2679 4507 2774 4559 καί
2797 4507 3144 4560 ἐθανάτωσαν
3171 4508 3330 4559 αὐτὸν
3356 4510 3503 4559 ἐκεῖ·
3530 4510 3622 4560 καὶ
3645 4503 3762 4578 ἦραν

2208 4600 2302 4651 ἐπὶ
2324 4598 2418 4653 τὸν
2447 4599 2644 4664 ἵππον,
2689 4598 2764 4668 (p.
2795 4598 2922 4667 268)
2968 4599 3062 4650 καὶ
3098 4599 3269 4669 ἐτάφη
3307 4600 3364 4650 ἐν
3404 4599 3760 4670 Ἰερουσαλήμ.⁹

2210 4689 2396 4760 σαφῶς
2422 4689 2671 4760 δηλώσας
2698 4691 2779 4742 ὅτι
2813 4691 3190 4760 ἐπανέστησαν
3217 4689 3364 4759 αὐτῷ
3395 4707 3544 4753 τινες
3575 4691 3662 4743 ἐπὶ
3685 4690 3763 4757 τῆς

2218 4783 2592 4854 Ἰερουσαλὴμ,
2623 4783 2673 4835 οἳ
2733 4783 3115 4851 καταφυγόντα
3146 4784 3223 4844 εἰς
3265 4782 3364 4851 τὴν
3402 4782 3605 4852 Λάχεις
3654 4782 3765 4833 ἁπο-

2207 4874 2511 4938 στείλαντες
2542 4873 2770 4928 ἀνεῖλον.
2807 4875 2974 4926 Τοῦτο
3002 4874 3099 4944 μὲν
3126 4870 3217 4927 οὖν
3251 4873 3511 4944 ἄντικρυς
3541 4874 3764 4942 φαίνεται

2207 4967 2465 5037 πλάσμα·
2496 4967 2632 5038 πρὸς
2682 4966 2738 5018 δὲ
2775 4968 2874 5036 τὴν
2925 4968 3123 5036 Λάχεις
3150 4966 3178 5017 ὁ
3228 4967 3516 5036 προφήτης
3556 4967 3763 5017 ποιεῖται

2206 5059 2296 5111 τὸν
2342 5059 2519 5148 λόχον,
2561 5058 2620 5124 ἐξ
2673 5059 2886 5129 ἐκείνης
2912 5059 2982 5121 ὡς
3022 5057 3127 5111 απὸ
3161 5057 3359 5128 μέρους
3411 5060 3480 5111 τά
3515 5059 3643 5148 περὶ

2221 5150 2390 5204 Ἰούδα
2412 5145 2690 5220 βασιλείαν
2714 5151 3101 5222 συμϐησόμενα
3129 5151 3300 5219 λέγων
3318 5167 3329 5178 ο
3349 5151 3519 5221 όνπερ
3546 5145 3637 5202 οὖν
3659 5145 3764 5216 τρό-

2206 5261 2305 5298 πον
2343 5247 2437 5298 καὶ
2465 5245 2534 5298 τά
2560 5246 2684 5315 περί
2715 5245 3026 5314 Σαμάρειαν
3049 5239 3198 5295 εἶπεν
3219 5258 3230 5270 ·
3268 5241 3343 5304 ὡς
3372 5241 3514 5310 ὑπὲρ
3551 5236 3765 5311 ἀμφοτέ-

2210 5353 2317 5406 ρων
2366 5337 2459 5390 καὶ
2495 5336 2776 5405 ἑωρακὼς,
2814 5337 2906 5388 καὶ
2959 5333 3154 5401 λέγων,
3204 5333 3346 5385 καθὰ
3390 5331 3452 5383 τὺ
3498 5331 3764 5401 προοίμιον

2206 5425 2396 5496 ἐδήλου
2466 5427 2687 5494 σαφῶς·
2740 5426 2875 5496 πρὸς
2929 5426 2996 5496 ἣν
3057 5423 3363 5478 ἀκολουθῶν
3419 5424 3447 5476 ὁ
3503 5421 3764 5493 προφήτης

2207 5518 2382 5589 ἑαυτῴ
2417 5536 2549 5589 φησι
2569 5535 2582 5550 ’

2283 5611 2432 5682 Στίχ.
2471 5612 2931 5684 ις¹.-ι⁴Ξύρησαι
2959 5610 3054 5665 καὶ
3086 5611 3265 5680 κεῖραι
3293 5608 3385 5660 ἐπὶ
3411 5607 3477 5660 τὰ
3507 5622 3666 5660 τεκνα
3687 5617 3763 5655 σου
