3954 6510
181 384 286 440 555

1164 377 1711 438 COMMENTARIUS
1749 377 1817 434 IN
1854 374 2161 437 MICHZEAE
2197 382 2349 438 CAP.
2394 385 2460 439 ll.

3333 380 3439 436 351

180 499 249 553 τὰ
280 494 553 568 τρυφερά·
591 493 927 565 ὲμπλάτυνον
955 493 1054 566 τὴν
1088 494 1313 565 ξύρησίν
1345 514 1438 550 σου
1469 497 1543 561 ὡς
1577 496 1755 559 ἀετὸς,

1876 497 2004 551 filios
2030 497 2292 553 delicatos
2321 506 2480 553 tuos:
2524 495 2688 551 dilata
2748 493 3022 549 calvitium
3059 500 3236 561 tuum,
3291 495 3438 550 sicut

179 593 264 644 ὃτι
303 587 806 661 ᾐχμαλωτεύθησαν
855 587 962 640 ἀπὸ
1011 587 1126 642 σού.
1175 608 1194 639 ι
1234 588 1458 643 Πενθεῖν
1500 589 1607 661 γάρ
1656 605 1758 652 σοι,

181 683 367 753 φησὶν,
402 681 670 749 ἁρμόττον
696 680 790 751 τὴν
817 679 1192 750 αἰχμαλωσίαν
1233 680 1341 733 τῶν
1371 680 1478 733 σῶν
1503 694 1516 707 ·
1544 679 1598 733 οἳ
1628 680 1763 750 πρό-

178 789 341 844 τερον
390 772 485 841 μὲν
519 771 593 833 ὡς
645 773 701 823 ἐν
742 772 961 833 οίκείοις
1004 770 1137 839 μετὰ
1198 769 1399 839 πολλῆς
1438 770 1620 840 διῆγον
1661 770 1763 838 τῆς

179 864 414 934 τρυφῆς,
443 863 537 915 νῦν
574 863 631 915 δὲ
673 862 779 915 τῶν
810 866 908 932 τῆς
930 862 1303 932 αἰχμαλωσίας
1343 863 1761 933 πειραθήσονται

181 957 399 1007 κακῶν·
419 954 479 1006 τὸ
499 954 575 1017 δὲ,
620 974 636 1004 ι
669 953 940 1007 Πλάτυνον
962 956 1058 1023 τὴν
1089 953 1313 1024 ξύρησίν
1332 971 1424 1006 σου
1449 954 1524 1017 ὡς
1549 952 1755 1016 ὰετὸς,›

183 1046 358 1114 λέγει,
392 1047 578 1116 ἐπειδὴ
606 1046 821 1098 ἅπαντα
848 1045 988 1097 κατὰ
1034 1046 1223 1118 καιρὸν
1260 1044 1583 1099 ἀποϐάλλειν
1614 1046 1763 1097 τουτὶ

180 1138 243 1189 τὸ
275 1140 459 1209 ὄρνεον
501 1137 569 1189 τὰ
603 1138 776 1189 οἰκεῖα
822 1136 1038 1203 λέγεται
1066 1136 1257 1206 πτερά.
1291 1130 1423 1189 Εἶτα
1468 1135 1562 1188 καὶ
1592 1134 1760 1203 λέγει,

185 1233 330 1283 κατὰ
356 1230 416 1282 τὺ
444 1228 651 1292 εἰωθὸς,
686 1228 793 1280 τῶν
819 1227 1003 1280 κακῶν
1033 1228 1130 1297 τὴν
1164 1228 1364 1282 αἰτίαν.

836 1321 993 1373 ΚΕΦ.
1037 1320 1110 1371 B’.

254 1414 406 1482 Στίχ.
461 1419 608 1481 α’-γ’.
656 1442 726 1452 —-—
766 1430 786 1463 ι
830 1413 1105 1480 Ἐγένοντο
1144 1413 1479 1483 λογιζόμενοι
1538 1412 1760 1477 κόπους,

180 1505 277 1556 καὶ
334 1505 687 1575 ἐργαζόμενοι
731 1504 878 1555 κακά
911 1506 969 1556 ὲν
1000 1505 1118 1566 ταῖς
1168 1505 1374 1567 κοίταις
1416 1503 1592 1556 αὐτῶν
1620 1521 1634 1534 ·
1670 1504 1765 1556 καὶ

182 1595 302 1658 ἅμα
350 1598 415 1664 τῇ
467 1594 648 1665 ἡμέρᾳ
699 1593 1015 1645 συνετέλουν
1065 1594 1237 1647 αὑτά·
1280 1613 1297 1644 ι
1351 1594 1423 1664 (p.
1478 1593 1602 1661 269)
1644 1594 1764 1646 ἀντὶ

179 1686 301 1747 τοῦ,
340 1688 620 1739 Διετέλουν
648 1686 903 1749 τοιαύτας
929 1688 985 1738 ἐν
1015 1686 1226 1749 ἑαυτοῖς
1257 1686 1648 1758 συστρέφοντες
1673 1687 1763 1738 ὲν-

178 1778 355 1841 νοίας,
391 1780 483 1845 ἀφ’
522 1773 596 1831 ὧν
634 1777 851 1842 τούτους
882 1780 1092 1840 ἑαυτοῖς
1116 1778 1491 1849 ἁπεγέννησαν
1518 1778 1644 1841 τοὺς
1670 1778 1763 1831 κό-

180 1887 342 1934 πους,
371 1870 767 1933 ἁνατυποῦντες
801 1871 897 1937 μὲν
920 1872 1011 1924 ἐπὶ
1042 1873 1139 1941 τῆς
1161 1871 1343 1939 κοίτης
1368 1869 1468 1937 τῆς
1494 1868 1628 1931 ἰδίας
1657 1868 1762 1921 τῶν

179 1964 406 2017 ἀτόπων
443 1963 540 2033 τὴν
579 1963 873 2035 ἐργασίαν·
906 1962 1200 2034 ἡμέραςδέ
1237 1962 1555 2033 γενομένης,
1594 1960 1764 2031 πέρας

179 2057 293 2117 τοῖς
324 2054 619 2125 μοχθηροῖς
644 2053 822 2108 αὐτῶν
844 2054 1175 2116 ἐπιτιθέντες
1198 2052 1544 2123 βουλεύμασι.
1574 2070 1594 2104 ι
1620 2051 1764 2103 Διότι

179 2145 285 2196 οὐκ
316 2140 459 2215 ἦραν
487 2144 625 2215 πρὸς
659 2146 749 2196 τὸν
790 2144 922 2197 Θεὸν
970 2146 1156 2215 χεῖρας
1199 2143 1378 2197 αὐτῶν
1403 2160 1417 2173 ·
1446 2142 1541 2196 καὶ
1573 2141 1767 2195 ἐπεθύ-

184 2251 324 2305 μουν
358 2236 582 2305 ἀγροὺς,
620 2236 713 2289 καὶ
755 2234 1052 2307 διήρπαζον
1096 2234 1385 2307 ὀρφανοὺς,
1439 2233 1534 2288 καὶ
1583 2232 1767 2295 οἴκους

179 2326 669 2391 κατεδυνάστευον,
700 2329 794 2380 καὶ
826 2326 1123 2396 διήρπαζον
1151 2327 1338 2401 ἄνδρα,
1365 2325 1461 2379 καὶ
1495 2325 1587 2378 τὸν
1620 2320 1766 2378 οἷκον

181 2417 373 2482 αὑτοῦ,
399 2418 567 2489 ἄνδρα
601 2419 695 2471 καὶ
715 2419 813 2489 τὴν
836 2418 1198 2490 κληρονομίαν
1221 2416 1408 2471 αὑτοῦ.
1444 2435 1463 2468 ›
1496 2417 1640 2488 Πρὸς
1669 2417 1767 2487 μὲν

180 2509 294 2579 γὰρ
328 2508 462 2561 Θεὸν
485 2511 694 2580 ἀφορᾷν
718 2511 818 2562 οὐκ
849 2509 1149 2573 ἐϐούλοντο,
1180 2510 1299 2562 οὐδέ
1327 2526 1447 2563 τινα
1474 2508 1630 2577 λόγον
1658 2508 1766 2561 τῶν

183 2602 321 2672 παρ’
348 2601 517 2654 αὐτοῦ
547 2601 1051 2673 νενομοθετημένων
1086 2600 1386 2654 ποιεῖσθαι·
1419 2601 1547 2672 περὶ
1582 2599 1637 2652 δὲ
1664 2598 1767 2660 τὰς

181 2692 297 2747 τῶν
320 2693 617 2764 ἀλλοτρίων
641 2694 932 2763 ἐπιθυμίας
964 2692 1308 2763 ἠσχολοῦντο,
1335 2691 1430 2747 καὶ
1462 2690 1568 2745 τῶν
1593 2691 1765 2761 ἀπρο-

189 2788 537 2840 στασιάστων
574 2788 667 2839 καὶ
698 2788 945 2858 πενήτων
977 2785 1275 2857 διήρπαζον
1304 2786 1372 2838 τὰ
1393 2785 1667 2855 κτήματα,
1690 2784 1771 2846 εἰς

182 2879 390 2932 ἄτοπον
419 2882 486 2950 τῇ
517 2879 725 2932 ἑαυτῶν
753 2877 1222 2948 κατακεχρημένοι
1258 2875 1566 2946 δυναστείᾳ.
1601 2894 1620 2925 ι
1671 2876 1769 2927 Διὰ

182 2969 349 3023 τοῦτο
379 2972 508 3024 τάδε
562 2972 707 3040 λέγει
755 2970 987 3041 Κύριος·
1028 2970 1157 3024 Ἰδοὺ
1204 2967 1315 3037 ἐγὼ
1358 2968 1643 3038 λογίζομαι
1676 2967 1770 3020 ἐπὶ

180 3063 288 3132 τὴν
317 3063 491 3134 φυλὴν
520 3064 722 3134 ταύτην
755 3063 917 3126 κακὰ,
938 3061 997 3127 ἐξ
1013 3056 1086 3115 ὧν
1106 3062 1164 3115 ού
1187 3061 1260 3132 μὴ
1280 3062 1448 3133 ἄρητε
1478 3062 1604 3123 τοὺς
1632 3076 1770 3131 τρα-

1864 585 2066 655 aquila,
2102 587 2359 657 quoniam
2410 587 2608 657 captivi
2644 584 2861 640 abducti
2890 592 3019 639 sunt
3048 599 3112 638 ex
3136 591 3208 640 te.
3254 604 3272 636 ι
3328 583 3440 639 Lu-

1864 694 1988 748 gere
2017 679 2159 732 enim
2194 688 2244 734 te
2269 686 2481 747 Oportet
2507 680 2872 749 captivitatem
2890 690 3128 740 tuortnn,
3156 680 3247 749 qui
3276 688 3438 735 antea

1870 779 2125 838 tanquam
2160 769 2215 824 in
2273 770 2445 839 patria
2502 769 2731 824 delicate
2772 772 3046 835 vivebant,
3104 787 3249 826 nunc
3306 789 3438 827 vero

1866 861 2194 929 captivitatis
2230 862 2369 914 mala
2402 862 2717 931 gustabunt.
2745 863 2884 926 Jam,
2921 881 2938 914 ι
2964 862 3129 917 Dilata
3157 864 3437 918 calvitium

1866 960 2015 1006 tuum
2053 961 2112 1006 ut
2153 954 2355 1023 aquila,
2388 972 2406 1004 ι
2441 955 2533 1020 ait,
2565 955 2693 1024 quia
2722 954 2837 1008 hac
2875 957 2990 1010 avis
3014 966 3165 1009 certo
3194 964 3440 1026 tenporc

1865 1054 2093 1100 cunctas
2145 1061 2275 1101 suas
2327 1046 2561 1115 abjicere
2616 1047 2850 1100 traditur
2900 1063 3109 1116 poenas-
3170 1048 3438 1119 Deinceps

1866 1153 2016 1193 more
2045 1154 2143 1193 suo
2177 1154 2397 1193 causam
2428 1139 2693 1193 malorum
2726 1141 2938 1192 recitat.

2536 1321 2688 1377 CAP.
2733 1324 2819 1377 Ill.

1937 1412 2100 1469 Vsns.
2131 1416 2241 1469 1-3.
2272 1445 2333 1454 -—
2367 1432 2386 1466 ι
2419 1413 2570 1468 Facti
2610 1424 2735 1470 sunt
2766 1414 3067 1484 rcgitantes
3104 1416 3337 1475 labores.
3385 1424 3439 1471 et

1866 1515 2154 1575 operantes
2183 1507 2322 1559 mala
2357 1507 2411 1560 in
2445 1506 2715 1561 cubilibus
2765 1508 2901 1569 suis,
2929 1514 2980 1561 et
3021 1509 3139 1563 luce
3175 1510 3439 1562 matutina

1866 1600 2320 1653 consummabant
2354 1615 2435 1655 ea.
2491 1618 2508 1650 ι
2548 1600 2605 1653 ld
2640 1610 2749 1667 est,
2796 1600 2892 1655 has
2930 1602 3111 1654 animo
3153 1603 3442 1656 versabant

1867 1690 2247 1758 cogitationes,
2280 1691 2420 1746 unde
2460 1692 2592 1761 ipsis
2626 1692 2677 1743 hi
2711 1691 2849 1760 parti
2884 1699 3011 1745 sunt
3043 1691 3279 1755 labores,
3307 1693 3443 1745 ima-

1867 1783 2114 1851 ginantes
2153 1784 2206 1836 in
2242 1784 2378 1837 lecto
2429 1799 2528 1837 suo
2559 1793 2839 1853 protervos
2872 1792 3044 1845 actus,
3083 1793 3133 1837 et
3166 1800 3286 1838 mox
3321 1785 3444 1838 illu-

1869 1881 2119 1926 cescente
2151 1871 2238 1927 die
2261 1873 2487 1928 consilia
2519 1873 2761 1942 improba
2792 1873 2844 1925 in
2867 1889 2977 1927 rem
3010 1862 3451 1928 conferentibus.

1876 1983 1893 2015 ι
1932 1963 2196 2029 Quoniam
2230 1979 2335 2018 non
2366 1965 2676 2019 extulerunt
2709 1964 2771 2016 ad
2800 1963 2966 2018 Deum
2991 1980 3184 2019 manus
3214 1981 3362 2028 suas,
3390 1973 3444 2019 ct

1869 2056 2262 2126 concupiebant
2285 2072 2465 2126 agros,
2490 2064 2543 2111 et
2566 2055 2894 2125 diripiebant
2924 2056 3096 2110 virum
3128 2072 3191 2111 ac
3220 2058 3441 2111 domum

1869 2146 2008 2213 ejus,
2040 2146 2236 2210 virum,
2271 2148 2426 2217 177
2464 2146 2706 2217 inquam,
2741 2154 2794 2199 et
2833 2147 3195 2202 haereditatem
3234 2147 3374 2216 ejus.
3418 2165 3437 2199 ι

1870 2235 2116 2307 Namque
2147 2239 2212 2291 ad
2247 2237 2414 2291 Deum
2445 2238 2717 2308 respicere
2748 2238 3023 2300 nolebant,
3068 2254 3242 2310 neque
3278 2239 3441 2292 ullam

1871 2328 2252 2383 mandatorum
2287 2328 2405 2399 ejus
2436 2330 2703 2384 rationem
2733 2330 3025 2394 habebant,
3056 2341 3108 2384 et
3141 2330 3329 2383 aliena:
3364 2329 3439 2384 rei

1871 2421 2186 2487 inhiabant,
2226 2429 2279 2475 et
2339 2437 2635 2491 pauperum
2682 2437 2743 2475 ac
2796 2422 3097 2492 patrocinio
3140 2421 3446 2475 carentium

1872 2510 2154 2567 facultates
2182 2512 2531 2582 diripiebant,
2565 2513 2803 2582 potentia
2844 2528 2942 2568 sua
2989 2513 3055 2565 ad
3104 2513 3445 2582 iniquitatem

1872 2602 2176 2657 abutentes.
2217 2621 2235 2654 ι
2288 2601 2579 2670 Propterea
2640 2603 2755 2657 haec
2799 2602 2929 2656 dicit
2953 2602 3211 2656 Dominus
3261 2601 3444 2656 :Ecce

1871 2707 1971 2762 ego
2000 2692 2179 2762 cogito
2208 2707 2371 2761 super
2402 2694 2603 2746 tribum
2636 2693 2793 2747 istam
2811 2694 2973 2757 mala,
2998 2707 3061 2745 cx
3097 2692 3299 2760 quibus
3336 2705 3447 2744 non

1872 2788 2131 2842 auferetis
2187 2788 2326 2841 colla
2380 2795 2579 2851 vestra,
2629 2797 2682 2842 et
2728 2801 2838 2840 non
2881 2786 3229 2840 alitbulabitis
3278 2784 3447 2839 erecti

1872 2880 2075 2944 subito,
2107 2878 2232 2949 quia
2294 2880 2492 2932 malum
2527 2887 2740 2948 tempus
2787 2887 2889 2932 est.
2929 2897 2947 2928 ι
2988 2876 3211 2947 Pmpter
3266 2884 3448 2931 vestra

1873 2968 1988 3023 haec
2010 2969 2239 3023 consilia
2285 2977 2340 3022 et
2374 2977 2549 3032 actus,
2596 2969 2758 3023 talem
2786 2967 2938 3021 vobis
2970 2982 3181 3036 poenam
3214 2966 3449 3033 edicam,

1872 3075 1938 3114 ex
1971 3075 2078 3130 qua
2110 3061 2382 3129 respirare
2408 3060 2562 3115 vobis
2592 3075 2701 3114 non
2760 3060 2979 3124 licebit;
3018 3058 3111 3113 sed
3140 3059 3292 3112 curvi
3328 3072 3451 3112 om-

182 3155 389 3224 χήλους
413 3155 590 3226 ὑμῶν,
625 3156 718 3208 καὶ
742 3154 802 3207 οὐ
831 3154 905 3226 μὴ
934 3153 1239 3226 πορευθῆτε
1267 3153 1454 3224 ὀρθοί·
1485 3151 1766 3221 ἐξαίφνης,

1876 3159 2006 3206 nino
2054 3153 2345 3207 manebitis
2373 3159 2429 3208 et
2473 3152 2641 3207 humo
2679 3152 2836 3222 proni
2876 3151 2979 3207 sub
3011 3150 3450 3205 incumbentium

181 3247 268 3299 ὅτι
302 3248 499 3319 καιρὸς
523 3248 754 3318 πονηρός
794 3250 957 3301 ἐστιν.
994 3265 1013 3298 ι
1058 3246 1228 3315 ’Υπὲρ
1254 3245 1317 3315 δὴ
1361 3244 1566 3298 τούτων
1611 3242 1765 3313 ὑμῶν

1872 3244 2139 3298 malorum
2178 3243 2436 3314 pondere.

180 3339 298 3394 τῶν
326 3357 385 3392 τε
439 3339 818 3409 βουλευμάτων
858 3338 1082 3393 καὶτῶν
1121 3337 1372 3408 πράξεων
1421 3334 1673 3405 τοιαύτην
1706 3336 1835 3407 ὑμῖν
1862 3335 2064 3388 ἐποίσω
2090 3336 2382 3408 τιμωρίαν,
2424 3336 2516 3404 ἀφ’
2544 3330 2613 3406 ἦς
2656 3335 2779 3388 οὐδὲ
2821 3334 3114 3389 ἀνανεῦσαι
3149 3332 3273 3404 ὑμῖν
3300 3334 3451 3387 ἔσται

182 3432 446 3488 δυνατόν·
489 3432 789 3500 διαμενεῖτε
827 3429 884 3482 δὲ
935 3427 1380 3498 συγκεκαμμένοι
1415 3423 1691 3488 παντελῶς
1756 3424 1849 3478 καὶ
1878 3423 2029 3478 κάτω
2069 3425 2316 3489 νεύοντες
2358 3424 2464 3478 ὑπὸ
2509 3424 2603 3478 τοῦ
2641 3426 2905 3495 μεγέθους
2943 3426 3053 3478 τῶν
3092 3424 3457 3496 ἐπικειμένων

185 3542 397 3579 κακων.
1328 3564 1337 3571 .

260 3618 415 3687 Στίχ.
448 3612 509 3680 δ’,
533 3620 595 3667 ε’.
621 3642 692 3652 -
730 3630 748 3662 ι
789 3610 879 3664 Ἑν
903 3612 969 3682 τῇ
1007 3608 1193 3680 ἡμέρᾳ
1230 3606 1410 3678 ἐκείνῃ
1434 3604 1769 3676 ληφθήσεται

183 3710 279 3780 ἐφ’
326 3709 474 3779 ὑμᾶς
535 3702 817 3776 παραϐολὴ
867 3702 962 3755 καὶ
994 3699 1395 3771 θρηνηθήσεται
1452 3697 1666 3769 θρῆνος,
1713 3697 1772 3748 ὲν

190 3803 353 3875 μέλει
378 3799 663 3867 λεγόντων·
704 3793 1061 3864 Ταλαιπωρίςι
1096 3790 1641 3860 ἐταλαιπωρήσαμεν,
1675 3803 1772 3857 με-

189 3899 276 3963 ρὶς
318 3892 451 3946 λαοῦ
483 3909 582 3962 μου
619 3886 1002 3959 κατεμετρὴθη
1033 3886 1107 3953 (p.
1136 3884 1263 3952 270)
1296 3886 1353 3935 ἐν
1396 3879 1644 3952 σχοινίῳ·
1678 3879 1776 3932 καὶ

182 3988 294 4043 οὐκ
339 3980 407 4056 ἦν
441 3985 469 4036 ὁ
500 3982 757 4035 κωλύσων
789 3978 950 4031 αὑτὸν
988 3974 1084 4028 τοῦ
1122 3973 1494 4042 ἀποστρέψαι·
1524 3973 1572 4024 οί
1614 3970 1776 4042 ἀγροὶ

186 4078 354 4148 ὑμῶν
384 4073 835 4147 διεμετρήθησοιν.
870 4088 889 4121 ι
926 4069 1060 4122 Τότε
1094 4066 1159 4138 δὴ
1193 4064 1390 4138 θρῆνος
1421 4066 1547 4135 ὑμῖν
1584 4063 1777 4133 ὀδυνη-

189 4172 289 4241 ρὸς
310 4168 563 4239 ἁρμόσει·
583 4165 644 4217 τὺ
663 4164 769 4235 γὰρ
797 4182 815 4213 ι
836 4165 892 4214 ἐν
915 4160 1063 4232 μέλει
1088 4179 1105 4209 ι
1129 4158 1287 4211 τοῦτο
1307 4156 1476 4226 λέγει.
1505 4158 1602 4210 Ὃν
1624 4157 1779 4226 ποιή-

189 4279 251 4315 σε
260 4261 358 4315 σθε
374 4259 469 4329 τὴν
485 4257 691 4310 ἑαυτῶν
705 4255 731 4307 θ
743 4253 1023 4326 ρηνοῦντες
1034 4249 1600 4320 ταλαιπωρίαν,ὁρῶντ
1608 4264 1662 4310 ες
1674 4247 1774 4319 τὴν

191 4349 394 4421 μερίδα
439 4347 535 4417 τὴν
560 4344 784 4408 οἰκείαν,
816 4343 1059 4395 τουτέστι
1090 4341 1187 4412 τὴν
1220 4341 1347 4410 ὑμῖν
1390 4340 1771 4410 προσήκουσαν

184 4440 299 4508 γῆν
331 4437 439 4490 ὑπὸ
482 4434 772 4504 ἀλλοτρίων
820 4430 1190 4502 κατεχομένην
1228 4447 1287 4483 τε
1331 4431 1430 4484 καὶ
1465 4428 1775 4502 διαιρουμέ-

187 4547 295 4600 νην
320 4527 533 4591 οὐδενὸς
548 4528 698 4589 δντος
726 4524 819 4578 τοῦ
852 4523 1080 4577 κωλύειν
1099 4521 1272 4576 ταῦτα
1300 4522 1597 4593 γιγνόμενα
1616 4523 1772 4576 δυνα-

1946 3601 2115 3657 Vens.
2146 3603 2201 3667 4,
2241 3602 2294 3657 5.
2329 3631 2400 3641 ——
2433 3618 2452 3653 ι
2492 3601 2587 3655 Illa
2620 3601 2708 3655 die
2747 3609 2996 3655 sumetur
3039 3615 3204 3669 super
3235 3614 3332 3655 vos
3356 3616 3456 3670 pa-

1876 3694 2086 3755 rabola,
2125 3699 2180 3747 et
2218 3692 2470 3761 planctus
2505 3693 2792 3761 plangetur
2816 3692 2869 3744 in
2906 3691 3145 3755 cantico,
3171 3691 3405 3747 dicendo
3435 3712 3453 3748 :

1878 3785 2098 3839 Miseria
2127 3785 2314 3839 miseri
2354 3783 2479 3837 facti
2511 3798 2742 3838 sumus:
2780 3798 2905 3853 pars
2947 3783 3132 3851 populi
3168 3784 3273 3837 mci
3305 3783 3457 3838 funi-

1880 3876 2004 3931 culo
2033 3875 2279 3929 dimensa
2317 3882 2419 3937 est,
2473 3885 2525 3928 et
2557 3889 2663 3927 non
2708 3884 2823 3928 erat
2852 3873 2944 3942 qui
2980 3873 3290 3941 prohiberet
3327 3889 3453 3928 eum

1874 3978 1934 4023 ut
1970 3974 2325 4022 averteretur.
2356 3965 2483 4034 Agri
2535 3965 2696 4018 vestri
2757 3963 2915 4018 divisi
2958 3962 3199 4018 fuerunt.
3240 3982 3260 4014 ι
3293 3962 3454 4016 Tune

1872 4071 1971 4111 vos
2000 4056 2196 4109 acerba
2232 4053 2543 4110 lamentatio
2568 4051 2778 4107 decebit
2802 4069 2816 4105 :
2840 4067 2963 4106 nam
2995 4071 3012 4104 ι
3036 4050 3303 4106 canticum
3326 4070 3344 4103 ι
3396 4052 3451 4107 id

1874 4148 2115 4211 denotat,
2173 4145 2317 4214 quod
2347 4144 2638 4199 cantabitis
2677 4152 2915 4198 vestram
2954 4143 3298 4212 deplorantes
3352 4145 3454 4196 mi-

1875 4239 2095 4302 seriam,
2136 4236 2443 4307 portionem
2478 4245 2713 4289 vestram
2766 4233 3036 4299 videntes,
3071 4233 3123 4288 id
3151 4243 3236 4288 est
3284 4234 3450 4288 vestri

1874 4333 2017 4402 juris
2048 4330 2344 4400 regionem,
2394 4327 2462 4381 ab
2507 4326 2699 4380 alienis
2752 4335 3069 4394 occupatam
3107 4333 3270 4394 atque
3312 4326 3455 4380 divi-

1880 4439 2019 4487 sam,
2060 4421 2281 4476 nemine
2325 4419 2378 4473 id
2434 4418 2722 4487 prohibere
2750 4418 3000 4482 valente;
3035 4428 3089 4471 et
3121 4432 3281 4487 agros
3312 4432 3452 4485 quos

1880 4523 2244 4588 praepotentcr
2276 4510 2663 4575 obtinueratis,
2699 4510 2856 4565 vobis
2880 4517 3097 4579 ereptos
3139 4517 3447 4567 cernentes,

192 4598 384 4693 μένου,
401 4620 526 4685 τούς
544 4639 599 4676 τε
613 4619 811 4692 ἀγροὺς
823 4619 851 4670 ὑ
861 4617 976 4688 μῶν
990 4616 1083 4679 οὓς
1102 4618 1165 4670 ἐκ
1188 4615 1496 4681 πλεονεξίας
1519 4621 1769 4691 κατεσχή.

1882 4616 1936 4662 et
1971 4606 2109 4660 alios
2169 4604 2422 4659 dominos
2473 4609 2655 4656 vestra
2716 4601 2817 4656 sibi
2872 4600 3192 4670 partientes.
3250 4598 3454 4653 Deinde

190 4730 359 4780 κατε,
373 4712 605 4783 ὁρῶντες
622 4711 773 4781 ὑμῶν
800 4710 895 4779 μὲν
914 4709 1368 4780 ἀφαιρουμένους,
1389 4709 1446 4760 ἐν
1467 4708 1696 4784 διανομῇ
1723 4714 1779 4768 δὲ

187 4806 412 4874 ἑτέροις
442 4801 915 4873 παραδιδομένους.
937 4797 1070 4854 Εἶτα
1094 4801 1321 4869 ἐπάγει·
1358 4802 1487 4855 (Διὰ
1507 4801 1666 4857 τοῦτο
1682 4806 1782 4858 οὐκ

187 4900 357 4950 ἔσται
389 4914 471 4949 σοι
496 4896 703 4966 βάλλων
732 4896 964 4966 σχοινίον
988 4894 1195 4965 κλήρῳ.
1230 4913 1248 4946 ι
1297 4893 1516 4967 Ἐπειδὴ
1551 4896 1611 4949 τὸ
1640 4915 1782 4968 σχοι-

188 4989 315 5041 νίον
344 4990 437 5040 ἐπὶ
467 4988 566 5057 τῆς
594 4988 1001 5059 διαμετρήσεως
1031 4985 1188 5038 εἴωθε
1217 4983 1418 5053 λέγειν,
1445 4986 1551 5039 ἀπὸ
1583 4986 1691 5040 τῶν
1724 4990 1782 5041 ἐν

185 5081 277 5151 τῷ
304 5084 520 5151 μετρεῖν
552 5082 663 5144 τιῖς
685 5080 912 5149 σχοίνοις
928 5078 1315 5148 κεχρημένων·
1340 5077 1411 5141 ὡς
1429 5079 1504 5131 ὅτ’
1523 5078 1588 5138 ἂν
1609 5078 1777 5150 λέγῖν

197 5192 220 5224 ι
244 5172 471 5242 Σχοινία
494 5171 760 5225 ἐπέπεσόν
788 5188 877 5242 μοι
906 5172 961 5223 ἐν
979 5171 1090 5232 τοῖς
1120 5170 1452 5238 κρατίστοις·
1477 5189 1494 5220 ι
1516 5171 1600 5223 ἵνα
1629 5171 1777 5245 εἴπῃ,

188 5265 281 5317 ὅτι.
317 5262 652 5334 Διεμετρήθη
698 5279 786 5332 μοι
813 5262 907 5316 καὶ
949 5261 1212 5331 ὲπέλαχεν
1244 5263 1300 5314 ἐν
1333 5261 1519 5333 κλήρῳ
1555 5262 1614 5315 τὸ
1644 5262 1776 5316 κάλ-

188 5354 382 5406 λιστον
424 5351 590 5421 μέρος
626 5353 725 5422 τῆς
757 5352 893 5422 γῆς·
926 5352 1083 5405 τοῦτο
1124 5350 1292 5419 λέγει,
1331 5351 1414 5403 ὅτι
1446 5350 1678 5420 Ὀψεσθε
1710 5352 1782 5404 τά

191 5446 445 5515 ὑμέτερα
497 5442 717 5517 ἑτέρους
756 5443 853 5515 μὲν
886 5443 1263 5515 λαμϐάνοντας
1298 5443 1393 5495 καὶ
1418 5440 1781 5512 ,διαμετροῦν-

188 5553 321 5600 τας,
351 5536 616 5606 ὑμέτερον
637 5535 691 5588 δὲ
723 5536 778 5601 ἐξ
812 5535 1064 5589 ἁπάντων
1092 5535 1335 5603 ὑπάρχον
1367 5531 1546 5585 οὐδέν·
1574 5534 1630 5584 ἐν
1653 5532 1779 5601 ύμῖν

191 5623 292 5681 οὖν
318 5628 493 5690 οὐδεὶς
513 5627 665 5680 ἔσται
693 5626 922 5699 μετρῶν,
949 5626 1066 5681 οὐδέ
1091 5624 1295 5710 κλῆρον
1322 5622 1530 5677 θάλλων
1547 5640 1559 5652 ·
1592 5622 1778 5693 ἐπειδὴ

262 5807 312 5839 ⁸⁸
344 5804 488 5860 Psal.
529 5818 617 5871 xv,
642 5805 699 5862 6.

1881 4699 2074 4756 addit:
2110 4717 2129 4750 ι
2175 4697 2300 4752 ldeo
2328 4712 2436 4751 non
2475 4694 2579 4749 erit
2607 4692 2762 4748 vobis
2790 4694 2999 4760 jaciens
3032 4693 3084 4746 in
3138 4690 3455 4746 haereditate

1880 4789 2205 4845 funiculum.
2270 4806 2291 4837 ι
2343 4784 2611 4851 Quoniam
2665 4782 2941 4836 funiculus
3010 4781 3065 4834 in
3114 4780 3457 4835 dimensione

1879 4882 1984 4936 dici
2017 4881 2175 4939 solet,
2232 4878 2357 4945 quia
2389 4876 2481 4930 illo
2518 4882 2745 4928 utuntur
2791 4874 3041 4928 homines
3064 4870 3129 4926 ad
3159 4872 3454 4926 dimetien-
3528 4904 3535 4919 η,

1879 4976 2040 5037 dum;
2073 4971 2219 5024 velut
2248 4970 2325 5022 ait
2370 4966 2663 5022 Psalmista
2692 4983 2705 5019 :
2743 4983 2763 5015 ι
2803 4962 3056 5017 Funiculi
3084 4961 3215 5015 mihi
3243 4962 3460 5016 cecide-

1881 5074 2010 5119 runt
2037 5063 2091 5116 in
2121 5061 2341 5130 Optimis
2365 5059 2448 5122 “;
2516 5075 2534 5109 ι
2562 5071 2626 5109 ac
2692 5056 2737 5112 si
2764 5052 3277 5111 dicat:Dimcnsum
3324 5050 3456 5104 mihi

1882 5159 2004 5222 fuit,
2035 5165 2088 5211 et
2113 5155 2319 5224 Optima
2342 5160 2501 5206 terra:
2523 5162 2651 5219 pars
2670 5146 2972 5201 haereditati
3000 5143 3227 5213 obtigit;
3252 5141 3459 5196 idcirco

1881 5250 1999 5304 ait:
2032 5248 2179 5301 Bona
2226 5255 2401 5299 vestra
2452 5240 2688 5296 cernetis
2730 5238 2798 5292 ab
2828 5237 2949 5291 aliis
2983 5235 3102 5304 capi
3138 5241 3301 5304 atque
3345 5232 3461 5286 dis-

1883 5337 2262 5407 tribui;vobis
2284 5347 2460 5389 autem
2496 5334 2631 5388 nihil
2673 5346 2793 5387 esse
2825 5329 3117 5397 reliquum.
3177 5323 3268 5378 Sic
3293 5324 3462 5393 igitur

1883 5447 2047 5489 nemo
2069 5431 2211 5484 inter
2230 5442 2330 5483 vos
2351 5426 2457 5481 erit
2484 5425 2576 5494 qui
2634 5420 2949 5477 dimetiatur
2988 5417 3070 5471 vel
3136 5425 3338 5470 sortem
3381 5413 3463 5482 ja-

1887 5525 2017 5587 ciat,
2038 5521 2163 5590 quia
2194 5527 2370 5573 vestra
2417 5514 2598 5567 omnia
2643 5510 2979 5568 auferentur,
3019 5514 3075 5561 et
3103 5505 3279 5559 aliena
3310 5502 3459 5557 ﬁent.

1887 5614 2020 5673 Vos.
2044 5615 2289 5684 inquam,
2317 5622 2383 5662 ex
2404 5614 2484 5661 tot
2503 5604 2701 5676 opibus
2726 5600 2932 5657 nullius
2955 5597 3031 5652 rei
3060 5595 3462 5667 possessionem
