3860 6532
477 360 587 420 355

1639 364 1986 423 TllEODORl
2023 365 2249 423 MOPSU
2262 366 2502 421 ESTENI
3638 359 3724 419 35“

482 477 809 540 retinebitis,
838 476 931 532 sed
958 476 1141 531 omnia
1170 475 1222 530 in
1259 475 1489 529 aliorum
1524 476 1685 547 178
1715 478 2051 532 dominatum

2160 480 2341 533 πάντα
2374 481 2472 549 μὲν
2514 476 2663 549 ὑμῶν
2709 476 3165 547 ἀφαιρηθήσεται,
3214 475 3366 529 ἔσται
3391 476 3449 528 δὲ
3497 477 3719 547 ἑτέρων·

481 569 717 622 transire
742 566 1029 621 videbitis:
1060 565 1218 625 alios.
1276 564 1524 635 inquam,
1575 582 1671 635 pro
1698 584 1799 623 suo
1832 570 2055 637 quaesito

480 658 624 729 iure,
650 662 785 715 bona
811 667 989 714 vestra
1018 659 1160 713 inter
1192 675 1251 714 se
1283 660 1545 715 tribuere.

550 942 720 999 Vens.
748 944 802 1008 6,
830 945 880 1000 7.
909 974 979 986 -—
1030 964 1048 997 ι
1086 945 1142 999 1η
1174 945 1414 1002 Ecclesia
1473 945 1684 999 Domini
1735 948 1898 1002 nolite
1931 948 2057 1004 ﬂere

478 1036 759 1105 laerymis,
788 1052 965 1105 neque
993 1038 1363 1108 lacrymentur
1392 1055 1557 1108 super
1612 1040 1727 1101 his;
1762 1056 1867 1093 non
1911 1041 2053 1093 enim

480 1127 702 1193 ahjii-iet
748 1129 1038 1196 opprobria
1072 1129 1162 1196 qui
1188 1129 1322 1183 dicit
1366 1149 1377 1183 :
1413 1129 1611 1184 Doinus
1639 1130 1807 1185 Jacob
1831 1133 1894 1185 ad
1922 1133 2053 1187 iram

478 1216 795 1282 provocavit
821 1216 1082 1285 Spiritum
1112 1217 1345 1271 Domini.
1390 1238 1407 1269 ›
1441 1218 1615 1273 Nolite
1650 1235 1780 1288 ergo
1805 1222 1855 1273 in
1901 1222 2056 1275 emti-

479 1304 583 1358 bus
616 1306 816 1361 vestris
842 1306 1132 1377 lacrymari
1156 1308 1275 1362 sine
1318 1309 1656 1376 poenitentia,
1687 1309 1780 1363 sed
1810 1311 2056 1367 dolentes

480 1398 858 1451 tantummodo
891 1396 958 1451 de
987 1398 1251 1451 malorum
1283 1410 1585 1453 vestrorum
1634 1403 1902 1470 gravitate
1954 1417 1970 1459 :
2003 1413 2057 1458 et

478 1500 603 1538 cum
652 1485 759 1540 Deo
805 1488 1193 1555 propemodum
1258 1492 1675 1559 expostulando,
1734 1494 1978 1548 dicentes
2039 1513 2052 1549 :

479 1575 598 1629 Non
645 1592 745 1631 nos
774 1579 873 1631 soli
912 1576 1077 1631 Deum
1130 1578 1485 1641 irritavimus,
1512 1597 1686 1650 neque
1725 1600 1823 1639 nos
1848 1593 2054 1639 tantum

478 1682 513 1735 p
543 1681 641 1720 ave
694 1683 792 1722 nos
831 1669 1116 1736 gessimus.
1159 1668 1297 1734 Quid
1326 1671 1349 1722 ?
1392 1671 1588 1724 Carteri
1618 1672 1834 1741 quidem
1867 1690 1966 1743 pro
1993 1676 2057 1727 li-

478 1757 591 1809 bito
629 1772 725 1811 nos
761 1766 979 1820 vexant,
1002 1772 1101 1811 nos
1124 1773 1249 1811 vero
1270 1758 1369 1812 soli
1398 1759 1640 1826 passivi?
1668 1760 1831 1829 Atqui
1863 1776 1925 1814 ex
1969 1761 2055 1815 his

2159 571 2251 621 xei.
2297 570 2453 638 ὑμεῖς
2492 568 2590 639 μὲν
2637 571 2700 621 ἐκ
2750 567 2957 619 πολλῶν
3012 567 3302 636 κτημάτων
3340 566 3524 618 ἔσεσθε
3566 567 3725 637 κύριοι

2156 660 2395 723 οὐδενὸς,
2436 662 2520 729 (p.
2562 660 2699 729 271)
2740 658 2939 727 ὄψεσθε
2986 659 3042 711 δὲ
3078 658 3217 711 αύτά
3248 657 3353 710 ὑπὸ
3396 658 3495 728 τὴν
3540 660 3723 729 ἑτέρων

2158 752 2455 822 γιγνόμενα
2473 751 2788 805 δεσποτείαν
2808 793 2823 817 ,
2848 751 2941 804 καὶ
2966 750 3185 821 ἐτέρους
3214 752 3333 802 κατ’
3357 749 3609 815 ἐξουσίαν
3632 751 3724 804 δια-

2160 843 2495 912 νεμομένους
2524 842 2591 894 τά
2627 841 2886 913 ὑμέτερα.

2230 933 2374 1003 Στίχ.
2404 939 2477 997 ς’,
2501 931 2564 996 ζ’.
2584 963 2648 972 —
2675 952 2694 984 ι
2718 934 2804 985 Ἑν
2839 932 3130 1002 Ἐκκλησία
3156 933 3357 1003 Κυρίου
3384 932 3460 1002 μὴ
3477 932 3723 1001 δακρύετε

2157 1024 2437 1095 δάκρυσιν,
2491 1024 2626 1095 μηδὲ
2675 1024 3058 1094 δακρυέτωσαν
3106 1024 3198 1075 ἐπὶ
3246 1023 3486 1086 τούτοις·
3528 1024 3589 1075 ού
3629 1023 3721 1092 γὰρ

2159 1116 2439 1169 ἀπώσεται
2467 1116 2642 1185 ὀνείδη
2680 1115 2882 1181 λέγων·
2925 1111 3087 1179 Οἶκος
3127 1115 3317 1168 Ἰακὼϐ
3390 1114 3722 1185 παρὼργισεν

2158 1207 2382 1276 Πνεῦμα
2439 1206 2682 1277 Κυρίου.
2729 1225 2747 1257 ι
2801 1206 2893 1276 Μή
2950 1208 3130 1259 τοίνυν
3189 1208 3462 1269 συνιόντες
3511 1206 3722 1275 δάκρυσι

2158 1299 2428 1369 κέχρησθε
2476 1300 2537 1351 οὐ
2584 1298 2964 1368 μεταμελείας,
3003 1298 3119 1351 ἀλλ’
3161 1296 3453 1365 ἀλγοῦντες
3509 1298 3607 1367 μὲν
3642 1298 3721 1349 ἐπὶ

2158 1390 2234 1460 τῷ
2267 1390 2488 1460 μεγέθει
2520 1390 2627 1443 τῶν
2665 1390 3086 1460 συμϐεϐηκότων
3134 1391 3263 1459 ὑμῖν
3292 1389 3499 1449 κακῶν,
3538 1388 3719 1459 τρόπον

2155 1480 2214 1532 δέ
2255 1497 2373 1533 τινα
2410 1481 2504 1533 καὶ
2547 1480 2784 1533 αἰτίασιν
2836 1480 3201 1549 προσάγοντες
3229 1477 3308 1548 τῷ
3339 1478 3480 1547 Θεῷ,
3507 1478 3600 1531 καὶ
3643 1477 3718 1529 λέ-

2157 1589 2366 1641 γοντες,
2391 1574 2470 1625 ὃτι
2493 1574 2604 1643 Οὐχ
2625 1574 2784 1643 ήμεῖς
2814 1572 2972 1643 μόνον
2995 1572 3128 1625 Θεὸν
3150 1570 3720 1642 παρωργίσαμεν,οὑδὲ

2160 1667 2286 1734 παρ’
2333 1663 2490 1733 ἡμῶν
2522 1663 2695 1733 μόνων
2735 1661 2804 1714 τὰ
2844 1662 3020 1715 ἄτοπα
3071 1661 3407 1731 πέπρακται;
3442 1660 3507 1711 Τί
3550 1659 3717 1729 δήποτ’

2156 1753 2280 1820 οὗν;
2313 1757 2489 1826 ’ἑτεροι
2546 1756 2644 1826 μὲν
2694 1754 2764 1807 τά
2815 1753 3072 1807 δοκοῦντα
3133 1752 3378 1806 ποιοῦσιν
3430 1754 3511 1815 εἰς
3562 1752 3716 1820 ἡμᾶς.

476 1848 659 1902 verbis
714 1848 916 1900 nullam
972 1863 1066 1901 vos
1132 1848 1416 1901 utilitatem
1466 1849 1722 1917 capietis;
1756 1865 1931 1920 neque
1981 1851 2050 1905 ob

2158 1849 2312 1917 ἡμεῖς
2338 1846 2395 1899 δὲ
2424 1848 2704 1915 πάσχομεν
2742 1844 2933 1915 μόνον;
2964 1844 3099 1897 Οὐδὲ
3126 1843 3234 1913 γὰρ
3264 1842 3417 1895 ἔσται
3449 1860 3524 1907 τι,
3548 1840 3717 1911 φησὶν,

478 1938 619 1993 hanc
671 1939 946 2008 querelam
996 1938 1236 1993 vitabilis
1282 1940 1549 1993 malorum
1601 1942 2052 2009 experimentum,

475 2038 641 2099 atque
665 2044 693 2082 a
722 2030 1093 2084 maledicendo
1114 2031 1184 2084 ob
1220 2034 1653 2099 supervenientia
1702 2033 1841 2086 mala
1870 2048 2056 2087 cessa-

476 2120 627 2175 bitis.
668 2119 814 2183 llaec,
858 2121 1055 2190 inquit,
1093 2120 1261 2175 nolite
1282 2119 1480 2176 facere.
1524 2141 1542 2171 ι
1586 2119 1642 2176 Si
1676 2123 1756 2176 hze
1786 2132 1915 2177 sunt
1968 2138 2059 2176 or-

478 2214 789 2269 dinationes
811 2214 952 2283 ejus,
984 2228 1165 2267 nonne
1185 2213 1312 2266 boni
1336 2221 1463 2267 sunt
1485 2229 1767 2269 sermones
1784 2213 1904 2283 ejus
1932 2230 2055 2269 cum

479 2306 620 2375 ipso,
652 2307 892 2375 rectique
911 2304 1253 2375 procedunt?
1279 2324 1295 2356 ι
1322 2305 1455 2359 Illud
1476 2307 1655 2376 potius
1690 2306 2054 2370 considerate,

479 2398 647 2453 Deum
673 2399 765 2467 qui
793 2398 919 2452 talia
944 2398 1096 2453 vobis
1131 2397 1334 2461 intulit.
1361 2398 1492 2452 nihil
1512 2398 1758 2452 debitum
1780 2398 2055 2465 omisisse;

479 2491 574 2546 scd
600 2497 655 2545 et
684 2489 893 2544 idoneis
941 2490 1122 2545 verbis
1176 2506 1272 2545 vos
1305 2506 1427 2546 esse
1471 2490 1792 2550 allocutum,
1824 2498 1879 2543 et
1916 2504 2059 2558 saepe

477 2579 710 2634 cilicium
758 2580 1031 2643 docuisse,
1084 2590 1137 2634 et
1184 2580 1376 2636 futura:
1426 2597 1600 2651 pinna:
1644 2582 1997 2651 prmdictione
2027 2598 2057 2636 a

478 2670 760 2725 maleﬁciis
792 2687 888 2726 vos
916 2672 1193 2727 retrahere
1219 2672 1479 2727 voluisse.
1528 2676 1597 2726 At
1640 2688 1737 2728 vos
1775 2672 1938 2727 dictis
1970 2689 2061 2725 au-

474 2763 713 2818 scultare
749 2772 1062 2830 renuentes,
1111 2764 1403 2819 verborum
1441 2764 1533 2818 Dei
1585 2764 1973 2820 rectitudinem
2006 2775 2060 2818 et

474 2854 784 2923 aequitatem
807 2854 1096 2912 manifeste
1130 2857 1554 2926 comprobastis,
1598 2857 1689 2926 qui
1726 2857 1901 2927 primo
1932 2857 2057 2927 qui-

2158 1938 2222 1990 ὲκ
2262 1936 2464 1989 τούτων
2508 1936 2617 1988 τῶν
2660 1934 2917 2006 ῥημάτων
2950 1934 3139 2003 ὄφελος
3170 1935 3329 2005 ὑμῖν,
3361 1933 3487 1986 οὐδὲ
3533 1935 3594 1985 ἐκ
3629 1931 3716 1998 τῆς

2158 2029 2448 2093 αἰτιάσεως
2493 2028 2697 2099 ταύτης
2722 2026 3074 2097 διαφεύξεσθε
3133 2028 3231 2097 μὲν
3260 2026 3371 2079 τῶν
3411 2024 3595 2079 κακῶν
3630 2024 3716 2093 τὴν

2160 2125 2374 2192 πεῖραν,
2404 2120 2678 2175 παύσεσθε
2706 2120 2761 2173 δὲ
2790 2120 2880 2173 ἐπὶ
2917 2122 3026 2183 τοῖς
3058 2119 3461 2190 συμϐεϐηκόσιν
3480 2115 3715 2179 ὀνειδιζό-

2163 2231 2311 2284 μενοι
2354 2216 2577 2275 κακοῖς·
2607 2212 2777 2265 ταῦτα
2822 2212 2921 2282 μὲν
2945 2206 3057 2275 οὖν,
3095 2210 3247 2281 φησὶ,
3295 2211 3369 2278 μὴ
3415 2210 3631 2261 ποιεῖτε.
3656 2208 3715 2259 Τί

2158 2306 2250 2370 δέ;
2292 2325 2309 2357 ι
2344 2306 2408 2358 Et
2450 2304 2620 2358 ταῦτα
2663 2303 3069 2375 ἐπιτηδεύματα
3112 2303 3276 2356 αὐτοῦ
3328 2304 3501 2364 ἐστιν,
3532 2301 3639 2369 οὐχὶ
3670 2300 3713 2352 ei

2159 2397 2306 2467 λόγοι
2333 2396 2499 2450 αὑτοῦ
2531 2396 2687 2450 καλοί
2725 2398 2829 2450 εἰσι
2877 2396 2991 2467 μετ’
3030 2395 3216 2459 αὐτοῦ,
3248 2394 3343 2448 καὶ
3374 2394 3525 2465 ὀρθοὶ
3567 2394 3714 2446 ’πιπτει⁹

2163 2508 2411 2561 ρευνται;
2444 2508 2462 2541 ι
2501 2490 2707 2542 Ἐκεῖνο
2726 2489 2781 2541 δὲ
2810 2488 3006 2559 μᾶλλον
3029 2487 3389 2556 ἀποϐλέψατε.
3409 2488 3490 2538 ὅτι
3518 2489 3544 2539 ό
3563 2485 3715 2537 ταῦτα

2162 2582 2383 2649 ἐπάγων
2419 2584 2545 2651 ὑμῖν
2577 2580 2728 2644 Θεὸς,
2763 2580 2915 2634 οὐδὲν
2944 2580 3310 2650 παραλέλοιπε
3346 2580 3454 2632 τῶν
3481 2579 3711 2632 δεόντων·

2162 2675 2295 2728 ἀλλά
2342 2674 2436 2728 καὶ
2486 2672 2667 2741 λόγοις
2722 2672 2988 2743 ἐχρήσατο
3042 2674 3153 2735 τοῖς
3211 2672 3549 2741 προσήκουσι
3598 2672 3713 2742 πρὸς

2163 2768 2335 2838 ὑμᾶς·
2372 2767 2465 2820 καὶ
2496 2764 2733 2830 ἐδίδαξεν
2773 2765 2918 2834 ὑμᾶς
2942 2764 3199 2826 πολλάκις
3225 2763 3262 2817 ἃ
3297 2765 3379 2817 δεῖ
3405 2767 3603 2817 ποιεῖν·
3634 2765 3713 2817 καὶ

2161 2863 2227 2930 τῇ
2267 2858 2494 2929 μηνύσει
2524 2859 2623 2927 τῆς
2659 2856 2955 2928 μελλούσης
3003 2858 3271 2927 τιμωρίας
3312 2856 3616 2925 ἀποστῆσαι
3633 2856 3713 2925 τῆς

475 2943 599 3000 dem
632 2945 923 3001 emendare
942 2962 1040 3002 vos
1069 2947 1242 3002 voluit
1265 2948 1712 3017 praedictionibus
1749 2965 1765 3011 ;
1790 2948 1883 3003 sed
1910 2956 2051 3018 post-

2164 2951 2543 3022 κακοπραγίας
2573 2950 2721 3020 ὑμᾶς
2774 2947 3083 3017 ἠϐουλήθη·
3118 2948 3277 3018 ὑμεῖς
3308 2947 3364 3000 δὲ
3410 2947 3512 3001 ούκ
3552 2948 3711 3017 ἐθελή-

472 3052 639 3105 quam
666 3052 776 3092 non
807 3038 1249 3106 obtemperastis,
1270 3040 1586 3096 necessario
1618 3039 1773 3095 vobis
1799 3055 1909 3095 non
1944 3054 2051 3111 pce-

2165 3061 2355 3107 σαντες
2388 3043 2676 3113 προσέχειν
2705 3043 2816 3103 τοῖς
2844 3040 3186 3110 λεγομένοις,
3218 3042 3303 3109 (p.
3332 3039 3470 3110 272)
3504 3040 3610 3094 τῶν
3633 3040 3710 3093 τοῦ

475 3127 772 3184 nitentibus
812 3131 1096 3184 veritatem
1117 3130 1385 3188 dictorum
1413 3148 1635 3188 suorum
1659 3133 2060 3202 comprobavit.

2165 3135 2299 3187 Θεοῦ
2340 3133 2512 3198 λόγων
2549 3131 2645 3202 τὴν
2670 3128 2935 3199 ὀρθότητα
2967 3131 3062 3182 καὶ⁵
3100 3129 3196 3199 τὴν
3223 3130 3613 3200 δικαιοκρισίαν
3636 3132 3712 3182 ἐπ-

471 3221 707 3285 ιδείξατε
738 3224 941 3293 σαφῶς,
963 3226 1013 3279 οἶ
1047 3229 1307 3298 πρότερον
1336 3227 1433 3297 μὲν
1458 3227 1603 3298 ὑμᾶς
1634 3227 1874 3297 βελτιοῦν
1902 3228 2188 3298 ἠϐούλοντο
2234 3232 2300 3300 τῇ
2350 3227 2596 3299 μηνύσει,
2641 3225 2825 3297 ἐπειδὴ
2855 3225 2911 3277 δὲ
2939 3226 3039 3279 οὐκ
3082 3225 3391 3297 ἐπείσθητε,
3427 3227 3710 3295 ἀναγκαίως

473 3313 605 3381 ὑμῖν
637 3311 697 3363 ού
742 3313 1163 3384 μεταμεληθεῖσι
1202 3315 1302 3386 τὴν
1335 3315 1593 3385 ἀλήθειαν
1637 3317 1919 3381 ἐπέδειξαν
1946 3316 2045 3389 τὴν
2083 3320 2310 3373 οἰκείαν.

543 3401 710 3458 Vens.
745 3405 971 3460 8-10.—
995 3406 1195 3462 Deinde
1228 3408 1494 3477 ainplians
1516 3409 1901 3474 invectionem,
1928 3412 2004 3464 ait
2028 3429 2040 3464 :

2219 3411 2365 3481 Στίχ.
2413 3416 2547 3479 ἠ’-ι’.
2583 3439 2641 3449 -
2672 3404 2803 3463 Εἶτα
2824 3409 2917 3463 καὶ
2946 3406 3200 3461 ἐκτείνων
3233 3408 3329 3479 τὴν
3365 3408 3706 3479 κατηγορίαν·

481 3513 501 3546 ι
539 3492 605 3547 Et
661 3503 818 3549 antea
854 3497 1086 3566 populus
1141 3513 1292 3551 meus
1331 3515 1454 3553 cum
1522 3501 1805 3555 inimicitia
1849 3503 2049 3558 restitit

472 3592 662 3638 contra
697 3599 884 3654 pacem
935 3602 1112 3641 suam.
1157 3606 1177 3640 ι
1213 3586 1316 3642 Sed
1356 3605 1451 3645 vos
1488 3591 1599 3659 jam
1630 3592 1759 3646 olim
1809 3592 2047 3648 inimici-

473 3674 603 3726 tiam
619 3676 930 3744 quamdam,
949 3676 1310 3748 hostilemquc
1332 3680 1597 3736 adversus
1613 3696 1698 3736 me
1721 3684 2046 3738 sententiam

473 3767 816 3837 suscepistis,
846 3768 1069 3823 obedire
1091 3769 1253 3826 dictis
1278 3772 1554 3835 noluistis,
1573 3781 1875 3844 vestraeque
1900 3776 2049 3844 pacis

473 3858 666 3930 magis,
690 3873 853 3928 quam
886 3858 1111 3915 alterius
1140 3861 1451 3930 cujuslibet,
1485 3863 1781 3918 adversarii
1806 3866 2050 3920 exstitis-

472 3951 567 4005 tis.
600 3949 740 4022 Ergo
766 3957 959 4006 vestra:
1003 3952 1365 4008 contumacia:
1397 3953 1609 4007 lucrum
1646 3954 1806 4024 179
1827 3956 2048 4021 cepistis

471 4053 712 4109 praesens
774 4038 993 4093 bellum.
1055 4057 1075 4090 ι
1112 4037 1313 4095 Pellem
1376 4041 1952 4109 ejusexcoriaveruut,
1992 4053 2050 4097 ut

472 4144 623 4200 spem
656 4130 954 4200 eriperent,
982 4132 1363 4186 contritionem
1399 4133 1543 4187 belli.
1585 4153 1603 4185 ι
1642 4133 1921 4204 Quidquid
1948 4136 2049 4189 fuit

472 4221 612 4289 apud
653 4236 921 4292 pauperes
957 4222 1259 4294 eripuistis,
1313 4238 1641 4294 omnemque
1688 4226 1904 4281 illorum
1954 4229 2049 4283 bo-

474 4327 599 4366 nam
630 4327 778 4380 spem
798 4313 1158 4382 praecidistis:
1193 4328 1356 4384 quam
1386 4316 1457 4369 oh
1482 4331 1704 4371 causam
1724 4317 1849 4372 belli
1883 4317 2047 4387 hujus

472 4402 857 4457 contritionem
876 4404 1139 4459 adversus
1158 4420 1252 4460 vos
1272 4408 1617 4462 concitastis.
1646 4407 1777 4474 Cur,
1806 4409 1890 4464 vel
1912 4425 2050 4479 quo-

474 4492 682 4546 modo?
718 4511 735 4545 ι
777 4492 1069 4564 Propterea
1102 4496 1270 4552 duces
1305 4499 1488 4568 populi
1516 4500 1618 4554 mei
1651 4500 1944 4568 ejicientur
1980 4516 2045 4556 ex

473 4583 683 4639 aedibus
708 4586 1026 4641 deliciarum
1061 4604 1306 4656 suarum,
1336 4601 1554 4662 propter
1584 4594 1754 4647 malas
1788 4595 2049 4650 adiuven-

474 4675 654 4729 tioncs
687 4690 816 4732 suas
835 4676 996 4745 ejecti
1026 4686 1175 4734 sunt.
1213 4699 1231 4731 ι
1265 4680 1463 4736 Cuncti
1495 4684 1587 4753 qui
1635 4684 1931 4755 principari
1966 4686 2047 4739 vi-

2162 3518 2181 3552 ι
2222 3499 2332 3552 Καὶ¹
2354 3497 2661 3569 ἔμπροσθεν
2683 3499 2711 3550 ό
2739 3497 2865 3559 λαός
2897 3514 2996 3567 μου
3020 3499 3099 3559 είς
3118 3496 3316 3568 ἔχθραν
3342 3498 3574 3567 ἀντέστη
3600 3515 3708 3551 κατ-

2157 3591 2336 3644 έναντι
2368 3589 2467 3659 τῆς
2498 3590 2720 3661 εἰρήνης
2747 3588 2929 3641 αὐτοῦ.
2961 3608 2981 3640 ι
3020 3589 3205 3659 Ὑμεῖς
3229 3589 3286 3642 δὲ
3310 3589 3517 3643 ἀνωθεν
3538 3589 3708 3661 ἔχθραι

2156 3683 2275 3736 τινὰ
2300 3682 2393 3735 καὶ
2416 3679 2680 3750 πολεμίαν
2708 3678 2931 3749 γνώμην
2950 3680 3154 3733 εἵλεσθε
3178 3680 3315 3751 πρὸς
3343 3682 3464 3751 ἐμὲ,
3486 3682 3708 3735 πείθεσθε

2160 3775 2259 3844 μὲν
2280 3775 2391 3836 τοῖς
2421 3770 2733 3842 λεγομένοις
2758 3771 2858 3824 οὐκ
2889 3772 3177 3835 ἐθέλοντες,
3203 3771 3565 3842 πολεμοῦντες
3584 3773 3635 3825 δὲ
3655 3774 3704 3841 τῇ

2155 3866 2331 3936 οἰκείᾳ
2347 3867 2537 3937 εἰρήνῃ
2567 3864 2763 3934 μᾶλλον
2787 3863 2930 3934 ἥπερ
2956 3864 3129 3934 ἑτέρῳ
3148 3864 3248 3932 τῆς
3274 3864 3403 3931 γοῦν
3453 3863 3704 3924 ἀπειθείας

2155 3959 2252 4027 τῆς
2289 3956 2497 4010 ἑαυτῶν
2538 3956 2725 4023 κέρδος
2766 3954 3021 4027 εἰλήφατε
3070 3956 3159 4008 τὸν
3203 3956 3443 4025 παρόντα
3478 3958 3701 4027 πόλεμον.

2162 4067 2179 4097 ι
2211 4048 2319 4118 Τὴν
2345 4046 2507 4119 δορὰν
2538 4044 2702 4100 αὐτοῦ
2733 4045 3024 4116 ὲξέδειραν,
3052 4046 3145 4101 τοῦ
3190 4048 3481 4116 ἀφελέσθαι
3520 4050 3698 4109 ἐλπίδα,

2158 4138 2490 4211 συντριμμὸν
2522 4139 2782 4211 πολέμου.
2808 4157 2825 4190 ι
2850 4139 3033 4191 Πάντα
3063 4138 3134 4191 τὰ
3166 4139 3421 4209 περιόντα
3436 4144 3546 4205 τοῖς
3565 4142 3699 4207 πένη-

2157 4248 2242 4284 σιν
2270 4231 2594 4303 ἀφῃρεῖσθε,
2619 4231 2713 4285 καὶ
2746 4232 2925 4283 πᾶσαν
2954 4229 3134 4283 αὐτῶν
3167 4229 3376 4301 ἀγαθὴν
3408 4230 3699 4297 ὲξεκόπτετε

2155 4324 2373 4379 ὲλπίδα·
2406 4323 2546 4395 ὑπὲρ
2571 4319 2645 4376 ὧν
2683 4323 2746 4393 δὴ
2779 4322 2872 4376 τοῦ
2906 4322 3172 4390 παρόντος
3212 4322 3447 4393 πολέμου
3473 4324 3568 4393 τὴν
3593 4340 3697 4375 συνο

2154 4415 2346 4487 τριϐὴν
2380 4415 2501 4469 καθ’
2536 4414 2744 4468 ἑαυτῶν
2792 4415 3141 4486 κεκινήκατε.
3189 4415 3309 4478 Πῶς
3355 4416 3453 4469 καὶ
3490 4415 3601 4467 τίνα
3625 4414 3698 4465 τὸν

2152 4508 2379 4577 τρόπον;
2407 4526 2426 4558 ι
2454 4507 2552 4560 Διά
2580 4506 2739 4559 τοῦτο
2764 4508 2813 4559 οἱ
2838 4505 3129 4577 ἡγούμενοι
3157 4506 3248 4559 τοῦ
3275 4505 3405 4560 λαοῦ
3432 4525 3529 4576 μου
3549 4506 3697 4576 ἀπορ-

2157 4600 2477 4669 ριφήσονται
2535 4602 2600 4652 ὲκ
2638 4599 2747 4651 τῶν
2798 4598 2984 4652 οίκιῶν
3035 4599 3245 4670 τρυφῆς
3298 4599 3498 4652 αὐτῶν·
3528 4598 3608 4652 διὰ
3644 4596 3697 4648 τὰ

2154 4690 2368 4760 πονηρά
2401 4690 2802 4761 ἐπιτηδεύματα
2830 4689 3011 4743 αὐτῶν
3043 4689 3374 4759 ἐξώσθησαν.
3412 4708 3431 4741 ι
3460 4691 3695 4749 Ἅπαντες

472 4765 672 4819 dentur
708 4783 807 4822 sua
828 4767 882 4822 in
914 4771 1170 4840 populum
1197 4772 1588 4841 dominatione,
1618 4776 1751 4831 etin
1781 4792 2045 4846 pauperes

2158 4782 2258 4852 γὰρ
2287 4784 2335 4834 οἱ
2366 4781 2617 4853 ἐξάρχειν
2652 4780 2935 4845 δοκοῦντες
2967 4782 3054 4835 διὰ
3088 4781 3185 4851 τὴν
3223 4780 3535 4834 δυναστείαν
3561 4781 3613 4832 ἐν
3636 4777 3696 4845 τῷ

471 4858 779 4927 iniquitate,
806 4859 1094 4929 ejicientur
1116 4864 1366 4921 domibus
1389 4866 1444 4919 in
1480 4867 1683 4935 quibus
1705 4868 2044 4924 deliciaban-

468 4959 578 5015 tur,
610 4951 701 5006 ubi
732 4951 995 5022 plurimas
1039 4970 1337 5025 pauperum
1385 4973 1516 5027 opes
1547 4970 2039 5027 coaCervaverant;

464 5050 521 5098 et
560 5043 703 5098 hanc
753 5046 1012 5116 nequitia:
1044 5063 1158 5104 suae
1186 5065 1401 5119 poenam
1456 5052 1629 5115 luent,
1661 5052 1807 5123 quod
1853 5068 2040 5109 earum

463 5154 645 5193 rerum
669 5154 929 5209 possessu
951 5142 1225 5207 excident,
1249 5159 1387 5211 quas
1432 5144 1637 5213 injuste
1661 5147 2039 5202 obtinuerant.

2149 4870 2264 4939 λαῷ
2294 4870 2434 4941 ὑπὲρ
2465 4872 2563 4941 τῆς
2590 4873 2669 4934 εἰς
2708 4871 2833 4934 τοὺς
2856 4872 3092 4942 πένητας
3120 4872 3351 4936 ἀδικίας,
3390 4871 3694 4941 ὲξωσθήσον-

2148 4980 2237 5016 ται
2269 4962 2378 5015 τῶν
2406 4962 2567 5014 οἴκων
2601 4956 2681 5025 οἷς
2705 4962 3036 5033 ἐνετρύφων,
3066 4961 3293 5015 πλοῦτον
3326 4963 3390 5014 ὲκ
3420 4962 3527 5015 τῶν
3559 4960 3696 5028 mini.

2147 5074 2255 5108 των
2313 5055 2661 5133 συλλέγοντες
2717 5054 3002 5107 πλεῖστον·
3041 5054 3118 5126 (p.
3155 5055 3284 5123 275)
3334 5056 3385 5107 οῖ
3435 5055 3526 5108 καὶ
3566 5053 3694 5113 δίκας

2145 5149 2242 5217 τῆς
2284 5147 2562 5218 μοχθηρᾶς
2612 5145 2864 5217 πράξεως
2915 5145 3165 5208 δώσουσι,
3199 5147 3259 5198 τὸ
3310 5146 3416 5210 ἔξω
3470 5143 3692 5213 γενέσθαι

464 5228 605 5293 Quid
662 5232 836 5301 ergo?
885 5250 904 5283 ι
970 5231 1337 5303 Propinquate
1398 5236 1678 5292 montibus
1720 5237 1969 5294 aeternis.
2013 5255 2031 5287 ι

2158 5237 2347 5291 τούτων
2379 5236 2715 5300 δεσποτείας,
2746 5234 2782 5288 ἃ
2810 5234 2996 5298 κακῶς
3024 5238 3483 5305 προσεκτήσαντο.
3511 5234 3571 5287 Τί
3587 5226 3688 5291 οὗνς

465 5324 639 5396 Surge
695 5335 749 5382 et
808 5328 1182 5398 proﬁciscere,
1234 5332 1365 5401 quia
1421 5348 1528 5387 non
1563 5335 1649 5389 hic
1693 5334 1787 5389 tibi
1818 5335 2037 5404 requies

462 5430 687 5486 prepter
735 5419 1140 5475 immunditiam
1198 5436 1211 5470 :
1256 5424 1501 5491 corrupti
1558 5426 1687 5483 estis
1709 5426 2031 5498 putredine:

2150 5348 2169 5379 ι
2216 5327 2498 5396 Ἐγγίσατε
2537 5326 2721 5397 ὄρεσιν
2768 5325 3029 5387 αἰωνίοις.
3066 5344 3088 5376 ›
3140 5325 3427 5396 Ἀνάστηθι
3478 5327 3565 5378 καὶ⁵
3611 5338 3687 5373 πο-

2146 5412 2327 5485 ρεύου,
2360 5414 2441 5467 ὅτι
2469 5413 2569 5466 οὐκ
2608 5412 2724 5466 ἔστι
2755 5430 2837 5466 σοι
2867 5412 3007 5483 αῦτη
3039 5413 3343 5477 ἀνάπαυσις
3371 5415 3549 5468 ἕνεκεν
3573 5414 3687 5464 ἀκα-

463 5505 707 5577 fugistis,
779 5511 997 5566 nemine
1078 5522 1457 5582 persequente.
1510 5510 1678 5569 Vobis
1736 5517 1919 5583 itaque
1972 5529 2043 5570 ne

2158 5505 2368 5577 ἀρσίας
2388 5520 2401 5535 °
2435 5504 2762 5577 διεφθάρητε
2814 5503 2987 5576 φθορᾷ
3006 5520 3020 5533 ·
3058 5505 3474 5577 κατεδιώχθητε,
3504 5500 3682 5562 οὐδενὸς

462 5596 739 5667 pugnandi
759 5600 980 5669 quidem
1007 5602 1274 5658 adversus
1301 5603 1489 5659 hostes
1518 5612 1813 5673 praetextus
1844 5620 2043 5675 super-

2158 5597 2442 5660 ἱιώκοντος.
2475 5598 2587 5667 Οὐχ
2629 5595 3013 5650 ὑπολέλειπται
3047 5596 3224 5650 τοίνυν
3273 5596 3402 5666 ὑμῖν
3454 5595 3563 5649 οὐδὲ
3595 5592 3679 5663 μά-

461 5686 588 5751 erit,
617 5689 877 5757 quoniam
902 5691 987 5747 his
1010 5707 1039 5746 a
1056 5691 1167 5749 Deo
1187 5695 1259 5749 ob
1278 5695 1577 5765 nequitiam
1596 5704 1832 5751 vestram
1857 5696 2039 5751 traditi

2158 5708 2239 5762 [ης
2278 5690 2414 5761 πρὸς
2440 5690 2567 5753 τοὺς
2592 5689 2884 5761 πολεμίους
2918 5689 3210 5761 πρόφασις,
3239 5691 3343 5743 ὑπὸ
3374 5689 3504 5744 Θεοῦ
3530 5701 3677 5756 παρα-

463 5774 667 5834 fnistis.
700 5776 1123 5839 Proﬁciscimini
1148 5799 1280 5856 ergo
1303 5785 1368 5841 ad
1424 5785 1660 5841 hostium
1688 5787 1845 5845 lines.
1897 5801 2039 5857 quos

2158 5781 2440 5853 ἰεδομὲνοις
2467 5780 2554 5835 διὰ
2583 5780 2683 5854 τήν
2734 5781 3033 5853 μοχθηρίαν
3059 5781 3161 5842 τὴν
3201 5781 3409 5835 aindas
3426 5798 3440 5813 ·
3467 5779 3610 5833 ἄπιτε
3629 5771 3675 5827 δὲ
