3954 6510
244 365 351 423 55Ἳ

1215 354 1767 413 COMMENTARIUS
1804 352 1872 409 IN
1911 355 2221 413 MIClUEJE
2258 357 2405 413 CAP.
2457 358 2540 413 lll.

3397 360 3502 416 358

244 481 340 533 ἐπὶ
371 477 440 532 τὰ
472 476 597 548 ὅρια
629 473 737 528 τῶν
761 472 1058 544 πολεμίων,
1086 470 1121 526 ἃ
1146 472 1429 544 πόρρωθεν
1469 472 1596 541 ὑμῖν
1631 469 1828 541 ηὐτρέ-

1942 476 2102 530 multo
2129 482 2289 531 antea
2316 477 2471 531 vobis
2498 474 2708 546 paravit
2760 472 2922 536 Deus,
2964 481 3023 527 ut
3054 472 3164 527 illic
3191 474 3390 543 captivi
3424 476 3503 529 in-

245 585 404 620 πισεν
445 569 474 620 ό
507 565 659 627 Θεὸς,
691 563 766 626 ὡς
803 561 869 616 ἂν
909 560 1045 633 μετά
1086 562 1461 631 αἰχμαλωσίας
1494 560 1728 629 οἰκοίητε
1768 561 1826 612 ἐν

243 658 462 721 αὐτοῖς·
492 658 675 725 τυχεῖν
704 656 810 724 γάρ
834 670 894 705 σε
914 654 1014 721 τῆς
1042 651 1272 705 ἐνταῦθα
1309 651 1687 714 ἀναπαύσεως,
1717 649 1826 701 τῶν

244 748 554 803 ἀδυνάτων·
616 744 803 815 ἐπειδὴ
865 743 1004 814 ὑπὲρ
1058 736 1134 795 ὧν
1199 741 1509 813 ἀκαθαρσίᾳ
1569 739 1827 809 ωνεςῆτε

246 839 418 908 πολλῇ
450 836 593 890 κατά
618 853 677 888 τε
720 833 816 903 τὴν
846 834 1121 897 ἀσέϐειαν,
1152 831 1295 885 κατά
1330 849 1388 884 τε
1415 831 1512 904 τὴν
1546 831 1654 884 τῶν
1684 830 1827 900 πράο

247 930 386 995 ξεων
428 928 748 1000 μοχθηρίαν,
794 930 861 998 τῇ
896 925 1005 979 τῶν
1042 925 1317 995 πολεμίων
1367 922 1634 992 διαφθορᾷ
1688 938 1830 992 παρ-

246 1025 467 1093 εδόθητε
520 1024 597 1085 εἰς
644 1022 709 1092 ἢν
739 1017 1150 1081 συνελαύνεσθε,
1194 1016 1295 1070 οὐκ
1341 1013 1642 1085 ἀνθρώπων
1686 1014 1829 1083 ὑμᾶς

247 1115 597 1181 ἀπαγόντων,
628 1111 763 1165 ἀλλά
801 1109 935 1164 Θεοῦ
982 1109 1076 1162 τοῦ
1117 1108 1214 1179 τὴν
1247 1105 1516 1179 τιμωρίαν
1546 1105 1829 1177 ὁρίσαντος

245 1204 456 1274 ταύτην
488 1203 636 1273 ὑμῖν.

321 1294 471 1363 Στίχ.
498 1300 687 1361 ια’-ιγ’.
718 1322 787 1331 -
815 1290 924 1344 Καὶ
954 1290 1050 1361 τὴν
1074 1289 1253 1342 αἰτίαν
1280 1288 1453 1357 λέγων
1481 1286 1579 1358 τῆς
1603 1283 1711 1339 τῶν
1743 1302 1833 1339 πε⁸

249 1386 585 1458 πραγμένων
640 1386 823 1447 αὐτοῖς
877 1382 1210 1452 διαφθορᾶς,
1274 1401 1293 1432 ι
1354 1378 1579 1449 Πνεῦμα
1636 1378 1832 1447 ἔστησε

246 1479 445 1547 ψευδές
470 1495 482 1507 ·
538 1495 556 1528 ι
610 1476 800 1545 γέγονε
850 1475 906 1527 δέ
942 1492 1047 1539 σοι,
1094 1473 1247 1544 φησι,
1286 1475 1503 1526 πάντων
1555 1469 1724 1523 αἴτιον
1772 1469 1833 1521 τὸ

250 1570 532 1623 πιστεύειν
572 1571 638 1639 τῇ
679 1567 787 1620 τῶν
817 1565 1279 1637 ψευδοπροφητῶν
1319 1565 1522 1635 ἀπάτῃ.
1565 1580 1585 1613 ι
1645 1561 1833 1614 Ἐστά-

247 1662 381 1728 λαξέ
408 1678 489 1714 σοι
517 1662 595 1724 είς
622 1655 763 1712 οἶνον
808 1659 900 1712 καὶ
945 1658 1214 1728 μέθυσμα.
1257 1677 1273 1708 ι
1315 1655 1555 1709 Ἐκείνου
1588 1652 1695 1725 γὰρ
1727 1654 1833 1706 ἀπ-

249 1753 515 1817 εστάλαξέ
542 1771 623 1805 σοι
653 1752 877 1821 ταυτηνὶ
895 1752 992 1820 τὴν
1022 1751 1311 1821 τιμωρίαν,
1329 1749 1420 1817 ἀφ’
1444 1742 1511 1819 ἦς
1543 1746 1831 1818 μεθύοντος

248 1845 566 1914 διενήνοχας
595 1841 769 1905 οὐδὲν,
800 1844 865 1911 τῇ
894 1840 1135 1913 ποικιλίᾳ
1166 1840 1559 1911 περιαγόμενος
1586 1838 1693 1891 τῶν
1727 1855 1826 1890 κα-

251 1935 396 1986 κῶν·
428 1933 707 2002 ἐδείξαμεν
739 1938 815 2002 (p.
854 1931 980 1999 274)
1013 1931 1069 1984 δὲ
1094 1932 1185 1985 καὶ
1211 1932 1435 2001 ἑτέρωθι
1455 1932 1536 1983 ὅτι
1564 1930 1654 1983 τὸν
1681 1926 1829 1983 οἶνον

252 2023 350 2075 ἐπὶ
377 2026 478 2094 τῆς
499 2022 767 2094 τιμωρίας
793 2022 959 2090 λέγει.
994 2041 1013 2073 ι
1052 2023 1160 2075 Kal.
1183 2021 1333 2077 ἔσται
1362 2024 1424 2075 ἐκ
1448 2022 1548 2092 τῆς
1574 2021 1831 2089 σταγόνος

251 2115 351 2183 τοῦ
384 2113 514 2168 λαοῦ
549 2113 736 2167 τούτου
786 2113 1149 2184 συναγόμενος
1186 2115 1578 2184 συναχθήσεται
1636 2112 1830 2166 Ἰακὼϐ

253 2210 358 2261 σὺν
386 2209 572 2260 πᾶσιν.
610 2227 627 2257 ι
672 2207 765 2259 Ἐκ
793 2206 847 2258 δέ
872 2206 1072 2278 ταύτης
1105 2210 1203 2278 τῆς
1234 2208 1417 2270 κακῶς
1451 2209 1579 2277 ύμῖν
1610 2209 1830 2276 ἐγγενο-

255 2300 428 2371 μένης
454 2301 669 2371 ἀπάτης
701 2301 809 2352 τῶν
835 2299 1293 2371 ψευδοπροφητῶν
1314 2342 1329 2368 ,
1354 2301 1593 2363 ἅπαντες
1624 2301 1702 2363 εἰς
1731 2301 1830 2371 τὴν

251 2391 539 2463 παροῦσαν
569 2390 892 2464 ἠθροίσθητε
921 2390 1190 2461 τιμωρίαν
1211 2431 1225 2454 ,
1260 2392 1325 2461 ἢν
1356 2390 1605 2461 οὐδαμῶς
1636 2392 1832 2461 διαφυ-

250 2485 373 2549 γεῖν
417 2483 544 2552 ὑμῖν
582 2481 821 2535 δυνατόν.
870 2499 888 2533 ι
950 2480 1331 2551 Ἐκδεχόμενος
1370 2480 1656 2552 ἐκδέξομαι
1706 2485 1831 2548 τοὺς

254 2575 619 2638 καταλοίπους
655 2574 749 2627 τοῦ
805 2572 1037 2644 Ἰσραὴλ,
1074 2573 1165 2626 ἐπὶ
1188 2572 1249 2626 τὸ
1285 2573 1416 2627 αὐτὸ
1465 2573 1700 2645 θήσομαι
1733 2575 1831 2646 τὴν

253 2668 607 2737 ἀποστροφὴν
630 2665 826 2719 αὐτῶν.
869 2684 887 2715 ι
923 2666 1206 2729 Ἀπαντας
1227 2664 1403 2719 τοίνυν
1432 2665 1599 2736 ὑμᾶς,
1625 2666 1752 2731 τούς
1772 2685 1831 2722 τε

254 2760 526 2831 πρότερον
567 2757 869 2829 ληφθέντας
917 2758 1020 2810 ὑπὸ
1049 2756 1159 2810 τῶν
1200 2757 1529 2828 Ἀσσυρίων,
1565 2759 1660 2811 καὶ
1706 2761 1834 2823 τοὺς

254 2850 510 2921 ὕστερον,
541 2846 793 2919 ἀναμενῶ
819 2850 884 2920 τῇ
916 2846 1152 2920 τοσαύτῃ
1183 2847 1638 2919 παραδιδομένους
1666 2867 1837 2919 τιμω-

258 2942 375 3014 ρίᾳ,
400 2944 481 3005 εἰς
502 2941 568 3012 ἣν
586 2940 726 2994 κατὰ
748 2941 941 2993 ταυτὸν
968 2940 1077 2994 τῶν
1102 2940 1282 2994 τόπων
1308 2940 1703 3012 ἀφαιρηθέντες
1728 2941 1835 2996 τῶν

252 3034 498 3098 οἰκείων,
530 3032 1017 3105 ἀποστραφήσεσθε
1048 3034 1127 3096 εἰς
1160 3032 1532 3103 αἰχμαλωσίαν
1561 3034 1839 3104 ἀπαγόμε,

1927 570 2151 636 colatis;
2177 584 2303 623 nam
2328 577 2380 623 te
2410 568 2513 623 hoc
2538 568 2661 622 loco
2687 568 2895 621 diutius
2918 567 3220 635 quiescere.
3246 568 3502 635 impossi-

1928 662 2035 716 bile
2064 669 2181 728 est;
2212 660 2652 731 quandoquidem
2696 668 2917 730 propter
2950 661 3070 714 vita}
3102 665 3295 712 vestra:
3324 660 3501 728 impu—

1930 756 2145 809 ritatem
2221 754 2336 809 sive
2401 752 2704 822 irreligiose
2771 752 2884 806 sive
2948 752 3192 821 improbe
3268 751 3499 818 agendo,

1933 847 2182 901 hostibus
2244 844 2445 902 vestris
2502 844 2568 896 ad
2628 843 2921 912 perniciem
2973 844 3154 897 traditi
3205 842 3372 903 estis,
3433 842 3500 895 ad

1930 952 2092 1006 quam
2125 935 2435 998 ducemini;
2479 934 2623 988 hattd
2657 933 2971 988 hominibus
3017 950 3112 988 vos
3136 936 3497 999 trahentibus,

1932 1028 2026 1085 sed
2056 1029 2179 1099 ipso
2211 1030 2318 1083 Deo
2348 1029 2439 1099 qui
2471 1029 2613 1082 hanc
2636 1027 2791 1082 vobis
2813 1042 3026 1096 pcenam
3055 1028 3313 1082 decrevit.

2005 1315 2170 1370 Vens.
2208 1313 2404 1367 11-15.
2426 1343 2495 1352 -
2517 1313 2653 1365 Tum
2686 1324 2906 1365 causam
2936 1310 3256 1378 corrupti-lae
3286 1308 3501 1362 illorum

1933 1408 2124 1462 dicens
2157 1426 2169 1459 :
2207 1424 2224 1455 ι
2260 1404 2499 1474 Spiritus
2525 1446 2539 1471 ,
2583 1403 2802 1473 inquit,
2844 1403 3036 1458 statuit
3075 1402 3441 1455 mendacium.
3478 1419 3496 1452 ι

1933 1501 2109 1556 Causa
2148 1500 2244 1554 tibi
2277 1499 2472 1551 horum
2512 1498 2756 1551 omnium
2802 1495 2938 1553 fuit.
2985 1496 3141 1548 [idem
3183 1494 3504 1547 adhibuisse

1936 1593 2199 1649 falsorum
2262 1591 2647 1661 prophetarum
2711 1589 2911 1642 fraudi.
2950 1608 2966 1637 ι
3003 1587 3240 1641 Stillavit
3294 1586 3389 1639 tibi
3446 1586 3503 1639 in

1934 1686 2118 1739 vinum
2151 1692 2203 1738 et
2233 1684 2574 1737 ebrietatem.
2605 1700 2622 1733 ι
2656 1680 2727 1733 Ex
2764 1680 2857 1733 illo
2896 1680 2988 1732 tibi
3040 1678 3323 1732 instillavit
3362 1678 3504 1730 hanc

1862 1809 1903 1866 Β
1936 1774 2275 1844 punitionem
2302 1812 2316 1831 ,
2349 1786 2456 1841 qua
2492 1770 2666 1824 factus
2698 1783 2756 1823 es
2784 1769 2937 1822 ebrio
2967 1766 3163 1821 similis
3185 1806 3198 1829 ,
3234 1766 3504 1818 malorum

1931 1867 2207 1921 variorum
2237 1863 2587 1918 multitudine
2615 1862 2999 1915 circumactus.
3034 1858 3098 1911 Et
3128 1858 3345 1926 quidem
3378 1855 3505 1910 alibi

1931 1975 2034 2013 nos
2062 1957 2437 2015 ostendimus.
2475 1956 2660 2008 vinum
2695 1954 2801 2007 diei
2843 1968 2873 2005 a
2911 1952 3194 2021 Scriptura
3230 1950 3505 2004 interdum

1932 2066 2034 2122 pro
2065 2049 2367 2120 punitione.
2407 2047 2569 2117 180
2600 2065 2617 2097 ι
2643 2046 2707 2099 Et
2736 2046 2878 2108 erit,
2921 2045 2988 2097 de
3020 2044 3164 2098 stilla
3194 2044 3376 2113 populi
3406 2042 3509 2095 hu-

1928 2143 2054 2212 jus,
2096 2140 2521 2209 congregatione
2557 2136 2979 2205 congregabitur
3013 2132 3182 2187 Jacob
3221 2148 3344 2187 cum
3385 2148 3507 2185 om-

1933 2233 2117 2287 nibus.
2150 2250 2168 2283 ι
2200 2230 2282 2285 Oh
2323 2232 2463 2283 hanc
2502 2238 2682 2282 autem
2726 2228 2863 2279 male
2904 2226 3060 2279 vobis
3099 2224 3429 2278 insinuatam
3476 2238 3507 2277 a

1934 2321 2087 2376 falsis
2142 2320 2422 2390 prophetis
2474 2317 2761 2378 fraudem,
2804 2316 2991 2370 cuncti
3042 2315 3203 2369 simul
3253 2315 3317 2367 ad
3368 2314 3510 2369 hanc

1934 2412 2113 2466 adacti
2164 2425 2377 2478 pmnam
2428 2407 2641 2472 fuistis,
2698 2420 2860 2475 quam
2911 2420 3019 2459 non
3068 2405 3199 2457 licet
3248 2404 3507 2473 eﬁ‘ugere.

1940 2525 1958 2557 ι
1973 2503 2331 2575 Suscipiendo
2348 2502 2645 2571 suscipiam
2665 2500 2903 2568 reliquos
2920 2498 3031 2552 lsra
3043 2497 3163 2559 elis,
3180 2495 3233 2551 in
3257 2496 3309 2548 id
3330 2496 3510 2565 ipsum

1933 2612 2131 2667 ponam
2168 2594 2504 2649 aversionem
2537 2607 2748 2647 eorum.
2790 2610 2807 2642 i
2836 2589 3079 2645 Cunctos
3108 2604 3237 2659 ergo
3269 2602 3364 2642 vos
3394 2595 3511 2640 tum

1935 2695 2091 2741 antea
2120 2693 2310 2755 captos
2341 2685 2410 2738 ab
2436 2684 2678 2754 Assyriis
2699 2724 2713 2745 ,
2748 2689 2860 2735 tum
2911 2689 3100 2749 postea
3124 2720 3138 2745 ,
3181 2679 3513 2748 exspectabo

1935 2779 2028 2835 tali
2060 2793 2234 2848 poenae
2262 2776 2602 2831 contraditos
2622 2816 2636 2836 .
2667 2775 2733 2829 ad
2759 2790 2922 2843 quam
2956 2773 3197 2844 propriis
3231 2771 3404 2826 avulsi
3436 2786 3517 2825 se-

1936 2872 2099 2926 dibus
2138 2868 2495 2930 avertemini,
2542 2869 2595 2921 in
2629 2867 2997 2936 captivitatem
3042 2864 3276 2933 abrepti.
3308 2882 3326 2914 ‹
3359 2862 3515 2917 Sicut

1938 2977 2068 3018 oves
2101 2961 2156 3015 in
2191 2960 2549 3014 tribulatione
2569 3001 2583 3024 ,
2612 2958 2768 3027 quasi
2804 2973 2995 3027 greges
3026 2956 3081 3010 in
3110 2957 3289 3010 medio
3318 2956 3515 3010 nubilis

1940 3054 2025 3110 sui
2052 3094 2067 3117 ,
2098 3052 2355 3109 exsilient
2378 3066 2442 3106 ex
2475 3050 2807 3125 hominibus.
2838 3069 2857 3101 ι
2877 3048 3087 3103 Tantus
3119 3048 3271 3102 vobis
3299 3050 3518 3117 ingruct

254 3142 362 3179 νοι.
410 3142 431 3177 t
487 3123 573 3187 Ὠς
607 3124 854 3194 πρόϐατα
883 3124 940 3176 ἐν
972 3121 1166 3192 θλίψει,
1208 3123 1283 3186 ώς
1329 3124 1554 3194 ποίμνια
1595 3128 1653 3179 ἐν
1688 3126 1836 3198 μέσῳ

1942 3160 2110 3215 pavor
2155 3145 2222 3199 ab
2264 3143 2500 3197 hostium
2532 3142 2790 3206 incursu,
2820 3150 2880 3194 ut
2922 3140 3064 3193 hami
3099 3140 3395 3193 dissimiles
3430 3138 3517 3191 l‘u-

256 3217 452 3287 κοίτης
481 3215 658 3269 αὐτῶν
700 3215 1015 3281 ἐξαλοῦνται
1055 3214 1112 3282 ἐξ
1152 3214 1473 3286 ἀνθρώπιον.
1530 3237 1548 3269 ι
1602 3217 1837 3271 Τοσοῦτο

256 3309 373 3380 γὰρ
405 3308 533 3379 ὑμῖν
567 3310 884 3379 ἐμπεσεῖται
914 3307 1029 3371 δέος
1078 3309 1142 3360 ἐκ
1180 3308 1277 3378 τῆς
1315 3309 1502 3378 ἐφόδου
1536 3309 1645 3363 τῶν
1680 3310 1840 3363 πολε-

261 3400 430 3470 μίων,
484 3398 623 3451 ὥστε
673 3398 839 3470 μηδὲν
890 3399 1034 3468 ὑμᾶς
1083 3398 1400 3454 ἀπεοικέναι
1437 3400 1757 3471 προϐάτων,
1802 3399 1839 3454 ἃ

259 3488 595 3543 καθεύδοντα
618 3488 812 3560 ἀθρόον
835 3488 1154 3552 ἐπιστάντος
1181 3488 1368 3555 λύκου,
1401 3492 1480 3554 είς
1506 3493 1750 3563 ταραχήν
1778 3508 1837 3545 τε

261 3579 627 3634 καθίστανται
667 3580 759 3632 καὶ
790 3578 907 3642 δέος
927 3619 941 3643 ,
993 3579 1122 3648 περὶ
1154 3579 1252 3649 τῆς
1284 3580 1556 3651 σωτηρίας
1601 3581 1839 3649 ἀγωνίαν

261 3670 689 3741 ἀναγκαζόμενα
718 3672 815 3741 τῆς
846 3669 1067 3732 οἰκείας.
1115 3688 1133 3722 ι
1201 3670 1457 3742 Ἀνάϐηθι
1487 3672 1574 3725 διὰ
1613 3673 1712 3741 τῆς
1749 3689 1842 3725 κο-

263 3762 380 3831 πῆς
437 3761 543 3832 πρὸ
589 3759 879 3831 προσώπου
934 3760 1145 3815 αὐτῶν
1195 3760 1448 3831 διέκοψαν
1489 3763 1582 3816 καὶ
1629 3763 1841 3834 διῆλθον

264 3853 472 3923 πύλην,
503 3854 596 3907 καὶ
618 3852 837 3923 ἐξῆλθον
857 3853 922 3906 δι’
948 3853 1135 3921 αὐτῆς
1163 3853 1259 3907 καί⁹
1285 3854 1505 3924 ἐξῆλθεν
1532 3857 1559 3908 ὁ
1590 3854 1843 3924 βασιλεὺς

265 3944 454 4000 αὐτῶν
486 3944 591 4016 πρὸ
619 3942 908 4013 προσώπου
939 3943 1136 3998 αὐτῶν.
1183 3963 1200 3997 ι
1253 3943 1470 4015 Ἐπειδὴ
1507 3946 1615 4018 γὰρ
1654 3948 1702 4000 οἰ
1739 3947 1844 4000 Βα-

266 4036 522 4091 ϐυλώνιοι
555 4037 648 4089 ἐπὶ
693 4036 825 4089 πολὺ
861 4036 960 4107 τὴν
1013 4036 1370 4108 Ἰερουσαλὴμ
1404 4038 1841 4110 πολιορκοῦντες,

268 4130 355 4199 (ιι.
387 4129 511 4198 275)
543 4129 897 4200 μηχανήμασι
929 4127 1026 4200 τὴν
1051 4129 1204 4182 πόλιν
1227 4128 1481 4195 λαϐόντες
1514 4131 1760 4203 διένεμον
1785 4132 1847 4186 τὸ

266 4222 481 4290 τεῖχος,
522 4219 664 4273 οῦτω
703 4236 762 4273 τε
799 4221 897 4290 τὴν
931 4222 1010 4284 εἰς
1048 4220 1148 4292 τὴν
1194 4221 1346 4276 πόλιν
1390 4222 1595 4276 εἴσοδον
1634 4225 1848 4289 ἑαυτοῖς

271 4312 848 4382 πραγματευσάμενοι,
882 4312 1127 4376 ἅπαντας
1160 4313 1297 4384 μετά
1327 4312 1422 4367 τοῦ
1467 4313 1728 4385 βασιλέως
1759 4317 1848 4371 διὰ

270 4403 381 4473 τῆς
418 4401 591 4473 πύλης
636 4403 729 4455 ἐπὶ
771 4403 870 4474 τὴν
920 4405 1295 4474 αἰχμαλωσίαν
1349 4404 1653 4476 ἐξήγαγον*
1690 4409 1848 4463 τοῦτο

1941 3238 2046 3292 turi
2081 3237 2202 3291 sitis
2233 3236 2416 3289 ovium
2444 3249 2565 3304 quae
2591 3233 2956 3293 dormientes.
3002 3232 3246 3285 irruente
3295 3236 3520 3296 repente

1939 3329 2102 3398 lupo,
2138 3328 2373 3380 tumultu
2410 3335 2463 3380 et
2489 3328 2937 3380 consternatione
2969 3324 3284 3389 turbantur,
3326 3321 3394 3377 de
3430 3338 3521 3377 sa-

1939 3419 2050 3473 lute
2074 3433 2172 3474 sua
2199 3417 2474 3487 trepidare
2500 3425 2723 3471 coactae.
2748 3435 2766 3466 ι
2797 3415 3046 3470 Ascende
3073 3431 3169 3485 per
3196 3415 3519 3469 divisionem

1942 3519 2068 3566 ante
2103 3510 2295 3564 faciem
2330 3524 2519 3564 eorum
2548 3526 2562 3575 ;
2596 3508 2906 3563 diviserunt
2940 3516 2994 3564 et
3024 3508 3362 3563 transierunt
3398 3523 3522 3578 por-

1942 3608 2053 3655 tam
2080 3639 2095 3663 ,
2126 3608 2180 3655 et
2215 3616 2311 3669 per
2339 3614 2460 3654 eam
2493 3609 2849 3655 excesserunt
2876 3618 2889 3653 :
2920 3609 2974 3654 et
3008 3616 3101 3653 rex
3132 3615 3319 3653 eorum
3357 3600 3523 3653 exivit

1943 3700 2070 3746 ante
2109 3692 2277 3761 ipsos.
2313 3710 2331 3742 ι
2357 3690 2655 3761 Postquam
2704 3691 2985 3762 Babylonii
3034 3690 3374 3746 Hierusalem
3427 3690 3521 3745 ditt

1943 3783 2311 3846 obsederunt,
2354 3792 2775 3853 expugnataque
2805 3785 3023 3839 demum
3066 3785 3204 3838 urbe
3248 3782 3522 3837 machinis

1944 3876 2146 3930 mmnia
2179 3875 2518 3939 diviserunt,
2555 3884 2719 3945 atque
2750 3875 3002 3944 ingressu
3055 3875 3159 3931 sibi
3208 3875 3483 3944 patefacto
3507 3916 3524 3937 ,

1946 3973 2176 4020 cunctos
2202 3980 2309 4020 una
2339 3981 2463 4020 cum
2497 3981 2622 4035 rege
2649 3981 2747 4035 per
2787 3974 3001 4035 portam
3048 3967 3099 4019 in
3147 3966 3523 4035 captivitatem

1945 4056 2314 4126 expulerunt;
2352 4057 2456 4111 hoc
2492 4056 2608 4111 ait:
2646 4056 2924 4120 Ascende,
2966 4056 3090 4112 vide
3122 4072 3338 4110 murum
3370 4063 3526 4110 tuum

1944 4146 2216 4212 divisum,
2251 4162 2411 4217 quem
2445 4147 2633 4201 hostes
2663 4146 3021 4201 demolientes
3049 4162 3246 4200 vanam
3281 4147 3377 4200 tibi
3412 4162 3531 4216 spe-

1948 4247 2123 4294 ratam
2158 4240 2227 4293 ab
2261 4241 2363 4293 hoc
2396 4239 2626 4293 salutem
2655 4238 2973 4293 etl‘ecerunt.
3002 4236 3269 4292 Omnibus
3298 4238 3439 4292 enim
3472 4238 3529 4292 in

1949 4331 2085 4387 urbe
2118 4331 2538 4402 superstitibus,
2575 4341 2699 4400 post
2735 4330 3043 4385 occisorum
3092 4339 3326 4399 stragem
3360 4330 3530 4399 capti-

1950 4422 2113 4487 vatis,
2142 4438 2239 4494 per
2270 4430 2483 4494 portam
2501 4438 2664 4494 quam
2685 4437 2937 4478 reserare
2955 4422 3234 4485 noluistis,
3255 4422 3529 4483 exierunt,

272 4493 460 4562 λέγει⁶
493 4493 670 4547 Ἀνιθι
705 4493 791 4564 δὴ,
824 4496 978 4563 φησὶ,
1026 4495 1119 4548 καὶ
1150 4495 1250 4567 δρα
1289 4494 1349 4549 τὸ
1388 4497 1566 4568 τεῖχός
1605 4516 1699 4551 σου
1740 4498 1836 4553 δια·

1959 4493 2232 4586 praeeunte
2276 4493 2331 4570 in
2376 4493 2746 4586 captivitatem
2778 4515 2871 4570 illo
2902 4515 2993 4585 qui
3026 4527 3181 4570 antea
3208 4530 3303 4570 rex
3339 4529 3529 4569 eorum

270 4582 643 4653 τετμημένον,
673 4582 702 4634 ὃ
723 4582 1091 4651 ’διακόψαντες
1128 4584 1177 4636 οἰ
1211 4584 1460 4657 πολέμιοι
1495 4588 1732 4657 ματαίαν
1767 4606 1850 4643 σοι

272 4675 382 4746 τὴν
405 4674 848 4748 ύποπτευομένην
875 4676 1124 4731 ἐντεῦθεν
1144 4678 1444 4748 ἀσφάλειαν
1464 4682 1847 4753 πεποιήκασιν

1956 4624 2079 4666 esse
2102 4610 2407 4664 videbatur.
2432 4607 2497 4663 At
2516 4608 2659 4663 enim
2683 4608 2958 4677 quomodo
2977 4607 3090 4662 hzec
3112 4608 3297 4662 hostes
3316 4614 3535 4676 patrare

1959 4701 2266 4769 poterunt?
2293 4718 2311 4751 ι
2347 4698 2611 4754 Dominus
2638 4699 2748 4753 dux
2795 4698 3008 4751 illorum
3054 4699 3179 4753 erit.
3216 4717 3233 4749 ι
3271 4696 3534 4752 Dominus

274 4765 529 4858 ἅπαντας
556 4766 665 4839 γὰρ
690 4769 813 4831 τοὺς
841 4768 897 4820 ἐν
926 4770 991 4839 τῇ
1020 4768 1171 4822 πόλει
1203 4769 1339 4839 μετά
1363 4771 1463 4843 τὴν
1497 4771 1605 4827 τῶν
1633 4791 1836 4829 πεπτω-

1957 4786 2305 4857 imperatoris
2356 4788 2477 4843 vice
2523 4786 2771 4858 fungitur
2818 4787 2961 4857 apud
3014 4788 3268 4843 inimicos
3298 4794 3528 4843 vestros.

276 4856 457 4911 κότων
491 4858 805 4928 ἀναίρεσιν,
835 4858 925 4912 διὰ
971 4858 1072 4929 τῆς
1121 4859 1313 4931 πύλης,
1360 4862 1426 4931 ἢν
1479 4863 1702 4931 ἀνάγειν
1752 4867 1852 4919 οὐκ

1959 4872 2163 4929 Deinde
2194 4890 2295 4930 cur
2326 4875 2442 4930 haec
2470 4877 2772 4946 patiantur.
2808 4892 3003 4931 rursus
3030 4878 3123 4930 ait.

277 4947 591 5015 ἐϐούλεσθε,
623 4948 879 5015 λαϐόντες
908 4950 1284 5021 αἰχμαλώτους
1312 4919 1563 5024 ἐξήλθον,
1595 4919 2005 5028 προηγουμένου
2046 4919 2163 5034 τῆςν
2192 4919 3290 5036 ’βασιλεύειῦιιαύτῶν
3338 4964 3534 5036 πρότε-
3585 4919 3597 4933 ⁵

281 5056 381 5112 ρον
441 5039 739 5107 δοκοῦντος.
793 5042 903 5096 Καὶ
944 5042 1062 5107 πῶς
1121 5043 1293 5100 ταῦτα
1352 5044 1575 5114 ποιῆσαι
1624 5047 1941 5120 δυνήσονται
1983 5055 2033 5107 οἰ
2084 5056 2367 5127 πολέμιοις
2417 5077 2435 5108 ‹
2490 5058 2547 5110 Ὀ
2588 5057 2645 5110 δὲ
2686 5057 2891 5128 Κύριος
2942 5058 3206 5127 ἡγήσεται
3254 5058 3469 5111 αὐτῶν*
3508 5074 3531 5110 ι

279 5131 475 5204 ἐπειδὴ
514 5132 645 5197 Θεὸς
696 5134 879 5198 αὐτοῖς
926 5133 985 5187 ἐν
1029 5133 1143 5198 τοῖς
1190 5132 1309 5187 καθ’
1343 5134 1496 5207 ὑμῶν
1540 5142 1836 5211 στρατηγεί
1885 5143 2183 5215 πολεμίοις.
2238 5142 2367 5202 Εἶτα
2397 5147 2491 5201 καὶ
2541 5148 2683 5217 ὑπὲρ
2725 5140 2801 5200 ὧν
2837 5147 3005 5200 ταῦτα
3043 5148 3319 5201 πείσονται
3377 5149 3536 5203 πάλιν

277 5224 484 5279 λέγων*

932 5324 1091 5380 ΚΕΦ.
1136 5324 1207 5380 Γ’.

359 5407 510 5482 Στίχ.
551 5411 687 5465 civ-5'.
709 5444 777 5453 —
806 5430 825 5464 ι
860 5414 969 5467 Καὶ
993 5416 1140 5486 ἐρεϊο
1176 5386 1467 5470 Ἀκούισατε
1497 5416 1583 5487 δὴ,
1611 5417 1667 5470 αἰ
1699 5417 1866 5490 ἀρχαὶ

2511 5330 2665 5400 131
2705 5328 2857 5384 CAP.
2900 5328 2986 5383 ut.

2033 5420 2199 5475 Vens.
2234 5420 2350 5474 1-4.
2384 5450 2444 5462 -
2476 5440 2493 5471 ι
2525 5420 2589 5474 Ει
2617 5421 2799 5476 dicet:
2850 5422 3081 5488 Audite,
3131 5423 3412 5495 principes
3445 5423 3539 5480 Ja-

285 5501 384 5557 τοῦ
429 5501 659 5568 Ἰακὼϐ,
689 5503 785 5558 καὶ
815 5505 865 5558 οἰ
895 5506 1214 5561 κατάλοιποι
1262 5507 1413 5560 οἰκου
1468 5507 1719 5579 Ἰσραήλ·
1768 5509 1836 5580 οὐ]

1964 5510 2089 5576 cob,
2107 5518 2161 5568 et
2182 5512 2377 5581 reliqui
2402 5512 2859 5569 domuslsraelis:
2887 5515 3132 5584 nunquid
3160 5530 3266 5570 non
3296 5526 3538 5575 vestrum

290 5596 427 5665 ὑμῖν
467 5595 701 5649 ἐστιτοῦ
739 5597 941 5666 γνῶναι
974 5598 1035 5653 τὺ
1068 5601 1277 5672 κρῖμα;
1327 5618 1347 5653 ›
1384 5599 1698 5670 Συμπράξει
1735 5601 1836 5673 γὰρ

1967 5611 2051 5660 est
2096 5619 2426 5675 cognoscere
2468 5604 2788 5672 judicium?
2826 5625 2845 5658 ι
2881 5606 3266 5672 Auxiliabitur,
3325 5609 3536 5681 inquit,

293 5685 455 5757 φησὶ,
498 5684 622 5741 καθ’
668 5686 821 5759 ὑμῶν
852 5692 964 5755 τοῖς
1006 5691 1313 5763 πολεμίοις,
1361 5693 1562 5759 ταύτας
1602 5693 1730 5765 ὑμῖν
1771 5694 1836 5748 τὰ

1973 5691 2176 5748 vestris
2224 5691 2515 5757 hostibus;
2551 5692 2650 5747 has
2698 5693 2855 5749 vobis
2904 5693 3172 5763 objiciens
3214 5710 3440 5757 causas,
3481 5704 3536 5749 et

294 5776 479 5842 αἰτίας
511 5778 752 5848 ἐπάγων.
787 5782 881 5836 καὶ
914 5783 1048 5857 πρὸς
1079 5784 1323 5851 ἅπαντας
1355 5784 1482 5850 τούς
1510 5804 1567 5842 τε
1613 5783 1836 5863 ἐξάρχον

1975 5783 2190 5841 cunctis
2236 5783 2579 5855 principibus
2632 5785 2867 5854 vestris,
2920 5794 2969 5841 et
3021 5785 3290 5857 reliquis,
3350 5785 3538 5843 dicens
