3954 6506
441 374 545 432 ιιῖο

1610 344 1961 412 ΤΙΙΕΟΒΟΜ
2006 349 2490 409 MOPSLESTENI

3594 336 3691 392 5δο

444 487 699 545 debuisse
725 498 821 537 vos
850 478 1091 550 apprime
1121 474 1359 531 cilicium
1388 481 1630 530 vestrum
1665 472 2014 534 discernere,
2046 522 2049 529 ε

2153 486 2218 531 ας
2247 469 2305 520 ἐν
2336 468 2466 537 ὑμῖν
2492 463 2586 518 καὶ
2614 463 2740 525 τοὺς
2770 458 2990 521 λοιποὺς
3012 456 3205 525 λέγων,
3234 455 3313 508 ὅτι
3341 456 3565 511 Πάντων
3601 454 3697 524 μά-

443 581 637 635 vitium
667 571 938 633 aversari,
972 572 1230 620 virtutem
1265 563 1558 634 amplecti,
1601 561 1857 631 quoniam
1904 560 2019 613 ba:c

446 669 628 724 omnia
659 678 761 733 ego
790 676 885 713 vos
913 658 1203 712 docueram
1234 665 1349 709 tum
1398 654 1531 723 legis
1582 652 1982 707 constitutione
2004 688 2018 711 ,

447 770 559 814 tum
594 755 717 809 aliis
749 766 869 821 qua!
898 764 1042 817 sape
1072 746 1144 801 ob
1176 746 1323 799 hunc
1358 746 1515 797 linem
1546 742 1712 797 edixi.
1748 760 1765 791 ι
1799 739 1906 793 Vos
1934 754 2023 790 au-

443 859 553 904 tem
582 847 707 901 odio
739 844 956 897 habetis
990 842 1192 894 bonum
1217 878 1230 901 ,
1262 846 1315 891 et
1345 835 1599 906 appetitis
1628 834 1826 886 malum
1849 871 1862 893 ,
1901 830 2024 883 (Ιὶι-ὶ-

448 941 576 1011 pitis
602 951 791 991 eorum
820 933 989 1004 pelles
1016 933 1250 997 desuper
1274 928 1355 982 eis
1376 967 1389 989 ,
1414 935 1465 982 et
1498 940 1693 979 carnes
1715 940 1781 977 ex
1808 924 2025 977 ossibus

448 1046 659 1083 eorum.
694 1046 712 1079 ›
745 1026 858 1079 Vos
905 1040 1036 1079 vero
1090 1021 1429 1076 contrarium
1475 1017 1739 1070 doctrinae
1790 1025 2028 1083 acceptae

451 1123 631 1176 facitis
655 1164 667 1186 ,
701 1127 1018 1173 aversantes
1054 1117 1255 1168 bonum
1280 1152 1293 1175 ,
1331 1118 1711 1181 perpetrantes
1746 1108 1919 1170 mala,
1954 1114 2030 1159 ιο·

453 1225 674 1281 tamque
707 1218 945 1265 vestram
998 1210 1051 1260 in
1099 1220 1364 1276 pauperes
1410 1202 1836 1267 humilioresque
1875 1213 2031 1251 exer-

450 1316 644 1361 centes
674 1303 1019 1371 iniquitatem
1042 1339 1055 1361 ,
1089 1305 1322 1352 cunctas
1350 1309 1538 1347 eorum
1573 1289 1913 1344 multimodis
1944 1289 2029 1341 di-

452 1397 707 1467 ripiendo
738 1393 1052 1448 facultates.
1086 1389 1229 1455 Quid
1262 1386 1432 1457 ergo?
1463 1403 1479 1434 ι
1515 1382 1669 1436 Sicut
1704 1381 1892 1451 populi
1926 1380 2031 1434 mei

450 1505 650 1545 carnes
703 1486 1096 1550 comederunt,
1145 1493 1199 1535 et
1242 1481 1412 1549 pelles
1453 1478 1502 1530 ei
1549 1476 1944 1535 detraxerunt,
1979 1480 2033 1525 et

456 1598 585 1637 ossa
614 1580 1086 1639 comminuerunt,
1115 1582 1168 1629 et
1197 1573 1559 1627 conciderunt
1584 1572 1725 1623 sicut
1752 1583 1948 1622 carnes
1979 1567 2033 1620 in

458 1674 667 1734 Iebete.
700 1680 755 1726 et
789 1672 933 1725 sicut
960 1684 1180 1723 carnem
1227 1667 1283 1720 in
1313 1665 1419 1717 olla
1448 1680 1461 1717 :
1512 1664 1592 1716 sic
1640 1662 1705 1714 ad
1742 1660 2032 1713 Dominum

455 1762 806 1825 clamabunt,
853 1760 949 1829 qui
995 1773 1103 1811 non
1150 1754 1405 1811 exaudiet
1439 1768 1567 1815 eos,
1601 1759 1918 1819 avertetque
1952 1748 2035 1801 fa-

2120 561 2276 613 λιστα
2313 560 2457 628 ὑμᾶς
2491 556 2656 627 ἐχρῆν
2685 552 2981 622 διακρίνειν
3021 549 3083 602 τδ
3113 548 3265 610 δέον,
3302 547 3395 600 καὶ
3433 544 3698 615 ιῖίιποστρέ⁴

2124 648 2318 717 φεσθαι
2351 648 2450 718 μὲν
2480 646 2539 699 τὸ
2566 647 2768 715 χεῖρον,
2805 638 3078 711 αἱρεῖσθαι
3119 638 3174 690 δὲ
3204 639 3263 690 τδ
3295 638 3544 707 κρεῖττον
3566 673 3580 696 ,
3611 634 3698 688 ac:

2123 741 2378 794 ἁπάντων
2414 738 2511 806 μὲν
2542 736 2699 789 τοῦτο
2746 733 2877 805 παρ’
2906 730 3039 801 ἐμοῦ
3071 729 3472 799 δεδιδαγμένων
3514 726 3606 779 διά
3644 742 3701 779 τε

2124 833 2223 902 τῆς
2263 832 2493 902 νομικῆς
2543 827 2838 891 διατάξεως
2880 826 2972 879 καὶ
3013 823 3121 876 τῶν
3162 821 3397 883 λοιπῶν,
3430 820 3607 873 ὁπόσα
3643 818 3702 889 δὴ

2128 924 2263 995 πρὸς
2305 923 2464 975 τοῦτο
2506 921 2781 991 πεποίηκα
2815 915 3094 977 πολλάκις.
3137 915 3212 985 (p.
3246 913 3373 981 276)
3407 913 3503 965 ἐπὶ
3537 910 3705 979 τούτῳ

2128 1017 2184 1069 δὲ
2218 1013 2438 1067 καὶτῶν
2463 1013 2739 1083 ἀρχόντων
2763 1015 2839 1075 εἰς
2861 1012 2958 1083 τὴν
2982 1010 3232 1079 ἐξουσίαν
3256 1004 3706 1079 παρεληλυθότων

2128 1107 2355 1175 ταύτην.
2390 1126 2407 1157 ι
2441 1107 2504 1158 Οἱ
2534 1106 2577 1158 δ’
2608 1105 2687 1157 ἐτι
2714 1104 2994 1175 μισοῦντες
3022 1102 3089 1157 τὰ
3112 1101 3272 1162 καλὰ,
3298 1099 3390 1152 καὶ
3422 1096 3708 1169 ζητοῦντες

2130 1200 2197 1252 τὰ
2221 1214 2353 1267 πονη
2365 1196 2451 1267 ρὰ,
2476 1196 2813 1267 ἁρπάζοντες
2832 1195 2902 1249 τά
2921 1196 3163 1265 δέρματα
3188 1192 3363 1246 αὐτῶν
3381 1190 3488 1243 άπὸ
3513 1188 3706 1251 αὐτῶν,

2131 1293 2226 1343 καὶ
2254 1290 2351 1354 τὰς
2396 1289 2604 1360 σάρκας
2637 1288 2815 1341 αὐτῶν
2859 1288 2965 1340 ἀπὸ
2996 1286 3109 1339 τῶν
3140 1284 3313 1337 ὀστῶν
3347 1283 3545 1336 αὐτῶν.
3593 1301 3610 1331 ι
3649 1280 3710 1332 Οἱ

2131 1382 2189 1434 δὲ
2215 1380 2525 1434 τούναντίον
2557 1373 2631 1433 ὧν
2656 1378 2969 1450 ἐδιδάχθητε
3002 1373 3418 1447 διαπράττεσθε,
3448 1375 3712 1441 ἀποστρε-

2136 1473 2356 1542 φόμενοι
2404 1472 2500 1541 μὲν
2531 1472 2601 1524 τὰ
2624 1470 2765 1524 καλά
2786 1510 2799 1533 ,
2830 1468 3185 1541 ἐργαζόμενοι
3210 1467 3265 1519 δὲ
3304 1466 3372 1518 τά
3402 1464 3594 1533 χείρω,
3624 1462 3714 1513 καὶ

2138 1564 2317 1617 πᾶσαν
2348 1565 2427 1625 εἰς
2452 1564 2574 1626 τοὺς
2600 1561 2841 1633 πένητάς
2864 1578 2921 1613 τε
2950 1561 3043 1613 καὶ
3064 1558 3474 1627 εὐτελεστέρους
3504 1554 3714 1605 ἀδικίαν

2137 1654 2669 1725 ἐπιδεικνύμενοιτῴ
2702 1654 2879 1706 πάντα
2920 1652 2987 1705 τά
3028 1651 3299 1723 προσόντα
3328 1650 3510 1709 αὐτοῖς
3552 1648 3714 1713 ἅψαι-

2141 1745 2350 1816 ρεῖσθαι
2394 1744 2674 1807 ποικίλως.
2704 1744 2769 1796 Τί
2799 1740 2932 1809 οὖνς
2979 1761 2997 1793 ι
3041 1744 3138 1795 Ὃν
3178 1742 3375 1812 τρόπον
3409 1738 3717 1806 κατέφαγον

455 1854 593 1907 ciem
626 1868 779 1906 suam
810 1852 879 1905 ab
910 1850 1043 1919 ipsis
1073 1857 1318 1917 tempore
1345 1846 1435 1898 illo
1455 1885 1468 1906 ,
1496 1843 1757 1913 quoniam
1788 1842 2037 1909 nequiter

2152 1836 2237 1900 τὰς
2267 1837 2475 1907 σάρκας
2498 1836 2593 1889 τοῦ
2624 1836 2751 1889 λαοῦ
2787 1853 2912 1907 μου,
2937 1836 3029 1888 καὶ
3059 1835 3125 1888 τά
3149 1835 3392 1906 δέρματα
3416 1831 3597 1884 αὐτῶν
3626 1830 3719 1883 ἀπ’

455 1951 684 2013 egerunt
713 1944 767 1995 in
798 1938 1276 1994 adinventiouibus
1303 1936 1441 1990 suis.
1469 1954 1487 1984 ι
1521 1934 1658 1999 Quia
1690 1949 1807 1993 vos,
1842 1931 2038 2000 inquit,

458 2030 641 2081 omnia
685 2028 1021 2096 pauperibus
1062 2024 1383 2094 eripuistis,
1422 2021 1571 2075 varie
1612 2022 1734 2075 illos
1781 2020 2042 2073 fraudan-

458 2126 575 2181 tes,
637 2120 1011 2187 opprimentes
1064 2126 1229 2185 atque
1283 2122 1667 2177 eonterentes,
1730 2113 1852 2167 ideo
1901 2112 2042 2165 facta

460 2208 704 2261 hostium
743 2206 1062 2261 incursione
1097 2206 1422 2260 invocabitis
1452 2205 1673 2275 quidem
1712 2202 2044 2257 necessitate

461 2308 743 2368 premente
775 2298 942 2352 Deum
966 2338 981 2360 ,
1016 2297 1227 2351 nullum
1265 2304 1445 2350 tamen
1481 2294 1848 2365 impetrabitis
1880 2294 1949 2347 ab
1975 2308 2039 2347 eo

462 2391 731 2443 auxilium
762 2406 773 2442 :
812 2390 921 2443 imo
953 2405 1020 2442 ne
1054 2389 1329 2457 respicere
1358 2387 1577 2456 quidem
1627 2400 1723 2440 vos
1768 2385 1943 2447 volet,
1986 2391 2042 2439 et

464 2481 801 2536 instantibus
862 2480 1085 2534 omnino
1148 2480 1307 2533 malis
1364 2478 1698 2541 contradet,
1756 2484 2043 2546 propterea

464 2575 610 2645 quod
650 2583 757 2627 tam
792 2572 1013 2642 indigna
1036 2614 1050 2636 ,
1084 2582 1304 2640 tamque
1336 2572 1493 2639 plena
1524 2570 1807 2637 injustitia:
1833 2569 2046 2637 operari

464 2683 563 2721 vos
610 2667 879 2735 cognovit.
934 2664 1051 2719 Jam
1102 2674 1390 2734 postquam
1438 2663 1575 2716 dixit
1625 2677 1747 2732 quae
1778 2661 2045 2725 fecerint,

469 2758 628 2825 182
659 2766 712 2811 et
742 2771 861 2825 qua:
890 2756 1000 2810 sint
1028 2764 1311 2825 propterea
1338 2756 1551 2824 passuri
1576 2796 1590 2819 ,
1615 2754 1743 2823 quia
1778 2754 2042 2807 falsorum

466 2851 857 2920 prophetarum
878 2848 1058 2903 verbis
1084 2847 1455 2910 crediderunt,
1473 2854 1661 2901 contra
1688 2847 1838 2915 ipsos
1864 2846 2047 2900 denuo

465 2940 636 2995 falsos
666 2941 959 3011 pr0pbetas
988 2955 1298 2995 sermonem
1331 2940 1634 3002 convertit,
1668 2948 1722 2993 et
1754 2938 1865 2991 ait:

2138 1929 2318 1982 αὐτῶν
2345 1929 2639 1999 ἐξέδειραν,
2672 1930 2767 1981 καὶ
2794 1928 2862 1981 τὰ
2887 1930 3021 1981 ὀστᾶ
3047 1928 3223 1980 αὐτῶν
3249 1924 3603 1986 συνέθλασαν,
3632 1923 3721 1975 καὶ

2140 2021 2402 2090 ἐμέρισαν
2431 2021 2506 2083 ὡς
2541 2022 2750 2091 σάρκας
2798 2020 2878 2083 είς
2925 2019 3161 2089 λέϐητα,
3211 2019 3303 2070 καὶ
3348 2016 3421 2078 ὡς
3455 2016 3593 2086 κρέα
3646 2016 3721 2075 εἰς

2139 2112 2343 2183 χύτραν
2369 2155 2383 2178 ,
2422 2112 2595 2175 οὕτως
2644 2112 3002 2183 κεκράξονται
3040 2111 3174 2181 πρὸς
3214 2110 3416 2181 Κύριον
3444 2148 3458 2172 ,
3497 2110 3591 2160 καὶ
3625 2109 3724 2159 οὐκ

2142 2202 2523 2255 είσακούσεται
2569 2203 2769 2266 αὐτῶν,
2813 2204 2907 2256 καὶ
2956 2202 3290 2273 ἀποστρέψει
3329 2202 3390 2254 τὸ
3433 2201 3724 2271 πρόσωπον

2146 2290 2310 2345 αὑτοῦ
2345 2294 2438 2346 ἀπ’
2482 2293 2661 2346 αὐτῶν
2690 2294 2748 2345 ἐν
2783 2294 2861 2364 τῷ
2892 2294 3068 2365 καιρῷ
3098 2294 3319 2364 ἐκείνῳ,
3348 2294 3465 2346 ἀνθ’
3491 2286 3567 2346 ὧν
3598 2297 3725 2347 ἐπο-

2147 2384 2480 2455 νηρεύσαντο
2532 2388 2590 2438 ἐν
2636 2388 2749 2449 τοῖς
2805 2386 3233 2457 ἐπιτηδεύμασιν
3276 2386 3454 2439 αὐτῶν
3497 2385 3586 2438 ἐπ’
3628 2388 3728 2438 αύ-

2150 2480 2281 2541 τοῖς.
2326 2496 2345 2528 ›
2391 2477 2606 2549 Ἐπειδὴ
2643 2477 2781 2549 γάρ,
2824 2479 3024 2549 φησιν,
3069 2479 3228 2548 ὑμεῖς
3277 2479 3455 2531 πάντα
3505 2478 3573 2530 τά
3625 2477 3730 2529 τῶν

2154 2571 2401 2638 πενήτων
2431 2570 2749 2640 ἀφῃρεῖσθε,
2783 2571 3045 2633 ποικίλως
3074 2570 3266 2632 αὐτοὺς
3299 2568 3614 2631 ἀδικοῦντες
3642 2570 3733 2621 καὶ

2156 2660 2416 2731 ἄρχοντες
2440 2664 2533 2715 καὶ
2563 2662 2961 2734 συντρίϐοντες,
2988 2663 3074 2716 διά
3097 2662 3254 2716 τοῦτο
3281 2663 3376 2733 τῆς
3407 2662 3602 2732 ἐφόδου
3628 2662 3734 2714 τῶν

2153 2756 2430 2827 πολεμίων
2454 2758 2781 2829 γιγνομένης
2809 2760 3070 2812 καλέσετε
3101 2759 3199 2829 μὲν
3230 2759 3333 2811 ὑπὸ
3361 2760 3460 2828 τῆς
3488 2758 3735 2827 ἀνάγκης

2151 2851 2241 2900 τὸν
2268 2848 2420 2913 Θεὸν,
2455 2849 2711 2919 οὐδεμιᾶς
2732 2850 2788 2902 δὲ
2816 2850 3068 2917 τεύξεσθε
3095 2851 3195 2921 τῆς
3220 2850 3429 2904 ἐκεῖθεν
3458 2850 3733 2921 βοηθείας*

2141 2940 2275 2994 ἀλλὰ
2320 2942 2417 3011 μὲν
2467 2942 2516 2993 εἰ
2576 2942 2710 3012 μηδὲ
2772 2942 3135 3013 προσϐλέπειν
3188 2944 3317 3014 ὑμῖν
3366 2943 3736 3014 αἱρούμενος.

467 3032 745 3095 παντελῶς
775 3032 831 3084 δὲ
860 3035 971 3094 τοῖς
1000 3030 1318 3100 κατέχουσιν
1348 3030 1587 3115 ἐκδιδοὺς
1612 3032 1821 3094 κακοῖς,
1863 3029 2046 3101 ἐπειδὴ
2107 3031 2334 3086 τοιαῦτα
2368 3033 2541 3088 ἄτοπα
2582 3034 2677 3087 κα)⁸
2736 3034 3002 3106 τοσαύτης
3061 3035 3273 3099 ἀδικίας
3309 3036 3484 3106 μεστά
3526 3053 3742 3108 πεπρα-

466 3127 585 3197 χόσι
618 3128 695 3196 (p.
721 3126 847 3191 ΞΠ)
875 3124 1110 3177 σύνοιδεν
1142 3124 1303 3193 ύμῖνο
1334 3122 1574 3194 εἰρηκὼς
1618 3123 1675 3175 δὲ
1700 3124 1736 3177 ἆ
1789 3141 1848 3175 τε
1883 3124 2169 3195 ἔπραττον,
2206 3127 2301 3180 καὶ
2340 3126 2377 3181 ἃ
2440 3128 2719 3183 πείσονται
2772 3130 2911 3200 ὑπὲρ
2962 3128 3198 3196 τούτων,
3239 3133 3349 3193 τοῖς
3387 3128 3499 3182 τῶν
3551 3130 3740 3201 ψευδο-

471 3220 763 3291 προφητῶν
792 3217 1218 3279 πεπιστευκότες
1256 3217 1457 3285 λόγοις,
1498 3216 1585 3269 ὲπ’
1631 3217 1829 3280 αὐτοὺς
1862 3218 2022 3271 πάλιν
2055 3222 2181 3285 τοὺς
2213 3220 2667 3293 ψευδοπροφήτας
2699 3223 2891 3294 τρέπει
2922 3222 3011 3275 τὸν
3051 3221 3237 3291 λόγον,
3275 3221 3367 3275 καί
3398 3239 3561 3292 φησι·

547 3310 709 3367 Vens.
743 3312 943 3366 5-7.—
972 3332 990 3363 ‹
1020 3311 1144 3367 Haec
1175 3311 1309 3365 dicit
1340 3309 1604 3364 Dominus
1627 3326 1792 3379 super
1817 3311 2049 3379 prophe—

2223 3315 2371 3383 Στίχ.
2407 3313 2541 3378 ε’-ζ,
2572 3339 2643 3355 -ι
2683 3333 2701 3365 ι
2738 3315 2875 3367 Τάδε
2905 3314 3053 3383 λέγει
3096 3313 3299 3386 Κύριος
3332 3314 3423 3366 ἐπὶ
3452 3316 3582 3377 τοὺς
3617 3331 3743 3385 προ-

472 3414 596 3468 tas,
644 3404 733 3473 qui
778 3404 1047 3459 seducunt
1086 3404 1346 3474 populum
1394 3420 1614 3467 meum,
1672 3403 1764 3474 qui
1805 3404 2055 3457 mordent

472 3495 731 3550 dentibus
758 3495 873 3549 suis
898 3535 911 3558 ,
945 3504 997 3549 et
1029 3496 1326 3564 praedicant
1362 3494 1444 3549 eis
1489 3510 1717 3563 pacem;
1761 3495 1912 3563 atqui
1947 3494 2061 3547 haec

474 3587 671 3640 tradita
700 3602 806 3642 non
835 3595 920 3642 est
950 3587 1030 3640 ori
1067 3602 1281 3641 eorum.
1309 3604 1332 3637 ι
1351 3585 1474 3639 Haec
1497 3586 1563 3639 de
1589 3586 1743 3641 falsis
1772 3586 2059 3655 prophetis

474 3677 612 3732 dicit
644 3679 814 3741 Deus,
844 3679 937 3748 qui
971 3677 1327 3730 multifariam
1363 3676 1648 3731 fraudibus
1683 3679 1942 3746 populum
1986 3678 2055 3731 ab

479 3770 711 3824 honesto
734 3770 1086 3833 abducentes,
1109 3785 1233 3823 eum
1259 3768 1651 3838 propemodum
1681 3777 1876 3821 vorant
1908 3768 2058 3821 fabu-

478 3861 776 3916 lationibus
819 3861 935 3916 suis
975 3868 1028 3914 et
1057 3862 1271 3914 actibus
1294 3900 1307 3925 ,
1342 3860 1409 3913 ad
1436 3874 1498 3914 ea
1534 3861 1658 3914 illos
1692 3870 2057 3929 provocantes

476 3970 715 4026 quorum
749 3969 918 4009 causa
964 3954 1235 4023 punitioni
1273 3956 1400 4007 fient
1442 3953 1684 4006 obnoxii.
1726 3953 2062 4006 Constanter

478 4057 660 4103 autem
689 4062 872 4118 pacem
910 4048 1018 4101 illis
1048 4047 1369 4100 nuntiabant
1393 4087 1407 4109 ,
1436 4053 1490 4100 et
1525 4048 1671 4116 quod
1707 4055 2058 4116 peccatorum

481 4153 709 4193 suorum
763 4151 932 4191 causa
988 4136 1121 4189 nihil
1176 4135 1304 4189 mali
1364 4134 1543 4189 forent
1597 4134 1849 4204 passuri,
1910 4134 2061 4202 iuxta

480 4231 645 4284 verba
676 4230 1087 4298 prophetarum.
1123 4225 1231 4281 Sed
1258 4226 1405 4281 enim
1436 4224 1580 4279 haud
1614 4226 1828 4280 sincera
1876 4233 2062 4279 mente

481 4322 804 4391 loquentes,
850 4335 1038 4390 pacem
1091 4334 1267 4373 meam
1309 4318 1677 4380 nuntiabant,
1722 4332 1885 4385 quam
1935 4332 2061 4385 pro-

483 4416 702 4466 mittere
731 4413 907 4467 edocti
940 4427 967 4463 a
997 4426 1083 4464 me
1115 4426 1220 4463 non
1256 4409 1493 4463 fuerant.
1527 4409 1685 4463 Unde
1708 4407 1839 4477 quid
1870 4407 2061 4461 confe-

483 4504 718 4559 cerunt?
744 4522 762 4555 ι
791 4503 1278 4556 Sanetilleaverunt
1305 4516 1471 4570 super
1498 4515 1594 4555 eos
1624 4501 1845 4554 bellum.
1875 4518 1893 4550 ι
1922 4499 2058 4553 Dum

487 4612 674 4667 pacem
720 4595 1010 4657 nuntiant,
1058 4594 1261 4648 bellum
1313 4594 1417 4663 ipsi
1470 4594 1860 4656 concitarunt,
1915 4591 2058 4661 quod

2163 3407 2336 3477 φήτας
2358 3408 2482 3469 τοὺς
2512 3407 2828 3470 πλανῶντας
2857 3406 2948 3458 τὸν
2982 3406 3109 3459 λαόν
3145 3423 3268 3475 μου,
3296 3407 3420 3469 τοὺς
3446 3406 3744 3469 δάκνοντας

2160 3500 2217 3551 ἐν
2248 3502 2360 3563 τοῖς
2393 3500 2604 3553 ὀδοῦσιν
2639 3500 2839 3564 αὐτῶν,
2888 3501 2981 3553 καὶ
3015 3498 3388 3571 κηρύσσοντας
3426 3501 3515 3551 ἐπ’
3560 3500 3743 3561 αὐτοῖς

2160 3592 2382 3663 εἰρήνην
2401 3609 2415 3623 ο
2447 3593 2541 3644 καὶ
2567 3593 2666 3645 οὐκ
2694 3592 2846 3663 ἐδόθη
2879 3594 2957 3656 εἰς
2984 3592 3044 3645 τὸ
3066 3592 3239 3661 στόμα
3261 3591 3458 3644 αὐτῶν.
3493 3609 3512 3641 ι
3560 3590 3745 3644 Ταῦτα

2160 3682 2235 3748 δὲ,
2258 3685 2410 3753 φησι,
2434 3684 2561 3756 περὶ
2586 3684 2691 3737 τῶν
2713 3682 3176 3755 ψευδοπροφητῶν
3204 3684 3354 3753 λέγει
3379 3684 3536 3747 Θεὸς,
3562 3683 3613 3736 οἳ
3642 3683 3746 3737 δια-

2162 3774 2342 3846 φόρως
2366 3778 2484 3839 ταῖς
2511 3775 2721 3829 ἐαυτῶν
2750 3778 2987 3840 ἀπάταις
3007 3776 3288 3844 ἐξάγοντες
3314 3774 3405 3827 τοῦ
3444 3778 3745 3845 προσήκον-

2159 3882 2251 3929 τος
2289 3866 2379 3918 τὸν
2408 3867 2555 3931 λαὸν,
2597 3870 2878 3939 μονονουχὶ
2926 3868 3216 3939 κατήσθιον
3256 3868 3452 3931 αὐτοὺς
3485 3868 3644 3920 αὐτοὶ
3682 3867 3743 3920 δι’

2160 3950 2235 4010 ῶν
2256 3957 2437 4026 ἔλεγόν
2459 3976 2517 4011 τε
2542 3960 2637 4013 καὶ
2659 3959 2944 4031 ἔπραττον,
2970 3961 3061 4014 ἐπί
3083 3960 3250 4013 ταῦτα
3274 3961 3468 4023 αὐτοὺς
3492 3959 3747 4013 ἐκκαλού-

2167 4066 2315 4120 μενοι
2348 4050 2489 4121 ύπὲρ
2517 4044 2591 4104 ὧν
2618 4051 2717 4123 τὴν
2744 4052 3012 4123 τοσαύτην
3044 4052 3277 4122 ἤμελλον
3298 4051 3552 4122 δέχεσθαι
3580 4070 3745 4123 τιμω-

2166 4140 2320 4211 ρίαν·
2351 4140 2621 4194 διετέλουν
2650 4142 2757 4214 γάρ
2791 4143 3017 4215 εἰρήνην
3047 4144 3228 4205 αὐτοῖς
3260 4142 3741 4213 ἐπαγγελλόμενοι,

2164 4230 2259 4283 κοιλ⁵
2293 4231 2366 4295 ὼς
2392 4232 2543 4285 οὐδὲν
2573 4232 2714 4304 ὑπὲρ
2738 4228 2814 4289 ὧν
2841 4233 3212 4303 ἁμαρτάνουσι
3245 4232 3525 4284 πείσονται
3560 4232 3743 4292 κακὸν,

2164 4320 2304 4373 κατὰ
2326 4322 2393 4375 τά
2416 4323 2634 4393 ῥήματα
2656 4322 2761 4374 τῶν
2781 4322 3092 4393 προφητῶν·
3111 4321 3279 4374 ταῦτα
3297 4321 3354 4373 δέ
3370 4322 3428 4373 ού
3453 4323 3599 4374 κατά
3614 4321 3744 4389 γνώ-

2169 4427 2274 4481 μην
2302 4411 2400 4479 τὴν
2427 4410 2565 4481 ἐμὴν
2583 4410 2977 4482 ἐπηγγέλλοντο
2998 4413 3240 4484 εἰρήνην,
3264 4412 3327 4483 ἢν
3347 4413 3446 4464 οὐκ
3472 4411 3745 4481 ἐδιδάχθη-

2168 4518 2265 4553 σαν
2301 4501 2479 4568 λέγειν
2514 4503 2642 4573 παρ’
2670 4501 2826 4573 ἐμοῦ.
2871 4504 2986 4572 Ἀφ’
3026 4498 3099 4557 ὧν
3142 4503 3205 4574 δή
3250 4521 3299 4557 τι
3341 4506 3741 4573 πεποιήκασινς

2172 4612 2189 4643 ι
2241 4592 2505 4661 Ἡγίασαν
2537 4595 2621 4646 ἐπ’
2660 4594 2837 4646 αὐτῶν
2879 4595 3131 4665 πόλεμον.
3182 4614 3199 4645 ι
3254 4596 3741 4665 Ἐπαγγελλόμενοι

486 4701 677 4743 contra
707 4704 801 4743 eos
849 4688 965 4742 fieri
1000 4688 1348 4742 definierunt.
1383 4708 1401 4739 ι
1433 4688 1736 4757 Propterea
1770 4703 1878 4742 nox
1911 4688 2049 4741 vobis

2170 4684 2278 4756 γὰρ
2304 4686 2526 4755 εἰρήνην
2547 4726 2561 4741 .
2596 4685 2831 4757 πόλεμον
2864 4688 3045 4750 αὐτοῖς
3076 4688 3399 4758 ἐπήγειραν,
3436 4687 3498 4739 ὃν
3538 4686 3740 4758 άτῶρι-

484 4797 551 4835 ex
585 4781 792 4834 visione
823 4780 956 4843 erit,
1008 4787 1061 4833 et
1105 4780 1344 4833 tenebra:
1388 4778 1541 4833 vobis
1572 4786 1734 4832 erunt
1759 4794 1825 4832 ex
1857 4779 2070 4832 divina-

486 4871 673 4924 tione:
707 4877 761 4923 et
790 4870 1075 4923 occumbet
1107 4870 1188 4922 sol
1214 4884 1379 4938 super
1404 4870 1698 4939 prophetas
1720 4909 1735 4931 ,
1764 4878 1817 4924 et
1840 4870 2071 4924 obtene-

485 4962 736 5015 brabitur
765 4975 930 5029 super
972 4974 1068 5015 eos
1106 4960 1245 5014 dies.
1297 4958 1358 5012 Et
1397 4958 1809 5014 confundentur
1843 4959 1936 5029 qui
1984 4959 2067 5013 vi-

486 5053 619 5107 dent
648 5052 864 5105 somnia
889 5090 903 5115 ,
933 5058 986 5105 et
1019 5050 1157 5103 risui
1184 5056 1348 5104 erunt
1379 5050 1574 5113 arioli,
1599 5059 1653 5103 et
1683 5048 2072 5103 obtrectabunt

484 5145 554 5199 iis
581 5160 815 5209 omnes;
849 5142 975 5212 quia
1009 5157 1116 5195 non
1150 5144 1254 5196 erit
1284 5143 1377 5211 qui
1416 5143 1541 5196 illos
1572 5142 1776 5195 audiat.
1814 5160 1832 5192 ›
1864 5143 1970 5193 l’ro
1998 5156 2063 5195 eo

487 5234 630 5303 quod
662 5249 719 5289 se
747 5234 929 5288 videre
957 5240 1011 5286 et
1055 5232 1337 5296 divinare,
1387 5233 1647 5302 p0pulum
1692 5231 2062 5299 deeipientes,

486 5327 851 5390 simulabant,
895 5324 1138 5380 tenebris
1171 5324 1278 5392 ipsi
1328 5332 1382 5377 et
1424 5323 1506 5378 eis
1550 5323 1843 5377 credentes
1882 5322 2066 5375 cuncti

488 5422 788 5474 obruentur
816 5435 830 5470 :
860 5418 1000 5472 adeo
1026 5424 1084 5470 ut
1108 5432 1175 5471 ne
1203 5416 1285 5469 sol
1302 5415 1524 5484 quidem
1555 5414 1844 5483 splendere
1870 5414 1951 5467 eis
1980 5413 2065 5466 vi-

486 5512 698 5567 dendus
715 5513 786 5566 sit
803 5509 1177 5580 magnitudine
1196 5510 1466 5562 malorum
1488 5505 1859 5560 obtenehratis
1886 5523 1900 5559 :
1931 5512 1985 5559 et
2016 5504 2071 5558 bi

488 5606 579 5673 qui
608 5618 704 5658 eas
728 5602 970 5658 visiones
996 5602 1183 5658 videre
1210 5610 1267 5657 et
1291 5614 1518 5656 narrare
1545 5598 1831 5661 simulant,
1861 5598 2071 5668 pudore

489 5694 893 5758 sulfundentur,
943 5696 1108 5750 rebus
1137 5702 1332 5750 contra
1381 5693 1605 5748 illorum
1650 5690 2067 5745 allirmationem

496 5787 856 5844 testantibus:
892 5797 1007 5842 tum
1049 5796 1102 5844 et
1140 5788 1347 5843 multus
1388 5787 1455 5842 de
1492 5786 1562 5841 iis
1611 5785 1760 5842 risus
1806 5786 2070 5847 exsistet,

2170 4793 2269 4829 σαν
2299 4780 2378 4839 εἱς
2416 4777 2477 4829 τὸ
2522 4779 2641 4830 κατ’
2683 4778 2863 4831 αὐτῶν
2909 4778 3180 4847 γενέσθαι.
3237 4799 3253 4830 ι
3308 4778 3407 4831 Διὰ
3446 4778 3610 4831 τοῦτο
3654 4776 3743 4842 νὺξ

2168 4871 2297 4940 ὑμῖν
2346 4869 2496 4921 ἔσται
2542 4870 2600 4935 ἐξ
2639 4870 2918 4941 ὁράσεως.
2959 4871 3054 4924 καὶ
3098 4871 3286 4923 σκοτία
3326 4871 3452 4939 ὑμῖν
3493 4868 3642 4921 ἔσται
3684 4871 3744 4921 ἐκ

2173 4959 2458 5031 μαντείας’
2490 4961 2584 5012 καὶ
2619 4960 2837 5015 δύσεται
2872 4962 2900 5012 ὁ
2935 4961 3085 5032 ἥλιος
3124 4962 3215 5013 ἐπὶ
3258 4962 3385 5024 τοὺς
3440 4960 3740 5033 προφήτας.

2170 5054 2266 5107 καὶ
2299 5055 2626 5107 συσκοτάσει
2672 5054 2758 5106 ἐπ’
2798 5055 2996 5117 αὐτοὺς
3036 5054 3069 5123 ἡ
3105 5052 3314 5124 ἡμέραο
3346 5056 3359 5117 (
3388 5070 3438 5122 p.
3483 5054 3626 5120 278)
3657 5052 3741 5104 καὶ

2171 5143 2725 5213 καταισχυνθήσονται
2752 5144 2799 5195 οἱ
2826 5144 3060 5214 ὁρῶντες
3085 5144 3152 5196 τά
3183 5142 3430 5204 ἐνύπνια,
3460 5144 3556 5196 καὶ
3586 5158 3741 5195 κατα-

2171 5233 2595 5305 γελασθήσονται
2636 5237 2684 5287 οἱ
2731 5234 2983 5305 μάντεις,
3018 5235 3110 5287 καὶ
3149 5234 3587 5303 καταλαλήσουσι
3632 5233 3740 5285 κατ’

2172 5324 2350 5377 αὐτῶν
2396 5324 2597 5389 πάντες
2628 5327 2817 5379 αὑτοί’
2865 5328 2999 5380 διότι
3042 5329 3142 5380 οὐκ
3192 5326 3343 5379 ἔσται
3392 5329 3420 5378 ό
3464 5326 3740 5379 ἐπακούων

2174 5414 2373 5469 αὐτῶν.
2414 5434 2432 5466 ι
2488 5416 2659 5486 Ὑπὲρ
2688 5416 2752 5487 δὴ
2784 5416 2986 5470 τούτων
3017 5410 3091 5470 ὦν
3129 5418 3260 5488 όρᾷν
3300 5434 3357 5468 τε
3390 5417 3485 5471 καὶ
3519 5416 3737 5487 μαντεύ-

2168 5506 2321 5559 εσθαι
2349 5506 2771 5577 προσεποιοῦντο
2800 5509 2890 5562 τὸν
2919 5509 3045 5562 λαὸν
3079 5508 3414 5573 ἀπατῶντες,
3444 5510 3631 5578 σκοτία⁵
3650 5506 3734 5562 αύο

2166 5598 2247 5650 τοί
2290 5615 2348 5650 τε
2381 5598 2475 5650 καὶ
2526 5601 2572 5651 οἱ
2623 5599 2935 5669 πειθόμενοι
2983 5599 3476 5671 περιϐληθήσονται
3515 5601 3731 5662 πάντες·

2166 5688 2309 5743 ὥστε
2344 5690 2528 5753 αὐτοῖς
2569 5690 2705 5761 μηδέ
2736 5686 2826 5744 τὸν
2854 5691 3007 5761 ἥλιον
3044 5691 3254 5761 φαίνειν
3282 5690 3459 5745 δοκεῖν
3502 5691 3605 5746 ὑπὸ
3647 5688 3731 5743 τοῦ

2170 5780 2432 5854 μεγέθους
2465 5782 2573 5837 τῶν
2603 5782 2787 5838 κακῶν
2816 5784 3221 5855 ἐσκοτισμένοις
3241 5800 3257 5819 ο
3290 5783 3443 5839 αὐτοί
3479 5800 3539 5837 τι
3567 5780 3669 5854 γάρ
3686 5780 3730 5833 οι
