3954 6514
164 414 250 470 361
1084 409 1638 468 COMMENTARIUS
1667 409 1714 465 ιι

1817 411 2087 468 [ιΟΠᾹΞᾸΕ
2125 411 2278 468 CAP.
2319 411 2406 466 lll.

3299 415 3404 474 ’569

163 529 219 581 τὰ
274 525 501 580 τοιαῦτα
551 526 683 596 ὀρᾷν
735 542 796 578 τε
851 523 1312 597 προσποιούμενοι
1361 523 1456 577 καὶ
1507 523 1714 593 λέγειν,

1826 525 2042 579 nemine
2067 523 2179 594 jam
2233 524 2412 578 verbis
2443 539 2632 579 eorum
2661 523 2900 595 praebere
2928 537 3116 580 aurem
3167 525 3406 594 volente,

162 619 379 692 αἰσχύνῃ
408 617 919 688 περιϐληθήσονται,
958 615 1066 669 τῶν
1099 616 1442 688 πραγμάτων
1465 616 1721 670 ἐναντίων

162 710 228 778 οἷς
264 714 500 781 ἔφασκον
527 709 890 782 δεικνυμένων
910 725 925 742 ο
957 709 1131 778 γέλως
1152 725 1212 762 τε
1235 709 1401 772 πολὺς
1429 710 1516 762 ἐπ’
1541 708 1722 772 αὐτοῖς

1827 627 2115 686 postquam
2161 616 2533 686 experimento
2572 615 2916 684 didicerunt,
2963 629 3293 689 quantarum
3323 619 3408 676 eis

1829 723 2194 762 aerumnarum
2219 747 2233 772 ,
2269 707 2457 762 fraude
2489 723 2617 772 sua,
2653 724 2818 764 causa
2848 712 3183 767 exstiterint.

162 807 301 877 παρὰ
336 804 554 858 πάντων
604 803 916 873 γενήσεται,
950 801 1165 863 οὐδενὸς
1205 802 1327 856 οὐδὲ
1372 801 1659 874 προσέχειν
1707 803 1798 854 ἐπὶ
1835 803 1944 864 τοῖς
1993 799 2122 870 παρ’
2166 799 2344 853 αὐτῶν
2388 799 2702 869 λεγομένοις
2751 800 3060 866 ἐθέλοντος,
3103 797 3190 855 διὰ
3237 801 3298 856 τδ
3337 806 3405 876 τῇ

161 902 310 970 πείρᾳ
345 898 534 969 μαθεῖν
561 898 698 951 ὅσων
727 898 910 960 αὐτοῖς
943 896 1031 950 διά
1069 897 1168 968 τῆς
1197 897 1412 968 ἀπάτης
1442 899 1540 968 τῆς
1567 897 1704 958 ἰδίας
1734 897 2022 966 γεγόνασιν
2053 894 2212 950 αἴτιοι
2246 895 2453 952 κακῶν.

218 991 368 1059 Στίχ.
429 996 601 1060 η’-ια’.
648 1018 719 1030 —-
770 1007 788 1040 ι
857 987 1019 1042 Ἀλλά
1079 989 1186 1060 μὴν
1236 988 1347 1058 ἐγὼ
1390 989 1728 1060 ἐνεπλήσθην

162 1082 337 1152 ἰσχύος
365 1082 422 1133 ἐν
454 1080 724 1150 πνεύματι
753 1079 985 1150 Κυρίου,
1017 1080 1110 1133 καὶ
1141 1080 1411 1152 κρίματος
1444 1080 1540 1135 καὶ
1566 1081 1726 1134 δυνα-

162 1173 334 1235 στείας
374 1171 468 1225 τοῦ
517 1171 848 1239 ἀπαγγεῖλαι
881 1168 958 1241 τῷ
1015 1168 1210 1224 Ἰακὼϐ
1249 1170 1501 1234 ἀσεϐείας
1534 1170 1723 1234 αὐτοῦ,

161 1267 242 1320 καὶ
273 1265 354 1335 τῷ
408 1265 625 1334 Ἰσραὴλ
654 1263 928 1335 ἁμαρτίας
967 1263 1152 1318 αὐτοῦ.
1198 1282 1216 1316 ι
1271 1262 1413 1333 Ἐγὼ
1455 1263 1512 1317 δὲ
1543 1267 1725 1317 πᾶσαν

160 1357 363 1428 ἐκείνην
388 1355 488 1427 τὴν
523 1356 736 1426 ἀπάτην
765 1355 944 1425 ἀφεὶς,
984 1354 1284 1427 πνεύματος
1320 1356 1474 1425 ἀγίου
1509 1355 1722 1427 πλήρης

157 1448 409 1518 γεγονὼς,
432 1447 730 1518 διακρίνειν
755 1464 812 1500 τε
849 1447 1150 1518 ἐπίσταμαι
1179 1448 1240 1500 τὸ
1276 1447 1396 1501 δέον
1416 1489 1430 1514 ,
1457 1448 1551 1501 καὶ
1581 1447 1720 1519 μετὰ

158 1542 349 1612 πολλῆς
371 1542 471 1611 τῆς
495 1540 674 1611 ἰσχύος
701 1539 796 1593 καὶ
813 1540 913 1609 τῆς
934 1539 1246 1612 παρρησίας
1268 1541 1604 1612 προάγομαι,
1628 1539 1719 1593 τὸν

155 1635 272 1688 λαὸν
305 1633 449 1706 ὑπὲρ
475 1626 550 1686 ὧν
577 1632 796 1706 ἦμαρτέ
828 1649 888 1685 τε
923 1632 1018 1685 καὶ
1048 1633 1315 1704 ἠσέϐησεν
1345 1632 1590 1705 ἐλέγχειν
1608 1672 1623 1698 ,
1649 1635 1719 1686 εί·

155 1724 249 1789 δὼς
279 1725 362 1778 ὅτι
391 1725 548 1777 τοῦτο
576 1726 759 1787 αὐτοῖς
786 1722 1128 1794 λυσιτελήσει
1169 1724 1368 1796 μᾶλλον
1397 1727 1476 1790 είς
1505 1742 1715 1796 σωφροο

1901 988 2067 1045 Vens.
2108 990 2264 1043 8-H.
2292 1019 2357 1030 —-
2388 1008 2406 1040 ι
2441 988 2824 1047 Verumtamen
2863 1008 2960 1064 ego
2997 994 3238 1064 repletus
3276 1011 3401 1052 sum

1829 1081 2151 1138 fortitudine
2196 1082 2250 1137 in
2293 1081 2492 1152 spiritu
2536 1082 2779 1148 Domini,
2810 1089 2864 1140 et
2902 1086 3117 1154 judicio
3145 1102 3209 1142 ac
3239 1088 3397 1159 183

1826 1183 2094 1245 potestate
2129 1214 2144 1238 ,
2185 1182 2244 1228 ut
2294 1175 2612 1230 annuntiem
2660 1174 2830 1230 Jacob
2882 1177 3190 1248 impietatcs
3243 1179 3398 1248 ejus,

1823 1274 1876 1321 et
1908 1264 2090 1321 lsraeli
2124 1273 2343 1335 peccata
2372 1265 2512 1333 ejus.
2541 1283 2559 1316 ›
2591 1263 2702 1336 Ego
2729 1281 2859 1322 vero
2889 1267 3038 1322 omni
3072 1268 3161 1322 illa
3208 1267 3401 1324 fraude

1825 1357 2082 1418 exclusa.
2125 1355 2323 1427 spiritu
2365 1355 2553 1411 divino
2596 1357 2826 1425 plenus,
2873 1357 3185 1414 discernere
3229 1359 3402 1415 hone-

1824 1455 1968 1502 stum
1998 1446 2149 1502 valeo
2173 1487 2187 1512 ,
2220 1445 2499 1516 multoque
2532 1461 2656 1502 cum
2693 1447 2888 1502 robore
2913 1462 2977 1502 ac
3009 1448 3202 1502 fiducia
3232 1464 3398 1520 pergo

1823 1539 2085 1608 populum
2117 1536 2183 1592 de
2213 1538 2452 1608 peccatis
2480 1546 2641 1608 atque
2666 1539 3037 1608 impietatibus
3064 1555 3395 1612 coarguere;

1819 1630 1998 1686 sciens
2013 1631 2064 1684 id
2089 1629 2196 1686 illis
2213 1630 2278 1684 ad
2295 1630 2727 1686 emendationem
2747 1632 3111 1703 profuturum,
3127 1634 3252 1703 quia
3272 1649 3399 1704 pec-
3483 1624 3485 1627 ’

1818 1731 2065 1776 catorum
2085 1723 2349 1778 memoria
2369 1731 2422 1778 et
2447 1721 2612 1778 futuri
2645 1725 3070 1781 comminatione
3099 1724 3165 1780 ad
3195 1725 3396 1780 bonam

153 1817 378 1889 νισμὺν,
434 1819 501 1887 τῇ
550 1833 610 1870 τε
663 1816 852 1887 μνήμῃ
898 1813 1007 1869 τῶν
1044 1815 1470 1888 ἁμαρτηθέντων
1516 1819 1610 1871 καὶ⁵
1654 1819 1714 1889 τῇ

1825 1810 2031 1882 frugem
2047 1812 2267 1882 perduci
2295 1821 2569 1882 poterunt.
2603 1831 2621 1865 ‹
2646 1815 2842 1870 Audite
2860 1815 2991 1880 haec,
3014 1815 3182 1873 duces
3199 1818 3397 1874 domus

153 1908 345 1980 ἀπειλῇ
375 1908 484 1962 τῶν
510 1907 804 1978 ἐσομένων,
839 1907 976 1980 πρὸς
1005 1907 1068 1960 τὸ
1099 1907 1216 1960 δέον
1245 1907 1533 1976 ἐνάγεσθαι
1561 1908 1723 1962 δυνα-

154 2003 353 2073 μένοις.
402 2021 420 2053 ‹
473 2001 765 2054 ’Ᾱκούσατε
801 2000 866 2072 δὴ
906 1999 1098 2066 ταῦτα,
1148 2001 1198 2053 οἱ
1239 2000 1533 2072 ἡγούμενοι
1568 2003 1718 2056 οίκου

162 2090 373 2157 Ἰακὼϐ,
416 2094 491 2162 (p.
523 2091 650 2161 279)
682 2090 776 2143 καὶ
804 2091 854 2143 οἱ
884 2089 1205 2144 κατάλοιποι
1231 2091 1381 2143 οἴκου
1420 2091 1658 2163 Ἰσραήλ.
1696 2110 1714 2144 ι

162 2184 328 2254 Ὑπὲρ
357 2183 423 2253 δὴ
455 2182 627 2236 ταῦτα
657 2182 848 2235 τούτου
869 2220 885 2246 ,
925 2182 1058 2253 φησι
1078 2221 1092 2244 ,
1128 2183 1308 2237 κοινὸν
1339 2183 1474 2254 πρὸς
1503 2201 1564 2236 τε
1596 2186 1723 2248 τοὺς

150 2276 479 2346 ἡγουμένους
514 2276 609 2328 καὶ
647 2275 773 2338 τοὺς
799 2274 1023 2339 λοιποὺς
1053 2275 1299 2340 ἅπαντας
1329 2277 1588 2348 ποιοῦμαι
1629 2276 1720 2330 τὸν

148 2365 319 2433 λόγον,
337 2365 612 2429 ὀνειδίζων
630 2365 758 2435 ὑμῖν
778 2363 845 2417 τὰ
868 2366 1252 2436 πεπραγμένα.
1278 2368 1411 2420 Ποῖα
1429 2367 1493 2439 δὴ
1514 2368 1718 2432 ταῦτα;

153 2474 168 2506 ι
205 2457 264 2509 Oi
305 2455 723 2524 βδελυσσόμενοι
756 2458 955 2527 κρῖμα,
1000 2457 1179 2510 πάντα
1206 2458 1274 2511 τὰ
1311 2458 1448 2529 ὀρθὰ
1475 2459 1720 2530 διαστρέ-

149 2565 354 2616 φοντες.
400 2566 419 2598 ι
455 2549 519 2600 Οἱ
543 2547 602 2600 τὸ
631 2547 729 2617 μὲν
757 2549 1098 2619 κεκριμένως
1127 2550 1502 2620 διαγινώσκειν
1531 2553 1595 2604 ἐκ
1622 2551 1716 2606 τοῦ

145 2642 312 2696 κακοῦ
354 2643 418 2695 τὸ
441 2645 683 2713 κρεῖττον
707 2642 1192 2713 ἀποστρεφόμενοι,
1219 2643 1276 2695 ἐν
1298 2642 1515 2714 διαϐολῇ
1546 2643 1601 2694 δὲ
1638 2661 1718 2696 τι-

144 2735 353 2802 θέμενοι
382 2733 477 2785 καὶ
505 2733 569 2785 τὰ
595 2733 721 2803 παρ’
751 2731 955 2802 ἑτέρων
978 2732 1247 2803 λεγόμενά
1277 2749 1335 2786 τε
1370 2735 1461 2786 καὶ
1489 2733 1719 2806 πραττό-

145 2841 273 2893 μενα
307 2826 388 2887 είς
423 2824 562 2887 δέον,
593 2822 733 2876 ὥστε
767 2824 859 2875 καὶ
890 2826 1003 2888 τοῖς
1039 2823 1195 2895 ήμῶν
1225 2826 1519 2896 προφητῶν
1556 2826 1715 2880 ἀπει-

143 2915 250 2969 Θεῑν
275 2916 484 2985 λόγοις.
525 2935 543 2968 ‹
581 2916 642 2969 Οἱ
671 2914 1079 2987 οἰκοδομοῦντες
1114 2917 1252 2969 Σιὼν
1281 2918 1338 2969 ἐν
1378 2916 1595 2988 αἵμασι,
1624 2919 1715 2971 καὶ

152 3007 511 3078 Ἰερουσαλὴμ
539 3009 595 3059 ἐν
631 3007 888 3070 ἀδικίαις.
926 3025 944 3058 ι
983 3006 1385 3079 Πεπληρώκατε
1419 3011 1596 3062 πᾶσαν
1620 3009 1716 3062 αύ-

141 3100 232 3170 τὴν
261 3099 444 3168 φόνων
479 3099 572 3153 καὶ
611 3098 845 3162 ἀδικίας.
888 3119 907 3151 ι
954 3100 1017 3152 Οἱ
1048 3100 1340 3171 ἡγούμενοι
1376 3102 1542 3172 αὐτῆς
1575 3102 1714 3172 μετά

136 3190 324 3263 δώρων
370 3190 622 3261 ἔκρινον,
666 3190 760 3242 καὶ
797 3191 845 3242 οἱ
899 3190 1063 3260 ἱερεῖς
1110 3190 1283 3260 αὐτῆς
1333 3189 1471 3261 μετὰ
1520 3190 1711 3260 μισθοῦ

137 3282 518 3355 ἀπεκρίνοντο,
559 3281 652 3334 καὶ
688 3283 735 3334 oi
769 3282 1041 3353 προφῆται
1071 3281 1240 3353 αὐτῆς
1268 3282 1410 3353 μετά
1447 3281 1710 3353 ἀργυρίου

135 3373 502 3444 ἐμαντεύοντο
524 3412 538 3436 ,
572 3373 664 3426 καὶ
697 3372 790 3426 ἐπὶ
820 3373 910 3424 τὸν
945 3372 1150 3444 Κύριον
1190 3371 1595 3426 ἐπανεπαύοντο
1621 3372 1712 3426 λέ-

135 3482 342 3534 γοντεςο
372 3465 513 3535 Οὐχὶ
539 3463 740 3535 Κύριος
767 3465 822 3516 ἐν
849 3463 979 3534 ἡμῖν
1001 3464 1179 3529 ἐστιν;
1205 3465 1266 3518 οὐ
1297 3464 1371 3535 μὴ
1401 3463 1602 3538 ἐπέλθῃ
1629 3465 1712 3533 ἐφ’

132 3559 277 3628 ἡμᾶς
309 3558 480 3611 κακά.
531 3577 548 3607 ι
581 3557 641 3610 Oi
677 3557 775 3627 μὲν
807 3555 914 3626 γὰρ
948 3554 1269 3627 ἐξάρχοντες
1293 3555 1483 3610 οὐδένα
1507 3556 1601 3608 τοῦ
1630 3556 1711 3609 διο

131 3651 284 3703 καίου
321 3649 602 3703 ποιεῖσθαι
645 3649 801 3718 λόγοι
832 3649 1127 3714 ἐθέλοντες,
1164 3649 1460 3723 χρημάτων
1504 3653 1560 3703 ἐν
1595 3652 1716 3714 ταῖς

128 3742 379 3812 κρίσεσιν
412 3740 653 3794 ἐπώλουν
691 3741 749 3794 τὸ
777 3740 1004 3795 δίκαιον
1043 3744 1092 3794 οί
1137 3741 1192 3795 δὲ
1229 3743 1286 3796 ἐν
1314 3743 1391 3813 τῷ
1419 3740 1717 3813 ἱερατεύειν

128 3833 499 3896 καθεστῶτες,
541 3831 602 3897 ἐξ
642 3832 858 3897 ἀδικίας
896 3835 1154 3904 χρήματα
1197 3837 1263 3906 τῇ
1304 3836 1572 3907 προφάσει
1616 3836 1716 3905 τῆς

125 3926 429 3994 ίερατείας,
455 3925 646 3998 ῶσπερ
669 3924 818 3988 τινάς
843 3925 1066 3996 μισθοὺς
1091 3927 1368 3996 συλλέγειν
1393 3925 1711 3998 ἐπειρῶντο·

125 4018 217 4069 καὶ
249 4017 363 4087 μὴν
398 4016 492 4069 καὶ
518 4017 566 4068 οἱ
606 4015 1186 4087 ψευδοπῳφῆταιτοῖς
1213 4018 1489 4089 χρήμασιν
1515 4017 1710 4089 ἡδόμε-

125 4125 231 4170 νοι,
270 4108 415 4178 πρὸς
452 4107 516 4160 τὸ
539 4109 933 4179 κεχαρισμένον
961 4111 1070 4173 τοῖς
1105 4111 1403 4181 παρέχουσι
1435 4109 1533 4173 τὰς
1580 4125 1713 4179 μαν-

1820 1902 1990 1959 Iacob
2028 1912 2082 1959 et
2110 1906 2303 1975 reliqui
2343 1905 2538 1961 domus
2580 1903 2816 1963 Israelis.
2849 1928 2866 1958 ι
2895 1908 2967 1963 Dc
2993 1908 3094 1964 hoc
3119 1947 3137 1976 ,
3184 1910 3356 1981 inquit
3379 1951 3394 1973 ,

1767 1991 1770 1996 ’
1823 2012 2165 2052 communem
2196 1997 2499 2052 orationem
2532 1997 2597 2051 ad
2627 1998 2792 2054 duces
2831 1999 3178 2071 reliquosque
3206 2017 3396 2056 omnes

1823 2088 2031 2153 habeo,
2088 2088 2228 2142 facta
2263 2098 2460 2144 vestra
2514 2089 2668 2144 vobis
2717 2092 3078 2161 exprobrans.
3130 2090 3393 2159 Qumnam

1821 2196 1951 2236 vero
1979 2179 2131 2236 hare?
2157 2200 2175 2233 ‹
2204 2180 2727 2254 Quiabominamini
2772 2183 3075 2252 judicium,
3112 2193 3164 2240 et
3209 2186 3394 2240 omnia

1823 2279 1969 2327 recta
2000 2273 2331 2344 pervertitis.
2371 2291 2389 2323 ι
2417 2272 2578 2338 Quia
2620 2275 2765 2329 malo
2805 2276 3008 2330 bonum
3056 2275 3395 2347 distinguere

1821 2365 2124 2429 recusatis,
2187 2366 2590 2421 calumniantes
2661 2367 2886 2437 insuper
2966 2367 3199 2422 aliorum
3247 2376 3395 2422 recte

1820 2454 1965 2510 dicta
1993 2467 2047 2510 et
2077 2457 2242 2523 facta,
2265 2473 2438 2526 usque
2460 2457 2595 2513 adeo
2620 2466 2679 2512 ut
2706 2474 2773 2512 ne
2797 2459 3005 2513 nostris
3037 2459 3392 2530 quidem,qui

1820 2547 2098 2620 prophetae
2137 2563 2362 2613 sumus,
2407 2548 2586 2605 verbis
2630 2547 2885 2605 credatis.
2918 2567 2934 2600 ι
2967 2549 3069 2616 Qui
3109 2551 3392 2605 :edificatis

1821 2636 2040 2692 Sionem
2070 2638 2123 2692 in
2156 2640 2518 2708 sanguinibus
2539 2679 2554 2703 ,
2588 2647 2640 2694 et
2672 2637 3014 2696 Hierusalem
3049 2642 3102 2695 in
3133 2642 3393 2711 iniquita-

1819 2730 1984 2786 tibus.
2041 2749 2058 2781 ι
2105 2729 2208 2797 Qui
2254 2746 2373 2786 eam
2422 2732 2673 2799 replestis
2721 2732 2960 2788 caedibus
3010 2743 3064 2789 et
3099 2733 3388 2804 injustitia.

1823 2840 1841 2872 ι
1874 2821 2156 2893 Principes
2184 2822 2303 2893 ejus
2330 2839 2454 2878 cum
2489 2825 2805 2880 muneribus
2827 2825 3183 2895 judicabant;
3217 2838 3267 2881 et
3299 2841 3390 2881 sa-

1817 2915 2065 2972 cerdotes
2090 2915 2210 2986 ejus
2258 2930 2383 2970 cum
2427 2915 2676 2971 mercede
2709 2915 3150 2986 respondebant:
3182 2924 3234 2970 et
3267 2931 3391 2986 pro-

1815 3007 1991 3077 pheta:
2033 3006 2153 3076 ejus
2183 3022 2306 3062 cum
2335 3019 2560 3078 argento
2590 3007 2941 3072 divinabam,
2987 3017 3039 3063 et
3079 3024 3244 3078 super
3288 3007 3392 3064 Do-

1817 3099 2027 3154 minum
2080 3100 2498 3170 requiescebant
2525 3100 2769 3158 dicentes
2800 3100 3023 3156 :Nonnc
3045 3102 3306 3156 Dominus
3334 3102 3390 3157 in

1820 3191 1976 3246 nobis
2004 3191 2132 3246 est?
2160 3207 2268 3245 non
2301 3191 2521 3247 venient
2551 3208 2719 3264 super
2747 3208 2848 3250 nos
2877 3196 3038 3248 mala.
3066 3214 3085 3246 ι
3109 3193 3390 3264 Principes

1816 3283 2023 3338 nullam
2058 3283 2199 3354 atqui
2229 3283 2370 3352 juris
2417 3284 2683 3340 rationem
2714 3285 2914 3340 habere
2943 3286 3187 3341 volentes
3210 3327 3225 3351 ,
3257 3301 3392 3340 ven-

1815 3374 2018 3431 debant
2043 3374 2098 3430 id
2129 3376 2184 3430 in
2211 3375 2452 3446 judiciis.
2487 3375 2627 3430 Tum
2656 3384 2709 3432 et
2737 3377 3071 3443 sacerdotes,
3100 3378 3387 3448 pecuniam

1816 3466 2074 3536 injustam
2092 3507 2106 3530 ,
2141 3467 2430 3522 sacerdotii
2460 3477 2721 3538 praetextu
2742 3510 2757 3537 ,
2785 3483 2884 3524 ceu
2914 3468 3195 3524 mercedes
3222 3483 3392 3539 quas-

1816 3557 1941 3612 dam
1973 3558 2231 3629 colligere
2271 3559 2600 3614 nitebantur.
2640 3559 2883 3630 Denique
2917 3557 3036 3614 falsi
3064 3559 3226 3616 etiam
3262 3576 3392 3630 pro-

1815 3650 2022 3720 phetaz,
2085 3651 2320 3720 pecunia
2376 3651 2665 3717 delectati,
2725 3651 2793 3707 ad
2845 3651 3073 3724 gratiam
3125 3651 3390 3706 vaticinia

1815 3740 2049 3796 edebant
2074 3741 2429 3798 donantibus.
2461 3740 2688 3820 Talibus
2718 3759 2846 3798 vero
2875 3759 2938 3798 ac
2980 3743 3145 3799 tantis
3177 3744 3388 3798 onerati

1816 3831 2059 3902 peccatis
2079 3870 2094 3894 ,
2126 3833 2458 3887 simulabant
2490 3849 2549 3888 se
2575 3832 2683 3888 Deo
2712 3833 2962 3888 addictos
2982 3873 2998 3897 ,
3027 3831 3306 3902 Deumque
3331 3831 3388 3885 in

1814 3940 1873 3980 se
1897 3923 2133 3979 habere:
2170 3939 2272 3980 nec
2299 3925 2416 3980 fieri
2440 3941 2600 3996 posse
2628 3925 2843 3980 aiebant
2873 3933 2930 3978 ut
2963 3932 3113 3978 tanto
3144 3923 3236 3977 Dei
3269 3938 3426 3988 πως-ν

1816 4029 1946 4070 nere
1981 4013 2191 4085 praediti
2227 4016 2368 4068 mala
2402 4017 2493 4070 illa
2541 4018 2922 4087 experirentur
2967 4029 3237 4084 unquam,
3270 4029 3390 4084 quae

1821 4121 1852 4159 a
1882 4106 2042 4162 nobis
2076 4106 2360 4177 prophetis
2388 4109 2814 4178 portenduntur.
2847 4106 2988 4174 Quid
3018 4105 3193 4176 ergo?

120 4198 272 4260 τείας
314 4196 627 4250 ἐποιοῦντο·
673 4193 794 4252 εἶτα
822 4199 1059 4253 τοσαῦτα
1090 4199 1451 4272 ἐργαζόμενοι
1481 4199 1649 4266 κακὰ,
1682 4198 2106 4272 προσεποιοῦντο
2133 4199 2210 4272 τῷ
2238 4198 2357 4271 Θεῴ
2382 4202 2609 4265 ἑαυτοὺς
2637 4201 2974 4270 ἐπιτρέπειν,
3006 4199 3082 4268 (p.
3109 4195 3234 4266 280)
3259 4194 3392 4249 Θεὸν

119 4291 179 4342 ἐν
206 4292 430 4354 ἑαυτοῖς
457 4291 602 4361 ἔχειν
640 4291 890 4362 λέγοντες
915 4310 927 4323 ⁸
963 4295 1058 4348 καὶ
1091 4295 1190 4366 οὐχ
1218 4291 1329 4351 οἶόν
1369 4313 1428 4349 τε
1472 4292 1609 4350 εἶναι
1635 4294 1890 4350 τοιούτων
1929 4295 2288 4368 ἠξιωμένους,
2331 4296 2656 4368 πειραθῆναι
2687 4295 2794 4348 τῶν
2827 4293 2966 4348 κατά
2996 4291 3219 4366 γνώμην
3253 4291 3389 4346 Θεοῦ

116 4385 249 4451 παρ’
287 4381 452 4453 ἡμῶν
484 4385 836 4456 μηνυομένων
867 4385 1072 4440 κακῶν.
1105 4385 1170 4438 Τί
1198 4383 1324 4452 οὖν;

187 4479 350 4549 Στίχ.
385 4477 471 4548 ιβ’.
504 4509 573 4519 —-
604 4498 622 4530 ι
661 4480 759 4532 Διά
789 4479 944 4533 τοῦτο
984 4479 1049 4532 δι’
1073 4480 1217 4550 ὑμᾶς
1248 4479 1386 4533 Σιὼν
1429 4481 1505 4544 ὼς
1540 4480 1708 4551 ἀγρὸς

1882 4475 2050 4532 Vens.
2086 4475 2174 4530 12.
2212 4504 2283 4516 —
2334 4493 2352 4527 ι
2397 4472 2544 4536 Ideo,
2599 4473 2769 4529 vestri
2811 4486 2998 4534 eausa,
3053 4469 3184 4525 Sion
3229 4467 3390 4540 quasi

113 4569 609 4642 ἀροτριαθήσεται,
642 4573 736 4624 καὶ
780 4571 1134 4644 Ἰερουσαλὴμ
1158 4571 1239 4634 είς
1260 4572 1708 4642 ὀπωροφυλάκιον

113 4660 298 4724 ἔσται,
356 4662 454 4713 καὶ
489 4662 550 4714 τὸ
594 4662 719 4734 ὅρος
761 4663 856 4716 τοῦ
900 4664 1050 4717 οίκου
1102 4665 1181 4727 είς
1212 4663 1375 4728 ἄλσος
1411 4664 1638 4735 δρυμοῦ.
1685 4683 1702 4714 ι

122 4751 360 4822 Ἐπειδὴ
395 4753 575 4804 τοίνυν
613 4757 723 4816 τοῖς
756 4753 853 4824 μὲν
896 4755 1184 4826 ἡμετέροις
1211 4755 1490 4809 ἀπειθεῖτε
1530 4755 1710 4824 λόγοις

109 4841 257 4893 κατὰ
287 4841 523 4911 γνώμην
546 4842 684 4894 Θεοῦ
714 4844 1074 4913 γιγνομένοις.
1099 4847 1211 4908 τοῖς
1235 4844 1712 4917 ψευδοπροφήταις

103 4935 159 4987 δὲ
197 4935 578 5007 προσέχοντες
622 4935 888 4999 τοσαύτας
929 4937 1183 5000 ἀσεϐείας
1237 4955 1317 4990 τε·
1341 4941 1432 4991 καὶ
1474 4956 1710 5010 παρανο-

107 5025 243 5092 μίας
276 5023 412 5077 καθ⁹
441 5025 682 5094 ἑκάστην
715 5024 956 5090 ἅπαντες
985 5028 1198 5098 ἡμέραν
1238 5031 1535 5083 ἐπιτελεῖτε
1556 5072 1570 5096 ,
1617 5031 1705 5084 διὰ

98 5115 272 5167 τοῦτο
319 5114 543 5166 εἴσεσθε
581 5115 689 5167 τῶν
734 5118 1018 5188 ἡμετέρων
1055 5119 1227 5187 λόγων
1277 5121 1375 5190 τὴν
1422 5121 1702 5192 ἀλήθειαν,

101 5205 200 5256 καὶ
230 5205 325 5257 ὅτι
368 5203 612 5274 τοσαύτη
646 5223 728 5268 τις
762 5207 966 5277 ἐρημία
1001 5209 1376 5279 καταλήψεται
1417 5210 1537 5264 τότε
1569 5212 1708 5266 Σιὼν

97 5294 230 5363 ὅρος
258 5294 368 5348 καὶ
404 5293 504 5364 τὴν
533 5294 620 5348 ἐπ’
648 5295 812 5349 αὐτοῦ
839 5298 1012 5363 πόλιν,
1039 5299 1112 5362 ώς
1137 5300 1198 5352 τὸ
1227 5301 1326 5370 μὲν
1353 5302 1524 5374 ἀγροῦ
1550 5303 1705 5374 δίκην

97 5385 514 5457 γεωργεῖσθαι,
557 5386 656 5458 τὴν
698 5389 755 5440 δὲ
793 5391 996 5461 σκηνῆς
1036 5392 1375 5446 διαλλάττειν
1411 5393 1578 5464 μηδὲν
1614 5396 1706 5448 ἐπὶ

94 5477 352 5548 ὀπωρῶν
386 5477 605 5549 φυλακῇ
645 5483 1179 5554 κατεσκευασμένης,
1210 5484 1318 5537 τῶν
1339 5486 1708 5558 οίκοδομημά-

93 5585 206 5620 των
236 5567 397 5637 αὐτῇ
425 5569 761 5638 πανταχόθεν
791 5575 1262 5644 κατερῤιμμένων,
1289 5577 1394 5629 πᾶν
1410 5592 1490 5642 τε,
1517 5577 1704 5630 συντόο

95 5677 219 5728 μως
249 5661 470 5725 εἰπεῖν,
499 5658 562 5711 τὸ
596 5659 720 5729 ὅρος
744 5664 800 5714 ἐν
827 5659 979 5731 ᾧπερ
1010 5666 1038 5716 ὁ
1069 5665 1163 5718 τοῦ
1189 5665 1323 5719 Θεοῦ
1359 5663 1505 5732 οἶκός
1536 5670 1705 5731 ἐστιν,

92 5753 255 5804 οὐδὲν
314 5751 519 5804 διοίσει
575 5753 741 5805 τόπου
787 5756 1104 5825 συμφύτου,
1168 5758 1438 5812 τοσούτων
1489 5763 1552 5814 ἐκ
1605 5763 1706 5831 τῆς

90 5843 353 5914 ἐρημίας
381 5841 782 5914 ἀναδιδομένων
804 5846 988 5900 αὐτόθι
1014 5850 1218 5917 φυτῶν.
1258 5851 1414 5904 Ἀλλὰ
1444 5852 1551 5923 γὰρ
1575 5855 1704 5925 ἄχρι

449 5956 726 6023 ΡΑτιιοι.
774 5962 818 6021 G
833 5982 888 6022 ιι.
943 5965 1131 6024 LXVI
1148 6013 1161 6026 .

1816 4585 1945 4641 ager
1985 4568 2252 4632 arabitur,
2296 4577 2348 4622 et
2389 4565 2692 4621 Jerusalem
2738 4565 2896 4636 quasi
2938 4562 3189 4619 custodia
3228 4558 3390 4631 184

1814 4663 2045 4734 pomarii
2067 4663 2190 4726 erit,
2214 4669 2268 4716 et
2293 4676 2452 4716 mons
2484 4660 2668 4730 templi
2703 4659 2860 4729 quasi
2893 4659 3051 4711 lucus
3081 4656 3135 4709 in
3167 4653 3334 4710 saltu.
3364 4671 3383 4702 ι

1811 4753 2082 4820 Quoniam
2114 4753 2300 4823 itaque
2337 4753 2544 4807 nostris
2572 4750 2888 4807 discrcditis
2925 4748 3133 4809 verbis,
3167 4759 3288 4816 qua:
3320 4759 3388 4798 ex

1814 4847 1906 4902 Dei
1955 4845 2226 4901 sententia
2261 4844 2613 4915 protulimus,
2665 4849 2720 4897 et
2771 4840 2923 4895 falsis
2957 4836 3240 4910 prophetis
3289 4850 3381 4888 au-

1813 4939 2141 5004 scultautes,
2175 4945 2254 4992 tot
2291 4935 2614 5005 iniquitates
2646 4949 2710 4988 ac
2740 4931 3215 5004 praevaricationes
3250 4941 3390 4997 quo-

1811 5029 1943 5084 tidie
1987 5028 2366 5095 committitis;
2410 5035 2695 5099 propterea
2736 5033 3052 5080 nostrorum
3092 5020 3408 5076 verborum-

1811 5118 2096 5174 vcritatem
2127 5118 2514 5190 cognoscetis;
2566 5115 2696 5186 quia
2730 5121 2882 5168 tanta
2931 5121 3063 5166 tunc
3108 5111 3166 5165 in
3217 5107 3384 5162 Sione

1811 5217 1995 5264 monte
2027 5215 2082 5263 et
2127 5209 2181 5262 in
2225 5208 2482 5283 imposita
2514 5206 2565 5262 ei
2619 5205 2844 5260 civitate
2893 5201 3132 5261 solitudo
3179 5199 3288 5262 fiet,
3326 5206 3384 5250 ut

1811 5302 1900 5357 ille
1920 5301 2138 5371 quidem
2167 5301 2282 5370 agri
2311 5301 2484 5355 instar
2506 5298 2748 5354 araudus
2774 5297 2867 5361 sit,
2892 5295 3005 5350 haec
3029 5301 3210 5348 autem
3238 5287 3382 5344 haud

1808 5391 2094 5448 dissimilis
2147 5389 2330 5445 futura
2388 5392 2461 5444 sit
2510 5389 2726 5460 tugurio
2773 5383 3149 5443 custodiendis
3203 5381 3380 5452 pomis

1809 5493 2022 5550 erecto;
2056 5484 2280 5540 urbanis
2304 5498 2498 5553 nempe
2524 5482 2772 5538 aediliciis
2800 5480 3004 5550 ubique
3036 5474 3329 5548 prostratis
3359 5491 3374 5527 :

1809 5585 1972 5647 atque
2019 5585 2077 5631 ut
2109 5576 2434 5646 compendio
2474 5575 2676 5638 dicam,
2731 5588 2889 5628 mons
2936 5572 2991 5625 in
3026 5583 3134 5639 quo
3183 5567 3380 5621 domus

1809 5669 1905 5726 Dei
1934 5678 2038 5736 est,
2072 5672 2207 5726 nihil
2235 5687 2264 5724 a
2298 5672 2538 5742 plantato
2570 5671 2689 5725 loco
2719 5665 2955 5730 differet,
2989 5671 3070 5719 tot
3106 5661 3216 5718 illis
3246 5675 3378 5730 pro-

1810 5771 1930 5834 pter
1967 5764 2315 5820 solitudinem
2365 5761 2758 5832 pullulantibus
2805 5759 3029 5830 plantis.
3078 5754 3197 5809 1am
3248 5766 3380 5806 vero

1811 5857 2047 5912 narratis
2095 5857 2359 5912 hactenus
2404 5855 2622 5912 inﬂictis
2674 5853 2934 5910 lsraclitis
2979 5852 3193 5924 poenis,
3247 5844 3378 5900 dicit

2945 5973 3018 6032 12
