3860 6520
571 385 676 441 31σῦ

1717 374 2065 433 τΙΙΓΟῸΟῘῖΙ
2110 377 2152 430 Ill

2261 373 2590 433 suesrm
2872 404 2877 407 Α
3364 450 3373 457 ν
3684 376 3759 431 zu

573 500 830 571 deinceps
864 513 951 553 res
980 513 1168 552 eorum
1213 507 1334 568 post
1370 506 1652 568 capturam
1690 495 1945 561 futuras;
1984 495 2145 548 nimi-

2261 493 2433 547 τούτου
2465 496 2565 555 τὰς
2605 493 2950 563 ἐπαγομένας
2993 490 3179 555 αὑτοῖς
3225 489 3503 562 συμᾳοράς
3542 493 3757 564 εἰρηκὼς,

574 609 695 647 rum
723 598 981 659 quantam
1014 588 1251 643 habituri
1275 589 1385 644 sint
1410 590 1461 643 iu
1490 589 1682 643 melius
1706 586 2143 641 conversionem.

573 684 747 750 Quem
784 695 989 736 morem
1024 679 1192 736 fuisse
1229 681 1562 751 reliquorum
1596 678 2009 749 prophetarum,
2047 691 2146 730 no-

572 774 931 843 minatimque
961 771 1107 827 beati
1161 770 1403 837 Davidis,
1440 786 1582 840 saepe
1620 769 1963 824 ostendimus
2003 787 2017 823 :
2060 770 2148 822 ni-

575 864 773 915 mirum
800 861 1129 931 prmdicendi
1166 870 1291 931 post
1323 875 1688 915 aerumnarum
1720 860 2022 914 cruciatum
2058 858 2147 928 ju—

572 953 783 1018 cunda;
822 952 1022 1007 deinde
1066 966 1263 1006 rursus
1310 950 1487 1005 tristia
1525 949 1761 1009 dicendi.
1796 960 1852 1003 ut
1886 949 1987 1003 hac
2014 964 2149 1004 con-

572 1046 730 1097 tinua
759 1044 1040 1107 memoria,
1084 1053 1315 1111 utroque
1356 1040 1517 1095 modo
1564 1055 1659 1095 eos
1691 1039 1993 1102 erudirent,
2027 1055 2150 1094 cor-

574 1136 835 1204 ripientes
857 1134 1094 1188 tristium
1119 1133 1413 1194 mentione,
1437 1130 1725 1184 hortantes
1745 1136 1923 1183 autem
1949 1130 2150 1183 nuncio

574 1242 757 1280 rerum
796 1226 1195 1295 hcnigniorum,
1227 1238 1375 1292 spem
1411 1237 1539 1292 erga
1568 1220 1734 1275 Deum
1774 1219 1976 1275 fovere.
2007 1219 2151 1275 Dicit

576 1335 703 1389 ergo
736 1335 748 1369 :

1228 1490 1375 1545 (Lll‘.
1418 1489 1505 1546 IV.

647 1584 815 1639 Vsus.
855 1582 1009 1639 1—5.
1050 1600 1067 1631 ι
1114 1582 1176 1635 Et
1212 1584 1314 1636 erit
1350 1583 1660 1638 novissimis
1703 1581 1897 1636 diebus
1926 1578 2150 1647 conspi-

576 1690 712 1729 cuus
756 1688 913 1728 mons
943 1671 1140 1727 domus
1174 1669 1413 1738 Domini,
1457 1679 1791 1742 praeparatus
1834 1672 1888 1725 in
1925 1669 2148 1724 vertici-

577 1771 679 1826 bus
712 1768 1002 1832 montium,
1030 1775 1083 1822 et
1111 1765 1361 1821 sublimis
1396 1780 1559 1833 super
1601 1762 1789 1818 colles.
1832 1760 1897 1814 Et
1953 1774 2149 1831 prope—

576 1865 777 1917 rabunt
816 1862 884 1916 ad
925 1875 1049 1915 eum
1094 1858 1302 1929 populi,
1340 1866 1669 1927 pergentque
1710 1864 1897 1926 gentes
1944 1853 2148 1917 multae,
2184 1846 2224 1901 Β

574 1966 631 2010 et
665 1954 847 2009 dicent
873 1972 886 2008 :
911 1951 1124 2017 Venite,
1162 1950 1524 2005 ascendamus
1554 1950 1609 2003 in
1640 1957 1879 2002 montem
1911 1944 2149 2011 Domini,

578 2057 631 2100 et
665 2046 730 2099 ad
762 2044 982 2099 domum
1032 2043 1121 2097 Dei
1165 2041 1355 2096 Jacob.
1390 2040 1456 2095 Et
1497 2039 1953 2096 demonstrabuut
1993 2037 2152 2093 nobis

576 2140 722 2193 viam
755 2139 895 2209 ejus.
922 2147 975 2192 et
1008 2139 1209 2192 ibimus
1236 2138 1290 2190 in
1318 2134 1530 2190 semitis
1558 2134 1679 2203 ejus
1708 2153 1720 2187 :
1746 2132 1873 2203 quia
1900 2131 1964 2186 de
1989 2130 2152 2186 Sione

578 2232 889 2303 egredietur
912 2232 1024 2294 lex,
1056 2239 1108 2284 et
1143 2230 1367 2284 verbum
1404 2227 1615 2281 Domini
1645 2227 1710 2281 de
1734 2225 2060 2282 Jerusalem.
2087 2223 2154 2279 Et

575 2323 845 2393 judicabit
867 2322 1009 2376 inter
1034 2320 1191 2390 185
1211 2318 1442 2390 p0pulos
1466 2318 1688 2380 multos,
1724 2322 1776 2370 ct
1810 2322 1998 2385 arguet
2028 2328 2155 2384 gen—

582 2428 663 2472 tes
720 2415 890 2469 fortes
951 2429 1124 2483 usque
1179 2416 1231 2465 in
1280 2411 1658 2481 longinquum.
1704 2428 1721 2459 ι
1764 2406 2153 2461 Verumtamen

583 2514 869 2575 postquam
898 2504 1037 2557 mala
1073 2502 1315 2571 perpessi
1358 2498 1578 2559 fuerint,
1614 2496 1790 2566 primo
1836 2494 2052 2565 quidem
2085 2492 2153 2547 ab

583 2598 826 2669 Assyriis
860 2595 1140 2665 captivati,
1178 2591 1379 2647 deinde
1420 2606 1449 2644 a
1483 2587 1831 2659 Babyloniis;
1864 2594 2017 2639 tanta
2063 2585 2153 2638 ﬁet

583 2687 687 2739 hoc
710 2686 764 2739 in
799 2686 916 2738 loco
936 2699 1114 2737 rerum
1134 2680 1438 2742 conversio,
1463 2686 1521 2731 ut
1550 2675 1884 2746 conspicuus
1900 2672 2155 2727 omnibus

580 2777 803 2832 futurus
839 2778 909 2830 sit
938 2790 1114 2840 mons,
1138 2774 1188 2826 in
1217 2789 1324 2843 quo
1342 2770 1481 2826 Deus
1509 2770 1757 2823 habitare
1789 2766 2152 2829 existimatur,

582 2873 636 2918 et
678 2862 894 2916 cunctis
947 2860 1237 2914 sublimior
1291 2857 1571 2911 montibus
1602 2856 2008 2926 plurimumque
2057 2852 2156 2907 bos

576 2956 878 3018 excedens,
918 2968 1221 3022 omnesque
1251 2952 1440 3011 colles,
1489 2960 1711 3019 propter
1753 2947 2155 3001 manifestatam

583 3050 782 3105 divinae
813 3047 995 3101 tutela:
1026 3047 1078 3099 in
1115 3060 1180 3099 eo
1202 3044 1463 3114 gloriam.
1496 3042 1647 3096 Multi
1672 3054 1887 3113 qucque
1912 3038 2158 3093 extranei

587 3139 773 3194 multis
802 3155 867 3193 ex
900 3138 1035 3191 locis
1066 3143 1397 3189 concurrent
1421 3132 1486 3186 ad
1512 3132 1656 3185 hunc
1688 3129 1777 3184 Dei
1810 3135 2070 3188 montem,
2101 3128 2156 3179 in

585 3249 696 3302 quo
732 3231 985 3286 videlicet
1028 3228 1277 3283 habitare
1324 3225 1467 3280 Deus
1512 3225 1771 3288 creditur,
1816 3229 1874 3275 ut
1898 3222 2031 3274 hinc
2059 3220 2158 3273 do-

546 3330 551 3334 ’
586 3336 815 3380 ceantur
859 3320 1133 3394 quomodo
1168 3335 1262 3375 eos
1299 3331 1628 3389 componere
1668 3329 1849 3370 mores
1885 3321 2155 3384 oporteat,

586 3427 638 3471 et
664 3432 727 3471 ex
764 3430 951 3469 norma
994 3412 1299 3466 honestatis
1332 3412 1550 3464 vivere:
1585 3408 1657 3461 ita
1684 3414 1744 3461 ut
1772 3407 1852 3461 lex
1879 3406 1972 3460 ﬁat
1994 3405 2155 3459 etiam

587 3503 884 3568 extraneis,
922 3502 1011 3555 illa
1038 3516 1157 3571 qua:
1190 3501 1293 3554 hoc
1334 3500 1452 3552 loco
1482 3504 1669 3567 regnat
1710 3496 1827 3561 lex;
1858 3502 2157 3564 pulcntque

589 3605 781 3646 omnes
814 3606 873 3645 se
903 3588 999 3643 Dei
1042 3602 1228 3641 vocem
1263 3586 1473 3648 audire,
1523 3598 1627 3652 qua
1674 3582 1931 3651 iubentur
1962 3595 2157 3635 secun—

587 3682 715 3737 dum
740 3682 999 3736 instituta
1026 3679 1264 3734 civitatis
1285 3676 1585 3732 Jerusalem
1617 3675 1820 3728 vivere.
1855 3672 1947 3727 Sic
1976 3681 2154 3726 autem

588 3774 788 3829 merito
846 3772 1275 3833 existimabunt,
1334 3774 1646 3839 spectantes
1692 3764 1993 3819 evidentem
2063 3762 2154 3817 Dei

587 3864 907 3934 potentiam,
937 3862 1063 3915 dum
1092 3862 1292 3914 multos
1316 3874 1379 3913 ex
1408 3858 1475 3911 iis
1503 3858 1597 3926 qui
1641 3855 1781 3909 male
1815 3854 1975 3908 nobis
2017 3852 2158 3907 fece-

586 3962 716 4008 rnut
740 3954 804 4007 ad
833 3969 992 4009 suum
1018 3953 1281 4022 judicium
1310 3948 1599 4019 pertrahit,
1625 3945 1913 4015 arguitque
1935 3944 2156 3999 validis-

585 4050 757 4104 simos
792 4046 977 4110 etiam,
1004 4044 1355 4114 quantumvis
1390 4041 1577 4109 procul
1622 4040 1815 4093 abesse
1846 4038 2153 4101 videantur,

584 4141 656 4193 oh
690 4140 868 4192 illatas
909 4136 1069 4189 nobis
1114 4133 1377 4202 injurias;
1427 4144 1726 4200 pcnuasque
1774 4126 1882 4213 illis
1928 4126 2158 4197 imponit

579 4227 922 4282 facinoribus
951 4226 1191 4294 ipsorum
1214 4223 1453 4291 dignam.

2252 584 2397 652 λέγει
2426 583 2609 639 λοιπὸν
2640 587 2733 640 καὶ
2757 582 2844 640 οἷα
2867 588 2934 641 τά
2956 587 3083 657 περὶ
3104 587 3300 649 αὑτοὺς
3332 586 3469 656 μετά
3490 587 3582 656 τὴν
3607 588 3761 642 ᾰλωσιν

2251 674 2421 736 ἔσται,
2447 676 2576 746 ὅσην
2614 693 2673 729 τε
2704 675 2814 740 ἔξει
2842 677 2938 746 τὴν
2973 679 3067 731 ἐπὶ⁵
3106 677 3168 730 τὸ
3201 679 3448 748 κρεῖττον
3486 679 3760 751 μεταϐολήν·

2250 765 2386 835 ὅπερ
2414 761 2507 818 οῦν
2536 766 2723 831 εἰωθὸς
2760 768 2819 821 ὂν
2856 771 2965 832 τοῖς
3009 767 3215 832 λοιποῖς
3248 770 3546 839 προφήταις
3570 771 3650 841 (p.
3668 770 3762 843 281)

2251 856 2345 908 καὶ
2378 855 2456 926 τῷ
2485 857 2743 928 μακαρίῳ
2784 858 2966 924 Δαυῖδ,
2992 859 3249 922 πολλάκις
3291 860 3585 931 ἐδείξαμεν,
3609 863 3660 916 τὸ
3687 882 3765 935 pr,-

2251 948 2395 1002 νὺειν
2427 950 2564 1019 μετά
2602 952 2702 1020 τὴν
2741 952 2849 1005 τῶν
2888 952 3140 1024 χαλεπῶν
3187 956 3380 1024 πεῖραν
3414 955 3482 1008 τὰ
3521 955 3655 1025 ἡδέα,
3680 952 3765 1011 εἶτα

2253 1040 2414 1094 πάλιν
2439 1042 2615 1110 λέγειν
2644 1043 2713 1096 τὰ
2738 1044 2973 1115 λυπηρὰ,
3003 1045 3087 1098 ἵνα
3110 1048 3176 1116 τῇ
3207 1046 3455 1118 συνεχείᾳ
3476 1046 3569 1116 τῆς
3597 1048 3765 1117 μνήμης

2250 1131 2316 1183 δι’
2339 1132 2665 1204 ἀμφοτέρων
2695 1134 2892 1198 αὐτοὺς
2921 1135 3242 1198 παιδεὺωσι,
3269 1136 3669 1207 σωφρονίζοντες
3696 1140 3765 1208 μὲν

2251 1226 2317 1295 τῇ
2351 1225 2538 1296 μνήμῃ
2564 1224 2674 1279 τῶν
2705 1225 2983 1297 λυπηρῶν,
3014 1228 3443 1297 προτρεπόμενοι
3472 1227 3526 1279 δέ
3554 1231 3613 1298 τῇ
3647 1231 3768 1301 μηνὲ-

2255 1334 2336 1369 σει
2388 1317 2497 1370 τῶν
2549 1319 2928 1390 χρηστοτέρων
2967 1322 3066 1391 τῆς
3109 1320 3322 1383 ἐλπίδος
3368 1322 3670 1391 ἀντέχεσθαι
3699 1330 3767 1395 τῆς

2253 1406 2421 1471 Θείας.
2454 1409 2613 1478 Λέγει
2642 1409 2819 1463 τοίνυν
2849 1426 2863 1440 ο

2909 1505 3067 1559 ΚΕΦ.
3098 1506 3171 1558 Δ’.

2320 1598 2465 1667 Στίχ.
2498 1598 2643 1666 α’·γ’.
2680 1629 2747 1638 -
2788 1618 2805 1650 r
2842 1599 2950 1652 Καὶ
2979 1599 3129 1653 ἐσται
3165 1600 3247 1651 ἐπ’
3275 1598 3518 1668 ἐσχάτων
3546 1599 3645 1652 τῶν
3669 1601 3769 1669 ἡμε-

2254 1688 2363 1761 ρῶν
2404 1692 2643 1761 ἐμφανὲς
2687 1692 2747 1743 τὸ
2774 1692 2897 1763 ὅρος
2924 1691 3019 1744 τοῦ
3047 1692 3198 1745 οἴκου
3223 1690 3429 1763 Κυρίου
3452 1732 3467 1754 ,
3493 1692 3683 1762 ἕτοιμον
3704 1693 3768 1743 ἐπὶ

2253 1782 2351 1845 τάς
2407 1782 2649 1855 κορυφὰς
2708 1782 2817 1835 τῶν
2880 1783 3084 1853 ὀρέων,
3167 1784 3260 1835 καὶ
3329 1784 3768 1854 μετεωρισθήσεται

2254 1873 2507 1944 ὑπεράνω
2535 1873 2642 1925 τῶν
2666 1872 2868 1942 βουνῶν
2891 1891 2904 1904 ο
2933 1875 3025 1928 καὶ
3061 1876 3386 1929 σπεύσουσιν
3416 1876 3505 1928 ἐπ’
3530 1876 3647 1928 αὑτὸ
3667 1876 3768 1937 λαοὶ.

2254 1965 2347 2017 καὶ
2396 1964 2718 2036 πορεύσεται
2754 1964 2879 2036 ἔθνη
2926 1965 3124 2017 πολλά·
3159 1968 3252 2019 καὶ
3286 1965 3507 2036 ἐροῦσι,
3532 1964 3675 2018 Δεῦτε
3706 1967 3770 2017 καί

2254 2052 2541 2123 ἀναεῶμεν
2570 2054 2649 2117 είς
2678 2053 2737 2106 τὺ
2767 2054 2891 2125 ὅρος
2929 2054 3152 2126 Κυρίου,
3183 2055 3276 2107 καὶ
3307 2057 3385 2117 είς
3428 2055 3519 2106 τὸν
3556 2050 3681 2107 οἷκον
3705 2054 3770 2106 τοῦ

2253 2141 2387 2194 θεοῦ
2452 2142 2679 2196 Ἰακώϐο
2728 2144 2821 2195 καὶ
2864 2142 3128 2207 δείξουσιν
3167 2146 3297 2214 ἡμῖν
3342 2142 3441 2213 τὴν
3485 2144 3595 2196 ὁδὸν
3632 2142 3769 2201 αὑτοῦ,

2254 2234 2346 2287 καὶ⁵
2377 2234 2749 2304 πορευσόμεθα
2786 2235 2842 2286 ἐν
2875 2237 2994 2297 ταῖς
3020 2234 3225 2305 τρίϐοις
3258 2234 3444 2287 αὑτοῦ·
3487 2237 3567 2287 ὃτι
3594 2236 3649 2286 ἐκ
3674 2233 3771 2285 Σιὼν

2256 2324 2594 2391 ἐξελεύσεται
2616 2324 2797 2393 νόμος,
2823 2326 2916 2377 καὶ
2939 2325 3094 2393 λόγος
3121 2326 3325 2396 Κυρίου
3353 2325 3411 2391 ἐξ
3447 2325 3769 2396 Ἰερουσαλήμ·

2255 2417 2349 2469 καὶ
2380 2418 2556 2487 κρινεῖ
2580 2414 2682 2469 ἀνὰ
2710 2416 2871 2485 μέσον
2894 2416 3038 2469 λαῶν
3070 2415 3299 2479 πολλῶν,
3335 2417 3428 2469 καὶ
3459 2411 3655 2485 ἐλέγξει
3681 2416 3773 2485 ἔθνη

2258 2510 2452 2580 ἰσχυρὰ
2486 2510 2589 2573 ἓως
2639 2510 2875 2579 μακράν.
2920 2528 2937 2560 ι
2987 2509 3147 2561 Ἀλλά
3189 2509 3299 2579 γὰρ
3341 2509 3482 2578 μετά
3504 2508 3595 2578 τὴν
3624 2512 3772 2576 πεῖραν

2254 2598 2366 2650 τῶν
2410 2597 2595 2651 κακῶν
2643 2598 2700 2649 ἐν
2735 2593 2878 2670 ᾗπερ
2923 2600 3261 2668 γενήσονται,
3293 2598 3555 2668 πρότερον
3593 2598 3675 2667 μὲν
3704 2597 3776 2649 ὑπὸ

2271 2685 2569 2757 ’Λσσυρίων
2620 2684 3184 2753 αἰχμαλωτισθέντες,
3231 2684 3334 2736 ὑπὸ
3383 2684 3708 2737 Βαὸυλωνίων
3738 2682 3776 2733 δὲ

2259 2776 2503 2847 ὕστερον,
2532 2774 2769 2845 τοσαύτη
2802 2775 3073 2845 μεταϐολὴ
3122 2775 3249 2844 περὶ
3278 2775 3367 2826 τὸν
3396 2775 3559 2828 τόπον
3598 2776 3775 2843 γενήσε·

2257 2882 2345 2918 ται
2380 2864 2587 2921 τοῦτον,
2626 2864 2765 2916 ῶστε
2808 2864 3103 2933 περιφανὲς
3133 2864 3303 2917 ἀπασι
3326 2864 3386 2915 τὸ
3407 2863 3535 2933 ὅρος
3561 2860 3774 2930 γενέσθαι,

2260 2957 2317 3008 ἐν
2350 2950 2501 3027 ᾧπερ
2534 2958 2701 3009 οἰκεῖν
2734 2956 3062 3023 ὑπείληπται
3104 2954 3255 3017 Θεὸς,
3282 2953 3535 3006 ἀπάντων
3574 2969 3625 3005 τε
3654 2953 3777 3019 ὑπερ-

2261 3048 2510 3118 κείμενον
2552 3047 2825 3117 δειχθῆναι
2873 3046 2981 3099 τῶν
3034 3044 3228 3117 ὀρέων,
3271 3046 3364 3097 καὶ
3410 3045 3650 3097 πλεῖστον
3692 3044 3778 3094 ὅσον

2255 3141 2558 3209 ’ὑπεραῖρον
2600 3141 2777 3192 πάντα
2824 3138 2921 3208 μὲν
2959 3137 3090 3209 ὅρη,
3144 3137 3351 3199 πάντας
3392 3136 3448 3188 δὲ
3482 3130 3779 3206 βουνοῦς,διᾰ

2262 3232 2361 3301 τὴν
2394 3232 2456 3283 ἐκ
2483 3232 2582 3300 τῆς
2611 3230 2761 3293 θείας
2794 3230 3119 3299 κηδεμονίας
3158 3230 3215 3279 ἐν
3252 3226 3399 3297 αὑτῷ
3428 3226 3699 3296 γινομένην
3727 3222 3781 3273 δίλ-

2263 3318 2388 3383 ξαν·
2434 3317 2856 3387 συναχθήσονται
2898 3316 2953 3369 δὲ
3002 3316 3186 3369 πολλοὶ
3236 3316 3565 3383 πολλαχόθεν
3599 3315 3677 3366 καὶ
3703 3310 3778 3361 τῶν

2261 3408 2554 3479 ἀλλοτρίων
2594 3408 2939 3478 ἐπειγόμενοι
2968 3407 3122 3461 τοῦτο
3146 3408 3210 3478 δὴ
3231 3408 3326 3461 τοῦ
3350 3407 3488 3461 Θεοῦ
3514 3404 3780 3459 καταλαϐεῖν

2258 3498 2317 3548 τὸ
2361 3496 2505 3567 ὅρος,
2545 3499 2617 3565 (p.
2656 3496 2782 3563 ⁸232)
2823 3498 2879 3547 ἐν
2930 3490 3081 3567 ᾧπερ
3129 3499 3298 3549 οίκεῖν
3336 3496 3612 3561 δοξάζεται
3656 3490 3757 3551 Θεὸς

2259 3582 2491 3635 ἐνταῦθα
2518 3600 2573 3634 τε
2614 3582 2968 3650 παιδευθῆναι
3002 3582 3059 3635 ὃν
3103 3582 3166 3653 δὴ
3200 3584 3397 3654 τρόπον
3436 3582 3693 3653 προσῆκεν
3712 3575 3782 3630 αὑ·

2260 3675 2385 3736 τοῦς
2440 3672 2843 3735 πολιτεύεσθαι,
2883 3673 3032 3735 ὅπως
3082 3690 3140 3724 τε
3191 3674 3337 3743 βιοῦν
3388 3673 3531 3726 κατά
3578 3671 3634 3724 τὸ
3668 3668 3778 3721 δέονο

2260 3763 2397 3815 ὥστε
2430 3764 2591 3831 νόμον
2630 3759 2765 3814 εἶναι
2794 3764 2886 3815 καὶ
2926 3767 3036 3825 τοῖς
3064 3764 3288 3836 ἑτέρωθι
3317 3764 3409 3817 τὸν
3437 3763 3661 3816 ἐνταῦθα
3686 3777 3784 3830 κρα-

2258 3856 2453 3908 τοῦντα
2481 3856 2661 3924 νόμον,
2700 3858 2881 3925 φωνῆς
2915 3874 2971 3908 τε
3014 3858 3162 3920 θείας
3204 3858 3379 3909 δοκεῖν
3406 3856 3623 3910 ἀκούειν
3656 3856 3779 3907 am.

2260 3966 2375 4012 τας,
2409 3949 2499 4015 ἀφ’
2530 3944 2597 4019 ἦς
2626 3949 2900 4018 προσῆκεν
2926 3952 3035 4012 τοῖς
3074 3949 3423 4020 Ἰερουσαλὴμ
3466 3944 3783 4003 πολιτεύεσθαι

2263 4038 2541 4108 νομίμοις’
2584 4038 2757 4091 ταῦτα
2794 4039 2850 4092 δὲ
2883 4040 3159 4110 οἰήσονται
3196 4040 3453 4103 δικαίως,
3486 4040 3697 4111 ὁρῶντες
3717 4031 3782 4085 τοῦ

2265 4129 2399 4184 Θεοῦ
2429 4132 2524 4200 τὴν
2554 4131 2780 4202 δύναμιν
2803 4131 2869 4201 ἢν
2896 4131 3238 4195 ἐπιδείξεται,
3266 4131 3496 4194 πολλοὺς
3528 4130 3629 4183 τῶν
3647 4124 3785 4185 κακῶς

2266 4216 2673 4271 διατεθεικότων
2709 4219 2859 4288 ἡμᾶς
2911 4217 3016 4270 ὑπὸ
3060 4218 3160 4287 τὴν
3197 4218 3377 4288 κρίσιν
3421 4218 3573 4284 ἄγων
3608 4217 3691 4284 τὴν
3729 4212 3784 4261 oi-

586 4317 768 4383 κείαν,
811 4316 1045 4385 ἐλέγχων
1089 4330 1148 4367 τε
1190 4314 1285 4365 καὶ
1330 4312 1455 4373 τοὺς
1512 4309 1650 4377 ἄγαν
1694 4303 1832 4361 εἶναι
1874 4306 2163 4372 δοκοῦντας
2216 4310 2501 4379 ἰσχυροὺς,
2534 4310 2639 4363 κᾶν
2686 4312 2734 4362 εἰ
2777 4308 3061 4379 πόρρωθεν
3109 4304 3246 4361 εἶναι
3298 4309 3543 4371 δοκοῖεν,
3583 4306 3703 4374 ὑπὲρ
3734 4295 3785 4355 ὧν

587 4412 667 4473 είς
705 4408 854 4480 ἡμᾶς
912 4403 1406 4474 πεπλημμελήκασι
1429 4444 1443 4464 ,
1474 4401 1569 4453 καὶ
1602 4398 1666 4470 δὴ
1706 4400 1801 4451 καὶ
1846 4398 2118 4470 τιμωρίαν
2165 4400 2346 4463 αὑτοῖς
2386 4400 2605 4468 ἐπάγων
2630 4400 2742 4452 τῶν
2772 4397 3185 4469 τετολμημένων
3214 4398 3387 4465 ἀξίαν.

656 4500 825 4554 Miror
873 4507 1051 4552 autem
1094 4511 1190 4550 eos
1232 4494 1321 4563 qui
1369 4492 1728 4554 amrmarunt,
1770 4491 1918 4547 dicta
1971 4492 2087 4548 haec
2133 4509 2162 4547 a
2198 4498 2240 4550 Ι)

578 4592 852 4663 propheta
896 4590 963 4644 de
1002 4589 1163 4642 rebus
1215 4586 1474 4640 lsraelitis
1520 4585 1818 4650 eventuris,
1866 4593 2155 4655 postquam

587 4686 863 4755 Babylone
892 4681 1094 4737 reversi
1135 4680 1403 4741 fuissent;
1445 4678 1708 4732 addentes
1747 4677 1932 4741 etiam,
1974 4686 2158 4748 typum

587 4772 879 4843 quemdam
904 4785 997 4825 eas
1024 4768 1191 4822 fuisse
1218 4781 1398 4821 rerum
1424 4767 1526 4821 sub
1543 4766 1772 4819 Christo
1801 4764 2031 4821 Domino
2065 4784 2159 4835 ge.-

588 4863 905 4918 rendarum.
939 4860 1101 4931 Atqui
1134 4860 1233 4915 hos
1257 4873 1379 4927 ego,
1409 4863 1682 4926 quatenus
1715 4857 1899 4926 populi
1926 4858 2159 4913 reditum

580 4953 865 5025 Babylone
894 4952 978 5005 his
1004 4950 1184 5005 verbis
1206 4948 1481 5019 designari
1509 4947 1685 5009 aiunt,
1721 4961 1818 5002 ceu
1842 4948 2049 5017 optime
2080 4949 2163 5003 di-

589 5048 781 5096 centes
808 5039 989 5093 laudo.
1020 5037 1175 5104 Quod
1211 5048 1387 5091 autem
1430 5043 1592 5106 typus
1622 5034 1843 5104 quidam
1879 5037 1934 5089 in
1967 5036 2159 5090 iisdem

584 5128 760 5180 lateat
784 5140 966 5179 rerum
990 5122 1194 5178 Christi
1224 5123 1459 5187 Domini,
1487 5124 1629 5177 haud
1661 5125 1776 5180 scio
1806 5126 2081 5195 quomodo
2110 5123 2163 5176 id

592 5216 860 5270 aﬂirmare
892 5216 1134 5270 animum
1163 5213 1517 5270 induxerint:
1549 5225 1767 5270 constat
1796 5218 1943 5271 enim
1974 5224 2161 5287 typum

586 5302 952 5357 imitationem
978 5317 1099 5356 esse
1122 5303 1414 5372 quamdam
1442 5304 1562 5373 ejus
1607 5306 1706 5368 rei,
1733 5306 1893 5374 cujus
1930 5320 2053 5360 esse
2081 5305 2164 5358 di-

580 5395 735 5449 citur
774 5402 964 5465 typus;
1001 5393 1172 5446 dictio
1218 5405 1441 5449 autem:
1481 5415 1497 5447 ι
1541 5395 1616 5451 De
1660 5396 1827 5451 Sione
1856 5396 2165 5468 egredietur

594 5486 702 5551 lex,
736 5495 791 5539 et
828 5486 1054 5539 verbum
1104 5484 1314 5539 Domini
1362 5486 1430 5540 de
1484 5486 1814 5549 Jerusalem,
1860 5506 1879 5539 ι
1935 5488 2164 5541 nntltum

596 5582 749 5633 abest
783 5592 812 5631 a
839 5578 1041 5633 Christi
1073 5578 1469 5649 propositione,
1502 5580 1594 5649 qui
1630 5579 1853 5636 disertis
1877 5580 2056 5635 verbis
2081 5577 2175 5632 Sa-

586 5669 877 5722 maritana:
906 5668 1042 5723 dixit
1069 5670 1111 5700 ⁸¹
1141 5689 1154 5725 :
1187 5689 1204 5720 ι
1248 5668 1463 5736 Mulier,
1488 5671 1651 5727 crede
1686 5671 1839 5737 mihi,
1864 5672 1993 5743 quia
2025 5675 2172 5727 venit

660 5802 712 5833 “³¹
742 5801 896 5858 Joan.
938 5819 1009 5869 tv,
1046 5804 1133 5857 ι21.

2353 4494 2669 4564 Ἐθαὺμασα
2700 4495 2755 4546 δὲ
2781 4495 2907 4557 τοὺς
2950 4493 3241 4564 εἰρηκότας
3271 4493 3520 4563 λελέχθαι
3546 4494 3637 4564 μὲν
3661 4490 3789 4544 ταῦτα

2266 4584 2342 4654 τῷ
2369 4588 2616 4656 προφήτῃ
2654 4586 2744 4637 ἐπὶ
2775 4584 2883 4636 τῶν
2925 4585 3053 4654 περὶ
3108 4585 3232 4646 τοὺς
3279 4583 3615 4653 Ἰσραηλίτας
3639 4580 3789 4647 ἐσομέ·

2265 4694 2391 4739 νων,
2421 4676 2589 4728 ἐπειδ’
2624 4677 2688 4729 ἂν
2717 4674 3089 4743 ἐπανάγεσθαι
3118 4673 3350 4745 μέλλωσι
3376 4675 3475 4743 τῆς
3504 4672 3789 4729 Βαϐυλῶνος,

2266 4769 2547 4837 φήσαντας
2600 4767 2658 4819 δὲ
2706 4765 2875 4818 τὺπον
2914 4765 3052 4818 αὑτά
3099 4780 3224 4816 τινα
3279 4762 3373 4815 καὶ
3416 4762 3529 4814 τῶν
3562 4758 3689 4814 κατὰ
3727 4754 3791 4805 τὸν

2266 4854 2542 4923 Δεσπότην
2589 4854 2730 4922 ἔχειν
2755 4851 2988 4921 Χριστόν
3018 4868 3029 4880 ⁸
3064 4849 3158 4913 οὓς
3197 4851 3276 4901 ὅτι
3307 4850 3407 4917 μὲν
3443 4850 3545 4918 τὴν
3569 4850 3629 4900 ἐκ
3660 4841 3793 4897 Baiu-

2266 4944 2432 5009 λῶνος
2462 4946 2718 4998 ἐπάνοδον
2748 4944 2841 4998 τοῦ
2866 4943 2997 4997 λαοῦ
3016 4943 3377 5014 σημαίνεσθαι
3404 4942 3611 5012 ἔφασαν
3641 4942 3690 4992 ἐν
3705 4935 3794 4989 τού·

2269 5050 2403 5094 τοις,
2424 5033 2499 5096 ὡς
2522 5031 2782 5085 κάλλιστά
2812 5048 2873 5098 γε
2895 5031 3184 5101 εἰρηκότας
3212 5030 3420 5082 ἐπαινῶ
3443 5048 3456 5060 ·
3490 5032 3572 5084 δτι
3596 5028 3647 5081 δὲ
3668 5025 3794 5078 τύπον

2270 5126 2391 5179 τινὰ
2434 5124 2543 5178 τῶν
2572 5123 2711 5179 κατὰ
2736 5124 2827 5177 τὸν
2861 5124 3137 5193 Δεσπότην
3171 5121 3284 5193 ἔχει
3317 5123 3572 5193 Χριστὸν,
3604 5121 3691 5172 οὑκ
3712 5112 3794 5167 οἶδα

2270 5218 2417 5279 ὅπως
2438 5214 2789 5286 προήχθησαν
2802 5230 2823 5266 ε
2835 5214 2995 5274 ἰπεῖν.
3010 5212 3169 5283 δήλου
3183 5229 3246 5280 γε
3260 5213 3412 5275 ὄντος
3427 5212 3503 5273 ὼς
3523 5210 3659 5270 ἄπας
3668 5205 3795 5260 τύπος

2273 5304 2505 5373 μίμησιν
2538 5302 2649 5371 ἔχει
2675 5300 2798 5353 τινὰ
2826 5301 2962 5371 πρὸς
2998 5300 3174 5351 ἐκεῖνο
3200 5293 3369 5368 οὗπερ
3397 5298 3611 5365 λέγεται
3636 5294 3794 5350 τύπος·

2271 5396 2332 5448 τὸ
2356 5395 2412 5447 δὲ
2438 5396 2503 5447 ἐκ
2548 5392 2685 5445 Σιὼν
2716 5388 3095 5455 ἐξελεύσεσθαι
3133 5390 3315 5460 νόμον,
3337 5390 3428 5442 καὶ
3454 5389 3608 5455 λόγον
3635 5383 3795 5451 Κυρίου

2274 5487 2333 5551 ἐξ
2378 5484 2753 5557 Ἰερουσαλὴμ,
2788 5485 2864 5553 (p.
2886 5481 3015 5551 285)
3039 5481 3172 5534 πολὺ
3203 5498 3266 5549 γε
3296 5482 3601 5549 ἀφέστηκεν
3628 5477 3712 5545 τῆς
3730 5468 3796 5523 τείν

2269 5576 2507 5650 Χριστοῦ
2535 5575 2851 5641 διατάξεως,
2877 5574 2935 5637 ὃς
2962 5572 3149 5642 σαφῶς
3165 5573 3349 5644 εἴρηκε
3381 5572 3516 5641 πρὸς
3540 5570 3635 5639 τὴν
3654 5569 3797 5632 Σαμί-

2273 5673 2438 5743 ρεῖτιν
2460 5686 2472 5700 ο
2514 5686 2531 5720 t
2564 5666 2794 5719 Πίστευέ
2849 5682 2958 5736 μοι,
2992 5663 3173 5734 γύναι,
3200 5666 3281 5718 ὅτι
3320 5662 3538 5733 ἔρχεται
3585 5659 3710 5730 ὥρα,
3734 5650 3798 5705 δα
