3954 6504
232 350 323 406 εδδ

1193 342 1741 400 COMMENTARIUS
1779 342 1845 398 IN
1886 341 2194 400 MlCH/EE
2227 341 2377 397 CAP.
2419 340 2506 397 IV.

3355 347 3459 402 366

230 470 338 523 οὔτε
384 466 443 519 ἐν
494 461 911 537 Ἱεροσολύμοις,
940 464 1059 518 οὔτε
1087 466 1145 519 έν
1174 465 1252 537 τῷ
1273 466 1389 537 δρει
1420 466 1593 537 τούτῳ
1614 482 1787 537 προσ-

1911 479 2047 526 iora,
2082 462 2303 534 quando
2336 476 2510 531 neque
2536 452 2965 531 Hierosolymis:
2990 475 3166 532 neque
3210 463 3372 534 186
3404 473 3458 519 In

231 558 477 628 κυνήσετε
505 557 580 626 τῷ
600 557 771 627 Πατρί
788 572 801 585 ⁸
832 576 850 607 ι
868 556 961 609 κα)⁵
989 556 1087 627 τὴν
1102 557 1279 611 αἰτίαν
1303 556 1495 626 λέγων,
1520 575 1538 607 ι
1564 554 1790 625 Πνεῦμα

228 651 255 705 ὁ
285 648 426 712 Θεὸς,
460 649 702 712 καὶτοὺς
743 646 1181 719 προσκυνοῦντας
1222 647 1402 712 αὑτὸν,
1441 650 1500 702 ὲν
1523 646 1791 715 πνεύματι

231 742 313 797 καὶ
334 739 557 811 ἀληθεία
590 740 671 793 δεῖ
700 741 1023 812 προσκυνεῖν
1041 756 1055 769 ·
1084 759 1103 792 ι
1135 739 1318 808 σαφῶς
1347 739 1455 810 γὰρ
1479 738 1792 808 ἀπεφήνατο

232 830 686 901 καταλυθήσεσθαι
735 830 834 901 τὴν
886 831 1014 903 περὶ
1071 829 1162 882 τὸν
1207 830 1369 882 τόπον
1408 827 1791 899 ἀκριϐολογίαν

233 923 516 985 παντελῶς,
550 924 645 976 καὶ
705 923 905 993 μηδένα
927 922 1082 991 λόγον
1121 921 1336 975 ἔσεσθαι
1362 920 1453 974 τοῦ
1497 922 1555 973 ἐν
1589 920 1791 989 ἰερου-

170 1036 171 1039 η
234 1013 353 1083 σαλὴ
362 1031 401 1083 μ
432 1012 679 1083 μᾶλλονῆ
707 1011 931 1084 ἑτέρωθι
956 1014 1280 1085 προσκυνεῖν
1303 1026 1317 1039 ⁸
1344 1009 1531 1080 ἐπειδὴ
1552 1008 1792 1071 ἅπαντες

233 1104 598 1166 παιδευθέντες
624 1102 913 1173 ἀσώματον
937 1098 1075 1155 εἶναι
1097 1103 1155 1155 τὸ
1171 1102 1344 1165 Θεῖον,
1381 1100 1518 1171 μετὰ
1538 1098 1792 1168 τοιαύτης

230 1193 365 1263 αὐτῷ
429 1197 753 1263 προσκυνεῖν
812 1194 1063 1264 μέλλουσι
1092 1195 1190 1263 τῆς
1232 1193 1467 1254 διανοίας
1495 1208 1507 1220 ⁸
1544 1191 1619 1254 ὡς
1657 1192 1791 1244 ὅπου

231 1286 335 1337 ποτ’
393 1284 459 1336 ἂν
520 1284 652 1336 αὐτὸ
701 1284 1183 1354 διαπράττωνται,
1238 1284 1391 1336 οὐδὲν
1458 1284 1793 1353 ἀλλοιότερον

230 1374 497 1438 ποιοῦντες
515 1392 529 1405 ·
555 1376 683 1443 περὶ
712 1376 811 1445 μὲν
838 1375 901 1445 δὴ
917 1375 1017 1444 τῆς
1070 1375 1328 1429 ἐπανόδου
1363 1374 1462 1443 τῆς
1492 1375 1599 1427 ἀπὸ
1626 1374 1795 1428 Βαϐυ-

229 1469 382 1531 λῶνος
417 1469 789 1538 άρμοττόντως
820 1468 1028 1535 λέγοιτο
1063 1468 1152 1530 ἂν,
1184 1487 1201 1518 ι
1240 1468 1332 1520 Ἐκ
1356 1467 1492 1519 Σιὼν
1520 1466 1794 1533 ἐξελεύσε-

228 1577 305 1612 ται
329 1560 513 1629 νόμος,
541 1560 635 1611 καὶ
661 1559 818 1626 λόγος
850 1559 1050 1631 Κυρίου
1089 1560 1147 1625 ἐξ
1182 1558 1555 1630 Ἰερουσαλὴμ,
1588 1578 1605 1610 ι
1645 1561 1795 1612 ἐπει-

228 1652 386 1721 δήπερ
406 1651 744 1719 ἀπεδόθησαν
769 1651 1095 1721 ’ῐσραηλῖται
1120 1650 1240 1703 τότε
1256 1650 1333 1720 τῷ
1354 1651 1505 1721 τόπῳ
1533 1649 1611 1720 τῷ
1633 1650 1789 1713 Σιὼν,

226 1744 355 1795 ὥστε
386 1742 529 1796 κατὰ
557 1744 655 1812 τὴν
687 1742 917 1813 νομικὴν
956 1744 1217 1807 διάταξιν,
1248 1744 1348 1812 τὴν
1370 1742 1793 1813 διατεταγμένην

1890 562 2075 610 monte
2103 555 2205 609 hoc
2236 553 2541 609 adorabitis
2570 552 2803 609 Patrem.
2843 573 2861 604 ι
2899 551 3037 607 Tum
3065 569 3286 610 causam
3319 556 3458 610 assi-

1889 660 2103 716 gnans:
2140 664 2160 697 ‹
2197 642 2456 716 Spiritus,
2490 662 2509 697 ο
2550 644 2746 714 inquit,
2787 663 2806 696 ι
2841 653 2927 699 est
2953 642 3119 711 Deus,
3161 653 3215 700 et
3241 660 3336 700 eos
3366 647 3461 717 qui

1889 737 2118 791 adorant
2147 752 2292 801 eum,
2334 736 2388 789 in
2422 736 2615 806 spiritu
2667 745 2720 792 et
2752 738 2975 792 veritate
3011 746 3225 806 Oportet
3266 738 3466 792 adora-

1890 842 1948 880 re
1989 844 2001 880 :
2043 846 2061 877 ›
2116 827 2403 897 perspicue
2443 826 2646 880 docens
2683 827 2920 881 solutum
2978 827 3046 881 iri
3087 828 3313 882 omnino
3355 829 3462 884 loci

1889 912 2008 984 ejus
2042 916 2422 984 scrupulosam
2461 914 2913 981 observantiam;
2968 915 3215 986 nullique
3260 915 3321 969 in
3346 930 3463 986 po-

1891 1013 2097 1058 sterum
2126 1021 2272 1060 curze
2306 1005 2420 1060 fore
2454 1014 2636 1059 utrum
2665 1004 3058 1077 Hierosolymis
3090 1007 3269 1079 potius
3299 1022 3463 1075 quam

1891 1097 2018 1149 alibi
2048 1096 2334 1164 adoretur;
2366 1098 2494 1167 quia
2517 1113 2706 1152 omnes
2736 1098 3123 1168 incorporeum
3147 1115 3270 1155 esse
3294 1099 3464 1154 Deum

1891 1186 2091 1251 edocti,
2147 1189 2239 1241 tali
2291 1204 2412 1242 eum
2463 1204 2586 1243 cum
2639 1202 2817 1246 mente
2867 1191 3148 1246 adoraturi
3199 1202 3359 1260 sunt;
3413 1204 3466 1247 et

1892 1279 2155 1348 quidquid
2184 1281 2362 1337 ubivis
2393 1281 2644 1346 fecerint,
2668 1284 2890 1353 perinde
2914 1285 3151 1339 alienum
3181 1301 3291 1339 non
3324 1284 3461 1340 fore.

1898 1368 2282 1426 Verumtamen
2332 1373 2399 1428 de
2447 1375 2620 1428 reditu
2648 1374 3217 1448 quidemeBabylone
3265 1393 3467 1432 convc-

1894 1460 2107 1515 nienter
2141 1462 2245 1515 dici
2282 1466 2496 1534 potuit:
2554 1484 2573 1516 ι
2609 1464 2684 1520 De
2712 1464 2879 1520 Sione
2911 1468 3219 1537 egredietur
3266 1468 3376 1529 lex,
3413 1477 3468 1522 et

1894 1556 2117 1610 verbum
2152 1556 2365 1612 Domini
2413 1558 2480 1612 de
2524 1557 2861 1625 Jerusalem;
2900 1579 2918 1610 ι
2957 1563 3084 1630 quia
3123 1569 3255 1615 tunc
3299 1560 3465 1615 resti-

1895 1650 1995 1703 tuti
2048 1648 2267 1705 i‘uerunt
2327 1650 2582 1707 Israelita:
2626 1657 2681 1706 in
2734 1651 2917 1708 Sionis
2965 1652 3349 1715 stationem,ut
3393 1653 3466 1707 ibi

1896 1742 2089 1811 legalia
2142 1744 2391 1797 instituta
2449 1751 2505 1797 et
2562 1745 2938 1813 prazscriptum
2977 1745 3185 1799 cultum
3228 1744 3470 1813 comple-

226 1833 516 1903 θρησκείαν
546 1833 730 1885 αὐτόθι
755 1832 994 1903 πληροῦν
1012 1870 1025 1892 ,
1047 1835 1113 1905 ἣν
1142 1834 1367 1905 έτέρωθί
1397 1851 1459 1902 γε
1487 1834 1637 1897 ὄντες
1662 1833 1798 1902 πλη-

1907 1842 2047 1898 rent,
2098 1850 2256 1903 quem
2311 1836 2441 1889 alibi
2496 1836 2660 1906 positi
2711 1835 2959 1890 factitare
3007 1852 3117 1890 non
3167 1843 3466 1905 poterant:

233 1926 344 1996 ροῡν
376 1926 476 1977 οὐκ
504 1924 789 1995 ἠδύναντο·
817 1927 891 1989 ὼς
918 1926 1010 1980 καὶ
1029 1926 1205 1993 λέγειν
1230 1927 1321 1979 ἐπὶ
1352 1926 1448 1996 τῆς
1481 1925 1797 1989 Βαϐυλῶνος

228 2019 394 2078 εντας·
434 2036 451 2067 ι
487 2018 611 2078 Πῶς
640 2017 842 2088 ᾅσομεν
867 2017 963 2087 τὴν
992 2016 1131 2088 ᾠδήν
1160 2018 1365 2089 Κυρίου
1400 2018 1492 2069 ἐπὶ
1516 2019 1617 2088 γῆς
1639 2015 1796 2068 ἁλλο-

226 2106 403 2176 τρίας;
436 2126 454 2157 ι
479 2106 658 2159 Τόπον
692 2107 747 2159 δέ
764 2124 825 2175 γε
854 2107 970 2170 πῶς
1001 2108 1066 2160 ἂν
1089 2108 1199 2176 έχοι
1231 2108 1364 2177 πρὸς
1386 2108 1453 2161 τὰ
1475 2107 1567 2162 τοῦ
1597 2108 1799 2167 Δεσπό-

224 2216 311 2250 του
343 2198 606 2269 Χριστοῦ,
648 2192 819 2271 οὗπερ
875 2201 908 2269 ἡ
958 2199 1198 2264 διάταξις
1236 2196 1437 2270 ὁμοίως
1484 2199 1795 2270 ἁπανταχοῦ

228 2288 557 2360 πληροῦσθαι
587 2290 687 2361 τὴν
716 2290 865 2343 θείαν
897 2291 1144 2361 βούλεται
1175 2292 1449 2365 λατρείαν,
1477 2293 1682 2362 τρόπῳ,
1705 2293 1799 2345 καὶ

224 2379 279 2431 οὗ
320 2380 473 2450 τόπῳ
497 2381 918 2453 διακρινομένων
950 2382 1025 2454 (p.
1064 2376 1190 2452 εὸι)
1227 2383 1335 2438 τῶν
1358 2379 1416 2437 εὖ
1464 2400 1522 2437 τε
1569 2384 1662 2437 καὶ
1691 2384 1799 2451 χεῖ-

226 2487 308 2538 ρον
338 2471 509 2542 αὐτὴν
533 2472 637 2542 πλη
644 2473 878 2543 ρούντων
900 2492 915 2541 ;

288 2583 439 2653 Στίχ.
475 2584 539 2648 δ’,
565 2585 627 2638 ε’.
654 2614 721 2625 --
756 2585 894 2639 Ἀλλ’
923 2588 951 2640 ὃ
982 2604 1044 2655 γε
1080 2588 1363 2659 προφήτης
1400 2588 1465 2657 τῇ
1500 2586 1802 2656 προρῤήσει

222 2675 322 2727 τῶν
338 2676 711 2747 προκειμένων
730 2680 1109 2734 ὲπισυνάπτων
1129 2681 1274 2742 τάδε,
1295 2680 1458 2751 φησὶν
1497 2680 1603 2732 ὅτι(
1628 2682 1807 2734 Κατα·

222 2765 444 2834 κόψουσι
502 2766 603 2830 τὰς
654 2769 929 2841 μαχαίρας
970 2771 1147 2823 αὐτῶν
1202 2772 1281 2834 εἰς
1326 2771 1551 2841 ἄροτρα,
1598 2770 1692 2823 καὶ⁴
1736 2768 1807 2823 τὰ

223 2855 417 2926 δόρατα
442 2859 621 2913 αὐτῶν
656 2862 735 2925 εἰς
758 2862 1021 2933 δρέπανα,
1060 2864 1152 2916 καὶ
1190 2862 1373 2916 οὐκέτι
1394 2861 1456 2915 οὐ
1487 2862 1560 2933 μὴ
1592 2861 1806 2932 μάθωσι

223 2948 499 3020 πολεμεῖν.
549 2972 567 3003 ι
602 2954 824 3017 Δεικνὺς
856 2955 937 3007 ὅτι
967 2955 1234 3007 παύσεται
1256 2953 1354 3024 μὲν
1381 2954 1523 3015 ἄπας
1549 2952 1804 3022 πόλεμος,

224 3042 412 3113 εἰρήνη
476 3044 533 3096 δὲ
586 3044 763 3097 πάντα
818 3044 1074 3111 καθέξει·
1112 3043 1253 3097 ὥστε
1303 3043 1490 3098 καὶτὰ
1536 3042 1807 3112 πολεμικὰ

222 3131 427 3201 ὄργανα
471 3135 551 3197 εἰς
580 3134 676 3205 τὴν
722 3136 831 3188 τῶν
865 3134 1186 3206 γεωργικῶν
1220 3134 1427 3188 σκευῶν
1453 3135 1647 3206 χρῆσιν
1676 3133 1804 3203 τρέ-

1904 1925 2050 1979 unde
2094 1934 2147 1979 et
2191 1925 2464 1996 Babylone
2510 1927 2769 1995 degentes
2811 1926 3026 1979 aiebant
3068 1943 3081 1978 :
3122 1943 3139 1975 ι
3188 1922 3472 1990 Quomodo

1903 2017 2250 2073 cantabimus
2284 2018 2557 2072 canticum
2603 2016 2815 2071 Domini
2859 2016 2912 2069 in
2953 2024 3101 2069 terra
3145 2015 3320 2069 aliena
3346 2013 3465 2067 ⁸³2»

1906 2106 2186 2173 Quomodo
2235 2116 2414 2161 autem
2462 2106 2597 2172 lucc,
2648 2106 2891 2175 inquam,
2934 2106 3103 2176 ﬁgura
3136 2105 3247 2159 sint
3288 2117 3471 2157 rerum

1903 2199 2107 2255 Christi
2142 2199 2382 2263 Domini,
2411 2199 2571 2268 cujus
2598 2198 2869 2254 institutio
2898 2199 3013 2267 pari
3035 2196 3237 2265 ubique
3263 2196 3474 2248 ratione

1908 2291 2001 2347 Dei
2032 2290 2402 2345 adorationem
2437 2290 2551 2344 ﬁeri
2579 2290 2718 2356 vult;
2746 2288 3163 2352 modotantum,
3189 2300 3296 2341 non
3328 2286 3470 2350 loco,

1907 2379 2286 2436 diﬂ‘erentibus
2331 2381 2559 2435 invicem
2606 2380 2697 2449 qui
2730 2380 2868 2435 bene
2897 2379 2982 2432 vel
3023 2393 3182 2434 secus
3220 2377 3271 2431 id
3315 2373 3474 2430 olIicii

1906 2471 2203 2541 prmstant?

1979 2580 2140 2635 Vens.
2174 2580 2227 2648 4,
2266 2582 2317 2635 5.
2359 2614 2429 2625 —
2469 2583 2640 2637 Porro
2685 2594 2863 2638 autem
2913 2584 3170 2654 pt-Opheta
3218 2579 3475 2651 supradi-

1903 2686 2002 2729 ctae
2028 2675 2370 2743 praedictioni
2397 2675 2554 2728 aliam
2589 2675 2887 2737 subnectit,
2922 2690 3117 2743 nempe
3146 2691 3160 2727 :
3204 2692 3221 2723 ι
3255 2668 3319 2726 Et
3342 2688 3478 2727 con-

1903 2766 2086 2817 cident
2116 2763 2326 2834 gladios
2362 2780 2493 2818 suos
2542 2765 2595 2817 in
2631 2780 2901 2828 vomeres,
2938 2772 2993 2819 et
3028 2764 3213 2819 bastas
3260 2778 3388 2819 suas
3420 2762 3474 2816 in

1906 2857 2094 2920 falces,
2126 2865 2180 2911 et
2208 2872 2319 2910 non
2355 2858 2569 2911 discent
2603 2858 2745 2911 ultra
2784 2859 3105 2926 belligerare
3139 2876 3153 2911 :
3196 2876 3214 2907 ι
3250 2857 3476 2911 demon-

1904 2960 2089 3001 strans
2128 2948 2343 3002 scilicet
2388 2962 2551 3002 omne
2583 2948 2787 3002 bellum
2822 2948 3146 3012 desiturum,
3186 2955 3240 3002 et
3285 2961 3474 3017 pacem

1906 3041 2102 3109 ubique
2128 3040 2243 3096 fore
2271 3060 2285 3096 z
2311 3043 2663 3111 quamobrem
2693 3042 2855 3097 etiam
2892 3042 3087 3097 bellica
3110 3043 3478 3097 instrumenta

1904 3132 1957 3186 in
1988 3133 2197 3186 rustica
2247 3134 2505 3187 utensilia
2542 3149 2870 3189 conversum
2912 3134 2981 3187 iri
3032 3133 3310 3203 deinceps,
3361 3133 3478 3189 bel-

225 3241 341 3276 πειν
364 3225 575 3289 λοιπὸν,
607 3226 796 3297 ῶσπερ
831 3223 993 3299 ἦττον
1035 3228 1300 3298 μενόντων
1338 3227 1445 3280 τῶν
1473 3226 1803 3296 πολεμικῶν,

1910 3224 2017 3277 lico
2054 3224 2271 3278 illorum
2311 3241 2413 3280 usu
2454 3234 2726 3287 cessante,
2759 3226 2887 3295 quia
2919 3224 3087 3278 ﬁnitis
3119 3225 3298 3284 bellis,
3330 3223 3479 3294 agri-

224 3315 579 3383 πεπαυμένου
604 3314 697 3368 τοῦ
742 3298 1006 3387 πολέμου,
1045 3318 1142 3388 τῆς
1171 3317 1444 3388 γεωργίας
1466 3317 1519 3370 δὲ
1545 3316 1617 3379 ὡς
1643 3298 1710 3369 ἐν’
1730 3317 1807 3369 εἰ·

228 3407 359 3475 ςήνῃ
391 3409 615 3477 κρατεῖν
644 3407 984 3478 ὀφειλούσης.
1014 3404 1147 3461 Εἶτα
1182 3409 1352 3476 λέγει,
1385 3410 1467 3461 ὅτι
1495 3428 1511 3459 ι
1550 3409 1660 3461 Καὶ
1686 3408 1809 3459 ἀνα-

224 3497 498 3552 παύσεται
522 3500 749 3564 ἕκαστος
774 3503 1030 3556 ὑποκάτω
1053 3502 1297 3573 ἀμπέλου
1330 3501 1516 3567 αὐτοῦ,
1552 3502 1645 3553 καὶ
1675 3501 1805 3552 ἕκα-

226 3606 343 3654 στος
369 3593 633 3646 ὑποκάτω
671 3594 842 3664 συκῆς
898 3592 1063 3647 αὐτοῦ
1086 3610 1099 3623 ·
1134 3594 1225 3647 καὶ
1262 3595 1361 3647 οὐκ
1393 3593 1546 3646 ἔσται
1576 3595 1604 3645 ὁ
1642 3593 1807 3661 ὲκφο-

224 3679 328 3731 ϐῶν
348 3694 362 3706 ·
393 3701 412 3731 ι
439 3682 718 3751 σημαίνων
734 3686 815 3736 δτι
843 3684 1043 3747 πάντες
1062 3682 1427 3737 ἀπολαύσουσι
1459 3681 1567 3734 τῶν
1590 3682 1809 3735 οἰκείων

221 3775 418 3839 πόνων,
451 3776 527 3838 ὡς
566 3777 622 3829 ἐν
650 3778 838 3849 εἰρήνῃ
859 3777 1068 3840 οὐδενὸς
1099 3776 1249 3840 ὄντος
1272 3776 1361 3829 τοῦ
1383 3776 1571 3845 φοϐεῖν
1599 3776 1797 3838 αὐτοὺς

222 3866 315 3919 καὶ
343 3868 704 3938 ἐκταράττειν
732 3868 1033 3938 δυναμένου
1071 3868 1287 3927 λοιπὸν,
1325 3869 1419 3920 καὶ
1456 3867 1809 3938 μεθιστάντος

219 3958 328 4010 τῶν
380 3960 568 4013 τόπων
617 3960 724 4012 τῶν
771 3960 1006 4013 οἰκείων.
1068 3960 1177 4011 Καὶ
1207 3958 1391 4027 ἐπειδὴ
1440 3958 1715 4028 παράδοξα
1740 3956 1810 4007 τὰ

220 4050 496 4120 λεγόμενα
554 4047 643 4121 ἦν,
694 4052 873 4114 καλῶς
925 4052 1237 4120 ἐπήγαγεν·
1281 4067 1298 4099 ι
1337 4049 1409 4101 Τὸ
1464 4048 1572 4117 γὰρ
1636 4048 1809 4116 στόμα

220 4140 435 4212 Κυρίου
479 4143 914 4214 παντοκράτορος
948 4142 1177 4211 ὲλάλησε
1212 4140 1380 4193 ταῦτα
1406 4157 1418 4169 ·
1468 4160 1486 4192 ι
1524 4140 1610 4191 ἵνα
1656 4138 1806 4210 εἴπῃ,

220 4234 299 4284 δτι
350 4233 530 4286 ταῦτα
567 4235 882 4305 ἀπεφήνατο
925 4234 1057 4297 Θεὸς
1102 4233 1374 4302 γενέσθαι,
1410 4232 1503 4285 καὶ
1522 4232 1809 4300 γενήσεται

220 4323 464 4386 πάντως.
499 4342 518 4374 ι
565 4324 685 4377 Ὅτι
723 4325 922 4387 πάντες
957 4325 1008 4377 οἰ
1038 4324 1157 4377 λαοί
1188 4324 1541 4394 πορεύσονται
1584 4323 1812 4385 ἕκαστος

218 4415 318 4485 τὴν
376 4415 502 4468 ὁδὸν
553 4414 717 4468 αὑτοῦ
740 4431 753 4445 ⁸
787 4422 863 4485 (p.
893 4415 1021 4485 285)
1060 4417 1223 4486 ἡμεῖς
1252 4415 1307 4468 δὲ
1338 4413 1715 4486 πορευσόμεθα
1754 4415 1812 4465 έν

215 4508 452 4576 ὀνόματι
493 4508 698 4579 Κυρίου
740 4508 874 4561 Θεοῦ
920 4507 1074 4579 ήμῶν
1105 4510 1183 4571 εἰς
1218 4508 1309 4560 τὸν
1338 4509 1511 4561 αἰῶνα
1558 4507 1653 4560 καὶ
1681 4506 1809 4559 ἐπέ-

218 4615 402 4653 κεινα.
439 4620 457 4649 ι
481 4600 689 4662 Πάντες
740 4600 837 4670 μὲν
859 4601 968 4671 γὰρ
1015 4599 1090 4663 ὼς
1126 4600 1183 4652 ὲν
1222 4599 1411 4668 εἰρήνῃ
1442 4599 1806 4663 καθεστῶτες,

214 4691 283 4741 τὰ
324 4693 679 4762 προσήκοντα
709 4692 893 4754 αὐτοῖς
929 4691 1063 4762 ἔργα
1087 4688 1473 4762 διαπράξονται
1501 4690 1688 4743 λοιπόν
1716 4706 1731 4721 ·
1761 4690 1810 4742 οἰ

220 4777 321 4846 μὲν
364 4780 463 4832 ἐπὶ
502 4780 795 4851 γεωργίαν,
840 4780 889 4833 οἰ
922 4780 977 4833 δὲ
1012 4780 1103 4833 ἐπὶ
1145 4779 1570 4851 θαλαττουργίαν
1614 4779 1814 4851 τρεπό-

219 4886 401 4938 μενοι,
432 4872 484 4923 οί
514 4871 568 4924 δὲ
594 4872 679 4941 ἐφ’
708 4872 897 4943 ἥντινα
916 4871 1117 4941 δήποτε
1142 4871 1361 4943 τέχνην,
1386 4873 1452 4943 ἢν
1486 4871 1552 4925 ἂν
1584 4872 1814 4935 ἕκαστος

1910 3315 2124 3367 cultura
2176 3316 2329 3384 pacis
2380 3332 2566 3370 comes
2612 3316 2815 3385 ubique
2865 3316 3142 3385 regnabit.
3190 3314 3313 3368 Mox
3357 3313 3477 3369 ait:

1916 3426 1933 3456 ι
1962 3406 2028 3460 Et
2050 3409 2259 3462 sedebit
2286 3409 2663 3479 unusquisque
2683 3410 2785 3464 sub
2806 3409 2915 3463 vite
2944 3424 3064 3473 sua,
3093 3417 3148 3463 et
3178 3407 3482 3478 unusquis-

1910 3516 2016 3567 que
2054 3501 2157 3555 sub
2206 3501 2307 3554 ﬁcu
2361 3517 2490 3564 sua;
2532 3509 2585 3555 et
2628 3516 2739 3555 non
2783 3501 2889 3555 erit
2926 3502 3017 3569 qui
3059 3508 3303 3556 terreat:
3346 3520 3364 3553 ι
3404 3501 3483 3556 si-

1908 3593 2201 3661 gniﬁcans,
2234 3603 2466 3649 cunctos
2498 3594 2779 3648 laboribus
2806 3593 2921 3648 suis
2945 3593 3229 3657 fruituros,
3264 3592 3482 3648 nemine

1913 3692 1968 3735 ut
2010 3684 2063 3736 in
2105 3699 2237 3751 pace
2270 3685 2525 3739 usuvenit
2547 3701 2642 3740 eos
2677 3693 2883 3740 terrere
2904 3694 2995 3738 aut
3022 3685 3342 3754 perturbare
3365 3685 3480 3754 jam

1910 3777 2142 3839 valente,
2167 3786 2221 3830 et
2252 3779 2441 3846 patriis
2467 3778 2600 3832 locis
2633 3778 2972 3832 abstrahere.
3006 3777 3144 3831 Tum
3167 3778 3290 3845 quia
3317 3792 3481 3847 para-

1910 3858 2050 3921 doxa
2082 3868 2227 3921 dicta
2262 3868 2375 3922 ba‘c
2407 3877 2586 3925 erant.
2625 3876 2772 3924 recte
2803 3868 3015 3923 addidit
3044 3887 3057 3922 :
3099 3888 3116 3919 ι
3159 3868 3233 3923 Os
3269 3867 3481 3922 Domini

1909 3959 2301 4028 omnipotentis
2333 3960 2490 4028 187
2526 3961 2637 4014 haec
2670 3961 2907 4015 loculum
2929 3969 3048 4014 est:
3082 3977 3102 4011 ι
3131 3960 3340 4014 scilicet
3367 3960 3485 4014 bmc

1911 4050 2054 4105 Deus
2085 4050 2326 4104 decrevit
2351 4052 2487 4111 ﬁeri,
2523 4052 2759 4121 ﬁentque
2792 4051 3037 4105 omnino.
3071 4070 3087 4101 ι
3128 4050 3265 4115 Quia
3291 4065 3484 4104 omnes

1911 4142 2094 4212 populi
2140 4142 2498 4195 ambulabunt
2548 4143 2928 4211 unusquisque
2976 4142 3030 4194 in
3080 4141 3164 4194 via
3205 4157 3335 4207 sua;
3381 4156 3484 4195 nos

1911 4240 2093 4285 autem
2130 4232 2532 4286 ambulabimus
2566 4232 2619 4286 in
2672 4233 2893 4287 nomine
2924 4230 3135 4285 Domini
3181 4232 3273 4286 Dei
3310 4231 3483 4286 nostri

1913 4322 1965 4376 in
1994 4330 2256 4376 aeternum
2294 4331 2348 4376 et
2392 4325 2553 4376 ultra.
2587 4343 2605 4373 ι
2640 4323 2863 4385 Omnes,
2893 4329 3079 4391 utpote
3106 4322 3160 4376 in
3192 4337 3324 4392 pace
3352 4336 3488 4375 con-

1912 4416 2112 4481 stituti,
2147 4431 2388 4485 congrua
2420 4416 2523 4470 sibi
2555 4432 2718 4485 Opera
2752 4415 2970 4477 facient,
3005 4416 3097 4468 alii
3123 4415 3187 4469 ad
3217 4415 3329 4485 agri
3367 4416 3487 4468 cnl—

1915 4515 2117 4569 turam,
2156 4508 2248 4560 alii
2278 4507 2344 4561 ad
2378 4507 2710 4561 maritimam
2758 4507 3177 4576 negotiationem
3212 4507 3484 4566 conversi,

1916 4599 2007 4652 alii
2036 4600 2102 4654 ad
2126 4600 2422 4669 quamlibet
2448 4607 2641 4662 artem,
2665 4615 2825 4669 quam
2863 4600 3092 4669 quisque
3128 4599 3483 4669 proﬁtendam

1916 4690 2177 4760 delegerit
2228 4709 2243 4745 :
2275 4706 2565 4745 commune
2604 4701 2784 4744 tamen
2820 4706 2960 4761 opus
3007 4691 3192 4745 cuncti
3230 4690 3488 4759 deinceps

1916 4780 2275 4846 habebimus,
2338 4782 2639 4838 secundum
2698 4780 2790 4836 Dei
2848 4783 3162 4851 prmscripta
3224 4782 3279 4836 in
3328 4796 3491 4836 omne

1904 4872 2095 4926 aevum
2126 4872 2370 4927 futurum
2398 4875 2600 4930 vivere.
2637 4874 2816 4945 Atque
2846 4876 2960 4929 haec
2999 4875 3331 4930 conﬁrmans
3369 4875 3446 4928 ait
3469 4896 3484 4927 -.

218 4960 431 5027 μετιὼν
460 4963 742 5034 τυγχάνῃ·
778 4964 955 5017 κοινὸν
1000 4966 1056 5019 δὲ
1119 4966 1358 5027 ἅπαντες
1417 4963 1611 5033 ἕξομεν
1667 4965 1827 5033 ἔργον
1861 4964 1923 5017 τδ
1941 4965 2082 5018 κατὰ
2137 4966 2197 5018 τὸ
2240 4966 2431 5019 δοκοῦν
2488 4968 2564 5038 τῷ
2590 4968 2707 5039 Θεῷ
2754 4966 3129 5021 πολιτεύεσθαι
3182 4966 3366 5022 λοιπὸν
3411 4969 3491 5032 εἰς

214 5053 446 5109 ἅπαντα
487 5054 577 5107 τὸν
601 5056 725 5125 ἑξῆς
745 5056 953 5126 χρόνον.
978 5057 1089 5110 Καὶ
1118 5056 1445 5110 έπιϐεϐαιῶν
1470 5056 1608 5109 αὐτὰ
1643 5056 1802 5110 πάλιν
1833 5056 1983 5125 λέγει
2007 5073 2020 5086 ·

286 5148 451 5218 Στίχ.
488 5155 747 5218 ς’-η¹.--ι
770 5150 855 5205 Ἐν
875 5153 995 5215 ταῖς
1011 5151 1242 5223 ἡμέραις
1259 5151 1512 5215 ἐκείναις,
1531 5151 1677 5219 λέγει
1700 5153 1813 5205 Κύο

214 5257 360 5311 ριος,
381 5240 609 5306 συνάξω
640 5241 742 5312 τὴν
777 5244 1265 5315 συντετριμμένην,
1307 5245 1401 5298 καὶ
1428 5244 1527 5312 τὴν
1558 5244 1817 5315 ἀπωσμέ-

211 5348 313 5402 νην
341 5330 688 5399 εἰσδέξομαι,
719 5333 812 5385 καὶ
839 5331 932 5395 οὓς
966 5333 1274 5404 ἀπωσάμην
1296 5348 1310 5361 ·
1341 5334 1436 5387 καὶ
1463 5333 1816 5404 θήσομαιτὴν

214 5422 707 5494 συντετριμμένην
763 5424 841 5487 εἰς
877 5424 1216 5495 ὑπόλειμμα,
1253 5424 1347 5478 καὶ
1366 5424 1464 5495 τὴν
1479 5422 1815 5493 ἀπωσμένην

214 5516 296 5577 εἰς
323 5513 494 5577 ἔθνος
525 5514 745 5585 ἰσχυρόν
764 5531 776 5545 ·
804 5516 898 5568 καὶ
929 5514 1235 5585 βασιλεύσει
1270 5514 1474 5585 Κύριος
1500 5514 1588 5566 ἐπ’
1618 5514 1815 5577 αὐτοὺς

212 5606 272 5661 ἰν
311 5606 442 5679 όρει
481 5606 642 5669 Σιὼν,
666 5604 770 5660 ἀπὸ
802 5606 893 5659 τοῦ
925 5607 1020 5661 νῦν
1052 5607 1145 5661 καὶ
1175 5607 1278 5671 ἕως
1318 5608 1395 5669 εἰς
1436 5607 1529 5659 τὸν
1562 5605 1752 5659 αἰῶνα.
1793 5623 1812 5657 ι

288 5784 338 5815 ⁸³
370 5782 529 5839 Psal.
565 5798 781 5847 cxxxvr,
802 5782 856 5838 4.

1992 5151 2161 5206 Vens.
2197 5150 2305 5206 6-8.
2332 5181 2402 5189 —
2433 5170 2452 5201 ι
2489 5149 2686 5205 Diebus
2710 5149 2983 5207 illis.dicit
3019 5149 3281 5205 Dominus
3306 5194 3319 5217 ,
3359 5162 3495 5206 con-

1922 5242 2160 5312 gregabo
2191 5255 2309 5295 eam
2342 5254 2464 5309 quae
2502 5239 2737 5294 contrita
2771 5246 2887 5305 est,
2922 5247 2976 5294 et
3014 5253 3134 5294 eam
3161 5252 3283 5307 qua:
3317 5238 3489 5303 ejecta

1920 5332 2101 5386 fuerat
2136 5331 2433 5399 suscipiam
2454 5369 2470 5395 ,
2509 5343 2609 5384 nec
2638 5345 2747 5383 non
2774 5344 2913 5399 quos
2946 5330 3275 5399 repuleram.
3308 5326 3373 5381 Et
3394 5343 3495 5398 ρο..

1870 5459 1878 5468 υ
1922 5439 2049 5479 nam
2084 5419 2381 5477 contritam
2417 5421 2470 5475 in
2495 5420 2874 5487 residuum,et
2897 5421 3171 5490 repulsam
3196 5420 3249 5474 in
3275 5427 3491 5490 gentem

1922 5516 2185 5569 validam.
2220 5514 2285 5567 Et
2316 5513 2562 5583 regnabit
2599 5511 2863 5565 Dominus
2898 5526 3063 5581 super
3092 5526 3189 5567 eos
3222 5511 3276 5564 in
3306 5518 3493 5566 monte

1927 5602 2059 5659 Sion
2083 5642 2097 5669 ,
2141 5602 2339 5657 abhinc
2376 5610 2429 5657 et
2460 5617 2636 5672 usque
2670 5601 2726 5654 in
2756 5608 3040 5655 aeternum.
3085 5619 3103 5652 ι
3146 5598 3301 5655 Tunc
3336 5613 3495 5670 sane,
