3954 6558
195 428 283 486 πθ

1110 424 1655 484 COMMENTARIUS
1693 422 1758 477 1N
1803 421 2110 483 MlCll/EA‘J
2166 428 2315 485 CAP.
2379 424 2461 486 IV.

3328 431 3432 488 ετο

195 544 272 614 63'
315 538 391 600 ὧν
430 543 812 614 κεκρατημένη
860 542 1188 608 διαλλάττεις
1228 544 1377 598 οὐδὲν
1419 543 1509 598 ἐπὶ
1543 543 1749 614 τοκετῷ

1870 522 2076 614 I189
2127 545 2358 600 muliere
2409 546 2463 599 in
2491 555 2646 615 partu
2683 546 2939 602 dolente?
2986 561 3107 617 qua:
3148 559 3430 615 nunquam
3463 539 3468 544 ’

197 635 434 708 γυναικὸς
458 634 779 704 ὡδινούσης;
815 628 888 690 ὧν
910 637 1010 688 οὐκ
1025 636 1089 690 ἄν
1104 653 1233 689 ποτε
1263 640 1458 707 πεῖραν
1490 638 1776 706 εἰλήφεις,

194 731 235 783 εί
272 731 383 791 τοῖς
433 727 681 798 νομίμοις
747 725 1076 790 ἐσπούδαζες
1129 727 1356 781 ἔπεσθαι
1406 731 1516 792 τοίς
1573 729 1753 799 ἐμοῖς·

197 825 262 892 (p.
294 819 420 892 288)
470 821 606 891 ὅπερ
639 819 828 890 ἐπειδὴ
882 820 956 890 μὴ
1001 819 1328 890 πεποίηκας,
1369 839 1387 872 ι
1429 821 1626 883 Ὤδινε,
1663 821 1758 875 καὶ

196 913 451 984 ἀνδρίζου,
488 913 582 966 καὶ
610 912 818 982 ἕγγιζε,
842 911 1079 982 θύγατερ
1109 910 1266 979 Σιὼν,
1298 913 1373 976 ὡς
1393 914 1426 984 ή
1448 912 1754 967 τίκτουσα.)

205 1005 459 1076 ’Υπόμενε
481 1004 580 1068 τὰς
605 1003 956 1074 ἐπικειμένας
985 1004 1199 1069 ὠδῖνας,
1221 1004 1316 1058 καὶ
1337 1007 1393 1058 ἐν
1423 1004 1614 1068 αὐταῖς
1645 1004 1760 1058 δια-

198 1097 442 1169 καρτέρει
464 1096 620 1168 δίκην
641 1095 952 1167 τικτούσης,
971 1097 1403 1168 προσεγγίζουσα
1427 1099 1545 1161 ταῖς
1573 1099 1638 1151 ἐκ
1664 1097 1760 1150 τοῦ

196 1191 386 1243 τίκτειν
417 1189 652 1252 ὡδίναις.
691 1207 710 1240 ι
749 1188 892 1241 Διότι
923 1188 1014 1242 νῦν
1046 1187 1302 1260 ἐξελεύσῃ
1329 1191 1392 1242 ἐκ
1418 1189 1643 1252 πόλεως,
1667 1189 1762 1242 καὶ

197 1281 628 1352 κατασκηνώσεις
656 1282 716 1334 ἐν
743 1280 929 1351 πεδίῳ,
959 1281 1054 1334 καὶ
1082 1279 1234 1352 ἣξεις
1261 1280 1365 1344 ἕως
1385 1279 1754 1344 Βαϐυλῶνος.»

197 1371 368 1444 Πέρας
385 1371 493 1442 γὰρ
524 1371 713 1441 εἴληφε
765 1371 834 1424 τὰ
864 1369 1002 1424 κατὰ
1037 1370 1116 1435 σὲ,
1146 1371 1238 1424 καὶ
1270 1369 1520 1441 ληφθήσῃ
1568 1369 1666 1440 μὲν
1698 1370 1762 1422 ἐκ

195 1467 280 1536 τῆς
309 1464 515 1534 πόλεως
544 1465 626 1526 είς
653 1462 1028 1533 αἰχμαλωσίαν
1057 1478 1072 1491 ·
1102 1453 1423 1533 ἀπαγομένη
1453 1461 1510 1514 δὲ
1532 1463 1610 1524 είς
1635 1460 1762 1523 τοὺς

195 1555 442 1625 τυχόντας
455 1553 673 1617 τόπους,
701 1553 1006 1626 ἐρῤιμμένη
1037 1553 1258 1620 διάξεις,
1279 1549 1364 1607 οἷα
1394 1553 1538 1616 είκὸς
1564 1552 1764 1623 αἰχμά-

194 1647 351 1710 λωτος
411 1646 749 1716 ἐπαγομένη,
802 1645 960 1715 ἄχρις
1012 1645 1078 1699 ἂν
1129 1647 1212 1708 είς
1266 1645 1434 1716 αὐτὴν
1467 1645 1643 1712 γένοιο
1662 1645 1762 1714 τὴν

195 1737 502 1804 Βαϐυλῶνα,
558 1739 617 1792 ἐν
663 1732 807 1812 ᾗπερ
851 1737 1057 1805 διάγειν
1089 1755 1146 1791 σε
1183 1738 1320 1808 μετὰ
1351 1739 1449 1808 τῆς
1477 1738 1762 1808 συμφορᾶς

192 1815 396 1902 ἀνάγκη
451 1831 549 1900 τῆς
597 1830 804 1893 οἰκείας
832 1848 846 1861 ο
888 1826 1007 1882 εἶτα
1064 1828 1469 1900 τὴντιμωρίαν
1505 1827 1761 1900 εἰρηκὼς,

1863 652 2086 712 experta
2127 641 2348 709 fuisses,
2380 643 2427 698 si
2467 644 2635 713 legem
2680 659 2854 698 meam
2901 641 3299 698 observandam
3332 655 3432 694 cu-

1870 749 2075 790 rasses.
2106 735 2261 801 Quod
2290 750 2548 793 cumnou
2578 735 2794 800 feceris,
2820 734 2944 789 audi
2976 751 2990 787 :
3026 753 3044 786 ι
3077 732 3238 798 Dole,
3271 739 3325 786 et
3354 732 3434 785 vi-

1867 825 2046 881 riliter
2071 842 2192 898 age,
2229 835 2284 882 et
2312 827 2711 898 appropinqua,
2743 827 2852 880 ﬁlia
2888 824 3094 889 Sionis,
3131 824 3278 881 sicut
3313 839 3436 893 par-

1866 916 2102 973 turiens.
2141 938 2160 970 ι
2189 917 2374 973 Perfer
2401 919 2718 990 ingruentes
2740 918 2978 983 dolores,
3012 919 3065 970 in
3100 916 3277 986 iisque
3302 929 3437 969 con-

1867 1016 2079 1064 stanter
2109 1023 2207 1079 age
2239 1009 2396 1080 quasi
2429 1009 2764 1080 parturiens,
2789 1007 3285 1078 prepinquantibus
3315 1019 3438 1075 par-

1869 1105 1963 1154 tus
1995 1097 2300 1154 doloribus.
2343 1118 2362 1150 c
2406 1098 2544 1164 Quia
2570 1113 2716 1152 nunc
2758 1095 3058 1166 egredieris
3097 1094 3164 1148 de
3195 1093 3436 1157 civitate,

1866 1197 1920 1244 et
1951 1189 2228 1246 babitabis
2274 1190 2330 1244 in
2369 1205 2565 1260 campo
2592 1229 2606 1252 ,
2648 1198 2703 1244 et
2757 1188 2945 1243 venies
2990 1201 3164 1256 usque
3209 1185 3440 1255 Babylo—

1866 1295 2014 1336 nem.
2055 1301 2074 1334 ι
2129 1280 2283 1336 Finis
2330 1296 2511 1336 reruni
2569 1290 2785 1334 tuarum
2841 1286 2958 1342 est,
3008 1286 3062 1334 et
3103 1293 3168 1331 ex
3207 1276 3344 1330 urbe
3383 1275 3436 1328 in

1867 1371 2244 1442 captivitatem
2287 1372 2668 1444 deportaberis
2702 1390 2715 1426 :
2749 1371 2985 1425 abducta
3029 1384 3160 1424 vero
3199 1368 3255 1421 in
3287 1382 3438 1437 quite-

1867 1465 1999 1520 libet
2044 1464 2184 1528 loca,
2234 1464 2477 1534 projecta
2517 1463 2765 1535 jacebis,
2817 1471 2873 1516 ut
2921 1463 3144 1532 captivae
3195 1459 3440 1513 conditio
3505 1521 3508 1525 ,

1868 1555 1994 1622 fert,
2021 1554 2193 1612 donec
2231 1555 2298 1610 ad
2331 1557 2503 1627 ipsam
2537 1570 2709 1625 usque
2739 1555 3068 1626 Babylonem
3106 1553 3439 1623 perveneris,

1868 1649 1924 1702 in
1957 1662 2066 1718 qua
2092 1655 2146 1703 te
2173 1647 2420 1703 habitare
2451 1647 2760 1702 calamitate
2801 1657 2891 1701 tua
2934 1646 3187 1702 obrutam
3217 1659 3442 1700 necesse

1868 1747 1974 1794 est.
2011 1738 2148 1793 Tum
2182 1747 2306 1811 post
2337 1749 2617 1794 narratam
2659 1753 2874 1808 pcenam
2896 1779 2910 1801 ,
2937 1737 3185 1806 ejusdem
3212 1737 3442 1791 solutio-

1871 1847 1994 1886 nem
2023 1831 2370 1887 connectitu
2411 1830 2543 1885 inde
2580 1839 2630 1885 te
2655 1829 2936 1891 liberabit,
2975 1829 3102 1882 inde
3133 1835 3186 1880 te
3213 1827 3442 1880 redimet

194 1924 345 1978 πάλιν
395 1924 548 1992 λέγει
599 1923 700 1994 τὴν
745 1923 897 1977 λύσιν
922 1941 936 1956 ο
971 1941 990 1975 ι
1038 1923 1278 1977 Ἐκεῖθεν
1310 1924 1531 1992 ῥύσεταί
1556 1941 1637 1988 σε,
1668 1923 1763 1976 καὶ

1870 1923 2128 1978 Dominus
2154 1922 2294 1978 Deus
2319 1933 2445 1977 tuus
2470 1922 2538 1977 de
2571 1937 2734 1976 manu
2763 1920 3108 1976 inimicorum
3139 1926 3380 1972 tuorum.
3418 1936 3435 1968 ι

191 2016 394 2070 ἐκεῖθεν
453 2015 787 2086 λυτρώσεταί
821 2033 880 2068 σε
932 2015 1134 2086 Κύριος
1153 2018 1181 2070 ὁ
1211 2017 1340 2080 Θεὸς
1371 2034 1464 2070 σου
1493 2018 1558 2071 ἐκ
1584 2018 1764 2089 χειρὸς

193 2109 395 2179 ἐχθρῶν
442 2125 556 2164 σου.
595 2128 614 2161 ι
672 2107 808 2162 Ἀλλ’
857 2109 1025 2162 ἐπειδ’
1080 2109 1146 2162 ἂν
1180 2111 1259 2173 είς
1289 2111 1528 2174 ἐκείνους
1567 2111 1764 2183 αἰχμά-

190 2203 350 2266 λωτος
379 2203 552 2274 ἀφίκῃ
590 2203 717 2266 τοὺς
739 2202 956 2266 τόπους,
981 2203 1072 2270 ἀφ’
1092 2195 1166 2256 ὧν
1189 2204 1308 2256 οὐδὲ
1331 2203 1429 2274 μία
1446 2221 1526 2257 σοι
1557 2204 1763 2268 λύσεως

189 2296 347 2358 ἐλπὶς⁴
372 2295 752 2363 ὑποφαίνεται,
793 2294 1096 2365 παραδόξου
1139 2295 1300 2366 τεύξῃ
1330 2295 1429 2364 τῆς
1463 2296 1610 2361 Θείας
1639 2298 1764 2368 βοη-

191 2386 354 2450 θείας,
397 2387 455 2457 ἥ,
487 2385 630 2440 κατὰ
658 2386 756 2458 τὴν
787 2387 990 2440 οἰκείαν
1010 2387 1257 2458 δύναμιν,
1278 2388 1375 2455 τῆς
1398 2405 1456 2441 τε
1490 2389 1765 2460 αἰχμαλω-

187 2480 304 2543 σίας
338 2482 436 2534 καὶ
479 2480 581 2551 τῆς
616 2479 724 2534 τῶν
766 2480 1104 2551 κατεχόντων
1161 2480 1448 2554 ἀπαλλάξῃ
1499 2499 1557 2534 σε
1609 2482 1766 2536 δυνα-

190 2587 391 2633 στειας.

251 2662 404 2732 Στίχ.
442 2669 528 2715 ια’·
544 2667 630 2733 ιγ’.
659 2661 883 2722 -ιΚαὶ
906 2663 1003 2717 νῦν
1043 2663 1534 2736 ἐπισυναχθήσεται
1567 2665 1659 2718 ἐπὶ
1703 2665 1762 2718 σὲ

185 2751 308 2822 ἔθνη
337 2753 532 2815 πολλὰ,
562 2754 654 2806 καὶ
703 2753 823 2808 λαοὶ
862 2753 1133 2823 λέγοντες·
1185 2754 1644 2827 Ἐπιχαρούμεθα,
1672 2757 1766 2810 καὶ

182 2843 478 2912 ἐπάξονται
511 2844 603 2897 ἐπὶ
645 2843 782 2898 Σιὼν
832 2845 884 2898 οἱ
929 2845 1196 2916 ὀφθαλμοὶ
1235 2846 1414 2917 ήμῶν.
1445 2866 1465 2899 ι
1504 2848 1581 2917 (ρ.
1634 2847 1761 2916 289)

182 2937 313 2990 Τότε
343 2937 413 3008 δὴ
449 2935 572 3006 ἔθνη
616 2936 855 2991 Σκυθικὰ
899 2937 1069 2992 πολλά
1099 2955 1159 2991 τε
1192 2938 1286 2992 καὶ
1316 2939 1568 3012 ἀνήμερα
1598 2938 1764 3008 (λέγει

177 3029 236 3082 δὲ
262 3030 398 3092 τοὺς
427 3027 557 3099 περὶ
604 3028 692 3082 τὸν
727 3028 894 3098 Γὼγ),
934 3029 1033 3099 τὴν
1067 3028 1373 3100 εὐπραγίαν
1406 3029 1466 3081 οὐ
1507 3028 1764 3100 φέροντες

180 3123 273 3175 καὶ
323 3121 430 3192 τήν
460 3120 714 3174 ἐπάνοδον
763 3120 860 3190 τὴν
888 3119 1007 3190 σὴν,
1037 3118 1418 3173 ἐπελεύσονταί
1460 3136 1563 3181 σοι,
1622 3119 1765 3188 μάλα

1865 2013 1972 2069 Sed
1995 2021 2350 2084 posteaquam
2401 2012 2619 2082 captiva
2652 2011 2706 2064 in
2733 2025 2796 2063 ea
2829 2011 2946 2062 loca
2970 2009 3273 2072 deveneris,
3298 2006 3442 2060 unde

1867 2107 1972 2162 tibi
2003 2104 2269 2161 evadendi
2301 2103 2454 2159 nulla
2494 2118 2620 2174 spes
2649 2101 2926 2172 affulgcbit
2947 2139 2960 2164 ,
2997 2099 3249 2153 mirabile
3278 2112 3443 2166 expc-

1865 2200 2030 2256 rieris
2051 2200 2194 2255 ultra
2240 2201 2390 2254 vires
2425 2207 2546 2252 tuas
2587 2196 2677 2250 Dei
2713 2195 3013 2259 auxilium;
3051 2192 3103 2246 id
3142 2189 3346 2254 est,ille
3383 2189 3436 2242 vi

1863 2291 2082 2361 propria
2113 2300 2164 2345 te
2188 2289 2412 2345 servitio
2451 2296 2505 2342 et
2551 2300 2943 2357 oppressorum
2985 2281 3230 2354 expediet
3267 2279 3442 2334 domi-

1865 2383 2111 2438 natione.

1939 2667 2103 2723 Vens.
2135 2667 2310 2722 ll-l5.
2348 2695 2415 2707 ——
2449 2685 2466 2717 ι
2500 2665 2566 2719 Et
2595 2680 2742 2720 nunc
2771 2661 3248 2735 congregabuntur
3279 2671 3445 2729 super

1865 2770 1918 2818 te
1947 2770 2134 2832 gentes
2155 2760 2337 2814 multa:
2359 2758 2654 2829 populique
2675 2801 2688 2822 ,
2729 2756 2974 2812 dicentes
3013 2772 3026 2808 :
3062 2752 3397 2806 lnsultemus
3423 2765 3442 2811 ;

1865 2854 2233 2925 respiciantin
2267 2849 2487 2906 Sionem
2511 2850 2658 2905 oculi
2691 2850 2890 2903 nostri.
2929 2867 2947 2899 ι
2976 2845 3132 2898 Tunc
3171 2840 3444 2913 Scythicae

1866 2953 2055 3016 gentes
2088 2957 2397 2998 numerosae
2423 2948 2478 2996 et
2522 2954 2678 2996 saeva:
2709 2938 2864 3009 (dicit
2897 2952 3029 2992 vero
3057 2932 3290 3003 Gogum)
3324 2946 3444 3003 pro-

1865 3037 2177 3108 speritatem
2226 3048 2377 3088 tuam
2420 3033 2765 3103 reditumque
2796 3045 2954 3101 aequo
2991 3029 3175 3082 animo
3209 3040 3316 3080 non
3359 3023 3442 3077 fc-

1867 3138 2074 3194 rentes,
2111 3127 2369 3183 invadent
2394 3133 2468 3193 te,
2497 3125 2654 3180 valde
2689 3131 2976 3194 sperantes
3006 3120 3166 3175 facile
3203 3134 3263 3174 se
3292 3133 3432 3187 quas

177 3213 594 3285 προσδοκῶντες
657 3212 852 3284 ῥᾳδίως
882 3211 952 3264 τὰ
999 3210 1260 3264 δοκοῦντα
1302 3212 1513 3273 ἑαυτοῖς
1559 3211 1652 3264 ἐπὶ
1683 3212 1764 3264 σοὶ

1870 3220 2136 3276 voluerint
2162 3219 2261 3274 tibi
2294 3232 2569 3282 aerumnas
2595 3216 2874 3285 imponere
2913 3228 3098 3284 posse.
3160 3230 3179 3263 ‹
3217 3209 3282 3264 Et
3335 3209 3443 3279 ipsi

179 3304 646 3377 καταπράξασθαι
677 3305 842 3358 κακά.
882 3323 900 3356 ι
937 3304 1044 3358 Καὶ
1086 3305 1239 3358 αὐτοὶ
1271 3305 1371 3358 οὐκ
1404 3304 1646 3372 ἔγνωσαν
1676 3304 1766 3357 τὸν

172 3398 451 3468 λογισμὸν
474 3397 700 3468 Κυρίου,
728 3397 821 3450 καὶ
864 3397 925 3449 οὐ
956 3397 1191 3467 συνῆκαν
1222 3397 1321 3468 τὴν
1349 3396 1544 3468 βουλὴν
1577 3395 1762 3461 αὑτοῦ,

174 3491 256 3542 ὅτι
287 3493 609 3559 συνήγαγεν
655 3489 870 3551 αὐτοὺς,
895 3488 970 3552 ὠς
1003 3489 1294 3558 δράγματα
1333 3489 1553 3553 ἅλωνος.
1600 3508 1620 3541 ι
1669 3491 1770 3542 Πε-

172 3580 440 3650 ποίηντοιι
473 3579 530 3632 δέ
556 3577 652 3649 τὴν
676 3577 883 3646 ἔφοδον,
907 3577 984 3648 τῷ
1010 3595 1070 3630 τε
1111 3577 1306 3648 πλήθει
1344 3580 1437 3631 καὶ
1458 3582 1522 3650 τῇ
1545 3579 1767 3650 δυνάμει

170 3675 238 3741 τῇ
261 3671 457 3742 οἰκείᾳ
486 3669 834 3742 θαρροῦντες,
864 3669 960 3723 καὶ
988 3670 1087 3722 οὐκ
1125 3669 1324 3732 εἰδότες
1374 3670 1468 3722 τοῦ
1502 3670 1768 3740 ἡμετέρου

168 3761 310 3814 Θεοῦ
339 3762 452 3833 τὴν
484 3759 710 3830 γνώμην
737 3773 752 3789 ’
791 3760 849 3823 ὃς
880 3759 968 3812 διὰ
997 3758 1155 3813 τοῦτο
1187 3759 1562 3830 συνεχώρησεν
1590 3761 1770 3823 αὐτοῖς

170 3853 266 3905 ἐπὶ
287 3854 388 3906 τὸν
421 3852 662 3920 πόλεμον
687 3851 874 3905 τοῦτον
905 3851 1239 3922 βουληθεῖσιν
1267 3852 1522 3917 ἐξελθεῖν,
1554 3853 1641 3906 ἵνα
1670 3854 1771 3922 τήν

166 3963 227 3998 τε
259 3948 404 4016 περὶ
439 3947 588 4015 ὑμᾶς
604 3944 844 4016 ἐπιδείξῃ
861 3945 1214 4017 κηδεμονίαν,
1232 3947 1326 4000 καὶ
1341 3947 1438 4016 τὴν
1466 3947 1673 4000 οίκείαν
1691 3950 1772 4010 εἰς

168 4037 381 4098 αὐτοὺς
432 4034 630 4107 ἐλέγξῃ
671 4033 918 4106 δύναμιν,
941 4037 1096 4107 δίκην
1115 4036 1480 4107 θεριζομένων
1525 4036 1773 4108 δραγμά-

167 4144 281 4181 των
305 4129 412 4181 xui.
453 4129 537 4190 είς
555 4127 734 4180 ἅλωνα
757 4127 978 4181 ἁποτιθε
987 4129 1183 4199 μένων,
1209 4130 1416 4193 πάντας
1435 4129 1630 4193 αὐτοὺς
1653 4133 1774 4194 ταῖς

165 4225 427 4292 σφαγαῖς
482 4219 595 4274 τῶν
657 4221 936 4293 ὑμετέρων
988 4222 1186 4294 χειρῶν
1241 4223 1512 4288 ἐκδιδούς·
1565 4226 1660 4278 καὶ
1699 4226 1774 4290 ὡς

163 4315 351 4385 τούτῳ
390 4331 465 4382 γε
497 4315 714 4376 πάντως
770 4314 1012 4384 ἐσομένῳ
1041 4313 1280 4386 θαρρῶν,
1311 4315 1459 4384 λέγει
1490 4317 1626 4387 πρὸς
1649 4317 1775 4380 τοὺς

171 4408 585 4479 Ἰσραηλίτας·
653 4425 672 4457 ι
729 4406 1018 4477 Ἀνάστηθι
1074 4410 1167 4461 καὶ
1210 4409 1343 4462 ἀλόα
1417 4410 1635 4475 αὐτοὺς,
1679 4408 1776 4462 θύ-

159 4517 344 4572 γατερ
370 4499 549 4554 Σιών.
589 4519 608 4552 ι
644 4497 900 4553 Λαὸοὖσα.
953 4500 1031 4565 δὲ,
1069 4501 1254 4570 φησὶν,
1307 4502 1505 4564 αὐτοὺς
1558 4503 1775 4572 ὑποχει-

1867 3329 1974 3368 non
2006 3317 2382 3383 cognoverunt
2409 3309 2797 3380 cogitationem
2826 3304 3064 3368 Domini,
3086 3318 3263 3373 neque
3289 3300 3448 3355 intel-

1867 3407 2116 3462 lexerunt
2160 3404 2453 3460 consilium
2501 3401 2645 3472 ejus,
2693 3399 2840 3471 quod
2885 3413 3079 3469 nempe
3123 3394 3448 3451 adunaverit

1867 3514 1962 3554 eos
1987 3497 2144 3569 quasi
2170 3495 2477 3567 manipulos
2504 3509 2668 3550 areae.
2695 3513 2714 3546 ι
2745 3491 3155 3562 Expeditionem
3203 3487 3450 3542 fecerunt

1869 3603 2098 3644 numero
2127 3587 2446 3656 viribusque
2470 3584 2586 3640 suis
2609 3582 2969 3645 confidentes,
3007 3579 3103 3636 scd
3143 3578 3238 3633 Dei
3270 3575 3444 3631 nostri

1871 3680 2197 3736 sententiam
2237 3679 2580 3744 nescientes;
2624 3675 2718 3746 qui
2767 3690 2864 3730 eos
2910 3673 3115 3727 idcirco
3163 3669 3291 3726 sivit
3344 3668 3448 3722 hoc

1871 3773 2066 3844 Cupide
2108 3772 2312 3829 bellum
2362 3778 2552 3827 contra
2581 3785 2680 3825 vos
2713 3769 3016 3837 suscipere,
3061 3771 3122 3819 ut
3159 3761 3450 3834 providen-

1872 3865 2001 3919 tiam
2028 3879 2155 3934 erga
2200 3878 2299 3918 vos
2334 3877 2489 3918 suam
2535 3860 2873 3924 ostenderet,
2909 3865 2965 3912 et
3004 3856 3149 3912 vires
3196 3853 3448 3924 proprias

1871 3965 2170 4018 exsereret,
2209 3953 2584 4007 demessorum
2621 3951 2796 4007 instar
2839 3946 3241 4017 manipulorum
3289 3941 3450 4012 190

1871 4054 1927 4101 et
1960 4046 2015 4098 in
2049 4059 2171 4100 area
2220 4045 2586 4113 repositorum
2610 4081 2624 4105 ,
2668 4040 2954 4095 universos
2987 4037 3109 4090 illos
3139 4042 3446 4105 vestrarum

1875 4151 2133 4191 manuum
2163 4133 2297 4190 caedi
2331 4132 2681 4188 contradens.
2718 4132 2894 4201 Atque
2929 4131 3031 4183 hac
3057 4143 3116 4181 re
3143 4127 3261 4182 sine
3281 4124 3448 4179 dubio

1873 4238 2130 4285 eventura
2157 4228 2394 4289 iactatus,
2425 4225 2558 4280 dicit
2591 4223 2894 4279 lsraelitis:
2925 4240 2943 4272 ‹
2974 4219 3147 4288 Surge
3169 4226 3223 4272 ct
3252 4217 3447 4271 tritura

1873 4336 1991 4385 cos,
2039 4320 2147 4375 ﬁlia
2182 4319 2333 4374 Sion.
2377 4337 2395 4371 ι
2456 4317 2569 4373 llos
2598 4316 2714 4381 ltibi
2769 4317 2974 4370 virtute
3009 4312 3102 4368 Dei
3145 4310 3443 4380 subjectos,

1876 4423 2136 4482 tanquam
2177 4411 2234 4466 in
2268 4425 2393 4466 area
2423 4409 2590 4463 variis
2619 4415 2843 4462 contere
2893 4413 2950 4460 et
2981 4417 3246 4459 consume
3279 4401 3446 4456 caedi.

1878 4505 1998 4559 bus.
2042 4502 2217 4556 «Nam
2256 4517 2461 4556 cornua
2493 4507 2588 4554 tua
2639 4512 2838 4569 ponam
2882 4496 3090 4561 ferrea,
3117 4503 3171 4548 ct
3217 4493 3448 4563 ungulas

157 4595 322 4662 ρίους
343 4596 420 4663 τῇ
459 4591 688 4664 δυνάμει
737 4592 831 4645 τοῦ
885 4593 1044 4652 Θεοῦ,
1093 4593 1299 4657 πάντας
1359 4594 1555 4657 αὐτοὺς
1605 4593 1680 4656 ὼς
1718 4595 1765 4646 ἐκ.

1885 4607 2003 4654 tuas
2040 4608 2236 4664 ponam
2279 4607 2471 4647 mreas.
2515 4609 2534 4642 ι
2562 4589 2798 4660 .Contuli
2849 4586 2948 4643 tibi
2995 4585 3138 4640 baud
3180 4584 3446 4638 minorem
3519 4599 3525 4604 ·

154 4684 339 4739 ᾶλωνι
392 4683 686 4752 διαφόροις
739 4681 1027 4753 σύντριψον
1086 4683 1180 4735 καὶ
1234 4684 1612 4737 κατανάλωσον
1656 4685 1765 4746 ταῖς

1883 4686 2142 4742 cornibus
2189 4684 2384 4755 ferreis
2415 4682 2545 4744 vim,
2593 4696 2700 4751 qua
2738 4680 3061 4751 propulsare
3101 4675 3450 4732 adversarios

154 4778 445 4844 σφαγαῖς.
492 4792 510 4823 ι
550 4773 672 4826 Ὅτι
704 4773 775 4826 τὰ
807 4773 1015 4844 κέρατά
1048 4791 1141 4826 σου
1172 4775 1406 4846 θήσομαι
1433 4775 1649 4847 σιδηρᾶ,
1683 4776 1765 4829 καῖ

1883 4777 2085 4836 valeas,
2118 4778 2333 4844 eosque
2373 4772 2548 4842 magis
2579 4774 2906 4825 conculcare
2929 4783 3090 4839 quam
3118 4767 3162 4821 si
3199 4765 3322 4836 quis
3348 4779 3452 4818 un-

151 4865 258 4926 τὰς
308 4862 511 4924 ὁπλάς
545 4877 638 4913 σου
683 4861 917 4932 θήσομαι
966 4862 1190 4931 χαλκᾶς.
1238 4882 1255 4913 ι
1292 4863 1508 4916 Δέδωκα
1552 4865 1662 4935 γάρ
1694 4881 1765 4917 σοι

1883 4868 2023 4937 gulis
2061 4865 2218 4920 aereis
2257 4863 2518 4934 praeditus
2546 4871 2718 4919 esset.
2760 4879 2778 4912 ι
2817 4861 2884 4914 Et
2918 4860 3004 4916 bis
3046 4856 3450 4914 contabefaeies

146 4954 410 5022 δύναμιν
436 4953 548 5020 οὐχ
583 4947 743 5021 ἦττον
775 4952 1008 5022 σιδηρῶν
1038 4953 1302 5024 κεράτων,
1328 4954 1626 5024 ἀμύνεσθαι
1651 4956 1765 5019 τοὺς

1882 4966 2243 5026 conteresque
2295 4956 2526 5026 populos
2569 4955 2803 5020 multos;
2851 4960 2905 5007 et
2935 4952 3044 5007 Deo
3099 4948 3450 5006 consecrabis

147 5045 472 5106 ἐναντίους
513 5042 814 5112 ἀρκοῦσαν,
855 5045 948 5097 καὶ
981 5046 1172 5098 πατεῖν
1199 5045 1454 5116 μᾶλλονῆ
1480 5046 1671 5108 ὁπλαῖς
1693 5065 1765 5110 τις

1880 5048 2282 5105 multitudinem
2329 5047 2577 5108 illorum,
2624 5055 2677 5100 ct
2722 5044 3095 5099 fortitudinem
3131 5041 3448 5097 earumdem

143 5139 408 5210 χαλκαῖς
481 5134 770 5204 χρώμενος
831 5136 1126 5206 πατήσειεν
1185 5137 1270 5190 ἄν.
1319 5137 1394 5208 (p.
1449 5139 1575 5207 290)
1608 5157 1627 5190 ι
1669 5141 1765 5194 Kal

1883 5142 2112 5197 Domino
2144 5140 2413 5195 universa:
2440 5145 2621 5194 terrae.
2661 5159 2678 5190 ι
2719 5137 2814 5192 llis
2846 5137 2943 5192 tibi
2976 5152 3006 5189 a
3031 5135 3138 5189 Deo
3168 5133 3450 5187 concessis

143 5226 526 5298 κατατήξεις
556 5226 614 5277 ἐν
646 5225 834 5288 αὑταῖς
864 5224 1012 5302 ἔθνη,
1038 5225 1134 5278 καὶ
1157 5226 1435 5292 λεπτυνεῖς
1461 5228 1620 5293 λαοὺς
1650 5231 1765 5282 πολ-

1877 5233 2084 5288 viribus
2120 5232 2305 5286 hostes
2327 5245 2516 5286 omnes
2545 5244 2774 5299 prorsus
2796 5227 3102 5298 disperdes,
3134 5237 3446 5294 quanquam

139 5319 278 5384 λούς
301 5336 317 5350 ⁸
360 5318 477 5371 καὶ
507 5314 801 5384 ἀναθήσεις
823 5315 898 5385 τῷ
922 5316 1112 5387 Κυρίῳ
1139 5318 1201 5370 τὸ
1224 5318 1426 5388 πλῆθος
1447 5319 1648 5387 αὐτῶν,
1683 5323 1765 5374 κοιλ

1881 5325 2115 5395 plurimo
2155 5337 2415 5389 numero;
2467 5331 2521 5376 et
2563 5322 2831 5376 universae
2891 5318 3043 5389 ejus‘
3081 5315 3447 5370 multitudinis

136 5409 244 5480 τὴν
276 5407 466 5477 laxi»:
510 5404 693 5458 αὐτῶν
723 5405 802 5474 τῷ
835 5406 1024 5476 Κυρίῳ
1049 5407 1230 5478 πάσης
1259 5408 1359 5478 τῆς
1388 5410 1509 5480 γῆς.
1538 5429 1557 5462 ι
1592 5411 1765 5482 Ταύτης

1880 5416 2149 5472 excidium
2175 5415 2286 5469 Deo
2320 5413 2646 5482 imputabis,
2678 5413 2770 5481 qui
2804 5426 2927 5465 cum
2969 5409 3138 5463 totius
3184 5415 3342 5462 terra:
3379 5405 3450 5460 sit

133 5499 204 5570 δὴ
238 5501 316 5569 τῇ
356 5494 546 5566 παρὰ
573 5493 672 5546 τοῦ
691 5494 824 5547 Θεοῦ
855 5512 935 5548 σοι
972 5500 1355 5571 χορηγουμένῃ
1389 5503 1526 5569 ῥοπῇ
1569 5500 1765 5566 πάντας

1882 5509 2164 5567 Dominus.
2198 5517 2366 5561 totam
2393 5507 2611 5560 illorum
2639 5521 2736 5576 pro
2762 5518 2866 5558 suo
2894 5502 3047 5556 libito
3073 5497 3448 5555 fortitudinem

138 5589 363 5652 αὐτοὺς
411 5586 690 5654 ἀφανιεῖς
739 5586 1034 5653 παντελῶς,
1078 5588 1360 5653 πλείστους
1383 5607 1445 5658 γε
1473 5591 1650 5656 ὄντας,
1681 5595 1765 5646 καὶ

1881 5599 2211 5656 exsufllabit.
2250 5598 2456 5653 Deinde
2485 5597 2723 5653 hostium
2759 5593 3166 5665 aggressionem
3187 5601 3445 5650 narrans,

133 5683 367 5747 παντὸς
401 5677 528 5733 τοῦ
585 5677 824 5749 πλήθους
842 5679 1018 5732 αὐτῶν
1039 5681 1139 5752 τὴν
1160 5681 1434 5738 ἀπώλειαν
1459 5683 1629 5753 λογιετ
1659 5687 1765 5761 (58]

1881 5691 2040 5762 cujus
2069 5705 2235 5744 causa
2265 5705 2385 5759 qua:
2418 5703 2581 5759 supra
2615 5695 2742 5742 sunt
2767 5685 2912 5740 dicta
2940 5683 3236 5756 patientur,
3272 5678 3380 5736 ait:

221 5881 353 5957 (38)
394 5877 568 5938 Cod.
605 5877 726 5934 Vat.
753 5878 928 5951 λογιῇ,
993 5881 1112 5936 cod.
1164 5881 1446 5946 Vindobon
1483 5885 1765 5956 ἀναλογιεῖ,

1870 5906 1886 5944 3
1916 5887 2101 5958 chn.
2133 5887 2234 5956 legi
2263 5886 2467 5942 mavult
2507 5886 2806 5955 άναλογιεῖς
2831 5887 2917 5954 (7),
