3954 6508
447 416 544 472 571

1634 411 1984 470 TIIEODORI
2022 407 2500 468 MOPSUESTENl

3631 390 3728 446 Z72

446 538 527 610 τῷ
569 539 712 611 θεῷ.
743 541 802 604 ὃς
828 539 1044 609 ἀπάσης
1070 536 1272 608 Κύριος
1303 537 1381 589 ὢν
1405 538 1504 608 τῆς
1533 538 1655 608 γῆς,
1684 534 1903 592 ἅπασαν
1925 534 2105 591 αὐτῶν
2157 533 2295 588 κατὰ
2315 534 2377 587 τὸ
2403 529 2590 586 δοκοῦν
2619 526 2835 598 ἀφανιεῖ
2852 523 2948 596 τὴν
2975 518 3157 592 ἰσχύν⁹
3189 514 3308 573 εἶτα
3326 515 3428 589 τὴν
3455 513 3562 570 τῶν
3591 514 3732 568 ἐναν-

451 634 581 685 τίων
638 634 978 704 ἐπιχείρησιν
1012 631 1184 700 λέγων
1203 631 1347 702 ὑπὲρ
1369 626 1438 703 ἧς
1475 630 1541 702 δὴ
1564 631 1635 685 τὰ
1657 631 1890 704 ρηθέντα
1918 629 2301 700 ὑπομένουσινο

1133 809 1285 866 CAP.
1326 809 1393 864 ν.

545 925 710 980 Vrsas.
737 925 790 988 1,
821 926 876 979 2.
903 953 974 964 --
1006 943 1025 977 ι
1065 924 1223 980 Nunc
1263 925 1569 995 sepimento
1609 924 1854 994 sepietur
1889 924 1997 978 ﬁlia
2035 939 2049 976 :

473 1016 818 1072 obsidionem
865 1023 1171 1087 posuerunt
1215 1015 1372 1070 vobis
1403 1030 1416 1068 :
1444 1014 1599 1086 virga
1645 1015 1950 1084 percutient
1998 1014 2053 1067 in

473 1109 696 1164 maxilla
753 1108 933 1165 tribus
968 1107 1208 1164 lsraelis.
1257 1126 1275 1159 ι
1333 1105 1458 1161 Ηεοο
1510 1106 1801 1175 patientur,
1851 1105 2053 1174 inquit,

474 1203 605 1272 quia
662 1215 894 1255 numero
955 1199 1276 1269 viribusque
1318 1200 1435 1254 suis
1475 1198 1704 1253 ﬁdentes
1738 1205 2045 1263 venerunt,

475 1295 754 1365 sepientcs
794 1307 892 1348 vos
928 1299 982 1347 et
1031 1291 1444 1346 circumdantes
1495 1305 1597 1345 ceu
1647 1296 1886 1359 quadam
1927 1303 2057 1359 sepe

476 1384 830 1440 multitudine
863 1399 985 1446 sua,
1015 1391 1076 1437 ut
1109 1383 1538 1452 comprehensos
1568 1397 1762 1436 omnes
1807 1379 2057 1436 funditas

477 1476 744 1548 perdant;
777 1491 841 1530 ac
885 1473 1279 1545 prepemorlum
1336 1473 1574 1527 maxillis
1617 1472 1820 1527 vestris
1861 1480 2055 1541 poten-

481 1577 569 1622 ttze
593 1583 704 1622 sua:
736 1566 960 1623 verbera
995 1563 1321 1636 indigentes.
1357 1564 1480 1618 Mox
1509 1564 1674 1620 etiam
1708 1563 1834 1618 belli
1859 1563 2052 1618 ducem

480 1659 636 1725 dicit,
682 1666 740 1712 ut
787 1657 1042 1713 ostendat
1096 1657 1211 1711 ltmc
1265 1671 1390 1712 csse
1432 1663 1717 1717 eventura,
1766 1664 2053 1724 propterea

479 1751 626 1820 quod
654 1751 734 1805 eis
758 1748 1046 1819 imperabit
1083 1749 1173 1804 ille
1205 1748 1300 1818 qui
1329 1749 1606 1802 voluntate
1638 1746 1731 1801 Dei
1763 1745 1827 1801 ad
1863 1745 1915 1799 id
1940 1741 2054 1800 olli-

481 1843 627 1897 cium
673 1853 760 1898 est
808 1849 1116 1912 promotus.
1156 1861 1174 1893 ‹
1222 1840 1288 1894 Et
1343 1850 1436 1903 tu,
1501 1839 1815 1894 Bethlehem
1864 1839 2058 1893 domus

479 1934 797 2005 Epltrathaz,
851 1948 1197 2004 nequaquam
1235 1932 1457 1986 minima
1485 1948 1576 1996 es,
1608 1940 1666 1986 ut
1696 1932 1772 1986 sis
1807 1931 1860 1985 in
1897 1930 2061 1984 milli-

481 2027 588 2081 bus
617 2023 770 2080 Judte
822 2042 836 2078 :
875 2040 940 2080 ex
979 2034 1032 2078 te
1079 2023 1212 2077 mihi
1253 2024 1398 2077 exiet
1446 2022 1540 2092 qui
1579 2022 1650 2077 sit
1705 2022 1960 2092 princeps
2002 2021 2059 2076 in

2080 797 2128 852 A

2815 795 2972 849 ΚΕΦ.
3005 791 3081 848 Ε’.

2222 915 2372 986 Στίχ.
2407 921 2480 979 α’,
2511 910 2576 984 β’.
2605 941 2676 953 -—
2709 928 2727 961 ι
2767 907 2884 962 Νῦν
2926 903 3381 978 ἐμφραχθήσεται
3408 901 3656 972 θυγάτηρ
3683 902 3734 953 ἐν

2153 1005 2392 1080 φραγμῷ
2418 1024 2433 1039 ·
2480 1005 2713 1076 συνοχὴν
2770 1001 2959 1066 ἔταξεν
3007 999 3092 1068 ἐφ’
3131 999 3314 1068 ὑμᾶς·
3346 995 3529 1066 ῥάϐδῳ
3570 995 3736 1047 πατά-

2153 1101 2332 1166 ξουσιν
2367 1101 2460 1153 ἐπὶ
2482 1098 2707 1167 σιαγόνα
2751 1095 2852 1158 τὰς
2882 1093 3054 1164 φυλὰς
3077 1091 3170 1145 τοῦ
3195 1089 3425 1162 Ἰσραήλ.
3459 1108 3479 1141 ι
3508 1086 3735 1140 Τοιαῦτα

2152 1195 2208 1248 δὲ
2267 1195 2568 1254 πείσονται,
2615 1190 2801 1262 φησὶν,
2833 1188 2974 1256 ὑπὲρ
3004 1179 3079 1239 ὧν
3112 1183 3190 1255 τῷ
3216 1200 3277 1236 τε
3313 1181 3508 1252 πλήθει
3548 1179 3645 1232 καὶ
3676 1182 3736 1251 τῇ

2155 1288 2381 1358 δυνάμει
2403 1284 2732 1356 θαρροῦντες
2755 1284 2820 1352 τῇ
2834 1280 3013 1351 οἰκείᾳ⁸
3042 1275 3427 1347 ἐπεληλύθασι,
3443 1271 3738 1344 περιφράτ·

2155 1393 2339 1441 τοντες
2362 1377 2505 1448 ὑμᾶς
2537 1375 2632 1430 καὶ
2676 1371 3098 1445 περιϐάλλοντες
3130 1365 3322 1439 ὥσπερ
3353 1366 3460 1419 τινὶ
3505 1359 3740 1434 φραγμῷ

2153 1469 2232 1540 τῷ
2253 1468 2449 1540 πλήθει
2477 1466 2555 1537 τῷ
2596 1464 2802 1535 οἰκείῳ,
2834 1462 2907 1525 ὡς
2953 1459 3018 1514 ἂν
3047 1457 3364 1527 συνέχοντες
3390 1453 3561 1523 ἄρδην
3595 1453 3739 1504 ἀπω-

2155 1559 2410 1634 λ[έσ]οιεν
2445 1560 2708 1622 ἅπαντας,
2736 1557 2831 1610 καὶ
2861 1555 3018 1625 μόνον
3055 1552 3155 1604 οὐκ
3174 1551 3261 1602 ἐπ’
3286 1547 3454 1609 αὑτὰς
3493 1546 3623 1616 ὑμῖν
3655 1543 3744 1606 τάς

2160 1653 2413 1722 σιαγόνας
2435 1651 2534 1721 τῆς
2569 1649 2777 1702 ἑαυτῶν
2821 1647 3104 1716 δυνάμεως
3152 1640 3448 1708 ἐπάγοντες
3487 1637 3589 1700 τὰς
3619 1635 3746 1706 πλη-

2158 1744 2280 1812 γάς.
2318 1739 2450 1794 Εἶτα
2482 1739 2697 1794 καὶτὸν
2751 1735 3058 1809 ἡγούμενον
3109 1730 3205 1784 τοῦ
3264 1729 3506 1797 πολέμου
3564 1725 3744 1795 φησὶν.

2163 1837 2240 1900 ὡς
2295 1835 2360 1888 ἂν
2412 1832 2634 1897 δείξειεν
2684 1833 2765 1885 ὅτι
2819 1828 2994 1882 ταῦτα
3035 1825 3324 1894 γενήσεται
3355 1817 3444 1872 διὰ
3472 1817 3533 1870 τὸ
3564 1817 3745 1887 ἄρχειν

2165 1926 2345 1981 αὐτῶν
2373 1926 2465 1978 τὸν
2525 1923 2720 1996 γνώμῃ
2771 1919 2907 1974 Θεοῦ
2937 1918 3072 1988 πρὸς
3105 1915 3262 1969 τοῦτο
3295 1910 3554 1982 ἠγμένον.
3585 1926 3605 1958 r
3646 1905 3748 1960 Καὶ

2169 2022 2254 2086 σὺ,
2309 2018 2578 2088 Βηθλεέμ,
2631 2011 2778 2078 οἶκος
2841 2012 2935 2066 τοῦ
2976 2007 3242 2081 Ἑφραθά,
3282 2007 3356 2076 μὴ
3396 2004 3670 2070 ὀλίγιστος
3704 1996 3748 2052 εἷ

485 2117 714 2184 lsraele;
743 2125 798 2173 et
817 2117 1165 2190 egressiones
1206 2117 1326 2185 ejus
1370 2115 1525 2186 191
1570 2115 1638 2169 ab
1667 2114 1859 2178 initio,
1895 2130 1924 2168 a
1947 2113 2063 2168 die—

2182 2112 2259 2166 τοῦ
2299 2107 2438 2164 εἶναι
2470 2112 2527 2163 ἐν
2566 2109 2801 2180 χιλιάσιν
2836 2103 3038 2158 Ἰούδαο
3073 2103 3139 2154 ἐκ
3173 2097 3267 2153 σοῦ
3294 2114 3383 2169 μοι
3413 2093 3748 2160 ἐξελεύσεται

483 2213 589 2268 bus
615 2213 955 2268 aeternitatis.
997 2230 1014 2262 ι
1055 2209 1189 2265 Nam
1221 2211 1313 2280 qui
1348 2225 1492 2264 nunc
1531 2209 1848 2264 Betltlehem
1874 2208 2061 2264 orien—

2182 2204 2256 2258 τοῦ
2287 2201 2425 2258 εἶναι
2459 2203 2538 2266 εἰς
2588 2200 2823 2272 ἄρχοντα
2862 2199 2919 2249 ἐν
2951 2195 3029 2266 τῷ
3071 2189 3290 2264 Ἰσραήλ
3318 2206 3332 2220 ·
3374 2186 3470 2242 καὶ
3501 2187 3558 2239 αἱ
3592 2185 3750 2251 ἔξοδοι

483 2300 590 2356 dus
619 2317 712 2356 rex
752 2309 930 2356 vester
956 2308 1076 2364 est,
1116 2300 1332 2355 etiamsi
1380 2315 1476 2354 vos
1523 2299 1752 2368 exiguus
1802 2297 2062 2352 videmini

486 2408 748 2448 numerus
795 2408 904 2463 pra:
951 2393 1045 2446 illo
1091 2392 1357 2452 hostium,
1403 2405 1524 2444 meo
1553 2397 1736 2443 tamen
1781 2387 1968 2444 favore
2011 2395 2064 2442 et

485 2485 718 2550 viribus,
766 2492 959 2541 contra
1011 2485 1252 2539 hostium
1305 2483 1531 2549 bellum,
1590 2483 1887 2536 multorum
1938 2481 2066 2535 licet

487 2586 652 2648 atque
677 2578 1017 2647 potentium,
1052 2575 1270 2630 abunde
1309 2573 1580 2630 sulIiciet:
1620 2571 2062 2643 quandoquidem

487 2669 708 2726 caelitus
761 2669 813 2726 ei
861 2670 976 2727 hazc
1022 2669 1218 2725 electio
1258 2667 1502 2731 obvenit,
1549 2666 1661 2737 jam
1710 2666 1836 2721 inde
1892 2665 1962 2718 ab
2003 2680 2068 2717 eo

491 2773 757 2833 tempore,
787 2777 897 2833 quo
932 2761 1123 2816 Davidi
1150 2761 1296 2816 Deus
1319 2760 1573 2830 promisit
1610 2757 1726 2813 fore
1758 2765 1816 2811 ut
1849 2772 2071 2812 succes-

489 2856 709 2912 soribus
729 2853 851 2924 ejus
887 2869 1114 2926 regnum
1145 2860 1456 2909 conservet.
1489 2851 1670 2918 Quare
1708 2859 1762 2906 et
1799 2851 1886 2904 hic
1917 2850 1985 2903 ab
2006 2863 2070 2905 ea

487 2947 858 3018 promissione
905 2947 958 3000 in
1008 2961 1234 3016 regnum
1269 2952 1599 3016 provectus,
1637 2958 1736 3014 par
1781 2943 1886 2998 erit
1933 2956 2072 3012 prae-

489 3041 728 3096 sentium
763 3040 1033 3095 malorum
1066 3038 1400 3094 sustinendae
1439 3037 1592 3092 moli.
1626 3035 1896 3107 Loquitur
1923 3033 2074 3090 scili-

491 3138 582 3185 cet
602 3130 669 3185 de
695 3128 1033 3185 Zorobabele
1059 3129 1182 3184 :hic
1212 3131 1356 3185 enim
1387 3137 1520 3182 tunc
1549 3133 1670 3182 erat
1702 3124 2073 3180 lsraelitarum

492 3239 612 3284 rex.
641 3222 845 3278 Davidc
869 3222 1158 3288 oriundus,
1184 3238 1280 3292 per
1304 3229 1518 3291 tempus
1541 3218 1754 3273 reditus
1777 3217 2074 3290 Babylone,

494 3324 549 3369 et
578 3312 714 3384 (ἶοεί
739 3315 1003 3370 adversus
1030 3313 1370 3370 Hierusalem
1395 3310 1780 3382 expeditionis.

2168 2296 2332 2351 αὐτοῦ
2361 2297 2452 2349 ἀπ’
2478 2293 2651 2366 ἀρχῆς
2685 2291 2744 2356 ἐξ
2769 2288 2992 2361 ἡμερῶν
3028 2284 3244 2347 αἰῶνος.
3273 2301 3290 2332 ι
3337 2280 3397 2334 '0
3429 2281 3543 2350 γὰρ
3566 2279 3630 2330 ἐκ
3660 2275 3752 2344 τῆς

2171 2389 2416 2459 Βηθλεέμ
2447 2389 2539 2440 νῦν
2593 2381 2892 2455 βασιλεύων
2942 2377 3118 2449 ὑμῶν,
3156 2375 3230 2446 (p.
3265 2372 3395 2439 991)
3427 2369 3534 2459 κᾶν
3583 2367 3756 2459 εῦαρί-

2171 2457 2538 2552 Ομητοίγτινες
2592 2471 2730 2528 εἶναι
2794 2469 3042 2539 δοκοίητε
3093 2465 3228 2538 πρὸς
3269 2463 3396 2523 τοὺς
3443 2457 3753 2527 πολεμίους,

2169 2547 2237 2645 τῇ
2271 2547 2394 2642 ⁷ἐμῇ
2447 2586 2510 2638 γε
2542 2569 2681 2637 ῥοπῇ
2723 2581 2784 2617 τε
2840 2563 2935 2616 καὶ
2964 2559 3211 2629 δυνάμει.
3244 2553 3390 2626 μάλα
3416 2568 3481 2645 γε
3673 2547 3758 2645 τον

2174 2665 2281 2721 τῶν
2303 2661 2556 2717 ἐναντίων
2595 2660 2831 2728 πόλεμον
2861 2651 3073 2708 πολλῶν
3103 2668 3161 2703 τε
3190 2649 3358 2702 ὄντων
3392 2644 3488 2698 καὶ
3521 2639 3757 2694 δυνατῶν

2176 2756 2403 2830 ἀρκέσει
2426 2771 2440 2785 ⁸
2465 2751 2764 2820 ἐπειδήπερ
2792 2745 2998 2801 ἄνωθεν
3023 2739 3189 2796 αὐτοῦ
3213 2739 3314 2810 τὴν
3337 2728 3759 2830 προϐολὴνῃταῦῖ

2174 2818 2272 2921 την
2297 2844 2558 2916 τετάχθαι
2593 2818 2940 2911 συμϐέϐηκεν
2962 2851 2976 2866 ο
3004 2832 3152 2900 ἐξότε
3181 2822 3572 2921 περμπρδςῇτδν
3605 2818 3762 2921 anas

2177 2910 2542 3010 ἐπηγγείλατο
2587 2910 2739 2996 Θεδς,
2772 2929 2855 2983 ὅτι
2881 2929 2994 2990 τοῖς
3043 2923 3104 2989 ἐξ
3149 2918 3314 2976 αὑτοῦ
3346 2916 3488 3010 κατὰ
3517 2910 3762 3010 διαδοχην

2179 2998 2404 3102 φυλάξει
2439 3030 2535 3100 τὴν
2563 3023 2841 3098 βασιλείαν
2862 3039 2877 3052 ”
2900 3019 2961 3084 ἐξ
3012 3016 3228 3086 ἐκείνης
3253 3011 3309 3064 δὲ
3344 3009 3448 3102 καὶ
3485 2998 3649 3102 οὗτος
3673 3002 3765 3102 τῆς

2181 3091 2512 3192 ἐπαγγελίας
2535 3091 2807 3188 προϐεϐλη
2819 3112 2976 3183 μένος
2997 3109 3077 3171 εἰς
3093 3106 3194 3175 τὴν
3216 3098 3519 3192 βασιλείαν,
3550 3091 3766 3192 ἀρκέσει

2183 3184 2321 3286 πρὸς
2340 3184 2413 3269 ⁷τὸ
2445 3184 2673 3284 μέγεθος
2694 3206 2801 3261 τῶν
2827 3204 3109 3277 παρόντων
3142 3194 3361 3286 κακῶ-,ιο
3388 3190 3545 3286 λέγει
3579 3186 3637 3240 δὲ
3683 3184 3771 3284 sfw

2185 3279 2533 3377 Ζοροϐάϐελέ
2579 3292 2734 3363 οὗτος
2786 3297 2895 3366 γὰρ
2939 3288 3008 3363 ἦν
3068 3289 3098 3342 ὁ
3142 3286 3264 3339 τότε
3323 3279 3770 3377 βασιλεύωνπιῦν

508 3365 547 3369 --
589 3365 608 3369 -
635 3365 714 3384 Ψ-
741 3365 999 3370 ηψπ-
1170 3365 1224 3370 ἡ
1404 3365 1523 3382 ,ηπ
2259 3365 2270 3377 ,
2801 3365 2807 3366 ,
2873 3365 2876 3366 ,

508 3405 877 3476 Ἰσραηλιτῶν,
930 3408 993 3458 ἐκ
1043 3404 1134 3458 τοῦ
1183 3403 1344 3457 Δαυὶδ
1393 3401 1782 3472 καταγόμενος,
1825 3399 2060 3472 ὁπηνίκα
2111 3399 2209 3470 ἦτε
2266 3399 2330 3450 ἐκ
2368 3391 2687 3455 Βαϐυλῶνος
2743 3386 2999 3448 ἐπάνοδος
3053 3379 3282 3450 ἐγίνετο,
3326 3374 3422 3428 καὶ
3453 3367 3665 3440 οἱπερὶ
3687 3365 3776 3417 τὸν

497 3499 623 3570 Γὼγ
654 3503 767 3565 τοῖς
825 3501 967 3554 κατὰ
1012 3501 1111 3572 τὴν
1150 3497 1506 3570 Ἰερουσαλὴμ
1566 3497 1810 3552 ἐπελθεῖν
1864 3495 2242 3566 ἐπεχείρησαν.

571 3634 681 3690 Sed
734 3641 916 3688 tamen
952 3632 1086 3688 illud
1122 3647 1342 3702 quoque
1374 3630 1728 3687 manifestum
1762 3639 1848 3686 est
1874 3669 1891 3695 ,
1930 3627 2078 3700 quod

2254 3626 2423 3698 Δήλου
2454 3640 2516 3692 γε
2551 3622 2704 3684 ὄντος
2747 3617 2980 3681 ἐκείνου,
3014 3615 3097 3669 ὅτι
3119 3610 3223 3666 κᾶν
3256 3605 3384 3679 περὶ
3419 3601 3516 3658 τοῦ
3548 3597 3778 3672 Ζοροϐά-

500 3725 721 3782 etiamsi
758 3725 826 3781 de
877 3724 1211 3780 Zorobabele
1242 3763 1257 3788 ,
1306 3723 1608 3779 secundum
1657 3723 2073 3794 pracedentium

2185 3721 2278 3776 δελ
2323 3723 2387 3774 ἐκ
2441 3719 2540 3788 τῆς
2598 3715 2707 3768 τῶν
2757 3707 3132 3780 προκειμένων
3185 3697 3510 3759 ἀκολουθίας
3569 3693 3781 3763 εἴρηται

2703 3805 2727 3809 -έ
2774 3806 2780 3809 -
2868 3802 2920 3809 --
3216 3794 3227 3809 ο
3351 3790 3374 3809 θ
3407 3787 3606 3809 μθ-.,ζ-
3657 3781 3776 3809 L‘AI.

499 3828 786 3886 tenorem,
822 3818 966 3873 dicta
1020 3819 1131 3874 sint
1166 3819 1300 3878 haec,
1347 3818 1442 3888 qui
1486 3819 1552 3872 de
1590 3817 1811 3872 Davidis
1845 3817 2078 3888 posteris

501 3921 642 3977 erat,
665 3911 1026 3967 nihilominus
1059 3927 1221 3966 verus
1245 3911 1518 3966 dictorum
1553 3912 1822 3966 terminus
1852 3911 1906 3962 in
1927 3908 2082 3962 Chri-

503 4013 590 4059 sto
622 4004 853 4062 Domino
883 4005 1092 4071 exitum
1134 4003 1416 4070 habuerit;
1464 4005 1592 4073 quia
1627 4015 1681 4058 et
1737 4011 1850 4057 tota
1885 4003 2076 4057 David't

503 4098 648 4151 facta
689 4096 986 4168 promissio
1038 4096 1106 4150 de
1153 4097 1308 4166 regni
1364 4096 1820 4159 continuatione,
1867 4095 2085 4150 videtur

505 4191 687 4262 priore
705 4189 1012 4261 signiﬁcatu
1037 4203 1389 4243 successores
1408 4188 1528 4257 ejus
1551 4189 1814 4242 denotare
1836 4188 1890 4242 in
1918 4203 2084 4258 regno

509 4281 761 4347 lsraelis;
801 4296 860 4336 re
891 4291 1073 4334 tamen
1103 4294 1232 4334 vera
1259 4279 1542 4334 Christum
1577 4279 1869 4334 Dominum
1902 4281 2086 4333 incar-

509 4384 700 4430 natum
737 4374 1017 4446 portendit
1042 4415 1055 4436 ,
1085 4373 1177 4444 qui
1212 4374 1280 4428 de
1309 4373 1530 4428 Davidis
1557 4373 1975 4429 successoribus
1997 4387 2086 4426 or-

509 4481 620 4533 tus,
651 4484 839 4524 verum
870 4477 926 4522 et
955 4467 1298 4522 immutabile
1323 4483 1548 4538 regnum
1581 4474 1750 4522 tenet.
1789 4466 2084 4536 Atquehoc

509 4578 578 4618 ex
606 4558 943 4633 octogesimo
971 4559 1276 4631 praesertim
1296 4567 1490 4614 octavo
1517 4560 1728 4628 psalmo
1753 4573 2087 4629 cognoscere

512 4654 695 4726 quivis
745 4652 1033 4708 manifeste
1079 4659 1296 4721 potest;
1329 4651 1422 4706 ubi
1451 4649 1718 4715 aﬂirmat,
1758 4649 1912 4722 regni
1965 4665 2090 4720 pro—

513 4747 810 4802 missiones
833 4743 901 4801 ad
924 4745 1095 4815 ipsius
1119 4751 1369 4814 posteros
1408 4757 1761 4799 successores
1791 4741 2085 4812 pertinere.

513 4837 593 4893 De
625 4837 827 4908 quibus
862 4847 1042 4891 tamen
1072 4835 1244 4890 dicit:
1288 4854 1305 4885 ‹
1333 4832 1390 4888 Si
1417 4833 1809 4904 dereliqucrint
1840 4831 1936 4886 ﬁlii
1970 4831 2094 4901 ejus

513 4932 690 5002 legem
719 4945 920 4994 meam,
947 4939 1000 4984 et
1025 4930 1078 4982 in
1098 4927 1326 5000 judiciis
1355 4928 1491 4983 meis
1525 4943 1635 4983 non
1666 4925 2088 4988 ambulaverint,

515 5033 570 5078 et
607 5022 852 5092 justitias
886 5036 1036 5076 meas
1069 5019 1513 5091 profanaverint,
1555 5026 1608 5074 et
1658 5017 1917 5072 mandata
1971 5031 2093 5070 mea

515 5131 625 5172 non
647 5114 1010 5170 custodierint
1027 5130 1041 5179 ;
1060 5113 1295 5167 visitabo
1311 5116 1364 5170 in
1381 5110 1531 5181 virga
1545 5109 1862 5179 iniquitates
1878 5123 2092 5172 eorum,

517 5217 572 5263 et
596 5209 653 5263 in
687 5207 1009 5263 verberibus
1036 5213 1258 5278 peccata
1279 5219 1468 5260 eorum
1496 5223 1509 5258 :
1540 5201 1974 5256 misericordiam
1999 5215 2096 5255 au-

520 5309 628 5355 tem
679 5314 855 5354 meam
886 5314 997 5352 non
1047 5299 1357 5368 dispergam
1393 5295 1463 5349 ab
1489 5293 1570 5348 eis
1609 5292 1676 5346 ⁸⁸.
1703 5311 1722 5343 ›
1758 5292 1919 5346 Certe
1949 5299 2100 5361 patet

2187 3812 2380 3876 ταῦτα,
2417 3813 2480 3864 ἐκ
2511 3809 2612 3878 τῆς
2638 3805 2730 3859 τοῦ
2760 3802 2921 3858 Δαυὶδ
2949 3794 3322 3866 καταγομένου
3347 3787 3629 3857 διαδοχῆς,

2188 3907 2248 3960 τό
2283 3923 2346 3974 γε
2368 3871 2585 3972 ⁷όιληθές
2634 3899 2743 3952 τῶν
2782 3893 3085 3966 εἰρημένων
3120 3887 3293 3958 πέρας
3323 3881 3420 3952 τὴν
3451 3877 3681 3974 ἑκϐασιν
3713 3871 3779 3974 ei:

2190 4001 2359 4069 ληφεν
2392 3997 2485 4050 ἐπὶ
2521 3994 2616 4048 τοῦ
2655 3989 2927 4045 Δεσπότου
2967 3980 3237 4058 Χριστοῦ·
3271 3977 3393 4030 ἐπεὶ
3432 3973 3532 4027 καὶ
3571 3969 3782 4069 πᾶσαιῄ

2348 4090 2439 4142 τὸν
2471 4085 2634 4141 Δαυὶδ
2662 4080 2966 4151 ἐπαγγελία
2997 4075 3126 4147 περὶ
3153 4069 3247 4126 τοῦ
3284 4059 3780 4163 βασιλεύσειντοῦς

2186 4185 2245 4248 ἐξ
2293 4181 2456 4236 αὐτοῦ
2507 4176 2797 4249 γενομένη,
2847 4173 2996 4227 δοκεῖ
3039 4169 3137 4239 μὲν
3171 4162 3316 4218 κατὰ
3365 4159 3592 4232 πρῶτον
3635 4156 3783 4220 λόγον

2189 4275 2475 4346 σημαίνειν
2519 4272 2646 4334 τοὺς
2703 4267 2846 4321 κατὰ
2897 4261 3147 4331 διαδοχὴν
3188 4255 3248 4320 ἐξ
3292 4251 3457 4308 αὑτοῦ
3494 4246 3784 4346 γεγονότας

2193 4339 2450 4440 βασιλέας
2479 4363 2572 4417 τοῦ
2618 4359 2865 4432 Ἰσραήλ·
2907 4359 2973 4426 τῇ
3019 4350 3248 4422 ἀληθείᾳ
3279 4347 3336 4399 δὲ
3386 4344 3481 4440 τὸν

2191 4427 2522 4531 ipes-:varo
2551 4427 2900 4521 xa'rdt‘cé‘pxa
2943 4444 3154 4517 μηνύει,
3184 4441 3242 4504 ὃς
3274 4435 3466 4531 ἐκ-τῇς
3497 4431 3601 4486 τοῦ
3635 4427 3787 4531 ,άαυὶδ

2194 4522 2442 4620 διαδοχῆς
2473 4545 2730 4616 γεγονὼς,
2769 4544 2844 4614 (p.
2885 4538 3013 4606 292)
3055 4532 3232 4605 ἀληθῆ
3269 4529 3362 4584 καὶ
3403 4522 3790 4620 ὰπαρασάλευ-

2195 4659 2286 4696 τον
2319 4641 2431 4711 ἔχει
2466 4639 2576 4692 τῶν
2605 4637 2860 4690 ἁπάντων
2895 4631 2994 4703 τὴν
3034 4623 3330 4699 βασιλείαν.
3376 4620 3494 4673 Καὶ
3538 4613 3704 4670 τοῦτό
3733 4627 3789 4677 γε

2197 4707 2424 4789 ἀπὸτοῦ
2457 4723 2814 4800 ὀγδοηκοστοῦ
2855 4724 2949 4778 καὶ
2989 4718 3176 4789 ὀγδόου
3205 4710 3422 4783 ψαλμοῦ
3456 4707 3790 4800 σαφέστερον

2197 4825 2351 4897 γνοίη
2381 4841 2466 4887 τις
2499 4794 2743 4886 άνξένθα
2771 4817 2837 4888 δὴ
2875 4811 3128 4885 σημαίνει
3159 4807 3257 4897 μὲν
3285 4806 3347 4897 τό
3377 4801 3478 4897 τάς
3520 4794 3793 4897 βασιλείας

2200 4884 2528 4982 ἐπαγγελίας
2572 4884 2686 4971 τοῖς
2735 4905 2795 4970 ἐξ
2825 4884 3010 4958 ⁷αὐτοῦ
3061 4895 3202 4952 κατὰ
3237 4888 3488 4960 διαδοχὴν
3521 4884 3796 4982 ἐσομένοις

2201 4976 2532 5078 προσηκειν·
2561 5000 2689 5070 περὶ
2729 4994 2804 5051 ὧν
2842 4995 2905 5059 δή
2949 5005 3142 5062 φησιν·
3179 5005 3196 5038 ι
3251 4982 3375 5078 Ἐάν
3412 4976 3797 5078 ἐγκαταλίπωῖ

2204 5060 2286 5152 σίν
2341 5060 2390 5150 οὶ
2434 5094 2541 5147 uio}.
2583 5060 2746 5144 αῦτοῦ
2787 5087 2878 5140 τὸν
2917 5060 3080 5153 νόμον
3119 5095 3242 5150 μου,
3269 5074 3362 5129 καὶ
3415 5073 3538 5133 τοῖς
3578 5060 3799 5139 κρίμασι

2128 5173 2170 5228 Β
2203 5207 2303 5263 μου
2342 5189 2416 5260 μὴ
2447 5183 2773 5256 πορευθῶσι,
2807 5177 2901 5232 καὶ
2939 5175 3007 5229 τὰ
3035 5166 3378 5263 δικαιώματά
3413 5180 3522 5231 μου
3563 5155 3798 5263 5.5%}?-

2200 5244 2356 5349 σωσι,
2396 5244 2489 5336 καὶ
2521 5244 2621 5341 τὰς
2666 5244 2886 5333 ἐντολάς
2923 5285 3023 5339 μου
3077 5262 3152 5335 μὴ
3202 5256 3542 5349 φυλάξουσιν,
3584 5244 3801 5349 ἐπιδ-κέ.

521 5337 628 5355 ιι...
679 5337 855 5354 ...αμα
886 5337 997 5352 ..νη
1047 5337 1357 5368 ...σνωδωη
1393 5337 1461 5349 ..η
1489 5337 1570 5348 -.υ
1663 5337 1676 5346 .
1703 5337 1717 5343 -
1763 5337 1919 5346 ν-.--
1949 5337 2072 5361 την

521 5393 817 5448 convenire
855 5393 969 5446 haec
1001 5390 1226 5444 Davidis
1260 5386 1680 5443 successoribus
1707 5383 1925 5439 lsraelis
1959 5383 2071 5453 regi

2201 5337 2375 5448 caput:
2407 5377 2464 5426 ἐν
2510 5337 2688 5442 pateat?
2725 5365 2824 5429 τὰς
2851 5337 3081 5429 ἀνομίας
3115 5350 3313 5411 αὐτῶν,
3358 5347 3454 5453 καὶ
3488 5347 3556 5453 ἐμ
3591 5337 3803 5453 μάστιξι

522 5483 628 5538 bus
677 5483 924 5550 futuris;
990 5497 1132 5551 quos
1189 5479 1410 5549 quidem
1447 5484 1738 5546 peccantes
1781 5476 2101 5544 puniturum

530 5575 688 5645 192
723 5590 781 5630 se
811 5576 1068 5642 spondet.
1109 5587 1218 5627 non
1241 5579 1425 5624 tamen
1459 5583 1632 5637 regno
1654 5566 1880 5621 omnino
1915 5564 2102 5620 exclu-

529 5683 741 5722 surum.
776 5665 959 5736 Pergit
990 5674 1168 5720 autem
1200 5663 1465 5718 denotare
1493 5660 1772 5716 Christum
1808 5657 2094 5714 Dominum

602 5863 650 5896 “
687 5861 834 5922 Psal.
872 5877 1139 5928 Lxxxvut,
1179 5861 1362 5916 Sil-5:5.

2203 5435 2303 5534 μὲἀὲ
2335 5435 2547 5528 tam,
2595 5435 2803 5516 αὺτῶν’
2844 5456 2906 5508 τὸ
2937 5452 2994 5505 δε
3038 5446 3184 5508 ἔλεός
3229 5459 3330 5534 μου
3374 5439 3436 5534 οῦ
3472 5435 3562 5507 μὴ
3601 5435 3810 5534 διαπε-

2208 5521 2355 5617 etiam
2386 5559 2480 5614 ἀπ’
2507 5521 2705 5610 αὐτῶν.
2746 5569 2764 5602 ι
2794 5546 2975 5601 Ταῦτα
3003 5540 3111 5612 γὰρ
3145 5533 3365 5605 εὔδηλον
3403 5531 3485 5583 ὅτι
3535 5529 3654 5589 τοῖς
3677 5521 3806 5617 ,καθα

2211 5613 2338 5718 eis;
2379 5613 2487 5705 άπὸ
2517 5644 2610 5700 τοῦ
2645 5639 2806 5697 Δαυὶδ
2841 5628 3232 5702 καταγομένοις
3270 5640 3328 5676 τε
3366 5618 3638 5692 μέλλουσι
3671 5613 3806 5686 βασι·
