3954 6510
188 334 277 391 373

1154 327 1708 392 COMMENTARIUS
1741 326 1809 385 IN
1847 326 2152 385 MlCli/E/E
2196 327 2349 382 CAP.
2391 326 2455 381 V.

3312 324 3417 379 574

186 454 347 509 λεύειν
373 450 466 507 τοῦ
502 451 715 525 Ἰσραὴλ
759 452 1048 524 ἀρμόσειεν
1088 454 1173 520 ἂν,
1214 454 1307 519 οὓς
1346 455 1620 509 παιδεύειν
1653 452 1753 518 μὲν

1859 450 2223 513 incarnatum,
2259 448 2311 501 in
2350 460 2457 515 q'uo
2488 446 2913 516 promissionum
2955 460 3178 503 suarum
3222 446 3417 498 verita-

186 543 581 613 ἁμαρτάνοντας
637 543 994 611 ὑπισχνεῖται,
1052 544 1112 596 ού
1168 546 1276 615 μὴν
1328 544 1603 607 παντελῶς
1658 543 1751 607 ἐξ·

186 633 429 687 ωθεῖσθαι
477 635 576 703 τῆς
622 633 931 703 βασιλείας·
977 634 1168 705 μηνύει
1219 636 1276 689 δὲ
1316 636 1623 707 προϐαίνων
1658 636 1753 689 τὸν

188 726 314 780 κατὰ
344 726 522 797 σάρκα
564 725 839 794 Δεσπότην
885 727 1136 795 Χριστὸν,
1179 729 1262 796 ἐφ’
1309 724 1479 800 οὗπερ
1507 730 1613 783 τῶν
1650 731 1753 784 ἑπ-

186 813 439 882 αγγελιῶν
469 815 573 867 τῶν
593 815 808 867 οίκείων
837 815 1035 887 ἀληθὲς
1065 816 1233 881 ἔδειξε
1260 818 1320 871 τὺ
1348 819 1520 890 πέρας
1541 820 1568 871 6
1595 820 1749 882 Θεός·

185 906 238 957 τὸ
266 904 393 974 γὰρ,
446 924 464 957 ι
520 906 765 977 Θήσομαι
804 908 883 971 είς
929 907 1022 959 τὸν
1069 907 1242 962 αἰῶνα
1293 908 1386 962 τοῦ
1444 910 1635 975 αἰῶνος
1689 909 1754 962 τὸ

187 996 394 1066 σπέρμα
423 996 607 1058 αὐτοῦ,
636 997 731 1049 καὶ
760 996 852 1051 τὸν
883 997 1071 1070 θρόνον
1112 998 1275 1052 αὑτοῦ
1308 999 1383 1064 ὡς
1406 1000 1507 1065 τὰς
1536 1001 1753 1071 ἡμέρας

184 1085 265 1140 τοῦ
303 1087 555 1156 οὐρανοῦ,
582 1089 675 1141 καὶ¹
724 1088 787 1141 τὸ
833 1089 1053 1159 σπέρμα
1102 1091 1263 1145 αὐτοῦ
1311 1093 1391 1155 εἰς
1434 1093 1526 1145 τὸν
1578 1092 1751 1147 αἰῶνα

186 1175 345 1246 μένει.
373 1178 465 1229 καὶ
491 1180 519 1230 6
554 1177 742 1249 θρόνος
768 1180 934 1234 αὐτοῦ
973 1181 1048 1245 ὡς
1091 1183 1120 1235 6
1158 1182 1305 1252 ἥλιος
1351 1182 1589 1237 ἐναντίον
1624 1200 1747 1253 μου,

183 1267 265 1320 καὶ
298 1267 433 1340 ὠςή
462 1270 654 1341 σελήνη
689 1273 1095 1345 κατηρτισμένη
1132 1275 1210 1338 είς
1238 1275 1327 1328 τὸν
1352 1275 1581 1337 αίῶνα,›
1617 1278 1751 1347 πρό-

182 1358 327 1428 δηλον
359 1360 435 1423 ὡς
469 1361 556 1413 ἐπ’
587 1362 799 1425 οὐδενὸς
847 1364 946 1434 μὲν
988 1366 1097 1417 τῶν
1142 1366 1397 1437 διαδόχων
1435 1366 1544 1431 ἔξει
1570 1367 1751 1437 χώραν

181 1451 468 1522 λεγόμενα·
513 1455 589 1523 (p.
638 1454 765 1525 295)
824 1456 1011 1525 σαφῶς
1061 1457 1119 1510 δὲ
1170 1458 1265 1511 τοῦ
1311 1458 1579 1511 Δεσπότου
1620 1460 1752 1529 Χρι-

183 1539 298 1593 στοῦ
317 1540 553 1596 δείκνυσι
579 1544 677 1614 τὴν
702 1544 974 1615 βασιλείαν
995 1547 1215 1618 διηνεκῆ
1234 1564 1292 1600 τε
1319 1548 1413 1601 κα)⁵
1438 1547 1749 1610 ἀσάλευτον,

182 1631 313 1703 μετά
344 1632 540 1705 πολλῆς
568 1636 666 1706 μὲν
692 1636 791 1707 τῆς
822 1637 1125 1708 δυνάμεως.
1162 1638 1360 1708 πολλῆς
1390 1639 1446 1691 δὲ
1483 1640 1581 1709 τῆς
1616 1639 1753 1709 λαμ-

182 1726 460 1795 πρότητος,
508 1728 587 1790 είς
632 1727 722 1781 τὸν
773 1727 964 1781 ἔπειτα
1007 1728 1295 1799 διαμένον·
1327 1718 1469 1781 οὕτω
1517 1730 1611 1781 κα)⁸
1654 1728 1752 1798 τὴν

1856 551 1962 596 tem
2007 540 2210 595 exitum
2263 540 2519 594 habuisse
2556 540 2796 595 ostendit
2833 540 2996 595 Deus.
3028 538 3159 592 Nam
3201 537 3365 591 verba
3400 552 3414 590 :

1861 630 2091 685 «Ponam
2115 630 2167 684 in
2193 631 2453 685 saeculum
2479 632 2661 686 smculi
2691 647 2876 686 semen
2902 633 3054 701 ejus;
3084 644 3135 685 et
3161 631 3417 683 tln'ouum

1853 721 1974 790 ejus
2002 722 2145 775 sicut
2172 720 2289 776 dies
2310 721 2456 785 caeli;
2488 731 2542 775 et
2570 736 2752 775 semen
2775 722 2891 791 ejus
2918 722 3153 775 manebit
3184 720 3237 774 in
3263 729 3420 774 aeter-

1854 829 2018 875 num;
2047 820 2101 867 et
2130 813 2359 867 thronus
2386 811 2506 882 ejus
2547 812 2687 866 sicut
2730 813 2810 865 sol
2852 813 2905 867 in
2944 820 3240 881 conspectu
3274 826 3416 873 meo,

1854 913 1907 959 et
1958 904 2101 959 sicut
2134 904 2261 958 luna
2298 902 2538 973 perlecta
2575 903 2630 957 in
2673 910 2933 957 aeternum
2958 903 3416 967 “,iuotissimum

1854 1004 1938 1051 est
1970 997 2039 1051 de
2081 996 2296 1051 nemine
2326 1009 2709 1051 successorum
2741 992 2961 1047 Davidis
2990 994 3095 1048 dici
3130 994 3372 1064 potuisse
3400 1012 3418 1048 :

1856 1090 2143 1159 perspicue
2164 1097 2344 1143 autem
2367 1087 2571 1143 Christi
2601 1085 2814 1141 Domini
2847 1101 3071 1155 regnum
3097 1094 3417 1155 perpetuum

1855 1180 2163 1246 ostendere,
2218 1189 2272 1235 et
2311 1179 2588 1234 immobile
2618 1178 2788 1233 multa
2821 1191 2945 1231 cum
2986 1177 3184 1230 virtute
3224 1175 3422 1228 multo—

1852 1287 1961 1342 que
1984 1272 2272 1342 splendore
2292 1272 2346 1325 in
2380 1279 2658 1339 posterum
2682 1277 2895 1339 tempus
2926 1275 3419 1337 perseveraturum.

1852 1364 2031 1432 Atque
2056 1362 2131 1415 ita
2161 1376 2401 1432 praesens
2425 1360 2816 1419 testimonium.
2840 1357 3171 1412 conveniens
3201 1355 3420 1425 quidem

1853 1453 2154 1510 secundum
2188 1454 2472 1509 veritatem
2514 1451 3030 1521 atque‘evidentiam
3066 1456 3308 1501 actarum
3338 1463 3423 1500 re-

1852 1562 1973 1601 rum
2026 1544 2425 1615 comperiemus
2475 1544 2528 1598 iu
2560 1543 2777 1597 Christo
2799 1542 3043 1599 Domino.
3079 1539 3232 1609 juxta
3261 1554 3425 1593 evan-

1856 1638 2086 1709 gelicum
2122 1644 2327 1690 textum
2364 1637 2445 1689 “z
2478 1636 2570 1691 sed
2612 1642 2790 1687 tamen
2827 1632 2932 1687 dici
2960 1634 3120 1686 etiam
3146 1630 3213 1684 de
3238 1638 3421 1698 poste-

1857 1725 1933 1778 ris
1969 1722 2227 1790 Davidis,
2258 1724 2352 1793 qui
2393 1738 2490 1793 per
2531 1730 2773 1791 tempora
2818 1720 3117 1775 secundum
3164 1720 3253 1773 Dei
3296 1734 3422 1788 pro-

181 1815 455 1885 παροῦσαν
488 1817 791 1888 μαρτυρίαν
818 1818 1191 1890 ἁρμόττουσαν
1227 1818 1325 1889 μὲν
1362 1818 1503 1871 κατά
1533 1819 1594 1869 τὸ
1620 1819 1752 1887 ἀλη-

1855 1816 2173 1871 missionem
2221 1831 2376 1886 reges
2423 1814 2637 1871 lsraelis
2668 1815 2996 1869 exstiterunt
3033 1830 3045 1865 :
3088 1811 3232 1865 unde
3275 1825 3423 1864 nunc

182 1903 264 1967 θὲς
288 1905 386 1958 καὶ
427 1906 814 1979 ἀναντίρρητον
856 1909 963 1961 τῶν
1017 1910 1357 1980 πραγμάτων
1410 1910 1507 1962 ἴδοι
1552 1927 1636 1971 τις
1689 1910 1755 1963 ἂν

179 1999 262 2051 ἐπὶ
286 1998 385 2051 τοῦ
418 2001 690 2053 Δεσπὸτου
735 2001 993 2072 Χριστοῦ,
1030 2000 1173 2055 κατά
1222 2002 1321 2071 τὴν
1343 2003 1402 2053 ἐν
1439 2003 1551 2064 τοῖς
1587 2002 1758 2068 Εὐαγ-

177 2085 369 2155 γελίοις
421 2089 635 2157 φωνήν·
686 2088 992 2159 λεγομένων
1031 2091 1095 2143 ἐκ
1142 2089 1235 2143 τοῦ
1289 2090 1451 2143 Δαυὶδ
1495 2089 1757 2160 βασιλέων

175 2175 261 2230 τοῦ
300 2178 517 2249 Ἰσραὴλ
554 2180 642 2234 διὰ
681 2180 779 2251 τὴν
813 2180 1143 2249 ἐπαγγελίαν
1168 2182 1267 2252 τὴν
1306 2181 1490 2234 θείαν·
1532 2181 1655 2236 ὅθεν
1693 2182 1757 2254 δὴ

176 2267 263 2320 καὶ
306 2267 402 2321 νῦν
443 2270 471 2321 6
520 2270 827 2340 προφήτης,
869 2271 961 2324 ἐπὶ
991 2270 1085 2324 τοῦ
1123 2271 1426 2343 Ζοροϐάϐελ
1468 2272 1637 2343 αὐτὴν
1670 2272 1756 2336 ἐξ·

173 2357 389 2428 είληφεν
426 2360 649 2425 εἰκότως
669 2378 683 2391 ·
715 2359 905 2430 ἐπειδὴ
924 2363 1032 2434 γάρ
1065 2362 1135 2416 τά
1169 2364 1307 2433 μετά
1352 2364 1452 2435 τὴν
1498 2364 1757 2417 ἐπάνοδον

174 2447 321 2516 ἔλεγε
357 2449 455 2519 τὴν
496 2450 605 2503 ἀπὸ
645 2451 979 2517 Βαϐυλῶνος,
1012 2455 1106 2506 καὶ
1146 2454 1245 2525 τὴν
1269 2453 1457 2523 ἔφοδον
1489 2454 1597 2508 τῶν
1630 2455 1758 2526 περὶ

171 2536 256 2589 τὸν
282 2535 431 2606 Γὼγ,
457 2540 557 2611 τήν
590 2556 649 2592 τε
679 2541 1061 2611 ἐπενεχθεῖσαν
1097 2543 1281 2606 αὐτοῖς
1309 2544 1459 2615 παρά
1497 2545 1589 2597 τοῦ
1619 2544 1755 2597 Θεοῦ

169 2629 461 2699 τιμωρίαν,
487 2630 792 2695 ἀκολούθως
824 2633 1095 2704 μέμνηται
1130 2634 1224 2687 καὶ
1249 2634 1341 2688 τοῦ
1378 2636 1495 2689 κατ’
1517 2637 1754 2703 ἐπαγγε-

170 2718 283 2773 λίαν
321 2720 473 2774 θείαν
504 2722 569 2775 ἐκ
602 2724 701 2793 τῆς
728 2724 819 2777 τοῦ
854 2726 1017 2778 Δαυὶδ
1040 2726 1289 2797 διαδοχῆς
1326 2726 1422 2799 τὴν
1458 2728 1631 2800 ἀρχὴν
1661 2729 1755 2781 αύ-

1852 1906 2016 1961 etiam
2057 1907 2322 1977 propheta
2371 1909 2439 1962 de
2483 1906 2818 1961 Zorobabcle
2879 1906 3075 1960 merito
3134 1903 3434 1964 intellexit.

1852 1998 1988 2053 Nam
2019 2015 2143 2054 cum
2168 2001 2235 2054 de
2257 2000 2420 2054 rebus
2440 2009 2560 2069 post
2592 1999 2822 2054 reditum
2841 1998 3113 2068 Babylone
3148 1998 3419 2063 loquatur,

1854 2099 1906 2144 et
1931 2089 1997 2143 de
2014 2089 2149 2159 (ὶοεί
2182 2089 2517 2152 incursione,
2543 2095 2907 2143 consentanee
2932 2086 3177 2140 meminit
3200 2094 3252 2139 et
3276 2084 3422 2137 illius

1855 2182 1922 2237 de
1978 2182 2199 2238 llavidis
2235 2182 2405 2251 stirpe
2460 2180 2731 2242 hominis,
2788 2179 2878 2232 cui
2921 2188 3048 2232 tunc
3088 2178 3423 2247 principatus

1852 2273 2085 2327 traditus
2114 2282 2263 2335 erat;
2289 2270 2630 2326 utostendat
2650 2312 2665 2335 ,
2694 2283 3033 2339 quaecunque
3064 2268 3150 2321 hic
3181 2267 3246 2320 ad
3274 2266 3425 2321 salu-

1852 2374 1960 2422 tem
1984 2365 2163 2436 gentis
2193 2364 2421 2426 fecerit,
2459 2378 2522 2417 ea
2549 2378 2614 2416 ex
2646 2362 2737 2417 Dei
2788 2360 2855 2414 ad
2898 2358 3150 2413 Davidem
3188 2358 3426 2428 promis-

1852 2459 2007 2514 sione
2046 2457 2151 2511 vim
2186 2456 2484 2524 accepisse.
2518 2453 2672 2509 Unde
2700 2461 2754 2509 et
2787 2453 2923 2506 dixit
2954 2471 2968 2506 :
3016 2469 3034 2502 ι
3069 2449 3424 2521 Egressiones

1852 2548 1973 2617 ejus
2005 2545 2075 2601 ab
2103 2545 2284 2609 initio,
2318 2560 2347 2598 a
2368 2546 2561 2600 diebus
2590 2544 2914 2600 aeternitatis
2935 2561 2980 2597 ει
3016 2542 3213 2612 quibus
3244 2541 3430 2596 verbis

1858 2637 2147 2710 signiﬁcat,
2168 2636 2312 2707 quod
2335 2652 2499 2706 supra
2526 2638 2731 2691 dictum
2763 2636 2864 2690 fuit
2892 2643 3053 2703 atque
3069 2632 3425 2703 promissum,

1860 2728 1915 2782 id
1944 2728 2111 2783 Deum
2136 2743 2328 2799 reapse
2360 2727 2796 2798 pronuntiavisse
2826 2765 2842 2791 ,
2878 2733 3043 2796 atque
3080 2724 3148 2778 ab
3183 2722 3337 2779 initio
3366 2732 3425 2777 ut

166 2810 274 2863 τῶν
308 2810 437 2863 τότε
481 2815 935 2885 πεπιστευμένου,
973 2816 1048 2880 ὡς
1098 2817 1164 2871 ἂν
1193 2818 1416 2883 δείξειεν
1448 2822 1542 2873 καὶ
1574 2820 1641 2873 τὰ
1668 2819 1753 2872 διὰ

1863 2821 1981 2876 ﬁeri
2010 2828 2215 2890 posset,
2253 2820 2627 2874 constituisse.
2658 2816 2849 2872 Postea
2884 2816 3033 2872 addit
3057 2835 3085 2871 τ,

168 2901 352 2957 τούτου
400 2906 531 2976 περὶ
575 2908 636 2960 τὸ
683 2908 834 2972 ἔθνος
876 2910 1324 2982 κατορθωθέντα,
1374 2913 1463 2967 διὰ
1492 2917 1589 2987 τὴν
1614 2912 1711 2986 ἤδη
1755 2915 2123 2987 γεγενημένην
2186 2914 2324 2986 πρὸς
2384 2913 2473 2967 τὸν
2545 2911 2707 2965 Δαυῒδ
2759 2911 3086 2980 ἐπαγγελίαν
3148 2907 3242 2961 τοῦ
3290 2906 3439 2962 Θεοῦ,

166 3000 261 3070 τὴν
289 3000 447 3069 ἰσχὺν
488 3000 794 3071 εἰληφέναι·
824 3003 945 3057 ὅθεν
997 3007 1089 3059 καὶ
1138 3001 1291 3060 εἶπεν
1350 3006 1430 3072 τὸ,
1473 3026 1492 3059 ‹
1529 3008 1595 3060 Al
1632 3008 1800 3072 ἔξοδοι
1851 3008 2012 3062 αὐτοῦ
2051 3010 2144 3062 ἀπ’
2178 3008 2350 3079 ἀρχῆς
2397 3006 2457 3070 ἐξ
2495 3005 2717 3077 ἡμερῶν
2751 3005 2975 3065 αἰῶνος·
3012 3023 3030 3056 ι
3064 3004 3151 3055 ἵνα
3187 3004 3317 3074 εἴπῃ
3346 3002 3427 3054 δτι

167 3094 232 3147 τὰ
259 3093 469 3147 ἀνωθεν
500 3095 763 3165 εἰρημένα
795 3114 853 3149 τε
902 3098 997 3150 καὶ
1036 3100 1441 3172 ἐπηγγελμένα,
1508 3100 1660 3171 παρά
1709 3101 1803 3155 τοῦ
1846 3102 1980 3154 Θεοῦ
2015 3100 2375 3171 προεϐάλετο·
2420 3097 2607 3151 τοῦτον
2662 3098 2743 3161 είς
2774 3095 2869 3168 τὴν
2908 3094 3081 3167 ἀρχὴν
3138 3090 3445 3164 δυνηθῆναί

166 3200 223 3239 τε
246 3188 525 3258 πεποίηκε
555 3187 798 3243 τοιαῦτα.
827 3186 959 3243 Εἶτα
990 3191 1202 3259 ἐπάγει·

234 3362 387 3433 Στίχ.
417 3370 487 3433 γ’,
522 3364 583 3419 δ’.
612 3396 681 3406 --
719 3384 738 3417 ι
776 3366 874 3421 Διά
900 3368 1058 3422 τοῦτο
1079 3368 1237 3423 δώσει
1264 3372 1459 3435 αὐτοὺς
1497 3372 1600 3436 ἓως
1637 3389 1753 3425 και-

1936 3370 2098 3425 Vens.
2134 3370 2187 3435 5,
2217 3370 2271 3424 4.
2302 3402 2369 3411 -
2402 3389 2419 3421 ι
2443 3368 2739 3441 PrOpterea
2774 3368 2927 3424 dabit
2981 3383 3076 3423 eos
3130 3382 3302 3438 usque
3358 3368 3428 3423 ad

170 3455 263 3523 ροῦ
294 3458 591 3526 τικτούσης
626 3460 856 3523 τέξεται.
892 3481 911 3513 ι
942 3463 1161 3516 Ὤδίνειν
1191 3465 1285 3517 καὶ
1323 3464 1526 3518 τίκτειν
1559 3466 1755 3519 πολλά-

168 3561 257 3607 κις
285 3548 320 3616 ἡ
354 3546 479 3599 θεία
508 3548 653 3616 λέγει
685 3551 873 3622 Γραφὴ
908 3552 984 3621 (p.
1007 3552 1134 3619 294)
1164 3554 1227 3606 τὸ
1258 3556 1315 3607 ἐν
1348 3556 1494 3627 μέσῳ
1513 3558 1619 3611 τῶν
1642 3559 1752 3613 δει-

167 3636 274 3687 νῶν
298 3637 606 3707 παράδοξον
624 3643 721 3709 τὴν
743 3642 891 3694 θείαν
913 3644 1297 3711 ἀναφαίνεσθαι
1316 3645 1592 3717 βοήθειαν·
1609 3649 1750 3702 οὓτω

165 3723 322 3794 λέγει
345 3726 433 3789 τὸ,
466 3744 486 3778 ι
526 3728 623 3781 Διά
649 3729 740 3782 τὸν
768 3731 929 3799 φόϐον
955 3748 1069 3795 σου,
1098 3732 1289 3803 Κύριε,
1315 3736 1372 3787 ἐν
1402 3738 1601 3807 γαστρὶ
1626 3737 1748 3791 ἑλά-

170 3812 369 3883 ϐομεν,
410 3815 506 3868 καὶ
527 3816 883 3888 ὼδινήσαμεν,
917 3821 1009 3873 καὶ
1040 3820 1298 3891 ἐτέκομεν
1320 3824 1536 3895 πνεῦμα
1573 3844 1748 3896 σωτη-

164 3903 287 3970 ρίας
320 3904 349 3957 ὂ
391 3905 653 3975 ἐποίησας
687 3908 777 3961 ἐπὶ
818 3908 917 3979 τῆς
947 3910 1081 3981 γῆς·
1118 3930 1137 3963 ‹
1175 3913 1261 3965 ἵνα
1294 3914 1441 3983 εἴπῃ,
1464 3915 1545 3967 ὅτι
1581 3915 1747 3986 ’Υπὲρ

160 3988 235 4048 ὧν
266 3996 619 4067 ἐφοϐούμεθα
648 4016 729 4064 σε,
762 4000 1123 4071 συνελάϐομεν
1162 4005 1219 4055 ἐν
1242 4004 1423 4067 αὐτοῖς
1447 4004 1543 4076 τὴν
1574 4006 1745 4077 ἀπόρ-

160 4087 332 4158 ῥητόν
366 4105 468 4141 σου
494 4090 673 4160 χάριν,
701 4092 792 4161 ἀφ’
822 4088 891 4164 ἦς
913 4092 999 4146 διά
1016 4094 1221 4147 πολλῶν
1244 4095 1448 4149 ὠδίνων
1468 4098 1524 4149 ἐν
1551 4098 1627 4167 τῷ
1646 4116 1744 4168 με-

156 4177 315 4245 γέθει
346 4178 460 4231 τῶν
488 4180 673 4234 κακῶν
691 4184 935 4253 σωτηρία
957 4186 1089 4253 ἡμῖν
1118 4185 1389 4257 ἀπετέχθη
1406 4187 1703 4259 παράδοξος
1724 4204 1741 4219 ·

157 4264 453 4319 κάνταῦθα
476 4266 654 4320 τοίνυν
675 4267 749 4332 ὡς
785 4269 850 4322 ἂν
870 4271 969 4337 τῆς
1001 4271 1351 4345 Ἰερουσαλὴμ
1380 4275 1745 4348 συλλαϐούσης

152 4372 216 4409 τε
248 4358 322 4411 ἐκ
348 4357 453 4427 τῆς
480 4357 627 4423 θείας
650 4360 871 4429 χάριτος
900 4363 993 4415 καὶ
1019 4364 1118 4434 τὴν
1136 4364 1341 4436 δωρεάν
1368 4367 1743 4438 ἀποτεκούσης

157 4447 400 4520 ταύτην,
427 4452 518 4519 ἀφ’
546 4448 613 4522 ἧς
640 4454 794 4507 αὐτοί
836 4472 896 4508 τε
935 4454 1366 4527 περιεσώθησαν,
1395 4458 1489 4511 καὶ
1522 4458 1754 4527 παντελῆ

152 4539 260 4607 τὴν
298 4540 580 4595 ἀπώλειαν
609 4544 854 4610 ἐδέξαντο
886 4547 936 4599 ot
974 4546 1255 4617 πολέμιοι,
1291 4546 1449 4601 τοῦτο
1489 4548 1636 4616 λέγει
1672 4548 1756 4601 ὅτι

1854 3472 2102 3532 tempus,
2146 3477 2255 3531 quo
2295 3462 2515 3531 pariens
2547 3462 2743 3532 pariet.
2776 3480 2794 3511 ι
2838 3460 3117 3515 Parturire
3149 3468 3201 3515 et
3235 3472 3430 3529 parere

1856 3570 1997 3625 saepe
2016 3554 2152 3609 dicit
2186 3554 2372 3609 divina
2405 3554 2708 3624 Scriptura,
2744 3568 2867 3608 cum
2895 3553 2948 3607 in
2978 3552 3171 3607 mediis
3201 3551 3427 3605 calami-

1854 3647 2060 3700 tatibus
2116 3645 2361 3699 divinum
2418 3645 2695 3715 insperato
2746 3644 3006 3697 auxilium
3055 3642 3293 3713 aﬁ‘ulget.
3332 3637 3427 3694 Sic

1855 3732 2232 3804 aitchropter
2278 3734 2530 3789 timorem
2565 3734 2665 3796 tui,
2699 3732 2924 3787 Domine
2947 3770 2962 3796 ,
2995 3732 3049 3785 in
3078 3740 3269 3785 ventre
3296 3744 3427 3784 cou-

1854 3826 2132 3894 cepimus.
2165 3834 2219 3879 et
2274 3824 2663 3893 parturivimus
2706 3839 2771 3878 ac
2831 3824 3142 3893 peperimus
3172 3822 3427 3892 spiritum

1856 3916 2047 3971 salutis
2084 3932 2243 3985 quem
2298 3917 2351 3969 in
2394 3925 2539 3971 terra
2590 3915 2768 3971 fecisti
2802 3916 2885 3979 '7;
2916 3934 2934 3966 ι
2972 3923 3029 3968 ut
3075 3914 3254 3969 dicat:
3287 3911 3426 3977 Quia

1859 4006 2014 4076 193
2045 4014 2097 4060 te
2127 4005 2428 4069 timuimus,
2456 4006 2808 4076 concepimus
2831 4004 2886 4058 in
2915 4004 3072 4058 nobis
3096 4001 3422 4057 ineﬁ‘abilem

1854 4098 2083 4168 gratiam
2116 4106 2261 4149 tuam
2283 4137 2298 4163 ,
2330 4111 2359 4149 a
2398 4113 2504 4166 qua
2534 4112 2630 4165 per
2657 4096 2860 4150 multos
2901 4077 3119 4150 dolores
3160 4094 3214 4147 in
3264 4092 3425 4147 malis

1854 4186 2109 4241 maximis
2147 4186 2299 4241 salus
2346 4186 2507 4240 nobis
2539 4185 2867 4239 mirabiliter
2913 4192 3067 4253 parta
3102 4192 3205 4237 est.
3257 4182 3427 4252 Igitur

1857 4279 1961 4333 hoc
1998 4292 2215 4348 quoque
2245 4278 2368 4332 loco
2390 4318 2407 4343 ,
2442 4280 2597 4347 quasi
2626 4276 2964 4332 Hierusalem
2993 4292 3059 4330 ex
3092 4276 3275 4329 divina
3300 4289 3426 4343 gra-

1854 4369 1931 4423 tia
1955 4370 2320 4438 concepisset,
2356 4376 2520 4437 atque
2552 4368 2655 4421 hoc
2683 4366 2886 4422 donum
2928 4366 3247 4436 peperisset,
3266 4364 3423 4432 cujus

1854 4459 2118 4515 beneﬁcio
2146 4458 2249 4527 ipsi
2283 4457 2421 4512 salvi
2453 4457 2814 4521 exstitissent,
2853 4456 3036 4510 hostes
3067 4462 3260 4509 contra
3301 4452 3426 4507 lun-

1856 4551 2002 4605 ditus
2031 4550 2344 4620 periissem,
2376 4548 2450 4601 ait
2483 4564 2542 4603 se
2578 4547 2831 4601 inimicos
2867 4547 3034 4601 exitio
3070 4544 3425 4606 traditurum.

152 4630 289 4691 τοὺς
318 4630 597 4695 ἐναντίους
623 4634 931 4705 παραδώσει
957 4636 1218 4708 ἀπωλείᾳ,
1254 4638 1436 4709 ἐπειδὴ
1454 4641 1519 4709 τῇ
1557 4640 1753 4710 Ἰερου-

1857 4644 2119 4713 quoniam
2147 4642 2268 4696 urbi
2304 4639 2604 4695 Jerusalem
2636 4646 2758 4709 post
2790 4639 3009 4693 dolores
3056 4638 3257 4692 multos
3288 4652 3426 4706 quos

154 4718 355 4789 σαλὴμ
396 4722 534 4789 μετά
571 4724 781 4777 πολλῶν
810 4726 1032 4792 ὠδίνων,
1066 4726 1133 4790 ἃς
1166 4708 1450 4798 ὑπέμεινεν
1467 4708 1525 4780 ἐν
1547 4708 1753 4800 τῇττῶν

1861 4708 2086 4800 pertulit
2132 4730 2187 4783 in
2220 4728 2457 4783 hostium
2501 4708 2757 4790 incursu,
2817 4727 3064 4780 mirabile
3097 4733 3309 4795 partum
3344 4734 3428 4779 est

152 4807 451 4878 πολεμίων
472 4814 664 4885 ἐφόδῳ,
691 4816 962 4886 ἀπετέχθη
993 4816 1086 4869 τοῦ
1124 4817 1257 4870 Θεοῦ
1290 4818 1491 4888 δωρεά.
1517 4837 1535 4869 ι
1569 4820 1678 4872 Καὶ
1707 4820 1758 4871 οἱ

149 4903 445 4957 ἐπίλοιποι
474 4907 582 4959 τῶν
606 4907 846 4976 ἀδελφῶν
873 4908 1035 4961 αὑτοῦ
1068 4910 1482 4979 ἐπιστρέφουσιν
1518 4910 1610 4962 ἐπὶ
1632 4912 1759 4974 τοὺς

151 4997 319 5059 υἱοὺς
366 4998 608 5067 Ἰσραήλ.
664 5019 682 5049 ι
730 4999 862 5051 Τότε
906 4999 1013 5070 γὰρ
1056 4998 1119 5069 δὴ
1168 5000 1365 5062 πάντες
1409 5002 1457 5053 οί
1509 5000 1614 5053 ἀπὸ
1654 5000 1757 5068 τῆς

146 5089 552 5158 αἰχμαλωσίας
576 5088 976 5153 ἐπανελθόντες,
1010 5090 1182 5142 κοινὸν
1212 5092 1503 5160 ἡγήσονται
1536 5089 1757 5159 βασιλέα

146 5180 249 5231 τὸν
320 5181 664 5247 Ζοροϐάϐελ·
717 5181 899 5234 οὐκέτι
960 5181 1065 5251 ἰδίᾳ
1126 5181 1226 5251 μὲν
1287 5181 1602 5251 ἀρχομένων
1651 5180 1761 5232 τῶν

144 5270 298 5324 δέκα
330 5270 544 5338 φυλῶν,
571 5274 670 5340 τῆς
700 5272 758 5324 δὲ
795 5271 961 5323 ’ἰούδα
997 5270 1165 5341 μόνης
1197 5269 1333 5340 μετά
1374 5272 1469 5340 τῆς
1504 5271 1759 5340 Βενιαμὶν

146 5364 291 5426 τοὺς
322 5366 393 5415 ἐκ
417 5363 509 5415 τοῦ
533 5362 693 5415 Δαυὶδ
716 5362 971 5431 βασιλέας
994 5360 1133 5415 κατά
1159 5360 1218 5413 τὸ
1253 5361 1483 5432 πρόσθεν
1509 5362 1759 5431 ἐχούσης,

148 5456 304 5511 ἀλλά
340 5456 564 5507 πάντων
594 5454 689 5507 ἕνα
716 5452 936 5523 βασιλέα
983 5451 1074 5505 τὸν
1116 5451 1418 5522 Ζοροϐάϐελ
1446 5452 1762 5520 ἡγουμένων

148 5548 384 5601 λοιπόν.
406 5544 566 5600 Οὕτω
588 5544 680 5597 καὶ
705 5545 732 5597 6
765 5544 1029 5614 μακάριος
1062 5543 1216 5611 Ὠσηὲ
1249 5542 1428 5609 λέγει·
1455 5560 1472 5592 ί
1508 5542 1615 5595 Καὶ
1647 5560 1762 5596 συν-

245 5730 301 5762 ⁸⁶
346 5727 488 5784 ibid.
526 5727 615 5793 '50,
654 5727 743 5783 '53.
818 5728 865 5759 ⁸⁸
889 5725 1020 5782 Luc.
1057 5728 1207 5792 1,32.
1286 5728 1328 5759 "
1369 5725 1470 5780 Isa.
1516 5738 1663 5787 xxvr,
1700 5724 1779 5781 l8.

1861 4820 1957 4875 Dei
2002 4819 2227 4873 donum.
2266 4836 2286 4869 ο
2308 4817 2373 4870 Et
2415 4818 2611 4887 reliqui
2647 4817 2843 4873 fratres
2874 4818 3011 4887 ejus.
3042 4824 3429 4871 convertentur

1859 4910 1928 4965 ad
1956 4909 2098 4965 ﬁlios
2137 4908 2409 4965 lsraelis.)
2447 4910 2602 4963 'l‘uuc
2630 4923 2822 4963 omnes
2848 4923 2879 4961 a
2920 4908 3232 4977 captivitate
3262 4907 3428 4961 redu-

1857 5016 1971 5064 ces,
2008 5014 2354 5054 communem
2377 4998 2769 5053 existimabunt
2795 5012 2974 5067 regem
3011 4996 3425 5051 Zorobabelcm:

1858 5090 2003 5145 haud
2055 5091 2266 5145 diutius
2298 5104 2546 5145 seorsum
2587 5089 2772 5143 decem
2806 5088 3057 5143 tribubus
3105 5088 3210 5142 sub
3260 5101 3428 5156 regno

1858 5182 2204 5245 constitutis,
2240 5181 2375 5236 solis
2399 5196 2529 5235 vero
2567 5180 2722 5235 luda:
2748 5196 2810 5233 ac
2840 5178 3142 5247 Benjamini
3173 5177 3427 5231 tribubus

1860 5290 2016 5344 reges
2043 5274 2109 5328 de
2148 5272 2366 5327 Davidis
2405 5274 2575 5341 stirpe
2608 5281 2665 5325 ut
2724 5282 2881 5325 antea
2929 5269 3299 5331 habentibus;
3331 5266 3428 5320 sed

1860 5364 2073 5419 cunctis
2098 5377 2265 5416 unum
2292 5377 2471 5431 regem
2493 5362 2881 5417 Zorobabelcm
2914 5358 3110 5413 abhinc
3132 5372 3429 5427 agnoscen-

1862 5457 2029 5511 tibus.
2068 5453 2160 5508 Sic
2186 5454 2347 5507 etiam
2388 5454 2579 5508 beatus
2611 5452 2780 5509 Oseas
2813 5452 3020 5506 aiebat:
3057 5469 3073 5500 ι
3105 5449 3169 5501 Et
3201 5463 3428 5518 congre-

1863 5548 2135 5618 gabuntur
2155 5545 2248 5599 ﬁlii
2276 5543 2428 5600 Iuda:
2460 5553 2513 5601 et
2544 5546 2638 5601 ﬁlii
2670 5545 2887 5602 Israelis
2914 5544 2967 5598 in
2991 5540 3045 5597 id
3068 5541 3268 5611 ipsum,
3296 5555 3429 5596 con-
