3954 6532
492 320 595 351 τιτι-ε

490 338 597 375 ON)

1693 320 2039 380 TIILODORI
2068 324 2548 384 MOPSUESTENI

3635 330 3731 386 576

493 441 830 511 stituentque
861 436 963 494 sibi
996 451 1222 508 regnum
1250 453 1416 492 unum
1448 439 1511 494 ⁸⁸.
1544 460 1564 492 ι
1609 439 1746 496 Tum
1791 451 1845 500 et
1876 444 2066 500 beatus

2179 444 2495 517 ιχθήσονται
2529 442 2579 497 οἱ
2608 443 2715 496 υἱοὶ
2756 441 2925 497 Ἰούδα
2974 442 3068 496 καὶ
3114 441 3164 495 οἱ
3202 441 3305 494 uici
3340 442 3552 513 Ἰσραὴλ
3581 445 3739 501 ἐπὶτὺ

494 532 704 587 David:
744 530 928 586 «Ecce
975 544 1138 600 quam
1192 529 1394 584 bonum
1441 539 1495 586 ct
1545 548 1707 601 quam
1758 535 2064 604 jucundum

494 624 741 679 habitare
776 624 973 677 fratres
1002 621 1055 675 in
1082 621 1135 675 id
1168 621 1348 692 ipsum
1370 622 1414 653 ⁸⁹
1444 624 1457 676 ί
1489 644 1507 675 ι
1539 625 1889 682 concordiam
1920 628 2066 698 ipso-

490 730 614 769 rum
646 715 888 767 futuram
918 712 1061 767 circa
1090 712 1298 768 reditus
1329 724 1542 784 tempus
1582 715 1668 771 his
1690 718 1871 773 verbis
1897 720 2065 790 signi-

494 809 685 868 ficans,
721 820 885 876 quam
921 806 1321 861 conservabant
1340 807 1443 862 sub
1482 823 1602 862 uno.
1624 823 1747 878 rege
1775 811 2063 865 constituti

492 898 769 967 deinceps.
812 896 927 952 Hoc
966 898 1150 967 itaque
1188 898 1393 968 pariter
1450 900 1570 954 loco
1627 901 1891 970 propheta
1950 903 2059 957 ait:

498 1007 516 1039 ι
541 999 594 1043 et
622 987 816 1058 reliqui
856 988 1082 1045 fratres:
1121 1007 1141 1041 ι
1203 1004 1302 1059 pro
1330 1004 1395 1045 eo
1433 1004 1498 1044 ac
1533 990 1714 1047 dicat:
1745 991 1941 1047 Cuncti
1970 995 2063 1063 qui

489 1080 821 1138 extraJudac
867 1081 1067 1136 tribum
1126 1090 1284 1146 sunt,
1330 1081 1731 1152 coujungentur
1764 1100 1887 1141 cum
1938 1086 2064 1141 reli-

491 1173 613 1243 quis
636 1173 850 1230 Israelis
881 1173 1026 1240 ﬁliis,
1054 1188 1222 1227 unum
1254 1175 1613 1246 eumdemque
1646 1190 1827 1246 regem
1854 1176 2063 1232 haben-

489 1274 595 1322 tes.
642 1284 661 1318 ι
688 1265 754 1320 Εῐ
781 1265 947 1321 stabit
995 1272 1049 1320 et
1098 1263 1304 1319 videbit
1331 1273 1385 1321 et
1422 1273 1610 1335 pascet
1643 1282 1857 1337 gregem
1901 1283 2061 1323 suum

491 1373 618 1413 cum
653 1356 970 1412 fortitudine
992 1356 1291 1412 Dominus:
1325 1368 1381 1414 et
1414 1359 1469 1413 in
1501 1359 1672 1429 gloria
1702 1359 1942 1415 nominis
1966 1358 2064 1414 Do-

492 1450 628 1505 mini
656 1449 749 1506 Dei
784 1451 871 1506 sui
910 1458 1104 1514 erunt;
1134 1452 1260 1520 quia
1311 1465 1459 1505 nunc
1510 1450 1944 1522 magnificabitur
1970 1466 2064 1507 us-

492 1560 598 1613 que
644 1544 711 1599 ad
762 1544 1026 1599 terminos
1076 1551 1253 1599 terrae.
1289 1562 1308 1595 ι
1358 1543 1513 1609 Erit,
1552 1543 1763 1614 inquit,
1796 1558 1895 1614 per
1941 1543 2062 1613 ejus

492 1634 753 1705 temporis
783 1650 967 1706 regem
1006 1636 1225 1705 propria
1260 1650 1393 1690 cura
1427 1648 1658 1705 pascens
1688 1634 1849 1698 Deus,
1884 1635 1978 1705 qui
2008 1642 2063 1690 et

492 1727 618 1782 illos
670 1727 910 1782 illustres
948 1727 1168 1781 nomine
1220 1743 1322 1783 suo
1352 1726 1583 1783 etliciet:
1638 1734 2062 1797 constanterque

2171 536 2324 603 αὐτὸ,
2353 536 2427 605 (p.
2449 535 2574 605 295)
2598 536 2690 589 καὶ
2712 534 2966 605 θήσονται
2995 535 3203 598 ἑαυτοῖς
3223 531 3397 604 ἀρχὴν
3429 534 3575 603 μίαν.
3603 555 3619 586 ι
3641 538 3738 592 Καὶ

2170 629 2198 679 ὁ
2227 625 2493 697 μακάριος
2524 627 2553 678 ὁ
2580 625 2771 679 Δαυῖδ·
2807 644 2825 676 ι
2863 624 2991 677 Ἰδοὺ
3018 623 3082 694 δὴ
3160 622 3212 675 τί
3244 623 3405 676 καλὸν
3440 624 3533 676 καὶ
3551 624 3604 675 τί
3628 640 3740 695 τερ-

2171 720 2322 783 πνὸν,
2354 718 2466 772 ἀλλ’
2498 718 2531 789 ἢ
2571 718 2632 771 τὸ
2675 719 2948 771 κατοικεῖν
2986 715 3249 785 ἀδελφοὺς
3296 716 3389 768 ἐπὶν⁵
3416 716 3476 769 τὸ
3513 716 3677 769 αὑτόι
3714 737 3732 768 ι

2167 810 2264 882 τὴν
2292 811 2545 881 ὁμόνοιαν
2588 808 2767 863 αὐτῶν
2809 809 2908 879 τήν
2953 808 3216 879 ἐσομένην
3244 807 3385 861 κατὰ
3415 807 3509 860 τὸν
3530 808 3625 877 τῆς
3649 808 3737 861 ἐπ-

2173 902 2359 957 ανόδου
2417 902 2606 974 καιρὸν
2659 903 2716 954 ἐν
2745 900 2919 970 τούτῳ
2965 898 3245 969 σημαίνων
3268 939 3285 964 ,
3348 900 3415 969 ἢν
3472 898 3738 961 ἀπέσωζον

2167 997 2256 1065 ὑφ’
2286 996 2366 1049 ἐν).
2401 995 2481 1065 τῷ
2521 993 2854 1064 βασιλεύοντι
2896 990 3236 1055 καθεστῶτες
3274 991 3479 1045 λοιπόν.
3522 989 3737 1059 Ὁμοίως

2165 1084 2257 1142 οὖν
2288 1087 2562 1142 κάνταῦθα
2591 1089 2620 1140 ὁ
2649 1086 2931 1157 προφήτης
2971 1083 3139 1151 λέγει,
3190 1083 3271 1135 ὅτι
3303 1101 3321 1133 ε
3367 1083 3478 1134 Καὶ
3506 1083 3554 1134 οἱ
3578 1080 3739 1133 λοιποὶ

2164 1180 2271 1234 τῶν
2295 1178 2559 1248 ἀδελφῶν,
2590 1196 2612 1231 ι
2641 1179 2726 1231 ἵνα
2756 1178 2903 1248 εἴπῃ,
2928 1176 3011 1229 ὅτι
3033 1175 3232 1237 πάντες
3259 1173 3352 1227 καὶ
3370 1176 3417 1226 οἱ
3447 1172 3547 1240 τῆς
3586 1172 3738 1225 Ἰούδα

2165 1272 2340 1342 φυλῆς
2382 1271 2538 1334 ἐκτὸς
2591 1269 3019 1340 συναχθήσονται
3062 1270 3174 1329 τοῖς
3228 1266 3434 1328 λοιποῖς
3480 1266 3614 1327 υίοῖς
3653 1263 3738 1316 τοῦ

2176 1362 2411 1435 Ἰσραὴλ,
2441 1363 2536 1415 ἕνα
2566 1361 2660 1416 καὶ
2684 1360 2776 1413 τὸν
2800 1359 2962 1414 αὐτὸν
2992 1358 3286 1431 ήγούμενοι
3317 1355 3560 1427 βασιλέα.
3590 1374 3607 1405 ι
3640 1357 3739 1408 Καὶ

2166 1454 2420 1525 στήσεται
2452 1452 2545 1506 καὶ
2572 1452 2779 1523 ὄψεται,
2805 1453 2897 1506 καὶ
2931 1452 3187 1522 ποιμανεῖ
3217 1450 3279 1503 τὸ
3305 1449 3553 1519 ποίμνιον
3585 1448 3739 1501 αὑτοῦ

2164 1547 2223 1601 ἐν
2259 1546 2403 1616 ίσχύῖ
2438 1545 2673 1616 Κύριος·
2717 1544 2813 1598 καὶ
2857 1545 2915 1596 ἐν
2962 1546 3028 1614 τῇ
3071 1542 3199 1615 δόξῃ
3243 1541 3509 1612 ὀνόματος
3542 1538 3740 1607 Κυρίου

2163 1639 2256 1693 τοῦ
2283 1638 2419 1692 Θεοῦ
2450 1638 2627 1691 αὐτῶν
2658 1637 3018 1708 ὑπάρξουσιν·
3049 1635 3183 1688 διότι
3218 1634 3313 1689 νῦν
3349 1631 3737 1704 μεγαλυνθήσε-

2163 1745 2252 1780 ται
2285 1727 2388 1790 ἓως
2415 1726 2599 1798 ἄκρων
2628 1729 2725 1798 τῆς
2744 1726 2866 1797 γῆς.
2903 1745 2921 1776 ι
2950 1726 3141 1778 Ἔσται
3170 1724 3253 1783 δέ,
3278 1724 3464 1794 φησὶν,
3491 1724 3521 1775 ὁ
3546 1720 3631 1773 διὰ
3656 1719 3739 1772 τοῦ

493 1835 590 1890 per
613 1820 924 1875 universam
960 1827 1162 1874 terram
1192 1819 1359 1874 multa
1398 1834 1523 1874 cum
1554 1817 1917 1874 admiratione
1942 1819 2060 1873 lau-

2179 1818 2287 1871 τότε
2320 1817 2693 1887 βασιλεύοντος
2718 1817 2963 1880 ἅπαντας
2989 1819 3056 1888 τῇ
3090 1816 3265 1887 οἰκείᾳ
3297 1814 3596 1887 κηδεμονίᾳ
3636 1830 3742 1866 ποι⁶

493 1910 733 1973 dabitur,
762 1912 890 1981 quia
930 1917 1010 1965 tot
1040 1920 1301 1982 tantaque
1327 1927 1427 1982 pro
1463 1912 1532 1967 iis
1572 1911 1734 1977 fecit,
1777 1912 1938 1984 194
1966 1912 2060 1983 qui

496 2001 642 2057 illius
675 2015 873 2057 nomen
930 2003 1298 2073 participant;
1350 2003 1443 2073 qui
1477 2012 1605 2059 sunt
1652 2004 1872 2059 Israelis
1928 2004 2061 2061 filii:

493 2107 633 2162 quos
689 2108 837 2148 nunc
894 2094 1111 2165 quidem
1150 2094 1218 2149 de
1250 2096 1565 2166 captivitate
1615 2105 1810 2167 praeter
1849 2110 2065 2151 omnem

496 2201 645 2255 spem
670 2185 918 2241 reduxit:
948 2196 1137 2258 postea
1167 2203 1297 2242 vero
1325 2188 1609 2243 victoriam
1642 2204 1816 2259 pauco
1846 2189 2063 2243 illorum

496 2292 724 2332 numero
754 2279 1008 2348 patrabit,
1032 2294 1141 2349 qua
1170 2280 1623 2336 innumerabilem
1663 2281 1886 2335 fortium
1918 2280 2063 2336 viro-

494 2383 616 2422 rum
644 2370 1186 2440 multitudinem,per
1211 2371 1312 2426 hos
1334 2371 1570 2428 humiles
1595 2387 1930 2443 paucosque,
1964 2387 2064 2429 sua

494 2460 696 2515 virtute
731 2462 955 2516 omnino
984 2462 1310 2533 proﬂigabit.

2172 1910 2375 1982 μαίνων
2409 1909 2560 1973 Θεὸς,
2602 1910 2662 1972 ὃς
2710 1909 2803 1963 καὶ
2833 1909 3110 1972 ἐπιδὸξους
3156 1909 3352 1970 αὐτοὺς
3388 1906 3476 1960 διὰ
3508 1906 3609 1976 τὴν
3637 1904 3742 1958 ὀνο-

2174 2002 2376 2073 μασίαν
2423 2001 2715 2073 ἐργάσεται.
2759 2000 2859 2073 τὴν
2912 2001 3155 2054 οἰκείανο
3204 2000 3451 2070 διαμενεῖ
3503 2014 3568 2051 τε
3614 2001 3744 2052 κατὰ

2173 2094 2354 2166 πάσης
2378 2095 2477 2164 τῆς
2506 2096 2608 2165 γῆς
2640 2095 2778 2166 μετὰ
2815 2093 3013 2149 πολ)ιοῦ
3045 2092 3139 2147 τοῦ
3182 2092 3458 2164 θαύματος
3488 2091 3745 2160 ἀνυμνού-

2178 2204 2358 2259 μενος,
2395 2187 2479 2256 ἐφ’
2511 2181 2591 2251 οἷς
2621 2186 2855 2241 τοσαῦτα
2885 2188 2979 2240 καὶ
3003 2185 3305 2256 τηλικαῦτα
3336 2183 3606 2253 πεποίηκε
3632 2183 3745 2253 περὶ

2170 2280 2296 2342 τοὺς
2331 2279 2430 2351 τὴν
2458 2279 2620 2332 αὐτοῦ
2666 2279 2947 2349 μετιόντας
2992 2278 3305 2348 ὀνομασίαν,
3348 2276 3493 2344 λέγω
3528 2274 3593 2344 δὴ
3635 2275 3746 2335 τοὺς

2172 2372 2321 2435 υἱοὺς
2356 2370 2606 2443 Ἰσραήλ’
2645 2370 2742 2425 νῦν
2772 2370 2872 2441 μὲν
2914 2370 3112 2432 αὐτοὺς
3151 2369 3217 2421 ἐκ
3251 2369 3352 2439 τῆς
3380 2364 3748 2436 αἰχμαλωσίας

2174 2466 2325 2538 παρὰ
2352 2468 2531 2520 πᾶσαν
2554 2466 2840 2535 ἐπανάγων
2869 2466 3056 2519 ἐλπίδα
3077 2480 3091 2495 ο
3131 2466 3246 2536 μετ’
3276 2466 3452 2517 ἐκεῖνο
3481 2464 3543 2517 δέ
3573 2464 3631 2515 ἐν
3656 2463 3749 2515 dli‘

495 2570 612 2621 γοις
665 2554 847 2617 αὐτοῖς
894 2554 1050 2625 νίκην
1096 2555 1609 2627 καταπραττόμενος
1662 2556 1850 2628 αὐτὴν,
1880 2557 1972 2627 ἀφ’
2017 2553 2086 2630 ἦς
2142 2557 2511 2630 ἀναρίθμητόν
2544 2576 2597 2611 τι
2630 2557 2831 2629 πλῆθος
2874 2557 3199 2629 ἐρρωμένων
3256 2554 3483 2627 ἀνδρῶν,
3534 2546 3749 2624 (p.296)

495 2643 591 2696 καὶ
633 2645 713 2707 είς
752 2644 1049 2715 πολεμικήν
1084 2646 1376 2716 ἐμπειρίαν
1407 2650 1957 2720 παρεσκευασμένων,
1988 2650 2076 2704 διὰ
2102 2652 2208 2706 τῶν
2228 2653 2460 2706 εὐτελῶν
2505 2650 2710 2705 τούτων
2754 2650 2848 2703 καὶ
2904 2648 3284 2720 εὐαριθμήτων
3313 2646 3597 2710 παντελῶς
3622 2646 3750 2698 κατὰ

491 2736 592 2809 τὴν
614 2738 818 2791 οἰκείαν
845 2739 1184 2809 τροπώσεται
1220 2740 1469 2811 δύναμιν.

565 2830 655 2884 Sic
697 2837 879 2885 autem
913 2845 1037 2884 cum
1067 2846 1130 2885 ea
1165 2830 1430 2898 dixisset,
1486 2846 1607 2902 quae
1646 2841 1770 2904 post
1824 2834 2061 2889 reditum

2253 2833 2413 2888 Ἀλλὰ
2438 2832 2547 2905 γὰρ
2571 2830 2713 2886 οὕτω
2731 2830 2801 2884 τὰ
2822 2828 2958 2901 μετὰ
2971 2829 3069 2901 τὴν
3084 2828 3192 2883 ἀπὸ
3219 2826 3542 2889 Βαϐυλῶνος
3574 2825 3751 2878 ἐπάνοο

492 2919 768 2991 Babylone
798 2919 978 2974 futura
1013 2930 1202 2988 erant,
1234 2938 1356 2993 qua:
1381 2923 1641 2979 nimirum
1692 2928 1796 2981 sub
1829 2926 2067 2983 Zoroba-

2179 2927 2259 2981 δον
2286 2923 2599 2995 ὑπάρξοντα
2622 2922 2803 2985 αὐτοῖς
2825 2918 3083 2991 εἰρηκὼς,
3118 2919 3153 2973 ἃ
3181 2918 3274 2972 τοῦ
3313 2916 3622 2987 Ζοροϐάϐελ
3642 2932 3752 2970 κατ’

493 3011 634 3077 bele,
662 3010 884 3081 Davidis
914 3013 1082 3083 stirpe
1123 3022 1281 3079 orto,
1309 3015 1467 3085 juxta
1501 3015 1597 3072 Dei
1641 3018 2063 3088 promissionem

494 3114 776 3175 regnante,
817 3105 953 3175 ipsis
991 3106 1111 3161 sine
1146 3107 1313 3163 dubio
1338 3109 1744 3180 contingerent,
1779 3111 2069 3180 promissis

496 3197 735 3266 propriis
776 3196 989 3253 fidelem
1032 3197 1202 3253 Deum
1237 3200 1431 3255 volens
1460 3201 1725 3272 propheta
1762 3203 2068 3264 ostendere,

497 3296 551 3343 et
584 3288 807 3342 multam
833 3288 1057 3359 iis,qua:
1079 3290 1379 3345 secundum
1404 3290 1649 3361 ejusdem
1672 3292 2070 3361 beneplacitum

500 3378 656 3443 fiunt,
689 3380 854 3433 robur
878 3380 1231 3449 praebentem,
1284 3396 1470 3437 rerum
1506 3380 1862 3438 Zorobabelis
1898 3400 2074 3439 exem-

499 3470 590 3539 plo
642 3472 832 3524 utitur.
862 3469 1131 3525 Caeterum
1170 3471 1298 3541 quia
1348 3472 1521 3525 multo
1554 3472 1733 3527 serius
1765 3472 1880 3527 haec
1912 3489 2074 3529 even-

500 3571 623 3616 tura
662 3563 1017 3627 videbantur,
1066 3564 1275 3618 scilicet
1328 3578 1357 3617 a
1396 3563 1671 3635 Babylone
1720 3565 1970 3629 reditus,
2020 3576 2076 3621 et

500 3651 633 3722 Gogi
671 3662 794 3723 post
852 3653 1007 3707 illum
1062 3653 1297 3708 reditum
1338 3655 1646 3724 expeditio;
1687 3669 2076 3712 commemorat

500 3748 757 3815 proliiora
780 3785 795 3811 ,
826 3753 880 3801 et
914 3761 1036 3816 quze
1084 3746 1229 3800 haud
1263 3758 1535 3801 remotum
1561 3746 1771 3802 exitum
1825 3748 2074 3804 habitura

501 3845 658 3891 erant
683 3877 699 3901 ,
737 3853 828 3894 res
881 3852 1076 3906 nempe
1128 3837 1477 3907 Assyriorum
1519 3838 1622 3893 sub
1647 3836 1882 3905 Ezecia;
1919 3846 1978 3892 ut
2009 3855 2076 3895 ex

501 3928 768 3997 proximis
790 3969 805 3995 ,
839 3942 935 3984 seu
968 3942 1078 3981 non
1132 3928 1307 3982 multo
1365 3936 1490 3997 post
1526 3926 1729 3983 futuris
1750 3969 1764 3994 ,
1794 3928 1953 3984 fidem
2007 3930 2077 3985 iis

502 4022 822 4078 conciliaret
852 4035 973 4089 quze
996 4020 1156 4090 longa
1186 4027 1310 4088 post
1341 4025 1584 4087 tempora
1620 4018 1817 4074 forent.
1848 4021 2078 4075 Constat

502 4120 685 4169 autem
718 4113 834 4167 haec
856 4112 1171 4183 praedixisse
1190 4111 1535 4182 prophetam,
1560 4120 1618 4165 ut
1650 4112 1787 4167 liber
1812 4113 2075 4179 ostendit,

503 4204 699 4260 diebus
725 4202 1022 4266 Joathami,
1062 4209 1117 4257 et
1160 4201 1387 4264 Achazi,
1425 4209 1478 4257 et
1503 4200 1743 4267 Ezecim;
1777 4203 1852 4256 ita
1892 4213 1951 4257 ut
1979 4219 2074 4257 va-

2170 3017 2498 3087 ἐπαγγελίαν
2509 3015 2641 3069 Θεοῦ
2660 3015 2722 3068 ἐκ
2738 3013 2829 3067 τοῦ
2843 3013 3004 3066 Δαυὶδ
3020 3012 3196 3067 αὐτῶν
3214 3009 3592 3081 βασιλεύοντος
3607 3026 3749 3079 περι-

2171 3107 2424 3179 γενέσθαι
2452 3107 2666 3170 πάντως
2689 3105 2918 3176 ἦμελλεν
2942 3104 3144 3166 αὐτοῖς,
3172 3100 3357 3173 ἐπειδὴ
3375 3103 3495 3165 ταῖς
3528 3101 3751 3168 ἐπαγγε-

2170 3204 2313 3265 λίαις
2348 3204 2466 3263 ταῖς
2497 3200 2720 3261 οἰκείαις
2770 3198 3101 3267 προσέχοντα
3128 3196 3216 3247 τὸν
3240 3194 3370 3247 Θεὸν
3409 3195 3439 3245 ὁ
3472 3194 3752 3263 προφήτης

2188 3285 2455 3357 ἐϐουλήθη
2482 3288 2671 3355 δεῖξαι,
2694 3287 2893 3358 πολλὴν
2907 3288 3019 3350 τοῖς
3035 3285 3174 3339 κατὰ
3200 3286 3261 3339 τὸ
3289 3285 3437 3355 αὐτῷ
3454 3284 3574 3355 (39)
3605 3302 3664 3352 γε
3680 3284 3754 3336 69-

2186 3377 2317 3431 κοῦν
2352 3378 2690 3448 γιγνομένοις
2707 3379 3015 3448 παρέχοντα
3036 3376 3133 3447 τὴν
3156 3377 3328 3446 ἰσχὺν,
3360 3374 3754 3439 ἀποδείξειτοξ

2185 3468 2329 3523 κατὰ
2346 3469 2435 3522 τὸν
2458 3469 2761 3539 Ζοροϐάϐελ
2781 3468 3125 3540 χρησάμενος
3149 3483 3163 3498 ο
3188 3468 3357 3520 ἐδόκει
3377 3466 3433 3520 δὲ
3467 3467 3611 3537 μετὰ
3632 3466 3753 3518 πολῦ

2182 3561 2352 3614 ταῦτα
2375 3560 2638 3628 γίνεσθαι,
2663 3560 2799 3613 τὰτε
2820 3560 2917 3629 τῆς
2943 3558 3199 3612 ἐπανόδου
3226 3557 3370 3625 λέγω
3392 3558 3494 3627 τῆς
3524 3556 3639 3610 ἀπὸ
3656 3557 3752 3608 Βα-

2184 3650 2439 3714 ϐυλῶνος,
2472 3651 2567 3703 καὶ
2596 3650 2663 3702 τὰ
2695 3649 2832 3720 μετὰ
2859 3647 2956 3720 τὴν
2986 3648 3245 3702 ἐπάνοδον
3271 3647 3491 3717 ἐκείνην
3534 3649 3614 3711 είς
3640 3647 3753 3709 τοῦς

2183 3742 2308 3814 περὶ
2327 3741 2418 3794 τὸν
2438 3739 2561 3809 Γὼγ
2583 3740 2841 3808 γεγονότα
2862 3756 2875 3769 ·
2903 3740 3175 3809 μέμνηται
3208 3737 3313 3789 τῶν
3340 3739 3516 3806 ἐγγὺς
3533 3738 3629 3790 καὶ
3653 3754 3760 3806 μετ’

2183 3836 2243 3889 οὐ
2271 3834 2406 3889 πολὺ
2437 3833 2535 3903 τὴν
2558 3830 2781 3884 ἔκϐασιν
2804 3831 3209 3902 λαμϐανόντων,
3236 3829 3377 3897 λέγω
3398 3830 3467 3900 δὴ
3501 3830 3615 3883 τῶν
3642 3828 3755 3898 περὶ

2180 3930 2307 3993 τοὺς
2348 3930 2662 4001 Ἀσσυρίους
2684 3932 2775 3983 ἐπὶ
2815 3928 2909 3982 τοῦ
2952 3927 3191 3992 Ἐζεκίου
3222 3928 3578 4001 συμϐάντων,
3614 3927 3676 3978 ἵν’
3705 3928 3759 3977 ἐκ

2184 4026 2294 4078 τῶν
2322 4024 2550 4094 ἐγγύθεν
2576 4026 2670 4079 καὶ
2707 4026 2823 4095 μετ’
2854 4025 2915 4077 ού
2952 4025 3086 4078 πολὺ
3127 4025 3447 4094 γινομένων,
3482 4023 3597 4076 τῶν
3634 4020 3756 4093 μετᾶ

2186 4115 2431 4185 μακροὺς
2457 4113 2728 4184 ἐσομένων
2751 4115 2877 4177 τοὺς
2894 4115 3116 4184 χρόνους
3145 4114 3502 4184 παράσχηται
3536 4113 3639 4181 τὴν
3670 4111 3753 4161 πί-

2185 4221 2304 4257 στιν
2319 4219 2332 4233 °
2358 4201 2579 4273 εὔδηλον
2595 4202 2706 4273 γὰρ
2720 4202 2801 4254 ὄτι
2818 4200 2988 4255 ταῦτα
3016 4203 3385 4273 προηγόρευεν
3400 4203 3427 4253 ὁ
3457 4204 3756 4272 προφήτης.

503 4295 753 4349 ticinium
784 4307 954 4363 prope
980 4294 1124 4348 absit
1164 4292 1233 4348 ab
1266 4291 1474 4347 Ezecize
1520 4292 1704 4347 rebus.
1733 4290 1839 4347 Sed
1892 4302 2070 4348 tamen

2183 4295 2260 4357 ὡς
2297 4295 2329 4364 ή
2352 4294 2542 4356 Βίϐλος
2559 4292 2725 4363 δηλοῖ,
2745 4294 2801 4346 ἐν
2828 4294 3062 4364 ἡμέραις
3091 4293 3327 4363 Ἰωάθαμ
3348 4294 3441 4345 καὶ
3474 4295 3662 4363 ’Ᾱχαζ
3678 4292 3760 4344 καὶ

505 4394 638 4440 tunc
660 4385 1065 4455 portendebat,
1095 4393 1148 4439 et
1176 4384 1333 4453 quasi
1369 4392 1498 4438 ante
1536 4383 1704 4452 pedes
1743 4385 2080 4455 proponebat

507 4477 717 4533 exitum
746 4477 990 4532 omnium
1019 4516 1033 4539 ,
1067 4490 1255 4529 coram
1292 4476 1361 4530 iis
1392 4476 1487 4545 qui
1526 4490 1650 4531 cum
1690 4484 1815 4530 ante
1845 4491 1958 4531 rem
1992 4492 2082 4546 ge-

509 4581 649 4626 stam
678 4570 1025 4640 excepissent
1056 4567 1355 4638 prophetia:
1381 4582 1594 4635 vocem,
1633 4575 1888 4622 eventum
1923 4571 2081 4639 quasi

508 4659 819 4731 proximum
873 4658 1253 4729 aspiciebant;
1304 4661 1486 4712 utsic
1523 4658 1839 4713 ostenderet
1899 4675 2081 4715 rerum

510 4750 720 4807 Ezeciae
745 4751 1118 4817 proximarum
1145 4788 1161 4814 ,
1209 4763 1337 4804 cum
1386 4748 1497 4805 illis
1526 4747 1878 4804 Zorobabelis
1907 4751 2080 4806 multo

508 4853 632 4913 post
656 4841 878 4907 futuris,
906 4841 1319 4913 cognationem;
1347 4849 1512 4910 atque
1537 4855 1602 4894 ex
1628 4841 1875 4912 utrisque
1902 4842 2080 4912 palam

507 4936 739 5005 faceret,
760 4944 963 5007 quanta
996 4945 1142 4990 esset
1172 4935 1479 4989 divinarum
1512 4935 1940 5005 promissionum
1974 4935 2080 4991 vis.

506 5030 667 5087 Unde
695 5044 804 5084 non
833 5028 963 5082 tunc
984 5026 1362 5081 tantummodo
1384 5042 1507 5082 cum
1531 5027 1802 5084 habebant
1824 5029 2084 5086 Israelita:

509 5122 904 5179 Zorobabelem
938 5119 1133 5174 ducem
1156 5161 1171 5185 ,
1212 5119 1309 5173 sed
1337 5127 1496 5173 antea
1533 5135 1752 5191 quoque
1787 5137 1912 5176 cum
1950 5123 2084 5179 Eze-

506 5216 624 5272 cias
654 5213 789 5284 ipsis
843 5213 1219 5267 dominaretur
1255 5251 1269 5275 ,
1319 5227 1384 5266 ex
1440 5210 1533 5266 Dei
1570 5214 1938 5282 promissione
1968 5217 2084 5286 ipse

507 5309 711 5379 pariter
736 5306 1104 5377 principatum
1143 5312 1451 5368 assecutus,
1473 5312 1657 5360 tantus
1682 5309 1958 5364 exercitus
1985 5310 2084 5364 ad-

508 5415 703 5458 versus
734 5398 1041 5456 Jerusalem
1064 5397 1293 5453 veniens
1322 5397 1461 5451 nihil
1494 5398 1662 5452 valuit
1689 5398 1923 5468 edicere,
1957 5403 2085 5473 quia

581 5534 626 5565 ⁸³
660 5532 786 5590 Ose.
825 5536 959 5602 1,”.
991 5530 1040 5568 ⁸’
1077 5535 1224 5592 Psal.
1258 5549 1464 5601 cxxxn,
1494 5534 1543 5589 l.

586 5670 698 5810 E39)
723 5670 855 5725 Cod.
886 5674 1037 5727 αὑτό.

614 5740 702 5810 40)
744 5739 823 5795 Ita
853 5740 988 5797 Cod.

614 5740 702 5811 40)
744 5739 823 5795 Ita
853 5740 988 5797 Cod.

2195 4383 2456 4448 Ἐζεκίουν
2476 4383 2614 4437 ὥστε
2636 4384 2699 4437 οὑ
2726 4384 3004 4455 πόρρωθεν
3026 4386 3058 4456 ή
3078 4386 3378 4457 πρόρρησις
3398 4381 3470 4454 ἦν
3498 4384 3612 4438 τῶν
3634 4382 3759 4435 κατὰ

2184 4477 2275 4530 τὸν
2305 4473 2583 4539 Ἐζεκίανο
2608 4474 2743 4528 ἀλλὰ
2763 4474 2871 4546 γὰρ
2891 4476 3093 4546 ἐμήνυε
3121 4475 3241 4528 τότε
3278 4474 3369 4527 καὶ
3398 4473 3559 4543 παρὰ
3607 4472 3759 4531 τήδας

2190 4568 2461 4639 ἐλάμϐανε
2473 4567 2569 4638 τὴν
2589 4566 2810 4620 ἔκϐασιν
2827 4566 3061 4633 πάντων,
3084 4570 3136 4620 oi
3150 4567 3260 4637 (40)
3276 4565 3381 4636 πρὸ
3392 4564 3506 4617 τῶν
3525 4562 3762 4634 πραγμά-

2190 4678 2297 4714 των
2334 4659 2434 4729 τῆς
2476 4659 2810 4731 προφητείας
2844 4658 3031 4729 ἔτυχον
3062 4657 3369 4728 δεδεγμένοι
3401 4656 3521 4726 (41)
3568 4654 3760 4724 φωνὴν,

2188 4750 2264 4819 (p.
2300 4750 2427 4820 297)
2480 4749 2709 4820 ἐγγύθεν
2771 4749 3019 4822 ὁρώντων
3068 4751 3166 4821 τὴν
3208 4750 3431 4803 ἔκϐασιν
3459 4765 3475 4779 ο
3526 4750 3595 4802 ἵν’
3634 4748 3761 4799 οὕτω

2185 4851 2329 4921 δείξῃ
2361 4849 2470 4903 τῶν
2500 4847 2641 4902 κατὰ
2671 4846 2761 4900 τὸν
2800 4844 3045 4910 Ἐζεκίαν
3071 4840 3299 4910 ἐγγύθεν
3320 4837 3513 4897 ὄντων,
3546 4833 3681 4905 πρὸς
3706 4832 3764 4921 τὰ

2188 4940 2280 4993 τοῦ
2306 4919 2620 5009 Ζοροϐάϐελ
2666 4935 2803 5007 μετὰ
2840 4934 3005 4987 πολὺν
3040 4931 3130 4984 τὸν
3162 4929 3351 5001 χρόνον
3389 4925 3654 4994 ἐσόμενα,
3680 4919 3765 4987 τὴν

2192 5033 2506 5102 συγγένειαν
2525 5048 2538 5061 ο
2567 5030 2723 5099 δῆλόν
2750 5045 2809 5080 τε
2838 5026 2903 5079 δι’
2928 5022 3247 5095 ἀμφοτέρων
3273 5019 3477 5089 ποιήσῃ
3521 5016 3666 5085 πόση
3691 5027 3766 5072 τις

2190 5121 2256 5197 ἦν
2280 5126 2377 5195 τῆς
2405 5121 2735 5192 ἐπαγγελίας
2766 5121 2799 5189 ή
2833 5118 2984 5187 ἰσχὺς
3006 5117 3103 5186 τῆς
3130 5114 3299 5176 θείας·
3328 5113 3422 5181 ἀφ’
3458 5104 3539 5164 ὧν
3568 5111 3630 5163 οὐ
3661 5108 3766 5161 τότε

2196 5217 2352 5288 μόνον
2379 5216 2507 5287 (ὅτε)
2541 5212 2835 5282 τετύχηκεν
2861 5213 2889 5263 ὁ
2917 5209 3130 5278 Ἰσραὴλ
3162 5204 3465 5276 ἡγουμένου
3491 5201 3593 5255 τοῦ
3624 5201 3767 5270 Ζορο-

2193 5310 2377 5372 ϐάϐελ,
2403 5309 2536 5361 ἀλλὰ
2562 5308 2655 5359 καὶ
2692 5306 2952 5376 πρότερον
2988 5305 3075 5355 ὅτε
3106 5317 3210 5369 περ
3240 5300 3268 5350 ὁ
3314 5296 3570 5360 Ἐζεκίας
3602 5290 3769 5346 αὐτῶν

2191 5401 2490 5466 ἐϐασίλευε,
2516 5398 2656 5453 κατὰ
2683 5397 2780 5469 τήν
2807 5393 3135 5465 ἐπαγγελίαν
3174 5390 3273 5459 τὴν
3303 5387 3454 5440 θείαν
3489 5386 3592 5439 καὶ
3616 5380 3769 5442 αὐτὸς

2269 5670 2380 5742 (Η)
2414 5670 2551 5726 Cod.
2583 5671 2779 5739 δεδειγ.
