3954 6508
172 345 258 403 577
1092 340 1640 400 COMMENTARIUS
1679 343 1747 398 IN
1786 343 2099 401 MICIIIEE
2133 345 2284 402 CAP.
2325 347 2389 405 V.
3311 353 3414 414 378

175 471 241 531 είς
263 466 355 538 τὴν
386 465 562 539 ἀρχὴν
592 464 897 537 παρελθὼν,
938 465 1297 538 στρατοπέδου
1334 465 1434 536 μὲν
1475 464 1736 535 ἐπεληλυ-

1853 466 2086 523 clivinum
2119 468 2307 523 aderat
2343 467 2500 538 195
2527 467 2788 523 auxilium
2819 466 2867 524 ei
2917 466 3014 538 qui
3046 483 3111 523 ex
3141 466 3237 525 Dei
3286 485 3414 539 pro-

176 556 305 620 θὸτος
332 557 586 610 τοσούτου
617 560 681 629 τῇ
720 557 1095 628 Ἰερουσαλὴμ,
1116 556 1310 611 ἀνῦσαι
1335 557 1391 610 δὲ
1420 556 1737 629 δυνηθέντος

1857 557 2110 611 missione
2136 571 2363 626 regnum
2393 557 2609 612 lsraelis
2647 557 2887 613 tenebat.
2919 557 3246 627 Quanquam
3286 574 3418 613 vero

175 651 327 714 ιῦδὲν,
356 649 445 703 διὰ
478 650 538 703 τὸ
566 650 664 719 τὴν
695 650 844 703 Θείαν
874 652 1151 720 προσεῖναι
1185 649 1356 720 ῥοπὴν
1375 649 1453 720 τῷ
1481 649 1621 702 κατά
1642 648 1736 719 τὴν

1858 647 2015 701 iidetn
2065 647 2252 703 hostes
2303 647 2490 703 decem
2544 649 2784 703 tribuum
2839 664 3064 719 regnum
3116 658 3222 704 tam
3260 649 3419 703 facile

178 740 488 809 ἐπαγγελίαν
502 740 594 793 τοῦ
614 739 752 793 Θεοῦ
770 740 871 811 τὴν
894 739 1168 809 βασιλείαν
1189 738 1366 807 ἔχοντι
1387 739 1478 791 τοῦ
1505 739 1738 810 Ἰσραήλ’

1859 736 2309 808 subjugaverant,
2344 740 2704 795 nihilominus
2744 754 2867 794 cum
2910 748 3033 809 post
3066 741 3209 794 illam
3243 741 3420 793 victo-

180 834 339 886 καίτοι
366 849 431 900 γε
460 833 557 901 τῆς
586 832 694 885 τῶν
728 832 857 885 δέκα
896 830 1075 899 φυλῶν
1109 830 1384 900 βασιλείας
1414 831 1463 883 οἰ
1499 830 1649 883 αὐτοί
1677 846 1741 897 γε

1854 830 1986 884 riam
2025 829 2327 885 Jerusalem
2368 832 2574 900 egressi
2607 841 2837 895 essent,
2875 832 2945 886 ab
2987 832 3177 903 angelo
3208 830 3415 887 cladem

183 922 304 993 μετά
339 923 538 993 πολλῆς
584 924 956 994 κεκρατήκασι
993 922 1093 991 τῆς
1142 920 1458 992 εύμαρείας,
1512 920 1561 973 οἳ
1610 919 1744 991 μετά

1858 921 1991 990 passi
2027 930 2176 977 sunt.
2206 922 2557 988 Exploratum
2601 931 2686 980 est
2716 926 2860 979 enim
2904 931 3038 979 tunc
3082 940 3303 994 quoque
3334 924 3419 978 di—

178 1016 263 1082 τὴν
304 1014 423 1065 κατ’
472 1013 693 1067 ἐκείνων
736 1013 890 1084 νίκην
936 1011 1323 1080 ἐπεληλυθότες
1365 1013 1431 1082 τῇ
1480 1011 1739 1081 Ἰερουσα-

1859 1012 1989 1068 tisse
2016 1012 2184 1067 Deum
2210 1032 2224 1068 :
2260 1014 2460 1071 Urbem
2490 1014 2631 1070 hanc
2664 1023 2718 1069 et
2746 1026 2972 1085 prepter
3004 1031 3091 1071 me
3112 1024 3169 1070 et
3199 1023 3420 1086 propter

180 1106 294 1175 λήμ,
334 1104 594 1176 μεγίστην
622 1108 685 1159 ὲκ
716 1104 814 1175 τῆς
842 1105 934 1158 τοῦ
978 1103 1209 1173 ἀγγέλου
1248 1103 1462 1174 πληγῆς
1502 1102 1741 1166 ἐδέξαντο

1857 1102 2103 1159 Davidem
2158 1122 2377 1161 servum
2424 1123 2605 1163 meum
2645 1106 2975 1173 defendam;
3013 1107 3418 1173 demonstrans,

182 1197 264 1267 τὴν
288 1198 575 1269 τιμωρίαν.
609 1197 859 1250 Φαίνεται
900 1195 1007 1268 γὰρ
1049 1195 1141 1248 καὶ
1169 1197 1226 1249 ἐν
1262 1193 1489 1256 ἐκείνοις
1515 1194 1687 1261 λέγων
1719 1194 1743 1246 6

1861 1190 1988 1262 luod
2050 1195 2450 1263 promissorum
2489 1194 2678 1250 Davidi
2738 1210 2977 1259 memor,
3011 1210 3158 1250 nunc
3207 1211 3422 1266 quoque

182 1289 318 1352 Θεὸς,
351 1290 433 1340 ὅτι
482 1288 833 1359 ’Υπερασπιῶ
867 1288 965 1357 τῆς
991 1286 1195 1350 πόλεως
1208 1286 1408 1357 ταύτης
1441 1284 1509 1337 δι’
1536 1284 1635 1355 ἐμὲ
1652 1285 1743 1337 καὶ

1863 1284 1992 1339 idem
2028 1286 2307 1356 prtestabit
2326 1328 2341 1354 ,
2373 1303 2531 1357 opem
2562 1287 2808 1358 praebens
2839 1303 3062 1358 regnum
3092 1286 3424 1342 lsraelis'te-

181 1379 255 1434 διὰ
280 1379 445 1432 Δαυὶδ
482 1377 577 1432 τὸν
604 1377 789 1433 δοῦλόν
826 1395 925 1448 μου
947 1396 961 1411 σ
993 1377 1206 1441 δεικνὺς
1245 1377 1337 1437 ὅτι¹
1366 1374 1475 1429 τῶν
1512 1377 1742 1443 ἐπαγγε-

914 1395 961 1429 ισ
993 1377 1206 1441 δεικνὺς
1245 1377 1337 1437 ὅτι¹
1366 1374 1475 1429 τῶν
1512 1377 1749 1443 ὲπαγγε-
1853 1376 2026 1441 uenti,
2051 1377 2104 1431 id
2135 1385 2219 1432 est
2250 1377 2475 1434 Ezecite.

180 1475 295 1527 λιῶν
319 1472 428 1528 τῶν
452 1473 586 1543 πρὸς
614 1475 817 1526 ἐκεῖνον
852 1471 1214 1543 μεμνημένος,
1231 1469 1324 1524 καὶ
1354 1470 1423 1525 τὰ
1446 1470 1540 1523 νῦν
1577 1466 1736 1531 αὐτὸς
1765 1466 2135 1538 διαπράξεται,
2164 1470 2438 1541 συνεργῶν
2461 1470 2537 1542 τῷ
2562 1471 2685 1525 τότε
2710 1471 2811 1541 τήν
2837 1469 3108 1541 βασιλείαν
3132 1469 3304 1540 ἔχοντι
3329 1468 3424 1522 τοῦ

194 1568 416 1640 Ἰσραὴλ,
444 1569 588 1637 λέγω
612 1569 676 1640 δὴ
701 1568 779 1639 τῷ
820 1567 1055 1640 Ἐζεκία.

242 1660 389 1729 Στίχ.
427 1666 487 1722 ε’,
523 1658 946 1731 ς’.-Εἰρηκὼς
969 1658 1150 1713 τοίνυν
1184 1659 1254 1713 τὰ
1292 1657 1434 1712 κατά
1458 1657 1549 1713 τὸν
1576 1658 1737 1728 Ζορο-
1768 1662 1803 1717 Ι]

1908 1651 2077 1708 Vsus.
2103 1653 2156 1718 5,
2181 1652 2235 1707 6.
2263 1684 2331 1695 —
2359 1651 2657 1722 POSIquam
2706 1652 2889 1723 itaque
2916 1652 3148 1707 dixisset
3196 1666 3284 1706 res
3316 1649 3424 1704 Zo-

183 1751 455 1817 ϐἀϐελ,ὼς
487 1751 644 1823 ἔφην,
694 1751 977 1823 πόρρωθεν
1002 1752 1153 1816 ὄντα,
1186 1750 1499 1820 ἀναγκαίως
1538 1749 1624 1804 διὰ
1652 1749 1744 1820 τὴν

1865 1744 2132 1800 robabelis
2181 1744 2362 1800 adhuc
2389 1760 2487 1799 sua
2516 1754 2675 1800 aetate
2706 1754 2967 1808 remotas,
3012 1744 3326 1799 necessario
3356 1744 3426 1797 ob

182 1844 280 1895 τῶν
312 1843 655 1914 πραγμάτων
687 1844 1028 1912 συγγένειαν,
1072 1846 1153 1907 εἰς
1183 1844 1285 1914 τὴν
1320 1842 1414 1896 τοῦ
1456 1841 1743 1915 προκειμέ-

1865 1848 2149 1893 eventuum
2178 1837 2578 1907 cognationem,
2615 1837 2679 1891 ad
2711 1837 3105 1907 propositionis
3135 1838 3426 1892 confirma-

183 1951 264 1986 νου
316 1934 602 1996 σύστασιν,
654 1934 925 2005 μέμνηται
974 1934 1083 1989 τῶν
1134 1934 1275 1987 κατὰ
1314 1934 1406 1988 τὸν
1468 1932 1744 2003 Ἀσσύριον

1866 1930 2082 1995 tionem,
2138 1936 2402 1985 memorat
2458 1930 2857 1998 expeditionem
2914 1930 3263 2000 Assyriorum
3323 1929 3427 1984 sub

184 2026 266 2079 ἐπὶ
308 2025 406 2079 τοῦ
453 2026 693 2090 Ἐζεκίου
743 2026 1063 2096 γεγονότων,
1113 2026 1205 2079 καί
1252 2039 1450 2095 φησιν’
1502 2024 1579 2097 (p.
1623 2025 1745 2094 298)

1867 2022 2073 2087 Ezecia,
2115 2023 2301 2091 aitque
2326 2037 2338 2073 :
2361 2041 2377 2073 ι
2402 2020 2467 2075 Ει
2493 2022 2597 2076 erit
2628 2021 2744 2076 haec
2776 2037 2900 2091 pax,
2927 2022 3148 2092 quando
3170 2021 3428 2093 Assyrius

190 2136 207 2168 ι
257 2117 365 2169 Καὶ
412 2116 563 2170 ἔσται
622 2116 757 2187 αἰτη
801 2119 835 2187 ή
886 2118 1097 2188 εἰρήνη,
1149 2114 1227 2169 ὅτ’
1270 2115 1336 2169 ἂν
1381 2116 1410 2167 6
1469 2114 1751 2185 Ἀσσύριος

1868 2111 2068 2166 venerit
2092 2110 2144 2164 in
2174 2118 2377 2165 terram
2401 2119 2662 2175 vestram,
2696 2120 2749 2167 et
2780 2112 2999 2182 quando
3034 2112 3344 2168 ascenderit
3373 2114 3429 2165 in

185 2208 378 2281 ἐπέλθῃ
404 2208 496 2261 ἐπὶ
522 2208 619 2279 τὴν
644 2208 748 2277 γῆν
771 2208 945 2278 ὑμῶν,
982 2208 1078 2261 καὶ
1102 2208 1181 2261 ὅτ’
1212 2207 1276 2261 ἂν
1310 2205 1490 2277 ἀποϐῇ
1531 2207 1624 2259 ἐπὶ
1652 2208 1746 2278 τὴν

1870 2202 2145 2273 regionem
2166 2212 2430 2257 vestram.
2459 2221 2477 2255 ι
2518 2202 2675 2270 Quod
2711 2203 3005 2274 aliquando
3055 2203 3217 2259 faciet
3246 2203 3431 2257 Domi-

186 2299 353 2369 χὼραν
389 2298 561 2368 ὑμῶν.
612 2318 631 2351 r
669 2298 839 2351 Τοῦτο
866 2299 975 2370 γὰρ
1014 2298 1100 2369 δὴ,
1135 2299 1320 2368 φησὶν,
1348 2298 1484 2369 ὅπερ
1515 2298 1637 2351 τότε
1664 2298 1747 2352 διὰ

1868 2308 1964 2347 nus
1991 2307 2088 2362 per
2115 2291 2529 2360 Zorobabelem,
2564 2302 2776 2347 tantum
2807 2293 3007 2350 sedans
3032 2294 3256 2359 bellum,
3298 2294 3429 2348 vali-

182 2390 269 2444 τοῦ
310 2389 616 2460 Ζοροϐάϐελ
666 2391 963 2461 πεποίηκεν
994 2393 1022 2443 6
1068 2390 1218 2453 Θεὸς,
1266 2389 1479 2452 παύσας
1518 2390 1616 2460 μὲν
1659 2407 1743 2443 το-

1870 2385 2092 2455 iamque
2120 2400 2308 2455 pacem
2345 2386 2463 2442 suis
2493 2386 2833 2454 concedens;
2886 2386 2940 2441 id
2963 2387 3141 2455 ipsum
3171 2386 3263 2439 illo
3294 2394 3431 2441 tem-

186 2481 365 2535 σοῦτον
417 2481 673 2551 πόλεμον,
725 2482 946 2552 εἰρήνην
982 2481 1038 2533 δὲ
1088 2482 1314 2552 ἰσχυρὰν
1358 2481 1601 2544 δεδωκὼς
1643 2485 1747 2545 τοῖς

1873 2492 1992 2546 pore
2013 2477 2176 2532 nobis
2199 2477 2509 2547 propinquo
2528 2478 2711 2541 faciet,
2734 2478 2956 2547 quando
2973 2478 3230 2548 Assyrius
3257 2476 3434 2532 veniet

184 2573 422 2635 οἰκείοις,
461 2572 617 2625 τοῦτο
667 2572 731 2643 δὴ
783 2572 877 2625 καὶ
925 2573 1047 2625 κατ’
1078 2575 1283 2626 ἐκεῖνον
1327 2574 1619 2642 ἐργάσεται
1663 2575 1745 2627 τὸν

1871 2576 2051 2622 contra
2084 2566 2461 2622 Hierusalem:
2498 2576 2629 2623 tunc
2678 2569 2824 2623 enim
2853 2568 3180 2623 mirabiliter
3231 2576 3432 2622 tantam

186 2665 369 2736 καιρὸν
406 2667 522 2735 μετ’
551 2664 778 2739 ούηπολὺ
803 2665 1186 2735 γενησόμενον,
1210 2665 1445 2736 ὁπηνίκα
1474 2666 1538 2720 ἂν
1567 2669 1595 2720 ό
1629 2666 1747 2719 Ἀσ-

1875 2659 2166 2730 ποῦίεοὺίι
2210 2660 2659 2716 multitudinem:
2705 2662 3037 2732 insperatam
3090 2669 3268 2715 autem
3320 2660 3436 2716 suis

187 2756 364 2828 σύριος
398 2756 597 2827 ἐπέλθῃ
623 2758 687 2828 τῆ
737 2755 1123 2827 Ἰερουσαλήμ·
1154 2759 1276 2811 τότε
1316 2758 1426 2830 γάρ
1465 2758 1529 2830 δὴ
1578 2776 1748 2830 παρα-

1875 2752 2125 2808 :oncedct
2155 2768 2367 2823 pacem,
2409 2753 2602 2809 Ezecia
2637 2764 2920 2826 regnante,
2955 2771 3021 2810 ex
3052 2753 3272 2808 Davidis
3306 2768 3436 2809 suc-

185 2849 343 2913 δόξως
374 2848 477 2919 μὲν
499 2848 557 2900 τὸ
583 2848 804 2901 τοσοῦτο
828 2847 1167 2920 τροπώσεται
1197 2848 1429 2920 πλῆθος·
1456 2851 1746 2923 παράδοξοι

1877 2846 2200 2909 :essoribus,
2238 2846 2538 2900 secundum
2567 2846 2807 2901 divinam
2838 2847 3280 2916 promissionem.
3315 2843 3438 2898 Mox

186 2940 236 2994 δὲ
268 2943 381 3003 τοῖς
421 2940 639 3005 οἰκείοις
664 2940 888 3013 παρέξει
918 2940 1017 3010 τὴν
1042 2941 1285 3012 είρήνην,
1327 2941 1563 3005 Ἐζεκίου
1600 2942 1747 3013 βασι-

1878 2934 2046 2989 :'utura
2068 2936 2288 2991 dicens:
2311 2953 2329 2987 ι
2350 2934 2416 2989 Ει
2445 2936 3058 3007 consurgentadversus
3081 2951 3205 2991 eum
3231 2943 3439 3005 septem

186 3032 432 3098 λεύοντος
457 3035 521 3087 ὲκ
556 3033 656 3103 τῆς
687 3011 779 3085 τού
818 3032 981 3086 Δαυὶδ
1010 3011 1258 3103 διαδοχῆς
1287 3034 1428 3087 κατά
1458 3033 1555 3104 τὴν
1586 3011 1747 3103 ἑπαγ-

1879 3035 2134 3090 zastores,
2196 3037 2252 3081 et
2298 3035 2424 3081 octo
2469 3041 2688 3083 morsus
2723 3026 3040 3080 hominum.
3096 3024 3161 3078 Et
3214 3030 3440 3095 pasccnt

187 3126 367 3194 γελίαν
414 3127 515 3196 τὴν
552 3124 720 3180 θείαν.
759 3120 893 3177 Εἶτα
941 3124 1114 3193 λέγων
1156 3126 1223 3178 τά
1267 3125 1533 3195 ἐσόμενα·
1579 3144 1598 3176 ι
1650 3126 1748 3179 Kal

1879 3117 2147 3188 lssyrium
2201 3117 2255 3171 in
2288 3118 2490 3188 gladio,
2547 3125 2601 3173 et
2647 3125 2847 3172 terram
2877 3116 3113 3172 Nebrodi
3174 3116 3230 3169 in
3284 3116 3440 3169 fovea

186 3216 644 3286 ὲπεγερθήσονται
678 3213 765 3267 ἐπ’
797 3215 961 3269 αὑτὸν
998 3215 1135 3268 ὲπτά
1170 3214 1446 3285 ποιμένες,
1486 3214 1582 3268 καὶ
1617 3215 1747 3268 ὀκτιὶ

1877 3207 2004 3276 ejus.
2031 3226 2050 3259 ι
2088 3205 2305 3276 Septem
2336 3215 2606 3277 pastores,
2634 3213 2687 3261 et
2715 3214 2840 3261 octo
2880 3221 3101 3260 morsus
3133 3204 3438 3266 hominum,

187 3304 444 3376 δήγματα
493 3304 827 3376 ἀνθρώπων
881 3305 975 3358 καὶ
1022 3305 1343 3376 ποιμανοῦσι
1383 3306 1475 3359 τὸν
1532 3307 1748 3377 Ἀσσοὺε

1881 3298 2172 3353 'abulosius
2237 3298 2490 3352 nonnulli
2561 3297 2966 3359 intellexerunt,
3038 3297 3162 3350 dum
3233 3304 3442 3363 septem

186 3400 241 3449 ἐν
275 3397 546 3468 ῥομφαίᾳ.
576 3397 670 3450 καὶ
711 3397 807 3467 τὴν
832 3398 937 3467 γῆν
970 3396 1065 3450 τοῦ
1093 3396 1318 3468 Νεϐρὼδ
1356 3399 1415 3450 ὲν
1459 3400 1525 3468 τῇ
1570 3398 1747 3469 rdicqu

1878 3401 2137 3461 pastores,
2175 3399 2382 3459 septem
2418 3397 2708 3443 numerant
2737 3388 3062 3457 prophetas;
3102 3397 3229 3440 octo
3259 3392 3439 3438 autem

186 3490 374 3558 αὐτῆς.
423 3510 441 3542 ι
473 3490 565 3556 Τὸ,
601 3506 622 3539 ι
661 3490 797 3543 ἐπ’τά
825 3490 1078 3559 ποιμένες
1109 3491 1203 3545 καὶ¹
1231 3490 1374 3545 ὀκτὼ
1397 3492 1649 3563 δήγματα
1668 3494 1747 3545 ἀν⁴

1882 3496 2106 3548 uorsus,
2151 3481 2398 3537 Ezeciam
2427 3496 2547 3536 cum
2584 3481 2700 3535 suis
2748 3479 2899 3549 regni
2929 3477 3269 3533 administris
3320 3489 3443 3529 esse

187 3577 447 3649 θρώπων,
506 3595 527 3629 ι
580 3576 981 3648 μυθωδέστερόν
1029 3594 1174 3641 τινες
1222 3579 1567 3648 νενοήκασιν·
1627 3577 1748 3631 ἐπτὲ

1879 3574 2076 3629 nentes
2098 3591 2113 3642 ;
2137 3589 2263 3627 nam
2289 3588 2389 3628 nec
2414 3572 2508 3643 qui
2534 3573 2643 3627 sint
2664 3571 2719 3625 hi
2742 3579 2887 3633 octo,
2914 3570 3099 3624 dicere
3121 3576 3440 3638 potuerunt,

190 3670 288 3739 μὲν
343 3667 639 3739 ποιμένας,
685 3670 969 3739 προφήτας
1004 3668 1363 3741 ἀριθμοῦντες
1399 3669 1571 3723 ἐπτά·
1623 3670 1751 3723 ὀκτὰ

1879 3666 2091 3735 solaque
2137 3664 2518 3719 adﬁrmatione
2550 3662 2787 3718 sermoni
2836 3676 2938 3716 suo
2979 3661 3135 3715 fidem
3171 3659 3440 3714 fecerunt.

184 3762 239 3814 δὲ
290 3762 588 3832 δήγματα,
658 3760 904 3824 Ἐζεκίαν
960 3760 1099 3831 μετά
1145 3761 1253 3814 τῶν
1312 3762 1745 3832 ὑπηρετουμένωε

1883 3755 2029 3822 Quod
2060 3756 2105 3810 si
2142 3769 2330 3810 revera
2374 3754 2442 3809 de
2482 3753 2634 3824 regni
2663 3751 3005 3806 administris
3054 3752 3293 3819 cogitare
3321 3748 3444 3818 quis

187 3852 329 3923 αὐτῷ
361 3854 505 3925 πρὸς
532 3855 633 3923 τὴν
662 3851 953 3921 βασιλείαν,
983 3852 1268 3919 λέγοντες*
1306 3852 1401 3916 οὓς
1437 3853 1544 3907 οὐδ’
1574 3853 1739 3906 οἶτινέ

1883 3850 2019 3912 velit,
2057 3848 2230 3902 multo
2260 3847 2445 3916 plures
2483 3860 2646 3915 quam
2678 3852 2804 3898 octo
2828 3859 2949 3898 esse
3000 3850 3277 3913 poterunt.
3339 3838 3444 3893 Sed

185 3934 320 3998 εἰσιν
348 3945 401 3998 οἱ
434 3942 582 3997 ὀκτὼ
604 3943 912 4013 δεδύνηνται
941 3942 1141 4012 λέγειν,
1168 3944 1440 4012 ἀποφάσει
1476 3943 1532 3996 δὲ
1565 3943 1656 3996 τὸν
1683 3942 1743 3995 λό

1884 3941 2037 4011 [96
2061 3940 2206 3994 enim
2238 3954 2395 3993 error
2421 3937 2510 3992 his
2532 3938 2627 4007 qui
2658 3937 2733 3990 ita
2759 3937 3089 4006 cogitarunt,
3128 3935 3249 3987 ideo
3288 3933 3445 3985 obre-

185 4050 281 4101 γον
315 4033 697 4087 ἐπιστώσαντο
726 4033 818 4088 τὸν
856 4035 1080 4086 οἰκεῖον⁶
1120 4034 1170 4086 εἰ
1208 4033 1265 4085 δὲ
1303 4034 1428 4096 τοὺς
1470 4034 1741 4104 ὑπηρέτου

1882 4034 2000 4103 psit,
2038 4032 2167 4101 quia
2211 4046 2323 4085 non
2361 4030 2712 4084 considerato
2744 4028 2943 4083 divinm
2972 4026 3270 4095 Scriptura:
3305 4023 3443 4078 idio‘

188 4124 387 4193 μένους
441 4126 512 4193 τῇ
563 4122 808 4193 βασιλείᾳ
856 4140 941 4187 τις
995 4122 1173 4192 λέγειν
1212 4123 1405 4190 ἐθέλοι,
1456 4125 1547 4177 καὶ
1591 4124 1749 4195 πολλᾷ

1884 4125 2052 4188 .istno,
2111 4123 2286 4178 coacti
2344 4131 2471 4177 sunt
2502 4118 2715 4176 fabulas
2767 4120 3077 4188 confingere
3130 4118 3323 4179 aniles,
3384 4123 3445 4169 ut

185 4214 409 4277 πλείους
425 4213 538 4267 τῶν
555 4214 697 4266 ὀκτὼ
716 4213 966 4282 γενέσθαι
987 4214 1113 4287 δυνή
1122 4231 1323 4269 σονται.
1351 4214 1425 4285 (p.
1448 4214 1571 4286 999)
1612 4216 1746 4269 Ἀλλι

1885 4217 2078 4288 ιΙὶιιυὶιι
2108 4216 2291 4271 dicere
2316 4214 2655 4270 viderentur.
2713 4212 2807 4269 Est
2856 4222 3034 4266 autem
3067 4211 3265 4265 divinae
3295 4208 3446 4264 Scri-

182 4304 460 4375 πεποίηκε
507 4303 606 4375 τήν
647 4304 853 4375 πλάνην
908 4308 1022 4368 τοῖς
1074 4306 1216 4359 οὕτω
1268 4306 1565 4376 νενοηκόσι,
1594 4307 1656 4360 τὸ
1696 4309 1743 4378 μὲ

1881 4318 2046 4381 pturaa
2097 4308 2432 4372 idiotismus,
2488 4305 2789 4376 perfectum
2832 4319 3118 4359 numerum
3170 4301 3442 4357 interdum

182 4396 321 4465 πρὸς
358 4395 427 4447 τὸ
466 4393 662 4465 ἰδίωμα
702 4394 801 4466 τῆς
834 4395 983 4460 θείας
1016 4396 1234 4467 Γραφῆς
1273 4398 1506 4463 ἀπιδεῖν,
1530 4400 1743 4467 ἀναγκα

1886 4401 2148 4472 appellare
2175 4398 2544 4469 scptenarium
2571 4415 2587 4464 ;
2614 4396 2879 4467 quidquid
2909 4405 3086 4450 autem
3111 4396 3251 4448 ultra
3276 4405 3447 4463 septe-

183 4485 383 4556 σθῆναι
413 4485 472 4538 δὲ
504 4484 750 4539 ἐντεῦθεν
790 4486 993 4556 μύθους
1021 4488 1327 4543 ἀναπλάσαι
1361 4489 1646 4559 γραώδεις,
1689 4491 1744 4544 ἴνε

1883 4487 2086 4547 narium
2145 4497 2251 4557 est,
2310 4504 2409 4561 pro
2446 4504 2689 4545 excessu
2739 4489 2963 4542 habere.
3025 4486 3158 4541 Nam
3193 4486 3319 4549 quia
3351 4500 3444 4539 sex

180 4596 233 4633 τι
275 4580 483 4644 δόξωσι
523 4579 721 4649 λέγειν.
765 4579 981 4651 ’ἰδίωμα
1007 4579 1065 4633 δέ
1094 4583 1210 4635 ἐστι
1243 4582 1340 4652 τῆς
1368 4582 1516 4645 θείας
1555 4583 1740 4655 Γραφῆ

1887 4584 2066 4639 liebus
2114 4582 2247 4639 fecit
2286 4580 2431 4638 Deus
2464 4581 2663 4636 caelum
2710 4588 2766 4635 et
2817 4587 3045 4643 terram,
3112 4588 3165 4633 et
3214 4577 3448 4647 septimo

180 4671 241 4723 τὸ
284 4671 385 4725 τὸν
415 4671 625 4725 τέλειον
672 4672 906 4744 ἀριθμὸν
949 4673 1120 4725 ἐνίοτε
1159 4673 1345 4727 καλεῖν
1394 4675 1570 4728 ὲπτά’
1608 4676 1669 4729 τὸ
1715 4676 1741 4728 6

1887 4675 2132 4745 'equievit
2165 4674 2357 4745 (quare
2394 4681 2448 4729 et
2484 4671 2658 4727 Judaei
2695 4672 2835 4725 hanc
2874 4671 2944 4725 ob
2982 4685 3204 4725 causam
3232 4670 3286 4722 in
3318 4668 3448 4747 sab-

180 4762 326 4833 ύπὲρ
354 4763 544 4827 τοῦτο,
588 4763 704 4817 ἀνθ’
742 4763 1045 4834 ὑπερϐολῆς
1077 4764 1405 4833 λαμϐάνειν·
1448 4766 1632 4836 ἐπειδὴ
1663 4767 1733 4833 γά

1886 4776 1997 4822 lato
2028 4766 2327 4835 otiantur);
2358 4772 2507 4820 totus
2539 4772 2718 4818 autem
2756 4763 2968 4817 dierum
3009 4775 3275 4816 numerus
3305 4762 3447 4813 intra

178 4855 238 4908 ἐν
269 4854 333 4919 ἐξ
375 4854 622 4925 ἡμέραις
651 4856 907 4927 ἐποίησεν
935 4856 964 4907 ό
994 4855 1125 4920 Θεὸς
1165 4856 1255 4909 τὸν
1281 4857 1508 4927 οὐρανὸν
1547 4858 1641 4910 καὶ
1677 4859 1739 4928 τὴ

1892 4875 1977 4914 ιοο
2011 4858 2384 4928 septenarium
2414 4856 2619 4911 revolvi
2653 4855 2813 4917 solet,
2847 4854 3063 4908 cunctis
3098 4867 3126 4905 a
3158 4853 3336 4922 primo
3367 4853 3450 4905 in-

178 4946 306 5016 γῆν,
331 4948 404 5016 τῇ
434 4946 494 4999 δὲ
520 4945 721 5016 ἑϐδόμῃ
743 4947 1084 5000 κατέπαυσεν
1116 4945 1279 5013 (ὥστε
1304 4949 1398 5000 καὶ
1418 4949 1607 5019 ἀργεῖν
1647 4948 1739 5001 ’1ου

1886 4950 2229 5021 :ipientibus,
2269 4959 2325 5005 et
2359 4950 2413 5003 in
2452 4948 2747 5019 septimum
2779 4945 3191 5011 desinentibus;
3241 4952 3295 4998 et
3325 4953 3447 5013 post

178 5037 365 5101 δαίους
390 5038 460 5090 τὸ
504 5037 772 5093 σάϐϐατον
809 5039 897 5093 διά
927 5039 1131 5109 ταύτην
1160 5041 1260 5111 τὴν
1293 5041 1513 5111 αἰτίαν),
1548 5040 1693 5105 ἄπας
1718 5058 1739 5093 τ

1884 5042 2270 5097 hebdomadam
2297 5041 2477 5096 denuo
2505 5039 2573 5093 ad
2596 5038 2831 5108 primum
2866 5022 3312 5101 recurrentibus;
3348 5038 3445 5088 hac

176 5129 206 5178 6
242 5128 358 5182 τῶν
408 5128 637 5199 ἡμερῶν
683 5130 914 5201 ἀριθμὸς
952 5132 1010 5183 ὲν
1050 5134 1168 5193 ταῖς
1199 5132 1337 5185 ὲπτά
1374 5132 1601 5196 ταύταις
1645 5134 1737 5186 ἀνα

1881 5133 1944 5188 de
1974 5147 2141 5187 causa
2170 5132 2355 5187 divina
2387 5128 2695 5200 Scriptura,
2726 5136 2931 5196 septem
2962 5128 3196 5197 appellat
3224 5126 3275 5179 id
3301 5126 3442 5195 quod

176 5219 531 5273 κυκλοῦσθαι
558 5220 738 5285 εἴωθε,
774 5223 991 5276 πάντων
1024 5223 1341 5293 ἀρχομένων
1376 5224 1475 5292 μὲν
1500 5223 1607 5275 ἀπὸ
1626 5222 1737 5294 πρά

1879 5233 1962 5280 est
1992 5224 2293 5293 pet-fectum
2342 5229 2396 5278 et
2423 5221 2733 5277 absolutum
2761 5237 2776 5287 ;
2831 5226 2954 5273 octo
2983 5225 3183 5282 autem,
3219 5226 3279 5270 ut
3308 5217 3440 5278 dixi,

174 5328 298 5382 της,
334 5310 627 5382 ληγόντων
650 5312 706 5364 δὲ
737 5314 816 5376 εἰς
840 5311 938 5383 τὴν
969 5313 1222 5383 ἑϐδόμην,
1255 5313 1390 5382 μετά
1412 5312 1466 5364 δὲ
1492 5312 1591 5383 τὴν
1620 5313 1769 5366 ὲϐδό-
1873 5331 2183 5372 excessum.

178 5425 314 5480 μην,
358 5404 532 5470 αὖθις
566 5409 658 5461 ἐπὶ
695 5408 793 5479 τὴν
836 5408 1060 5481 πρώτην
1095 5410 1535 5480 ιίινατρεχόντων⁶
1590 5412 1681 5466 διά
1735 5414 1937 5485 ταύτην
1978 5415 2012 5484 ἡ
2073 5414 2192 5466 θεία
2224 5412 2415 5486 Γραφὴ
2464 5411 2563 5483 τὴν
2610 5408 2808 5474 αἰτίαν,
2860 5403 2996 5459 ὲπτά
3033 5405 3131 5475 μὲν
3159 5404 3218 5457 τὸ
3249 5402 3445 5455 τέλειαι

176 5501 271 5555 καὶ
299 5501 726 5571 ἀπηρτισμένον
755 5500 931 5565 καλεῖ,
958 5500 1099 5554 ὀκτὼ
1124 5501 1201 5567 δὲ,
1239 5502 1313 5565 ὡς
1339 5499 1512 5571 εἷπον,
1541 5504 1640 5573 τὴν
1662 5505 1987 5577 ὑπερϐολήν.

249 5589 459 5653 Οὕτως
486 5592 513 5643 ό
531 5590 663 5655 Θεὸς
689 5592 832 5661 λέγει
857 5592 938 5656 τὸ,
966 5612 985 5643 ‹
1024 5592 1195 5645 Ἐπτά
1225 5593 1581 5665 ἐκδικούμενα
1612 5612 1782 5667 παρα-

1959 5594 2033 5649 Ιτιι
2076 5594 2219 5652 Deus
2258 5595 2372 5649 ait:
2436 5612 2453 5645 ι
2482 5590 2698 5663 Septem
2748 5590 3014 5646 vindictas
3069 5586 3396 5646 exsolvet”.
3424 5604 3444 5639 ι

251 5770 301 5801 ⁹⁹
326 5768 484 5825 Gen.
512 5784 584 5836 tv,
616 5770 702 5825 15.
