3824 6512
482 313 586 369 579
1584 370 1593 377 .
1689 327 2037 388 'rqunonl
2070 298 2551 393 MOPSUESTENI
3584 350 3665 407 τεο

488 433 558 490 Ut
597 436 777 492 dicat:
826 436 929 505 Qui
971 440 1238 497 occiderit
1267 443 1419 499 illum
1449 446 1520 502 ob
1554 460 1766 504 summa
1793 452 1998 506 crimin;

2157 455 2330 509 λύσει·
2346 471 2365 506 t
2386 457 2473 510 ἴνα
2494 457 2643 528 εἴπῃ,
2667 458 2747 511 ὅτι
2768 459 2796 511 6
2812 458 3048 530 ἀναιρῶν
3073 460 3233 515 αὐτὸν
3252 461 3389 535 ὑπὲρ
3403 463 3667 534 ἀνηκέστων

482 526 775 581 maximam
799 528 1034 597 aliquam
1078 530 1400 602 plenamque
1425 535 1529 605 ipsi
1560 536 1871 606 impositam
1899 555 1992 594 con

2159 548 2532 616 πταισμάτων,
2563 526 2823 619 μεγίστην
2850 526 2973 603 τινά
3008 552 3101 605 καὶ
3124 526 3523 626 ἀπηρτισμένην
3553 559 3669 629 αὐτῷ

482 617 726 684 perietur
786 632 1002 688 poenam
1062 622 1392 691 persolvere.
1473 624 1663 681 Simile
1714 628 1845 697 quid
1909 644 1992 699 api

2161 639 2423 706 τιμωρίαν
2474 617 2828 710 ἐπικειμένην
2867 617 3428 713 εὑρεθήσεται-’λύων
3476 617 3671 704 τοιοῦτόν

482 706 867 763 Ecclesiastem
891 728 903 762 :
945 728 963 760 ι
988 708 1065 764 Da
1093 721 1298 781 partem
1323 722 1552 785 septem,
1580 718 1691 773 imo
1711 732 1764 775 et
1792 728 1916 776 octo
1936 724 1978 754 ⁹¹

2161 730 2274 781 ἑστι
2315 729 2409 782 καὶ
2456 706 2714 802 παρά
2755 706 3148 806 Ἐκκλησιαστῇ
3181 738 3239 790 τό
3266 753 3278 766 ⁸
3317 755 3335 788 (
3384 737 3478 801 Δὸς
3521 741 3671 811 μερίδα

485 795 558 851 Ut
584 798 757 853 dicat:
788 798 1020 857 Abunde
1043 803 1225 858 tribue
1255 804 1647 875 indigentibus,
1679 819 1733 864 et
1758 827 1826 866 ne
1850 827 1995 867 renu:

2163 819 2267 881 τοῖς
2295 819 2452 881 ὲπτά,
2501 795 2593 872 καί
2618 795 2697 887 γε’
2722 822 2835 884 τοῖς
2874 795 3180 878 ὀκτὼηίνα
3226 824 3373 899 εἴπῃ,
3419 795 3673 900 Φιλότίμως

482 886 587 941 hac
619 887 672 942 in
716 904 775 944 re
794 890 1082 947 excedere.
1114 893 1254 948 Hinc
1294 896 1487 953 beatus
1515 898 1742 957 Petrus:
1787 922 1805 954 ι
1828 903 1988 969 Quoti

2164 907 2294 960 δίδου
2348 912 2459 973 τοῖς
2501 886 2793 980 δεομένοις,
2869 911 3001 982 μηδὲ
3047 886 3504 990 ὑπερϐολῇψπερὶ

483 978 537 1031 in
570 993 655 1033 me
689 982 935 1050 peccabit
966 982 1132 1038 frater
1160 1002 1334 1051 meus,
1379 997 1436 1043 et
1459 989 1725 1047 dimittam
1774 995 1892 1049 illi?
1921 1013 1991 1051 nu

2162 998 2391 1067 χρῆσθαι
2437 978 2901 1071 παραιτούμενος-⁸
2932 978 3199 1059 -ὲντεῦθέν
3241 1009 3269 1059 6
3290 978 3563 1080 ’,μακάριος
3594 1012 3672 1083 ἔφη

484 1085 660 1140 usque
694 1074 894 1143 septies
914 1076 987 1130 οη
1011 1096 1028 1128 ι
1061 1081 1430 1147 septenarium
1453 1083 1640 1139 dicens
1666 1102 1953 1142 numerum
1993 1107 1994 1112 π

2164 1090 2395 1160 Πέτρος·
2443 1110 2462 1143 ι
2502 1092 2760 1154 Ποσάκις,
2808 1092 2905 1146 ὲάν
2930 1095 3144 1167 ἁμάρτῃ
3177 1099 3255 1160 είς
3297 1074 3397 1169 ἐμὲ
3432 1074 3674 1170 δ’ἀδελφός

485 1160 861 1219 sufﬁcientem.
887 1167 1057 1231 Quem
1076 1170 1142 1223 ab
1163 1185 1227 1226 eo
1247 1186 1573 1243 magnopere
1595 1178 1843 1246 superari
1865 1180 1995 1234 volet

2165 1195 2282 1247 μου,
2301 1180 2495 1249 ἀφήσω
2526 1180 2694 1251 αύτῷ;
2716 1180 2820 1245 ἕως
2857 1160 3085 1247 ἐπτάκίς
3101 1160 3162 1249 ς’.»
3189 1187 3264 1250 ὠς
3289 1160 3586 1260 ἀρκοῦντος,
3608 1194 3675 1243 τὸν

484 1249 769 1319 Dominus,
787 1256 1027 1313 subdidit
1044 1259 1217 1315 :tNon
1239 1261 1363 1317 dico
1387 1265 1486 1319 tibi
1514 1281 1685 1335 usque
1711 1269 1933 1336 septies,
1958 1288 1994 1326 St

2163 1270 2357 1324 τέλειον
2386 1270 2554 1324 εἰπὼν
2582 1249 2811 1343 ἀριθμόν
2830 1288 2841 1299 ⁸
2887 1273 2947 1333 ὃν
2993 1276 3296 1346 ὑπερϐῆναι
3326 1249 3469 1333 κατά
3511 1249 3673 1353 πολλὴν

485 1359 664 1415 usque
719 1350 1027 1418 septuagics
1053 1346 1304 1416 septies.»
1325 1355 1622 1413 Cousimile
1652 1360 1906 1428 quiddam
1964 1363 1995 1415 lt

2167 1361 2471 1430 περιουσίαν
2494 1359 2813 1430 βουλόμενος
2829 1363 2856 1413 6
2877 1360 3096 1432 Κύριος,
3121 1365 3366 1435 ἐπήγαγε
3390 1368 3468 1432 τὸ,
3498 1373 3563 1437 (p.
3580 1346 3677 1439 ὅθθ)

486 1451 707 1506 quoque
729 1437 882 1496 dicit.
929 1439 1173 1510 Namque
1202 1444 1486 1514 Assyrium
1518 1464 1641 1502 cum
1674 1455 1914 1506 exercitu
1951 1470 1996 1508 ει

2163 1470 2182 1502 ι
2232 1451 2305 1503 Οὐ
2339 1450 2480 1519 λέγω
2520 1468 2599 1504 σοι
2629 1451 2731 1515 ἓως
2765 1453 3009 1518 ἑπτάκις,
3054 1455 3164 1508 ἀλλ’
3196 1458 3301 1521 ἓως
3329 1437 3673 1532 ἐόδομηκοντάξ

487 1526 886 1593 advenientem,
928 1547 1121 1600 magna
1150 1544 1310 1603 atque
1340 1539 1660 1606 gravissima
1688 1545 1866 1611 angeli
1892 1546 1997 1598 min

2171 1560 2244 1605 ιιις
2269 1543 2427 1595 ἑπτά.
2473 1562 2491 1594 ι
2531 1542 2750 1597 Τοιοῦτο
2784 1545 2847 1615 δή
2883 1562 2935 1598 τι
2976 1548 3251 1603 κάνταῦθά
3301 1526 3465 1622 φησιν
3478 1526 3681 1622 ’γέπεληι

488 1617 656 1673 sterio
681 1617 911 1674 irrctivit
935 1619 1077 1676 Deus
1109 1624 1429 1692 punitione:
1468 1630 1654 1684 multis
1682 1633 1826 1685 cnim
1884 1633 1995 1689 inte

2167 1632 2351 1685 λυθότα
2380 1631 2485 1704 γὰρ
2514 1632 2604 1684 τὸν
2643 1633 2923 1704 Ἀσσύριον
2958 1637 3093 1705 μετά
3120 1639 3212 1690 τοῦ
3245 1617 3588 1710 στρατοπέδου
3607 1617 3677 1695 τά]

486 1707 663 1771 fectis,
696 1708 751 1762 in
788 1709 967 1780 fugam
999 1728 1058 1768 se
1082 1716 1276 1784 reliqui
1307 1718 1691 1788 conjecerunt;
1724 1732 1776 1777 et
1807 1724 1993 1780 locoru

2169 1726 2377 1788 δίκείου,
2432 1723 2637 1793 μεγάλῃ
2701 1723 2797 1793 μέν
2843 1741 2947 1777 τινι
2994 1728 3085 1779 καὶ
3134 1707 3441 1803 βαρυτάτῃ,
3491 1732 3568 1784 διὰ
3606 1734 3679 1803 τῆς

486 1800 682 1856 incolis
701 1800 878 1857 facilis
905 1806 1081 1873 praeda
1109 1807 1309 1871 effecti,
1330 1821 1579 1866 sexcenta
1602 1817 1746 1882 passi
1775 1826 1901 1872 sunt
1926 1834 1996 1872 mt

2170 1814 2456 1884 5πουργίας
2484 1812 2576 1867 τοῦ
2610 1814 2862 1882 ἀγγέλου,
2899 1800 3292 1889 περιϐέϐληκεν
3326 1821 3356 1871 ὁ
3380 1800 3596 1892 -Θεὸςτῇ
3621 1800 3680 1875 τι·

489 1890 719 1945 tifariam
750 1894 887 1947 mala
917 1906 1079 1965 atque
1116 1912 1146 1951 a
1178 1902 1383 1967 multis,
1423 1902 1552 1957 dum
1593 1906 1867 1976 fugientes
1897 1910 1999 1965 faci

2170 1906 2342 1978 μωρίᾳ
2362 1921 2373 1933 ·
2410 1905 2619 1959 πολλῶν
2648 1906 2703 1958 δὲ
2736 1906 3143 1978 ἀναιρεθέντων,
3174 1912 3252 1974 είς
3282 1914 3457 1981 φυγήν
3482 1931 3534 1965 τε
3556 1890 3680 1982 ἐτρά-

488 1978 779 2036 admodum
822 1985 1186 2051 adorirentur,
1220 2000 1273 2044 et
1293 1992 1662 2062 deprehensos
1714 2000 1998 2057 occideren

2169 2014 2338 2069 πησαν
2366 1998 2413 2049 οί
2441 1996 2634 2060 λοιποὶ,
2672 1997 2767 2050 καὶ
2794 2001 2906 2062 τοῖς
2935 2000 3077 2052 κατά
3100 2001 3294 2065 τόπους
3335 2004 3581 2057 εὐάλωτοι
3612 2022 3679 2072 γε·

486 2069 769 2129 Postrcmo
797 2079 963 2131 multa
995 2094 1117 2133 cum
1167 2082 1465 2152 ignominia
1497 2104 1588 2143 rex
1621 2105 1807 2147 eorum
1837 2094 1904 2147 ad
1934 2110 1996 2164 pr

2170 2089 2395 2157 γονότες,
2436 2088 2663 2141 πλεῖστα
2698 2090 2798 2141 ὅσα
2828 2091 3164 2145 πεπόνθασιν
3213 2094 3270 2146 έν
3312 2094 3576 2166 διαφόροις
3611 2099 3680 2148 καὶ

488 2159 662 2229 priam
693 2164 954 2219 ditionem
986 2184 1261 2232 reversus,
1295 2189 1324 2227 a
1349 2175 1534 2231 liberis
1556 2180 1670 2233 suis
1698 2181 1998 2251 interempti

2171 2180 2310 2250 παρὰ
2341 2179 2633 2251 διαφόρων,
2674 2180 2782 2233 τῶν
2818 2181 2894 2245 ὡς
2938 2181 3003 2235 ἂν
3034 2183 3292 2252 φεύγουσι
3343 2159 3485 2255 μετὰ.
3520 2186 3681 2255 πολλῆς

487 2251 621 2305 fuit:
660 2262 717 2307 ut
753 2258 1092 2324 exploratum
1132 2263 1289 2333 197
1324 2266 1415 2331 sit,
1447 2271 1782 2335 punitionetn
1834 2275 1943 2329 illis
1975 2277 1997 2329 i1

2168 2273 2417 2325 ἐπιόντων
2443 2272 2541 2342 τῆς
2574 2272 2871 2342 εὐμαρείας
2903 2274 2995 2325 καὶ
3021 2251 3158 2337 τοὺς
3180 2251 3542 2345 ἐμπίπτοντας
3559 2251 3678 2334 ἀναι-

487 2341 686 2399 flictam
733 2362 763 2399 a
808 2347 918 2403 Deo
958 2354 1369 2423 gravissimam;
1402 2375 1502 2414 nec
1528 2361 1637 2416 illis
1659 2365 1834 2419 solum
1866 2367 1934 2422 ab
1961 2383 1990 2421 a

2171 2361 2422 2434 οούντων·
2463 2341 2846 2416 τὸτελευταῖον
2888 2364 2943 2416 δὲ
2981 2365 3119 2434 μετὰ
3142 2341 3340 2436 πολλῆς
3373 2368 3471 2436 τῆς
3501 2370 3681 2438 ἀτιμίας

486 2436 608 2504 gelo
634 2439 779 2493 circa
805 2439 1142 2497 Hierusalem
1168 2451 1467 2515 percussis,
1512 2452 1606 2507 sed
1638 2456 1863 2524 reliquis
1896 2459 1996 2513 etia

2172 2458 2187 2508 5
2232 2453 2528 2524 βασιλεύων
2564 2454 2743 2507 αὐτῶν
2789 2457 2866 2519 εἰς
2899 2455 2994 2525 τὴν
3030 2455 3210 2526 χώραν
3242 2436 3682 2529 ἀπεληλυθὼς-τὴν

488 2526 581 2595 qui
618 2531 766 2597 gravi
809 2532 1002 2588 timore
1049 2538 1285 2605 correpti
1338 2539 1579 2597 indidem
1630 2544 1928 2616 fugiebant.
1985 2549 1998 2601 1

2168 2547 2384 2607 οἰκείαν,
2417 2545 2523 2597 ὑπὸ
2548 2544 2657 2597 τῶν
2690 2544 2817 2598 υἱῶν
2850 2546 3084 2619 ἀνῃρέθη
3129 2548 3233 2600 τῶν
3264 2548 3411 2602 ἰδίων
3434 2568 3447 2579 ·
3488 2551 3556 2612 ὡς
3582 2550 3678 2618 φαί-

487 2615 690 2683 quibus
720 2619 879 2674 etiam
908 2622 1096 2679 beatus
1130 2625 1260 2679 dicit
1290 2625 1459 2683 David
1488 2650 1500 2684 :
1548 2650 1567 2683 ι
1594 2615 1770 2689 Pones
1800 2651 1895 2692 eos
1930 2636 1997 2691 do

2172 2636 2342 2688 νεσθαι
2390 2635 2485 2706 τὴν
2530 2636 2797 2706 τιμωρίαν
2845 2615 3026 2700 αὐτοῖς
3075 2615 3405 2708 ἐπαχθεῖσαν
3448 2615 3682 2711 παρὰ-τοῦ

488 2721 611 2761 sum
635 2725 649 2775 ;
680 2708 735 2763 in
762 2712 1009 2782 reliquiis
1032 2716 1138 2771 tuis
1160 2721 1491 2787 praeparabis
1508 2725 1712 2778 vultum
1734 2742 1923 2781 eorum
1945 2729 1998 2778 ⁹³λ

2172 2726 2291 2779 Θεοῦ
2333 2726 2662 2798 βαρυτάτην,
2694 2731 2754 2781 οὐ
2787 2728 2943 2797 μόνον
2972 2728 3061 2782 διὰ
3084 2730 3192 2783 τῶν
3230 2730 3334 2782 ὑπὸ
3372 2731 3464 2784 τοῦ
3492 2732 3682 2799 ἀγγέλου

486 2795 604 2854 Hoc
633 2800 968 2869 significans,
996 2804 1113 2860 fore
1134 2818 1192 2861 ut
1217 2824 1404 2866 omnes
1434 2812 1486 2866 iu
1520 2813 1701 2883 fugam
1732 2831 1996 2873 converta

2174 2795 2474 2890 πληγέντων
2508 2795 2635 2889 περὶ
2667 2820 2766 2890 τὴν
2789 2795 3177 2889 ήἹερουσαλὴμ,
3205 2820 3337 2874 ἀλλά
3380 2824 3472 2876 καὶ
3498 2795 3577 2875 ﬁtﬁt
3605 2824 3684 2875 τῶν

487 2899 609 2958 tur;
642 2907 1091 2966 commoveatque
1122 2900 1257 2954 iram
1289 2918 1442 2957 suam
1466 2907 1626 2959 etiam
1652 2908 1705 2961 in
1730 2912 1997 2979 superstiti

2175 2909 2358 2963 ιοιπῶν
2387 2908 2494 2962 τῶν
2540 2908 2677 2978 μετά
2729 2908 2920 2962 πολλοῦ
2964 2909 3057 2962 τοῦ
3095 2910 3244 2972 δέους
3273 2913 3605 2981 πεφευγότων
3639 2928 3685 2962 τε

487 2978 652 3036 Dens.
690 2982 802 3038 lloc
839 2985 1005 3055 igitur
1033 2990 1150 3043 vult
1180 2994 1285 3047 huc
1309 2993 1428 3049 loco
1458 2994 1660 3061 dicere,
1690 2978 1820 3053 dum
1850 3011 1997 3071 septe

2176 3002 2364 3054 :xeiesv
2406 3002 2500 3053 καὶ
2528 3000 2785 3064 ποικίλως
2813 2999 3203 3069 ἀναιρεθέντων
3222 3020 3235 3033 ·
3269 2978 3400 3074 περὶ
3428 2978 3498 3057 ὧν
3526 3004 3581 3075 δή
3614 3003 3686 3056 καὶ

486 3082 731 3141 pastores
750 3080 1073 3133 suscitatum
1105 3081 1172 3136 iri
1214 3085 1326 3150 ait;
1360 3085 1602 3142 declarat
1627 3090 1836 3145 scilicet
1859 3091 1996 3145 divit

2174 3095 2186 3145 5
2223 3093 2487 3164 μακάριος
2514 3092 2674 3146 Δαυὶδ
2712 3128 2726 3154 ,
2779 3109 2796 3141 ι
2840 3092 2921 3146 ὅτι
2979 3092 3165 3161 θήσεις
3210 3094 3410 3158 αὐτοὺς
3448 3094 3615 3158 νῶτον,
3642 3095 3684 3144 ὲν

486 3166 787 3234 punitionis
818 3172 1161 3241 gravitatem,
1195 3192 1358 3245 quam
1398 3180 1693 3248 perfectam
1728 3183 1996 3255 plenamqt

2171 3186 2267 3246 τοῖς
2281 3200 2348 3236 πε
2358 3183 2615 3254 ριλοίποις
2634 3199 2727 3235 σου
2742 3182 3044 3251 έτοιμάσεις
3071 3182 3131 3235 τὸ
3144 3185 3433 3256 πρόσωπον
3459 3185 3617 3239 αὐτῶν
3631 3200 3642 3212 °
3666 3201 3681 3236 ι

485 3269 584 3324 per
611 3259 786 3328 angeli
819 3260 1026 3317 cladem
1060 3264 1286 3321 adduxit
1312 3269 1420 3325 illis
1456 3270 1618 3326 Deus.

2176 3276 2317 3328 τοῦτο
2349 3274 2545 3346 δηλῶν,
2571 3274 2652 3326 ὅτι
2682 3274 3052 3344 τραπήσονται
3111 3274 3209 3345 μὲν
3243 3277 3481 3340 ἅπαντες
3512 3279 3582 3339 εἰς
3607 3292 3686 3342 φυ-

483 3346 610 3416 γὴν,
655 3350 863 3420 κινήσει
917 3352 972 3405 δὲ
1019 3355 1117 3425 τὴν
1151 3358 1316 3429 ὀργὴν
1348 3362 1446 3430 τὴν
1490 3364 1696 3417 οἰκείαν
1750 3368 1843 3420 καὶ
1905 3369 2045 3423 κατά
2104 3368 2212 3421 τῶν
2264 3366 2734 3437 ὑπολελειμμένων
2774 3368 2802 3419 6
2843 3365 2992 3429 Θεός.
3050 3365 3127 3436 (p.
3163 3368 3287 3439 301)
3334 3369 3506 3422 Τοῦτο
3543 3368 3691 3421 τοίνυν

484 3438 671 3494 ινθάδε
711 3439 953 3508 βούλεται
985 3444 1180 3513 λέγειν,
1210 3449 1348 3502 έπτά
1392 3452 1491 3521 μὲν
1524 3456 1787 3525 ποιμένας
1824 3459 2283 3530 ἐπεγερθήσεσθαι
2340 3458 2544 3527 λέγων·
2600 3459 2686 3512 ἵνα
2715 3460 2930 3533 δηλώσῃ
2974 3462 3074 3531 τῆς
3128 3459 3276 3525 θείας
3306 3461 3568 3531 τιμωρίας
3614 3460 3689 3526 τὴν

486 3532 782 3606 βαρύτητα,
814 3538 880 3606 ἢν
910 3538 1120 3593 τελείαν
1151 3559 1211 3594 τε
1255 3546 1346 3597 καὶ
1380 3548 1792 3621 ἀπηρτισμένην
1835 3553 1923 3607 διά
1952 3556 2052 3625 τῆς
2074 3555 2167 3607 τοῦ
2193 3553 2424 3622 ἀγγέλου
2448 3552 2660 3624 πληγῆς
2688 3532 2965 3625 ἐπήγαγεν
2997 3556 3176 3617 αὐτοῖς
3202 3556 3230 3607 6
3257 3553 3414 3617 Θεός.

555 3624 693 3681 Octo
735 3628 1016 3685 hominum
1046 3650 1267 3692 morsus
1310 3641 1463 3704 dicit,
1498 3653 1555 3696 ut
1586 3647 1863 3701 cumulum
1904 3651 2060 3703 incu-

2239 3647 2415 3702 Ὀκτὼ
2447 3649 2504 3702 δὲ
2532 3649 2781 3720 δήγματα
2811 3649 3132 3721 ἀνθρώπων,
3168 3649 3252 3701 ἴνα
3280 3648 3379 3717 τὴν
3426 3645 3688 3717 ὑπερϐολὴν

485 3715 791 3772 biturorum
867 3731 991 3790 post
1041 3723 1223 3795 fugam
1282 3731 1431 3785 illinc
1490 3735 1755 3791 malorum
1816 3740 1995 3796 denott

2178 3741 2285 3811 ιῖπῃ
2315 3739 2424 3793 τῶν
2475 3740 2938 3810 καταληψομένων
2985 3742 3181 3803 αὐτοὺς
3230 3740 3419 3793 κακῶν
3462 3739 3587 3808 μετὰ
3613 3738 3688 3806 τὴν

476 3810 674 3867 multis
695 3827 789 3880 per
819 3828 881 3867 ea
909 3816 1025 3869 loca
1048 3817 1382 3885 hominibus,
1414 3834 1604 3894 utpote
1634 3831 1725 3899 qui
1752 3832 1804 3885 in
1836 3835 1986 3889 sedih

2188 3810 2363 3885 κε’ίθεν
2391 3831 2587 3901 φυγὴν,
2620 3831 2889 3902 διαφόρως
2915 3833 3025 3885 τῶν
3065 3850 3124 3884 τε
3154 3833 3293 3886 κατά
3322 3833 3486 3884 τόπον
3516 3828 3689 3899 ἀνθρώ-

487 3903 725 3969 propriis
745 3906 1079 3974 perstabant.
1110 3909 1379 3980 fugientes
1404 3917 1793 3987 perdentibus;
1844 3939 1997 3977 necnt

2179 3939 2271 3975 των
2296 3921 2515 3975 καὶτῶν
2548 3922 2683 3993 πρὸς
2712 3924 2847 3993 αὐτῇ
2870 3940 2933 3990 γε
2961 3923 3138 3979 αὐτῶν
3175 3926 3239 3993 τῇ
3271 3922 3427 3992 χώρᾳ
3454 3917 3689 3975 καθεστώ-

483 3998 539 4046 et
566 3992 689 4049 illos
722 3996 813 4064 qui
847 3997 901 4050 in
934 4000 1160 4067 patriam
1180 4017 1237 4056 se
1263 4006 1992 4084 putabantevasisse,quibu

2179 4032 2286 4078 των,
2324 4013 2452 4077 τούς
2498 4030 2557 4066 τε
2604 4012 2903 4081 φεύγοντας
2951 4014 3311 4077 ἀπολλύντων,
3347 4013 3447 4067 καὶ
3496 4014 3606 4074 toi»;
3645 4012 3689 4061 ἐν

482 4096 606 4137 cum
639 4100 817 4155 regem
848 4104 1063 4159 quoque
1117 4107 1145 4145 a
1194 4094 1309 4150 suis
1351 4097 1535 4153 liberis
1599 4103 1835 4158 interimi
1881 4118 1992 4159 conl

2176 4110 2271 4169 τοῖς
2305 4107 2491 4169 τόποις
2534 4106 3008 4175 καταπεφευγέναι
3052 4106 3337 4168 δοκοῦντας
3380 4108 3493 4169 τοῖς
3538 4104 3686 4162 ἰδίοις·

484 4171 592 4240 git:
635 4189 797 4241 quam
830 4191 943 4230 rem
993 4179 1237 4249 elegante
1280 4187 1547 4242 vocabqu
1592 4190 1727 4246 dixit
1773 4193 1994 4250 hominu

2177 4199 2277 4251 ιεθ’
2304 4192 2378 4251 ὧν
2412 4197 2757 4269 ἀναιρεθῆναι
2790 4199 2883 4251 καὶ
2932 4199 3022 4251 τὸν
3073 4197 3293 4267 βασιλέα
3326 4197 3435 4250 ὑπὸ
3464 4197 3566 4248 τῶν
3587 4194 3687 4246 υἱῶν

484 4277 724 4329 morsus,
757 4275 814 4320 ut
846 4267 912 4321 ab
943 4271 1115 4339 angeli
1148 4276 1429 4341 punitione
1457 4280 1833 4350 distingueret.
1864 4285 1991 4342 Post

2178 4289 2356 4359 ςυνέὸη
2389 4290 2495 4342 τῶν
2526 4267 2704 4343 ίδίων’
2737 4289 2765 4342 6
2790 4291 2883 4342 καὶ
2924 4289 3101 4353 καλῶς
3141 4287 3448 4359 ἀνθρώπων
3482 4284 3591 4340 εἷπε
3617 4284 3688 4354 δή·

483 4351 667 4408 dicere
701 4356 902 4425 pergit:
944 4375 963 4408 ι
992 4358 1056 4411 Ει
1092 4373 1315 4429 pascent
1349 4366 1632 4439 Assyrium
1677 4374 1730 4426 in
1771 4375 1972 4444 gladio,

2178 4351 2366 4452 γματα,
2396 4382 2840 4435 ἀντιδιαστέλλων
2872 4382 3009 4434 αύτά
3149 4351 3352 4434 διάτοῦ
3386 4379 3605 4449 ἀγγέλου
3629 4351 3688 4427 τὶ-

484 4452 683 4499 terram
738 4446 975 4503 Nebrodi
1036 4451 1089 4505 in
1131 4453 1279 4509 fovea
1316 4458 1456 4528 ejus.
1489 4480 1507 4512 ι
1562 4461 1631 4517 Ut
1678 4465 1824 4519 dicat
1871 4470 1994 4537 glad

2178 4446 2362 4546 ιωρίᾳ.
2401 4470 2530 4527 Εἶτα
2550 4476 2742 4542 ἐπάγει
2763 4489 2777 4505 ο
2825 4493 2844 4524 ι
2881 4475 2989 4527 Καὶ
3018 4446 3336 4543 ποίμανοῦσι
3364 4446 3688 4537 τὸνλΔσσοὺρ

483 4540 913 4593 consumendum
948 4542 1251 4613 Assyrium,
1283 4553 1372 4619 qui
1407 4556 1680 4621 propriam
1706 4572 1925 4628 quoque
1970 4577 1993 4613 r

2178 4583 2215 4617 ιν
2245 4540 2489 4637 ῥομφαίᾳ
2516 4566 2610 4619 καὶ
2653 4540 2754 4636 τὴν
2795 4564 2895 4635 γὴν
2929 4563 3019 4616 τοῦ
3061 4540 3285 4632 Νεϐρὼδ
3320 4562 3379 4613 ὲν
3422 4565 3488 4633 τῇ
3530 4559 3688 4629 τάφρῳ

486 4628 698 4697 gionem
732 4641 919 4686 cernet
948 4644 1257 4692 vastatam:
1294 4643 1435 4710 quod
1469 4659 1657 4715 reapse
1688 4648 1889 4703 malum
1922 4666 1996 4720 pa;

2177 4628 2325 4724 ιὺτῆς
2344 4628 2377 4686 ’⁷
2402 4676 2420 4708 ι
2459 4628 2547 4711 ίνα
2577 4628 2721 4727 εἴπῃ.
2744 4628 2864 4719 δτὶξ
2882 4653 3034 4724 Ξίφει
3063 4672 3121 4707 τε
3153 4628 3687 4723 καταναλωθήσεταιό

482 4735 581 4775 sus
614 4732 798 4790 postea
846 4740 874 4778 a
905 4725 1220 4798 Babyloniis
1269 4744 1370 4787 est.
1403 4733 1521 4789 Jam
1570 4747 1768 4794 terram
1814 4742 1990 4799 Nebro

2179 4748 2461 4818 Ασσύριος,
2506 4750 2599 4801 καὶ
2769 4747 2875 4816 γῆν
2910 4747 3008 4817 τὴν
3036 4745 3238 4799 οἰκείαν
3266 4745 3456 4815 ὄψεται
3492 4740 3689 4815 δῃουμὲ·

482 4811 630 4865 illam
675 4828 971 4883 nuncupat,
1032 4819 1161 4888 quia
1210 4820 1470 4879 illis-fuit
1505 4829 1559 4881 in
1606 4830 1741 4885 locis
1769 4832 1992 4889 Nebrod:

2178 4859 2267 4908 ην,
2298 4811 2435 4911 ὅπερ
2467 4838 2558 4893 οῦν
2605 4841 2699 4894 καὶ
2746 4838 3016 4892 πέπονθεν
3064 4839 3169 4890 ὑπὸ
3209 4838 3317 4890 τῶν
3364 4833 3687 4891 Βαϐυλωνίων

482 4900 655 4973 gigas,
698 4907 788 4973 qui
829 4909 1030 4978 regiam
1061 4911 1376 4981 dignitatem
1410 4920 1550 4988 apud
1606 4922 1754 4992 ipsos
1788 4927 1992 4983 obtinui

2188 4900 2417 5002 dtepov:
2446 4932 2550 5001 γῆν
2579 4931 2687 5002 γὰρ
2715 4930 2807 4983 τοῦ
2849 4929 3076 5001 Νεϐρὼδ
3099 4929 3312 4998 ἐκείνην
3338 4926 3605 4998 ὀνομάζει,
3629 4924 3688 4981 ὡς

480 5011 820 5069 magnusque
850 5004 998 5060 visus
1028 5017 1112 5061 est
1143 5009 1284 5077 apud
1314 5010 1433 5079 eius
1482 5015 1740 5082 temporis
1781 5017 1990 5075 homine

2180 5038 2207 5073 ν
2241 5022 2468 5086 ἐκείνοις
2514 5024 2626 5084 τοῖς
2671 5022 2858 5084 τόποις
2907 5019 2999 5073 τοῦ
3046 5019 3269 5091 Νεὸρὼδ
3311 5018 3607 5087 γεγονότος,
3636 5013 3687 5066 τὰ

480 5089 678 5143 virium
731 5107 953 5148 suarum
1009 5100 1346 5155 conscientia
1396 5102 1595 5161 elatus.
1649 5104 1739 5161 Sie
1774 5109 1915 5162 enim
1977 5126 1990 5162 ε

2186 5113 2392 5168 ασίλειά
2415 5131 2476 5167 τε
2505 5113 2719 5183 ἔχοντος
2744 5113 2985 5176 ἐκείνων,
3004 5111 3061 5174 ὃς
3097 5089 3264 5181 μέγας
3289 5110 3539 5178 ἐφαίνετο
3567 5105 3692 5176 παρά

474 5175 781 5240 Creationis
828 5186 999 5241 liber:
1034 5208 1053 5239 ι
1104 5190 1202 5245 llic
1253 5193 1352 5245 fuit
1404 5196 1556 5263 gigas
1604 5208 1825 5253 venator
1864 5216 1984 5256 cora

2181 5205 2270 5267 οὺς
2296 5205 2416 5257 τότε
2445 5175 2762 5275 ἀνθρώπους
2795 5205 2885 5257 ἐπὶ
2913 5175 3138 5273 δυνάμει
3178 5175 3409 5271 ιρρονιῦν.
3438 5199 3587 5253 Οὕτω
3604 5175 3691 5264 γὰρ

481 5267 610 5323 Deo.
642 5270 933 5343 Propterea
962 5278 1178 5333 dicent:
1218 5281 1370 5336 Sicut
1391 5283 1675 5342 Nebrodus
1711 5290 1862 5360 gigas
1888 5308 1987 5347 ven

2214 5297 2311 5365 τῆς
2337 5267 2583 5359 κτίσεως
2612 5297 2793 5366 βίϐλος
2824 5296 2986 5367 φησίν
3011 5309 3023 5322 ⁵
3051 5267 3081 5346 η(
3126 5267 3293 5356 otio;
3328 5288 3397 5362 ἦν
3431 5291 3586 5360 γίγας
3611 5303 3691 5340 κυ-

484 5369 569 5413 ιοι·
598 5378 779 5417 coram
807 5366 951 5421 Deo:
989 5387 1007 5419 ι
1047 5369 1258 5440 fuitque
1278 5385 1440 5442 caput
1468 5380 1616 5445 regni
1648 5379 1767 5447 ejus
1790 5381 1994 5453 Babylo

2182 5388 2312 5457 ηγὸς
2345 5388 2585 5461 ἐναντίον
2614 5388 2820 5459 Κυρίου
2844 5405 2857 5418 ·
2890 5366 2983 5441 διὰ
3024 5384 3180 5439 τοῦτο
3223 5383 3455 5453 ἐροῦσιν,
3497 5382 3579 5443 Ὦς
3600 5378 3690 5430 Νε-

483 5450 618 5515 Quia
662 5454 823 5521 igitur
866 5458 1026 5525 hujus
1060 5474 1226 5514 causa
1260 5463 1646 5531 superbiebant
1681 5450 1916 5541 Assyrii,
1950 5489 1993 5526 Ct

2325 5458 2485 5545 γίγαξ
2513 5450 2747 5549 κυνηγός
2780 5476 3020 5533 ἐναντίον
3042 5475 3137 5529 τοῦ
3161 5450 3294 5528 Θεοῦ
3310 5490 3324 5504 ·
3344 5493 3364 5524 δ
3386 5472 3477 5525 καὶ
3504 5468 3691 5537 ἐγένετο

481 5544 695 5613 magnis
727 5555 1046 5612 praestantes
1081 5551 1307 5616 viribus,
1356 5562 1539 5624 utpote
1573 5573 1602 5611 a
1637 5561 1730 5615 tali
1758 5563 1872 5617 viro
1922 5579 1991 5633 pr<

2179 5544 2361 5636 idpxit
2532 5544 2805 5636 βασιλείας
2853 5564 3017 5619 αὐτοῦ
3065 5559 3348 5618 Βαϐυλών·
3394 5557 3572 5627 ἐπειδὴ
3597 5552 3689 5608 τοί-

556 5726 598 5757 ⁹¹
626 5724 789 5783 Eccii.
816 5746 890 5798 ιι,
914 5732 967 5784 2.
1046 5738 1089 5767 ⁹¹
1121 5736 1309 5795 Matth.
1336 5757 1491 5811 xvm,
1530 5745 1619 5801 21.
