3954 6520
152 396 250 453 58!

1119 375 1665 440 COMMENTARIUS
1701 370 1770 427 1N
1795 369 2103 428 MICiIASIE
2136 368 2290 427 CAP.
2328 368 2393 424 ν.

3305 352 3411 410 382

154 528 248 565 νυν
280 509 340 573 ἐξ
366 505 575 562 ἐκείνου
605 504 745 578 μέγα
773 502 1030 575 ἐφρόνουν
1055 502 1105 555 οἱ
1144 500 1439 571 Ἀσσύριοι,
1457 497 1532 560 ὡς
1557 493 1727 565 μεγὰ-
1756 492 1775 548 ὲ

1883 489 2017 553 eniti,
2072 489 2174 543 hoc
2209 487 2320 543 fere
2345 486 2530 541 dicere
2574 481 2745 538 volnit
2772 476 3060 551 propinata,
3109 469 3255 543 quod
3283 482 3409 539 qum

158 601 239 656 λοι
268 601 369 672 τὴν
388 600 638 670 δύναμιν,
656 598 750 651 an;
779 598 843 649 ὲκ
867 590 1105 648 τοιούτου
1127 591 1509 662 καταγόμενοι,
1525 583 1733 640 τοιοῦτό

158 714 240 749 τοι
262 696 290 747 ό
314 694 601 766 προφήτης
631 692 803 743 εἰπεῖν
835 685 1133 758 ἠϐουλήθη,
1164 686 1245 738 ὃτι
1297 686 1332 754 ή
1371 682 1478 735 τῶν
1515 677 1733 733 δοκούν-

160 806 267 841 των
322 785 583 856 ἀνδρείων
642 779 779 836 εἶναι
838 780 1012 853 χώρα,
1051 780 1201 832 πᾶσα
1256 777 1312 829 ὲν
1356 778 1470 836 τοῖς
1514 770 1736 830 οἰκείοις

158 876 353 937 τόποις
387 872 492 926 ὑπὸ
526 872 798 942 πολεμίων
836 868 1272 940 ἀναιρεθήσεται,
1312 864 1464 917 οὐδὲν
1504 861 1608 915 ὑπὸ
1637 858 1739 927 τῆς

165 967 350 1037 ἰσχύος
390 964 779 1034 ὠφελουμένων
805 962 905 1032 τῆς
944 960 1148 1023 οἰκείας
1195 950 1342 1029 ὲφ’ᾖ
1389 956 1530 1026 μέγα
1578 950 1740 1021 ἐφρό-

162 1076 309 1119 νουν,
346 1056 433 1110 διὰ
474 1055 571 1124 τὴν
601 1053 770 1125 ὀργὴν
815 1053 914 1123 τήν
957 1051 1125 1105 θείαν.
1176 1045 1508 1107 Ἀκολούθως
1559 1041 1741 1112 μέντοι

162 1166 230 1216 γε
259 1150 375 1211 τοῖς
408 1146 713 1217 εἰρημένοις
743 1145 771 1197 ὁ
809 1144 1116 1214 προφήτης,
1169 1160 1187 1192 ι
1244 1140 1354 1193 Καὶ
1402 1133 1624 1209 ῥύσεταί
1658 1149 1741 1198 σε,

1838 582 2059 637 fortium
2100 579 2342 634 virorum
2391 577 2553 647 198
2600 574 2890 631 videbatur
2926 582 3050 624 esse
3097 563 3295 635 patria,
3347 573 3413 613 ea

1838 682 1951 728 tota
1972 673 2042 727 ab
2070 670 2322 727 hostibus
2346 668 2816 739 pessumdabitur,
2840 661 2972 717 nihil
2994 658 3043 714 ei
3071 657 3188 712 suis
3201 652 3414 709 viribus

1839 762 2141 835 profuturis
2194 761 2394 830 quibus
2456 756 2832 827 superbiebat.
2892 759 3114 822 promer
3169 743 3415 800 divinam

1841 831 2001 908 iram.
2033 853 2408 909 Consentanee
2431 849 2650 903 demum
2702 842 2979 915 praedictis
3004 831 3419 911 propheta,tLi-

1840 946 2159 1016 berabitque
2186 952 2259 1008 te,
2306 943 2502 1011 inquit,
2554 939 2623 993 ab
2654 936 2880 1008 Assyrio
2927 948 3052 987 cum
3106 925 3318 985 venerit
3360 926 3417 977 in

1843 1048 2044 1095 terram
2094 1045 2354 1099 vestram,
2410 1042 2467 1089 et
2523 1048 2647 1087 cum
2702 1030 2768 1085 ad
2804 1030 2937 1082 fines
2969 1036 3183 1080 vestros
3229 1034 3419 1075 ascen‘

1845 1133 2007 1187 derit.
2027 1151 2045 1183 ι

167 1206 372 1311 φησιν,⁷
390 1206 475 1291 ἐκ.
496 1206 589 1291 τοῦ
631 1206 880 1306 Ἀσσοὺρ,
912 1206 991 1288 ϐτί
1019 1206 1085 1289 ἂν
1104 1206 1110 1208 Ἴ
1129 1231 1339 1303 ἀπέλθῃ
1367 1206 1459 1282 ἐπὶ
1498 1227 1598 1297 τὴν
1641 1223 1745 1294 γῆν
1770 1218 1942 1285 ὑμῶν,
1970 1220 2064 1275 καὶ
2092 1218 2169 1273 ὅτ’
2196 1217 2261 1271 ἂν
2290 1214 2449 1277 ἐπιϐῇ
2480 1214 2575 1269 ἐπὶ
2602 1213 2671 1268 τὰ
2699 1212 2822 1278 ὅρια
2859 1206 3032 1275 ὑμῶν.
3065 1224 3086 1259 ι

244 1331 392 1401 Στίχ.
422 1327 561 1393 ξηθν.
595 1356 663 1367 --
691 1324 822 1380 Εἶτα
851 1324 1341 1394 εύαγγελισάμενος
1377 1323 1488 1383 τοῖς
1530 1319 1742 1387 Ἰσραηυ

170 1423 353 1485 λίταις
384 1421 445 1473 τὸ
476 1419 637 1491 μηδὲν
665 1418 768 1471 ὑπὸ
789 1417 883 1470 τοῦ
930 1416 1212 1486 Ἀσσυρίου
1242 1410 1522 1466 πείσεσθαι
1558 1405 1750 1468 κακὸν,

174 1516 409 1582 ἐπάγει·
462 1532 481 1564 ι
526 1513 635 1565 Καὶ
682 1510 833 1564 ἔσται
873 1509 933 1563 τὸ
978 1508 1295 1577 ὑπόλειμμα
1324 1504 1418 1557 τοῦ
1471 1499 1665 1555 Ἰακὼϐ
1694 1499 1752 1549 ὲν

175 1608 290 1668 τοῖς
324 1603 529 1656 ἔθνεσιν
556 1601 612 1653 ὲν
649 1601 796 1671 μέσῳ
839 1599 981 1653 λαῶν
1027 1598 1234 1652 πολλῶν
1267 1597 1342 1659 ὡς
1369 1595 1557 1666 δρόσος
1602 1590 1753 1662 παρά

178 1694 391 1765 Κυρίου
434 1693 819 1755 ἐπιπίπτουσα,
867 1692 961 1744 καὶ
1008 1692 1084 1754 ὡς
1134 1690 1295 1760 ἄρνες
1341 1688 1428 1739 ἐπ’
1456 1687 1751 1755 ἄγρωστιν,

1920 1312 2085 1367 Vens.
2115 1310 2229 1365 7-9.
2254 1337 2323 1347 ——
2357 1305 2559 1360 Deinde
2607 1312 2818 1373 gratum
2865 1297 3113 1353 nuntium
3157 1290 3422 1347 lsraelitis

1852 1420 2072 1468 canens,
2128 1401 2245 1455 fore
2288 1408 2348 1454 ut
2382 1397 2518 1453 nihil
2559 1394 2689 1450 mali
2740 1393 2809 1446 ab
2850 1387 3093 1460 Assyriis
3125 1384 3426 1455 patiantur,

1855 1495 2035 1552 addit:
2058 1514 2075 1545 ι
2096 1492 2161 1547 Ει
2186 1500 2346 1548 erunt
2365 1488 2607 1558 reliquiae
2625 1484 2792 1540 Jacob
2820 1482 2873 1535 in
2898 1479 3151 1551 gentibus
3178 1478 3232 1529 in
3253 1471 3433 1527 medio

1855 1588 2179 1662 populorum
2210 1584 2527 1645 multorum,
2564 1579 2723 1649 quasi
2756 1590 2849 1630 ros
2881 1590 2911 1627 a
2946 1570 3175 1625 Domino
3204 1564 3429 1625 cadens,

1858 1694 1910 1739 et
1936 1682 2089 1752 quasi
2139 1679 2261 1750 agni
2317 1690 2481 1745 super
2529 1685 2773 1743 gramen,
2839 1675 2900 1721 ut
2935 1680 3043 1719 non
3075 1664 3437 1730 congregetur

178 1749 330 1847 ὅπως
356 1784 429 1855 μὴ
456 1783 687 1853 συναχθῇ
727 1749 930 1853 μηδεὶς,
962 1749 1096 1851 μηδέ
1132 1749 1335 1849 ὑποστῇ
1376 1779 1434 1829 ὲν
1476 1749 1611 1837 υνίοῖς
1664 1775 1761 1827 ἀν*

1883 1774 2153 1846 [uispiam,
2224 1783 2402 1839 neque
2462 1763 2728 1819 subsistat
2791 1760 2847 1814 in
2900 1757 3025 1811 filiis
3081 1753 3430 1807 hominum.)

180 1875 441 1945 θρώπων.
473 1896 491 1928 ι
519 1877 580 1929 Οἱ
603 1876 710 1946 γὰρ
744 1877 807 1927 ἐκ
839 1873 932 1926 τοῦ
968 1872 1182 1944 Ἰσραὴλ
1214 1868 1629 1937 ὑπολειφθέντες
1668 1863 1758 1916 ἐπὶ

179 1966 281 2037 τῆς
325 1967 602 2029 Ἰουδαίας,
633 1968 730 2019 εἴτ’
761 1961 854 2018 οὖν
909 1966 1008 2034 τῆς
1046 1960 1417 2034 Ἰερουσαλὴμ,
1438 1958 1642 2011 τούτων
1675 1972 1762 2023 γε·

182 2061 445 2129 γονότων,
494 2059 759 2129 αἱδέσιμοι
806 2058 1095 2127 φανοῦνται
1126 2058 1261 2109 πᾶσι
1303 2056 1415 2116 τοῖς
1457 2050 1631 2113 ἐκτὸς,
1668 2047 1761 2101 καὶ

187 2150 391 2220 πολλῆς
415 2149 553 2214 ἄξιοι
585 2150 840 2220 σπουδῆς,
874 2149 972 2218 οὑχ
1018 2143 1179 2219 ἦττον
1216 2147 1249 2217 ἢ
1291 2145 1480 2216 δρόσος
1513 2142 1630 2195 ἐστὶ
1673 2157 1763 2193 πο-

188 2240 341 2311 θεινὴ
373 2244 484 2305 τοῖς
514 2242 777 2308 γεωργοῖς
809 2239 948 2292 κατά
980 2238 1170 2309 καιρὸν
1206 2234 1624 2305 καταφερομένη
1674 2234 1763 2285 τὸν

186 2334 390 2386 οἰκεῖον
410 2350 423 2362 ·
463 2332 538 2402 (p.
568 2332 693 2402 305)
722 2331 977 2384 διοίσουσί
1008 2348 1067 2383 τε
1096 2330 1245 2382 οὐδὲν
1275 2328 1558 2399 προϐάτων
1582 2326 1764 2395 ἀγρω-

189 2443 309 2478 στιν
348 2424 682 2495 νεμομένων,
710 2424 881 2485 οὕτως
914 2423 1127 2477 ἅπαντα
1168 2420 1274 2475 τῶν
1306 2418 1659 2473 ἀπολωλότων
1699 2432 1760 2468 τε

190 2514 287 2567 καὶ
321 2513 672 2581 πεφευγότων
712 2513 953 2575 ἐπιόντες
982 2512 1051 2564 τὰ
1095 2511 1342 2581 λάφυρα·
1384 2509 1459 2573 ὡς
1511 2508 1605 2560 καὶ
1651 2506 1768 2568 δέος

190 2604 397 2659 ἅπασιν
440 2604 758 2673 ἐγγενέσθαι
791 2606 903 2667 τοῖς
932 2601 1236 2673 ἀνθρώποις
1267 2600 1361 2654 τοῦ
1395 2599 1597 2671 μηδένα
1637 2597 1768 2651 ποτὲ

192 2698 544 2769 ἐπιχειρῆσαι
573 2696 649 2767 τῷ
678 2696 797 2750 κατ’
827 2695 1003 2749 αὐτῶν
1033 2695 1272 2766 πολέμῳ.
1311 2714 1329 2745 ι
1376 2694 1489 2746 Καὶ
1528 2692 1681 2744 ἔσται
1710 2690 1770 2743 τὸ

194 2790 514 2860 ὑπόλειμμα
536 2789 629 2842 τοῦ
667 2787 858 2843 Ἰακὼϐ
888 2791 945 2840 ὲν
975 2789 1085 2851 τοῖς
1112 2786 1320 2839 έθνεσιν
1348 2787 1411 2839 ἐν
1447 2783 1596 2855 μέσῳ
1623 2780 1770 2835 λαῶν

196 2881 431 2943 πολλῶν,
468 2882 543 2943 ὡς
588 2881 722 2934 λέων
753 2883 811 2933 ὲν
848 2883 960 2943 τοῖς
998 2880 1218 2948 κτήνεσι
1252 2877 1345 2931 τοῦ
1397 2873 1627 2947 δρυμοῦ,
1678 2874 1773 2926 καὶ⁸

197 2973 274 3036 ὡς
314 2972 554 3043 σκύμνος
593 2974 650 3025 ὲν
685 2972 955 3042 ποιμνίοις
998 2970 1317 3042 προϐάτων·
1366 2969 1425 3022 ὃν
1464 2967 1665 3039 τρόπον
1697 2965 1773 3017 ὅτ’

1861 1841 2070 1922 Etenim
2100 1862 2192 1932 qui
2220 1857 2397 1914 relicti
2423 1855 2625 1909 fuerint
2645 1854 2699 1906 in
2729 1849 2919 1905 Judaaa
2938 1848 3052 1901 sive
3070 1841 3437 1897 Hierusalem.

1860 1956 2202 2013 venerabiles
2234 1948 2510 2007 extraneis
2537 1944 2749 2000 cunctis
2778 1940 3132 2001 videbuntur,
3158 1933 3441 2000 multoque

1862 2050 2012 2121 digni
2041 2046 2244 2107 studio,
2288 2040 2431 2096 haud
2460 2052 2620 2093 secus
2668 2048 2831 2104 quam
2862 2029 3121 2101 agricolis
3142 2034 3329 2096 gratus
3357 2029 3443 2077 est

1862 2162 1955 2201 ros
1989 2151 2231 2211 tempore
2260 2134 2481 2207 proprio
2517 2129 2810 2186 decidens:
2870 2124 3187 2191 similesque
3214 2132 3442 2189 appareo

1864 2242 2003 2295 bunt
2025 2235 2221 2290 ovibus
2243 2226 2665 2300 depascentihus
2690 2235 2913 2293 gramen
2940 2235 2956 2281 ;
2997 2217 3077 2271 sic
3124 2214 3269 2269 enim
3316 2225 3443 2281 per-

1865 2328 2111 2385 euntium
2144 2331 2307 2391 atque
2340 2315 2662 2388 fugientium
2690 2316 2917 2379 carpent
2939 2304 3204 2361 exuvias:
3243 2317 3307 2356 ex
3336 2313 3447 2369 quo

1866 2421 2030 2475 timor
2064 2416 2154 2470 fiet
2191 2390 2409 2468 cunctis
2446 2404 2784 2465 hominibus,
2837 2398 3131 2469 quominus
3161 2409 3256 2449 eos
3304 2390 3448 2445 bello

1868 2518 2092 2583 quatere
2108 2507 2296 2562 velint.
2337 2521 2355 2553 ι
2378 2502 2442 2554 Ει
2468 2506 2631 2554 erunt
2659 2495 2830 2549 Jacoh
2852 2490 3096 2560 reliquiae
3118 2489 3171 2542 in
3193 2485 3449 2557 gentibus

1869 2605 1924 2659 in
1963 2601 2140 2656 medio
2172 2596 2497 2668 populorum
2530 2590 2854 2649 multorum,
2894 2591 2954 2638 ut
2985 2584 3069 2636 leo
3104 2580 3157 2634 in
3185 2576 3451 2648 jumentis

1872 2697 2021 2752 silva:
2075 2700 2130 2746 et
2188 2697 2246 2743 ut
2275 2686 2490 2741 catulus
2541 2680 2716 2735 leonis
2770 2678 2824 2730 in
2860 2673 3118 2745 gregibus
3165 2682 3449 2740 pecorum,

1872 2785 1966 2855 qui
2000 2796 2123 2837 cum
2154 2775 2438 2832 transierit
2486 2778 2540 2825 et
2564 2769 2813 2824 dividens
2845 2763 3039 2832 rapiat,
3104 2773 3212 2812 non
3241 2763 3324 2810 est
3356 2752 3453 2824 qui

1874 2852 2054 2934 eruat.
2084 2868 2428 2925 Exaltabitur
2456 2876 2652 2917 manus
2681 2873 2799 2914 mea
2830 2870 2995 2925 super
3021 2852 3349 2907 tribulantes
3380 2856 3453 2909 te,

1877 2976 1931 3023 et
1957 2944 2145 3021 omnes
2191 2958 2394 3015 inimici
2430 2956 2506 3009 tui
2545 2951 2866 3008 interibunt.
2895 2967 2913 2999 ›
2960 2943 3115 2999 llaud
3154 2938 3458 2996 dissimiles

199 3063 266 3119 ἂν
287 3028 474 3138 διέλθῃ
508 3028 602 3119 καὶ
634 3028 1201 3135 διαστ.είλας-ἁρπάσῃ,
1236 3062 1329 3115 καὶ
1370 3060 1443 3132 μὴ
1561 3060 1590 3111 ό
1630 3058 1775 3122 ἐξαι-

1883 3056 2020 3113 leoni
2048 3054 2201 3109 eritis
2226 3049 2419 3105 bestiis
2446 3042 2758 3099 tremendo:
2786 3038 2923 3092 adeo
2944 3034 3159 3090 cunctis
3180 3028 3459 3087 extraneis

206 3118 474 3230 ρούμενος
493 3174 506 3188 ·
545 3157 887 3229 ὑψωθήσεται
913 3118 965 3227 νή
999 3118 1119 3227 γείρ
1144 3118 1238 3208 ἔόυ
1269 3118 1382 3208 ἐπὶ.
1570 3118 1775 3207 θλίϐον-

1883 3146 2134 3219 posthinc
2164 3140 2458 3201 terribiles,
2508 3143 2732 3204 propter
2765 3128 2976 3184 cladem
3005 3123 3248 3195 Assyriis
3293 3118 3461 3174 vestri

203 3246 305 3311 τὰς
331 3265 414 3307 σε.
441 3248 535 3301 καὶ
551 3248 750 3310 πάντες
777 3249 823 3299 οἱ
851 3246 1033 3317 ἐχθροί
1060 3264 1152 3299 σου
1176 3244 1729 3316 ὲξολοθρευθήσονται.
1759 3264 1778 3297 ι

206 3337 320 3390 Kal
348 3336 614 3405 διοίσετε,
664 3337 847 3406 φησὶν,
908 3334 1061 3387 ούδὲν
1110 3333 1319 3396 λέοντος
1380 3330 1612 3402 φοϐεροῦ
1673 3334 1785 3394 τοῖς

206 3429 464 3499 κτήνεσιν
484 3445 498 3459 ·
519 3425 691 3490 οὑτως
717 3425 885 3479 ἅπασι
912 3428 1021 3488 τοῖς
1051 3423 1350 3494 ἀλλοτρίοις
1386 3423 1536 3485 ὄντες
1558 3420 1779 3492 φοϐεροὶ

206 3518 434 3581 λοιπὸν,
477 3517 566 3570 διὰ
607 3516 705 3587 τήν
750 3517 863 3579 τοῖς
923 3513 1227 3584 Ἀσσυρίοις
1271 3513 1408 3584 ὑπὲρ
1454 3510 1608 3582 ὑμῶν
1661 3512 1781 3562 ὲπι-

210 3609 511 3679 γενομένην
540 3610 750 3680 πληγήν
773 3626 787 3639 ο
814 3608 889 3671 ὡς
921 3607 1029 3677 γὰρ
1066 3606 1131 3659 ἂν
1162 3606 1215 3657 εί
1234 3621 1317 3667 τις
1357 3603 1493 3656 λέων
1523 3601 1783 3673 (σκύμνον

211 3702 320 3772 γὰρ
371 3701 537 3754 πάλιν
587 3700 651 3753 τὸ
691 3698 823 3753 αὑτὸ
866 3698 1034 3766 λέγει,
1068 3697 1127 3751 τὸ
1168 3696 1261 3750 τοῦ
1300 3696 1510 3759 λέοντος
1542 3695 1786 3767 γέννημα

1882 3254 2050 3296 causa
2088 3236 2315 3290 illatam.
2343 3229 2478 3284 Nam
2510 3228 2657 3281 sicut
2680 3226 2762 3279 leo
2787 3220 3049 3292 (catulum
3068 3226 3248 3269 autem
3270 3224 3466 3267 rursus

1883 3330 2015 3385 dicit
2063 3324 2335 3386 eumdem,
2399 3318 2575 3374 leonis
2616 3320 2804 3369 natum
2855 3310 2936 3366 sic
2984 3304 3286 3377 appellans)
3316 3300 3463 3372 gregi

1886 3421 2069 3476 oviqu
2125 3423 2345 3485 repente
2398 3410 2668 3467 indicens,
2709 3409 2978 3474 quotquot
3012 3416 3079 3455 ex
3114 3398 3199 3452 his
3228 3392 3467 3450 voluerit

1888 3523 1987 3581 pro
2015 3505 2132 3561 suis
2169 3484 2380 3557 viribus
2429 3497 2595 3566 rapit,
2645 3495 2721 3548 ita
2778 3506 2877 3546 vos
2910 3489 3165 3546 fortiores
3213 3484 3469 3540 hostibus

1889 3599 2089 3657 vestris
2140 3594 2341 3649 abhinc
2369 3605 2493 3646 esse
2544 3582 2955 3658 reputabimini,
3013 3580 3273 3650 quoniam
3317 3584 3468 3630 tanta

1893 3690 2166 3765 pernicies
2199 3682 2611 3754 aggressoribus
2644 3678 2840 3733 vestris
2873 3672 3112 3729 obvenit.

212 3796 357 3851 οὕτω
410 3796 640 3863 καλῶν),
702 3796 904 3865 ποίμνῃ
940 3760 1242 3865 ’προϐάτων
1293 3793 1489 3862 ἀθρόον
1536 3760 1812 3863 ἐμπεσὼν,
1865 3760 2036 3843 ὁπόσα
2079 3782 2327 3854 βούλεται
2377 3776 2438 3839 ὲξ
2492 3774 2669 3827 αὐτῶν
2716 3772 2857 3825 κατά
2910 3769 3008 3839 τὴν
3058 3771 3208 3835 ἰσχὺν
3253 3760 3472 3833 ἁρπάσῃ

212 3895 313 3964 τὴν
373 3892 611 3956 οἰκείαν,
676 3890 846 3952 οὕτως
902 3893 1013 3953 τοῖς
1074 3888 1284 3961 ἐχθροῖς
1331 3890 1441 3950 τοῖς
1508 3888 1790 3958 ὑμετέροις
1822 3880 2177 3949 δυνατώτεροι
2197 3870 2587 3946 νομισθήσεσθε
2656 3866 2751 3921 τοῦ
2804 3863 3014 3921 λοιποῦ.
3072 3862 3168 3915 ἆτε
3223 3856 3475 3927 τοιαύτης

214 3986 495 4050 ἀπωλείας
544 3982 926 4054 ὲπενεχθείσης
978 3986 1089 4046 τοῖς
1140 3981 1614 4052 ὲπικεχειρηκόσιν
1662 3981 1790 4050 ὑμῖν
1837 3974 2104 4029 ἐπελθεῖν.

286 4079 440 4148 Στίχ.
464 4083 606 4130 ι’-ιε¹.
628 4106 699 4118 --
724 4074 908 4129 Ταῦτα
930 4075 1276 4145 περιέσεσθαι
1295 4077 1406 4137 τοῖς
1435 4074 1795 4144 Ἰσραηλίταις

217 4174 308 4228 διὰ
332 4174 434 4243 τῆς
467 4171 575 4225 τῶν
614 4170 910 4238 Ἀσσυρίων
940 4167 1153 4238 πληγῆς
1179 4165 1413 4237 εἰρηκὼς
1434 4167 1461 4219 ὁ
1491 4166 1793 4237 προφήτης,

218 4262 423 4331 ἐφεξῆς
453 4262 547 4314 καὶ
574 4261 673 4331 τὴν
703 4260 823 4312 κατ’
849 4258 1027 4311 αὐτῶν
1059 4256 1167 4309 τῶν
1207 4256 1503 4326 Ἀσσυρίων
1528 4254 1796 4325 τιμωρίαν

216 4357 280 4407 πὶ
296 4349 558 4422 ατύτερον
596 4350 762 4417 λέγει.
804 4348 961 4401 Κατά
989 4346 1096 4417 γάρ
1118 4348 1323 4397 ἐκεῖνον
1364 4345 1427 4413 δὴ
1454 4344 1544 4397 τὸν
1584 4344 1793 4413 καιρὸν,

221 4439 382 4510 φησὶ,
408 4439 615 4500 πάντας
636 4436 759 4500 τούς
786 4454 845 4489 τε
866 4436 1062 4499 ἵππους
1089 4436 1182 4488 καὶ
1210 4434 1277 4488 τὰ
1301 4434 1519 4505 ἅρματα
1549 4435 1794 4503 ἀφανιεῖ·

1977 4062 2139 4116 Vsus.
2169 4057 2355 4113 lO-l5.
2384 4082 2449 4094 -
2489 4052 2786 4120 Postquam
2832 4047 2951 4100 haec
3004 4038 3267 4097 Israelitis
3308 4051 3475 4091 even-

1901 4163 2046 4217 tura,
2108 4152 2278 4220 plagx
2332 4159 2499 4201 causa
2552 4140 2796 4212 Assyriis
2856 4135 3148 4205 impositw,
3206 4127 3477 4200 propheta

1907 4244 2069 4315 199
2092 4242 2282 4301 edixit,
2320 4236 2518 4292 deinde
2545 4230 2861 4289 eorumdem
2878 4224 3231 4297 Assyriorum
3261 4233 3477 4291 poenam

1904 4339 2067 4392 latius
2118 4339 2326 4388 narrat.
2378 4329 2620 4397 Namque
2666 4324 2758 4378 illo
2782 4331 3044 4390 tempore,
3104 4317 3202 4380 ait,
3251 4318 3479 4369 cunctos

1904 4443 2077 4499 equos
2101 4437 2407 4492 currusque
2433 4419 2681 4475 destruet
2710 4414 3003 4478 Dominus;
3052 4416 3110 4463 ut
3137 4407 3314 4461 dicat:
3345 4401 3478 4457 Uni-

340 4497 464 4598 σοι)
493 4497 759 4599 ἴνα-εῖπῃζ
797 4529 907 4599 Τὴν
932 4497 1214 4598 ὁπλιτικὴν
1238 4497 1775 4598 παραυσκευὴκίᾶχρη-

1903 4497 2124 4576 versum
2177 4516 2431 4572 bellicum
2485 4516 2805 4581 apparatum
2860 4499 3143 4574 praestabit
3192 4497 3476 4552 inutilem:

2519 4604 2531 4610 -
2784 4599 2796 4610 .
2840 4606 2849 4610 -
3281 4604 3339 4610 ,η
3394 4586 3476 4610 με

224 4638 355 4675 στον
400 4621 669 4688 ἀποφανεί
715 4622 931 4673 πᾶσαν·
985 4619 1174 4673 ἀπολεῖ
1221 4618 1278 4671 δέ
1332 4635 1425 4670 σου
1462 4619 1561 4681 τὰς
1616 4618 1800 4680 πόλεις

225 4712 469 4774 ἁπάσας,
502 4711 601 4765 κᾶν
632 4711 841 4774 εἴτινες
873 4710 1089 4781 ἰσχυραί
1115 4727 1174 4762 τε
1200 4710 1293 4762 καὶ
1319 4708 1456 4778 μετά
1488 4708 1687 4778 πολλῆς
1710 4726 1798 4762 τε-

225 4800 568 4871 τειχισμέναι
614 4801 715 4870 τῆς
745 4800 1040 4868 ἀσφαλείας
1074 4801 1130 4853 ὲν
1168 4800 1358 4862 αὑταῖς
1387 4796 1523 4853 εἶναι
1564 4799 1798 4851 δοκοῖενο

227 4891 588 4944 συναπολέσει
616 4890 672 4943 δὲ
706 4891 895 4954 αὑταῖς
926 4892 1018 4945 καὶ
1049 4892 1227 4944 πάντα
1245 4892 1417 4945 ὁπόσα
1449 4908 1555 4961 περ
1589 4889 1676 4943 διὰ
1704 4890 1803 4958 τῆς

224 4983 552 5052 δαιμονικῆς
594 4979 811 5051 μετῄεις
828 4977 939 5048 (42)
956 4975 1273 5048 θεραπείας·
1291 4977 1360 5031 τά
1378 4978 1513 5049 γὰρ(
1540 4982 1805 5052 φάρμακὰ

228 5091 331 5127 σου
382 5091 401 5125 ι
447 5074 605 5126 τοῦτο
649 5072 816 5141 λέγει,
860 5073 949 5127 ἵνα
993 5073 1121 5145 εἴπῃ
1158 5073 1257 5136 τὰς
1293 5073 1505 5142 ἐπῳδὰς
1547 5075 1640 5126 καὶ
1679 5074 1805 5135 τοὺς

227 5164 579 5234 οἰωνισμοὺς,
611 5164 705 5216 καὶ
729 5164 900 5215 ὁπόσα
942 5162 1005 5233 δὴ
1042 5162 1265 5215 τοιαῦτα
1309 5162 1427 5226 ἔθος
1458 5158 1527 5233 ἦν
1558 5162 1804 5230 γίνεσθαι

230 5255 368 5325 παρ’
406 5255 621 5318 αὑτοῖς·
653 5256 714 5307 οὑ
755 5254 932 5307 τοίνυν
974 5254 1096 5307 οὑδὲ
1135 5254 1262 5316 τοὺς
1297 5252 1805 5323 ἀποφθεγγομένους

230 5343 368 5413 ἑξῆς
402 5341 483 5395 ἔτι
509 5345 636 5406 τοὺς
664 5346 783 5406 ταῖς
815 5343 1094 5412 μαντείαις
1120 5343 1214 5397 καὶ
1240 5346 1505 5413 χρησμοῖς
1532 5342 1805 5413 κεχρημέ-

231 5453 363 5498 νους
382 5452 397 5467 ·
434 5435 621 5505 ἐπειδὴ
647 5435 742 5487 καὶ
769 5434 836 5487 τὰ
865 5435 1059 5487 εἴδωλὰ
1096 5452 1188 5487 σου
1218 5435 1396 5488 πάντα
1429 5435 1524 5487 καὶ
1551 5434 1648 5497 τὰς
1683 5435 1803 5504 στή-

230 5528 335 5590 λας
364 5525 658 5597 ἀφανισμῷ
688 5526 939 5580 παντελεῖ
977 5528 1319 5598 παραδώσει·
1363 5526 1439 5590 ὡς
1473 5526 1606 5597 μηδὲ
1635 5527 1815 5596 βουλο-

236 5618 390 5690 μένῳ
419 5633 499 5670 σοι
527 5617 750 5671 δυνατὸν
786 5614 924 5671 εἶναι
952 5619 1021 5673 τὰ
1057 5617 1196 5671 αὐτὰ
1226 5619 1338 5681 τοῖς
1375 5616 1610 5688 πρόσθεν
1640 5598 1824 5669 ποιεῖν⁸

235 5711 335 5765 καὶ
374 5711 703 5780 προσκυνεῖν
731 5711 840 5773 τοῖς
868 5709 1046 5782 ἔργοις
1092 5710 1199 5765 τῶν
1236 5709 1429 5782 χειρῶν
1468 5708 1572 5763 τῶν
1619 5708 1811 5780 ὑμετέ-

344 5810 461 5880 με)
484 5809 619 5866 Cod.
655 5808 879 5880 μετιείς.

1904 4618 2242 4679 cunctasque
2290 4615 2412 4661 tuas
2452 4604 2617 4658 urbes
2667 4599 2878 4676 perdet,
2920 4606 3233 4665 quanquam
3276 4604 3343 4642 ex
3394 4586 3485 4640 his

1904 4706 2099 4773 aliqua:
2130 4702 2263 4755 satis
2303 4700 2471 4751 firma:
2496 4694 2777 4762 multoque
2806 4689 3028 4744 munitae
3059 4683 3313 4756 praesidio
3360 4694 3483 4735 esse

1904 4772 2225 4847 videantur:
2259 4803 2384 4842 cum
2414 4786 2588 4854 iisque
2610 4783 2863 4854 peribunt
2889 4784 3160 4849 quotquot
3190 4783 3245 4828 tu
3281 4772 3484 4826 daemo-

1908 4888 2068 4939 niaco
2092 4883 2240 4939 cultu
2270 4877 2723 4952 prosequebaris:
2770 4891 2895 4929 nam
2928 4871 3193 4929 vocabulo
3221 4866 3483 4923 veneficia

1909 4978 1962 5032 id
1992 4977 2247 5041 denotat;
2277 4989 2471 5042 nempe
2497 4969 2922 5030 incantationes,
2958 4965 3213 5035 auguria,
3250 4969 3304 5016 et
3331 4974 3484 5030 qua:-

1912 5084 2127 5138 cunque
2170 5064 2483 5135 hujusmodi
2535 5062 2677 5132 apud
2723 5077 2819 5116 eos
2850 5060 2963 5114 fieri
3007 5063 3290 5113 consueta.
3320 5053 3488 5126 Ergo-

1912 5178 1980 5214 ne
2004 5159 2398 5229 respondentes
2428 5156 2649 5226 quidem
2684 5169 2778 5224 per
2806 5151 3029 5204 oracula
3061 5154 3245 5211 erunt,
3270 5146 3384 5200 sive
3403 5144 3487 5197 di-

1910 5252 2287 5307 vinationibus
2322 5248 2674 5317 oraculisque
2725 5250 2977 5299 utentes:
3035 5238 3163 5309 quia
3214 5235 3357 5291 idola
3392 5242 3485 5288 tua

1912 5344 2094 5397 omnia
2118 5342 2414 5410 titulosque
2436 5352 2689 5408 supremo
2728 5334 2905 5389 tradet
2925 5332 3125 5387 exitio:
3152 5330 3226 5383 ita
3250 5335 3308 5381 ut
3338 5340 3406 5380 ne
3439 5324 3487 5379 si

1912 5435 2151 5490 volueris
2206 5433 2447 5503 quidem,
2496 5437 2709 5486 veteres
2768 5427 2907 5480 ritus
2964 5432 3089 5479 tuos
3144 5421 3489 5490 frequentare

1911 5529 2119 5593 valeas,
2141 5534 2196 5581 et
2221 5524 2439 5595 opificia
2463 5535 2721 5576 manuum
2746 5527 3055 5574 vestrarum
3085 5514 3336 5569 adorare.
3380 5510 3489 5564 Ex-

1915 5616 2166 5673 cidentur
2187 5615 2349 5670 etiam
2368 5613 2498 5679 luci,
2524 5612 2579 5665 in
2605 5611 2808 5680 quibus
2830 5607 3251 5677 superstitiones
3274 5612 3488 5659 vestras

1919 5710 2076 5782 agitis
2102 5724 2115 5761 :
2145 5708 2390 5763 civitates
2416 5703 2651 5774 denique
2675 5716 2867 5758 omnes
2894 5699 3197 5757 destruam.
3225 5697 3404 5768 Atque
3426 5704 3487 5749 ut
