3824 6522
322 328 325 331 Δ
428 376 537 434 583

1636 366 1829 427 ΤΙΙΕΟ
1845 368 2006 435 0081

2134 364 2529 428 lPSUESTENl
3561 378 3642 432 334

433 497 747 553 summatim
776 493 977 557 dicam,
998 492 1077 547 ira
1098 507 1161 546 ac
1182 491 1366 549 lurore
1384 501 1689 547 commotus
1713 492 2004 547 maximam

2134 508 2252 545 le'
2296 491 2689 562 Ἐκκοπήσεται
2722 488 2779 542 δὲ
2818 489 2910 543 καὶ
2950 491 3016 544 τὰ
3046 490 3183 561 ἄλση
3232 489 3290 543 ἐν
3316 485 3399 554 οἷς
3417 492 3503 556 τὰς
3536 497 3643 566 θρη-

433 589 926 660 gravissimamque
960 586 1117 641 vobis
1142 600 1358 656 poenam
1385 586 1659 654 imponam
1701 591 1862 653 atque
1888 598 2013 654 per-

433 684 655 743 niciem,
700 680 827 750 quia
858 694 979 743 mea
1042 678 1301 734 noluistis
1361 678 1636 733 abstinere
1687 686 1860 742 terra;
1920 674 2013 730 sed

438 774 578 827 lianc
607 786 822 841 quoque
844 780 1039 839 praeter
1061 770 1460 841 beneplaeitum
1487 784 1666 822 meum
1694 766 2013 838 depopulari

436 864 707 920 voluistis.
743 862 860 918 Jam
896 863 984 916 ubi
1026 862 1094 917 de
1147 862 1327 916 futura
1356 875 1513 931 poena
1546 860 1896 930 Assyriorum
1936 858 2019 912 di-

437 956 595 1011 cen‘di
629 956 787 1008 linem
822 954 968 1019 fecit,
1003 962 1229 1023 propter
1277 953 1494 1006 illorum
1526 952 1789 1006 adversus
1819 948 2017 1004 Hieru-

438 1047 606 1101 salem
661 1062 879 1112 ausum,
916 1047 979 1100 ad
1026 1046 1285 1115 populum
1316 1044 1483 1098 verba
1529 1043 1820 1105 convertit,
1868 1055 2019 1095 nunc

439 1146 751 1208 opportune
803 1140 1074 1206 ingratum
1120 1135 1269 1189 illius
1327 1135 1568 1187 animum
1623 1130 2019 1203 reprehendere

440 1228 785 1299 aggrediens.
842 1227 982 1294 Quin
1032 1226 1167 1281 adeo
1198 1226 1432 1279 tribunal
1461 1222 1735 1294 quoddam
1770 1232 2017 1279 statuens

442 1321 726 1391 proyheta,
771 1320 851 1375 sic
887 1320 959 1373 ait
984 1337 999 1373 :

2121 580 2310 643 σκείας
2355 578 2650 632 ἐπιτελεῖτε
2688 577 2786 641 τὰς
2816 579 3042 645 οἰκείας,
3087 580 3185 643 τάς
3214 597 3274 632 τε
3314 581 3487 646 πόλεις
3525 583 3647 653 ὑμων

2120 671 2339 734 ἁπάσας
2389 669 2636 739 ἀφανιῶ·
2686 670 2801 735 καὶ,
2850 670 3130 739 συντόμως
3169 671 3364 735 εἰπεῖν,
3412 672 3535 745 ὀργῇ
3577 677 3651 728 καὶ

2124 762 2281 833 θυμῷ
2332 763 2694 834 χρησάμενος,
2741 763 3005 833 μεγίστην
3063 763 3151 816 καὶ
3221 762 3522 834 βαρυτάτην
3553 768 3651 836 ὑμῖν

2122 857 2221 925 τήν
2252 872 2312 907 τε
2332 856 2600 926 τιμωρίαν
2630 855 2831 909 ἐποίσω
2860 856 2954 909 καὶ
2980 855 3079 927 τὴν
3116 854 3411 919 ἀπώλειαν,
3449 854 3576 927 ὑπὲρ
3598 851 3655 911 ὧν

2120 946 2454 1017 ἀποσχέσθαι
2498 948 2591 1017 τῆς
2643 946 2827 1019 χώρας
2878 948 2979 1000 οὐκ
3018 946 3352 1017 ἡϐουλήθητε
3394 948 3489 1018 τῆς
3526 949 3654 1018 ἐμῆς,

2121 1037 2258 1091 ἀλλὰ
2286 1038 2396 1111 γὰρ
2426 1039 2692 1110 ἠλπίσατε
2723 1041 2875 1113 παρά
2901 1041 2962 1094 τὸ
2994 1042 3116 1110 ἐμοὶ
3141 1039 3331 1093 δοκοῦν
3361 1041 3555 1112 ἐρημίᾳ
3577 1060 3659 1095 παι

2126 1132 2398 1202 ραδιδόναι
2449 1136 2543 1187 καὶ
2583 1134 2807 1206 ταύτην.
2855 1134 2965 1189 Καὶ
3004 1134 3188 1205 ἐπειδὴ
3227 1134 3550 1204 συνεπέρανε
3584 1137 3662 1207 τὴν

2124 1225 2577 1296 ἐπαχθησομὲνην
2616 1230 2726 1291 τοῖς
2767 1227 3068 1298 Ἀσσυρίοις
3101 1226 3395 1297 τιμωρίαν,
3441 1228 3568 1297 ὑπὲρ
3606 1222 3663 1281 ὧν

2127 1315 2372 1368 ἐπελθεῖν
2399 1316 2768 1389 τετολμήκασι
2802 1320 2869 1388 τῇ
2915 1317 3287 1388 Ἰερουσαλὴμ,
3322 1320 3400 1386 (p.
3430 1317 3547 1387 ⁸505)
3570 1320 3665 1388 τρέ-

442 1430 535 1466 πει
568 1412 703 1482 πρὸς
729 1411 820 1464 τὸν
851 1411 976 1465 λαὸν
1004 1412 1095 1465 τὸν
1127 1411 1302 1480 λόγον,
1343 1411 1400 1463 ἐν
1427 1407 1605 1478 καιρῷ
1665 1407 1762 1461 νῦν
1807 1405 2041 1478 μάλιστα
2098 1405 2197 1477 τὴν
2242 1406 2634 1479 ἀγνωμοσύνην
2691 1407 2868 1461 αὐτῶν
2918 1408 3157 1478 ἐλέγχειν
3206 1405 3536 1476 ὑπειληφώς.
3580 1408 3670 1460 Καὶ

443 1505 507 1577 δὴ
539 1507 630 1559 καὶ
656 1506 933 1576 κριτήριόν
954 1523 1006 1559 τι
1027 1504 1264 1569 καθίζων
1297 1504 1326 1556 ὁ
1347 1504 1629 1575 προφήτης
1659 1501 1804 1556 οὕτω
1836 1500 2021 1571 φησίν

517 1760 679 1814 Vens.
722 1760 835 1815 l-5.
877 1790 947 1803 —-
986 1780 1003 1814 ι
1046 1670 1217 1833 εἳέᾷ
1256 1672 1565 1832 εῗιίιιὰἰρίο
1603 1760 1847 1831 discepta
1890 1774 2013 1815 cum

2771 1675 2929 1728 ΚΕΦ.
2966 1676 3058 1728 σν.

2771 1676 2929 1728 xm.
3024 1679 3058 1728 ν.

2194 1764 2338 1834 Στίχ.
2378 1770 2517 1820 α’-ε’.
2550 1794 2621 1807 --
2654 1783 2673 1817 ‹
2723 1676 3031 1837 Ἀνάστηᾶ
3060 1765 3276 1838 κρίοητι
3312 1769 3448 1838 πρδς
3477 1769 3671 1839 TW"

442 1852 741 1916 montibus,
764 1861 816 1906 et
836 1853 1057 1907 audiant
1078 1854 1246 1909 colles
1271 1868 1456 1908 vocem
1482 1864 1649 1907 tuam.
1676 1853 1886 1915 Audite,
1910 1852 2023 1906 col-

2134 1858 2220 1909 καὶ
2242 1858 2628 1911 ἀκουσάτωσαν
2649 1856 2823 1927 βουνοί
2845 1859 3028 1929 φωνήν
3049 1877 3145 1911 σου
3160 1876 3171 1887 ·
3194 1860 3484 1923 ἀκούσατε,
3505 1861 3674 1929 βουνοί,

443 1944 551 2008 les,
582 1945 850 2014 judicium
895 1944 1128 2011 Domini,
1177 1962 1275 2001 nec
1315 1961 1424 2000 non
1462 1946 1629 2000 valles
1673 1944 2021 1999 fundamenta

445 2043 623 2099 terrae,
670 2038 796 2106 quia
832 2038 1101 2105 judicium
1142 2037 1371 2091 Domino
1414 2052 1536 2091 cum
1585 2036 1784 2107 populo
1815 2050 1934 2095 suo,
1970 2043 2024 2089 et

444 2143 569 2182 cum
626 2128 821 2184 lsraele
856 2129 1205 2200 disceptabit.
1247 2150 1265 2181 ι
1307 2129 1410 2185 Sed
1443 2131 1567 2200 quia
1622 2138 1701 2183 tot
1750 2129 2025 2197 tantisque

446 2220 610 2290 200
639 2221 691 2275 in
720 2236 814 2277 eos
840 2222 1053 2278 collatis
1076 2238 1105 2276 a
1136 2222 1243 2279 Deo
1270 2222 1565 2287 beneficiis,
1593 2221 1864 2291 ingratum
1894 2218 2027 2271 nihi-

445 2311 686 2367 lominus
709 2314 949 2366 animum
982 2313 1237 2376 retinent,
1266 2313 1423 2383 cujus
1448 2328 1615 2368 causa
1657 2312 1817 2367 etiam
1854 2310 2029 2380 Baby-

446 2402 679 2457 lonicam
707 2404 1046 2473 pertulerunt
1084 2405 1475 2474 captivitatem,
1518 2419 1651 2459 sane
1695 2402 2028 2473 perlibenter

442 2494 708 2564 judicium
724 2494 999 2551 instituam
1034 2497 1177 2552 inter
1210 2496 1378 2552 Deum
1408 2504 1461 2551 et
1494 2496 1617 2550 illos
1653 2512 1666 2547 :
1705 2510 2026 2564 sumamque

444 2588 656 2658 judices
682 2598 895 2644 montes
920 2598 974 2645 et
1000 2590 1165 2645 colles
1196 2590 1495 2660 vallesque,
1523 2604 1642 2659 qua:
1676 2598 1831 2643 antea
1863 2588 2027 2641 innu-

451 2679 766 2733 merabilem
800 2679 944 2734 illam
979 2690 1311 2748 exceperunt
1340 2679 1688 2749 Assyriorum
1721 2679 2030 2735 multitudi-

450 2785 573 2825 nem
621 2768 957 2828 Hierusalem
998 2770 1458 2841 aggredientium,
1506 2785 1602 2840 per
1640 2784 1832 2825 omnes
1876 2779 2031 2825 extra

451 2863 603 2919 locos
624 2864 930 2935 dispersam
956 2882 969 2918 :
997 2864 1141 2919 unde
1169 2864 1435 2933 plurimus
1467 2862 1617 2918 urbis
1640 2863 1849 2917 incolas
1872 2863 2033 2916 timor

454 2955 704 3023 incessit;
722 2957 849 3013 dein
875 2965 1095 3027 repente
1123 2964 1203 3010 tot
1222 2957 1528 3010 habuerunt
1549 2958 1695 3012 circa
1719 2971 1777 3011 se
1791 2956 2031 3025 projects

458 3049 726 3104 cadavera
756 3050 1035 3104 hominum
1072 3058 1222 3102 tanta
1248 3064 1421 3118 nuper
1457 3049 1713 3120 superbia
1738 3048 2028 3101 elatorum.

2125 1952 2223 2023 τὴν
2255 1953 2434 2023 κρίσιν
2458 1952 2550 2005 τοῦ
2584 1953 2810 2023 Κυρίου,
2836 1953 2929 2007 καὶ
2960 1955 3013 2008 αί
3042 1954 3322 2025 φάραγγες
3354 1955 3572 2023 θεμέλια
3596 1956 3671 2025 τῆς

2125 2045 2249 2114 γῆς,
2284 2045 2365 2097 ὃτι
2414 2044 2595 2115 κρίσις
2626 2044 2703 2114 τῷ
2738 2045 2927 2115 Κυρίῳ
2972 2045 3107 2115 πρὸς
3139 2045 3228 2099 τὸν
3251 2044 3379 2098 λαὸν
3412 2046 3676 2103 αὑτοῦ,καὶ

2129 2134 2269 2204 μετά
2312 2134 2406 2186 τοῦ
2469 2133 2683 2204 Ἰσραὴλ
2730 2134 3184 2204 διελεγχθήσεται.
3231 2152 3251 2186 ι
3323 2134 3464 2187 Ἀλλ’
3516 2135 3675 2205 ἐπειδὴ

2126 2226 2413 2287 τοιούτων,
2454 2225 2617 2294 φησὶ,
2655 2225 2764 2277 τῶν
2808 2225 2959 2296 παρά
2991 2224 3126 2277 Θεοῦ
3159 2226 3461 2295 γεγονότων
3493 2229 3565 2288 είς
3595 2228 3674 2277 αὖ·

2127 2320 2272 2383 τοὺς,
2300 2318 2454 2372 ούθέν
2487 2313 2647 2388 ἦττον
2678 2318 2769 2370 ἐπὶ
2802 2317 2902 2387 τῆς
2933 2319 3326 2388 ἀγνωμοσύνης
3359 2320 3573 2388 μένουσι
3599 2319 3679 2388 τῆς

2127 2410 2365 2475 οίκείας,
2410 2410 2550 2482 ὑπὲρ
2585 2403 2661 2463 ὧν
2689 2410 2746 2463 δέ
2786 2409 2881 2463 καὶ
2927 2410 3027 2481 τὴν
3059 2411 3122 2463 ἐκ
3155 2410 3474 2474 Βαϐυλῶνος
3503 2411 3679 2479 ὑπομέν

2128 2518 2309 2556 νουσιν
2349 2500 2754 2571 αἰχμαλωσίαν,
2811 2500 3002 2571 ἥδιστα
3035 2503 3099 2554 ἂν
3145 2501 3327 2574 κρίσιν
3372 2502 3681 2570 ποιησαίμην

2129 2592 2222 2647 τοῦ
2255 2608 2313 2644 τε
2339 2590 2473 2644 Θεοῦ
2504 2590 2767 2644 κάκείνων
2786 2607 2799 2621 ο
2826 2592 2920 2643 καὶ
2945 2588 3164 2659 δέξομαι
3186 2590 3377 2659 κριτὰς
3411 2591 3482 2642 τά
3509 2608 3563 2642 τε
3600 2598 3681 2661 ὅρη

2131 2682 2224 2736 καὶ
2253 2682 2378 2744 τοὺς
2407 2679 2625 2749 βουνοὺς
2655 2680 2747 2732 καὶ
2771 2679 2869 2743 τάς
2900 2681 3206 2750 φάραγγας,
3238 2680 3273 2733 ὃ.
3308 2679 3572 2750 πρότερον
3598 2680 3683 2747 μὲν

2127 2770 2344 2835 ἐδέξατο
2367 2771 2427 2824 τὸ
2450 2770 2816 2841 ἀναρίθμητον
2839 2772 3011 2823 ἐκεῖνο
3036 2770 3142 2823 τῶν
3180 2771 3484 2841 Ἀσσυρίων
3506 2769 3683 2840 πλῆθος

2132 2862 2457 2932 ἐπεληλυθδς
2504 2864 2570 2932 τῇ
2619 2862 2970 2933 Ἰερουσαλὴμ
3002 2862 3096 2915 καὶ
3145 2862 3284 2915 κατὰ
3323 2863 3536 2925 πάντας
3578 2862 3686 2925 τοὺς

2132 2954 2331 3021 ἔξωθεν
2370 2954 2769 3025 διεσπαρμένον
2808 2954 3035 3018 τόπους’
3087 2955 3179 3024 ἀφ’
3225 2950 3286 3008 οῦ
3329 2954 3392 3026 δὴ
3421 2958 3517 3009 καὶ
3550 2953 3689 3023 φόϐος

2131 3051 2242 3109 τοῖς
2285 3045 2429 3098 κατά
2473 3046 2569 3114 τὴν
2602 3044 2772 3111 πόλιν,
2807 3045 2883 3109 ὡς
2924 3046 3090 3109 εἰκὸς,
3138 3045 3386 3099 ἐπέκειτο
3429 3045 3687 3107 πλεῖστος

452 3138 613 3210 Digni
636 3148 783 3195 certe
815 3141 918 3195 llde
982 3148 1147 3195 testes
1184 3141 1238 3194 hi
1271 3149 1433 3195 erunt
1458 3141 1511 3194 in
1558 3140 1789 3209 judicio,
1826 3140 1919 3209 qui
1976 3148 2027 3195 et

2138 3132 2258 3191 εἶτα
2304 3136 2497 3209 ἁθρόον
2552 3136 2720 3208 νεκρά
2768 3136 2836 3189 τὰ
2891 3136 3129 3190 τοσαῦτα
3187 3137 3415 3207 σώματα
3466 3137 3613 3207 ἔσχεν
3643 3136 3692 3188 ἐν

456 3237 798 3299 spectatores
854 3229 1097 3285 fuerunt.
1172 3230 1291 3285 Mox
1334 3240 1589 3300 tanquam
1631 3246 1728 3301 pro
1770 3231 2030 3285 tribunali

458 3318 677 3384 sedens,
707 3328 761 3372 et
817 3319 929 3388 jam
960 3320 1210 3374 convicta
1237 3320 1606 3375 lsraelitarum
1636 3320 1910 3383 vecordia,
1944 3335 2041 3374 co-

458 3426 577 3465 ram
604 3411 886 3480 judicibus
915 3427 1206 3481 rerumque
1234 3414 1489 3474 testibus,
1528 3413 1824 3467 introducit
1850 3420 2037 3482 postea

460 3504 597 3559 dicis
625 3518 790 3557 causa
851 3502 1018 3559 Deum
1058 3503 1233 3573 ipsum
1286 3505 1365 3559 eis
1399 3505 1667 3559 dicentem
1719 3522 1733 3558 :
1782 3522 1799 3554 ι
1838 3503 2040 3574 Popule

463 3609 643 3657 meus,
677 3595 804 3664 quid
837 3594 936 3648 feci
980 3595 1098 3655 tibi,
1132 3595 1299 3649 autin
1335 3611 1444 3664 quo
1478 3596 1741 3651 molestus
1764 3594 1857 3648 tibi
1886 3596 1959 3648 lui
1983 3596 2034 3647 ’ἐι

430 3683 434 3687 ⁴
464 3685 720 3741 Profecto
753 3702 839 3742 res
872 3686 1164 3757 Assyriaca
1190 3702 1309 3756 qua:
1336 3687 1517 3751 fuerit,
1554 3696 1789 3749 constat,
1826 3696 1879 3742 et
1909 3701 2043 3756 qua-

466 3779 535 3834 lis
564 3793 663 3833 vos
702 3779 1057 3847 providentia:
1087 3795 1219 3834 meae
1282 3779 1676 3834 demonstratio
1728 3780 2040 3835 exstitistis.

468 3872 731 3940 Superest
766 3880 823 3925 ut
845 3870 973 3924 mihi
1004 3871 1220 3933 dicatis,
1246 3887 1373 3925 num
1405 3888 1595 3941 parum
1628 3874 1711 3928 vel
1750 3876 1978 3927 multum
2013 3888 2043 3926 a

466 3980 555 4020 me
586 3964 893 4019 contristati
958 3964 1191 4029 fueritis,
1232 3980 1361 4016 num
1394 3965 1687 4032 aliquando
1738 3965 2045 4027 nocuerint,

467 4067 562 4112 aut
600 4058 826 4111 omnino
856 4057 1119 4111 molestus
1144 4057 1229 4110 vel
1262 4057 1445 4126 gravis
1473 4058 1625 4112 visus
1652 4058 1807 4111 vobis
1829 4056 2045 4111 fuerim.

358 4186 359 4189 η
472 4150 615 4215 Mox,
657 4150 813 4221 quasi
867 4150 1002 4204 nihil
1059 4157 1250 4203 contra
1317 4150 1430 4203 haec
1462 4149 1676 4203 hiscere
1703 4146 2044 4213 audentibus,

2139 3232 2351 3295 ἑαυτοῖς
2401 3230 2711 3301 ἐρριμμένα
2758 3228 2866 3283 τῶν
2915 3229 3021 3300 πρὸ
3068 3228 3297 3300 βραχέος
3335 3229 3549 3300 μεγάλα
3580 3246 3691 3299 φρο-

2137 3326 2405 3379 νούντων’
2461 3323 2764 3390 ἀξιόπιστοι
2818 3322 2927 3394 γὰρ
2990 3317 3134 3376 οῦτοι
3192 3322 3327 3393 πρὸς
3379 3322 3481 3392 τὴν
3539 3323 3693 3391 κρίσιν

2138 3415 2351 3468 ἔσονται
2396 3414 2621 3483 ταύτην,
2663 3414 2713 3466 οί
2755 3412 2849 3467 καὶ
2878 3413 3067 3466 θεαταὶ⁵
3108 3412 3215 3465 τῶν
3244 3413 3567 3481 γεγονότων.
3600 3408 3695 3464 Εἶθ’

2138 3509 2215 3569 ὡς
2273 3507 2339 3560 ἂν
2388 3506 2669 3576 κριτήριον
2726 3504 2974 3569 καθίσας,
3020 3504 3109 3557 καὶ
3171 3504 3233 3575 δὴ
3288 3504 3556 3574 πρόδηλον
3605 3503 3697 3556 τῶν

2153 3597 2503 3669 Ἰσραηλιτῶν
2533 3598 2631 3668 τὴν
2672 3596 3065 3668 ἀγνωμοσύνην
3106 3599 3335 3666 ποιήσας
3367 3598 3475 3650 ὑπὸ
3510 3599 3699 3665 κριταζ

2141 3693 2253 3754 τοῖς
2294 3690 2387 3743 καὶ
2423 3690 2659 3760 μάρτυσι
2702 3689 2810 3742 τῶν
2840 3691 3139 3760 γεγονότων
3159 3732 3173 3755 ,
3203 3692 3410 3759 εἰσάγει
3442 3690 3622 3743 λοιπὸν
3650 3690 3702 3740 ὲκ

2143 3780 2461 3853 περιουσίας
2494 3781 2583 3835 τὸν
2616 3780 2747 3833 Θεὸν
2776 3780 3001 3849 λέγοντα
3037 3781 3171 3851 πρὸς
3201 3780 3394 3843 αὐτούς
3414 3798 3426 3808 θ
3466 3782 3549 3849 (p.
3583 3778 3700 3840 506)

2150 3891 2170 3925 ι
2207 3873 2351 3937 Λαός
2382 3890 2504 3943 μου,
2527 3873 2580 3925 τί
2610 3873 2842 3944 ἐποίησά
2873 3889 2955 3935 σε,
2986 3872 3017 3941 ἢ
3043 3872 3094 3924 τί
3117 3872 3526 3943 παρηνώχλησά
3554 3889 3653 3935 σοις
3685 3888 3700 3918 ι

2159 3965 2320 4018 Ἀλλά
2362 3965 2472 4036 γὰρ
2500 3965 2568 4017 τὰ
2599 3965 2695 4035 μὲν
2725 3964 2865 4017 κατὰ
2894 3964 2983 4016 τὸν
3023 3965 3303 4034 ’Λασύριον
3328 3963 3495 4032 δῆλα,
3532 3962 3701 4031 ςησὶν,

2147 4057 2294 4121 ὅπως
2328 4056 2512 4127 ἔσχεν,
2544 4056 2675 4126 δσην
2708 4072 2766 4107 τε
2798 4055 2897 4124 τῆς
2950 4054 3269 4125 κηδεμονίας
3317 4071 3416 4124 μου
3468 4056 3568 4123 τῆς
3599 4052 3706 4121 περὶ

2148 4148 2294 4217 ὑμᾶς
2339 4146 2647 4217 παρέσχητε
2694 4147 2793 4215 τὴν
2840 4145 3143 4211 ἀπόδειξινο
3178 4144 3459 4215 ἐπιτρέπω
3502 4146 3559 4198 δὲ
3599 4145 3711 4212 ὑμῖν

476 4237 808 4305 «Responde
838 4237 987 4298 milii,
1010 4255 1027 4287 ι
1075 4236 1273 4305 inquit,
1326 4238 1482 4306 quasi
1521 4238 1686 4299 dicat,
1710 4239 1845 4293 Fare
1878 4252 1977 4307 age
2004 4254 2027 4293 s

2150 4238 2350 4307 λέγειν,
2377 4238 2430 4290 εῐ
2458 4254 2511 4289 τι
2543 4237 2737 4309 μικρὸν
2766 4236 2798 4306 ἢ
2838 4236 2976 4305 μέγα
3012 4233 3229 4287 πώποτε
3259 4234 3567 4305 λελύπησθε
3600 4233 3709 4303 παρ’

472 4328 602 4397 quid
635 4329 835 4392 habes;
872 4327 1147 4381 admittam
1188 4329 1353 4392 enim,
1390 4328 1434 4381 si
1472 4343 1597 4382 vera
1634 4328 2027 4398 loqueris.Tun

2152 4330 2308 4401 ἐμοῦ,
2338 4332 2386 4383 εί
2421 4328 2696 4399 πεποίηκά
2736 4346 2789 4380 τι
2836 4326 3087 4397 βλάπτων
3136 4327 3278 4396 ὑμᾶς
3302 4368 3315 4392 ,
3370 4327 3419 4378 εί
3445 4325 3711 4393 λελύπηκα

475 4434 575 4473 ceu
612 4419 719 4472 illis
751 4433 980 4487 prorsus
1003 4419 1292 4473 silentibus
1322 4419 1658 4474 conscientia
1692 4434 1789 4474 sua
1824 4422 2027 4476 convic'

2155 4422 2444 4489 καθάπαξ,
2481 4424 2529 4474 εί
2559 4421 2812 4491 φορτικὸς
2852 4420 2908 4472 ἔν
2952 4437 3093 4472 τισιν
3120 4418 3307 4488 ὤφθην
3333 4421 3494 4489 ὐμίνο
3524 4416 3617 4472 εἷθ’
3648 4418 3711 4477 ὡς

475 4511 571 4574 tis,
599 4519 655 4565 et
689 4510 779 4566 Dei
817 4510 978 4566 verba
999 4512 1304 4567 nullatenus
1331 4511 1581 4566 falsitatis
1608 4526 1836 4583 arguere
1859 4512 2027 4566 valen-

2150 4513 2216 4567 ἂν
2256 4513 2377 4566 ούδέ
2411 4512 2547 4582 πρὸς
2590 4511 2761 4563 ταῦτα
2800 4510 2980 4579 φωνὴν
3012 4510 3275 4579 ἐχόντων,
3311 4528 3330 4560 ι
3377 4506 3713 4580 ’Δποκρίθητί

477 4603 648 4666 tibus,
701 4604 876 4673 pergit
929 4603 1111 4657 dicere
1148 4624 1160 4657 :
1196 4620 1214 4653 ε
1272 4602 1408 4668 Quia
1471 4602 1634 4657 eduxi
1692 4612 1742 4658 te
1788 4603 1854 4659 de
1909 4615 2027 4658 terr;

2154 4622 2277 4676 μοι,
2317 4623 2335 4656 ι
2370 4602 2534 4672 φησίν
2555 4620 2566 4628 ·
2601 4603 2687 4655 ἴνα
2726 4602 2852 4673 εἴπῃ
2875 4618 2890 4631 ⁶
2923 4602 3060 4670 Λέγε
3082 4643 3096 4666 ,
3138 4600 3192 4654 εἴ
3216 4619 3268 4652 τι
3303 4600 3447 4671 ἔχεις
3467 4618 3481 4631 ο
3512 4601 3716 4669 δέξομαι

479 4693 730 4766 Egypti,
761 4703 815 4749 et
852 4695 920 4750 de
975 4694 1136 4748 domo
1178 4695 1457 4750 servitutis
1492 4695 1700 4750 redemi
1730 4703 1815 4761 te;
1856 4706 1909 4750 et
1932 4696 2027 4751 mis

2151 4696 2280 4768 γὰρ,
2298 4694 2365 4750 ἂν
2392 4694 2667 4766 ἀληθεύων
2681 4695 2864 4767 λέγῃς.
2894 4691 3027 4758 Εἶθ’,
3054 4694 3129 4757 ὡς
3156 4695 3575 4765 σεσιωπηκότων
3604 4691 3717 4745 καθ-

481 4796 607 4841 ante
666 4785 858 4840 faciem
902 4793 1050 4840 tuam
1110 4788 1351 4858 Moysen:
1417 4794 1472 4840 et
1526 4785 1796 4840 Aaronem
1835 4795 1891 4841 et
1940 4788 2026 4841 Ma

2154 4787 2301 4853 ἅπαξ
2347 4787 2437 4841 διὰ
2482 4787 2578 4859 τὴν
2650 4789 2987 4858 συνείδησιν,
3020 4787 3115 4841 καλ⁸
3163 4787 3250 4840 διὰ
3300 4787 3359 4840 τὸ
3392 4788 3559 4858 μηδὲν
3595 4786 3719 4855 ἔχειν

481 4878 643 4932 riam.
678 4896 697 4928 ν
738 4874 877 4930 Num
907 4891 1035 4947 ergo
1086 4862 1198 4931 haec
1228 4877 1362 4931 mihi
1390 4878 1673 4941 retribuis,
1707 4876 1834 4946 quia
1863 4885 1919 4932 te
1974 4878 2027 4931 in

2154 4877 2264 4931 τῶν
2285 4879 2405 4949 είρη
2414 4877 2587 4947 μένων
2612 4877 2715 4930 ὑπὸ
2733 4878 2824 4931 τοῦ
2843 4878 2976 4931 Θεοῦ
2998 4878 3241 4949 ἐλέγχειν
3260 4878 3476 4948 ψευδὲς,
3508 4878 3719 4945 ἐπάγει*

480 4976 700 5036 sperato
756 4978 866 5022 tam
927 4969 1121 5023 acerba
1194 4968 1418 5023 liberavi
1487 4969 1771 5034 servitute,
1852 4968 2027 5039 Moyse

2169 4986 2189 5019 ι
2231 4968 2374 5022 Διότι
2414 4969 2688 5039 ἀνήγαγὸν
2718 4987 2775 5022 σε
2804 4972 2867 5023 ἐκ
2906 4970 3009 5041 γῆς
3038 4970 3334 5038 Αἰγύπτου,
3358 4970 3452 5023 καὶ
3480 4970 3539 5034 ἐξ
3588 4970 3721 5022 οἴκου

482 5063 723 5127 Aarone,
760 5076 825 5115 ac
851 5060 1019 5115 Maria
1059 5061 1328 5116 ministris
1373 5076 1438 5117 ac
1460 5061 1693 5117 ducibus
1726 5064 1863 5115 tanti
1896 5062 2027 5117 bene

2164 5061 2406 5125 δουλείας
2422 5061 2812 5134 ἐλυτρωσάμην
2832 5081 2887 5116 σε
2908 5081 2920 5093 ·
2950 5064 3043 5117 καὶ
3068 5063 3421 5128 ἐξαπέστειλα
3446 5064 3552 5133 πρὸ
3578 5079 3727 5131 προσ-

485 5158 591 5212 ﬁcii
617 5156 812 5211 utens?
832 5176 850 5206 ι
874 5154 1079 5224 Popule
1096 5172 1273 5218 meus,
1290 5165 1580 5218 memento,
1599 5154 1727 5226 quid
1744 5155 2027 5226 cogitaveri

2170 5154 2320 5208 ὠπου
2355 5154 2447 5207 τὸν
2502 5154 2710 5224 Μωσῆν
2737 5156 2830 5208 καὶ
2866 5154 3076 5226 Ἂαρὼν
3107 5155 3200 5208 καὶ
3226 5155 3475 5225 Μαριάμ.
3522 5173 3541 5204 ι
3585 5152 3727 5204 Ἀλλὰ

484 5258 675 5305 contra
702 5260 752 5305 te
777 5266 872 5305 rex
916 5251 1172 5314 Moabita,
1208 5258 1262 5305 et
1293 5251 1423 5320 quid
1456 5248 1799 5319 responderit
1819 5251 1867 5304 ei
1899 5248 2026 5303 Bala

2174 5244 2247 5315 μὴ
2276 5243 2432 5297 τοῦτό
2455 5260 2566 5314 μοι,
2597 5244 2679 5296 ὅτι
2714 5260 2773 5296 σε
2797 5245 2946 5313 παρὰ
2966 5244 3145 5296 πᾶσαν
3165 5243 3355 5296 ἐλπίδα
3374 5243 3474 5310 τῆς
3496 5242 3639 5294 οὕτω
3662 5259 3731 5292 πι-

489 5343 848 5399 Moabitarum
886 5359 1014 5409 rex;
1048 5354 1101 5397 et
1129 5344 1285 5413 201
1321 5342 1447 5413 quid
1487 5343 1831 5413 responderit
1872 5343 1922 5396 ei
1963 5342 2027 5395 Ba

2172 5338 2311 5409 κρᾶς
2330 5336 2616 5407 ἀπήλλαξα
2635 5335 2895 5400 δουλείας,
2918 5337 3087 5406 Μωσῇ
3106 5352 3163 5387 τε
3181 5335 3274 5389 καὶ
3299 5335 3504 5404 Ἀαρὼν
3518 5334 3613 5386 καὶ
3632 5333 3732 5385 Μα-

489 5436 628 5488 Iaam
668 5434 813 5490 illius
842 5435 1027 5496 Beori.
1060 5437 1127 5491 de
1152 5435 1404 5490 Sehmnis
1430 5450 1605 5505 usque
1632 5435 1698 5488 ad
1729 5432 1975 5504 Galgala,
2010 5451 2027 5487 ι

2179 5428 2312 5500 ριὰμ
2329 5428 2628 5500 ὑπηρέταις
2642 5443 2700 5479 τε
2718 5427 2812 5480 καὶ
2835 5423 3264 5499 προηγουμένοις
3281 5424 3378 5494 τῆς
3398 5422 3604 5494 δωρεᾶς
3619 5436 3729 5492 χρηι

377 5588 381 5592 1
490 5533 822 5591 agnoscatur
855 5525 1061 5591 iustitia
1096 5526 1329 5581 Domini.
1365 5544 1384 5577 ι
1418 5523 1536 5578 Jam
1558 5532 1613 5577 tu
1647 5523 1733 5578 fac
1759 5524 2022 5579 meminer

2180 5519 2645 5592 σάμενοςταύτης.
2675 5538 2695 5570 ι
2726 5518 2867 5581 Λαός
2887 5535 3010 5589 μου,
3036 5516 3303 5587 μνήσθητι
3322 5514 3373 5567 τί
3392 5513 3735 5567 ἐὸουλεύσατο

494 5613 675 5669 Balaci
702 5631 918 5686 quoque
947 5618 1092 5683 regis
1124 5616 1506 5683 Moabitarum,
1541 5616 1631 5685 qui
1675 5616 1740 5668 ad
1777 5630 1835 5669 se
1874 5622 2027 5669 contr

2172 5612 2318 5668 κατὰ
2359 5611 2451 5665 σοῦ
2499 5611 2682 5664 Βαλὰκ
2734 5610 2987 5681 βασιλεὺς
3023 5608 3197 5663 Μωάὸ
3219 5624 3233 5639 ⁸
3263 5607 3357 5660 καὶ
3396 5605 3449 5658 τί
3473 5601 3732 5674 ἀπεκρίθη

494 5721 596 5762 vos
627 5708 837 5768 vocavit
858 5709 1167 5764 Balaamum
1193 5711 1313 5777 ;hic
1341 5717 1520 5766 autem
1550 5710 1726 5778 primo
1748 5706 1965 5776 quidem
1990 5707 2027 5762 ii

2175 5706 2325 5778 αὐτῴ
2355 5705 2583 5776 Βαλαὰμ
2602 5704 2715 5768 υίὸς
2732 5703 2824 5758 τοῦ
2849 5702 2999 5775 Βεὼρ
3022 5702 3127 5756 ἀπὸ
3154 5700 3261 5754 τῶν
3286 5700 3504 5773 σχοίνων
3520 5697 3629 5759 ’έως
3650 5692 3735 5747 τοῦ
