3824 6514
100 350 184 406 535
964 352 967 355 λ
991 335 1535 401 COMMENTARIUS
1572 343 1623 399 ι)

1734 344 1989 403 ΙΕΗΑΕΑΞ
2028 346 2182 405 CAP.
2220 347 2312 403 Vl.

3190 353 3294 410 39-6

97 474 128 527 Γ
129 468 302 537 αλγὰλ,
327 469 467 531 ὅπως
496 439 739 537 ἐγνωσθῇο
776 467 809 539 ή
838 466 1151 539 δικαιοσύνη
1184 466 1278 520 τοῦ
1320 467 1545 538 Κυρίου.
1586 484 1604 517 ι

1728 468 1908 532 moluit,
1939 469 2195 524 mandato
2221 483 2341 526 meo
2376 477 2612 541 :postea
2635 470 2938 544 profectus,
2981 474 3293 543 nullatenus

99 567 170 632 (p.
212 558 335 627 507)
377 559 528 612 Ἀλλὰ
560 559 669 626 γὰρ
701 557 1076 630 ὑπομνήσθητι
1114 560 1207 612 καὶ
1234 560 1332 630 τὴν
1365 560 1505 613 κατὰ
1525 561 1617 614 τὸν

97 653 245 707 Βαλὰκ
260 652 341 705 τὸν
357 650 656 704 Μωαϐιτῶν
678 650 922 720 βασιλέα,
939 649 997 713 ὃς
1014 651 1299 704 ἀπέστειλε
1321 651 1419 722 μὲν
1437 652 1618 706 καλῶν

95 746 166 796 τὸν
187 742 391 813 Βαλαὰμ
412 742 528 796 καθ’
545 743 574 795 ὑ
582 742 697 813 μῶν
718 758 731 771 ⁸
754 743 781 794 6
807 743 863 795 δὲ
893 743 1157 814 πρότερον
1189 744 1287 814 μὲν
1312 744 1431 797 οὐδὲ
1454 745 1618 799 ἀπελ-

98 838 272 892 tanta
299 838 355 891 τὸ
378 836 657 906 ἐπίταγμα
675 836 925 889 ἐϐούλετο
957 836 1015 889 τὸ
1046 836 1178 905 ἐμόν
1201 853 1213 865 ·
1268 836 1620 906 ἀπεληλυθὼς

161 931 386 1001 ὕστερον,
420 928 768 997 κατηράσατο
808 929 905 998 μὲν
928 929 1037 981 οὐδ’
1064 928 1218 992 ὅλως,
1253 929 1526 1001 ηὐλόγησε
1561 936 1618 988 δὲ

1714 560 2015 623 maledixit.
2056 561 2151 616 sed
2190 569 2353 630 prout
2389 577 2494 634 ego
2535 565 2684 619 volui
2760 566 3053 625 benedixit.
3085 566 3295 634 Quibus

1712 670 1780 709 ex
1809 650 2066 711 omnibus
2118 665 2459 726 compertum
2518 659 2676 717 vobis
2704 669 2809 725 est,
2859 676 2945 716 me
2966 670 3175 717 rectum
3202 663 3294 731 jus

1715 760 1812 814 pro
1836 745 1992 800 vobis
2023 760 2236 815 semper
2290 757 2635 815 persecutum
2675 759 2866 804 contra
2938 750 3294 808 adversantes

1713 837 1873 892 vobis
1896 836 2119 907 injuste,
2160 853 2300 908 quos
2355 853 2546 893 omnes
2596 840 2801 910 absque
2836 842 2948 896 ulla
2987 844 3144 899 venia
3188 859 3294 914 pu-

1725 948 1859 985 anI.

98 1025 208 1076 κατὰ
233 1022 285 1075 τὸ
330 1020 447 1091 ἐμοί
481 1036 543 1088 γε
569 1019 792 1072 δοκοῦν·
824 1019 966 1072 ῶστε
1013 1018 1101 1074 διὰ
1143 1022 1361 1077 πάντων
1402 1024 1621 1097 εὔδηλον
1651 1026 1779 1097 ὑμῖν
1808 1019 1969 1085 εἶναι,
2023 1022 2104 1075 ὅτι
2155 1020 2243 1075 ἀεὶ
2294 1020 2354 1074 τὸ
2409 1021 2616 1077 δίκαιον
2675 1023 2815 1095 ὑπὲρ
2875 1026 3028 1097 ὑμῶν
3068 1028 3294 1101 ἐκίνησα

97 1118 211 1171 κατὰ
236 1116 335 1169 τῶν
365 1116 565 1169 ἀδικεῖν
608 1117 751 1185 ὑμᾶς
799 1116 1251 1188 ἐπιχειρούντων,
1303 1120 1514 1185 πάντας
1538 1139 1600 1175 τε
1625 1120 1820 1182 αὐτοὺς
1845 1117 1986 1171 κατὰ
2014 1115 2212 1186 πολλῆς
2241 1116 2668 1187 ἐτιμωρησάμην
2691 1119 2792 1188 τῆς
2820 1119 3084 1186 ἀφειδίας.

150 1214 272 1284 Στίχ,
308 1220 454 1283 ς’-η’.
492 1242 555 1253 -
586 1212 696 1265 Καὶ
742 1212 927 1282 ἐπειδὴ
983 1213 1252 1284 μηδεμίαν
1297 1216 1615 1289 ἀντίρρησιν

99 1307 268 1375 ἐδέχετο
291 1305 354 1357 τὰ
394 1304 693 1375 εἰρημένα,
737 1305 814 1367 ὡς
852 1306 919 1359 ἂν
962 1307 1263 1378 συνηγόρου
1294 1310 1438 1372 τινὸς
1464 1311 1617 1375 τάξιν

99 1396 156 1466 τῷ
176 1394 272 1464 λαῴ
304 1395 516 1465 πληρῶν
548 1396 573 1447 6
604 1396 907 1465 προφήτης,
940 1398 1004 1449 ἐκ
1036 1397 1129 1450 τοῦ
1176 1399 1397 1452 ἐκείνων
1445 1418 1615 1471 προσ-

98 1492 216 1541 ώπου
248 1489 413 1541 τοιάδε
451 1488 616 1558 φησίν
644 1504 657 1518 ·
692 1507 711 1539 ι
763 1488 850 1541 Ἑν
884 1489 988 1542 τίνι
1040 1490 1328 1544 καταλάϐω
1375 1491 1468 1546 τὸν
1505 1492 1617 1546 Κύ-

102 1598 214 1651 ριον;
266 1580 619 1650 ἀντιλήψομαι
660 1578 796 1633 Θεοῦ
850 1598 950 1651 μου
1001 1580 1259 1650 baiulat-ou;
1308 1601 1326 1633 ι
1378 1581 1466 1645 Ὠς
1508 1582 1616 1654 γὰρ

1797 1202 1959 1269 Vsus.
1996 1213 2127 1270 6-8.
2160 1243 2230 1253 —
2284 1213 2346 1265 Et
2376 1214 2503 1281 quia
2549 1214 2753 1267 nullam
2804 1216 3293 1272 contradictionem

1722 1309 1885 1363 verba
1925 1307 2041 1359 haec
2097 1305 2463 1374 patiebantur,
2521 1306 2736 1374 patroni
2785 1306 2951 1359 veluti
3005 1322 3295 1375 personam

1723 1412 1822 1468 pro
1836 1396 2034 1465 pepulo
2058 1395 2317 1464 pr0pheta
2342 1395 2705 1459 sumens,haec
2722 1395 2816 1448 ait:
2842 1414 2861 1447 ι
2887 1395 2944 1448 in
2969 1412 3077 1465 quo
3103 1412 3297 1466 appre-

1724 1490 1961 1545 hendam
2016 1490 2348 1545 Dominum?
2381 1489 2676 1558 suscipiam
2726 1487 2893 1541 Deum
2923 1487 3239 1543 excelsum?
3272 1507 3293 1541 ι

1724 1582 2007 1653 Tanquam
2072 1583 2270 1653 populo
2332 1582 2435 1635 hoc
2478 1580 2712 1645 dicente,
2747 1582 2827 1635 sic
2880 1582 2954 1634 ait
2984 1598 2996 1634 :
3026 1580 3297 1646 Quoniam

99 1642 168 1726 τοῦ
191 1642 302 1727 λαοῦ
325 1642 471 1724 τουτί
492 1642 760 1740 λέγοντος,
790 1642 932 1725 οὕτω
958 1642 1142 1741 φησὶν,
1171 1642 1255 1727 ὅτι
1287 1642 1504 1745 Ἐπειδὴ
1521 1642 1617 1729 ’διθι

1728 1676 1910 1730 multis
1934 1675 2211 1730 beneﬁciis
2240 1674 2485 1744 ingratus
2526 1672 2623 1737 fui,
2673 1672 2799 1743 quid
2830 1688 2974 1726 nunc
3000 1688 3084 1727 me
3120 1662 3299 1726 lacere

99 1766 272 1819 πάντων
318 1765 605 1834 ἐλέγχομαι
663 1765 756 1817 ἐπὶ
831 1764 1053 1827 πολλαῖς
1106 1767 1225 1827 ταῖς
1277 1766 1619 1837 εὐεργεσίαις

98 1857 319 1926 ἀγνώμων
343 1853 581 1923 γεγονὼς
602 1894 617 1917 ,
649 1854 700 1906 τί
733 1854 795 1923 δή
829 1871 896 1924 με
940 1854 1161 1924 ποιῆσαι
1195 1856 1500 1927 προσῆκεν,
1533 1857 1620 1909 ἶνα

98 1944 168 1997 νῦν
180 1944 289 2012 γοῦν
303 1943 643 2013 ἐπιλάϐωμαι
664 1944 756 1997 τού
779 1943 935 2003 Θεοῦ,
954 1936 1013 1997 οὗ
1024 1962 1125 2014 περ
1148 1946 1383 2016 ἐμαυτὸν
1407 1946 1493 2000 διὰ
1512 1946 1621 1998 τῶν

96 2038 267 2109 τρόπων
286 2036 515 2105 ἐχώρισα
530 2036 638 2087 τῶν
660 2034 901 2102 οίκείων;
926 2039 1018 2089 καὶ
1041 2037 1155 2099 πῶς
1177 2038 1329 2106 φανῶ
1350 2038 1455 2091 τῶν
1474 2038 1621 2109 αύτῷ

98 2128 343 2180 δοκούντων
384 2128 776 2198 ἀντεχόμενοςς
810 2147 827 2178 ι
865 2129 927 2180 Εἰ
954 2128 1335 2199 καταλήψομαι
1370 2129 1531 2182 αὐτὸν
1563 2131 1621 2181 ἐν

97 2218 504 2289 ὁλοκαυτώμασιν,
524 2222 583 2271 ἐν
605 2220 823 2290 μόσχοις
848 2220 1171 2283 ὲνιαυσίοις;
1196 2221 1244 2273 ει
1274 2220 1627 2291 προσδέξεται

98 2311 257 2380 Κύριος
275 2312 326 2362 ἐν
341 2309 541 2378 χιλιάσι
571 2309 759 2379 κριῶν,
788 2308 819 2378 ἢ
850 2309 906 2361 ἐν
951 2309 1171 2379 μυριάσι
1217 2310 1465 2380 χιμάρων
1504 2310 1623 2364 πιό-

98 2420 205 2467 νιυν;
244 2404 286 2454 εί
317 2402 466 2456 δώσω
514 2401 840 2471 πρωτότοκα
877 2418 977 2471 μου
1022 2402 1159 2472 ὑπὲρ
1196 2401 1447 2466 ἀσεϐείας
1482 2420 1619 2473 μου,

100 2494 265 2561 καρπὸν
287 2491 484 2553 κοιλίας
510 2508 616 2560 μου
642 2490 781 2559 ὑπὲρ
812 2490 1086 2561 ἁμαρτίας
1107 2490 1285 2561 ψυχῆς
1311 2508 1444 2561 μου;
1486 2510 1507 2543 ι
1538 2493 1624 2554 Ὠς

99 2584 178 2651 γὰρ
194 2582 572 2651 διαπορούντων
591 2580 790 2644 αὐτῶν,
804 2582 883 2634 ότι
897 2582 989 2634 xa‘t
1012 2582 1233 2651 ποιῆσαι
1245 2580 1519 2652 προσῆκεν
1535 2584 1627 2636 αύ-

98 2678 193 2737 τοῠς
222 2677 299 2728 ἐπὶ
329 2674 595 2745 θεραπεία
628 2677 727 2743 τῆς
755 2675 1022 2744 τοσαύτης
1047 2673 1458 2744 ἀγνωμοσύνης,
1482 2673 1626 2727 οὕτω

99 2766 242 2835 φησίν·
273 2766 356 2836 (ρ.
390 2766 529 2833 508)
580 2764 924 2835 Ἐξιλάσομαι
945 2804 958 2826 ,
989 2764 1176 2833 φησὶν,
1215 2762 1377 2815 αὐτὸν
1408 2763 1534 2834 ἄρα,
1576 2766 1624 2816 εί

101 2859 446 2929 προσαγάγοιμι
466 2857 896 2927 ὁλοκαυτώματα
916 2855 1129 2927 μόσχων
1151 2846 1506 2925 ἐνιαυσίων,ἢ
1530 2851 1623 2925 [εἰ]

100 2951 293 3020 χιλιάδας
321 2954 407 3005 καὶ
448 2951 719 3023 μυριάδας
752 2948 922 3020 κριῶν
954 2964 1013 3001 τε
1042 2945 1189 3016 αὐτῷ
1218 2946 1624 3015 προσαγάγοιμι

100 3047 169 3096 καὶ
192 3044 470 3114 προόάτων,
515 3045 552 3114 ἢ
597 3045 646 3095 εί
683 3042 752 3095 τὰ
777 3040 1097 3113 πρωτότοκα
1115 3040 1223 3091 τῶν
1254 3036 1401 3107 ἐμῶν
1434 3054 1625 3108 γεννη-

102 3138 245 3205 μάτων
273 3137 409 3207 αύτῷ
456 3135 825 3208 προσαγάγω,
870 3133 945 3195 ὡς
996 3132 1062 3185 ἂν
1103 3131 1202 3200 τῆς
1234 3130 1415 3199 ψυχῆς
1441 3129 1624 3198 ἀφέλω

100 3229 172 3297 τὴν
194 3229 438 3298 ἁμαρτίαν
481 3229 586 3297 τῆς
634 3226 807 3295 ἐμῆς;
846 3222 988 3295 Πρὸς
1040 3222 1095 3274 δὲ
1127 3220 1331 3291 ταύτην
1359 3219 1454 3272 τοῦ
1494 3218 1625 3272 λαοῦ

101 3320 171 3387 τὴν
223 3322 435 3392 ἀπορίαν
489 3318 926 3388 ἀποκρινόμενος
985 3317 1013 3367 6
1074 3313 1359 3383 προφήτης
1424 3312 1622 3381 φησίν’

106 3428 118 3458 t
149 3411 421 3481 Ἀπηγγέλη
456 3428 540 3463 σοι
561 3450 575 3473 ,
602 3408 852 3478 ἄνθρωπε
870 3447 884 3468 ,
920 3406 970 3459 τί
998 3406 1191 3469 καλὸν,
1220 3406 1315 3457 καὶ
1342 3404 1393 3456 τί
1425 3402 1627 3473 Κύριος

103 3499 275 3569 ἐκζητεί
322 3503 464 3572 παρὰ
518 3500 651 3562 σοῦ,
705 3500 818 3553 ἀλλ’
866 3499 899 3568 ἢ
947 3497 1042 3550 τοῦ
1086 3498 1259 3551 ποιεῖν
1295 3498 1502 3566 κρῖμα,
1533 3496 1627 3547 καὶ

102 3591 273 3661 ἀγαπᾷν
314 3585 477 3659 ἔλεον,
505 3593 608 3645 καὶ
641 3593 853 3660 ἕτοιμον
890 3585 1028 3641 εἶναι
1074 3587 1168 3641 τοῦ
1198 3585 1526 3657 πορεύεσθαι
1566 3602 1627 3638 σε

100 3682 236 3734 ὀπίσω
276 3684 465 3753 Κυρίου
513 3682 612 3736 τού
656 3680 789 3734 Θεοῦ
844 3696 973 3744 σου;
1023 3696 1041 3730 ι
1078 3678 1258 3750 Πάρες
1301 3676 1396 3747 δὴ,
1426 3678 1623 3748 φησὶν,

101 3772 463 3845 ὁλοκαυτώματα
496 3776 597 3829 καὶ
635 3773 835 3826 θυσιῶν
874 3770 1079 3840 πλῆθος
1126 3756 1220 3823 καὶ
1261 3771 1625 3841 πρωτοτόκων

103 3868 442 3937 προσκομιδήν·
474 3870 521 3920 εἰ
548 3867 607 3919 δέ
636 3883 717 3918 σοι
741 3865 958 3935 φροντὶς
990 3863 1335 3930 ἐξιλάσασθαι
1364 3863 1425 3915 τὸ
1445 3864 1625 3928 Θεῖον,

100 3956 241 4011 ἐκεῖνα
284 3959 578 4030 διάπραξαι
623 3958 767 4028 ἅπερ
818 3956 1022 4011 ἄνωθέν
1058 3973 1138 4009 σοι
1172 3957 1500 4027 προσέταξεν
1537 3958 1627 4011 διά

101 4048 169 4099 τοῦ
196 4051 408 4114 Μωσέως
452 4052 635 4103 ποιεῖν
687 4051 716 4101 6
761 4048 912 4111 Θεός.
972 4048 1107 4101 Ποῖα
1156 4048 1220 4119 δὴ
1270 4048 1473 4115 ταῦτα;
1525 4049 1624 4101 ’Ίν’

101 4139 227 4209 ὀρθήν
255 4143 331 4209 ἐφ’
360 4144 621 4197 ἁπάντων
656 4144 812 4210 ποιῇς
823 4141 918 4211 τὴν
944 4140 1125 4210 κρίσιν
1156 4142 1250 4194 καὶ
1268 4140 1368 4211 τὴν
1396 4142 1512 4193 δοκι
1521 4159 1625 4210 μα-

104 4230 216 4295 σίαν,
251 4237 358 4286 καθ’
397 4236 463 4305 ἢν
509 4234 759 4301 ἐκλέγειν
798 4232 1032 4300 ὀφείλεις
1076 4233 1190 4285 ἀπὸ
1232 4232 1328 4285 τού
1386 4232 1625 4303 χείρονος

1720 1778 1955 1840 oportet,
1992 1776 2051 1821 ut
2075 1766 2239 1819 Demn
2277 1765 2403 1819 mihi
2437 1778 2772 1832 recuperetn,
2821 1776 2849 1814 a
2887 1777 2997 1832 quo
3055 1762 3299 1817 moribus

1724 1861 1860 1915 meis
1882 1875 1966 1913 me
1991 1856 2243 1926 sejunxi?
2269 1856 2334 1909 Et
2364 1855 2636 1924 quomodo
2672 1854 2995 1924 placitorum
3028 1853 3147 1922 ejus
3184 1852 3297 1922 jam

1722 1952 2001 2008 studiosus
2037 1949 2294 2005 videbor?
2330 1967 2349 1999 ‹
2385 1947 2519 2001 Num
2553 1945 2953 2016 apprehendam
3002 1944 3295 1998 Dominum

1726 2036 2085 2096 holocaustis,
2143 2041 2196 2088 et
2254 2034 2441 2087 vitulis
2486 2030 2792 2085 anniculis?
2832 2029 2972 2083 Num
3038 2029 3301 2098 suscipiet

1724 2127 1987 2181 Dominus
2042 2125 2190 2178 mille
2225 2124 2441 2187 arietes,
2472 2123 2557 2177 vel
2604 2122 2789 2176 decem
2814 2121 2985 2174 millia
3012 2119 3300 2190 pinguium

1723 2217 2045 2272 hircorum?
2073 2213 2211 2269 Num
2251 2214 2393 2269 dabo
2438 2213 2793 2283 primogenita
2821 2227 2940 2266 mea
2972 2227 3070 2281 pro
3101 2210 3300 2281 impie—

1724 2316 1835 2363 tate
1859 2324 1997 2372 mea,
2033 2307 2268 2362 I'ructum
2307 2307 2513 2361 ventris
2546 2307 2649 2359 mei
2683 2321 2780 2376 pro
2823 2312 3050 2374 peccato
3074 2302 3231 2358 meo?
3276 2322 3296 2354 ι

1723 2402 1891 2468 Quasi
1952 2399 2352 2471 ambigentibus
2385 2400 2521 2469 ipsis
2557 2400 2688 2469 quid
2748 2413 2907 2470 agere
2965 2399 3184 2451 deceret
3232 2395 3303 2450 ob

1723 2498 1989 2550 vecordia:
2025 2504 2189 2549 tanta
2228 2495 2548 2556 remedium,
2583 2492 2663 2547 sic
2696 2494 2773 2546 ait
2807 2490 2982 2546 :Num
3012 2490 3163 2543 illum
3194 2489 3306 2558 pla-

1724 2603 1939 2654 cavero,
1987 2590 2032 2642 si
2079 2589 2400 2641 holocausta
2459 2587 2749 2640 vitulorum
2796 2584 3172 2639 anniculorum
3206 2582 3304 2637 ob-

1729 2680 1928 2744 tulero,
1952 2680 2034 2734 vel
2053 2679 2220 2732 millia
2247 2688 2340 2732 aut
2372 2678 2562 2731 decem
2611 2676 2783 2730 millia
2809 2676 3037 2729 arietum
3093 2673 3141 2729 ei
3177 2672 3305 2727 aﬂ'e-

1726 2783 1841 2822 ram
1878 2778 2039 2838 atque
2064 2768 2284 2822 ovium?
2326 2765 2390 2819 Et
2418 2766 2461 2820 si
2499 2765 2857 2836 primogenita
2888 2764 3303 2834 generationum

1727 2873 1967 2912 mearum
1996 2858 2044 2910 ei
2066 2857 2374 2919 exhibeam,
2407 2870 2534 2907 num
2577 2870 2641 2909 ex
2667 2856 2846 2907 anima
2882 2868 2998 2907 mea
3019 2862 3300 2921 peccatum

1669 2984 1691 3019 ά
1726 2952 2014 3007 delevere?
2043 2950 2177 3005 lluie
2211 2965 2338 3006 vero
2374 2950 2557 3019 populi
2604 2947 2930 3002 dubitationi
2964 2946 3305 3018 respondens

1728 3034 1992 3111 propheta
2037 3042 2113 3093 ait
2164 3058 2177 3094 :
2235 3060 2254 3091 ‹
2326 3039 2721 3095 Nuntiatumne
2753 3041 2851 3095 tibi
2904 3040 3303 3105 fuit,ohomo,

1728 3133 1857 3203 quid
1913 3133 1981 3186 sit
2028 3133 2253 3195 bonum,
2293 3146 2346 3186 et
2382 3131 2512 3200 quid
2566 3130 2829 3187 Dominus
2864 3132 3110 3202 requirat
3148 3146 3179 3185 a
3229 3139 3304 3195 te,

1728 3226 1915 3280 nisiut
1942 3224 2111 3280 facias
2153 3225 2446 3293 judicium.
2499 3234 2553 3279 et
2605 3222 2801 3295 diligas
2840 3224 3303 3289 misericordiam,

1727 3325 1782 3371 et
1838 3326 2060 3386 paratus
2113 3318 2190 3372 sis
2245 3317 2527 3381 ambulare
2592 3325 2713 3382 post
2774 3314 3064 3370 Dominum
3136 3315 3307 3371 Deum

1729 3408 1917 3462 tuum?
1954 3426 1971 3458 ι
2000 3406 2221 3473 Omitte,
2262 3407 2459 3477 inquit,
2502 3408 2823 3463 holocausta
2878 3414 2932 3463 et
2962 3408 3309 3462 victimarum

1728 3501 2153 3563 multitudinem,
2172 3508 2225 3555 et
2246 3500 2729 3570 primogenitorum
2758 3500 3109 3555 oblationem.
3144 3500 3303 3567 Quod

1730 3591 1775 3647 si
1807 3592 1903 3645 tibi
1936 3607 2081 3646 cura:
2110 3602 2193 3646 est
2219 3593 2379 3661 202
2422 3590 2588 3645 Deum
2626 3591 2902 3660 placandi,
2936 3592 3025 3645 illa
3078 3591 3162 3646 fac
3191 3607 3311 3662 qua:

1727 3684 1967 3739 tibiolim
1994 3685 2173 3740 facere
2206 3684 2479 3738 mandavit
2499 3700 2594 3754 per
2608 3684 2844 3755 Moysem
2870 3684 3027 3741 Deus.
3051 3685 3309 3751 Quaenam

1729 3776 1877 3830 haec?
1916 3775 2142 3831 Rectum
2167 3776 2221 3829 in
2248 3776 2504 3831 omnibus
2536 3791 2789 3830 exercere
2818 3777 3083 3845 judicium
3108 3785 3162 3831 et
3195 3777 3311 3830 dis-

1727 3868 1960 3932 crimen,
1989 3878 2048 3920 ut
2084 3867 2284 3921 bonum
2316 3868 2457 3921 malo
2479 3865 2737 3936 praeferas
2767 3886 2779 3919 :
2811 3876 3070 3936 quantam
3106 3870 3313 3939 poteris

1727 3958 2118 4027 benignitatem
2159 3966 2212 4012 et
2256 3958 2691 4013 misericordiam
2756 3959 2811 4013 in
2845 3961 3128 4028 proximos
3186 3966 3311 4014 tuos

1726 4065 2078 4120 expromere;
2120 4059 2369 4119 paratum
2401 4056 2455 4105 te
2487 4065 2610 4105 esse
2639 4059 2700 4104 ut
2723 4050 3040 4105 omnimode
3074 4050 3168 4105 Dei
3200 4065 3312 4106 νου

1728 4144 1990 4197 luntatem
2025 4142 2295 4212 sequaris.
2334 4140 2541 4197 Dicitin
2558 4136 3096 4209 summa":«0iliges
3114 4142 3306 4197 Domi-

1728 4253 1858 4293 num
1910 4236 2082 4292 Deum
2134 4245 2288 4291 tuum
2345 4244 2457 4290 toto
2532 4236 2697 4293 corde
2732 4244 2845 4300 tuo,
2899 4243 2953 4292 et
2978 4242 3088 4291 tota
3128 4245 3313 4294 mente

100 4320 143 4371 τὸ
171 4328 413 4392 κρεῖττον,
441 4327 538 4380 καὶ
590 4326 677 4377 ἵνα
715 4326 895 4378 πᾶσαν
927 4323 1024 4395 τὴν
1052 4323 1285 4395 δυνατήν
1320 4341 1402 4377 σοι
1440 4323 1623 4393 φιλαν-

1734 4338 1847 4394 tua,
1896 4336 1950 4385 et
1990 4338 2101 4383 tota
2138 4329 2319 4383 anima
2342 4335 2468 4394 tua;
2499 4336 2551 4382 et
2579 4329 2770 4398 diliges
2817 4327 3123 4397 proximum
3156 4337 3309 4383 tuum

102 4410 298 4483 ὓοωπίαν
327 4434 382 4468 τε
414 4419 509 4470 καὶ
535 4416 884 4486 συμπάθειαν
907 4414 1347 4486 ἐπιδεικνύμενος
1385 4417 1465 4478 είς
1502 4418 1629 4480 τοὺς

100 4502 229 4567 πέλας
260 4507 516 4579 διατελῇς,
560 4510 656 4561 καὶ
694 4509 779 4560 ἵνα
820 4507 1334 4579 παρεσκευασμένος
1551 4510 1629 4573 εἰς

100 4594 144 4645 τὸ
164 4599 297 4649 παντὶ
330 4601 510 4671 τρόπῳ
532 4600 602 4653 τὰ
618 4598 878 4653 δοκοῦντα
921 4599 1161 4670 μετιέναι
1194 4598 1328 4670 Θεῷ.
1352 4600 1515 4669 Λέγει
1543 4601 1598 4654 δὲ
1617 4642 1630 4664 ,

1726 4422 1869 4477 sicut
1899 4428 1951 4476 te
1977 4421 2153 4491 ipsum
2183 4437 2196 4473 :
2223 4440 2240 4472 ι
2282 4420 2633 4490 quaequidem
2660 4421 2806 4475 dicta
2834 4420 3051 4475 fuerant
3071 4421 3313 4490 antiqui-

1730 4520 1819 4566 tus
1854 4525 1949 4579 per
1988 4509 2244 4581 Moysem.
2294 4508 2419 4564 llaec
2444 4509 2629 4576 facito,
2658 4511 2858 4581 inquit,
2886 4526 3006 4581 quze
3035 4510 3177 4565 Deus
3202 4525 3313 4580 prae

1728 4602 1972 4658 victimis
1998 4604 2258 4657 aestimat.

101 4690 324 4761 συντόμως
356 4695 557 4757 εἰπεῖν,
584 4696 647 4747 τὸ
698 4712 717 4747 ι
764 4694 1095 4764 Ἀγαπήσεις
1126 4693 1328 4765 Κύριον
1349 4694 1439 4747 τὸν
1470 4687 1601 4747 Θεό)
1645 4712 1737 4749 σου
1776 4696 1836 4761 ἐξ
1863 4696 1991 4765 ὅλης
2030 4699 2129 4767 τῆς
2155 4696 2381 4766 καρδίας
2424 4714 2538 4763 σου,
2585 4714 2676 4749 και
2698 4698 2756 4761 ἐς
2800 4696 2927 4767 ὅλης
2954 4698 3051 4767 τῆς
3080 4696 3314 4759 διανοίας

101 4799 187 4845 σου,
211 4790 292 4841 καὶ
316 4790 370 4855 ἐξ
401 4792 530 4862 ὅλης
570 4792 673 4860 τῆς
695 4790 872 4859 ψυχῆς
902 4806 1029 4850 σου,
1070 4789 1164 4842 καὶ
1202 4789 1508 4858 ἀγαπήσεις
1555 4789 1647 4842 τὸν
1684 4790 1909 4862 πλησίον
1968 4807 2059 4843 σου
2104 4790 2179 4855 ὡς
2224 4791 2471 4844 σεαυτόν*
2522 4792 2541 4860 (
2560 4807 2612 4862 p.
2649 4792 2786 4862 309)
2815 4790 2957 4861 ἅπερ
2995 4791 3178 4861 εἴρητο
3209 4791 3316 4843 πά-

99 4872 164 4927 )αι
189 4878 263 4931 διά
287 4882 517 4947 Μωσέως
537 4899 551 4913 ’

152 4970 272 5039 Στίχ.
302 4971 469 5043 ξδ’-ιβ’.
500 5002 573 5014 -
606 4993 624 5025 ι
660 4973 815 5044 Φωνὴ
846 4972 1050 5042 Κυρίου
1092 4974 1157 5042 τῇ
1204 4971 1357 5024 πόλει
1403 4972 1631 5043 ἐπικλη-

100 5055 292 5126 θήσεται,
334 5066 422 5118 καὶ
455 5065 621 5118 σώσει
667 5064 1037 5134 φοϐουμένους
1063 5063 1122 5116 τὸ
1159 5062 1331 5132 ὄνομα
1373 5060 1562 5116 αὑτοῦ.
1606 5084 1624 5115 ι

101 5149 145 5200 ἓξ
168 5154 256 5223 Ti?
276 5156 333 5226 δὴ
373 5156 544 5210 ταῦτα
562 5199 575 5221 ,
608 5158 776 5227 φησὶ,
807 5158 1042 5226 ποιοίης,
1071 5156 1221 5225 φωνή
1251 5173 1334 5218 τις
1363 5154 1499 5208 Θεοῦ
1528 5173 1631 5224 φα-

102 5244 272 5309 νήσεται
296 5250 326 5319 ή
365 5251 516 5313 πόλις
541 5250 611 5303 τὰ
647 5250 907 5303 δοκοῦντα
935 5248 1082 5319 αὐτῷ
1109 5243 1358 5311 ποιοῦσα,
1391 5247 1537 5317 ἔργῳ
1563 5263 1623 5299 τε

103 5336 165 5385 τὶν
186 5339 322 5406 νόμον
345 5342 695 5395 ὲπιδεικνῦσα
716 5343 806 5395 τὸν
838 5342 997 5406 θεῖον,
1022 5342 1161 5395 ὥστε
1190 5340 1282 5392 καὶ¹
1301 5340 1393 5392 ἐπὶ
1424 5340 1624 5400 παντὸς

103 5426 293 5481 κινδύνου
331 5434 424 5502 τῆς
469 5432 621 5496 θείας
670 5432 1020 5503 ἀξιουμένους
1049 5430 1378 5499 κηδεμονίας
1406 5430 1535 5492 τοὺς
1567 5429 1626 5482 ἐν

103 5518 204 5588 αὶτῇ
225 5524 578 5588 καθεστῶτας,
603 5524 826 5595 μηδενὸς
848 5523 1094 5593 λυπηροῦ
1120 5521 1369 5592 δέχεσθαι
1394 5522 1589 5590 πεῖραν
1609 5537 1625 5553 ·

104 5603 189 5661 εἶτα
208 5616 588 5682 παραινετικῶς
610 5616 768 5669 πάλιν
790 5618 816 5667 ό
839 5616 1124 5685 προφήτης
1154 5612 1344 5683 τρέπει
1368 5611 1506 5680 πρὸς
1528 5609 1628 5661 αύ-

104 5702 193 5763 τοϋς
210 5704 287 5756 τὸν
298 5707 467 5775 λόγον’
494 5726 511 5758 ι
527 5709 745 5772 Ἄκουε,
770 5708 931 5777 φυλὴ.
957 5707 1038 5769 τίς
1056 5706 1321 5776 κοσμήσει
1340 5703 1522 5767 πόλιν;
1550 5700 1624 5772 μὴ

107 5788 278 5859 τδρκ²ἰ
301 5793 441 5862 οἶκος
465 5800 665 5869 ἀνόμου
696 5798 1037 5870 θησαυρίζων
1061 5796 1367 5869 θησαυροὺς
1390 5794 1627 5866 ἀνόμους

174 5888 207 5916 ’³
234 5890 405 5965 llallit.
433 5912 534 5961 xu,
569 5898 654 5952 57.

598 4883 773 4937 ταῦτα
801 4883 865 4953 δὴ
911 4882 1118 4952 μέτιθι,
1149 4883 1315 4953 φησὶ,
1362 4883 1728 4956 προτιμότερα
1754 4883 1952 4938 θυσιῶν
1981 4884 2110 4937 ὄντα
2140 4883 2276 4954 Θεῷ.

1813 4972 1975 5027 Vsus.
2009 4973 2163 5029 9-12.
2194 5002 2263 5014 —
2292 4990 2311 5025 ι
2360 4971 2472 5027 Vox
2508 4973 2721 5027 Domini
2774 4972 2984 5028 civitati
3038 4975 3313 5027 acclama-

1732 5062 1903 5127 bitur,
1936 5063 2279 5133 salvabitque
2336 5063 2587 5118 timentes
2621 5079 2817 5117 nomen
2871 5064 3013 5132 ejus.
3056 5082 3073 5115 ι
3110 5062 3235 5117 Πίος
3265 5063 3311 5117 si

1734 5154 1943 5218 fecerit,
2014 5170 2120 5209 vox
2173 5153 2423 5224 quaedam
2468 5153 2561 5209 Dei
2595 5170 2717 5209 esse
2770 5153 3043 5208 videbitur
3089 5154 3309 5213 civitas.

1730 5247 2069 5318 beneplacita
2116 5246 2237 5317 ejus
2293 5246 2519 5313 faciens;
2560 5254 2614 5301 et
2656 5262 2820 5316 opere
2854 5246 3091 5300 divinam
3134 5245 3307 5313 legem

1728 5343 2149 5397 demonstrans:
2186 5358 2296 5413 quo
2327 5344 2417 5397 ﬁet
2466 5351 2527 5395 ut
2574 5342 2627 5396 in
2656 5342 2850 5411 quovis
2890 5338 3131 5410 periculo
3162 5339 3311 5393 cives

1724 5433 1847 5503 ejus
1880 5432 2064 5487 divina
2099 5434 2268 5487 tutela
2317 5434 2571 5502 protecti,
2624 5433 2827 5486 nullam
2879 5430 3184 5484 molestiam
3219 5442 3311 5481 ca-

1723 5528 1899 5595 piant.
1934 5524 2069 5579 Exin
2104 5524 2467 5587 adhortando,
2504 5540 2698 5579 rursus
2727 5523 2891 5577 verba
2944 5521 3012 5576 ad
3048 5521 3309 5590 populum

1723 5613 1994 5665 convertit
2040 5612 2325 5680 prOpheta.
2364 5630 2381 5663 ι
2431 5613 2591 5678 Audi,
2629 5628 2661 5667 ο
2698 5612 2875 5667 tribus
2908 5630 2921 5667 :
2973 5621 3026 5665 et
3057 5610 3181 5680 quis
3212 5623 3307 5662 or-

1724 5702 1876 5756 nabit
1910 5702 2541 5773 civitatem?Numignis
2575 5711 2629 5758 et
2652 5704 2848 5758 domus
2880 5702 3050 5771 iniqui
3083 5702 3305 5757 thesau-

1734 5794 1916 5850 rizans
1948 5794 2233 5849 thesauros
2258 5794 2498 5865 iniquos,
2524 5802 2575 5849 et
2603 5794 2951 5849 contumelia:
2984 5793 3250 5864 injurias?
3274 5812 3293 5847 ι
