3824 6534
519 372 624 428 387

1715 361 2067 420 THEODORI
2098 361 2579 419 MOPSUESTENI
3644 369 3728 424 333

524 487 716 557 Neque
754 485 897 556 ignis
936 496 1134 538 ornare
1179 481 1369 537 urbem
1395 480 1559 546 valet,
1582 494 1745 549 quam
1772 481 1952 550 potius
2008 476 2107 530 dr-

2214 481 2302 532 xal
2348 479 2483 548 μετά
2535 478 2744 550 ὓδρεως
2775 479 3019 545 (Muciae;
3061 499 3079 531 ι
3114 479 3251 533 Οὔτε
3285 480 3392 551 γὰρ
3428 481 3537 555 πῦρ
3565 475 3728 539 οἷόντε

518 574 680 630 struit
701 594 716 631 :
741 591 917 645 neque
949 573 1151 644 impius
1177 574 1259 627 vir
1282 574 1451 627 multo
1479 588 1603 626 cum
1639 572 1821 626 studio
1844 586 2096 641 peccans;

526 668 923 726 contumeliose
952 676 1007 721 et
1025 666 1210 736 inique
1254 665 1469 729 vivens,
1514 665 1704 719 vitabit
1738 663 2097 733 punitionem.

525 756 888 813 Pessumdant
905 754 1050 809 enim
1078 793 1093 819 ,
1132 753 1277 807 haud
1303 770 1461 809 secus
1481 768 1642 818 quam
1674 751 2099 822 ignis,bomines

527 846 841 916 hujusmodi
872 845 1175 899 civitatem.
1198 862 1216 896 ι
1252 844 1794 913 Numjustiﬁcabitur
1819 844 1873 896 in
1898 850 2099 897 statera

527 938 786 1007 injustus,
819 945 873 991 et
902 940 957 990 in
1002 936 1237 991 saccello
1282 936 1525 1005 pondera
1549 934 1778 988 dolosa?
1803 934 1869 987 de
1902 933 2101 1001 quibus

525 1029 745 1082 divitias
787 1042 917 1082 suas
962 1027 1256 1096 impietatis
1287 1025 1673 1094 impleverunt,
1709 1030 1762 1077 et
1793 1022 2101 1076 habitantes

527 1121 582 1174 in
604 1135 666 1174 ea
699 1119 1062 1189 loquebantur
1097 1114 1405 1179 mendacia,
1439 1126 1494 1169 et
1522 1115 1704 1184 lingua
1735 1128 1922 1168 eorum
1945 1112 2101 1166 exal-

526 1218 640 1264 tata
665 1219 750 1265 est
800 1210 853 1263 in
889 1225 985 1263 ore
1026 1207 1309 1279 ipsorum?
1349 1225 1367 1257 »
1405 1206 1558 1259 Sicut
1588 1205 1732 1259 enim
1769 1204 1823 1257 in
1852 1203 2102 1256 anomala

528 1310 584 1355 ct
615 1302 867 1369 inaequali
889 1309 1090 1355 statera
1119 1299 1329 1368 justum
1353 1297 1501 1351 cerni
1530 1296 1739 1365 nequit,
1764 1309 1939 1364 neque
1965 1309 2103 1363 pon-

528 1394 659 1448 dera
714 1392 1059 1448 fraudulenta
1101 1400 1156 1445 et
1202 1390 1388 1443 vitiata
1406 1388 1616 1457 recipi:
1644 1388 1719 1441 ita
1763 1401 1863 1441 nec
1908 1386 1983 1438 illi
2011 1385 2100 1454 qui

527 1503 659 1557 opes
681 1502 809 1541 suas
833 1502 898 1540 ex
936 1483 1318 1554 iniquitatibus
1347 1488 1548 1549 augent
1573 1478 1676 1532 frui
1708 1476 1794 1532 his
1825 1484 2099 1546 poterunt.

526 1576 608 1630 Na
625 1593 673 1629 ιιι
746 1577 834 1630 isti
878 1590 1071 1629 omnes
1105 1572 1349 1627 civitatis
1392 1572 1603 1633 incolae,
1633 1584 1755 1623 cum
1781 1568 1992 1623 fallacia
2025 1567 2104 1620 vi—

526 1674 736 1729 ventes,
761 1665 919 1734 203
965 1670 1018 1717 et
1054 1661 1291 1732 superba
1325 1668 1539 1715 utentes
1564 1666 1760 1724 mente,
1792 1658 2103 1727 nullamque

522 1757 624 1835 ll)ei
652 1757 918 1810 rationem
953 1754 1240 1820 habentes,
1284 1752 1599 1808 necessario
1633 1751 1871 1806 divinam
1900 1751 2105 1804 vindic-

528 1855 637 1901 tam
667 1846 1042 1917 experientur.

2201 573 2473 641 κοσμῆσαι
2521 571 2707 624 πόλιν
2752 572 3059 625 τούναντίον
3112 573 3217 643 γὰρ
3269 574 3436 643 αὑτὴν
3478 574 3727 642 ἀφανίζει·

2200 662 2322 714 οὔτε
2350 662 2458 732 γὰρ
2491 662 2803 733 παράνομος
2829 662 2965 735 ἀνὴρ
2999 664 3092 717 καὶ
3132 664 3269 734 μετά
3300 664 3498 734 πολλῆς
3523 666 3616 735 τῆς
3639 669 3731 719 ἑπι-

2204 752 2418 821 μελείας
2437 752 2535 822 τὴν
2560 753 2901 823 παρανομίαν
2931 754 3317 825 ἐργαζόμενος,
3349 758 3439 808 καὶ
3473 757 3629 828 πολλῇ
3656 760 3731 827 μὲν

2202 841 2377 911 ὕϐρει,
2402 844 2567 914 πολλῇ
2587 844 2643 897 δὲ
2670 845 2850 915 ἀδικίᾳ
2872 844 3067 910 συζῶν,
3087 847 3337 917 κερδανεί
3349 847 3445 918 τὴν
3466 849 3728 917 τιμωρίαν·

2200 933 2483 1000 ἀφανιοῦσι
2524 935 2633 1005 γὰρ
2655 935 2751 1006 οὑχ
2773 932 2934 1007 ἦττον
2969 955 3041 988 πυ
3051 936 3139 1007 ρδς
3161 938 3211 989 οἰ
3234 937 3460 989 τοιοῦτοι
3492 938 3585 1008 τήν
3607 940 3728 990 πόλιν

2201 1022 2495 1086 οἰκοῦντες.
2532 1044 2549 1075 ι
2581 1026 2643 1077 Εἰ
2667 1026 3083 1097 δικαιωθήσεται
3119 1031 3175 1081 ὲν
3209 1029 3509 1099 μαρσίππῳ
3536 1030 3732 1099 στάθμια

2200 1115 2381 1181 δόλους
2408 1116 2466 1180 ἐξ
2486 1110 2561 1169 ῶν
2586 1118 2677 1171 τὸν
2709 1118 2935 1171 πλοῦτον
2966 1120 3143 1172 αὑτῶν
3164 1120 3418 1182 ἀσεϐείας
3448 1120 3729 1191 ἐνέπλησαν,

2202 1208 2295 1258 καὶ
2326 1208 2654 1271 ἐνοικοῦντες
2685 1209 2851 1279 αὑτὴν
2893 1208 3113 1262 ἐλάλουν
3147 1211 3336 1281 ψευδῆ,
3363 1213 3454 1263 καὶ
3484 1212 3517 1281 ή
3553 1212 3732 1279 γλιῖισσει

2202 1296 2377 1349 αὑτῶν
2403 1298 2591 1369 ὑψώθη
2631 1302 2687 1352 ὲν
2732 1300 2811 1370 τῷ
2839 1301 3065 1371 στόματι
3093 1302 3308 1369 αὑτῶν;
3342 1323 3360 1354 ι
3400 1305 3490 1368 Ὠς
3531 1306 3629 1376 γὰρ
3659 1309 3732 1376 οὐχ

2204 1383 2313 1441 οἷόν
2340 1406 2401 1441 τε
2442 1391 2499 1441 ὲν
2536 1391 2806 1463 ἀνωμάλῳ
2832 1409 2889 1444 τε
2930 1393 3020 1446 καὶ
3062 1394 3232 1464 ἀνίσῳ
3270 1394 3422 1464 ζυγῷ
3455 1396 3667 1465 φανῆναι
3690 1397 3733 1448 τὸ

2202 1479 2435 1561 δίκαιον,
2467 1481 2499 1551 ἢ
2521 1483 2755 1552 στάθμια
2790 1484 3125 1553 δεδολωμένα
3148 1488 3240 1538 καὶ
3260 1487 3651 1556 διεστραμμένα
3670 1488 3733 1539 εὑ-

2205 1572 2520 1641 παράδεκτα
2562 1574 2841 1641 γενέσθαι,
2897 1580 2981 1645 (p.
3024 1577 3163 1645 510)
3207 1576 3378 1640 οὑτως
3427 1579 3534 1631 οὐδ’
3580 1579 3625 1630 οἰ
3666 1580 3735 1631 τὶν

2205 1663 2434 1718 πλοῦτον
2477 1665 2566 1717 τὸν
2611 1666 2807 1719 οἰκεῖον
2844 1669 2908 1720 ἐκ
2948 1669 3303 1738 παρανομιῶν
3348 1668 3598 1733 αὔξοντες
3628 1671 3734 1721 ἀπο-

2203 1752 2397 1806 λαῦσαι
2440 1754 2755 1827 δυνήσονται
2796 1759 2905 1810 τῶν
2948 1760 3284 1829 προσόντων·
3334 1763 3533 1824 πάντες
3577 1761 3669 1831 γὰρ
3700 1763 3735 1813 ci

2132 1829 2170 1882 Β
2200 1844 2426 1899 τοιοῦτοι
2485 1848 2640 1902 πόλιν
2702 1850 2996 1917 οἰκοῦντες,
3044 1850 3228 1920 ψεύδει
3270 1869 3329 1905 τε
3370 1853 3627 1918 συζῶντες
3665 1856 3736 1907 καὶ

528 1940 860 2012 ὑπερηφάνῳ
901 1936 1227 2013 κεχρημένοι
1248 1936 1477 2008 διανοίᾳ,
1512 1936 1588 2000 ὡς
1628 1936 1832 2008 μηδένα
1862 1935 1963 2005 τῆς
1984 1935 2076 1987 ἐπὶ
2095 1935 2304 2001 τούτοις
2357 1941 2626 2011 τιμωρίας
2674 1941 2768 1995 τοῦ
2815 1942 2949 1996 Θεοῦ
2993 1945 3262 1997 ποιεῖσθαι
3286 1944 3464 2014 λόγον,
3513 1946 3571 2011 ἐξ
3604 1948 3735 2015 ἀνάγ-

527 2052 629 2106 κης
656 2033 760 2086 ὑπὸ
781 2032 880 2100 τὴν
906 2031 1176 2101 τιμωρίαν
1210 2031 1530 2101 γενήσονται
1553 2030 1650 2100 τὴν
1679 2028 1848 2082 Θείαν.

599 2124 768 2179 Vens.
809 2123 996 2177 15-16.
1036 2152 1105 2162 —
1149 2139 1167 2172 ι
1196 2119 1263 2174 Et
1294 2135 1392 2190 ego
1421 2120 1678 2189 incipiam
1706 2127 1758 2174 te
1780 2126 2097 2188 percutere:

528 2218 723 2273 delebo
752 2231 849 2271 vos
881 2216 935 2269 in
968 2213 1207 2284 peccatis
1241 2212 1461 2267 vestris.
1490 2232 1507 2263 ι
1537 2211 1641 2276 Qui
1672 2212 1745 2265 ita
1773 2210 1978 2272 vivitis,
2003 2222 2102 2277 ego

529 2308 890 2378 castigatione
907 2319 1027 2361 mea
1053 2304 1367 2374 percutiens
1390 2318 1635 2373 congruo
1647 2302 1886 2372 peccatis
1904 2301 2102 2355 vestris

528 2401 690 2455 modo
738 2412 928 2452 omnes
976 2394 1364 2465 pessumdabo.
1410 2413 1427 2446 ι
1458 2395 1539 2448 Τιι
1575 2393 1851 2457 comedes,
1913 2400 1967 2446 et
1994 2406 2102 2444 non

530 2489 886 2545 satur-aberis.
914 2506 933 2540 ι
972 2484 1132 2541 Brevi
1167 2486 1311 2540 enim
1352 2493 1539 2555 partas
1580 2499 1713 2555 opes
1756 2494 1997 2553 tempore
2026 2490 2104 2536 te-

530 2596 691 2644 nens,
755 2577 902 2633 haud
931 2592 1106 2647 usque
1152 2577 1210 2630 in
1258 2576 1418 2631 ﬁnem
1465 2577 1532 2632 iis
1562 2575 1784 2638 frueris,
1829 2575 1956 2645 quia
2011 2574 2109 2628 tibi

533 2686 707 2743 poma:
734 2686 900 2726 causa
934 2670 1261 2739 eripientur.
1328 2687 1346 2719 ι
1376 2667 1645 2739 Fientque
1701 2667 1801 2722 tibi
1852 2667 2108 2730 tenebrae,

530 2771 586 2817 et
618 2763 945 2824 declinabis,
990 2770 1044 2815 et
1092 2774 1201 2813 non
1246 2759 1573 2814 salvabcris.
1605 2778 1622 2809 ι
1653 2758 1898 2828 Caligine
1943 2757 2109 2811 veluti

530 2855 785 2909 obrueris
827 2854 1036 2910 ultione
1062 2870 1204 2917 mea,
1244 2853 1401 2923 cujus
1429 2852 1538 2906 vim
1572 2851 1852 2905 declinare
1894 2851 2105 2915 volens,

530 2961 639 3001 non
668 2946 896 3016 poteris.
939 2964 957 2997 ι
986 2946 1389 3015 thuicunque
1408 2943 1604 3000 salvati
1645 2942 1875 3006 fuerint,
1922 2942 2104 3011 gladio

531 3039 843 3093 tradentur.
876 3056 896 3089 ι
930 3037 1154 3091 Etiamsi
1178 3036 1329 3091 brevi
1360 3034 1594 3088 fortasse
1610 3040 1852 3102 tempore
1872 3032 2105 3087 evadere

533 3128 770 3184 videaris
814 3129 1052 3182 hostium
1097 3128 1387 3189 ultionem,
1450 3132 1690 3177 attamen
1744 3124 1970 3177 omnino
2012 3138 2105 3177 ca-

534 3220 723 3288 pieris.
765 3237 784 3270 ¢
810 3217 889 3271 Tu
923 3234 1074 3273 seres
1105 3218 1301 3282 oleam,
1350 3224 1403 3270 ct
1430 3216 1551 3271 oleo
1588 3230 1695 3268 non
1730 3216 1987 3285 ungeris;
2025 3216 2109 3268 vi-

535 3326 665 3363 num
696 3310 913 3363 cultura
942 3308 1180 3377 parabis,
1223 3315 1277 3362 et
1322 3322 1432 3361 non
1472 3306 1625 3360 bibes
1669 3306 1879 3360 vinum.
1917 3325 1935 3357 ι
1974 3304 2106 3359 Belli

536 3400 703 3469 stragi
732 3400 1119 3463 succumbens,
1174 3414 1245 3453 ne
1280 3399 1563 3453 laboribus
1607 3397 1827 3467 quidem
1868 3399 2001 3460 tuis,
2051 3406 2109 3451 ut

536 3506 636 3562 par
662 3498 766 3554 est,
817 3491 1045 3557 frueris;
1089 3507 1229 3560 quos
1269 3505 1461 3545 omnes
1496 3492 1564 3545 ab
1612 3490 1868 3544 hostibus
1901 3489 2107 3543 vastari

536 3589 972 3635 consentaneum
1004 3589 1109 3636 est.
1140 3601 1158 3632 ι
1188 3580 1257 3634 Ει
1291 3582 1620 3636 delebuntur
1649 3581 1888 3651 legitima
1924 3581 2108 3650 populi

538 3671 668 3733 mei,
700 3680 753 3725 et
783 3673 963 3725 omnia
992 3686 1155 3741 opera
1185 3671 1384 3725 domus
1410 3672 1675 3727 Achaabi.
1696 3672 1761 3724 Et
1785 3671 2110 3724 ambulastis

538 3759 594 3811 in
628 3760 1004 3815 voluntatibus
1051 3774 1265 3821 eorum,
1324 3759 1595 3812 utdarem
1643 3765 1696 3811 te
1734 3758 1789 3811 in
1844 3756 2111 3827 perditio.

537 3867 686 3919 nem,
718 3860 771 3906 et
801 3866 992 3906 omnes
1016 3852 1323 3905 habitantes
1354 3851 1409 3903 in
1439 3865 1503 3904 ea
1536 3850 1591 3903 in
1618 3849 1863 3911 sibilum,
1924 3856 1979 3903 et
2012 3862 2112 3917 op-

536 3943 761 4012 probria
792 3942 974 4011 populi
1004 3941 1109 3996 mei
1140 3940 1430 4010 accipient.
1459 3959 1476 3991 ι
1522 3940 1675 3995 Tunc
1707 3942 1890 3995 omnia
1928 3942 2114 3995 colen-

536 4036 732 4087 dorum
783 4032 1049 4086 idolorum
1087 4033 1328 4102 legitima
1380 4048 1501 4102 quae
1542 4033 1942 4098 observabatis,
1988 4033 2114 4086 imi-

536 4116 720 4179 tantes
759 4123 1005 4177 Achaabi
1030 4130 1084 4176 et
1109 4124 1401 4193 aequalium
1456 4123 1534 4177 illi
1582 4140 1769 4194 regum
1819 4124 2112 4193 exempla;

536 4223 863 4268 coacervata
893 4214 1272 4278 destruentur,
1328 4222 1383 4269 et
1413 4230 1508 4269 vos
1538 4229 1661 4269 cum
1688 4214 1795 4269 illis
1835 4233 1849 4268 :
1886 4230 1995 4284 quo
2028 4216 2117 4269 ﬁet

538 4313 600 4358 ut
636 4307 810 4361 exteri
850 4322 1044 4361 omnes
1079 4316 1321 4362 vestrum
1371 4307 1598 4362 exitium
1632 4315 1943 4376 spectantes
1974 4308 2119 4363 exsi-

2269 2117 2419 2187 Στίχ.
2458 2124 2647 2185 ιγ’-ις’.
2674 2150 2745 2162 -
2770 2140 2789 2171 ι
2824 2122 2932 2173 Kal
2978 2120 3087 2189 ἐγὼ
3135 2121 3366 2191 ἄρξομαι
3405 2122 3501 2176 τοῦ
3548 2121 3737 2186 πατάξαι

2207 2223 2268 2259 σε
2288 2246 2301 2270 ,
2324 2208 2534 2277 ἀφανιῶ
2560 2210 2705 2278 ὑμᾶς
2728 2211 2783 2261 ὲν
2809 2212 2929 2272 ταῖς
2958 2210 3248 2281 ἁμαρτίαις
3289 2213 3491 2267 αὐτῶν.
3507 2232 3524 2263 ο
3545 2212 3737 2265 Τοιαῦτα

2207 2298 2312 2369 γὰρ
2342 2299 2626 2363 ποιοῦντας
2657 2304 2722 2370 τῇ
2755 2302 2994 2373 τιμωρίᾳ
3024 2301 3229 2372 πλήξας
3276 2304 3342 2373 τῇ
3374 2305 3507 2373 ἐμῇ,
3534 2304 3736 2364 ἅπαντας

2211 2389 2353 2459 ὑμᾶς
2371 2390 2629 2458 ἀνάλογον
2653 2394 2770 2454 ταῖς
2790 2393 3086 2463 ἁμαρτίαις
3107 2394 3292 2446 ἀπολῶ
3318 2396 3439 2457 ταῖς
3466 2394 3736 2463 ὑμετέραις.

2216 2499 2234 2533 ι
2268 2482 2338 2534 Σὺ
2374 2482 2610 2550 φάγεσαι
2634 2482 2744 2552 (όὲ)
2764 2483 2859 2535 καὶ
2888 2484 2947 2535 οὑ
2976 2486 3049 2554 μὴ
3077 2485 3451 2555 ἐμπλησθῇς.»
3473 2486 3582 2537 Ἐπ’
3598 2484 3738 2551 ὀλίγον

2207 2572 2315 2644 γάρ
2346 2573 2455 2627 τῶν
2507 2574 2817 2645 προσόντων
2850 2575 3155 2645 μετασχὼν,
3199 2577 3297 2628 οὑκ
3334 2581 3421 2640 εἰς
3446 2577 3593 2639 τέλος
3631 2576 3738 2641 ἔξεις
3822 2558 3824 2569 ’

2206 2665 2386 2718 αὑτῶν
2418 2667 2515 2737 τήν
2550 2668 2867 2730 ἀπόλαυσιν,
2893 2667 3292 2738 ἀφαιρούμενος
3346 2668 3527 2721 αὑτῶν
3563 2667 3642 2721 διά
3665 2669 3738 2736 τῆς

2207 2756 2493 2827 τιμωρίας.
2540 2775 2559 2808 ι
2600 2759 2709 2810 Kal
2747 2757 3067 2810 συσκοτάσει
3109 2759 3166 2809 ὲν
3199 2757 3317 2809 σοί·
3346 2758 3444 2809 καὶ
3488 2756 3736 2818 ὲκνεύσεις,

2209 2849 2304 2902 καὶ
2336 2850 2397 2901 οὐ
2431 2852 2503 2919 μὴ
2555 2837 2843 2919 διασωθῇς.
2872 2868 2889 2900 ι
2930 2849 3015 2911 Ὠς
3056 2850 3231 2918 σκότῳ
3265 2849 3374 2919 γάρ
3408 2848 3737 2918 περιδληθὴσῃ

2210 2942 2276 3009 τῇ
2305 2939 2433 3010 παρ’
2452 2938 2585 3009 ἐμοῦ
2616 2940 2855 3010 τιμωρίᾳ
2880 2955 2894 2969 ·
2914 2940 3007 2993 καὶ
3034 2940 3352 3008 βουλόμενος
3386 2938 3641 2991 ἐκκλίνειν
3660 2938 3739 2990 τῶν

2212 3031 2396 3084 κακῶν
2425 3029 2522 3100 τὴν
2576 3033 2792 3101 πεῖραν,
2820 3031 3070 3100 οὐδαμῶς
3106 3031 3328 3102 δυνήσῃ.
3359 3048 3377 3079 ι
3427 3032 3534 3082 Kal
3563 3030 3661 3082 ὅσοι
3690 3028 3739 3081 ἄν

2208 3120 2545 3173 διασωθῶσιν
2571 3164 2584 3185 ,
2614 3123 2693 3184 εἰς
2742 3122 3015 3191 ῥομφαίαν
3075 3121 3559 3190 παραδοθήσονται.
3595 3145 3611 3170 ο
3649 3118 3739 3170 Κᾶν

2210 3212 2318 3283 γάρ
2349 3211 2486 3282 πρὸς
2518 3212 2689 3282 βραχύ
2730 3229 2846 3273 πως
2864 3212 3173 3280 διαφεύγειν
3203 3212 3359 3283 δόξῃς
3393 3215 3463 3283 τῇ
3494 3210 3595 3265 τῶν
3621 3210 3739 3262 πολε·

2215 3306 2351 3374 μίων
2387 3304 2644 3374 τιμωρίᾳ,
2698 3304 3087 3377 καταληφθήσῃ
3123 3305 3356 3368 πάντως.
3398 3325 3417 3357 ι
3460 3307 3531 3358 Σὺ
3565 3306 3740 3375 σπερείς

2212 3395 2418 3458 ἐλαίαν,
2444 3396 2539 3447 καὶ
2556 3396 2615 3447 οὑ
2646 3395 2719 3465 μὴ
2752 3394 2945 3467 ἀλείφῃ
2971 3377 3146 3449 ἔλαιον
3178 3415 3191 3427 ·
3219 3398 3311 3449 καὶ
3342 3401 3586 3469 ποιήσεις
3613 3393 3737 3454 οἰνον.

2213 3490 2306 3540 καὶ
2332 3489 2391 3540 οὑ
2425 3487 2500 3557 μὴ
2536 3487 2667 3557 πίῃς
2713 3483 2872 3539 οἶνον.
2909 3506 2927 3537 ι
2976 3486 3293 3540 ’Υποπεσὼν
3335 3488 3471 3554 γοῦν
3508 3491 3569 3558 τῇ
3597 3489 3738 3555 σφαγῇ

2212 3579 2305 3631 τοῦ
2335 3579 2596 3648 πολέμου,
2626 3578 2746 3630 οὑδὲ
2789 3577 2897 3630 τῶν
2942 3577 3116 3630 πόνων
3146 3578 3498 3642 ἀπολαύσεις,
3523 3580 3591 3643 ὡς
3611 3579 3739 3639 εἰκὸς,

2213 3671 2319 3723 τῶν
2367 3670 2603 3733 οἰκείων,
2632 3674 2707 3738 (p.
2757 3668 2881 3734 5H)
2925 3668 3112 3739 ἐπειδὴ
3165 3669 3370 3732 πάντας
3422 3670 3613 3730 αὑτοὺς
3637 3670 3741 3735 ἀφα-

2214 3762 2436 3825 νιοῦσιν,
2462 3762 2536 3825 ὡς
2556 3762 2724 3823 εἰκὸς,
2753 3762 2800 3814 οἰ
2823 3761 3091 3830 πολέμιοι*
3118 3762 3272 3814 τοῦτο
3302 3763 3411 3830 γὰρ
3443 3760 3669 3829 βούλεται
3693 3757 3741 3809 δι’

2214 3855 2336 3906 ὅλου
2378 3854 2576 3919 λέγειν.
2613 3872 2630 3902 ι
2666 3854 2775 3906 Kal
2802 3853 3229 3923 ἀφανισθήσεται
3261 3853 3473 3923 νόμιμα
3501 3853 3618 3905 λαοῦ
3648 3867 3740 3922 μου,

2217 3941 2310 3992 καὶ
2355 3940 2531 3993 πάντα
2573 3939 2710 4009 ἔργα
2750 3940 2897 3992 οἴκου
2950 3940 3151 4009 Ἀχαάὸ
3183 3956 3197 3969 ο
3230 3942 3325 3993 καὶ
3354 3941 3668 4013 ἐπορεύθη-τε
3701 3938 3742 3988 ἐν

2215 4034 2336 4095 ταῖς
2359 4032 2572 4102 βουλαῖς
2600 4031 2799 4098 αὑτῶν,
2842 4033 2988 4096 ὃπως
3017 4032 3238 4104 παραδῶ
3268 4051 3326 4086 σε
3353 4036 3433 4097 εἰς
3465 4030 3739 4103 ἀφανισμὸν.

2218 4124 2452 4185 καὶτοὺς
2476 4122 2864 4185 κατοικοῦντας
2886 4123 3055 4193 αὐτὴν
3075 4124 3155 4184 εἰς
3182 4124 3472 4194 συριγμὸν,
3497 4124 3584 4177 καὶ
3607 4119 3742 4186 ὀνείδη

2218 4214 2348 4268 λαοῦ
2408 4232 2509 4284 μου
2553 4214 2831 4285 λήψονται.
2882 4234 2899 4266 ι
2939 4215 3072 4267 Τότε
3106 4215 3234 4282 γοῦν
3268 4215 3486 4270 ἅπαντα
3523 4216 3557 4269 a
3592 4216 3670 4267 ἐπὶ

2218 4308 2329 4360 τῶν
2362 4306 2596 4360 εἰδώλων
2637 4307 2903 4379 θρησκείᾳ
2954 4308 3161 4379 νόμιμα
3212 4308 3559 4376 ὲφυλάττετε,
3589 4304 3743 4377 μιμοῦ·

539 4397 732 4462 bilent,
757 4406 811 4451 et
841 4398 1108 4452 mirentur
1145 4407 1353 4452 tantam
1384 4406 1583 4454 vestra;
1621 4398 1857 4452 fortuna:
1881 4414 2107 4453 conver-

2223 4400 2462 4472 μενοιτά
2494 4400 2646 4470 παρά
2694 4417 2752 4452 τε
2788 4400 2881 4452 τοῦ
2921 4400 3125 4470 Ἀχαάὁ
3154 4401 3248 4453 καί⁸
3276 4400 3384 4454 τῶν
3432 4403 3555 4455 κατ’
3584 4401 3745 4454 ἐκεῖνον

543 4488 775 4553 sionem,
831 4489 1095 4557 vobisque
1162 4490 1502 4559 exprobrent
1564 4490 1713 4559 quod
1766 4500 2116 4559 peccatorum

544 4587 848 4633 vestrorum
881 4595 1049 4635 causa
1082 4581 1197 4635 h:ec
1235 4582 1508 4651 patimini.
1564 4584 1744 4653 Atque
1770 4584 1847 4639 ita
1895 4592 2117 4638 eventu.

545 4681 661 4720 ram
706 4667 818 4723 illis
870 4669 1134 4723 ultionem
1182 4670 1444 4738 minatus,
1483 4672 1610 4727 exin
1658 4690 1808 4729 more
1839 4691 1940 4730 suo
1984 4676 2119 4730 dicit

545 4771 744 4811 causas
796 4756 1109 4813 futurorum
1154 4769 1471 4827 eventuum,
1514 4764 1618 4819 sub
1662 4764 1886 4819 lamenti
1942 4765 2117 4836 ﬁgura

546 4848 917 4904 narrationem
974 4850 1274 4907 instituens
1325 4870 1341 4907 :
1385 4852 1614 4909 decebat
1660 4855 1805 4909 enim
1874 4857 2119 4927 apprime

546 4940 862 5009 prophetam
901 4942 1005 4996 sub
1037 4943 1201 5015 205.
1229 4946 1525 5014 gemituum
1572 4944 1770 5016 forma,
1825 4949 2122 5003 condolen-

546 5040 652 5083 tem
708 5031 973 5085 nimirum
1029 5036 1385 5104 patientibus,
1437 5046 1707 5094 eteorum
1745 5041 1848 5096 sibi
1895 5053 2122 5112 peccata

546 5131 873 5179 sumentem.
903 5124 1044 5190 Quid
1085 5141 1214 5197 ergo
1246 5128 1356 5181 ait?

2225 4491 2507 4563 βασιλέων,
2542 4491 3000 4560 ἐπεισυναχθέντα
3047 4493 3175 4562 ὑμῖν
3220 4494 3636 4565 ἀφανισθήσεται
3675 4490 3746 4543 ὠν

2222 4585 2353 4652 ὑμῖν
2371 4599 2386 4614 ⁶
2425 4581 2565 4635 ῶστε
2590 4582 2836 4643 ἃπαντας
2862 4582 2987 4644 τοὺς
3021 4582 3218 4648 ἔξωθεν
3250 4582 3493 4654 ὁρῶντας
3518 4583 3653 4654 ὑμῶν
3675 4579 3746 4647 τὴν

2223 4674 2500 4727 ἀπώλειαν
2527 4671 2781 4743 συριγμῷ
2810 4672 3111 4743 κεχρῆσθαι
3150 4673 3527 4743 θαυμάζοντας
3554 4674 3641 4744 τήν
3655 4685 3747 4724 τοσ-

2224 4765 2396 4834 αύτην
2430 4762 2584 4833 ὑμῶν
2627 4764 2720 4815 ἐπὶ
2767 4762 2828 4815 τὸ
2868 4765 3046 4834 χεῖρον
3077 4764 3398 4835 μεταϐολήν,
3438 4765 3748 4827 ὀνειδίζειντε

2226 4858 2354 4926 ὑμῖν
2376 4855 2459 4924 ἐφ’
2487 4848 2567 4917 οἷς
2610 4854 2751 4925 ὑπὲρ
2810 4854 2910 4924 τῆς
2963 4857 3303 4927 παρανομίας
3349 4858 3642 4911 πεπόνθατε
3679 4852 3751 4920 τῆς

2223 4949 2429 5010 οἰκείας
2465 4963 2478 4978 °
2508 4949 2567 4999 ὲν
2602 4948 2667 5018 δὴ
2722 4946 2927 5011 τούτοις
2980 4949 3078 5019 τῆς
3120 4949 3567 5020 ὲπαχθησομένης
3612 4948 3749 5005 αὐτοῖς

2224 5039 2496 5111 τιμωρίας
2525 5038 2621 5109 τὴν
2659 5037 2888 5109 ἀπειλὴν
2919 5040 3175 5111 εἰρηκὼς,
3204 5040 3329 5110 ἑξῆς
3354 5042 3535 5103 πάλιν,
3571 5039 3688 5093 κατά
3709 5035 3752 5086 τὸ

2227 5134 2439 5196 εἰωθὸς,
2462 5132 2610 5200 λέγει
2658 5131 2756 5193 τὰς
2807 5131 2983 5196 αἰτίας
3009 5131 3117 5185 τῶν
3145 5133 3445 5201 ἐπάγεσθαι
3501 5133 3751 5204 μελλόντων

551 5218 747 5281 rimis.
766 5217 827 5269 ἔν
853 5221 1087 5289 σχήματι
1111 5219 1307 5291 θρήνου
1327 5220 1425 5292 τὴν
1452 5223 1724 5296 ἀφήγησιν
1754 5226 1931 5281 αὑτῶν
1956 5230 2275 5301 ποιούμενος
2300 5247 2311 5259 ο
2344 5229 2465 5283 ἐπεὶ
2498 5228 2591 5280 καὶ
2629 5227 2832 5298 σφόδρα
2870 5228 3141 5299 ἥρμοττεν
3167 5229 3242 5299 τῷ
3274 5232 3519 5300 προφήτῃ
3550 5223 3753 5295 ἀλγοῦντι

556 5326 603 5360 ιε
631 5311 714 5377 ἐφ’
741 5303 822 5371 οἷς
853 5310 1136 5379 πάσχουσι,
1165 5314 1260 5365 καὶ
1289 5314 1357 5367 τὸ.
1386 5314 1829 5387 πλημμελήματα
1860 5322 2040 5373 αὑτῶν
2064 5322 2415 5391 οἰκειουμένῳ
2446 5319 2553 5372 τῶν
2596 5320 2843 5390 ὀδυρμῶν
2874 5324 2935 5373 τὸ
2973 5321 3175 5391 σχῆμα.
3212 5322 3277 5373 Τί
3312 5319 3403 5377 οὗν
3442 5341 3623 5392 φησιν;

1181 5401 1332 5455 CAP.
1376 5404 1486 5461 VII.

620 5489 783 5543 Vnus.
836 5492 884 5543 l.
924 5521 988 5531 —-
1032 5509 1049 5541 ι
1077 5489 1168 5545 Va:
1211 5493 1374 5548 mihi!
1420 5498 1512 5567 qui
1552 5498 1729 5557 factus
1751 5518 1869 5557 sum
1919 5509 1975 5558 ut
2022 5506 2115 5575 qui

627 5786 737 5859 (42)
780 5788 913 5845 Cod.
949 5791 1152 5860 φάγεσε
1178 5796 1247 5865 >ε<

2888 5411 3045 5463 ΚΕΦ.
3088 5413 3159 5464 Z'.

2299 5503 2445 5573 Στίχ.
2484 5509 2552 5559 α’.
2572 5532 2639 5542 —-
2658 5521 2676 5554 ι
2712 5502 2871 5574 Οἴμοι
2895 5505 2906 5555 !
2940 5505 3019 5557 ὅτι
3046 5503 3306 5574 ἐγενήθην
3327 5506 3401 5568 ὡς
3436 5506 3660 5573 συνάγων
3688 5516 3755 5554 κα·
