3824 6520
153 378 241 434 539
1067 366 1610 423 COMMENTARIUS
1652 368 1663 421 1

1846 366 2067 421 Sil/EE
2100 366 2256 423 CAP.
2300 366 2409 422 VII.
3252 366 3356 422 590

150 487 306 557 λάμην
330 484 385 537 ἐν
412 481 621 553 ἀμήτῳ,
640 480 741 533 καὶ
768 478 841 542 ὡς
872 479 1195 548 ἐπιφυλλίδα
1225 483 1282 534 ὲν
1310 484 1562 552 τρυγήτῳ
1589 481 1660 549 οὐ]

1847 480 2047 551 ipulam
2079 480 2135 534 in
2165 496 2343 536 messe
2373 479 2601 551 colligit,
2648 488 2701 534 et
2737 480 3043 534 racemulos
3077 478 3131 532 in
3165 479 3357 535 vinde-

152 575 455 643 ὑπάρχοντος
497 571 750 642 βότρυος·
793 568 886 622 τοῦ
918 572 1109 639 φαγεῖν
1149 572 1466 642 πρωτόγονα
1492 572 1662 625 ἐπεθύς

1851 572 1919 635 ia,
1955 587 2079 625 cum
2114 586 2224 625 non
2263 572 2333 626 sit
2368 572 2580 626 botrus.
2636 570 2913 625 Primitiva
2950 569 3239 626 comedere
3263 571 3361 626 de-

155 668 355 738 μησενή
386 663 525 734 ψυχή
556 680 677 732 μου.
722 682 740 714 ι
788 662 948 717 Ἀλλά
974 663 1084 735 γάρ
1107 663 1324 734 θρηνεῖν
1370 664 1546 718 ἔπεισί
1598 681 1664 734 μο

1848 662 2252 718 deravitauima
2280 677 2420 717 mea.
2448 680 2466 713 ο
2500 661 2576 714 En
2606 661 2736 715 mihi
2769 664 2953 732 lugere
3000 661 3176 725 subit,
3236 670 3358 719 tan.

152 758 386 827 τοσαύτην
409 756 505 826 τὴν
531 756 623 807 ἐπί
647 754 710 808 τὸ
736 757 917 825 χεῖρον
941 754 1111 826 ῥοπὴν
1138 755 1385 825 βλέποντι
1417 741 1512 809 τοῦ
1534 756 1661 809 λαοῦ

1851 769 1901 807 m
1938 752 2126 823 populi
2174 753 2242 806 ad
2296 753 2499 806 malum
2554 752 2964 806 inclinationem
3010 750 3244 815 videnti,
3297 759 3358 805 ut

154 856 218 917 (p.
242 846 354 915 512)
395 845 468 908 ὡς
504 845 705 915 μηδένα
732 844 1079 917 δικαιοσύνης
1103 847 1162 899 ἐν
1188 848 1370 910 αὑτοῖς
1396 848 1655 916 άναφαίνε

1846 844 1974 898 illus
2008 843 2151 913 apud
2182 858 2275 898 eos
2299 843 2529 912 iustitia:
2564 842 2774 897 fructus
2805 851 3085 912 appareat.
3122 843 3356 899 Perinde

156 938 256 990 σθαι
303 935 505 1006 καρπόν
544 951 560 967 ο
599 934 808 989 τοιοῦτο
853 936 983 1004 γοῦν
1023 955 1077 989 τι
1122 937 1352 1007 πάσχειν
1391 938 1475 989 ἐπ’
1508 938 1666 989 αὑτοῖ.

1850 934 1959 987 itur
1981 948 2083 1003 ego
2115 933 2295 996 patior
2325 940 2489 1002 atque
2517 932 2778 1002 agricola,
2814 933 2860 987 si
2886 935 3084 989 messis
3114 941 3359 1003 tempore

154 1028 452 1099 προάγομαι,
481 1019 588 1079 οἷον
614 1026 679 1079 ἂν
708 1027 859 1091 εἴτις
887 1029 1047 1083 πάθοι
1076 1028 1338 1099 γεωργὸς,
1362 1029 1394 1098 ἢ
1427 1032 1484 1082 ἐν
1514 1029 1664 1099 καιρᾴ

1845 1036 2003 1080 uncta)
2054 1025 2131 1079 illi
2188 1024 2375 1095 fruges
2431 1025 2746 1095 depereant,
2777 1026 3049 1096 vilemque
3096 1027 3355 1096 stipulam

153 1119 380 1189 θερισμοῦ
432 1117 707 1182 παντελῶς
748 1120 855 1173 τῶν
902 1121 1129 1192 καρπῶν
1168 1120 1559 1183 ἀπολωλότων,
1593 1136 1663 1173 κα

1848 1131 1913 1170 co
1957 1116 2357 1185 manipulorum
2397 1125 2626 1185 cogatur
2657 1115 2915 1184 colligere
2947 1135 2959 1169 :
2999 1116 3082 1170 vel
3119 1125 3267 1171 certe
3302 1116 3358 1171 in

152 1210 303 1279 λάμην
329 1209 445 1261 τινὰ
486 1208 605 1260 ἀντὶ
631 1208 959 1279 δραγμάτων
992 1211 1182 1279 εὐτελῆ
1224 1209 1500 1278 συλλέγειν
1526 1211 1662 1277 ἀναγ

1848 1214 2069 1260 uctunm
2097 1206 2454 1269 abundantia,
2497 1205 2903 1274 manipulorum
2941 1206 3168 1274 penuria
3203 1205 3356 1259 labo-

154 1301 437 1369 καζόμενος,
454 1300 487 1369 ἢ
506 1302 561 1352 ἐν
586 1303 702 1362 ταῖς
728 1301 833 1352 τῶν
857 1302 1084 1372 καρπῶν
1106 1301 1383 1372 εὑφορίαις
1407 1301 1659 1353 ἐκπίπτει

1849 1306 1873 1351 ιι
1910 1315 1925 1364 ;
1958 1298 2041 1351 vel
2083 1297 2357 1351 vindemia
2394 1297 2659 1361 instante,
2703 1296 2891 1351 botros
2915 1297 3095 1350 nullos
3139 1312 3359 1366 compe-

154 1389 283 1442 εἴωθε
305 1387 405 1439 τῶν
426 1389 754 1458 δραγμάτων
778 1406 793 1420 ·
815 1390 847 1458 ἢ
872 1390 1144 1461 τρυγητοῦ
1172 1391 1435 1461 παρόντος
1460 1390 1660 1460 βότρυα

1850 1399 1919 1453 at,
1953 1390 2049 1445 sed
2088 1389 2174 1443 vix
2222 1390 2412 1444 breves
2442 1389 2749 1443 racemulos
2791 1389 3032 1459 colligat.
3069 1388 3210 1443 Sane
3255 1388 3360 1443 hoc

155 1482 237 1549 μὲν
265 1480 353 1548 οὐχ
402 1480 691 1549 εὑρίσκων,
720 1481 1071 1548 ἐπιφυλλίδας
1120 1482 1178 1535 δέ
1235 1499 1387 1543 τινας
1437 1481 1663 1551 βραχεία

1852 1495 2057 1550 mpore,
2091 1490 2213 1549 post
2262 1488 2472 1533 tantam
2505 1495 2535 1533 a
2577 1479 2685 1533 Deo
2715 1479 3016 1549 impensam
3063 1494 3251 1533 curam
3297 1493 3361 1532 ac

157 1568 395 1635 συλλέγων
414 1586 428 1600 ·
454 1569 579 1621 ἐπεὶ
606 1570 699 1622 καὶ
724 1569 817 1623 νῦν
867 1571 962 1623 τοῦ
996 1571 1210 1642 καιροῦ,
1244 1573 1381 1640 μετά
1422 1574 1667 1643 τοσαύτη

1851 1571 2165 1635 εᾱυιὶιιιῑοηι,
2193 1570 2508 1625 necessario
2543 1569 2761 1624 demum
2794 1571 3014 1639 pietatis
3060 1578 3223 1639 atque
3248 1570 3361 1624 vir-

154 1657 443 1727 κηδεμονίαν
479 1675 541 1710 τε
594 1660 687 1712 καὶ
714 1661 1027 1730 ἐπιμέλειαν
1073 1662 1169 1733 τὴν
1219 1664 1369 1734 παρὰ
1420 1666 1513 1716 τοῦ
1559 1663 1664 1717 Θεο

1850 1664 1929 1717 itis
1959 1661 2171 1718 fructus
2200 1671 2549 1731 exspectans,
2598 1676 2721 1715 rara
2756 1662 2900 1731 apud
2938 1662 3090 1731 ipsos
3136 1663 3360 1717 omnino

154 1747 493 1815 γεγενημένην
528 1747 610 1809 εἰς
663 1748 879 1811 αὑτοὺς,
934 1750 1247 1818 ἀναγκαίως
1288 1754 1385 1821 τῆς
1428 1770 1488 1804 τε
1522 1751 1664 1805 θεοσε

1849 1755 2070 1824 imperio
2099 1754 2239 1808 bona
2289 1769 2452 1823 opera
2480 1771 2494 1820 ;
2551 1768 2675 1807 nam
2707 1769 2807 1807 nec
2835 1754 3104 1822 primitias
3146 1754 3359 1823 aliquas

153 1836 281 1899 ϐείας
315 1838 403 1889 καὶ
448 1838 552 1907 τῆς
583 1839 782 1910 ἀρετῆς
814 1841 938 1903 τοὺς
992 1845 1236 1913 καρποὺς
1286 1843 1663 1913 ἐπιζητοῦντος

1854 1847 1940 1901 iud
1965 1861 2058 1901 eos
2097 1844 2280 1899 videre
2323 1852 2430 1907 est,
2472 1859 2785 1915 quanquam
2825 1844 2879 1899 id
2934 1845 3167 1898 maxime
3210 1855 3364 1913 opta-

157 1926 381 1989 σπανίζον
430 1929 487 1979 ἐν
530 1928 732 1983 ἅπασιν
778 1932 961 1995 αὑτοῖς
1016 1934 1295 1997 παντελῶς
1357 1934 1595 2005 εὑρίσκω
1633 1953 1662 1987 τ

1854 1953 1941 1991 im.
1972 1938 2183 1991 Etenim
2220 1936 2362 2011 sicut
2390 1952 2456 1991 ex
2494 1937 2722 1991 maturis
2777 1936 3044 1991 fructibus
3096 1936 3364 2005 primitias

157 2019 317 2071 καλόν·
349 2018 465 2071 οὑδὲ
496 2020 629 2087 γοῦν
652 2022 904 2094 ἀπαρχήν
937 2042 1057 2077 τινα
1087 2026 1144 2078 ἐν
1188 2026 1372 2089 αὑτοῖς
1406 2028 1667 2097 ἀναφαινο

1856 2031 2037 2084 ιιεηιυε
2068 2043 2305 2093 sumere,
2335 2028 2388 2080 id
2421 2035 2505 2082 est
2539 2027 2876 2096 primitivos;
2910 2028 3052 2081 unde
3080 2035 3133 2080 et
3174 2028 3366 2083 beatus

158 2111 299 2179 μένην
331 2110 473 2164 ἐστιν
525 2112 693 2165 ἰδεῖν·
731 2114 994 2184 ἐπιθυμία
1037 2116 1094 2169 δέ
1150 2136 1238 2187 μοι
1283 2118 1507 2191 πλείστη
1566 2122 1668 2176 καθ

1853 2121 1967 2176 avid
2010 2139 2024 2176 :
2061 2139 2079 2171 ι
2110 2119 2175 2173 Et
2210 2119 2663 2189 percussitomne
2684 2119 3103 2190 primogenitum
3130 2120 3184 2173 in
3217 2128 3363 2174 terra

158 2201 325 2269 ἔστηκε
354 2203 503 2255 τουτί
530 2201 771 2257 τοιοῦτον
809 2204 935 2257 ἰδεῖν
960 2220 974 2234 ·
1005 2206 1191 2275 ἐπειδὴ
1218 2207 1325 2278 γὰρ
1357 2210 1420 2261 ἐκ
1456 2209 1554 2279 τῆς
1585 2210 1665 2263 τῶ

1855 2210 2041 2281 ngpti,
2088 2208 2360 2278 primitias
2390 2207 2571 2261 omnis
2602 2208 2802 2263 laboris
2853 2222 3041 2262 eorum
3084 2209 3137 2261 in
3181 2208 3365 2262 taber-

157 2292 353 2359 καρπῶν
390 2293 727 2366 τελειότητος
772 2295 1042 2367 εἰώθαμεν
1085 2298 1339 2369 ἀπαρχὰς
1379 2299 1667 2371 λαμϐάνειν

1854 2301 2015 2355 aculis
2071 2300 2517 2363 Chami“;»boc
2562 2299 2745 2353 dicere
2804 2299 3067 2369 prapheta
3110 2299 3267 2352 vult:
3304 2298 3364 2353 In

154 2381 367 2437 τοῦτοδὲ
413 2386 531 2437 ἐστι
565 2389 659 2439 καὶ
690 2387 759 2439 τὰ
805 2375 1154 2459 πρωτότοκαυ
1210 2390 1330 2444 ὃθεν
1370 2394 1398 2444 ὸ
1433 2394 1664 2464 μακάριο

1850 2407 2002 2463 iagna
2033 2392 2341 2453 sterilitate,
2377 2390 2650 2460 cupiditas
2671 2406 2758 2445 me
2788 2392 3012 2445 incessit
3052 2390 3360 2446 inveniendi

154 2473 313 2525 Δαυίδ’
340 2493 359 2526 ι
397 2477 507 2530 Καὶ
557 2478 795 2543 ἐπάταξε
846 2482 956 2534 πᾶν
1006 2482 1354 2552 πρωτότοκον
1386 2486 1444 2538 ἐν
1486 2487 1555 2555 γῇ
1603 2487 1664 2537 Al

1815 2484 2011 2553 aliquid
2041 2484 2183 2552 apud
2232 2484 2380 2552 ipsos
2430 2482 2576 2551 quod
2612 2482 2981 2551 primitiarum
3009 2484 3130 2537 loco
3158 2490 3325 2537 esset.

156 2562 354 2631 τύπτου,
419 2568 675 2639 ἀπαρχὴν
713 2572 913 2635 παντὸς
936 2572 1098 2625 πόνου
1148 2574 1327 2627 αὑτῶν
1388 2576 1447 2627 ἐν
1492 2578 1605 2638 τοῖς
1645 2574 1965 2645 σκηνώμασι
2015 2575 2145 2643 Χάμ
2178 2573 2398 2626 ἰτοῦτο
2445 2573 2689 2641 βούλεται
2740 2575 2936 2636 εἰπεῖν,
2999 2574 3080 2626 ὅτι
3120 2572 3218 2627 Διά
3268 2573 3370 2645 τὴν

156 2655 425 2730 ὑπερὸολὴν
454 2661 558 2731 τῆς
594 2662 873 2733 ἀκαρπίας
904 2665 1165 2735 ἐπιθυμία
1209 2684 1276 2737 με
1324 2667 1587 2738 κατέσχεν
1630 2668 1809 2738 εὑρεῖν
1850 2684 1903 2720 τι
1959 2669 2016 2721 ἐν
2054 2668 2253 2730 αὑτοῖς,
2299 2667 2551 2737 ἀπαρχῆς
2600 2665 2753 2733 τάξιν
2795 2666 3011 2736 ἐπέχειν
3050 2665 3367 2737 δυνάμενον.

214 2859 345 2930 Στίχ.
380 2860 511 2931 β’·δ.
546 2891 619 2904 —-
652 2863 725 2935 (p.
760 2865 885 2936 515)
929 2868 1039 2921 Καὶ
1078 2868 1350 2939 ἐπιμένων
1392 2872 1503 2933 τοῖς
1548 2871 1700 2937 ὀδυρο

1877 2865 2043 2922 Vsus.
2069 2865 2141 2919 2-
2158 2868 2208 2920 4.
2231 2864 2381 2919 -Ει
2410 2866 2711 2935 ploratibus
2751 2866 3009 2921 insistens
3030 2878 3042 2914 :
3063 2864 3182 2920 Ναὶ
3211 2864 3366 2933 mihi,

160 2954 286 3020 μοῖς·
321 2972 339 3004 ι
368 2954 529 3024 Οῖμοι
558 2954 757 3024 ίψυχὴ,
780 2958 861 3009 ὅτι
894 2958 1169 3012 ἀπόλωλεν
1203 2960 1434 3031 εὐλαϐὴς
1463 2962 1571 3014 ἀπὸ
1600 2961 1667 3029 τῆ

1861 2959 2006 3022 lima,
2023 2958 2149 3028 quia
2165 2958 2323 3027 periit
2341 2958 2463 3026 pius
2479 2957 2545 3012 de
2563 2966 2727 3017 terra.
2749 2966 2803 3012 et
2822 2958 2911 3025 qui
2934 2957 3219 3012 emendate
3246 2966 3371 3028 agat

156 3043 259 3110 γῆς,
287 3046 373 3098 καὶ
407 3046 693 3117 κατορθῶν
714 3050 772 3100 ἐν
801 3049 1105 3119 ἀνθρώποις
1138 3053 1235 3121 οὑχ
1268 3053 1499 3123 ὑπάρχει
1524 3068 1538 3083 ’
1571 3054 1666 3106 πάι

1884 3048 2192 3103 hominibus
2216 3062 2321 3100 non
2340 3055 2424 3100 est
2446 3064 2459 3099 :
2485 3062 2675 3101 omnes
2698 3046 2764 3100 de
2784 3048 3139 3115 sanguinibus
3161 3048 3370 3118 judicio

157 3149 231 3196 τες
256 3136 327 3198 είς
361 3137 573 3207 αἵματα
606 3138 935 3205 δικάζονται,
968 3141 1193 3205 ἕκαστος
1221 3144 1311 3196 τὸν
1348 3143 1572 3213 πλησίον
1605 3144 1667 3196 αὑ

1859 3135 2172 3199 intendunt,
2217 3134 2376 3203 205
2425 3135 2802 3203 unusquisque
2848 3137 3153 3204 proximum
3209 3150 3369 3192 suum

156 3224 234 3277 τοῦ
259 3227 589 3281 ἐκθλίϐουσιν
632 3229 852 3302 ἐκθλιϐῇ
893 3249 906 3261 ·
939 3233 1031 3285 ἐπὶ
1081 3233 1142 3285 τὸ
1178 3235 1346 3287 κακὸν
1380 3234 1476 3297 τὰς
1510 3237 1663 3305 χεῖρα

1860 3241 2061 3282 'essura
2082 3230 2295 3295 premit,
2321 3227 2383 3279 ad
2419 3227 2615 3280 malum
2640 3243 2833 3283 manus
2864 3242 2993 3282 suas
3023 3228 3370 3297 parat.Prin-

160 3316 309 3369 αὑτῶν
348 3320 729 3389 ἑτοιμάζουσιν
763 3339 775 3352 ⁸
803 3324 831 3375 ὁ
868 3322 1050 3394 ἄρχων
1102 3326 1244 3376 αἰτεῖ
1265 3367 1279 3389 ,
1311 3327 1405 3377 καὶ
1448 3328 1475 3379 ό
1506 3325 1666 3395 κριτὴ

1859 3335 1931 3389 tps
1958 3318 2153 3387 poscit,
2183 3316 2348 3385 judex
2378 3318 2605 3386 paciﬁca
2650 3319 2812 3373 verba
2856 3320 3118 3389 loquitur,
3158 3319 3369 3376 deside-

160 3407 428 3475 εἰρηνικοὺς
456 3407 652 3475 λόγους
685 3408 934 3480 ἐλάλησε,
962 3411 1297 3482 καταθύμιον
1328 3412 1507 3483 ψυχῆς
1535 3413 1666 3466 αὑτο

1859 3423 1943 3460 um
1972 3408 2166 3459 animae
2194 3406 2311 3475 ejus
2332 3417 2432 3461 est.
2460 3427 2477 3457 ›
2501 3406 2698 3473 Quii'ni
2752 3409 2913 3480 digne
2931 3410 3252 3479 plorandum
3274 3412 3369 3474 sit,

158 3496 272 3550 ἐστι.
314 3516 331 3549 ι
373 3495 494 3559 Πῶς
542 3499 649 3572 γὰρ
688 3501 749 3553 οὑ
802 3501 1018 3571 θρηνεῖν
1064 3502 1250 3568 ἀξιον,
1282 3504 1363 3556 ὅτι
1408 3503 1571 3571 φόϐος
1602 3505 1668 3572 μὲ

1863 3498 2072 3569 quidem
2114 3499 2295 3554 nullus
2331 3498 2425 3553 Dei
2471 3500 2632 3552 timor
2671 3500 2812 3570 apud
2847 3517 2941 3556 eos
2979 3517 3209 3572 usquam
3258 3502 3373 3558 est?

161 3588 271 3642 Θεοῦ
318 3595 435 3663 παρ’
466 3594 651 3656 αὑτοῖς
702 3592 978 3663 οὑδαμοῦς
1010 3592 1132 3646 ὅθεν
1165 3594 1284 3646 οὑδὲ
1336 3594 1481 3647 ἔστιν
1523 3596 1671 3665 εὑρεῖ

1856 3607 1912 3646 ιο
1938 3591 2015 3655 ﬁt,
2048 3599 2106 3644 ut
2131 3606 2289 3646 nemo
2322 3592 2413 3661 qui
2447 3591 2679 3647 ollicium
2704 3594 2857 3662 sequi
2877 3596 3003 3649 velit
3032 3596 3366 3652 inveniatur.

159 3680 232 3732 τὸν
260 3684 629 3753 ἐπιμελεῖσθαι
663 3683 757 3736 τοῦ
800 3685 1170 3755 προσήκοντος
1198 3685 1447 3739 ἐθέλοντα
1469 3703 1483 3716 '
1524 3688 1669 3740 πάντη

1858 3691 2011 3737 uncta
2040 3683 2233 3736 borum
2275 3682 2506 3737 crimina
2544 3684 2598 3737 in
2634 3685 2873 3741 caedibus
2908 3698 3213 3753 versantur,
3240 3688 3368 3758 quia

156 3771 205 3823 δὲ
236 3774 402 3839 αὑτοῖς
431 3777 565 3847 περὶ
591 3776 766 3845 φόνων
793 3776 1127 3846 γυμνάζεται
1153 3777 1221 3830 τά
1245 3778 1583 3849 ἐγκλήματα,
1603 3781 1663 3832 οὑ

1864 3792 1910 3828 m
1937 3776 2211 3830 sustinent
2237 3774 2376 3829 levia
2416 3790 2665 3844 peccare,
2712 3776 2806 3830 sed
2834 3777 2898 3831 ad
2928 3777 3218 3832 homicidia
3262 3794 3374 3832 ma-

161 3862 469 3934 ἀνεχομένοις
510 3866 687 3937 μικρὰ
710 3866 942 3931 πταίειν,
976 3866 1090 3920 ἀλλ’
1111 3868 1238 3938 ἄχρι
1282 3868 1454 3937 φόνων
1478 3869 1575 3932 τὰς
1598 3872 1671 3939 χεῖ

1864 3884 1908 3922 IS
1932 3867 2222 3921 intendunt
2254 3886 2266 3921 :
2298 3867 2678 3937 unusquisque
2701 3883 2799 3938 pro
2821 3869 3055 3932 viribus,
3088 3870 3374 3927 doloribus

160 3969 242 4021 ρας
265 3956 606 4009 ἐκτεινόντων
635 3954 734 4018 τὰς
774 3956 908 4017 ἰδίας
931 3973 946 3987 ⁸
974 3956 1202 4019 ἔκαστός
1233 3974 1290 4008 τε
1321 3957 1498 4010 αὑτῶν
1526 3956 1600 4020 ὼς
1636 3957 1669 4009 ἂ

1864 3956 2179 4025 igustiisque
2213 3956 2492 4024 proximos
2519 3957 2618 4010 sibi
2651 3973 2915 4026 pauperes
2975 3959 3188 4014 irrctire
3206 3975 3374 4014 cona-

161 4041 241 4113 ἔχη
263 4044 534 4117 δυνάμεως
565 4047 778 4111 ὀδύναις
810 4050 905 4101 καὶ
932 4047 1199 4114 ἀνάγκαις
1230 4047 1573 4118 περιϐάλλειν
1610 4047 1669 4099 τὸ

1869 4062 1915 4108 r,
1951 4053 2005 4100 et
2040 4045 2104 4098 ad
2135 4046 2400 4115 patranda
2426 4047 2633 4100 scelera
2660 4048 2866 4100 alacres
2911 4056 3060 4101 sunt.
3101 4047 3371 4103 Praeterea

162 4133 301 4200 ἐγγύς
342 4138 551 4207 πένητα
597 4139 886 4208 πειρᾶται,
920 4137 1421 4208 παρεσκευασμένοι
1464 4154 1525 4189 τε
1573 4154 1672 4207 περ

1861 4136 2058 4204 'inceps
2124 4136 2400 4204 wquitatis
2448 4135 2755 4195 immemor,
2825 4138 3111 4206 pecuniam
3172 4138 3371 4208 poscit,

161 4222 243 4291 τὴν
266 4225 362 4279 τῶν
389 4228 581 4281 κακῶν
624 4231 763 4282 εἰσιν
794 4230 1056 4301 ἐργασίαν
1080 4248 1094 4261 ·
1131 4226 1250 4283 εἶτα
1284 4230 1376 4283 ἐπὶ
1424 4229 1636 4292 τούτοις

1863 4242 1967 4295 que
2013 4226 2082 4279 ob
2118 4226 2257 4277 hanc
2282 4225 2593 4279 dissimulat
2633 4228 2976 4295 peccantium
3016 4227 3370 4296 iniquitates:

166 4318 245 4384 μὲν
266 4320 318 4371 ἐν
351 4320 427 4392 τῷ
454 4322 649 4394 ἄρχειν
697 4322 999 4387 καθεστὼς,
1035 4322 1367 4393 ἀμελῶντοῦ
1402 4323 1676 4394 προσηκον

1867 4318 1968 4371 dex
1998 4326 2201 4376 autem,
2237 4315 2440 4369 omissa
2466 4315 2609 4383 juris
2644 4315 2906 4379 dictione,
2941 4317 3159 4373 blandis
3203 4319 3377 4373 utitur

163 4424 238 4470 τος
277 4412 523 4482 χρήματα
562 4411 751 4482 ζητεῖ,
804 4414 901 4467 καὶ
950 4414 1161 4476 τούτοις
1198 4412 1544 4483 διακρούεται
1598 4412 1673 4465 τῶ

1873 4409 2176 4471 rmonibus,
2211 4416 2266 4460 ut
2293 4406 2379 4462 bis
2409 4407 2613 4475 injusta
2647 4407 2748 4462 sibi
2797 4408 2950 4463 lucra
2991 4410 3268 4476 conciliet,
3309 4410 3376 4465 ad

164 4498 551 4570 ἁμαρτανόντων
603 4503 702 4567 τὰς
733 4504 944 4567 ἀδικίας
976 4520 991 4535 ο
1024 4507 1053 4558 ό
1080 4505 1136 4558 δὲ
1183 4504 1279 4558 τοῦ
1312 4505 1519 4577 κρίνειν
1560 4505 1674 4575 εἰλη

1869 4514 1929 4553 ιω
1960 4499 2125 4552 animi
2172 4498 2557 4568 cogitationem
2606 4499 2870 4552 intentam
2918 4500 3100 4555 habet.
3136 4519 3154 4552 ι
3181 4499 3244 4556 Ει
3280 4516 3379 4554 au-

166 4590 261 4655 φὼς
286 4593 377 4663 τὴν
411 4594 681 4660 ἐξουσίαν,
727 4595 887 4664 ἀφεὶς
932 4594 994 4648 τὸ
1024 4594 1229 4648 δίκαιον
1262 4595 1485 4666 ὁρίζειν,
1537 4594 1668 4666 θερα

1869 4605 1983 4643 ram
2022 4590 2162 4643 bona
2197 4604 2406 4654 eorum,
2460 4590 2615 4659 quasi
2657 4590 2802 4644 tinea
2829 4590 3141 4658 comedens,
3182 4599 3237 4647 et
3269 4607 3379 4646 am-

165 4688 407 4747 πευτικοῖς
420 4686 689 4757 κέχρηται
717 4686 956 4756 ῥήμασιν
976 4702 991 4717 ο
1006 4686 1081 4750 ὡς
1106 4686 1171 4740 ἂν
1194 4686 1281 4740 διὰ
1304 4686 1505 4740 τούτων
1529 4688 1675 4741 ἑαυτέ

1865 4684 2007 4737 ilans
2038 4697 2201 4750 super
2232 4682 2475 4751 regulam
2525 4683 2581 4735 in
2612 4682 2700 4736 die
2749 4684 3140 4751 spcculationis
3183 4698 3314 4739 suae.
3357 4702 3375 4737 ι

166 4777 541 4845 περιποιήσειεν
564 4775 726 4829 ἄδικα
752 4778 940 4850 κέρδη,
961 4778 1095 4848 πρὸς
1123 4777 1159 4831 ἃ
1184 4778 1247 4849 δὴ
1273 4777 1568 4849 τεταμένον
1594 4778 1676 4847 ἔχε

1868 4776 1896 4828 b
1912 4774 2028 4827 haec
2051 4773 2105 4827 iu
2136 4772 2383 4828 absoluta
2416 4782 2468 4827 te
2483 4773 2811 4827 constituam
2837 4775 3102 4828 bonorum
3121 4782 3378 4846 egestate,

167 4860 241 4914 τὸν
260 4862 505 4935 λογισμὸν
534 4867 635 4937 τῆς
669 4866 869 4936 ψυχῆς.
918 4887 937 4919 ι
972 4867 1082 4921 Καὶ
1120 4868 1407 4938 ἐξελοῠμαι
1436 4868 1505 4920 τὰ
1526 4869 1677 4935 ἀγαθ

1874 4880 1968 4920 ore
2002 4865 2175 4927 tineae,
2222 4864 2460 4918 hostium
2514 4879 2677 4917 manu
2709 4865 2974 4935 quidquid
3014 4876 3097 4922 est
3139 4866 3281 4936 apud
3331 4876 3384 4921 te

168 4955 342 5019 αὐτῶν,
372 4958 446 5021 ὡς
478 4957 579 5029 σὴς
599 4959 891 5028 ἐκτρώγων
911 4959 1006 5012 καὶ
1033 4959 1259 5030 βαδίζων
1287 4960 1379 5012 ἐπὶ
1403 4960 1623 5021 κανόνος
1654 4961 1678 5009 ἐ

1877 4958 2131 5010 aeclarum
2164 4956 2471 5011 destruens.
2498 4954 2631 5009 Nam
2664 4957 2806 5011 sicut
2850 4958 2995 5011 tinea
3028 4958 3082 5011 in
3114 4958 3244 5028 ligni
3272 4966 3385 5010 tra-

170 5045 376 5116 ήμέραις
418 5052 651 5113 σκοπιάς
686 5068 800 5104 σου.
856 5070 874 5101 ι
906 5051 983 5122 (p.
1015 5052 1141 5121 5M)
1191 5052 1362 5123 ’Υπὲρ
1403 5051 1466 5123 δὴ
1505 5051 1679 5105 τούτω

1874 5052 2007 5104 :cula
2056 5049 2355 5114 exsistens,
2404 5050 2489 5103 via
2520 5049 2777 5119 gradiens
2812 5059 2977 5105 totam
3039 5052 3187 5103 illam
3228 5057 3384 5105 vorat

170 5132 219 5183 ὲν
241 5137 479 5191 παντελεῖ
504 5154 565 5192 σε
608 5140 930 5211 καταστήσω
950 5140 1058 5193 τῶν
1091 5141 1309 5209 ἀγαθῶν
1340 5142 1536 5212 ἐνδείᾳ,
1562 5141 1680 5211 δίκη

1876 5154 1979 5208 que
2060 5139 2358 5201 consumit,
2425 5140 2795 5209 particulatim
2854 5156 3237 5210 corrumpens,
3305 5143 3386 5198 sic

172 5226 336 5295 σητὺς,
366 5228 451 5283 διά
500 5233 610 5284 τῶν
643 5231 916 5301 πολεμίων
943 5233 1050 5285 πᾶν
1097 5231 1373 5300 ἀφανίζων
1412 5232 1440 5284 ὅ
1467 5249 1519 5285 τι
1555 5231 1682 5286 καλό

1874 5247 1918 5297 ςο
1971 5231 2231 5301 paulatim
2293 5230 2434 5285 bona
2498 5238 2674 5285 vestra
2727 5230 3005 5297 auferam;
3063 5239 3118 5286 et
3174 5241 3384 5302 postea,

120 5322 133 5337 ’
171 5318 295 5370 ἐστιν
330 5322 387 5374 ἐν
416 5321 498 5374 σοί
518 5340 532 5354 ·
560 5322 635 5385 ὡς
659 5323 765 5393 γὰρ
789 5324 812 5375 ὁ
845 5322 942 5393 σὴς
970 5324 1027 5375 ἐν
1057 5324 1239 5376 κανόνι
1273 5322 1429 5387 ξύλου
1453 5322 1630 5391 γεγονι

1876 5323 2120 5377 :cundum
2157 5330 2371 5391 tempus
2405 5338 2515 5393 quo
2566 5324 2996 5393 magnitudinem
3040 5336 3386 5395 peccatorum

170 5406 257 5476 6δῷ
284 5409 685 5479 βαδίζων,ἆπαν
708 5414 838 5467 αὑτὸ
864 5413 1136 5467 κατεσθίει
1170 5414 1264 5467 καὶ
1290 5414 1568 5467 ἀναλίσκει
1595 5416 1680 5468 ταῖ

1880 5422 2126 5468 μεῑτοτυηι
2168 5413 2481 5482 speculatus
2517 5411 2690 5477 fuero,
2729 5429 3029 5485 congruum
3068 5413 3226 5471 factis
3260 5431 3390 5486 sup-

174 5500 293 5551 ιιατὰ
326 5501 488 5571 μέρος
533 5503 879 5574 διαφθοραῖς,
910 5505 1053 5558 οὑτω
1084 5504 1225 5559 κατὰ
1269 5504 1461 5575 μικρὸν
1501 5504 1684 5557 ἅπαντα

1880 5504 2043 5558 icium
2080 5501 2330 5558 inferam.
2374 5523 2390 5555 ι
2417 5502 2542 5557 Vm!
2576 5520 2654 5558 vae
2680 5506 2691 5557 !
2716 5504 3073 5561 ultionestua:
3102 5515 3389 5573 venerunt;

178 5585 307 5655 ὒμῶν
334 5592 517 5660 ἀφελῶ
534 5594 599 5646 τὰ
636 5594 816 5662 ἀγαθά
840 5612 853 5625 ο
886 5598 1025 5651 κατὰ
1054 5597 1143 5651 τὸν
1181 5596 1367 5657 καιρὸν
1405 5598 1462 5652 ἐν
1490 5589 1533 5663 ᾧ
1570 5594 1634 5666 δὴ
1654 5612 1688 5648 τι

1878 5611 1967 5650 Inc
2001 5602 2163 5651 erunt
2196 5594 2349 5650 ﬂetus
2396 5609 2607 5651 eorum.
2633 5614 2651 5649 ι
2690 5594 2849 5651 Venit
2882 5597 3019 5667 dies,
3050 5608 3234 5670 quotu
3263 5613 3388 5670 peo-

228 5762 273 5797 "
290 5763 427 5823 Psal.
460 5784 568 5835 Liv,
588 5771 675 5826 '56.
