3934 6586
425 403 527 459 591
1593 375 1950 435 THEODOR!
1999 369 2487 433 MOPSUESTENI
3583 362 3690 417 392

430 529 679 576 catorum
712 527 903 585 pmnas
936 508 1064 574 des;
1119 517 1359 576 quorum
1397 515 1567 557 causa
1604 512 1755 554 nunc
1797 504 1850 551 te
1882 494 2013 551 flere

2137 470 2343 559 ιέγεθος
2380 484 2789 558 περισκοπήσας
2808 482 2915 537 τῶν
2941 479 3352 553 ἁμαρτημάτων
3384 477 3690 549 ὑμετέρων,

432 568 804 674 deiecti—quia
834 617 898 655 ex
933 568 1118 653 inlatis
1139 568 1330 646 'malis
1388 589 1561 646 semis
1598 591 1866 656 quantum
1912 581 2011 637 tibi

2137 582 2375 650 ινάλογον
2433 579 2617 644 ἐπάξω
2661 580 2773 641 τοῖς
2817 575 3210 648 πραττομένοις
3246 571 3345 641 τὴν
3394 568 3685 645 τιμωρίαν.

432 696 685 754 uocueris
716 704 809 748 tuo
840 693 895 745 in
937 690 1129 744 vitium
1164 687 1341 754 lapsu.

2137 697 2139 723 ι
2166 675 2325 735 υύαὶ,
2346 671 2489 735 οὐαὶ,
2513 670 2818 741 ἐκδικήσεις
2835 683 2927 720 σου
2949 668 3115 737 ήκασι
3134 682 3147 697 ο
3163 665 3257 718 νῦν
3291 663 3502 716 ἔσονται
3530 662 3692 713 κλαυ-

433 751 561 861 iith
585 751 793 841 αὐτῶν.
831 802 850 834 ι
897 751 1275 850 Παραγέγονεν
1319 775 1353 845 ή
1404 770 1585 842 ήμέρα
1622 766 1717 820 τοῦ
1763 764 1946 819 δοῦναί
1981 781 2040 817 σε
2062 764 2217 836 δίκην
2258 763 2365 818 τῶν
2396 760 2899 834 πλημμελημάτων,
2954 758 3093 828 ὑπὲρ
3131 751 3207 809 ὧν
3233 756 3300 825 δὴ
3319 754 3415 806 νῦν
3442 770 3499 805 σε
3534 768 3692 823 προσ⁴

430 846 535 951 ἧκε
590 875 859 946 δακρῦσαι
913 846 1000 924 διά
1032 869 1142 923 τῶν
1197 863 1553 935 ἐπαγομένων
1615 859 1801 914 κακῶν
1856 856 2263 927 αἰσθανόμενον,
2316 856 2511 909 ὁπόσον
2549 854 2836 924 ἐλυμαίνου
2888 850 3069 921 σαυτῴ
3113 852 3178 920 τῇ
3232 846 3458 919 περὶ-τὸ
3514 847 3691 913 χεῖρον

436 972 601 1042 ῥοπῇσ

508 1149 674 1205 Vsus.
714 1147 836 1201 5—7.
878 1174 941 1184 —
981 1142 1049 1197 Et
1080 1143 1391 1197 futurorum
1428 1138 1696 1192 malorum
1745 1133 2011 1204 magnitu-

438 1242 621 1297 dinem
643 1244 1082 1297 demonstransu
1109 1231 1285 1287 Nolite
1304 1230 1548 1291 credere,
1568 1226 1765 1297 inquit,
1787 1224 2011 1289 amicis;

442 1345 621 1400 neque
658 1328 889 1396 speretis
939 1340 969 1378 a
1006 1324 1237 1379 ducibus
1269 1339 1282 1375 :
1318 1321 1389 1385 ei,
1444 1335 1566 1389 quae
1606 1329 1785 1373 tecum
1829 1316 2013 1376 cubat,

442 1438 575 1476 cave
618 1420 913 1489 quidquam
949 1415 1323 1471 concredere:
1361 1413 1491 1482 quia
1536 1410 1681 1463 filius
1735 1415 2021 1462 contume-

442 1513 570 1567 liam
604 1512 734 1565 facit
768 1510 929 1579 patri,
975 1516 1029 1562 et
1056 1508 1167 1561 filia
1198 1503 1765 1575 consurgitadversus
1798 1506 2025 1551 matrem

442 1617 621 1665 suam,
650 1616 822 1654 nurus
840 1599 1003 1669 206
1025 1598 1291 1652 adversus
1314 1609 1531 1650 socrum
1558 1606 1738 1656 suam;
1754 1586 2026 1644 etinimici

444 1692 708 1754 hominis,
737 1692 921 1746 cuncti
950 1688 1239 1743 domestici
1271 1686 1417 1755 ejus.
1444 1703 1463 1736 ι
1503 1682 1671 1737 Nemo
1697 1688 1830 1734 tunc
1867 1678 2026 1732 alteri

440 1779 818 1843 auxiliabitur,
886 1794 993 1833 non
1056 1778 1266 1833 amicus
1319 1776 1519 1841 amico,
1601 1788 1711 1828 non
1768 1770 2026 1841 princeps

2180 1129 2333 1199 Στίχ.
2359 1124 2495 1190 ε’-ξ,
2530 1157 2598 1167 -
2626 1123 2738 1178 Καὶ
2764 1122 2977 1184 δεικνὺς
3005 1120 3112 1173 τῶν
3141 1118 3583 1188 ἐπελευσομένων
3606 1115 3695 1168 αὖ.

2118 1224 2230 1283 τοῖς
2256 1218 2440 1273 κακῶν
2475 1218 2535 1270 τὸ
2572 1214 2815 1286 μέγεθος,
2858 1232 2876 1264 ι
2914 1211 3005 1281 Μὴ
3039 1207 3466 1264 καταπιστεύετε
3509 1209 3569 1259 ὲν
3608 1207 3696 1274 φί-

2121 1312 2253 1374 λοις,
2294 1310 2367 1383 μὴ
2398 1309 2455 1362 δὲ
2484 1306 2731 1371 ἐλπίζετε
2769 1305 2861 1358 ἐπὶ
2916 1303 3237 1374 ἡγουμένοις
3259 1317 3272 1329 ⁸
3298 1301 3408 1354 ἀπὸ
3439 1300 3538 1368 τῆς
3569 1314 3697 1365 συγ-

2124 1404 2303 1457 κοίτου
2358 1418 2450 1453 σου
2505 1397 2734 1469 φύλαξαι
2778 1395 2870 1449 τοῦ
2922 1393 3214 1449 ἀναθέσθαι
3266 1410 3319 1445 τι
3369 1389 3697 1460 αύτῇ·διότι

2124 1494 2237 1556 υίὸς
2262 1491 2515 1562 ἀτιμάζει
2549 1485 3039 1558 πατέρα,θυγάτηρ
3072 1482 3445 1550 ἐπανέστηκεν
3481 1478 3574 1530 ἐπὶ
3602 1479 3699 1546 τὴν

2127 1584 2336 1656 μητέρα
2387 1581 2597 1651 αὐτῆς,
2630 1580 2816 1649 νύμφη
2869 1577 2963 1628 ἐπὶ
3019 1575 3118 1643 τὴν
3172 1570 3440 1642 πενθερὰν
3486 1567 3696 1637 αὐτῆςο

2124 1675 2310 1746 ἐχθροὶ
2334 1674 2525 1743 ἀνδρὸς
2553 1671 2755 1735 πάντες
2774 1672 2821 1723 οί
2850 1669 3039 1739 ἀνδρες
3064 1669 3112 1720 οἱ
3138 1669 3195 1719 ἐν
3223 1665 3301 1735 τῷ
3325 1666 3457 1734 οίκῳ
3478 1661 3662 1715 αὐτοῦ.
3680 1680 3696 1711 ι

2124 1768 2256 1821 Οὐδὲ
2287 1766 2381 1837 μία
2405 1766 2490 1835 δὴ,
2525 1765 2714 1835 φησιν,
2758 1760 2932 1815 οὐδενὶ
2970 1761 3098 1831 παρ’
3135 1757 3349 1821 οὐδενὸς
3385 1756 3539 1809 ἔσται
3583 1754 3701 1807 τότε

441 1873 686 1934 subdito,
717 1886 825 1925 non
859 1872 944 1924 vir
974 1871 1153 1934 uxori,
1200 1885 1312 1924 non
1351 1868 1464 1921 lilio
1502 1874 1681 1936 pater,
1714 1879 1822 1917 non
1864 1863 2021 1915 matri

2137 1862 2156 1930 ἡ
2192 1858 2413 1929 βοήθεια
2437 1872 2448 1884 ·
2476 1857 2535 1908 ού
2563 1855 2701 1925 φίλῳ
2729 1853 2880 1925 παρά
2911 1853 3088 1923 φίλου,
3111 1854 3211 1905 οὐκ
3234 1848 3523 1921 ἀρχομένῳ
3555 1847 3703 1917 παρέι

444 1962 575 2026 filia,
595 1978 701 2016 non
729 1960 889 2015 nurui
923 1974 1117 2015 socrus
1148 1975 1162 2013 :
1188 1974 1314 2012 nam
1341 1956 1672 2013 calamitatis
1700 1952 2019 2023 magnitudo

441 2055 513 2109 de
544 2072 645 2110 sua
690 2067 963 2124 quemque
1014 2052 1190 2107 salute
1248 2049 1469 2102 anxium
1515 2062 1639 2102 esse
1676 2060 1899 2115 cogens,
1926 2059 2041 2109 nea

441 2145 688 2201 cessat-io
721 2152 953 2200 cunctos
975 2141 1267 2196 inimicitia
1306 2139 1449 2193 inter
1478 2153 1538 2193 se
1571 2136 1889 2200 committit,
1927 2149 2024 2188 ne-

445 2240 593 2294 mine
638 2238 705 2293 de
759 2236 986 2291 alterius
1035 2234 1268 2288 utilitate
1321 2231 1616 2301 cogitante,
1668 2231 1799 2284 dum
1851 2244 2025 2283 unus-

442 2331 677 2399 quisque
708 2328 928 2398 plurimi
961 2325 1092 2380 facit
1128 2324 1359 2379 salutem
1388 2337 1564 2378 suam.
1595 2320 1798 2375 Deinde
1827 2334 2025 2374 rursus

444 2428 567 2490 post
585 2433 951 2474 a:rumnarum
998 2415 1429 2486 praedictionem,
1492 2428 1646 2466 more
1694 2412 1858 2467 solito
1892 2425 2024 2465 con-

446 2512 750 2565 versionem
778 2510 833 2564 in
858 2508 1053 2563 melius
1075 2506 1355 2570 nuntians,
1387 2522 1406 2554 (
1444 2504 1552 2573 Ego
1589 2511 1792 2565 autem,
1824 2501 2022 2570 inquit,

445 2604 515 2657 ad
545 2601 835 2656 Dominum
870 2599 1156 2668 aspiciam,
1211 2598 1541 2666 exspectabo
1589 2592 1755 2647 Deum
1790 2591 2026 2645 salvato-

446 2707 559 2746 rem
591 2706 769 2744 meum
802 2707 815 2743 :
850 2688 1033 2742 audiet
1068 2702 1155 2741 me
1194 2685 1338 2740 Deus
1370 2699 1543 2739 meus.
1574 2701 1592 2733 ι
1632 2681 1738 2736 Sed
1777 2680 2026 2749 quamvis

445 2784 586 2837 tales
612 2790 885 2850 tantaeque
918 2780 1027 2834 sint
1067 2777 1433 2839 calamitates,
1475 2776 1541 2829 de
1580 2774 1672 2828 Dei
1721 2771 2027 2841 patrocinio

444 2890 554 2928 non
597 2872 939 2941 chperabo:
973 2879 1292 2925 constanter
1344 2867 1411 2921 ad
1466 2866 1647 2933 ipsum
1711 2864 2025 2931 respicnam,

444 2965 675 3018 salutem
725 2961 853 3015 inde
899 2968 1251 3030 exspectans,
1305 2972 1470 3028 quam
1501 2956 1666 3011 etiam
1713 2953 1848 3008 milii
1907 2952 2030 3006 sine

445 3056 614 3109 dubio
650 3053 1113 3122 praebebimeum,
1155 3051 1248 3120 qui
1291 3050 1345 3103 in
1382 3045 1696 3119 hujusmodi
1748 3044 2030 3099 calamita-

446 3146 594 3201 tibus
624 3147 755 3214 petit
790 3145 1078 3207 auxilinm,
1106 3143 1431 3198 exaudiens.

2122 1951 2403 2020 ἄρχοντος,
2437 1947 2511 2015 (p.
2558 1945 2685 2016 315)
2726 1944 2826 1997 οὐκ
2884 1942 3039 2013 ἀνδρὶ
3094 1940 3246 2012 παρᾶ
3289 1939 3572 2008 γυναικὸς,
3609 1938 3704 2005 οὐχ

2122 2040 2225 2110 υἱῷ
2246 2039 2395 2111 παρὰ
2429 2038 2651 2108 πατρὸς,
2670 2038 2729 2090 ού
2759 2036 2925 2107 μητρὶ
2954 2035 3104 2108 παρὰ
3129 2031 3493 2103 θυγατρὸς,οὑ
3517 2030 3705 2100 νύμφῃ

2123 2131 2276 2202 παρὰ
2305 2130 2667 2200 πενθερᾶς·ή
2712 2126 2822 2199 γὰρ
2875 2126 3151 2197 ὑπερϐολὴ
3203 2124 3299 2177 τοῦ
3349 2122 3525 2176 κακοῦ
3583 2122 3707 2191 περὶ

2122 2224 2223 2295 τῆς
2264 2223 2400 2286 ἰδίας
2448 2223 2678 2275 ἕκαστον
2710 2218 3091 2289 ἀναγκάζουσα
3135 2218 3374 2287 ἀγωνιᾷν
3406 2215 3704 2285 σωτηρίας,

2124 2316 2437 2384 ἀναγκαίως
2471 2313 2678 2375 πάντας
2735 2312 2961 2382 ἐχθροὺς
3013 2310 3256 2380 ἀλλήλων
3306 2308 3705 2366 ἀποδείκνυσιν,

2124 2409 2341 2471 οὐδενὸς
2382 2407 2442 2460 τὸ
2488 2406 2565 2477 τῷ
2621 2406 2789 2468 πέλας
2818 2406 3087 2474 χρήσιμον
3123 2404 3344 2456 σκοπεῖν
3387 2400 3707 2469 δυναμένου,

2125 2501 2215 2553 διὰ
2249 2500 2309 2553 τὸ
2345 2498 2599 2569 μέγιστον
2631 2496 2909 2567 ἡγεῖσθαι,
2945 2496 2993 2547 εἰ
3040 2493 3216 2564 ἑαυτῷ
3251 2510 3373 2545 τινα
3424 2491 3711 2563 περιποιή-

2131 2607 2274 2643 σειεν
2316 2589 2610 2660 σωτηρίαν.
2638 2583 2772 2641 Εἶτα
2825 2586 2963 2659 μετά
2994 2586 3091 2657 τὴν
3120 2585 3228 2638 τῶν
3258 2584 3447 2638 κακῶν
3481 2585 3711 2654 μήνυσιν

2128 2680 2617 2751 εὐαγγελιζόμενος
2650 2679 2811 2733 πάλιν
2852 2676 3097 2748 συνήθως
3125 2676 3224 2747 τὴν
3254 2675 3347 2728 ἐπὶ
3375 2675 3437 2727 τὸ
3464 2676 3711 2745 κρεῖττον

2131 2768 2431 2838 μεταϐολήν
2448 2785 2461 2796 ε
2488 2787 2506 2818 ι
2541 2766 2683 2834 Ἐγὼ
2714 2766 2770 2819 δὲ
2793 2767 2849 2818 ἐν
2877 2765 2953 2836 τῷ
2976 2764 3166 2835 Κυρίῳ
3190 2762 3576 2831 ἐπιϐλέψομαι,
3595 2762 3714 2813 ἐπι-

2129 2858 2277 2931 μενῶ
2304 2860 2395 2911 ἐπὶ
2424 2857 2501 2927 τῷ
2526 2857 2646 2929 Θεῷ
2672 2856 2749 2926 τῷ
2777 2855 2981 2925 σωτῆρί
3002 2872 3102 2925 μου
3122 2869 3136 2885 ·
3157 2851 3525 2906 ἐπακούσεταί
3563 2867 3666 2920 μου
3686 2851 3714 2902 ό

2130 2945 2260 3009 Θεός
2292 2963 2414 3017 μου.
2450 2965 2469 2998 ι
2516 2944 2678 2998 Ἀλλά
2715 2944 2822 3016 γὰρ
2852 2943 2946 2996 καὶ
2981 2942 3249 2995 τοσούτων
3281 2940 3450 2994 ὄντων
3489 2939 3586 2992 καί
3620 2955 3715 3006 τη-

2130 3036 2394 3091 λικούτων
2439 3037 2547 3089 τῶν
2596 3036 2806 3100 κακῶν,
2862 3036 2961 3088 οὐκ
3002 3030 3391 3101 ἀπογνώσομαι
3447 3029 3751 3087 τοίῌεοῦ-

2131 3127 2584 3202 τηπδλῃδεμονίαν
2609 3145 2624 3159 ο
2648 3127 2793 3198 μενῶ
2817 3126 2874 3180 δὲ
2904 3126 3040 3195 πρὸς
3068 3124 3231 3179 αὐτὸν
3264 3123 3429 3194 ὁρῶν,
3458 3123 3557 3175 καὶ
3588 3132 3715 3191 παρ’

446 3212 739 3311 αὑτοῦ-τήν
788 3240 1057 3309 σωτηρίαν
1100 3238 1415 3309 ἀναμένων·
1446 3236 1511 3307 ἣν
1544 3235 1639 3289 καὶ
1659 3232 1888 3305 παρέξει
1939 3247 2029 3301 μοι
2084 3226 2299 3288 πάντως
2325 3224 2384 3278 ἐν
2415 3226 2536 3287 ταῖς
2578 3223 2845 3291 ἀνάγκαις
2892 3220 3149 3284 ἐκείναις,
3207 3216 3487 3280 αἰτοῦντος
3556 3212 3717 3268 αὑτοῦ

446 3333 547 3404 τὴν
573 3332 821 3402 βοήθειαν
847 3328 980 3384 ἀκού
990 3346 1108 3392 σας.

518 3482 690 3540 Vsus.
733 3483 890 3539 8-H.
931 3513 1002 3526 —-
1046 3504 1064 3534 ι
1087 3481 1165 3538 Ne
1205 3482 1430 3552 lzeteris,
1461 3480 1686 3536 inimica
1704 3496 1844 3540 mea.
1867 3496 2034 3551 super
2067 3495 2071 3499 ‘

450 3593 556 3641 me,
590 3578 714 3648 quia
745 3593 791 3631 Si
823 3578 1017 3643 cecidi,
1082 3592 1415 3647 consurgam
1456 3594 1469 3631 :
1502 3578 1548 3630 si
1580 3576 1937 3630 ambulavero
1979 3592 2035 3629 ιιι

453 3671 717 3731 tenebris,
774 3668 1037 3725 Dominus
1086 3669 1419 3725 illuminabit
1465 3684 1568 3723 me.
1604 3688 1622 3721 ι
1662 3668 1869 3723 Licebit
1904 3668 2035 3721 mihi

453 3759 749 3831 aliquando
776 3761 843 3814 ad
878 3762 1132 3815 inimicos
1151 3777 1323 3825 meos,
1375 3761 1759 3831 przecipueque
1782 3762 1849 3814 ad
1908 3760 2036 3813 ldu-

456 3867 621 3907 mreos
658 3853 839 3907 dicere
869 3870 884 3910 :
918 3850 1129 3907 Vanum
1167 3862 1251 3907 est
1295 3853 1359 3907 de
1406 3854 1561 3921 lapsu
1607 3867 1729 3907 meo
1780 3867 1879 3907 vos
1938 3852 2037 3906 la:-

457 3945 562 3997 tari
597 3966 608 4000 :
642 3960 863 4015 surgam
896 3945 963 4000 de
992 3960 1145 4009 casu,
1186 3944 1292 3999 Deo
1329 3944 1623 4014 adjuvante
1662 3963 1675 3999 :
1723 3944 1827 3999 etsi
1874 3944 2037 4015 quasi

456 4051 552 4107 per
586 4035 795 4091 medias
850 4037 1106 4091 tenebras
1155 4036 1209 4090 in
1247 4036 1406 4091 malis
1454 4036 1693 4107 gradiar,
1744 4036 1864 4092 luce
1901 4037 2034 4091 mihi

455 4127 797 4197 splendidius
828 4128 1109 4199 aﬂ'ulgebit
1138 4128 1231 4184 Dei
1256 4128 1543 4183 auxilium.
1582 4147 1600 4179 ι
1625 4129 1762 4182 Iram
1795 4128 1886 4183 Dei
1914 4144 2041 4199 por-

456 4220 602 4283 tabo,
644 4222 906 4290 quoniam
956 4221 1182 4293 peccavi
1217 4222 1292 4285 ei,
1364 4222 1539 4276 donec
1581 4237 1808 4276 causam
1863 4236 2039 4275 meam

453 4312 684 4381 judicet,
709 4322 761 4367 ct
788 4324 1009 4383 peragat
1045 4313 1315 4382 judicium
1369 4329 1575 4368 meum.
1615 4313 1821 4369 Educet
1855 4330 1941 4368 me
1985 4314 2041 4367 in

458 4403 658 4467 lucem,
704 4404 897 4459 videbo
942 4404 1213 4473 justitiam
1243 4406 1384 4474 ejus.
1420 4425 1438 4457 ι
1490 4404 1628 4459 Iram
1668 4405 1809 4474 ejus,
1845 4414 1899 4459 et
1926 4420 2042 4459 mo-

458 4495 649 4550 lestias
697 4496 824 4551 inde
870 4505 1159 4552 manantes
1218 4505 1442 4568 propter
1505 4505 1729 4567 peccata
1782 4507 2041 4568 expertus

462 4584 900 4642 sum.Concedet
935 4596 1117 4643 tamen
1152 4589 1797 4645 mihicouversionemin
1822 4590 2038 4655 melius,

463 4675 579 4745 ipse
608 4677 735 4731 mihi
764 4678 856 4746 jus
878 4679 1112 4735 reddens
1146 4680 1213 4735 de
1241 4681 1307 4735 iis
1341 4697 1461 4752 qua:
1495 4698 1525 4735 a
1560 4682 1778 4737 cunctis
1802 4682 2043 4738 inimicis

463 4767 601 4820 meis
624 4770 820 4837 pertuli
861 4770 1070 4841 inique,
1101 4770 1344 4841 mihique
1392 4771 1535 4841 quod
1568 4787 1780 4841 aaquuin
1824 4780 1907 4827 est
1942 4770 2040 4825 ad-

456 4854 727 4923 judicabit
763 4876 777 4912 :
815 4874 1011 4928 meque
1066 4860 1203 4915 adeo
1258 4862 1313 4915 in
1371 4863 1715 4931 propriorum
1772 4861 2038 4915 bonorum

2208 3489 2353 3560 Στίχ.
2394 3488 2565 3558 ἠ’-ια’.
2589 3502 2695 3536 -ι
2725 3486 2817 3559 Μὴ
2850 3486 3103 3557 ἐπίχαιρέ
3156 3503 3268 3556 μοι,
3307 3487 3339 3557 ή
3377 3484 3555 3557 ἐχθρά
3598 3501 3715 3555 μου,

2136 3584 2215 3637 ὅτι
2249 3583 2513 3635 πέπτωκα
2534 3581 2629 3634 καὶ
2650 3579 3027 3650 ἁναστήσομαι
3048 3595 3061 3609 °
3094 3577 3226 3631 διότι
3266 3578 3360 3632 ὲάν
3387 3579 3480 3631 καὶ
3522 3595 3719 3648 πορευ-

2138 3675 2213 3728 θῶ
2241 3676 2298 3727 ἐν
2325 3675 2401 3745 τῷ
2435 3673 2638 3739 σκότει,
2662 3671 2865 3742 Κύριος
2897 3674 3088 3740 φωτιεί
3129 3689 3242 3741 μοι.
3284 3689 3302 3722 ι
3354 3670 3611 3735 Ἐξέσται
3658 3672 3716 3741 δή

2143 3782 2234 3836 μοι
2264 3765 2383 3818 τότε
2414 3765 2509 3817 καὶ
2540 3764 2677 3835 πρὸς
2708 3764 2834 3826 τοὺς
2869 3763 3057 3833 ἐμοὺς,
3092 3762 3188 3815 καὶ
3220 3761 3459 3832 μάλιστά
3488 3778 3556 3829 γε
3599 3762 3723 3815 πάν-

2137 3871 2243 3907 των
2266 3854 2397 3924 πρὸς
2422 3854 2549 3915 τοὺς
2590 3851 2921 3921 Ἰδουμαίους
2943 3851 3142 3920 λέγειν,
3179 3853 3255 3915 ώς
3297 3852 3567 3923 Περιττὸν
3602 3853 3722 3921 ὑμῖν

2138 3947 2199 4000 τὸ
2228 3946 2522 4017 ἐφήδεσθαί
2569 3963 2660 4016 μοι
2721 3944 2961 4016 πεσούσῃ
3002 3962 3016 3975 °
3045 3946 3422 4016 ἁναστήσομαι
3468 3946 3585 4018 γὰρ
3634 3946 3721 4000 τοῦ

2140 4040 2434 4110 πτώματος
2457 4041 2524 4109 τῇ
2555 4040 2695 4110 ῥοπῇ
2733 4041 2797 4110 τῇ
2832 4037 2952 4109 θείᾳ
2982 4055 2995 4069 ·
3020 4037 3160 4091 ὥστε
3200 4038 3248 4091 εί
3276 4039 3370 4092 καὶ
3410 4039 3577 4109 δίκην
3606 4040 3723 4092 σκό-

2138 4146 2265 4194 τους
2306 4132 2365 4183 ἐν
2400 4130 2551 4201 μέσῳ
2593 4130 2935 4200 πεπόρευμαι
2986 4129 3093 4183 τῶν
3127 4128 3335 4190 κακῶν,
3364 4129 3501 4183 άλλά
3551 4132 3724 4200 φωτός

2145 4240 2235 4294 μοι
2259 4223 2615 4295 λαμπροτέρα
2637 4223 2922 4292 γενήσεται
2953 4220 3045 4274 τοῦ
3067 4220 3199 4274 Θεοῦ
3222 4222 3255 4292 ἡ
3280 4220 3528 4291 βοήθεια,
3554 4241 3573 4271 ι
3612 4223 3721 4291 ’(ιρ.

2142 4316 2245 4386 γὴν
2296 4313 2498 4385 Κυρίου
2547 4314 2778 4375 ὑποίσω,
2826 4313 2900 4382 (p.
2950 4310 3076 4378 316)
3121 4312 3201 4364 ὅτι
3252 4312 3498 4382 ἥμαρτον
3557 4313 3721 4380 αύτῷ,

2142 4408 2246 4470 ἓως
2268 4405 2536 4479 δικαιώσῃ
2565 4405 2662 4477 τὴν
2688 4404 2844 4473 δίκην
2891 4421 3027 4475 μου,
3061 4404 3155 4457 καὶ
3193 4405 3396 4475 ποιήσῃ
3446 4404 3507 4456 τὸ
3544 4405 3725 4475 ⁸κρῖμα

2147 4510 2282 4567 μουο
2318 4497 2410 4549 καὶ
2461 4493 2639 4563 ἐξάξει
2670 4512 2737 4566 με
2779 4496 2859 4558 είς
2886 4495 2945 4548 τὸ
2980 4494 3116 4564 φῶς,
3153 4495 3246 4548 καὶ⁵
3293 4494 3495 4565 ὂψομαι
3530 4495 3633 4566 τὴν
3653 4495 3725 4547 δι-

2145 4586 2435 4656 καιοσύνην
2489 4586 2676 4641 αὐτοῦ.
2724 4605 2744 4638 ι
2790 4587 2903 4657 Τῆς
2946 4588 3043 4657 μὲν
3075 4586 3181 4657 γὰρ
3207 4585 3381 4657 ὀργῆς
3430 4588 3603 4640 αὑτοῦ
3636 4589 3723 4639 καὶ

2144 4678 2254 4731 τῶν
2307 4678 2556 4730 ἐντεῦθεν
2598 4676 2858 4752 λυπηρῶν
2890 4677 2967 4739 ώς
3015 4676 3350 4749 ἡμαρτηκὼς
3386 4676 3720 4747 ἐπειράθην·

2149 4768 2374 4840 παρέξει
2409 4768 2467 4822 δέ
2496 4786 2588 4839 μοι
2614 4769 2713 4839 τὴν
2742 4771 2834 4821 ἐπὶ
2875 4768 2937 4821 τὸ
2985 4771 3225 4838 κρεῖττον
3267 4767 3600 4839 μεταϐολὴν,
3634 4771 3725 4822 αύ-

2144 4857 2237 4920 τός
2276 4875 2364 4928 μοι
2387 4858 2613 4921 δικάσας
2640 4857 2779 4928 ὑπὲρ
2807 4850 2882 4911 ὧν
2920 4856 3163 4909 πέπονθα
3190 4856 3339 4927 παρά
3369 4857 3596 4910 πάντων
3622 4858 3725 4910 τῶν

463 4946 751 5013 splendore
777 4949 1088 5016 collocabit,
1137 4959 1195 5004 ut
1233 4951 1521 5007 manifesta
1560 4962 1723 5023 atque
1752 4953 1912 5022 207
1957 4953 2034 5006 in-

2147 4950 2539 5021 ἐχθραινόντων
2587 4950 2810 5014 ἀδίκως,
2839 4950 2933 5002 καὶ
2974 4949 3038 5021 δὴ
3076 4949 3171 5001 καὶ
3219 4950 3525 5019 ἀπονείμας
3559 4968 3650 5020 μοι
3671 4949 3728 5001 τὸ

462 5036 627 5091 dubia
660 5041 1025 5107 appareatDei
1059 5042 1335 5106 voluntas,
1370 5060 1479 5113 qua
1515 5044 1581 5099 de
1604 5045 1749 5113 juris
1786 5047 2045 5114 aequitate

464 5130 762 5191 sollicitus,
796 5131 863 5185 ab
902 5132 1345 5189 incumbentibus
1396 5136 1555 5190 malis
1600 5151 1685 5191 mc
1718 5137 2045 5199 sublevavit,

461 5229 515 5274 et
545 5221 637 5291 qui
668 5222 799 5274 mihi
841 5231 1044 5278 temere
1089 5225 1348 5294 injuriam
1383 5226 1657 5281 faciebant
1695 5227 1844 5297 juste
1881 5229 2046 5298 puni-

459 5314 568 5375 vit,
619 5313 673 5367 id
728 5315 874 5369 enim
932 5316 1197 5372 denotant
1246 5318 1442 5373 verba:
1482 5318 1731 5373 «Videbo
1776 5320 2046 5389 justitiam

460 5405 633 5474 ejus.»
657 5405 740 5474 Et,
774 5408 1047 5478 (Aspiciet
1076 5410 1295 5464 inimica
1328 5425 1469 5473 mea,
1492 5419 1545 5465 et
1567 5411 1845 5480 operietur
1865 5410 2055 5465 confu-

462 5498 644 5562 sione,
693 5513 814 5569 qua:
868 5502 1002 5556 dicit
1054 5502 1232 5557 mihi:
1279 5501 1383 5558 Ubi
1446 5512 1533 5557 est
1588 5502 1853 5558 Dominus
1909 5504 2049 5559 Deus

464 5592 635 5647 tuus?
655 5612 673 5644 ι
701 5592 857 5649 Tune
881 5611 999 5650 eam
1029 5596 1271 5665 pudebit,
1291 5597 1434 5666 quod
1461 5596 1592 5651 mihi
1615 5596 2044 5666 exprobraverit,

467 5682 678 5735 nullum
728 5699 814 5737 me
863 5684 1065 5739 habere
1114 5701 1143 5738 a
1182 5686 1291 5740 Deo
1341 5686 1628 5745 auxilium.
1673 5686 1803 5741 dum
1838 5686 2045 5741 videbit

468 5788 729 5828 arcanum
758 5774 878 5845 ejus
903 5792 1029 5849 erga
1045 5794 1130 5833 me
1162 5780 1546 5849 patrocinium.
1573 5797 1592 5829 ι
1616 5776 1769 5834 Oculi
1788 5777 1893 5833 mei
1915 5794 2039 5849 spc-

2118 5498 2331 5571 ⁴μάτην
2374 5503 2753 5573 ἐτιμωρήσατο
2801 5499 3025 5564 δικαίως

2144 5040 2349 5094 δίκαιον
2380 5042 2438 5093 ἐν
2465 5043 2530 5112 τῇ
2566 5040 2772 5110 κρίσει*
2808 5038 2950 5092 οὕτω
2970 5039 3027 5092 τέ
3062 5057 3130 5109 με
3166 5040 3224 5091 ἐν
3254 5042 3321 5110 τῇ
3374 5040 3725 5111 λαμπρότητι

2144 5131 2249 5183 τῶν
2281 5130 2496 5183 οἰκείων
2529 5130 2789 5193 καθιστὰς
2819 5130 3058 5199 ἀγαθῶν,
3076 5130 3215 5183 ὥστε
3248 5130 3512 5201 πρόδηλόν
3550 5148 3609 5183 τε
3638 5132 3726 5182 καὶ

2146 5222 2512 5290 ἁναμφίδολόν
2563 5238 2652 5293 μοι
2696 5222 2952 5289 γενέσθαι
2994 5223 3091 5292 τὴν
3135 5221 3362 5292 γνώμην
3421 5221 3517 5274 τοῦ
3571 5221 3723 5283 Θεοῦ,

2148 5316 2267 5369 καθ’
2306 5316 2373 5387 ἢν
2405 5316 2499 5369 τοῦ
2554 5314 2760 5368 δικαίου
2812 5315 3121 5386 φροντίσας,
3169 5315 3270 5384 ἐμὲ
3316 5331 3378 5366 τε
3421 5314 3531 5366 τῶν
3583 5330 3727 5383 περι-

2150 5409 2385 5479 εχόντων
2423 5409 2698 5480 ἀπήλλαξε
2745 5409 2951 5471 κακῶν,
2992 5408 3084 5460 καί
3119 5409 3245 5470 τοὺς
3289 5406 3628 5476 ἠδικηκότας
3661 5422 3725 5475 με

3071 5517 3085 5531 ο
3127 5499 3284 5553 τοῦτο
3317 5498 3425 5569 γὰρ
3459 5499 3617 5565 λέγει
3647 5499 3724 5561 τὸ,

2155 5611 2174 5642 ι
2198 5593 2436 5663 Ὀψομαι
2468 5596 2567 5664 τὴν
2607 5594 2953 5663 δικαιοσύνην
2983 5592 3168 5647 αὐτοῦ.
3198 5612 3216 5645 ι
3266 5592 3396 5654 Καὶ,
3436 5610 3456 5641 ι
3496 5593 3726 5659 Ὀψεται

2147 5686 2373 5757 ήέχθρά
2400 5704 2525 5756 μου,
2561 5686 2655 5739 καὶ
2682 5685 2915 5754 καλύψει
2945 5686 3115 5755 αὐτὴν
3149 5685 3397 5755 αἰσχύνη,
3426 5686 3458 5755 ή
3489 5684 3725 5751 λέγουσι

2144 5779 2279 5849 πρός
2299 5796 2362 5849 με
2381 5795 2394 5809 ³
2438 5778 2545 5831 Ποῦ
2593 5778 2793 5849 Κύριος
2831 5780 2857 5830 ὁ
2881 5778 3010 5841 Θεὸς
3038 5796 3163 5836 σονς
3198 5799 3216 5828 ι
3245 5778 3377 5831 Τότε
3414 5777 3476 5849 δὴ
3504 5779 3726 5848 αἰσχυν-
