3824 6520
131 371 223 427 393
1039 360 1581 421 COMMENTARIUS
1633 359 1701 415 IN
1752 360 2060 418 ιιιοιιιελε
2103 358 2255 417 ωδ.
2306 359 2416 419 vn.
3231 338 3340 418 τοι

128 491 324 564 θήσεται
347 486 436 557 ἐφ’
466 480 548 552 οἷς
593 482 836 551 ὠνείδιζέ
890 501 1001 557 μοι,
1031 485 1110 551 ὡς
1153 485 1408 557 οὐδεμιᾶς
1457 484 1638 555 τυγχίι

1832 486 1991 539 ibunt
2020 482 2174 539 illud.
2204 500 2231 535 ι
2258 482 2374 555 Ego
2415 482 2560 539 enim
2591 496 2704 539 non
2750 480 3011 538 erumnis
3054 470 3238 537 solum
3273 480 3342 536 li-

124 594 249 636 νον-τι
271 578 369 648 τῆς
396 580 546 648 παρὰ
588 575 685 629 τοῦ
722 574 862 629 Θεοῦ
897 575 1147 647 βοηθείας
1172 616 1188 641 ,
1214 576 1357 647 ὁρῶν
1381 574 1542 629 αὑτοῦ
1571 573 1634 644 τῆ

1829 577 2025 642 trahor,
2083 574 2179 631 sed
2236 576 2402 630 etiam
2458 573 2809 629 inimicorum
2844 588 3089 628 meorum
3126 574 3339 645 suppli-

124 671 235 744 περί
259 671 352 740 ἐμὲ
388 667 709 740 κηδεμονίας
736 668 817 743 τὸ,
849 667 1182 741 ἀπόρρητον.
1219 687 1237 720 ι
1290 668 1354 722 Oi
1406 667 1634 739 δφθαλμι

1830 683 1914 722 um
1965 666 2184 722 videbo.
2252 684 2271 717 ι
2300 661 2457 719 Nunc
2508 664 2613 719 erit
2653 663 2709 719 in
2752 664 3221 720 conculcationem
3279 673 3340 718 ut

126 781 213 836 μου
233 760 512 830 ὲπύψονται
544 759 737 829 αὑτήν.
787 775 807 811 ι
843 758 919 811 Ob
952 760 1060 829 γάρ
1104 758 1268 821 αὐτὸς
1312 759 1470 830 μόνον
1500 759 1636 812 ἀπα)

1830 770 1941 815 tum
1973 759 2205 813 viarum.
2243 756 2573 812 Dieslitura:
2599 757 2789 813 lateris
2818 774 2833 811 :
2863 756 3061 813 deletio
3088 765 3180 812 tua
3221 756 3337 812 dies

124 856 401 926 λαγήσομαι
426 851 536 905 τῶν
564 850 772 915 κακῶν,
788 850 923 906 ἀλλὰ
948 850 1057 923 γὰρ
1085 850 1309 927 καιτὰς
1329 849 1438 905 τῶν
1458 849 1634 922 ἔχθραι

1832 864 1882 903 a.
1910 867 1927 899 ι
1965 846 2393 903 Conculcaberis
2429 846 2496 901 ab
2531 846 2779 903 hostibus
2811 847 2907 901 luti
2974 848 3081 902 ritu
3126 848 3182 904 in
3233 848 3339 903 viis

123 947 295 1000 νύντων
323 961 409 1017 μοι
449 944 719 1015 τιμωρίας
772 943 996 1014 ὂψομαι.
1027 962 1045 995 ι
1072 943 1187 997 Νῦν
1213 942 1366 996 ἔσται
1396 945 1476 1007 εἰς
1504 960 1633 998 κατα

1830 941 1917 995 tod
1946 955 1976 993 a
2011 939 2173 994 turba
2206 938 2577 993 itinerantium
2608 938 2877 1005 calcatur,
2898 947 2953 995 et
2972 938 3039 995 ad
3068 955 3229 996 usum
3260 941 3340 995 la-

124 1039 323 1108 πάτημα
370 1037 447 1101 ὡς
494 1036 665 1109 πηλὸς
714 1036 775 1090 ἐν
822 1036 945 1099 ταῖς
987 1034 1126 1099 ὁδοῖς
1162 1050 1179 1066 ’
1213 1034 1399 1106 ήμέρα
1443 1034 1634 1105 ἀλοιφή

1830 1033 1906 1088 ris
1936 1032 2085 1087 varie
2108 1031 2370 1095 mollitur,
2415 1030 2877 1101 quemadmodum
2936 1030 2974 1086 ii
3021 1032 3340 1102 plerumque

124 1130 336 1196 πλίνθου,
363 1126 641 1200 ἑξάλειψίς
673 1143 765 1183 σου
794 1128 828 1196 ή
854 1127 1039 1199 ἡμέρα
1060 1128 1262 1197 ἐκείνη.
1295 1146 1313 1178 ι
1342 1128 1634 1181 Καταπαττ

1833 1126 1982 1178 ciunt
2010 1122 2102 1193 qui
2150 1137 2269 1178 eam
2301 1132 2477 1178 artem
2523 1131 2798 1188 exercent,
2842 1128 2903 1176 ut
2941 1122 3181 1192 mitigata
3233 1137 3343 1177 ma-

122 1223 239 1296 θήση
271 1224 373 1295 γὰρ
398 1221 506 1276 ὑπὸ
524 1222 634 1276 τῶν
659 1221 936 1293 πολεμίων
968 1218 1143 1291 πηλοῦ
1167 1218 1323 1290 δίκην
1345 1220 1403 1273 ὲν
1438 1220 1583 1284 ὁδοῖς
1610 1235 1632 1273 1

1829 1214 1907 1269 ria
1953 1212 2021 1268 ad
2055 1224 2215 1268 usum
2260 1212 2413 1267 illum
2469 1212 2542 1268 sit
2580 1212 2779 1284 aptior.
2832 1210 2983 1267 Talis
3013 1216 3088 1268 tui
3123 1229 3339 1284 quoque

124 1315 209 1368 ὑπὸ
235 1314 464 1385 πλήθους
515 1311 632 1368 τῶν
679 1312 1103 1385 ὁδοιπορούντων
1155 1312 1496 1381 πατουμένου
1517 1352 1533 1378 ,
1577 1329 1634 1365 κο

1833 1303 1874 1358 ἰι
1902 1319 1999 1373 per
2037 1301 2172 1358 illud
2206 1310 2424 1374 tempus
2472 1302 2695 1368 deletio,
2744 1303 2798 1359 id
2842 1312 2928 1359 est
2964 1303 3231 1360 delcberis
3272 1305 3340 1359 ab

122 1405 198 1459 ἐπὶ
237 1403 463 1457 πλίνθων
514 1404 750 1477 ἐργασίᾳ
812 1403 1313 1475 διαμαλαττομένου
1372 1403 1630 1468 ποικίλως

1830 1396 2025 1451 :stibus
2050 1394 2202 1449 varie
2234 1394 2699 1451 conculcantibus
2720 1401 2795 1462 te,
2828 1402 2885 1450 et
2913 1394 3213 1450 crudeliter
3244 1395 3340 1449 ad-

122 1498 185 1565 (p.
204 1497 315 1564 317)
346 1495 485 1565 ὅπερ
510 1490 607 1548 οὖν
635 1497 747 1559 τοῖς
780 1494 847 1548 τά
885 1494 1112 1548 τοιαῦτα
1135 1492 1525 1565 ἐργαζομένοις
1546 1492 1632 1547 ἐθο

954 1494 1112 1547 ιαῦτα
1135 1492 1525 1565 ἐργαζομένοις
1546 1492 1667 1558 ἔθος
1771 1489 1992 1544 modum
2023 1488 2459 1544 conterentibus.

120 1593 198 1645 ἐπὶ
228 1591 467 1644 πλεῖστον
529 1593 726 1654 ποιεῖν,
780 1587 859 1655 ὡς
931 1589 997 1644 ἂν
1034 1589 1279 1656 λεανθείς
1335 1593 1473 1665 πρὸς
1528 1591 1629 1664 τὴν
1679 1589 2050 1662 προκειμένην
2097 1583 2529 1656 ἐπιτηδειότερος
2584 1586 2799 1653 γένοιτο
2849 1585 3065 1656 χρείαν.
3104 1582 3342 1656 Τοιαύτη

121 1690 197 1742 καὶ
233 1687 338 1750 σοῦ,
376 1687 552 1758 φησὶ,
588 1686 709 1741 κατ’
760 1688 966 1741 ἐκεῖνον
1010 1686 1105 1741 τὸν
1146 1688 1341 1761 καιρὸν
1394 1688 1668 1759 ὲξάλειψις
1705 1687 1877 1750 ἔσται,
1906 1684 2180 1738 τουτέστιν
2224 1681 2396 1746 οὓτως
2437 1680 2803 1755 ἐξαλειφθήσῃ
2842 1681 2948 1735 ύπδ
3002 1681 3109 1737 τῶν
3159 1681 3339 1736 ὲπιόνο

120 1795 207 1832 των
252 1794 326 1832 σοι
355 1778 633 1848 πολεμίων
652 1820 667 1844 ,
702 1778 966 1842 ποικίλως
1004 1779 1462 1834 καταπατούντων
1493 1780 1553 1834 τέ
1599 1797 1659 1834 σε
1689 1780 1782 1833 καὶ
1812 1774 2206 1849 συντριϐόντων
2237 1774 2373 1846 μετὰ
2414 1773 2615 1845 πολλῆς
2636 1773 2733 1844 τῆς
2757 1772 3022 1843 ἀφειδίας.

178 1894 304 1964 Στίχ.
333 1892 422 1963 ιβ’,
455 1897 545 1961 ιγ’.
566 1922 634 1932 --
653 1910 672 1943 ι
718 1893 1022 1947 Ἀπώσεται
1050 1894 1257 1966 νόμιμά
1288 1912 1382 1949 σου
1417 1897 1450 1966 ή
1484 1894 1666 1967 ήμέρα

1836 1892 2005 1948 Vens.
2026 1891 2117 1953 12,
2147 1888 2593 1961 15.-‹Ειιι)ειιθι
2616 1889 2989 1960 legitimatua,
3027 1889 3143 1947 dies
3173 1891 3285 1947 illa.
3313 1911 3333 1945 ι

122 1985 292 2055 ἐκείνη.
340 2003 360 2037 ι
433 1985 769 2055 Ἐρήμωσιν,
820 1986 1003 2055 φησιν,
1055 1987 1343 2058 ὑπομενεῖς
1404 1987 1632 2058 παντελῆ

1826 1984 2150 2047 ›Ιίιιι‹1ἰιιοιιι,
2176 1981 2374 2053 inquit,
2401 1980 2761 2036 universalem
2815 1982 3057 2051 patieris.
3105 1982 3161 2036 id
3191 1984 3336 2039 enim

122 2075 248 2129 τοῦτο
273 2074 376 2146 γὰρ
402 2075 560 2146 δηλοί
605 2075 713 2128 τῶν
749 2077 996 2147 νομίμων
1039 2079 1073 2149 ἡ
1121 2078 1432 2150 ἀφαίρεσιςο
1478 2077 1632 2131 ἐπειδη

1836 2082 1988 2130 notat
2035 2071 2677 2144 legitimorumlablatio;
2720 2087 2848 2127 nam
2888 2072 3132 2143 quandiu
3176 2074 3346 2131 durat

122 2168 274 2238 πάσης
296 2166 571 2231 πολιτείας
597 2169 692 2221 καὶ
714 2168 890 2240 ἀρχῆς
920 2168 1268 2242 συνεστώσης
1296 2171 1417 2241 μὲν,
1448 2170 1632 2239 ἀνάγκν

1828 2168 1955 2224 ιιίιία
1988 2166 2172 2236 aliqua
2215 2175 2273 2221 et
2300 2166 2667 2237 principatus,
2693 2179 2920 2220 necesse
2962 2172 3049 2221 est
3099 2164 3338 2236 legitima

120 2256 177 2310 τὰ
208 2257 401 2328 νόμιμα
428 2259 676 2327 κρατεῖν,
711 2252 907 2331 οἷσπερ
940 2253 1047 2313 οὖν·
1066 2259 1321 2313 εἰώθασιν
1343 2262 1390 2312 οἱ
1421 2260 1539 2313 κατ’
1571 2260 1630 2313 αὖ

1829 2272 1985 2327 loque
2021 2270 2392 2327 perseverare,
2426 2255 2629 2325 quibus
2657 2254 2695 2307 ii
2726 2254 2807 2308 uti
2838 2256 3016 2309 solent
3054 2256 3149 2325 qui
3182 2257 3235 2311 in
3273 2272 3339 2311 ea

121 2350 199 2417 τὴν
223 2348 533 2419 κεχρῆσθαι’
562 2348 796 2419 ἐρημίας
823 2348 880 2401 δὲ
918 2350 1011 2403 καὶ
1035 2349 1411 2420 αἰχμαλωσίας
1435 2350 1631 2404 καταλα

1831 2348 2048 2423 publica
2069 2354 2227 2415 sunt;
2258 2362 2447 2402 verum
2489 2345 2633 2400 facta
2665 2346 3000 2417 captivitate,
3039 2347 3217 2416 legum
3249 2364 3341 2400 or-

121 2437 310 2509 ϐούσης,
340 2438 706 2508 ἀφανίζεσθαι
734 2438 842 2492 τῶν
889 2440 1068 2511 νόμων
1099 2440 1311 2512 ἀνάγκη
1340 2440 1440 2513 τὴν
1471 2440 1624 2507 τάξιν

1831 2455 1952 2494 nem
1997 2438 2112 2493 tolli
2151 2453 2377 2493 necesse
2405 2445 2509 2492 est.
2553 2435 2718 2491 Addit
2758 2437 2925 2506 igitur
2967 2454 2982 2491 :
3021 2454 3041 2489 ι
3078 2435 3145 2490 Et
3177 2439 3339 2493 urbes

122 2528 283 2595 ἐπάγει
320 2530 367 2596 γ’
396 2523 514 2581 οὖν·
560 2547 579 2580 ι
615 2529 726 2582 Καὶ
752 2531 809 2581 αἰ
841 2529 1025 2593 πόλεις
1059 2548 1151 2584 σου
1182 2530 1403 2602 ἥξουσιν
1429 2534 1508 2595 είς
1538 2547 1632 2598 συγ

1832 2546 1878 2585 αι
1904 2530 2128 2585 venient
2174 2530 2229 2584 in
2264 2528 2675 2584 conclusionem
2709 2528 3145 2600 divisionemque
3176 2531 3341 2602 Assy-

121 2618 338 2689 κλεισμίιν
400 2619 503 2672 καὶ
546 2618 906 2691 διαμερισμὸν
965 2621 1287 2693 Ἀσσυρίων.
1325 2640 1343 2673 ι
1398 2621 1509 2694 Τὴν
1557 2622 1631 2691 γὰ

1828 2634 2000 2674 orum.
2034 2637 2053 2671 ι
2086 2617 2523 2674 Auferendorum
2544 2632 2765 2673 causam
2794 2618 3158 2690 legitimorum
3185 2621 3338 2685 dicit,

121 2708 266 2761 αἰτίαν
290 2709 385 2779 τῆς
427 2709 543 2763 τῶν
580 2709 827 2779 νομίμων
859 2709 1202 2782 ἀφαιρέσεως
1249 2711 1398 2782 δηλοῖ
1432 2710 1631 2783 εἰρηκὼ

1830 2712 1918 2767 ιοᾶ
1975 2710 2187 2781 Assyrii
2238 2709 2495 2765 delebunt
2535 2709 2721 2772 urbes,
2778 2716 2832 2764 et
2880 2725 2979 2781 pro
3044 2711 3199 2766 libito
3238 2728 3340 2768 suo

121 2797 186 2849 ὅτι
219 2797 481 2870 Ἀσσύριοι
527 2796 819 2851 καθελοῦσι
861 2814 922 2850 τε
961 2798 1060 2862 τὰς
1109 2798 1313 2861 πόλεις,
1345 2800 1439 2851 κα)⁵
1481 2799 1631 2870 διαμε

1829 2801 2097 2857 trtientur.
2146 2818 2165 2853 ι
2228 2798 2294 2853 Et
2342 2800 2506 2853 urbes
2560 2807 2665 2853 tuae
2709 2800 2933 2855 munita:
2994 2801 3339 2871 partitionem

123 2886 357 2956 τριοῦνται
389 2886 539 2941 κατὰ
583 2886 646 2940 τὸ
678 2886 869 2941 δοκοῦν
913 2889 1145 2952 ἑαυτοῖς.
1181 2908 1200 2939 ‹
1252 2889 1363 2942 Kal.
1395 2889 1452 2942 αἱ
1487 2890 1633 2943 πόλει

1831 2893 2047 2947 ιιίοηιιιτ
2075 2906 2103 2945 a
2127 2889 2271 2963 Tyro
2293 2906 2464 2960 usque
2495 2889 2563 2943 ad
2597 2888 2768 2961 Syria:
2798 2889 2999 2946 ﬂumen
3022 2931 3037 2955 ,
3063 2899 3117 2947 et
3147 2907 3178 2945 a
3203 2893 3341 2949 mari

125 2994 198 3029 σου
219 2980 266 3031 αἱ
284 2981 479 3050 ὀχυραὶ
506 2978 721 3032 ἔσονται
746 2981 825 3043 εἰς
850 2979 1211 3052 διαμερισμὸν
1239 2981 1346 3034 ἀπὸ
1367 2980 1542 3052 Τύρου
1566 2981 1635 3034 ἕω

1829 2986 1839 3037 I
1879 2999 2049 3047 mare,
2077 2990 2131 3038 et
2156 2998 2187 3036 a
2211 2990 2396 3037 monte
2423 2980 2491 3037 ad
2529 2992 2797 3038 montem.
2834 3001 2853 3035 ι
2881 2982 2938 3039 Id
2971 2991 3079 3051 est,
3109 2982 3339 3042 Cunctis

124 3068 199 3120 τοῦ
213 3067 443 3141 ποταμοῦ
462 3070 685 3140 Συρίας,
709 3070 803 3124 καὶ
822 3069 931 3124 άπὸ
954 3070 1230 3142 θαλάσσης
1250 3071 1355 3135 ἕως
1375 3071 1634 3143 θαλάσσης

1834 3076 1898 3141 tis
1925 3075 2202 3145 potientur
2222 3074 2433 3147 Assyrii
2486 3073 2735 3133 urbibus,
2758 3072 2873 3129 Hoc
2888 3075 3053 3130 etiam
3079 3076 3344 3147 propheta

125 3158 201 3211 nl
246 3160 343 3213 ἀπὸ
380 3159 479 3213 τοῦ
528 3161 691 3233 δρους
731 3162 838 3225 ἕως
862 3162 957 3216 τοῦ
986 3162 1169 3234 ὅρους.
1218 3181 1238 3215 ι
1280 3163 1399 3217 ἰνα
1431 3165 1561 3238 εἴπῃ
1588 3165 1635 3219 ὅτ

126 3250 306 3276 ,μμω
352 3251 562 3276 ,,,-,,,,,
607 3256 973 3276 “usus.--”
1008 3254 1054 3276 ,ς
1100 3254 1146 3276 ιι
1171 3255 1371 3276 --.ιημ
1425 3255 1527 3276 ,μ-ν.
1578 3257 1635 3276 μ,

1832 3181 2011 3222 mosus
2058 3164 2331 3237 signiﬁcat
2367 3166 2436 3229 ’⁷,
2487 3164 2616 3219 dum
2653 3165 2795 3219 mala
2834 3181 2956 3236 quae
3003 3168 3072 3221 ab
3100 3168 3342 3238 Assyriis

125 3250 306 3304 πάντων
351 3251 562 3306 τούτων
607 3256 973 3325 κρατήσουσιν
1004 3254 1057 3307 οἰ
1100 3254 1377 3327 Ἀσσύριοι
1420 3255 1529 3310 τῶν
1570 3257 1635 3310 πό

1835 3259 1939 3330 οε
1984 3256 2201 3313 finitimi
2239 3258 2516 3327 patientur
2555 3256 2711 3311 dicit.
2751 3275 2771 3309 ι
2807 3256 2934 3313 Dies
2971 3273 3126 3329 aqua:
3164 3274 3228 3315 ac
3256 3267 3345 3313 tu-

125 3342 254 3397 λεωνο
277 3344 430 3399 τοῦτο
461 3346 521 3398 δὲ
562 3347 658 3400 καὶ
682 3348 711 3400 ὀ
750 3348 1039 3418 προφήτης
1078 3346 1261 3418 ’Δμὼς
1288 3347 1456 3420 δηλοῖ,
1485 3348 1553 3402 τὰ
1577 3367 1635 3403 κο

1834 3348 2003 3402 ultus.
2037 3346 2261 3416 Erilque
2295 3353 2443 3401 terra
2480 3345 2537 3399 in
2566 3344 3000 3402 destructionem
3032 3362 3159 3402 cum
3187 3347 3343 3404 habi—

126 3435 439 3507 ταληψόμενα
475 3438 581 3491 ὑπὸ
613 3436 723 3491 τῶν
772 3438 1075 3511 ⁹Δσσυρίων
1104 3438 1252 3492 κακά
1298 3440 1425 3503 τοὺς
1468 3445 1636 3512 περιοί

1834 3440 2049 3496 toribus
2100 3440 2255 3503 suis,
2288 3439 2383 3510 qui
2418 3443 2581 3519 erunt
2636 3437 2848 3495 fructus
2896 3438 3344 3495 adinventionum

129 3543 231 3593 κους
253 3529 439 3599 λέγων’
482 3548 501 3582 ι
536 3530 750 3602 Ἡμέρα
788 3530 981 3595 ὓδατος
1018 3532 1113 3585 καὶ
1145 3529 1377 3602 θορύϐου
1411 3531 1546 3603 (44)·
1581 3550 1639 3586 κο

1836 3548 1986 3587 τωο.
2026 3552 2046 3586 ι
2082 3530 2443 3603 Superveniet
2488 3531 2647 3588 vobis
2705 3531 2946 3588 hostium
3006 3533 3346 3599 multitudo,

128 3618 294 3694 ἔστινὴ
314 3622 384 3693 γῆ
410 3624 495 3685 εἰς
518 3622 826 3694 ἀφανισμὸν
855 3622 995 3693 μετὰ
1022 3621 1130 3676 τῶν
1162 3624 1559 3678 κατοικούντων
1585 3624 1638 3677 αἰ

1838 3638 1928 3692 Lua:
1973 3623 2149 3678 instar
2185 3630 2415 3677 cunctos
2459 3620 2736 3678 inundans
2778 3640 2795 3678 :
2839 3620 2985 3677 unde
3026 3639 3126 3679 vos
3177 3626 3348 3680 multa

126 3711 224 3779 τὴν,
254 3712 324 3784 (p.
354 3714 481 3783 3l8)
521 3714 631 3768 ἀπὸ
662 3716 893 3786 καρπῶν
919 3714 1369 3787 ἐπιτηδευμάτων
1413 3715 1613 3771 αὐτῶν.

1838 3716 2189 3772 ιτιυτὺοιίοηο
2248 3714 2633 3786 implebimini,
2676 3722 2731 3770 et
2782 3722 2967 3771 vestra
3022 3718 3205 3772 omnia
3254 3733 3348 3771 vo-

138 3800 489 3859 Ὲπελεύσεται
516 3804 626 3875 γὰρ
654 3805 785 3875 ύμῖν
808 3804 1012 3877 πλῆθος
1043 3805 1339 3877 πολεμίων,
1366 3807 1524 3878 δίκην
1552 3805 1648 3861 ὖδα

1839 3823 1990 3864 scum
2016 3807 2390 3870 destruentur,
2420 3807 2549 3878 quia
2581 3805 2851 3862 factorum
2891 3817 3200 3864 vestrorum
3226 3809 3349 3879 jus-

127 3905 200 3956 τος
223 3895 500 3962 ὲπικλύζον
554 3897 824 3961 ἅπαντας,
866 3898 959 3967 ἀφ’
986 3889 1159 3969 οὗπερ
1187 3897 1341 3951 αύτοί
1370 3915 1431 3950 τε
1476 3897 1637 3968 πολλῆ

1838 3915 1888 3953 m
1916 3899 2056 3953 hanc
2097 3913 2314 3969 pcenam
2350 3898 2532 3955 luetis.
2576 3897 2695 3953 Jam
2738 3908 3027 3971 postquam
3078 3902 3346 3959 hactenus

129 3984 521 4059 πληρωθήσεσθε
549 3988 650 4059 τῆς
680 3988 948 4061 ταραχῆς·
994 3989 1088 4042 καί
1134 3990 1317 4043 πάντα
1358 3989 1416 4042 δὲ
1445 3988 1516 4041 τὰ
1543 3987 1639 4059 ὑμὲ

1839 3990 1917 4044 xit
1952 3989 2301 4044 inimicorum
2333 3989 2591 4059 varieque
2631 4004 2727 4045 eos
2755 3992 3188 4047 excruciantium
3232 4009 3349 4064 pm-

127 4088 239 4147 τερα
266 4080 357 4135 σὺν
378 4080 510 4151 ὑμῖν
535 4078 990 4152 ἀφανισθήσεται,
1017 4080 1204 4150 ἐπειδὴ
1230 4078 1338 4133 τῶν
1365 4080 1637 4151 πραττομέ

1837 4097 1901 4134 un
1926 4120 1942 4145 ,
1978 4081 2252 4135 convertit
2284 4080 2338 4133 in
2378 4080 2736 4150 sequentibus
2780 4081 2848 4135 ad
2881 4083 3141 4152 populum
3162 4084 3347 4144 verba.

128 4184 215 4223 νων
243 4172 364 4242 ύμῖν
404 4173 682 4246 τιμωρίαν
717 4173 922 4246 ταύτην
953 4174 1180 4245 ύφὲξετε
1232 4174 1481 4228 δικαίαν·
1516 4175 1753 4247 εἰρηκὼς
1786 4176 1841 4229 δὲ
1881 4176 1988 4230 τῶν
2028 4176 2418 4247 ὲχθραινὸντων
2462 4176 2645 4240 αὐτοῖς
2686 4175 3036 4249 πολυτρόπως
3068 4195 3128 4231 τε
3154 4180 3349 4247 αύτούς

130 4260 477 4339 λιλυπηκότων
502 4270 563 4323 ὲν
589 4268 802 4332 τούτοις
825 4268 925 4340 τὴν
953 4268 1242 4341 τιμωρίαν,
1268 4268 1458 4341 τρέπει
1492 4271 1673 4325 λοιπὸν
1701 4272 1836 4345 πρὸς
1864 4271 1954 4326 τὸν
1987 4271 2114 4325 λαὸν
2144 4270 2235 4323 τὸν
2260 4270 2436 4339 λόγον.

184 4378 317 4451 Στίχ.
347 4381 649 4446 ιδ’-ιζ’.-,ι
674 4383 939 4454 Ποίμαινε
977 4383 1070 4436 τὸν
1103 4383 1232 4437 λαόν
1280 4401 1373 4438 σου
1406 4386 1467 4438 ὲν
1496 4386 1677 4458 ῥάϐδῳ

1848 4386 2011 4442 Vens.
2054 4385 2241 4441 14-17.
2278 4415 2347 4427 -
2384 4402 2403 4436 ι
2451 4383 2626 4441 Pasce
2675 4386 2940 4458 populum
2993 4394 3147 4442 tuum
3200 4389 3352 4460 virga

133 4468 275 4539 φυλῆς
302 4488 414 4540 σου,
448 4473 698 4546 πρόϐατα
732 4474 1098 4546 κληρονομίας
1122 4492 1239 4541 σου,
1271 4480 1643 4548 κατασκηνοῦν

1842 4494 1892 4541 a.
1923 4494 2055 4534 oves
2098 4478 2437 4534 hereditatis
2470 4486 2610 4542 tuas,
2651 4479 2910 4533 solitatim
2946 4478 3259 4537 habitantes
3294 4483 3352 4539 in

131 4574 212 4622 τις
251 4564 382 4617 κατὰ
428 4566 599 4634 μόνας
631 4564 861 4637 δρυμόν.
898 4584 921 4619 ι
984 4567 1147 4622 Ἀλλά
1193 4567 1302 4639 γὰρ
1350 4569 1437 4634 σὺ,
1489 4569 1641 4639 φησὶι

1843 4573 1940 4626 ltu.
1972 4590 1993 4624 ι
2032 4570 2138 4625 Sed
2180 4570 2292 4639 jam
2337 4579 2417 4634 tu,
2456 4570 2654 4640 inquit,
2690 4586 2721 4625 a
2775 4572 3038 4636 tumultu,
3064 4574 3353 4642 perturba-

132 4650 515 4726 ἀπηλλαγμένος
538 4658 636 4728 μὲν
650 4657 896 4729 θορύϐων
912 4657 1006 4712 καὶ
1025 4660 1270 4730 ταραχῆς
1291 4660 1385 4713 καὶ
1402 4660 1642 4731 πολέμωι

1843 4677 1925 4717 me
1944 4667 1999 4716 et
2027 4660 2284 4715 hostibus
2308 4660 2446 4715 liber
2467 4699 2483 4726 ,
2509 4668 2565 4715 et
2596 4662 2651 4715 in
2686 4676 2820 4733 pace
2852 4677 3075 4718 versans
3093 4704 3109 4729 ,
3133 4663 3204 4719 da
3224 4679 3353 4734 ope-

130 4741 178 4793 ὲν
202 4745 380 4820 εἰρήνῃ
405 4748 461 4801 δὲ
486 4751 795 4819 τυγχάνων,
830 4749 974 4804 κατὰ
995 4750 1058 4803 τὸ
1086 4749 1209 4803 δέον
1231 4751 1383 4819 ἄγειν
1406 4751 1640 4816 σπούδαζ

1842 4767 1891 4807 m
1913 4758 1975 4806 ut
1991 4751 2219 4807 honeste
2238 4758 2292 4805 te
2310 4765 2501 4822 geras;
2530 4752 2789 4822 quoniam
2812 4759 2865 4808 te
2882 4752 3029 4810 Deus
3046 4756 3352 4824 possessio-

135 4834 320 4887 σαυτόν’
342 4839 528 4911 ἐπειδὴ
564 4839 627 4892 σὲ
656 4840 849 4910 κτῆσιν
876 4840 1085 4894 οἰκείαν
1113 4840 1469 4912 λογισάμενος
1487 4843 1518 4894 ὁ
1543 4842 1644 4896 Θεδ

1842 4860 1902 4897 ιιιι
1935 4859 2092 4898 suam
2121 4851 2401 4915 reputans,
2429 4843 2577 4898 eruit
2608 4858 2676 4897 ex
2711 4843 2988 4910 hostibus,
3021 4854 3076 4900 et
3103 4860 3352 4903 seorsum

130 4928 292 4996 ἀφεῖλὲ
322 4952 382 4988 τε
414 4937 521 4990 τῶν
550 4937 845 5008 πολεμίων,
889 4938 982 4992 καὶ
1014 4938 1469 5010 κεχωρισμένους
1506 4940 1640 4993 ἁπάι

1842 4959 1847 4984 ι
1877 4935 2154 4999 omnibus,
2195 4934 2357 5005 quasi
2393 4949 2526 4991 oves
2552 4949 2677 4989 cum
2703 4937 3001 4993 securitate
3035 4938 3186 5009 pasci
3221 4954 3352 4993 con-

132 5034 221 5071 των
244 5022 392 5096 δίκην
418 5027 707 5098 προϐάτων
748 5028 846 5081 σὺν
872 5027 1030 5099 ἀδείᾳ
1065 5028 1327 5098 νέμεσθαι
1351 5028 1587 5082 δέδωκεν
1620 5030 1642 5081 ὲ

1846 5024 1945 5079 ssit
1997 5022 2052 5077 in
2112 5022 2310 5093 patria.
2367 5040 2387 5073 ι
2424 5020 2481 5075 ln
2538 5022 2718 5077 medio
2765 5022 3005 5079 Carmeli
3057 5034 3356 5095 pascentur

132 5114 225 5176 τοῖς
243 5116 470 5183 οἰκείοις.
500 5137 522 5171 ι
572 5121 662 5172 Ἐν
698 5119 849 5190 μέσῳ
876 5119 972 5173 τοῦ
1014 5120 1317 5192 Καρμήλου
1341 5121 1642 5191 νεμήσοντσ

1848 5115 2145 5171 .sanitidem
2176 5122 2231 5169 et
2279 5113 2700 5178 Galaaditidem,
2749 5115 3052 5171 secundum
3092 5117 3212 5173 dies
3258 5135 3358 5173 stc-

131 5199 212 5269 τὴν
240 5203 513 5262 Βασανίτιν
558 5208 654 5262 καὶ
677 5209 776 5280 τὴν
805 5208 1126 5262 Γαλααδίτιν
1162 5209 1305 5262 κατὰ
1333 5209 1433 5272 τὰς
1462 5207 1641 5279 ἡμέρα

1853 5209 1887 5262 Ii
1924 5226 1938 5263 :
1984 5214 2039 5263 et
2072 5207 2376 5262 secundum
2421 5206 2540 5262 dies
2577 5207 2912 5278 egressionis
2948 5214 3056 5262 tuae
3097 5207 3165 5263 de
3210 5217 3354 5264 terra

131 5288 209 5341 τοῦ
235 5293 435 5359 αἰῶνος
466 5298 563 5350 καί
589 5297 734 5350 κατὰ
752 5298 852 5357 τὰς
876 5297 1088 5368 ἡμέρας
1120 5296 1219 5367 τῆς
1247 5297 1453 5364 ἐξοδίας
1487 5314 1581 5350 σου
1611 5300 1636 5350 ὲ

1847 5300 2005 5371 ,gypti
2053 5297 2341 5354 ostendam
2385 5296 2468 5352 eis
2517 5296 2810 5353 mirabilia.
2863 5315 2884 5350 ι
2936 5297 3357 5368 Recuperabunt

133 5380 221 5451 τῆς
249 5388 512 5455 Αἰγύπτου
540 5392 700 5459 δείξω
726 5392 908 5454 αὐτοῖς
938 5389 1235 5454 θαυμάσια.
1267 5410 1287 5443 ι
1335 5390 1641 5460 ’Δπολίηψον

1844 5409 1901 5446 ca
1934 5391 2177 5463 propria,
2210 5390 2355 5448 sicut
2383 5390 2516 5445 olim
2548 5388 2782 5460 Algypto
2806 5389 3013 5457 egressi
3038 5390 3206 5444 multa
3232 5406 3354 5445 cum

192 5564 232 5594 "
258 5565 437 5623 Amos.
468 5586 590 5636 vttt,
621 5571 712 5626 12.

196 5742 823 5826 (“)Anlmadvertamus
855 5750 1462 5826 aptulglilripmestentnn
1500 5752 1664 5805 trium
1772 5750 1919 5826 quod
1968 5754 2218 5823 agnoscit
2266 5753 2429 5810 etiam
2476 5754 2742 5824 interpres
2768 5751 3039 5807 Arabicus
3088 5756 3139 5809 in
3199 5755 3353 5826 poly-

141 5815 521 5875 prxccdettlittttt
571 5820 859 5875 verborum
888 5815 1168 5877 'biblicuin
1213 5825 1662 5887 altlitauteutuut,
1770 5815 1972 5893 gluttis.

392 5910 659 5976 Ριτιοι.
692 5914 812 5976 Gn.
850 5915 952 5974 ιχ
968 5916 1078 5980 ιιι.

2961 5918 3032 5979 13
