3824 6512
462 322 574 400 39s

1669 312 2019 372 rnaooom
2052 308 2532 378 uorsuasrsm
3582 314 3664 368 δρα

466 442 712 517 potentia
750 442 1116 499 obtinuerunt.
1157 439 1346 512 Neque
1386 443 1532 496 enim
1575 439 1773 510 priscis
1815 439 2030 493 minora

2163 452 2240 496 αι,
2278 435 2432 504 φησὶ,
2461 433 2588 494 τοὺς
2631 431 2826 496 τόπους
2854 432 2981 494 τοὺς
3019 431 3274 504 οἰκείους,
3323 432 3464 488 καθα
3505 436 3586 488 καὶ
3619 439 3665 491 τὸ

465 541 647 596 erunt,
683 548 801 601 qua:
831 546 976 584 nunc
1015 529 1284 584 mirabilia
1338 530 1585 598 ipsorum
1631 543 1796 583 causa
1844 542 2036 597 Opera-

467 625 585 680 bor.
648 641 666 674 ι
728 622 1000 677 Videbunt
1043 630 1266 692 gentes.
1320 630 1374 675 et
1421 620 1825 684 confundentur
1867 633 2035 688 super

466 715 616 770 omni
656 714 971 768 fortitudine
1022 730 1142 769 sua.
1183 734 1200 766 ι
1227 716 1357 780 Qua:
1418 714 1606 768 borum
1652 713 1827 783 gratia
1874 711 2036 776 ﬁent,

423 858 426 860 ν
470 806 783 861 inculiendo
812 807 1005 876 pudori
1040 807 1232 860 idonea
1267 814 1428 860 erunt
1463 807 1570 860 illis
1605 807 1697 876 qui
1735 814 1894 858 antea
1923 804 2039 857 bel-

470 896 580 950 lum
616 895 814 948 inferre
844 895 1154 957 voluerant.
1187 895 1314 963 quia
1341 894 1440 948 bos
1465 909 1493 946 a
1527 894 1711 948 divino
1736 892 2040 962 patrocinio

469 996 622 1042 tanta
656 986 706 1040 vi
749 977 988 1039 munitos
1017 985 1299 1039 videbunt.
1343 1005 1360 1036 ι
1403 984 1684 1054 imponent
1712 999 1930 1038 manum
1959 983 2039 1035 ori

471 1095 593 1135 suo.
627 1099 645 1129 ι
687 1079 943 1132 Mirantes
989 1077 1199 1132 scilicet
1238 1086 1514 1147 gestarum
1546 1093 1729 1131 rerum
1765 1075 2040 1146 magnitu-

469 1173 675 1226 dinem.
708 1187 725 1220 ι
772 1170 943 1224 Aures
981 1183 1170 1222 eorum
1216 1169 1636 1224 obsurdescent.
1678 1187 1696 1218 ›
1729 1166 1806 1222 Ne
1846 1167 2038 1221 auditu

470 1258 689 1329 quidem
718 1258 952 1311 tolerare
977 1264 1230 1328 poterunt
1260 1273 1465 1321 rerum,
1501 1267 1560 1312 ut
1587 1257 1724 1324 dixi,
1761 1265 2044 1328 gestarum.

471 1349 924 1420 magnitudinem.
964 1368 982 1400 ι
1018 1347 1249 1420 Lingent
1283 1349 1559 1419 pulverem
1583 1350 1726 1404 sicut
1759 1359 2040 1418 serpentes

471 1446 568 1513 qui
611 1453 812 1497 terram
865 1440 1027 1512 209
1076 1441 1377 1494 attrahunt.
1419 1459 1437 1492 ι
1478 1439 1623 1494 Nihil
1663 1452 1842 1495 autem
1881 1443 2042 1494 rebus

472 1535 674 1590 vestris
715 1533 823 1603 iam
853 1533 1130 1594 adversari
1161 1535 1436 1595 valentes,
1469 1532 1522 1586 in
1557 1541 1758 1586 terram
1787 1538 2044 1585 corruerit

475 1640 625 1680 more
672 1625 1002 1695 serpentium
1041 1623 1134 1694 qui
1169 1625 1316 1679 circa
1351 1625 1496 1678 illam
1527 1625 1839 1678 volvuntur.
1883 1644 1900 1675 ι
1939 1623 2044 1678 Te-

475 1715 751 1770 nebuntur
794 1714 848 1768 in
889 1713 1244 1768 conclusione
1293 1729 1413 1768 sua.
1457 1732 1475 1764 ι
1509 1711 1627 1767 Νοη
1670 1713 1913 1768 modicas
1941 1728 2043 1766 an-

2138 529 2402 600 πρότερον
2441 527 2818 598 ἐξεληλυθότες
2861 527 2959 598 τῆς
2999 527 3270 596 Αἰγύπτου
3327 529 3462 597 μετὰ
3505 531 3665 600 πολλῆς,

2139 619 2401 689 κατέσχον
2432 619 2626 682 αὐτοὺς
2654 620 2750 689 τῆς
2771 619 3105 681 δυναστείας·
3136 620 3196 671 ού
3219 620 3329 690 γὰρ
3361 619 3563 674 ἔλαττον
3581 625 3666 677 τῶν

2139 711 2259 764 τότε
2291 712 2383 764 καὶ
2409 711 2499 764 νῦν
2518 712 2642 777 ἄξια
2673 711 2951 781 Θαύματος
2977 711 3130 764 ἐσται
3159 712 3225 764 τὰ
3255 712 3388 783 περὶ
3407 714 3582 777 αὐτοὺς
3606 733 3656 783 γι-

2140 802 2341 872 νόμενα
2367 801 2494 873 παρ’
2520 803 2675 872 ἐμοῦ.
2711 820 2728 852 ι
2771 803 3000 872 Ὂψεται
3024 801 3148 873 ἔθνη
3175 805 3268 856 καὶ
3295 804 3668 875 αἰσχυνθήσεται

2141 896 2204 947 ἐκ
2234 895 2411 963 πάσης
2439 893 2538 964 τῆς
2571 891 2750 963 ἱσίχύος
2797 892 2996 947 αὐτῶν.
3036 913 3054 946 ι
3093 893 3167 962 (p.
3202 895 3330 962 519)
3385 893 3554 948 Ἱκανὰ
3587 898 3670 966 γάρ

2141 987 2294 1040 ἐσται
2335 987 2403 1040 τὰ.
2439 988 2566 1058 περὶ¹
2596 986 2810 1051 αὐτοὺς
2855 987 3134 1058 γινόμενα,
3169 989 3422 1052 καὶτοὺς
3459 989 3672 1059 πολεμεῖν

2143 1073 2406 1150 πρότερον
2449 1079 2636 1142 αὐτοῖς
2681 1077 2990 1147 ἐγνωκότας
3043 1080 3121 1146 είς
3155 1079 3356 1150 πολλὴν
3405 1081 3673 1150 περιδαλεῖν

2141 1169 2424 1241 αἰσχύνην,
2451 1168 2694 1240 ὁρῶντας
2713 1172 2778 1240 τῇ
2804 1168 2924 1239 θεία
2952 1168 3245 1240 κηδεμονίᾳ
3267 1170 3533 1240 τοσαύτης
3557 1173 3675 1225 ἐπει-

2141 1261 2455 1333 λημμένους
2484 1253 2866 1332 δυνάμεως]
2893 1249 3260 1331 Ἔπιοήσουσι
3293 1264 3483 1332 χεῖρας
3522 1264 3599 1316 ἐπὶ
3631 1267 3675 1315 τὸ

2144 1356 2318 1426 στόμα
2351 1354 2550 1409 αὐτῶν.
2581 1375 2600 1407 ι
2634 1353 3014 1423 Θαυμάζοντες
3036 1353 3128 1407 ἐπὶ
3154 1351 3232 1422 τῷ
3260 1353 3480 1423 μεγέθει
3503 1354 3596 1406 τῶν
3618 1372 3674 1422 γι-

2143 1445 2406 1515 νομένων.
2443 1463 2460 1495 ι
2503 1445 2584 1497 Τά
2626 1438 2742 1498 ὦτα
2772 1442 2949 1497 αὐτῶν
2989 1443 3471 1514 ἀποκωφθήσεται.
3505 1464 3522 1494 ι
3551 1446 3612 1498 ού
3633 1447 3674 1498 δέ

2145 1538 2280 1606 ἀκοῇ
2313 1536 2497 1606 φέρειν
2521 1535 2838 1607 δυνήσονται
2866 1534 2973 1588 τῶν
3003 1535 3347 1604 γιγνομένων
3381 1535 3441 1602 τὸ
3469 1535 3673 1604 μέγεθος.

2152 1645 2169 1678 ι
2207 1625 2455 1688 Λείξουσι
2481 1625 2608 1697 χοῦν
2651 1625 2726 1688 ὡς
2754 1625 2876 1694 ὄφις
2903 1621 3318 1696 σύροντεςγῆν.
3359 1644 3380 1677 ι
3430 1625 3676 1679 Ἀνύειν

2151 1719 2246 1771 ἐπὶ
2274 1721 2387 1781 τοῖς
2413 1717 2540 1788 περὶ
2565 1717 2709 1787 ὑμᾶς
2731 1717 3031 1786 γινομένοις
3055 1702 3341 1784 δυνάμενοι
3371 1715 3521 1768 πλέον
3541 1716 3677 1777 οῦδὲν,

474 1808 685 1878 gustias
714 1807 989 1876 patientur
1014 1846 1029 1868 ,
1072 1806 1320 1860 lioStibus
1354 1821 1449 1860 eos
1483 1805 1537 1858 in
1581 1805 1781 1858 caedem
1817 1804 2045 1857 conclu-

2159 1811 2318 1878 5φεων
2346 1808 2501 1878 δίκην
2531 1809 2610 1870 είς
2635 1808 2738 1878 γῆν
2766 1807 3054 1860 πεσοῦνται
3084 1807 3211 1878 περὶ
3243 1805 3447 1884 ταύτην
3472 1807 3679 1876 εἱλούμε-

475 1901 753 1957 dentibus.
796 1918 815 1950 ι
864 1897 921 1953 1η
966 1897 1196 1952 Domino
1245 1895 1354 1950 Deo
1398 1904 1589 1951 nostro
1632 1895 2042 1965 obstupescent,

475 2004 528 2051 et
565 2009 594 2047 a
648 2002 701 2048 te
752 1990 1144 2046 formidabunt.
1176 2008 1195 2041 ι
1239 1987 1613 2059 Magnitudine
1649 2003 1835 2042 rerum
1876 1979 2045 2041 vestri

475 2100 641 2143 causa
673 2102 700 2140 a
733 2085 845 2139 Deo
874 2091 1234 2153 patratarnm,
1257 2067 1489 2136 exlaﬁm
1515 2079 1807 2150 quamdam
1837 2079 2047 2148 patien-

477 2184 602 2238 tur,
640 2190 840 2246 pavore
878 2173 1231 2228 concidentes
1255 2215 1270 2238 ,
1314 2180 1369 2225 et
1405 2186 1502 2226 vos
1529 2170 1582 2223 in
1624 2179 1905 2238 posterum
1939 2186 2047 2223 non

478 2267 809 2323 dubitabunt
838 2264 1059 2321 nonnisi
1094 2279 1124 2318 a
1169 2265 1278 2318 Deo
1311 2263 1472 2318 talem
1513 2261 1741 2331 adeptos
1773 2276 1896 2320 esse
1922 2277 2048 2330 pro-

481 2358 793 2413 videntiam.

549 2659 720 2713 Vnus.
748 2657 835 2720 18,
867 2650 1029 2710 i9.——
1100 2654 1303 2710 Deinde
1320 2663 1442 2734 post
1466 2654 1869 2726 praedictionem
1888 2670 2052 2710 even-

479 2761 728 2806 turorum
801 2751 937 2822 ipsis
1006 2749 1318 2812 bonorum,
1387 2747 1684 2818 gratiarum
1761 2749 2052 2817 quamdam

481 2842 751 2896 actionem
793 2841 864 2895 ad
899 2841 1014 2894 bzec
1048 2839 1229 2892 omnia
1261 2838 1316 2892 in
1361 2839 1715 2907 sequentibus
1751 2835 1860 2892 Deo
1894 2854 2054 2894 exse-

483 2935 700 3004 quitur:
729 2952 747 2984 ι
776 2932 910 2998 Quis
936 2929 1081 2985 Deus
1117 2939 1177 2984 ut
1211 2939 1270 2984 tu
1293 2969 1309 2996 ,
1341 2931 1432 3000 qui
1471 2928 1654 2984 aufers
1687 2929 2052 3000 iniquitatem,

482 3034 536 3080 et
578 3025 779 3079 transis
816 3032 1037 3094 peccata
1076 3022 1429 3092 reliquiarum
1469 3022 1803 3077 lmreditatis
1847 3022 1995 3076 tuae?
2030 3041 2048 3073 ι

2146 1899 2263 1956 vat.
2285 1917 2304 1951 ι
2336 1898 2762 1970 Συσχεθήσονται
2789 1901 2846 1951 ἐν
2871 1897 3219 1968 συγκλεισμῷ
3254 1897 3453 1950 αὐτῶν.
3490 1917 3507 1948 ι
3549 1898 3679 1949 Ὑπο-

2149 1990 2372 2064 μενοῦσι
2426 1989 2652 2060 συνοχὴν
2707 1990 2767 2043 ού
2819 1990 2916 2061 τὴν
2978 1990 3270 2062 τυχοῦσαν,
3336 1989 3679 2058 συγκλειόντων

2149 2083 2344 2146 αὐτοὺς
2373 2083 2452 2146 είς
2482 2081 2692 2152 σφαγὴν
2719 2081 3012 2152 πολεμίων.
3047 2099 3066 2132 ι
3119 2082 3242 2134 Ἐπὶ
3288 2083 3478 2151 Κυρίῳ
3502 2079 3568 2149 τῷ
3592 2080 3683 2147 Θεῷ

2149 2175 2306 2246 ἡμῶν
2361 2178 2746 2247 ἐκστήσονται,
2797 2177 2892 2229 καὶ
2944 2175 3347 2247 φοϐηθήσονται
3386 2173 3491 2228 ἀπὸ
3540 2173 3678 2227 σοῦ.»

2162 2268 2284 2319 Ἐπὶ
2311 2269 2418 2339 γάρ
2447 2285 2529 2321 τοι
2571 2268 2650 2338 τῷ
2692 2267 2909 2337 μεγέθει
2957 2267 3066 2320 τῶν
3097 2267 3247 2336 παρὰ
3276 2265 3376 2319 τοῦ
3409 2265 3534 2318 Θεοῦ
3568 2281 3682 2333 γινο-

2155 2358 2330 2429 μένων
2360 2360 2438 2421 είς
2479 2357 2736 2412 ἔκστασιν
2766 2376 2886 2411 τινα
2915 2357 3264 2420 πεπτωκότες
3282 2399 3299 2420 ,
3336 2356 3587 2427 φοϐεροὺς
3611 2354 3683 2407 καὶ

2153 2448 2295 2518 ὑμᾶς
2323 2449 2507 2502 λοιπὸν
2527 2447 2774 2520 νομιοῦσι
2806 2448 3074 2518 τοσαύτης
3095 2447 3437 2518 ἠξιωμένους
3457 2447 3550 2516 τῆς
3569 2442 3691 2515 παρά

2151 2537 2245 2590 τοῦ
2279 2537 2414 2592 Θεοῦ
2445 2541 2718 2610 προνοίας.

2227 2651 2374 2721 Στίχ.
2409 2658 2498 2716 ιη’,
2533 2651 2617 2705 ιϐ’.
2637 2683 2705 2692 ——-
2727 2647 2857 2705 Εἶτα
2883 2651 3019 2722 μετὰ
3042 2652 3140 2722 τὴν
3171 2653 3408 2722 μήνυσιν
3432 2651 3533 2704 τῶν
3557 2665 3689 2720 προσ-

2154 2742 2425 2814 εσομένων
2465 2743 2650 2807 αὐτοῖς
2691 2743 2930 2811 ἀγαθῶν,
2972 2742 3047 2806 ὡς
3095 2743 3452 2813 εὐχαριστίαν
3497 2740 3603 2796 τινὰ
3644 2740 3690 2803 ἐξ

2153 2834 2408 2888 ἁπάντων
2467 2834 2733 2905 προσάγει
2791 2834 2860 2887 τὰ
2911 2835 3038 2905 ἑξῆς
3073 2829 3149 2904 τῷ
3202 2833 3360 2904 Θεῷ·
3397 2851 3418 2886 ι
3451 2834 3539 2896 Τίς
3586 2832 3690 2893 Osi;

2154 2923 2342 2996 ὥσπερ
2387 2925 2474 2988 σὺ,
2518 2923 2751 2996 ἐξαίρων
2793 2924 3042 2989 ἀδικίας,
3087 2925 3182 2978 καὶ
3227 2923 3566 2994 ὑπερϐαίνων
3599 2923 3691 2976 ἀσε-

2156 3015 2308 3080 ϐείας
2340 3019 2450 3080 τοῖς
2489 3015 2834 3079 καταλοίποις
2879 3016 2979 3086 τῆς
3036 3016 3408 3086 κληρονομίας
3458 3013 3634 3077 αύτούς
3672 3031 3686 3063 ι

484 3117 640 3172 Nunc
688 3133 813 3172 cum
866 3117 1100 3171 maxime
1149 3131 1178 3170 a
1229 3116 1394 3170 rebus
1440 3117 1574 3185 ipsis
1621 3117 2053 3172 demonstratum

2161 3107 2274 3160 Νῦν
2300 3106 2458 3178 εἴπερ
2489 3107 2619 3161 ποτὲ
2665 3106 2851 3160 ἄλλοτε
2879 3105 2938 3170 ἐξ
2984 3107 3160 3160 αύτῶν
3185 3106 3418 3169 δέδειξαι
3455 3105 3555 3158 τῶν
3579 3120 3691 3174 πρι-

484 3216 588 3267 est.
607 3218 660 3262 et
680 3221 935 3276 magnum
968 3213 1021 3258 te
1046 3203 1212 3258 Deum
1234 3212 1450 3274 esse,let
1470 3217 1699 3258 cunctos
1723 3204 2056 3274 benignitate

489 3313 778 3368 superare,
810 3303 862 3349 et
891 3305 1111 3366 peccata
1143 3295 1420 3349 dimittere
1447 3333 1461 3354 .
1493 3302 1544 3347 et
1577 3293 1924 3350 dissimulare
1955 3294 2058 3348 im-

487 3392 756 3464 pietates,
805 3399 861 3441 et
905 3401 1037 3454 erga
1093 3393 1310 3440 tuorum
1365 3386 1625 3455 reliquias
1679 3386 2058 3442 liberalitatem

489 3494 636 3536 tuam
675 3493 1014 3550 expromere.
1049 3496 1066 3528 ι
1105 3477 1171 3530 Ει
1202 3494 1310 3530 non
1345 3479 1570 3532 retinuit
1597 3478 1651 3532 in
1684 3478 2071 3533 testimonium

487 3577 623 3630 iram
664 3587 843 3633 suam.
891 3571 1148 3640 quoniam
1196 3571 1382 3625 volens
1426 3569 1853 3625 misericordiam
1892 3579 1997 3626 est.
2036 3590 2056 3623 ι

489 3667 672 3735 Neque
716 3664 860 3719 enim
905 3662 1112 3732 justam
1165 3677 1329 3730 quam
1380 3661 1610 3716 habebat
1663 3663 1928 3720 adversus
1965 3678 2061 3719 vos

489 3759 625 3813 iram
676 3757 767 3810 diu
820 3756 1054 3809 retinere
1096 3769 1289 3826 passus
1335 3761 1441 3817 est,
1484 3768 1800 3824 quanquam
1839 3769 1902 3808 ea
1939 3753 2064 3823 jure

487 3850 696 3920 optimo
735 3861 812 3902 uti
858 3846 1032 3917 potuit
1063 3864 1074 3899 :
1111 3845 1310 3901 etenim
1352 3861 1494 3914 saepe
1531 3845 1691 3900 nobis
1725 3853 2064 3900 contestatus

490 3942 667 3998 fuerat
713 3954 832 4010 qua:
885 3939 1095 4008 passuri
1155 3938 1227 3991 ob
1280 3946 1500 4007 peccata
1549 3945 1737 3991 nostra
1781 3952 2062 4003 essemus;

489 4047 800 4104 quanquam
839 4045 938 4084 nos
976 4031 1246 4084 minarum
1275 4028 1724 4082 admonitionem
1766 4030 1917 4098 pensi
1956 4043 2065 4082 non

491 4124 802 4178 habuimus.
833 4118 1218 4175 Verumtamen
1261 4118 1351 4172 ille
1373 4127 1569 4172 cuncta
1600 4117 1731 4174 vicit
1761 4120 2068 4175 misericor-

492 4217 582 4270 dia
609 4230 706 4268 sua
728 4255 744 4279 ,
791 4228 953 4283 quam
988 4226 1153 4281 super
1197 4210 1388 4265 omnia.
1427 4211 1666 4264 exaltare
1713 4212 1868 4264 solet.
1898 4229 1915 4260 ‹
1948 4210 2067 4279 Ipse

494 4316 837 4362 convertetur
865 4317 917 4359 et
940 4300 1292 4358 miserebitur
1325 4303 1522 4362 nostri,
1544 4314 1597 4356 et
1625 4303 1982 4373 projicientur
2013 4305 2065 4358 in

493 4397 820 4470 profundum
847 4395 1014 4449 maris
1039 4397 1221 4448 omnia
1255 4403 1475 4462 peccata
1508 4403 1709 4447 nostra.
1755 4413 1772 4446 ι
1805 4392 1940 4448 Nam
1974 4395 2066 4463 qui

2157 3199 2406 3270 γμάτων,
2455 3197 2628 3268 μέγας
2660 3197 2792 3260 Θεὸς
2837 3197 3064 3267 δυνάμει
3107 3213 3166 3250 τε
3213 3195 3307 3254 καὶ
3359 3195 3694 3266 φιλανθρωπίᾳ

2159 3292 2368 3353 πάντας
2398 3289 2585 3352 νικῶν,
2623 3288 2698 3358 (p.
2730 3287 2857 3358 σεο)
2907 3289 3000 3341 καὶ
3030 3287 3171 3341 λύων
3205 3288 3304 3358 μὲν
3345 3279 3692 3365 ἁμαρτήματα,

2159 3377 2662 3450 παραπεμπόμενος
2691 3377 2747 3430 δὲ
2770 3376 3042 3441 ἀσεϐείας,
3073 3379 3150 3442 εἰς
3175 3377 3231 3430 δέ
3259 3379 3392 3442 τοὺς
3420 3378 3694 3437 ὑπολοίπους

2159 3471 2268 3525 τῶν
2301 3468 2515 3523 οἰκείων
2559 3470 2658 3540 τὴν
2691 3469 3000 3541 φιλοτιμίαν
3042 3470 3490 3542 ἐπιδεικνύμενος
3509 3472 3608 3541 ,τὴν
3637 3470 3696 3520 οἱ·

2161 3561 2335 3616 κείαν.
2379 3581 2398 3613 ι
2431 3563 2508 3616 Οὐ
2540 3563 2797 3633 συνέσχεν
2825 3564 2904 3627 εἰς
2931 3563 3226 3636 μαρτύριον
3247 3564 3422 3636 ὀργὴν
3444 3564 3612 3629 αὐτοῦ,
3635 3564 3696 3615 ὃτι

2163 3650 2392 3723 Θελητὴς
2412 3651 2595 3714 ἐλέους
2615 3653 2782 3706 ἐστίν.
2809 3672 2827 3705 ι
2857 3653 2990 3707 osse
3013 3653 3122 3725 γὰρ
3139 3654 3236 3723 τὴν
3258 3655 3432 3726 ὀργὴν
3446 3656 3508 3725 ἣν
3523 3653 3696 3708 δικαίαν

2163 3739 2275 3816 εἶχε
2320 3744 2442 3799 καθ’
2483 3744 2661 3816 ἡμῶν,
2703 3745 2954 3815 κατέχειν
3007 3745 3100 3800 ἐπὶ
3156 3745 3411 3801 πλεῖστον
3463 3748 3696 3816 ἠνέσχετο,

2164 3837 2342 3890 καίτοι
2369 3853 2432 3904 γε
2459 3835 2680 3900 δικαίως
2714 3835 2779 3890 ἂν
2820 3838 2957 3908 αὐτῇ
2989 3837 3364 3909 χρησάμενος·
3397 3839 3572 3909 ἐπειδὴ
3598 3837 3698 3889 πολ·

2163 3924 2320 3988 λάκις
2349 3926 2446 3996 μὲν
2471 3926 2602 3995 ἡμῖν
2641 3924 3060 3996 διεμαρτύρατο,
3096 3927 3219 3998 περὶ
3240 3918 3313 3980 ὧν
3347 3929 3414 4000 δὴ
3445 3927 3701 3998 πεισόμεθα

2166 4013 2465 4076 πταίοντες,
2495 4013 2744 4083 οὐδαμῶς
2771 4013 2826 4067 δὲ
2858 4014 2934 4086 τῷ
2964 4015 3324 4086 σωφρονισμῷ
3355 4017 3462 4070 τῶν
3497 4014 3696 4070 ἀπειλῶν

2167 4103 2636 4172 προσεσχήκαμενο
2678 4102 2754 4173 τῷ
2779 4103 2912 4174 ἐλέῳ
2949 4103 3004 4157 δὲ
3030 4103 3242 4157 ἅπαντα
3269 4106 3521 4177 νενίκηκε
3549 4105 3614 4176 τῷ
3636 4106 3694 4156 oi—

2167 4195 2320 4264 κείῳ,
2351 4193 2410 4246 ὃν
2438 4193 2598 4265 ἔργον
2645 4194 2794 4266 αὐτῷ
2839 4197 3054 4250 πάντων
3099 4197 3449 4269 ύπερτιΘέναι
3491 4201 3699 4252 πάντοτε.

2174 4303 2192 4335 ι
2229 4285 2399 4348 mea;
2428 4286 2747 4357 ἐπιστρέψει
2775 4288 2870 4341 καὶ
2901 4289 3228 4359 οἰκτειρήσει
3253 4291 3419 4360 ἡμᾶς’
3457 4288 3702 4344 καταδύςει

2167 4376 2264 4438 τὰς
2288 4376 2559 4448 ἁμαρτίας
2591 4377 2766 4446 ἡμῶν,
2797 4378 2892 4431 καὶ
2917 4377 3384 4449 ἀπορριφήσονται
3408 4384 3486 4441 εἰς
3506 4381 3568 4432 τὰ
3594 4377 3700 4448 βάθη

494 4506 596 4545 nos
626 4489 680 4542 in
714 4487 1080 4558 captivitatem
1119 4484 1320 4554 abegit.
1355 4501 1453 4538 sua
1482 4483 1661 4539 denuo
1695 4484 2055 4540 misericordia

2168 4465 2270 4534 τῆς
2303 4466 2580 4537 Θαλάσσης
2600 4469 2770 4520 πᾶσαι
2800 4471 2854 4520 αἱ
2881 4469 3144 4538 ἁμαρτίαι
3173 4469 3349 4540 ἡμῶν.
3368 4489 3385 4520 ι
3420 4472 3475 4526 '0
3491 4471 3703 4540 γὰρὰπο·

496 4591 656 4634 utens
676 4619 690 4643 ,
720 4593 820 4632 nos
854 4577 1083 4638 reduxit,
1109 4575 1295 4630 dolens
1324 4575 1545 4629 omnino
1590 4587 1813 4645 peccata
1846 4585 2031 4631 nostra
2052 4618 2067 4641 ,

494 4681 548 4724 et
574 4669 738 4724 veluti
772 4668 826 4721 in
858 4667 1112 4734 abyssum
1142 4664 1431 4734 quamdam
1475 4680 1537 4718 ea
1569 4665 1894 4734 projiciens,
1927 4667 2072 4722 unde

493 4762 588 4816 illa
609 4773 902 4830 exsurgere
937 4765 992 4812 et
1033 4756 1296 4810 adversus
1345 4770 1444 4810 nos
1477 4757 1768 4826 praetalere
1791 4773 2069 4828 nunquam

498 4860 773 4923 poterunt.
832 4849 1074 4914 Denique
1137 4848 1330 4901 horum
1369 4849 1611 4901 omnium
1662 4864 1885 4903 causam
1934 4852 2074 4905 reci-

495 4953 642 5006 tans,
667 4961 684 4993 ι
713 4941 898 5006 Dabis,
935 4940 1130 5007 inquit,
1166 4939 1448 4992 veritatem
1491 4946 1639 4991 tuam
1677 4937 1846 4992 Jacob
1867 4981 1881 5002 ,
1908 4941 2072 4994 mise-

497 5035 792 5090 ricordiam
823 5033 1162 5094 Abrahamo.
1205 5033 1346 5086 sicut
1381 5029 1580 5100 jurasti
1622 5029 1783 5097 210
1824 5031 2072 5098 patribus

499 5129 726 5189 nostris.
773 5127 922 5196 iuxta
963 5123 1079 5178 dies
1124 5126 1356 5194 priores.
1408 5141 1426 5172 ι
1464 5121 1673 5175 Cuncta
1706 5120 1840 5184 haec,
1873 5122 2072 5191 inquit,

498 5220 674 5273 fecisti
697 5231 906 5272 memor
935 5216 1358 5287 promissionum
1386 5224 1630 5272 tuarum.
1662 5227 1798 5282 quas
1825 5214 2074 5282 patribus

501 5313 730 5375 nostris,
761 5309 1106 5380 temporibus
1138 5308 1331 5376 priscis
1361 5305 1459 5376 pro
1485 5314 1576 5358 tua
1617 5315 1906 5360 constante
1945 5307 2074 5361 libe-

500 5402 717 5454 ralitate
759 5399 930 5455 fecisti
969 5417 983 5452 :
1025 5397 1444 5466 promissiones,
1481 5396 1739 5464 inquam,
1776 5395 1896 5450 illas
1944 5405 2074 5450 tunc

503 5491 799 5554 cisiecisti,
835 5505 956 5561 qua:
981 5503 1125 5543 nunc
1145 5503 1274 5557 erga
1308 5504 1408 5544 nos
1436 5487 1650 5542 illorum
1681 5494 1929 5556 posteros
1961 5503 1988 5541 a
2021 5497 2072 5542 te

504 5582 562 5638 in
593 5599 702 5639 rem
727 5583 937 5640 collata:
975 5581 1214 5637 fuerunt.

2172 4556 2393 4626 πέμψας
2438 4559 2587 4627 ἡμᾶς
2635 4561 2714 4620 είς
2754 4559 2854 4629 τὴν
2903 4557 3295 4629 αἰχμαλωσίαν,
3343 4563 3529 4632 οἰκείῳ
3577 4559 3704 4614 πάλιν

2173 4647 2306 4716 ἐλέῳ
2329 4648 2690 4718 χρησάμενος,
2719 4651 2863 4718 ἡμᾶς
2889 4651 3254 4720 ἐπανήγαγεν,
3271 4635 3561 4715 ’παντελῶς
3581 4649 3704 4720 ἡμῶν

2173 4739 2443 4806 ἀφανίσας
2474 4739 2571 4801 τὰς
2617 4741 2912 4810 ἁμαρτίας,
2943 4743 3036 4794 καὶ
3079 4741 3264 4814 ὥσπερ
3311 4745 3393 4807 εἷς
3433 4763 3548 4796 τινα
3581 4741 3706 4811 βυθὸν

2173 4828 2340 4890 αὐτὰς
2371 4829 2727 4900 καταρρίψας,
2752 4828 2844 4898 ἀφ’
2867 4823 3038 4900 οὗπερ
3061 4830 3226 4892 αὐτὰς
3251 4831 3543 4885 ἀνανεῦσαί
3570 4847 3618 4883 τε
3639 4828 3710 4879 καὶ

2176 4919 2394 4988 ἰσχύσαι
2421 4919 2542 4971 καθ’
2571 4920 2726 4989 ἡμῶν
2750 4921 2849 4972 οὑκ
2873 4919 3045 4972 ἔνεστι
3066 4921 3160 4974 τοῦ
3179 4921 3388 4976 λοιποῦ.
3421 4923 3529 4977 Καὶ
3545 4922 3627 4991 τὴν
3653 4921 3713 4971 αἱ·

2172 5011 2292 5063 τίαν
2310 5010 2561 5064 ἁπάντων
2578 5009 2767 5077 λέγων,
2793 5030 2808 5061 ι
2826 5011 3027 5075 Δὼσεις
3043 5013 3301 5084 ἀληθειάν
3322 5032 3416 5068 σου
3439 5015 3516 5084 τῷ
3532 5008 3707 5066 Ἰακὼΰ.

2174 5100 2322 5154 ἔλεον
2349 5100 2428 5170 τῷ
2467 5099 2736 5170 Ἀϐραὰμ,
2780 5101 3031 5172 καθάπερ
3075 5102 3295 5174 ὤμοσας
3323 5108 3439 5168 τοῖς
3480 5102 3711 5174 πατράσιν

2174 5193 2331 5262 ἡμῶν
2352 5191 2494 5246 κατὰ
2507 5195 2604 5256 τὰς
2620 5194 2831 5264 ἡμέρας
2851 5197 2948 5258 τὰς
2965 5197 3291 5266 ἔμπροσθεν.
3319 5217 3336 5248 ι
3359 5199 3604 5251 ’Ἄπαντα
3627 5193 3712 5262 γάρ

2174 5281 2366 5344 ταῦτα,
2421 5282 2590 5352 φησι,
2641 5284 2970 5352 πεποίηκας,
3005 5285 3078 5354 (p.
3113 5285 3236 5354 521)
3268 5287 3378 5339 τῶν
3411 5281 3714 5354 ἐπαγγελιῶν

2178 5372 2436 5443 μνησθεὶς
2478 5373 2587 5425 τῶν
2617 5374 2854 5440 οἰκείων,
2898 5369 2973 5428 ὧν
3007 5376 3145 5446 πρὸς
3195 5378 3322 5441 τοὺς
3354 5378 3590 5448 πατέρας
3615 5393 3712 5434 τους.

2173 5465 2475 5536 ἡμετέρους
2493 5465 2632 5519 κατὰ
2658 5466 2784 5529 τοὺς
2805 5466 3011 5520 ἄνωθεν
3032 5468 3328 5539 πεποίησαι
3351 5469 3568 5539 χρόνους
3595 5464 3713 5534 φιλο-

2173 5555 2329 5627 τιμίᾳ
2358 5558 2462 5607 τινὶ
2498 5555 2709 5627 βεϐαία·
2741 5557 2835 5610 καὶ
2864 5557 2963 5622 τὰς
2992 5559 3129 5630 πρὸς
3162 5554 3399 5623 ἐκείνους
3432 5558 3713 5628 ὑποσχέσεις

2173 5646 2293 5697 τότε
2314 5646 2698 5715 πεποιημένος,
2719 5649 2810 5700 καὶ
2831 5647 2925 5703 νῦν
2942 5649 3024 5719 ἐφ’
3041 5649 3197 5720 ἡμῶν
3221 5650 3328 5704 τῶν
3349 5649 3404 5715 ἐξ
3428 5650 3638 5704 ἐκείνων
3655 5644 3718 5706 εἰς

2175 5736 2333 5790 ἐονον
2357 5735 2525 5800 αὑτὰς
2557 5737 2820 5794 ἐκϐαλών.
