3934 6534
537 315 658 372 599

1629 357 1636 366 .
1725 307 2073 366 THEODORI
2099 304 2578 364 MOPSUESTENI

3632 317 3716 377 ιιι

540 428 775 497 ptiorum
814 439 938 481 cum
968 439 1091 497 rege
1141 438 1264 486 suo,
1301 423 1394 495 qui
1434 424 1549 495 jam
1585 424 1841 506 deinceps
1875 424 2098 479 oderant

2204 427 2319 488 τοῖς
2347 423 2553 486 δούλοις
2604 419 2790 475 αὐτοῦ.
2840 437 2860 470 ›
2913 420 3081 493 Δῆλον
3113 419 3194 475 ὅτι
3230 421 3326 474 τοῦ
3367 420 3494 476 Θεοῦ
3524 423 3715 498 ἐνδόντος

539 517 840 578 lsraclitas,
887 532 1088 586 eosque
1145 517 1506 573 internecioni
1548 517 1918 573 destinabant.
1962 517 2098 572 Exin

536 627 667 666 vero
695 611 1139 681 demigrationem
1165 621 1351 666 narrat
1381 612 1572 669 beatus
1593 613 1788 666 David.

613 872 765 926 Nunc
797 887 1013 942 quoque
1044 872 1184 928 Deus
1218 873 1421 944 pariter
1463 874 1638 944 primo
1667 872 1885 942 quidem
1911 872 2102 943 gratia:

536 980 647 1018 suae
708 965 880 1018 edidit
942 965 1271 1020 luculentam
1346 965 1889 1028 demonstrationem,
1970 963 2100 1017 dum

535 1055 885 1126 Assyriorum
939 1071 1117 1128 regem
1167 1065 1504 1126 cunctosque
1547 1053 1770 1112 Ninives
1799 1055 2004 1111 incolas
2030 1055 2100 1110 ad

536 1147 762 1201 meliora
797 1149 1065 1202 convertit
1097 1166 1110 1202 :
1136 1147 1278 1202 haud
1299 1149 1468 1203 multo
1499 1157 1620 1218 post
1647 1157 1845 1214 autem,
1871 1163 1993 1201 cum
2034 1147 2102 1201 iis

538 1239 904 1293 concessisset
955 1248 1015 1293 ut
1040 1254 1194 1294 suam
1235 1238 1499 1293 malitiam
1562 1239 1923 1300 declararent,
1975 1238 2103 1292 sivit

537 1350 633 1390 eos
657 1350 806 1390 arma
851 1343 1040 1390 contra
1087 1333 1362 1391 lsraelitas
1422 1350 1784 1393 commovere,
1821 1333 1893 1386 ita
1928 1331 2105 1386 utde-

536 1443 654 1484 cem
689 1429 863 1484 tribus
899 1427 1244 1492 vastaverint,
1279 1437 1334 1482 et
1354 1427 1730 1497 Hierosolyma
1763 1424 2100 1484 obsederint,

537 1529 687 1575 tanta
731 1519 943 1576 insania
996 1525 1216 1573 ruentes
1244 1517 1398 1587 quasi
1435 1516 1536 1586 ipsi
1586 1515 1694 1570 Deo
1731 1515 1930 1570 bellum
1967 1528 2104 1582 quo-

537 1610 822 1666 dammodo
854 1609 1136 1664 inferrent.
1175 1607 1279 1662 Sed
1329 1608 1473 1663 enim
1507 1607 1594 1661 hic
1635 1606 1818 1660 statim
1846 1606 1952 1659 illis
1985 1621 2106 1676 gra-

537 1703 815 1756 vissimam
851 1717 1014 1754 manu
1045 1700 1219 1771 angeli
1248 1700 1455 1770 plagam
1479 1697 1774 1768 imposuit;
1801 1712 2104 1767 versosque

2207 515 2612 588 μετεϐλήθησαν
2659 515 2711 568 οἰ
2745 511 3028 583 Αἰγύπτιοι
3063 513 3161 566 σὺν
3197 511 3274 583 τῷ
3303 513 3503 583 βασιλεί
3537 520 3716 588 πάντες,

2202 606 2344 659 ὥστε
2397 604 2492 657 καὶ
2532 603 2620 657 διὰ
2675 603 2868 674 μίσους
2918 602 3064 673 ἔχειν
3092 603 3220 666 τοὺς
3283 601 3611 674 Ἰσραηλίτας,
3643 616 3718 667 καὶ

2183 692 2486 768 ’βούλεσθαι
2531 694 2806 757 παντελῶς
2826 693 3021 758 αὐτοὺς
3049 693 3278 747 ἀνελεῖν.
3305 688 3400 758 Οἷς
3425 695 3489 749 τά
3509 698 3593 770 τῆς
3631 703 3717 768 ἐξά.

2203 787 2293 840 δου
2321 786 2507 840 λοιπὸν
2534 787 2563 839 6
2594 785 2862 857 μακάριος
2892 786 3090 854 ἐπάγει
3119 784 3308 839 Δαυῖδ.

2273 877 2376 930 Τὸν
2405 878 2564 930 αὐτὸν
2595 878 2659 949 δὴ
2691 877 2889 948 τρόπον
2919 875 3197 930 κάνταῦθα
3231 876 3494 948 πρότερον
3540 881 3624 952 μὲν
3646 887 3721 957 τῆς

2201 969 2407 1034 οἰκείας
2434 971 2655 1050 χάριτος
2684 969 2940 1035 ἐπίδειξιν
2971 969 3296 1040 ποιούμενος
3322 971 3350 1022 6
3381 969 3526 1034 Θεὸς,
3555 975 3717 1046 ἀθρόαν

2203 1060 2296 1114 τοῦ
2330 1079 2387 1114 τε
2423 1061 2689 1132 βασιλέως
2727 1059 2838 1115 τῶν
2870 1054 3170 1132 Ἀσσυρίων
3198 1061 3295 1114 καί
3325 1061 3536 1116 πάντων
3558 1065 3612 1137 δὴ
3635 1069 3722 1123 τῶν

2204 1151 2349 1206 κατά
2392 1153 2491 1223 τὴν
2525 1151 2726 1225 Νινευὴ
2778 1151 2876 1225 τὴν
2922 1153 3015 1206 ἐπὶ
3063 1153 3123 1206 τὸ
3176 1155 3425 1222 κρεῖττον
3471 1159 3719 1232 μεταϐολὴν

2204 1244 2454 1313 γενέσθαι
2497 1244 2768 1316 πεποίηκε
2793 1260 2807 1275 ·
2849 1245 2967 1315 μετ’
3010 1243 3074 1297 οὐ
3108 1243 3244 1298 πολὺ
3284 1243 3343 1297 δὲ
3381 1244 3554 1310 ἐνδοὺς
3580 1250 3723 1313 αὐτοῖς

2203 1336 2302 1409 τὴν
2335 1337 2542 1390 οἰκείαν
2568 1337 2800 1407 ἐκφῆναι
2823 1335 3041 1399 κακίαν,
3068 1335 3218 1390 εἴασε
3238 1335 3461 1389 τοιαῦτα
3484 1339 3601 1410 περί
3624 1345 3721 1406 τοὺς

2217 1427 2567 1499 Ἰσραηλίτας¹
2583 1427 2714 1498 παρ’
2739 1425 2919 1481 αὐτῶν
2945 1426 3217 1495 γενέσθαι,
3249 1426 3343 1496 ἀφ’
3371 1420 3445 1480 ὧν
3466 1428 3725 1501 ἐπόρθησαν

2204 1535 2263 1572 τε
2295 1518 2392 1583 τάς
2429 1518 2560 1573 δέκα
2608 1517 2816 1587 φυλὰς,
2850 1516 2946 1570 καὶ
2990 1516 3430 1587 ἐπεστράτευσαν
3461 1519 3523 1588 τῇ
3562 1518 3722 1590 Ἰερου-

2207 1609 2409 1681 σαλὴμ,
2444 1609 2584 1680 μετά
2640 1608 2843 1678 πολλῆς
2887 1607 3226 1680 ὁρμήσαντες
3253 1609 3353 1678 τῆς
3377 1609 3613 1674 ἀπονοίας
3633 1653 3645 1676 ,
3667 1614 3726 1678 ὼς

2207 1702 2304 1757 καί
2347 1701 2495 1772 αὐτῷ
2532 1718 2596 1770 γε
2651 1700 2849 1773 μικροῦ
2885 1700 3286 1772 πολεμήσοντες
3315 1699 3393 1771 τῷ
3437 1700 3578 1771 Θεῷ·
3621 1704 3726 1758 ἀλλὰ

536 1792 593 1847 ἰιι
619 1792 800 1861 fugam
845 1793 1087 1862 reliquos
1143 1791 1312 1844 variis
1353 1790 1585 1844 irrctivit
1638 1788 2046 1845 calamitatibus
2088 1807 2098 1843 :

2205 1794 2314 1865 γάρ
2336 1792 2464 1846 εὐθὺ
2494 1792 2594 1864 μὲν
2627 1791 2934 1863 βαρυτάτην
2963 1791 3146 1854 αὐτοῖς
3177 1790 3265 1844 διά
3295 1787 3390 1844 τοῦ
3418 1790 3629 1859 ἀγγέλου
3651 1793 3727 1865 τὴν

534 1887 712 1957 quoad
744 1886 797 1939 in
821 1885 1082 1940 ditionem
1107 1899 1260 1940 suam
1290 1899 1412 1938 cum
1437 1884 1598 1952 212
1627 1898 1838 1939 summa
1872 1882 2101 1952 ignomi-

536 1979 625 2032 nia
693 1993 977 2048 regressus
1055 1975 1532 2038 Sennacberimus,
1594 1973 1940 2046 Assyriorum
2011 1973 2101 2027 illa

533 2080 692 2126 aetate
749 2086 865 2135 rex,
907 2085 1091 2124 necem
1124 2085 1156 2122 a
1185 2068 1420 2140 propriis
1450 2067 1633 2123 liberis
1667 2069 2099 2138 pcrpessus'est.

536 2160 737 2215 Deinde
774 2160 951 2229 gentis
1003 2174 1223 2229 quoque
1275 2158 1562 2228 imperium
1604 2157 1850 2213 funditus
1902 2158 2102 2212 delevit

537 2253 678 2306 Deus
727 2252 819 2320 qui
855 2266 949 2320 per
977 2249 1303 2321 Babylonios
1327 2247 1677 2304 obsidendam
1721 2248 1947 2304 Niniven
1979 2264 2103 2303 vas-

535 2344 862 2412 tandamque
896 2343 1107 2396 curavit
1168 2359 1180 2394 :
1217 2339 1352 2395 adeo
1398 2351 1456 2396 ut
1494 2340 1876 2395 innumerabili
1902 2341 2102 2410 populo

537 2435 793 2504 frequens
815 2434 1009 2487 civitas
1034 2443 1086 2488 et
1110 2432 1449 2488 nobilissima
1474 2441 1638 2503 atque
1658 2432 1866 2501 regina,
1885 2433 2102 2501 captiva

539 2530 702 2583 fuerit
727 2543 791 2581 ac
824 2526 1214 2582 desertissimze
1238 2525 1516 2580 solitudini
1537 2526 1752 2579 tradita.
1776 2522 1908 2578 Nam
1939 2525 2100 2580 sicuti

535 2622 717 2691 priore
765 2628 1026 2688 tempore,
1063 2617 1132 2672 de
1163 2632 1272 2686 quo
1307 2619 1496 2672 beatus
1526 2615 1692 2671 Jonas
1732 2618 1991 2686 propheta
2025 2617 2102 2669 lo-

534 2711 745 2780 quitur,
766 2727 877 2766 suae
897 2709 1077 2783 gratite
1097 2708 1353 2764 indicium
1373 2707 1517 2760 Deus
1548 2706 1693 2770 fecit,
1717 2706 1845 2759 dum
1881 2715 2103 2774 repente

533 2803 785 2874 Assyrios
845 2816 1034 2857 omnes
1077 2799 1143 2854 ad
1198 2799 1454 2854 virtutem
1508 2799 1810 2854 convertit:
1845 2799 1918 2851 ita
1953 2811 2100 2851 nunc

531 2895 749 2950 eosdem
788 2893 1088 2949 sceleribus
1124 2894 1318 2948 iterum
1347 2891 1580 2955 deditos,
1623 2889 1859 2944 maximo
1893 2896 1947 2943 ct
1975 2889 2104 2941 lior-

533 2988 702 3042 rendo
742 2986 966 3040 ultionis
1010 3001 1206 3056 genere
1247 2983 1428 3038 affecit
1460 3002 1474 3037 :
1508 2993 1736 3053 utraque
1768 2997 1826 3035 re
1867 2995 2099 3050 genera-

531 3080 629 3133 tim
681 3078 929 3134 homines
982 3077 1258 3139 erudiens,
1292 3085 1346 3128 ut
1377 3082 1432 3130 et
1463 3076 1650 3145 gratiae
1679 3075 1799 3143 ejus
1830 3074 2100 3143 magnituo

2205 1885 2422 1957 πληγὴν
2475 1885 2755 1955 ἐπήγαγεν
2786 1885 2815 1938 6
2869 1882 3033 1948 Θεὸς,
3064 1881 3273 1953 τρέψας
3313 1881 3370 1934 δὲ
3401 1883 3522 1947 τοὺς
3549 1882 3727 1949 λοιποὺς

2206 1980 2286 2042 εἰς
2335 1977 2511 2048 φυγὴν
2554 1975 2913 2048 πολυτρόποις
2965 1974 3327 2047 περιϐέϐληκε
3380 1975 3492 2038 τοῖς
3536 1979 3724 2038 κακοῖς·

2207 2069 2284 2140 (p.
2315 2069 2440 2140 325)
2470 2069 2564 2122 καὶ
2608 2067 2671 2122 τὸ
2712 2066 3020 2121 τελευταῖον
3063 2066 3157 2120 ἐπὶ¹
3194 2066 3294 2137 τῆς
3333 2066 3538 2131 οἰκείας
3582 2066 3729 2139 χώρας

2205 2158 2443 2229 γεγονὼς
2493 2157 2630 2229 μετά
2668 2158 2870 2229 πολλῆς
2912 2159 3012 2228 τῆς
3067 2158 3289 2230 ἀτιμίας
3329 2159 3676 2231 Σενναχηρεὶμ
3707 2164 3733 2216 6

2205 2253 2326 2306 τότε
2342 2251 2451 2304 τῶν
2482 2250 2786 2320 Ἀσσυρίων
2813 2247 3064 2320 βασιλεὺς
3079 2248 3178 2320 τὴν
3200 2249 3305 2302 ὑπὸ
3331 2249 3442 2303 τῶν
3472 2250 3601 2303 ἰδίων
3626 2251 3730 2305 υἱῶν

2207 2343 2593 2415 ὑπομεμένηκε
2641 2343 2885 2413 σφαγήν·
2934 2337 3035 2395 εἶθ’
3081 2341 3308 2412 ὕστερον
3354 2341 3450 2394 καὶ
3500 2342 3732 2406 παντελῶς

2206 2435 2383 2491 αὐτῶν
2412 2435 2510 2508 τὴν
2541 2434 2816 2506 βασιλείαν
2850 2435 3122 2500 καθεῖλεν,
3152 2435 3241 2489 διά
3271 2435 3381 2488 τῶν
3421 2435 3731 2490 Βαϐυλωνίων

2207 2523 2630 2597 πολιορκηθῆναι
2648 2524 2776 2596 παρ’
2793 2524 2972 2578 αὐτῶν
2990 2525 3417 2596 παρασκευάσας
3433 2523 3528 2596 τὴν
3547 2523 3732 2596 Νινευὴ,

2206 2616 2348 2670 ὥστε
2396 2614 2494 2687 τὴν
2527 2615 3088 2689 πολυανθρωποτάτην
3134 2617 3231 2669 καί
3261 2617 3533 2688 περιφανῆ
3560 2618 3642 2670 καὶ
3665 2615 3735 2686 βαρ

2209 2706 2402 2770 σιλίδα,
2431 2705 2774 2776 αἰχμάλωτόν
2797 2723 2856 2759 τε
2891 2705 3144 2775 γενέσθαι
3175 2705 3269 2760 καί
3299 2707 3382 2768 εἰς
3409 2707 3627 2778 ἐρημίαν
3653 2723 3731 2760 κα-

2206 2796 2469 2867 ταστῆναι
2502 2797 2740 2868 παντελῆ
2777 2797 2888 2868 (45)
2910 2813 2924 2828 ·
2965 2797 3042 2861 ὡς
3071 2796 3178 2870 γὰρ
3213 2800 3272 2852 ὲν
3313 2800 3430 2862 τοῖς
3462 2798 3738 2870 προτέροις,

2209 2891 2351 2963 ἅπερ
2380 2893 2409 2945 6
2441 2891 2712 2962 μακάριος
2767 2890 2951 2953 Ἰωνᾶς
2975 2891 3004 2944 6
3029 2890 3315 2961 προφήτης
3347 2890 3638 2960 διηγεῖται.
3660 2891 3737 2961 τῆς

2208 2983 2426 3054 χάριτος
2459 2983 2558 3053 τὴν
2583 2981 2842 3048 ἐπίδειξιν
2875 2983 2903 3034 6
2927 2980 3060 3044 Θεὸς
3098 2982 3396 3052 ἐποιήσατο
3421 2982 3518 3052 τῆς
3547 2982 3737 3045 οἰκείας,

2208 3073 2451 3136 ἅπαντας
2482 3074 2680 3136 αὐτοὺς
2723 3071 2918 3143 ἀθρόον
2965 3071 3221 3143 μεταθεὶς
3264 3073 3358 3126 ἐπὶ
3408 3070 3471 3126 τὸ
3509 3075 3734 3144 κρεῖττον,

533 3170 714 3225 dinem
765 3177 1016 3233 noscant,
1069 3168 1337 3237 siquando
1407 3168 1518 3220 vult
1551 3181 1703 3221 suam
1752 3166 1805 3220 in
1855 3165 2098 3219 homines

2205 3158 2378 3223 οὕτως
2394 3159 2626 3213 ἐνταῦθα
2643 3159 2741 3228 τὴν
2754 3159 2955 3212 κακίαν
2973 3157 3419 3230 ἐπιδειξαμένους
3431 3161 3530 3233 τὴν
3549 3161 3739 3226 οἰκείαν,

536 3261 973 3317 benevolentiam
1001 3276 1352 3330 expromere:
1373 3267 1426 3314 et
1455 3258 1706 3313 vindicta:
1736 3258 2110 3317 terrorem,si-

533 3354 752 3426 quando
788 3353 889 3407 hac
921 3353 1115 3423 dignos
1145 3352 1442 3417 existimat,
1469 3351 1562 3421 qui
1601 3350 1936 3420 pervicacem
1972 3364 2098 3420 pec-

535 3445 693 3499 candi
727 3445 1052 3500 sententiam
1095 3445 1355 3498 retinent.

2211 3253 2443 3324 μεγίστῃ
2477 3253 2585 3306 τινὶ
2634 3252 2729 3306 καὶ
2756 3251 2964 3323 φοϐερᾷ
2996 3251 3360 3324 περιϐέϐληκε
3400 3255 3468 3325 τῇ
3501 3253 3736 3324 τιμωρίᾳ·

2205 3346 2272 3399 δι’
2302 3344 2626 3416 ἀμφοτέρων
2655 3345 2898 3408 ἅπαντας
2929 3343 3198 3398 παιδεύων
3227 3343 3569 3416 ἀνθρώπως,
3599 3343 3665 3408 ὡς
3687 3343 3740 3398 ἃν

2205 3436 2302 3490 καὶ
2332 3436 2394 3490 τὸ
2433 3436 2535 3506 τῆς
2570 3435 2797 3506 χάριτος
2826 3434 2993 3489 αὐτοῦ
3032 3435 3261 3507 μέγεθος
3308 3436 3502 3490 εἰδεῖεν
3531 3435 3664 3490 ὁπότ’
3687 3435 3740 3489 ἂν

533 3540 694 3612 ἐθέλῃ
711 3537 838 3605 περὶ
861 3537 986 3600 τοὺς
1006 3535 1323 3608 ἀνθρώπους
1349 3534 1444 3604 τὴν
1465 3533 1666 3587 οἰκείαν
1689 3528 2086 3585 ἐπιδείκνυσθαι
2108 3525 2436 3597 φιλοτιμίαν,
2485 3525 2580 3580 καὶ
2628 3526 2730 3596 τῆς
2769 3524 3040 3598 τιμωρίας
3064 3525 3155 3581 τὸν
3181 3524 3345 3597 φόϐον
3374 3527 3455 3582 ὅτ’
3486 3527 3553 3582 ἂν
3572 3525 3742 3597 ταύτης

532 3632 716 3698 ἀξίους
751 3625 889 3683 εἶναι
921 3626 1114 3702 νομίζῃ
1141 3628 1266 3690 τοὺς
1292 3626 1614 3697 ἀδιόρθωτον
1647 3626 1738 3679 ἐπὶ
1770 3623 1846 3694 τῷ
1871 3621 2082 3676 πταίειν
2109 3619 2327 3690 ἔχοντας
2351 3619 2449 3690 τὴν
2481 3616 2726 3688 γνώμην.

605 3724 736 3781 Illud
770 3725 935 3794 igitur
961 3723 1129 3778 Jonas
1156 3722 1417 3792 propheta
1469 3721 1728 3780 declarat,
1759 3719 1863 3774 hoc
1919 3715 2104 3770 Nabu-

534 3834 679 3882 mus,
706 3819 968 3873 ultionem
1001 3815 1305 3888 vaticinans
1348 3813 1696 3867 multifariam
1731 3812 1784 3866 in
1831 3825 1928 3865 eos
1953 3824 2106 3866 exse-

533 3908 783 3972 rendam,
821 3907 911 3977 qui
957 3911 1106 3958 tanta
1138 3901 1393 3972 superbia
1426 3902 1689 3956 adversus
1735 3900 2005 3956 Israelitas
2036 3913 2101 3951 ac

533 3999 910 4068 Hierosolyma
940 3997 1025 4051 usi
1067 3995 1314 4055 fuerant,
1348 4009 1558 4048 necnon
1587 4000 1778 4049 contra
1822 3992 2102 4046 universa-

531 4095 658 4156 lem,
713 4095 805 4162 qui
830 4089 1110 4145 colebatur
1159 4087 1382 4148 ibidem,
1415 4086 1602 4140 Deum.
1658 4083 1813 4140 Unde
1844 4083 2098 4137 omnibus

531 4182 748 4245 claruit,
812 4178 956 4234 haud
998 4176 1394 4248 permissurum
1450 4174 1616 4229 Deum
1651 4173 1820 4228 fuisse
1863 4163 1980 4227 haec
2017 4171 2098 4226 ls-

530 4273 739 4328 raelitis
767 4271 906 4326 mala
944 4269 1011 4323 ab
1042 4268 1284 4339 Assyriis
1311 4265 1578 4327 accidere.
1614 4266 1718 4320 nisi
1747 4266 1863 4320 haec
1894 4263 2098 4334 perpeti

530 4365 600 4419 ob
625 4378 779 4420 suam
795 4361 1122 4431 impietatem
1142 4359 1335 4428 dignos
1359 4373 1418 4412 se
1441 4357 1816 4427 priebuissent.
1845 4356 1957 4425 Age
1971 4369 2099 4410 vero

531 4463 816 4525 postquam
869 4451 1075 4506 Hebraei
1119 4451 1263 4519 passi
1298 4459 1427 4504 sunt
1457 4448 1598 4502 mala
1639 4447 1707 4502 ab
1732 4447 1974 4517 Assyriis
1999 4447 2098 4500 im-

533 4553 710 4614 pacta,
747 4545 1002 4610 illamque
1047 4541 1386 4610 pertulerunt
1420 4536 1810 4607 captivitatem,
1838 4535 1968 4590 dum
1994 4537 2097 4589 im-

532 4637 748 4706 pietatis
781 4649 893 4689 sua:
919 4647 1110 4702 pinnas
1161 4631 1491 4700 penderent;
1523 4636 1923 4698 consequenter
1956 4626 2097 4682 Deus

529 4730 597 4780 ad
649 4742 766 4790 eos,
817 4725 910 4794 qui
951 4721 1289 4778 calamitates
1332 4721 1453 4775 illas
1505 4718 1902 4781 conﬂaverant,
1957 4720 2094 4774 iram

529 4833 685 4872 suam
743 4815 1044 4879 transtulit,
1082 4812 1294 4867 consilii
1353 4812 1630 4866 vesaniam
1672 4812 1930 4880 puniens,
1987 4824 2096 4878 quo

537 4911 659 4968 ausi
692 4910 910 4963 fuerant
938 4917 1126 4962 contra
1172 4905 1338 4960 Deum
1363 4905 1591 4975 ejusque
1622 4903 1918 4957 familiares
1943 4888 2096 4956 arma

525 5018 743 5072 capere.
779 4997 1238 5070 lgiturlsraelitas
1293 4995 1534 5064 quidem,
1595 5009 1694 5048 ceu
1729 4993 1890 5062 213
1921 5009 2094 5060 preme

523 5095 792 5148 obnoxios
843 5092 916 5148 ob
954 5091 1282 5160 impietatem
1321 5097 1376 5144 et
1419 5094 1641 5156 peccata
1670 5101 1792 5149 sua,
1829 5087 1909 5140 sic
1931 5086 2091 5155 allligi

522 5185 804 5254 permisit;
870 5182 1127 5254 Assyrios
1179 5189 1360 5235 autem
1425 5179 1517 5247 qui
1575 5177 1804 5230 crimine
1869 5178 2093 5247 proprio

527 5275 767 5331 llebrzeis
801 5273 1016 5328 molesti
1035 5271 1268 5332 fuerant,
1291 5267 1600 5324 necessario
1619 5266 1829 5335 punivit
1851 5282 1915 5320 ac
1942 5269 2090 5321 ultus

521 5371 627 5422 est,
654 5369 937 5431 propterea
995 5360 1138 5430 quod
1192 5358 1357 5411 animi
1429 5355 1648 5410 vesania
1715 5370 1778 5408 ac
1832 5357 2098 5423 pravitate

522 5455 692 5517 ducti,
736 5453 791 5506 iu
830 5461 1038 5506 tantum
1071 5450 1297 5505 sceleris
1334 5455 1618 5509 venerant,
1657 5454 1714 5499 ut
1739 5454 2006 5523 quantum
2039 5449 2094 5504 in

598 5592 710 5660 (ίό)
733 5590 956 5645 Ninivcs
985 5604 1012 5660 ιι
1036 5587 1345 5660 Babyloniis
1377 5593 1658 5660 capturam
1676 5599 1734 5660 _et
1761 5588 2082 5660 oestriicti'o‘

523 5653 649 5720 nem
674 5669 857 5715 narrat
883 5653 1164 5712 Diodorus
1182 5657 1398 5710 Siculus
1416 5656 1509 5708 lib.
1537 5669 1575 5724 ll
1590 5694 1603 5716 ,
1625 5653 1716 5724 24,
1740 5662 1794 5707 et
1816 5655 1920 5716 28;
1942 5671 2076 5724 pne-

521 5737 737 5790 dixerat
767 5739 989 5786 sanctus
1016 5728 1214 5783 Tobias
1242 5741 1363 5797 cap.
1395 5740 1506 5792 xw,
1539 5723 1593 5778 6.
1635 5722 1818 5780 A‘Jtate
1853 5722 2071 5783 delirum

2283 3711 2498 3767 Ἐκεῖνα
2541 3713 2640 3784 μὲν
2671 3708 2766 3766 οὗν
2807 3713 2990 3777 Ἰωνᾶς
3013 3715 3043 3768 6
3070 3716 3357 3788 προφήτης
3403 3715 3582 3788 δηλοῖ·
3610 3721 3739 3772 cauti

2197 3805 2255 3858 δὲ
2283 3809 2312 3860 6
2341 3806 2556 3876 Ναοὺμ,
2591 3804 2690 3877 τὴν
2727 3805 2997 3877 τιμωρίαν
3024 3805 3198 3875 λέγων
3233 3808 3332 3879 τὴν
3373 3808 3630 3872 ποικίλως
3660 3810 3737 3862 αὐ-

2195 3899 2309 3960 τοῖς
2346 3895 2646 3964 ἐπάγεσθαι
2673 3895 2994 3967 μέλλουσαν,
3027 3896 3172 3968 ὑπὲρ
3201 3891 3276 3950 ὧν
3297 3897 3544 3970 τοσούτῳ
3573 3899 3740 3970 em.

2200 4007 2332 4062 ματι
2369 3989 2513 4044 κατά
2547 4007 2608 4043 τε
2641 3989 2752 4042 τῶν
2809 3989 3157 4062 Ἰσραηλιτῶν
3189 3991 3500 4064 ἐχρήσαντο
3542 3993 3630 4048 καί
3662 3994 3740 4062 τῆς

2209 4081 2586 4154 Ἰερουσαλὴμ,
2624 4081 2702 4151 (p.
2731 4082 2856 4152 525)
2882 4082 2977 4136 τοῦ
3003 4099 3064 4136 τε
3086 4084 3146 4137 ἐν
3169 4084 3304 4155 αὐτῇ
3329 4084 3740 4156 θεραπευομένου

2196 4173 2306 4226 τῶν
2347 4173 2483 4228 ὅλων
2533 4173 2667 4226 Θεοῦ
2693 4190 2705 4202 ⁸
2753 4173 2822 4227 δι’
2869 4166 2944 4228 ὧν
2991 4173 3195 4229 ἅπασιν
3224 4175 3437 4244 ἐγίνετο
3482 4177 3737 4249 δῆλον,δτι

2196 4266 2309 4320 οὔτ’
2335 4267 2402 4320 ἀν
2429 4269 2614 4321 ἐκεῖνα
2653 4267 2844 4321 παθεῖν
2884 4267 3227 4338 συνεχώρησε
3257 4271 3390 4340 παρ’
3420 4269 3601 4323 αὐτῶν
3637 4268 3740 4333 τοὺς

2209 4358 2569 4430 Ἰσραηλίτας,
2594 4361 2643 4414 εί
2671 4360 2745 4431 μὴ
2769 4357 2863 4416 τοῦ
2891 4358 3116 4413 τοιαῦτα
3140 4358 3330 4413 παθεῖν
3351 4360 3422 4414 δι’
3448 4355 3525 4415 ὧν
3552 4361 3740 4414 ὲσὲδονν

2199 4451 2354 4505 αὐτοὶ
2381 4449 2655 4522 παρέσχον
2696 4450 2925 4512 ἑαυτοὺς
2959 4448 3177 4514 ἀξίους·
3210 4450 3306 4504 καὶ
3332 4451 3529 4524 ἐπειδὴ
3574 4450 3740 4504 πεπόν-

2201 4541 2354 4595 θασιν
2398 4534 2543 4594 οὗτοι
2575 4542 2645 4596 τά
2687 4542 2817 4612 παρ’
2846 4541 3070 4594 ἐκείνων
3109 4541 3294 4605 αὐτοῖς
3319 4542 3630 4613 ἐπαχθέντα
3667 4542 3740 4593 καὶ

2195 4631 2296 4703 τὴν
2336 4631 2712 4702 αἰχμαλωσίαν
2760 4631 3280 4702 ὑπερμεμενήκασιν
3325 4633 3570 4705 ἐκείνην,
3612 4632 3739 4695 δίκας

2195 4722 2294 4793 τῆς
2316 4722 2568 4786 ἀσεϐείας
2588 4722 2821 4785 διδόντες
2851 4721 2952 4792 τῆς
2988 4721 3215 4786 οἰκείας,
3243 4722 3560 4787 ἀκολούθως
3585 4726 3612 4778 6
3635 4722 3742 4783 Θεὸς

2193 4815 2288 4867 ἐπὶ
2338 4815 2466 4878 τοὺς
2507 4813 2732 4867 τοιαῦτα
2773 4813 3143 4883 πεποιηκότας
3189 4813 3423 4884 μετάγει
3474 4815 3572 4887 τὴν
3601 4813 3742 4885 δρτίψ

2194 4905 2602 4977 τιμωρούμενος
2653 4905 2885 4968 αὐτοὺς,
2920 4904 3062 4974 ὑπὲρ
3105 4896 3182 4957 ὧν
3223 4905 3506 4979 μοχθηρίᾳ
3547 4905 3743 4975 γνώμης

2191 4998 2520 5068 πεποιήκασί
2561 5014 2622 5050 τε
2653 4997 2749 5050 καὶ
2793 4994 3158 5066 τετολμήκασι
3197 4996 3340 5050 κατά
3383 5012 3450 5048 τε
3486 4995 3581 5048 τοῦ
3627 4991 3741 5047 Θεσῦ

2191 5090 2284 5148 καὶ
2324 5089 2434 5142 τῶν
2465 5087 2618 5159 αὐτῷ
2641 5086 3056 5158 προσηκόντων·
3099 5087 3227 5148 τοὺς
3265 5088 3364 5158 μὲν
3393 5087 3512 5158 γὰρ
3554 5087 3744 5156 ἰαραηι

2188 5182 2340 5245 λίτας
2385 5182 2462 5245 ὡς
2492 5180 2676 5247 ἀξίους
2722 5178 2979 5233 τοιούτων
3028 5178 3169 5249 ὑπὲρ
3196 5171 3272 5231 ὧν
3320 5177 3552 5232 ἐσέϐουν
3580 5194 3636 5230 τε
3667 5175 3744 5228 καί

2189 5273 2502 5343 ἡμάρτανον
2523 5272 2610 5325 εἴα
2636 5269 2853 5330 παθεῖν,
2883 5269 3011 5332 τοὺς
3037 5268 3094 5322 δὲ
3114 5269 3178 5321 ὲκ
3200 5267 3300 5338 τῆς
3327 5269 3542 5332 οἰκείας
3564 5268 3744 5338 μοχθη-

2185 5363 2308 5434 ρίας
2341 5362 2565 5417 τοιαῦτα
2607 5361 2728 5415 κατ’
2771 5359 2950 5415 αὐτῶν
2994 5360 3394 5430 πεποιηκότας,
3448 5359 3742 5429 ἀναγκαίως

2185 5452 2361 5523 ὑπῆγε
2410 5454 2478 5523 τῇ
2519 5451 2789 5522 τιμωρία,
2823 5448 2980 5512 δίκας
3023 5448 3222 5512 αὐτοὺς
3270 5449 3742 5521 εἰσπραττόμενος,

2185 5601 2368 5645 nostra
2382 5604 2634 5644 enormes
2657 5587 2804 5643 illius
2830 5586 3005 5642 ruina:
3024 5600 3086 5641 ac
3111 5590 3470 5642 monumenta
3491 5585 3742 5645 eﬂodiun-

2181 5670 2270 5716 tur
2299 5661 2576 5717 Gallorum
2601 5659 2908 5729 sumptibus
2935 5666 2991 5714 et
3024 5656 3311 5712 industria.
3601 5667 3609 5675 '
3743 5660 3751 5670 '
