3934 6516
204 430 287 481 δυ]
1179 408 1723 465 COMMENTARIUS
1761 407 1824 462 IN
1865 406 2137 462 NAIIUMI
2173 406 2325 461 CAP.
2370 410 2410 461 I.

3286 406 3391 459 είοὶ

204 541 322 610 ὑπὲρ
348 531 416 591 ὧν
441 534 667 605 ἀπονοίᾳ
694 550 755 586 τε
788 532 882 586 καὶ
916 532 1187 604 μοχθηρίᾳ
1221 530 1446 601 γνώμης
1480 528 1723 599 ἑλόμενοι

1836 526 1961 595 ipsis
1979 531 2097 579 erat
2123 525 2321 579 bellum
2355 522 2464 577 Deo
2503 524 2816 580 iudixcrint.
2845 522 2964 576 .Iam
2991 520 3153 577 siculi
3187 520 3392 574 Abdias

203 632 319 703 πρὸς
342 624 582 680 τοσοῦτον
605 622 896 690 ἐξώκειλαν
925 622 1198 685 ἀσεὸείας,
1230 621 1369 674 ὥστε
1395 622 1489 674 καὶ
1518 620 1609 672 ἐπὶ
1638 617 1726 671 τὸν

199 723 312 779 Θεὸν
336 716 559 789 ἄρασθαι
594 716 829 785 πόλεμον
865 716 927 769 τό
948 733 1013 784 γε
1038 717 1124 768 ἐπ’
1155 715 1337 777 αὐτοῖς
1362 730 1375 744 ⁸
1404 712 1591 783 ὥσπερ
1619 712 1727 782 γὰρ

200 819 225 869 ὁ
262 807 448 865 ’Δόδιοῦ
470 807 568 879 τὴν
596 807 738 860 κατὰ
768 806 876 859 τῶν
919 805 1235 876 Ἰδουμαίων
1254 805 1401 873 λέγει
1428 803 1725 874 τιμωρίαν,

199 908 256 978 ἦν
278 900 550 971 ὑπομένειν
578 898 811 970 ἤμελλον
840 898 1067 969 ὕστερον
1116 898 1252 968 μετὰ
1278 898 1378 969 τὴν
1420 896 1528 950 άπὸ
1556 895 1728 948 Βαϐυ-

196 997 342 1057 λῶνος
368 991 619 1045 ἐπάνοδον
646 990 740 1044 τοῦ
770 990 922 1053 λαοῦ,
946 990 1087 1061 ὑπὲρ
1101 986 1175 1044 ὧν
1191 988 1727 1059 πεπλημμελήκεσαν

192 1085 265 1144 εις
306 1078 395 1148 τὴν
440 1078 793 1148 Ἰερουσαλὴμ
837 1078 916 1140 εἷς
958 1095 1016 1131 τε
1061 1079 1184 1141 τοὺς
1222 1078 1505 1141 οἰκοῦντας
1558 1076 1728 1145 αὐτὴν

196 1170 320 1227 κατὰ
342 1170 427 1221 τὸν
471 1169 660 1238 καιρὸν
687 1169 916 1231 ἐκεῖνον,
962 1169 1122 1239 δῆλον
1161 1172 1227 1240 τῇ
1283 1168 1511 1240 μηνύσει
1564 1168 1730 1223 ποιῶν

192 1262 266 1316 ὅτι
309 1259 442 1314 κατὰ
472 1259 697 1329 γνώμην
744 1258 879 1311 Θεοῦ
911 1259 979 1313 τά
1028 1261 1156 1330 περὶ
1201 1260 1398 1322 αὐτοὺς
1442 1260 1731 1330 γενήσεται

195 1349 318 1412 τότε,
349 1345 517 1408 οὕτως
542 1347 570 1399 ὁ
608 1347 873 1417 μακάριος
907 1348 1102 1418 Ναοὺμ
1144 1350 1235 1402 ἐπὶ
1262 1349 1364 1416 τῆς
1390 1348 1571 1418 βίϐλου
1604 1350 1733 1403 ταύ-

193 1456 279 1507 της
314 1437 404 1507 τὴν
449 1437 903 1508 ἐπαχθησομένην
941 1442 1053 1501 τοίς
1099 1440 1401 1511 ’Λσσυρίοις
1450 1443 1599 1511 παρὰ
1638 1441 1732 1495 τοῦ

194 1528 309 1583 Θεοῦ
351 1528 615 1600 τιμωρίαν
664 1530 862 1600 φησιν,
904 1531 977 1599 (p.
1019 1531 1145 1599 5‘26)
1179 1532 1355 1601 ἤνπερ
1391 1528 1483 1586 οὖν
1528 1535 1619 1589 καὶ
1646 1534 1735 1587 διὰ

194 1618 525 1673 Βαϐυλωνίων
573 1620 872 1690 ὑπέμειναν
913 1620 1137 1691 ὕστερον
1162 1639 1177 1653 σ
1224 1622 1399 1691 δηλῶν
1432 1623 1527 1676 καὶ¹
1573 1625 1735 1689 αὐτὸς

191 1714 261 1764 ὃτι
294 1709 425 1763 κατὰ
456 1708 681 1782 γνώμην
708 1711 844 1765 Θεοῦ
884 1714 977 1766 καί
1005 1712 1196 1768 παθεῖν
1230 1714 1402 1768 ταῦτα
1433 1716 1484 1767 οἱ
1526 1717 1735 1786 Ἰσραη-

1826 618 2072 673 ldumzets
2108 616 2258 671 canit
2298 616 2656 685 punitionem.
2711 627 2874 684 quam
2933 611 3129 667 deinde
3165 610 3386 680 passuri

1824 718 2001 773 erant,
2024 718 2145 778 post
2176 708 2385 762 Hebraei
2431 707 2609 776 populi
2638 706 2909 777 Babylone
2935 705 3194 766 reditum,
3226 701 3296 755 ob
3326 716 3392 754 ea

1823 818 1947 872 quae
1972 801 2231 856 adversus
2266 799 2634 870 Hierosolyma
2662 814 2959 867 eorumque
2990 798 3198 851 incolas
3233 802 3392 848 antea

1826 894 2197 961 deliquerant;
2222 890 2535 961 signiﬁcans
2562 891 2786 945 omnino
2815 889 2950 951 fore,
2994 898 3046 941 ιιι
3081 888 3195 941 haec
3239 901 3268 938 a
3302 884 3391 938 Dei

1826 988 2105 1040 voluntate
2134 986 2241 1039 illis
2267 984 2550 1039 eveniant:
2579 983 2651 1035 ita
2688 983 2880 1037 beatus
2908 982 3010 1035 hoc
3039 981 3177 1034 libro
3208 978 3394 1031 Nabu-

1830 1096 1951 1133 mus
1991 1086 2411 1148 superventuras
2458 1077 2697 1147 Assyriis
2736 1090 2765 1128 a
2797 1074 2903 1129 Deo
2937 1088 3127 1143 plenas
3181 1072 3371 1125 recitat

1829 1187 1967 1241 quas
1992 1185 2183 1238 reapse
2213 1184 2243 1221 a
2271 1168 2581 1239 Babyloniis
2600 1167 2837 1236 perpessi
2861 1174 2989 1220 sunt
3026 1174 3209 1233 postea
3236 1179 3250 1215 :
3280 1162 3395 1231 ipse

1830 1262 2033 1331 pariter
2051 1260 2366 1322 ostendens,
2418 1258 2873 1329 quemadmodum
2907 1255 2998 1308 Dei
3034 1263 3167 1308 nutu
3196 1262 3249 1307 et
3282 1253 3399 1307 haec

1826 1352 2146 1419 contingere
2191 1348 2448 1404 lsraelitis
2483 1348 2808 1417 permissum
2842 1346 3037 1412 fuerit;
3083 1351 3137 1398 et
3168 1342 3273 1411 ipsi
3295 1340 3395 1394 de-

1831 1459 1979 1496 mum
2007 1439 2213 1511 Assyrii
2244 1440 2449 1495 scelera
2471 1454 2569 1494 sua
2601 1448 2843 1508 tempore
2875 1437 3070 1491 idoneo
3112 1431 3397 1502 suppliciis

1830 1535 2093 1604 expiaturi
2120 1542 2324 1589 essent.
2360 1531 2424 1586 Et
2441 1531 2564 1585 libri
2591 1530 2811 1600 quidem
2837 1536 3212 1599 argumentum
3234 1525 3386 1593 ejus-

1826 1627 1975 1681 modi
2004 1633 2108 1682 est.
2142 1624 2296 1679 Nunc
2330 1625 2398 1678 ad
2431 1624 2641 1693 singula
2685 1620 3021 1692 explananda
3076 1616 3396 1672 incumbenv

1832 1720 1960 1772 dum
1988 1728 2095 1772 est.

188 1806 312 1858 λῖται
349 1803 437 1865 διὰ
479 1805 578 1876 τὴν
618 1805 824 1861 οἰκείαν
869 1809 1325 1880 συνεχωρήθησαν
1362 1810 1643 1864 ἀσέϐειανα
1676 1813 1770 1866 καὶ
1811 1812 2083 1882 ’Λσσύριοί
2124 1828 2189 1879 γε
2220 1812 2317 1880 τῆς
2360 1809 2613 1872 ἀπονοίας
2654 1810 2751 1876 τῆς
2794 1806 2999 1862 ἑαυτῶν
3038 1804 3178 1857 κατὰ
3213 1800 3399 1872 καιρίιν

184 1896 424 1965 ἀνάλογον
462 1893 544 1960 οἷς
570 1899 1107 1971 πεπλημμελήκεσαν
1145 1901 1376 1956 δώσουσι
1415 1904 1593 1977 δίκην.
1620 1906 1701 1960 Τὰ
1734 1906 1831 1976 μὲν
1867 1906 1930 1977 δὴ
1964 1906 2060 1975 τῆς
2108 1904 2415 1967 ὑποθέσεως
2448 1901 2540 1955 τοῦ
2577 1900 2781 1971 βιϐλίου
2829 1897 3001 1952 ταῦτα
3027 1913 3039 1925 ’
3072 1891 3400 1964 προσεκτέον

185 1989 238 2043 is
255 1992 356 2053 τοῖς
383 1990 528 2044 κατὰ
559 1993 725 2062 μέρος
747 1992 950 2047 λοιπόν.

827 2083 983 2136 ΚΕΦ.
1014 2084 1093 2138 A'.

250 2169 383 2242 Στίχ.
414 2176 492 2227 α’.
540 2201 602 2213 --
650 2190 669 2223 ι
720 2173 930 2243 Λῆμμα
976 2173 1209 2247 Νινευὴ,
1248 2175 1449 2245 βιϐλίον
1492 2178 1735 2249 ὁράσεως

188 2258 361 2329 Ναοῦμ
390 2259 490 2313 τοῦ
537 2262 866 2316 Ἐλκεσαίου.
911 2283 930 2317 ι
957 2264 1128 2318 Τοῦτο
1172 2265 1271 2335 μὲν
1314 2262 1407 2320 οὖν
1445 2268 1479 2337 ἡ
1512 2265 1736 2320 εἰωθυῖα

185 2351 443 2420 ἐπιγραφὴ
484 2352 594 2406 τῶν
618 2354 973 2424 προφητικῶν
999 2373 1012 2387 ·
1041 2356 1133 2410 τοῦ
1164 2357 1449 2427 λήμματος
1474 2358 1531 2411 δὲ
1556 2376 1734 2429 σαφη-

184 2441 312 2493 νίσαι
337 2445 603 2513 προσήκει
621 2445 720 2514 τὴν
732 2444 969 2499 διάνοιαν
990 2464 1004 2479 ·
1024 2447 1083 2501 ἐν
1101 2448 1199 2517 μὲν
1223 2452 1331 2519 γὰρ
1350 2444 1418 2519 ἦν
1436 2449 1497 2501 τὸ
1514 2450 1735 2518 Πνεῦμα

184 2529 238 2581 τὸ
267 2530 432 2598 ἆγιον,
458 2532 495 2583 δ
521 2535 634 2595 τοῖς
654 2534 760 2587 τῶν
785 2534 1041 2590 τοιούτων
1064 2537 1385 2608 ἠξιωμένοις
1412 2539 1509 2610 τὴν
1532 2540 1737 2594 οἰκείαν

185 2623 457 2692 παρείχετο
502 2625 661 2695 χάριν
682 2641 693 2655 ·
722 2626 906 2690 καθὼς
937 2629 968 2680 ὁ
1000 2630 1269 2699 μακάριος
1295 2629 1505 2694 Παῦλος
1535 2647 1699 2700 φησιν
1720 2648 1735 2664 ·

187 2728 207 2761 ι
245 2713 495 2781 Ἔχοντες
538 2713 593 2766 δέ
630 2715 763 2767 αὐτὸ
795 2714 1014 2787 Πνεῦμα
1059 2717 1157 2787 τῆς
1205 2717 1440 2781 πίστεως
1492 2720 1633 2773 κατὰ
1675 2717 1738 2769 τὸ

180 2805 587 2874 γεγραμμένον*
642 2806 997 2870 Ἐπίστευσα,
1042 2808 1124 2861 διὸ
1174 2808 1270 2861 καὶ
1319 2808 1587 2879 ἐλάλησα·
1643 2809 1738 2862 καὶ

181 2894 325 2962 ἡμεῖς
361 2897 715 2967 πιστεύομεν.
756 2899 835 2952 διὸ
877 2900 971 2953 καὶ
1012 2900 1311 2970 λαλοῦμεν·
1363 2919 1382 2953 ι
1415 2901 1629 2964 δεικνὺς
1656 2901 1737 2954 ὅτι

180 2986 268 3055 τῆς
293 2986 457 3056 αὐτῆς
485 2987 586 3039 τοῦ
602 2988 759 3056 ἁγίου
791 2989 1112 3060 Πνεύματος
1144 2991 1367 3061 χάριτος
1396 2992 1533 3044 οἵτε
1568 2993 1736 3046 πάλαι

185 3081 433 3148 μετεῖχον,
463 3083 561 3135 καὶ
586 3084 637 3135 οἰ
667 3082 745 3153 τῷ
775 3084 874 3153 τῆς
895 3085 1105 3155 Καινῆς
1127 3086 1401 3158 Διαθήκης
1432 3088 1737 3158 ύπερητού-

184 3183 315 3233 μενοι
339 3172 631 3243 μυστηρίῳ
647 3189 662 3204 ο
684 3171 929 3245 διάφοροι
949 3176 1007 3229 δέ
1037 3177 1175 3247 πρὸς
1198 3178 1260 3232 τὸ
1292 3182 1616 3248 κατεπεῖγον
1638 3181 1737 3252 τῆς

181 3260 353 3328 χρείας
374 3264 731 3319 ἐπετελοῦντο
759 3269 813 3320 αί
839 3267 1134 3340 ἐνέργειαι·
1161 3288 1181 3321 ι
1221 3272 1527 3343 Διαιρέσεις
1556 3274 1685 3344 γὰρ,
1711 3293 1730 3326 ι

179 3355 316 3421 φησί,
351 3374 371 3407 ι
401 3358 763 3428 χαρισμάτων
790 3361 926 3424 εἰσί,
956 3361 1016 3414 τὸ
1037 3362 1092 3415 δέ
1121 3363 1252 3416 αὐτὸ
1282 3364 1532 3435 Πνεῦμα.
1570 3385 1589 3418 ι
1617 3368 1738 3422 Διά-

2499 2080 2651 2133 CAP.
2696 2078 2732 2131 Ι.

1905 2172 2069 2228 Vens.
2124 2174 2174 2226 l.
2234 2203 2300 2212 -—
2349 2190 2366 2222 ι
2426 2171 2681 2233 Lemma,
2748 2170 3088 2240 assumptio,
3140 2167 3399 2233 Ninives.

1835 2266 1973 2322 liber
2006 2266 2231 2320 visionis
2270 2264 2499 2317 Nahumi
2540 2262 2783 2317 Elcesaei.
2822 2282 2845 2315 ι
2887 2262 2984 2317 Hic
3016 2262 3235 2330 quidem
3270 2276 3401 2316 con-

1835 2366 2024 2413 suetus
2068 2357 2332 2411 libroruin
2373 2356 2815 2424 propheticorum
2838 2356 3031 2409 titulus
3055 2362 3139 2409 est
3175 2374 3189 2409 :
3237 2368 3400 2409 voca-

1835 2447 1951 2501 buli
2000 2458 2181 2501 tamen
2240 2454 2428 2501 lemma
2471 2446 2743 2500 notionem
2798 2447 3118 2509 enucleare,
3167 2447 3401 2515 pretium

1835 2556 2015 2610 opera:
2043 2542 2164 2595 erit.
2192 2540 2343 2595 Unus
2374 2550 2489 2593 erat
2511 2548 2735 2593 sanctus
2788 2537 3041 2607 Spiritus.
3083 2540 3175 2607 qni
3205 2538 3400 2591 horum

1836 2647 2121 2686 munerum
2156 2630 2336 2700 dignis
2366 2646 2518 2684 suam
2565 2631 2793 2701 gratiam
2821 2630 3224 2700 suppeditabat,
3262 2638 3402 2683 teste

1836 2722 1996 2776 beato
2028 2720 2228 2775 Paulo:
2273 2740 2290 2771 ι
2330 2720 2598 2775 Habentes
2631 2728 2810 2774 autem
2839 2721 3088 2774 eumdem
3135 2719 3399 2789 Spiritum

1836 2812 1987 2878 ﬁdei,
2019 2812 2178 2867 sicuti
2214 2814 2477 2882 scriptum
2509 2819 2592 2865 est
2625 2829 2637 2865 :
2671 2810 2910 2874 Credidi,
2945 2819 3227 2880 prOpterea
3254 2811 3403 2864 locu-

1837 2914 1925 2959 tus
1976 2920 2126 2967 sunt;
2188 2912 2242 2957 et
2304 2919 2405 2957 nos
2458 2904 2583 2972 quia
2626 2901 2920 2964 credimus,
2976 2901 3179 2955 idcirco
3227 2902 3405 2971 loqui-

1837 3011 1961 3048 mur
1992 2998 2032 3047 ’.
2089 3016 2107 3047 ›
2151 2994 2361 3060 Quibus
2398 2994 2581 3049 verbis
2636 2993 2928 3064 signiticet,
2981 2994 3169 3047 eadem
3226 2994 3401 3047 sancti

1840 3086 2075 3155 Spiritus
2105 3087 2279 3155 gratia
2304 3096 2416 3140 tum
2456 3095 2671 3141 veteres
2698 3086 2820 3139 illos
2843 3085 3062 3154 potitos,
3099 3095 3211 3137 tum
3239 3085 3400 3137 etiam

1837 3179 2169 3232 recentiores
2203 3178 2296 3246 qui
2338 3176 2475 3231 Novi
2524 3175 2852 3230 Testamenli
2885 3174 3143 3246 mysterio
3182 3188 3401 3243 cperam

1837 3284 1991 3325 suam
2016 3271 2350 3324 locaverunt.
2390 3268 2627 3323 Diversae
2652 3282 2779 3321 vero
2811 3282 2909 3336 pro
2941 3266 3199 3325 inSIantia
3221 3267 3404 3335 operis

1840 3364 2237 3431 praestabantur
2268 3362 2552 3417 facultates
2588 3379 2601 3415 :
2636 3378 2654 3412 ι
2702 3359 3009 3415 Divisiones
3036 3357 3204 3430 214
3234 3361 3401 3421 enim,

180 3459 305 3512 φορα
334 3446 435 3515 μὲν
463 3444 610 3501 εἶναι
639 3449 707 3503 τὰ
736 3449 988 3521 διδόμενα
1016 3451 1211 3521 λέγων,
1242 3454 1299 3509 ἓν
1326 3456 1383 3509 δὲ
1411 3430 1473 3509 τὸ
1498 3458 1734 3527 παρέχον

1840 3430 2042 3522 inquit,
2086 3455 2384 3524 gratiarum
2436 3460 2585 3517 sunt,
2616 3450 2758 3505 idem
2790 3462 2968 3505 tamen
3015 3449 3252 3520 Spiritus
3281 3450 3321 3503 ³.
3379 3470 3398 3500 ι

180 3534 379 3590 ἅπαντα
408 3538 664 3609 Πνεῦμα.
709 3540 892 3595 Εἰπὼν
921 3541 1052 3609 γοῦν
1078 3545 1172 3597 καὶ
1198 3544 1293 3597 τὸν
1324 3545 1434 3600 τῶν
1466 3548 1737 3618 χαρισμά-

176 3640 273 3679 των
314 3630 654 3698 κατάλογον,
691 3651 710 3684 ι
752 3627 823 3704 Ὦ
866 3635 965 3703 μὲν
1004 3636 1115 3707 γάρ
1154 3637 1243 3692 διὰ
1274 3637 1368 3692 τοῦ
1422 3638 1737 3711 Πνεύματος

172 3714 358 3774 δίδοται
385 3721 549 3791 λόγος
597 3724 786 3792 σοφίας
808 3764 823 3788 ,
852 3726 995 3797 ἄλλῳ
1026 3727 1081 3780 δὲ
1124 3728 1280 3796 λόγος
1309 3728 1566 3797 γνώσεως
1593 3731 1737 3785 κατὰ

173 3812 231 3864 τὸ
255 3816 384 3868 αὐτὸ
411 3816 647 3888 Πνεῦμα
670 3860 685 3885 ,
727 3838 747 3871 ι
791 3822 884 3877 καὶ
916 3821 984 3873 τὰ
1009 3821 1138 3891 ἑξῆς
1204 3822 1223 3893 (
1248 3838 1300 3892 p.
1342 3823 1468 3889 527)
1503 3824 1734 3892 ἐπάγει·

176 3924 195 3953 ι
232 3906 408 3961 Ταῦτα
451 3909 514 3963 δὲ
561 3911 743 3966 πάντα
768 3912 982 3983 ἐνεργεῖ
1026 3912 1090 3965 τὸ
1120 3912 1178 3965 ἓν
1213 3914 1307 3966 καὶ
1353 3915 1485 3967 αὐτὸ
1512 3915 1738 3984 Πνεῦμα

170 3993 399 4069 διαιροῦν
430 4000 543 4072 ἰδίᾳ
585 4002 801 4073 ἑκάστῳ
838 4003 1022 4067 καθὼς
1058 4003 1326 4074 βούλεται·
1357 4022 1376 4054 ι
1415 4004 1625 4068 δεικνὺς
1656 4007 1737 4058 ὅτι

171 4088 255 4150 ὑφ’
292 4092 416 4154 ἐνὸς
459 4092 559 4146 τοῦ
602 4092 758 4159 ἁγίου
807 4093 1125 4164 Πνεύματος
1159 4092 1376 4146 ἅπαντα
1421 4095 1735 4164 ἐνηργεῖτο’

169 4180 490 4252 πολύτροποι
521 4183 582 4236 δὲ
606 4185 696 4237 καὶ
726 4185 865 4237 κατὰ
893 4185 993 4254 τὴν
1016 4184 1204 4255 χρείαν
1235 4185 1532 4253 ἐνεγίνοντο
1555 4186 1738 4250 αὐτοῖς

168 4270 450 4339 ἐνέργειαι,
506 4273 635 4327 καθ’
684 4272 752 4335 ἃς
787 4274 886 4344 τὴν
930 4272 1273 4340 ἀποκάλυψιν
1334 4272 1577 4342 ἐδέχοντο
1626 4272 1737 4327 τῶν

162 4361 495 4431 ἀναγκαίων.
578 4365 861 4418 Ἐκστάσει
911 4364 1010 4435 μὲν
1058 4360 1151 4417 οὖν
1190 4364 1426 4426 ἅπαντες
1474 4362 1549 4425 ὡς
1591 4362 1737 4427 εἰκὸς

163 4452 264 4507 τῶν
303 4456 771 4528 άπορῤητοτέρων
824 4455 1068 4526 ἐδέχοντο
1111 4454 1209 4527 τὴν
1238 4455 1463 4523 γνῶσιν,
1509 4454 1739 4525 ἐπείπερ

160 4546 280 4615 ἐνῆν
313 4548 522 4613 αὐτοὺς
564 4551 687 4612 ταῖς
730 4550 962 4611 ἐννοίαις
1016 4548 1204 4621 πόρρω
1234 4564 1337 4601 που
1390 4548 1490 4619 τῆς
1533 4548 1741 4618 παρού-

164 4650 259 4705 σης
288 4639 688 4703 καταστάσεως
717 4639 1031 4708 γεγονότας,
1061 4639 1202 4693 οὕτω
1228 4638 1519 4711 δυνηθῆναι
1540 4643 1607 4710 τῇ
1628 4639 1739 4693 τῶν

1837 3544 2063 3600 Diversa
2110 3545 2252 3598 dona
2291 3545 2386 3607 ait,
2444 3558 2611 3597 unum
2656 3542 3032 3605 nihilominus,
3068 3542 3159 3610 qui
3220 3544 3404 3595 omnia

1840 3638 2169 3706 suppeditat,
2220 3634 2505 3704 Spiritum.
2538 3633 2648 3687 lmo
2687 3640 2741 3688 et
2768 3634 3064 3703 gratiarum
3095 3634 3402 3703 catalogum

1838 3723 2065 3776 recitat:
2120 3742 2138 3773 ι
2178 3721 2284 3777 Alii
2332 3721 2547 3791 quidem
2590 3737 2686 3791 per
2729 3721 2989 3791 Spiritum
3029 3722 3190 3777 datur
3223 3738 3407 3779 sermo

1837 3817 2135 3885 sapientiae.
2183 3817 2272 3870 alii
2294 3831 2473 3871 sermo
2495 3816 2740 3871 scicntia:
2772 3817 2927 3885 juxta
2951 3815 3200 3870 eumdem
3238 3818 3403 3885 Spiri«

1839 3918 1953 3962 tnut
1987 3909 2026 3961 ⁸.
2066 3928 2083 3960 ι
2112 3908 2249 3961 Τυιιι
2278 3911 2484 3978 reliqua
2510 3909 2693 3963 subdit
2734 3927 2747 3963 :
2786 3928 2803 3960 ι
2851 3908 2975 3963 llaec
3005 3917 3186 3963 autem
3217 3911 3401 3962 omnia

1838 4008 2094 4069 operatur
2141 4015 2280 4054 unus
2315 4007 2369 4053 et
2421 4000 2562 4053 idem
2587 3998 2825 4068 Spiritus
2865 4000 3116 4055 dividens
3152 4016 3401 4055 seorsum

1840 4091 2067 4159 singulis
2102 4097 2260 4158 prout
2291 4090 2406 4143 vult
2433 4090 2475 4141 ⁸.
2519 4108 2540 4141 ι
2568 4089 2761 4144 Omnia
2803 4090 3011 4144 scilicet
3039 4093 3109 4144 ab
3143 4106 3251 4144 uno
3282 4091 3406 4160 Spi-

1840 4183 1946 4235 ritu
1981 4181 2094 4236 lieri
2148 4181 2471 4245 conﬁrmat;
2514 4193 2771 4237 caeterum
2830 4184 3026 4248 varias,
3100 4192 3260 4252 prout
3313 4200 3402 4239 res

1840 4276 2094 4344 postulat,
2120 4274 2405 4330 facultates
2425 4274 2563 4339 dari,
2582 4289 2813 4345 quarum
2840 4290 2941 4343 ope
2954 4274 3399 4345 gravissimarum

1839 4382 2019 4422 rerum
2051 4367 2297 4422 notitiam
2322 4366 2664 4438 excipiebant
2686 4366 2979 4437 prophetat.
3001 4366 3184 4436 Itaque
3199 4368 3401 4422 exstasi

1838 4460 2058 4530 quidem
2079 4475 2289 4524 omnes,
2311 4466 2370 4515 ut
2398 4458 2657 4515 credibile
2684 4467 2787 4525 est,
2814 4460 2881 4513 ad
2910 4460 3287 4515 sublimiorum
3311 4476 3402 4515 re-

1840 4568 1960 4606 rum
1989 4553 2358 4623 cognitionem
2388 4550 2867 4621 comparabantur.
2916 4550 3211 4621 Oportebat
3256 4552 3402 4606 enim

1838 4659 2027 4699 eorum
2056 4652 2265 4699 mentes
2297 4642 2600 4712 aprmsenti
2632 4650 2827 4696 natura
2862 4642 3051 4712 procul
3082 4644 3294 4707 abesse,
3342 4651 3402 4695 ut

158 4723 530 4812 δεικνυμένων
567 4728 769 4800 θεωρίᾳ
798 4729 1153 4800 προσανέχειν
1178 4730 1343 4801 μόνῃ’
1370 4732 1418 4783 εἰ
1452 4732 1559 4803 γὰρ
1588 4731 1734 4801 ἡμᾶς

1844 4734 1938 4788 ιιιιί
1987 4740 2210 4804 possent
2264 4732 2628 4788 revelatarum
2697 4745 2880 4785 rerum
2954 4730 3399 4799 contemplationi

158 4811 251 4883 οὐχ
272 4808 386 4866 οἷόν
415 4832 483 4868 τε
524 4816 731 4887 ἀκριῦἧ
770 4818 919 4888 παρὰ
950 4816 1059 4869 τῶν
1090 4818 1455 4871 παιδευόντων
1485 4818 1735 4889 δέχεσθαι

156 4905 249 4975 τὴν
283 4908 572 4979 μάθησιν,
605 4910 656 4962 εἰ
703 4909 778 4981 μὴ
816 4911 1035 4964 πάντων
1063 4911 1286 4974 ἐαυτοὺς
1319 4910 1738 4973 ἀποσπάσαντες

158 4999 250 5051 σῦν
283 5000 562 5073 ἀκριϐείᾳ⁵
588 5000 757 5070 πολλῇ
809 5001 1172 5072 προσέχοιμεν
1196 5004 1309 5063 τοίς
1338 5001 1671 5072 λεγομένοις,
1700 5001 1735 5071 ἦ

151 5090 249 5143 πού
272 5108 337 5159 γε
358 5092 467 5156 τὰς
491 5092 641 5145 οὕτω
665 5092 900 5163 φοϐεράς
920 5109 981 5146 τε
1010 5094 1103 5146 καὶ
1127 5092 1474 5163 ἀπορρήτους
1503 5090 1737 5162 θεωρίας

148 5180 371 5237 δυνατὸν
395 5182 472 5255 ἦν
502 5185 693 5248 αὐτοῖς
727 5184 1103 5256 ὑποδέχεσθαι,
1141 5186 1215 5256 μὴ
1244 5186 1322 5255 τῷ
1341 5185 1585 5255 λογισμῷ
1611 5184 1740 5255 πρό-

151 5290 296 5344 τερον
329 5277 482 5329 κατὰ
517 5275 616 5329 τὸν
640 5277 739 5345 τῆς
765 5275 996 5347 θεωρίας
1018 5277 1206 5347 καιρὸν
1235 5275 1605 5346 ἐξισταμένοις
1631 5275 1739 5329 τῶν

151 5368 473 5436 παρόντωνς
504 5367 669 5421 Οὕτω
700 5367 791 5421 τὸν
833 5369 1103 5439 μακάριον
1132 5368 1279 5436 λέγει
1310 5368 1515 5437 Πέτρον
1548 5370 1606 5418 ἐν
1645 5368 1739 5420 ἐκ·

150 5456 331 5511 στάσει
379 5456 661 5527 γεγονότα
696 5458 796 5530 τὴν
844 5458 1051 5511 σινδόνα
1099 5458 1227 5510 ἰδεῖν
1255 5459 1320 5511 ἐκ
1360 5456 1455 5509 τοῦ
1502 5457 1732 5527 ούρανοῦ

148 5550 646 5621 καταφερομένην*
672 5549 861 5621 ἐπειδὴ
889 5552 923 5620 ή
948 5550 1042 5603 τοῦ
1070 5549 1384 5620 Πνεύματος
1408 5549 1565 5619 χάρις
1598 5548 1731 5618 πρό-

143 5657 292 5714 τερον
324 5641 507 5698 αὐτοῦ
564 5641 661 5711 τὴν
693 5640 929 5695 διάνοιαν
965 5642 1257 5695 ἁποσπᾶσα
1288 5639 1396 5694 τῶν
1428 5639 1728 5709 παρόντων,

1837 4840 2051 4881 vacare.
2082 4824 2218 4879 Nam
2246 4824 2293 4879 si
2314 4823 2431 4887 ﬁeri
2459 4823 2669 4892 nequit,
2694 4832 2754 4877 ut
2784 4837 2887 4877 nos
2921 4831 3174 4877 accurate
3207 4840 3236 4876 a
3264 4838 3402 4892 prae-

1836 4917 2147 4987 ceptoribus
2179 4916 2493 4972 imbuamur
2530 4914 2776 4971 doctrina
2824 4916 3025 4983 aliqua,
3055 4914 3159 4969 nisi
3199 4915 3407 4969 animis

1838 5007 1908 5059 ab
1931 5006 2079 5061 omni
2109 5006 2431 5075 evagatinne
2462 5004 2735 5069 cohibitis,
2771 5004 2959 5059 sedulo
2981 5005 3143 5058 dictis
3168 5016 3399 5059 mentem

1838 5092 2186 5148 intendamus
2220 5111 2235 5148 :
2268 5108 2395 5146 num
2456 5093 2733 5162 propheta:
2765 5092 3031 5148 terriﬁcas
3078 5092 3214 5147 adeo
3237 5102 3401 5161 atque

1838 5185 2234 5241 inenarrabiles
2269 5185 2509 5239 visiones
2577 5186 2856 5254 percipere
2888 5186 3217 5254 potuissent,
3293 5186 3405 5239 nisi

1836 5288 2070 5331 tuentem
2101 5284 2281 5341 antea,
2317 5291 2509 5345 nempe
2540 5276 2642 5330 sub
2680 5276 2855 5345 ipsum
2900 5276 3123 5331 visionis
3162 5286 3398 5346 tempus,

1833 5368 2191 5425 abalienatam
2258 5367 2491 5421 terrenis
2534 5368 2886 5423 habuissent?
2917 5368 3008 5421 Sic
3038 5367 3255 5422 beatum
3299 5366 3400 5422 Pe—

1833 5467 1974 5512 trum
2006 5457 2288 5528 Scriptura
2327 5458 2463 5512 dicit
2488 5458 2541 5511 in
2570 5459 2771 5513 exstasi
2798 5460 3031 5528 positum
3063 5458 3264 5513 vidisse
3280 5459 3400 5512 sin-

1827 5550 2023 5605 doncm
2072 5549 2139 5603 de
2183 5550 2323 5603 cosio
2382 5548 2694 5605 demissam.
2755 5549 2991 5620 Spiritus
3029 5555 3173 5613 enim
3226 5551 3397 5622 gratia

1838 5651 2071 5718 mentem
2114 5640 2231 5709 ejus
2280 5640 2456 5711 primo
2509 5641 2775 5697 abstraxit
2838 5642 3225 5712 terrestribus,
3281 5651 3395 5698 tum

208 5816 470 5876 ⁸11(ἶοι·.
524 5833 605 5883 tv,
642 5820 725 5879 15,
801 5819 1007 5882 ³]Οοι,
1052 5835 1142 5883 xu,
1167 5822 1219 5874 ti.
1299 5817 1314 5848 ³
1349 5814 1551 5872 lhid.8.
1632 5818 1651 5848 ⁵
1682 5816 1817 5872 Ibid.
1851 5817 1933 5872 ll.
