3934 6520
235 373 326 430 ωδ

1212 378 1760 436 COMMENTARIUS
1799 383 1865 438 IN
1902 383 2169 442 NAUUMI
2209 385 2362 442 CAP.
2404 387 2444 442 1.

3346 388 3452 444 408

241 491 728 559 τοὺςίῠπεναντίους
791 495 975 560 αὑτοῦ,
1029 499 1123 550 καὶ
1163 497 1394 572 ἐξαίρων
1448 501 1611 564 αὐτὸς
1652 503 1779 566 τοὺς

1903 505 2049 575 ρχίςίῑ
2080 505 2364 568 Dominus,
2393 521 2599 575 eosque
2631 506 2698 560 de
2734 505 2915 561 medio
2947 505 3109 559 tollit.
3150 524 3168 557 ι
3207 504 3320 560 chi
3355 521 3456 560 no-

242 583 440 655 ὲχθροὺς
473 583 657 637 αὑτοῦ.
695 604 714 638 ι
745 587 914 656 Ζῆλον
946 587 1100 642 καλεῖ
1152 590 1246 644 τοῦ
1291 589 1425 643 Θεοῦ
1470 591 1569 662 τὴν
1590 592 1780 663 ὀργὴν,

240 681 306 746 (p.
337 673 453 743 550)
491 675 556 744 ἢν
599 676 693 728 ἐπὶ
730 679 842 740 τοῖς
881 677 1017 746 ἄγαν
1047 679 1262 744 ἀτόπως
1301 682 1606 752 γινομένοις
1641 699 1783 754 παρ-

238 765 528 835 οξυνόμενος
554 767 764 838 δέχεται
789 770 930 823 κατά
953 770 1058 824 τῶν
1090 771 1430 826 ἀσεϐούντων
1448 791 1463 804 ·
1490 772 1663 838 οὕτως
1691 773 1784 826 λέ·

238 877 310 927 γει
329 857 398 922 τὸ,
443 877 460 908 ι
496 855 647 912 Εἷδεν
669 859 870 931 Κύριος
895 863 989 915 καὶ
1012 861 1305 932 ἐζήλωσεν,
1338 865 1433 917 καὶ
1457 864 1783 935 παρωξύνθη

239 951 297 1004 δι’
319 950 478 1021 ὀργὴν
509 949 640 1002 υίῶν
695 953 859 1006 αὑτοῦ
905 954 1000 1006 καὶ
1054 953 1390 1026 θυγατέρων.
1427 975 1445 1007 ι
1488 955 1784 1009 Κάνταῦθα

237 1043 391 1096 τοίνυν
418 1043 601 1114 ἐπειδὴ
633 1043 801 1115 ὀργὴν
847 1045 1049 1115 ἦμελλε
1097 1045 1278 1114 λέγειν
1304 1047 1454 1119 παρά
1483 1047 1617 1100 Θεοῦ
1647 1049 1788 1102 κατά

239 1134 331 1187 τῶν
361 1131 650 1187 Νινευῖτῶν
678 1135 1014 1206 κινηθεῖσαν,
1039 1131 1138 1190 εἴτ’
1165 1134 1260 1191 οῦν
1295 1125 1421 1190 τῶν
1447 1139 1747 1210 Ἀσσυρίων
1769 1157 1784 1170 ·

233 1225 288 1276 ἐν
318 1223 418 1294 γὰρ
452 1227 516 1294 τῇ
567 1224 925 1298 βασιλευούσῃ
969 1226 1120 1280 πόλει
1149 1228 1211 1280 τὸ
1249 1228 1399 1291 ἔθνος
1431 1227 1578 1282 ἀπαν
1601 1229 1782 1298 δηλοῖ·

238 1313 360 1383 ὑπὲρ
383 1305 457 1366 ὧν
491 1313 714 1386 ἀσεϐείᾳ
743 1333 802 1368 τε
829 1317 924 1369 καὶ
954 1318 1265 1388 παρανομίᾳ
1307 1318 1533 1390 πλείστῃ
1582 1319 1790 1388 χρησάι

233 1425 392 1476 μενοι,
421 1405 655 1462 τοσαῦτα
693 1407 790 1478 μὲν
854 1409 946 1462 καὶ
976 1409 1274 1481 τηλικαῦτα
1301 1411 1446 1464 κακά
1480 1409 1707 1474 πολλούς
1727 1427 1786 1462 τε

235 1500 433 1568 ἐτέρους
461 1498 734 1570 διέθηκαν,
768 1500 860 1553 καὶ
890 1501 1026 1572 πρὸς
1069 1502 1241 1555 ἅπασί
1276 1518 1339 1570 γε
1365 1503 1491 1565 τοὺς
1525 1501 1790 1572 Ἰσραηλί-

235 1607 350 1654 ταςο
378 1590 765 1661 ἐπεληλυθότες
785 1593 955 1646 δὲκαὶ
987 1596 1052 1664 τῇ
1087 1594 1462 1664 Ἰερουσαλὴμ,
1494 1595 1690 1666 μικροῦ
1725 1612 1789 1663 γε

232 1682 355 1754 πρὸς
379 1683 540 1736 αὑτὸν
555 1685 755 1756 ἦραν-το
775 1685 1010 1756 πόλεμον
1038 1686 1129 1738 τδν
1149 1685 1280 1739 Θεόν
1301 1702 1316 1715 ο
1339 1685 1520 1749 καλῶς
1545 1685 1792 1739 ἐντεῦθεν

229 1773 434 1846 ἤρξατο,
478 1792 496 1826 ι
531 1774 658 1838 Θεὸς
712 1775 956 1848 ζηλωτὴς
996 1794 1015 1828 ο
1049 1776 1242 1844 λέγων,
1279 1777 1400 1831 ἀντὶ
1448 1778 1543 1830 τοῦ
1589 1779 1792 1851 σφόδρα

1886 594 2032 647 mine
2061 595 2298 663 appellat
2346 595 2479 646 iram
2526 609 2690 662 quam
2725 593 2868 651 Deus
2913 593 3131 650 vesanis
3167 595 3451 650 hominum

1886 683 2101 738 actibus
2133 684 2494 739 exacerbatus
2521 685 2761 754 concipit
2791 686 3055 740 adversus
3091 686 3309 755 impios.
3361 685 3453 739 Sic

1886 774 2090 828 dicitur
2124 791 2137 826 :
2176 794 2194 825 ι
2233 773 2378 828 V‘idit
2408 772 2689 837 Dominus,
2718 775 2942 846 zeloque
2970 777 3290 837 excanduit,
3327 792 3456 846 pro-

1888 875 2008 935 pter
2047 866 2182 920 iram
2220 866 2284 919 ad
2315 882 2476 935 quam
2509 881 2631 920 eum
2666 878 3097 936 provocaverunt
3134 869 3225 921 lilii
3261 869 3344 921 sui
3399 875 3453 921 et

1891 951 2099 1005 tiliae“.
2139 970 2156 1002 ι
2190 951 2295 1005 Par
2328 961 2413 1006 est
2457 967 2602 1007 nunc
2641 969 2857 1024 quoque
2888 953 3184 1024 Scriptura:
3231 957 3452 1021 locutio,

1887 1044 2016 1098 dum
2057 1045 2192 1098 iram
2231 1046 2324 1100 Dei
2367 1046 2658 1102 recitatura
2690 1057 2774 1103 est
2805 1057 2996 1102 contra
3029 1048 3298 1106 Ninivitas
3340 1051 3456 1104 sive

1888 1137 2142 1206 Assyrios
2175 1146 2504 1191 commotam
2542 1139 2801 1209 (namque
2829 1139 2882 1192 in
2916 1141 3050 1194 urbe
3095 1141 3457 1194 dominatrice

1893 1229 2200 1284 universam
2232 1236 2448 1298 gentem
2469 1229 2764 1300 designat),
2791 1231 2916 1300 quia
2940 1247 3151 1285 summa
3178 1231 3457 1300 impietate

1891 1336 1955 1374 ac
1981 1321 2188 1376 scelere
2213 1321 2320 1386 usi,
2371 1329 2449 1376 tot
2487 1329 2747 1392 tantaque
2784 1324 2926 1376 mala
2958 1331 3071 1376 tum
3121 1323 3241 1376 aliis
3272 1323 3459 1379 multis

1890 1413 2187 1466 intulerant
2235 1413 2471 1483 populis,
2511 1421 2626 1468 tum
2662 1413 2897 1484 denique
2949 1414 3113 1468 etiam
3159 1413 3458 1469 lsraelitis:

1890 1504 2191 1574 quinadeo
2220 1503 2596 1576 Hierosolyma
2628 1504 2828 1570 adorti,
2857 1505 3033 1574 ipsum
3067 1504 3458 1575 propemodum

1892 1597 2060 1653 Deum
2113 1594 2255 1651 bello
2285 1597 2696 1652 lacessiverant.
2729 1597 3094 1662 Quamobrem
3138 1596 3458 1664 praclarum

1893 1689 2024 1746 fecit
2058 1688 2270 1743 initium
2301 1689 2562 1760 propheta
2591 1689 2870 1759 appellans
2906 1687 3074 1742 Deum
3106 1687 3405 1744 Zelatorem
3440 1705 3455 1740 :

1895 1793 2088 1849 nempe
2118 1788 2173 1832 ut
2197 1780 2427 1846 diceret,
2458 1777 2562 1846 Qui
2601 1794 2925 1849 magnopere
2956 1779 3115 1834 irasci
3138 1779 3462 1834 criminibus

232 1868 643 1940 παροργίζεσθαι
699 1871 790 1922 ἐπὶ
835 1873 953 1934 ταῖς
1003 1871 1282 1935 ἀσεϐείαις
1311 1870 1488 1936 εἰδὼς,
1524 1872 1619 1924 καὶ
1653 1873 1790 1942 μετά

1903 1872 2051 1933 solet,
2081 1871 2358 1942 multaque
2384 1871 2478 1926 ita:
2499 1871 2549 1926 vi
2587 1885 2709 1940 qua:
2730 1879 3014 1940 patrantur
3043 1871 3112 1924 ab
3144 1868 3463 1924 hominibus

229 1959 417 2029 πολλῆς
441 1961 542 2030 μὲν
567 1959 793 2014 ἐκδικῶν
818 1962 913 2031 τῆς
939 1962 1108 2034 ὀργῆς
1134 1962 1234 2024 τὰς
1277 1962 1428 2032 παρά
1457 1961 1564 2016 τῶν
1583 1961 1791 2035 ἀνθρὼ-

227 2067 333 2104 πων
355 2051 774 2123 ἐπιτελουμένας
818 2051 1094 2116 ἀσεϐείας,
1126 2053 1334 2117 πάντας
1355 2053 1409 2106 δὲ
1447 2054 1572 2118 τοὺς
1593 2054 1792 2126 ὲχθράν

225 2144 311 2195 καὶ
326 2143 571 2214 ἐναντίαν
587 2144 721 2214 πρὸς
733 2144 890 2198 αὑτὸν
909 2143 1134 2216 γνώμην
1149 2145 1503 2216 αἱρουμένους
1521 2145 1794 2217 τιμωρού-

221 2234 372 2303 μενός
399 2250 460 2286 τε
495 2236 587 2288 καὶ
632 2236 909 2300 παντελῶς
949 2236 1248 2306 ἀφανίζων.
1304 2232 1436 2290 Εἶτα
1477 2237 1664 2309 ἐπειδὴ
1698 2236 1794 2289 νῦν

225 2324 402 2388 ταῦτα,
435 2327 594 2396 φησι,
613 2327 810 2398 πολλὴν
825 2328 918 2381 τοῦ
939 2328 1075 2382 Θεοῦ
1099 2327 1507 2401 φιλανθρωπίαν
1537 2328 1665 2401 περὶ
1699 2329 1795 2382 αύ-

215 2420 338 2479 τοὺς
383 2418 845 2490 ὲπιδεδειγμένου,
864 2409 1098 2490 ὁπηνίκα
1122 2419 1200 2492 τῷ
1219 2420 1314 2474 τοῦ
1347 2420 1614 2492 μακαρίου
1641 2421 1796 2474 Ἰωνᾶ

221 2509 534 2582 κηρύγματι
556 2512 866 2576 πεισθέντες
887 2513 1021 2584 πρὸς
1045 2513 1332 2584 μετάνοιαν
1361 2512 1499 2567 εἶδον
1517 2532 1530 2545 ·
1552 2533 1571 2566 ι
1593 2513 1796 2586 Κύριος

219 2605 592 2676 μακρόθυμος,
624 2607 714 2660 καὶ
739 2603 951 2677 μεγάλη
979 2607 1012 2677 ἡ
1049 2590 1201 2676 ἰσχὺς
1239 2606 1403 2660 αὐτοῦ
1422 2624 1436 2638 ο
1465 2607 1561 2660 καὶ
1606 2607 1796 2661 άθωῶν

217 2698 312 2749 οὐκ
333 2697 590 2751 ἀθωὼσει
608 2699 830 2769 Κύριος.
846 2699 1226 2771 δἀσπεργάρ,
1258 2699 1442 2771 φησιν,
1458 2698 1796 2766 άνεξικακεῖν

215 2786 348 2841 οἶδεν
380 2791 484 2844 καὶ
505 2793 752 2862 παρορᾷν
779 2791 1191 2862 ἁμαρτημάτων
1223 2807 1282 2843 τε
1309 2791 1402 2844 καὶ
1434 2790 1798 2860 ἀσεϐημάτων

220 2882 432 2952 πλῆθος,
505 2883 672 2936 ἐπειδ⁹
704 2886 769 2936 ἂν
795 2883 1092 2946 νεύσαντας
1125 2883 1207 2954 ἴδῃ
1246 2883 1382 2954 πρὸς
1415 2881 1796 2953 μεταμέλειαν,

217 2973 287 3038 (p.
319 2974 443 3040 53l)
503 2974 676 3036 οὕτως
727 2974 1002 3045 ἀρκοῦσαν
1044 2973 1413 3027 ἐπιδείκνυται
1455 2973 1554 3044 τὴν
1604 2973 1797 3028 ἑαυτοῦ

213 3065 435 3136 δύναμιν
459 3067 542 3136 τῷ
576 3066 798 3136 μεγέθει
825 3068 923 3136 τῆς
981 3067 1270 3137 τιμωρίας,
1305 3066 1470 3142 ὲπειδ’
1504 3066 1570 3119 ἂν
1596 3067 1800 3136 ἀμετα-

1892 1963 2099 2017 scelera
2131 1963 2444 2026 vindicare,
2487 1973 2650 2033 atque
2678 1979 2775 2020 eos
2817 1979 3008 2020 omnes
3057 1965 3147 2034 qui
3193 1962 3375 2018 hostili
3410 1969 3465 2016 et

1894 2054 2128 2110 adverso
2173 2054 2226 2108 in
2258 2069 2379 2108 eum
2414 2054 2598 2108 animo
2625 2065 2776 2119 sunt,
2809 2055 2987 2124 pinnis
3025 2054 3266 2109 irretitos
3296 2052 3464 2107 exitio

1894 2146 2165 2202 addicere.
2193 2145 2396 2201 Deinde
2424 2148 2516 2217 qui
2550 2146 2663 2202 haec
2692 2163 2866 2217 nuper
2892 2147 3122 2210 dixerat,
3151 2147 3292 2200 idem
3318 2144 3462 2198 mul-

1897 2245 2007 2291 tam
2040 2252 2072 2294 a
2107 2236 2216 2292 Deo
2257 2237 2686 2292 benevolentiam
2710 2253 2838 2308 erga
2875 2237 3128 2308 Assyrius
3166 2233 3466 2288 adhibitam

1895 2330 1994 2396 ait,
2024 2345 2134 2401 quo
2163 2337 2406 2399 tempore
2430 2329 2590 2384 beato
2610 2327 2763 2382 Jonm
2781 2326 3131 2383 conciouanti
3163 2323 3468 2380 assentien-

1897 2432 1978 2476 tes
2018 2421 2384 2490 resipuerunt.
2440 2438 2460 2471 ι
2502 2418 2768 2476 Dominus
2800 2419 3053 2490 patiens;
3089 2430 3345 2488 magnum
3380 2429 3471 2469 ro-

1897 2512 2003 2566 bur
2055 2510 2198 2582 ejus.
2248 2511 2610 2568 Absolvendo
2642 2526 2751 2566 non
2809 2510 3055 2565 absolvet
3099 2506 3385 2562 Dominus.
3444 2521 3464 2555 ο

1897 2602 2174 2670 Quantum
2197 2603 2364 2667 enim,
2399 2603 2594 2672 inquit,
2646 2602 2916 2672 patienter
2957 2599 3100 2654 ferre
3121 2606 3176 2652 et
3212 2596 3472 2651 dissimu-

1899 2698 2013 2754 lare
2043 2705 2268 2767 peccata
2318 2709 2382 2749 ac
2427 2696 2634 2749 scelera
2670 2695 2842 2755 novit.
2896 2691 3169 2761 siquando
3218 2688 3471 2743 homines

1899 2790 1966 2843 ad
1995 2791 2218 2844 meliora
2259 2787 2500 2843 converti
2529 2786 2740 2846 viderit.
2763 2783 3099 2838 tantumdem
3133 2781 3475 2835 demonstrat

1900 2880 2044 2934 vires
2097 2893 2228 2934 suas
2277 2879 2330 2932 in
2380 2891 2553 2947 pinna:
2595 2874 2991 2944 magnitudine,
3038 2869 3309 2940 siquando
3353 2868 3475 2924 sine

1902 2971 2236 3041 paenitentiae
2264 2987 2360 3041 spe
2393 2971 2580 3039 lapsos
2615 2967 2873 3031 senserit,
2915 2973 3080 3032 atque
3110 2963 3166 3017 in
3206 2960 3472 3015 malitiam

1904 3077 2172 3119 summam
2203 3073 2510 3132 provectos.
2538 3059 2807 3114 Nimirum
2839 3071 2936 3112 eos
2964 3071 3142 3126 neque
3173 3069 3202 3106 a
3225 3053 3480 3109 crimina-

216 3157 372 3226 νόητα
399 3159 701 3222 πταίοντας
738 3159 822 3232 ἴδη
852 3160 946 3212 καὶ
976 3159 1112 3229 πρὸς
1144 3160 1311 3229 ἄκρον
1333 3157 1582 3220 ἀσεϐείας
1606 3157 1798 3226 ἐληλα-

1904 3155 2054 3208 tione
2083 3153 2294 3217 liberat,
2325 3169 2498 3221 neque
2525 3168 2553 3204 a
2593 3145 2876 3219 culparum
2919 3162 3113 3217 pruna;
3153 3146 3354 3216 quippe
3383 3143 3476 3215 qui

217 3250 396 3314 κότας,
447 3249 544 3314 οὓς
596 3250 697 3303 οῦκ
752 3250 1081 3305 ἀπαλλάττει
1107 3249 1216 3303 τῶν
1256 3247 1640 3318 ἐγκλημάτων,
1673 3248 1796 3300 οὐδὲ

213 3341 308 3409 τῆς
344 3341 438 3394 ἐπὶ
463 3345 583 3406 τοῖς
636 3343 997 3414 ἁμαρτήμασι
1042 3336 1335 3414 τιμωρίας,
1371 3341 1466 3395 ἆτε
1502 3343 1566 3394 ὲκ
1593 3341 1700 3394 τῶν
1721 3341 1790 3394 ol-

217 3434 370 3486 κείων
387 3432 651 3505 πράξεων
683 3435 1203 3508 κατακρινομένους.

279 3525 426 3596 Στίχ.
461 3527 531 3589 δ’,
568 3533 629 3580 ε’.
651 3558 720 3569 --
751 3526 861 3580 Καὶ
888 3527 972 3590 τίς
1012 3525 1267 3597 ἡτούτων
1314 3523 1584 3589 ἀπόδειξις
1609 3542 1624 3590 ;
1654 3543 1670 3574 ι
1713 3524 1802 3577 Ἑν

214 3619 494 3691 συντελείᾳ
536 3620 632 3672 καὶ
685 3621 743 3672 ὲν
801 3618 1118 3690 συσσεισμῷ
1143 3621 1176 3689 ἡ
1221 3619 1340 3681 ὁδὸς
1370 3617 1557 3672 αὐτοῦ.
1599 3639 1616 3668 ι
1656 3617 1802 3670 Ὀδδν

213 3709 363 3762 καλεί
401 3709 502 3763 τοῦ
536 3709 673 3764 Θεοῦ
705 3708 805 3780 τὴν
861 3709 1059 3778 πρᾶξιν
1081 3727 1098 3742 ο
1142 3709 1203 3762 τὸ
1245 3708 1376 3762 αὐτὸ
1413 3709 1472 3762 δὲ
1513 3707 1672 3762 τοῦτο
1708 3709 1803 3761 καὶ

211 3801 299 3852 ἐπὶ
319 3803 428 3854 τῶν
463 3801 774 3873 ἀνθρώπων
807 3803 940 3874 φησὶ
970 3802 1256 3865 πολλάκις’
1287 3802 1362 3865 ὡς
1391 3801 1470 3865 τὸ,
1495 3821 1513 3852 ι
1541 3800 1803 3854 Γινώσκει

213 3895 416 3965 Κύριος
447 3896 556 3959 τὰς
586 3895 738 3960 ὁδοὺς
765 3895 872 3950 τῶν
906 3895 1173 3967 ἀμώμων.
1206 3916 1224 3949 ι
1257 3896 1521 3948 Ἐνταῦθα
1539 3890 1631 3949 οῦν
1648 3893 1805 3948 τοῦτό
1843 3922 1854 3933 -

209 4004 370 4058 φησιν
405 3991 519 4050 ὅτι,
555 3988 671 4041 Νῦν
694 3987 851 4043 τοῦτο
885 3989 1146 4059 πράττειν
1185 3987 1406 4055 ἔγνωκε,
1439 3988 1535 4040 καὶ
1561 3987 1655 4040 ἐπὶ
1683 3985 1806 4039 τού-

206 4095 284 4149 τῳ
309 4079 373 4150 δὴ
409 4079 519 4150 τὴν
546 4078 727 4149 ὁρμὴν
758 4079 874 4150 ἔχει
919 4079 1018 4150 τὴν
1045 4079 1168 4132 καθ’
1204 4079 1379 4149 ὑμῶν,
1415 4079 1556 4132 ὥστε
1586 4077 1808 4132 ἅπαντα

209 4172 305 4239 μὲν
336 4172 409 4224 τά
441 4171 730 4241 παρ’ύμῖν
759 4172 1058 4233 συσσεῖσαι,
1090 4170 1330 4240 παντελῆ
1348 4169 1403 4222 δὲ
1437 4171 1565 4240 ὑμῖν
1597 4170 1807 4236 ἐπαγα·

206 4266 319 4330 γείν
343 4264 448 4335 τὴν
478 4261 783 4316 ἀπώλειαν.
826 4281 844 4314 ι
897 4263 1009 4318 Καὶ
1048 4261 1268 4330 νεφέλαι
1307 4261 1581 4331 κονιορτὸς
1629 4259 1806 4314 ποδῶν

205 4354 395 4412 αὐτοῦ.
442 4375 461 4406 ι
517 4353 857 4417 ’Λκολούθως
906 4351 983 4423 τῷ
1021 4373 1038 4403 ι
1080 4353 1198 4417 ὁδὸς
1239 4371 1256 4404 ι
1287 4355 1482 4414 εἰπεῖν,
1520 4353 1804 4422 ἐπήγαγε,

215 4468 231 4498 ι
268 4447 530 4516 Νεφέλαι
570 4445 848 4516 κονιορτὸς
872 4444 1050 4497 ποδῶν
1073 4443 1238 4498 αὑτοῦ
1262 4462 1274 4474 ο
1305 4463 1322 4495 ι
1354 4443 1539 4514 ἐπειδὴ
1555 4442 1664 4512 γὰρ
1679 4442 1800 4496 έπε-

1899 3245 2013 3316 jam
2035 3245 2261 3302 suismet
2289 3245 2500 3300 actibus
2525 3241 2764 3297 damnati
2798 3247 2949 3295 sunt.

1981 3530 2141 3587 Vens.
2161 3529 2777 3599 4,5.—217Quaanam
2797 3541 2962 3598 porro
2976 3523 3268 3579 estharum
3289 3533 3473 3574 rerum

1905 3622 2342 3678 demonstratio?
2393 3640 2412 3672 ε
2437 3619 2494 3674 In
2546 3618 3022 3674 consummatione
3053 3623 3108 3670 et
3144 3613 3198 3667 in
3230 3625 3481 3666 commo-

1905 3713 2054 3767 tione
2076 3711 2160 3766 via
2193 3712 2334 3780 ejus.
2361 3730 2381 3763 ι
2417 3710 2572 3765 Viam
2605 3710 2738 3765 dicit
2769 3709 2858 3763 Dei
2892 3717 3113 3762 actum:
3144 3717 3307 3773 quam
3339 3701 3486 3756 locu-

1906 3807 2105 3860 tionem
2136 3805 2204 3859 de
2246 3803 2560 3858 hominibus
2595 3815 2814 3874 quoque
2843 3815 2984 3870 saepe
3023 3802 3256 3867 usurpat
3295 3793 3486 3865 Scrip-

1906 3907 2064 3962 tura;
2117 3897 2317 3950 veluti:
2374 3913 2392 3944 c
2418 3893 2578 3948 Novit
2624 3893 2889 3950 Dominus
2923 3893 3065 3947 viam
3103 3888 3488 3945 immaculato-

1906 4005 2028 4043 rum
2055 3988 2118 4041 ¹³.
2145 4007 2163 4040 ι
2198 3987 2309 4041 lloc
2342 3987 2462 4039 loco
2493 3985 2708 4051 ait,sibi
2732 3985 2782 4039 id
2809 4000 2956 4038 nunc
2979 3982 3317 4052 propositum
3340 3993 3485 4038 esse.

1907 4091 2072 4151 atque
2107 4080 2314 4134 idcirco
2360 4077 2416 4134 in
2449 4095 2550 4135 vos
2585 4094 2766 4138 ruere.
2788 4089 2846 4131 ut
2874 4084 3057 4130 vestra
3083 4071 3268 4126 omnia
3296 4084 3489 4137 usque.

1906 4188 2122 4244 quaque
2152 4181 2515 4234 commoveat,
2537 4169 2801 4238 vobisque
2827 4167 3054 4220 exitium
3083 4162 3300 4217 inferat.
3327 4179 3346 4212 ι
3372 4157 3482 4214 Ne-

1907 4266 2048 4321 bulae
2087 4263 2259 4335 pulvis
2276 4262 2470 4334 pedum
2487 4261 2620 4331 ejus.
2641 4277 2661 4312 ι
2679 4259 3102 4325 Consequenter,
3117 4252 3241 4325 quia
3263 4268 3281 4303 ι
3300 4251 3438 4304 viam
3461 4270 3478 4298 ι

1908 4358 2140 4420 dixerat,
2174 4355 2345 4420 addit,
2394 4351 2654 4408 «Nebulae
2685 4350 2866 4421 pulvis
2893 4347 3090 4418 pedum
3118 4344 3259 4413 ejus.
3283 4361 3302 4394 ι
3353 4339 3488 4394 Nam

1913 4451 2076 4507 sicuti
2111 4447 2310 4503 accidit
2349 4452 2408 4499 ut
2447 4444 2496 4498 is
2529 4444 2623 4513 qui
2661 4441 2834 4496 multo
2865 4453 2990 4494 cum
3027 4437 3230 4506 impetu
3278 4432 3486 4494 currit,

201 4539 384 4609 ταιτῷ
413 4539 571 4610 μετά
589 4538 789 4607 πολλῆς
818 4534 1056 4607 ὁρμῶντι
1082 4537 1179 4606 τῆς
1212 4537 1481 4606 κινήσεως
1509 4535 1570 4590 τὸ
1597 4552 1798 4607 κονιορε

1917 4542 2196 4612 pulverem
2229 4539 2285 4593 in
2324 4538 2542 4593 incessu
2579 4535 2810 4590 excitet:
2834 4531 2912 4585 ita
2931 4528 3266 4589 divinorum,
3290 4521 3489 4593 inquit,

201 4631 295 4682 τὸν
330 4631 636 4700 βαδίζοντα
661 4633 850 4694 κινεῖν,
871 4629 1098 4691 Τούτου,
1136 4629 1290 4700 φησὶ,
1321 4630 1596 4700 κονιορτὸς
1640 4629 1817 4682 ποδῶν

200 4724 256 4772 at
286 4721 529 4789 νεφέλαι
554 4735 568 4749 ·
603 4721 690 4772 ἵνα
718 4717 957 4791 εἴπῃ,ὃτι
1010 4719 1228 4791 Ὀρμῶν
1254 4721 1338 4788 ἐφ’
1360 4712 1524 4788 ὑμᾶς,
1557 4719 1648 4772 τὸν
1677 4717 1816 4788 ἀέρα

202 4812 383 4864 πάντα
409 4810 546 4864 καθ’
565 4809 721 4880 ὑμῶν
750 4810 1071 4882 συστρέφει·
1103 4829 1120 4861 ι
1167 4808 1428 4862 ’Λπειλῶν
1451 4808 1695 4879 θαλάσσῃ
1723 4808 1817 4861 καὶ

204 4904 489 4975 ξηραίνων
508 4901 808 4972 αύτὴν,κα“ι
819 4903 1024 4966 πάντας
1039 4903 1164 4965 τοὺς
1182 4903 1461 4973 ποταμοὺς
1473 4900 1631 4972 ἐξερη
1640 4902 1774 4971 μῶν.
1789 4918 1808 4952 ι

197 4993 515 5064 Αὐτάρκης
538 4990 599 5046 δὲ
625 4991 719 5044 καὶ
753 4993 886 5062 μόνῃ
910 4995 1059 5062 φωνῇ
1091 4991 1364 5044 θάλασσάν
1382 5008 1438 5043 τε
1462 4990 1691 5061 ξηράναι
1720 4993 1814 5045 καὶ

198 5088 502 5156 ποταμοὺς
523 5086 626 5137 σὺν
644 5084 848 5155 ἐκείνῃ,
879 5083 1054 5154 δηλῶν
1084 5085 1166 5136 ὅτι
1195 5083 1369 5147 οὐδεὶς
1395 5084 1551 5146 πόνος
1576 5083 1724 5154 αύτῴ
1753 5084 1814 5138 τὸ

199 5178 487 5248 ὑμέτερον
509 5175 770 5245 σύστημα
796 5177 888 5230 καὶ
903 5177 962 5228 τὸ
991 5175 1192 5246 πλῆθος
1208 5175 1270 5227 τὸ
1299 5177 1427 5245 παρ’
1447 5176 1577 5243 ὑμῖν
1605 5175 1814 5233 ἀνελεῖν

198 5268 569 5339 βουληθέντι.
602 5262 733 5320 Εἶτα
757 5269 849 5320 καὶ
862 5267 954 5320 τοῦ
973 5267 1257 5335 γινομένου
1275 5267 1372 5336 τὴν
1390 5265 1658 5330 ἀπόδειξιν
1676 5284 1818 5338 παρ-

198 5362 499 5430 εχόμενοςο
531 5377 552 5408 ι
579 5356 840 5428 Ὦλιγώθη
873 5361 905 5429 η
933 5359 1213 5421 Βασανίτις
1227 5358 1318 5411 καὶ
1347 5359 1377 5410 ὁ
1401 5356 1716 5428 Κάρμηλος,
1737 5359 1812 5429 (p.

194 5453 328 5522 33?.)
362 5451 471 5504 καὶ
504 5449 694 5502 πάντα
715 5449 785 5501 τὰ
813 5447 1138 5513 ἐξανθοῦντα
1166 5449 1260 5503 τοῦ
1278 5449 1512 5503 Λιϐάνου
1533 5449 1778 5516 ἐξέλιπεν
1797 5466 1811 5481 ο

197 5544 268 5596 τὰ
302 5543 415 5614 ὅρη
445 5538 686 5607 ἐσείσθη
715 5539 808 5593 ἀπ’
833 5539 1021 5604 αὑτοῦ,
1055 5537 1150 5590 καὶ
1170 5537 1217 5588 ol
1237 5534 1408 5604 βουνοὶ
1427 5535 1810 5608 ἐσαλεύθησαν,

195 5634 296 5689 καὶ
358 5628 662 5700 ἀνεστάλη
699 5631 732 5701 ἡ
768 5631 836 5701 γῆ
869 5631 977 5686 ἀπὸ
1019 5629 1368 5702 προσώπουή
1416 5631 1698 5702 σύμπασα,
1723 5631 1816 5684 καὶ

281 5817 326 5848 "
367 5813 548 5870 Deut.
585 5825 751 5875 xxxii,
798 5807 878 5864 l9.
957 5809 998 5841 ”
1027 5807 1165 5865 Ps.-.l.
1193 5823 1371 5872 xxxx-1,
1408 5807 1491 5862 18.

1916 4636 2112 4700 pedum
2144 4629 2321 4700 pulvis
2353 4627 2564 4682 nebula:
2594 4631 2744 4681 sunt.
2779 4621 2985 4691 Nempe
3012 4617 3285 4690 signiﬁcat
3316 4631 3346 4669 a
3381 4613 3492 4668 Deo

1916 4726 1970 4780 in
2023 4739 2117 4780 vos
2162 4725 2405 4776 irruente
2451 4719 2771 4772 universum
2811 4728 2992 4769 aerem
3039 4719 3231 4765 contra
3280 4713 3493 4761 vosmet

1913 4815 2186 4869 convolvi.
2243 4829 2262 4864 ι
2287 4811 2544 4866 Minitans
2576 4807 2746 4872 mari,
2793 4803 3036 4874 illudque
3085 4801 3405 4862 exsiccans,
3439 4805 3492 4850 et

1913 4908 2133 4965 ﬂumina
2167 4903 2695 4960 cunctailevastans.
2723 4920 2740 4948 ι
2766 4897 2871 4964 Qui
2894 4902 3072 4966 potest
3092 4892 3300 4948 scilicet
3328 4891 3493 4942 unius

1912 5015 2016 5070 Ope
2039 4999 2188 5052 vocis
2216 5012 2368 5051 mare
2392 4995 2696 5062 ﬂuviosque
2724 4990 2926 5060 pariter
2949 4985 3249 5042 exsiccare.
3283 4978 3494 5046 Quibus

1909 5092 2096 5159 verbis
2142 5089 2286 5144 Deus
2329 5088 2572 5143 declarat
2624 5081 2883 5156 perfacile
2931 5079 3036 5133 sibi
3077 5091 3201 5131 esse
3249 5077 3492 5127 vestr-mi

1913 5181 2170 5252 populum
2219 5177 2617 5249 quantumlibet
2670 5187 2902 5232 numero
2952 5171 3226 5240 ingentem
3266 5161 3489 5220 exscin-

1913 5269 2065 5330 dere,
2087 5267 2358 5337 siquando
2374 5265 2624 5322 voluerit.
2655 5261 2856 5317 Deinde
2878 5259 2954 5314 rei
2972 5266 3134 5324 gestae
3153 5254 3500 5308 demonstra-

1921 5360 2124 5412 tionem
2174 5357 2455 5428 proferens
2491 5375 2505 5411 :
2548 5373 2567 5407 ι
2606 5354 2892 5408 lmminuta
2928 5358 3030 5411 est,
3085 5347 3178 5403 ait.
3225 5343 3498 5396 Basallilis

1921 5462 1974 5504 ct
2009 5451 2311 5514 Carmelus,
2346 5459 2398 5504 et
2431 5448 2610 5502 omnis
2645 5446 2834 5500 Libani
2884 5442 2984 5496 llos
3017 5438 3245 5494 defecit:
3287 5443 3500 5488 montcs

1924 5557 1952 5594 a
2000 5539 2109 5596 Deo
2143 5541 2397 5596 concussi
2430 5537 2650 5593 fuerunt
2683 5536 2956 5602 collesque
2997 5527 3286 5586 commoti:
3340 5525 3500 5578 tellus

1924 5648 2108 5689 coram
2135 5647 2200 5689 eo
2228 5648 2349 5688 cum
2377 5629 2588 5688 colonis
2620 5627 2734 5685 suis
2758 5624 2988 5683 inhibita
3011 5631 3114 5684 est.
3145 5639 3161 5672 ι
3207 5617 3497 5674 Enimvero
