3934 6520
195 342 279 400 ιω

1124 341 1673 405 COMMENTARIUS
1712 346 1781 403 IN
1819 350 2090 412 NAHUMI
2126 356 2279 413 CAP.
2319 357 2387 418 Il.

3279 370 3386 425 110

191 452 571 552 δυναμένηνἱ
595 452 717 523 οὗνς
752 476 773 510 ι
810 457 949 512 Τάδε
989 459 1136 529 λέγει
1169 462 1375 536 Κύριος
1421 466 1707 537 κατάρχων

1810 471 2047 540 juvanda
2065 474 2226 533 foret.
2254 478 2572 552 Quidergo?
2598 499 2619 536 ι
2646 481 2782 539 Haec
2816 482 2891 538 ait
2913 482 3174 541 Dominus
3203 494 3385 541 rector

193 549 363 603 ὑδάτων
404 542 628 598 πολλῶν.
667 565 687 597 ι
730 548 930 602 Ἄκουε
970 550 1154 607 τοίνυν
1200 553 1353 608 ἅτινα
1411 556 1552 631 ὑπὲρ
1615 557 1711 612 τοῦ

192 640 487 710 τολμήματος
515 637 724 692 ἐκείνου
757 640 853 695 νῦν
888 642 1249 713 ἀποφαίνεται
1277 647 1410 711 Θεὸς
1433 651 1461 703 ὁ
1492 650 1713 707 πάντων

191 732 356 802 Κύριος
376 728 473 783 τῶν
495 730 635 784 κατὰ
659 733 762 803 γῆν
784 732 974 787 ἐθνῶν·
996 736 1154 791 τοῦτο
1170 741 1281 811 γὰρ
1299 742 1443 810 λέγει
1465 743 1527 795 τὸ
1545 762 1562 794 ι
1587 744 1712 799 ὑδά-

1812 578 2077 629 aquarum
2103 568 2415 626 multarum.
2449 591 2469 625 ι
2503 574 2642 628 Audi
2672 590 2837 644 porro
2865 591 3131 645 quasnam
3154 579 3379 632 ausibus

1813 654 1921 710 illis
1958 674 2103 713 nunc
2131 675 2322 729 poenas
2349 661 2604 718 decernat
2632 665 2775 721 Deus
2801 675 3124 722 cunctorum
3160 669 3214 723 in
3245 670 3379 722 orbe

1812 748 2138 815 populorum
2166 749 2446 807 Dominus.
2482 751 2552 808 Ut
2581 754 2725 809 enim
2755 757 2999 821 cuilibet,
3029 759 3224 829 inquit,
3258 761 3381 813 licet

192 843 277 877 των
302 820 510 876 πολλῶν.
548 841 567 874 ι
609 841 627 874 ι
654 825 763 879 Καὶ
779 825 952 891 οὕτως
972 828 1432 903 διασταλήσονται.
1450 855 1467 887 ι
1487 836 1576 900 Ὠς
1602 836 1707 909 γὰρ

1810 849 2170 908 cotigregatas
2209 842 2409 897 alicubi
2461 860 2633 914 aquas
2678 845 2932 903 facillime
2970 820 3260 921 separare:
3303 851 3383 905 sic

191 916 243 967 ἂν
261 914 305 967 εί
324 913 600 983 amemur),
622 913 764 987 ὕδωρ
780 916 837 981 ἐξ
854 916 1043 983 ὕδατος
1058 921 1120 973 ἐν
1136 940 1239 976 τινι
1268 925 1418 995 τόπῳ
1443 927 1713 993 συνεστὼς

186 1005 304 1076 μετὰ
317 1002 497 1074 πολλῆς
522 1004 861 1077 διαστήσειεν
880 1009 977 1081 τῆς
1000 1011 1315 1085 εὐμαρείας,
1334 1016 1475 1070 οὕτω
1498 1019 1712 1076 πάντων

190 1097 305 1166 ὑμᾶς
333 1096 535 1165 ἀφοριεί
564 1096 672 1150 τῶν
693 1097 862 1152 ἐθνῶν
890 1103 921 1153 δ
958 1102 1088 1167 Θεὸς
1141 1107 1414 1177 παραδοὺς
1444 1111 1709 1182 ἀπωλείᾳ.

187 1209 208 1240 Α
237 1187 462 1257 Καὶάκοὴ
483 1188 582 1242 οὐκ
611 1191 1163 1263 ὲνακουσθήσεταιέτι
1186 1214 1200 1228 ·
1234 1216 1254 1250 ο
1280 1199 1363 1263 ὡς
1386 1201 1585 1271 μηκέτι
1618 1220 1711 1257 σου

188 1280 301 1351 μηδὲ
324 1282 480 1351 ἀκοὴν
494 1277 633 1336 εἶναι
661 1284 753 1338 τοῦ
782 1288 1060 1352 παντελῶς
1080 1291 1588 1358 ἁπολωλότος.‹Καὶ
1618 1297 1714 1350 νῦν

190 1371 421 1443 συντρίψω
454 1372 554 1442 τὴν
584 1375 781 1444 ῥάϐδον
832 1378 999 1432 αὑτοῦ
1039 1381 1147 1433 ἀπὸ
1198 1382 1313 1448 σοῦ,
1347 1387 1443 1440 καὶ
1473 1388 1599 1450 τοὺς
1629 1387 1716 1441 δεο

186 1463 325 1534 σμούς
354 1479 441 1516 σου
480 1464 773 1538 διαρρήξω.
802 1488 822 1522 ι
850 1470 1034 1525 Πάντα
1078 1473 1187 1545 γάρ
1213 1491 1308 1529 σου
1334 1476 1406 1530 τὰ
1436 1478 1713 1550 σκῆπτρα,

184 1557 259 1609 καὶ
288 1556 375 1626 τὴν
402 1555 675 1625 βασιλείαν
710 1560 778 1631 ἢν
816 1562 962 1632 ἔχειν
1011 1565 1240 1631 ἐδόκεις,
1285 1570 1544 1639 συγκόψω
1569 1587 1583 1602 °
1631 1572 1711 1641 (p.

181 1646 283 1715 555)
310 1647 396 1700 καὶ
419 1647 599 1700 πᾶσαν
625 1648 722 1721 τὴν
758 1650 1075 1708 δυναστείαν
1111 1656 1179 1726 ἢν
1203 1658 1343 1712 κατὰ
1368 1658 1477 1713 τῶν
1504 1661 1718 1732 ὑποχει-

183 1734 289 1805 ρίων
322 1729 477 1803 εἶχες,
517 1734 707 1807 ὥσπερ
754 1741 867 1793 τισὶ
916 1742 1135 1814 δεσμοῖς
1158 1746 1355 1811 αὐτοὺς
1392 1752 1458 1819 τῇ
1494 1729 1711 1823 ἐξουσίᾳ

177 1823 477 1895 περιϐάλλων
514 1829 583 1899 τῇ
618 1830 816 1902 οἰκείᾳ,
846 1834 1126 1900 παντελῶς
1150 1836 1411 1910 διατέμω,
1439 1841 1537 1895 ἅτε
1573 1843 1711 1913 μετὰ

177 1912 257 1980 τῆς
272 1914 533 1979 ἀπωλείας
572 1919 638 1990 ἢν
667 1919 956 1992 ὑπομένεις
979 1925 1159 1997 πάσης
1183 1944 1278 1981 σου
1298 1930 1399 2001 τῆς
1432 1912 1710 2001 βασιλείας

176 2004 250 2093 καὶ
282 2002 365 2057 τοῦ
404 2006 642 2075 κράτους
691 2009 785 2063 καὶ
826 2014 925 2083 τῆς
952 2013 1200 2081 ἐξουσίας
1234 2018 1301 2088 ἣν
1335 2017 1460 2071 καθ’
1510 2020 1709 2093 ἐτέρων

174 2090 292 2164 εἶχες
314 2093 383 2158 ὡς
432 2095 582 2161 εἰκὸς
599 2099 1025 2175 ἀφανιζομένης.
1058 2124 1077 2157 ι
1107 2108 1217 2161 Καὶ
1258 2109 1550 2165 ἐντελεῖται
1579 2090 1709 2179 περὶ

175 2185 249 2238 σοῦ
269 2184 475 2257 Κύριος.
535 2208 556 2241 ι
590 2190 776 2246 Ταῦτα
810 2193 921 2267 γὰρ
956 2196 1086 2268 περὶ
1130 2196 1224 2251 σοῦ
1255 2199 1509 2267 γενέσθαι
1548 2201 1711 2256 κεκέο

170 2275 330 2331 λευκεν
351 2280 378 2331 ό
396 2279 549 2343 Θεός.
578 2299 597 2334 ι
628 2284 703 2335 Uti
736 2286 1073 2356 σπαρήσεται
1099 2289 1163 2343 ὲκ
1192 2289 1285 2343 τοῦ
1314 2291 1578 2362 ὀνόματός
1611 2310 1706 2347 σου

169 2368 251 2422 ἔτι.
280 2388 298 2420 ι
343 2370 557 2444 Ἐπειδὴ
614 2374 665 2426 oi
704 2373 809 2428 ὑπὸ
844 2375 1120 2447 βασιλείας
1149 2380 1302 2445 ὄντες
1330 2382 1586 2437 εἰώθασιν
1614 2386 1707 2441 ἐπὶ

166 2460 270 2523 τοὺς
296 2459 546 2529 βασιλέας
586 2463 800 2521 ἅπαντα
858 2468 1170 2540 ἀναφέρειν,
1218 2472 1311 2524 καὶ
1337 2473 1401 2525 ὲκ
1438 2473 1538 2543 τῆς
1562 2474 1707 2528 ὲκεί-

166 2568 254 2604 νων
271 2552 545 2609 καλεῖσθαι
584 2560 976 2633 προσηγορίας,
1019 2563 1095 2627 ὡς
1141 2564 1247 2617 ὑπὸ
1304 2565 1404 2634 τὴν
1458 2567 1705 2632 ἐξουσίαν

163 2643 292 2707 ὄντες
339 2645 435 2718 τὴν
493 2649 742 2715 ἐκείνων,
774 2653 875 2706 οὐκ
925 2653 1006 2707 ἔτι
1038 2671 1153 2719 σου,
1185 2657 1369 2725 φησὶν,
1391 2658 1423 2728 ή
1446 2658 1704 2731 ὀνομασία

163 2735 368 2806 οὐδαμοῦ
423 2741 726 2812 φανήσεται
773 2745 1054 2811 παντελῶς
1103 2748 1489 2820 ἀπολλυμένου.
1538 2770 1556 2802 ι
1616 2752 1705 2817 Ἐξ

160 2826 284 2879 οίκου
305 2826 432 2881 Θεοῦ
473 2846 575 2883 σου
612 2831 978 2903 ὲξολοθρεύσω
1033 2836 1269 2905 γλυπτὰ,
1335 2841 1429 2893 καὶ
1459 2844 1702 2910 χωνευτὰ

161 2915 367 2989 θήσομαι
395 2924 579 2994 ταφήν
614 2939 729 2990 σου,
760 2927 841 2980 δτι
865 2927 1167 3000 ἠτιμώθης.
1200 2949 1218 2982 ι
1242 2931 1560 3000 Συναφανιῶ
1594 2934 1703 3005 γάρ

159 3024 227 3097 σοι
255 3011 338 3063 καὶ
375 3012 443 3066 τὰ
487 3014 709 3081 εἴδωλα,
749 3012 830 3080 οἷς
870 3017 1068 3090 πολλὴν
1097 3020 1365 3092 ἀπένεμες
1395 3022 1495 3096 τὴν
1514 3024 1700 3097 τιμὴν,

159 3095 279 3169 ἅπερ
298 3100 481 3175 ὥσπερ
506 3121 599 3168 τις
624 3107 768 3178 ταφή
812 3124 894 3161 σοι
924 3110 1211 3178 γενήσεται
1240 3095 1698 3186 συναπολλύμενα,

155 3190 236 3241 καὶ
262 3196 751 3267 ωναφανιζόμενα,
779 3200 870 3252 καὶ
888 3202 1166 3271 μονονουχὶ
1197 3202 1612 3276 συνθαπτόμενα
1638 3208 1705 3278 τῇ

155 3281 323 3354 ἀτιμία
349 3289 413 3357 τῇ
432 3290 526 3359 σῇ.
563 3306 583 3340 ι
612 3290 756 3342 Διότι
794 3291 900 3344 ἰδοὺ
948 3292 1039 3344 ἐπὶ
1065 3292 1135 3346 τὰ
1164 3293 1263 3367 ὅρη
1296 3296 1454 3360 πόδες
1483 3297 1709 3367 εὐαγγε-

154 3368 406 3443 λιζομένου
458 3377 562 3431 καὶ
615 3379 1051 3449 ἀπαγγέλλοντος
1104 3385 1345 3456 εἰρήνην.
1395 3405 1414 3436 ι
1447 3386 1578 3439 Τότε
1618 3388 1705 3459 δὴ,

155 3464 317 3533 ᾳησὶν,
348 3467 574 3523 ἔσονται
598 3469 784 3524 πολλοί⁵
811 3474 858 3527 οἱ
884 3472 987 3526 ἀνὰ
1009 3472 1077 3526 τὰ
1102 3472 1201 3546 ὅρη
1224 3475 1323 3545 τῆς
1354 3476 1710 3550 ⁹ιερουσαλὴμ

150 3552 519 3627 ἀνατρέχοντες
550 3560 643 3612 καὶ
659 3559 755 3630 τὴν
771 3560 1044 3615 ἀπώλειαν
1072 3563 1546 3635 εὐαγγελιζόμενοι
1576 3568 1712 3620 πᾶσι

148 3642 233 3713 τὴν
262 3646 374 3717 σὴν,
403 3648 499 3702 καὶ
530 3648 636 3721 τὴν
677 3650 931 3705 ἐντεῦθεν
968 3652 1300 3717 καθέξουσαν
1333 3655 1529 3719 αὐτοὺς
1561 3659 1712 3729 εἰρή-

1812 945 1910 985 vos
1936 929 2006 983 ab
2031 933 2287 988 omnibus
2305 936 2560 1001 gentibus
2586 937 2862 992 discernet
2898 937 3042 994 Deus
3072 957 3195 995 cum
3216 942 3385 995 exitio

1810 1024 2014 1080 tradet.
2061 1043 2079 1077 ι
2122 1024 2308 1097 Neque
2358 1030 2612 1085 audietur
2644 1030 2854 1087 diutius
2886 1032 3113 1087 auditio.
3156 1051 3174 1085 ›
3210 1032 3290 1087 ‘lta
3322 1039 3383 1085 ut

1810 1131 1881 1173 ue
1910 1115 2107 1172 famam
2136 1118 2352 1188 quidem
2380 1122 2501 1190 ejus
2527 1123 2620 1192 qui
2653 1122 2810 1193 periit
2826 1123 2938 1192 jam
2967 1124 3046 1177 sis
3070 1123 3376 1178 auditurus.

1816 1226 1837 1262 ι
1882 1207 1947 1263 Et
1977 1225 2123 1265 nunc
2159 1211 2454 1267 contritam
2492 1222 2735 1269 avertam
2768 1214 2977 1284 virgam
3011 1214 3134 1283 ejus
3166 1230 3195 1267 a
3224 1225 3305 1280 te,
3326 1223 3382 1269 et

1812 1301 2031 1358 vincula
2082 1309 2177 1358 tua
2214 1303 2551 1374 dirumpam.
2598 1324 2617 1357 ι
2653 1306 2865 1361 Cuncta
2905 1307 3050 1362 enim
3082 1315 3295 1376 sceptra
3328 1317 3383 1361 et

1808 1397 2124 1469 imperium,
2180 1400 2327 1471 quod
2378 1402 2578 1457 habere
2606 1402 2903 1470 videbaris,
2960 1404 3378 1459 comminuam:

1810 1492 2127 1547 universam
2167 1493 2465 1563 potentiam
2497 1504 2643 1549 tuam
2673 1511 2836 1565 quam
2860 1496 2914 1549 in
2950 1495 3199 1550 subditos
3224 1508 3382 1549 exer-

1808 1581 1998 1647 cebas,
2048 1592 2107 1637 et
2150 1598 2259 1653 qua
2299 1598 2399 1639 ceu
2439 1584 2673 1640 vinculis
2709 1585 2969 1655 populum
3015 1586 3160 1640 hunc
3202 1584 3257 1638 in
3287 1591 3380 1639 tua

1810 1673 2019 1730 ditione
2059 1674 2354 1738 retinebas,
2398 1678 2621 1731 omnino
2669 1677 2958 1746 praecidam
2994 1696 3008 1731 ε
3041 1677 3190 1732 omni
3231 1675 3383 1731 scili«

1806 1778 1899 1822 cet
1930 1766 2136 1822 ditione
2166 1767 2523 1837 spoliaberis:
2552 1768 2700 1823 vires
2729 1775 2897 1839 atque
2927 1774 3191 1837 potestas.
3214 1780 3379 1834 quam

1817 1858 1872 1913 in
1906 1858 2040 1913 alias
2069 1868 2259 1929 gentes
2303 1859 2632 1924 exercebas,
2660 1860 2770 1929 jam
2798 1860 2992 1914 merito
3026 1866 3379 1914 evanescent.

1819 1968 1840 2001 ‹
1880 1948 1942 2003 Et
1966 1951 2237 2020 praecipiet
2269 1950 2336 2005 de
2363 1958 2416 2005 te
2441 1949 2721 2006 Dominus.
2752 1971 2770 2004 ι
2800 1950 2922 2005 Haec
2954 1950 3069 2004 fieri
3102 1947 3383 2003 mandavit

1813 2039 1979 2097 Deus.
2022 2060 2040 2093 ι
2080 2040 2235 2097 Haud
2277 2052 2492 2097 seretur
2533 2044 2601 2098 de
2656 2055 2751 2098 tuo
2814 2043 3022 2098 diutius
3065 2043 3299 2097 nomine.
3355 2058 3375 2093 ›

1804 2129 2083 2197 ρυοηὶεπι
2112 2146 2302 2202 regum
2336 2132 2539 2188 subditi
2561 2133 2741 2189 solent
2768 2135 2835 2190 ad
2860 2149 3013 2204 reges
3036 2148 3168 2189 suos
3199 2133 3382 2187 omnia

1804 2222 2039 2286 referre,
2074 2232 2238 2294 atque
2271 2224 2342 2279 ab
2371 2225 2588 2280 illorum
2619 2224 2844 2279 vocitari
2878 2223 3212 2285 nominibus,
3241 2236 3383 2292 quo-

1804 2332 1932 2371 rum
1975 2314 2169 2371 ditioni
2210 2324 2439 2386 parent;
2482 2316 2628 2370 haud
2674 2315 2906 2375 diutius.
2947 2315 3146 2386 inquit,
3180 2328 3379 2368 nomen

1808 2406 1889 2461 tui
1933 2405 2183 2461 funditus
2222 2407 2502 2476 pereuntis
2536 2407 2789 2462 exstabit.
2827 2425 2846 2458 ι
2888 2405 2964 2460 De
2993 2406 3155 2460 domo
3182 2402 3274 2459 Dei
3301 2403 3381 2458 tui

1796 2497 2023 2566 ejiciam
2057 2497 2351 2569 sculptilia,
2378 2512 2686 2568 ponamque
2721 2496 3014 2552 conﬂatilia
3067 2495 3379 2566 sepulcrum

1810 2598 2003 2655 tuum,
2042 2591 2173 2661 quia
2219 2591 2610 2647 dehonestatus
2653 2606 2733 2646 es.
2771 2609 2792 2644 ι
2851 2590 3138 2645 Destruam
3197 2596 3380 2641 tecum

1811 2682 1991 2746 idola,
2024 2683 2228 2752 quibus
2266 2683 2498 2737 multum
2546 2682 2831 2738 tribuebas
2870 2681 3170 2745 honorem;
3213 2686 3384 2747 atque

1808 2774 1943 2838 haec,
1986 2775 2230 2844 inquam.
2275 2774 2406 2829 fient
2439 2782 2700 2844 tanquam
2742 2773 2983 2828 tumulus
3018 2771 3141 2834 tibi,
3196 2778 3381 2824 tecum

1814 2866 2027 2921 scilicet
2062 2866 2271 2937 perdita
2313 2874 2478 2936 atque
2518 2865 2831 2927 destructa,
2873 2878 2937 2918 ac
2982 2860 3379 2933 propemodum

1809 2958 2116 3028 ignominia:
2136 2967 2244 3012 tua:
2275 2958 2670 3013 contumulata.
2707 2975 2725 3007 ι
2764 2954 3124 3022 Quamobrem
3161 2966 3289 3007 ecce
3326 2950 3383 3005 in

1804 3050 2087 3104 utentibus
2131 3049 2297 3120 pedes
2346 3049 2467 3104 lana
2508 3046 2841 3110 nuntiantis,
2883 3044 3047 3114 220
3082 3054 3386 3112 pacemque

1734 3173 1781 3236 ο
1811 3140 2179 3211 praedicantis.
2241 3159 2264 3193 ι
2317 3139 2491 3206 Tunc,
2550 3140 2661 3204 ait,
2727 3137 2883 3236 multi
2935 3150 3033 3236 per
3070 3133 3383 3236 Hierosoly-

1809 3247 2026 3290 morum
2082 3242 2295 3289 montes
2347 3232 2693 3295 discurrent,
2745 3228 2956 3283 cladem
3007 3234 3154 3280 tuam
3206 3223 3383 3292 palam

1813 3324 2163 3389 nuntiantes,
2207 3338 2471 3393 suamque
2519 3321 2646 3379 inde
2702 3326 3122 3375 consecuturam
3170 3328 3382 3384 pacem.

1818 3435 1837 3466 ι
1876 3419 2020 3487 Age,
2064 3415 2239 3481 Juda,
2275 3415 2649 3473 solemnitates
2695 3421 2853 3475 tuas,
2896 3409 3062 3466 redde
3100 3408 3213 3461 Deo
3258 3413 3385 3459 vota

1814 3514 1948 3572 tua;
1992 3506 2121 3577 quia
2164 3506 2276 3575 jam
2322 3521 2484 3560 nemo
2530 3506 2585 3559 in
2636 3512 2913 3573 posterqu
2963 3514 3053 3553 res
3091 3508 3213 3551 tuas
3244 3495 3373 3548 anti-

1806 3595 2018 3665 quabit.
2071 3613 2090 3647 ι
2128 3593 2261 3651 Esto
2304 3602 2359 3649 et
2414 3599 2473 3648 tu
2511 3592 2769 3659 deinceps
2821 3590 2874 3642 in
2919 3585 3155 3648 deliciis,
3208 3582 3384 3653 legiti-

1809 3696 2035 3752 masque
2080 3681 2452 3737 solemnitates
2506 3695 2574 3734 ac
2626 3686 2753 3732 vota
2805 3675 2914 3731 Deo
2962 3675 3213 3745 persolve
3259 3685 3384 3723 cum

148 3752 249 3806 νην.
288 3758 306 3792 ι
340 3740 635 3813 Ἐόρταζε,
676 3744 870 3809 Ἰούδα,
894 3744 991 3808 τὰς
1020 3744 1211 3816 ἑορτάς
1248 3762 1362 3811 σου,
1400 3748 1597 3813 ἄποδος
1634 3749 1707 3821 τῷ

1810 3740 2126 3823 omnimoda
2157 3768 2502 3823 solemnitate
2532 3781 2595 3821 ac
2623 3764 2846 3829 laetitia;
2874 3776 3051 3831 neque
3085 3760 3230 3815 enim
3267 3772 3381 3809 am-

146 3827 249 3900 θεῷ
275 3832 373 3898 τὰς
418 3834 599 3907 εὐχάς
633 3853 750 3901 σου,
781 3836 913 3890 διότι
955 3838 1017 3890 οὐ
1052 3838 1131 3909 μὴ
1157 3838 1465 3911 προσθῶσιν
1504 3838 1584 3893 ἔτι
1616 3842 1707 3894 τοῦ

1810 3855 1954 3924 plius
1979 3854 2375 3925 supervenient
2403 3853 2496 3923 qui
2525 3869 2613 3907 res
2649 3861 2772 3906 tuas
2801 3846 3176 3920 pessumdent,
3213 3857 3381 3912 quau-

144 3918 347 4010 διελθεῖν
381 3928 465 3991 εἰς
514 3927 848 3981 παλαίωσιν.
890 3947 908 3980 ι
953 3928 1029 3999 (p.
1059 3929 1186 3999 356)
1218 3926 1351 3983 Ἐσο
1400 3930 1464 4001 δὴ
1506 3932 1601 3985 καὶ
1641 3932 1706 3984 σὺ

1812 3918 2103 4010 doquidetu
2180 3940 2259 3995 illi
2328 3918 2442 4009 jatu
2520 3918 2822 4010 perierunt.
2895 3936 3077 4001 Quare
3155 3932 3305 3984 addit
3370 3945 3384 3980 :

143 4007 307 4065 λοιπὸν
326 4016 384 4068 ἐν
418 4017 665 4086 ἡδοναῖς,
692 4018 787 4072 καὶ
813 4019 911 4083 τὰς
940 4018 1285 4090 καθηκούσας
1320 4021 1510 4092 ἑορτάς
1529 4039 1587 4075 τε
1602 4024 1707 4077 ’καὶ

1819 4048 1838 4082 ι
1885 4007 2442 4085 Consuutmatuscst
2487 4007 2648 4099 atque
2694 4028 2961 4082 sublatus.
3003 4043 3022 4075 ι
3071 4023 3385 4076 Destructus

142 4099 290 4171 εὐχὰς
330 4106 409 4178 τῷ
454 4107 583 4179 Θεῷ
638 4109 776 4178 μετὰ
817 4110 997 4180 πάσης
1022 4109 1294 4181 ὲκπλήρου
1320 4111 1419 4181 τῆς
1473 4112 1707 4185 σπουδῆς

1814 4124 1917 4179 cst,
1951 4117 2150 4187 inquit,
2185 4117 2278 4186 qui
2310 4117 2422 4171 haec
2451 4133 2619 4171 ausus
2646 4118 2836 4169 fuerat.

141 4195 265 4249 πάνυ
310 4216 375 4269 γε
424 4200 655 4275 θαρῤὦν
678 4219 692 4233 ⁸
726 4202 802 4266 ὡς
851 4202 951 4256 οὐκ
980 4201 1047 4256 ἂν
1086 4203 1362 4257 ἐπέλθοιεν
1390 4205 1468 4259 ἔτι
1502 4206 1593 4259 ἐπὶ
1623 4206 1702 4278 τῷ
1724 4223 1776 4260 τι
1805 4207 2110 4282 διαφθεῖραι
2155 4210 2263 4265 τῶν
2295 4210 2674 4283 προσηκόντων
2705 4209 2831 4279 ὑμῖν
2853 4202 3183 4265 ἀπολωλότες
3217 4192 3382 4260 ἅπαξ.

137 4288 218 4343 Διὸ
236 4291 435 4363 ἐπάγει
455 4314 471 4327 ο
498 4314 519 4349 ι
558 4296 995 4363 Συντετέλεσται,
1028 4298 1270 4371 ἐξῆρται.
1301 4318 1319 4351 ι
1352 4300 1673 4371 Ἠφάνισται
1701 4302 1831 4376 γὰρ,
1852 4306 2035 4374 φησὶν,
2060 4308 2088 4359 ὁ
2113 4305 2288 4361 ταῦτα
2316 4306 2547 4378 τολμῶν.

793 4439 952 4493 ΚΕΦ.
978 4439 1057 4495 B’.

2464 4443 2619 4500 CAP.
2656 4441 2723 4499 ll.

194 4564 334 4639 Στίχ.
369 4568 517 4621 αὀδν.
546 4599 619 4610 -
653 4586 674 4620 ι
730 4568 920 4640 Ἀνέϐη
977 4571 1236 4643 ἐμφυσῶν
1285 4574 1367 4638 εἰς
1419 4575 1708 4647 πρόσωπον

132 4654 302 4722 αὑτοῦ,
331 4658 730 4731 ἐξαιρούμενος
759 4660 823 4715 ἐκ
855 4662 1103 4731 θλίψεως.
1129 4684 1146 4715 ι
1168 4664 1299 4718 Θεία
1322 4666 1429 4739 γάρ
1457 4685 1541 4731 τις
1568 4668 1707 4741 ὀργὴ

130 4745 303 4821 ῶσπερ
324 4752 697 4825 ὲμερυσήματι
722 4752 829 4805 τινὶ
872 4753 1148 4819 παντελῶς
1182 4756 1344 4809 αὑτὸν
1372 4757 1561 4811 ἔσϐεσε
1587 4759 1707 4813 καθ’

131 4838 271 4910 ὑμῶν
295 4842 680 4915 έξαπτόμενον
703 4862 714 4874 ·
736 4842 879 4897 ὥστε
911 4861 971 4897 σε
1011 4846 1279 4918 μηδεμίαν
1317 4847 1494 4918 θλίψιν
1522 4848 1708 4903 ἐντεῦ-

127 4928 207 4980 θεν
234 4931 579 4986 ὑποπτεύειν
627 4933 838 4989 λοιπόν.
875 4933 1064 4988 Ταῦτα
1101 4935 1175 4999 ὡς
1210 4937 1347 5007 πρὸς
1374 4938 1465 4991 τὸν
1504 4937 1707 5013 Ἰούδαν

127 5021 371 5099 εἰρηκὼς,
395 5023 694 5098 ἑορτάζειν
724 5025 1005 5093 ὀφείλοντα
1031 5027 1125 5079 ἐπὶ
1150 5029 1214 5099 τῇ
1248 5027 1343 5081 τοῦ
1368 5029 1591 5083 τοιαῦτα
1614 5047 1705 5083 τε·

122 5094 447 5187 τολμηθτος
479 5119 613 5172 κατ’
639 5118 819 5172 αὐτῶν
856 5118 1097 5189 ἀπωλείᾳ
1118 5158 1134 5184 ,
1179 5122 1369 5192 τρέπει
1419 5122 1483 5193 δὴ
1521 5123 1706 5177 λοιπὸν

124 5206 247 5276 πρὸς
268 5210 398 5272 τοὺς
442 5209 754 5275 Νινευῖτας
780 5215 872 5264 τὸν
906 5211 1084 5281 λόγον.
1118 5231 1137 5263 ι
1172 5212 1477 5266 Σκόπευσον
1509 5214 1644 5269 ὀδόν.
1681 5234 1700 5266 ι

120 5297 250 5369 Ὀρα
272 5301 361 5371 δὴ,
395 5301 569 5371 φησὶ,
623 5303 748 5366 τοὺς
806 5305 1018 5359 ἐπιέναι
1068 5322 1150 5359 σοι
1186 5305 1493 5376 μέλλοντας.
1520 5325 1537 5358 ι
1563 5309 1706 5378 Κρα-

119 5406 269 5461 τησον
296 5394 533 5463 ὀσφύος.
566 5413 589 5448 ι
641 5396 903 5466 Σύσφιξον
952 5400 1086 5469 πρὸς
1118 5400 1383 5473 τοσαύτην
1429 5400 1613 5471 ἔφοδον
1656 5402 1705 5455 εί

117 5482 238 5557 δύνῃ
301 5487 535 5540 σαυτόν.
579 5504 601 5537 ι
642 5488 922 5559 Ἀνδρισαι
982 5494 1048 5562 τῇ
1097 5492 1241 5562 ἰσχύϊ
1270 5493 1494 5564 σφόδρα.
1535 5513 1555 5546 ι
1588 5494 1704 5547 Νῦν

118 5589 202 5628 σου
223 5577 323 5649 τὴν
361 5578 632 5649 μεγάλην
650 5580 864 5653 ἐκείνην
898 5584 1165 5649 ἐπίδειξαι
1204 5586 1452 5658 δύναμιν.
1500 5607 1521 5640 ι
1558 5590 1703 5643 Διό-ξι

115 5668 462 5744 ἀπέστρεψεν
494 5671 714 5741 Κύριος
736 5674 835 5745 τὴν
868 5674 1024 5746 ὓϐριν
1076 5677 1286 5743 Ἰακὼϐ,
1314 5679 1495 5744 καθὼς
1548 5679 1703 5752 ὓϐριν

115 5762 199 5815 τοῦ
233 5765 485 5837 Ἰσραήλ.
533 5784 554 5817 ι
611 5765 766 5819 Ἀλλὰ
789 5766 897 5839 γὰρ
926 5770 986 5821 ού
1010 5769 1233 5825 δυνατόν
1264 5788 1345 5825 σοι
1373 5771 1442 5826 τὰ
1468 5773 1703 5826 ἐπινινόσ

1882 4579 2049 4637 Vens.
2092 4581 2301 4637 1-4.--
2331 4600 2349 4633 ι
2380 4578 2639 4635 Ascendit
2678 4577 2770 4648 qui
2812 4574 3045 4631 insulDet
3091 4573 3144 4627 in
3188 4570 3383 4625 faciem

1808 4671 1951 4742 ejus,
1987 4674 2077 4743 qui
2130 4672 2196 4726 de
2236 4672 2545 4727 calamitate
2585 4671 2801 4740 eripiat.
2834 4688 2852 4721 ι
2893 4667 3117 4729 Divina,
3170 4663 3381 4735 inquit,

1809 4762 1888 4816 ira
1911 4778 2009 4818 ceu
2042 4763 2170 4816 ﬂatu
2215 4762 2450 4833 quodam
2506 4777 2733 4833 prorsus
2760 4759 2910 4815 illum
2941 4756 3200 4813 exstinxit
3224 4795 3238 4822 ,
3286 4752 3381 4823 qui

1807 4862 1996 4908 contra
2029 4869 2125 4907 vos
2146 4868 2413 4909 accensus
2441 4852 2617 4907 fuerat
2647 4870 2660 4906 :
2692 4867 2860 4922 quare
2878 4850 2991 4920 jam
3020 4848 3221 4902 nullam
3252 4845 3382 4901 hinc

1807 4946 2014 5001 cladem
2039 4945 2307 5016 suspicari
2338 4945 2607 5016 poteritis.
2639 4942 2733 4998 llis
2752 4942 2945 5000 Judam
2974 4940 3153 4997 verbis
3176 4939 3381 4992 allocu-

1808 5044 1928 5098 tus,
1948 5036 2147 5107 quibus
2172 5051 2296 5091 eum
2329 5037 2497 5105 jussit
2531 5035 2726 5090 festum
2771 5050 2931 5104 agere
2957 5039 3176 5103 propter
3196 5030 3383 5083 adver-

1807 5127 1937 5181 sarii
1972 5127 2056 5181 sui
2092 5127 2410 5196 perniciem,
2449 5141 2753 5183 sermonem
2781 5126 3038 5195 deinceps
3075 5124 3141 5179 ad
3169 5120 3379 5177 Ninivi-

1806 5227 1892 5272 tas
1920 5219 2208 5273 convertit.
2233 5238 2250 5271 ‹
2283 5217 2523 5273 Observa
2553 5217 2714 5272 viam.
2746 5236 2765 5269 ι
2802 5215 3012 5271 Vidcsis
3033 5216 3254 5286 quinam
3278 5211 3377 5269 tibi

1806 5305 2208 5381 superveniant.
2232 5331 2249 5362 ι
2272 5311 2509 5367 Lumbos
2528 5313 2745 5367 robora.
2775 5330 2794 5362 ›
2812 5311 2888 5364 Ad
2905 5307 3171 5379 ejusmodi
3192 5308 3379 5362 incur-

1805 5406 2033 5468 sionem,
2060 5406 2104 5460 si
2131 5406 2298 5473 vales,
2320 5403 2691 5460 sustinendam
2734 5386 3099 5473 przecinéitor.
3134 5420 3154 5453 ι
3193 5398 3379 5453 Virili-

1807 5507 1888 5552 tcr
1908 5496 2197 5552 admodum
2220 5513 2337 5567 age.
2367 5516 2385 5549 ι
2408 5496 2563 5552 Nunc
2588 5498 2843 5553 tuasillas
2875 5496 3121 5566 ingentes
3149 5492 3375 5549 ostende

1805 5589 1967 5643 vires.
2012 5606 2030 5639 ι
2088 5589 2356 5655 Quoniam
2409 5590 2604 5644 avertit
2662 5588 2926 5643 Dominus
2984 5586 3372 5642 contumeliam

1805 5671 1997 5745 Iacob,
2025 5681 2166 5736 sicut
2195 5683 2583 5737 contumeliam
2620 5680 2857 5737 lsraclis.
2901 5701 2917 5733 ι
2952 5678 3200 5734 Profecto
3227 5676 3372 5732 baud

1809 5786 1957 5848 poles
2001 5788 2258 5834 cvcntura
2308 5779 2447 5833 mala
2503 5779 2710 5849 vitare;
2761 5796 2884 5836 nam
2924 5794 3043 5853 qua:
3082 5787 3139 5835 tu
3181 5778 3369 5837 lsracli
