3934 6524
227 383 315 437 ιιδ

1165 378 1716 435 COMMENTARIUS
1753 380 1819 434 IN
1855 382 2126 440 NAllUMl
2167 384 2317 442 CAP.
2360 387 2420 441 ll.

3315 381 3424 436 414

224 499 395 564 δήσῃ.»
427 489 486 543 τὸ
531 511 549 542 ι
587 491 870 544 ἀνέϐαινεν
912 509 930 541 ι
966 492 1167 554 εἰπὼν,
1200 492 1382 556 καθὼς
1417 495 1756 548 ἐναλλάττειν

1864 501 2086 554 multum
2118 503 2296 556 valere
2321 502 2575 570 jubentes
2604 503 2892 573 pristinum
2923 498 3209 569 imperium
3242 505 3418 559 tuum,

223 587 356 641 είωθε
377 583 462 634 τὸν
485 583 700 652 χρόνον.
743 583 1015 656 ’Λναὸήσῃ
1039 586 1168 655 γὰρ,
1205 587 1388 654 φησιν,
1417 587 1506 639 ἐπὶ
1533 587 1625 641 τὸν
1646 587 1754 642 τῶν

221 674 461 744 πολεμίων
492 674 732 744 ἀγομένη
764 674 986 743 βασιλέα
1012 675 1087 739 ὼς
1121 677 1466 746 αἰχμάλωτος
1493 674 1628 732 οὖσα
1651 678 1755 732 λοι-

221 772 334 822 πόν·
380 767 467 820 καὶ
517 769 687 820 πᾶσαι
738 768 797 820 δέ
837 785 927 820 σου
972 769 1027 820 αἱ
1062 768 1290 838 ὑπήκοοι
1327 768 1509 831 πόλεις
1556 787 1614 822 τε
1662 772 1756 822 καὶ

1863 592 2083 646 servitio
2123 601 2299 646 tecum
2330 593 2681 659 addicentur;
2731 594 2897 647 tacita
2938 591 3286 660 cogitatione,
3329 600 3422 640 co-

1851 679 2048 733 lumbae
2096 695 2264 742 more,
2308 696 2460 735 suam
2497 682 2700 751 pariter
2733 691 2894 753 atque
2934 691 3080 734 tuam
3128 683 3422 732 manentes

1864 771 2246 825 caiamitatem.

219 863 398 933 χῶραι,
422 860 611 922 δούλας
639 861 747 930 γὰρ
779 861 980 923 ταύτας
1013 862 1288 932 ὠνόμαζε,
1321 863 1506 934 μακρὰ
1547 865 1756 934 χαίρειν
1785 864 2033 917 εἰποῦσαι
2063 869 2128 936 τῇ
2176 865 2452 936 προσούσῃ
2491 883 2572 918 σοι
2611 865 2868 936 πρότερον
2907 864 3170 934 βασιλείᾳ,
3209 862 3300 913 ἐπὶ
3325 858 3422 928 τὴν

220 953 563 1023 αἰχμαλωσίαν
596 953 921 1023 ἀχθήσονται
957 956 1126 1008 πᾶσαι
1165 955 1261 1007 σῦν
1290 956 1518 1016 acip/mf
1551 955 1758 1007 ἔννοιαν
1793 959 2122 1028 περιστερᾶς
2153 957 2306 1026 δίην
2349 958 2447 1021 τὰς
2481 958 2686 1011 ἑαυτῶν
2726 976 2784 1010 τε
2814 958 2907 1010 καὶ
2938 957 3030 1009 σοῦ
3073 951 3422 1018 στενάζουσαί

217 1064 264 1097 τε
296 1046 376 1096 καὶ
397 1043 708 1114 ὀδυρόμεναι
740 1046 1040 1116 συμφοράς.

279 1136 410 1204 Στίχ.
446 1135 585 1206 η’,θ’.
629 1168 696 1176 --
724 1134 854 1190 Εἶτα
881 1138 978 1207 τήν
1021 1138 1255 1192 παλαιὰν
1298 1138 1603 1209 εὐπραγίαν
1656 1138 1756 1192 αὐ-

219 1231 311 1283 τῶν
332 1245 474 1296 φησι,
502 1227 725 1296 διαιρῶν
751 1231 828 1293 εἰς
862 1229 1030 1282 ταῦτα
1051 1230 1142 1282 τὸν
1168 1230 1322 1297 λόγον
1343 1247 1356 1260 ⁸
1385 1231 1478 1283 καὶ
1509 1230 1635 1284 ποτέ
1659 1230 1758 1300 μὲν

218 1325 266 1374 ἐν
294 1321 414 1380 οἵοις
442 1319 858 1389 ἐξετασθήσεται
892 1324 1082 1383 κακοῖς
1113 1321 1396 1384 διδάσκων,
1423 1321 1552 1373 ποτέ
1581 1321 1637 1374 δὲ
1659 1323 1758 1390 τὴν

219 1409 364 1464 πάλαι
391 1408 697 1478 προσοῦσαν
722 1409 904 1473 αὐτοῖς
935 1410 1278 1480 ἐκτιθέμενος
1305 1410 1620 1467 δυναστείαν
1640 1427 1654 1441 ’
1683 1410 1757 1474 ὼς

216 1502 272 1555 ἂν
301 1501 384 1554 καὶ
412 1499 584 1568 τούτῳ
617 1500 677 1552 τὸ
715 1501 1009 1571 συμϐαῖνον
1053 1502 1191 1571 αὐτῇ
1239 1500 1408 1564 πάθος
1447 1499 1754 1570 αύξήσειεν,

215 1594 257 1644 εί
300 1590 398 1644 ἀπὸ
453 1591 706 1644 τοιούτων
746 1593 826 1654 εἰς
873 1592 1098 1646 τοιαῦτα
1150 1591 1493 1661 ἀφικνεῖσθαι
1555 1590 1754 1660 μέλλει.

219 1702 236 1733 ι
271 1683 370 1736 Καὶ
398 1681 597 1751 Νινευὴ
631 1683 704 1745 ὡς
741 1683 1094 1754 κολυμϐήθρα
1138 1682 1325 1746 ὓδατος
1367 1684 1436 1735 τὰ
1466 1682 1632 1736 ῦδατα
1667 1683 1760 1734 αύ-

211 1773 295 1842 τῆς
314 1789 326 1800 ⁸
357 1771 445 1824 καί
471 1772 624 1823 αὐτοὶ
649 1771 938 1840 φεύγοντες
962 1774 1059 1825 οὐκ
1105 1773 1357 1842 ἔστησαν,
1391 1775 1481 1827 καὶ
1506 1773 1605 1827 οὐκ
1634 1769 1700 1844 ἦν
1730 1773 1758 1824 ὁ

212 1863 521 1916 ἐπιϐλέπων.
563 1863 789 1917 ι-Πάλαι
823 1865 918 1933 μὲν
952 1865 1059 1934 γὰρ
1091 1865 1473 1936 κολυμϐήθρας
1497 1866 1758 1936 μεγίστης

209 1955 504 2025 διήλλαττεν
539 1955 689 2007 οὐδὲν
729 1957 1136 2026 ύπερχεομένης
1175 1956 1252 2026 τῷ
1297 1955 1449 2009 ὕδατι
1493 1957 1759 2026 πανταχό-

210 2046 308 2107 θεν,
332 2047 404 2115 (p.
427 2047 555 2114 5.10)
580 2048 672 2098 καὶ
695 2047 919 2110 πολλοὺς
942 2049 999 2099 ἐν
1025 2048 1187 2118 ἑαυτῇ
1213 2047 1519 2119 τρεφούσης
1549 2047 1756 2117 ἰχθύας·

207 2138 331 2190 οῦτω
355 2137 551 2189 πολλοῦ
586 2139 682 2205 μὲν
711 2139 954 2207 γέμουσα
987 2137 1222 2208 πλήθους
1264 2139 1464 2192 οἰκείου
1490 2159 1499 2167 ·
1531 2138 1760 2202 πολλοὺς

205 2228 253 2279 δὲ
282 2229 340 2279 ἐκ
361 2226 472 2279 τῶν
504 2227 754 2297 πολέμων
778 2228 1153 2298 αἰχμαλώτους
1183 2229 1380 2300 ἔχουσα
1404 2231 1532 2301 παρ’
1565 2230 1756 2301 ἑαυτῇ·

207 2319 286 2370 νῦν
313 2320 364 2371 δὲ
392 2321 477 2381 εἰς
502 2320 658 2372 τοῦτο
688 2321 1023 2392 κατέστησαν
1063 2321 1436 2393 ταλαιπωρίας
1458 2363 1471 2385 ,
1504 2323 1579 2385 ὼς
1626 2324 1760 2394 μηδὲ

205 2410 527 2480 βραχύτατον
569 2412 758 2480 στῆναι
799 2413 935 2482 πρὸς
975 2414 1098 2474 τοὺς
1135 2414 1426 2482 πολεμίους
1449 2415 1756 2484 δυνάμενοι,

202 2502 322 2569 προς
352 2501 532 2572 φυγὴν
567 2503 692 2554 ἰδεῖν
715 2520 728 2534 ο
761 2503 1044 2573 εὑρίσκετο
1066 2505 1121 2559 δέ
1147 2505 1318 2567 οὐδεὶς
1348 2507 1457 2568 τοῖς
1485 2504 1757 2568 τοσούτοις

197 2595 392 2664 ἐφορῶν
447 2598 676 2656 κακοῖς,
717 2595 748 2664 ἦ
801 2613 921 2648 τινα
968 2596 1250 2666 διόρθωσιν
1287 2597 1470 2660 αὐτοῖς
1514 2599 1754 2666 ἐπάγων.

204 2703 220 2734 ‹
257 2684 565 2755 Διήρπαζον
602 2686 661 2737 τὸ
702 2685 986 2755 ἀργύριον,
1023 2687 1320 2757 διήρπαζον
1360 2688 1420 2739 τὸ
1450 2689 1690 2759 χρυσίον.
1733 2710 1752 2742 ›

201 2776 432 2830 ’Δπαντα
477 2777 540 2848 δὴ
579 2777 759 2831 λοιπὸν
787 2779 852 2832 δι’
881 2780 1134 2849 ἁρπαγῆς
1164 2781 1214 2830 οἱ
1246 2779 1497 2851 πολέμιοι
1530 2781 1596 2834 τὰ
1630 2782 1759 2851 παρ’

199 2869 364 2931 αὐτοῖς
401 2868 705 2922 ἐποιοῦντο.
751 2887 769 2919 ι
817 2869 926 2922 Καὶ
960 2872 1058 2922 οὐκ
1096 2865 1163 2938 ἦν
1206 2871 1376 2940 πέρας
1420 2871 1514 2923 τοῦ
1553 2872 1756 2941 κόσμου

197 2956 374 3024 αὐτῆς.
408 2977 428 3008 ›
474 2957 870 3026 Ἀναρίθμητόν
893 2975 1012 3010 τινα
1036 2958 1265 3010 πλοῦτον
1295 2959 1472 3011 αὐτῶν
1503 2960 1761 3030 ἀφαιρού-

202 3061 357 3112 μενοι,
392 3039 551 3114 ᾧπερ
588 3046 912 3115 ἐκοσμοῦντο
959 3047 1020 3098 τὸ
1064 3047 1312 3117 πρόσθεν.
1359 3065 1378 3098 ι
1419 3049 1757 3118 Βεϐάρυνται

199 3133 323 3204 ὑπὲρ
349 3137 527 3190 πάντα
552 3137 622 3189 τὰ
652 3136 818 3205 σκεύη
843 3137 1013 3205 αὐτῆς
1037 3137 1104 3189 τὰ
1137 3139 1464 3210 ἐπιθυμητὰ.
1500 3159 1518 3191 ι
1555 3139 1759 3211 Πολλὴν

196 3225 315 3291 γοῦν
371 3227 614 3295 μάλιστα
659 3227 754 3297 τὴν
799 3227 1033 3297 σπουδὴν
1075 3228 1351 3281 ἐποιοῦντο
1390 3229 1458 3282 τὰ
1500 3230 1758 3284 δοκοῦντα

197 3317 338 3387 τίμια
367 3313 532 3379 εἶναι,
570 3318 662 3370 καὶ
695 3317 730 3371 ἃ.
765 3318 899 3388 μετὰ
929 3317 1127 3389 πολλῆς
1157 3319 1311 3388 ἔσχον
1338 3321 1435 3390 τῆς
1471 3322 1760 3391 ἐπιθυμίας

195 3407 478 3476 ἀφελέσθαι
508 3409 640 3478 παρ’
667 3406 863 3460 αὐτῶν·
888 3407 948 3460 τὸ
974 3410 1080 3480 γὰρ
1110 3429 1128 3459 ι
1159 3409 1506 3480 βεδάρυνται,
1533 3431 1551 3463 ι
1577 3412 1760 3482 ὅμοιόν

197 3501 302 3552 ἐστι
334 3501 425 3552 τοῦ
455 3503 514 3552 ἐν
546 3503 665 3562 ταῖς
697 3502 1024 3565 Βασιλείαις,
1066 3522 1083 3554 ι
1137 3504 1437 3575 Ἐὁαρύνθη
1468 3509 1495 3558 ὀ
1528 3507 1762 3578 πόλεμος

194 3591 277 3641 ἐπὶ
323 3590 534 3654 Σαοὺλ,
596 3611 613 3642 ι
669 3591 754 3643 ἵνα
805 3593 934 3664 εἴπῃ
973 3595 1054 3645 ὅτι
1099 3597 1216 3646 κατ’
1268 3597 1443 3650 ἐκεῖνο
1486 3599 1544 3648 τὸ
1600 3599 1763 3671 μέρος

195 3681 465 3733 ἐπέκειντο
514 3681 750 3751 μάλιστα
799 3684 848 3735 οἱ
902 3685 1181 3755 πολέμιοι·
1226 3685 1368 3738 οῦτω
1400 3689 1672 3741 κάνταῦθα
1704 3691 1762 3743 τὸ

197 3793 212 3823 ι
237 3775 567 3845 βισάρυνται
599 3794 616 3826 ι
651 3776 816 3843 λέγει,
841 3777 927 3830 ἵνα
953 3778 1079 3848 εἴπῃ
1101 3779 1180 3829 ὅτι
1203 3776 1398 3831 πλείων
1428 3780 1554 3850 περὶ
1584 3781 1762 3833 ἐκεῖνα

193 3866 222 3935 ἡ
251 3867 452 3937 σπουδὴ
477 3869 595 3930 τοῖς
627 3869 903 3939 πολεμίοις
935 3869 1197 3938 ἐγίγνετο.

251 3961 400 4030 Στίχ.
435 3961 489 4023 ι’,
533 3967 620 4013 ια’.
670 3992 737 4002 -—
782 3981 799 4011 ι
862 3961 1217 4032 Ἐκτιναγμὺς
1248 3964 1342 4016 καὶ
1379 3964 1760 4034 ἀνατιναγμος,

153 4096 160 4102 .
190 4052 501 4124 ἐκϐρασμὸς
529 4054 623 4106 καὶ
655 4053 881 4126 καρδίας
910 4053 1209 4124 θραυσμὸς,
1239 4057 1330 4108 καὶ
1361 4056 1615 4118 ὑπόλυσις
1638 4073 1765 4124 γου-

187 4144 386 4207 νάτων,
429 4147 532 4198 καὶ
573 4144 757 4207 ὠδῖνες
788 4145 879 4196 ἐπὶ
916 4147 1095 4199 πᾶσαν
1153 4147 1340 4216 ὀσφῦν,
1389 4150 1480 4201 καὶ
1511 4149 1571 4200 τὸ
1605 4149 1765 4220 πρόσ-

185 4249 326 4285 ωπον
355 4233 546 4286 αὐτῶν
567 4233 640 4296 ὡς
662 4234 985 4303 πρόσκαυμα
1008 4234 1228 4304 χύτρας.
1261 4255 1278 4286 ι
1311 4236 1563 4289 Βούλεται
1593 4239 1764 4290 εἰπεῖν

182 4321 261 4373 ὅτι
289 4323 568 4385 ποικίλοις
602 4325 665 4374 ἐκ
694 4322 801 4375 τῶν
830 4323 1101 4392 πολεμίων
1133 4341 1196 4374 πε
1206 4324 1623 4394 ριϐληθήσονται
1653 4329 1764 4388 τοῖς

186 4416 369 4475 κακοῖς
401 4415 478 4482 (p.
511 4414 640 4482 5M)
667 4414 1100 4483 ἐκτιναττόμενοι
1127 4416 1219 4468 καὶ
1249 4413 1659 4486 ἐκϐραζόμενοι·
1689 4417 1765 4478 ὡς

182 4505 464 4568 παντελῶς
505 4505 605 4576 μὲν
632 4507 814 4568 αὐτοῖς
838 4507 935 4575 τῆς
966 4507 1204 4569 διανοίας
1235 4508 1520 4577 σϐεσθῆναι
1551 4508 1643 4560 τὸν
1676 4509 1763 4560 λο-

1931 1131 2096 1187 Vens.
2120 1133 2175 1196 8,
2202 1132 2256 1187 9.
2276 1163 2346 1174 -—-
2369 1133 2569 1188 Deinde
2604 1133 2888 1203 pristinam
2917 1132 3224 1188 felicitatem
3257 1137 3420 1201 dicit,

1857 1223 1936 1277 sic
1987 1223 2281 1277 distributo
2329 1239 2598 1287 sermone,
2640 1232 2695 1278 ut
2731 1224 2893 1277 modo
2930 1225 3069 1277 mala
3101 1227 3298 1294 quibus
3331 1230 3423 1283 illa

1855 1315 2186 1369 cruciabitnr
2231 1324 2452 1376 narret,
2512 1315 2674 1368 modo
2735 1325 2971 1370 veterem
3029 1329 3424 1374 commemoret

1856 1406 2196 1476 dignitatem,
2243 1407 2500 1461 nimirum
2545 1415 2604 1460 ut
2638 1408 2884 1462 incidens
2911 1407 3265 1463 infortunium
3305 1409 3426 1465 ideo

1854 1499 2072 1567 gravius
2119 1497 2242 1557 llat.
2299 1499 2442 1568 quod
2497 1500 2626 1555 talis
2673 1501 2804 1554 urbs
2852 1500 2918 1554 ad
2962 1501 3091 1555 talia
3123 1500 3422 1558 devenerit.

1861 1607 1879 1638 ι
1911 1588 2120 1650 Ninive,
2171 1599 2230 1642 ut
2272 1604 2427 1659 aqua:
2464 1591 2671 1658 piscina
2697 1607 2850 1661 aqua:
2887 1590 3026 1660 ejus.
3071 1590 3177 1662 Ipsi
3207 1605 3426 1664 arrepta

1856 1677 1981 1748 fuga
2023 1695 2290 1748 nusquam
2330 1682 2729 1747 substiterunt;
2775 1697 2878 1736 nec
2920 1689 3039 1737 erat
3087 1684 3181 1752 qui
3214 1685 3427 1753 aspice-

1856 1779 1958 1824 ret.
1985 1791 2003 1822 ›
2041 1769 2178 1824 Olim
2211 1771 2428 1842 quidem
2476 1787 2505 1824 a
2551 1773 2762 1842 piscina
2793 1773 3029 1829 maxima
3063 1789 3178 1828 non
3211 1774 3427 1831 differe-

1859 1862 2011 1923 bant,
2045 1863 2202 1932 aquis
2261 1863 2500 1933 undique
2550 1864 2761 1925 al'fusis,
2810 1865 3157 1919 multitudine
3192 1868 3426 1935 piscium

1861 1952 2058 2008 ibidem
2104 1955 2255 2008 alita.
2319 1954 2409 2010 Sic
2443 1956 2694 2010 videlicet
2722 1954 2916 2010 Ninive
2945 1955 3297 2010 multitudine
3331 1972 3427 2025 po-

1861 2045 1972 2114 puli
1994 2044 2360 2111 redundabat;
2391 2047 2592 2101 multos
2619 2061 2836 2116 quoque
2862 2046 3004 2100 bello
3031 2056 3220 2116 captos
3253 2048 3428 2101 Immi-

1860 2150 1956 2190 nes
1983 2137 2125 2205 apud
2156 2152 2218 2190 se
2257 2136 2486 2191 habens.
2547 2135 2703 2191 Nune
2747 2152 2878 2191 vero
2907 2145 3057 2190 tanta
3097 2136 3426 2192 adversitate

1859 2237 1986 2281 sunt
2014 2230 2284 2297 oppressi,
2312 2238 2372 2282 ut
2398 2245 2464 2284 ne
2502 2229 2826 2284 brevissime
2859 2229 3077 2299 quidem
3109 2238 3298 2283 contra
3325 2231 3427 2283 ho-

1860 2329 1973 2374 stes
2001 2319 2054 2372 in
2081 2319 2197 2373 acie
2222 2321 2494 2380 steterint.
2512 2321 2805 2390 quominus
2828 2338 2886 2376 se
2913 2323 3048 2391 fugae
3070 2321 3250 2375 statim
3277 2337 3427 2376 eom-

1859 2411 2156 2466 mitterent.
2194 2410 2362 2465 Porro
2394 2420 2575 2466 autem
2605 2428 2766 2466 nemo
2795 2414 3050 2466 inventus
3085 2420 3189 2473 est.
3220 2414 3310 2481 qui
3340 2414 3426 2467 his

1859 2504 2014 2558 malis
2057 2511 2291 2558 mentem
2340 2505 2682 2567 intenderet,
2739 2515 2833 2557 aut
2877 2503 3066 2559 iisdem
3103 2504 3425 2558 medicinam

1859 2598 2093 2664 aliquam
2120 2596 2340 2651 faceret.
2404 2616 2421 2647 ι
2454 2596 2805 2666 Diripuerunt
2847 2605 3152 2667 argentum,
3188 2595 3428 2666 diripue-

1859 2697 1989 2742 runt
2040 2704 2298 2745 aurum.»
2363 2690 2600 2744 Cunctas
2647 2691 2840 2744 horum
2882 2705 3012 2760 opes
3066 2691 3258 2760 praeda:
3327 2690 3427 2742 ha-

1859 2780 2092 2833 buerunt
2143 2781 2343 2834 hostes.
2419 2800 2436 2832 ί
2490 2781 2676 2850 Neque
2719 2790 2836 2835 erat
2898 2781 3020 2836 linis
3079 2788 3430 2834 ornamento-

1859 2887 1978 2924 rum
2021 2871 2159 2936 ejus.
2192 2890 2209 2922 ι
2257 2872 2572 2926 Innumeras
2628 2872 2847 2926 divitias
2900 2872 3251 2940 eripuerunt,
3303 2870 3427 2938 qui-

1859 2961 1961 3014 bus
1988 2960 2147 3030 223
2183 2969 2340 3014 antea
2369 2964 2686 3015 ornabatur.
2729 2978 2746 3011 ι
2777 2959 3064 3029 Aggravati
3108 2967 3236 3014 sunt
3262 2971 3430 3026 super

1859 3064 2073 3103 onmem
2119 3051 2506 3119 supellectilem
2541 3051 2662 3120 ejus
2714 3050 3194 3105 desiderabilem.)
3253 3049 3428 3105 Vehe-

1860 3145 2025 3197 menti
2058 3143 2238 3197 studio
2271 3142 2339 3196 ad
2369 3144 2601 3212 pretiosa
2627 3159 2856 3212 quicque
2889 3150 3139 3204 ruerunt,
3172 3143 3430 3195 multam-

1788 3261 1829 3317 ο
1862 3252 1967 3304 que
2010 3236 2302 3304 diripiendi
2345 3251 2463 3289 eam
2509 3236 2861 3304 cupiditatem
2912 3250 3021 3304 pra:
3068 3249 3124 3287 se
3162 3235 3423 3287 tulerunt.

1861 3327 1994 3380 Nam
2019 3328 2185 3380 dictio
2215 3327 2487 3396 aggravati
2520 3335 2664 3392 sunt,
2694 3327 2834 3379 idem
2878 3326 3149 3396 significat
3173 3333 3333 3394 atque
3372 3325 3428 3378 in

1861 3417 2173 3487 Regnorum
2206 3418 2392 3474 libris:
2423 3423 2803 3490 «Aggravatum
2819 3425 2903 3471 est
2955 3416 3198 3484 praelium
3239 3425 3429 3468 contra

1864 3509 2079 3564 Saulem
2103 3510 2168 3572 “‘,
2192 3529 2211 3561 ι
2235 3518 2291 3562 ut
2311 3509 2622 3572 denotetur,
2661 3509 2750 3560 illa
2783 3507 3124 3577 potissimum
3153 3515 3307 3575 parte
3346 3505 3428 3558 vi-

1862 3617 1950 3656 res
1979 3601 2213 3654 hostium
2237 3615 2360 3654 sese
2384 3599 2706 3653 intendisse.
2742 3598 2820 3651 ita
2845 3598 2933 3651 hic
2961 3598 3123 3652 etiam
3153 3595 3426 3665 aggravati

1862 3703 1985 3747 sunt
2013 3693 2234 3755 dicitur,
2272 3702 2329 3745 ut
2372 3693 2759 3761 intelligamus,
2791 3690 3134 3758 potissimum
3186 3688 3426 3742 hostium

1863 3782 2103 3836 studium
2131 3782 2276 3834 circa
2307 3795 2436 3849 opes
2459 3795 2580 3834 esse
2616 3785 2912 3832 versatum.

1933 3964 2099 4019 Vens.
2116 3963 2202 4024 lO,
2220 3964 2402 4016 ll.—«
2425 3959 2690 4015 Exeussio
2714 3966 2768 4012 et
2792 3956 3144 4017 rediscussio,
3167 3963 3214 4008 et
3234 3953 3429 4008 ebulli-

1864 4056 1958 4118 tio,
1974 4063 2027 4109 ct
2040 4054 2222 4110 cordis
2236 4051 2539 4106 confractio
2553 4059 2605 4105 et
2620 4064 2854 4119 genuum
2876 4047 3186 4108 dissolutio,
3206 4056 3256 4099 et
3270 4045 3427 4098 dolo~

1864 4163 1949 4200 res
1966 4146 2205 4198 omnium
2221 4158 2434 4204 renum,
2462 4150 2516 4195 et
2534 4139 2702 4195 facies
2716 4155 2903 4194 eorum
2932 4146 2989 4191 ut
3013 4136 3380 4190 adustioollm.
3404 4153 3423 4186 ι

1866 4237 2143 4306 Signiﬁcat
2180 4233 2295 4288 fore
2336 4242 2393 4286 ut
2425 4247 2518 4287 eos
2551 4230 2753 4284 inimici
2787 4230 2953 4283 variis
2981 4227 3216 4280 alliciant
3247 4225 3426 4286 malis,

1864 4329 2052 4384 crebro
2080 4326 2438 4387 excutientes,
2461 4333 2512 4376 et
2530 4322 2831 4392 ejicientes,
2855 4321 2927 4374 ita
2945 4327 3002 4374 ut
3027 4319 3340 4373 universum
3364 4316 3431 4370 iis

1863 4421 2240 4488 exstinguatur
2290 4415 2487 4469 mentis
2534 4412 2902 4466 ratiocinium.
2968 4409 3185 4464 Timore
3247 4417 3427 4462 autem

1867 4527 2095 4564 enerves
2131 4524 2198 4561 ne
2237 4517 2386 4561 stare
2426 4505 2644 4575 quidem
2682 4504 2837 4556 facile
2884 4510 3158 4573 poterunt,
3194 4509 3245 4554 et
3276 4514 3427 4553 com-

181 4597 403 4665 γισμόν⁶
455 4596 851 4665 ἐκλελυμένους
884 4597 938 4649 δὲ
984 4599 1088 4651 ὑπὸ
1120 4599 1213 4651 τοῦ
1254 4599 1403 4662 δέους
1449 4602 1580 4673 μηδέ
1637 4602 1757 4671 στῆ-

1865 4601 2120 4655 munibns
2167 4599 2482 4668 quatientur
2515 4594 2845 4664 angoribus:
2885 4603 3046 4661 atque
3080 4599 3142 4646 ut
3192 4590 3431 4644 breviter

180 4704 263 4738 ναι
290 4687 568 4741 δύνασθαι
605 4689 818 4758 ῥᾳδίως,
854 4690 910 4740 ἐν
941 4689 1154 4753 ὀδύναις
1190 4709 1248 4743 τε
1284 4695 1487 4755 κοιναῖς
1523 4695 1765 4755 ἃπαντας

181 4776 338 4832 εἶναι·
373 4781 477 4832 καὶ
513 4780 794 4849 συντόμως
816 4783 1293 4845 εἰπεῖν,τοιούτους
1324 4785 1388 4836 ἐκ
1416 4786 1514 4854 τῆς
1542 4785 1648 4837 τῶν
1673 4802 1768 4838 x1-

178 4871 286 4924 κῶν
321 4873 572 4943 ἀπορίας
603 4868 760 4937 εἶναι,
790 4873 865 4935 ὡς
895 4874 1057 4942 μηδὲν
1083 4875 1395 4927 ἁπεοικέναι
1426 4878 1768 4947 κεκαυμένης

177 4960 380 5032 χύτρας
419 4963 535 5014 ὑπὸ
571 4962 759 5032 πυρός.
790 4963 899 5014 Καὶ
924 4962 1085 5014 πάλιν
1114 4964 1205 5014 ἐπὶ
1233 4964 1330 5034 τὴν
1364 4968 1582 5037 μνήμην
1614 4966 1767 5034 ἄγων

175 5054 369 5140 abte-25'
411 5057 527 5124 τῆς
557 5054 790 5117 παλαιᾶς
827 5055 1168 5118 δυναστείαςο
1207 5073 1225 5106 ι
1261 5055 1371 5108 Ποῦ
1407 5057 1519 5109 ἔστι
1552 5058 1612 5110 τὸ
1638 5076 1769 5133 καὶτ-

174 5143 502 5215 οικητήριον
567 5145 678 5197 τῶν
723 5145 951 5198 λεόντων
1017 5145 1108 5197 καὶ
1155 5145 1360 5215 ὴνομὴ
1408 5148 1441 5216 ὴ
1490 5142 1624 5199 οῦσα
1655 5152 1767 5211 τοῖς

175 5233 481 5303 σκύμνοιςς
535 5252 554 5284 ι
603 5233 761 5287 Ἀλλὰ
786 5234 893 5305 γὰρ
924 5235 1128 5304 οἴχεται
1153 5235 1209 5287 δὲ
1240 5235 1415 5287 αὐτῶν
1449 5237 1542 5290 καὶ
1574 5240 1606 5306 ἡ
1629 5238 1767 5308 νομὴ

174 5327 351 5377 πᾶσα·
392 5325 499 5377 καὶ
549 5325 656 5394 γὰρ
705 5325 975 5394 σκύμνους
1025 5327 1085 5378 τὸ
1131 5327 1263 5379 αὐτὸ
1294 5327 1478 5395 λέγει,
1523 5329 1766 5382 τουτέστι

172 5417 294 5480 τοὺς
335 5417 606 5478 λέοντας·
644 5415 890 5485 βούλεται
935 5418 991 5470 δὲ
1035 5421 1207 5471 εἰπεῖν
1249 5421 1330 5472 ὅτι
1361 5418 1531 5473 Πάλαι
1581 5422 1680 5489 μὲν
1709 5423 1758 5474 οἱ

169 5507 264 5572 τὴν
309 5506 537 5574 Νινευὴ
583 5506 994 5572 κατοικοῦντες,
1037 5508 1264 5562 λέοντων
1298 5509 1450 5579 δίκην
1482 5506 1578 5580 ἦτε
1627 5514 1760 5565 πᾶσι

169 5600 280 5658 τοῖς
336 5597 566 5666 λοιποῖς
613 5598 866 5668 φοϐεροὶ,
916 5601 1006 5665 καὶ
1064 5603 1131 5654 τὰ
1172 5603 1502 5672 πανταχόθεν
1545 5604 1608 5656 ἐκ
1653 5604 1760 5656 τῶν

169 5687 439 5756 πολέμων
490 5687 861 5759 λαμϐάνοντες
901 5691 1177 5763 ήθροίζετε
1228 5693 1355 5764 παρ’
1399 5687 1628 5757 ἑαυτοῖς*
1668 5696 1762 5756 νῦν

275 5821 371 5878 ιιι
417 5823 570 5892 Reg.
590 5839 732 5887 xm,
755 5824 806 5878 ὅ.

1861 4695 2060 4754 dicam,
2087 4691 2252 4744 tantis
2278 4690 2347 4743 ob
2376 4689 2474 4742 has
2499 4687 2681 4741 clades
2711 4693 3025 4754 premantur
3054 4682 3342 4751 angustiis,
3369 4689 3431 4734 ut

1864 4783 2120 4838 ferventis
2146 4781 2215 4835 ab
2255 4782 2377 4847 igne
2427 4780 2546 4831 ollre
2587 4777 2730 4830 haud
2767 4775 3062 4830 dissimiles
3101 4773 3268 4828 visuri
3300 4773 3429 4826 sint.

1870 4896 1885 4926 ι
1921 4853 2149 4929 Ubinam
2180 4882 2260 4926 est
2289 4875 2503 4925 leonum
2534 4868 2929 4929 habitaculum,
2966 4876 3016 4921 et
3049 4880 3250 4935 pascua
3279 4873 3433 4917 catu-

1866 4967 2081 5021 lorum?
2109 4985 2126 5014 ›
2159 4962 2323 5017 Periit
2348 4964 2564 5015 leonum
2599 4960 2990 5020 habitaculum,
3027 4967 3082 5012 et
3120 4957 3300 5010 omnia
3335 4970 3432 5024 pa-

1867 5073 1996 5111 scua
2028 5071 2238 5109 eorum.
2298 5052 2430 5105 Nam
2463 5052 2627 5104 catuli
2671 5051 2830 5104 iidem
2870 5058 2998 5104 sunt
3028 5057 3190 5118 atque
3226 5049 3429 5101 leones.

1867 5147 2151 5217 Significat
2185 5157 2388 5205 autem,
2424 5143 2645 5196 Ninives
2684 5141 2812 5194 olim
2852 5142 3059 5194 incolas
3088 5142 3302 5194 leonum
3349 5138 3434 5189 in—

1866 5250 1979 5293 star
1999 5238 2211 5291 cunctis
2239 5235 2450 5306 pupulis
2474 5234 2644 5288 fuisse
2669 5234 2960 5294 terribiles,
2984 5240 3037 5286 et
3069 5230 3433 5298 uudequaque

1865 5330 2021 5384 bellis
2055 5329 2158 5382 sibi
2187 5343 2317 5396 opes
2350 5341 2594 5395 parasse.
2649 5322 2806 5377 Nunc
2852 5339 2979 5377 vero
3024 5323 3185 5376 etiam
3217 5319 3427 5379 Ninive.

1867 5422 2064 5492 inquit,
2093 5420 2461 5473 habitaculum
2495 5425 2736 5471 vestrum
2765 5417 2946 5484 periit,
2973 5413 3245 5482 simulque
3271 5410 3434 5480 quid-

1867 5515 1994 5584 quid
2042 5528 2204 5581 opum
2248 5511 2358 5563 illic
2406 5517 2564 5562 antea
2605 5514 2862 5574 congesta
2912 5507 3198 5559 habuistis.
3261 5522 3280 5554 ι
3309 5503 3430 5568 Quo

1868 5607 2000 5658 abiit
2036 5605 2139 5666 leo,
2195 5610 2252 5655 ut
2297 5599 2703 5670 ingrederetur?
2732 5618 2749 5649 ι
2791 5597 2959 5651 Valde
2989 5597 3089 5652 hoc
3115 5596 3425 5678 irridentcr.

1869 5697 2000 5750 Nam
2033 5696 2159 5766 quia
2202 5692 2408 5763 Assyrii
2447 5692 2718 5762 perpetuis
2762 5691 2816 5746 in
2863 5691 3018 5744 bellis
3067 5697 3267 5745 versat!
3310 5688 3428 5737 lue-
