3934 6566
219 363 304 421 617

1159 357 1711 423 COMMENTARIUS
1747 356 1816 417 lN
1850 357 2304 420 NABUMICM’.
2344 359 2434 418 ill.

3313 361 3427 423 818
3511 368 3520 372 ’

215 483 308 544 τοῖς
331 479 562 550 σώμασιν
587 480 766 536 αὐτῶν
803 479 915 536 ἀπὸ
954 465 1194 554 πλήθους
1223 468 1500 554 πορνείας.
1539 499 1559 534 ι
1607 479 1749 534 Πολ-

1861 479 1991 534 enim
2029 478 2368 548 signiﬁcatus
2428 481 2515 531 est
2567 473 2858 532 verborum
2907 472 3325 547 inﬁmabuntur
3367 481 3428 537 iu

215 570 304 624 λῶν
322 572 385 635 δὲ,
409 573 593 642 φησὶν,
613 573 1040 645 ἀναιρουμένων,
1072 577 1148 644 (p.
1178 575 1304 643 5M)
1340 575 1420 638 είς
1445 573 1752 642 ὀλιγίστους

1861 569 2151 637 :orporibus
2205 569 2341 622 suis.
2397 565 2601 634 Pauca,
2650 568 2864 639 inquit,
2911 577 3240 640 supererunt
3297 584 3429 629 corc-

213 659 328 731 ἀγαν
350 663 524 718 αὐτῶν
551 665 581 717 6
607 663 836 736 ἀριθμὸς
870 663 1258 738 ’περιστήσεται
1282 685 1296 698 ο
1325 665 1483 720 τοῦτο
1508 664 1617 737 γὰρ
1659 663 1748 716 λέ-

211 769 282 820 γει
313 753 381 819 τὸ,
409 753 845 827 ι’Ᾱσθενήσουσιν
862 758 1044 820 ἐντοῖς
1087 755 1335 827 σώμασιν
1368 755 1569 818 αὐτῶν,
1606 773 1625 806 ι
1659 753 1749 806 ἴνα

211 845 339 919 εἴπῃ,
367 845 442 898 ὅτι
480 845 666 916 ὐλίγα
707 846 1186 919 περιλειφθήσεται
1223 847 1446 920 σώματα
1468 862 1484 878 ο
1525 845 1624 900 καὶ
1647 844 1749 915 τὴν

1846 679 2016 733 pora;
2049 677 2382 731 causamque
2413 662 2489 716 rei
2540 662 2703 718 tradit
2744 664 3152 721 multitudinem
3183 662 3427 723 fornica-

1846 755 2076 808 tionum.
2112 749 2258 813 llzec.
2282 753 2378 814 ait,
2407 751 2703 822 patientur,
2735 755 2859 822 quia
2893 755 3094 808 mirum
3157 763 3423 824 quantum

1846 857 1877 897 a
1911 843 2020 897 Deo
2061 851 2431 897 recesserunt.
2483 843 2661 913 Atque
2701 840 2816 898 inec
2862 842 2958 900 Dei
2993 846 3192 916 placita
3228 847 3431 904 merito

211 937 362 990 αἰτίαν
389 936 582 1005 λέγων,
613 955 632 988 ι
664 938 772 992 ἀπὸ
793 937 1030 1011 πλήθους
1057 939 1331 1012 πορνείας.
1374 959 1393 991 ι
1425 937 1611 991 ταῦτα
1636 935 1750 1008 γὰρ

1861 933 1912 988 id
1941 934 2144 990 exitum
2176 932 2494 989 deducenda
2518 940 2668 988 sunt.

211 1031 477 1099 πείσονται,
505 1033 690 1105 φησιν,
724 1034 865 1108 ὑπὲρ
895 1027 970 1088 ὧν
1007 1035 1259 1090 πλεῖστον
1285 1037 1408 1089 ὅσον
1433 1033 1812 1105 ἐξετράπησαν
1840 1031 1935 1084 τοῦ
1969 1027 2105 1083 Θεοῦ
2125 1043 2142 1062 ο
2179 1027 2274 1084 καὶ
2319 1029 2469 1084 τουτὶ
2508 1030 2767 1102 πράττειν
2808 1030 2957 1098 ἄξιον
2994 1031 3101 1087 τῶν
3126 1030 3429 1090 δοκούντων

208 1123 349 1178 αὐτῷ.

441 1213 579 1278 δ’-ζ⁹.
613 1241 686 1256 -
734 1207 866 1266 Εἶτα
904 1211 1176 1276 ὀνειδίζων
1219 1209 1452 1279 ἐπάγειο
1499 1227 1518 1261 t
1565 1205 1750 1280 Πόρνη

208 1307 328 1379 καλή
364 1307 453 1360 καὶ
492 1307 745 1377 ἐπίχαρις
797 1304 1072 1376 ἡγουμένη
1117 1303 1442 1374 φαρμάκων.
1487 1321 1510 1354 ι
1549 1302 1622 1355 Σὺ
1660 1300 1745 1372 δὴ,

207 1401 368 1471 φησιν,
406 1395 551 1471 ἦσθα
578 1401 612 1468 ἡ
654 1396 751 1451 τοῦ
795 1399 1160 1468 προσήκοντος
1189 1393 1631 1468 ὲκτετραμμένη,
1660 1393 1752 1446 εύ-

205 1493 398 1565 πρεπὴς
449 1492 546 1562 μὲν
595 1491 758 1560 ἑαυτῇ
815 1489 1113 1559 φαινομένη
1169 1487 1258 1541 διὰ
1303 1487 1403 1555 τὴν
1455 1484 1750 1556 περιοῦσαν

204 1581 526 1648 δυναστείαν,
565 1581 818 1652 ἐπίχαρις
855 1579 912 1633 δὲ
949 1579 1036 1634 διὰ
1079 1580 1206 1642 τοὺς
1234 1577 1434 1649 ταύτης
1466 1575 1652 1630 ἕνεκέν
1689 1589 1748 1628 σε

205 1675 507 1747 θεραπεύειν
541 1671 958 1735 ἐσπουδακότας,
992 1671 1088 1724 καὶ
1118 1669 1183 1741 δὴ
1217 1671 1312 1724 καὶ
1341 1669 1559 1723 πάντων
1587 1665 1750 1737 ἐξαρ-

1914 1207 2086 1266 Vens.
2123 1211 2242 1268 ι-τ.
2279 1243 2347 1254 -
2373 1210 2580 1269 Deinde
2607 1215 2926 1271 convicians
2950 1217 3025 1270 ait
3057 1235 3072 1271 ι
3115 1234 3134 1268 ι
3169 1215 3426 1274 Meretrix

1846 1303 2074 1372 pulchra
2098 1315 2152 1359 et
2176 1305 2445 1376 gratiosa,
2469 1304 2580 1360 dux
2602 1306 3010 1362 veneficiorum.
3045 1327 3067 1361 ο
3090 1307 3194 1373 Tu,
3223 1310 3424 1379 inquit,

1845 1394 1939 1449 illa
1971 1408 2033 1450 es
2066 1409 2188 1465 qua:
2224 1395 2294 1450 ab
2346 1395 2523 1451 olliclo
2561 1399 2865 1465 recessisti,
2901 1412 3131 1470 qumque
3174 1402 3427 1471 speciosa

1847 1485 1944 1539 tibi
1969 1487 2041 1539 oh
2065 1486 2356 1555 imperium
2377 1488 2674 1554 videbaris,
2704 1492 2942 1560 gratiosa
2967 1499 3185 1562 prepter
3214 1508 3310 1547 eos
3329 1487 3427 1564 qui

1853 1573 2166 1633 dominatus
2190 1579 2268 1632 tui
2299 1593 2467 1633 causa
2495 1588 2550 1635 te
2576 1582 2756 1638 colere
2778 1583 3092 1652 certabant;
3125 1594 3178 1640 et
3205 1586 3427 1656 quidem

1855 1668 2068 1724 caeteris
2125 1685 2345 1740 quoque
2393 1672 2684 1741 impiorum
2731 1689 2941 1729 morum
2991 1677 3206 1731 auctrix
3254 1677 3424 1734 fuisti.

201 1732 287 1839 χος
322 1766 422 1820 τῶν
448 1767 548 1836 τῆς
589 1764 842 1828 ἀσεϐείας
873 1732 1012 1818 ὲθῶν
1059 1732 1265 1835 ἑτέροις
1305 1761 1545 1830 ἐγίγνου.
1603 1732 1638 1812 «ἡ
1690 1732 1756 1812 Ἦ

1863 1770 1884 1804 ι
1921 1755 2053 1821 Qua:
2102 1732 2296 1815 vendis
2343 1732 2534 1829 gentes
2585 1761 2950 1819 fornicatione
2997 1774 3112 1829 tua,
3144 1748 3212 1821 et.
3250 1767 3428 1823 tribus

202 1857 436 1912 πωλοῦσα
457 1857 583 1928 ἔθνη
609 1859 666 1910 ὲν
685 1859 752 1928 τῇ
784 1855 1012 1928 πορνείᾳ
1032 1849 1220 1926 αὑτῆς,
1252 1854 1344 1908 καὶ
1367 1853 1540 1923 φυλὰς
1569 1854 1627 1905 ὲν
1646 1853 1758 1913 τοῖς

201 1945 496 2018 φαρμάκοις
528 1945 717 2016 αὐτῆς.
757 1961 776 1997 ι
821 1943 1123 2014 Ὀλόκληρα
1158 1943 1268 2014 γὰρ
1299 1939 1426 2011 ἔθνη
1461 1941 1555 1994 καὶ
1586 1937 1759 2008 φυλὰς

197 2038 316 2101 ὅλας
341 2040 402 2110 τῇ
434 2036 650 2108 ἐξουσία
694 2034 1155 2106 κατακεχρημένη
1193 2036 1261 2104 τῇ
1310 2032 1489 2104 οίκείᾳ
1509 2073 1525 2096 ,
1555 2033 1634 2094 είς
1660 2029 1760 2101 τὴν

196 2129 356 2199 αὐτήν
392 2144 472 2181 σοι
504 2126 854 2197 ωμμετῆγες
883 2121 1159 2186 ἀσέϐειαν,
1199 2122 1294 2176 καὶ
1339 2125 1520 2177 πᾶσαν
1553 2121 1616 2183 δὴ
1660 2119 1760 2190 τὴν

197 2219 319 2292 περὶ
341 2218 405 2272 τά
430 2217 655 2271 τοιαῦτα
690 2215 946 2287 σπουδήν.
997 2232 1016 2264 ι
1065 2213 1196 2267 ἰδοὺ
1235 2211 1345 2281 ἐγὼ
1371 2212 1465 2266 ἐπὶ
1495 2211 1574 2274 σὲ,
1609 2210 1758 2279 λέγει

197 2314 390 2386 Κύριος
422 2314 451 2366 ὀ
479 2312 613 2374 Θεὸς
648 2313 678 2364 6
722 2309 1118 2379 παντοκράτωρ
1137 2318 1152 2337 ⁸
1189 2306 1284 2360 καὶ
1311 2303 1648 2373 ἀποκαλύψω
1689 2302 1760 2356 τά

193 2406 362 2460 ὀπίσω
405 2422 497 2458 σου
548 2403 642 2457 ἐπὶ
688 2402 749 2456 τὸ
781 2399 1074 2473 πρόσωπόν
1117 2411 1248 2452 σουο
1289 2397 1385 2452 καὶ
1417 2393 1575 2462 δείξω
1614 2394 1761 2449 ἔθνε-

197 2516 277 2552 σιν
317 2497 412 2568 τὴν
456 2493 718 2566 αἰσχύνην
763 2509 879 2555 σου,
911 2492 1004 2545 καὶ
1052 2488 1350 2561 βασιλείαις
1391 2488 1492 2560 ’τὴν
1539 2487 1760 2558 ἀτιμίαν

197 2609 307 2655 σου,
339 2591 430 2644 καὶ
463 2587 738 2660 ὲπιρῤίψω
766 2586 859 2639 ἐπὶ
892 2586 951 2638 σὲ
996 2583 1292 2657 βδελυγμὺν
1316 2622 1329 2643 .
1358 2581 1454 2637 καὶ
1491 2581 1590 2640 τὰς
1624 2582 1761 2636 ἀκα-

194 2685 413 2756 θαρσίας
456 2698 586 2734 σου·
621 2678 915 2750 καθίσομαί
949 2694 1008 2730 οε
1040 2679 1118 2742 είς
1157 2676 1528 2748 παράδειγμα.
1581 2694 1600 2727 ι
1635 2675 1760 2727 Τοι-

193 2771 390 2845 γαροῦν
417 2769 528 2839 ἐγώ
557 2786 660 2832 σοι,
703 2769 866 2839 φησὶν
901 2769 930 2822 ὀ
967 2768 1122 2832 Θεός,
1151 2767 1411 2834 ἀνάλογον
1438 2768 1559 2830 ταῖς
1579 2763 1760 2818 τοιαύο

190 2883 312 2930 ταις
343 2864 595 2928 ἀτοπίαις
631 2861 819 2926 ἐπάξω
849 2859 948 2932 τὴν
986 2860 1258 2930 τιμωρίαν
1283 2875 1298 2890 ’
1339 2855 1618 2930 περιϐαλῶ
1652 2855 1759 2930 γάρ

194 2977 273 3025 σε,
307 2959 492 3029 φησιν,
520 2955 751 3027 αἰσχύνῃ
771 2953 1019 3024 παντοία,
1046 2951 1122 3022 (p.
1151 2951 1276 3020 5-55)
1301 2949 1489 3021 ὥσπερ
1519 2949 1586 3003 ἂν
1607 2949 1760 3011 είτις

1861 1847 2171 1916 pharmacis
2203 1851 2333 1905 tuis.
2374 1870 2394 1902 ι
2431 1849 2632 1908 Gentes
2660 1854 2900 1924 integras
2939 1857 3226 1928 tribusque
3259 1867 3426 1924 totas,

1861 1947 2132 2008 potestate
2157 1951 2245 1995 tua
2276 1943 2531 2007 abutens,
2561 1945 2628 1998 ad
2664 1946 2957 2016 impietatis
2979 1955 3086 2003 tua!
3111 1951 3426 2006 societatem

1860 2032 2156 2101 pellexisti.
2197 2053 2216 2086 ι
2255 2034 2393 2091 Ecce
2420 2052 2522 2108 ego
2547 2053 2710 2108 super
2743 2048 2817 2104 te,
2859 2041 2957 2106 ait,
2989 2040 3252 2098 Dominus
3286 2043 3432 2098 Deus

1859 2123 2239 2194 omnipotens;
2271 2129 2525 2183 revelaho
2563 2135 2868 2198 posteriora
2908 2139 3000 2185 tua
3035 2146 3200 2203 super
3232 2130 3432 2188 faciem

1860 2221 2049 2270 tuam:
2080 2217 2361 2272 Ostendam
2391 2219 2642 2288 gentibus
2685 2219 3035 2292 ignominiam
3077 2231 3249 2286 tuam,
3290 2227 3431 2296 regi-

1861 2303 1964 2359 bus
1993 2306 2252 2375 probrum
2285 2303 2460 2375 tuum,
2485 2308 2796 2382 jaciamque
2815 2328 2983 2384 super
3002 2324 3053 2368 te
3072 2315 3437 2374 abominatio-

1861 2411 1983 2449 aem
2013 2407 2068 2451 et
2111 2397 2514 2454 immunditiam
2549 2410 2734 2468 tuam;
2781 2411 3020 2458 statuam
3056 2412 3109 2460 te
3155 2403 3209 2459 in
3248 2419 3436 2461 exem-

1860 2488 2030 2556 plum.
2062 2505 2082 2539 ο
2113 2488 2500 2559 Quamobrem,
2525 2493 2597 2548 ait
2633 2491 2798 2558 Deus,
2819 2509 3090 2566 congruas
3121 2498 3285 2571 226
3307 2501 3438 2556 huic

1860 2581 2096 2636 vesaniae
2140 2597 2331 2652 poenas
2379 2590 2702 2654 imponam:
2749 2590 3084 2659 camperiam,
3137 2593 3335 2662 inquit,
3381 2603 3439 2648 te

1862 2672 2163 2741 ignominia
2212 2675 2558 2743 omnimoda,
2616 2677 2784 2734 veluti
2841 2695 2966 2736 cum
3025 2683 3151 2752 quis
3195 2685 3432 2756 aliquem

1861 2767 2280 2823 excruciaturus
2313 2770 2617 2827 detracmm
2649 2772 2700 2828 ei
2725 2782 2928 2830 vestem
2963 2777 3016 2830 in
3062 2778 3270 2834 vultum
3301 2795 3436 2835 con-

1862 2859 2000 2929 gerit
2043 2859 2382 2925 nniversam,
2427 2869 2486 2915 ut
2522 2870 2682 2934 turpe
2715 2866 2788 2920 sit
2838 2866 3103 2925 nuditatis
3143 2881 3439 2939 spectacu-

1865 2951 1999 3015 lum,
2051 2967 2234 3006 amara
2283 2961 2463 3008 autem
2517 2957 2858 3038 cruciatuum
2913 2963 3287 3030 exspectatio;
3338 2963 3434 3034 qui

189 3048 494 3116 αίκίζεσθαί
530 3065 649 3101 τινα
687 3044 913 3118 μέλλων,
953 3042 1168 3114 ἀφελὼν
1200 3043 1299 3114 τὴν
1337 3042 1538 3111 ἐσθῆτα
1573 3041 1669 3132 ιἐττλἐ
1698 3039 1756 3094 τό

1864 3042 2083 3113 quidem
2118 3045 2296 3115 capite
2343 3047 2585 3102 vestibus
2627 3048 2908 3116 obvoluto,
2949 3069 3017 3107 ne
3060 3069 3174 3108 rem
3212 3055 3435 3125 quidem

187 3145 479 3214 πρόσωπον
512 3141 789 3194 ὲλκύσειεν
827 3137 1044 3193 ἃπασαν
1064 3175 1080 3200 ,
1111 3135 1187 3198 ὡς
1214 3134 1444 3206 αίσχράν
1487 3133 1584 3204 μὲν
1619 3129 1757 3186 εἶναι

182 3237 282 3306 τῆς
323 3233 654 3306 γυμνώσεως
686 3231 785 3301 τήν
827 3228 982 3294 θέαν,
1027 3226 1229 3300 πικρὰν
1264 3225 1320 3278 δὲ
1360 3223 1455 3278 τοῦ
1496 3221 1760 3294 αἰκισμοῦ

179 3330 280 3401 τήν
331 3324 658 3399 προσδοκίαν
681 3339 694 3352 ’
743 3319 1208 3394 περιϐεϐλημένος
1248 3318 1304 3372 δὲ
1348 3319 1414 3388 τῇ
1463 3315 1650 3386 ἐσθῆτι
1698 3315 1760 3368 τὸ

181 3421 510 3492 πρόσωπον,
573 3415 706 3491 μηδὲ
761 3413 943 3485 διορᾷν
980 3411 1048 3465 τὰ
1090 3409 1425 3480 προκείμενα
1473 3405 1754 3460 δύνασθαι.

177 3511 338 3565 Οὕτω
364 3509 453 3580 δὴ,
483 3509 666 3578 φησὶν,
697 3504 912 3559 ἅπαντά
940 3518 1031 3555 σου
1061 3501 1152 3554 τὸν
1181 3500 1386 3569 κόσμον
1413 3495 1647 3567 ἀφελὼν.
1679 3496 1759 3557 είς

169 3600 411 3671 ἀτιμίαν
442 3598 789 3667 καταστήσας
815 3594 916 3664 τὴν
945 3592 1207 3663 ἐσχάτην,
1233 3591 1300 3661 τῇ
1343 3588 1452 3641 τῶν
1487 3585 1759 3657 πολεμίων

168 3694 410 3749 ἐκδώσω
466 3689 737 3761 τιμωρία,
783 3686 926 3740 ὥστε
967 3686 1101 3737 πᾶσι
1140 3681 1240 3754 μὲν
1280 3681 1393 3742 τοῖς
1445 3675 1758 3747 ἁπανταχοῦ

167 3804 239 3841 πε
248 3783 464 3859 ριφανῆ
492 3799 584 3835 σου
608 3781 707 3851 τὴν
728 3776 986 3848 αἰσχύνην
1006 3775 1097 3828 καὶ
1116 3775 1214 3841 τὴν
1239 3772 1463 3843 ἀτιμίαν
1483 3769 1754 3839 γενέσθαι,

166 3873 487 3949 βδελυκτήν
516 3871 570 3924 δέ
599 3887 657 3924 σε
693 3871 785 3922 καὶ
809 3866 898 3921 διὰ
926 3865 1024 3938 τῆς
1053 3865 1223 3935 ἀκοῆς
1261 3863 1433 3917 ἅπασι
1473 3859 1757 3932 φαίνεσθαι

165 3969 379 4041 μόνης,
415 3965 555 4034 ὑπὲρ
581 3955 655 4016 ὧν
682 3963 758 4022 είς
786 3958 1052 4029 τοσαύτην
1079 3955 1350 4009 εὐτέλειαν
1382 3952 1755 4023 κατενήνεξαιο

160 4058 423 4131 πάτημά
463 4073 523 4110 τε
569 4055 822 4124 γεγονυῖα
861 4050 1077 4105 πάντων
1127 4048 1221 4101 καὶ
1267 4045 1618 4116 παράδειγμα
1660 4043 1760 4113 τῆς

154 4149 426 4222 ἐσχάτης
465 4145 687 4216 ἀτιμίας
714 4139 1094 4212 ἀποδειχθεῖσα
1119 4139 1187 4209 τῇ
1218 4133 1491 4206 ὑπερϐολῇ
1519 4133 1628 4186 τῶν
1661 4148 1761 4186 καο

1864 3147 2181 3204 prmsentem
2205 3149 2431 3191 cernere
2453 3147 2654 3207 potest.
2684 3139 2920 3197 Prorsus
2945 3143 3037 3204 ita,
3063 3145 3158 3208 ait,
3187 3145 3441 3200 detracto

1864 3225 2013 3280 omni
2043 3234 2241 3280 ornatu
2273 3235 2388 3292 tuo,
2417 3227 2470 3282 in
2495 3237 2736 3284 extrema
2764 3243 2816 3286 te
2845 3232 3140 3303 ignominia
3168 3213 3442 3291 constitit-'-

1866 3324 1999 3381 tam,
2038 3315 2291 3372 hostibus
2323 3319 2654 3387 puniendam
2699 3320 2933 3376 tradam.
2977 3321 3069 3377 Sic
3102 3325 3248 3379 omni
3288 3330 3435 3396 genti

1865 3408 2125 3477 probrum
2158 3416 2312 3463 tuntn
2361 3423 2426 3464 ac
2481 3412 2766 3481 turpitudo
2822 3414 3257 3484 exploratiSsitIia
3300 3418 3386 3473 fiet
3420 3437 3438 3472 :

1867 3498 2052 3567 tuique
2083 3498 2320 3552 nominis
2357 3502 2442 3555 vel
2472 3502 2588 3555 sola
2623 3501 2829 3557 auditio
2858 3506 3072 3560 cunctis
3095 3507 3198 3560 erit
3227 3508 3438 3562 abomi-

1866 3592 2096 3653 nabilis,
2157 3602 2442 3663 postquam
2491 3593 2546 3647 in
2593 3603 2800 3649 tantam
2835 3595 3098 3651 vilitatem
3144 3597 3438 3662 decideris,

1866 3681 2182 3751 proculcata
2228 3681 2296 3736 ab
2351 3683 2628 3746 omnibus,
2679 3697 3018 3756 excesquue
3064 3690 3329 3743 malorum
3369 3689 3438 3744 ad

1866 3785 2091 3826 sutnmae
2123 3768 2432 3842 ignominiae
2454 3775 2760 3844 eXemplum
2798 3779 3096 3846 proposita.
3139 3797 3159 3830 ι
3214 3779 3277 3833 Et
3310 3781 3440 3847 erit,

1865 3865 2180 3933 quicunque
2205 3864 2425 3925 viderit.
2451 3864 2748 3920 descendet
2773 3881 2802 3919 a
2837 3875 2908 3929 te,
2932 3869 3219 3938 dicetque:
3245 3868 3438 3927 Ninive

1866 3952 2078 4012 infelix.
2127 3953 2252 4022 quis
2283 3953 2358 4006 illi
2407 3953 2763 4023 ingemiscet?
2787 3959 3062 4028 quodnam
3094 3959 3142 4013 ei
3193 3962 3437 4018 solamen

1866 4045 2224 4114 conquiram?
2270 4063 2290 4096 ι
2336 4043 2439 4110 Qui
2485 4047 2600 4100 haec
2643 4048 2698 4102 in
2749 4059 3026 4118 posterum
3069 4047 3326 4116 viderint,
3372 4069 3439 4108 ac

1867 4135 2168 4205 superioris
2213 4135 2398 4206 gloria:
2446 4145 2551 4191 tua:
2599 4139 2768 4208 probe
2813 4140 3187 4207 meminerint,
3231 4144 3440 4202 omissa

152 4245 314 4299 κῶν.
370 4257 390 4292 ι
438 4239 546 4292 Καὶ
575 4237 748 4300 ἔσται,
777 4234 886 4298 πᾶς
918 4234 946 4286 ὀ
974 4231 1116 4304 ὀρῶν
1145 4246 1225 4293 σε,
1254 4227 1621 4298 καταϐήσεται
1651 4224 1756 4281 ἀπὸ

1867 4227 1956 4282 illa
1978 4227 2045 4283 de
2077 4235 2128 4283 te
2157 4227 2542 4293 aestimatione,
2570 4228 2756 4284 odium
2784 4230 3165 4288 misericordia
3190 4247 3439 4290 commu-

153 4336 295 4399 σοῦ,
334 4334 440 4388 καὶ
471 4333 614 4403 ἐρεῖ,
640 4327 856 4382 Δειλαία
886 4324 1088 4395 Νινευή
1111 4363 1126 4388 ,
1154 4321 1238 4386 τίς
1267 4319 1512 4384 στενάξει
1544 4319 1629 4373 ἐπ’
1663 4318 1756 4372 αύ-

1867 4318 2098 4384 tabunt;
2149 4318 2203 4373 id
2241 4318 2385 4373 enim
2429 4321 2584 4375 aiunt
2619 4323 2781 4377 verba
2815 4321 3087 4379 descendet
3119 4342 3152 4379 a
3187 4335 3271 4392 te;
3313 4333 3439 4382 tua-

145 4431 297 4503 τὴν,
333 4425 505 4479 πόθεν
533 4423 748 4494 ζητήσω
778 4413 1316 4503 παράκλησιναύτῇς
1351 4433 1370 4465 ι
1403 4414 1466 4466 Ol.
1492 4413 1556 4503 δὴ
1587 4412 1756 4467 ταῦτα

1865 4427 1971 4482 que
2000 4412 2141 4468 mala
2172 4412 2604 4476 miserabantur,
2640 4427 2820 4471 mente
2843 4426 3156 4488 reputantes
3185 4420 3300 4476 fieri
3328 4436 3436 4477 non

145 4501 375 4574 λοιπὸν
411 4511 666 4586 ὁρῶντες,
708 4510 804 4563 καὶ
830 4508 930 4579 τὴν
957 4501 1265 4576 προσοῦσάν
1296 4521 1378 4558 σοι
1409 4502 1642 4576 πρόσθεν
1671 4504 1756 4556 εύ·

1864 4517 2025 4572 posse
2057 4510 2117 4557 ut
2150 4503 2312 4573 digne
2356 4503 2482 4574 quis
2514 4502 2771 4560 inflictam
2803 4507 2898 4561 tibi
2935 4509 3300 4568 calamitatem
3342 4513 3443 4568 de-

141 4607 440 4684 πραγίαν
477 4602 674 4666 εἰδότες
707 4596 913 4668 σαφῶς.
942 4595 1276 4658 ἀποστάντες
1306 4595 1406 4666 τῆς
1444 4593 1756 4666 ὑπολήψεως

1865 4596 2062 4665 ploret,
2111 4603 2204 4653 aut
2253 4595 2498 4650 solamen
2541 4596 2762 4668 aliquod
2805 4599 2890 4655 vel
2931 4602 3232 4658 remedium
3273 4620 3441 4660 exco-

138 4703 406 4770 ἐκείνης
434 4691 502 4769 ἦς
531 4690 674 4764 εἶχον
715 4687 843 4762 περὶ
867 4689 960 4743 σοῦ
983 4729 997 4754 ,
1023 4691 1102 4754 είς
1127 4687 1274 4742 ἔλεον
1298 4687 1360 4741 τὸ
1385 4687 1526 4741 κατά
1555 4687 1650 4741 σοῦ
1679 4703 1770 4757 με·
1863 4689 2013 4757 gitet.

131 4793 520 4865 ταστήσουσι
553 4788 737 4857 μῖσος·
794 4778 956 4836 τοῦτο
1005 4781 1113 4850 γὰρ
1167 4778 1313 4850 λέγει
1353 4780 1414 4833 τὸ
1463 4798 1483 4831 ι
1547 4779 1915 4849 καταϐήσεται
1966 4779 2078 4833 ἀπὸ
2137 4777 2254 4841 σοῦ,
2297 4797 2316 4832 ι
2367 4777 2508 4834 ὥστε
2551 4782 2644 4836 καὶ
2681 4776 2848 4836 ἐλεεῖν
2885 4800 2942 4836 σε
2969 4783 3083 4837 τῶν
3107 4786 3443 4858 κατεχόντων

133 4883 392 4944 κακῶν,
442 4870 922 4946 συλλογιζομένους
975 4873 1052 4936 ὡς
1113 4870 1234 4925 οὔτε
1299 4869 1524 4923 δυνατόν
1583 4884 1706 4922 τινα
1762 4869 2001 4934 ἐπαξίως
2052 4867 2346 4940 ὀδύρασθαι
2397 4867 2496 4940 τήν
2546 4870 2927 4939 ἐπιγεγονυὶἆν
2983 4886 3066 4926 σοι
3119 4874 3441 4946 συμφορὰν,

133 4987 154 5056 (
177 5000 246 5055 p.
297 4978 428 5037 556
455 4979 472 5048 )
498 4973 614 5029 ἀλλ’
639 4971 762 5026 οὐδὲ
785 4967 1128 5042 παράκλησίν
1162 4984 1284 5021 τινα
1319 4966 1411 5020 καὶ
1439 4964 1734 5036 θεραπείαν
1763 4963 2050 5056 εύρεθήναι
2084 4959 2198 5056 οίόν
2222 4981 2283 5018 τε
2311 4964 2421 5018 τῶν
2441 4964 2711 5020 τοσούτων
2744 4967 2969 5022 κακῶν,

215 5072 404 5141 Στίχ.
440 5066 514 5138 η’.
542 5098 610 5110 -
645 5083 663 5116 ι
706 5065 978 5136 ’Λρμοσαι
1006 5056 1202 5132 χορδήν
1224 5102 1238 5126 ,
1263 5059 1567 5129 ἐτοίμασαι,
1607 5056 1756 5129 μερὶς

1868 5070 1872 5073 ’
1929 5053 2098 5112 Vens.
2125 5051 2280 5110 8.-ι
2318 5055 2455 5126 Apta
2475 5055 2757 5124 chordam,
2779 5073 3033 5129 compara
3058 5061 3128 5122 te,
3161 5060 3287 5132 pars
3312 5062 3442 5115 Am-

136 5159 431 5236 ’Ᾱμμὼν
454 5199 468 5223 ,
516 5154 846 5212 κατοικοῦσα
880 5154 938 5206 ὲν
966 5153 1247 5218 ποταμοῖς,
1281 5148 1425 5221 ὕδωρ
1455 5146 1639 5218 κύκλῳ
1675 5147 1756 5200 αύ·

1861 5162 2008 5211 mon,
2034 5162 2157 5216 qua:
2181 5146 2376 5203 incolis
2399 5146 2624 5202 fiumina
2653 5159 2831 5216 :aqua
2859 5149 2915 5204 in
2939 5151 3171 5206 circuitu
3193 5152 3440 5221 ejns,ini-

121 5258 274 5326 τῆςο
311 5257 354 5326 ὴ
393 5251 472 5322 σὴ
497 5248 639 5321 ἀρχὴ
665 5248 926 5310 θάλασσα,
959 5245 1052 5298 καὶ
1076 5242 1220 5314 ὕδωρ
1245 5239 1314 5295 τὰ
1338 5237 1494 5311 τείχη
1521 5239 1709 5310 αὐτῆς.
1740 5254 1756 5290 ι

1862 5237 1998 5290 tium
2025 5236 2148 5307 ejus
2174 5251 2344 5305 mare,
2378 5253 2518 5309 aqua
2543 5240 2743 5294 muenia
2760 5241 2900 5309 ejus.
2941 5259 2963 5294 ›
2995 5239 3252 5296 Nonnulli
3281 5243 3439 5298 dixe-

118 5301 354 5412 'i"6;é4:‘
383 5301 861 5416 ’λμμὰῖνιέιρασαν
891 5301 1125 5392 ἐνταῦθα
1160 5301 1546 5404 λέγεσθαίᾈγν
1577 5301 1756 5402 ὀνομα-

1861 5334 1991 5383 runt
2017 5301 2340 5384 Ammonem
2367 5301 2455 5385 hic
2479 5331 2736 5402 appellari
2772 5301 3158 5388 Alexandriam
3191 5330 3441 5406 Egypti.’

118 5439 430 5511 ζομένην
456 5433 553 5487 νῦν
592 5430 994 5501 Ἀλεξάνδρειαν
1019 5427 1114 5480 ἐπὶ
1139 5427 1238 5496 τῆς
1266 5424 1564 5494 Λίγύπτουο
1587 5423 1756 5478 καίτοι

1864 5421 2026 5490 Atqui
2042 5433 2374 5493 compertum
2389 5423 2911 5494 est,quadringentis
2925 5425 3145 5481 circiter
3159 5435 3281 5497 post
3296 5427 3438 5485 hanc

111 5546 194 5599 γε
226 5527 441 5599 δῆλον
479 5523 563 5576 ὅτι
603 5521 772 5590 ἐγγύς
816 5536 917 5573 που
967 5515 1103 5588 μετά
1139 5514 1467 5586 τετρακόσια
1521 5512 1616 5584 ἐτη
1667 5512 1767 5582 τῆς

113 5615 534 5692 προφητείας
577 5613 783 5680 ταύτης
841 5606 1184 5678 Ἀλέξανδρος
1218 5607 1248 5658 ὀ
1293 5605 1394 5675 τῆς
1431 5601 1770 5666 Μακεδονίας

107 5711 371 5779 γέγονε
414 5705 689 5778 βασιλεὺς,
718 5703 776 5766 ὀς
808 5702 906 5755 σὺν
934 5697 1148 5762 πολλοῖς
1179 5699 1383 5769 ἑτέροις
1413 5692 1768 5765 κατεσχηκὼς

102 5801 238 5872 τῆς
291 5795 610 5869 Αἰγύπτου
629 5837 646 5862 ,
676 5791 963 5863 ἐπώνυμον
1001 5787 1176 5860 ἐαυτῷ
1207 5789 1307 5859 τὴν
1362 5787 1767 5858 ’Δλεξάνδρειαν

1862 5607 2164 5672 exstitisse,
2190 5607 2283 5678 qni
2309 5617 2573 5676 occupata
2598 5622 2723 5662 cum
2753 5608 2875 5663 aliis
2903 5609 3089 5664 multis
3119 5599 3444 5682 regionibus

1863 5696 2119 5769 Egypto,
2166 5699 2548 5770 cognominem
2591 5698 2694 5752 sibi
2737 5699 3122 5755 Alexandriam
3164 5703 3434 5760 condidit.

1865 5791 2020 5858 Quod
2050 5791 2096 5847 si
2126 5791 2252 5862 quis
2281 5791 2450 5859 dicat,
2481 5800 2607 5849 ante
2633 5792 2780 5848 hunc
2815 5807 3036 5865 quoque
3065 5793 3350 5854 exstitisse
3377 5798 3438 5858 in

1864 5515 2202 5585 prophetiam
2238 5515 2398 5572 annis
2435 5515 2805 5571 Alexandrum
2852 5515 3206 5572 Macedonum
3255 5535 3440 5589 regem
3538 5536 3546 5546 ·
