3934 6558
197 348 277 406 ιιι

1137 344 1683 413 COMMENTARIUS
1710 342 1780 397 ΙΝ
1824 341 2097 400 ΝΑιιυΜι
2121 342 2278 401 CAP.
2310 339 2398 400 Πῐ.

3281 336 3403 401 m

196 482 297 530 νρυς
316 464 488 536 φησὶν,
513 462 650 520 ἀλλὰ
671 463 797 527 τοὺς
814 464 971 528 ὅσους
988 463 1217 537 ὁμόρους
1244 462 1382 520 εἶναι
1411 466 1724 519 συνέϐαινεν

1840 480 1849 513 ι
1884 462 2062 533 Super
2084 463 2345 533 praeclara
2373 458 2602 532 quaeque
2631 458 2751 531 eius
2780 457 2999 514 mittent
3032 463 3231 521 sortes,
3252 472 3392 512 cun-
3430 490 3441 507 τ

194 557 495 625 Αίγυπτίοις.
536 575 556 609 ι
593 558 703 609 Καὶ
738 558 830 610 ἐπὶ
872 557 1048 610 πάντα
1074 557 1157 621 ,τὰ
1194 555 1378 622 ἔνδοξα
1428 557 1597 626 αὐτῆς
1627 554 1724 625 βα-

193 648 367 702 λοῦσιν
396 649 648 719 κλήρους,
700 649 796 702 καὶ
842 648 1042 711 πάντες
1087 650 1137 702 οἱ
1184 651 1507 719 μεγιστᾶνες
1556 648 1725 717 αὐτῆς

192 740 474 811 δεθήσονται
503 740 863 810 χειροπέδαις.
899 759 917 791 ι
950 742 1196 795 Ἂπαντα
1226 743 1321 813 μὲν
1348 743 1456 813 γὰρ
1480 741 1549 796 τὰ
1577 741 1728 813 παρὰ

193 832 265 884 σοὶ
285 832 425 903 τίμια
450 831 740 901 ἀφελόντες
766 834 815 884 οἱ
839 833 1084 902 πολέμιοι
1114 834 1449 905 διενείμαντο
1481 834 1721 906 κλήροις·

191 922 270 974 καὶ
298 924 410 984 τοὺς
441 922 583 991 μέγα
619 922 676 975 δὲ
705 922 813 974 τῶν
841 923 899 975 ἐν
929 924 1012 975 σοὶ
1048 923 1305 977 δύνασθαι
1340 923 1727 995 νομιζομένους

189 1013 502 1080 χειροπέδαις
523 1012 851 1083 ἐμϐαλόντες
874 1016 967 1067 ἐπὶ
996 1015 1096 1086 τὴν
1125 1016 1498 1086 αἰχμαλωσίαν
1524 1014 1724 1071 εἷλκον.

190 1104 256 1171 (p.
284 1102 416 1173 549.)
454 1122 471 1153 ι
508 1105 618 1157 Καὶ
659 1104 723 1155 σὺ
771 1103 1103 1177 μεθυσθήσῃ.
1137 1125 1155 1157 ι
1198 1107 1415 1178 Ἐπειδὴ
1460 1107 1551 1161 τὸν
1587 1103 1727 1163 οἶνον

186 1194 267 1246 ἐπὶ
300 1195 557 1266 τιμωρίας
584 1193 896 1264 ,λαμϐάνειν
938 1196 1117 1262 εἴωθε,
1166 1198 1493 1269 βαρυτάτην,
1543 1200 1725 1270 φησὶν,

188 1285 452 1354 ὑπομένεις
474 1286 571 1354 τὴν
599 1288 867 1356 τιμωρίαν
885 1303 901 1319 ο
940 1287 1077 1342 ὥστε
1103 1290 1257 1361 δίκην
1290 1290 1575 1361 μεθύοντος
1602 1290 1730 1362 τῇδε

186 1377 384 1429 κάκεῖσε
411 1377 848 1449 περιαντλεῖσθαι
872 1383 983 1444 τοῖς
1012 1384 1219 1446 κακοῖς.
1259 1401 1279 1434 ι
1316 1383 1427 1436 Καὶ
1451 1384 1547 1455 ἔσῃ
1589 1401 1732 1455 παρ-

186 1467 469 1538 εωραμένη.
514 1488 533 1519 ι
566 1470 735 1537 Λόγος
789 1470 846 1522 δὲ
892 1471 1066 1524 οὐδενὶ
1113 1474 1544 1543 γενήσεται.τῶν
1589 1474 1732 1528 κατὰ

186 1557 257 1609 σέ.
288 1578 305 1607 ι
339 1559 445 1612 Καὶ
486 1560 549 1612 σὺ
602 1559 859 1631 ζητήσεις
915 1566 1112 1634 σεαυτῇ
1176 1566 1363 1619 στάσιν
1414 1566 1473 1632 ἐξ
1523 1565 1730 1637 ἐχθρῶν

185 1664 289 1701 σου.
322 1667 339 1698 ι
384 1650 768 1722 Ἐπιθυμήσεις
808 1653 866 1705 δέ
888 1671 1008 1706 τινα
1050 1654 1231 1709 ἄνεσιν
1272 1656 1379 1710 τῶν
1415 1658 1599 1711 κακῶν
1632 1658 1731 1713 λα-

181 1738 306 1801 ϐεῖν,
336 1739 503 1792 ὁπόσα
548 1740 611 1812 δή
663 1760 744 1795 σοι
791 1743 939 1814 παρὰ
984 1744 1091 1797 τῶν
1143 1746 1415 1817 πολεμίων
1450 1748 1590 1802 κατὰ
1638 1749 1731 1803 τὸν

180 1831 355 1901 καιρὸν
382 1833 584 1884 ἐκεῖνον
608 1836 903 1901 ἐπάγεσθαι
930 1837 1130 1905 μέλλει.
1168 1855 1187 1888 ι
1224 1838 1409 1894 Πάντα
1435 1839 1503 1892 τά
1526 1840 1729 1912 ὀχυρώ-

182 1921 320 1990 ματά
344 1939 431 1974 σου
460 1922 534 1985 ὡς
565 1922 648 1975 σύ.
688 1943 706 1975 ι
739 1926 1181 1998 Καταλυθήσεται
1202 1928 1308 2000 γὰρ
1333 1932 1725 2003 παραπλησίως

180 2027 257 2062 σοι
287 2012 457 2064 πάντα
488 2014 655 2066 ὁπόσα
694 2016 757 2086 δὴ
792 2017 927 2087 πρὸς
956 2018 1252 2087 ἀσφάλειαν
1290 2022 1490 2075 οἰκείαν
1533 2025 1728 2094 πρότε-

180 2119 265 2173 ρον
290 2098 447 2173 εἷχες.
482 2124 499 2153 ι
532 2105 638 2157 Καὶ
672 2110 906 2172 σκοποὺς
942 2109 1124 2179 ἔχουσι
1155 2113 1250 2166 ἐὰν
1274 2115 1595 2181 σαλευθῶσι,
1633 2120 1729 2173 κα)⁸

181 2193 456 2247 πεσοῦνται
505 2199 583 2259 είς
637 2198 809 2268 στόμα
857 2199 1147 2266 ἐσθίοντος.
1186 2223 1205 2254 ›
1240 2205 1484 2278 Πειράσῃ
1529 2208 1592 2279 δὴ
1640 2209 1729 2264 διὰ

1824 554 2005 622 ctique
2037 555 2327 624 optimates
2354 554 2474 623 ejus
2508 552 2738 609 manicis
2770 553 3100 607 vincientur.
3134 569 3154 603 ι
3194 548 3390 603 Omnia

1824 645 1918 699 tihi
1944 646 2180 713 pretiosa
2203 645 2499 714 eripientes
2522 645 2729 709 hostes,
2752 652 2899 700 sorte
2920 647 3065 700 inter
3096 659 3156 700 se
3182 644 3388 699 divise-

1825 743 1974 797 runt,
2012 736 2489 806 cunctosque‘qui
2521 736 2664 805 apud
2703 746 2755 791 te
2792 745 3073 806 potentatu
3112 736 3392 805 pollebant

1825 830 2055 884 manicis
2086 829 2305 898 injectis
2346 830 2398 883 in
2423 829 2792 899 captivitatem
2831 829 3228 884 abduxeruntu
3250 826 3312 880 Et
3331 837 3387 881 tu

1826 922 2205 978 inebriaberis.
2220 922 2382 988 tQuia
2404 922 2529 975 vino
2546 919 2856 988 signiﬁcare
2878 921 3216 989 punitionem
3249 918 3393 973 Scri-

1828 1021 1984 1083 ptura
2007 1013 2166 1077 solet,
2185 1013 2562 1084 gravissimam
2582 1011 2659 1064 illi
2678 1008 3029 1064 aitinllictum
3051 1009 3115 1063 iri
3147 1024 3387 1078 pinnam,

1829 1113 1887 1161 ut
1909 1106 2045 1160 ebrii
2089 1106 2265 1160 instar
2297 1104 2425 1158 hinc
2474 1104 2601 1158 inde
2641 1105 2907 1159 obruatur
2944 1104 3387 1159 adversitatibus.

1833 1214 1852 1249 ι
1886 1195 1948 1249 Et
1971 1196 2315 1265 despicieris.
2351 1215 2369 1248 ι
2400 1193 2557 1250 Nulla
2583 1198 2662 1250 tui
2692 1195 2832 1250 ratio
2857 1195 3165 1250 habebitur.
3193 1215 3211 1247 ι
3242 1195 3306 1248 Ει
3331 1204 3398 1249 ιιι

1828 1301 2039 1356 quaeres
2062 1287 2160 1341 tibi
2186 1287 2428 1356 requiem
2458 1286 2527 1341 ab
2551 1286 2785 1341 inimicis
2808 1285 3217 1356 tuis.»0ptabis
3247 1285 3393 1339 leva—

1828 1378 1973 1432 mine
1992 1378 2174 1447 aliquo
2196 1378 2464 1432 malorum
2490 1379 2674 1448 potiri.
2704 1393 2824 1449 quae
2842 1377 2948 1431 tibi
2966 1392 3033 1433 eo
3063 1384 3304 1446 tempore
3326 1377 3396 1429 ab

1829 1467 2079 1523 hostibus
2109 1468 2218 1523 tuis
2244 1466 2513 1522 accident.
2543 1484 2561 1516 ι
2600 1466 2800 1521 Omnes
2826 1467 3156 1519 munitiones
3185 1475 3291 1518 tuae
3316 1463 3401 1518 si-v

1833 1570 1929 1613 cut
1962 1568 2041 1614 tu.
2086 1579 2104 1610 ι
2140 1557 2319 1627 Ᾱῐιιυθ
2367 1572 2431 1613 ac
2481 1567 2537 1611 tu
2577 1565 2837 1612 corruent
2880 1557 3063 1611 omnia
3109 1572 3231 1626 quae
3262 1556 3393 1610 olim

1830 1656 2016 1710 tutela:
2048 1663 2153 1707 tua:
2194 1652 2370 1722 gratia
2404 1651 2649 1706 tenebas.
2696 1670 2713 1701 ι
2749 1650 2973 1704 Etiamsi
3020 1650 3401 1719 speculatores

1829 1746 2051 1809 habent,
2081 1743 2440 1799 nihilominus
2458 1750 2727 1811 quassatae
2742 1748 3000 1796 corruerit
3024 1741 3079 1794 in
3109 1755 3170 1794 os
3193 1755 3396 1794 voran-

1832 1839 1921 1893 tis.
1965 1857 1984 1891 ›
2022 1837 2322 1892 Conaberis
2345 1836 2563 1906 quidem
2583 1836 2768 1889 multis
2798 1833 3236 1903 explorat-oribus
3256 1847 3396 1886 ven-

1831 1941 1954 1987 tura
1989 1945 2346 2000 pranoscere,
2379 1928 2564 1984 statim
2610 1943 2673 1982 ac
2704 1928 3153 1997 prepinquantem
3186 1925 3402 1979 hostem

1833 2024 2107 2089 audieris,
2144 2023 2237 2078 sed
2266 2030 2447 2076 tamen
2495 2020 2781 2076 custodum
2815 2020 3001 2073 nullus
3035 2016 3250 2071 fructus
3269 2018 3395 2076 erit,

1834 2131 2069 2185 namque
2094 2116 2162 2169 ab
2184 2114 2470 2184 imperatis
2498 2112 2831 2168 stationibus
2859 2108 3056 2180 deiecti
3080 2109 3136 2163 in
3158 2107 3398 2163 hostium

1832 2217 2153 2280 potestatem
2180 2205 2440 2260 incident.

177 2284 377 2337 πολλῶν
409 2286 738 2341 ἀποσκοπεῖν
763 2290 831 2342 τὰ
873 2292 1127 2362 ἐσόμενα,
1178 2297 1346 2350 ἐπειδ⁹
1414 2299 1480 2352 ἂν
1517 2303 1619 2372 τῆς
1662 2302 1965 2375 παρουσίας
2010 2299 2118 2354 τῶν
2168 2297 2440 2368 πολεμίων
2488 2294 2616 2366 δέξῃ
2671 2296 2768 2366 τὴν
2822 2293 3026 2364 ἀκοήν·
3077 2294 3128 2345 oi
3170 2291 3229 2344 δέ
3274 2291 3401 2360 ὀνή-

177 2381 322 2434 σουσί
354 2398 412 2433 σε
436 2383 594 2440 ,οὐδέν
619 2402 632 2415 ο
664 2386 1026 2456 ἐκτραπέντες
1057 2390 1165 2462 γὰρ
1195 2391 1303 2447 τῶν
1328 2394 1727 2467 ἐντεταλμένων
1757 2396 2044 2451 πεσοῦνται
2070 2393 2174 2447 ὑπὸ
2195 2395 2308 2457 τοῖς
2335 2390 2632 2462 πολεμίοις.

242 2560 388 2630 Στίχ.
424 2568 618 2629 ιγ’-ις’.
661 2582 680 2615 ι
727 2564 857 2617 Ἰδοὺ
890 2564 1017 2629 λαός
1042 2583 1135 2619 σου
1162 2566 1239 2630 ὡς
1264 2570 1519 2637 γυναῖκες
1542 2570 1602 2624 ἐν
1634 2570 1737 2623 σοί·

172 2653 282 2711 τοῖς
333 2650 543 2724 ἐχθροῖς
594 2670 685 2707 σου
722 2655 1068 2727 ἀνοιγόμεναι
1118 2659 1527 2729 ἀνοιχθήσονται
1578 2660 1741 2714 πύλαι

172 2741 267 2812 τῆς
290 2744 390 2813 γῆς
414 2759 527 2809 σου,
547 2745 640 2799 καὶ
655 2747 1023 2815 καταφάγεται
1054 2748 1164 2819 πῦρ
1184 2751 1307 2810 τοὺς
1331 2749 1557 2820 μοχλούς
1582 2767 1695 2804 σου.
1720 2770 1736 2801 ι

173 2836 373 2899 Πάντες
414 2852 529 2899 σου,
572 2838 753 2907 φησὶν.
807 2840 855 2891 οἱ
890 2840 1032 2893 κατὰ
1064 2840 1160 2910 τὴν
1191 2841 1343 2895 πόλιν
1392 2843 1621 2914 ὑπήκοοι
1649 2860 1745 2912 γυ-

170 2927 367 2978 ναικῶν
417 2927 567 2997 δίκην
624 2930 684 2981 ἐν
728 2930 1007 2998 ὀλολυγαῖς
1065 2933 1381 3003 γενήσονται
1438 2934 1531 2987 καὶ
1596 2934 1735 2988 δέει’

170 3017 334 3070 ἐπειδ*
379 3018 446 3069 ἂν
478 3018 577 3082 τάς
616 3018 714 3089 μὲν
756 3019 928 3083 πύλας
962 3020 1067 3074 ὑπὸ
1097 3021 1205 3075 τῶν
1240 3023 1511 3093 πολεμίων
1560 3023 1739 3077 ἴδωσιν

166 3108 511 3175 ἀνοιγείσας·
557 3110 969 3181 κεκρατημένην
1010 3109 1066 3162 δὲ
1113 3111 1204 3163 ὑπ’
1238 3112 1413 3164 αὐτῶν
1457 3111 1554 3182 τὴν
1587 3111 1740 3166 πόλιν

168 3197 349 3267 πάσης
379 3197 481 3267 τῆς
510 3200 767 3269 πρότερον
793 3201 927 3270 αὐτῇ
956 3198 1215 3271 δοκούσης
1248 3200 1543 3270 ἀσφαλείας
1570 3219 1740 3272 προσ-

165 3290 303 3339 εῖναι
348 3288 428 3350 ὡς
478 3287 582 3339 ὑπὸ
632 3288 801 3358 πυρὸς
849 3288 1040 3358 ἁθρόον
1075 3289 1462 3360 άναλωθείσης.
1500 3292 1577 3361 (p.
1612 3290 1738 3361 550)

169 3398 189 3430 ‹
230 3379 423 3448 ’Υόωρ
452 3380 709 3450 περιοχῆς
737 3380 1036 3435 ἐπίσπασαι
1077 3385 1297 3453 σεαυτῇ.
1338 3383 1433 3436 καὶ
1460 3383 1739 3454 κατακρά-

160 3488 329 3542 τησον
357 3470 469 3524 τῶν
496 3471 858 3543 ὀχυρωμάτων
895 3488 1007 3525 σου.
1046 3491 1064 3523 ι
1092 3473 1311 3537 Πολλοῖς
1335 3473 1454 3534 ἔθος
1477 3475 1593 3527 ἐστὶ
1635 3474 1740 3547 πρὸ

154 3566 269 3618 τῶν
307 3564 507 3633 τειχῶν
533 3564 764 3634 τάφρους
793 3562 1118 3635 ἐργάξεσθαι
1154 3564 1434 3634 μεγίστας,
1466 3565 1559 3619 καὶ
1605 3565 1742 3635 πλη-

155 3651 293 3721 ροῦν
331 3651 537 3714 ταύτας
562 3651 771 3716 ὓδατος,
798 3651 873 3716 ὼς
902 3653 975 3724 μὴ
1008 3653 1193 3724 ῥᾳδίαν
1224 3655 1316 3707 ἐπὶ
1341 3654 1409 3708 τά
1452 3654 1604 3727 τείχη
1631 3657 1742 3719 τοῖς

151 3741 451 3811 πολεμίοις
493 3736 630 3793 εἶναι
667 3740 764 3812 τὴν
795 3740 1061 3795 διάϐασιν.
1095 3742 1264 3795 Τοῦτο
1298 3738 1391 3797 οὖν
1424 3742 1572 3812 λέγει
1613 3742 1743 3796 κάν-

148 3830 373 3885 ταῦθα·
412 3832 517 3893 ὅτι,
546 3831 868 3900 Ἐςρέλκυσαι
895 3832 994 3903 τὴν
1032 3835 1095 3886 ἐκ
1124 3833 1216 3886 τοῦ
1247 3833 1437 3897 ὕδατος
1468 3834 1741 3905 βοήθειαν,

147 3924 253 3978 καὶ
284 3922 555 3993 περίϐαλε
581 3923 754 3994 τούτῳ
773 3923 834 3977 τὸ
858 3927 1033 3995 τεῖχος
1059 3924 1121 3977 τὸ
1151 3927 1368 3989 οίκεῖον,
1403 3926 1498 3979 καὶ
1526 3924 1743 3980 πάντων

144 4016 268 4069 τῶν
326 4016 413 4078 είς
461 4014 762 4084 ἀσφάλειάν
812 4032 893 4069 σοι
938 4016 1371 4070 κατεσκευάσθαι
1422 4017 1743 4084 δοκούντων.

142 4106 369 4177 πολλὴν
398 4106 622 4177 ποίησαι
658 4106 755 4177 τὴν
793 4106 1129 4177 ἐπιμέλειαν,
1157 4106 1210 4158 εῖ
1240 4106 1341 4159 πού
1370 4122 1422 4158 τι
1449 4106 1513 4159 ἐκ
1542 4105 1745 4163 τούτων

137 4197 361 4264 ὄφελος
414 4196 610 4261 δέξαιο.
654 4196 815 4265 Λέγει
860 4197 916 4249 δὲ
956 4195 1093 4249 αὐτὰ
1124 4195 1421 4267 είρωνικῶς
1452 4196 1743 4270 διασύρων,

137 4288 224 4351 ὡς
286 4287 475 4339 οὐδενὶ
514 4286 820 4357 βοηθεῖσθαι
870 4290 991 4339 κατ’
1022 4289 1225 4340 ἐκεῖνον
1252 4288 1342 4340 τὸν
1388 4290 1576 4360 καιρὸν
1621 4291 1747 4344 οἴων

134 4397 201 4432 τε
252 4380 463 4432 ὄντων.
511 4379 731 4448 Ἐπάγει
762 4378 926 4446 γοῦν
978 4398 996 4430 ι
1046 4380 1285 4449 Ἐμόηθι
1312 4382 1391 4443 εἰς
1422 4381 1610 4449 πηλὸν,
1655 4382 1749 4435 καὶ

134 4470 560 4543 συμνττατήθητι
593 4472 649 4524 ἐν
683 4471 903 4542 ἀχύροις
924 4489 939 4502 ’
974 4472 1387 4543 κατακράτησον
1416 4473 1555 4544 ὑπὲρ
1596 4474 1748 4527 πλίν-

131 4564 237 4617 θον
270 4580 291 4592 ο
338 4564 462 4615 ἐκεῖ
487 4562 864 4631 καταφάγεταί
904 4579 962 4614 σε
996 4561 1125 4633 πῦρ,
1157 4562 1523 4633 ἐξολοθρεύσει
1558 4582 1615 4617 σε
1646 4566 1750 4633 μά-

1906 2571 2071 2628 Vsns.
2112 2570 2313 2627 15-16.
2350 2598 2421 2610 -—
2465 2567 2641 2623 «Ecce
2676 2568 2910 2638 populus
2966 2574 3104 2621 tuus
3137 2571 3404 2634 tanquam

1837 2662 2053 2719 femina:
2069 2663 2211 2734 apud
2237 2670 2310 2716 te.
2346 2659 2604 2714 llostihus
2636 2660 2743 2713 tuis
2776 2658 3028 2729 pateﬁent
3056 2655 3407 2726 portem

1839 2753 2076 2822 regionis
2110 2760 2243 2816 tuae;
2298 2749 2440 2820 ignis
2494 2748 2693 2802 aduret
2739 2757 2920 2803 vectes
2955 2755 3105 2801 tuos.
3132 2764 3150 2797 ι
3199 2744 3404 2799 Omnes

1838 2844 1932 2914 qui
1955 2842 2105 2898 dicto
2144 2849 2238 2895 tuo
2284 2839 2735 2908 ohtemperahant
2770 2853 2865 2907 per
2896 2837 3085 2891 urbem
3122 2837 3292 2896 cives.
3326 2834 3407 2888 fe-

1840 2937 2111 2991 minarum
2160 2936 2268 2988 ritu
2317 2932 2616 2986 ululatibus
2643 2930 3002 3001 indulgehunt
3029 2938 3193 2998 atque
3215 2928 3404 2981 formi-

1840 3025 1976 3088 dini,
2026 3025 2209 3080 statim
2255 3038 2317 3077 ae
2360 3031 2546 3090 portas
2578 3021 2829 3076 hostibus
2871 3026 3118 3090 patentes
3144 3018 3405 3084 viderint,

1840 3123 2166 3185 captamque
2200 3115 2268 3168 ab
2297 3113 2381 3167 his
2416 3112 2626 3174 urbem,
2675 3112 2831 3179 cujus
2871 3119 3027 3165 vetus
3073 3109 3252 3165 omnis
3288 3125 3408 3161 mu—

1841 3205 1979 3258 nitio
2006 3213 2264 3274 tanquam
2311 3203 2436 3274 igne
2482 3201 2666 3257 subito
2693 3210 3000 3257 evanescet.
3035 3218 3053 3251 ι
3076 3200 3281 3269 Aquam
3310 3200 3410 3252 oh-

1842 3296 2073 3351 sidionis
2118 3294 2333 3349 attrahe
2383 3294 2501 3358 tibi,
2552 3293 2736 3347 obtine
2787 3292 3192 3363 propugnacula
3245 3299 3403 3345 tua.»

1844 3387 2135 3442 Multorum
2178 3402 2299 3440 mos
2328 3394 2413 3441 est
2460 3400 2569 3455 prae
2601 3384 2873 3455 inmitibus
2908 3383 3092 3438 foveas
3140 3383 3410 3438 maximas

1839 3478 2075 3533 ell'odere
2122 3491 2325 3546 easque
2365 3475 2524 3544 aquis
2567 3474 2859 3544 complere,
2908 3489 2975 3528 ne
3010 3475 3082 3529 sit
3123 3474 3412 3544 expeditus

1841 3568 2091 3623 hostibus
2119 3568 2186 3621 ad
2220 3566 2422 3621 mantia
2458 3580 2734 3620 accessus.
2780 3564 2835 3618 Id
2871 3564 3058 3634 utique
3104 3580 3250 3619 nunc
3296 3565 3406 3620 ait:

1840 3659 1968 3715 Pete
2000 3660 2069 3713 ab
2113 3673 2252 3728 aqua
2276 3656 2623 3727 praesidium.
2662 3666 2821 3725 atque
2855 3655 2958 3709 hac
2993 3655 3273 3709 circumda
3296 3669 3414 3707 mu-

1840 3767 1961 3807 rum
1990 3759 2179 3812 tuum;
2213 3749 2455 3819 nihilque
2488 3763 2679 3802 eorum
2712 3746 3063 3816 praetermitte
3087 3761 3209 3815 quae
3228 3745 3413 3799 tutelae
3458 3790 3459 3795 η

1841 3842 2105 3913 prodesse
2127 3840 2414 3904 videntur;
2446 3839 2492 3893 si
2520 3838 2662 3892 forte
2694 3837 2820 3892 hinc
2860 3835 3070 3905 aliquid
3103 3835 3224 3904 Opis
3250 3836 3416 3904 impe-

1842 3940 1987 3985 trare
2007 3944 2194 4000 queas.
2223 3927 2489 3997 Loquitur
2518 3941 2649 3982 vero
2684 3925 2893 3982 ironice
2942 3934 2997 3980 et
3040 3924 3412 3987 subsannans.

1842 4023 2099 4093 quoniam
2128 4020 2244 4075 haec
2274 4019 2408 4072 nulli
2444 4018 2569 4073 usui
2589 4033 2685 4088 per
2713 4017 2765 4071 id
2785 4024 3000 4087 tempus
3028 4014 3213 4069 futura
3230 4024 3408 4069 erant.

1846 4113 1986 4184 Ergo
2016 4112 2165 4166 addit
2198 4130 2211 4165 :
2254 4110 2581 4179 «Ingredere
2631 4109 2828 4172 lutum,
2866 4107 3193 4162 conculcare
3227 4106 3281 4159 in
3318 4120 3416 4175 pa-

1844 4205 1964 4268 leis,
1999 4203 2257 4257 roborare
2289 4216 2453 4270 super
2478 4201 2697 4254 laterem
2723 4217 2736 4252 :
2760 4198 2831 4252 ibi
2861 4197 3077 4252 vorabit
3099 4204 3150 4251 te
3172 4194 3414 4263 ﬂamma,

1848 4297 2037 4367 perdet
2070 4304 2122 4349 te
2151 4295 2384 4363 gladius,
2419 4293 2667 4347 comedet
2691 4300 2742 4345 te
2770 4287 2928 4359 quasi
2958 4290 3195 4350 locusta,
3218 4304 3414 4357 grava-

1849 4368 1997 4448 ber’is
2032 4399 2087 4443 ut
2118 4390 2386 4444 bruchus.
2425 4387 2795 4457 Multiplicasti
2844 4384 3244 4455 negotiationes
3294 4392 3417 4437 tuas

1849 4499 2013 4553 super
2062 4490 2207 4536 astra
2259 4482 2405 4534 coeli.
2446 4500 2463 4530 ι
2504 4478 2894 4532 Vermntamen
2951 4475 3101 4529 nulla
3152 4486 3280 4527 tunc
3320 4475 3415 4526 tibi

1851 4575 1915 4630 ad
1953 4575 2181 4629 salutem
2217 4572 2548 4625 machinatio
2583 4571 2857 4641 proderit;
2911 4569 3020 4621 imo
3050 4567 3213 4621 veluti
3250 4566 3301 4619 in
3335 4568 3418 4619 lu-

126 4672 370 4727 χαιρα’
414 4655 507 4707 καὶ
545 4654 922 4723 καταφάγεταί
965 4671 1022 4705 σε
1070 4655 1144 4717 ὡς
1189 4655 1371 4724 άκρὶς,
1418 4656 1511 4708 καὶ
1548 4654 1737 4726 βαρυν-

1852 4675 1963 4720 tum
1996 4668 2050 4719 in
2095 4666 2362 4719 malorum
2403 4664 2721 4718 barathrum
2759 4662 2993 4722 incides,
3046 4668 3098 4713 et
3145 4660 3417 4728 palearum

128 4748 311 4819 ϐήσῃ
342 4744 422 4807 ὡς
454 4742 678 4814 βροῦχος
698 4760 711 4773 ·
736 4742 1039 4814 ἐπλήθυνας
1074 4742 1341 4813 ἐμπορίας
1368 4760 1460 4796 σου
1505 4745 1644 4814 ὑπὲρ
1687 4744 1755 4798 τά

124 4841 339 4908 ἄστρα
391 4836 494 4889 τοῦ
541 4835 792 4907 ούρανοῦ.
838 4857 856 4889 ι
910 4834 1046 4887 Ἀλλ’
1090 4835 1239 4888 οὐδὲν
1290 4835 1439 4888 ἔσται
1490 4852 1571 4888 σοι
1621 4837 1755 4907 πρὸς

126 4930 456 5003 σωτηρίαν
525 4929 825 4999 μηχάνημα
890 4929 1044 4982 τότε·
1108 4928 1417 4980 τούναντίον
1490 4929 1586 4997 μὲν
1639 4926 1752 4990 οὖν,

134 5024 159 5037 ν

120 5038 355 5092 ωσπερ

120 5117 376 5179 κακῶν,
414 5113 573 5183 δίκην
607 5109 823 5181 ἀχύρων
849 5112 906 5162 ἐν
934 5112 1145 5179 ποιήσει
1174 5108 1409 5161 πλίνθων
1436 5126 1749 5178 συμπατου-

118 5204 338 5283 μένων
372 5226 444 5260 τε
472 5207 566 5261 καὶ
611 5205 1130 5276 συναναφυρομένων
1175 5203 1255 5273 τῷ
1298 5204 1451 5275 πηλῷ
1498 5207 1555 5257 ἐν
1582 5200 1752 5259 ἅπασι

112 5314 249 5371 τοῖς
292 5309 443 5361 τότε
481 5307 782 5377 φυρόμενος
807 5306 993 5363 κακοῖς
1024 5297 1117 5354 καὶ
1142 5301 1304 5364 αύτός
1322 5321 1337 5332 ·
1364 5300 1625 5354 ἀναλώσει
1659 5304 1756 5373 μὲν

108 5407 245 5476 γάρ
312 5422 389 5458 σε
445 5402 601 5471 δίκην
654 5400 824 5470 πυρὸς
871 5401 899 5451 ό
955 5397 1246 5466 πολέμιος’
1311 5396 1656 5469 ἁφανισθήσῃ
1699 5396 1757 5450 δὲ

429 5021 508 5081 είς
555 5037 675 5072 τινα
727 5018 897 5089 πηλὸν
944 5018 1193 5089 ἐμπέσῃ,
1240 5019 1300 5070 τὸ
1352 5018 1579 5089 μέγεθος
1645 5020 1754 5073 τῶν
1798 5024 1805 5031 ’

1851 4757 2026 4810 instar
2055 4769 2195 4823 quze,
2234 4769 2358 4807 cum
2390 4755 2587 4811 lateres
2638 4751 3028 4813 coniiciuntur,
3083 4752 3420 4805 conculcari-

1850 4856 1942 4901 tur
1972 4853 2025 4899 et
2055 4847 2171 4899 luto
2204 4844 2602 4907 immiscentur,
2652 4845 2909 4898 omnibus
2956 4844 3101 4897 illius
3161 4845 3423 4909 lcmpm‘is

1851 4941 2009 4996 malis
2048 4951 2102 4993 et
2134 4940 2248 5009 ipse
2283 4938 2748 4993 commisceheris.
2797 4938 3007 5006 Quippe
3064 4937 3203 5005 ignis
3252 4936 3424 4986 instar

1844 5026 2102 5086 absumet
2132 5037 2183 5083 te
2213 5028 2421 5094 hostis;
2463 5027 2702 5080 caedibus
2736 5027 2902 5081 variis
2945 5026 3146 5095 peribis
3180 5042 3193 5077 :
3228 5021 3421 5076 bruchi

1855 5131 1912 5179 et
1940 5124 2166 5175 locusta:
2196 5134 2345 5173 more
2391 5117 2739 5187 superveniet
2778 5116 2875 5169 tibi
2922 5114 3159 5168 hostium
3204 5127 3421 5181 agmen,

1862 5215 1956 5285 qui
1992 5221 2043 5267 te
2065 5220 2407 5273 consument,
2448 5208 2813 5276 acerbumque
2853 5206 2949 5260 tibi
2983 5208 3247 5259 malorum
3299 5219 3426 5257 sen-

1864 5321 1983 5360 sum
2021 5303 2259 5358 eflicient
2288 5320 2301 5355 :
2327 5301 2517 5355 otiosa:
2554 5298 2649 5352 tibi
2684 5305 2844 5352 erunt
2867 5312 2998 5366 Opes
3033 5296 3155 5359 illa},
3191 5308 3422 5362 quarunt

1863 5409 2149 5449 numerum
2176 5393 2349 5448 stellis
2375 5391 2691 5445 coelestibus
2722 5403 2906 5457 parem
2938 5400 3315 5456 congesseras.

114 5515 411 5565 σφα-[αις
466 5492 771 5553 ποικίλαιςο
822 5490 1049 5561 βρούχου
1091 5505 1151 5540 τε
1206 5488 1301 5540 καὶ
1351 5488 1570 5559 ἀκρίδος
1619 5489 1775 5558 δίκην
1809 5474 2157 5540 ἐπελεύσεταί
2212 5504 2292 5539 σοι
2333 5486 2441 5538 τῶν
2493 5483 2766 5553 πολεμίων
2803 5480 2863 5532 τὸ
2900 5478 3123 5549 πλῆθος,
3176 5479 3251 5547 (p.
3301 5474 3426 5537 55I)

106 5586 664 5649 καταναλίσκοντες
713 5601 770 5636 σε
817 5584 911 5637 καὶ
993 5582 1215 5652 βαρεῖαν
1276 5579 1692 5650 ἐξεργαζόμενοι
1732 5596 1812 5633 σοι
1863 5580 1971 5632 τῶν
2021 5580 2205 5632 κακῶν
2252 5578 2349 5647 τὴν
2394 5579 2621 5647 πεῖραν·
2677 5575 2961 5639 ἄπρακτος
2992 5572 3049 5625 δέ
3102 5586 3184 5625 σοι
3238 5570 3346 5632 πᾶς
3399 5569 3429 5621 ό

104 5686 406 5746 πλοῦτος
457 5684 663 5743 ἐκεῖνος
695 5679 1001 5750 γενήσεται,
1059 5678 1117 5731 ὃν
1173 5675 1456 5741 συνέλεξας
1507 5674 1749 5747 ὡσπερεὶ
1779 5679 1889 5739 τοῖς
1918 5676 2137 5747 ἄστροις
2171 5672 2541 5743 ἁμιλλώμενος
2575 5670 2669 5725 τοῦ
2699 5668 2947 5739 ούρανοῦ.
