3934 6562
545 343 654 403 ‘23
1183 400 1192 405 _
1729 341 2081 401 THEODORI
2121 343 2610 403 MOPSUESTENI
3658 354 3731 413 ιιι

617 462 792 519 Vens.
839 460 1028 518 lli-i9.
1061 489 1135 503 α·-
1180 461 1473 517 ιΒηιεΙιυε
1531 460 1696 516 irruit
1747 471 1804 518 et
1847 464 2170 530 evolavit”

2179 475 2199 526 ι
2294 467 2444 538 Στίχ,
2480 465 2677 531 ις’-ιϐ’.
2707 491 2780 506 —
2812 480 2832 515 ι
2875 461 3117 534 Βροῦχος
3149 460 3374 533 ὥρμησε
3401 459 3494 514 καὶ
3533 461 3732 527 iitum.

546 554 744 620 exiliit,
775 554 934 624 quasi
966 551 1263 616 attelabus,
1287 553 1614 607 commistus
1639 563 1767 609 tuus
1794 573 1807 609 :
1830 562 1889 608 ut
1912 555 2099 610 locust:

2225 557 2346 626 σθη,
2400 556 2626 626 ἐξήλατο
2671 552 2747 617 ὡς
2793 551 3086 614 ἀττέλαϐος
3134 549 3164 602 6
3216 547 3519 618 σύμμικτος
3553 565 3645 615 σου,
3678 555 3732 621 ὡς

549 660 671 713 quae
701 645 902 699 insedit
951 658 1151 714 saepem
1206 644 1263 698 in
1294 643 1382 698 die
1418 645 1562 712 gelu.
1609 643 1778 700 Ortus
1817 655 1901 700 est
1939 647 2042 712 sol,
2071 663 2100 701 e

2222 650 2381 718 ἀκρίς
2411 646 2769 710 ὲπιϐεϐηκυῖα
2815 644 2907 698 ἐπὶ
2949 640 3203 714 φραγμὸν
3251 642 3307 694 ὲν
3360 639 3538 710 ἡμέρᾳ
3571 643 3729 711 πάγου·

548 737 637 790 illa
673 736 938 796 avolavit;
971 750 1149 806 neque
1177 737 1433 806 cognitus
1452 737 1614 807 230
1631 743 1715 791 est
1755 737 1910 791 locus
1942 738 2101 806 ejus.:

2221 742 2249 795 6
2277 740 2426 812 ἥλιος
2463 738 2724 800 ἀνέτειλε,
2763 736 2856 790 καὶ
2903 734 3166 804 ἀφήλατο,
3199 732 3294 786 καὶ
3338 732 3438 784 οὐκ
3482 731 3682 806 ἐγνώσθη
3715 742 3734 793 ό

547 827 768 892 Omnes,
796 827 996 894 inquit,
1031 827 1232 883 subditi
1265 828 1367 891 tui,
1392 844 1535 897 quos
1568 827 1754 882 multis
1778 843 1809 882 e
1843 828 1976 883 locis
1994 845 2100 882 con

2219 834 2383 895 τόπος
2429 831 2617 900 αὐτῆς.
2665 850 2683 882 ι
2723 828 2953 890 Πάντες,
2993 827 3178 896 φησὶν,
3216 826 3265 877 oi
3297 823 3524 893 ὑπήκοοί
3561 840 3636 877 σου
3669 828 3735 892 οὓς

545 929 814 982 traxeras,
871 919 1293 984 incrementum,
1369 927 1429 974 ut
1493 920 1877 980 arbitrabaris,
1923 920 2098 973 viriun

2225 923 2550 994 πολλαχόθεν
2586 922 2890 991 συνήγαγες
2940 917 3119 986 αὖξων
3167 916 3242 980 ὡς
3287 913 3398 986 ᾣου
3436 913 3529 985 τὴν
3561 915 3735 989 δύναμιν

545 1021 760 1065 tuarum
787 1010 864 1078 (id
898 1011 1043 1066 enim
1078 1012 1347 1082 significet
1381 1027 1480 1066 vox
1521 1012 1890 1079 comminus),
1926 1012 2098 1066 bruch

2223 1015 2420 1086 ἑαυτῷ,
2463 1014 2620 1068 τοῦτο
2663 1013 2772 1085 γὰρ
2803 1011 2949 1081 λέγει
2987 1028 3006 1061 ι
3069 1008 3398 1079 σύμμικτον,
3434 1024 3452 1058 ι
3492 1004 3650 1078 ὥσπερ
3677 1027 3736 1074 τις

543 1104 653 1156 ritu
738 1103 1090 1157 evolaverunt
1158 1117 1611 1171 quaquaversus.
1679 1101 2096 1171 diﬂ‘ugeruntqu

2225 1108 2450 1180 βροῦχος
2482 1107 2700 1176 ἁπέπτη
2747 1122 2838 1158 σου
2869 1100 3169 1163 παντελῶς,
3214 1099 3309 1153 καὶ
3341 1097 3644 1168 ἐξεπήδησεν
3671 1101 3737 1153 ἀτ-

545 1193 720 1247 instar
745 1192 987 1247 altelabi.
1019 1189 1210 1247 lmitati
1254 1202 1379 1248 sunt
1415 1192 1682 1247 locustam
1717 1207 1838 1261 qua:
1867 1192 1996 1245 hora
2033 1207 2096 1262 ge

2220 1201 2446 1255 τελάϐου
2484 1200 2671 1270 δίκην⁸
2717 1194 3027 1268 ἐμιμήσατὸ
3054 1211 3112 1246 τε
3142 1191 3338 1263 ἀκρίδα
3377 1191 3435 1242 ὲν
3468 1192 3628 1260 πάγῳ,
3653 1193 3738 1245 ἐπι-

545 1283 655 1338 lida
685 1299 881 1352 saepem
912 1283 1108 1338 insidet
1153 1303 1166 1337 :
1203 1284 1316 1338 lucc
1368 1285 1512 1339 enim
1556 1293 1742 1340 manet
1797 1286 1852 1340 in
1892 1287 2098 1341 station:

2223 1293 2518 1362 ϐεϐηκυῖαν
2560 1287 2818 1362 φραγμῷ.
2867 1288 2900 1358 ἥ
2947 1285 3203 1354 ἀκίνητος
3234 1283 3299 1334 ὲκ
3325 1279 3417 1333 τοῦ
3472 1281 3639 1350 κρίους
3675 1284 3740 1336 ἐπὶ

546 1376 842 1430 immobilis
866 1391 894 1428 a
931 1375 1154 1444 frigore,
1189 1374 1363 1430 donec
1393 1386 1518 1431 orto
1556 1377 1670 1431 sole
1696 1377 1929 1447 geluque
1949 1378 2099 1443 *ireso

2222 1383 2320 1452 τῆς
2352 1381 2590 1444 στάσεως
2625 1379 2860 1451 μένουσα
2887 1377 2987 1446 τῆς
3013 1373 3238 1436 οἰκείας,
3269 1371 3419 1442 ἡλίου
3450 1370 3674 1439 φανέντος
3697 1391 3738 1426 τε

546 1468 678 1531 luto,
731 1468 838 1521 vim
887 1468 1102 1521 volandi
1167 1484 1523 1538 recuperatis,
1582 1471 1786 1531 exsilit,
1819 1472 1969 1524 nullo
2040 1487 2099 1524 su

2223 1476 2316 1528 καὶ
2341 1473 2686 1534 διαλύσαντος
2711 1471 2803 1523 τὸν
2835 1470 3030 1536 πάγον,
3066 1466 3259 1538 ἁθρόον
3290 1467 3388 1532 τῆς
3419 1462 3649 1533 πτήσεως
3669 1465 3741 1533 τῆς

544 1556 774 1626 vestigio
803 1558 1010 1611 relicto.
1065 1557 1204 1612 Dicit
1268 1567 1493 1614 autem:
1533 1558 1596 1613 Hi
1652 1561 1853 1630 pariter
1883 1561 1973 1631 qui
2028 1561 2097 1614 tib

2223 1560 2428 1623 οἰκείας
2478 1559 2811 1629 ἀπειληφυῖα
2842 1557 2941 1628 τὴν
2990 1554 3219 1625 δύναμιν
3279 1553 3590 1620 ἀφίπταται,
3629 1553 3742 1606 οὐδὲν

546 1655 706 1700 antea
741 1657 918 1702 metus
971 1664 1138 1703 causa
1198 1651 1670 1719 obtemperabant,
1720 1666 1844 1703 mox
1895 1651 1984 1703 ubi
2030 1649 2095 1703 ad

2227 1653 2369 1723 ἴχνος
2412 1653 2508 1723 τῆς
2548 1651 2790 1714 στάσεως
2821 1649 2990 1720 αὐτῆς
3035 1643 3411 1701 καταλιποῦσα
3456 1643 3553 1712 τῆς
3587 1646 3742 1714 πρότε-

545 1750 703 1791 versa
771 1736 988 1791 fortuna
1039 1738 1397 1801 laboraveris,
1446 1745 1701 1807 tanquam
1749 1738 1998 1792 libertate
2039 1754 2097 1793 re

2231 1763 2341 1817 ρον.
2375 1743 2530 1797 Οὕτω
2560 1744 2692 1815 γὰρ,
2724 1742 2877 1813 φησὶ,
2914 1741 3008 1795 καὶ
3054 1733 3200 1793 οὗτοι
3243 1738 3509 1809 πρότερον
3549 1736 3634 1802 μὲν
3667 1737 3743 1789 ὑπδ

544 1839 723 1897 cepta,
755 1829 938 1883 cuncti
982 1846 1010 1881 ιι
1065 1838 1118 1885 tu
1153 1837 1382 1884 ovantes
1421 1829 1694 1884 recedent.
1735 1829 1938 1885 Deinde
1964 1831 2097 1900 lugu

2192 1831 2193 1865 λ
2224 1839 2307 1890 σοὶ¹
2338 1837 2744 1907 καθεστήκεσαν
2774 1834 2852 1905 τῷ
2879 1833 2988 1887 δέει
3007 1850 3022 1864 ⁸
3069 1827 3486 1897 καταλαϐούσης
3514 1826 3566 1879 δέ
3602 1843 3651 1879 σε
3673 1828 3745 1892 τῆς

547 1919 716 1973 briter
746 1920 1153 1989 generatimque
1178 1921 1441 1990 prOpbeta
1468 1921 1739 1975 exclamat
1763 1940 1777 1975 :
1799 1939 1818 1972 ‹
1849 1919 1940 1975 Vae
1982 1922 2088 1977 illis

2222 1932 2525 2002 συμφορᾶς,
2555 1929 2744 2001 ὥσπερ
2776 1930 2833 1982 ὲν
2873 1923 3157 1996 ἐλευθερίᾳ
3207 1922 3312 1975 τινὶ
3354 1919 3640 1990 γεγονὼες,
3677 1919 3745 1972 τὸν

544 2009 978 2064 dormitaverunt
1023 2018 1274 2079 pastores
1326 2011 1437 2075 tui;
1478 2025 1576 2065 rex
1621 2010 1881 2082 Assyrius
1919 2027 2097 2066 conso-

2220 2026 2283 2078 ὲκ
2315 2023 2408 2077 σοῦ
2443 2022 2716 2094 χωρισμὸν
2756 2020 3134 2090 ἀγαπήσουσιν
3184 2016 3444 2077 ἅπαντες.
3493 2008 3614 2067 Εἶτα
3639 2012 3746 2082 θρη-

551 2101 1117 2171 pivitpotentes'tuos.
1149 2123 1168 2154 ›
1205 2101 1461 2166 Flebiles,
1489 2103 1585 2166 ait,
1608 2119 1707 2158 vos
1730 2118 1923 2160 omnes
1952 2119 2104 2159 :nam

2218 2114 2453 2183 νητικῶς
2499 2113 2584 2183 ἐφ’
2619 2113 2822 2167 ἅπασιν
2859 2111 2887 2162 6
2937 2108 3221 2180 προφήτης
3248 2106 3430 2174 λέγει·
3469 2121 3488 2156 ι
3528 2103 3647 2155 Οὐαὶ
3681 2103 3748 2156 αὖ·

547 2192 733 2256 duces,
765 2209 865 2249 ceu
897 2209 1094 2263 sopore
1118 2193 1379 2264 quodam,
1426 2195 1709 2262 punitione
1755 2197 1990 2263 correpti
2025 2209 2100 2250 oc-

2219 2208 2330 2269 τοῖς
2348 2222 2361 2235 ⁶
2389 2203 2684 2268 ἐνύσταξαν
2703 2206 2752 2256 οἱ
2782 2199 3037 2272 ποιμένες
3061 2216 3186 2252 σουο
3223 2197 3477 2267 βασιλεὺς
3513 2193 3746 2266 ’Δσσύριος

546 2285 874 2337 cubuerunt.
910 2285 1040 2339 Tale
1070 2294 1156 2339 est
1196 2284 1329 2338 illud
1364 2284 1505 2353 apud
1545 2283 1760 2338 beatum
1807 2283 2066 2340 Davidem

2220 2292 2462 2362 ὲκοίμισε
2486 2293 2610 2354 τοὺς
2625 2291 2890 2352 δυνάστας
2915 2305 3030 2342 σου.
3057 2307 3076 2341 ι
3103 2288 3178 2358 (p.
3198 2287 3324 2355 552)
3341 2286 3580 2357 Θρήνων.
3603 2285 3745 2354 φησὶν,

551 2393 570 2424 v
597 2373 1037 2428 Dormitaverunt
1057 2375 1148 2444 qui
1199 2375 1569 2429 ascendebant
1599 2389 1770 2444 equos
1786 2375 1826 2406 "
1851 2414 1866 2427 .
1894 2394 1912 2428 ι
1953 2376 2104 2429 Ροιτ(

2219 2385 2360 2450 ἄξιοι
2395 2385 2593 2448 πάντες
2623 2383 2779 2454 ὑμεῖς
2804 2395 2820 2412 ⁸
2876 2381 2926 2434 oi
2977 2379 3080 2450 μὲν
3124 2378 3232 2448 γὰρ
3272 2375 3564 2447 ἡγούμενοι
3597 2374 3746 2445 ὥσπερ

546 2481 674 2536 rege
715 2475 902 2521 vestro
948 2466 1068 2520 neci
1123 2466 1324 2520 tradito
1379 2466 1709 2519 commortui
1757 2472 1886 2520 sunt
1930 2480 2099 2519 omne:

2221 2473 2374 2546 ὕπνῳ
2419 2476 2524 2528 τινὶ
2569 2477 2634 2545 τῇ
2686 2472 2925 2544 τιμωρίᾳ
2976 2468 3386 2540 κατενεχθέντες
3439 2464 3739 2520 πεπτώκασι.

544 2559 636 2627 qui
670 2557 808 2627 apud
853 2573 975 2612 eum
1019 2556 1284 2628 dignitate
1329 2557 1684 2626 praestabant.
1739 2574 1758 2608 t
1786 2555 2008 2627 Diﬂ‘ugit
2052 2572 2097 2610 at

2220 2565 2472 2619 Τοιοῦτον
2507 2565 2562 2618 δέ
2596 2566 2712 2617 ἐστι
2762 2565 2856 2616 καὶ
2896 2562 2958 2614 τὸ
3008 2561 3159 2632 παρὰ
3199 2559 3277 2630 τῷ
3311 2556 3564 2629 μακαρίῳ
3604 2551 3748 2618 Δαυῖδ,

545 2657 762 2702 montes
791 2649 1021 2717 populus
1051 2657 1200 2714 tuus,
1225 2663 1405 2718 neque
1443 2657 1561 2703 erat
1601 2648 1696 2718 qui
1731 2664 1858 2703 eum
1906 2648 2098 2718 excipe

2227 2677 2245 2710 ι
2296 2656 2621 2722 Ἐνύσταξαν
2664 2657 2716 2709 οἱ
2762 2653 3152 2724 ἐπιϐεϐηκότες
3182 2651 3403 2714 ἵππους.
3453 2666 3474 2701 ι
3525 2649 3580 2698 ⁸0
3602 2648 3650 2700 δὲ
3677 2646 3749 2715 βα-

545 2749 650 2795 ret.
687 2758 704 2790 »
738 2740 936 2794 Cuncti
971 2740 1085 2809 jam
1130 2740 1196 2794 ad
1241 2739 1424 2811 fugam
1473 2742 1815 2809 spectabant,
1861 2739 2098 2808 quonian

2222 2752 2400 2815 σιλεὺς
2449 2751 2478 2803 6
2530 2750 2793 2820 ὑμέτερος
2831 2745 3077 2817 ἀπωλείᾳ
3123 2742 3456 2814 παραδοθεὶς
3495 2737 3751 2793 συναπώλε-

543 2847 703 2886 nemo
754 2833 996 2901 reliquus
1044 2841 1160 2887 erat
1210 2832 1303 2901 qui
1352 2832 1606 2900 presenti
1654 2833 1798 2886 malo
1839 2831 2096 2902 suppetia:

2221 2860 2312 2896 σεν
2349 2841 2527 2913 ἐαυτῷ
2578 2841 2789 2902 πάντας
2834 2840 2959 2902 τοὺς
2999 2836 3134 2910 παρ’
3179 2835 3328 2906 αὐτῷ
3375 2830 3751 2892 δυναστεύοντες

546 2925 732 2979 ferret.
770 2943 788 2975 ι
820 2923 935 2978 Νοη
949 2923 1445 2982 estconfractionis
1463 2925 1692 2980 medela.
1727 2944 1746 2977 ι
1772 2924 1916 2979 Cura
1937 2924 2099 2978 omni:

2220 2935 2502 3008 πρότερον.
2542 2953 2560 2986 ι
2618 2934 2856 3005 ’Δπῆρεν
2905 2933 2933 2984 6
2977 2929 3105 2992 λαός
3147 2945 3240 2983 σου
3273 2927 3366 2980 ἐπὶ
3411 2924 3484 2978 τὰ
3529 2925 3640 2996 δρη,
3681 2920 3752 2974 καὶ

543 3025 704 3084 atque
753 3015 1062 3071 emendatio
1115 3017 1382 3071 malorum
1457 3026 1676 3070 tuorum
1729 3015 1943 3071 sublata
2011 3023 2096 3069 est.

2219 3028 2319 3081 οὐκ
2353 3022 2420 3098 ἦν
2446 3027 2474 3079 6
2502 3025 2875 3095 ἐκδεχόμενος.
2926 3041 2944 3076 ι
2987 3019 3131 3091 Πρὸς
3162 3019 3344 3090 φυγὴν
3375 3017 3614 3076 ἅπαντες
3645 3009 3755 3064 εἶδον

549 3127 568 3160 ‹
595 3107 804 3163 Vulnus
861 3115 1014 3162 tuum
1066 3107 1345 3162 intumuit.
1381 3125 1400 3158 ι
1433 3105 1617 3162 Crevit
1673 3107 1961 3162 calamitas
2002 3113 2093 3160 tua

2220 3118 2424 3182 λοιπὸν,
2456 3117 2579 3171 ἐπεὶ
2608 3117 2794 3188 μηδεὶς
2828 3111 2896 3186 ἧν
2927 3115 2955 3167 6
2984 3112 3195 3184 βοηθεῖν
3226 3108 3525 3179 δυνάμενος
3547 3105 3651 3208 τοὶς
3674 3118 3753 3154 πα·

541 3199 761 3268 jamque
787 3206 871 3252 est
919 3198 1262 3253 insanabilis.
1296 3216 1315 3250 ι
1349 3197 1553 3254 Omnes
1595 3200 1688 3269 qui
1737 3198 1818 3253 rei
1865 3198 2094 3252 nuntiun

2228 3210 2381 3283 ροῦσι
2428 3211 2634 3273 κακοῖς.
2676 3227 2694 3260 ι
2750 3207 2864 3260 Οὐκ
2906 3205 3051 3259 ἐστιν
3095 3205 3236 3266 ἴασις
3261 3199 3364 3271 τῆς
3408 3195 3695 3268 συντριϐῆς.
3737 3211 3750 3244 ι

544 3290 788 3352 audient,
841 3292 1093 3345 manibus
1147 3291 1412 3360 plaudent
1458 3305 1622 3360 super
1683 3298 1759 3345 te.
1823 3290 1905 3345 Ad
1956 3303 2097 3360 quen

2223 3300 2381 3354 Πᾶσα
2419 3301 2528 3370 γὰρ
2572 3298 2839 3371 θεραπεία
2866 3313 2926 3350 τε
2972 3296 3065 3349 καὶ
3096 3292 3378 3364 διόρθωσις
3413 3288 3523 3343 τῶν
3555 3285 3652 3339 σῶν
3678 3285 3754 3348 ἀφ·

543 3383 689 3436 enim
723 3397 831 3435 non
876 3383 1169 3436 devenerat
1211 3391 1473 3452 perpetua
1507 3381 1713 3435 malitia
1747 3388 1837 3434 tua
1860 3381 1884 3435 ?
1905 3399 1924 3434 ι
1985 3379 2094 3436 Pro

2221 3389 2421 3463 ῄρηται
2444 3389 2649 3445 κακῶν.
2674 3407 2694 3440 ι
2729 3383 3146 3457 Ἐφλέγμανενή
3177 3380 3358 3450 πληγή
3392 3395 3510 3431 σου.
3537 3393 3556 3428 ι
3572 3371 3753 3463 Ηυξήοη

544 3473 688 3527 fecto
712 3473 940 3542 pepulos
967 3489 1156 3528 omnes
1189 3473 1331 3527 fama
1361 3473 1596 3527 cladium
1616 3479 1832 3526 tuarum
1873 3471 2097 3527 oblecta-

2355 3497 2446 3533 σου
2472 3478 2532 3531 τὸ
2559 3477 2747 3540 κακὸν,
2770 3475 2909 3529 ὥστε
2941 3473 3034 3528 καὶ
3060 3471 3243 3543 μένειν
3267 3469 3506 3523 ἀνίατον.
3541 3483 3558 3516 ι
3587 3461 3754 3519 Πάντες

545 3562 641 3624 bit,
669 3564 833 3632 hique
866 3579 1127 3618 manuum
1157 3564 1350 3633 plausu
1379 3571 1721 3633 quantopere
1742 3563 1984 3633 pernicre
2011 3570 2098 3616 tua

2221 3572 2271 3626 οί
2304 3570 2632 3633 ἀκούσαντες
2678 3568 2776 3640 τὴν
2820 3565 3076 3636 ἀγγελίαν
3111 3581 3204 3616 σου
3237 3560 3567 3633 κρατήσουσι
3603 3553 3756 3640 χεῖρας

545 3654 800 3710 lzeten‘tur
822 3655 1232 3726 significabunt.
1269 3655 1351 3710 Tu
1400 3656 1545 3711 enim
1590 3655 1791 3710 bellum
1845 3654 2098 3710 adversus

2215 3662 2309 3717 ἐπὶ
2333 3662 2412 3727 σὲ,
2446 3661 2582 3716 δίοτι
2625 3637 2877 3714 ἐπὶντίνα
2910 3656 3011 3710 οὐκ
3051 3652 3346 3725 ἐπῆλθενή
3382 3647 3552 3702 κακία
3580 3660 3663 3696 σου
3689 3637 3755 3727 δξά

543 3759 736 3800 omnes
767 3749 1508 3818 susceperas,neminemque
1533 3761 1632 3816 pro
1645 3745 1856 3801 viribus
1873 3745 2096 3800 molesti:

2218 3726 2447 3818 παντόςς
2485 3770 2504 3805 ι
2541 3750 2700 3804 Ἀλλὰ
2726 3749 2834 3820 γὰρ
2856 3747 2904 3800 oi
2932 3743 3204 3814 πανταχοῦ
3233 3739 3342 3794 τῶν
3373 3738 3506 3807 περὶ
3528 3735 3584 3788 σὲ
3607 3726 3757 3784 κακῶν

541 3850 604 3889 ac
637 3835 966 3891 detrimento
1015 3853 1123 3892 non
1155 3838 1448 3893 alliciebas.
1500 3836 1640 3892 Hinc
1680 3843 1812 3893 tuus
1861 3835 2094 3891 interitu:

2215 3845 2496 3915 δεξάμενοι
2525 3843 2622 3914 τὴν
2655 3842 2823 3912 ἀκοὴν
2850 3837 3198 3912 ᾑσθήσονται,
3224 3831 3302 3904 τῷ
3337 3829 3525 3901 κρότῳ
3553 3823 3652 3915 τῶν
3673 3833 3757 3915 χιι·

539 3940 830 3981 commune
855 3926 1113 3998 gaudium
1141 3928 1396 3984 omnibus
1424 3929 1627 3983 attulit.

2217 3939 2325 4008 ρῶν
2355 3939 2462 3992 τῶν
2489 3936 2704 3991 οἰκείων
2741 3927 3168 3998 ἐπιδεικνύμενοι
3214 3924 3314 3995 τῆς
3369 3923 3471 3992 σῆς
3526 3909 3757 3970 ἀπωλείας

537 4044 636 4114 τὴν
667 4044 874 4115 ἡδονήν.
926 4043 1143 4117 Ἐπειδὴ
1177 4045 1286 4118 γὰρ
1317 4046 1493 4099 κοινὸν
1520 4044 1657 4116 πρὸς
1687 4045 1934 4105 ἅπαντας
1973 4041 2106 4113 ᾖρου
2144 4037 2240 4092 τὸν
2286 4035 2541 4104 πόλεμον,
2601 4029 2694 4083 καὶ¹
2752 4026 2928 4118 πάντα
2951 4019 3244 4118 Δὀντιναοιξν
3287 4015 3550 4118 βξάπξεξν

541 4103 850 4188 κοῦναατα
892 4135 990 4207 τὴν
1030 4103 1268 4209 δύναμιν,
1306 4103 1578 4201 ἔσπευδεςι
1604 4103 1705 4208 την
1745 4103 2108 4199 οίκείαν,“διὰ
2143 4129 2302 4186 τοῦτο
2345 4103 2527 4196 κοινὴν
2577 4123 2778 4177 ἅπασιν
2818 4115 3009 4189 ἡδονὴν
3049 4115 3114 4168 ὲκ
3155 4111 3255 4181 τῆς
3307 4103 3590 4167 ἀπωλείας
3640 4103 3760 4166 γενέ-⁸

542 4230 664 4283 σθαι
691 4229 887 4299 συνέϐη
915 4229 1013 4301 τῆς
1043 4229 1158 4302 σῆς.

620 4405 664 4438 "
699 4406 848 4466 Psal.
874 4421 1034 4476 Lxxv,
1056 4408 1110 4462 7.

543 4583 3741 4655 Μ

1017 4777 1582 4870 ΕΡΜΗΝΕΙΑ
1651 4765 2255 4861 ΑΒΒΑΚΟΥΜ
2312 4762 2543 4850 ΤΟΥ
2619 4753 3266 4848 ΠΡΟΦΗΤΟΥ.

537 5182 1672 5303 COMMENTARIUS
1735 5183 1881 5296 IN
1942 5174 2810 5294 HABACUCUM
2865 5166 3761 5288 PRO-PHETAM.

608 5577 764 5648 231
814 5576 1106 5648 Postquam
1145 5576 1256 5647 jam
1297 5577 1482 5634 decem
1530 5579 1708 5634 tribus
1749 5579 2006 5650 Assyrius
2047 5581 2101 5636 in

2281 5579 2363 5653 (P.
2394 5581 2519 5652 555)
2563 5581 2702 5651 Ἤδη
2730 5579 2824 5634 τοῦ
2870 5575 3150 5647 Ἀσσυρίου
3197 5573 3323 5636 τοὺς
3371 5573 3486 5643 μὲν
3521 5572 3629 5625 τῶν
3665 5569 3774 5620 δέκα

535 5685 692 5724 suam
723 5669 996 5739 regionem
1025 5670 1269 5740 captivas
1295 5669 1614 5736 abduxerat,
1637 5678 1691 5725 et
1711 5669 1911 5725 deinde
1936 5687 2088 5740 expe-

2219 5672 2389 5742 ρυλῶν
2434 5671 2808 5743 αἰχμαλώτους
2862 5671 2942 5732 εἰς
2989 5668 3088 5738 τὴν
3142 5664 3343 5720 οἰκείαν
3402 5663 3772 5733 ἀπαγαγόντος

535 5760 747 5817 ditione
780 5760 1043 5840 adversus
1088 5760 1424 5817 Hierusalem
1475 5769 1760 5833 suscepta,
1795 5761 2088 5817 terribilem

2221 5762 2414 5832 ίώοαν,
2464 5761 2853 5830 ἐπεληλυθότος
2901 5759 2957 5814 δὲ
3005 5761 3071 5831 τῇ
3115 5755 3519 5828 Ἰερουσαλὴμ,
3561 5756 3652 5812 καὶ
3689 5752 3774 5820 τὴν
