3934 6520
178 348 278 402 ιῖδ

1124 350 1661 410 COMMENTARIUS
1699 350 1764 405 IN
1806 350 2145 407 [lABACUCI
2184 354 2333 409 CAP.
2383 357 2421 409 l.

3305 359 3405 414 426

184 471 416 543 φοδεράν
449 472 662 544 ἐκείνην
684 472 773 526 διά
799 472 892 527 τοῦ
932 474 1161 543 ἀγγέλου
1188 475 1399 547 πληγὴν
1423 475 1737 545 δεξαμένου,

1851 472 1988 526 illam
2022 472 2089 527 ab
2113 474 2306 543 angelo
2323 474 2529 528 cladem
2562 485 2870 545 acceperat,
2896 479 3191 549 multaque,
3222 487 3280 531 ut
3310 496 3408 548 par

183 563 318 630 μετὰ
347 562 543 633 πολλῆς
567 564 641 627 ὡς
665 564 809 627 εἰκὸς
839 564 1085 618 ἐντεῦθεν
1111 566 1208 635 τῆς
1239 565 1458 635 ἀτιμίας
1488 564 1744 635 ὑποστρέ-

178 652 375 719 ψαντος
412 656 491 715 εἰς
522 654 587 706 τὰ
627 657 834 715 οἰκεῖα.
882 657 912 707 0
955 658 1223 726 μακάριος
1270 656 1587 727 ’Λμὸακοὺμ
1629 657 1739 725 (47)

176 746 270 795 ἐπὶ
315 747 413 815 τῆς
454 746 711 811 Ἰουδαίας
736 748 836 816 τὴν
878 750 1213 819 προφητείαν
1255 752 1486 802 ποιεῖται
1517 748 1741 819 ταύτην,

177 841 254 899 εἰς
283 838 377 889 δύο
410 839 644 909 μερίζων
692 840 783 892 τὸν
816 840 991 909 λόγον,
1033 843 1112 904 εἷς
1161 858 1219 895 τε
1242 842 1341 913 τὴν
1368 842 1602 896 αἱτίασιν
1634 841 1744 897 τῶν

178 930 236 979 ἐν
263 929 343 999 τῷ
370 930 483 999 λαῷ
512 932 937 985 δυναστευόντων
977 951 1034 985 τε
1076 936 1169 987 καὶ
1196 936 1505 1003 κρινόντων,
1535 935 1584 987 οἳ
1613 934 1733 987 πολι

178 1022 292 1082 λαίς
320 1022 412 1074 καὶ
442 1022 713 1092 διαφόροις
742 1025 1137 1095 ταλαιπωρίαις
1170 1028 1293 1088 τοὺς
1318 1026 1557 1095 πένητας
1588 1042 1746 1095 περι·

177 1111 419 1177 ἑόαλλον,
448 1114 590 1184 ὑπὲρ
617 1108 692 1169 ὧν
718 1115 785 1185 δὴ
818 1114 1053 1185 μάλιστα
1080 1116 1483 1186 ὲπαχθήσεσθαι
1502 1117 1571 1169 τά
1592 1117 1745 1187 παρά

175 1203 280 1256 τῶν
314 1205 670 1259 Βαϐυλωνίων
716 1208 899 1269 αὐτοῖς
935 1208 1261 1278 μνημονεύει
1295 1208 1441 1261 κακά
1465 1224 1478 1236 ’
1529 1208 1623 1262 καὶ
1666 1209 1745 1270 εἰς

176 1293 273 1363 τὴν
315 1296 496 1348 αὐτῶν
540 1297 649 1349 τῶν
680 1297 1033 1351 Βαϐυλωνίων
1064 1299 1396 1369 κατηγορίαν
1431 1298 1507 1361 ὡς
1539 1314 1745 1369 κεκρα-

176 1386 419 1454 τηκότων
470 1388 570 1457 μὲν
602 1390 701 1458 τῆς
740 1388 1112 1461 Ἰερουσαλὴμ,
1160 1392 1259 1443 οὐκ
1303 1393 1384 1453 είς
1424 1390 1539 1442 δέον
1580 1390 1638 1443 δὲ
1670 1390 1746 1461 τῷ

175 1478 365 1546 κράτει
417 1480 775 1549 χρησαμένων
802 1520 817 1543 ,
873 1481 1074 1551 πολλὴν
1121 1482 1177 1534 δὲ
1220 1482 1320 1552 τὴν
1350 1481 1615 1551 ἀμετρίαν
1648 1482 1747 1551 τῆς

175 1568 455 1640 ὠμότητος
506 1573 625 1622 κατ’
657 1572 833 1623 αὐτῶν
866 1572 1310 1642 ὲπιδεδειγμένων
1337 1591 1351 1605 ·
1400 1573 1540 1644 ὑπὲρ
1571 1566 1647 1628 ὧν
1681 1573 1745 1645 δὴ

175 1659 267 1710 καὶ
287 1658 510 1721 τούτους
538 1659 1011 1730 τιμωρηθήσεσθαι
1038 1662 1204 1730 λέγει·
1238 1662 1376 1716 ὥστε
1405 1664 1545 1715 κατὰ
1564 1681 1627 1731 γε
1648 1663 1747 1734 τὴν

173 1750 437 1819 διαίρεσιν
478 1752 680 1819 ταύτην
723 1754 955 1805 ἑοικέναι
1008 1754 1086 1823 τῷ
1127 1755 1301 1824 ένάτῳ
1329 1754 1531 1826 ψαλμῷ
1572 1755 1748 1808 δοκεῖν

174 1842 341 1894 αὑτοῦ
371 1842 468 1911 τὴν
502 1844 856 1913 προφητείαν,
897 1845 955 1907 ὃς
1000 1846 1116 1897 ἐστὶ
1171 1848 1270 1916 μὲν
1316 1843 1395 1911 εἷς
1421 1848 1501 1917 τῷ
1530 1848 1747 1918 ἀριθμῷ

174 1935 265 1984 ἐπὶ
316 1934 419 2002 τῆς
470 1934 786 2006 Ἑλληνικῆς
832 1939 1222 2007 ὲκφωνήσεως,
1266 1939 1359 1992 δύο
1411 1940 1466 1992 δὲ
1514 1942 1605 1993 ἐπὶ
1650 1942 1747 2011 τῆς

185 2024 454 2091 Ἱοζϐραίων
515 2025 797 2094 γλώττης,
852 2027 988 2080 ἰδίαν
1036 2030 1295 2099 ἐκατέρου
1348 2031 1448 2101 τὴν
1495 2031 1747 2084 ὑπόθεσιν

175 2115 410 2183 ἔχοντος·
442 2117 513 2179 ὡς
546 2116 640 2168 τοῦ
688 2118 789 2187 μὲν
834 2120 1097 2191 προτέρου
1142 2120 1315 2191 ἀρχὴν
1361 2122 1459 2191 μὲν
1496 2120 1630 2175 εἶναι
1663 2123 1744 2186 τὸ,

180 2227 198 2252 ι
238 2207 734 2278 Ἐξομολογήσομαί
777 2228 891 2275 σοι,
933 2211 1136 2282 Κύριε,
1172 2214 1230 2265 ὲν
1258 2213 1356 2285 ὅλῃ
1392 2214 1587 2284 καρδίᾳ
1621 2232 1745 2284 μου,

169 2299 503 2368 διηγήσομαι
531 2300 708 2353 πάντα
730 2302 798 2353 τά
825 2302 1104 2373 θαυμάσιά
1131 2321 1223 2357 σου
1243 2322 1256 2334 ·
1293 2325 1311 2356 ι
1358 2306 1530 2376 πέρας
1565 2307 1621 2359 δὲ
1662 2306 1745 2369 τὸ,

176 2405 200 2437 ι
231 2389 604 2460 Κατάστησον,
647 2394 836 2463 Κύριε,
882 2395 1180 2466 νομοθέτην
1215 2399 1419 2461 αὐτοῖς,
1454 2398 1747 2466 γνώτωσαν

172 2477 299 2548 ἑθνη
329 2479 411 2531 ὅτι
438 2480 711 2550 ἄνθρωποί
741 2485 864 2535 είσι.
896 2503 913 2534 ι
949 2484 1053 2536 Τοῦ
1084 2485 1336 2556 δευτέρου
1362 2486 1417 2538 δὲ
1444 2486 1615 2557 ἀρχὴν
1650 2488 1748 2556 μὲν

172 2570 252 2631 τὸ,
288 2590 309 2620 ι
340 2570 457 2623 ’Ίνα
484 2573 559 2635 τί,
600 2574 793 2643 Κύριε,
836 2575 1153 2647 ἀφέστηκας
1182 2578 1485 2648 μακρόθεν;
1517 2580 1593 2648 (p.
1618 2580 1745 2645 554)

174 2663 448 2733 ὑπερορᾷς
480 2667 537 2716 ὲν
564 2664 885 2734 εὐκαιρίαις,
922 2670 978 2718 ὲν
999 2656 1236 2737 θλίψεσι;
1264 2689 1281 2720 ι
1306 2670 1457 2733 τέλος
1484 2671 1563 2733 δὲ,
1593 2690 1612 2722 ι
1636 2673 1747 2742 Τὴν

169 2755 491 2823 ἑτοιμασὶαν
520 2756 617 2826 τῆς
652 2757 879 2825 καρδίας
905 2759 1085 2811 αὐτῶν
1125 2762 1394 2831 προσέσχε
1422 2762 1483 2814 τὸ
1509 2759 1601 2826 οὖς
1628 2781 1744 2827 σου,

173 2846 355 2915 ιρίναι
384 2846 606 2915 ὀρφανῷ
634 2850 728 2899 καὶ
769 2848 1025 2919 ταπεινῷ,
1055 2851 1141 2904 ἵνα
1184 2853 1258 2923 μὴ
1298 2854 1505 2925 προσθῇ
1542 2854 1621 2907 ἔτι
1652 2855 1746 2908 τοῦ

174 2936 543 3005 μεγαλαυχεῖν
571 2938 855 3008 ἄνθρωπος
884 2942 975 2993 ἐπὶ
1002 2942 1103 3011 τῆς
1133 2944 1256 3012 γῆς.
1296 2962 1315 2994 ι
1360 2945 1575 2997 Τούτων
1604 2946 1661 2999 δὲ
1689 2948 1747 3000 έν

178 3028 273 3078 ,ιὲν
299 3030 416 3089 τοῖς
438 3029 722 3099 προτέροις
747 3032 871 3094 τοὺς
902 3032 1213 3104 ἀλλοτρίους
1238 3037 1497 3100 αἰτιᾶται,
1524 3037 1667 3105 λέγω
1689 3038 1746 3091 δὲ

1843 571 1980 628 erat,
2016 578 2141 617 cum
2195 564 2486 633 ignominia
2545 565 2694 621 illinc
2744 568 2797 619 in
2844 572 3073 635 patriam
3125 581 3410 638 regressus

1845 654 2052 715 fuerat;
2114 655 2306 710 beatus
2355 654 2680 710 Habacucus
2733 660 2835 710 hoc
2882 660 3053 713 edidit
3104 660 3171 713 de
3220 658 3409 715 ludam

1845 746 2186 810 vaticinium,
2215 744 2392 799 diviso
2418 746 2470 798 in
2494 758 2673 815 partes
2699 749 2834 802 duas
2857 765 3106 805 sermone
3130 768 3142 813 ;
3174 766 3407 819 quarum

1845 841 2028 910 priore
2077 840 2355 908 principes
2410 838 2735 908 iudicesque
2798 841 3033 903 incusat,
3085 843 3176 912 qui
3224 842 3410 895 multis

1847 931 2125 999 variisque
2150 929 2408 983 aerumnis
2432 946 2697 1000 pauperes
2720 931 3130 1001 implicuerant;
3154 949 3314 1002 quam
3338 934 3411 986 ob

1846 1036 1960 1075 rem
2015 1021 2288 1090 praecipue
2346 1029 2605 1074 eventura
2663 1021 2771 1076 illis
2827 1037 2856 1075 a
2904 1022 3215 1094 Babyloniis
3267 1027 3411 1077 maia

1847 1121 2113 1166 memorat
2148 1132 2161 1165 :
2195 1112 2365 1165 altera
2420 1126 2550 1167 vero
2612 1126 2741 1182 pars
2796 1112 3214 1185 Babyloniorum
3271 1118 3413 1185 ipso-

1848 1221 1969 1259 rum
2013 1206 2440 1275 increpationem
2496 1210 2762 1271 continet,
2800 1211 2893 1279 qui
2942 1209 3281 1265 Hierusalem
3313 1227 3409 1281 po-

1848 1299 1956 1362 titi,
1988 1299 2128 1352 haud
2162 1310 2307 1353 recte
2336 1301 2562 1354 victoria
2594 1303 2675 1355 usi
2708 1312 2884 1366 erant,
2916 1303 3008 1356 sed
3035 1303 3260 1356 inultum
3284 1318 3411 1357 cru-

1849 1391 2091 1445 delitatis
2144 1407 2429 1446 excessum
2485 1392 2746 1447 adversus
2793 1391 3010 1447 Iudaeos
3061 1408 3414 1463 exprompse—

1849 1490 2004 1547 rant;
2040 1483 2200 1550 cujus
2228 1498 2392 1538 causa
2425 1485 2672 1553 punitum
2712 1486 2776 1537 iri
2818 1485 2969 1539 dicit.
3005 1484 3185 1551 Quare
3215 1501 3415 1539 secun-

1852 1575 1981 1628 dum
2014 1575 2153 1629 hanc
2181 1576 2530 1639 divisionem,
2565 1578 2779 1632 videtur
2807 1578 3087 1648 prophetia
3120 1578 3232 1633 haec
3267 1592 3414 1633 nono

1850 1665 2045 1719 similis
2072 1666 2301 1735 psalmo,
2332 1667 2426 1736 qui
2461 1684 2604 1723 unus
2638 1676 2721 1724 est
2756 1670 2810 1723 in
2849 1668 3034 1723 Graeca
3082 1669 3412 1738 interpreta-

1852 1756 2021 1819 tione,
2054 1756 2164 1809 duo
2194 1768 2373 1811 autem
2403 1758 2455 1810 in
2491 1756 2713 1812 Hebraea
2738 1760 2944 1829 lingua,
2975 1776 3099 1814 cum
3130 1775 3231 1814 suo
3262 1761 3415 1830 quis-

1850 1860 1954 1914 que
2006 1858 2345 1915 argumento.
2399 1847 2462 1901 Et
2506 1850 2703 1918 prioris
2753 1851 2969 1920 quidem
3018 1852 3233 1905 initium
3277 1860 3412 1906 est:

1854 1957 1871 1987 ι
1908 1937 2223 1991 Conﬁtebor
2245 1938 2364 2001 tibi,
2397 1936 2645 2001 Domine,
2677 1941 2729 1993 in
2759 1948 2875 1995 toto
2903 1942 3067 1995 corde
3098 1958 3248 2008 meo;
3282 1956 3415 1995 nar—

1849 2029 1983 2081 rabo
2027 2029 2207 2083 omnia
2247 2030 2517 2083 mirabilia
2566 2039 2677 2084 tua.
2719 2052 2737 2082 ν
2773 2030 2928 2087 Finis
2961 2042 3139 2085 autem
3179 2052 3190 2085 :
3226 2052 3243 2082 ι
3277 2033 3417 2086 Con-

1848 2120 2039 2182 stitue,
2103 2117 2351 2180 Domine,
2406 2120 2767 2189 legislatorem
2823 2122 2938 2187 eis;
2995 2122 3170 2174 sciant
3228 2132 3416 2190 gentes

1847 2210 2109 2279 quoniam
2168 2210 2416 2265 homines
2475 2218 2622 2263 sunt.
2662 2230 2680 2261 ι
2745 2212 2984 2266 Alterius
3041 2227 3171 2267 vero
3219 2212 3415 2283 psalmi

1849 2303 2067 2357 initium
2102 2312 2186 2357 est
2226 2321 2239 2356 :
2280 2321 2298 2353 ι
2336 2301 2407 2357 Ut
2440 2302 2595 2372 quid,
2630 2301 2878 2366 Domine,
2921 2304 3199 2360 recessisti
3236 2305 3413 2373 longe,

1850 2395 2093 2464 despicis
2128 2394 2183 2447 in
2214 2393 2741 2463 Opportunitatibus,
2785 2394 2837 2447 in
2877 2394 3361 2449 tribulationibus?
3392 2413 3411 2445 ι

1849 2485 2003 2541 Finis
2035 2505 2047 2539 :
2084 2504 2101 2536 ι
2127 2484 2522 2554 Praeparationi
2559 2485 2740 2541 cordis
2777 2500 2966 2539 eorum
3009 2484 3237 2540 attendit
3266 2487 3418 2539 auris

1853 2588 1969 2642 tua,
2018 2577 2268 2646 judicare
2318 2578 2523 2645 pupillo
2569 2584 2622 2629 et
2674 2577 2886 2638 humili,
2927 2585 2986 2630 ut
3036 2592 3143 2631 non
3183 2588 3419 2648 apponat

1850 2671 1988 2725 ultra
2040 2669 2392 2739 magnificare
2432 2685 2489 2723 se
2540 2670 2703 2722 homo
2751 2684 2916 2738 super
2964 2678 3188 2724 terram.
3227 2689 3246 2723 ι
3298 2670 3418 2725 Jam

1848 2774 1979 2815 vero
2017 2760 2072 2813 in
2100 2760 2282 2827 priore
2320 2760 2532 2828 psalmo
2563 2759 2900 2829 alienigenas
2950 2761 3218 2831 increpat,
3252 2762 3302 2816 id
3334 2771 3419 2817 est

1850 2849 2135 2913 ﬁnitimos,
2164 2851 2257 2919 qui
2283 2864 2611 2921 magnOpere
2635 2860 2827 2905 contra
2857 2850 3077 2907 Judaeos
3107 2856 3417 2917 servierant,

1850 2957 1914 2996 ac
1960 2950 2249 3011 propterea
2296 2957 2514 3011 pinnam
2549 2942 2709 3012 232
2735 2943 2869 3012 ipsis
2919 2958 2949 2997 a
3000 2941 3113 3000 Deo
3154 2944 3417 3000 inﬂictam

1852 3035 2021 3099 dicit;
2056 3035 2113 3089 in
2145 3035 2321 3088 altero
2357 3035 2543 3105 populi
2573 3036 2800 3091 ditiores
2827 3052 2890 3091 ac
2922 3036 3200 3108 principes
3234 3038 3421 3106 objur-

170 3117 297 3178 τοὺς
326 3118 655 3187 περιοίκους,
691 3119 767 3180 ὡς
799 3122 963 3192 πο).λῇ
1011 3126 1078 3194 τῇ
1130 3125 1248 3177 κατ’
1282 3126 1462 3179 αὐτῶν
1507 3128 1748 3199 ὠμότητι

1854 3134 1966 3196 gat,
1994 3129 2086 3197 qni
2118 3142 2387 3197 pauperes
2421 3127 2731 3196 iniquitate,
2770 3128 3136 3191 detrimentis,
3173 3130 3423 3199 injuriis-

170 3210 575 3279 χρησαμένους,
612 3210 752 3282 ὑπὲρ
782 3206 858 3266 ὧν
909 3213 974 3285 δὴ
1008 3216 1103 3267 καὶ
1141 3218 1411 3287 τιμωρίαν
1444 3220 1627 3283 αὐτοῖς
1659 3222 1755 3273 ἑπ-

176 3301 340 3370 ἦχθαι
368 3298 519 3370 λέγει
545 3305 697 3374 παρά
721 3305 813 3357 τοῦ
840 3304 997 3358 Θεοῦ·
1025 3307 1083 3359 ὲν
1099 3307 1155 3360 δὲ
1183 3310 1293 3370 τοῖς
1311 3309 1604 3381 δευτέροις,
1628 3313 1756 3376 τοὺς

172 3393 229 3445 ὲ)
263 3391 345 3461 τῷ
373 3390 492 3462 λαῷ
524 3393 601 3464 τῷ
631 3412 690 3447 τε
718 3396 933 3467 πλούτῳ
962 3397 1056 3450 καὶ
1084 3402 1149 3469 τῇ
1198 3398 1487 3472 δυναστείᾳ
1521 3404 1607 3455 ἐπ’
1637 3404 1754 3457 ἀδι-

172 3484 299 3533 κίαν
331 3485 428 3536 καὶ
464 3485 670 3556 βλάϐην
699 3489 792 3540 κοιλ¹
823 3490 1085 3560 ἐπήρειαν
1124 3490 1231 3543 τῶν
1272 3495 1521 3562 πενήτων
1554 3512 1754 3566 κεχρη-

169 3575 394 3643 μένους,
432 3576 525 3639 οὓς
554 3578 647 3630 καὶ
689 3580 885 3643 αὐτοὺς
926 3582 1027 3634 οὐκ
1071 3580 1178 3645 ἔξω
1223 3586 1494 3655 τιμωρίας
1535 3585 1753 3639 ἔσεσθαί

165 3680 325 3733 φησι.
359 3665 583 3719 Τοιοῦτο
606 3669 712 3739 γάρ
736 3686 789 3720 τι
821 3671 912 3721 καὶ
935 3670 1030 3723 νῦν
1064 3672 1092 3722 0
1124 3672 1391 3742 μακάριος
1432 3673 1754 3747 Ἀμϐακοὺμ

163 3756 195 3805 0
226 3756 521 3825 προφήτης
558 3761 737 3822 ποιεῖ,
790 3759 1027 3831 μερίζων
1069 3761 1162 3813 τὸν
1208 3763 1364 3831 λόγον
1408 3766 1488 3827 είς
1521 3782 1580 3817 τε
1628 3768 1755 3829 τοὺς

165 3847 303 3915 παρ’
338 3848 527 3911 αὐτοῖς
577 3849 664 3901 ἐπ’
708 3850 890 3921 ἀδικίᾳ
937 3853 1046 3903 τῶν
1085 3855 1331 3925 πενήτων
1372 3860 1439 3927 τῇ
1480 3857 1758 3930 προσούσῃ

160 3937 547 4008 κεχρημένους
573 3940 862 4011 δυναστείᾳ
888 3956 902 3969 ·
941 3943 1163 4008 τούτους
1194 3946 1301 4017 γάρ
1327 3948 1385 3999 ὲν
1424 3952 1535 4011 τοῖς
1563 3952 1756 4021 προτέ-

163 4044 290 4097 ροις
317 4028 729 4097 αἰτιασάμενος,
761 4030 909 4099 λέγει
942 4032 1037 4085 καὶ
1066 4033 1165 4105 τὴν
1196 4036 1545 4109 ἐπαγομένην
1573 4041 1756 4104 αὐτοῖς

160 4119 317 4190 ὑπὲρ
350 4120 544 4173 τούτου
574 4123 861 4193 τιμωρίαν
893 4127 988 4179 καὶ
1014 4128 1093 4190 είς
1111 4128 1238 4191 τοὺς
1259 4129 1653 4197 Βαϐυλωνίους,
1679 4126 1756 4187 ὧν

156 4208 267 4263 καὶ
302 4210 487 4264 αὐτῶν
520 4212 750 4265 πλεῖστα
776 4214 876 4267 ὅσα
908 4214 1319 4271 διατεθεικότων
1348 4221 1494 4274 κακά
1517 4222 1608 4275 τὸν
1628 4222 1756 4277 λαὸν

155 4302 633 4374 ἐπαχθησομένην
656 4303 877 4376 ὕστερον
898 4308 1169 4379 τιμωρίαν
1194 4312 1408 4382 μηνύει.
1462 4313 1619 4368 Ἀλλά
1643 4315 1753 4388 γὰρ

1850 3234 1958 3289 que
1986 3220 2291 3284 vexabant;
2324 3226 2487 3287 atque
2522 3219 2622 3272 hos
2663 3218 2825 3272 etiam
2862 3220 3006 3272 haud
3041 3232 3256 3289 ptenam
3290 3236 3422 3275 eva-

1850 3326 2011 3366 suros
2050 3312 2144 3365 ait.
2178 3310 2323 3365 ldem
2365 3310 2478 3365 fere
2530 3325 2675 3365 nunc
2719 3311 2832 3381 agit
2862 3311 3055 3367 beatus
3094 3310 3424 3368 llabacucus

1850 3404 2139 3472 propheta,
2184 3402 2449 3472 bipartito
2504 3416 2779 3465 sermone,
2826 3403 3005 3472 primo
3058 3405 3277 3473 quidem
3335 3406 3423 3458 atl-

1849 3509 2045 3548 versus
2084 3508 2180 3548 eos
2214 3494 2306 3562 qui
2344 3507 2615 3562 pauperes
2656 3490 2864 3560 iniusta
2915 3494 2964 3546 vi
2997 3494 3420 3564 Opprimebant:

1853 3586 1939 3639 his
1996 3585 2139 3639 enim
2194 3587 2440 3655 apprime
2500 3584 2817 3653 increpitis,
2859 3593 3175 3639 eventuram
3225 3586 3424 3641 delicto

1850 3693 2069 3748 poenam
2119 3677 2398 3747 praedicit;
2435 3676 2634 3730 deinde
2686 3678 2741 3728 in
2782 3675 3108 3746 Babylonios
3146 3677 3424 3730 converti-

1852 3779 1965 3835 tur,
1998 3770 2090 3840 qui
2121 3786 2243 3823 cum
2280 3770 2565 3822 innumera
2606 3769 2749 3821 mala
2782 3769 2983 3838 populo
3015 3768 3247 3823 Judaico
3278 3769 3427 3823 iutu-

1851 3864 2066 3925 lisscnt,
2121 3861 2462 3930 punitionem
2507 3859 2640 3927 ipsis
2680 3860 2995 3929 impositum
3041 3860 3107 3913 iri
3159 3862 3421 3931 praedicit.

1853 3953 2009 4007 Nunc
2040 3961 2332 4022 postquam
2381 3952 2676 4005 verborum
2711 3951 2991 4021 prophetae
3036 3961 3423 4022 argumentum

1852 4050 2227 4118 exposuimus,
2261 4046 2514 4116 sequitur
2545 4053 2604 4099 ut
2650 4053 2836 4115 partes
2882 4045 3128 4115 singulas
3171 4046 3425 4099 conside—

1852 4157 2055 4195 remus.
2108 4137 2271 4191 Pneit
2318 4137 2518 4192 solitus
2567 4137 2750 4192 libello
2781 4136 3016 4190 titulus:
3061 4154 3079 4186 ι
3109 4137 3426 4205 Assumpiio

1854 4245 2020 4301 quam
2048 4231 2184 4283 vidit
2210 4227 2538 4282 Habacucus
2566 4226 2850 4297 propheta.
2891 4244 2911 4278 ι
2941 4224 3032 4281 Sic
3065 4235 3247 4281 autem
3272 4241 3431 4279 exor-

1854 4324 2040 4378 ditur:

152 4402 435 4471 τοιαύτης
488 4404 628 4468 τινὸς
675 4404 841 4477 οὔσης
885 4408 983 4479 τῆς
1017 4409 1326 4475 ὑποθέσεως
1369 4413 1477 4466 τῶν
1527 4413 1622 4468 τοῦ
1676 4416 1958 4487 προφήτου
2010 4410 2305 4483 ῥημάτων,
2350 4409 2419 4461 τά
2476 4406 2616 4461 κατά
2667 4407 2831 4477 μέρος
2879 4408 3177 4477 σκοπητέον
3224 4406 3427 4461 λοιπόν.

157 4499 471 4569 Πρόκειται
501 4499 599 4568 μὲν
627 4495 721 4554 οὖν
747 4503 780 4571 ή
812 4502 1030 4557 είωθυῖα
1058 4508 1349 4578 προγραφὴ
1376 4509 1471 4561 τοῦ
1508 4509 1734 4579 βιϐλίου,
1768 4529 1788 4563 ι
1824 4510 1899 4563 Τὸ
1930 4509 2125 4578 λῆμμα
2158 4506 2187 4558 0
2212 4502 2349 4557 εἶδεν
2388 4501 2709 4573 ’Λμϐακοίιμ
2742 4504 2769 4554 0
2800 4506 3108 4572 προφήτης·
3150 4521 3168 4551 ι
3205 4501 3427 4571 ἄρχεται

150 4592 211 4644 δὲ
239 4590 316 4644 οὗ
324 4606 431 4651 τως
452 4607 463 4619 ⁸

844 4710 998 4761 ΚΕΦ.
1041 4712 1117 4763 A'.

228 4841 397 4909 Στίχ.
438 4841 503 4909 β’.
538 4870 609 4882 —
643 4843 817 4905 «Ἕως
844 4844 1010 4906 τίνος,
1046 4843 1237 4913 Κύριε,
1273 4846 1633 4915 κεκράξομαι,
1665 4849 1759 4901 καὶ

153 4932 220 4983 οὑ
265 4931 349 5001 μὴ
384 4931 744 5004 εἰσακούσης;
794 4932 1060 5001 βοήσομαι
1108 4933 1242 5002 πρὸς
1276 4934 1337 4985 σὲ
1382 4934 1757 5005 ἀδικούμενος,

2528 4709 2679 4765 CAP.
2725 4709 2762 4761 l.

1930 4843 2095 4899 Vsus.
2130 4844 2183 4897 9..
2218 4874 2283 4881 -—-
2318 4864 2335 4894 ι
2377 4843 2694 4913 Usquequo,
2756 4842 3000 4910 Domine,
3055 4845 3327 4907 clamabo,
3382 4856 3437 4900 et

1860 4950 1972 4989 non
2010 4934 2320 4988 exaudies?
2366 4932 2710 4987 vociferabor
2759 4936 2824 4987 ad
2869 4940 2922 4988 te
2965 4933 3075 4987 vim
3113 4934 3347 5002 patiens,
3381 4944 3437 4989 et

155 5024 262 5075 καὶ
297 5023 366 5075 ού
409 5024 484 5091 μὴ
516 5021 727 5093 among;
766 5043 784 5074 ι
836 5028 910 5092 (p.
936 5025 1062 5093 555)
1111 5026 1222 5095 υύχ
1266 5025 1340 5089 ὡς
1372 5026 1609 5081 αίτίασίν
1642 5045 1748 5080 τινα

1860 5040 1971 5079 non
1995 5025 2277 5079 salvabis?
2312 5043 2329 5075 ι
2362 5024 2479 5077 Non
2516 5031 2777 5093 tanquam
2808 5025 3187 5094 expostulatis,
3214 5026 3329 5081 haac
3361 5028 3438 5079 ait

152 5114 242 5183 τῷ
288 5114 421 5181 Θεῷ
466 5116 758 5184 προσάγων
798 5117 826 5167 0
866 5118 1151 5186 προφήτης
1196 5115 1370 5168 ταῦτά
1402 5132 1587 5185 φησιν,
1628 5117 1748 5171 ἀλλό

1862 5117 2146 5187 propheta,
2200 5117 2294 5169 scd
2357 5131 2510 5171 more
2579 5117 2822 5177 illorum,
2875 5118 2968 5186 qui
3030 5119 3087 5171 in
3144 5133 3203 5172 re
3255 5118 3439 5185 aliqua

154 5204 365 5267 καθὼς
394 5205 514 5266 ἔθος
542 5206 723 5267 αὐτοῖς
752 5207 845 5258 ἐπὶ
870 5207 976 5257 τῶν
1006 5224 1125 5259 τινα
1153 5207 1476 5277 διαπόρησιν
1506 5208 1748 5276 ἐχόντων,

1862 5209 2034 5273 anxii,
2062 5210 2144 5262 vel
2186 5211 2351 5261 etiam
2378 5210 2528 5276 justa
2557 5209 2936 5279 indignatione
2977 5209 3261 5273 commoti,
3294 5211 3439 5278 figu-

152 5299 187 5369 ῆ
246 5299 358 5351 καὶ
414 5298 788 5367 ἀγανάκτησιν
844 5301 1133 5353 κινούντων
1186 5299 1399 5353 δικαίαν
1455 5300 1599 5355 κατὰ
1650 5301 1748 5352 τῶν

1866 5309 1987 5353 rato
2016 5300 2084 5353 ad
2130 5302 2624 5368 expostulationem
2665 5315 2918 5355 sermone
2948 5300 3017 5354 de
3066 5312 3249 5353 rerum
3288 5311 3440 5352 acta-

154 5389 502 5452 ττοιούντων,
535 5392 594 5441 ὲν
622 5390 903 5459 αἰτιατικῴ
931 5391 1109 5459 λέγειν
1145 5392 1379 5461 σχήματι
1428 5390 1537 5443 τῶν
1587 5408 1748 5461 πρατ-

1867 5406 1988 5444 rum
2025 5391 2313 5460 iniquitate
2342 5400 2667 5459 queruntur.
2720 5392 2798 5443 lta
2829 5391 3042 5445 scilicet
3072 5390 3178 5444 hoc
3213 5404 3272 5445 se
3318 5390 3439 5443 loco

150 5484 426 5552 τομένων
470 5483 570 5551 τὴν
616 5484 863 5536 ἀτοπίαν·
900 5483 1043 5535 οὕτω
1069 5485 1298 5538 κάνθάδε
1337 5484 1501 5553 φησίν
1527 5500 1541 5514 ’
1573 5484 1748 5557 ὥσπερ

1870 5484 2006 5553 gerit
2028 5484 2313 5552 prepheta.
2351 5480 2508 5536 Sicut
2537 5497 2667 5553 ergo
2700 5482 2893 5537 beatus
2918 5482 3083 5536 etiam
3113 5481 3190 5533 ait
3223 5480 3392 5535 David
3418 5500 3434 5534 :

149 5573 259 5629 οὖν
304 5574 408 5627 καί
433 5576 463 5627 0
492 5574 756 5643 μακάριος
789 5574 934 5642 λέγει
969 5575 1127 5627 Δαυῖδ
1159 5576 1239 5639 τὸ,
1282 5595 1300 5626 ι
1322 5575 1438 5628 Ἵνα
1463 5575 1535 5640 τί,
1564 5574 1748 5645 Κύριε.

1877 5591 1894 5623 ι
1930 5571 2000 5627 Ut
2044 5573 2197 5630 quid.
2240 5573 2487 5638 Domine,
2534 5574 2814 5629 recessisti
2872 5573 3050 5637 longe,
3101 5570 3339 5641 despicis
3386 5574 3443 5626 in

236 5766 369 5835 (i7)
406 5764 465 5818 In
502 5763 661 5816 titulo
700 5762 846 5814 ‘A66.
3078 5842 3085 5847 ι

474 5859 747 5919 Part-.01..
784 5862 899 5921 Gn.
940 5863 1130 5921 LXVI
1147 5909 1161 5921 .

3097 5849 3166 5908 1’4
