3934 6530
540 326 646 382 ιον

1722 328 2071 387 THEODORI
2112 330 2591 388 MOPSUESTENI
3643 339 3723 397 428

537 441 1056 511 Opportunitalibus,
1085 443 1135 494 in
1159 444 1636 500 tribulationibus?
1667 446 1803 499 Dum
1827 448 2089 502 extollitm

2209 450 2519 521 ἀφέστηκας
2553 448 2843 518 μακρόθεν,
2868 448 3139 519 ὑπερορᾷς
3166 449 3221 501 ἐν
3256 447 3621 516 εὐκαιρίαις,ἐν
3641 454 3724 507 θλι-

540 534 761 602 impius,
813 532 1124 587 incenditur
1173 538 1465 605 pauper“,
1506 557 1525 589 ι
1578 546 1631 591 et
1672 538 1909 607 reliqua;
1956 538 2101 593 haud

538 621 707 675 Deum
742 623 966 690 culpatis
1016 622 1089 677 ita
1132 624 1391 693 loquitur,
1441 628 1535 681 sed
1584 628 1694 681 illis
1728 628 1971 683 irascens
2006 631 2103 699 qui

538 712 665 764 talia
694 719 879 779 agunt,
923 720 975 765 et
1003 714 1409 780 quodammodo
1443 724 1779 781 esttuans,
1812 718 1956 786 quod
1992 735 2102 773 non

537 798 647 850 cito
695 813 886 866 poenas
940 800 1155 855 debitas
1198 803 1419 858 luerint.
1475 805 1552 858 lla
1597 814 1650 861 et
1696 807 1866 861 alibi:
1913 826 1930 858 ι
1970 808 2099 873 Cur,

540 886 706 951 Deus,
744 890 992 958 repulisti
1022 890 1075 944 in
1108 892 1266 947 ﬁnem
1290 894 1313 945 ?
1337 896 1512 951 iratus
1546 906 1629 951 est
1662 897 1814 951 furor
1845 907 1973 954 tuus
2004 901 2101 954 ad-

535 995 724 1035 versus
743 994 870 1035 oves
896 984 1085 1051 pascui
1120 986 1195 1037 tui
1214 985 1296 1037 "?
1320 1004 1337 1036 ι
1367 984 1573 1040 Etenim
1592 988 1963 1057 magnitudine
1991 1005 2103 1042 ma-

534 1072 709 1125 lorum
758 1079 959 1143 populo
992 1076 1267 1129 illatorum
1318 1080 1604 1141 attonitus,
1660 1083 1738 1133 sic
1782 1082 1943 1134 etiam
1999 1082 2101 1135 hoc

532 1163 655 1218 loco
690 1165 953 1235 loquitur.
992 1164 1151 1220 Velut
1181 1168 1345 1221 etiam
1383 1170 1576 1223 beatus
1610 1168 1875 1225 Jeremias
1915 1172 2048 1226 dicit
2084 1193 2096 1227 :

539 1273 557 1305 ι
600 1256 710 1310 Cur
771 1258 859 1310 via
924 1258 1217 1328 impiorum
1284 1270 1673 1328 prosperatur,
1720 1261 1879 1331 233
1944 1263 2101 1317 beate

533 1354 702 1413 agunt
779 1360 967 1399 omnes
1041 1346 1399 1413 reprobantes
1467 1348 2092 1415 reprobratioues'°?i

530 1434 756 1492 Namne
782 1438 883 1491 iste
922 1438 1140 1506 quidem
1183 1436 1351 1492 Deum
1398 1454 1670 1494 accusans
1722 1440 1801 1493 sic
1836 1442 2097 1509 loquitur,

532 1528 626 1582 sed
696 1528 983 1597 indignans
1053 1530 1234 1598 potius
1303 1533 1447 1599 quod
1511 1530 1837 1585 delictorum
1902 1547 2097 1601 poenas

528 1635 637 1673 non
672 1621 1013 1688 pertulerint.
1038 1621 1160 1674 Pari
1196 1621 1338 1675 enim
1388 1624 1665 1691 prOphetae
1691 1638 1881 1677 omnes
1916 1624 2096 1678 animo

527 1720 701 1765 erant.
760 1713 899 1778 Quin
953 1722 1007 1768 et
1068 1714 1200 1768 illud
1250 1716 1390 1785 apud
1437 1717 1649 1769 beatum
1708 1715 1964 1769 Davidem
2012 1716 2094 1769 di-

2208 541 2405 609 ψεσιν;
2455 544 2512 593 ἐν
2546 540 2622 609 τῷ
2652 541 3159 611 ὐπερηφανεύεσθαι
3190 540 3279 591 τὸν
3315 540 3501 607 ἀσεϐῆ,
3538 543 3723 613 ἐμπυρί-

2204 632 2353 695 ζεται
2384 635 2412 685 ό
2446 634 2675 703 πτωχὸς,
2703 652 2720 683 ι
2760 635 2852 685 καὶ
2882 633 2948 685 τά
2979 633 3104 701 ἐξῆς
3129 649 3141 660 ο
3186 631 3246 683 οὐ
3277 631 3383 701 γὰρ
3404 632 3493 683 τὸν
3517 632 3631 685 Θεὸν
3658 641 3722 689 αξ-

2202 724 2465 794 τιώμενος
2516 725 2687 779 ταῦτα
2746 725 2932 790 λέγει,
2985 724 3303 791 ἀγανακτῶν
3363 723 3420 775 δὲ
3472 725 3599 777 κατᾶ
3639 730 3723 780 τῶν

2203 815 2423 869 τοιαῦτα
2472 816 2789 876 ποιούντων,
2838 816 2929 868 καί
2959 834 3075 867 τινα
3112 816 3308 884 τρόπον
3337 815 3611 883 διαπορῶν,
3638 820 3721 871 ἀνθ’

2202 907 2325 959 ὅτου
2371 907 2445 977 μὴ
2487 908 2640 969 δίκας
2668 907 2898 959 διδόασιν
2930 906 3113 968 ὀξέως.
3160 905 3313 957 Οὕτω
3356 906 3446 957 καὶ
3496 905 3723 975 ἀλλαχοῦ·

2209 1000 2354 1052 «Ἵνα
2386 1000 2460 1063 τί,
2489 1001 2516 1050 ό
2544 999 2695 1063 Θεὸς,
2724 998 2929 1052 ἀπώσω
2958 1000 3037 1059 είς
3060 997 3231 1060 τέλος,
3268 997 3513 1067 ὠργίσθη
3544 1001 3568 1050 ό
3591 999 3725 1070 θυμός

2204 1106 2296 1141 σου
2324 1090 2414 1141 ἐπὶ
2438 1089 2682 1154 πρόϐατα
2704 1090 2873 1159 νομῆς
2904 1105 2996 1140 σου
3019 1106 3032 1153 ;
3085 1109 3103 1140 ι
3140 1087 3419 1156 Διαπορῶν
3445 1088 3548 1155 γὰρ
3575 1091 3651 1140 ἐπὶ
3668 1092 3726 1159 τῷ

2206 1181 2421 1251 μεγέθει
2452 1181 2556 1232 τῶν
2588 1180 2883 1248 γεγονότων
2915 1182 2993 1242 είς
3016 1180 3105 1231 τὸν
3132 1179 3278 1241 λαὸν,
3312 1176 3580 1231 κάνταῦθά
3602 1197 3723 1248 ιρι-,σι’

2202 1272 2295 1322 καὶ
2322 1270 2489 1323 πολλά
2520 1270 2576 1322 δὲ
2607 1270 2829 1322 τοιαῦτα
2862 1268 3011 1339 εὖροι
3036 1286 3116 1331 τις
3145 1269 3209 1321 ἄν
3229 1284 3243 1299 ’
3284 1268 3469 1336 ῶσπερ
3499 1263 3585 1320 οὖν
3614 1272 3729 1323 καὶὸ

2205 1361 2472 1431 μακάριος
2517 1361 2780 1432 Ἱερεμίας
2815 1361 2945 1429 φησί
2972 1376 2985 1388 ⁸
3040 1379 3057 1410 ι
3087 1360 3150 1411 Τί
3178 1361 3259 1411 ὅτι
3294 1360 3408 1420 ὁδὸς
3435 1361 3632 1412 ἀσεϐῶν
3656 1365 3725 1413 εύο

2200 1452 2452 1518 οδοῦται,
2504 1453 2816 1522 ηὐθήνησαν
2869 1452 3066 1513 πάντες
3114 1450 3162 1501 οἱ
3208 1449 3522 1511 ἀθετοῦντες
3572 1449 3729 1519 ἀθετή.

2201 1561 2378 1613 ματα;
2414 1564 2432 1596 ι
2486 1546 2617 1597 Οὐδὲ
2665 1545 2771 1615 γὰρ
2804 1545 2910 1596 οὐδ’
2952 1538 3105 1605 οὗτος
3149 1542 3240 1593 τὸν
3287 1541 3417 1592 Θεὸν
3452 1540 3729 1609 αἰτιώμενος

2204 1636 2371 1703 λέγει,
2406 1636 2727 1703 ἀγανακτῶν
2760 1636 2813 1687 δέ
2846 1636 2929 1703 ἐφ’
2956 1630 3036 1697 οἷς
3062 1634 3325 1703 ἔπραττον
3352 1634 3431 1684 ὅτι
3463 1631 3535 1701 μὴ
3566 1632 3730 1685 διδόασι

2195 1730 2347 1791 δίκας
2368 1746 2382 1760 ο
2420 1730 2649 1798 ἐπείπερ
2681 1730 2726 1779 οἱ
2764 1728 3034 1796 προφῆται
3059 1727 3256 1787 πάντες
3287 1724 3482 1793 ὁμοίως
3508 1719 3632 1793 ἦσαν
3656 1742 3733 1775 πε-

527 1810 675 1857 ctum
710 1823 721 1857 :
758 1823 775 1855 ι
810 1803 1059 1868 Domine,
1093 1806 1147 1859 in
1177 1807 1315 1861 ctelo
1356 1806 1728 1861 misericordia
1760 1816 1875 1869 tua,
1905 1817 1960 1861 et
2001 1823 2089 1861 ve-

2198 1820 2478 1889 πεισμένοι
2505 1860 2517 1884 ,
2565 1822 2740 1872 ἐκεῖνο
2784 1818 2845 1887 δὴ
2894 1819 2952 1869 τὸ
2985 1817 3134 1887 παρά
3173 1816 3262 1869 τοῦ
3306 1815 3571 1886 μακαρίου
3602 1817 3733 1869 ams

530 1896 665 1950 ritas
692 1905 782 1949 tua
809 1913 983 1966 usque
1014 1897 1081 1951 ad
1116 1898 1289 1953 nubes
1322 1918 1333 1951 :
1363 1899 1578 1967 justitia
1611 1908 1724 1959 tua,
1758 1900 1902 1954 sicut
1934 1915 2096 1953 mon-

527 1994 609 2040 tes
641 1985 767 2051 Dei;
803 1987 1010 2055 judicia
1059 1995 1151 2042 tua
1185 1988 1416 2059 abyssus
1461 1990 1627 2043 multa
1659 1992 1702 2021 ²¹
1737 2008 1749 2041 :
1784 2010 1801 2041 ι
1842 2006 1961 2059 quae
2006 1991 2094 2044 ni-

527 2082 726 2135 mirum
768 2083 922 2149 dicit,
963 2084 1353 2152 benignitatem
1394 2085 1487 2140 Dei
1518 2085 1794 2140 demirans
1823 2102 1950 2156 erga
1999 2088 2099 2141 lio-

525 2180 702 2233 mines
734 2188 994 2250 tanquam
1035 2180 1325 2244 inﬁnitam,
1348 2188 1401 2235 et
1424 2183 1569 2251 quod
1613 2186 1837 2236 multam
1872 2185 1939 2238 de
1974 2185 2093 2238 viro

521 2276 670 2343 justo
702 2284 856 2345 gerat
893 2276 1341 2341 sollicitudinem,
1386 2278 1857 2347 imperscrutabile
1905 2280 2092 2334 dicens

528 2365 623 2420 Dei
668 2381 894 2421 examen
956 2376 1009 2420 et
1050 2367 1341 2435 judicium,
1393 2383 1501 2436 quo
1544 2384 1696 2424 seras
1737 2372 2092 2439 peccantibus

526 2472 717 2526 pwnas
750 2458 1004 2527 imponit,
1034 2474 1171 2528 quas
1195 2474 1337 2528 saepe
1361 2460 1559 2523 dilfert,
1586 2478 1895 2530 quanquam
1925 2464 2090 2516 multa

529 2551 668 2605 inter
690 2549 938 2605 homines
966 2551 1105 2603 mala
1129 2560 1432 2605 versentur.
1455 2551 1653 2607 Eodem
1687 2570 1911 2622 prorsus
1932 2557 2091 2609 modo

529 2642 620 2696 bic
672 2657 889 2712 quoque
943 2642 1076 2697 dicit
1136 2643 1400 2712 propheta
1433 2684 1447 2707 ,
1507 2645 1787 2715 iniquitati
1846 2648 2091 2702 irascens

524 2734 831 2803 principum
873 2735 1076 2803 populi,
1113 2736 1205 2803 qui
1254 2737 1477 2789 multam
1509 2738 1822 2807 variamque
1850 2740 2093 2809 pauperi-

522 2825 626 2879 bus
673 2824 929 2893 injuriam
988 2823 1307 2879 faciebant:
1349 2841 1675 2896 magnopere
1726 2829 1943 2898 quidem
1998 2846 2090 2884 co-

520 2930 790 2984 gnoscens
817 2914 980 2985 digna
1006 2930 1129 2969 esse
1156 2916 1441 2985 suppliciis
1470 2933 1533 2972 ea
1566 2934 1687 2987 quae
1729 2920 1949 2983 ﬁebant,
1993 2922 2090 2975 do-

518 3005 637 3059 lens
688 3013 867 3060 autem
919 3006 1064 3074 quod
1110 3005 1219 3060 Deo
1266 3008 1526 3062 ultionem
1567 3008 1870 3073 diﬂercnte,
1920 3014 2087 3067 multa

519 3093 783 3149 adversus
811 3110 1080 3164 pauperes
1097 3096 1303 3163 vigeret
1329 3096 1615 3164 injustitia.
1649 3098 1963 3167 Pr0pterea,
1989 3118 2086 3157 ceu
2116 3130 2157 3185 ρ

518 3185 613 3253 qui
664 3198 806 3253 saepe
855 3184 1193 3252 expetiverat
1234 3184 1533 3238 vindictam
1582 3186 1649 3240 de
1698 3188 1767 3241 iis
1811 3189 1932 3256 capi
1980 3200 2086 3242 tam

519 3290 685 3343 prave
742 3275 1051 3346 agentibus,
1100 3275 1233 3329 nihil
1280 3290 1409 3330 vero
1452 3276 1876 3345 impetraverat:
1932 3298 1949 3329 ι
1989 3279 2092 3336 Us-

516 3378 755 3432 quequo,
813 3362 1009 3433 inquit,
1072 3360 1295 3416 Domine
1343 3362 1613 3424 clamabo,
1664 3371 1718 3416 et
1764 3379 1875 3417 non
1918 3381 2091 3419 exau-

518 3454 674 3509 dies?
715 3474 733 3507 ο
772 3453 906 3507 Nam
948 3465 1165 3523 sumpta
1196 3454 1299 3508 sibi
1340 3454 1663 3522 patientium
1718 3452 1923 3521 injuste
1961 3473 2089 3525 per-

517 3562 651 3601 sona
678 3546 844 3600 dicit:
868 3544 1167 3614 Quousque
1199 3545 1416 3599 tandem
1449 3545 1685 3601 miseriis
1712 3547 1898 3602 multis
1926 3562 2087 3602 exer—

515 3640 659 3693 citus
725 3638 902 3691 clamo
966 3644 1119 3690 tuum
1185 3652 1488 3705 exposcens
1543 3638 1848 3703 auxilium,
1907 3656 2084 3709 neque

516 3740 697 3784 tamen
730 3730 782 3783 id
812 3728 1085 3799 impetro?

2197 1910 2515 1980 λεγόμενον·
2558 1927 2575 1959 ι
2609 1910 2798 1979 Κύριε,
2831 1910 2887 1960 ἐν
2924 1907 2999 1977 τῷ
3029 1905 3239 1975 οὐρανῷ
3282 1903 3533 1983 τκδψξλεός
3574 1921 3667 1962 σου,
3704 1906 3729 1971 ή

2196 2000 2424 2070 ἀλήθειά
2458 2016 2549 2052 σου
2587 2000 2689 2059 ἐως
2734 1998 2839 2050 τῶν
2871 1996 3126 2066 νεφελῶν,
3156 1998 3189 2065 ή
3219 1992 3530 2060 δικαιοσύνη
3568 2009 3647 2045 σου
3674 1994 3733 2053 ὡς

2195 2093 2295 2162 ὅρη
2325 2092 2479 2154 Θεοῦ,
2524 2091 2591 2143 τά
2626 2089 2868 2159 κρίματά
2907 2106 2999 2140 σου
3045 2087 3279 2147 ἄϐυσσος
3312 2083 3478 2153 πολλή
3506 2100 3517 2110 ο
3555 2102 3569 2130 ι
3618 2084 3733 2149 ἅπερ

2194 2178 2286 2235 οὖν
2333 2183 2435 2252 ἔφη
2483 2184 2574 2235 καὶ
2624 2182 2719 2251 τὴν
2760 2180 3165 2253 φιλανθρωπίαν
3208 2176 3632 2243 ἐκπληττόμενος
3660 2173 3734 2226 τοῦ

2192 2274 2452 2345 Baebii);
2484 2274 2789 2343 ἀμέτρητον
2823 2268 3006 2332 οὖσαν,
3039 2271 3114 2340 (p.
3134 2269 3261 2339 356)
3301 2268 3393 2320 καὶ
3426 2264 3522 2316 τοῦ
3555 2266 3732 2316 δικαίου

2194 2368 2291 2437 τὴν
2320 2358 2573 2437 φροντίδα
2602 2366 2683 2419 ὅτι
2713 2365 2913 2433 πολλήν
2953 2381 3017 2431 γε
3053 2365 3282 2414 ποιεῖται
3314 2359 3519 2428 ταύτην
3538 2374 3551 2387 ·
3604 2358 3737 2424 ἀνέφ-

2195 2476 2339 2511 ικτον
2368 2459 2423 2510 δὲ
2451 2453 2589 2510 εἶναι
2621 2457 2791 2524 λέγων
2817 2455 2909 2509 τοῦ
2934 2453 3065 2507 Θεοῦ
3090 2454 3185 2524 τὴν
3206 2453 3532 2521 δοκιμασίαν
3559 2452 3643 2504 καὶ
3660 2451 3737 2519 τήν

2194 2551 2391 2618 κρίσιν,
2428 2549 2545 2602 καθ’
2585 2551 2650 2617 ἢν
2681 2550 2779 2601 οὐκ
2805 2548 2983 2614 ὀξείας
3015 2547 3207 2614 ἐπάγει
3237 2548 3345 2605 τοῖς
3378 2544 3625 2595 πταίουσι
3657 2543 3736 2604 τὰς

2192 2642 2475 2710 τιμωρίας,
2510 2640 2863 2694 ἀναϐάλλεται
2894 2639 2949 2691 δὲ
2989 2638 3156 2701 αὐτὰς
3186 2637 3469 2699 πολλάκις.
3500 2636 3662 2688 καίτοι
3686 2652 3735 2701 γε

2193 2736 2249 2785 ἐν
2282 2732 2586 2804 ἀνθρώποις
2615 2732 2823 2784 πολλῶν
2866 2730 3182 2799 πασχόντων
3210 2728 3417 2791 κακῶς.
3468 2728 3568 2780 Τὸν
3597 2728 3734 2779 αὐτὸν

2191 2826 2252 2896 δὴ
2272 2826 2469 2895 τρόπον
2497 2826 2590 2877 καὶ
2612 2827 2639 2877 ὁ
2666 2825 2945 2893 προφήτης
2977 2822 3209 2875 ἐνταῦθά
3232 2840 3417 2891 φησιν,
3444 2819 3737 2889 ἀγανακτῶν

2190 2918 2283 2968 ἐπὶ
2327 2920 2390 2986 τῇ
2444 2916 2627 2986 ἀδικία
2660 2916 2766 2967 τῶν
2800 2917 2855 2966 ἐν
2903 2914 2981 2985 τῷ
3024 2914 3138 2983 λαῷ
3169 2913 3619 2973 δυναστευόντων,
3660 2913 3739 2965 καὶ

2193 3006 2391 3075 πολλήν
2436 3022 2559 3057 τινα
2592 3004 2685 3056 καὶ
2734 3004 3069 3074 πολύτροπον
3114 3006 3224 3065 τοῖς
3273 3004 3472 3072 πένησι
3524 3002 3617 3071 τὴν
3659 3004 3739 3055 ἐπ-

2191 3099 2378 3168 ήρειαν
2406 3096 2715 3163 ἐπαγόντων
2741 3109 2755 3124 ⁸
2807 3097 2899 3147 καὶ
2930 3096 3132 3166 σφόδρα
3159 3096 3257 3164 μὲν
3285 3094 3464 3159 εἰδὼς,
3500 3095 3575 3157 ὡς
3596 3111 3740 3163 τιμω-

2195 3188 2316 3258 ρίας
2345 3186 2470 3250 ἄξια
2497 3185 2565 3237 τά
2602 3185 2971 3257 πραττόμενα,
3005 3184 3227 3254 ἀθυμῶν
3261 3185 3321 3237 δὲ
3348 3186 3433 3238 ὅτι
3467 3185 3565 3251 τὴν
3594 3201 3741 3253 τιμωο

2192 3278 2312 3347 ρίαν
2338 3277 2769 3347 ἀναϐαλλομένου
2794 3276 2887 3329 τοῦ
2919 3277 3074 3341 Θεοῦ,
3109 3277 3277 3346 πολλή
3308 3294 3392 3339 τις
3426 3278 3460 3346 ἡ
3489 3275 3624 3329 κατά
3654 3275 3740 3326 τῶν

2191 3368 2435 3437 πενήτων
2465 3367 2672 3434 γίνεται
2713 3366 2912 3419 ἀδικία.
2962 3368 3058 3418 Διά
3096 3366 3253 3418 τοῦτο
3281 3367 3356 3428 ὡς
3384 3367 3450 3419 ἂν
3495 3366 3733 3424 πολλάκις

2188 3461 2417 3529 αἰτήσας
2468 3458 2562 3512 τοῦ
2608 3458 2742 3511 Θεοῦ
2795 3459 2891 3528 τὴν
2937 3459 3209 3529 τιμωρίαν
3252 3459 3609 3528 ἐπενεχθῆναι
3651 3459 3743 3517 τοῖς

2190 3550 2334 3603 οὕτω
2354 3550 2835 3620 διαπραττομένοις
2861 3550 3062 3612 κακῶς,
3097 3550 3299 3612 ἀνύσας
3324 3550 3380 3602 δὲ
3407 3550 3572 3601 πλέον
3593 3549 3741 3608 οὐδὲν,

2196 3661 2213 3692 ι
2246 3642 2390 3703 Ἕως
2418 3640 2579 3703 τίνος,
2622 3640 2772 3709 φησὶ,
2820 3639 3013 3709 Κύριε,
3058 3640 3395 3709 κεκράξομαι
3442 3642 3539 3693 καὶ
3584 3640 3639 3691 οὐ
3682 3640 3742 3707 μή

2190 3731 2533 3801 εἰσακούσῃς,
2559 3731 2823 3800 βοήσομαι
2846 3732 2979 3800 πρὸς
3010 3732 3067 3783 σὲ
3100 3732 3474 3802 ἀδικούμενος,
3489 3734 3583 3786 καὶ
3608 3732 3661 3783 οὐ
3684 3731 3744 3799 μὴ

516 3818 728 3894 σώσῃςς
753 3840 771 3871 ι
812 3818 1115 3871 Ἀναλαϐὼν
1137 3818 1243 3888 γὰρ
1265 3819 1323 3871 τὸ
1346 3818 1453 3871 τῶν
1474 3818 1840 3889 ἀδικουμένων
1864 3822 2151 3891 πρόσωπον
2205 3823 2347 3875 οὕτω
2380 3823 2563 3889 φησιν,
2599 3821 2679 3872 ὅτι
2716 3822 2876 3890 Ἀχρι
2920 3820 3062 3884 τίνος
3107 3823 3164 3872 ἐν
3207 3820 3607 3890 ταλαιπωρίαις
3640 3818 3747 3871 7rd-

513 3913 629 3976 λαίς
658 3913 1038 3982 ἐξεταζόμενος
1062 3910 1167 3980 βοῶ
1198 3911 1297 3980 μὲν
1330 3911 1495 3963 αίτῶν
1526 3911 1623 3982 τὴν
1654 3912 1749 3983 σὴν
1792 3913 2057 3984 βοήθειαν,
2085 3916 2145 3967 οὐ
2174 3916 2422 3983 τυγχάνω
2444 3914 2499 3966 δὲ
2531 3915 2764 3981 ταύτης;

592 4028 755 4081 Vens.
788 4024 906 4079 3-5.
939 4054 1009 4065 —
1038 4042 1055 4074 ι
1087 4024 1269 4089 Quare
1302 4023 1431 4076 mihi
1466 4024 1758 4078 ostendisti
1794 4026 2009 4079 labores
2032 4037 2086 4079 et

512 4121 746 4183 dolores,
818 4118 1005 4172 videre
1064 4116 1340 4170 miseriam
1398 4124 1451 4170 et
1510 4116 1931 4185 impietatem?»
1998 4117 2083 4169 Nil

512 4210 659 4265 aliud
702 4209 949 4280 quotidie
986 4208 1145 4263 video
1188 4208 1293 4261 nisi
1350 4206 1593 4261 laborem
1645 4217 1811 4277 atque
1857 4224 2082 4278 pressu-

514 4319 649 4367 ram,
696 4317 857 4372 quam
902 4302 1043 4353 mala
1086 4308 1264 4354 mente
1310 4301 1586 4369 principes
1617 4302 1951 4369 pauperibus
1996 4304 2079 4353 in-

513 4393 655 4447 ferre
697 4399 987 4446 conantur.
1022 4410 1040 4441 t
1078 4392 1281 4445 Contra
1324 4406 1407 4445 me
1442 4390 1643 4443 factum
1676 4403 1758 4446 cst
1786 4391 2079 4460 judicium,

512 4494 565 4537 et
605 4482 772 4551 judex
820 4481 1035 4550 accipit.
1084 4480 1382 4550 Propterea
1438 4479 1704 4549 dissipata
1749 4490 1833 4534 est
1872 4481 1980 4541 lex,
2029 4491 2081 4534 et

516 4590 625 4627 non
654 4574 944 4628 deducitur
976 4573 1041 4625 ad
1077 4571 1234 4625 ﬁnem
1266 4571 1554 4639 judicium.
1597 4589 1615 4622 ι
1652 4570 1866 4637 Queror
1904 4573 2085 4640 itaque

512 4666 655 4736 quod
694 4681 834 4734 saepe
879 4664 1011 4728 vidi,
1048 4680 1242 4732 nempe
1269 4663 1481 4731 judicio
1528 4664 1798 4726 instituto,
1828 4663 1919 4731 jus
1960 4680 2079 4715 om-

512 4757 646 4811 nino
665 4756 962 4819 contemni,
992 4754 1087 4809 scd
1112 4755 1495 4824 respicientem
1524 4768 1791 4823 personas
1818 4754 2081 4818 judicent,

512 4849 657 4901 hunc
685 4847 788 4901 sibi
822 4860 1125 4915 proponere
1153 4846 1436 4900 sententiae
1460 4861 1572 4900 sua:
1598 4860 1852 4914 scopum,
1887 4860 2083 4895 cuum-

510 4936 676 4991 lando
733 4937 944 4991 scilicet
982 4934 1145 5005 23A,
1173 4935 1421 5004 Oppressi
1478 4934 1893 4989 detrimentum.
1946 4932 2085 4985 Hinc

496 5022 690 5097 legum
723 5036 939 5080 tuarum
972 5026 1316 5080 observantia
1346 5026 1660 5094 negligitur,
1696 5025 1956 5093 nullaque
1984 5024 2081 5075 ha-

508 5132 633 5171 rum
656 5117 796 5171 ratio
829 5116 1061 5171 habetur
1088 5135 1100 5170 :
1127 5117 1331 5170 nullius
1349 5116 1539 5185 judicii
1566 5117 1744 5171 bonus
1775 5124 1858 5169 est
1881 5116 2080 5177 exitus,

509 5207 605 5263 sed
659 5206 950 5262 manifesta
1003 5207 1295 5275 iniquitate
1343 5207 1572 5260 laborat.
1631 5224 1649 5257 ι
1688 5206 1827 5270 Quia
1881 5206 2084 5273 impius

508 5300 766 5368 pravalet
823 5299 1088 5353 adversus
1115 5299 1347 5367 justum.
1384 5317 1402 5349 ι
1440 5298 1541 5363 Qui
1587 5298 1752 5366 igitur
1794 5297 1956 5364 impie
1994 5298 2075 5349 vi-

507 5392 663 5448 vunt,
697 5394 752 5438 et
780 5385 1019 5454 legitima
1050 5394 1142 5439 tua
1169 5387 1322 5455 pensi
1354 5401 1465 5438 non
1496 5386 1717 5447 habent,
1749 5384 2076 5451 injuriarum

509 5490 671 5528 omne
712 5491 884 5545 genus
923 5492 1021 5545 pro
1069 5492 1168 5530 sua
1218 5476 1665 5545 praepotentia-in
1711 5491 1913 5545 egenos
1950 5491 2078 5529 con-

509 5563 713 5620 ferunt.
755 5565 888 5619 Nam
939 5568 1145 5635 justum
1188 5569 1291 5621 lioc
1343 5571 1464 5621 loco
1495 5567 1628 5621 dicit
1677 5584 1770 5636 pro
1817 5583 2079 5635 oppresso

620 5700 663 5730 ιο
691 5700 835 5755 p531.
873 5718 927 5767 χ,
971 5704 1019 5755 ι,
1134 5706 1177 5736 ι’
1213 5705 1356 5759 Psal.
1390 5719 1579 5768 LXXI”,
1608 5704 1654 5757 l.

1769 5706 1810 5735 ²⁰
1845 5704 1958 5759 .ler.
1990 5721 2087 5770 xu,
2126 5706 2171 5757 l.

2262 4028 2407 4094 Στίχ.
2441 4032 2579 4093 γ’-ε’.
2634 4054 2701 4064 -
2752 4044 2768 4074 ε
2802 4023 2917 4078 Ἵνα
2953 4026 3004 4077 τί
3052 4044 3138 4095 μοι
3172 4026 3379 4098 ἔδειξας
3425 4028 3628 4086 κόπους
3670 4025 3745 4076 καὶ

2191 4123 2384 4183 πόνους
2410 4122 2720 4173 ἐπιϐλέπειν
2762 4121 2855 4172 ἐπὶ
2884 4120 3254 4190 ταλαιπωρίαν
3284 4121 3377 4173 καὶ
3413 4121 3698 4179 ἀσέϐειανς
3730 4138 3743 4166 ι

2191 4212 2353 4265 Οὐδὲν
2378 4212 2507 4280 γοῦν
2536 4213 2721 4282 ἕτερον
2751 4211 2872 4263 καθ’
2911 4212 3145 4280 ἑκάστην
3182 4210 3397 4279 ἡμέραν
3426 4210 3565 4279 ὁρῶ,
3598 4206 3745 4272 ἀλλ’ἢ

2192 4302 2350 4354 πόνον
2382 4302 2477 4355 καὶ
2508 4300 2815 4371 συντριϐὴν,
2850 4300 2915 4370 ἢν
2948 4302 2994 4352 οἱ
3035 4300 3453 4361 δυναστεύοντες
3491 4298 3673 4384 ἀσεϐεῖ
3696 4299 3746 4359 τῇ

2189 4392 2380 4464 γνώμῃ
2400 4397 2511 4457 τοῖς
2540 4394 2761 4461 πένησιν
2789 4393 3012 4459 ἐπάγειν
3035 4392 3347 4461 πειρῶνται.
3384 4409 3402 4440 ι
3430 4390 3749 4454 Ἐξεναντὶας

2189 4502 2289 4553 μου
2319 4485 2510 4552 γέγονε
2545 4486 2744 4554 κρίσις,
2772 4485 2867 4537 καὶ
2898 4484 2925 4535 ὁ
2953 4482 3145 4553 κριτὴς
3178 4482 3468 4551 λαμϐάνει·
3506 4481 3594 4532 διά
3616 4478 3752 4532 τοῦτο

2182 4576 2550 4628 διεσκέδασται
2599 4577 2781 4645 νόμος,
2818 4574 2893 4645 (p.
2926 4576 3049 4642 557)
3100 4576 3191 4627 καὶ
3235 4575 3295 4625 οὐ
3335 4572 3647 4639 διεξάγεται
3687 4572 3751 4627 είς

2185 4667 2336 4728 τέλος
2364 4668 2557 4737 κρῖμα.
2586 4686 2603 4718 ι
2658 4667 2929 4736 Αίτιῶμαι
2956 4666 3084 4733 γοῦν
3124 4666 3157 4718 ἃ
3189 4666 3451 4727 πολλάκις
3496 4660 3656 4723 εἶδον,
3685 4662 3751 4713 ὅτι

2184 4754 2337 4825 δίκης
2371 4756 2841 4825 συγκροτουμένης
2894 4758 3200 4825 παρορᾶται
3247 4755 3344 4823 μὲν
3386 4753 3671 4813 παντελῶς
3692 4762 3753 4808 ,τοὶ

2184 4848 2409 4910 δίκαιον,
2438 4849 2575 4917 πρὸς
2609 4849 2863 4916 σχήματα
2890 4847 2945 4898 δὲ
2977 4847 3119 4917 ὀρῶν
3139 4850 3165 4898 ό
3195 4846 3462 4915 δικαστὴς
3505 4846 3677 4912 τούτῳ
3707 4840 3755 4892 τὸ

2187 4937 2358 5005 πέρας
2402 4939 2633 4988 ποιεῖται
2664 4937 2764 5005 τῆς
2802 4936 2989 5005 δίκης,
3036 4935 3284 4999 ἐπαύξων
3332 4934 3413 5002 τῷ
3453 4932 3754 5002 ἠδικημένῳ

2184 5029 2282 5098 τὴν
2306 5028 2507 5099 βλάϐην
2523 5045 2535 5057 ·
2581 5028 2825 5081 ἐντεῦθεν
2850 5027 2979 5095 γοῦν
3003 5026 3273 5097 ἠμέληται
3314 5026 3418 5094 μὲν
3456 5026 3572 5077 τῶν
3595 5027 3754 5093 νόμων

2185 5119 2291 5171 τῶν
2322 5119 2429 5171 σῶν
2459 5122 2491 5187 ὴ
2517 5119 2791 5189 ἀκρίϐεια,
2816 5120 2911 5171 καὶ
2937 5118 3091 5185 λόγος
3120 5118 3325 5170 τούτων
3354 5117 3548 5180 οὐθεὶς
3576 5115 3752 5168 οὐδενί·

2182 5210 2303 5281 δίκη
2337 5211 2391 5261 δὲ
2413 5211 2634 5279 οὐδεμία
2666 5212 2835 5280 πέρας
2873 5210 3083 5278 δέχεται
3118 5208 3368 5279 χρηστόν,
3398 5208 3525 5259 ἀλλ’
3559 5210 3634 5269 εἰς
3661 5205 3758 5257 d6:-

2186 5302 2310 5353 κίαν
2354 5301 2617 5372 πρόδηλον
2671 5303 2932 5370 καταντᾷ.
2993 5320 3009 5350 ι
3044 5303 3165 5353 ’Ὁτι
3204 5304 3231 5352 ό
3265 5301 3480 5365 ἀσεϐὴς
3542 5298 3761 5350 καταδυ-

2185 5392 2431 5445 ναστεύει
2459 5393 2549 5444 τὸν
2575 5393 2801 5446 δίκαιον.
2830 5413 2847 5444 ι
2868 5395 2928 5446 Οἱ
2959 5392 3089 5461 γοῦν
3116 5394 3335 5461 ἀσεϐείᾳ
3366 5392 3652 5455 συξῶντες
3679 5403 3761 5440 και

2190 5482 2295 5533 τῶν
2331 5481 2438 5532 σῶν
2468 5481 2714 5550 νομίμων
2742 5482 2934 5535 οὐδένα
2968 5482 3277 5551 ποιούμενοι
3322 5481 3511 5549 λόγον,
3551 5483 3657 5531 πᾶν
3693 5474 3759 5527 εἴ·

2189 5571 2271 5633 δος
2304 5570 2566 5641 ἐπηρείας
2599 5572 2739 5624 κατὰ
2776 5572 2875 5643 τὴν
2902 5572 3109 5625 οἰκείαν
3134 5572 3461 5626 δυναστείαν
3504 5573 3759 5639 ἐπάγουσι

2284 5708 2323 5737 ²¹
2354 5705 2499 5761 Psal.
2544 5722 2704 5773 xxxv,
2747 5708 2797 5761 6.
