3934 6546
190 406 278 460 3⁴Σ9

1158 395 1711 453 COMMENTARIUS
1750 393 1812 448 ΙΝ
1856 394 2202 452 HABACUCI
2245 398 2396 451 CAP.
2433 399 2469 451 l.

3313 402 3421 457 τσο

189 526 291 586 τοῖς
322 520 663 591 πενομένοις·
712 520 919 573 δίκαιον
970 517 1077 588 γὰρ
1122 517 1357 570 ἐνταῦθα
1398 518 1487 569 τὸν
1522 517 1740 571 ἀδικού-

1850 533 2100 587 paupere,
2158 519 2250 588 qui
2298 518 2504 585 justam
2548 518 2876 586 impetrandi
2915 517 3289 574 defensionem
3336 522 3421 574 di-

194 632 333 686 μενον
377 613 581 683 πένητα
626 612 817 672 καλεῖ,
871 610 946 673 ὡς
987 611 1197 673 δικαίας
1240 627 1303 677 γε
1354 611 1451 680 τῆς
1500 610 1739 673 ἐκδικίας

189 706 509 775 τευξόμενον.
573 722 591 754 ι
624 704 850 755 Ἕνεκεν
877 702 1071 754 τούτου
1103 701 1439 765 ἐξελεύσεται
1465 703 1525 754 τὸ
1570 705 1741 770 κρῖμα

188 795 613 866 διεστραμμένον.
662 814 680 845 ι
728 793 1009 847 Ἐντεῦθεν
1052 794 1170 845 οὐδὲ
1220 793 1370 863 παρά
1412 790 1505 845 τοῦ
1551 792 1738 863 κριτοῦ

188 887 451 957 γινόμενόν
478 904 531 938 τι
564 885 638 955 μὴ
681 884 1111 955 διεστραμμένον
1143 885 1240 936 ἴδοι
1275 902 1356 946 τις
1400 884 1464 937 ἄν
1492 902 1504 913 “
1553 884 1739 953 ἐπειδὴ

188 979 420 1039 κάκεῖνος
446 975 665 1045 ἀμελῶν
693 973 785 1027 τοῦ
818 974 1030 1027 δικαίου
1059 974 1195 1044 πρὸς
1234 974 1325 1026 τὸν
1350 972 1742 1025 δυναστεύοντα

185 1072 275 1138 τὴν
306 1070 484 1121 πᾶσαν
519 1067 633 1136 ἔχει
670 1068 861 1138 ῥοπήν.
904 1062 1040 1119 Εἶτα
1084 1066 1181 1136 τὴν
1212 1064 1322 1117 τῶν
1353 1063 1741 1135 πραττομένων

186 1160 559 1227 αἰτιασάμενος
585 1157 815 1210 ἀτοπίαν
844 1158 902 1209 ἐν
926 1156 1161 1219 τούτοις,
1202 1157 1396 1224 ἐπάγει
1436 1154 1618 1207 λοιπὸν
1644 1153 1741 1224 τὴν

185 1249 439 1317 τιμωρίαν
465 1264 480 1278 ·
531 1247 609 1310 ὡς
651 1246 716 1299 ἀν
757 1246 892 1316 μετά
938 1246 1035 1317 τὴν
1085 1244 1321 1309 ἔντευξιν
1347 1244 1456 1297 τῶν
1491 1244 1624 1314 πρὸς
1650 1243 1741 1296 τὸν

185 1340 305 1391 θεὸν
335 1339 392 1404 ἐξ
435 1336 829 1405 ἀποκαλύψεως
874 1335 1023 1398 θείας
1071 1334 1325 1403 ἐγνωκώς
1356 1352 1416 1386 τε
1444 1333 1615 1402 αὐτὴν
1647 1333 1742 1386 καὶ

188 1430 392 1499 μηνύων
426 1429 863 1488 ἀπασιδικαίως.
919 1446 937 1477 ‹
974 1428 1160 1490 Ἴδετε,
1207 1428 1254 1479 οἰ
1308 1424 1740 1495 καταφρονηταὶ,

184 1525 267 1573 καὶ
293 1521 633 1589 ἐπιϐλέψατε,
667 1522 759 1573 καὶ⁵
783 1521 1117 1589 θαυμάσατε·
1152 1520 1246 1572 καὶ
1275 1517 1411 1571 ίδετε
1440 1517 1737 1586 θαυμάσια,

182 1616 270 1667 κα)⁵
295 1612 620 1682 ἀφανίσθητε
645 1630 658 1641 ·
702 1612 836 1665 διότι
868 1612 1027 1681 ἔργον
1059 1610 1170 1679 ἐγὼ
1201 1610 1502 1681 ἐργάζομαι
1530 1611 1587 1661 ἐν
1629 1610 1744 1670 ταῖς

180 1704 403 1773 ἡμέραις
452 1703 639 1773 ὑμῶν,
697 1702 726 1753 δ
771 1702 831 1753 οὑ
867 1701 939 1771 μὴ
972 1700 1299 1770 πιστεύσητε
1342 1701 1436 1753 ἐάν
1475 1716 1557 1760 τις
1597 1697 1742 1750 ἐκδι-

182 1796 393 1863 ηγῆται.
419 1813 440 1845 ι
480 1795 554 1864 (p.
580 1793 705 1860 558)
769 1793 928 1846 Ἀλλά
977 1794 1085 1863 γὰρ
1121 1793 1220 1845 οὑκ
1273 1794 1353 1854 εἰς
1381 1791 1440 1844 τὸ
1482 1789 1743 1851 παντελὲς

1842 626 1984 679 guns
2037 620 2175 663 erat.
2240 632 2257 662 ι
2290 608 2584 680 PrOpterea
2625 613 2939 681 egredietur
2973 613 3240 682 judicium
3291 612 3429 684 per;

1844 717 2084 755 versum.
2122 720 2139 751 ι
2184 700 2321 754 Hinc
2353 701 2486 753 nihil
2511 717 2575 754 ne
2603 716 2631 753 a
2664 702 2849 769 judice
2880 704 3099 771 quidem
3148 704 3253 759 nisi
3299 721 3423 775 per-

1843 807 2062 845 versum
2123 792 2236 845 ﬁeri
2274 792 2563 860 quisquam
2595 792 2805 859 videat;
2841 810 2963 846 nam
3003 803 3055 848 et
3090 795 3215 856 iste,
3260 797 3424 866 mqui-

1842 889 1951 935 tate
1980 884 2207 948 omissa,
2239 882 2303 934 ad
2330 892 2601 952 potentem
2637 890 2752 937 toto
2784 887 2867 938 sui
2897 885 3135 953 pondere
3167 888 3419 941 inclinat.

1843 973 2047 1026 Deinde
2082 973 2220 1026 hanc
2248 988 2472 1042 operum
2502 975 2798 1027 savitatem
2834 976 3175 1045 vituperans,
3201 994 3422 1047 pmnam

1844 1079 1967 1117 mox
2002 1064 2213 1127 subdit,
2248 1064 2405 1133 quasi
2442 1065 2580 1117 hanc
2611 1066 2664 1117 in
2697 1072 2933 1118 tractatu
2963 1082 3087 1120 cum
3123 1066 3233 1122 Deo
3262 1084 3423 1123 revn-

1844 1155 2044 1210 latione
2076 1171 2311 1225 superna
2362 1157 2629 1222 novisset,
2678 1171 2914 1225 eamque
2964 1161 3159 1213 merito
3202 1164 3421 1216 cunctis

1843 1246 2210 1317 portenderet.
2250 1266 2268 1297 ε
2310 1246 2519 1308 Videte,
2567 1255 3008 1317 contemptores,
3054 1258 3107 1303 et
3139 1252 3419 1320 respicite,

1844 1349 1895 1393 et
1920 1340 2286 1402 admiramini,
2338 1350 2391 1393 et
2428 1348 2672 1408 spectate
2716 1340 3006 1405 mirabilia,
3051 1350 3105 1395 et
3149 1342 3423 1412 disperdi-

1846 1430 1998 1495 mini,
2025 1430 2153 1499 quia
2187 1445 2324 1498 opus
2351 1444 2451 1498 ego
2485 1445 2682 1498 operor
2716 1430 2771 1483 in
2797 1430 2989 1485 diebus
3025 1433 3246 1497 vestris,
3274 1434 3422 1502 quod

1844 1537 1952 1575 non
2011 1520 2310 1575 crederetis
2360 1523 2405 1574 si
2464 1523 2587 1590 quis
2643 1530 2911 1576 narraret.
2947 1542 2965 1574 ι
3030 1522 3419 1579 Verumtamen

1846 1615 1991 1668 haud
2046 1623 2310 1685 perpetuo
2357 1616 2473 1669 haec
2525 1631 2553 1667 a
2588 1616 2743 1670 vobis
2789 1614 2903 1669 fieri
2949 1624 3204 1686 poterunt
3249 1618 3421 1673 divini

1841 1704 2034 1773 judicii
2101 1704 2573 1772 contemptoribus
2627 1722 2639 1757 :
2686 1704 2939 1758 videbitis
3011 1706 3155 1758 enim
3221 1708 3418 1760 miram

1845 1793 2134 1862 quamdam
2156 1792 2493 1861 punitionem
2522 1792 3007 1860 vobisimpactam,
3036 1800 3089 1847 et
3106 1795 3420 1848 omnimodo

181 1884 302 1952 ὑμῖν
339 1883 553 1947 ἐξέσται
588 1881 813 1935 τοιαῦτα
848 1886 1021 1934 ποιεῖν
1057 1883 1155 1951 τῆς
1200 1882 1434 1953 κρίσεως
1465 1896 1740 1949 καταφρο-

1850 1883 2015 1936 exitio
2066 1896 2289 1950 parem;
2344 1895 2582 1949 namque
2634 1880 2708 1932 ita
2756 1878 2897 1933 Deus
2931 1881 3209 1935 vobiscum
3258 1892 3414 1953 aget:

176 1976 322 2029 νοῦσι
345 1977 443 2046 τῆς
475 1974 623 2038 θείας
645 1993 657 2005 ·
700 1974 897 2043 δψεσθε
928 1974 1036 2044 γὰρ
1075 1974 1391 2044 θαυμαστήν
1421 1989 1541 2026 τινα
1571 1989 1740 2040 τιμω-

178 2067 294 2137 ρίαν
330 2066 677 2137 ἐπαγομένην
711 2067 875 2134 ὑμῖν,
915 2068 1007 2117 καὶ
1035 2066 1171 2137 πρὸς
1204 2066 1508 2134 ἀφανισμὸν
1540 2063 1740 2135 ἀρκοῦ-

178 2174 269 2208 σαν
319 2156 591 2226 παντελῆ,
648 2154 836 2224 ἐπειδὴ
883 2154 1107 2207 τοιαῦτα
1154 2156 1283 2225 ὑμῖν
1328 2155 1518 2220 ἐπάξει
1570 2154 1736 2217 Θεός·

1847 1972 2047 2041 quippe
2092 1972 2165 2023 ita
2199 1970 2381 2024 valent
2410 1971 2610 2023 verba:
2654 1964 2915 2038 Opusego
2949 1972 3239 2040 operabor.
3272 1976 3419 2043 quod

1848 2059 2168 2114 incredibile
2214 2066 2437 2111 narratu
2482 2057 2776 2122 videbitur,
2814 2068 2937 2113 ante
2989 2060 3153 2129 hujus
3202 2066 3419 2131 experi-

1849 2161 2112 2204 mentum.
2152 2149 2304 2213 Quod
2335 2150 2496 2218 quale
2533 2150 2625 2213 sit,
2662 2150 2831 2203 dicit.

172 2247 324 2300 τοῦτο
348 2249 456 2318 γὰρ
491 2248 658 2316 λέγει,
680 2251 1027 2321 Ἐργογὲγὼ
1042 2247 1370 2317 ἐργάζομαι,
1397 2249 1423 2299 ὃ
1458 2248 1554 2300 καὶ
1601 2247 1827 2300 ἄπιστον
1866 2242 1930 2295 ἂν
1964 2244 2027 2293 ἐκ
2082 2242 2247 2311 μόνης
2295 2241 2594 2310 διηγήσεως
2641 2240 2849 2308 γένοιτο
2897 2244 3006 2313 πρὸ
3039 2245 3137 2316 τῆς
3185 2240 3379 2313 πείρας
3407 2263 3417 2272 ·

173 2344 319 2393 ποῖον
344 2341 499 2394 τοῦτο
525 2341 717 2409 λέγων.

240 2434 385 2503 Στίχ.
419 2433 570 2504 (ς’-η’.
604 2454 699 2487 ο-ι
729 2435 872 2488 Διότι
904 2434 1013 2502 ἐγὼ
1042 2434 1241 2504 ἐγείρω
1271 2435 1396 2496 τοὺς
1423 2434 1741 2495 Χαλδαίους,

172 2527 230 2579 τὸ
252 2525 402 2587 ἔθνος
431 2525 491 2577 τὸ
541 2525 737 2595 πικρὸν
771 2525 863 2577 καὶ
897 2525 959 2577 τὸ
1002 2524 1239 2593 ¹ταχινὸν,
1285 2524 1346 2575 τὸ
1382 2522 1743 2594 πορευόμενον

168 2613 262 2664 ἐπὶ
320 2611 389 2663 τά
446 2610 623 2680 πλάτη
685 2611 783 2680 τῆς
835 2611 977 2679 γῆς,
1037 2611 1131 2662 τοῦ
1194 2610 1743 2679 κατακληρονομῆσαι

172 2700 503 2771 σκηνώματα
531 2701 630 2752 οὐκ
664 2699 848 2753 αὑτοῦ.
879 2719 896 2750 ν
945 2700 1161 2764 Ἐπάξω
1188 2701 1293 2770 γὰρ
1328 2701 1455 2769 ὑμῖν
1486 2700 1610 2761 τοὺς
1639 2699 1744 2750 Βα-

170 2791 462 2853 ϐυλωνίους
510 2792 611 2861 τῆς
638 2791 908 2863 τοσαύτης
940 2792 1095 2861 ὑμῶν
1139 2792 1324 2843 ἕνεκεν
1380 2791 1739 2860 παρανομίας,

168 2884 317 2946 ἔθνος
346 2883 650 2953 ὠμότατον,
684 2885 777 2935 καὶ
814 2883 949 2953 μετά
984 2883 1177 2936 πολλοῦ
1210 2883 1302 2936 τοῦ
1343 2883 1539 2951 τάχους
1565 2882 1745 2932 ἐπιτε-

168 2975 291 3028 λοῦν
319 2974 356 3028 ἃ.
387 2975 654 3043 βούλεται,
701 2975 728 3026 δ
763 2977 939 3028 πᾶσαν
991 2974 1078 3027 διὰ
1118 2975 1218 3043 τὴν
1259 2972 1565 3044 προσοῦσαν
1599 2970 1745 3040 αύτῷ

166 3068 393 3137 δύναμιν
428 3066 620 3138 μικροῦ
651 3084 715 3134 γε
744 3067 1092 3121 ἐπελεύσεται
1117 3068 1215 3137 τὴν
1244 3066 1369 3135 γῆν,
1397 3064 1472 3127 ὡς
1501 3063 1567 3117 ἂν
1602 3081 1747 3133 περι-

166 3161 380 3213 ϐάλοιτο
429 3161 642 3229 κτῆσιν,
679 3160 777 3229 τὴν
825 3159 1134 3231 μηδαμόθεν
1168 3158 1317 3228 αὑτῷ
1366 3158 1747 3227 προσήκουσαν

1914 2428 2082 2483 Vens.
2116 2427 2235 2481 6-8.
2273 2456 2340 2465 --
2369 2445 2385 2476 ε
2425 2426 2563 2492 Quia
2588 2443 2685 2496 ego
2716 2427 3000 2482 Chaldaeos
3025 2438 3262 2492 susc.to,-
3297 2446 3420 2499 gen-

1844 2529 1949 2573 tem
1988 2519 2240 2572 acerbam
2287 2526 2339 2571 et
2371 2518 2633 2581 velocem,
2666 2534 2786 2591 qua:
2811 2521 3054 2574 ambulat
3097 2537 3263 2590 super
3302 2523 3423 2575 lati-

1847 2610 2064 2663 tudines
2096 2620 2271 2667 terrze,
2308 2616 2366 2659 ut
2398 2609 2675 2677 possideat
2705 2610 3059 2663 tabernacula
3099 2628 3204 2665 non
3236 2628 3354 2667 sua.
3398 2633 3416 2663 ›

1841 2702 2122 2755 Adducam
2172 2708 2367 2754 contra
2430 2716 2527 2754 vos
2566 2700 2915 2771 Babylonios,
2953 2711 3172 2771 propter
3205 2712 3415 2757 tantum

1844 2796 2027 2849 scelus
2046 2802 2308 2859 vestrum,
2342 2801 2559 2864 gentem
2597 2794 2976 2855 saevissimam,
3002 2804 3053 2849 et
3090 2796 3156 2848 ad
3188 2795 3241 2849 id
3273 2798 3421 2866 quod

1842 2886 2079 2940 voluerit
2109 2885 2519 2954 exsequendum
2552 2884 3042 2955 expeditissimam,
3069 2903 3190 2957 qua:
3213 2890 3422 2945 viribus

1844 2978 2048 3048 quibus
2101 2977 2268 3047 pollet
2298 2976 2610 3031 universam
2666 2976 2832 3032 ferme
2867 2985 3069 3032 terram
3110 2982 3423 3049 occupabit.

1853 3074 1913 3121 ut
1940 3081 2001 3119 ea
2040 3066 2144 3120 sibi
2172 3066 2448 3134 subjiciat,
2490 3081 2612 3136 quae
2647 3066 2961 3123 nullatenus
2992 3067 3061 3121 ad
3090 3084 3150 3123 se
3184 3072 3424 3139 pertine-

1846 3158 1994 3209 bant.
2043 3175 2060 3206 σ
2102 3155 2385 3209 Terribilis
2415 3156 2575 3226 235
2606 3165 2659 3211 et
2690 3158 2919 3211 illustris
2976 3168 3059 3213 est
3094 3178 3111 3209 ι
3165 3161 3425 3214 multum-

166 3248 455 3319 μηδαμῶς.
495 3268 512 3299 ι
532 3248 759 3319 Φοὸερὸς
792 3249 887 3301 καὶ
914 3249 1185 3317 ἐπιφανής
1216 3249 1350 3309 ἐστι,
1376 3266 1393 3295 ι
1425 3243 1620 3297 πολλοῦ
1651 3244 1742 3311 γέ-

1850 3264 1955 3317 que
2004 3257 2270 3301 terrorem
2317 3246 2583 3310 afi‘erens,
2638 3259 2879 3319 notaque
2927 3251 3183 3306 omnibus
3225 3252 3293 3306 ob
3326 3268 3425 3321 po-

168 3342 285 3411 μῶν
330 3327 445 3393 τοῦ
479 3340 642 3408 φόϐου
679 3340 773 3392 καὶ
806 3339 1123 3410 καταφανὴς
1162 3339 1364 3391 ἅπασιν
1396 3339 1460 3389 ἐκ
1489 3335 1743 3388 δύνασθαι

163 3432 403 3503 μεγάλα.
447 3450 465 3483 ‹
491 3430 774 3497 Ἑξαύτοῦ
802 3431 862 3484 τὸ
888 3435 1062 3503 κρῖμα
1104 3430 1269 3484 αὐτοῦ
1322 3429 1503 3494 ἔσται,
1555 3429 1649 3481 καὶ
1686 3427 1744 3479 τὸ

157 3524 359 3594 λῆμμα
386 3522 553 3576 αὐτοῦ
587 3522 646 3587 ἐξ
668 3522 831 3575 αὐτοῦ
868 3521 1223 3588 ἐξελεύσεται.
1247 3542 1264 3575 ι
1303 3523 1472 3576 Οὐθὲν
1496 3521 1593 3590 τῆς
1626 3519 1744 3572 ἐτέ-

157 3634 257 3686 ρου
278 3617 538 3687 δεόμενος
571 3617 900 3687 συμμαχίας,
922 3616 1033 3669 ἀλλ’
1055 3617 1215 3679 αὐτὸς
1238 3616 1413 3685 οἰκεία
1435 3617 1501 3684 τῇ
1522 3613 1745 3682 δυνάμει

156 3708 344 3760 πάντα
374 3707 861 3780 διαπραττόμενος,
900 3708 1039 3760 ὥστε
1085 3707 1179 3761 καὶ
1215 3706 1419 3776 κρίνειν
1453 3706 1545 3757 καὶ
1576 3721 1745 3756 κατα-

152 3800 390 3869 κρατεῖν
423 3791 499 3853 ὧν
532 3800 797 3870 βούλεται,
823 3799 1018 3869 ἀθρόον
1063 3816 1123 3851 τε
1155 3800 1220 3868 ἢν
1260 3797 1325 3850 ἂν
1374 3796 1531 3866 ἐθέλῃ
1572 3812 1742 3864 τιμω-

152 3888 287 3958 ρίαν
318 3888 550 3956 ἐπάγειν
585 3891 786 3954 αὐτοῖς.
838 3909 857 3941 ‹
881 3891 990 3944 Καὶ
1022 3888 1334 3953 ἐξαλοῦνται
1366 3886 1503 3956 ὑπὲρ
1544 3884 1746 3955 παρδά-

149 3979 273 4041 λεις
315 3982 367 4032 οἱ
417 3980 573 4033 ἵπποι
602 3982 789 4046 αὐτοῦ,
826 3982 922 4035 καὶ
943 3980 1184 4051 ὀξύτεροι
1218 3978 1358 4047 ὑπὲρ
1388 3978 1515 4041 τοὺς
1549 3978 1745 4041 λύκους

145 4070 257 4141 τῆς
313 4070 619 4142 Ἀραϐίας,
660 4074 755 4127 καὶ
806 4073 1195 4139 ὲξιππάσονται
1239 4073 1287 4124 οἰ
1343 4070 1498 4123 ἵπποι
1556 4067 1743 4133 αὑτοῦ,

145 4161 234 4231 (ρ.
262 4161 401 4232 559)
432 4164 525 4215 καὶ
548 4165 846 4236 ὁρμήσουσι
877 4164 1167 4234 μακρόθεν·
1197 4164 1289 4216 καὶ
1318 4161 1746 4231 πετασθήσονται

139 4253 227 4317 ὡς
250 4255 422 4318 ἀετὸς
441 4255 717 4327 πρόθυμος
749 4258 841 4310 ἐπὶ
867 4258 929 4309 τὸ
954 4259 1164 4326 φαγεῖν.
1189 4275 1207 4307 ι
1244 4255 1487 4308 Ἱππικὸν
1526 4253 1623 4321 μὲν
1654 4253 1747 4305 αὑ-

139 4344 228 4414 τῷ
270 4347 796 4417 παρεσκευασμένον
821 4348 938 4399 ἐστὶ
974 4346 1112 4416 πρὸς
1145 4345 1400 4414 πόλεμον,
1430 4339 1746 4414 παρδάλεών

136 4452 202 4487 τε
250 4437 359 4488 καὶ
404 4436 513 4489 τῶν
560 4438 701 4490 κατά
723 4438 822 4507 τὴν
873 4437 1129 4507 Ἀραϐίαν
1158 4436 1336 4488 λύκων
1369 4434 1654 4503 ὀξύτερον·
1697 4432 1746 4483 οἱ

134 4527 197 4579 δὲ
238 4528 582 4591 ἱππεύοντες
626 4528 861 4597 τοσαύτῃ
900 4528 1038 4597 πρὸς
1065 4528 1123 4579 τὸ
1158 4527 1413 4595 πολεμεῖν
1452 4524 1746 4593 κέχρηνται

1852 3339 2034 3394 tentize
2064 3354 2176 3393 sum
2205 3338 2664 3407 magnitudinem.
2702 3357 2720 3390 ι
2764 3341 2841 3394 Ex
2864 3341 2979 3411 ipsa
3005 3340 3273 3410 judicium
3305 3345 3426 3411 ejus

1850 3430 1979 3493 erit,
2022 3437 2076 3483 et
2114 3427 2420 3497 assumptio
2470 3427 2589 3496 ejus
2630 3444 2697 3482 ex
2730 3428 2846 3498 ipsa
2891 3430 3218 3499 egredietur.
3253 3451 3271 3483 ι
3302 3431 3420 3486 Νυι.

1850 3522 1959 3575 lius
1992 3521 2195 3574 auxilio
2243 3520 2518 3589 indigens,
2561 3519 2659 3573 sed
2711 3529 2905 3590 suapte
2946 3523 3183 3590 potentia
3226 3536 3427 3578 cuncta

1851 3627 2180 3681 exsequens,
2232 3611 2307 3664 ita
2352 3618 2409 3663 ut
2452 3620 2507 3664 et
2553 3611 2835 3673 decernat,
2881 3613 3108 3681 etquod
3139 3615 3255 3668 vult
3284 3616 3427 3669 obti-

1850 3711 1999 3767 neat,
2049 3703 2399 3771 subitamque
2437 3718 2535 3771 pro
2584 3718 2686 3757 suo
2714 3703 2868 3757 libito
2910 3720 3127 3774 pcenam
3172 3708 3426 3763 hostibus

1852 3791 2136 3861 impingat.
2182 3808 2199 3840 ι
2234 3790 2297 3843 Et
2317 3791 2573 3844 exsilient
2606 3792 2727 3859 plus
2750 3807 2908 3860 quam
2947 3794 3102 3862 pardi
3128 3795 3255 3863 equi
3280 3796 3425 3865 ejus,

1851 3890 1906 3935 et
1937 3881 2241 3935 velociores
2277 3881 2423 3949 lupis
2464 3881 2694 3936 Arabiae.
2730 3882 2793 3935 Et
2839 3885 3164 3952 equitabunt
3209 3889 3425 3956 equites

1851 3970 1993 4038 ejus,
2049 3977 2102 4024 et
2141 3969 2208 4023 de
2251 3970 2553 4040 longinquo
2606 3972 2833 4033 irruent,
2870 3982 2925 4026 et
2977 3976 3233 4030 volabunt
3268 3979 3425 4045 quasi

1854 4058 2035 4127 aquila
2074 4058 2141 4112 ad
2173 4058 2472 4111 vorandum
2502 4058 2728 4127 percita.
2761 4078 2778 4110 ι
2823 4059 3111 4130 Equitatus
3146 4070 3226 4117 est
3253 4064 3330 4118 illi
3352 4067 3422 4119 ad

1856 4151 2061 4206 bellum
2106 4157 2352 4219 paratus,
2404 4149 2595 4219 pardis
2639 4157 2691 4203 et
2734 4150 2947 4205 Arabiae
2991 4154 3133 4222 lupis
3164 4153 3425 4210 velocior.

1861 4241 2073 4296 Tantus
2110 4256 2241 4295 vero
2274 4248 2359 4295 est
2404 4241 2648 4309 equitum
2700 4243 2765 4294 ad
2808 4243 3117 4297 bellandum
3169 4246 3427 4316 impetus,

1855 4344 1915 4388 ut
1949 4333 2017 4387 ad
2047 4333 2374 4402 longinquas
2418 4332 2670 4403 regiones
2708 4334 2962 4388 alacriter
2995 4335 3329 4403 discurrant,
3364 4352 3430 4393 ac

1854 4426 2041 4480 volare
2085 4425 2481 4494 propemodum
2530 4424 2821 4479 videantur
2856 4426 2923 4480 iis
2970 4428 3063 4495 qui
3100 4429 3293 4497 procul
3334 4429 3431 4480 ha-

1854 4518 2052 4580 bitant,
2083 4518 2278 4586 aquilae
2310 4518 2486 4570 instar
2504 4531 2627 4586 qua:
2654 4518 2714 4571 in
2744 4519 2985 4587 praedam
3018 4520 3210 4574 insilit.

130 4626 203 4692 τῇ
270 4624 597 4693 προθυμίᾳ,
652 4624 791 4676 ὥστε
836 4623 1167 4693 θαρροῦντας
1211 4623 1302 4673 ἐπὶ
1356 4622 1459 4689 γῆν
1508 4617 1749 4670 ἐλαύνειν
1796 4612 2077 4683 πόρρωθεν
2127 4610 2416 4682 κειμένην.
2461 4612 2555 4664 καὶ
2608 4611 2766 4681 μόνον
2805 4613 2904 4665 οὐκ
2946 4614 3271 4683 ἐφίπτασθαι
3320 4617 3433 4681 τοῖς

132 4714 457 4787 πόρρωθεν
497 4715 674 4768 αὐτῶν
706 4717 1110 4785 ἀπῳκισμένοις
1146 4715 1344 4779 δοκεῖν,
1373 4711 1532 4764 ἀετοῦ
1567 4710 1719 4777 δίκην
1759 4707 1850 4760 ἐπὶ
1885 4704 2058 4774 θήραν
2092 4703 2331 4772 ἑτοίμου.

212 4803 390 4873 Στίχ.
428 4803 585 4858 θὀιδ’.
619 4834 687 4843 —-
727 4824 744 4854 ι
769 4804 1055 4857 Συντέλεια
1089 4804 1175 4854 ἐπ’
1220 4801 1435 4861 ἀσεϐεῖς
1459 4798 1580 4868 ἥξει
1611 4797 1738 4850 ἀνθ-

1923 4792 2088 4845 Vsns.
2124 4791 2273 4844 9-14.
2298 4821 2363 4831 ——
2402 4810 2420 4842 ι
2457 4792 2869 4848 Cousummatio
2917 4795 2971 4848 in
3014 4796 3213 4865 impios
3247 4801 3427 4854 veniet

132 4894 478 4964 εστηκότας
534 4894 809 4963 προσώπῳ
858 4894 1037 4947 αὐτῶν
1091 4892 1151 4956 ἐξ
1208 4893 1473 4951 ἐναντίας.
1504 4909 1522 4939 ι
1586 4883 1747 4939 οὗτοι

128 4984 380 5045 πάντας
406 4982 532 5040 τοὺς
557 4984 613 5034 ἐν
642 4984 718 5053 τῷ
745 4982 876 5052 λαῷ,
906 4984 1004 5051 τὴν
1034 4981 1176 5034 κατά
1205 4980 1313 5032 τῶν
1344 4980 1589 5047 πενήτων
1628 4976 1749 5029 ἀσέο

125 5076 311 5129 ϐειαν
347 5074 838 5144 ἐπιδεικνυμένους
882 5072 1164 5133 παντελῶς
1196 5069 1551 5123 ἀπολέσουσιν
1579 5109 1593 5131 ,
1630 5066 1749 5118 οὐδὲ

125 5169 292 5236 πρὸς
334 5166 408 5218 τὸ
437 5164 773 5235 βραχύτατον
806 5162 1145 5217 ἀντιϐλέπειν
1172 5161 1353 5222 αὐτοῖς
1373 5201 1386 5223 ,
1435 5159 1467 5228 ἢ
1499 5156 1751 5212 ἀνθίστα-

126 5257 278 5309 σθαι
314 5254 665 5324 τολμῶντας.
703 5274 720 5306 ι
742 5255 854 5307 Καὶ
883 5252 1098 5316 συνάξει
1127 5252 1202 5313 ὡς
1244 5252 1427 5321 ἄμμον
1472 5246 1751 5317 αἰχμαλω-

123 5348 273 5400 σίαν
308 5364 321 5375 ·
356 5347 460 5399 κα)⁸
490 5346 651 5409 αὐτὸς
694 5348 752 5398 ἐν
788 5344 1099 5416 βασιλεῦσιν
1138 5343 1500 5412 ἐντρυφήσει,
1528 5340 1623 5392 καὶ
1654 5338 1752 5390 τύ-

120 5454 361 5507 ραννος
405 5436 634 5503 παίγνια
660 5436 826 5489 αὐτοῦ
856 5452 869 5465 ·
904 5436 998 5488 καὶ
1048 5432 1209 5496 αὐτὸς
1232 5434 1311 5494 εἰς
1341 5433 1449 5484 πᾶν
1491 5428 1755 5501 ὀχύρωμα

116 5528 502 5597 ἐμπαίξεται
523 5569 537 5590 ,
568 5530 661 5580 καὶ
692 5528 842 5598 βαλεῖ
865 5525 1027 5596 χῶμα.
1047 5567 1062 5591 ,
1094 5526 1189 5579 καὶ
1218 5524 1483 5595 κρατήσει
1522 5519 1706 5574 αὑτοῦ.
1730 5538 1748 5569 ι

115 5621 410 5682 Πολλοὺς
439 5620 541 5688 μὲν
570 5615 662 5672 οῦν
691 5617 1066 5688 αἰχμαλώτους
1092 5618 1405 5686 ἐργάσεται,
1444 5614 1637 5685 ἀναριθ
1648 5614 1721 5683 μή
1741 5642 1755 5653 η

106 5729 267 5775 τους
307 5712 422 5781 οὐχ
452 5707 615 5782 ἦττον
665 5710 935 5781 ἢᾶμμος·
963 5710 1125 5773 αὐτὸς
1158 5710 1214 5761 δὲ
1247 5708 1346 5778 τὴν
1393 5708 1527 5760 ἰδίαν
1563 5705 1755 5776 ἡδονὴν

114 5802 465 5873 αὑξήσειεν
521 5801 598 5871 τῷ
641 5800 839 5865 πολλὰς
891 5798 1135 5853 καθελεῖν
1189 5796 1503 5867 βασιλείας·
1545 5790 1620 5852 ὧν
1667 5796 1756 5850 τὸν

1848 4885 2169 4937 resistentes
2206 4882 2362 4935 faciei
2395 4882 2641 4951 ipsorum
2671 4899 2738 4937 ex
2769 4884 3020 4938 adverso.
3061 4904 3078 4935 ι
3111 4885 3172 4938 Hi
3198 4898 3431 4944 cunctos

1851 4974 1917 5027 de
1958 4974 2177 5043 pepulo,
2213 4972 2307 5040 qui
2356 4972 2620 5027 adversus
2652 4984 2921 5043 pauperes
2969 4975 3137 5043 iniqui
3185 4977 3430 5040 fuerunt,

1851 5065 2097 5120 funditus
2125 5064 2382 5133 perdent;
2416 5080 2539 5117 nam
2583 5080 2651 5120 ne
2685 5066 3009 5120 brevissimo
3043 5068 3262 5135 quidem
3295 5081 3433 5123 tem-

1855 5172 1987 5225 pore
2028 5171 2095 5209 ex
2142 5156 2373 5209 adverso
2430 5156 2630 5210 intueri
2681 5158 2867 5221 hostes
2920 5167 3013 5211 aut
3050 5158 3118 5213 iis
3167 5160 3436 5215 obsistere

1854 5248 2151 5302 audebunt.
2200 5266 2216 5295 ι
2256 5246 2320 5298 Et
2346 5248 2701 5317 congregabit
2751 5251 2909 5318 quasi
2953 5266 3173 5305 arenam
3215 5256 3439 5321 captivi-

1854 5350 2038 5395 tatem.
2096 5337 2159 5390 Et
2190 5338 2305 5406 ipse
2340 5338 2407 5392 de
2435 5341 2652 5407 regibus
2682 5341 2909 5395 delicias
2940 5345 3137 5410 capiet,
3172 5350 3225 5395 et
3249 5352 3438 5413 tyran—
3486 5412 3491 5420 ι

1853 5450 1957 5489 nus
1991 5432 2229 5486 ludibria
2270 5432 2391 5501 ejus
2431 5452 2442 5485 :
2477 5441 2530 5487 et
2563 5435 2679 5503 ipse
2718 5436 2943 5489 cuilibet
2985 5435 3277 5489 munitioni
3312 5438 3440 5491 illu-
3488 5434 3496 5441 ’

1854 5526 1975 5589 det;
2015 5532 2071 5576 et
2110 5532 2284 5578 struet
2337 5539 2611 5594 aggerem,
2646 5533 2699 5581 et
2741 5528 2918 5596 capiet
2969 5528 3137 5583 illam.
3176 5548 3194 5581 ι
3238 5528 3439 5583 Multos

1856 5618 2038 5685 itaque
2062 5614 2224 5670 faciet
2252 5617 2519 5686 captivos,
2557 5618 2666 5671 imo
2712 5619 3141 5677 innumerabiles
3171 5631 3438 5691 quantum

1865 5723 2028 5760 arena
2077 5717 2179 5761 est.
2225 5707 2347 5776 ipse
2392 5724 2522 5762 vero
2559 5710 3084 5779 voluptatem,suam
3137 5713 3439 5767 cumulabit

1867 5800 2161 5855 multorum
2209 5816 2500 5871 regnorum
2552 5802 2943 5874 destructione,
2982 5822 3147 5877 quam
3191 5805 3311 5861 sine
3355 5805 3439 5859 la-
