3934 6522
541 371 636 423 451

1696 363 2042 420 TllEODORl
2078 362 2556 418 MOPSUESTENI
3654 364 3737 422 4-5:}

547 493 678 546 bore
722 493 889 543 multo
924 490 1149 556 etquasi
1193 486 1385 540 ludens
1419 487 1681 554 patrabit;
1722 495 1880 554 atque
1915 483 2102 539 eadem

2205 484 2508 551 ἀφανισμὸν
2536 483 2590 532 o6
2627 481 2760 549 μετά
2794 479 2984 532 πολλοῦ
3016 480 3106 532 τοῦ
3143 482 3304 535 πόνου
3330 524 3344 547 ,
3374 483 3448 545 ὡς
3469 482 3536 536 ἀν
3561 487 3738 552 παίζων

551 583 802 635 lacilitate
834 580 1230 633 munitissimas
1263 592 1479 646 quoque
1514 577 1672 629 urbes
1711 590 1971 642 arcesque
2007 573 2103 628 οὶ)-
2149 644 2154 648 ⁸

2149 665 2165 692 ί
2205 666 2298 719 καὶ
2325 665 2434 718 τῶν
2469 665 2607 732 ἀγαν
2641 665 3016 734 ὡχυρωμένων
3056 663 3262 718 πόλεών
3287 681 3344 716 τε
3377 666 3470 717 καὶ
3501 671 3736 738 φρουρίων

546 676 753 733 iinebit,
777 681 991 725 struens
1019 670 1425 738 expeditissime
1455 683 1699 737 aggeres,
1737 675 1900 737 atque
1923 663 2104 718 omnia

547 764 812 817 subruens
860 763 974 814 sive
1010 762 1204 812 moenia
1252 761 1368 812 sive
1411 758 1555 810 aliud
1601 759 1817 827 quidvis
1863 763 2102 810 tutamen

543 855 775 907 videtur.
829 871 846 902 ι
882 851 1032 908 Tunc
1064 851 1296 903 mutabit
1341 849 1612 916 spiritum,
1637 856 1689 902 et
1729 845 2103 917 pertransibit,

543 954 594 996 et
651 943 1056 1012 propitiabitur.
1098 961 1115 991 ι
1170 939 1556 994 Verumtamen
1616 937 1908 990 maximam
1963 936 2105 988 hanc

545 1036 880 1102 punitionem
930 1033 1228 1102 inspiciens
1269 1029 1429 1092 Deus,
1476 1037 1529 1082 et
1565 1029 1781 1098 quidem
1832 1042 1861 1079 a
1904 1026 2106 1079 talibus

545 1130 746 1196 talique
778 1128 959 1179 animo
999 1125 1240 1194 prazditis
1271 1121 1528 1176 inflictam
1572 1119 1903 1182 hominibus,
1949 1131 2103 1170 suam

545 1221 806 1274 adversus
854 1233 954 1271 nos
991 1216 1152 1286 236
1177 1217 1310 1268 iram
1358 1214 1568 1267 emittet
1606 1220 1698 1265 :et
1748 1226 1846 1280 per
1896 1209 2105 1264 medios

546 1327 662 1374 nos,
716 1318 773 1363 ut
808 1311 880 1363 ita
929 1310 1127 1369 dicam,
1176 1305 1514 1378 providentia
1558 1320 1657 1357 sua
1695 1302 1970 1365 transibit,
2017 1317 2106 1354 ve-

545 1400 686 1451 niam
725 1397 922 1466 priscis
953 1395 1186 1464 peccatis
1217 1394 1534 1463 indulgebit,
1575 1403 1630 1445 et
1665 1392 1974 1460 impositam
2011 1391 2108 1443 ho-

544 1504 662 1542 rum
721 1503 885 1541 causa
933 1501 1146 1555 pinnam
1186 1485 1441 1538 remittet.
1493 1502 1512 1534 ι
1553 1484 1674 1537 Haec
1723 1491 1805 1538 est
1846 1483 2107 1536 fortitudo

547 1584 652 1634 Deo
713 1595 854 1633 meo.
904 1577 1092 1630 Nonne
1149 1585 1207 1628 tu
1260 1590 1288 1627 a
1347 1577 1635 1644 principio,
1690 1573 1912 1628 Domine
1967 1573 2107 1628 Deus

543 1680 731 1727 sancte
759 1669 950 1722 meus?
993 1668 1053 1719 Et
1089 1683 1196 1720 non
1227 1666 1560 1719 moriemur?
1599 1685 1616 1716 ι
1650 1664 1763 1716 Hoc
1805 1673 1890 1718 est
1918 1673 2108 1733 poten~

543 1777 629 1816 tne
674 1778 832 1832 opus,
863 1760 1005 1830 quod
1033 1760 1266 1826 desuper
1307 1773 1405 1826 pro
1432 1757 1590 1810 nobis
1627 1755 1867 1809 ostendit
1896 1755 1985 1809 ille
2014 1755 2108 1824 qui

2205 575 2262 627 δὲ
2295 577 2576 644 ποιήσεται
2616 574 2837 644 ῥαδίως*
2881 574 3018 644 μετὰ
3046 575 3245 644 πολλῆς
3266 573 3323 628 δὲ
3351 577 3449 646 τῆς
3479 579 3735 649 εὐμαρείας

2206 759 2498 828 κρατήσει,
2527 757 2687 827 χῶμά
2717 774 2775 808 τε
2802 757 3028 826 ἐγείρων
3079 757 3216 826 μετὰ
3251 756 3450 826 πολλῆς
3490 759 3584 827 τῆς
3609 763 3735 817 εὐκο-

2206 849 2355 915 λίας,
2416 849 2509 902 καὶ
2546 847 2840 901 κατασπῶν
2887 849 2993 900 πᾶν
3050 848 3157 900 εἴτε
3199 851 3378 918 τεῖχος
3435 850 3531 901 εἶθ’
3572 853 3738 923 ἑτέρως

2205 957 2324 1001 πως
2352 939 2682 1009 ἠσφαλίσθαι
2715 938 2923 993 δοκοῦν.
2957 946 2972 1006 (
2998 956 3047 1008 p.
3084 939 3226 1008 ⁸560)
3275 959 3292 989 ι
3317 940 3448 991 Τότε
3483 944 3738 1009 μεταϐαλεῖ

2205 1033 2266 1085 τὸ
2296 1032 2511 1103 πνεῦμα
2549 1031 2714 1085 αὐτοῦ
2734 1072 2750 1098 ,
2776 1032 2870 1085 καὶ
2893 1031 3252 1094 διελεύσεται,
3290 1033 3383 1084 καὶ
3411 1032 3734 1098 tenacem.

2219 1124 2378 1176 Ἀλλὰ
2413 1125 2519 1192 γάρ
2563 1125 2823 1195 μεγίστην
2855 1124 2951 1194 τὴν
2991 1123 3320 1193 ἐπαχθεῖσαν
3354 1124 3616 1194 τιμωρίαν
3641 1128 3739 1180 ἰδὼν

2206 1217 2416 1279 ὀΘεὸς,
2449 1217 2542 1270 ᾶτε
2597 1218 2746 1287 παρά
2791 1217 3043 1269 τοιούτων
3090 1217 3182 1268 καὶ
3224 1216 3364 1269 οὕτω
3418 1218 3741 1286 διακειμένων

2208 1307 2551 1376 ἐπαγομένην
2580 1307 2789 1378 ἀνδρῶν
2814 1347 2828 1368 ,
2883 1306 3175 1375 μεταϐαλεῖ
3205 1307 3303 1377 μὲν
3337 1308 3436 1378 τὴν
3469 1308 3590 1361 καθ’
3612 1312 3740 1378 ἡμῶν

2207 1399 2372 1468 ὀργήν
2391 1414 2404 1427 ·
2431 1397 2616 1467 ὥσπερ
2641 1399 2696 1451 δέ
2717 1400 2792 1460 εἰς
2825 1401 3018 1468 μέσους
3044 1401 3187 1468 ἡμᾶς
3215 1402 3277 1469 τῇ
3311 1401 3602 1471 κηδεμονίᾳ
3628 1421 3742 1474 παρ-

2209 1490 2374 1544 ελθὼν
2403 1531 2416 1550 ,
2481 1491 2807 1560 συγγνώμην
2839 1492 2936 1560 μὲν
2981 1492 3122 1562 ὑπὲρ
3161 1492 3268 1543 τῶν
3315 1491 3482 1545 πάλαι
3528 1495 3744 1565 πεπλημ-

2212 1582 2343 1652 μελη
2354 1582 2528 1650 μένων
2563 1583 2743 1645 δώσει,
2774 1583 2923 1635 λύσει
2949 1583 3003 1634 δέ
3030 1583 3124 1652 τὴν
3155 1583 3507 1654 ἐπικειμένην
3532 1589 3653 1654 ἡμῖν
3677 1587 3747 1640 διὰ

2207 1675 2377 1727 ταῦτα
2409 1675 2696 1744 τιμωρίαν.
2733 1695 2750 1726 ι
2773 1675 2918 1744 Αὖτη
2953 1678 2984 1744 ἡ
3035 1677 3188 1744 ἰσχὺς
3211 1675 3288 1745 τῷ
3319 1675 3438 1745 Θεῷ
3485 1693 3586 1746 μου
3607 1693 3620 1706 ⁸
3651 1680 3747 1749 οὐχὶ

2213 1767 2276 1817 σὺ
2316 1766 2406 1818 ἀπ’
2437 1767 2645 1836 ἀρχῆς,
2676 1766 2848 1836 Κύριε
2885 1766 2913 1816 6
2951 1766 3082 1829 Θεός
3135 1783 3235 1835 μου
3278 1768 3306 1818 6
3353 1767 3538 1835 ἆγιοςς
3579 1770 3662 1820 καλ⁵
3698 1773 3746 1822 οὐ

541 1863 763 1908 sanctus
788 1860 888 1913 est,
919 1861 972 1903 ct
1001 1851 1147 1904 omni
1177 1851 1252 1902 rei
1279 1847 1564 1902 exsistenti
1591 1846 1839 1916 superior
1870 1865 1881 1899 :
1914 1862 2104 1915 quam-

2213 1857 2286 1925 μὴ
2318 1855 2731 1925 ἀποθάνωμεν.»
2771 1857 2941 1909 Τοῦτο
2982 1857 3089 1925 γὰρ
3123 1858 3223 1923 τῆς
3266 1857 3368 1926 σῆς
3409 1857 3750 1928 δυνάμεωςτὺ

540 1947 723 1999 obrem
771 1945 951 1996 vivere
1005 1956 1221 2009 quoque
1266 1953 1570 2008 speramus,
1612 1945 1736 2008 post
1787 1953 1960 2007 paena:
2007 1939 2104 1990 de-

541 2036 864 2107 pulsionem.
914 2053 931 2084 ι
967 2032 1213 2095 Domine,
1247 2032 1312 2085 ad
1353 2030 1619 2098 judicium
1663 2045 1776 2084 rem
1808 2029 1948 2082 hanc
1976 2043 2106 2084 con-

542 2129 803 2191 stituisti;
848 2135 900 2180 et
954 2125 1208 2179 formavit
1250 2140 1335 2177 me
1381 2131 1439 2176 nt
1496 2138 1721 2192 arguam
1760 2122 2104 2192 disciplinai-

539 2225 674 2292 ejus.
719 2241 735 2272 ι
774 2220 977 2287 Nempe
1030 2226 1090 2269 ut
1134 2216 1381 2272 erudiam
1431 2216 1775 2285 correptione
1813 2229 1931 2268 mea
1979 2214 2115 2266 reli-

539 2327 676 2379 quos
714 2311 984 2369 homines,
1011 2324 1075 2360 ne
1107 2307 1283 2360 securi
1317 2314 1563 2374 peccent.
1605 2304 1809 2358 Deinde
1833 2303 1900 2356 ad
1927 2303 2104 2370 ipsum

542 2404 708 2457 Deum
745 2399 1017 2454 convertit
1052 2412 1358 2452 sermonem
1397 2415 1409 2448 :
1447 2414 1465 2446 ι
1494 2394 1675 2449 Purus
1719 2394 1912 2449 oculus
1953 2401 2103 2456 tuus,

541 2512 608 2548 ne
652 2494 790 2547 mala
839 2489 1037 2551 videat,
1073 2496 1126 2542 et
1166 2487 1524 2556 contemplari
1568 2486 1845 2539 molestias
1879 2501 1986 2538 non
2019 2499 2106 2553 po-

542 2597 694 2639 teris.
725 2600 744 2633 ι
784 2581 953 2634 Multa
985 2581 1082 2633 tibi
1111 2579 1252 2647 :equi
1278 2571 1422 2647 juris
1451 2592 1582 2630 cura
1614 2586 1698 2630 est
1729 2591 1936 2644 :quare
1967 2576 2106 2628 male

539 2683 761 2746 agentes
809 2681 1054 2742 spectare
1093 2687 1199 2724 non
1235 2670 1554 2730 sustinebis,
1593 2677 1648 2722 et
1686 2668 1779 2736 qui
1824 2667 2104 2718 molestia-

540 2782 658 2819 rum
685 2764 806 2818 aliis
836 2770 890 2816 et
927 2762 1276 2816 contritionis
1299 2769 1549 2813 auctores
1575 2766 1722 2812 sunt.
1762 2775 1780 2807 ι
1817 2757 1928 2809 Cur
1953 2755 2102 2823 aspi-

537 2857 616 2911 cis
644 2853 1094 2922 contemptores?
1137 2850 1466 2912 Tacebisne,
1521 2849 1649 2902 dum
1685 2849 1896 2916 justum
1943 2847 2108 2900 devo-

536 2957 618 3001 rat
653 2947 887 3016 impius?
923 2943 988 2998 Et
1021 2944 1190 2998 facies
1225 2943 1474 2996 homines
1506 2941 1664 3010 quasi
1708 2940 1886 3008 pisces
1913 2939 2104 2996 maris.

536 3053 587 3096 ct
611 3042 767 3114 quasi
799 3040 1013 3109 reptilia
1057 3055 1165 3092 non
1204 3038 1456 3092 habentia
1501 3036 1738 3090 ducem?
1771 3053 1788 3085 ι
1822 3032 1938 3086 Non
1977 3046 2106 3101 ergo

537 3143 786 3204 spectare
813 3131 1038 3202 patieris
1072 3144 1166 3184 eos
1191 3129 1282 3196 qui
1313 3128 1613 3196 punitionis
1648 3135 1754 3179 tuae
1787 3130 2102 3192 contemptu

540 3229 650 3280 hinc
691 3230 894 3294 agunt;
927 3235 1102 3290 neque.
1148 3225 1356 3271 tantam
1403 3217 1744 3286 iniquitatem
1787 3214 2103 3268 dissimula-

540 3319 642 3375 bis.
695 3325 753 3368 ut
793 3312 924 3382 justi
972 3309 1041 3362 ab
1094 3309 1278 3378 impiis
1322 3306 1712 3376 propemodum
1753 3306 2101 3357 devorentur.

540 3415 758 3484 Alioqui
788 3410 1096 3466 videbimur
1131 3423 1160 3460 a
1193 3407 1437 3476 piscibus
1459 3413 1623 3474 atque
1645 3403 1932 3474 reptilibus
1964 3401 2104 3455 duce

537 3501 854 3557 carentibus
903 3497 1037 3552 nihil
1086 3495 1324 3558 differre,
1370 3494 1475 3548 nisi
1526 3502 1584 3546 tu
1640 3493 1940 3562 punitionis
1995 3500 2103 3550 tua:

537 3590 1030 3652 demonstratione,
1082 3585 1258 3655 palam
1300 3584 1398 3639 ﬁas
1441 3598 1537 3637 ceu
1583 3599 1787 3653 praeses
1829 3592 2013 3637 noster
2050 3591 2105 3636 et

538 3691 756 3739 actuum
798 3680 1040 3734 omnium
1073 3678 1435 3736 humanorum
1475 3683 1750 3730 scrutator
1790 3683 2104 3730 accuratus.

2209 1947 2388 2018 ἔργον,
2421 1949 2556 2016 ὅπερ
2589 1947 2792 2001 ἄνωθεν
2821 1948 3143 2014 ἐπιδέδειξαι
3168 1950 3296 2019 περὶ
3327 1951 3472 2020 ἡμᾶς
3499 1950 3646 2018 ἆγιος
3671 1953 3745 2016 ὣν,

2209 2037 2301 2088 καὶ
2325 2036 2538 2089 πάντων
2564 2036 2953 2107 ύπερκείμενος
2980 2034 3087 2089 τῶν
3115 2039 3301 2103 ὄντων,
3329 2040 3467 2108 ὑπὲρ
3497 2034 3573 2094 ὧν
3601 2042 3651 2094 δέ
3675 2046 3748 2096 καὶ

2208 2128 2463 2197 ζήσεσθαι
2491 2128 2897 2199 προσδοκῶμεν,
2929 2129 3182 2199 λυθείσης
3209 2133 3341 2201 ἡμῖν
3360 2132 3458 2202 τῆς
3487 2135 3744 2204 τιμωρίας.

2214 2236 2231 2268 ι
2265 2218 2548 2287 Κύριε,είς
2577 2223 2749 2289 κρῖμα
2783 2221 3016 2290 τέταχας
3048 2222 3197 2280 αὐτὸ,
3233 2225 3327 2275 καὶ
3352 2223 3558 2277 ἐπλασέ
3588 2243 3648 2295 με
3675 2228 3748 2278 τοῦ

2207 2309 2448 2379 ἐλέγχειν
2477 2311 2722 2362 παιδείαν
2751 2310 2967 2363 αὑτοῦ.»
2999 2311 3240 2364 Ἀνωθεν
3266 2314 3375 2384 γάρ
3411 2332 3477 2382 με
3509 2315 3660 2378 αὐτὸς
3687 2320 3749 2379 εἰς

2206 2403 2304 2471 τὴν
2328 2402 2435 2453 τῶν
2465 2403 2884 2471 ἁμαρτανόντων
2912 2403 3205 2466 διέπλασας
3236 2403 3445 2474 κρίσιν’
3477 2407 3556 2468 ὡς
3585 2408 3645 2458 ἂν
3678 2411 3750 2460 καὶ

2209 2493 2520 2562 παιδεύοιμι
2551 2493 2637 2545 διὰ
2690 2493 2798 2545 τῶν
2850 2493 3084 2562 ἐλέγχων
3117 2494 3348 2556 αὐτοὺς,
3387 2495 3494 2561 ἔξω
3539 2497 3632 2566 τῆς
3673 2498 3748 2551 τοῦ

2209 2583 2546 2652 πλημμελεῖν
2599 2582 2955 2634 καθίστασθαι
3012 2583 3230 2646 ἀδείας⁶
3285 2580 3401 2638 εἶτα
3433 2588 3575 2657 πρὸς
3616 2589 3751 2641 αὑτὸν

2208 2674 2552 2744 ἀποστρέψας
2583 2674 2672 2726 τὸν
2704 2674 2833 2725 Θεὸν
2867 2675 2957 2726 τὸν
2985 2674 3162 2742 λόγον,
3199 2696 3217 2726 ι
3246 2677 3503 2748 Καθαρὸς
3528 2680 3555 2729 6
3583 2679 3750 2746 ὀφθαλ-

2211 2766 2307 2833 μός
2343 2782 2436 2817 σου
2455 2764 2548 2816 τοῦ
2584 2766 2655 2833 μὴ
2683 2766 2813 2833 ὁρᾷν
2841 2766 3074 2835 πονηρὰ,
3099 2767 3193 2819 καὶ
3221 2768 3539 2820 ἐπιϐλέπειν
3572 2771 3753 2822 61:17:6-

2207 2873 2329 2917 νους
2354 2855 2413 2907 06
2438 2855 2692 2926 δυνήσῃ.»
2723 2854 2894 2925 Πολλὴ
2923 2857 3142 2925 φροντίς
3169 2874 3250 2908 σοι
3275 2857 3367 2908 τού
3389 2858 3629 2910 δικαίου’
3651 2860 3752 2914 ὅθεν

2207 2944 2327 2996 ούδέ
2370 2944 2589 3013 βλέπειν
2640 2945 2808 3014 ἀνέχῃ
2839 2946 2964 3007 τοὺς
3002 2946 3070 2998 τὰ
3103 2947 3312 3016 πονηρά
3351 2948 3751 3017 ἐργαζομένους,

2209 3035 2386 3087 πόνων
2431 3051 2490 3086 τε
2536 3035 2627 3087 καὶ
2671 3034 2964 3105 συντριϐἦς
2992 3035 3198 3106 ἑτέροις
3231 3036 3657 3106 καθισταμένους
3683 3040 3752 3092 αί-

2207 3127 2374 3189 τίους.
2410 3126 2626 3196 (p.56!)
2672 3128 2766 3178 «Τί
2796 3128 3106 3190 ἐπιϐλέπεις
3137 3130 3230 3180 ἐπὶ
3263 3130 3751 3201 καταφρονοῦντας

2207 3220 2610 3289 παρασιωπήσῃ
2643 3219 2700 3271 ἐν
2727 3218 2805 3287 τῷ
2857 3218 3173 3271 καταπίνειν
3199 3221 3368 3289 ἀσεϐῆ
3408 3221 3502 3272 τὸν
3534 3222 3750 3274 δίκαιον·

2203 3310 2295 3360 καὶ
2326 3310 2567 3379 ποιήσεις
2593 3311 2715 3370 τοὺς
2746 3308 3061 3378 ἀνθρώπους
3085 3310 3158 3372 ὼς
3189 3312 3313 3372 τοὺς
3345 3295 3548 3380 ἰχθύας
3563 3313 3656 3382 τῆς
3679 3311 3757 3364 θα-

2201 3399 2404 3469 λάσσης
2427 3441 2440 3464 ,
2473 3401 2565 3454 καὶ
2599 3400 2673 3462 ὡς
2706 3400 2910 3470 ἑρπετὰ
2935 3401 3034 3452 οὐκ
3075 3401 3265 3469 ἔχοντα
3305 3403 3628 3472 ἡγούμενον.
3651 3421 3670 3455 ι
3696 3404 3758 3455 Οὐ

2200 3492 2380 3545 τοίνυν
2407 3493 2575 3562 ἀνέχῃ
2601 3492 2824 3562 θεωρεῖν
2855 3493 2978 3553 τοὺς
3007 3496 3408 3562 καταφρονήσει
3437 3495 3540 3564 τῆς
3572 3493 3667 3563 σῆς
3692 3511 3756 3546 τι·

2207 3583 2418 3655 μωρίας
2447 3583 2668 3637 τοιαῦτα
2701 3583 3197 3653 διαπραττομένους
3221 3624 3234 3649 ,
3261 3585 3382 3636 οὐδὲ
3413 3587 3761 3655 παραπέμπ-

2205 3675 2328 3728 σθαι
2362 3677 2463 3746 τὴν
2492 3675 2759 3744 τοσαύτην
2785 3675 2997 3728 ἀδικίαν
3018 3715 3032 3738 ,
3057 3675 3196 3728 ὥστε
3232 3676 3475 3740 δικαίους
3507 3674 3760 3747 μονονουχὶ

537 3776 924 3834 κατατείνεσθαι
969 3775 1073 3827 ὑπὸ
1118 3773 1329 3827 ἀσεϐῶν
1352 3791 1365 3802 ·
1411 3773 1724 3844 φανούμεθα
1762 3773 1872 3843 γὰρ
1908 3772 2106 3842 ἰχθύων
2130 3788 2189 3824 τε
2223 3774 2316 3825 καὶ⁵
2351 3773 2595 3842 ἑρπετῶν
2637 3773 2736 3825 οὐκ
2770 3771 2999 3840 ἐχόντων
3048 3770 3348 3841 ἡγούμενον
3378 3772 3761 3832 διαλλάττον-ξε,

535 3875 704 3935 οὐδὲν,
737 3875 784 3924 εί
807 3872 880 3941 μὴ
915 3872 981 3940 τῇ
1014 3867 1253 3938 τιμωρίᾳ
1277 3870 1344 3938 τῇ
1377 3870 1442 3939 σῇ
1468 3867 1622 3938 δῆλος
1654 3866 1852 3936 γένοιο,
1877 3865 2182 3919 ἐπιστατῶν
2203 3884 2261 3918 τε
2299 3869 2432 3938 ἡμῖν
2463 3867 2556 3919 καὶ
2582 3867 2762 3918 πᾶσαν
2788 3863 3031 3927 ἐξέτασιν
3063 3864 3266 3934 ἀκριϐῆ
3293 3865 3400 3918 τῶν
3426 3866 3762 3936 ἀνθρωπείων

537 3963 852 4032 ποιούμενος
892 3958 1252 4029 πραγμάτων.

606 4055 768 4108 Vens.
806 4051 1083 4104 1ὅ-17.-
1111 4047 1406 4117 Pastquam
1439 4043 1556 4097 haec
1593 4040 1778 4096 omnia
1825 4038 1893 4094 de
1929 4039 2105 4110 Baby-

535 4147 696 4203 loniis
721 4145 878 4209 dixit,
915 4144 1009 4211 qui
1043 4156 1185 4196 saeve
1213 4136 1509 4192 admodum
1542 4133 1799 4204 populum
1831 4139 2106 4186 tractave-

535 4247 677 4305 rant,
722 4236 943 4306 exponit
981 4234 1242 4301 deinceps
1284 4230 1459 4284 hostis
1489 4225 1736 4296 ejusdem
1782 4223 2104 4293 potentiam,

534 4330 692 4400 cujus
741 4343 845 4397 ope
891 4334 1161 4396 quotquot
1209 4323 1324 4377 vult
1374 4320 1534 4374 malis
1588 4316 1894 4372 innumeris
1949 4315 2106 4369 facile

2272 4042 2420 4112 Στίχ.
2460 4045 2635 4108 ιε’-ιζ’.
2672 4072 2739 4084 —-
2763 4046 2949 4100 Ταῦτα
2979 4047 3035 4099 δὲ
3068 4047 3284 4101 ἅπαντα
3315 4050 3444 4119 περὶ
3477 4050 3588 4100 τῶν
3609 4049 3761 4100 Βαϐυ-

2200 4131 2405 4187 λωνίων
2437 4135 2706 4204 εἰρηκὼς,
2729 4137 2806 4200 ὡς
2831 4137 2998 4209 πολλῇ
3025 4139 3164 4191 κατὰ
3188 4139 3283 4191 τοῦ
3311 4139 3444 4192 λαοῦ
3471 4144 3536 4209 τῇ
3568 4140 3762 4208 ἀφειδῖα

2201 4225 2564 4294 χρησαμένων
2588 4267 2604 4290 ,
2640 4227 2908 4297 διηγεῖται
2934 4229 3119 4282 λοιπὸν
3148 4231 3310 4283 αὑτοῦ
3347 4231 3442 4282 καὶ
3476 4231 3578 4300 τὴν
3621 4232 3759 4283 δύνα-

2205 4333 2327 4384 μιν,
2439 4316 2719 4386 χρώμενος
2741 4361 2755 4384 ,
2789 4319 3021 4383 ὁπόσους
3050 4321 3117 4373 ἂν
3147 4321 3316 4374 ἐθέλοι
3342 4323 3564 4390 μυρίοις
3596 4325 3762 4381 κακοῖς

534 4423 726 4478 irretit.
762 4441 779 4471 ι
815 4423 987 4474 Hamo
1013 4417 1236 4473 sustulit
1269 4417 1417 4468 illum
1448 4413 1516 4467 ad
1552 4408 2099 4469 consummationem,

2206 4404 2520 4474 περιϐάλλει
2552 4407 2766 4478 ῥᾳδίως.
2796 4430 2812 4460 ι
2828 4410 3146 4463 Συντέλειαν
3168 4413 3225 4463 ἐν
3251 4413 3536 4482 ἀγκίστρῳ
3557 4413 3762 4465 ἀνέσπα-

533 4513 808 4580 traxitque
849 4526 971 4564 eum
1016 4509 1116 4561 reti
1148 4522 1266 4572 suo,
1297 4515 1350 4560 et
1379 4506 1435 4558 in
1473 4502 1688 4572 sagenis
1733 4500 1849 4554 suis
1894 4499 2102 4551 aduna-

533 4605 626 4656 vit.
686 4601 977 4670 Propterea
1034 4599 1305 4653 laetabitur
1355 4605 1408 4652 et
1462 4594 1750 4664 gaudebit;
1815 4597 2102 4660 propterea

533 4693 691 4760 237
723 4691 1020 4744 immolabit
1066 4705 1280 4757 sagena:
1332 4702 1463 4748 suae,
1513 4694 1563 4739 et
1594 4682 1933 4758 thurificabit
2000 4680 2101 4734 reti

533 4793 651 4830 suo.
686 4797 705 4828 ι
749 4777 914 4842 Quasi
935 4777 1099 4832 hamo
1129 4779 1314 4847 aliquo
1357 4790 1421 4828 ac
1461 4775 1565 4828 reti
1615 4772 1880 4845 plurimos
1911 4780 2100 4839 poten-

532 4872 602 4920 tia
646 4883 745 4921 sua
787 4868 1239 4930 circumveniens,
1273 4879 1527 4934 supremo
1559 4863 1738 4918 tradet
1767 4861 1953 4916 exitio.
2007 4859 2098 4913 Sic

528 4969 708 5014 autem
758 4958 811 5011 in
863 4968 1185 5026 potestatem
1217 4972 1371 5011 suam
1399 4962 1632 5012 cunctos
1670 4954 1900 5023 rediget,
1939 4960 1999 5004 ut
2049 4958 2102 5004 et

526 5050 784 5118 operibus
820 5054 933 5104 suis
959 5052 1248 5119 gavisurus
1278 5049 1369 5113 sit,
1407 5063 1471 5102 ac
1517 5045 1914 5116 propemodum
1941 5043 2099 5112 quasi

528 5143 638 5196 Deo
679 5143 860 5210 aliquo
889 5141 1097 5196 viribus
1135 5141 1250 5193 suis
1280 5139 1625 5208 propriorum
1658 5145 1935 5207 gestorum
1986 5149 2101 5186 ma~

525 5232 867 5301 gnitudinem
893 5231 1219 5284 tributnrns.
1246 5227 1377 5280 Nam
1408 5227 1595 5291 verba,
1625 5245 1644 5275 ι
1673 5223 1979 5278 lmmolabit
2009 5237 2098 5276 sa-

523 5338 694 5392 geme,
744 5333 798 5375 et
832 5321 1166 5374 thurificabit
1220 5319 1360 5382 reti,
1402 5337 1419 5368 ι
1471 5317 1601 5370 dicit
1648 5325 1867 5384 sumpta
1921 5321 2098 5366 meta-

524 5415 695 5476 phora
737 5414 804 5466 ab
848 5413 915 5465 iis
955 5413 1045 5480 qui
1106 5412 1160 5463 in
1213 5423 1362 5462 casu
1386 5406 1692 5474 ejusmodi,
1736 5405 1942 5474 gratias
1990 5402 2099 5456 Deo

525 5505 786 5560 referunt.
835 5503 957 5557 Vult
983 5519 1110 5573 ergo
1138 5503 1319 5556 dicere
1376 5501 1528 5554 illum
1559 5497 1653 5552 Dei
1699 5498 1874 5551 instar
1906 5495 2100 5563 imagi-

527 5599 644 5648 nari
681 5595 864 5646 om‘nia
903 5609 1058 5663 posse
1094 5607 1192 5662 pro
1225 5607 1326 5646 suo
1377 5591 1530 5644 libito
1563 5587 1808 5652 ellicere;
1838 5599 2099 5641 causam-

528 5702 632 5755 que
673 5701 970 5753 esponens,
996 5705 1013 5736 ι
1047 5685 1182 5749 Quia
1235 5685 1291 5738 in
1340 5684 1495 5753 ipsis,
1528 5682 1725 5752 inquit,
1772 5679 2099 5736 incrassavit

598 5777 709 5847 (68)
742 5775 874 5831 Cod.
903 5776 1266 5843 Συναγωγαίς.

2206 4513 2298 4548 σεν
2336 4497 2496 4550 αὑτὸν
2519 4541 2533 4564 ,
2570 4500 2664 4551 κα)⁸
2693 4500 2939 4553 εἵλκυσεν
2965 4503 3125 4555 αὑτὸν
3163 4505 3220 4554 ἐν
3249 4505 3650 4574 ἁμεριϐλήττρῳ
3683 4503 3764 4555 αὺ-

2197 4589 2294 4641 τοῦ
2323 4605 2338 4620 ο
2370 4591 2466 4643 καὶ
2494 4596 2798 4662 συνήγαγεν
2832 4593 2994 4646 αὑτὸν
3018 4596 3075 4646 ἐν
3107 4597 3224 4656 ταῖς
3254 4598 3521 4663 σαγήναις
3555 4595 3662 4664 (ί8)
3689 4595 3764 4646 αὖ·

2197 4677 2294 4730 τοῦ
2317 4695 2331 4710 ο
2359 4680 2544 4733 ἐνεκεν
2572 4681 2762 4734 τούτου
2804 4683 3238 4753 εὐφρανθήσεται
3287 4685 3381 4736 καὶ
3433 4686 3760 4754 χαρήσεται·

2197 4767 2382 4821 ἐνεκεν
2410 4769 2602 4822 τούτου
2640 4769 2792 4823 θύσει
2821 4775 2886 4841 τῇ
2921 4774 3128 4844 σαγήνῃ
3165 4771 3361 4835 αὑτοῦ,
3389 4776 3484 4824 καὶ
3528 4774 3762 4842 θυμιάσει

2197 4855 2274 4925 τῷ
2307 4857 2702 4928 ἀμφιϐλήστρῳ
2736 4859 2919 4912 αὐτοῦ.
2939 4879 2958 4910 ι
2997 4859 3083 4922 Ὧς
3110 4860 3218 4930 γὰρ
3242 4862 3528 4931 ἀγκίστρῳ
3557 4863 3664 4913 τινὶ
3687 4860 3766 4912 καὶ

2199 4948 2595 5020 ἀμφιϐλήστρῳ
2625 4953 2690 5019 τῇ
2721 4951 2898 5019 οἰκείᾳ
2924 4950 3148 5019 δυνάμει
3178 4952 3466 5013 πλείστους
3495 4953 3658 5014 ὅσους
3678 4968 3764 5000 πε-

2201 5041 2435 5111 ριϐαλὼν
2466 5046 2546 5104 είς
2595 5044 2829 5114 παντελῆ
2876 5044 3241 5116 παραδίδωσιν
3287 5044 3574 5098 ἀπώλειαν
3597 5061 3614 5077 ·
3641 5043 3765 5096 οὕτω

2196 5148 2255 5182 τε
2282 5132 2526 5195 ἅπαντας
2561 5134 2665 5186 ὑπὸ
2705 5136 2804 5202 τὴν
2835 5135 3083 5200 ἐξουσίαν
3120 5135 3362 5204 ἀθροίζει
3395 5135 3496 5206 τὴν
3549 5135 3762 5192 οἰκείαν,

2197 5222 2335 5274 ὥστε
2362 5223 2584 5292 ἣδεσθαι
2619 5225 2716 5293 μὲν
2747 5226 2840 5277 ἐπὶ
2882 5229 2993 5288 τοῖς
3015 5226 3195 5297 ἔργοις
3227 5229 3338 5289 τοῖς
3375 5227 3528 5290 ἰδίοις
3555 5266 3571 5288 .
3605 5225 3764 5279 κινδυ-

2201 5314 2374 5365 νεύειν
2406 5314 2462 5366 δέ
2494 5315 2569 5377 ὡς
2613 5316 2678 5368 ἄν
2705 5334 2810 5369 τινι
2841 5317 2960 5387 Θεῷ
2985 5321 3051 5387 τῇ
3095 5319 3271 5387 οἰκείᾳ
3301 5319 3534 5387 δυνάμει
3566 5318 3766 5384 λογίζε-

2200 5404 2323 5458 σθαι
2353 5405 2462 5459 τῶν
2490 5409 2618 5478 παρ’
2644 5408 2807 5462 αὐτού
2833 5410 3130 5480 γινομένων
3157 5410 3216 5462 τὸ
3249 5411 3477 5480 μέγεθος
3503 5427 3516 5439 ·
3553 5413 3631 5480 (p.
3652 5409 3764 5475 36"!)

2196 5493 2257 5546 τὺ
2281 5494 2438 5566 γὰρ,ι
2461 5493 2624 5549 Θύσει
2641 5500 2706 5569 τῇ
2728 5497 2959 5567 σαγήνῃ,
2987 5499 3080 5552 καὶ
3110 5499 3364 5570 θυμιάσει
3389 5501 3466 5568 τῷ
3492 5500 3765 5569 ἀμφιϐλή-

2199 5603 2344 5657 στρῳ
2363 5627 2376 5649 ,
2402 5607 2419 5639 ι
2455 5588 2611 5642 τοῦτο
2635 5589 2782 5656 λέγει
2810 5593 2873 5644 ἐκ
2907 5593 3216 5661 μεταφορᾶς
3235 5591 3344 5643 τῶν
3367 5593 3425 5644 ἐν
3455 5595 3577 5654 τοῖς
3603 5589 3766 5643 τοιού-

2197 5695 2308 5740 τοις
2339 5678 2435 5748 τὴν
2475 5680 2822 5750 εὐχαριστίαν
2859 5678 3256 5734 ἀποτιννύντων
3288 5679 3366 5749 τῷ
3391 5679 3537 5748 Θεῷ.
3586 5679 3770 5731 Βούλε-
