3934 6526
145 387 252 445 ἕἔῶ

1100 374 1644 432 COMMENTARIUS
1692 373 1760 427 IN
1799 373 2141 429 HABACUCI
2181 373 2328 429 CAP.
2368 375 2426 426 ll.

3273 369 3375 423 434

140 522 232 559 ται
261 501 355 562 οὖν
393 505 566 556 είπεῖν
594 501 675 553 ὃτι
730 498 1008 568 μονονουχὶ
1030 495 1164 549 Θεοῦ
1201 497 1357 565 δίκην
1387 494 1711 564 φαντάζεται

1827 501 2022 562 partem
2049 507 2240 557 suam;
2271 500 2323 547 et
2348 493 2452 544 cibi
2486 491 2604 559 ejus
2631 491 2806 545 electi.
2848 509 2864 541 ι
2899 487 3138 558 Propriis
3166 487 3372 543 viribus

145 597 408 653 δύνασθαι
463 593 638 646 πάντα
671 588 812 642 κατά
855 589 917 640 τὸ
948 586 1137 640 δοκοῦν
1167 585 1342 655 ἐαυτῷ
1379 588 1582 638 ποιεῖν·
1623 586 1716 638 καὶ

147 690 245 759 τὴν
270 686 451 741 αἰτίαν
490 684 664 752 λέγων
688 699 703 713 ο
741 681 894 732 «Ὅτι
926 681 984 732 ἐν
1027 681 1210 740 αὐτοῖς
1241 677 1492 731 ἐλίπανεν
1526 678 1716 749 μερίδα

147 778 314 834 αὐτοῦ
339 818 354 840 .
408 777 501 829 καὶ
527 775 595 828 τά
636 770 898 844 βρώματα
941 769 1108 825 αὑτοῦ
1150 769 1401 822 ἐκλεκτά.
1434 787 1454 820 ι
1493 769 1571 839 Τῇ
1605 769 1715 840 γὰρ

149 871 388 942 ίσχύῑτῇ
422 867 598 936 οίκείᾳ
629 863 902 932 λογίζεται
926 861 1034 914 τῶν
1062 859 1507 931 κατωρθωμένων
1530 860 1591 911 τὸ
1621 859 1716 928 μέ·

145 962 304 1030 γεθος
328 1000 343 1023 ,
374 958 468 1027 ἀφ’
492 951 566 1010 ὧν
586 955 650 1027 δὴ
680 954 1042 1025 προσγέγονεν
1073 951 1224 1022 αύτῷ
1249 953 1340 1004 τὸν
1372 949 1598 1004 πλοῦτον
1620 950 1717 1002 αύ-

147 1051 307 1120 ξῆσαι
328 1049 421 1101 τὸν
452 1049 650 1101 οίκεῖον
671 1062 685 1076 ·
719 1043 877 1099 τοῦτο
900 1044 1010 1114 γὰρ
1036 1043 1184 1111 λέγει
1214 1043 1296 1109 τὸ,
1316 1059 1334 1091 ι
1358 1038 1604 1093 Ἐλίπανε
1628 1058 1716 1110 με·

149 1138 269 1209 ρίδα
294 1135 484 1190 αὐτοῦ.
509 1154 527 1186 ι
578 1133 854 1188 Ἐντεῦθεν
879 1133 958 1198 δὲ,
990 1131 1144 1202 φησι,
1170 1131 1264 1184 καὶ
1286 1131 1505 1184 πάντων
1523 1127 1587 1198 δὴ
1608 1129 1715 1180 τῶν

145 1226 384 1296 δοκίμων
422 1243 482 1278 τε
518 1224 611 1278 καὶ
648 1221 920 1276 ἐκλεκτῶν
951 1222 1049 1292 τὴν
1079 1221 1374 1275 ἀπόλαυσιν
1404 1219 1542 1288 ἔχει’
1579 1219 1715 1288 ὅπερ

147 1320 264 1372 ἐστὶ
293 1317 374 1382 τὸ,
418 1334 438 1368 ι
485 1315 595 1370 Kal.
617 1313 685 1368 τά
724 1314 988 1386 βρώματα
1036 1313 1198 1368 αὐτοῦ
1252 1310 1710 1366 ἐκλεκτά.-Διά

146 1410 303 1463 τοῦτο
327 1407 624 1479 ἀμφιϐαλεῖ
642 1407 703 1459 τὸ
722 1405 1131 1477 ἀμφίϐληστρον
1163 1404 1346 1467 αὑτοῦ,
1372 1405 1465 1456 καὶ
1488 1402 1711 1455 διαπαν-

142 1499 236 1562 τδς
265 1499 606 1553 ἀποκτείνειν
633 1497 756 1567 ἔθνη
783 1497 842 1550 οὐ
873 1497 1173 1564 φείσεται.»
1210 1494 1303 1548 Ἐκ
1329 1495 1386 1547 δὲ
1413 1487 1486 1546 ὧν
1504 1492 1716 1561 κατώρα

145 1589 291 1642 θωσε
318 1590 578 1652 πολλάκις
599 1589 816 1661 θαρῥῶν
840 1590 920 1642 ἐτι
946 1592 1010 1659 τῇ
1034 1588 1213 1658 οἰκείᾳ
1247 1586 1442 1656 χρῆται
1468 1585 1712 1652 δυνάμει,

1817 599 2000 637 rerum
2043 583 2182 637 bene
2205 589 2482 652 gestarum
2514 581 2942 651 magnitudinem
2976 579 3188 641 tribuit,
3229 577 3373 629 unde

1815 674 1892 728 illi
1921 689 2083 744 opum
2106 673 2360 728 cumulus
2389 671 2644 726 accessit.
2669 672 2762 725 Sic
2795 671 2941 725 enim
2972 669 3151 722 valent
3179 668 3370 721 verba:

1819 759 2060 815 «Partem
2084 775 2240 815 suam
2263 759 2609 814 incrassavit.
2634 778 2653 811 ι
2684 757 2841 824 Hinc,
2868 758 3062 827 inquit,
3091 759 3168 813 rei
3197 756 3376 810 omnis

1813 853 1967 906 bona:
2015 858 2069 905 et
2113 851 2299 905 electae
2342 851 2578 906 fructum
2605 857 2935 906 consecutus
2978 857 3090 913 est;
3140 862 3377 916 namque

1812 942 1886 995 ita
1914 941 2077 996 verba
2109 959 2127 992 ι
2153 941 2273 996 Cibi
2306 940 2426 1011 ejus
2447 941 2604 996 electi
2628 959 2647 992 ι
2683 937 3031 1008 intelligenda
3057 944 3204 991 sunt.
3246 955 3264 987 ι
3294 934 3378 989 ld-

1813 1033 1960 1095 circo
2014 1029 2273 1087 extendet
2323 1039 2440 1088 rete
2497 1046 2689 1095 suum,
2751 1039 2806 1086 et
2862 1027 2996 1083 caedi
3053 1026 3376 1098 p0pulorum

1814 1137 2094 1192 nunquam
2143 1130 2350 1193 parcet.
2401 1142 2419 1173 ι
2482 1121 2751 1194 Repetitis
2796 1119 3144 1176 successibus
3201 1117 3377 1172 elatus

1814 1213 2113 1282 potentiam
2155 1228 2311 1269 suam
2336 1215 2628 1278 exercebit,
2677 1212 3062 1283 perpetuisque
3100 1209 3255 1264 bellis
3293 1208 3378 1261 in-

1814 1304 2066 1372 dulgens,
2132 1304 2358 1356 multam
2413 1303 2708 1358 crudeliter
2757 1302 3093 1357 devictorum
3145 1308 3378 1368 stragem

1813 1393 1954 1447 edet.
2010 1391 2130 1446 Jam
2174 1408 2302 1448 vero
2332 1391 2614 1464 Babylonii
2661 1393 2831 1464 gestis
2878 1391 3112 1445 narratis
3150 1390 3381 1458 ejusque

1820 1500 1915 1555 per
1966 1487 2148 1539 omnia
2213 1484 2476 1540 adversus
2520 1483 2798 1539 Iudaicum
2859 1489 3115 1555 populum
3179 1482 3381 1536 scelere

1819 1585 2166 1648 exaggerato,
2197 1577 2371 1646 pergit
2403 1578 2586 1632 dicere
2615 1595 2627 1629 :

143 1684 240 1736 καὶ
298 1682 554 1750 πολέμοις
593 1681 873 1753 χρώμενος
918 1683 1214 1744 ἀπαύστοις
1237 1722 1252 1743 ,
1288 1681 1454 1733 πολὺν
1482 1676 1713 1746 ἀφειδῶς
1740 1674 1848 1727 τῶν
1881 1672 2260 1741 ἐμπιπτόντων
2295 1671 2582 1742 ἐργάζεται
2609 1672 2698 1723 τὸν
2722 1672 2879 1739 φόνον
2903 1687 2916 1701 ’
2958 1669 3193 1740 είρηκὼς
3220 1667 3276 1720 δὲ
3314 1665 3381 1720 τὰ

144 1773 303 1847 παρὰ
327 1773 423 1829 τοῦ
451 1773 788 1830 Βαϐυλωνίου
821 1776 1078 1846 γινόμενα
1095 1815 1108 1841 ,
1142 1774 1235 1826 καὶ
1261 1774 1347 1826 διὰ
1370 1774 1586 1827 πάντων
1611 1767 1771 1822 αὐτοῦ
1802 1766 1900 1818 τὴν
1927 1764 2005 1828 εἰς
2027 1763 2115 1817 τὸν
2139 1763 2264 1819 λαὸν
2297 1765 2640 1835 παρανομίαν
2671 1763 2931 1834 αὐξήσας,
2960 1762 3153 1829 ἐπάγει
3175 1760 3376 1814 λοιπόν’

797 1913 953 1965 xm.
988 1913 1069 1978 ιιι.

217 2019 372 2089 Στίχ.
404 2010 546 2074 α’-δ’.
574 2053 640 2063 --
672 2039 692 2072 ι
727 2023 850 2077 Ἐπὶ
879 2025 976 2094 τῆς
1002 2025 1245 2095 φυλακῆς
1286 2042 1387 2095 μου
1421 2027 1709 2095 στήσομαι,

147 2109 242 2161 καὶ
271 2109 602 2180 ἐπιϐήσομαι
634 2112 726 2164 ἐπὶ
747 2115 1000 2184 πέτραν.»
1041 2118 1136 2170 Ἐκ
1175 2119 1486 2188 μεταφορᾶς
1514 2117 1622 2170 τῶν
1655 2117 1712 2166 ἐν

147 2200 376 2270 πολέμῳ
405 2203 498 2254 καὶ
535 2202 815 2274 πολιορκία
841 2206 938 2277 τήν
964 2206 1054 2260 τοῦ
1087 2208 1296 2279 τείχους
1323 2209 1714 2279 διαιρουμένων

145 2291 452 2368 φυλακήν.ι
475 2293 597 2347 Ἐπὶ
609 2293 1172 2366 τῆςφυλακῆς,φησ“ιν,
1199 2299 1308 2367 ἐγὼ
1333 2301 1597 2371 στήσομαι
1618 2301 1714 2370 τῆς

144 2379 291 2448 ἐμῆς
310 2422 326 2448 ,
350 2383 465 2437 »ἵνα
480 2383 612 2455 εἴπῃ
627 2386 710 2438 ὅτι
729 2390 835 2443 Τοῦ
851 2392 976 2462 ἐμοὶ
1004 2391 1370 2460 προσήκοντος
1393 2391 1493 2444 οὐκ
1522 2393 1716 2463 ἐκστή-

145 2487 337 2542 σομαι,
372 2474 450 2543 (p.
476 2474 602 2544 565)
628 2477 763 2532 ἀλλά
787 2479 894 2550 γάρ
914 2480 1103 2551 ἕξομαι
1125 2481 1333 2544 τούτου,
1367 2483 1424 2534 ἐν
1451 2483 1717 2553 ἀσφαλείᾳ

147 2579 212 2631 γε
253 2565 486 2638 πλείστῃ
527 2568 853 2626 καθεστάναι
904 2573 1138 2643 νομίζων
1191 2577 1238 2626 εί
1283 2575 1452 2628 ταῦτα
1482 2577 1712 2646 ποιοίην.

143 2655 260 2708 Kal.
280 2657 618 2730 σαφέστερον
649 2663 814 2716 ποιῶν
845 2664 874 2716 ὃ
907 2664 1052 2732 λέγει
1079 2682 1090 2693 ·
1129 2684 1148 2716 ι
1178 2665 1288 2718 Kal.
1315 2667 1602 2719 σκοπεύσω
1622 2667 1715 2720 τοῦ

147 2747 280 2798 ἰδεῖν
307 2748 362 2800 τί
386 2748 606 2821 λαλήσει
642 2755 700 2806 ἐν
751 2755 908 2825 ἐμοὶ,
951 2757 1048 2809 καὶ
1093 2757 1145 2809 τί
1186 2757 1466 2826 ἀποκριθῶ
1496 2760 1588 2811 ἐπὶ
1626 2760 1718 2812 τὸν

142 2835 372 2907 ἐλεγχόν
399 2856 520 2908 μου.
536 2862 553 2892 ι
580 2842 834 2897 Βούλεται
862 2845 1034 2898 εἰπεῖν
1057 2847 1158 2910 ὅτι,
1182 2847 1380 2916 Ἔργον
1403 2847 1558 2918 ἡμῶν
1584 2849 1718 2918 πρὸς

139 2926 240 2978 τὸν
273 2929 412 2982 Θεὸν
441 2931 650 3003 ἀφορᾷν
673 2977 688 2998 ,
724 2934 818 2989 καὶ
861 2935 930 2988 τὰ
977 2936 1184 2990 ἐκεῖθεν
1231 2938 1489 3007 γινόμενά
1523 2955 1581 2990 τε
1630 2941 1720 2992 καὶ

138 3017 481 3090 δεικνύμενα
501 3022 770 3093 δέχεσθαι,
806 3026 1054 3080 ἐντεῦθεν
1083 3027 1191 3098 γάρ
1219 3045 1307 3097 μοι
1334 3029 1429 3081 καὶ
1453 3029 1720 3098 ἀσφάλεια

141 3107 383 3178 πλείστη
412 3111 723 3180 προσέσται.
752 3115 998 3184 Διαμενῶ
1035 3116 1235 3180 τοίνυν,
1274 3118 1436 3185 φησιν
1461 3157 1475 3181 ,
1503 3119 1722 3188 ἀφορῶν

138 3197 195 3250 τί
243 3216 379 3252 ποτε
404 3199 513 3270 ἀρα
540 3205 668 3272 περὶ
706 3203 814 3256 τῶν
850 3207 1147 3275 γινομένων
1182 3208 1537 3276 ἀποφαίνεται
1567 3209 1719 3274 Θεὸς,

139 3287 219 3352 ὠς
250 3291 323 3344 ἂν
351 3290 526 3344 ταῦτα
561 3293 746 3364 μαθὼν
779 3297 1158 3368 ἀποκρίνωμαι
1192 3299 1285 3351 καὶ
1322 3299 1483 3362 αὐτὸς
1527 3300 1592 3352 τά
1621 3301 1724 3352 δει-
1751 3275 1792 3332 C

142 3381 400 3452 κνύμενα
427 3383 505 3453 τῷ
532 3383 646 3456 λαῷ
672 3388 751 3451 είς
778 3387 999 3458 ἐλεγχόν
1031 3407 1091 3441 τε
1123 3391 1300 3444 αὐτῶν
1331 3392 1476 3461 ἑξῆς.
1517 3393 1724 3462 ’Ὠσπερ

173 3474 201 3526 ὲ
226 3475 290 3526 ἐν
315 3479 432 3535 τοῖς
460 3478 754 3549 ἀνωτέροις
772 3480 881 3534 τῶν
910 3481 968 3533 ἐν
987 3481 1065 3552 τῷ
1089 3482 1202 3552 λαῷ
1224 3485 1321 3545 τὰς
1345 3484 1725 3556 πλημμελείας

140 3563 345 3629 εἰπὼν,
375 3565 454 3628 ὡς
494 3566 554 3632 ἐξ
582 3569 973 3639 ἀποκαλύψεως
1002 3573 1255 3638 ἐγνωκὼς
1303 3573 1450 3636 θείας
1495 3575 1592 3645 τὴν
1629 3577 1723 3627 ἐπ-

140 3656 540 3728 αχθησομένην
575 3659 756 3723 αὐτοῖς
777 3660 864 3714 διά
916 3661 1023 3714 τῶν
1056 3663 1407 3718 Βαϐυλωνίων
1460 3667 1726 3735 τιμωρίαν

137 3748 339 3815 φησιν,
369 3747 515 3802 οὕτω
550 3751 826 3806 κάνταῦθα
860 3753 953 3806 τοῦ
989 3753 1324 3807 Βαϐυλωνίου
1364 3757 1460 3820 τὰς
1490 3774 1727 3828 παρανο-

142 3839 285 3907 μίας
309 3839 578 3910 είρηκὼς,
623 3841 770 3910 λέγει
803 3844 901 3913 μὲν
935 3845 1219 3914 ἀναμένειν
1261 3846 1408 3915 παρά
1453 3845 1545 3898 τοῦ
1591 3847 1724 3898 Θεοῦ

139 3929 352 3999 μαθεῖν
380 3970 396 3992 ,
440 3932 468 3984 ὃ
520 3932 568 3984 τί
618 3949 745 3986 ποτε
789 3937 1039 4006 καὶπερὶ
1087 3937 1289 3989 τούτων
1341 3939 1722 4007 ἀποφαίνεται·

136 4019 355 4086 ἐπάγει
389 4019 447 4072 δὲ
469 4020 593 4091 ἑξῆς
626 4023 724 4092 τὴν
757 4023 850 4075 ἐπὶ
872 4024 1080 4088 τούτοις
1109 4027 1447 4096 ἀποκάλυψιν
1475 4027 1619 4098 αῦτῴ
1643 4046 1729 4096 γε-

134 4115 399 4178 γονυῖαν.
428 4115 520 4170 Διό
567 4130 727 4184 φησι⁹
765 4134 784 4167 ι
815 4117 921 4170 Kal.
941 4117 1211 4188 ἀπεκρίθη
1243 4121 1377 4190 πρός
1415 4138 1482 4190 με
1505 4121 1727 4191 Κύριος,

134 4202 243 4254 καὶ
306 4197 431 4254 εἷπε
456 4221 470 4233 ·
515 4205 726 4274 Γράψον
760 4207 947 4274 ὅρασιν
993 4209 1176 4275 σαφῶς
1211 4212 1290 4273 εἰς
1327 4210 1514 4275 πυξίον
1536 4253 1553 4280 ,
1584 4213 1730 4276 ὅπως

129 4290 326 4361 διωκῃ
354 4291 384 4343 ὁ
410 4293 792 4361 ἀναγινώσκων
833 4298 990 4350 αύτά.
1027 4319 1045 4350 ι
1096 4300 1404 4369 Ἀναμένειν
1433 4301 1541 4371 γάρ
1579 4304 1730 4372 εἰρη-

129 4383 260 4444 κὼς
307 4383 502 4452 μαθεῖν
541 4385 696 4438 ἅτινα
747 4388 871 4457 περὶ⁸
901 4389 1099 4442 τούτων
1133 4391 1486 4459 ἀποφαίνεται
1514 4395 1542 4444 ό
1579 4393 1730 4455 Θεὸς,

123 4475 332 4528 ταῦτα
374 4473 441 4544 δὴ
473 4477 866 4549 ἀποκεκρίσθαι
897 4480 1034 4550 πρὸς
1064 4481 1225 4534 αὐτὸν
1260 4484 1392 4551 φησὶ
1422 4485 1510 4536 τὸν
1560 4485 1690 4537 Θεόν
1716 4503 1730 4516 ο

123 4564 418 4620 κελεῦσαι
448 4567 544 4636 μὲν
572 4568 719 4639 αύτῷ
745 4569 818 4632 ὡς
844 4571 902 4622 ἐν
927 4572 1115 4640 ὁράσει
1141 4572 1261 4642 θεία
1288 4576 1366 4637 είς
1391 4573 1578 4638 πυξίον
1602 4579 1728 4644 γρά-

120 4659 235 4725 ψαι
271 4658 350 4711 τὰ
382 4657 741 4729 δεικνύμενα,
789 4662 873 4714 ἵνα
906 4661 1129 4735 πᾶσινῇ
1170 4664 1314 4732 σαφῆ
1366 4682 1424 4717 τε
1456 4667 1548 4718 καὶ
1595 4667 1731 4736 δῆλα

120 4750 284 4821 πρὸς
319 4750 632 4817 ἀνάγνωσιν
675 4751 742 4804 τὰ
793 4754 1056 4823 εἰρημένα
1094 4771 1152 4807 τε
1209 4757 1301 4809 καὶ
1348 4760 1728 4828 γεγραμμένα.

119 4845 211 4910 (p.
233 4841 383 4910 564)
417 4842 578 4910 Λέγει
610 4843 667 4895 δὲ
687 4843 754 4896 τά
781 4847 907 4914 περὶ
929 4847 1055 4908 τοῦς
1074 4845 1443 4910 Βαϐυλωνίους
1479 4851 1730 4918 ἐσόμενα,

115 4936 292 5006 άπερ
332 4931 473 5002 ἑξῆς
521 4935 706 5004 φησίν.
735 4933 866 4989 Εἶτα
899 4939 1097 5007 ἐπάγει
1123 4955 1136 4968 ο
1190 4957 1209 4989 ι
1234 4939 1377 4992 Διότι
1419 4941 1499 4992 ἔτι
1547 4942 1735 5011 ὅρασις

112 5030 207 5090 είς
241 5024 460 5096 καιρὸν
499 5027 736 5096 μακρὸν,
770 5028 865 5080 καὶ
903 5029 1152 5082 άνατελεῖ
1173 5032 1253 5092 είς
1298 5030 1472 5100 πέρας
1516 5032 1608 5083 καὶ
1635 5032 1735 5083 οὐκ

110 5117 203 5178 εἰς
241 5113 444 5168 κενόν.
465 5131 485 5164 ι
527 5113 606 5167 Τά
630 5115 730 5185 μέν
753 5118 861 5187 γὰρ
889 5117 1174 5188 δειχθέντα
1204 5119 1264 5171 οὐ
1298 5121 1612 5190 παραυτίκα
1641 5121 1734 5173 ἐκ-

109 5209 382 5277 ϐήσεται
409 5245 424 5271 ,
461 5206 600 5259 ἀλλά
631 5208 767 5276 μετά
793 5225 916 5262 τινα
947 5210 1144 5280 χρόνον
1169 5247 1186 5273 ,
1215 5211 1273 5274 ὃς
1305 5213 1585 5282 ἀφέστηκε
1617 5212 1732 5275 νῦν,

106 5300 292 5352 ἔσται
320 5297 389 5350 δὲ
421 5297 636 5360 πάντως
666 5297 759 5351 καὶ
790 5297 1017 5368 λήψεται
1052 5299 1229 5370 πέρας
1249 5316 1261 5328 ·
1318 5302 1438 5352 ἐπεὶ
1465 5301 1598 5370 μηδὲ
1630 5303 1733 5370 μά-

102 5407 222 5459 την
255 5387 572 5448 δέδεικται,
615 5387 823 5452 ἀλλ’ὡς
855 5389 947 5441 καὶ
987 5389 1226 5454 ἐσόμενα
1265 5391 1500 5454 πάντως.
1555 5409 1572 5441 ι
1610 5391 1734 5442 Ἐὰν

104 5478 461 5550 ὑστερήσῃ,
490 5477 781 5546 ὑπόμεινον
809 5480 992 5543 αὑτὸν,
1015 5482 1101 5534 ὅτι
1127 5482 1154 5533 ὁ
1182 5481 1471 5550 ἐρχόμενος
1498 5480 1614 5550 ἥξει
1641 5485 1734 5534 καὶ

99 5575 170 5626 οὐ
212 5571 309 5643 μὴ
341 5567 596 5640 χρονίσῃ.
622 5587 642 5619 ι
684 5571 842 5622 Ὥστε
877 5574 924 5622 εί
955 5574 1048 5626 καί
1094 5589 1180 5634 τις
1209 5571 1497 5640 ὑπέρθεσις
1536 5571 1733 5634 δόξειεν

97 5665 228 5718 τῶν
266 5657 642 5731 μηνυθέντων
677 5657 949 5724 γίνεσθαι,
982 5663 1120 5724 τέως
1163 5661 1487 5729 ἀναμείνατε
1520 5661 1733 5724 πάντως

99 5755 307 5819 αὐτὰ,
368 5749 560 5820 ἐπειδὴ
607 5749 750 5821 ἅπερ
791 5751 866 5815 ὡς
899 5753 1134 5821 ἐσόμενά
1166 5771 1223 5804 τε
1271 5754 1362 5804 καὶ
1404 5754 1729 5823 έλευσόμενα

2470 1901 2620 1957 CAP.
2653 1901 2717 1956 ll.

1889 2010 2054 2066 Vens.
2088 2012 2201 2064 1-4.
2240 2031 2257 2060 ι
2301 2009 2478 2082 Super
2499 2013 2747 2067 custodia
2778 2027 2896 2067 mea
2925 2013 3101 2077 stabo,
3132 2021 3186 2066 et
3216 2027 3382 2081 supra

1819 2111 2029 2172 petram
2065 2104 2376 2158 ascendam.
2429 2124 2446 2154 ι
2488 2104 2799 2175 Metaphora
2843 2113 3058 2174 sumpta
3090 2105 3158 2157 ab
3190 2104 3258 2156 iis
3288 2105 3381 2171 qui

1818 2195 1944 2249 belli
1973 2203 2218 2264 tempore
2241 2204 2296 2249 et
2337 2196 2640 2251 obsidionis
2673 2196 3013 2250 custodiendi
3064 2193 3208 2248 muri
3236 2195 3384 2247 vices

1818 2289 1924 2345 sibi
1941 2290 2296 2345 distribuunt.
2308 2308 2326 2342 ι
2340 2291 2514 2360 Super
2531 2290 2804 2357 custodia,
2823 2290 3018 2360 inquit,
3034 2303 3152 2343 mea
3169 2289 3346 2351 stabo;
3362 2307 3379 2337 ι

1819 2395 1920 2451 pro
1949 2396 2015 2436 eo
2061 2391 2121 2435 ιιι
2164 2381 2329 2444 dicat,
2365 2381 2552 2438 Ofﬁcio
2597 2398 2718 2437 meo
2748 2397 2856 2436 non
2890 2382 3074 2446 deero,
3111 2381 3204 2436 sed
3251 2381 3382 2434 illud

1821 2473 2164 2528 observabo:
2200 2475 2400 2527 etenim
2455 2475 2612 2528 valde
2659 2482 2834 2528 tutum
2888 2489 2975 2528 me
3035 2473 3380 2534 existimabo,

1823 2563 1867 2619 si
1901 2563 1974 2616 ita
2000 2579 2085 2618 me
2134 2579 2331 2632 geram.
2380 2567 2555 2634 Atque
2603 2567 2779 2620 adlmc
2828 2567 3069 2635 apertius
3105 2565 3267 2635 238
3301 2565 3382 2616 lo-

1822 2670 2019 2724 quens,
2059 2672 2078 2704 ι
2120 2653 2185 2706 Et
2228 2657 2659 2726 contemplabor,
2690 2658 2886 2726 inquit,
2919 2666 2974 2710 ut
3018 2657 3225 2711 videam
3254 2655 3384 2724 quid

1825 2747 1878 2800 in
1909 2763 1996 2801 me
2017 2747 2293 2817 loquatur,
2334 2759 2386 2801 et
2419 2748 2550 2816 quid
2581 2747 2936 2816 respondeam
2972 2747 3036 2801 ad
3085 2747 3387 2816 correptio-

1824 2854 1946 2893 nem
1977 2854 2205 2894 meam.»
2227 2838 2414 2894 Dicere
2438 2841 2552 2894 vult
2599 2840 2758 2894 ollicii
2783 2856 2906 2895 esse
2933 2841 3105 2894 nostri
3130 2839 3195 2893 ad
3220 2838 3384 2892 Deum

1827 2932 2134 3001 respicere,
2167 2941 2220 2986 et
2260 2947 2380 3001 qua!
2425 2933 2550 2986 inde
2599 2932 2852 2984 accidunt
2897 2940 2948 2984 et
2999 2931 3385 2989 ostenduntur.

1826 3023 2102 3093 excipere.
2133 3022 2272 3078 Hinc
2300 3024 2445 3078 enim
2474 3023 2605 3078 mihi
2636 3024 2929 3093 plurimum
2972 3032 3217 3077 tutamen
3263 3025 3386 3077 erit.

1829 3113 2198 3170 Perseverabo
2235 3115 2419 3185 itaque
2464 3125 2734 3184 spectans.
2763 3115 2894 3184 quid
2933 3113 3068 3168 forte
3118 3113 3258 3168 Deus
3290 3115 3387 3166 ali-

1827 3205 2048 3274 quando
2072 3205 2138 3260 de
2170 3220 2351 3260 rerum
2380 3213 2576 3260 eventu
2630 3206 2850 3266 revelet,
2889 3217 2945 3258 ut
2995 3205 3097 3260 hoc
3153 3206 3388 3275 cognito,

1828 3297 2134 3351 renuntiem
2187 3312 2289 3366 ego
2319 3311 2536 3368 quoque
2565 3298 2764 3366 popqu
2811 3304 3025 3350 ostenta
3072 3295 3202 3348 mihi
3236 3295 3300 3347 ad
3331 3293 3392 3346 il-

1824 3389 1929 3443 lius
1975 3387 2214 3442 futuram
2251 3388 2668 3457 correptionem.
2709 3385 2862 3438 Sicut
2914 3397 3092 3439 autem
3143 3385 3197 3438 in
3235 3401 3395 3451 supe~

1826 3479 2086 3542 rioribus,
2124 3487 2413 3549 postquam
2447 3479 2632 3549 populi
2695 3485 2917 3548 peccata
2951 3477 3219 3536 recitavit,
3275 3485 3396 3529 tan-

1826 3585 1987 3639 quam
2051 3569 2233 3623 divina
2267 3569 2601 3624 revelatione
2655 3570 2977 3631 illustratus,
3013 3567 3393 3636 imponendam

1827 3661 2010 3731 populi
2046 3675 2263 3730 pmnam
2295 3661 2429 3714 dixit
2457 3678 2470 3714 :
2504 3663 2574 3714 ita
2607 3662 2767 3712 etiam
2801 3660 2902 3713 hoc
2925 3660 3064 3722 loco,
3097 3658 3259 3713 dictis
3296 3657 3396 3709 [la-

1829 3753 2032 3825 bylonii
2059 3753 2376 3816 sceleribus,
2409 3753 2485 3806 ait
2516 3767 2574 3808 se
2595 3761 2911 3821 exspectare
2940 3767 2967 3805 a
3003 3750 3110 3805 Deo
3137 3738 3394 3803 monitiow

1829 3859 1974 3906 nem,
2003 3843 2132 3912 quid
2171 3843 2471 3912 aliquando
2511 3842 2578 3896 de
2628 3843 2711 3895 bis
2770 3856 2987 3910 quoque
3023 3839 3395 3909 patefacturus

1830 3937 1920 3989 sit.
1957 3934 2077 3986 Mox
2103 3935 2273 3995 addit,
2306 3950 2467 4002 quam
2497 3949 2661 4002 super
2697 3934 2778 3987 his
2803 3941 3088 4001 acceperat
3113 3933 3396 3985 revelatio-

1831 4042 1974 4080 nem.
2010 4025 2219 4079 Idcirco
2268 4027 2388 4078 ait:
2434 4044 2451 4075 ι
2498 4025 2560 4076 Ει
2611 4023 2894 4092 respondit
2945 4023 3074 4075 mihi
3131 4021 3395 4075 Dominus

1830 4118 2113 4186 dixitque:
2154 4117 2344 4170 Scribe
2392 4115 2681 4170 manifeste
2715 4116 2825 4168 visa
2864 4117 2913 4166 in
2971 4116 3135 4180 buxo,
3167 4122 3225 4167 ut
3273 4130 3395 4182 per-

1831 4215 2092 4278 sequatur
2122 4207 2213 4277 qui
2247 4207 2372 4277 legit
2405 4222 2487 4261 ea.
2526 4226 2543 4257 ι
2570 4205 2860 4276 Postquam
2899 4206 3035 4259 dixit
3081 4213 3397 4275 exspectare

1831 4314 1890 4354 se
1915 4314 1944 4351 a
2002 4297 2112 4353 Deo
2145 4298 2374 4360 moneri,
2422 4297 2579 4366 quale
2612 4298 2678 4350 de
2714 4298 2799 4352 bis
2832 4297 3110 4348 oraculum
3173 4296 3394 4359 reddat;

1833 4383 1948 4438 haec
1977 4385 2079 4438 sibi
2124 4399 2154 4436 a
2196 4384 2304 4437 Deo
2349 4399 2609 4454 reSponsa
2661 4385 2792 4438 dicit
2825 4385 3101 4440 :Jussisse
3148 4386 3391 4440 videlicet

1835 4483 2093 4543 tanquam
2143 4491 2208 4530 ex
2262 4475 2447 4529 divina
2478 4475 2687 4528 visione
2734 4477 2786 4528 in
2836 4477 2977 4529 buxo
3009 4477 3246 4531 scribere
3273 4494 3392 4547 qua:

1835 4574 2058 4620 ostensa
2108 4566 2346 4630 fuerant,
2382 4575 2441 4620 ut
2493 4567 2748 4622 omnibus
2797 4570 3080 4637 perspicua
3118 4569 3307 4622 fierent
3335 4584 3396 4622 ac

1838 4661 2074 4729 patentia
2131 4658 2436 4727 legentibus
2487 4675 2605 4728 qua:
2656 4661 2798 4713 dicta
2852 4670 3006 4712 erant
3048 4669 3101 4714 et
3156 4661 3398 4728 scripta;

1831 4767 2025 4820 nempe
2051 4766 2112 4806 ea
2140 4768 2262 4820 qua:
2290 4767 2318 4804 a
2352 4751 2664 4822 Babyloniis
2700 4763 2959 4806 eventura
2987 4762 3163 4818 erant,
3204 4763 3315 4808 et-a
3343 4769 3398 4806 se

1833 4843 2060 4898 inferius
2085 4843 2331 4898 dicenda.
2368 4843 2504 4896 'l‘um
2529 4845 2678 4897 addit
2716 4864 2726 4897 :
2760 4864 2775 4893 ι
2815 4845 2950 4910 Quia
2975 4846 3149 4897 adhuc
3180 4846 3314 4898 visio
3348 4846 3398 4896 in

1833 4934 2050 5002 longum
2083 4943 2316 5002 tempus,
2340 4941 2393 4988 et
2434 4934 2642 4987 orietur
2669 4935 2721 4986 in
2756 4935 2937 4989 finem.
2971 4942 3022 4986 et
3058 4949 3164 4986 non
3214 4935 3266 4985 in
3307 4948 3399 4984 va-

1831 5039 2016 5078 cuum.
2071 5044 2088 5074 »
2132 5023 2345 5078 Etenim
2396 5040 2515 5093 qua:
2566 5033 2786 5078 ostensa
2835 5032 2998 5085 sunt,
3032 5026 3174 5076 haud
3215 5024 3397 5077 statim

1833 5119 2036 5171 exitum
2090 5116 2388 5178 habebunt,
2421 5116 2514 5169 sed
2555 5125 2674 5184 post
2720 5117 2934 5184 aliquod
2989 5126 3223 5184 tempus,
3255 5115 3398 5183 quod

1835 5223 1979 5262 nunc
2006 5207 2200 5271 abest,
2235 5208 2328 5261 sed
2379 5217 2558 5260 tamen
2600 5207 2822 5259 omnino
2851 5208 2984 5268 erit,
3020 5223 3081 5258 ac
3115 5209 3274 5259 linem
3312 5221 3401 5258 ac-

1835 5298 2000 5366 cipiet
2037 5311 2186 5350 :non
2234 5297 2377 5351 enim
2416 5297 2529 5349 haec
2584 5297 2785 5350 frustra
2840 5298 3072 5349 revelata
3116 5305 3262 5356 sunt,
3305 5297 3398 5351 sed

1837 5401 2062 5454 prorsus
2096 5394 2154 5439 ut
2180 5397 2458 5440 eventura.
2508 5406 2525 5438 ι
2563 5385 2619 5439 Si
2657 5401 2862 5440 moram
2909 5387 3117 5443 fecerit.
3146 5396 3396 5454 exspecta

1845 5480 2016 5543 illum,
2058 5479 2184 5548 quia
2215 5481 2435 5534 veniens
2462 5481 2659 5541 veniet,
2683 5491 2736 5532 et
2763 5495 2869 5532 non
2899 5479 3155 5530 tardabit.
3186 5498 3201 5527 ι
3227 5479 3403 5543 Quare

1842 5573 2052 5625 etiamsi
2108 5573 2297 5624 dilatio
2344 5571 2480 5625 forte
2514 5573 2692 5639 aliqua
2739 5586 2926 5624 eorum
2975 5587 3092 5638 qua:
3147 5571 3402 5638 praedicta

1843 5671 1988 5722 sunt,
2013 5663 2126 5715 fieri
2158 5663 2448 5727 videbitur,
2466 5671 2780 5716 constanter
2812 5663 3024 5715 interim
3057 5668 3398 5728 exspectato;

1843 5750 2107 5819 siquidem
2163 5767 2288 5820 qua;
2318 5751 2497 5805 futura
2546 5761 2920 5820 eventuraque
2970 5749 3222 5820 praedicta
3257 5763 3401 5812 suut,
