3934 6538
529 375 637 432 655

1677 374 2022 431 THEODORI
2062 373 2547 431 MOPSUESTENI

3636 374 3725 431 ιιι

532 509 617 556 ea,
658 491 900 559 inquam,
926 488 1177 543 evenient
1221 487 1460 557 fientque
1519 503 1769 556 prorsus,
1800 506 1978 560 neque
2036 490 2126 548 in.

2229 490 2501 561 ιεμήνυται
2522 529 2536 551 ,
2565 486 2734 541 ταῦτα
2759 488 2822 559 δὴ
2856 486 2973 558 ἥξει
3004 505 3062 539 τε
3094 486 3187 540 καὶ
3216 485 3496 556 γενήσεται
3521 487 3722 556 πάντως,

534 589 849 652 perpetuam
910 578 1226 633 dilationem
1269 579 1568 633 incurrent.
1614 599 1632 631 ι
1688 580 1745 633 Si
1780 595 1839 634 se
1891 580 2106 634 subtra-

533 672 697 731 xerit,
732 685 839 721 non
888 668 1025 722 bene
1060 668 1297 736 placebit
1347 668 1541 721 anima:
1575 683 1706 722 mea!
1747 668 1911 739 239
1943 685 2107 739 super

533 775 657 813 eum
690 777 705 824 ;
739 759 923 824 justus
955 769 1134 811 autem
1157 774 1222 812 ex
1254 759 1358 812 fide
1387 774 1504 812 mea
1535 759 1688 811 vivit.
1730 777 1748 809 ι
1793 760 1847 812 Si
1880 760 2004 829 quis
2039 760 2106 812 ad

540 849 700 903 tidem
753 849 951 902 futuris
978 850 1140 903 rebus
1171 848 1405 918 praedam
1455 848 1741 917 torpuerit,
1796 859 1844 902 et
1880 850 2107 919 ancipiti

544 940 728 992 animo
757 940 881 1003 erit,
916 940 1002 992 hic
1050 939 1178 992 mihi
1220 940 1373 993 valde
1402 947 1484 993 est
1537 939 1747 993 invisus
1783 957 1794 990 :
1828 954 1928 1008 ego
1962 941 2107 994 enim

538 1031 749 1100 justum
778 1031 927 1085 illum
961 1047 1083 1086 esse
1130 1030 1350 1092 definio,
1384 1032 1476 1102 qui
1501 1033 1955 1101 promissionibus
1984 1049 2107 1101 cre-

542 1124 643 1189 dit,
666 1132 721 1177 et
748 1124 1033 1178 utilitatem
1061 1140 1127 1177 ex
1155 1125 1239 1179 eis
1267 1125 1432 1193 capit.

613 1298 783 1355 Vens.
816 1301 870 1363 5,
902 1302 954 1355 6.
986 1330 1053 1339 --
1085 1301 1180 1357 His
1212 1304 1356 1357 circa
1398 1304 1781 1359 revelationem
1827 1305 2008 1368 dictis,
2036 1314 2111 1359 at-

539 1408 650 1464 que
672 1393 740 1447 ad
764 1392 1097 1447 credendum
1144 1394 1379 1449 ostensis
1429 1396 1697 1460 hortatus,
1738 1397 1991 1466 deinceps
2040 1398 2114 1452 vi-

543 1488 753 1539 sionem
791 1485 1048 1539 evolvens
1078 1485 1153 1537 ait
1196 1503 1209 1539 :
1253 1504 1271 1535 ς
1317 1485 1406 1538 Vir
1437 1496 1617 1542 autem
1658 1489 2113 1557 praesumptiosus

542 1586 597 1630 et
627 1586 969 1645 contemptor
1024 1584 1186 1643 atque
1228 1579 1497 1646 superbus
1546 1579 1679 1631 nihil
1746 1580 2001 1644 perducet
2046 1580 2111 1632 ad

547 1668 726 1720 linem.
768 1686 785 1717 ι
826 1667 1004 1721 Probe
1042 1683 1172 1736 ergo
1227 1671 1541 1737 cognoscite
1594 1671 1737 1723 hunc
1762 1670 1967 1724 hostem
2021 1686 2113 1723 ve-

544 1765 749 1822 strum,
772 1756 1126 1828 Babylonium
1168 1758 1483 1829 designans,
1516 1760 1803 1813 immodica
1860 1776 2114 1830 arrogan-

2207 582 2266 632 οὐ
2306 580 2411 650 μὴν
2439 580 2517 642 είς
2548 572 3456 646 ύπέρθεσινὲμπεσεῖταιπαντσλῆ.‹
3483 577 3598 631 Ἐὰν
3618 581 3723 634 ὑπο.

2210 673 2479 742 στείληται
2500 711 2515 734 ,
2556 672 2657 724 οὐκ
2692 670 2900 723 εὐδοκεῖ
2940 671 2971 739 ἡ
3006 668 3152 737 ψυχή
3188 684 3290 737 μου
3326 668 3411 719 ἐπ’
3436 668 3602 739 αὐτῷ·
3632 658 3743 726 ὁδὶ

2206 763 2408 824 δίκαιος
2462 762 2525 813 ἐκ
2574 759 2805 823 πίστεώς
2856 777 2954 830 μου
2979 758 3433 831 ζήσεται.»Ὧστε
3474 759 3520 810 εἰ
3555 760 3636 811 καί
3661 779 3726 825 τις

2209 854 2454 922 ὀκνήσειέ
2490 853 2617 923 περὶ
2644 852 2742 921 τὴν
2777 853 2957 902 πίστιν
2998 850 3105 902 τῶν
3136 847 3407 918 ἐσομένων
3431 887 3446 909 ,
3476 850 3564 901 καὶ
3590 851 3727 920 ἀμφι-

2209 940 2414 993 ϐάλλων
2450 941 2497 991 εί
2530 941 2817 1008 γενήσεται
2844 937 3089 1001 πάντως,
3120 935 3323 1005 σφόδρα
3355 952 3442 1002 μοι
3469 934 3550 988 διὰ
3575 937 3729 1005 μίσους

2208 1033 2355 1085 ἐστὶν
2378 1033 2405 1084 6
2432 1031 2669 1093 τοιοῦτος
2690 1046 2704 1059 ο
2742 1028 2928 1099 ἐπειδὴ
2970 1028 3175 1080 δίκαιον
3203 1026 3383 1095 ἔγωγε
3414 1024 3644 1095 ὁρίζομαι
3661 1028 3735 1079 τὸν

2211 1120 2532 1174 πιστεύοντά
2555 1136 2616 1171 τε
2650 1120 2759 1180 τοῖς
2784 1116 3207 1188 ἐπηγγελμένοις
3231 1156 3245 1179 ,
3277 1115 3366 1167 καὶ
3393 1114 3487 1183 τὴν
3512 1113 3567 1177 ἐξ
3587 1115 3731 1167 αὐτῶν

2213 1211 2567 1282 κομιζόμενον
2592 1209 2878 1278 ὠφέλειαν.

2282 1303 2429 1372 Στίχ.
2470 1308 2530 1364 ε’,
2561 1307 2633 1365 ς’.
2673 1330 2744 1340 —
2776 1300 2960 1353 Ταῦτα
2991 1300 3117 1370 περὶ
3150 1297 3251 1367 τῆς
3281 1295 3650 1364 ἀποκαλύψεως
3675 1299 3737 1349 εί-

2216 1392 2419 1465 ρηκὼς,
2463 1394 2559 1445 καὶ
2584 1392 3026 1463 προτρεψάμενος
3058 1389 3335 1442 πιστεύειν
3364 1389 3473 1449 τοῖς
3499 1387 3735 1457 δεικνυμὲ-

2214 1502 2343 1547 νοις,
2388 1484 2573 1536 λοιπὸν
2607 1484 2827 1551 ἐπάγων
2873 1482 2940 1535 τά
2982 1481 3078 1551 τῆς
3128 1480 3366 1551 ὁράσεως
3409 1477 3545 1530 οὕτω
3575 1478 3731 1544 φησίν·

2218 1594 2236 1624 ι
2287 1575 2343 1626 ’0
2374 1574 2429 1627 δὲ
2461 1574 2805 1642 κατοιόμενος
2837 1574 2932 1625 καὶ
2954 1570 3363 1641 καταφρονητὴς
3395 1569 3531 1639 ἀνὴρ
3562 1567 3737 1630 ἀλαζὼν

2213 1664 2367 1716 οὐθὲν
2413 1664 2473 1716 ού
2506 1664 2579 1734 μὴ
2628 1664 2855 1735 περάνῃ.
2896 1682 2913 1713 ι
2947 1657 3020 1714 Εὖ
3057 1661 3167 1713 ῐστε
3195 1660 3394 1721 τοίνυν,
3436 1659 3607 1727 φησὶν,
3642 1675 3737 1710 του·

2212 1755 2326 1807 τονὶ
2351 1755 2439 1808 τὸν
2469 1755 2721 1823 πολέμιον
2746 1755 2837 1807 τὸν
2868 1753 3131 1823 ὑμέτερον
3153 1770 3166 1783 ο
3200 1752 3346 1819 λέγει
3392 1751 3451 1802 δὲ
3482 1750 3568 1801 τὸν
3595 1748 3737 1805 Βαδυ·

544 1848 619 1899 tia
649 1848 874 1907 elatum,
910 1848 1217 1917 divinaeque
1247 1848 1520 1915 patientiae
1564 1855 2017 1916 contemptorem,
2060 1857 2112 1902 et

2229 1844 2426 1907 κώνιον,
2463 1844 2538 1915 (p.
2574 1845 2699 1914 565)
2740 1845 2830 1897 τὸν
2862 1844 3085 1914 ἀμέτρῳ
3129 1842 3209 1913 τῷ
3245 1844 3471 1913 οίήματι
3508 1842 3737 1911 κεχρημέ-

544 1936 773 1990 aliorum
814 1938 1210 1991 calamitatibus
1242 1937 1623 1999 exsultantem,
1664 1937 1832 1999 hunc,
1868 1936 2110 2003 inquam,

544 2026 934 2081 dominationis
970 2042 1085 2081 suae
1123 2027 1396 2097 negotium
1443 2026 1585 2080 felici
1620 2027 1769 2081 exitu
1820 2042 1929 2079 non
1984 2042 2115 2079 con—

545 2120 849 2181 ciusurum,
877 2119 968 2172 sed
1001 2119 1299 2173 terribilem
1332 2118 1621 2186 quamdam
1655 2132 1681 2169 a
1716 2116 1898 2170 divina
1924 2118 2105 2172 vindi-

546 2217 631 2260 «δικ
662 2209 1074 2264 conversionem
1105 2217 1478 2278 experturum.
1513 2227 1529 2257 ι
1554 2206 1653 2273 Qui
1691 2208 1937 2261 dilatavit
1971 2209 2115 2262 sicut

548 2298 797 2354 infernus
846 2300 1082 2353 animam
1134 2314 1313 2364 suam,
1344 2307 1397 2354 et
1423 2302 1615 2353 mortis
1647 2300 1824 2353 instar
1849 2310 1933 2354 est
1970 2300 2112 2354 insa-

547 2390 795 2453 tiabilis;
827 2390 921 2459 qui
961 2390 1225 2444 adunabit
1273 2389 1379 2444 sibi
1440 2405 1629 2444 omnes
1661 2399 1869 2460 gentes,
1901 2400 1953 2443 et
1982 2407 2116 2443 cun-

548 2485 669 2532 ctos
698 2478 925 2547 populos
973 2478 1036 2531 ad
1076 2494 1134 2532 se
1170 2479 1416 2547 recipiet.
1463 2498 1480 2529 ι
1516 2477 1616 2543 Qui
1665 2479 1819 2547 quasi
1871 2478 2117 2532 infernus

551 2587 579 2619 ιι
606 2576 812 2623 Iversus
851 2585 1039 2623 omnes
1070 2570 1176 2622 vim
1210 2584 1363 2624 suam
1403 2571 1678 2631 extendit,
1714 2570 1914 2637 passim
1949 2570 2118 2622 inter-

551 2660 739 2712 ficiens
758 2700 771 2723 ,
797 2668 850 2712 et
897 2662 1091 2713 mortis
1124 2661 1366 2714 imitator
1391 2662 1592 2713 nullam
1625 2662 1930 2715 occisorqu
1956 2662 2120 2715 satie-

552 2760 720 2804 tatem
753 2753 917 2819 cepit,
950 2752 1234 2819 captivans
1283 2752 1568 2818 plurimos,
1598 2759 1652 2805 et
1693 2752 1894 2821 ubique
1930 2769 2119 2807 omnes

549 2840 655 2893 sub
710 2855 864 2891 suam
921 2847 1243 2908 potestatem
1284 2841 1555 2910 redigens,
1582 2842 1669 2896 hic
1713 2841 2117 2897 formidabilem

551 2931 840 2999 quamdam
886 2932 983 2984 abs
1022 2930 1204 2983 divina
1264 2931 1344 2983 ira
1402 2934 1811 2986 subversionem
1864 2935 2117 3002 patietur.

558 3042 576 3073 ι
611 3022 800 3076 Nonne
830 3024 945 3076 haec
989 3024 1174 3077 omnia
1212 3024 1520 3089 parabolam
1571 3023 1836 3079 adversus
1865 3040 1989 3078 eum
2030 3042 2122 3078 su-

551 3122 722 3177 ment,
756 3123 809 3167 et
851 3116 1123 3183 problema
1156 3115 1222 3168 de
1255 3116 1371 3182 ipso
1415 3116 1721 3169 narrabunt
1748 3116 2084 3185 ?dicentque
2106 3137 2124 3169 :-

2221 1953 2310 1989 νον
2348 1935 2442 1988 καὶ
2479 1936 2918 2007 καταφρονοῦντα
2949 1935 3050 2003 τῆς
3095 1933 3443 1997 ἀνεξικακίας
3480 1932 3571 2001 τῆς
3607 1931 3737 1994 θείας,

2220 2028 2314 2081 καὶ
2342 2029 2399 2080 έν
2424 2030 2543 2090 ταῖς
2572 2028 2770 2096 ἐτέρων
2796 2024 3253 2096 ἀλαζονευόμενον
3285 2024 3649 2096 δυσπραγίαις,
3666 2023 3742 2076 οὐκ

2221 2121 2299 2181 είς
2333 2118 2505 2189 πέρας
2557 2117 2653 2188 μὲν
2698 2113 2789 2171 οὖν
2827 2116 2896 2171 τά
2941 2117 3033 2170 ἐπὶ
3081 2117 3179 2186 τῆς
3214 2115 3404 2168 ἑαυτοῦ
3453 2114 3739 2176 δυναστείας,

2221 2209 2457 2278 φοϐερὰν
2498 2209 2555 2262 δέ
2589 2226 2710 2262 τινα
2752 2211 2819 2279 τῇ
2862 2209 3153 2279 ἀπειλῇτῇ
3193 2206 3311 2277 θείᾳ
3348 2207 3450 2277 τὴν
3492 2204 3745 2275 μεταϐολὴν

2223 2299 2614 2369 ύπομενοῦντα.
2669 2318 2688 2351 ι
2754 2301 2849 2363 Ὃς
2898 2298 3163 2353 ὲπλάτυνε
3216 2297 3397 2360 καθὼς
3434 2299 3463 2350 6
3511 2296 3629 2367 ᾅδης
3670 2295 3745 2364 τὴν

2220 2390 2397 2461 ψυχὴν
2427 2389 2611 2454 αὑτοῦ,
2644 2391 2738 2443 καὶ
2779 2390 2939 2453 αὐτὸς
2967 2389 3043 2452 ὼς
3070 2390 3295 2451 θάνατος
3320 2388 3422 2441 οὐκ
3470 2385 3743 2457 ἔμπιμπλά·

2227 2497 2386 2550 μενος
2407 2496 2421 2511 ’
2468 2480 2563 2533 καὶ
2610 2478 2922 2544 ἐπισυνάξει
2952 2479 3087 2549 πρὸς
3120 2478 3281 2530 αὐτὸν
3332 2476 3508 2529 πάντα
3543 2475 3605 2526 τὰ
3628 2474 3742 2544 ἔθνη.

2226 2572 2317 2624 καὶ
2354 2569 2625 2635 ἐκδέξεται
2671 2572 2808 2641 πρὸς
2848 2570 3009 2623 αὐτὸν
3042 2571 3247 2633 πάντας
3273 2570 3400 2632 τοὺς
3443 2568 3611 2630 λαούς.
3645 2585 3661 2618 ι
3703 2568 3746 2618 '0

2226 2662 2330 2733 γὰρ
2364 2661 2515 2732 δίκην
2546 2661 2672 2731 ᾅδου
2705 2660 2846 2714 κατά
2894 2662 3111 2715 πάντων
3157 2659 3404 2722 ἐκτείνας
3440 2659 3637 2723 ἑαυτὸν,
3676 2656 3746 2709 καὶ

2228 2758 2431 2819 πάντας
2468 2756 2564 2826 μὲν
2598 2755 2857 2827 ἀναιρῶν,
2900 2754 3039 2807 κατά
3071 2754 3303 2824 μίμησιν
3342 2753 3402 2806 δὲ
3446 2752 3655 2805 θανάτου
3676 2749 3745 2801 κός

2231 2864 2322 2918 ρον
2367 2847 2476 2899 τῶν
2532 2846 2936 2917 ἀναιρουμένων
2985 2847 3082 2898 οὐκ
3132 2845 3287 2913 ἔχων,
3337 2841 3668 2913 χειρούμενός
3703 2856 3747 2890 τε

2229 2939 2528 3001 πλείστους,
2552 2940 2647 2990 καὶ
2672 2939 2795 3001 τοὺς
2817 2937 3149 3007 πανταχόθεν
3175 2936 3278 2989 ὑπὸ
3298 2935 3398 3005 τὴν
3422 2934 3616 2987 οἰκείαν
3632 2933 3749 2999 ἄγων

2231 3030 2493 3095 ἐξουσίαν,
2526 3029 2760 3098 φοϐεράν
2790 3045 2911 3081 τινα
2932 3029 3033 3098 τὴν
3060 3027 3361 3096 μεταϐολὴν
3384 3024 3473 3078 διὰ
3500 3024 3594 3093 τῆς
3616 3020 3749 3092 ὀργῆς

2230 3123 2487 3191 ὑπομενεῖ
2508 3123 2605 3190 τῆς
2637 3121 2803 3184 θείας.
2843 3140 2862 3173 ι
2904 3122 3037 3191 Οὐχὶ
3064 3120 3238 3173 ταῦτα
3273 3117 3453 3169 πάντα
3485 3111 3750 3184 παραῶλὴν

554 3204 648 3258 Va:
672 3205 768 3275 qui
797 3206 900 3258 sibi
928 3222 1035 3258 non
1073 3221 1172 3260 sua
1205 3208 1528 3274 multiplicat
1556 3208 1568 3259 !
1605 3208 1899 3276 Quousque
1927 3183 2126 3262 collare

2230 3183 2351 3265 κατς
2371 3212 2531 3265 αὑτοῦ
2561 3183 2837 3283 λήψονται,
2878 3183 3291 3283 καιπρὸϐλημα
3320 3209 3401 3270 εἰς
3432 3183 3660 3277 διήγησιν
3680 3203 3751 3253 αὐ-

558 3314 717 3351 suum
777 3298 1089 3365 aggnavabit
1146 3298 1550 3351 vehementer?
1605 3319 1622 3349 ι
1691 3300 1887 3352 Cuncti
1947 3310 2129 3369 postea

557 3394 828 3456 quotquot
852 3387 1052 3454 ubique
1088 3396 1253 3449 sunt,
1290 3402 1468 3441 rerum
1517 3390 1641 3454 ejus
1674 3388 2030 3443 conversione
2062 3398 2137 3441 at—

557 3478 717 3531 toniti
746 3518 759 3541 ,
794 3485 1050 3546 tanquam
1093 3479 1146 3531 in
1200 3478 1472 3546 parabola,
1507 3478 1687 3532 dicent
1736 3496 1749 3531 ;
1800 3478 2134 3534 Miserrimus

562 3570 653 3622 ille
679 3570 921 3621 omnium
950 3571 1040 3637 qui
1076 3569 1266 3622 alienae
1306 3570 1379 3623 rei
1410 3570 1596 3637 rapina
1629 3584 1759 3624 suas
1791 3586 1921 3639 opes
1952 3581 2130 3640 auget,

563 3658 654 3726 qui
688 3660 869 3729 gravis
898 3658 1134 3713 subditis
1174 3659 1232 3711 fit
1257 3659 1326 3712 ob
1357 3674 1470 3712 sua:
1510 3660 1770 3714 saevitatis
1799 3661 2011 3727 pondus
2044 3679 2055 3713 :
2082 3661 2134 3713 id

562 3749 706 3801 enim
753 3749 1023 3818 significat
1062 3749 1265 3807 dictio.
1309 3749 1506 3802 collare
1561 3766 1713 3801 suum
1766 3751 1993 3819 graviter
2041 3769 2133 3821 ag-

563 3856 807 3908 gravans.
849 3839 1099 3894 Profecto
1142 3840 1282 3891 haud
1337 3841 1534 3908 poterit
1589 3840 1653 3892 ad
1715 3851 2015 3895 extremum
2044 3860 2135 3895 us-

563 3947 669 3999 que
724 3932 835 3983 ἥατο
890 3946 1100 4000 agere:
1141 3946 1375 3999 namque
1426 3931 1476 3984 id
1531 3930 1819 3984 denotatur
1871 3934 2135 3986 vocabulo

562 4039 865 4091 quousque,
942 4025 1089 4095 quod
1154 4024 1208 4078 iu
1269 4028 1447 4082 medio
1536 4021 1701 4092 240
1749 4024 2015 4091 positum.
2068 4024 2133 4077 ad

564 4114 744 4166 omnia
776 4112 1009 4165 refertur
1044 4132 1056 4166 :
1082 4112 1238 4180 quasi
1261 4111 1476 4166 dicatur
1508 4129 1521 4163 :
1552 4110 1703 4163 Haud
1735 4110 1788 4162 in
1819 4121 2134 4181 perpetuum

564 4206 669 4259 hoc
704 4212 847 4259 Statu
877 4205 1019 4266 erit,
1054 4203 1150 4257 sed
1184 4203 1596 4258 conversionem
1650 4218 1735 4256 res
1788 4203 1906 4270 ejus
1936 4205 2140 4270 patien-

564 4304 677 4357 tur,
710 4303 927 4364 propter
958 4293 1302 4363 inﬂigendam
1343 4295 1444 4363 ipsi
1475 4309 1504 4344 a
1540 4292 1649 4345 Deo
1694 4310 1932 4361 pmnam.

2227 3305 2355 3367 τοῦς
2397 3305 2491 3357 καὶ
2526 3303 2759 3374 ἐροῦσιν,
2805 3305 2941 3356 Οὐαὶ
2978 3306 3007 3356 6
3045 3302 3332 3372 πληθύνων
3378 3297 3554 3366 ἑαυτῷ
3586 3295 3645 3347 τὰ
3676 3292 3751 3344 οὐκ

2228 3394 2357 3446 ὄντα
2393 3392 2557 3445 αὑτοῦ
2582 3391 2714 3456 Σὲως
2740 3393 2880 3455 τίνος
2910 3393 3004 3445 καὶ
3037 3391 3284 3461 βαρύνων
3310 3389 3403 3441 τὸν
3430 3386 3599 3440 κλοιὸν
3624 3378 3750 3436 αὑτοῦ

2233 3483 2543 3554 στιϐαρῶςε
2575 3502 2593 3535 ι
2654 3484 2926 3544 ’Ἅπαντες
2966 3481 3030 3550 δὴ
3079 3479 3263 3532 λοιπὸν
3298 3480 3345 3531 οἱ
3388 3472 3649 3544 πανταχοῦ
3678 3470 3752 3539 τὴν

2234 3577 2353 3627 κατ’
2395 3575 2554 3626 αὑτὸν
2595 3574 2893 3644 μεταϐολὴν
2941 3573 3362 3643 ἐκπληττόμενοι
3416 3568 3491 3630 ὡς
3526 3569 3580 3618 ὲν
3612 3580 3753 3632 παρα-

2230 3666 2384 3736 ϐολῇ,
2425 3667 2626 3729 πάντες
2677 3664 2893 3735 ἐροῦσιν
2917 3680 2931 3693 '
2988 3662 3379 3723 Ἐλεεινότατος
3420 3658 3485 3729 δὴ
3518 3652 3754 3709 πάντωνὸ

2230 3758 2297 3812 τά
2354 3758 2557 3829 ἐτέρων
2616 3756 3033 3828 ἀφαιρούμενος,
3090 3756 3183 3807 καὶ
3229 3752 3319 3805 τὸν
3368 3753 3565 3803 οἰκεῖον
3614 3744 3754 3809 αὔξων

2233 3849 2481 3912 πλοῦτον,
2527 3851 2555 3901 6
2598 3849 2767 3918 βαρὺς
2808 3851 2919 3910 τοῖς
2947 3846 3205 3911 ὑπηκόοις
3241 3844 3327 3897 διὰ
3371 3842 3471 3912 τὴν
3501 3833 3755 3907 ὑπερϐολὴν

2232 3942 2327 4010 τῆς
2369 3940 2679 4009 ὠμότητος·
2724 3940 2879 3991 τοῦτο
2910 3938 3017 4009 γὰρ
3040 3938 3187 4005 λέγει
3243 3935 3324 3996 τὸ,
3365 3953 3383 3985 ι
3429 3930 3658 4003 βαρύνων
3690 3924 3757 3977 τὶν

2238 4029 2415 4080 κλοιὸν
2448 4027 2614 4081 αὐτοῦ
2662 4027 2963 4098 στιϐαρῶς
3006 4046 3024 4079 ›
3075 4027 3136 4079 οὐ
3181 4025 3291 4094 γάρ
3328 4024 3411 4085 εἰς
3443 4020 3506 4073 τὸ
3546 4011 3757 4072 mnsit;

2238 4120 2525 4187 δυνήσεται
2574 4119 2643 4172 τὰ
2678 4119 2902 4172 τοιαῦτα
2950 4120 3157 4170 ποιεῖν·
3207 4115 3368 4168 τοῦτο
3413 4112 3523 4181 γὰρ
3551 4109 3679 4175 λέγει
3698 4100 3759 4161 τὸ,

2244 4227 2262 4259 ι
2303 4209 2406 4272 ἕως
2432 4210 2595 4273 τίνος.
2630 4214 2683 4266 »ὃ
2718 4209 2807 4262 διὰ
2861 4209 3026 4279 μέσου
3076 4207 3349 4278 κείμενον,
3388 4206 3466 4275 (p.
3504 4199 3619 4268 566)
3656 4192 3761 4264 πρὸς

2239 4300 2459 4355 ἅπαντα
2490 4302 2825 4361 ἀποδέδοται,
2858 4302 2943 4353 ἵνα
2975 4300 3124 4371 εἴπῃ,
3151 4301 3232 4352 ὅτι
3260 4294 3375 4348 Ούκ
3401 4296 3481 4357 εἰς
3509 4292 3569 4347 τὸ
3606 4300 3760 4341 παντεο

564 4383 654 4445 λὲς
688 4385 972 4452 γενήσεται
1020 4382 1280 4445 τοιοῦτος,
1336 4383 1633 4451 μεταϐολὴν
1678 4383 1784 4434 τῶν
1833 4386 1950 4435 κατ’
1987 4385 2148 4438 αὑτὸν
2177 4387 2497 4461 δεξομένων,
2529 4392 2617 4445 διὰ
2651 4393 2749 4464 τὴν
2782 4391 3125 4461 ἐπαγομένην
3167 4385 3314 4457 αὐτῷ
3355 4384 3507 4455 παρά
3544 4382 3629 4434 τοῦ
3659 4374 3760 4430 Θεοῦ

566 4476 859 4545 τιμωρίαν.

644 4562 809 4616 Vens.
853 4563 1004 4615 7—10.
1040 4552 1107 4599 -—'
1134 4561 1337 4615 Deinde
1380 4562 1611 4630 qualiter
1646 4564 2028 4632 quomodoque
2078 4580 2126 4618 es

2316 4569 2461 4637 Στίχ.
2492 4569 2618 4631 ζὀι’.
2661 4598 2729 4606 -—
2761 4562 2895 4619 Εἶτα
2942 4564 3057 4626 πῶς
3097 4563 3193 4616 καὶ
3228 4561 3348 4613 τίνα
3382 4560 3475 4611 τὸν
3502 4557 3680 4627 τρόπον
3699 4552 3762 4602 λέ-

571 4656 699 4707 fient
722 4654 853 4707 dicit
881 4671 892 4704 :
934 4672 951 4701 ι
978 4655 1121 4718 Quia
1159 4654 1342 4707 subito
1376 4665 1704 4721 consurgent
1729 4655 1819 4721 qui
1858 4655 2141 4709 mordeant

570 4760 717 4804 eum,
751 4750 806 4797 et
838 4742 1146 4813 vigilabunt
1182 4742 1529 4796 insidiatores
1574 4744 1673 4801 tui,
1718 4754 1770 4796 et
1803 4746 1916 4798 eris
1965 4750 2018 4798 in
2054 4762 2142 4799 ra-

571 4834 753 4902 pinam
795 4833 895 4887 eis.
944 4852 961 4883 »
999 4833 1290 4903 Emergent
1344 4842 1540 4901 praeter
1597 4850 1814 4888 onmem
1870 4850 2147 4906 exspecta-

571 4926 775 4979 tionem
811 4924 1020 4989 hostes,
1049 4924 1263 4977 damnis
1296 4925 1405 4977 tuis
1432 4926 1647 4985 intenti,
1674 4926 1817 4979 bona
1847 4934 1937 4980 tua
1962 4930 2144 4982 omnia

569 5015 917 5084 diripientes.
970 5034 989 5066 ι
1056 5016 1193 5080 Quia
1246 5024 1301 5067 tu
1362 5016 1610 5084 spoliasti
1664 5026 1853 5087 gentes
1922 5020 2142 5084 multas,

570 5108 886 5175 spoliahunt
926 5115 976 5159 te
1020 5121 1212 5159 omnes
1256 5106 1455 5175 reliqui
1491 5109 1698 5175 populi,
1746 5118 1967 5179 propter
2014 5127 2144 5165 san-

567 5198 787 5263 guinem
825 5197 1129 5257 hominum,
1154 5207 1209 5249 et
1258 5197 1590 5265 impietatem
1641 5200 1878 5269 regionis
1908 5216 1971 5254 ac
2017 5204 2150 5256 civi—

574 5288 726 5350 tatis,
758 5296 810 5341 et
833 5300 1157 5342 cunctorum
1203 5288 1506 5342 incolarum
1542 5289 1680 5357 ejus.
1728 5310 1744 5339 ι
1782 5290 2149 5355 Quemadmo-

569 5379 699 5429 dum
736 5379 851 5446 ipse
882 5380 1083 5447 impetu
1114 5378 1258 5432 facto
1295 5380 1471 5432 aliena
1509 5381 1759 5448 rapuisti,
1794 5381 1867 5433 ita
1908 5381 2147 5435 vicissim

570 5476 664 5523 tua
689 5468 1014 5538 diripientur
1042 5470 1109 5523 ab
1142 5472 1210 5525 iis
1234 5470 1327 5538 qui
1374 5471 1635 5539 puniendi
1669 5473 1743 5524 lui
1780 5486 1947 5525 causa
1974 5473 2148 5526 relicti

572 5567 701 5611 sunt
736 5561 901 5628 .quia
946 5572 1001 5614 tu
1056 5576 1251 5630 nempe
1294 5562 1559 5631 plurimos
1592 5561 1682 5615 Dei
1717 5563 1953 5618 famulos
1989 5564 2150 5617 inter-

575 5646 782 5703 fecisti.
824 5657 877 5701 et
907 5651 1170 5704 adversus
1201 5650 1293 5704 Dei
1318 5654 1598 5721 regionem
1644 5668 1705 5706 ac
1737 5654 2012 5708 civitatem
2050 5655 2150 5707 im-

579 5738 666 5808 pie
690 5738 879 5809 egisti,
911 5750 1101 5794 contra
1124 5757 1311 5795 omnes
1342 5742 1574 5811 denique
1600 5743 1745 5799 illius
1776 5743 2003 5809 incolas,
2026 5743 2149 5799 Hie-

2240 4679 2370 4731 των,
2414 4680 2432 4711 ι
2474 4662 2595 4712 ’Ότι
2626 4660 2881 4727 ἐξαίφνης
2913 4655 3363 4723 ἐξαναστήσονται
3396 4651 3666 4706 δάκνοντες
3691 4642 3761 4694 αὖ·

2239 4754 2350 4818 τὸν,
2388 4754 2483 4806 καὶ
2511 4752 2835 4823 ἐκνήψουσιν
2861 4751 2909 4802 οἱ
2938 4746 3209 4800 ὲπίϐουλοί
3238 4762 3355 4807 σου,
3382 4743 3479 4795 καὶ
3507 4742 3599 4810 ἔσῃ
3626 4734 3768 4791 dimi;

2241 4848 2320 4907 εἰς
2363 4843 2692 4914 διαρπαγήν.
2721 4841 3219 4907 »Ἃναφανήσονται
3263 4834 3373 4904 γὰρ
3427 4830 3579 4901 παρὰ
3621 4827 3765 4877 πᾶσαν

2242 4934 2435 4986 ἐλπίδα
2475 4932 2742 5001 πολέμιοι,
2794 4930 2941 4997 λέγει
2984 4927 3039 4980 δὲ
3080 4927 3206 4987 τοὺς
3252 4925 3493 4994 Πέρσας,
3532 4920 3579 4971 οἳ
3616 4916 3766 4979 ὥσπερ

2244 5026 2483 5094 δήγμασι
2509 5027 2627 5086 ταῖς
2664 5023 2873 5091 ἐφόδοις
2913 5022 3032 5081 ταῖς
3069 5018 3294 5077 οἰκείαις
3330 5006 3673 5067 διασπάσωσί
3701 5018 3768 5053 σου

2246 5116 2344 5185 τὴν
2367 5115 2593 5184 δύναμιν
2622 5118 2713 5165 καὶ
2744 5112 2841 5182 τὴν
2867 5109 3135 5176 ἐξουσίαν,
3175 5107 3309 5177 μετά
3352 5104 3555 5171 πολλῆς
3585 5100 3669 5169 μὲν

2246 5181 2561 5275 ἐπιμελείας
2610 5205 2679 5259 τὰ
2731 5181 2865 5275 πρὸς
2921 5201 3124 5271 βλάὅην
3175 5198 3272 5266 σὴν
3316 5194 3690 5287 ἐργαζόμενος
3722 5181 3770 5232 δι’

2247 5297 2502 5367 ἁρπαγῆς
2529 5295 2708 5347 δὲκαὶ
2744 5294 2812 5345 τά
2853 5309 2933 5344 σοι
2984 5288 3252 5360 προσόντα
3296 5283 3572 5350 τιθέμενοι
3615 5283 3769 5367 πάντα.

2253 5407 2271 5439 ¢
2319 5388 2462 5439 Διότι
2503 5386 2568 5437 σὺ
2606 5382 2936 5443 ὲσκύλευσας
2981 5380 3108 5449 ἔθνη
3154 5376 3343 5437 πολλὰ,
3378 5361 3771 5463 σκυλεύσουξίξε

2247 5479 2445 5541 πάντες
2485 5479 2533 5529 οί
2582 5472 3032 5541 ὑπολελειμμένοι
3084 5468 3201 5522 λαοὶ
3236 5467 3303 5520 δι’
3353 5465 3565 5532 αἵματα
3605 5454 3773 5547 ἀνθρύ-

2248 5585 2385 5632 πων,
2421 5566 2514 5618 καὶ
2543 5563 2796 5625 ἀσεϐείας
2818 5562 2919 5630 γῆς
2958 5560 3051 5612 καὶ
3088 5558 3296 5616 πόλεως
3333 5554 3429 5606 καὶ
3471 5551 3673 5602 πάντων
3692 5556 3773 5632 τιον

2248 5658 2641 5713 κατοικούντων
2692 5657 2881 5724 αύτήν.
2930 5671 2949 5703 ι
2992 5653 3199 5719 Ὃνπερ
3249 5646 3357 5716 γάρ
3402 5644 3604 5712 τρόπον
3649 5630 3773 5689 am

2249 5747 2417 5801 ἐπιὼν
2446 5748 2657 5818 ἁφῄρου
2686 5746 2753 5798 τὰ
2783 5743 3005 5813 ἑτέρων,
3032 5740 3122 5794 τὸν
3149 5738 3309 5792 αὐτὸν
3330 5735 3397 5806 δὴ
3426 5731 3621 5803 τρόπον
3647 5725 3775 5791 ἀῖαν
