3934 6566
173 412 260 467 837

1108 411 1654 469 COMMENTARIUS
1690 414 1756 468 IN
1795 413 2139 471 HABACUCI
2170 415 2321 469 CAP.
2357 414 2419 471 11.

3261 414 3372 474 ιδε

174 527 422 597 ρεθήσεται
456 528 551 580 καὶ
588 527 657 580 τά
689 544 767 581 σοι
801 528 1065 598 προσόντα
1094 528 1242 599 παρά
1280 529 1385 580 τῶν
1414 530 1492 590 εἰς
1522 544 1695 597 τιμωο

1835 529 2040 581 usalem
2096 529 2335 594 scilicet,
2362 539 2414 584 et
2452 530 2713 599 quidquid
2769 528 2836 583 ad
2887 542 3006 583 eam
3042 529 3370 599 pertinebat.

175 620 280 690 ρίαν
329 619 416 690 σὴν
473 620 1009 690 καταλελειμμένων
1069 620 1208 691 ὑπὲρ
1257 614 1329 673 ὧν
1388 619 1593 681 ἀνεῖλές
1639 635 1697 670 τε

171 711 422 772 πλείστους
454 711 561 764 τῶν
589 711 667 782 τῷ
698 710 814 781 Θεῷ
859 712 1259 782 προσηκόντων,
1289 712 1382 764 καὶ
1425 710 1700 779 ἠσέϐησας

172 804 241 864 εἷς
263 820 314 855 τε
334 802 425 873 τὴν
453 803 555 870 γῆν
582 802 678 872 τὴν
720 802 868 856 θείαν
898 804 991 856 καὶ
1019 803 1117 874 τὴν
1165 804 1336 867 πόλιν,
1370 805 1460 856 καὶ
1494 804 1701 866 πάντας

171 892 226 961 δή
267 893 377 956 τοὺς
418 894 697 956 οἰκοῦντας
725 894 912 963 αὐτὴν,
943 892 1089 961 λέγει
1128 893 1184 946 δὲ
1220 893 1346 965 περί
1378 911 1437 945 τε
1466 894 1564 964 τῆς
1604 894 1699 945 Ἱε-

179 983 426 1053 ρουσαλὴμ
456 983 551 1035 καί
575 982 685 1035 τῶν
713 982 831 1035 κατ’
865 982 1031 1050 αὐτὴν
1070 982 1339 1035 ἁπάντων.
1372 978 1484 1034 Εἶθ’
1521 982 1595 1044 ὡς
1637 982 1702 1035 ἂν

130 1080 133 1097 ί
174 1073 488 1143 ἐπεμϐαίνων
518 1073 664 1143 αὐτῷ
689 1073 910 1137 δικαίως
952 1073 1237 1125 πεπονθότι
1282 1074 1522 1137 τοιαῦτα,
1556 1073 1703 1139 λέγει

172 1164 259 1225 τὰς
284 1164 613 1233 παρανομίας
644 1162 783 1233 ὑπὲρ
810 1155 885 1216 ὧν
915 1161 1011 1232 τὴν
1045 1162 1295 1233 τοιαύτην
1340 1161 1582 1215 δέδεκται
1620 1178 1702 1213 τι·

176 1253 361 1321 μωρίαν
378 1268 391 1281 ·
418 1271 436 1303 ι
452 1254 515 1304 Ὦ
538 1254 566 1305 ὁ
593 1252 928 1305 πλεονεκτῶν
950 1251 1256 1316 πλεονεξίαν
1282 1252 1455 1324 κακὴν
1474 1252 1551 1323 τῷ
1572 1252 1706 1323 οἴκῳ

171 1343 336 1406 αὐτοῦ,
365 1343 442 1414 (p.
472 1343 597 1415 567)
639 1342 796 1408 τάξαι
828 1344 908 1406 εἰς
950 1343 1081 1413 ὕψος
1122 1344 1339 1399 νοσσιὰν
1383 1345 1568 1408 αὐτοῦ,
1612 1344 1706 1397 τοῦ

171 1434 520 1503 ὲκσπασθῆναι
548 1435 615 1487 ὲκ
645 1434 824 1504 χειρὸς
852 1435 1072 1489 κακῶνί
1107 1434 1410 1488 ἐϐουλεύσω
1448 1435 1708 1506 αἰσχύνην

170 1525 240 1595 τῷ
265 1527 386 1596 οῐκῳ
421 1544 515 1579 σου
544 1566 557 1590 ,
600 1529 971 1599 συνεπέρανας
1002 1528 1161 1592 λαοὺς
1192 1528 1444 1593 πολλοὺς,
1492 1531 1584 1583 καί
1624 1531 1711 1597 ἐξ·

170 1617 448 1688 ήμαρτενὴ
478 1617 621 1688 ψυχή
654 1635 769 1671 σου.
790 1636 810 1670 ι
842 1619 1009 1682 Αὐτὸς
1030 1614 1192 1689 ἦσθα,
1226 1622 1408 1689 φησὶν,
1433 1622 1461 1673 ό
1489 1622 1712 1692 ἀμέτρῳ

169 1707 489 1777 κεχρημένος
510 1710 575 1779 τῇ
610 1708 891 1779 πλεονεξίᾳ
921 1709 1010 1762 ἐπὶ
1041 1709 1118 1780 τῷ
1141 1711 1231 1763 τὸν
1262 1711 1489 1765 πλοῦτον
1530 1712 1711 1776 αὖξειν

166 1797 250 1848 τὸν
270 1799 459 1855 οἰκεῖον
494 1799 559 1851 ὲκ
587 1797 694 1850 τῶν
735 1799 1025 1870 ἀλλοτρίων
1050 1801 1254 1864 κακῶν,
1290 1801 1500 1871 ὑψηλήν
1525 1820 1583 1856 τε
1614 1803 1713 1871 τῆς

1811 619 2073 675 Posthinc
2101 621 2257 690 quasi
2292 622 2341 675 ei
2366 621 2514 690 juste
2559 622 2829 678 insultans
2861 623 2990 676 talia
3020 636 3204 692 passo,
3255 638 3376 677 see.-

1810 712 1920 764 lera
1945 712 2159 775 recitat,
2189 727 2419 781 quorum
2455 727 2619 766 causa
2664 728 2881 782 pmnam
2909 713 3224 781 hujusmodi
3252 714 3372 765 luit.

1813 824 1830 853 ι
1872 802 1915 857 Ο
1958 804 2049 871 qui
2089 803 2312 872 ampliat
2358 803 2637 856 avaritiam
2683 804 2879 857 malam
2920 803 3104 858 domui
3150 820 3282 869 sum,
3319 812 3375 856 ut

1811 900 1976 963 ponat
2004 892 2057 945 in
2091 893 2305 946 excelso
2333 892 2521 945 nidum
2554 908 2734 955 suum,
2766 901 2825 946 ut
2854 902 3079 947 eruatur
3104 893 3171 947 de
3209 908 3375 946 manu

1811 986 2077 1038 malorum
2107 984 2119 1036 ἓ
2150 982 2412 1054 Cogitasti
2444 983 2823 1039 confusionem
2875 984 3058 1037 domui
3092 992 3216 1050 tuae,
3240 1000 3373 1039 con-

1815 1071 2098 1141 sumpsisti
2132 1073 2360 1141 populos
2390 1073 2612 1137 multos,
2636 1080 2689 1126 et
2722 1073 2966 1142 peccavit
2995 1073 3176 1126 anima
3203 1081 3315 1127 tua.
3349 1093 3367 1125 ο

1813 1163 1914 1227 Τυ,
1958 1164 2152 1234 inquit,
2179 1164 2467 1218 immodica
2507 1164 2738 1217 habendi
2774 1164 3072 1234 cupiditate
3106 1166 3372 1235 percitus,

1812 1256 1883 1309 ob
1935 1271 2067 1326 opes
2117 1265 2239 1310 tuas
2289 1271 2353 1310 ex
2388 1255 2579 1310 alienis
2630 1254 2844 1310 damnis
2879 1256 3173 1324 augendas,
3199 1258 3371 1311 subli-

1814 1364 2066 1418 memque
2099 1349 2249 1418 regni
2278 1352 2354 1401 tui
2383 1346 2752 1402 conditionem
2784 1347 3163 1401 ostentandam
3196 1366 3210 1413 ;
3245 1348 3376 1401 dum

1814 1440 1927 1494 haec
1964 1454 2174 1509 ageres,
2211 1439 2354 1492 haud
2388 1449 2566 1492 tamen
2618 1439 2845 1508 potuisti
2895 1437 3207 1493 discernere
3241 1455 3378 1508 quo-

1815 1534 1976 1587 modo
2003 1532 2448 1602 imponendorum
2480 1531 2575 1585 tibi
2611 1531 2876 1585 malorum
2899 1531 3113 1599 pondus
3137 1530 3339 1587 vitares
3362 1549 3375 1583 :

1817 1625 1909 1679 sed
1938 1624 2138 1679 multos
2176 1622 2391 1676 interim
2440 1623 2659 1685 laedens,
2689 1629 2851 1691 atque
2890 1622 2942 1676 in
2968 1637 3158 1678 omnes
3189 1639 3382 1678 secure

1816 1731 2088 1785 peccans;
2128 1714 2273 1768 haud
2327 1714 2567 1777 divitias,
2596 1721 2655 1767 ut
2684 1713 2968 1776 credebas,
2994 1713 3090 1769 sed
3150 1714 3383 1784 ignomi-

1818 1808 1987 1869 niam,
2029 1813 2086 1860 ut
2124 1820 2314 1875 reapse
2342 1806 2518 1861 exitus
2549 1806 2809 1875 ostendit,
2841 1806 3023 1860 domui
3062 1816 3167 1860 tua:
3205 1808 3385 1861 conci-

166 1887 356 1951 οἰκείας
414 1888 687 1957 βασιλείας
749 1889 1025 1955 ἀποδεῖξαι
1082 1890 1180 1961 τὴν
1238 1890 1495 1945 σύστασιν
1522 1908 1534 1923 ⁸
1595 1884 1711 1945 εἶτα

1829 1896 1959 1951 ιὶιιειὶ
1982 1914 1997 1963 ;
2024 1911 2150 1949 nam
2180 1896 2249 1950 ob
2290 1897 2404 1951 hare
2442 1897 2626 1951 omnia
2672 1913 2794 1967 qua:
2827 1896 3021 1951 fecisse
3067 1908 3120 1951 te
3149 1905 3381 1962 constat,

166 1978 324 2031 ταῦτα
357 1979 456 2049 μὲν
493 1980 714 2043 ἐποίεις,
744 1981 891 2043 ὅπως
933 1981 978 2034 δ’
1023 1982 1089 2036 ἂν
1117 1982 1435 2053 δυνηθείσης
1462 1982 1575 2038 τῶν
1612 1986 1709 2039 ἐπ-

1819 1987 1962 2041 hanc
1992 2000 2210 2056 poenam
2243 1988 2574 2056 persolvisti.

165 2070 433 2139 αγομένων
462 2089 543 2125 σοι
571 2073 754 2125 κακῶν
796 2073 1111 2145 ἀπαλλαγὴν
1143 2076 1403 2147 εὕρασθαί
1429 2096 1569 2141 τινα,
1595 2082 1821 2135 συνιδεῖν
1846 2082 1906 2134 οὐ
1933 2080 2215 2151 δεδύνησαι
2238 2098 2250 2111 ·
2283 2082 2418 2135 ἀλλά
2446 2082 2552 2155 γὰρ
2576 2082 2796 2146 πολλοὺς
2824 2084 3023 2136 ἀδικῶν
3056 2083 3384 2155 παρανομῶν

165 2183 218 2219 τε
239 2167 314 2229 είς
341 2165 585 2229 ἅπαντας
625 2164 812 2230 ἀδεῶς,
857 2168 919 2221 οὑ
952 2167 1202 2232 πλοῦτον,
1247 2169 1322 2233 ὡς
1360 2169 1489 2241 ᾤου,
1530 2173 1789 2246 αἰσχύνην
1828 2174 1908 2238 δὲ,
1934 2175 2009 2237 ὡς
2058 2175 2090 2241 ὴ
2122 2173 2342 2237 ἔκϐασις
2385 2174 2670 2243 δεδήλωκε,
2700 2174 2776 2246 τῷ
2800 2174 2932 2246 οἴκῳ
2970 2177 3274 2247 συνήγαγες
3306 2177 3385 2247 τῷ

167 2258 351 2311 σαυτοῦ
371 2274 386 2289 ’
408 2258 550 2329 ὑπὲρ
578 2258 685 2330 γὰρ
703 2261 957 2314 ἁπάντων
989 2254 1065 2315 ὧν
1086 2262 1558 2335 διαπεπραγμένος
1596 2261 1763 2337 ὦψαι,
1788 2269 1884 2341 τὴν
1919 2269 2187 2341 τιμωρίαν
2216 2268 2449 2333 δέδωκας
2478 2270 2698 2339 ταύτην.

228 2353 368 2423 Στίχ.
408 2360 495 2409 ια’.
530 2384 601 2393 -
650 2373 670 2406 ι
725 2355 868 2408 Διότι
912 2356 1057 2420 λίθος
1100 2359 1165 2411 ἐκ
1213 2360 1391 2429 τοίχου
1443 2360 1719 2430 βοήσεται,

165 2445 252 2496 καὶ
281 2444 547 2515 κάνθαρος
579 2447 643 2499 ὲκ
672 2445 827 2510 ξύλου
859 2447 1145 2515 φθέγξεται
1173 2449 1331 2501 αὐτά.
1372 2468 1389 2500 ι
1422 2451 1721 2524 Τοιγαροῦν

163 2539 221 2587 ἐκ
250 2534 341 2589 τοῦ
375 2537 639 2604 μεγέθους
674 2538 781 2591 τῶν
809 2540 1011 2603 κακῶν,
1059 2541 1151 2592 καὶ
1192 2542 1256 2593 ἐκ
1276 2541 1383 2593 τῶν
1420 2543 1719 2612 οἰκοδομῶν

162 2626 224 2688 ἃς
255 2627 437 2689 κακῶς
471 2628 761 2699 ἀνήγειρας
808 2630 1224 2700 ἀναπέμπονται
1262 2634 1501 2705 ὡσπερεὶ
1546 2635 1719 2703 φωναί

159 2736 297 2781 τινες
342 2721 742 2790 κατηγοροῦσαι
775 2739 869 2774 σου
912 2723 1010 2793 τὴν
1050 2725 1381 2790 πλεονεξίαν,
1410 2727 1517 2781 τῶν
1542 2745 1602 2780 τε
1632 2728 1715 2780 λί-

161 2809 264 2862 θων
295 2812 574 2879 μονονουχὶ
605 2811 787 2882 φωνὴν
816 2813 1085 2881 ἀφιέντων
1126 2816 1268 2869 κατά
1301 2815 1394 2868 σοῦ
1440 2818 1717 2889 τοιαύτην,

160 2900 252 2951 καὶ
276 2900 385 2953 τῶν
424 2900 718 2971 σκωλήκων
755 2903 811 2955 δὲ
850 2905 946 2957 σὺν
973 2906 1155 2968 αὐτοῖς
1184 2906 1412 2970 ὁπόσους
1438 2910 1495 2959 ἐν
1528 2908 1719 2978 μέσαις

158 2996 275 3053 ταῖς
300 2993 410 3045 τῶν
440 2993 601 3045 λίθων
628 3011 687 3046 τε
716 2995 809 3047 καὶ
838 2996 1071 3049 πλίνθων
1096 2998 1360 3067 ἁρμογαῖς
1384 3000 1720 3069 ἐμφωλεύειν

158 3084 349 3153 {Haedi
376 3084 472 3136 καὶ
505 3086 561 3136 ὲν
598 3087 781 3155 μέσοις
802 3087 1060 3150 πολλάκις
1091 3090 1435 3158 εὑρίσκεσθαι
1479 3094 1590 3154 τοῖς
1633 3091 1721 3158 ξύ-

158 3173 267 3236 λοις
290 3192 304 3206 ·
336 3175 604 3245 κάνθαρον
640 3179 746 3247 γάρ
789 3178 1017 3231 ἐνταῦθα
1062 3179 1208 3248 λέγει
1245 3181 1313 3233 τά
1356 3182 1412 3235 έν
1444 3199 1502 3234 τε
1544 3182 1721 3246 ξύλοις

156 3266 541 3333 εὑρισκόμενα.
596 3265 669 3335 (p.
718 3266 843 3336 568)
886 3267 943 3319 έν
984 3286 1042 3320 τε
1080 3270 1278 3339 τοίχοις
1319 3272 1376 3322 έν
1426 3271 1572 3341 μέσῳ
1613 3272 1720 3325 τῶν

156 3355 393 3409 πλίνθων
430 3357 687 3419 εἰωθότας
718 3358 1070 3427 ὲμφωλεύειν,
1100 3360 1175 3423 ὡς
1201 3361 1264 3415 ἄν
1289 3380 1371 3425 τις
1404 3363 1547 3417 εἴποι
1580 3364 1723 3427 ζωΰο

156 3448 255 3515 φιά
284 3465 345 3501 τε
382 3448 477 3501 καὶ
508 3447 789 3517 σκώληκας
815 3450 986 3513 οὕτως
1018 3453 1324 3521 ὀνομάζων,
1374 3454 1448 3517 ὡς
1490 3455 1555 3509 ἂν
1574 3457 1725 3526 κοινῇ

152 3539 329 3612 ταύτῃ
376 3542 717 3611 προσηγορία
754 3541 1100 3613 καλουμένων
1134 3545 1387 3597 ἁπάντων
1420 3545 1529 3598 τῶν
1553 3546 1729 3598 τοιού-

148 3648 284 3683 των.
319 3632 480 3683 Ἐστι
512 3631 569 3684 δέ
598 3649 715 3684 τινα
748 3634 803 3685 ὲν
833 3636 943 3696 τοῖς
978 3636 1295 3701 καταγαίοις
1328 3636 1554 3689 εἰωθότα
1590 3637 1726 3706 μᾶλ-

148 3723 240 3776 λον
291 3724 351 3773 ἐν
402 3723 552 3792 μέσῳ
586 3724 683 3794 τῆς
711 3724 912 3787 νοτίδος
939 3726 1287 3792 εὑρίσκεσθαι
1326 3727 1360 3780 ἆ
1402 3728 1729 3798 κανθαρίδας

148 3813 423 3866 καλοῦσι·
468 3814 611 3877 τινὲς
652 3815 710 3867 δὲ
737 3815 944 3883 ἔφασαν
988 3816 1078 3869 τὸν
1125 3817 1293 3887 Σύρον
1334 3818 1605 3871 πάσσαλον
1643 3819 1731 3870 λέ-

144 3924 269 3974 γειν
287 3920 307 3937 ⁸
332 3905 453 3959 ἀλλ’
473 3907 697 3975 ἀνόητον
727 3908 810 3978 εἴη
844 3908 908 3961 ἂν
932 3910 1167 3979 ἀφέντας
1192 3911 1292 3980 τῆς
1331 3910 1603 3980 Ἑϐραῖδος
1633 3910 1730 3981 τὴν

143 3997 343 4066 φωνὴν
395 3996 520 4050 καθ’
565 3998 633 4067 ἢν
667 4000 697 4051 ὁ
735 4001 1021 4071 προφήτης
1065 4000 1383 4068 ἐφθέγξατο,
1423 4002 1600 4073 ἥνπερ
1636 3998 1730 4054 οῦν

140 4091 289 4157 ἡμῖν
338 4088 433 4141 διὰ
472 4088 573 4158 τῆς
613 4090 816 4152 οἰκείας
872 4086 1165 4161 ἑρμηνείας
1199 4093 1341 4161 σαφῆ
1394 4092 1732 4163 κατέστησαν

138 4180 351 4250 ἄνδρες
388 4178 812 4249 Ἐϐδομήκοντα,
855 4179 1065 4250 δόκιμοί
1110 4198 1168 4232 τε
1215 4182 1309 4232 καὶ
1350 4180 1591 4251 ἀκριϐῶς
1634 4182 1733 4250 τῆς

138 4269 412 4339 γλώττης
450 4271 807 4340 ἐπιστήμονες
837 4270 1068 4339 ἐκείνης,
1112 4273 1269 4340 Σύρῳ
1311 4273 1598 4344 προσέχειν
1638 4291 1734 4343 με·

134 4360 523 4431 ταὸεϐληκότι
546 4361 645 4432 τὴν
692 4360 957 4431 Ἐϐραίων
980 4363 1059 4424 εἰς
1086 4363 1181 4432 τὴν
1210 4362 1395 4432 Σύρων
1412 4380 1425 4393 ’
1465 4359 1585 4416 εἶτα
1608 4364 1736 4416 πολ-

134 4451 314 4513 λάκις
341 4451 403 4503 τὺ
426 4453 671 4520 πταῖσμα
691 4450 750 4503 τὸ
786 4454 1004 4515 οἰκεῖον,
1033 4454 1193 4521 νόμον
1233 4453 1544 4524 βουληθέντι
1566 4455 1736 4508 Θεῖναι

134 4540 367 4610 φωνῆς,
400 4540 461 4603 ὃς
489 4540 635 4593 δοκεί
669 4558 780 4609 μοι,
812 4540 886 4610 μὴ
918 4544 1095 4605 συνεὶς
1124 4543 1152 4594 ὃ
1187 4542 1236 4594 τί
1268 4560 1397 4596 ποτε
1436 4543 1602 4611 λέγει,
1645 4544 1737 4597 τὸν

1888 2363 2057 2418 Vens.
2088 2365 2173 2418 Η.
2206 2394 2274 2405 —-
2317 2382 2337 2415 ι
2375 2362 2513 2429 Quia
2548 2364 2687 2434 lapis
2737 2365 2803 2419 de
2855 2366 3060 2434 pariete
3109 2365 3385 2427 clamabit,

1815 2465 1867 2510 et
1908 2456 2217 2509 scarabmus
2264 2453 2332 2508 de
2373 2455 2520 2525 ligno
2552 2455 2802 2524 loquetur
2831 2472 2915 2510 ea.
2956 2476 2975 2508 ›
3010 2457 3179 2526 Igitur
3226 2456 3382 2527 241

1815 2562 1878 2600 ex
1906 2547 2126 2601 cumulo
2156 2547 2441 2612 malorum,
2475 2562 2687 2601 necnon
2720 2564 2785 2601 ex
2812 2549 3057 2603 aediﬁciis
3104 2564 3225 2619 quae
3250 2564 3385 2603 con-

1818 2642 1905 2689 tra
1947 2635 2027 2691 fas
2064 2635 2339 2700 struxisti,
2385 2650 2548 2691 voces
2598 2638 2765 2692 veluti
2798 2638 3044 2709 quaedam
3099 2638 3388 2692 mittuntur

1829 2739 1951 2794 quae
1973 2734 2120 2779 tuam
2154 2724 2435 2778 avaritiam
2470 2734 2750 2790 accusant,
2775 2728 2923 2781 saxis
2949 2726 3079 2793 ipsis
3105 2741 3388 2796 propemo-

1818 2816 1945 2870 dum
1984 2817 2063 2871 sic
2095 2824 2283 2871 contra
2340 2826 2402 2871 te
2451 2817 2836 2880 clamantibus,
2897 2831 3108 2871 necnon
3159 2824 3214 2871 et
3261 2831 3387 2870 ver-

1819 2907 1998 2960 mibus
2025 2911 2291 2975 quotquot
2337 2904 2393 2957 in
2441 2905 2635 2960 mediis
2674 2904 2823 2959 saxis
2875 2904 3219 2974 laterumque
3257 2904 3386 2974 jun-

1819 3000 1983 3053 cturis
2016 2999 2225 3051 latitare
2254 2997 2460 3061 solent,
2485 3005 2539 3051 et
2568 2996 2708 3049 intra
2737 2995 2879 3065 ligna
2911 3010 3050 3064 Saepe
3077 2996 3386 3064 comperiri.

1819 3089 2031 3143 Etenim
2083 3089 2416 3143 scarabzeum
2463 3086 2567 3141 hoc
2621 3088 2740 3140 loco
2790 3086 3023 3155 appellat
3068 3086 3389 3140 animalcula

1824 3196 1945 3249 quae
1988 3179 2040 3233 in
2089 3180 2247 3248 lignis
2277 3188 2587 3242 occurrunt,
2623 3185 2675 3232 et
2720 3178 2776 3231 in
2809 3177 2977 3231 muris
3011 3178 3152 3230 intra
3186 3176 3391 3246 lapides

1826 3271 2086 3325 lateresve
2114 3270 2375 3332 cubitant,
2401 3269 2577 3338 quasi,
2601 3269 2842 3337 inquam,
2867 3267 2969 3322 hoc
2996 3267 3215 3321 nomine
3246 3267 3393 3321 dicat

1829 3362 2151 3415 animalcula
2184 3362 2386 3429 qumvis
2437 3373 2490 3416 et
2535 3376 2768 3424 vermes,
2804 3375 2901 3414 ceu
2944 3360 2989 3414 si
3028 3358 3209 3413 omnia
3240 3374 3391 3413 corn-

1830 3455 1976 3508 muni
2014 3454 2113 3508 hac
2144 3454 2501 3523 appellatione
2541 3453 2866 3507 vocitentur.
2902 3452 3039 3506 Sunt
3065 3450 3228 3505 etiam
3262 3451 3393 3505 sub-

1832 3552 2072 3597 terranea
2105 3543 2348 3612 quaedam
2398 3543 2451 3595 in
2502 3541 2677 3596 media
2716 3540 2982 3610 praecipue
3029 3538 3275 3607 rubigine
3312 3538 3395 3591 in-

1829 3637 2000 3689 veniri
2059 3636 2237 3699 solita,
2295 3649 2429 3702 quas
2486 3630 2834 3686 cantharidas
2879 3636 3094 3684 vocant.
3137 3628 3393 3682 Nonnulli

1832 3743 1959 3782 vero
1990 3729 2243 3781 dixerunt
2299 3725 2441 3795 apud
2493 3724 2686 3795 Syrum
2739 3723 3086 3791 interpretem
3133 3720 3393 3790 paxillum

1831 3819 1954 3888 legi.
2008 3819 2169 3887 Atqui
2218 3819 2441 3874 stultum
2499 3826 2582 3871 est
2624 3815 2829 3871 omissa
2877 3812 3138 3868 Hebraica
3186 3814 3393 3882 lingua,

1830 3925 1936 3978 qua
1969 3911 2226 3981 propheta
2258 3911 2473 3963 locutus
2499 3917 2602 3972 est,
2639 3906 2799 3976 cujus
2828 3905 3148 3959 vocabulum
3178 3904 3397 3973 propria

1832 4001 2273 4071 interpretatione
2312 4000 2651 4069 septuaginta
2682 4000 2783 4053 viri
2835 3998 2992 4053 nobis
3028 3997 3395 4058 declararunt,

1833 4091 2042 4158 probati
2080 4090 2330 4143 nimirum
2365 4090 2439 4142 illi
2473 4099 2525 4143 et
2550 4088 2669 4157 ejus
2699 4086 2896 4157 lingua!
2924 4091 3178 4139 accurate
3216 4082 3397 4151 periti,

1836 4181 1973 4252 Syro
2002 4181 2277 4235 attendere
2317 4180 2409 4250 qui
2454 4178 2777 4233 chraicum
2820 4177 3085 4247 scriptum
3133 4176 3200 4230 ad
3232 4173 3402 4245 Syro-

1836 4286 1955 4324 rum
1984 4285 2286 4325 sermonem
2310 4268 2589 4324 transtulit
2614 4287 2625 4322 :
2653 4268 2744 4337 qui
2776 4282 2917 4336 saepe
2945 4280 3184 4321 errorem
3236 4278 3399 4320 suum

1836 4376 1937 4430 pro
1979 4360 2174 4429 linguae
2216 4360 2402 4429 regula
2452 4360 2567 4414 vult
2619 4357 2929 4421 obtrudere,
2961 4364 3223 4427 quantum
3266 4353 3398 4407 mihi

1836 4452 2073 4515 videtur,
2107 4451 2235 4520 quid
2265 4451 2406 4505 dicat
2450 4451 2670 4505 minime
2711 4449 3013 4519 intelligens
3044 4466 3057 4501 :
3090 4447 3271 4515 itaque
3303 4460 3401 4515 pro

1839 4543 2111 4597 scarabmo
2138 4541 2339 4611 passim
2370 4542 2424 4595 in
2459 4542 2628 4595 muris
2655 4540 2899 4594 cubitare
2931 4538 3111 4604 solito,
3142 4538 3401 4606 paxillum

131 4631 438 4701 κάνθαρον
473 4632 612 4684 πάνυ
640 4648 703 4699 γε
740 4631 972 4686 εἰωθότα
1017 4632 1350 4702 ὲμφωλεύειν
1381 4636 1491 4697 τοῖς
1536 4634 1721 4704 τοίχοις

1842 4634 2042 4704 posuit,
2079 4642 2136 4687 ut
2186 4634 2474 4702 quamdam
2525 4633 2792 4687 sermonis
2839 4630 3111 4699 sequelam
3168 4628 3403 4681 retinere

128 4722 193 4775 τὸ
230 4743 253 4775 ‹
323 4721 604 4785 πάσσαλος
640 4742 658 4774 ι
693 4722 1010 4788 τεθεικέναι,
1055 4724 1142 4776 ἴνα
1171 4724 1299 4794 δοκῇ
1342 4742 1463 4777 τινα
1500 4725 1559 4777 τὸ
1586 4724 1738 4791 λεγό-

129 4830 319 4881 μενον
345 4812 676 4865 ἀκολουθίαν
716 4813 860 4882 ἔχειν
882 4831 895 4843 ⁸
952 4814 1126 4867 καίτοι
1158 4832 1220 4882 γε
1255 4815 1529 4868 πάσσαλον
1555 4816 1619 4867 ὲκ
1648 4814 1739 4878 ξύ-

125 4906 229 4956 λου
274 4903 628 4972 φθέγγεσθαι
657 4904 1017 4957 ἀνακόλουθον
1053 4907 1220 4972 ἄγαν.
1251 4906 1437 4975 ἐπειδὴ
1460 4907 1525 4958 ἐκ
1555 4907 1736 4975 τοίχου

126 4996 242 5063 μὲν
274 4994 679 5063 ἐνδεχόμενον,
713 4997 778 5047 ἐκ
805 4995 961 5059 ξύλου
996 4996 1052 5047 δὲ
1088 4996 1270 5048 οὐκέτι
1290 5013 1305 5028 ’
1338 4997 1399 5048 οὐ
1423 4997 1527 5067 γὰρ
1552 4997 1740 5067 ὥσπερ

122 5089 195 5139 ἐκ
259 5087 448 5139 λίθων
500 5086 805 5140 συντίθεται
863 5090 1060 5158 τοῖχος,
1113 5087 1287 5151 οὕτως
1339 5090 1402 5140 ὲκ
1449 5090 1740 5143 πασσάλων

120 5176 324 5238 ξύλον.

201 5267 379 5337 Στίχ.
420 5267 604 5335 ιβ’-ιε’.
631 5296 703 5306 -
730 5267 806 5319 Οὐ
834 5266 1014 5336 μέντοι
1035 5282 1099 5333 γε
1126 5268 1407 5337 προφήτης
1434 5268 1619 5337 ἐπειδὴ
1650 5269 1741 5321 καὶ

115 5362 187 5410 ἐκ
230 5360 368 5411 τῶν
412 5358 609 5429 τοίχων
640 5357 753 5410 εἴτε
808 5360 917 5411 τῶν
974 5360 1224 5412 ὲνιόντων
1263 5360 1446 5421 αὐτοῖς
1491 5360 1595 5428 ἔφη
1641 5360 1738 5430 τὴν

112 5449 506 5519 κατηγορίαν
539 5450 785 5517 γίνεσθαι
828 5451 949 5502 κατ’
982 5450 1170 5513 αὑτοῦ,
1205 5450 1385 5513 καλῶς
1428 5452 1736 5521 ἐπήγαγεν·

116 5559 137 5588 σ
182 5540 359 5594 Οὐαὶ
388 5540 422 5592 ὁ
447 5541 747 5608 οἰκοδομῶν
776 5541 930 5594 πόλιν
961 5545 1019 5595 ὲν
1046 5542 1261 5612 αἵμασι,
1310 5544 1401 5594 καὶ
1439 5541 1742 5611 έτοιμάζων

114 5634 309 5687 πόλιν
348 5635 413 5685 ὲν
438 5632 679 5694 ἀδικίαις
699 5649 713 5663 ·
744 5632 808 5685 οὐ
833 5634 1007 5687 ταῦτά
1032 5635 1147 5686 ἐστι
1186 5634 1338 5705 παρὰ
1374 5634 1581 5704 Κυρίου
1610 5651 1747 5686 πανο

108 5727 538 5797 τοκράτοροςο
587 5726 663 5795 (p.
709 5725 834 5794 569)
878 5727 972 5778 καὶ
1011 5727 1255 5791 ἐξέλιπον
1292 5726 1419 5779 λαὸν
1458 5726 1639 5778 ἰκανὸν
1690 5727 1748 5778 ἐν

1842 4722 2135 4777 videretur.
2167 4721 2330 4790 Atqui
2379 4720 2641 4789 paxillum
2689 4736 2752 4773 ex
2793 4719 2938 4788 ligno
2974 4717 3142 4787 loqui,
3180 4733 3285 4770 non
3320 4724 3404 4770 est

1843 4818 2265 4866 consentaneum
2304 4829 2317 4863 ι
2354 4825 2477 4863 nam
2518 4810 2562 4863 si
2606 4825 2666 4862 ex
2719 4823 2874 4861 muro
2922 4815 3119 4876 potest,
3157 4822 3221 4860 ex
3258 4806 3404 4873 ligno

1840 4917 2181 4971 nequaquam
2217 4922 2229 4954 :
2266 4917 2374 4955 non
2408 4901 2553 4955 enim
2605 4900 2745 4954 sicut
2799 4914 2865 4953 ex
2903 4897 3171 4968 lapidibus
3216 4912 3405 4951 murus

1847 4993 2151 5060 conﬁcitur,
2184 4992 2256 5045 ita
2291 5007 2355 5045 ex
2392 4990 2603 5060 paxillis
2631 4990 2855 5059 lignum.

1919 5265 2081 5318 Vens.
2109 5261 2290 5315 12-15.
2309 5291 2378 5299 ———
2398 5261 2539 5330 Ergo
2568 5259 2848 5329 propheta,
2871 5256 3303 5326 quandoquidem
3335 5271 3399 5309 ex

1848 5362 2018 5413 muris
2034 5367 2087 5412 et
2104 5372 2172 5411 ex
2186 5355 2514 5409 merentibus
2531 5354 2636 5406 illic
2650 5352 2990 5405 animalcuiis
3004 5336 3403 5402 accusatiom-m

1850 5448 1963 5502 ﬁeri
1984 5454 2172 5500 contra
2189 5444 2539 5515 Babylonium
2560 5444 2717 5507 dixit,
2733 5443 2985 5511 praeclare
3007 5440 3210 5493 addidit
3233 5458 3245 5491 :
3278 5458 3294 5488 ι
3319 5436 3410 5491 Va:

1843 5540 1934 5608 qui
1965 5538 2194 5592 aediﬁcat
2231 5536 2501 5591 civitatem
2545 5537 2598 5589 in
2647 5535 3024 5601 sanguinibus,
3056 5540 3109 5586 et
3140 5537 3407 5599 pra—parat

1844 5631 2029 5685 urbem
2071 5630 2126 5682 in
2180 5627 2586 5697 iniquitatibus!
2626 5626 2739 5680 Non
2784 5632 2911 5678 sunt
2950 5624 3063 5677 baro
3112 5636 3142 5673 a
3182 5619 3408 5672 Domino
3491 5631 3496 5635 ·

1848 5722 2239 5790 omnipotente.
2272 5719 2338 5770 Et
2366 5717 2678 5772 defecerunt
2706 5716 2889 5786 populi
2917 5713 3070 5767 multi
3094 5713 3149 5765 in
3181 5710 3324 5777 igne,
3356 5718 3409 5760 et

114 5821 309 5889 πυρὶ,
362 5818 461 5871 καὶ
500 5817 628 5887 ἔθνη
671 5816 841 5870 πολλὰ
867 5817 1173 5887 ὠλιγοψύχη
1186 5836 1272 5872 τεν
1292 5860 1303 5882 ,
1336 5818 1417 5871 ὅτι
1447 5817 1721 5888 πλησθήσε

1851 5821 2038 5885 gentes
2072 5811 2253 5866 multa:
2295 5810 2476 5863 animo
2523 5808 2897 5863 conciderunt.
2939 5804 3076 5870 Quia
3119 5799 3410 5871 replebitur
