3934 6534
520 333 626 389 430

1675 342 2021 399 TﬂEODORl
2054 341 2534 400 MOPSUESTENI
3614 357 3695 413 ίίθ

527 461 691 514 terra,
751 458 811 506 ut
857 461 1148 525 cognoscat
1195 454 1418 525 gloriam
1463 456 1674 513 Domini
1710 459 1904 528 :quasi
1955 469 2092 526 aqua

2202 475 2283 511 ται
2311 461 2342 528 ἡ
2363 460 2431 530 γῆ
2456 458 2549 513 τοῦ
2572 462 2770 529 γνῶναι
2799 461 2897 534 τὴν
2923 461 3081 526 δόξαν
3112 459 3338 531 Κυρίου.
3363 459 3433 525 ὡς
3453 461 3572 538 ὕδωρ
3589 470 3692 524 πολὺ

529 544 694 598 multa
731 544 892 616 242
922 546 1171 616 operiens
1207 549 1397 603 maria.
1432 567 1451 601 ι
1484 551 1618 617 Quis
1664 559 1717 606 te
1745 566 1852 605 non
1900 548 2093 604 deﬂeat

529 634 694 688 urbes
730 635 967 692 caedibus
994 646 1047 691 et
1071 637 1450 708 iniquitatibus
1482 642 1872 697 aediﬁcantem?
1910 639 2094 710 Neque

528 726 673 778 enim
729 727 908 783 cernis
956 745 1202 798 quamam
1251 733 1345 787 tibi
1403 734 1565 805 hujus
1597 737 1673 791 rei
1703 750 1869 790 causa
1917 749 1948 787 a
1986 732 2094 788 Deo

528 815 835 872 uiferentur
871 821 1032 874 mala.
1097 820 1178 876 Tu
1228 824 1444 895 quidem
1499 829 1718 894 multos,
1764 835 1894 898 quot
1935 840 2095 881 nemo

532 908 800 974 recitabit,
829 912 984 980 quasi
1029 913 1153 983 igne
1189 915 1511 973 crudelitate
1544 927 1633 973 tua
1662 917 2043 988 consumpsisti
2079 936 2090 970 :

532 999 735 1054 multos
779 1001 846 1055 ad
889 1005 1009 1060 vitae
1041 1007 1242 1060 exitum
1297 1007 1653 1066 intolerandis
1708 1009 1966 1065 aerumnis
2002 1008 2095 1063 de-

534 1089 732 1145 duxisti
779 1110 793 1146 :
839 1096 1190 1164 quamobrem
1237 1115 1381 1154 nunc
1425 1100 1539 1155 haec
1595 1101 1878 1156 sustines:
1914 1107 1973 1154 ut
2022 1098 2094 1152 ita

534 1196 724 1237 omnes
759 1199 853 1251 per
875 1187 1060 1242 orbem
1092 1196 1359 1244 terrarum
1385 1191 1629 1247 homines
1656 1199 1956 1262 agnoscant
1986 1206 2089 1244 ma-

534 1285 696 1341 gnam
753 1271 846 1328 Dei
901 1277 1294 1347 providentiam
1347 1281 1476 1335 talia
1503 1292 1849 1352 operantem,
1892 1281 2098 1351 tibique

535 1363 607 1416 ob
635 1361 875 1420 facinora
907 1376 1110 1424 tantam
1150 1386 1365 1442 paruam
1402 1373 1716 1444 imponenti,
1751 1382 2096 1444 peccatorum

535 1460 755 1509 tuorum
788 1459 1116 1514 multitudini
1145 1464 1574 1521 convenientem.
1614 1463 1934 1536 Rursusque
1972 1480 2094 1519 cum

534 1547 991 1611 exprobratione:
1019 1566 1037 1599 ι
1064 1550 1109 1607 Ο
1158 1553 1250 1626 qui
1294 1557 1564 1626 propinat,
1602 1557 1800 1627 inquit,
1851 1556 2098 1628 proximo

536 1652 639 1692 suo
662 1640 1068 1698 subversionem
1099 1644 1390 1709 turbidam,
1420 1655 1474 1701 et
1501 1632 1742 1703 inebriat.
1763 1654 1822 1702 ut
1849 1647 2099 1718 inspiciat

536 1724 594 1780 in
646 1727 934 1796 speluncas
982 1734 1202 1787 eorum!
1244 1753 1262 1786 ι
1299 1734 1417 1789 Dixi
1458 1736 1569 1806 jam
1621 1752 1792 1807 saepe,
1829 1737 2009 1791 vinum
2048 1745 2100 1791 et

538 1818 712 1887 ipsam
760 1823 1086 1889 potationem
1135 1841 1234 1896 pro
1269 1829 1526 1884 aerumnis
1576 1828 1703 1884 dici.
1739 1827 1823 1883 Τιι
1855 1844 1984 1898 ergo
2017 1844 2097 1891 es,

536 1913 628 1980 qui
659 1914 926 1970 universis
956 1916 1263 1973 hominibus
1291 1919 1563 1974 turbidum
1601 1928 1785 1991 potum
1821 1921 2098 1991 propinas,

535 2004 806 2061 inebriare
838 2022 901 2062 ac
933 2009 1247 2066 subvertere
1278 2021 1527 2082 potantes
1552 2015 1775 2068 omnino
1810 2015 2098 2077 valentem,

535 2094 592 2150 id
615 2100 1121 2166 esl,gravissimum
1149 2104 1473 2174 supplicium
1513 2106 1725 2160 cunctis
1760 2104 1948 2161 infers.
1977 2105 2100 2159 Haec:

536 2187 792 2251 faciebas,
823 2191 1017 2262 inquit,
1047 2194 1174 2248 dum
1215 2195 1390 2250 aliena
1421 2202 1854 2269 concupisceres,
1883 2209 1936 2254 et
1967 2199 2099 2253 alie-

535 2282 942 2340 nosthesauros
987 2289 1327 2354 scrutareris,
1387 2297 1443 2343 ut
1487 2290 1542 2344 in
1594 2308 1704 2346 rem
1753 2301 1897 2346 tuam
1947 2308 2102 2347 sevo—

535 2381 691 2423 τοι-οε
709 2405 725 2422 .

606 2656 770 2712 Vens.
805 2658 979 2714 lli-l8.
1005 2691 1068 2699 —
1102 2680 1120 2711 ι
1161 2661 1508 2718 Saturitatem
1545 2663 1852 2733 ignominia:
1888 2664 1956 2720 de
1986 2666 2102 2737 glo-

533 2749 616 2803 ria
649 2749 774 2804 bibe
821 2761 876 2804 et
930 2759 988 2804 tu
1023 2769 1036 2805 :
1069 2767 1182 2819 cor.
1206 2764 1574 2810 commovetur
1617 2764 1671 2812 et
1721 2759 2046 2813 concutitur.
2079 2777 2096 2808 ι

531 2837 663 2906 Quae
687 2839 852 2910 igitur
872 2842 993 2898 aliis
1025 2841 1218 2905 fecisti,
1249 2845 1444 2914 dignus
1471 2847 1584 2916 ipse
1614 2849 1723 2916 pati
1757 2863 1854 2914 es;
1890 2856 1948 2903 ut
1979 2857 2104 2918 post

530 2945 743 2986 omnem
770 2932 914 2985 illam
945 2932 1171 3003 gloriam
1213 2934 1504 3004 ignominia
1543 2937 1792 2999 obrutus,
1821 2948 2020 2994 nutans
2051 2947 2104 2993 et

529 3023 843 3088 concidens,
897 3026 1052 3094 quasi
1105 3025 1325 3094 crapula
1369 3026 1628 3094 quadam,-
1664 3043 1692 3079 a
1733 3029 2102 3096 magnitudine

2195 551 2570 621 κατακαλύψαι
2596 553 2895 617 θαλάσσας.
2945 573 2963 608 ι
3003 555 3116 606 Οὐκ
3154 554 3218 608 ἀν
3251 569 3310 606 σε
3339 551 3620 624 θρηνήσειεν
3644 563 3692 614 ἐκ

2196 640 2368 708 φόνων
2397 642 2489 694 καὶ
2521 642 2743 697 ἀδικιῶν
2774 642 3247 706 κατασκευάζοντα
3283 641 3487 709 πόλεις;
3521 646 3584 698 οὐ
3611 649 3694 720 γὰρ

2197 731 2469 804 συνεώρας
2529 734 2687 788 ἇτινα
2745 735 2884 807 ὑπὲρ
2944 734 3147 788 τούτων
3203 733 3594 804 ἐπενεχθήσεταί
3633 757 3695 792 σοι

2197 825 2348 896 παρά
2371 824 2466 879 τοῦ
2495 826 2628 880 Θεοῦ
2649 844 2662 856 ·
2690 826 2825 880 ἀλλά
2853 826 3078 890 πολλοὺς
3119 825 3217 896 μέν
3241 842 3392 888 τινας
3417 824 3501 876 καὶ
3534 827 3699 901 ἀμυθή-

2194 933 2320 980 τους
2341 915 2532 989 ὥσπερ
2565 919 2697 989 πυρί
2725 920 2792 990 τῇ
2825 916 3020 971 σαυτοῦ
3059 914 3442 977 καταναλώσας
3474 915 3697 988 ὠμότητι,

2195 1007 2423 1072 πολλοὺς
2445 1009 2501 1065 δὲ
2530 1008 2666 1080 πρὸς
2707 1009 2839 1063 αὐτὸ
2857 1008 2918 1061 τὸ
2953 1007 3106 1070 τέλος
3142 1007 3347 1077 ἢγαγες
3373 1004 3464 1058 τοῦ
3493 1005 3590 1076 βίου
3609 1013 3698 1074 ταῖς

2197 1099 2514 1167 ἀνηκέστοις
2543 1101 2844 1171 συμφοραῖς
2865 1114 2878 1128 ·
2910 1099 3048 1170 ὑπὲρ
3079 1092 3155 1154 ὧν
3191 1097 3256 1168 δὴ
3286 1095 3455 1150 ταῦτα
3485 1097 3568 1152 νῦν
3599 1100 3701 1154 ὐτο-

2200 1194 2400 1260 μενεῖς,
2454 1190 2595 1246 ὥστε
2645 1193 2890 1255 ἅπαντας
2933 1193 3059 1257 τοὺς
3112 1189 3254 1244 κατὰ
3297 1188 3400 1258 γῆν
3440 1187 3702 1260 ἀνθρώπους

2197 1283 2491 1350 ἐπιγνῶναι
2529 1284 2626 1354 τῆς
2662 1284 2811 1347 θείας
2834 1283 3141 1355 οἰκονομίας
3176 1283 3236 1336 τὸ
3268 1281 3491 1352 μέγεθος
3524 1283 3706 1340 τοιαῦτα

2197 1373 2569 1445 ἐργαζομένης
2588 1390 2602 1402 ·
2631 1374 2770 1429 οὕτω
2791 1375 2850 1429 τέ
2874 1393 2967 1448 ,σοι
3003 1374 3081 1446 τῷ
3105 1372 3338 1428 τοσαῦτα
3358 1371 3614 1443 δυνηθέντι
3635 1377 3704 1428 καὶ

2199 1467 2543 1537 πεποιηκότι,
2585 1467 2818 1540 φοϐερὰν
2861 1467 3122 1535 ἐπάγοντι
3160 1467 3260 1536 τὴν
3312 1466 3596 1536 τιμωρίαν,
3636 1469 3707 1521 καὶ

2198 1561 2514 1632 πρέπουσάν
2563 1579 2626 1630 γε
2680 1560 2758 1632 τῷ
2811 1561 3004 1633 πλήθει
3052 1560 3161 1614 τῶν
3216 1557 3597 1630 ἡμαρτημένων
3630 1560 3708 1613 ὑπὸ

2202 1657 2314 1713 σοῦ.
2350 1657 2454 1710 Καὶ
2481 1657 2640 1711 πάλιν
2677 1655 3038 1717 όνειδιστικῶς
3073 1654 3250 1723 λέγων
3269 1668 3284 1684 ·
3315 1671 3334 1703 ι
3367 1647 3439 1704 Ὦ
3465 1651 3493 1703 ό
3521 1653 3709 1716 ποτίζων

2199 1749 2290 1802 τὸν
2331 1747 2556 1818 πλησίον
2612 1745 2774 1800 αὑτοῦ
2815 1745 3126 1816 ἀνατροπὴν
3173 1742 3421 1814 θολεράν,
3465 1741 3552 1796 καὶ
3584 1742 3711 1811 p.506-

2202 1858 2346 1896 σκων
2367 1841 2515 1903 ὅπως
2541 1837 2810 1906 ἐπιϐλέπῃ
2836 1837 2930 1888 ἐπὶ
2953 1836 3021 1889 τὰ
3048 1835 3285 1906 σπήλαια
3313 1831 3508 1887 αὐτῶν.
3543 1850 3559 1883 ι
3583 1827 3714 1885 Εἶπον

2199 1935 2457 1999 πολλάκις
2498 1933 2579 1986 ὅτι
2607 1934 2698 1988 τὸν
2726 1930 2866 1986 οἶνον
2908 1931 3003 1984 καί
3037 1930 3099 1982 τὸ
3143 1928 3315 1980 πίνειν
3350 1924 3511 1978 αὐτὸν
3544 1924 3713 1992 ἐπὶτῆς

2201 2027 2483 2098 συμφορᾶς
2519 2024 2687 2092 λέγει.
2731 2025 2803 2092 Σὺ
2843 2018 2957 2084 οῦν,
2983 2021 3168 2091 φησὶν,
3213 2013 3355 2088 ἦσθα
3411 2016 3444 2066 ὁ
3478 2016 3623 2068 πᾶσιν
3651 2016 3718 2068 ἀν-

2203 2121 2439 2192 θρώποις
2469 2118 2620 2188 πόμα
2649 2114 2874 2178 θολῶδες
2919 2111 3229 2182 προσάγων,
3263 2108 3547 2180 μεθύσκειν
3576 2123 3627 2159 τε
3646 2107 3715 2160 καὶ

2200 2212 2526 2284 ἀνατρέπειν
2575 2209 2668 2262 τὸν
2715 2207 2940 2261 πίνοντα
2984 2204 3280 2273 δυνάμενον
3324 2199 3618 2261 παντελῶς·
3651 2200 3719 2251 ἵνα

2202 2304 2353 2375 εἴπῃ,
2391 2299 2662 2372 τιμωρίαν
2705 2295 3015 2368 βαρυτάτην
3049 2293 3254 2347 ἅπασιν
3291 2292 3538 2358 ἐπάγων·
3583 2287 3716 2341 ταῦτα

2201 2397 2277 2461 δὲ,
2305 2394 2489 2465 φησὶν,
2516 2393 2719 2454 ἐποίεις
2745 2389 2853 2442 τῶν
2879 2385 3170 2457 ἀλλοτρίων
3206 2381 3508 2451 ἐπιθυμῶν,
3539 2380 3719 2450 (p.570)

2202 2486 2442 2548 καὶτοὺς
2478 2481 2781 2554 θησαυροὺς
2819 2480 2945 2541 τοὺς
2977 2476 3292 2546 ἀλλοτρίους
3327 2469 3721 2542 ἀνερευνώμενος

2203 2579 2296 2632 καὶ
2325 2573 2524 2631 σαυτοῦ
2569 2574 2744 2627 ποιεῖν
2768 2569 2987 2622 ἐθέλων.

2274 2668 2418 2738 Στξχ,
2455 2672 2654 2736 ις’-ιη’,
2696 2692 2770 2704 --
2811 2681 2830 2713 ‹
2879 2659 3204 2730 Πλησμονὴν
3247 2656 3475 2727 ἀτιμίας
3501 2655 3561 2707 ἐκ
3594 2653 3724 2721 Min;

2202 2762 2292 2815 πίε
2321 2763 2416 2815 καὶ
2451 2758 2549 2812 σύ·
2583 2755 2782 2828 καρδία
2824 2753 3134 2823 σαλεύθητι,
3169 2750 3264 2803 καὶ
3309 2747 3568 2817 σείσθητι.
3615 2762 3630 2795 ι
3673 2744 3725 2795 ’Δ

2203 2855 2381 2909 τοίνυν
2429 2851 2734 2921 πεποίηκας
2775 2847 3002 2917 ἑτέροις,
3035 2845 3239 2904 δίκαιος
3281 2840 3347 2894 ἂν
3387 2839 3505 2908 εἴης
3542 2836 3723 2888 παθεῖν·

2205 2947 2270 2998 ἵν’
2289 2944 2349 3008 ἐξ
2373 2942 2592 3012 ἁπάσης
2625 2939 2837 3009 ἐκείνης
2867 2936 2963 3006 τῆς
3001 2935 3158 3003 δόξης
3198 2931 3425 3001 ἀτιμίας
3447 2925 3726 2998 πληρωθεὶς,

2203 3033 2650 3104 διασαλευόμενός
2678 3049 2738 3086 τε
2759 3031 2852 3084 καὶ
2876 3027 3233 3082 καταπίπτων
3271 3024 3345 3086 ὡς
3369 3021 3478 3075 ὑπό
3508 3035 3636 3079 τινος
3658 3017 3729 3085 μέ-

529 3113 826 3183 puuitionis
863 3114 978 3170 fias.
1025 3136 1042 3168 ι
1077 3115 1445 3172 Circumdedit
1475 3129 1524 3171 te
1550 3119 1687 3172 calix
1727 3119 1962 3174 dexterae
1994 3119 2099 3174 Do-

2204 3131 2302 3200 θης
2335 3129 2401 3200 τῇ
2442 3127 2541 3198 τῆς
2580 3122 2847 3194 τιμωρίας
2888 3119 3162 3190 διαμένοις
3198 3114 3497 3185 ὑπερϐολῇ.
3542 3131 3559 3162 ι
3607 3107 3730 3200 Ἐκύο

531 3203 687 3267 mini,
713 3212 767 3258 et
791 3211 1007 3274 aggesta
1033 3214 1116 3260 est
1138 3207 1431 3275 ignominia
1459 3223 1623 3276 super
1645 3208 1871 3278 gloriam
1896 3218 2098 3263 tuam.)

530 3294 772 3348 Adduxit
813 3297 909 3351 tibi
955 3297 1180 3352 calicem
1221 3312 1377 3351 suum
1415 3296 1577 3358 Deus.
1613 3315 1709 3370 pro
1746 3315 1810 3352 eo
1861 3307 1920 3353 ut
1960 3299 2105 3354 dicat

531 3385 804 3440 decretam
831 3403 861 3440 a
899 3402 957 3441 se
991 3403 1226 3458 pmnam,
1251 3398 1308 3442 ut
1337 3391 1506 3459 gloria
1546 3400 1635 3444 tua
1670 3392 1722 3445 iu
1754 3392 2102 3462 ignominiam

531 3476 818 3546 plurimam
860 3479 1096 3550 undique
1145 3481 1197 3534 in
1247 3489 1299 3535 te
1346 3492 1656 3553 congestam
1699 3484 1951 3553 deinceps
1973 3500 2104 3540 con-

531 3574 791 3619 vertatur.
828 3585 847 3616 ε
889 3567 1025 3634 Quia
1058 3570 1308 3638 impietas
1334 3571 1522 3626 Libani
1557 3577 1763 3644 aperiet
1803 3583 1872 3638 te,
1916 3583 1971 3630 et
2005 3576 2105 3628 mi-

532 3649 1000 3714 seria‘bestiarum
1054 3665 1276 3734 terrebit
1310 3675 1380 3725 te,
1424 3675 1642 3734 propter
1685 3667 1978 3738 sanguines
2007 3668 2105 3722 ho-

532 3749 759 3814 minum,
792 3757 846 3805 et
874 3751 1178 3822 impietates
1213 3765 1369 3810 terra:
1405 3766 1458 3810 et
1497 3757 1645 3812 urbis
1679 3758 1906 3828 ejusque
1951 3759 2104 3814 inco-

533 3841 726 3895 larum.
757 3861 776 3894 ι
805 3841 957 3898 Sicut
984 3846 1130 3900 enim
1154 3849 1413 3904 adversus
1445 3852 1699 3920 populum
1732 3852 1892 3921 impie
1923 3852 2100 3921 egisti,

531 3947 674 3987 nunc
698 3948 914 4004 pinnam
945 3936 1081 3998 lues,
1111 3938 1356 3994 hostibus
1390 3937 1628 3996 ferarum
1665 3942 1770 3996 ritu
1807 3941 1965 4013 243
2005 3941 2102 3996 tibi

531 4024 926 4095 ingruentibus,
961 4040 1124 4098 atque
1165 4032 1217 4083 in
1249 4032 1465 4087 miseria
1504 4034 1673 4087 multa
1711 4033 2100 4096 constitueris;

532 4130 750 4187 propter
810 4119 1055 4175 homines
1083 4137 1114 4174 a
1159 4131 1209 4177 te
1241 4121 1628 4196 Hierosolymis
1670 4126 2005 4191 interfectos,
2050 4136 2106 4181 et

531 4207 654 4275 quia
689 4209 916 4264 sceleste
958 4221 1148 4266 contra
1195 4213 1285 4268 Dei
1335 4216 1608 4286 regionem
1649 4219 1945 4286 urbemque
1990 4220 2102 4289 egi.

532 4299 625 4363 sti,
660 4300 861 4354 nemini
892 4316 1122 4372 parcens
1162 4305 1464 4361 iucolarurn
1505 4308 1645 4378 ejus.
1671 4308 1787 4364 lam
1822 4326 2106 4382 postquam

533 4393 608 4447 illi
640 4404 860 4463 peccata
892 4397 1155 4453 adversus
1193 4403 1452 4469 populum
1499 4405 1860 4474 templumque
1910 4423 2102 4476 exproo

531 4487 729 4548 bravit,
755 4491 1154 4560 cbnsequenter
1176 4492 1356 4546 subdit
1387 4509 1402 4545 :
1442 4511 1460 4543 ι
1500 4493 1637 4559 Quid
1683 4495 1904 4565 prodest
1961 4474 2103 4552 s—cul-
2140 4474 2181 4527 θ

532 4577 682 4644 ptile,
708 4579 833 4647 quia
874 4580 1215 4648 sculpserunt
1262 4582 1426 4637 illud?
1475 4583 1740 4642 Fecerunt
1790 4589 1920 4642 illud
1968 4607 2103 4650 con-

532 4667 716 4727 llatiie,
748 4684 943 4723 vanum
974 4672 1348 4736 simulacrum,
1378 4678 1632 4744 quoniam
1682 4685 1906 4738 confidit
1950 4687 2107 4742 lictor

532 4759 588 4812 in
642 4758 895 4829 figmento
939 4775 1060 4823 suo,
1102 4771 1247 4816 muta
1298 4764 1475 4822 facere
1513 4769 1673 4824 idola.
1720 4792 1736 4822 ι
1771 4773 1849 4828 Τυ
1885 4779 2102 4846 quidem

532 4863 718 4904 verum
760 4849 928 4905 Deum
970 4854 1314 4923 negligebas;
1361 4862 1626 4927 peccabas
1675 4880 1867 4922 secure
1914 4879 2102 4926 contra

531 4953 621 4994 res
652 4939 735 4994 vel
768 4939 1014 4996 homines
1057 4945 1123 4998 ad
1161 4961 1282 4999 eum
1311 4950 1679 5019 pertinentes;
1732 4958 1800 5009 ali
1843 4958 2001 5014 idolis
2052 4973 2105 5018 te

530 5030 778 5102 adjutum
827 5032 891 5085 iri
920 5035 1194 5102 putabas:
1236 5039 1379 5106 quod
1429 5041 1680 5097 humana:
1723 5063 1918 5106 manus
1963 5069 2104 5108 vano

531 5120 914 5175 simulamento
944 5121 1334 5191 formaveram,
1369 5139 1422 5182 tu
1457 5133 1685 5189 adorare
1714 5140 1992 5206 sludebas,
2016 5143 2104 5212 ju-

529 5211 643 5264 τας-ἱ
673 5218 726 5265 te
773 5211 843 5270 ab
883 5211 1044 5270 idolis
1086 5219 1252 5273 mutis
1292 5231 1345 5275 et
1389 5223 1624 5280 humana
1659 5245 1822 5284 manu
1856 5211 2103 5292 formatis

530 5318 778 5372 sperans.

2205 3197 2409 3276 acinaces
2439 3197 2532 3270 ἐπὶ
2569 3216 2630 3268 σέ
2657 3216 2915 3283 ποτήριον
2937 3210 3116 3274 δεξιᾶς
3147 3207 3374 3278 Κυρίου,
3413 3203 3504 3255 καὶ
3536 3197 3732 3268 συνήχθη

2203 3313 2396 3383 ἀτιμία
2435 3311 2527 3362 ἐπὶ
2556 3307 2652 3378 τὴν
2682 3304 2842 3369 δόξαν
2893 3319 3008 3356 σου.
3061 3319 3080 3351 ι
3139 3299 3420 3366 Ἐπήγαγε
3460 3295 3560 3364 γάρ
3596 3308 3663 3343 σοι
3688 3287 3733 3339 τὸ

2205 3382 2402 3456 οἰκεῖον
2430 3401 2687 3470 ποτήριον
2719 3398 2749 3450 ὁ
2777 3394 2932 3459 Θεὸς,
2958 3393 3042 3446 ἵνα
3067 3391 3196 3460 εἴπῃ
3225 3389 3325 3458 τὴν
3355 3388 3424 3440 ἐκ
3452 3386 3544 3453 τῆς
3569 3382 3735 3442 οίκειας

2159 3479 2164 3484 ’
2205 3494 2532 3563 ἀποφάσεως
2575 3488 2864 3560 τιμωρίαν,
2919 3487 3062 3541 ὥστε
3111 3500 3194 3536 σοι
3219 3481 3319 3551 τὴν
3357 3477 3516 3542 δόξαν
3552 3476 3622 3536 εἰς
3652 3488 3736 3525 ett-

2209 3587 2336 3657 μίαν
2365 3585 2622 3653 πλείστην
2663 3578 3001 3648 πανταχόθεν
3034 3572 3434 3646 ἀθροιζομένην
3463 3570 3554 3624 ἐπὶ
3583 3567 3636 3657 σέ
3671 3580 3740 3633 με·

2205 3656 2569 3744 ταϐεϐλῆσθαι
2606 3670 2812 3724 λοιπόν.
2867 3687 2885 3718 ι
2942 3666 3088 3720 Διότι
3129 3663 3353 3718 ἀσέϐεια
3399 3659 3494 3714 τοῦ
3544 3656 3738 3712 meam

2208 3766 2436 3835 καλύψει
2473 3781 2554 3828 σε,
2585 3763 2678 3815 καὶ
2719 3757 3062 3828 ταλαιπωρία
3091 3755 3294 3826 θηρίων
3325 3753 3556 3822 πτοήσει
3588 3765 3658 3809 σε,
3689 3746 3740 3797 δι’

2205 3862 2412 3930 αἵματα
2460 3853 2786 3923 ἀνθρώπων,
2825 3852 2919 3905 καὶ
2954 3848 3208 3910 ἀσεϐείας
3248 3847 3351 3917 γῆς
3416 3845 3512 3899 καὶ
3564 3843 3741 3895 πάντων

2204 3951 2314 4004 τῶν
2363 3945 2757 4002 κατοικούντων
2799 3943 2990 4011 αὑτήν.
3047 3959 3066 3990 ι
3131 3939 3218 4001 Ὠς
3247 3937 3358 4008 γὰρ
3405 3939 3486 3999 εἰς
3526 3934 3610 3988 τὸν
3642 3930 3743 3984 λαὸν

2205 4041 2505 4113 ἠσέϐησας,
2531 4036 2628 4091 νῦν
2665 4033 2856 4096 δώσεις
2890 4031 3046 4100 δίκην
3069 4029 3316 4092 δικαίως,
3347 4027 3538 4095 ὥσπερ
3571 4023 3662 4076 ὑπό
3687 4037 3742 4072 τι·

2206 4155 2312 4190 νων
2350 4133 2554 4205 θηρίων
2585 4129 2695 4184 τῶν
2723 4125 2988 4179 ἐπιόντων
3029 4139 3112 4175 σοι
3146 4121 3456 4191 πολεμίων·
3501 4120 3578 4205 εἰς
3614 4113 3744 4184 φόϐον

2205 4230 2299 4282 καὶ
2331 4203 2704 4291 ταλαιπωρίαν
2739 4215 3055 4288 καταστήσῃ
3096 4213 3294 4282 πολλήν
3315 4227 3328 4240 ·
3379 4211 3523 4280 ὑπὲρ
3543 4203 3612 4261 ὧν
3629 4205 3744 4258 ἀνεί·

2205 4321 2293 4382 λές
2321 4335 2383 4371 τε
2414 4314 2718 4386 ἀνθρώπων
2745 4307 2887 4367 κατά
2927 4306 3024 4375 τὴν
3053 4305 3434 4376 Ἰερουσαλὴμ,
3455 4301 3549 4356 καὶ
3565 4296 3745 4369 ὴσέϐεις

2205 4413 2282 4474 εἴς
2316 4427 2376 4462 τε
2417 4408 2517 4479 τὴν
2544 4406 2649 4476 γῆν
2675 4406 2773 4475 τὴν
2801 4403 2950 4457 θείαν
2992 4402 3084 4454 καὶ
3119 4398 3216 4469 τὴν
3254 4396 3433 4460 πόλιν,
3484 4392 3602 4447 οὐδέ
3643 4388 3745 4458 μίαν

2204 4503 2314 4554 τῶν
2357 4498 2649 4552 οἰκούντων
2688 4495 2858 4566 αὐτὴν
2899 4493 3066 4563 φειδὼ
3107 4488 3381 4542 ποιεῖσθαι
3435 4483 3744 4556 βουλόμενος.

2203 4593 2314 4647 Καὶ
2343 4589 2638 4658 ἐπειδήπερ
2673 4585 2819 4655 αὐτῷ
2846 4586 2943 4654 τὴν
2981 4585 3060 4645 εἰς
3082 4582 3174 4634 τὸν
3204 4580 3331 4633 λαὸν
3369 4579 3467 4632 καὶ
3501 4576 3596 4645 τὴν
3625 4571 3748 4625 πόλιν

2204 4686 2296 4738 καὶ
2323 4685 2412 4737 τὸν
2452 4680 2576 4735 ναὸν
2600 4679 2873 4732 ὠνείδισεν
2901 4677 2958 4728 ἐν
2987 4673 3195 4734 τούτοις
3224 4669 3624 4740 πλημμέλειαν,
3644 4665 3747 4717 ἀκο-

2202 4776 2407 4838 λούθως
2440 4772 2635 4839 ἐπάγει
2657 4788 2669 4800 ·
2719 4790 2738 4823 ι
2784 4769 2848 4821 Τί
2892 4767 3092 4834 ὠφελεῖ
3135 4763 3396 4832 γλυπτὸν,
3429 4763 3516 4814 ὅτι
3547 4756 3749 4826 ἐγλυψαν

2205 4867 2370 4930 animi;
2420 4864 2661 4917 ἔπλασαν
2689 4859 2821 4914 αὐτὸ
2848 4858 3104 4926 χώνευμα
3133 4853 3438 4923 φαντασίαν
3477 4847 3661 4917 ψευδῆ,
3686 4844 3750 4896 ὅτι

2205 4959 2459 5013 πέποιθεν
2487 4958 2516 5008 ὁ
2543 4953 2755 5013 πλάσας
2785 4951 2877 5003 ἐπὶ
2904 4951 2964 5001 τὸ
2994 4948 3220 5018 πλάσμα
3244 4944 3412 4998 αὑτοῦ
3446 4941 3665 5009 ποιῆσαι
3691 4934 3752 5032 εἷς

2201 5052 2343 5105 δωλα
2388 5046 2567 5114 κωφὰ.
2620 5063 2640 5096 ι
2699 5041 2857 5094 Ἀλλά
2901 5043 3009 5108 γὰρ
3037 5038 3262 5108 ἠμέλεις
3308 5037 3432 5106 μὲν,
3463 5032 3646 5126 φησιν,
3678 5042 3751 5126 νῦν

2201 5145 2350 5204 ὄντος
2379 5137 2514 5192 Θεοῦ
2538 5154 2550 5166 ·
2584 5135 2660 5206 (p.
2694 5132 2823 5201 571)
2861 5132 2954 5184 καὶ
2982 5129 3347 5199 ἐπλημμέλεις
3379 5125 3557 5186 ἀδεῶς
3605 5124 3675 5178 εἰς
3704 5124 3755 5168 τά

2203 5233 2352 5303 αὐτῷ
2379 5249 2443 5300 γε
2471 5230 2814 5300 προσήκοντα
2834 5241 2847 5254 ·
2893 5223 2997 5276 ὑπὸ
3023 5223 3079 5275 δὲ
3107 5221 3215 5274 τῶν
3243 5219 3483 5272 εἰδώλων
3510 5209 3754 5282 ὡφεληῡήο

2208 5326 2392 5380 σεσθαι
2430 5322 2536 5392 ᾤου
2554 5337 2568 5350 ·
2589 5319 2617 5372 ὃ
2640 5321 2758 5380 ταῖς
2799 5315 3164 5386 ἀνθρωπίναις
3191 5311 3561 5382 εἰργασμένον
3597 5303 3763 5374 χερσὶν

529 5399 586 5450 ἐν
607 5397 858 5471 ἀπατηλῇ
888 5418 992 5454 τινι
1021 5403 1290 5472 φαντασίᾳ
1321 5403 1639 5476 θεραπεύειν
1661 5410 1936 5478 ἔσπευδες,
1960 5414 2410 5491 ὡφεληθὴσεσθαί
2443 5431 2494 5465 τι
2525 5410 2768 5480 οἰόμενος
2797 5408 2906 5461 ἀπὸ
2938 5404 3171 5460 εἰδώλων
3208 5403 3447 5472 ἀφώνων
3469 5393 3756 5469 ἁνθρωττεέέῑ

530 5487 874 5542 πλασθέντων
899 5491 1061 5562 χειρί.

599 5577 763 5636 Vens.
787 5581 964 5639 19-20.
994 5615 1062 5624 ——
1083 5584 1274 5641 Postea
1301 5598 1668 5643 consentaneo
1700 5607 1947 5648 sermone
1977 5613 2099 5665 pro—

528 5673 772 5742 sequitur
828 5695 840 5728 :
896 5695 914 5726 ‹
967 5675 1060 5732 Va:
1100 5680 1190 5746 qui
1246 5678 1378 5732 dicit
1423 5681 1570 5749 ligno
1618 5701 1630 5734 :
1688 5683 2092 5755 Expergiscere.

529 5779 726 5836 surge;
753 5775 805 5821 et
834 5767 996 5840 lapidi
1026 5789 1038 5824 :
1071 5769 1338 5826 Extollere
1373 5792 1382 5825 z
1419 5771 1550 5827 uibil
1584 5790 1707 5829 vero
1753 5776 1894 5830 aliud
1925 5795 2089 5852 quam

2275 5597 2421 5666 Στίχ.
2470 5593 2557 5658 ιθ’,
2587 5600 2655 5656 κ’.
2714 5588 2845 5645 Εἶτα
2876 5589 3184 5651 ἀκολούθως
3247 5589 3484 5653 ἐπάγει·
3519 5602 3538 5632 ι
3576 5578 3700 5633 Οὐαὶ
3734 5576 3759 5624 ὁ

2201 5687 2373 5755 λέγων
2408 5684 2487 5755 τῷ
2512 5682 2671 5753 ξύλῳ,
2699 5683 2989 5752 Ἕκνηψον,
3026 5679 3362 5750 ἐξεγέρθητι·
3401 5677 3502 5729 καὶ
3533 5673 3609 5742 τῷ
3630 5669 3757 5734 λίθῳ.

2203 5778 2507 5850 ’Υψὼθητι-
2544 5777 2635 5834 καὶ
2685 5774 2813 5828 αὑτό
2863 5777 2973 5826 ἐστι
3009 5771 3273 5841 φαντασία
3295 5786 3306 5798 ·
3339 5766 3510 5820 τοῦτο
3550 5764 3604 5816 δέ
3636 5765 3759 5818 ἐστίν
