3824 6514
113 339 191 401 ὁδί

932 333 1484 392 COMMENTARIUS
1518 335 1585 390 1N
1625 336 1966 396 HABACUCI
2010 338 2432 394 ORATIONEM.

3209 338 3314 393 ΜΩ

114 463 284 525 ἔλασμα
324 454 386 505 ὲκ
436 448 648 521 χρυσίου
707 449 801 504 καὶ
840 449 1125 519 ἀργυρίου.
1154 453 1248 505 καὶ
1283 455 1390 506 πᾶν
1419 453 1634 524 πνεῦμα
1664 500 1669 511 ι

1757 454 2021 509 ibantasia
2044 461 2167 520 est;
2202 455 2255 509 id
2294 464 2376 510 est
2408 454 2523 508 auri
2552 454 2826 524 argentive
2859 453 3081 513 lamina,
3112 455 3317 509 nullus-

113 550 188 599 οὐκ
214 548 341 598 ἔστιν
366 545 422 595 ὲν
449 540 590 610 αὐτῷ
609 559 622 572 ·
664 541 694 592 ὁ
721 540 778 593 δὲ
824 541 1028 609 Κύριος
1070 544 1127 594 ὲν
1158 542 1269 613 ναῷ
1301 544 1441 613 ἁγίῳ
1469 543 1635 597 αὑτοῦ

111 635 395 693 egissem
421 634 526 689 ἀπὸ
562 634 851 704 προσώπου
883 634 1045 688 αὑτοῦ
1081 637 1229 687 πᾶσα
1262 637 1296 696 ἡ
1324 636 1417 705 γῆ.
1462 655 1479 687 ›
1515 636 1641 699 Πῶς

110 725 182 781 οἷν
205 728 288 779 οὐκ
314 724 659 786 ὲλεεινότατος
685 724 803 795 εἴης
832 723 897 777 ἂν
933 724 1007 787 ώς
1042 710 1363 796 ἐγρηγορότι
1393 725 1471 795 τῷ
1500 724 1641 794 ξύλῳ

109 818 456 887 διαλεγόμενος,
480 814 569 867 καὶ
605 814 855 884 βοήθειαν
883 816 958 876 ώς
1000 816 1061 880 ἐξ
1088 816 1293 886 ὑψηλοῦ
1338 816 1515 886 ζητῶν
1547 817 1639 870 τοῦ

110 910 305 972 εἰδώλου,
348 908 376 960 ὃ
420 907 678 976 φανταξει
735 908 832 977 μὲν
872 908 965 961 τὸν
1008 908 1217 979 ὁρῶντα
1256 911 1415 981 μόνον
1458 910 1533 973 ώς
1583 911 1641 976 ἐξ

112 1004 213 1071 ὕλης
254 1000 737 1071 κατεσκευασμένον
792 1002 1001 1070 τιμίας,
1049 1002 1255 1073 ἔρημον
1296 1003 1353 1056 δὲ
1404 1002 1641 1071 ζωτικῆς

111 1097 254 1163 πάσης
280 1094 386 1146 ἐστὶ
428 1093 740 1161 δυνάμεως;
781 1092 961 1162 πολλῷ
1011 1094 1118 1163 γὰρ
1159 1090 1228 1165 ἦν
1275 1094 1496 1163 ἄμεινόν
1535 1112 1637 1157 σοι,

111 1183 273 1236 τούτων
324 1182 417 1251 μὲν
476 1183 832 1251 καταφρονεῖν
883 1183 977 1235 καὶ
1015 1182 1217 1254 μηδένα
1266 1183 1425 1251 λόγον
1464 1184 1641 1236 αὐτῶν

113 1274 351 1336 ποιεῖσθαι,
392 1272 805 1339 ἀναλογίζεσθαι
867 1273 925 1326 δὲ
970 1273 1064 1327 τοῦ
1112 1274 1243 1327 θεοῦ
1286 1275 1347 1327 τὸ
1391 1276 1639 1344 μέγεθος,

112 1364 280 1432 ἔχοντος
330 1362 424 1431 μὲν
477 1363 704 1433 φοϐερὸν
756 1364 850 1416 καὶ
900 1364 1212 1436 ἀπόρρητον
1264 1365 1389 1419 ναὸν
1427 1367 1488 1419 τὸ
1532 1367 1643 1420 τῶν

110 1454 307 1523 οὐρανῶν
329 1454 659 1524 οἰκητήριον,
698 1455 1035 1524 κεκτημένου
1063 1456 1120 1508 δὲ
1146 1456 1270 1510 ναὸν
1299 1458 1392 1510 καὶ
1420 1460 1510 1511 ἐπὶ
1540 1460 1641 1528 γῆς

109 1544 173 1595 διὰ
195 1543 275 1612 τὴν
298 1544 401 1595 τῶν
430 1544 734 1616 ἀνθρώπων
759 1540 947 1615 χρείαν
967 1561 979 1574 ·
1016 1547 1153 1616 πρὸς
1182 1547 1241 1600 ὃν
1271 1551 1332 1603 οὐ
1373 1552 1429 1602 σὲ
1463 1551 1639 1620 μόνον,

110 1634 214 1687 ἀλλὰ
236 1635 319 1686 καί
343 1635 547 1699 πάντας
575 1635 702 1699 τοὺς
730 1636 869 1689 κατὰ
895 1637 1001 1706 γῆν
1044 1639 1365 1711 ἀνθρώπους
1390 1642 1639 1712 ἀφορῶν-

110 1741 197 1786 τας,
230 1724 354 1791 μετὰ
386 1723 584 1776 πολλοῦ
635 1724 911 1795 προσῆκον
960 1722 1029 1796 ἦν
1074 1728 1170 1780 τοῦ
1217 1728 1369 1791 δέους
1415 1731 1506 1781 καὶ
1542 1729 1641 1799 τὴν

1738 565 1845 618 que
1892 548 1945 601 in
1990 563 2055 602 eo
2094 547 2320 617 spiritus
2367 554 2469 602 est.
2510 546 2770 601 Dominus
2805 556 2985 601 autem
3027 546 3083 599 in
3115 552 3315 615 templo

1740 648 1932 695 sancto
1956 654 2058 693 suo
2087 656 2100 692 :
2130 650 2443 694 revereatur
2464 653 2491 690 a
2518 637 2654 692 facie
2672 638 2793 705 ejus
2813 638 3067 692 universa
3097 640 3262 691 terra.
3294 658 3310 685 ι

1740 731 1940 798 Quidni
1971 746 2100 801 ergo
2128 731 2468 786 miserrimus
2512 732 2608 793 sis,
2650 732 2743 799 qui
2784 730 3015 799 lapidem
3053 744 3151 784 ceu
3183 728 3317 798 vigi-

1739 825 1941 878 lantem
1981 824 2311 893 alloqueris;
2356 831 2408 877 et
2456 823 2739 886 auxilium,
2782 823 2935 892 quasi
2978 838 3045 876 ex
3082 822 3213 883 alto.
3247 820 3317 873 ab

1743 915 1887 969 idolo
1919 914 2205 983 exposcis.
2234 914 2378 979 quod
2415 911 2754 981 phantasiam
2788 911 3163 965 tantummodo
3194 926 3317 978 spe-

1741 1004 1911 1059 ctanti
1946 1003 2154 1071 objicit,
2206 1018 2305 1057 ceu
2353 1001 2590 1071 pretiosa
2640 1001 2866 1054 materia
2909 1008 3191 1063 constans,
3222 999 3317 1054 sed

1743 1104 1923 1150 tamen
1954 1097 2005 1148 vi
2039 1094 2186 1149 omni
2222 1093 2370 1147 vitali
2401 1093 2592 1146 caret?
2614 1089 2780 1145 Multo
2814 1090 2908 1143 tibi
2956 1090 3152 1144 melius
3180 1101 3318 1154 erat,

1745 1186 1857 1240 hate
1886 1193 2235 1239 contemnere
2264 1198 2328 1236 ac
2357 1180 2509 1235 ﬂocci
2545 1179 2757 1246 facere;
2790 1192 2839 1234 et
2870 1181 3109 1249 cogitare
3140 1180 3319 1247 potius

1742 1278 1807 1332 de
1860 1277 1952 1331 Dei
1998 1274 2393 1344 magnitudine,
2425 1271 2517 1341 qui
2552 1271 2891 1326 tremendum
2953 1284 3321 1339 arcanumque

1743 1368 1905 1421 habet
1953 1369 2008 1419 in
2058 1369 2198 1419 caelo
2258 1364 2647 1424 habitaculum,
2700 1372 2753 1415 et
2803 1362 2856 1415 in
2896 1361 3053 1415 terris
3106 1374 3323 1429 quoque

1742 1460 1998 1528 templum
2039 1457 2280 1527 possidet
2329 1453 2607 1510 hominum
2646 1454 2767 1510 usui
2802 1452 3269 1507 accommodatum
3305 1469 3319 1515 ;

1743 1552 1807 1606 ad
1837 1568 1995 1622 quem
2039 1567 2148 1605 non
2195 1557 2246 1604 te
2305 1548 2504 1608 solum,
2550 1547 2645 1601 sed
2690 1557 2743 1601 et
2788 1561 2978 1599 omnes
3008 1559 3101 1613 per
3134 1543 3320 1597 orbem

1743 1644 1990 1699 homines
2030 1645 2301 1710 respicere
2337 1639 2503 1692 multa
2531 1652 2652 1691 cum
2690 1636 2995 1691 reverentia
3028 1642 3318 1703 oporteret,

1741 1737 1971 1805 ejusque
2028 1733 2347 1787 memoriam
2398 1738 2583 1784 mente
2634 1738 2838 1783 tenere.
2899 1728 3076 1795 Atque
3131 1725 3186 1778 in
3240 1724 3324 1777 bis

110 1818 273 1869 ἔννοιαν
318 1817 454 1886 ἔχειν
506 1819 565 1870 ὲν
622 1819 833 1881 ἑαυτοῖς
876 1818 975 1889 τὴν
1031 1820 1259 1873 ἐκείνου.
1305 1823 1391 1873 Ἐν
1432 1823 1529 1891 μὲν
1578 1824 1641 1893 δὴ

1757 1828 2015 1883 :onclusit
2051 1825 2196 1877 illaut
2244 1823 2311 1875 de
2356 1837 2461 1889 qua
2513 1834 2614 1874 nos
2662 1818 2923 1871 hactenus
2955 1817 3165 1886 egimus
3197 1829 3324 1883 pro-

110 1906 273 1969 τοὺτοις
322 1908 649 1977 συνεπὲρανε
712 1908 823 1960 τῶν
882 1909 1294 1979 προειρημένων
1358 1912 1489 1980 ἡμῖν
1544 1914 1642 1981 τὴν

111 1998 391 2069 προφητείαν
423 1998 453 2050 ὁ
484 2000 757 2070 μακάριος
792 2000 1135 2071 Ἀμὸακοὺμ,
1170 2008 1246 2071 (p.
1288 2003 1412 2070 37‘2)
1444 2002 1552 2055 τῶν
1586 2021 1640 2055 τε

111 2092 152 2141 tv
174 2088 237 2158 τῷ
283 2088 388 2159 λαῷ
432 2091 1008 2146 καταδυναστευόντων
1055 2095 1180 2157 τοὺς
1228 2095 1466 2163 πένητας
1516 2095 1645 2148 καθ-

112 2181 355 2250 αψάμενος,
394 2182 486 2235 καὶ
536 2184 639 2253 τὴν
688 2184 1141 2255 ὲπαχθησομένην
1185 2187 1367 2249 αὐτοῖς
1409 2187 1493 2239 διὰ
1547 2188 1645 2255 τῆς

112 2274 409 2328 Βαϐυλωνίων
431 2275 625 2344 ἐφόδου
657 2276 928 2347 τιμωρίαν
970 2278 1161 2330 εἰπών.
1189 2278 1296 2330 Καὶ
1332 2281 1448 2348 μετ’
1474 2281 1647 2331 ἐκεῖνο

113 2368 184 2437 τὴν
216 2367 377 2421 αὐτῶν
422 2385 483 2420 τε
530 2368 644 2421 τῶν
706 2368 1063 2422 Βαὸυλωνίων
1111 2370 1348 2440 εἰρηκὼς
1403 2371 1494 2424 καὶ
1548 2372 1647 2443 τὴν

112 2458 316 2528 ὡμότητα
402 2460 532 2531 περί
561 2477 622 2513 τε
664 2461 791 2524 τοὺς
838 2461 1058 2525 λοιποὺς
1101 2464 1197 2516 καὶ
1232 2462 1331 2531 τὴν
1377 2463 1647 2533 Ἰερουσα-

112 2548 195 2620 ita
231 2552 512 2622 ἐχρήσαντο
559 2551 688 2615 τούς
734 2571 792 2606 τε
834 2554 1115 2617 οἰκοῦντας
1155 2555 1347 2625 αὐτὴν,
1394 2557 1542 2618 ὅπως
1589 2573 1647 2608 τε

113 2643 303 2696 κάκεῖνοι
328 2644 476 2706 δίκας
508 2645 616 2712 τῆς
647 2645 851 2707 οἰκείας
880 2645 1143 2699 δεδώκασι
1173 2648 1540 2719 παρανομίας.

436 2736 814 2789 ΠΡΟΣΕΥΧΗ
853 2738 1271 2791 ΑΜΒΑΚΟΥΜ.

162 2825 285 2895 Στίχ.
314 2825 377 2891 α’,
409 2827 471 2897 β’.
499 2861 569 2872 --
602 2830 805 2899 Τρέπει
838 2828 894 2881 δὲ
939 2829 1031 2881 ἐπὶ
1064 2830 1373 2899 προσευχὴν
1406 2829 1651 2884 ἐντεῦθεν

114 2917 180 2970 τὸν
199 2918 353 2986 λόγον,
376 2922 431 2971 ὲν
469 2922 718 2990 σχήματι
748 2922 1061 2991 προσευχῆς
1098 2922 1165 2974 τὰ
1212 2922 1364 2993 παρὰ
1395 2922 1487 2976 τοῦ
1517 2923 1652 2976 Θεοῦ

114 3011 207 3080 περὶ
240 3012 319 3064 τὸν
360 3012 485 3065 λαὸν
537 3013 774 3082 ἐσόμενα
806 3014 1026 3083 μηνύων
1056 3016 1254 3081 ἀγαθά.
1296 3017 1558 3087 Ἀρχεται
1597 3016 1653 3068 δὲ

114 3102 269 3167 οὕτως·
305 3123 322 3155 ι
354 3106 545 3175 Κύριε,
586 3106 886 3174 εἰσακήκοα
920 3106 1020 3177 τὴν
1050 3107 1219 3177 ἀκοήν
1256 3125 1370 3173 σου,
1409 3108 1502 3161 καὶ
1531 3110 1655 3176 ἐφο-

114 3191 264 3262 ϐήθην.
295 3214 310 3245 ι
334 3195 548 3269 ,Ἀκοὴν
577 3193 725 3262 λέγει
767 3196 865 3264 τὴν
909 3196 1275 3266 ἐγγενομένην
1318 3197 1466 3265 αὐτῷ
1503 3197 1655 3267 παρὰ

114 3281 183 3333 r93
199 3283 313 3335 θεοῦ
339 3284 684 3352 ἀποκάλυψιν
703 3302 715 3315 °
741 3285 931 3355 ὥσπερ
961 3288 1053 3338 καὶ
1078 3290 1105 3340 ὁ
1129 3289 1394 3357 μακάριος
1430 3290 1655 3350 Ἡσαΐας

115 3373 175 3435 τὸ,
204 3394 219 3426 ι
250 3376 333 3439 Τίς
363 3377 656 3429 ἐπίστευσε
696 3378 794 3447 τὴν
847 3377 1019 3449 ἀκοὴν
1053 3378 1241 3448 ημῶνς
1283 3396 1301 3428 ι
1343 3382 1437 3432 καὶ
1480 3384 1508 3435 ὀ
1554 3400 1657 3451 μα.-

118 3464 261 3534 κάριος
286 3466 451 3523 Δαυῖδ.
489 3487 509 3518 r
548 3468 733 3520 Κλινῶ
780 3469 861 3530 εἰς
908 3468 1225 3539 παραϐολὴν
1254 3473 1313 3524 τὸ
1338 3466 1433 3533 οῦς
1464 3489 1563 3540 μου
1586 3490 1597 3502 ·
1632 3490 1652 3523 ι

115 3550 256 3628 ὦνπερ
284 3556 369 3613 οὖν
404 3561 502 3614 καὶ
551 3562 615 3613 ὲν
656 3564 768 3624 τοῖς
806 3561 1098 3633 ἁνωτέροις
1133 3564 1478 3633 πεποιήμεθα
1522 3568 1658 3635 μνη-

120 3666 216 3718 μην.
249 3651 531 3705 Κάνταῦθα
584 3652 761 3705 τοίνυν
800 3652 960 3705 τοῦτό
1009 3670 1192 3723 φησιν,
1224 3656 1307 3707 ὅτι
1357 3657 1661 3726 Δεξαμενὸς

118 3758 190 3794 σου
229 3746 316 3813 τὴν
362 3745 735 3813 ἀποκάλυψιν.
779 3745 847 3798 δι’
891 3740 961 3817 ἧς
998 3747 1321 3817 ὲγνώρισας,
1369 3744 1519 3811 ὅπως
1562 3750 1660 3817 μὲν

116 3834 356 3904 τιμωρήσῃ
380 3836 506 3897 τοὺς
540 3837 604 3887 ἐν
636 3833 715 3902 τῷ
743 3831 856 3902 λαῷ
885 3834 1335 3903 παρανομοῦντας
1359 3833 1448 3886 διὰ
1487 3834 1662 3887 Βαϐυ-

116 3922 296 3987 λωνίων,
324 3928 466 3989 ὅπως
490 3927 553 3979 δὲ
584 3926 743 3978 πάλιν
777 3928 887 3988 τοῖς
915 3925 1273 3989 Βαϐυλωνίοις
1296 3926 1559 3993 ἀνάλογον
1582 3920 1662 3988 οἷς

116 4014 614 4087 πεπλημμελήκεσαν
643 4014 863 4079 ἐπάξεις
901 4016 999 4084 τὴν
1028 4016 1317 4084 τιμωρίαν,
1354 4016 1521 4083 φόὸου
1559 4017 1663 4079 πᾶς

114 4105 389 4179 ἐπληρώθην
415 4110 671 4170 εἰκότως.
705 4110 783 4176 (p.
810 4106 934 4176 575)
967 4125 985 4157 t
1017 4106 1209 4177 Κύριε,
1258 4107 1564 4177 κατενόησα
1595 4107 1663 4160 τὰ

117 4197 225 4266 ίργα
260 4218 343 4252 σου
388 4203 485 4253 καὶ
532 4199 784 4269 ἐξέστην.
828 4220 844 4250 ι
887 4198 1367 4268 Ἀναλογισάμενος
1416 4198 1525 4269 γὰρ
1563 4200 1664 4252 ὅσα

118 4291 333 4357 ποικίλως
384 4293 702 4364 διαπράττῃ
752 4291 879 4361 περὶ
922 4292 1049 4354 τοὺς
1103 4290 1421 4360 ἀνθρώπους
1483 4290 1663 4356 ἀνεξι-

118 4385 254 4454 κακίᾳ
293 4403 349 4437 τε
398 4390 467 4456 τῇ
522 4383 725 4454 δεούσῃ
770 4382 1143 4453 κεχρημένος,
1187 4384 1284 4435 καὶ
1323 4382 1664 4453 ἀδιορθώτως

1747 1916 1981 1987 phetiam
2035 1915 2226 1968 beatus
2281 1911 2637 1974 Habacucus;
2704 1909 2977 1977 principes
3024 1904 3186 1959 simul
3230 1906 3325 1972 qui

1747 2021 2012 2075 pauperes
2074 2002 2452 2072 opprimebant
2511 1999 2842 2067 increpans,
2904 1993 3174 2061 simulque
3237 1991 3323 2043 in-

1747 2098 2021 2152 ferendam
2074 2096 2179 2148 illis
2228 2108 2257 2147 a
2300 2091 2610 2163 Babyloniis
2655 2103 2869 2158 poenam
2913 2084 3075 2156 244
3109 2084 3322 2139 dicens.

1747 2190 1941 2240 Postea
1987 2184 2405 2255 Babyloniorum
2451 2182 2691 2251 ipsorum
2740 2177 2983 2231 narravit
3039 2173 3329 2241 saevitiam,

1747 2295 1909 2349 quam
1959 2286 2013 2332 et
2063 2277 2117 2330 in
2157 2282 2384 2331 caeteros
2433 2279 2487 2327 et
2529 2279 2719 2325 contra
2752 2266 3053 2323 Jerusalem
3099 2264 3329 2333 ejusque

1749 2372 1895 2424 cives
1934 2373 2399 2437 exprompserant,
2435 2372 2488 2418 et
2523 2378 2631 2433 quo
2664 2370 2823 2431 pacto
2854 2368 2907 2414 ct
2950 2359 3040 2412 isti
3076 2357 3329 2425 nequitiae

1750 2477 1862 2519 sua:
1893 2476 2083 2532 punias
2114 2460 2339 2513 meritas
2364 2457 2634 2513 dederint.

2201 2737 2460 2795 ORATIO
2507 2733 2871 2789 liABACUCl.

1825 2836 2050 2897 Vensd,
2068 2835 2122 2887 9..
2141 2864 2211 2872 —
2230 2832 2511 2887 Convertit
2535 2827 2730 2883 deinde
2757 2826 2821 2879 ad
2847 2822 3145 2877 orationem
3172 2819 3337 2873 verba

1754 2930 2037 3001 propheta,
2072 2934 2126 2982 et
2171 2926 2273 2981 sub
2316 2923 2524 2978 orantis
2562 2920 2745 2990 specie
2777 2927 3033 2973 eventura
3068 2913 3265 2983 popqu
3306 2929 3336 2965 υ

1755 3025 1864 3079 Deo
1893 3024 2033 3077 bona
2065 3018 2330 3091 prazdicit.
2380 3015 2473 3070 Sic
2516 3022 2698 3067 autem
2745 3009 2937 3077 incipit
2973 3025 2985 3061 :
3031 3024 3049 3057 ι
3088 3004 3337 3065 Domine,

1682 3138 1723 3195 (ς
1758 3114 1938 3169 audivi
1996 3112 2328 3167 auditionem
2378 3116 2551 3169 tuam,
2599 3112 2653 3159 et
2706 3102 2882 3157 timui.
2930 3120 2949 3153 ι
2990 3097 3335 3152 Auditioncm

1757 3208 1889 3263 dicit
1933 3205 2130 3259 factam
2159 3203 2261 3258 sibi
2305 3216 2335 3254 a
2373 3199 2483 3254 Deo
2516 3195 2939 3258 revelationem;
2988 3192 3128 3245 sicut
3175 3191 3338 3243 etiam

1756 3299 1900 3371 apud
1953 3298 2171 3352 beatum
2236 3293 2426 3348 Isaiam
2469 3309 2483 3347 :
2537 3309 2556 3341 ι
2613 3288 2748 3354 Quis
2796 3284 3026 3340 credidit
3072 3279 3339 3335 anditioni

1758 3366 1960 3445 nostra:
2003 3390 2084 3443 ἠ
2120 3407 2136 3439 ι
2174 3385 2305 3441 Item
2355 3386 2549 3439 beatus
2606 3380 2823 3434 David:
2881 3396 2899 3428 ‹
2958 3375 3233 3429 inclinabo
3288 3366 3341 3423 in

1758 3482 2075 3554 parabolam
2107 3494 2293 3535 aurem
2325 3492 2498 3531 meam
2532 3475 2578 3505 "
2615 3492 2627 3525 :
2668 3490 2686 3523 ι
2719 3471 2879 3539 cujus
2910 3469 2984 3522 rei
3018 3470 3071 3521 in
3098 3466 3341 3533 superiu-

1758 3578 1912 3632 ribns
1938 3588 2153 3643 quoque
2184 3569 2515 3624 mentionem
2552 3566 2799 3620 fecimus.
2836 3562 2946 3614 Hoc
2988 3560 3147 3629 igitur
3182 3557 3347 3613 etiam

1762 3667 1880 3720 loco
1904 3666 2015 3717 ait:
2042 3665 2276 3729 Accepta
2299 3675 2399 3728 ego
2453 3656 2779 3710 revelatione
2824 3660 2933 3713 tua,
2971 3664 3078 3717 qua
3128 3661 3212 3699 me
3244 3644 3350 3701 ἀει-ι

1760 3753 1945 3811 cuisti,
1971 3748 2244 3820 quomodo
2281 3746 2571 3816 puniturus
2613 3742 2690 3796 sis
2726 3737 3145 3809 Babyloniorum
3178 3746 3353 3787 manu.

1763 3852 2049 3915 peccantes
2082 3841 2134 3893 in
2170 3838 2403 3907 p0pulo,
2435 3845 2488 3889 et
2521 3832 2798 3903 quomodo
2844 3829 3087 3884 vicissim
3118 3824 3351 3894 Babylo-

1762 3938 1870 3991 niis
1893 3947 2189 4002 congruam
2224 3929 2437 3983 delictis
2473 3940 2659 3979 eorum
2696 3938 2910 3992 poenam
2944 3921 3020 3974 sis
3060 3917 3353 3984 impositn.

1764 4044 1891 4091 rus;
1944 4038 2143 4094 pavore
2182 4037 2303 4074 sum
2358 4019 2616 4087 repletus,
2665 4023 2717 4069 et
2784 4014 2997 4066 merito.
3032 4029 3051 4059 ι
3098 4009 3353 4069 Domine,

1763 4116 2105 4175 consideravi
2139 4128 2302 4182 opera
2342 4119 2455 4170 tua,
2500 4118 2552 4163 et
2601 4106 2878 4175 obstupui.
2930 4124 2946 4154 ›
2982 4102 3348 4157 Consideruns

1762 4218 1963 4281 quanta
2015 4202 2371 4260 multifariam
2430 4199 2624 4253 feceris
2673 4212 2798 4267 erga
2849 4194 3095 4247 homines
3153 4191 3348 4244 idonea

1764 4303 2019 4374 patientia
2053 4307 2232 4357 utens,
2260 4304 2314 4349 et
2351 4309 2447 4348 eos
2481 4292 2574 4361 qui
2603 4291 2720 4344 sine
2762 4287 3079 4358 ptenitentia
3114 4284 3351 4354 prolapsi

1765 4402 1892 4451 Sunt
1953 4392 2306 4446 conveniente
2369 4384 2581 4439 ratione
2639 4383 2903 4451 puniens,
2959 4389 3180 4447 stupore
3228 4391 3351 4430 sunt

118 4476 385 4541 πταίοντας,
424 4479 567 4546 μετὰ
605 4476 761 4541 λόγου
793 4475 885 4527 τοῦ
923 4476 1290 4544 προσήκοντος
1327 4476 1665 4547 τιμωρούμε-

1770 4492 2077 4552 correptus,
2107 4494 2322 4532 arcanae
2357 4486 2461 4530 tuae
2502 4473 2852 4543 providentiae
2894 4468 3212 4539 sapientiam
3256 4468 3352 4518 ad-

116 4583 203 4630 νος,
230 4570 297 4631 είς
326 4571 584 4623 ἔκστασιν
612 4566 845 4636 ἐλήλυθα
874 4567 965 4618 ἐπὶ
995 4564 1073 4634 τῷ
1103 4566 1337 4635 θαύματι
1359 4566 1466 4617 τῶν
1498 4566 1670 4630 οὕτως

114 4660 400 4731 ἁπορῤήτως
439 4659 601 4731 παρὰ
641 4660 740 4729 τῆς
782 4659 882 4727 σῆς
939 4658 1408 4727 οἰκονομουμένων
1456 4657 1668 4727 σοφίας.

122 4767 136 4799 ι
172 4751 248 4801 Ἔν
300 4754 444 4822 μέσῳ
480 4751 583 4805 δύο
626 4748 781 4815 ζώων
826 4749 1139 4819 γνωσθήσῃ.
1186 4768 1204 4799 ι
1248 4749 1377 4802 Ἰδοὺ
1425 4749 1534 4818 γὰρ
1578 4750 1670 4801 καὶ

117 4838 192 4891 νῦν
215 4841 390 4911 ὥσπερ
418 4845 476 4894 ἐν
504 4842 603 4894 δύο
622 4840 780 4905 ζώοις
821 4842 933 4902 τοῖς
957 4857 1016 4891 τε
1058 4841 1117 4892 ὲν
1156 4840 1235 4909 τῷ
1275 4838 1387 4909 λαῷ
1420 4840 1673 4910 πλημμε-

115 4930 239 4985 λοῦσι
266 4937 354 4987 καὶ
381 4938 495 4999 τοῖς
529 4935 893 4997 Βαϐυλωνίοις
930 4934 1047 5003 μετ’
1073 4933 1334 4997 ἐκείνους,
1358 4933 1417 4998 ἐξ
1444 4928 1518 4985 ὧν
1545 4936 1675 5005 περὶ

117 5024 369 5096 ἑκατέρους
406 5026 738 5093 πεποίηκας,
789 5026 888 5093 τήν
927 5041 982 5076 τε
1022 5024 1252 5095 δύναμιν
1294 5026 1386 5077 καὶ
1433 5026 1530 5094 τὴν
1582 5042 1669 5077 σο-

118 5116 219 5179 φίαν
248 5122 333 5170 καὶ
362 5120 461 5187 τὴν
493 5119 623 5186 περὶ
656 5118 717 5169 τὸ
756 5116 963 5168 δίκαιον
1002 5117 1317 5185 ἐπιμέλειαν
1365 5116 1669 5187 ὲγνώρισας

120 5210 305 5261 σαυτοῦ.
340 5230 357 5259 ι
402 5212 495 5263 Ἐν
524 5207 600 5279 τῷ
644 5210 878 5276 ἐγγίζειν
919 5210 987 5261 τὰ
1032 5209 1124 5279 ἔτη
1166 5208 1569 5278 ἐπιγνωσθήσῃ.
1613 5210 1670 5260 ἐν

118 5298 179 5359 τῷ
202 5304 443 5370 παρεῖναι
472 5302 566 5354 τὸν
606 5301 798 5371 καιρὸν
819 5300 1199 5369 ἀναδειχθήσῃ,
1238 5320 1256 5351 ι
1286 5300 1400 5352 Νῦν
1435 5301 1533 5370 μὲν
1564 5300 1670 5371 γὰρ

122 5388 235 5441 αὐτὰ
265 5391 329 5443 δι’
368 5392 769 5461 ἀποκαλύψεως
814 5390 1157 5458 κατέστησας
1188 5393 1319 5461 ἡμῖν
1362 5391 1674 5460 γνώρισμα·

124 5485 538 5553 παραγενομένου
565 5486 622 5538 δὲ
655 5485 749 5536 τοῦ
792 5484 1004 5554 καιροῦ,
1032 5484 1153 5536 καθ’
1181 5484 1210 5535 ὃ
1238 5486 1510 5555 προσῆκεν
1542 5485 1679 5537 αὐτὰ

122 5569 239 5623 κατὰ
273 5574 331 5625 τὸ
373 5574 567 5626 δοκοῦν
609 5592 691 5627 σοι
736 5575 908 5643 πέρας
957 5574 1161 5636 λαὸεἷν,
1213 5574 1434 5642 μείζονὰ
1475 5590 1535 5624 τε
1587 5573 1680 5627 καὶ

125 5668 431 5733 σαφεστέραν
460 5668 643 5730 αὐτοῖς
679 5667 857 5739 ἔργοις
894 5666 993 5737 τῆς
1028 5667 1235 5730 οἰκείας
1269 5668 1549 5737 δυνάμεως
1586 5668 1678 5721 καὶ

212 5768 379 5830 u15a.
425 5790 548 5840 ιιιι,
587 5778 630 5829 l.
707 5779 750 5807 ”
788 5779 923 5833 l’sal.
967 5794 1128 5842 xtvn,
1162 5779 1214 5831 ὃ.

1768 4577 1993 4629 mirans.
2034 4592 2051 4622 ι
2092 4573 2144 4625 ln
2188 4570 2366 4623 medio
2414 4568 2644 4621 duorum
2701 4562 3013 4616 animalium
3051 4573 3349 4626 cognoscc-«

1765 4670 1861 4723 ris.
1900 4688 1917 4719 ι
1960 4666 2097 4718 Ecce
2134 4664 2275 4717 enim
2307 4669 2360 4713 et
2395 4675 2559 4717 nunc.
2586 4646 2751 4726 lquasi
2801 4657 2852 4708 in
2890 4655 3102 4708 duobus
3143 4653 3354 4704 anima—

1769 4760 1931 4822 libus,
1956 4756 2008 4809 ἰαί
2035 4761 2118 4807 est
2148 4752 2330 4822 populi
2382 4749 2779 4819 peccatoribus,
2814 4756 2865 4798 et
2910 4760 3034 4797 mox
3086 4743 3139 4796 in
3179 4742 3354 4812 Baby-

1770 4850 1951 4907 loniis.
1981 4862 2043 4900 ex
2093 4846 2159 4899 iis
2190 4858 2310 4913 quae
2350 4844 2496 4895 circa
2525 4850 2786 4907 utrosque
2822 4836 3019 4897 fecisti,
3053 4834 3352 4904 potentiam

1771 4948 1918 4992 luant
1962 4947 2123 5004 atque
2161 4932 2484 5002 sapientiam
2534 4930 2868 4999 justitimque
2927 4941 3114 4979 curam
3166 4932 3353 4977 osten-

1775 5030 1923 5084 disti.
1963 5048 1979 5078 ι
2012 5028 2147 5081 Cum
2194 5022 2746 5094 appropinquaverint
2779 5019 2927 5080 anni,
2965 5016 3355 5085 cognosceris;

1775 5132 1898 5170 cum
1949 5122 2161 5181 tempus
2216 5113 2417 5175 aderit,
2471 5109 2955 5164 demonstraberis.
2996 5125 3014 5157 ι
3050 5103 3203 5157 Nunc
3245 5106 3355 5154 haec

1779 5217 1905 5261 nota
1938 5208 2092 5260 nobis
2134 5204 2423 5259 revelando
2445 5203 2639 5281 .fecisti
2668 5222 2679 5253 :
2714 5202 2805 5254 sed
2840 5198 3158 5252 adveniente
3194 5193 3357 5264 245

1780 5310 2039 5368 tempore,
2068 5315 2177 5367 quo
2212 5313 2274 5349 ea
2320 5305 2534 5364 oportet
2573 5304 2623 5347 te
2656 5293 2867 5346 volente
2899 5290 3102 5344 exitum
3136 5286 3355 5343 habere.

1778 5394 2039 5462 majorem
2087 5407 2149 5444 ac
2193 5389 2623 5445 manifestiorem
2667 5386 2919 5456 potentire
2970 5398 3034 5436 ac
3079 5378 3361 5452 sapientiae

1777 5495 1881 5539 tute
1922 5484 2180 5553 operibus
2212 5483 2345 5552 ipsis
2385 5470 2551 5535 facies
2586 5477 3129 5534 demonstrationem.
3170 5490 3189 5523 ι
3221 5470 3356 5525 Cum

1780 5578 1994 5631 turbata
2040 5576 2202 5629 fuerit
2236 5574 2417 5628 anima
2466 5588 2604 5630 mea,
2642 5579 2698 5623 tu
2746 5571 2797 5622 in
2851 5571 2929 5622 ira
2972 5562 3360 5620 misericordia:

1778 5666 2174 5725 recordaberis.
2204 5683 2222 5716 ι
2256 5662 2411 5719 Tunc
2442 5678 2652 5717 summa
2693 5670 2784 5717 tua
2811 5660 3091 5731 apparebit
3119 5656 3358 5734 benigni.
