3934 6530
519 301 621 354 MS

517 773 570 826 in
603 778 834 843 patriam
865 782 1142 840 restitues.

517 883 642 918 κασι
666 872 934 940 τιμωρίας
960 874 1459 949 διατεταραγμένων
1487 883 1584 954 τὴν
1611 885 1786 958 ψυχὴν
1817 889 1910 942 καὶ

514 957 904 1028 ποιησάμενος,
925 965 1252 1032 ἀπαλλάξεις
1272 989 1331 1024 τε
1362 975 1559 1040 αὐτοὺς
1581 979 1687 1031 τῶν
1707 982 1912 1046 κακῶν,

589 1045 752 1105 Vens.
776 1052 891 1108 5-5.
919 1085 988 1095 -
1022 1075 1041 1108 ι
1083 1057 1225 1115 Deus
1259 1065 1322 1119 de
1345 1063 1599 1121 Thaman
1623 1072 1821 1134 veniet.

510 1135 579 1189 de
607 1147 789 1195 monte
815 1145 1092 1202 umbroso.

511 1228 675 1295 polim
731 1249 744 1286 :
809 1245 1048 1292 montem
1106 1252 1286 1296 autem
1341 1250 1679 1317 umbrosum,
1716 1255 1865 1308 illum
1899 1258 1950 1310 in

510 1318 872 1391 Hierusalem,
917 1337 1103 1399 utpote
1135 1331 1224 1389 Dei
1261 1343 1648 1405 protectionem
1691 1346 1819 1399 undi

508 1405 688 1462 tilum.
718 1408 867 1466 Tunc
886 1429 1013 1485 ergo
1031 1422 1317 1487 apparebis
1348 1426 1413 1482 de
1440 1427 1696 1484 Thzeman
1723 1435 2080 1492 ldumaaorum

512 1499 754 1558 Veniens,
811 1521 948 1572 quos
995 1521 1214 1579 propter
1247 1531 1374 1570 suas
1409 1534 1536 1589 erga
1567 1537 1667 1576 nos
1712 1524 1942 1593 injurias
1967 1529 2076 1596 jam

509 1587 812 1655 puniveris;
847 1593 912 1647 de
941 1609 1131 1653 sancto
1158 1610 1335 1658 autem
1365 1604 1544 1661 Sionis
1575 1621 1774 1676 monte,
1806 1623 2075 1683 quatenus

504 1691 629 1730 eum
687 1683 861 1736 reditu
913 1699 1100 1742 nostro
1168 1694 1531 1752 clarissimum
1583 1705 1799 1760 cunctis
1861 1707 2074 1764 feceris.

509 1785 530 1818 α
569 1767 975 1840 Operuitcoelos
1010 1781 1179 1839 virtus
1209 1787 1348 1856 ejus.
1375 1797 1428 1844 et
1463 1791 1638 1848 laudis
1672 1797 1789 1866 ejus
1815 1800 1970 1867 plena
1997 1812 2082 1856 est
2181 1817 2317 1884 ἡμετ

509 1868 645 1884 ,μυ
715 1883 719 1884 ν
786 1865 825 1884 η

506 1868 671 1916 terra.
709 1883 728 1916 ι
784 1865 1017 1936 Operum
1051 1889 1274 1930 suorum
1335 1884 1705 1952 magnitudine
1737 1891 1934 1942 coelum
1967 1899 2079 1945 ter-

506 1968 732 2024 ramque
790 1962 1034 2029 replebit,
1082 1966 1136 2019 in
1173 1977 1381 2025 tantum
1428 1979 1688 2030 utcuncti
1714 1981 1780 2033 ad
1818 1982 2076 2052 hymnum

501 2045 916 2114 convertantur,
972 2055 1296 2123 sapientiam
1339 2077 1401 2115 ac
1444 2045 1871 2134 magnitudinem
1895 2085 2076 2142 gesto-

500 2145 621 2185 rum
689 2136 756 2189 ab
817 2139 938 2208 ipso
996 2145 1351 2205 admirantes.
1419 2152 1553 2208 Nam
1589 2158 1690 2212 hoc
1736 2163 1896 2216 etiam
1953 2166 2074 2221 loco

499 2223 643 2290 quod
677 2241 968 2288 commune
1010 2245 1094 2291 est
1125 2253 1223 2306 per
1262 2243 1530 2299 diatresim
1563 2249 1715 2316 dicit,
1763 2269 1921 2322 quem
1964 2275 2072 2314 non

499 2313 900 2388 infrequentem
961 2326 1160 2384 divina:
1216 2332 1514 2405 Scriptura:
1555 2341 1889 2400 idiotismum
1949 2365 2072 2406 esse

496 2410 858 2469 ostendimus.
927 2417 1148 2476 Scilicet
1198 2427 1367 2482 ccelos
1412 2437 1723 2504 terramque
1767 2439 1843 2490 ait
1871 2440 2069 2497 virtute

495 2493 589 2550 Dei
617 2511 854 2570 Opertos,
877 2511 1132 2564 utomnia
1156 2513 1303 2567 dicat
1333 2533 1346 2568 :
1370 2493 1690 2591 laudemque
1711 2525 1828 2594 ejus
1844 2539 2068 2598 prepter

494 2605 582 2644 res
607 2601 786 2661 gestas
811 2597 1148 2658 abomnibus
1187 2611 1453 2664 cumulari
1503 2623 1774 2682 oportere.
1813 2639 1830 2669 ι
1871 2620 2062 2690 Splen-

491 2680 593 2734 dor
635 2684 752 2751 ejus
806 2692 962 2756 quasi
1019 2693 1106 2748 lux
1166 2699 1289 2751 erit.
1347 2719 1363 2750 ›
1401 2680 1642 2758 Adventu
1703 2725 1822 2770 suo,
1866 2712 2060 2782 inquit,

489 2787 686 2828 cuneta
713 2778 1197 2854 lumineimplebit.
1229 2808 1247 2839 ι
1278 2791 1492 2846 Cornua
1523 2796 1575 2849 in
1600 2801 1853 2857 manibus
1882 2805 2056 2871 ejus.»

487 2863 751 2922 Ostendet
812 2873 1009 2929 habere
1040 2893 1098 2932 se
1160 2880 1388 2938 idoneas
1435 2888 1499 2940 ad
1528 2903 1659 2944 suos
1687 2863 2060 2954 defende-udos

484 2957 649 3024 vires,
670 2970 723 3014 et
753 2962 836 3016 his
856 2966 1082 3024 infestos
1113 2971 1414 3032 domandos
1448 2997 1460 3032 :
1487 2983 1859 3052 metaphoram
1891 3004 2056 3057 porro
2081 3009 2127 3072 ρ

488 3050 550 3072 ,ιι
1271 3069 1302 3072 --
1461 3069 1474 3072 -

486 3050 554 3104 ab
589 3054 917 3113 animalibus
967 3077 1088 3130 quae
1133 3069 1392 3124 cornibus
1443 3050 1746 3142 decertant,
1798 3050 2054 3149 sumpsit.

489 3158 511 3194 ι
560 3143 626 3197 Ει
696 3151 878 3215 posuit
948 3153 1295 3211 dilectionem
1367 3164 1646 3218 robustam
1717 3143 2056 3228 fortitudinis

484 3249 616 3289 sum.
661 3255 680 3287 ι
719 3236 841 3294 llzec
871 3241 1126 3298 nimirum
1154 3247 1334 3315 faciet,
1361 3251 1524 3323 246
1549 3260 1920 3328 magnitudine
1945 3280 2058 3319 suae

483 3343 610 3397 erga
645 3346 745 3385 nos
781 3334 1088 3392 dilectionis
1115 3347 1294 3395 utens.
1335 3365 1352 3394 σ
1389 3345 1528 3398 Ante
1555 3345 1748 3401 faciem
1801 3351 1921 3419 ejus
1956 3353 2056 3407 ibit

484 3421 730 3474 verbum.
768 3443 786 3474 ο
827 3423 1006 3482 Rebus
1048 3429 1182 3497 ipsis
1226 3435 1380 3501 praeit
1409 3435 1574 3490 futuri
1630 3442 1908 3510 revelatio,
1939 3460 2059 3514 quae

483 3523 607 3562 cum
646 3515 902 3568 omnibus
935 3531 965 3568 a
1015 3517 1123 3572 Deo
1170 3523 1452 3592 prophetis
1501 3525 1640 3582 facta
1674 3528 1859 3596 fuerit,
1913 3549 2059 3590 nunc

481 3600 615 3654 mihi
637 3619 852 3673 quoque
886 3609 1026 3663 haud
1051 3613 1233 3670 secius
1257 3616 1436 3671 oblata
1462 3618 1579 3673 fuit.
1615 3640 1632 3672 ι
1669 3623 1732 3677 Et
1753 3628 2058 3694 egredietur

480 3692 549 3744 ad
575 3700 973 3765 correptionem
1023 3718 1120 3772 per
1169 3708 1396 3778 vestigia
1437 3711 1577 3780 ejus.
1623 3734 1641 3766 ι
1691 3692 2057 3787 Subsequitur

478 3803 606 3842 vero
635 3804 776 3860 opus
803 3793 979 3862 ipsum
1008 3814 1022 3862 ;
1065 3797 1138 3851 ita
1185 3807 1244 3853 ut
1276 3812 1507 3873 utroque
1543 3810 1703 3863 modo
1732 3814 2056 3872 erudiantur

477 3878 543 3931 ad
569 3879 803 3936 ollicium
827 3885 1094 3943 homines.
1116 3888 1247 3955 Quae
1269 3908 1353 3947 res
1389 3893 1584 3952 lutura:
1606 3912 1730 3954 sunt
1757 3907 2052 3973 prtedictae,

474 3984 552 4022 ea:
579 3981 766 4039 postea
797 3984 971 4031 nacta!
999 3989 1126 4033 sunt
1157 3984 1382 4040 exitum.

1683 313 2034 376 THEODORI
2074 323 2566 390 MOPSUESTENI

518 417 602 464 tas
634 428 758 486 erga
788 413 986 471 Judzea!
1017 417 1240 483 incolas,
1275 436 1397 476 cum
1429 440 1542 485 eos.
1574 440 1793 499 prepter
1834 434 2059 490 inﬂictan

2194 444 2404 512 σοφίας,
2431 449 2528 519 τήν
2568 453 2822 522 ἐπίδειξιν
2865 461 3085 532 ποιήσῃ.
3127 481 3145 514 ι
3194 463 3280 518 Ἐν

517 516 864 569 peccatorum
896 524 1132 578 poenam,
1159 514 1404 570 turbatos
1427 520 1621 576 animis
1650 532 1701 576 et
1735 524 1821 577 vix
1847 528 1930 579 sui
1952 542 2093 581 com-

520 606 694 660 potes,
733 597 1118 654 misericordia:
1165 611 1271 657 tua:
1318 621 1544 671 memor,
1574 614 1832 668 aerumnis
1879 617 2093 670 subtra-

521 686 638 748 bes,
679 695 731 740 et
775 698 970 756 prater
991 707 1205 747 omnem
1246 695 1534 752 humanam
1579 717 1727 771 spem
1759 708 2092 775 postliminio

3670 363 3753 423 Ml

3325 466 3402 536 τῷ
3437 471 3754 544 ταραχθῆναι

2199 532 2296 603 τὴν
2347 537 2524 608 ψυχήν
2561 560 2693 610 μου,
2737 548 2795 599 ἐν
2835 550 2969 621 ὀργῇ
3013 553 3194 618 ἐλέους
3234 532 3542 634 μνησθήσῃ.
3584 532 3752 622 1:61:

2201 628 2496 697 φανήσεταί
2546 651 2638 688 σου
2678 639 2771 692 καὶ
2816 645 2914 712 τῆς
2959 628 3364 718 φιλανθρωπίάς
3493 628 3753 730 -ύπερῦολὴ

2199 718 2324 786 περί
2382 723 2510 786 τοὺς
2567 727 2664 797 τῆς
2719 731 3003 802 Ἰουδαίας,
3047 731 3122 792 ὧν
3171 740 3275 793 ὑπὸ
3317 718 3627 817 τῆς-ὀργῇ
3670 718 3753 818 τῆέ

2193 811 2293 876 σῆς
2316 811 2414 882 τῆς
2450 832 2508 867 τε
2540 819 2867 894 ἐπαχθείσης
2894 827 3077 893 αὐτοῖς
3107 831 3245 904 ὑπὲρ
3275 827 3351 888 ὧν
3372 811 3752 910 πεπλημμελήε

1933 891 2053 944 οὐδὲ
2084 893 2142 946 ἐν
2170 898 2379 965 ἑαυτοῖς
2397 905 2587 972 ὄντων,
2616 891 2832 984 μνήμην
2872 921 2968 988 τῆς
3002 891 3409 994 φιλανθρωπίας
3437 891 3752 996 τῆςηοίκείάς

1941 985 2035 1036 καὶ
2056 985 2349 1056 ὲπανάξεις
2377 997 2469 1050 ἐπὶ
2497 1000 2566 1052 τὰ
2590 1003 2764 1056 οἰκεῖα
2791 985 2942 1078 παρά
2973 985 3150 1064 πάσαν
3188 985 3534 1088 άνθρωπίνην
3556 1019 3749 1074 ἐλπίδα.

1864 1084 2091 1130 sanctus

1128 1169 1146 1200 ι
1181 1150 1436 1209 Τίιωιηεη
1468 1158 1601 1212 dicit
1624 1160 2089 1220 Idumaeaametro-
2186 1173 2244 1240 ἐξ
2286 1150 2441 1249 ὅρους

2259 1085 2410 1154 Στίχ.
2437 1093 2574 1158 γ’-ε’.
2619 1126 2679 1135 —-
2713 1114 2730 1146 ι
2767 1097 2823 1151 ’0
2859 1099 2990 1163 Θεὸς
3017 1103 3125 1155 ἀπὸ
3154 1085 3366 1174 Θαιμίὰν
3393 1085 3532 1177 ἥξει,
3559 1112 3586 1162 ὁ
3613 1110 3751 1177 ᾰγιος

2485 1187 2798 1242 κατασκίου.
2838 1209 2856 1241 ι
2890 1191 2966 1260 (p.
2997 1194 3124 1264 574)
3159 1195 3369 1266 Θαιμάν
3405 1202 3505 1268 μὲν
3533 1199 3634 1270 τὴν
3662 1220 3750 1269 pr,-

1981 1274 2091 1328 quo
2183 1270 2434 1338 τρόπολιν
2478 1273 2624 1343 λέγει
2676 1280 2772 1349 τῆς
2811 1281 3143 1352 Ἰδουμαίας·
3189 1287 3311 1357 ὅρος
3356 1290 3414 1341 δὲ
3469 1291 3752 1345 κατάσκιον

1827 1364 1931 1416 que
1965 1366 2088 1406 sor-
2184 1361 2244 1412 τὸ
2291 1363 2392 1432 τῆς
2425 1365 2795 1441 Ἰερουσαλὴμ,
2845 1373 3036 1445 ῶσπερ
3088 1379 3419 1449 πανταχόθεν
3460 1382 3561 1450 τῆς
3618 1383 3751 1448 θείας

2187 1451 2484 1523 ἠξιωμένον
2517 1461 2744 1531 σκέπης.
2776 1464 2905 1516 Τότε
2946 1463 3038 1519 οὖν
3077 1470 3287 1539 φανήσῃ
3328 1472 3436 1524 άπὸ
3459 1473 3677 1541 Θαιμάν
3702 1494 3749 1528 τε

2185 1542 2282 1611 τῆς
2327 1545 2625 1616 Ἰδουμαίας
2655 1551 2964 1622 ἐρχόμενος,
3019 1555 3110 1618 οὓς
3158 1565 3444 1631 τιμωρήσῃ
3485 1563 3628 1632 ὑπὲρ
3669 1566 3750 1632 τῆς

2183 1634 2262 1694 εἰς
2291 1636 2438 1704 ἡμᾶς
2481 1637 2874 1709 πλημμελείας,
2909 1645 3003 1697 καὶ
3025 1647 3089 1699 ἐκ
3127 1647 3218 1700 τοῦ
3265 1651 3420 1718 ἁγίου
3455 1651 3620 1722 ὅρους
3669 1655 3748 1707 τού

2183 1723 2318 1777 Σιὼν
2349 1726 2377 1778 ὃ
2406 1727 2653 1800 λαμπρὸν
2681 1733 2767 1785 διὰ
2805 1735 2901 1804 τῆς
2930 1737 3190 1790 ἐπανόδου
3219 1743 3381 1794 πᾶσιν
3409 1743 3624 1814 ἐργάσῃ
3661 1747 3748 1816 τῆς

2299 1818 2470 1887 τέρας.
2504 1839 2522 1871 ι
2564 1821 2859 1894 Ἐκάλυψεν
2885 1829 3144 1900 οὐρανοὺς
3174 1834 3206 1902 ή
3239 1834 3408 1906 ἀρετὴ
3446 1837 3640 1900 αὑτοῦ,
3669 1842 3748 1893 καὶ

2175 1907 2274 1975 τῆς
2299 1910 2556 1975 αἰνέσεως
2580 1915 2742 1968 αύτοῦ
2789 1918 2998 1991 πλήρης
3026 1925 3057 1993 ἡ
3085 1925 3175 1995 γῆ.
3218 1944 3237 1976 ι
3271 1926 3359 1996 Τῷ
3381 1928 3511 1994 γοῦν
3538 1929 3746 1998 μεγέθει

2174 1998 2281 2050 τῶν
2315 2003 2443 2072 παρ’
2473 2005 2957 2080 αύτοῦ·γινομένων
2983 2016 3074 2067 καὶ
3098 2017 3322 2087 οὐρανὸν
3351 2019 3638 2092 πληρώσει
3666 2027 3748 2077 καὶ

2174 2090 2310 2159 γῆν·
2354 2091 2492 2147 ὥστε
2527 2094 2769 2162 ἅπαντας
2826 2101 2963 2172 πρὸς
3008 2104 3174 2174 ὕμνον
3205 2090 3502 2179 τρέπεσθαι
3545 2113 3744 2180 λοιπὸν,

2174 2181 2548 2252 θαυμάζοντας
2573 2190 2672 2259 τήν
2697 2207 2757 2243 τε
2789 2193 2980 2260 σοφίαν
3000 2195 3094 2249 καὶ
3125 2197 3187 2250 τὸ
3225 2199 3451 2269 μέγεθος
3479 2201 3592 2255 τῶν
3628 2207 3744 2274 παρ’

2170 2274 2334 2327 αὐτοῦ
2370 2279 2688 2348 γινομένων.
2729 2283 2885 2338 Κατὰ
2933 2285 3193 2357 διαίρεσιν
3234 2291 3342 2362 γάρ
3377 2293 3664 2348 κάνταῦθα
3693 2297 3746 2348 τὸ

2168 2365 2346 2418 κοινὸν
2397 2366 2568 2435 λέγει,
2613 2371 2748 2442 ὅπερ
2791 2370 2882 2427 οὖν
2923 2378 3017 2430 ἐπὶ
3063 2379 3272 2434 πολλῶν
3323 2383 3614 2456 ἐδείξαμεν
3655 2389 3744 2457 ήδη

2170 2455 2364 2526 ἰδίωμα
2414 2460 2512 2530 τῆς
2563 2459 2709 2526 Θείας
2756 2465 2998 2538 ὑπάρχον
3038 2471 3280 2541 Γραφῆς.
3335 2475 3444 2528 Καὶ
3496 2455 3610 2546 γὰρ

2163 2547 2422 2618 οὐρανοὺς
2464 2552 2558 2603 καὶ
2593 2553 2696 2622 γῆν
2746 2557 3084 2627 κεκαλύφθαι
3126 2561 3272 2630 λέγει
3320 2568 3383 2636 τῇ
3429 2567 3604 2636 ἀρετῇ
3654 2570 3741 2622 τοῦ

2163 2637 2316 2700 Θεοῦ,
2361 2640 2444 2693 ἵνα
2474 2642 2600 2713 εἴπῃ
2648 2644 2709 2696 τὸ
2756 2645 3005 2716 σύμπαν·
3047 2651 3141 2703 καὶ
3189 2653 3289 2723 τὴν
3333 2655 3542 2708 αἴνεσιν
3583 2659 3741 2713 αύτοῦ

2161 2727 2268 2780 τῶν
2296 2732 2594 2798 γεγονότων
2625 2734 2807 2788 ἕνεκεν
2855 2740 3006 2809 παρὰ
3043 2743 3242 2806 παντὸς
3277 2746 3473 2816 χρῆναι
3509 2747 3740 2820 πληροῦο

2163 2820 2285 2873 σθαί
2317 2839 2470 2892 φησι.
2516 2843 2533 2875 ι
2566 2827 2675 2878 Kal
2702 2827 2902 2896 φέγγος
2941 2833 3106 2885 αὑτοῦ
3134 2833 3208 2897 ώς
3235 2835 3350 2903 φῶς
3382 2837 3558 2892 ἔσται.
3600 2858 3623 2891 ι
3668 2842 3738 2910 Τῇ

2164 2914 2260 2983 μὲν
2285 2911 2374 2968 οὖν
2407 2918 2696 2989 ἐπιφανείᾳ
2735 2923 2800 2990 τῇ
2846 2923 3045 2994 οἰκείᾳ,
3066 2926 3249 2996 φησὶν,
3277 2927 3492 2982 ἅπαντα
3521 2931 3739 3002 πληρώ-

2159 3021 2240 3056 σει
2269 3007 2461 3072 φωτός.
2481 3026 2498 3057 ι
2518 3009 2739 3080 Κέρατα
2773 3012 2831 3064 ἐν
2860 3014 3045 3085 χερσὶν
3075 3017 3238 3069 αὐτοῦ
3271 3019 3504 3089 ὑπάρχει
3531 3023 3736 3092 αὐτῷ.»

2170 3096 2245 3166 (p.
2272 3097 2397 3168 575)
2438 3099 2608 3164 Δείξει
2642 3101 2698 3154 δὲ
2729 3102 2892 3156 αὐτὸν
2934 3103 3246 3174 ἀρκούντως
3278 3104 3472 3175 ἔχοντα
3509 3107 3739 3177 ἀμύνειν

2171 3189 2269 3258 μὲν
2285 3194 2398 3254 τοῖς
2417 3192 2655 3258 οἰκείοις,
2675 3195 2988 3265 χειροῦσθαι
3011 3197 3068 3249 δὲ
3085 3197 3209 3261 τοὺς
3225 3197 3535 3274 ἐχθραίνειν
3557 3199 3738 3262 αὐτοῖς

2168 3281 2606 3351 ἐπιχειροῦντας·
2652 3285 2716 3336 ἐκ
2754 3289 3068 3357 μεταφορᾶς
3096 3288 3203 3340 τῶν
3247 3290 3360 3352 τοῖς
3398 3289 3604 3360 κέρασι
3635 3307 3733 3358 μα-

2164 3372 2404 3439 χομένων
2436 3372 2589 3436 ζώων
2618 3375 2790 3439 οὕτως
2822 3377 2988 3429 εἰπών
3011 3395 3023 3408 ·
3071 3401 3084 3426 ι
3121 3379 3231 3431 Kal
3259 3379 3410 3432 ἔθετο
3453 3381 3735 3451 ἀγάπησιν

2166 3462 2427 3529 κραταιὰν
2457 3465 2637 3533 ἰσχύος
2662 3467 2858 3519 αὐτοῦ·
2900 3487 2918 3520 ι
2965 3470 3104 3539 ἅπερ
3132 3466 3226 3524 οὖν
3253 3469 3617 3542 διαπράξεται
3649 3469 3733 3523 διὰ

2162 3550 2222 3602 τὸ
2267 3554 2495 3625 μεγίστῃ
2525 3558 2591 3625 τῇ
2640 3558 2768 3627 περί
2801 3561 2947 3628 ἡμᾶς
2977 3560 3164 3631 ἀγάπῃ
3195 3561 3515 3631 κεχρῆσθαι.
3554 3579 3575 3612 ι
3623 3561 3735 3631 Πρὸ

2149 3639 2440 3709 προσώπου
2489 3640 2656 3692 αὐτοῦ
2717 3645 3004 3712 πορεύεται
3052 3644 3237 3711 λόγος·
3282 3665 3301 3697 ι
3335 3648 3444 3715 πρὸ
3498 3649 3606 3718 μὲν
3648 3647 3736 3703 οὖν

2148 3731 2255 3785 τῶν
2283 3733 2642 3802 πραγμάτων,
2679 3735 3032 3804 ἀποφαίνεται
3075 3735 3138 3788 τὸ
3169 3737 3448 3806 ἐσόμενον,
3477 3741 3620 3812 ὅπερ
3645 3739 3735 3794 οὖν

2152 3824 2379 3877 πάντοτε
2407 3824 2494 3876 διὰ
2519 3824 2627 3877 τῶν
2653 3827 2943 3896 προφητῶν
2971 3827 3158 3892 ποιῶν,
3190 3830 3286 3899 ούχ
3313 3826 3476 3902 ἦττον
3506 3835 3608 3886 καὶ
3643 3834 3736 3885 νῦν

2149 3917 2419 3987 πεποίηκε
2451 3917 2518 3969 δι’
2557 3917 2711 3987 ἐμοῦ.
2752 3937 2770 3969 t
2807 3919 2916 3972 Kal
2958 3919 3297 3985 ἐξελεύσεται
3346 3924 3425 3984 εἰς
3480 3925 3734 3978 παιδείαν

2150 4003 2290 4056 κατὰ
2336 4003 2498 4066 πόδας
2542 4005 2726 4058 αὑτοῦ.
2772 4026 2790 4058 ι
2842 4007 3148 4061 ’Λκολουθεί
3185 4009 3242 4062 δὲ
3293 4011 3384 4063 καί⁵
3432 4012 3495 4066 τὸ
3550 4014 3734 4083 ἔργον,

2479 4063 2492 4066 -
3449 4063 3456 4064 ί
3475 4063 3488 4066 -
3554 4063 3608 4083 ‘r
3631 4063 3644 4082 σ
3665 4063 3679 4066 ‘
3698 4063 3734 4079 ν’

474 4063 612 4118 ὥστε
641 4067 705 4120 δι’
732 4071 1054 4144 ἀμφοτέρων
1090 4079 1217 4141 τοὺς
1250 4079 1570 4150 ἀνθρώπους
1610 4090 1955 4148 παιδεύεσθαι
1984 4097 2044 4150 τὸ
2071 4098 2189 4152 δέον
2209 4114 2222 4129 ⁸
2258 4098 2325 4151 δι’
2355 4093 2429 4152 ὧν
2462 4115 2520 4151 τε
2559 4102 2884 4173 προείρηται
2921 4103 2978 4155 τὸ
3007 4103 3284 4174 ἐσόμενον,
3312 4106 3405 4158 καὶ
3451 4109 3532 4172 εἰς
3576 4109 3735 4180 ἔργον

475 4159 634 4180 3.-.!91E
800 4165 822 4180 ον

471 4159 767 4232 ἐκϐέϐηκεν
799 4165 1041 4238 ὕστερον.

545 4251 705 4307 Vens.
731 4256 883 4310 6-12.
925 4290 993 4299 —
1027 4279 1046 4310 ι
1077 4259 1268 4326 Stetit,
1327 4273 1379 4318 et
1406 4277 1677 4322 commota
1703 4280 1787 4324 est
1815 4279 1978 4325 terra.
2021 4292 2041 4325 ι

2222 4277 2369 4347 Στίχ.
2415 4276 2588 4347 ς’-ιβ’.
2639 4307 2708 4316 -
2753 4297 2771 4328 ι
2813 4280 3002 4352 Ἐστη,
3050 4285 3140 4337 καὶ
3189 4285 3454 4358 ἐσαλεύθη
3499 4291 3534 4360 ή
3581 4291 3676 4360 γῆ.
3713 4312 3729 4342 ι

475 4341 706 4397 Tantum
751 4363 1040 4415 apparens,
1104 4363 1303 4407 terram
1361 4369 1686 4415 commovet.
1738 4362 1912 4419 Veluti
1963 4375 2047 4420 est

2166 4341 2350 4432 [νανεὶξ
2397 4341 2554 4439 μόνον
2603 4370 2816 4424 σαλεύει
2855 4341 3141 4446 τήννγῆν·
3190 4379 3266 4442 ώς
3307 4381 3388 4442 τὸ,
3428 4341 3454 4432 «ι
3594 4341 3736 4446 ’όεὸς

472 4435 604 4488 illud
646 4456 656 4489 :
692 4456 708 4487 ι
753 4437 891 4494 Deus
923 4445 1145 4498 stetitin
1173 4459 1449 4518 synagoga
1479 4449 1759 4507 deorum"
1781 4463 1827 4511 ;›
1877 4456 1928 4509 id
1960 4468 2044 4513 est

2166 4455 2278 4526 ἔστη
2308 4459 2366 4510 ἐν
2395 4435 2681 4529 συναγωγῇ
2711 4459 2868 4512 θεῶν·
2895 4435 2920 4511 ι’
2937 4435 3028 4515 ἵνα,
3049 4435 3176 4538 έίπῃ
3199 4435 3279 4520 ὅτι
3305 4435 3462 4541 ώιρθη
3492 4472 3554 4524 ἐν
3579 4435 3732 4541 μέσιμ

471 4526 729 4581 ἰηίηειίίο
756 4545 942 4582 eorum
973 4536 1242 4602 apparuit.
1283 4555 1301 4588 ι
1332 4538 1577 4608 Aspexit,
1603 4551 1658 4597 et
1679 4552 2042 4604 extanuerunt

2166 4547 2342 4603 ιύτῶν.
2385 4567 2404 4600 ‹
2454 4526 2772 4620 Ἐπέὸλεψε.
2803 4553 2897 4606 καὶ
2941 4555 3110 4627 ἐτάκη
3146 4526 3306 4630 ἔθνη·
3355 4526 3619 4634 διεθρύϐῃ
3669 4526 3734 4616 τά

470 4625 659 4687 gentes
689 4639 700 4672 :
735 4624 953 4676 contriti
984 4633 1114 4679 sunt
1167 4627 1430 4684 violenter
1469 4641 1704 4698 montes,
1752 4638 2046 4694 tabucrunt

470 4711 638 4766 colles
667 4715 854 4767 aeterni
883 4730 912 4768 a
947 4718 1228 4786 gressibus
1261 4723 1481 4779 aeternis
1540 4725 1681 4792 ejus.
1729 4745 1750 4778 ι
1800 4727 1894 4784 Vel
1926 4733 2045 4787 solo

469 4810 694 4869 aspectu
735 4815 923 4874 gentes
954 4824 1144 4864 omnes
1173 4814 1506 4880 pessumdat,
1540 4825 1594 4870 et
1612 4829 1822 4872 montes
1845 4823 2042 4877 colles—

466 4909 574 4961 que
617 4897 874 4958 conterit,
931 4898 1020 4966 qui
1074 4908 1224 4954 tanto
1255 4910 1498 4974 tempore
1554 4908 1602 4960 vi
1639 4913 1856 4978 propria
1890 4913 2042 4967 vide-

466 4983 981 5054 bantur‘perstare.
1027 4989 1271 5060 Namque
1305 4995 1418 5050 haec
1437 4998 1652 5054 coalitus
1695 5001 1876 5057 facere
1924 5021 2042 5061 mos

465 5073 584 5140 ejus
615 5084 722 5134 est.
747 5087 802 5131 et
835 5079 919 5134 his
951 5082 1205 5151 operibus
1241 5087 1520 5156 regiminis
1551 5091 1633 5144 sui
1661 5107 1883 5148 cursum
1943 5097 2041 5152 de-

467 5173 773 5222 monstrare
803 5172 962 5223 solet.
992 5189 1011 5222 ι
1049 5171 1156 5227 Pro
1218 5175 1497 5232 laboribus
1528 5181 1638 5234 vidi
1691 5186 2038 5243 tabernacula

466 5253 808 5327 Aithiopum,
832 5263 1354 5330 pavebunttentoria
1376 5278 1535 5325 terra:
1559 5274 1793 5329 Madian.
1835 5297 1854 5328 ι
1882 5277 2040 5332 Nam-

465 5362 570 5412 que
618 5356 670 5400 et
717 5351 844 5403 olim
874 5369 998 5406 cum
1045 5354 1100 5408 in
1137 5355 1375 5428 Egypto
1430 5363 1781 5428 serviremus,
1822 5377 2038 5436 postea-

467 5455 628 5506 quam
651 5441 746 5495 tibi
776 5443 934 5497 libuit
960 5461 1134 5502 nosex
1159 5449 1252 5504 illo
1271 5453 1498 5506 servitio
1513 5456 1792 5525 expedire,
1817 5459 2035 5515 deserta

466 5530 699 5586 Vidimus
745 5543 800 5587 et
833 5535 1198 5597 habitationes
1241 5540 1580 5614 Ethiopum,
1610 5562 1672 5602 ac
1713 5547 2030 5607 Madianita-

541 5707 586 5741 ³⁸
631 5707 774 5764 Ιέ;ι1.
819 5729 1001 5775 um.
1030 5718 1078 5771 l.

2140 4638 2241 4710 ὅρη
2277 4639 2390 4710 βία,
2431 4643 2523 4694 καὶ
2559 4642 2831 4712 ἐτάκησαν
2863 4644 3040 4714 βουνοὶ
3078 4650 3284 4704 αἰώνιοι
3321 4654 3553 4724 πορείας
3605 4657 3734 4708 αίω-

2140 4730 2284 4794 νίους
2315 4732 2500 4786 αύτοῦ.
2534 4753 2552 4784 ι
2596 4733 2824 4788 Ἀπιδὼν
2852 4736 2908 4789 δὲ
2944 4739 3102 4809 μόνον
3151 4743 3276 4814 ἔθνη
3322 4761 3382 4796 τε
3428 4746 3733 4800 ἀπόλλυσιν

2139 4823 2257 4888 ὅλα,
2288 4823 2382 4875 καὶ
2432 4823 2530 4894 ὅρη
2581 4826 2670 4877 καὶ
2708 4825 2930 4894 βουνοὺς
2976 4829 3294 4900 διαθρύπτει
3325 4837 3392 4887 ἐκ
3429 4837 3634 4890 πολλοῦ
3669 4857 3729 4907 γε

2141 4913 2460 4967 συνεστάναι
2506 4916 2644 4968 κατὰ
2691 4917 2787 4987 τὴν
2833 4918 2986 4988 ἰσχὺν
3029 4920 3285 4975 δοκοῦντα
3332 4925 3433 4995 τὴν
3477 4929 3727 4980 οἰκείαν·

2139 5006 2324 5078 ἐπειδὴ
2371 5006 2576 5060 ἄνωθεν
2623 5007 2771 5078 αύτῷ
2815 5010 3037 5064 τοιαῦτα
3079 5013 3504 5085 διαπράττεσθαι
3537 5020 3728 5090 ἔργον,

2139 5099 2232 5150 καὶ
2260 5098 2348 5150 διὰ
2377 5097 2633 5151 τοιούτων
2663 5099 2840 5171 ἔργων
2881 5102 2979 5172 τῆς
3023 5105 3333 5175 οἰκονομίας
3364 5109 3463 5179 τὴν
3494 5114 3730 5180 πορείαν

2136 5189 2534 5242 ἐπιδείκνυσθαι
2583 5189 2681 5260 τῆς
2728 5192 2952 5257 οἰκείας.
2990 5213 3008 5246 ι
3053 5195 3196 5249 ’Δντὶ
3239 5198 3297 5251 δὲ
3350 5201 3537 5254 κόπων
3585 5200 3731 5257 εἶδον

2138 5280 2471 5350 σκηνώματα
2528 5282 2799 5336 Αἰθιόπων
2823 5325 2837 5346 ,
2897 5286 3291 5357 πτοηθήσονται
3359 5294 3562 5361 σκηναὶ
3624 5295 3746 5365 γῆς

2142 5371 2386 5441 Μαδιάμ.
2423 5391 2443 5424 ι
2478 5373 2585 5426 Kal
2616 5373 2722 5444 γὰρ
2768 5375 2932 5429 πάλαι
2979 5378 3242 5449 πρότερον
3288 5382 3526 5452 ὁπηνίκα
3581 5386 3730 5439 κατὰ

2141 5461 2238 5532 τὴν
2302 5463 2571 5530 Αἴγυπτον
2632 5467 2789 5537 ήμῶν
2847 5467 3216 5533 δουλεύοντες,
3285 5472 3374 5525 ὅτε
3438 5473 3732 5544 βουληθεὶς

2139 5553 2450 5624 ἁπήλλαξας
2479 5557 2626 5628 ἡμᾶς
2657 5557 2755 5629 τῆς
2797 5559 2890 5611 ὑπ’
2937 5561 3254 5628 Αἰγυπτίοις
3280 5563 3538 5631 δουλείας,
3581 5563 3729 5623 εἶδον
