3934 6524
185 361 294 422 M3

1085 358 1626 417 COMMENTARIUS
1650 357 1715 413 IN
1752 356 2095 413 HABACUCI
2118 355 2543 412 ORATIONEM.

3326 351 3433 412 M6

187 482 423 551 ἐρήμους
454 480 553 544 τὰς
581 481 820 551 οἰκήσεις
853 479 1123 535 Αἰθιόπων
1159 498 1217 533 τε
1251 481 1344 535 καὶ
1382 479 1749 550 Μαδιηναγίων,

1866 493 1994 542 rum,
2048 486 2101 531 et
2147 484 2415 547 quotquot
2461 484 2591 529 tunc
2646 471 2988 528 inimicitiam
3031 470 3293 527 adversus
3332 487 3433 526 nos

186 572 276 624 καὶ
302 569 515 623 πάντων
540 586 602 638 γε
636 571 820 623 ὁπόσοι
864 570 963 641 τὴν
992 572 1190 642 ἔχθραν
1228 572 1450 643 ᾑροῦντο
1495 573 1615 624 τότε
1657 572 1755 641 τὴν

186 664 304 718 καθ’
338 664 514 734 ήμῶν.
550 682 569 714 ι
613 665 703 734 Μὴ
746 667 803 717 ἐν
837 669 1097 736 ποταμοῖς
1149 667 1426 738 ὀργισθῇς,
1482 668 1673 737 Κύριε,
1722 666 1755 735 ἢ

184 757 239 808 ἐν
273 757 535 824 ποταμοῖς
566 757 594 807 6
626 755 791 825 θυμός
824 774 936 821 σου,
976 758 1052 827 (p.
1092 758 1215 828 576)
1250 759 1282 829 ἢ
1320 763 1376 812 ἐν
1421 759 1662 829 θαλάσση
1698 760 1758 811 τὸ

184 845 412 914 ὅρμημα
441 862 536 898 σου
562 862 577 911 ;
619 864 637 895 ι
676 846 835 909 Ἐθος
862 864 942 900 σοι
974 849 1114 901 κατὰ
1149 850 1407 920 ποταμῶν
1436 851 1528 902 καὶ
1556 849 1758 901 θαλάσ-

188 952 285 1003 σης
333 936 432 1006 τὴν
466 936 634 1007 ὀργὴν
684 937 1083 992 ἐπιδείκνυσθαι
1130 941 1226 1010 τὴν
1267 940 1506 993 οἰκείαν*
1558 940 1619 992 τὸ
1650 940 1758 1010 γὰρ

192 1045 210 1078 ι
254 1027 329 1096 μὴ
361 1028 419 1079 ἐν
447 1031 732 1097 ποταμοῖς,
766 1047 784 1080 ι
816 1030 937 1083 ἀντὶ
974 1030 1087 1093 τοῦ,
1125 1032 1238 1084 Οὐκ
1267 1034 1324 1083 ἐν
1363 1034 1624 1101 ποταμοῖς
1664 1033 1760 1084 καὶ

187 1119 431 1189 θαλάσσῃ
449 1119 677 1173 πάντοτε
700 1121 797 1190 τὴν
822 1122 991 1192 ὀργὴν
1015 1124 1109 1174 καὶ
1132 1123 1220 1174 τὸν
1250 1122 1418 1192 θυμὸν
1441 1120 1758 1187 ὲπιδέδειξαι

188 1210 467 1280 βουληθεὶς
492 1210 582 1262 τὸν
609 1212 822 1264 οἰκεῖον.
862 1211 1084 1280 Ἐπάγει
1113 1210 1275 1281 γοῦν·
1311 1231 1328 1263 ι
1368 1213 1487 1264 Ὅτι
1522 1211 1758 1282 ἐπισήσῃ

187 1301 278 1351 ἐπὶ
297 1302 423 1363 τοὺς
459 1300 657 1363 ἵππους
697 1316 813 1364 σου,
846 1301 993 1371 καὶὴ
1040 1302 1272 1355 ἰππασία
1307 1320 1399 1355 σου
1447 1302 1708 1372 σωτηρία.
1734 1320 1752 1352 ι

187 1391 305 1442 Ὂτ’
327 1389 395 1442 ἂν
425 1390 533 1460 γὰρ
550 1390 834 1462 βουληθῇς,
855 1394 1038 1463 φησὶν,
1069 1392 1255 1465 ὥσπερ
1284 1395 1366 1461 ἐφ’
1388 1394 1566 1447 ἵππων
1600 1394 1759 1447 τινῶν

187 1483 481 1535 ἐπιϐαίνων
509 1486 627 1546 ταῖς
657 1485 904 1554 άοράτοις
935 1486 1025 1539 καὶ
1056 1486 1449 1556 λειτουργικαῖς
1472 1486 1759 1555 δυνάμεσιν

185 1574 525 1639 ὲπιτάττεις’
568 1578 615 1629 οἰ
660 1577 716 1629 δὲ
764 1579 969 1641 πάντας
1013 1580 1110 1648 μὲν
1155 1580 1363 1649 ἀθρόως
1397 1580 1758 1650 τιμωροῦνται

185 1668 311 1731 τοὺς
347 1668 649 1732 ἐναντίοοςσ
682 1670 923 1741 σωτηρία
950 1672 1006 1724 δὲ
1047 1671 1293 1725 ἐντεῦθεν
1320 1672 1616 1740 ἐπιγίνεται
1649 1675 1759 1736 τοῖς

186 1758 319 1818 σοῖς.
362 1774 383 1807 ‹
430 1758 706 1811 Ἐντείνων
748 1761 978 1823 ἐντενεῑς
1018 1763 1079 1813 τὸ
1114 1760 1265 1825 τόξον
1295 1779 1389 1814 σου
1418 1763 1509 1814 ἐπὶ
1536 1762 1604 1815 τὰ
1629 1762 1760 1833 σκῆ-

184 1864 352 1917 πτρα,
388 1847 533 1917 λέγει
585 1847 805 1919 Κύριος.
845 1868 863 1901 ι
902 1851 1156 1923 Συνεχέσι
1205 1852 1261 1904 δὲ
1300 1855 1420 1914 ταῖς
1473 1853 1763 1922 τιμωρίαις

182 1936 590 2001 κατακοντίζεις
612 1939 736 2001 τοὺς
777 1941 835 1992 ἐν
878 1939 1125 2010 βασιλείᾳ
1162 1942 1257 1993 καὶ
1306 1940 1591 2012 δυναστείᾳ
1632 1942 1765 1995 καθ-

183 2029 406 2083 εστάναι
456 2029 764 2094 δοκοῦντας.
802 2050 821 2083 ι
855 2033 1127 2103 Ποταμοῖς
1176 2034 1469 2104 ῥαγήσεται
1516 2035 1550 2104 ή
1602 2033 1698 2103 γῆ.
1739 2052 1756 2084 ι

186 2120 351 2174 Ὥστε
391 2121 499 2174 τῶν
542 2123 804 2192 ποταμῶν
852 2123 951 2195 τὴν
1003 2125 1278 2195 ἀναίρεσιν
1326 2126 1391 2177 ἐκ
1441 2125 1539 2194 τῆς
1596 2125 1765 2195 ὀργῆς

184 2212 382 2283 ἁθρόον
412 2214 699 2283 γινομένην
729 2214 825 2284 τῆς
858 2215 958 2285 σῆς
985 2216 1270 2287 διαρρῆξαι
1324 2216 1421 2286 τὴν
1462 2217 1564 2286 γῆν
1583 2232 1597 2246 ο
1646 2215 1765 2277 ἔθος

183 2304 294 2373 γὰρ
331 2304 492 2356 τοῦτο
524 2308 591 2375 τῇ
626 2308 694 2376 γῇ
733 2306 1072 2375 μειωθέντων
1105 2307 1395 2377 ὑπομένειν
1423 2307 1530 2359 τῶν
1560 2306 1765 2359 ὑδάτων

183 2394 294 2446 ἀπὸ
312 2394 412 2463 τῆς
431 2394 897 2467 ἐπακολουθούσης
918 2394 1211 2468 ξηρότητος
1240 2397 1484 2468 ὕστερον.
1516 2416 1534 2447 ι
1566 2397 1762 2466 Ὄψον-

184 2484 273 2537 ταί
317 2502 378 2537 σε
426 2488 521 2538 καὶ
554 2487 871 2557 ὼδινήσουσι
905 2488 1038 2542 λαοί.
1088 2508 1106 2540 ›
1170 2489 1257 2541 Ἐν
1293 2488 1505 2551 ὀδύναις
1553 2487 1764 2540 ἔσονται

184 2576 449 2639 πλεῖστοι,
511 2577 631 2629 οὐδὲ
688 2579 784 2647 τὴν
840 2581 1101 2650 πρόσοψιν
1160 2583 1399 2647 ἐνεγκεῖν
1450 2580 1765 2651 δυνηθέντες

182 2667 287 2734 τὴν
337 2666 460 2737 σήν.
520 2668 593 2737 (p.
643 2669 770 2737 ΞΠ)
821 2690 838 2721 ι
871 2671 1182 2741 Σκορπίςων
1223 2670 1391 2725 ὕδατα
1454 2672 1694 2742 πορείας.
1741 2690 1758 2722 ι

198 2757 512 2824 Ἀφανίζεις
548 2759 656 2835 γὰρ
690 2759 970 2831 βουληθεὶς
1022 2763 1241 2815 ἅπασαν
1284 2763 1473 2825 ὓδατος
1514 2762 1760 2826 διέξοδον.

191 2866 210 2898 ι
253 2848 501 2902 Ἔδωκεν
535 2852 567 2920 ή
606 2850 834 2915 ἄϐυσσος
864 2853 1045 2924 φωνὴν
1076 2856 1265 2924 αὐτῆς,
1294 2854 1424 2924 ὕψος
1470 2853 1765 2923 φαντασίας

185 2942 380 3011 αὐτῆς.
419 2961 438 2993 ι
476 2943 609 2995 Τότε
659 2943 722 3014 δὴ
775 2945 869 2997 καὶ
912 2944 1147 3007 ἆόυσσος
1193 2945 1381 3015 ῶσπερ
1424 2945 1544 2998 τινὰ
1583 2944 1765 3015 φωνὴν

186 3034 328 3086 κατὰ
380 3034 443 3086 τὸ
498 3035 723 3105 μέγεθος
775 3037 971 3107 ἀφήσει
1024 3038 1084 3089 τὸ
1140 3039 1356 3103 οἰκεῖον,
1417 3037 1495 3106 τῷ
1540 3036 1763 3107 νεύματι

1859 577 2242 638 susceperunt.
2281 586 2299 618 ι
2334 567 2471 619 Num
2499 566 2814 618 ﬂuminibus
2846 563 3020 617 iratus
3048 578 3129 623 es,
3178 561 3428 621 Domine.

1857 678 1984 715 num
2016 656 2283 729 (inquam)
2320 659 2578 711 adversus
2594 655 2814 709 ﬂumina
2843 653 2997 706 furor
3030 660 3178 714 tuus,
3212 661 3266 705 et
3296 665 3430 704 con—

1856 760 1939 806 tra
1964 767 2113 806 mare
2138 753 2367 819 impetus
2402 749 2567 801 tuus?
2601 767 2619 798 ι
2650 746 2766 801 Mos
2797 746 2894 799 tibi
2922 752 3006 799 est
3033 744 3295 798 adversus
3330 740 3435 793 ﬂu-

1857 847 2003 897 mina
2035 850 2089 897 et
2116 856 2264 895 mare
2286 842 2421 894 iram
2452 846 2599 892 tuam
2624 837 3030 899 demonstrare;
3054 835 3107 889 id
3130 844 3213 890 est
3240 840 3430 889 contra

1856 934 2283 988 innumerabiles
2315 930 2542 1002 populos
2574 929 2716 983 soles
2754 928 2926 982 iratus
2952 928 3248 997 potentiam
3279 936 3427 978 tuam

1858 1024 2161 1078 ostendere.
2200 1022 2334 1076 Nam
2386 1019 2608 1082 locutio,
2637 1038 2653 1069 ‹
2687 1033 2812 1071 num
2844 1016 3178 1080 ﬂuminibus,
3218 1033 3235 1067 ι
3274 1015 3431 1083 poni-

1857 1123 1949 1171 tur
1991 1127 2110 1185 pro,
2139 1111 2254 1167 Non
2296 1112 2610 1166 ﬂuminibus
2669 1118 2831 1178 atque
2863 1109 2999 1162 mari
3048 1107 3184 1160 iram
3216 1119 3432 1173 semper

1859 1206 2203 1273 furoremque
2242 1212 2392 1256 tuum
2422 1203 2504 1255 vis
2552 1201 2947 1254 demonstrare.
3004 1194 3166 1249 Addit
3198 1195 3380 1261 itaque
3410 1206 3428 1243 :

1865 1318 1883 1351 ι
1919 1298 2053 1365 Quia
2084 1295 2348 1351 ascendes
2372 1309 2535 1364 super
2553 1307 2723 1362 equos
2748 1300 2908 1355 tuos;
2940 1295 2994 1342 et
3024 1284 3289 1356 equitatio
3314 1290 3428 1343 tua,

1859 1388 2107 1443 salvatio.
2131 1405 2148 1436 ι
2178 1385 2312 1438 Nam
2330 1399 2454 1437 cum
2478 1383 2737 1443 volueris,
2764 1380 2961 1447 inquit,
2981 1385 3239 1444 tanquam
3261 1384 3433 1439 equos

1858 1477 2120 1549 quosdam
2191 1475 2591 1536 conscendens,
2635 1470 2999 1526 invisibilibus
3058 1464 3434 1530 ministrisque

1859 1569 2151 1623 virtutibus
2171 1568 2402 1636 imperas
2432 1585 2445 1620 :
2481 1567 2561 1619 hac
2585 1580 2711 1619 vero
2734 1572 2960 1617 cunctos
2989 1559 3170 1613 subito
3194 1555 3433 1626 puniunt

1862 1661 2250 1715 adversarios:
2292 1666 2454 1727 atque
2488 1658 2617 1711 hinc
2644 1656 2844 1725 populo
2885 1663 2979 1706 tuo
3009 1653 3159 1707 salus
3189 1657 3426 1703 creatur.

1867 1769 1886 1802 ι
1945 1750 2235 1805 lntendens
2286 1748 2534 1803 intendes
2595 1761 2782 1799 arcum
2836 1753 2986 1798 tuum
3046 1755 3211 1810 super
3270 1736 3431 1809 247

1864 1854 2101 1913 sceptra,
2134 1842 2267 1895 dicit
2298 1840 2585 1895 Dominus.
2624 1857 2642 1890 ι
2678 1836 2958 1907 Perpetuis
2983 1829 3433 1900 castigationibus

1866 1935 2053 2006 pulsas
2077 1948 2171 1989 eos
2201 1934 2295 2001 qui
2327 1933 2381 1985 in
2412 1946 2585 2001 regno
2615 1944 2678 1984 ac
2728 1933 2993 1997 potestate
3024 1920 3309 1979 constituti
3341 1920 3435 1971 vi-

1864 2028 2081 2082 dentur.
2119 2043 2137 2076 ι
2174 2023 2513 2079 Fluminibus
2538 2023 2817 2078 scindetur
2836 2030 3002 2074 terra.
3043 2036 3062 2068 ι
3090 2012 3432 2069 Fluminibus

1864 2125 2085 2189 repente
2116 2118 2183 2171 ab
2237 2118 2316 2171 ira
2348 2124 2438 2169 tua
2476 2114 2786 2177 exstinctis,
2810 2119 2954 2166 terra
2986 2107 3283 2162 scindetur.
3318 2102 3433 2156 Mos

1863 2213 2009 2268 enim
2041 2219 2124 2266 est
2158 2219 2218 2264 ut
2263 2210 2367 2263 hoc
2399 2218 2541 2263 terra
2572 2207 2830 2276 patiatur,
2865 2202 3166 2257 imminutis
3195 2200 3351 2267 aquis
3380 2206 3436 2249 et

1864 2313 2232 2375 consequente
2261 2316 2384 2355 mox
2433 2300 2699 2355 siccitate.
2739 2315 2758 2348 ι
2800 2295 3072 2350 Videbunt
3103 2301 3175 2357 te,
3205 2299 3258 2345 et
3281 2290 3432 2342 dole-

1865 2396 1999 2450 bunt
2045 2394 2249 2464 populi.
2293 2411 2311 2443 ι
2347 2388 2871 2444 Plurimidolorihus
2921 2383 3306 2452 corripieutur,
3340 2394 3436 2431 nc-

1864 2501 1969 2555 que
2002 2483 2143 2539 ferre
2162 2489 2415 2553 poterunt
2464 2489 2743 2551 aspectum
2809 2488 2980 2532 tuum.
3023 2492 3041 2525 ι
3108 2472 3435 2540 Dispergens

1865 2590 2033 2645 aquas
2064 2575 2299 2629 itineris.
2336 2592 2353 2625 ι
2397 2570 2720 2633 Praecludis,
2752 2569 2795 2623 si
2829 2567 2968 2620 forte
3030 2564 3289 2625 volueris,
3319 2573 3438 2612 om—

1866 2681 1987 2719 nem
2019 2679 2171 2733 aqua:
2202 2665 2428 2717 exitum.
2504 2680 2521 2713 ι
2565 2659 2721 2715 Dedit
2780 2658 3013 2728 ahyssus
3039 2667 3224 2707 vocem
3257 2662 3463 2705 suam.-

1864 2756 2092 2808 altitudo
2137 2754 2437 2824 phantasia:
2481 2750 2624 2819 ejus.
2674 2769 2693 2801 ι
2735 2746 2891 2800 Tunc
2948 2743 3168 2815 quidem
3200 2740 3436 2808 abyssus

1865 2849 2028 2902 etiam
2087 2860 2271 2900 vocem
2308 2844 2595 2913 quamdam
2644 2856 2743 2909 pro
2768 2854 2864 2894 sua
2891 2832 3258 2905 magnitudine
3291 2829 3436 2889 edet,
3475 2901 3478 2904 φ

1866 2950 2001 2995 nutu
2051 2947 2145 2992 tuo
2174 2951 2462 2992 concussa.
2527 2952 2545 2985 ι
2617 2933 2874 2987 Elevatus
2912 2940 2996 2983 est
3022 2928 3124 2988 sol,
3196 2930 3249 2977 et
3308 2922 3437 2974 luna

1867 3033 2015 3085 stetit
2044 3030 2097 3081 in
2119 3028 2309 3082 ordine
2336 3042 2455 3082 suo.
2492 3046 2509 3079 ι
2545 3025 2811 3090 Quoniam
2844 3020 2926 3074 sol
2957 3017 3209 3072 occidere
3238 3012 3438 3066 dicitur

185 3125 522 3219 κλονουμένη
552 3126 626 3196 τῷ
655 3126 750 3197 σῷ.
784 3146 803 3178 ‹
848 3128 1089 3199 Ἐπήρθη
1120 3130 1147 3181 6
1172 3129 1341 3199 ἥλιος,
1376 3130 1471 3181 καί
1498 3130 1528 3198 ή
1566 3106 1763 3198 σελήνη

1866 3122 2209 3190 angustiatis,
2250 3135 2399 3173 nunc
2462 3120 2579 3170 vult
2638 3116 2821 3169 dicere
2878 3111 2997 3165 fore
3027 3115 3087 3161 ut
3121 3106 3247 3167 illis,
3298 3116 3438 3173 quos

1950 3213 1961 3219 -
2261 3210 2271 3219 .
2558 3207 2610 3219 ..Α
2664 3210 2673 3218 ι
2716 3208 2746 3219 .-
2864 3204 2875 3219 1
2929 3202 3089 3219 .|_-_.-
3137 3194 3434 3219 -A-....,I..m

185 3217 337 3270 ἐσται
368 3194 428 3269 ἐν
457 3194 521 3287 τῇ
558 3194 713 3281 τάξει⁷
753 3219 943 3289 αὐτῆς.
1036 3194 1252 3289 ’ἐπειδὴ
1296 3219 1439 3271 δύειν
1482 3194 1627 3285 λέγει

1866 3223 1922 3267 ιιι
1950 3213 2003 3265 in
2029 3210 2391 3281 prosperitate
2417 3207 2774 3267 constituisti,
2798 3204 2878 3259 sol
2898 3210 2950 3255 et
2970 3202 3096 3253 luna
3135 3194 3435 3252 secundum

184 3310 339 3377 ἣλιον
367 3311 483 3371 τοῖς
512 3310 572 3361 ἐν
604 3309 887 3379 ἀνάγκαις,
931 3311 1163 3365 ἐνταῦθα
1202 3310 1358 3363 τοῦτο
1408 3308 1651 3380 βούλεται
1688 3310 1765 3361 εἰς

184 3401 333 3462 πεῖν,
372 3400 454 3452 ὅτι
479 3401 601 3463 Τοῖς
636 3401 787 3473 παρὰ
822 3402 913 3455 σοῦ
944 3404 1003 3456 ἐν
1037 3403 1313 3474 εὐπραγίᾳ
1350 3401 1765 3471 καθισταμένοις

186 3492 430 3560 φωτεινὰ
462 3493 604 3546 κατὰ
645 3494 742 3564 τὴν
763 3496 969 3548 οἰκείαν
999 3496 1158 3564 φύσιν
1189 3497 1434 3563 φανεῖται
1468 3496 1496 3547 6
1523 3494 1672 3565 ἥλιός
1704 3511 1765 3547 τε

183 3586 282 3636 καὶ
311 3586 346 3654 ή
380 3584 598 3655 σελήνη.
627 3604 645 3636 ι
676 3586 771 3649 Εἰς
804 3587 919 3655 φῶς
955 3588 1154 3657 βολίδες
1197 3605 1291 3640 σου
1316 3588 1696 3658 πορεύσονται’
1740 3604 1761 3638 ι

186 3676 507 3747 περιφανῶς
554 3676 649 3729 καὶ
694 3676 831 3747 μετὰ
887 3677 1087 3748 πολλῆς
1128 3679 1225 3748 τῆς
1259 3677 1635 3749 λαμπρότητος
1669 3678 1769 3729 ἐπ-

185 3766 339 3830 άξεις
363 3766 465 3829 τὰς
492 3766 701 3837 πληγὰς
724 3769 832 3829 τοῖς
861 3767 1140 3831 ἐναντίοις.
1171 3787 1187 3818 ι
1224 3768 1319 3829 Εἰς
1342 3768 1541 3835 φέγγος
1566 3768 1769 3836 ἀστρα-

185 3859 298 3928 πῆς
330 3861 512 3912 ὃπλων
543 3876 655 3911 σου.
695 3878 713 3908 ι
757 3860 1064 3929 Ἀστραπῆς
1099 3860 1251 3929 δίκην
1278 3858 1544 3928 ἐκλάμψει
1581 3875 1672 3909 σου
1702 3856 1769 3909 τά

183 3952 353 4015 ὅπλα,
385 3951 470 4002 ἵνα
496 3951 645 4019 εἴπῃ,
688 3950 748 4002 Ἠ
786 3953 925 4002 κατὰ
959 3950 1066 4003 τῶν
1098 3949 1368 4020 πολεμίων
1407 3950 1574 4019 ἰσχύς.
1617 3966 1635 3998 ‹
1684 3949 1770 4000 Ἐν

183 4043 394 4113 ἀπειλῇ
441 4060 535 4095 σου
584 4043 861 4112 ὀλιγώσεις
902 4046 1027 4113 γῆν,
1070 4044 1162 4095 καί
1217 4046 1273 4097 ἐν
1310 4042 1467 4113 θυμῷ
1522 4042 1773 4107 κατάξεις

180 4135 343 4207 ἔθνη.
387 4156 405 4188 ι
442 4137 628 4189 Πᾶσαν
671 4137 769 4207 τὴν
797 4137 899 4206 γῆν
948 4136 1083 4205 μετὰ
1131 4136 1237 4189 τῶν
1279 4136 1569 4189 οἰκούντων
1606 4136 1774 4205 αὐτὴν

182 4227 478 4301 ὀργισθεὶς
515 4228 783 4296 ἀποφάσει
812 4229 943 4299 μόνῃ
981 4228 1256 4290 παντελῶς
1280 4227 1582 4290 ἀπολλύεις.

1864 3303 2140 3374 propriam
2182 3309 2432 3355 naturam
2472 3296 2742 3368 splendidi
2799 3299 3118 3365 appareant.
3168 3305 3188 3338 ι
3227 3285 3286 3339 In
3317 3284 3440 3338 luce

1860 3394 2039 3465 jacula
2073 3402 2164 3447 tua
2199 3393 2372 3446 ibunt.
2417 3409 2435 3441 ι
2476 3388 2766 3459 Splendide
2808 3385 3084 3451 multaque
3117 3394 3241 3433 cum
3273 3377 3440 3430 clari-

1864 3494 1975 3541 tate
2002 3486 2189 3555 plagas
2223 3482 2548 3537 adversariis
2575 3478 2681 3533 tuis
2709 3479 3004 3545 impones.c
3038 3474 3090 3525 In
3122 3467 3439 3539 splendores

1865 3576 2272 3635 coruscationis
2314 3587 2593 3628 armorum
2648 3578 2887 3623 tuorum.
2930 3585 2948 3617 ι
2985 3562 3238 3633 Fulguris
3268 3559 3441 3613 instar

1867 3670 2230 3742 splendebunt
2267 3682 2417 3721 arma
2484 3676 2596 3726 tua,
2633 3662 2795 3715 idest
2813 3665 3005 3712 contra
3061 3657 3248 3709 hostes
3282 3650 3443 3703 l‘orti-

1867 3762 2018 3816 tudo.
2066 3779 2083 3811 ι
2124 3760 2182 3812 1η
2207 3755 2630 3811 comminatione
2685 3759 2776 3805 tua
2812 3749 3105 3802 imminues
3131 3752 3353 3801 terram,
3388 3750 3443 3794 et

1870 3856 1924 3909 in
1958 3854 2142 3907 furore
2170 3864 2261 3905 tuo
2281 3848 2535 3904 detrahes
2600 3853 2807 3915 gentes.
2848 3859 2865 3891 ι
2897 3838 3214 3893 Universam
3235 3841 3439 3887 terram

1870 3961 1993 4000 cum
2056 3942 2252 3997 incolis
2305 3941 2442 4007 suis,
2470 3953 2593 3992 cum
2657 3936 2830 3989 iratus
2862 3930 3051 3995 lueris,
3081 3940 3190 3981 uno
3223 3925 3443 3979 decreto

1870 4047 2090 4104 pessum
2121 4032 2240 4085 das.

257 4290 419 4387 έτίχ.
472 4290 665 4386 ιγ’-ις·ί.
719 4290 856 4369 -1ς
914 4290 1166 4389 ίίίξῆλθες
1210 4320 1289 4382 εἰς
1343 4318 1614 4389 σωτηρίαν
1675 4318 1766 4371 τοῦ

1942 4313 2109 4369 Vens.
2152 4308 2419 4365 l5—l6.—-
2464 4324 2481 4356 ι
2515 4304 2780 4373 Egressus
2808 4316 2867 4354 es
2907 4298 2961 4351 in
2990 4296 3218 4350 salutem
3252 4290 3441 4361 populi

183 4412 326 4466 λαοῦ
363 4430 493 4472 σου,
526 4412 618 4464 τοῦ
648 4412 818 4464 σῶσαι
867 4414 993 4474 τοὺς
1033 4411 1284 4481 χριστούς
1317 4429 1432 4465 σου.
1472 4430 1489 4462 ι
1527 4412 1775 4464 Ἀπαντα

184 4503 303 4575 γὰρ
330 4503 593 4573 πράττεις
622 4504 711 4556 ἐπὶ
742 4504 984 4575 σωτηρίᾳ
1015 4504 1105 4557 τοῦ
1136 4503 1334 4555 οἰκείου
1362 4502 1493 4556 λαοῦ
1527 4503 1620 4556 ἆτε
1647 4503 1777 4567 ἐξει-

182 4592 485 4663 λεγμένων
529 4595 678 4663 παρὰ
728 4594 851 4646 σοῦ’
916 4595 1169 4664 χριστοὺς
1216 4595 1326 4665 γὰρ
1371 4594 1605 4648 ἐνταῦθα
1650 4597 1776 4659 τοὺς

184 4688 621 4755 ἐξειλεγμένους
660 4686 831 4755 λέγει,
887 4688 947 4739 ού
992 4689 1116 4747 τοὺς
1161 4688 1588 4757 κεχρισμένονς·
1633 4686 1706 4749 ὡς
1748 4690 1777 4740 6

187 4780 476 4850 μακάριος
505 4776 666 4830 Δαυῒδ
696 4778 822 4848 περί
844 4796 902 4829 τε
927 4777 1020 4829 τοῦ
1065 4777 1311 4849 Ἀϐραὰμ
1346 4780 1439 4831 καί
1464 4778 1557 4830 τοῦ
1596 4778 1778 4831 Ἰσαὰκ

183 4873 289 4924 καὶ
328 4870 425 4923 τοῦ
473 4868 685 4928 Ἰακὼϐ,
720 4869 913 4937 λέγων,
949 4887 967 4919 ι
1020 4869 1109 4939 Μὴ
1139 4868 1373 4922 ἅπτεσθε
1403 4870 1509 4921 τῶν
1544 4869 1780 4939 χριστῶν

187 4980 305 5033 μου
332 5002 349 5024 ,
383 4962 481 5012 καὶ
515 4962 572 5012 ἐν
597 4963 710 5023 τοῖς
739 4962 1045 5031 προφήταις
1079 4978 1179 5031 μου
1209 4959 1677 5030 μὴ’πονηρεύεσθε
1704 4977 1715 4989 ·
1754 4980 1773 5012 ι

182 5050 465 5120 χριστοὺς
485 5050 584 5118 οὐχ
604 5049 678 5110 ὡς
704 5049 1118 5119 κεχρισμένους,
1149 5048 1351 5111 ἀλλ’ὡς
1375 5048 1780 5117 ἐξειλεγμένους

181 5140 403 5199 αὐτοὺς
448 5136 707 5208 εἰρηκώς.
748 5142 826 5206 (p.
884 5137 1029 5205 378)
1069 5156 1087 5189 ‹
1150 5137 1381 5200 Ἔόαλες
1413 5140 1492 5199 εἰς
1538 5136 1779 5204 κεφαλὰς

180 5231 427 5298 ἀνόμων
457 5228 705 5281 θάνατον.
740 5247 758 5280 ι
807 5228 976 5299 ’Υπὲρ
1005 5228 1192 5280 τούτου
1227 5227 1438 5297 θανάτῳ
1470 5227 1779 5297 περιδαλεῖς

179 5321 329 5383 τοὺς
370 5320 661 5380 ἐναντίους.
709 5338 729 5369 ί
778 5320 1091 5390 Ἐξήγειρες
1123 5321 1355 5390 δεσμοὺς
1379 5321 1482 5382 ἓως
1508 5319 1777 5390 τραχήλου

182 5413 275 5472 εἰς
308 5408 494 5470 τέλος.
528 5427 548 5459 ι
574 5411 683 5461 Καὶ
710 5410 961 5479 δεσμίους
986 5411 1183 5473 αὐτοὺς
1208 5410 1536 5480 ἡττηθέντας
1570 5411 1783 5477 ἀποφα-

181 5503 340 5562 νεῖς.
378 5516 397 5548 ι
434 5499 700 5567 Διέκοψας
742 5503 798 5553 ἐν
848 5502 1102 5555 ἐκστάσει
1145 5502 1385 5571 κεφαλὰς
1416 5500 1708 5554 δυναστῶν.
1756 5521 1776 5553 ι

183 5591 352 5652 Τοὺς
388 5590 646 5661 πρότερον
684 5590 1102 5657 δυναστεύοντας
1134 5593 1273 5647 οὕτω
1300 5595 1366 5664 τῇ
1406 5591 1599 5646 σαυτοῦ
1643 5592 1777 5662 ὀργῇ

313 5765 367 5797 ι’
402 5764 559 5821 Psal.
592 5782 701 5829 etv,
738 5765 824 5822 15.

1870 4408 1973 4471 tui,
2010 4405 2078 4458 ad
2110 4399 2401 4459 salvandos
2426 4397 2662 4451 christos
2693 4403 2835 4448 tuos.
2867 4410 2885 4442 ι
2912 4389 3108 4444 Omnia
3140 4399 3237 4455 pro
3268 4384 3444 4438 salute

1874 4496 2077 4568 pr0prii
2126 4493 2311 4564 populi
2351 4492 2486 4560 agis.
2540 4488 2632 4557 qui
2668 4493 2887 4540 constat
2928 4499 2993 4537 ex
3035 4479 3223 4534 electis
3283 4476 3392 4529 tuis
3427 4492 3440 4526 :

1873 4588 2112 4642 christos
2132 4584 2277 4639 enim
2316 4582 2404 4635 hic
2427 4582 2626 4635 electos
2649 4576 2901 4647 appellat,
2924 4587 3033 4625 non
3065 4584 3192 4624 vero
3225 4573 3440 4621 unctos.

1876 4680 2029 4735 Sicut
2052 4680 2243 4733 beatus
2271 4673 2440 4729 David
2481 4672 2549 4726 de
2576 4671 2904 4732 Abrahamo,
2938 4668 3126 4719 lsaaco
3156 4669 3208 4716 et
3236 4658 3442 4713 Jacobo

1873 4772 2102 4842 loquens
2131 4788 2143 4822 :
2178 4786 2195 4817 ‹
2218 4766 2414 4831 Nolite,
2436 4763 2633 4833 inquit,
2652 4770 2875 4831 tangere
2899 4758 3137 4812 christos
3190 4767 3362 4813 meos,
3392 4756 3446 4802 et

1875 4868 1930 4919 in
1957 4862 2236 4933 prophetis
2262 4859 2398 4912 meis
2417 4856 2586 4909 nolite
2620 4850 2904 4921 malignari
2934 4849 3015 4913 ";
3047 4866 3066 4898 ι
3103 4844 3338 4899 christos
3365 4839 3445 4891 vi-

1874 4957 2065 5011 delicet
2108 4969 2201 5007 eos
2261 4949 2559 5018 appellans.
2610 4961 2718 4999 non
2762 4943 2888 5012 quia
2920 4950 3134 4998 unctos,
3192 4935 3285 4990 sed
3316 4933 3444 5001 quia

1873 5048 2099 5101 electos.
2149 5060 2167 5091 ι
2216 5040 2410 5093 Misisti
2458 5039 2510 5090 in
2559 5037 2738 5103 capita
2778 5034 3088 5101 iniquorum
3138 5034 3389 5079 mortem.
3419 5040 3441 5074 ι

1876 5138 2171 5206 Propterea
2232 5131 2576 5185 adversarios
2613 5134 2787 5180 morte
2821 5122 3137 5191 occupabis.
3172 5135 3192 5169 ι
3252 5113 3446 5171 Susci—

1878 5205 2000 5280 tain
2029 5222 2247 5277 vincula
2274 5235 2446 5288 usque
2475 5220 2541 5271 ad
2581 5217 2803 5277 collum,
2837 5214 2889 5265 in
2920 5211 3101 5264 finem.
3149 5226 3167 5258 ι
3210 5205 3448 5273 Supera-

1879 5328 1965 5371 tos
1996 5332 2025 5369 a
2061 5324 2134 5375 te,
2165 5314 2379 5366 vinctos
2414 5310 2577 5364 etiam
2630 5305 2954 5361 ostentabis.
3000 5300 3163 5371 248
3189 5316 3207 5348 ι
3248 5294 3453 5350 Praeci-

1880 5408 2006 5463 disti
2038 5408 2089 5459 in
2125 5413 2349 5473 stupore
2381 5402 2561 5469 capita
2590 5398 2917 5467 principum.
2960 5412 2979 5445 ι
3024 5394 3130 5446 Eos
3162 5387 3256 5458 qui
3290 5391 3452 5439 antea

1882 5497 2320 5555 dominabantur,
2374 5503 2478 5546 tam
2510 5490 2854 5544 vehementer
2884 5487 2963 5539 ira
2999 5493 3090 5537 tua
3137 5475 3449 5539 eoucidisti,

1891 5601 1948 5646 ut
1978 5588 2230 5646 omnibus
2260 5597 2450 5652 stupor
2494 5582 2673 5636 fuerit.
2711 5599 2728 5631 ι
2780 5575 3118 5635 Relaxahunt
3151 5572 3297 5625 frena
3327 5582 3452 5630 sua,
