3934 6536
510 325 617 379 M7

1672 344 2022 402 THEODORI
2056 348 2539 408 MOPSUESTENI

3646 367 3734 421 HS

513 450 657 501 sicut
698 462 899 517 pauper
939 450 1228 507 comedens
1286 454 1339 509 in
1379 458 1668 516 absconso.
1733 483 1752 516 ι
1789 464 2066 524 Βοεοινετε

554 556 595 559 κ.-
653 556 740 559 --μ-
812 556 824 559 Α
848 540 867 559 J
910 542 971 559 "Ir
997 558 1003 559 ί
1733 556 1746 559 ’

2187 473 2429 542 σφοδρῶς
2455 474 2721 546 διέτεμες,
2758 478 2897 533 ὥστε
2947 482 3150 536 ἅπασιν
3193 486 3509 554 ἐγγενέσθαι
3544 488 3731 559 θαῦμα.

512 556 608 593 ora
648 556 748 594 sua
804 540 870 593 ad
909 542 1132 596 liberum
1160 561 1464 602 sermonem
1502 568 1608 607 non
1644 556 1953 622 audebunt;
1986 562 2079 616 sed

514 645 665 683 more
699 631 969 698 pauperis,
1018 633 1108 701 qui
1151 635 1470 694 subfuratus
1492 643 1696 712 aliquid
1730 647 1963 704 latenter
1987 667 2076 706 eo-

514 719 701 779 medit,
733 736 801 772 ne
828 721 962 774 forte
988 722 1445 794 deprehendatur,
1507 734 1678 787 multo
1727 754 1850 791 cum
1886 740 2079 798 timore

512 806 821 877 loquentur.
858 828 876 859 ι
921 812 984 864 ΕΙ.
1037 816 1409 882 superduxisti
1444 822 1499 875 in
1542 839 1690 879 mare
1736 844 1907 897 equos
1930 840 2074 900 tuos,

514 901 797 955 turbantes
831 916 1002 971 aquas
1036 908 1252 962 multas.
1297 929 1315 961 ι
1350 910 1625 969 lmmisisti
1656 917 1955 978 invisibiles
1982 940 2078 994 po-

512 980 735 1046 testates
764 1002 884 1049 tuas
912 996 1175 1053 adversus
1206 1000 1442 1056 hostium
1477 1007 1901 1077 multitudinem,
1934 1017 2075 1069 mul-

513 1090 622 1134 tam
663 1082 769 1137 illis
827 1086 1191 1143 turbationem
1238 1106 1660 1154 commoventes.
1715 1118 1734 1152 ι
1773 1102 2073 1174 Custodivi,

509 1182 562 1225 et
606 1176 824 1243 expavit
864 1186 1051 1232 venter
1083 1196 1237 1235 meus
1285 1196 1315 1235 a
1350 1200 1481 1241 voce
1517 1189 1780 1248 orationis
1808 1194 2073 1252 labiorum

512 1277 780 1331 meorum,
832 1275 887 1322 et
934 1269 1214 1339 ingressus
1244 1284 1330 1330 est
1370 1285 1574 1332 tremor
1605 1280 1658 1333 in
1686 1296 1811 1337 ossa
1858 1302 1997 1350 inea,
2022 1297 2078 1343 et

512 1353 699 1409 subter
732 1372 818 1411 me
844 1361 1167 1417 conturbata
1212 1373 1295 1421 est
1350 1368 1612 1426 habitudo
1645 1389 1782 1429 mea.
1843 1396 1861 1428 ›
1923 1378 2076 1449 Sa-pe

511 1443 679 1513 igitur
724 1447 873 1503 circa
910 1452 1051 1506 mala
1078 1470 1199 1523 quae
1228 1459 1529 1527 agebantur
1582 1466 1857 1524 silentium
1891 1482 2076 1532 tenere

510 1536 738 1603 malens,
789 1546 845 1595 et
898 1544 1131 1598 orationi
1173 1564 1386 1617 vacare,
1427 1553 1735 1612 futurorum
1785 1572 2073 1622 eventuum

511 1626 842 1683 revelatione
865 1641 1108 1702 accepta,
1136 1636 1298 1692 timor
1319 1652 1552 1697 mentem
1575 1662 1747 1705 meam
1765 1658 2071 1723 occupavit,

2189 579 2208 612 ι
2254 563 2635 632 Σεισθήσονται
2686 568 2742 619 ἐν
2788 568 2947 642 αὐτῇ.
3003 595 3022 625 ι
3073 575 3433 648 Σαλευόμενοι
3485 583 3729 651 τιμωρίᾳ.

2188 671 2207 704 ι
2253 654 2585 721 Διανοίξουσι
2633 658 2887 726 χαλινοὺς
2936 664 3115 719 αὐτῶν
3159 667 3236 731 ὡς
3294 669 3486 723 ἐσθίων
3538 674 3734 741 πτωχὸς

2182 742 2377 813 λάθρα.
2418 764 2437 796 ι
2472 748 2741 813 Διανοίξαι
2769 752 2830 803 τὸ
2853 754 3026 824 στόμα
3047 757 3226 811 αὐτῶν
3246 760 3327 822 είς
3361 764 3730 833 πεπαρρησια-

2184 834 2387 905 σμένην
2411 835 2472 888 ού
2500 837 2825 909 τολμήσουσι
2861 843 3047 899 λαλιάν
3066 863 3079 876 ⁸
3113 847 3270 918 δίκην
3296 849 3355 901 δὲ
3390 852 3621 919 πένητος
3650 869 3733 905 κε-

2181 924 2437 992 κλοφότος
2466 944 2518 979 τι
2555 930 2647 981 καὶ
2675 931 2947 1002 λαθραίως
2981 937 3249 1004 ἐσθίοντος
3275 941 3352 1004 ῶς
3377 941 3443 994 ἂν
3476 943 3552 1013 μὴ
3592 943 3693 1013 ἁλῷ
3713 984 3729 1005 ,

2182 1016 2320 1083 μετὰ
2348 1019 2542 1072 πολλοῦ
2567 1022 2883 1091 φθέγξονται
2907 1027 2998 1080 τοῦ
3027 1029 3197 1093 δέους.
3228 1050 3247 1082 ι
3286 1033 3394 1084 Καὶ
3414 1033 3732 1097 ἐπεϐίϐασας

2179 1107 2306 1170 τοὺς
2355 1109 2553 1174 ἵππους
2607 1130 2699 1166 σου
2753 1116 2845 1168 ἐπὶ
2887 1118 2986 1187 τὴν
3048 1119 3323 1175 Θάλασσαν
3371 1125 3732 1194 ταράσσοντας

2181 1195 2346 1252 ὕδατα
2390 1203 2576 1256 πολλά.
2624 1223 2642 1257 ι
2694 1207 3013 1277 Ἐπαφῆκας
3049 1210 3147 1273 τὰς
3190 1214 3454 1285 ἀοράτους
3484 1216 3732 1287 δυνάμεις

2175 1289 2252 1360 τῷ
2275 1292 2467 1362 πλήθει
2507 1295 2617 1349 τῶν
2651 1298 2942 1368 πολεμίων,
2987 1303 3250 1373 μεγίστην
3294 1306 3475 1369 αὐτοῖς
3498 1310 3732 1379 ταραχὴν

2177 1381 2628 1456 ἐνεργαζομένας.
2661 1406 2680 1439 ι
2733 1390 3135 1463 Ἐφυλαξάμην,
3166 1397 3257 1449 καὶ
3284 1397 3520 1469 ἐπτοήθη
3549 1401 3580 1468 ή
3605 1417 3734 1470 καρ-

2173 1474 2260 1527 δία
2309 1492 2411 1545 μου
2468 1478 2576 1532 ἀπὸ
2618 1482 2800 1551 φωνῆς
2834 1485 3139 1555 προσευχῆς
3181 1487 3403 1556 χειλέων
3455 1505 3555 1559 μου
3587 1506 3601 1519 ·
3646 1493 3735 1542 καὶ

2176 1567 2393 1636 είσῆλθε
2428 1571 2627 1640 τρόμος
2660 1575 2740 1635 είς
2788 1590 2858 1627 τα
2902 1574 3036 1628 ὀστᾶ
3082 1592 3182 1645 μου
3207 1618 3222 1642 ,
3274 1579 3366 1631 καὶ
3392 1579 3734 1632 ὑποκάτωθεν

2178 1676 2278 1729 μου
2305 1661 2578 1731 ἐταράχθη
2609 1665 2641 1733 ἡ
2672 1663 2785 1727 seu;
2821 1683 2945 1735 μου.
2989 1685 3007 1719 ι
3056 1668 3482 1737 Πολλάκιςγοῦν
3504 1671 3595 1723 ἐπὶ
3626 1675 3735 1732 τοῖς

508 1720 564 1769 et
594 1722 711 1770 toto
764 1733 993 1790 corpore
1019 1730 1340 1785 contremui.
1396 1752 1416 1784 ι
1475 1734 1833 1807 Requiescam
1885 1746 1941 1799 ίη
1983 1748 2066 1802 die

510 1806 868 1830 h2l.--l-n!-_!,
957 1822 972 1830 -
1218 1821 1231 1830 .
1425 1825 1438 1830 -

2174 1720 2578 1821 πραττομένοις.
2609 1720 2797 1818 κακοῖς
2821 1720 2935 1827 ⁸τὴν
2961 1759 3193 1828 ἡσυχίαν
3230 1720 3482 1830 ἐλόμενος
3514 1763 3735 1830 ἀγαγεῖν

510 1806 893 1877 tribulationis,
918 1822 977 1869 ut
1033 1821 1323 1877 ascendam
1373 1825 1441 1880 ad
1499 1806 1755 1897 populum
1799 1836 2072 1895 incolatus
2104 1814 2145 1869 Β

509 1900 635 1954 mei.
675 1920 696 1953 ι
747 1901 971 1961 Miratus
1003 1924 1124 1963 sum
1159 1914 1344 1967 audita
1403 1916 1709 1977 incredilibi
1746 1939 1840 1992 per
1885 1935 2076 1996 poten-

508 1986 637 2040 tiam
676 1996 824 2043 tuam
856 2008 915 2047 re
945 1994 1157 2063 futura;
1209 2002 1354 2069 quod
1395 2020 1589 2076 nempe
1634 2026 1698 2064 ex
1726 1986 1818 2065 tali
1847 1986 2076 2070 tribula-

508 2078 652 2134 tione
674 2083 950 2154 tantisque
977 2089 1154 2153 malis.
1187 2093 1387 2161 quibus
1417 2096 1470 2150 in
1504 2101 1818 2167 captivitate
1856 2110 2073 2161 exerci-

509 2177 596 2225 tus
630 2171 729 2238 fui,
773 2177 1017 2245 requiem
1052 2195 1355 2253 consequar
1378 2194 1433 2241 et
1468 2191 1841 2248 molestiarum
1887 2198 2074 2267 depul-

506 2259 767 2316 sionem:
820 2267 953 2335 quin
1008 2271 1177 2329 etiam
1243 2274 1311 2329 ad
1367 2276 1638 2339 incolatus
1681 2286 1855 2340 nostri
1896 2288 2074 2345 locum

506 2364 723 2420 pergam
759 2369 884 2409 cum
920 2362 1141 2428 preprio
1170 2366 1392 2432 populo.

2172 1843 2239 1910 τῇ
2271 1846 2545 1913 προσευχῇ
2576 1846 2943 1915 χρησάμενος,
2994 1850 3090 1903 καὶ
3128 1851 3259 1922 περὶ
3296 1852 3407 1905 τῶν
3440 1852 3735 1921 μελλόντων

2172 1934 2420 1987 ἐντεῦθεν
2443 1936 2783 2006 ἀποκάλυψιν
2807 1939 3008 2004 λαϐὼν,
3035 1942 3183 2012 φόϐῳ
3202 1960 3260 1995 τε
3287 1944 3619 2013 κατεσχέθην
3641 1945 3734 2012 τὴν

2171 2022 2425 2089 διάνοιαν,
2479 2028 2574 2080 καὶ
2609 2028 2811 2098 τρόμος
2867 2031 2986 2084 ὅλον
3033 2048 3101 2102 με
3153 2034 3221 2085 δι’
3269 2034 3391 2087 ὃλου
3450 2034 3732 2102 κατέσχεν.

2173 2112 2248 2183 (p.
2274 2115 2398 2184 379)
2435 2134 2454 2168 ι
2502 2119 2910 2191 Ἀναπαύσομαι
2939 2124 2997 2175 ἐν
3026 2123 3207 2196 ἡμέρᾳ
3235 2123 3464 2193 θλίψεως
3490 2123 3584 2176 τοῦ
3617 2126 3733 2176 ἀνα-

2170 2202 2331 2271 ϐῆναι
2364 2208 2446 2268 είς
2471 2205 2597 2261 λαὸν
2626 2212 2914 2280 παροικίας
2947 2230 3067 2282 μου.
3106 2231 3123 2264 ι
3159 2215 3269 2266 Καὶ
3296 2213 3404 2284 γὰρ
3432 2214 3735 2283 ἐθαύμαζον

2174 2293 2361 2359 μαθὼν
2397 2299 2631 2369 πρᾶγμα
2654 2301 2883 2356 ἄπιστον
2912 2303 3169 2374 ἐσόμενον
3188 2308 3254 2375 τῇ
3285 2306 3511 2375 δυνάμει
3536 2309 3605 2376 τῇ
3638 2309 3699 2375 σῇ
3720 2323 3731 2333 ’

2169 2387 2251 2439 ὄτι
2276 2389 2338 2441 ἐκ
2362 2391 2630 2461 τοσαύτης
2663 2394 2894 2464 θλίψεως
2919 2398 3014 2450 καὶ
3042 2398 3313 2452 τοσούτων
3339 2398 3549 2463 κακῶν,
3586 2400 3643 2450 ἐν
3663 2394 3735 2459 οἷς

504 2435 591 2490 διὰ
637 2440 736 2510 τῆς
784 2444 1158 2514 αἰχμαλωσίας
1190 2452 1511 2527 ἐξητάσθην,
1554 2460 1612 2513 ἐν
1648 2463 1951 2521 ἀναπαύσει
1988 2489 2046 2523 τε
2087 2435 2416 2545 scopuli”;ch
2452 2435 2736 2554 ἀπαλλαγῇ
2750 2435 2889 2539 Ἰ’τῶν
2923 2487 3145 2541 δεινῶν·
3188 2489 3279 2541 καὶ
3315 2487 3495 2559 δήκαὶ
3520 2489 3617 2541 ἐπὶ
3646 2488 3737 2557 τὴν

505 2533 918 2559 ο---...ι-..-ε..
954 2540 978 2559 ,ι
1103 2542 1115 2559 ρ
1265 2548 1277 2559 .
1349 2548 1365 2559 .
1424 2550 1436 2559 .

505 2533 796 2600 παροικίαν
821 2537 919 2608 τήν
951 2540 1219 2613 ἡμετέραν
1252 2548 1606 2623 ἀνελεύσομαι
1629 2559 1767 2626 μετά
1799 2560 1892 2614 τοῦ
1920 2562 2046 2617 λαού
2078 2533 2412 2626 τοῦιοίκείου.

498 3003 625 3043 esca
648 3008 797 3060 oves,
826 3006 878 3051 et
900 3015 1005 3053 non
1031 3012 1158 3057 sunt
1176 3006 1341 3063 boves
1376 3013 1427 3065 in
1452 3019 1808 3085 prazsepibus.
1851 3042 1869 3074 ι
1906 3024 2069 3080 Vide-

501 3076 649 3143 bam,
707 3082 904 3152 inquit,
951 3089 1085 3143 iram
1140 3110 1358 3165 quoque
1402 3100 1667 3160 adversus
1717 3116 2068 3167 contumaces

502 3171 820 3241 terribilem,
850 3179 920 3233 ob
948 3197 1109 3250 quam
1138 3185 1260 3242 illos
1287 3204 1394 3244 non
1430 3192 1645 3251 hostilis
1677 3205 1887 3254 tantum
1920 3204 2067 3257 cala-

503 3262 663 3320 mitas
714 3271 1003 3339 corripuit,
1035 3276 1128 3331 sed
1176 3279 1339 3334 etiam
1397 3286 1685 3343 sterilitate
1754 3294 2066 3348 omnimoda

499 3359 748 3421 occupati
797 3358 1034 3428 fuerunt,
1073 3368 1281 3422 nullum
1338 3372 1405 3427 de
1451 3378 1787 3443 germinibus
1844 3350 2139 3451 lignisveC

499 3456 727 3513 carpere
752 3446 987 3506 fructum
1007 3455 1269 3514 valentes.
1300 3459 1559 3517 Peribunt
1583 3468 1808 3537 insuper
1822 3472 2067 3539 jumenta

498 3534 706 3599 omnia,
742 3542 930 3621 pascui
956 3551 1009 3598 et
1038 3546 1308 3605 alimoniae
1348 3551 1586 3609 defectu.
1611 3576 1629 3609 ι
1666 3534 1777 3629 Ergo
1799 3534 1975 3617 autem
2012 3566 2065 3619 in

505 3622 734 3683 Domino
760 3620 924 3703 249
980 3640 1284 3707 exsultabo,
1313 3645 1537 3700 laatabor
1564 3650 1616 3702 in
1662 3650 1772 3705 Deo
1798 3656 2068 3713 salvatore

501 3732 643 3773 meo.
674 3739 693 3772 ι
723 3720 789 3775 Et
812 3739 897 3778 res
913 3728 1131 3795 quidem
1157 3732 1372 3789 illorum
1394 3737 1465 3791 ita
1483 3755 1542 3793 se
1567 3741 1878 3814 habebunt;
1910 3751 2065 3806 nobis

501 3817 703 3876 autem,
731 3820 784 3867 te
809 3820 1086 3885 suppetias
1129 3822 1354 3888 ferente,
1382 3829 1633 3899 voluptas
1654 3836 1756 3889 erit
1791 3846 1953 3908 atque
1978 3858 2065 3896 sa-

500 3898 606 3954 lus;
645 3900 778 3957 Nam
809 3922 1132 3975 pronomen,
1157 3929 1279 3983 ego,
1313 3917 1447 3972 dicit
1488 3898 1541 3975 in
1580 3928 1798 3994 propria
1832 3898 2064 3999 persona

496 3990 563 4045 de
589 3996 846 4051 universo
891 4004 1115 4069 populo;
1144 4007 1237 4074 qui
1280 4024 1399 4065 mos
1435 3990 2067 4092 prophetarum-perﬁca

496 4098 669 4151 quens
694 4098 798 4141 est.
835 4088 989 4145 Sicut
1013 4096 1175 4148 etiam
1202 4097 1417 4154 beatum
1468 4103 1722 4161 Davidem
1746 4088 1935 4178 preces
1967 4133 2063 4185 pro

496 4180 771 4231 communi
791 4183 971 4249 populi
998 4200 1227 4251 persona
1260 4189 1547 4248 facientem
1580 4198 1864 4269 videmus;
1893 4207 2061 4262 veluti

494 4277 615 4315 cum
648 4267 722 4319 ait
760 4288 772 4322 :
817 4289 835 4319 ι
874 4274 927 4325 in
965 4282 1037 4338 te,
1074 4276 1319 4345 Domine,
1348 4289 1582 4353 speravi,
1616 4307 1722 4346 non
1757 4296 2063 4355 conlundar

495 4354 547 4405 in
571 4366 830 4414 aeternum
862 4365 925 4418 ".
964 4385 981 4416 ι
1010 4366 1137 4424 Item
1166 4390 1179 4425 :
1210 4391 1230 4424 ι
1261 4373 1505 4441 Domine,
1538 4386 1732 4438 exaudi
1760 4392 2058 4448 orationem

494 4462 689 4510 meam,
716 4461 769 4504 et
808 4455 1017 4511 clamor
1045 4476 1198 4515 meus
1221 4464 1285 4517 ad
1320 4474 1372 4519 te
1397 4470 1578 4525 veniat
1600 4474 1665 4527 ".
1704 4495 1722 4528 ι
1764 4477 1887 4534 Haec
1914 4484 2059 4537 enim

491 4555 556 4592 ex
600 4548 875 4599 communi
924 4550 1057 4603 dicit
1085 4556 1423 4622 captivorum
1454 4578 1683 4631 persona
1716 4587 1731 4635 ;
1760 4571 1832 4624 ita
1858 4582 1917 4626 ut
1946 4576 2061 4630 sin-

490 4632 602 4700 guli
642 4650 797 4702 prece
835 4639 935 4692 hac
976 4648 1260 4702 commode
1297 4652 1373 4704 uti
1416 4664 1636 4722 queant.
1677 4632 1877 4715 Eodem
1911 4681 2055 4721 nunc
2089 4694 2131 4747 ι)

490 4726 653 4779 modo
686 4732 946 4799 propheta
992 4744 1252 4805 tanquam
1291 4759 1353 4797 ex
1396 4752 1673 4804 connnuni
1709 4769 1939 4821 persona
1974 4759 2051 4813 lo-

486 4819 695 4887 quitur,
729 4826 1168 4896 quandoquidem
1196 4843 1249 4888 et
1275 4835 1341 4890 de
1363 4844 1637 4896 communi
1658 4819 1893 4903 utilitate
1923 4852 2053 4918 agit.

491 4925 510 4957 ι
553 4907 815 4964 Dominus
843 4914 1006 4980 Deus,
1052 4922 1223 4977 virtus
1263 4941 1379 4979 mea
1408 4946 1420 4980 :
1446 4938 1498 4984 et
1522 4945 1681 4999 ponet
1710 4938 1873 5003 pedes
1906 4957 2057 4997 meos

484 5001 641 5067 quasi
675 5006 842 5063 cervi.
874 5016 928 5060 et
956 5009 1023 5063 ad
1069 5014 1283 5068 excelsa
1329 5034 1412 5072 me
1465 5021 1703 5086 deducit.
1757 5036 1814 5078 ut
1844 5032 2056 5084 vincam

484 5090 539 5142 in
562 5094 779 5149 cantico
803 5098 991 5165 ipsius.
1031 5121 1048 5153 ›
1088 5105 1133 5158 Is
1158 5106 1284 5160 mihi
1314 5109 1363 5159 in
1412 5113 1664 5168 omnibus
1686 5117 1827 5171 vires
1855 5136 2054 5189 suppc~

484 5183 638 5247 ditat,
663 5187 755 5254 qui
790 5205 889 5244 nos
918 5194 1165 5249 celeriter
1198 5197 1487 5254 admodum
1523 5208 1825 5273 captivitati
1852 5213 2054 5267 subdu-

482 5288 613 5335 cet:
668 5300 788 5337 nam
820 5302 971 5341 more
1020 5305 1304 5347 cervorum
1360 5298 1589 5353 celerem
1624 5304 1748 5357 inde
1791 5305 2051 5363 faciemus

483 5371 739 5428 reditum.
785 5377 1057 5435 Sublimes
1094 5393 1274 5438 autem
1301 5404 1400 5441 nos
1425 5405 1533 5457 pra:
1582 5397 1837 5449 omnibus
1867 5411 2052 5453 osten-

484 5461 608 5529 det;
639 5466 713 5516 ita
742 5470 974 5523 utnobis
1012 5474 1144 5526 nihil
1179 5476 1323 5529 aliud
1351 5481 1608 5546 supersit.
1636 5499 1798 5550 quant
1822 5490 2050 5545 canticis

483 5560 647 5622 atque
673 5556 885 5625 hymnis
918 5561 1081 5617 Deum
1114 5567 1429 5624 celebrare:
1459 5575 1901 5647 quandoquidem
1937 5584 2049 5637 vic-

590 5730 635 5760 "
669 5730 807 5793 Psul.
851 5752 974 5801 xxx,
1001 5742 1051 5793 εὶ.
1160 5746 1201 5772 ’⁷
1242 5743 1476 5811 Psalm,
1518 5751 1569 5805 2.

2240 2757 2386 2828 Στίχ.
2424 2758 2609 2824 ιζ’-ιϐ’.
2648 2791 2723 2807 --
2768 2782 2787 2815 ι
2821 2765 2965 2818 Διότι
3000 2766 3138 2836 συκῆ
3185 2766 3242 2819 οὐ
3292 2770 3735 2838 καρποφορήσει,

2166 2848 2258 2900 καὶ
2281 2850 2380 2901 οὐκ
2416 2850 2565 2905 ἔσται
2590 2856 2903 2925 γεννήματα
2922 2857 2981 2909 ὲν
3009 2860 3126 2920 ταῖς
3151 2857 3415 2925 ἀμπέλοις
3438 2875 3452 2887 ⁸
3480 2858 3735 2926 ψεύσεται

2165 2939 2324 3011 ἔργον
2358 2942 2543 3006 ἐλαίας
2560 2952 2588 2972 ”
2618 2946 2709 2997 καὶ
2730 2945 2796 2998 τά
2831 2946 2986 2999 πεδία
3017 2948 3077 2999 ού
3112 2949 3322 3016 ποιήσει
3352 2948 3560 3018 βρῶσιν
3591 2966 3605 2979 ι
3658 2950 3736 3015 ἐξ-

2166 3032 2347 3085 έλιπεν
2378 3034 2485 3086 ἀπὸ
2524 3034 2776 3103 βρώσεως
2815 3036 3092 3106 πρόϐατα,
3132 3037 3223 3089 καὶ
3255 3038 3353 3107 οὐχ
3399 3039 3734 3108 ὑπάρχουσιν

2170 3125 2287 3194 βόες
2317 3126 2406 3178 ἐπὶ
2433 3127 2677 3195 φάτναις.
2709 3146 2728 3179 ι
2768 3127 2981 3196 Ἑὼρων
3003 3129 3131 3198 γὰρ,
3164 3132 3317 3199 φησὶ,
3350 3131 3444 3182 καὶ
3473 3131 3575 3199 τὴν
3603 3133 3735 3184 κατὰ

2166 3218 2275 3269 τῶν
2304 3218 2556 3270 ἐναντίων
2585 3218 2753 3288 ὀργὴν
2794 3219 3031 3290 φοϐεράν
3070 3236 3192 3273 τινα
3224 3217 3407 3285 οὖσαν,
3446 3223 3541 3290 ἀφ’
3574 3217 3640 3292 ἧς
3677 3224 3730 3274 οὐ

2167 3307 2235 3360 τὰ
2274 3308 2339 3360 ἐκ
2390 3308 2499 3360 τῶν
2546 3309 2818 3379 πολεμίων
2848 3311 3043 3371 αὐτοὺς
3082 3312 3242 3381 μόνον
3288 3315 3502 3382 συνεῖχε
3548 3317 3691 3367 κακά
3718 3332 3731 3345 ε

2172 3398 2309 3452 ἀλλὰ
2333 3398 2443 3467 γάρ
2471 3400 2565 3453 καὶ
2611 3401 2717 3454 ὑπὸ
2746 3404 3024 3474 ἀκαρπίας
3053 3404 3366 3473 κατείχοντο
3395 3406 3699 3468 παντελοῦς
3718 3447 3731 3468 .

2168 3490 2265 3542 οὐκ
2294 3492 2361 3544 ἐκ
2373 3490 2747 3562 γεννημάτων,
2763 3493 2863 3545 οὑκ
2878 3495 2939 3546 ὲκ
2957 3494 3128 3558 ξύλων
3156 3497 3368 3566 καρπὸν
3400 3498 3736 3566 κομίσασθαι

2167 3578 2269 3635 οἷοί
2313 3600 2373 3635 τε
2415 3583 2594 3647 ὄντες⁶
2641 3587 3139 3655 προσαπολέσονται
3184 3589 3239 3641 δὲ
3297 3592 3389 3643 καὶ
3441 3590 3509 3643 τά
3568 3595 3732 3661 κτήνη

2166 3675 2363 3732 πάντα.
2395 3676 2599 3746 ἐρημίᾳ
2634 3678 2804 3748 νομῆς
2846 3695 2904 3729 τε
2938 3680 3030 3731 καὶ
3064 3680 3383 3751 βρωμάτων.
3431 3701 3452 3733 ‹
3511 3683 3654 3751 Ἐγὼ
3681 3685 3734 3735 δὲ

2167 3765 2225 3817 ὲν
2256 3765 2333 3833 τῷ
2360 3767 2547 3836 Κυρίῳ
2573 3767 2969 3839 ἀγαλλιάσομαι
2987 3808 3001 3831 ,
3025 3773 3336 3841 χαρήσομαι
3371 3774 3468 3825 ἐπὶ
3506 3774 3588 3843 τῷ
3616 3776 3731 3841 Θεῷ

2164 3855 2241 3925 τῷ
2270 3858 2484 3927 Σωτῆρί
2519 3876 2641 3927 μου.
2688 3878 2705 3908 ι
2747 3860 2858 3912 Καὶ
2901 3862 2970 3913 τὰ
2998 3864 3095 3931 μὲν
3133 3865 3259 3933 περὶ
3296 3865 3540 3928 ἐκείνους
3581 3867 3730 3918 ἔσται

2164 3948 2388 4002 τοιαῦτα
2414 3967 2426 3979 ·
2461 3952 2596 4020 ἡμῖν
2615 3951 2673 4004 δὲ
2697 3956 2762 4023 τῇ
2799 3957 2865 4024 σῇ
2898 3955 3121 4027 βοηθείᾳ
3146 3958 3306 4027 ήδονή
3342 3976 3401 4011 τε
3430 3963 3728 4031 προσέσται

2164 4040 2256 4092 καὶ
2292 4042 2565 4111 σωτηρία·
2599 4042 2661 4094 τὸ
2698 4043 2827 4114 γὰρ,
2870 4044 2981 4113 ἐγὼ
3013 4046 3087 4107 δὲ,
3124 4050 3187 4100 ἐκ
3214 4051 3508 4118 προσώπου
3540 4051 3638 4104 τοῦ
3660 4054 3728 4104 ol-

2163 4129 2308 4183 κείου
2343 4133 2469 4201 περὶ
2493 4132 2587 4184 τοῦ
2611 4133 2787 4186 κοινοῦ
2821 4134 2966 4204 λέγει
2993 4136 3142 4199 λαοῦ,
3173 4139 3307 4208 ὅπερ
3334 4136 3425 4194 οὖν
3454 4141 3576 4204 ἔθος
3608 4142 3728 4195 πολ-

2163 4218 2329 4289 λαχοῦ
2377 4224 2488 4282 τοῖς
2544 4225 2848 4293 προφήταις
2890 4229 3094 4278 ποιεῖν·
3136 4227 3223 4296 (p.
3263 4230 3409 4300 580)
3448 4230 3525 4293 ῶς
3572 4234 3665 4283 rat
3702 4233 3726 4282 ὁ

2167 4312 2433 4382 μακάριος
2458 4314 2619 4366 Δαυῖδ
2639 4316 2735 4377 τὰς
2754 4318 2994 4385 αἰτήσεις
3020 4320 3084 4371 ὲκ
3105 4320 3398 4389 προσώπου
3429 4322 3523 4375 τοῦ
3555 4325 3725 4376 αὐτῶν

2162 4402 2478 4472 ποιούμενος
2517 4405 2791 4473 φαίνεται’
2824 4408 2899 4469 ὡς
2941 4410 3016 4460 ὅτ’
3051 4410 3115 4462 ἂν
3161 4410 3295 4483 λέγῃ
3318 4429 3329 4441 ’
3376 4430 3395 4461 ι
3434 4414 3559 4466 Ἐπὶ
3614 4416 3719 4471 σοὶ.

2161 4493 2354 4564 Κύριε,
2394 4494 2597 4564 ἤλπισα
2619 4537 2633 4556 ,
2674 4498 2747 4567 μὴ
2772 4501 3219 4571 καταιογυνθείην
3252 4504 3331 4564 είς
3353 4503 3444 4555 τὸν
3469 4505 3641 4557 αἰῶνα
3664 4523 3675 4533 ο
3702 4524 3717 4553 ι

2161 4585 2276 4647 καὶ,
2316 4604 2335 4636 ι
2363 4586 2555 4656 Κύριε,
2587 4589 2903 4642 εἰσάκουσον
2931 4592 3031 4659 τῆς
3062 4594 3369 4662 προσευχῆς
3404 4613 3538 4663 μου,
3570 4598 3660 4648 καὶ
3690 4599 3715 4663 ἡ

2161 4676 2374 4744 κραυγή
2418 4693 2518 4745 μου
2579 4678 2714 4746 πρὸς
2746 4679 2803 4731 σὲ
2837 4679 3053 4733 ἐλθέτω.
3085 4700 3103 4731 ι
3139 4682 3321 4735 Ταῦτα
3360 4683 3470 4754 γάρ
3524 4688 3587 4737 ἐκ
3633 4687 3716 4735 τοῦ

2160 4769 2339 4820 κοινοῦ
2369 4768 2516 4835 λέγει
2549 4770 2655 4821 τῶν
2687 4771 2779 4822 ἐπὶ
2804 4772 2900 4840 τῆς
2930 4773 3302 4841 αἰχμαλωσίας
3327 4775 3517 4838 ὄντων,
3552 4777 3626 4837 ὡς
3658 4776 3715 4827 ἂν

2158 4859 2392 4911 ἑκάστου
2422 4861 2694 4930 ἁρμοδίως
2723 4865 2786 4932 τῇ
2837 4866 2985 4932 φωνῇ
3018 4866 3365 4933 χρησαμένου
3390 4867 3582 4937 ταύτῃ.
3622 4867 3714 4918 Τὸν

2156 4950 2317 5001 αὑτὸν
2348 4951 2412 5019 δὴ
2460 4952 2660 5022 τρόπον
2703 4954 2797 5005 καὶ
2832 4954 2925 5006 νῦν
2970 4957 2998 5006 ὁ
3032 4957 3317 5025 προφήτης
3351 4958 3427 5019 ὡς
3473 4959 3580 5011 ἀπὸ
3625 4957 3710 5010 τοῦ

2158 5041 2339 5093 κοινοῦ
2373 5041 2520 5109 λέγει
2560 5043 2753 5106 ταῦτα,
2795 5046 2981 5115 ἐπειδὴ
3026 5047 3119 5098 καὶ
3158 5048 3284 5115 περί
3314 5048 3421 5099 τῶν
3453 5048 3530 5115 τῷ
3562 5048 3709 5116 κοινῷ

2160 5134 2578 5202 προσεσομένων
2626 5135 2957 5202 διαλέγεται.
3020 5156 3037 5187 ι
3070 5137 3273 5207 Κύριος
3321 5142 3349 5190 ὁ
3397 5140 3528 5202 Θεός
3576 5157 3703 5208 μου·

2158 5224 2386 5293 δύναμίς
2414 5243 2533 5294 μουο
2564 5229 2659 5278 καὶ
2690 5226 2838 5290 τάξει
2862 5230 2988 5290 τοὺς
3018 5230 3179 5291 πόδας
3214 5247 3315 5297 μου
3346 5231 3479 5283 ὡσεὶ
3501 5232 3702 5298 ἐλάφου·

2159 5314 2252 5366 καὶ
2293 5316 2383 5367 ἐπὶ
2410 5317 2480 5368 τὰ
2512 5318 2691 5386 ὑψηλὰ
2744 5319 2963 5388 ἐπιβιϐᾷ
3014 5337 3113 5387 με,
3155 5320 3249 5371 τοῦ
3301 5322 3519 5391 νικῆσαι
3561 5325 3614 5373 ἐν
3643 5323 3701 5386 τῇ

2161 5405 2269 5475 ᾠδῇ
2302 5407 2485 5459 αὑτοῦ.
2536 5426 2554 5457 ι
2591 5405 2764 5470 Αὐτὸς
2793 5410 2901 5477 γάρ
2928 5411 3075 5462 ἐστιν
3101 5412 3129 5461 ὁ
3158 5412 3258 5482 τὴν
3289 5413 3348 5463 ἐν
3374 5413 3537 5464 ἅπασι
3565 5412 3703 5464 δύνα-

2163 5497 2255 5565 μίν
2293 5515 2384 5567 μοι
2416 5499 2774 5569 χαριζόμενος
2799 5517 2812 5530 ⁶
2836 5501 2893 5563 ὃς
2917 5502 3105 5569 ἀφελεῖ
3130 5503 3227 5572 μὲν
3260 5506 3399 5572 ἡμᾶς
3430 5504 3563 5575 μετά
3590 5500 3700 5554 πο).-

2158 5588 2250 5641 λοῦ
2306 5589 2401 5643 τοῦ
2447 5592 2647 5662 τάχους
2690 5594 2789 5664 τῆς
2842 5594 3239 5663 αἰχμαλωσίας,
3298 5596 3453 5667 δίκην
3504 5595 3695 5661 ἐλάφων
