3934 6522
186 354 288 408 449

1171 346 1718 407 COMMENTARIUS
1753 345 1820 399 IN
1862 343 2228 400 SOPUONIJE
2258 345 2410 402 CAP.
2454 345 2494 404 Ι.

3332 346 3438 400 450

193 473 369 537 οξεῖαν
402 472 500 544 τὴν
557 471 764 524 ἐκεῖθεν
809 469 1157 540 ἀναχώρησιν
1202 467 1585 536 ποιουμένους·
1624 463 1756 533 ὑψη-

1875 463 2058 516 .oriam
2094 462 2254 517 nobis
2279 463 2348 517 de
2372 463 2644 531 hostibus,
2675 473 2873 536 prmter
2898 479 3113 520 onmem
3145 465 3440 522 humanam

192 566 442 636 λοτέρους
474 565 529 617 δὲ
575 565 721 634 ἡμᾶς
772 564 988 617 πάντων
1035 561 1362 630 ἀποφαίνει,
1401 558 1540 610 ὣστε
1595 556 1759 626 μηδὲν

1868 569 2042 622 spem.
2073 556 2360 609 concessit.

188 654 370 726 ἕτερον
419 655 550 722 ἡμῖν
594 652 881 722 ἁρμόττειν
914 649 1121 716 λοιπὸν,
1159 650 1190 719 ἢ
1247 649 1306 701 τὸ
1333 649 1395 699 ὲν
1429 647 1592 717 ᾠδαῖς
1634 645 1728 698 καὶ
1758 643 1949 713 ’ύμνοις
1988 639 2129 696 εἶναι
2169 647 2283 708 τοῖς
2322 646 2690 717 όφειλομένοις
2731 650 2808 717 τῷ
2845 649 2994 720 Θεῷο
3054 651 3195 722 ὑπὲρ
3237 644 3312 705 ὧν
3342 651 3444 723 τὴν

187 744 328 799 κατὰ
359 745 468 798 τῶν
491 745 701 815 ἐχθρῶν
730 743 837 795 τῶν
873 743 1154 813 ἡμετέρων
1189 742 1345 811 νίκην
1380 739 1533 810 παρά
1573 741 1755 792 πᾶσαν
1781 735 2134 806 ἀνθρωπίνην
2175 737 2368 792 ἐλπίδα
2401 739 2634 794 δέδωκεν
2659 743 2810 811 ἡμῖν.

194 954 3424 988 W

703 1124 1264 1213 EPMHNEIA
1338 1119 1909 1209 ΣΟΦΟΝΙΟΥ

2009 1119 2236 1203 ΤΟΥ
2293 1118 2907 1204 ΙΙΡΟΦΙΙΤΟΥ

187 1497 1326 1616 COMMENTARIUS
1389 1502 1536 1617 IN
1607 1502 2432 1617 SOPHONIAM
2516 1500 3427 1614 PROPHETAM.

253 1891 335 1944 Οὐ
364 1891 553 1962 πόρρω
581 1891 673 1944 τοῦ
700 1894 972 1964 μακαρίου
1015 1895 1336 1968 Ἀμϐακοῦμ
1361 1897 1437 1969 τῷ
1463 1900 1640 1970 χρόνῳ
1669 1898 1766 1970 τὴν
1801 1904 1840 1960 Β

186 1984 527 2054 προφητείαν
553 1985 755 2055 ταύτην
785 1987 814 2038 ό
843 1986 1111 2058 μακάριος
1146 1990 1440 2060 πεποίηται
1472 1993 1758 2059 Σοφονίας’

186 2079 279 2130 ἐπὶ
311 2079 423 2149 γὰρ
464 2079 668 2132 Ἰωσίου
700 2078 800 2132 τοῦ
830 2079 1094 2150 βασιλέως
1120 2084 1221 2154 τῆς
1268 2087 1549 2150 Ἰουδαίας,
1580 2089 1763 2152 καθὼς

189 2172 216 2238 ἡ
274 2170 472 2233 Βίϐλος
526 2171 694 2251 δηλοῖ,
745 2174 1183 2244 προφητεύειτά
1231 2179 1505 2248 παρόντα·
1544 2181 1661 2250 μεθ’
1705 2181 1764 2233 ὃν

187 2262 426 2331 βραχέος
454 2261 828 2334 διεληλυθότος
856 2267 1072 2336 χρόνου,
1108 2268 1184 2338 (p.
1231 2269 1357 2335 581)
1398 2272 1764 2344 ἐπεληλύθασί

183 2370 238 2404 τε
271 2357 343 2424 τῇ
407 2355 766 2427 Ἰερουσαλὴμ
811 2359 860 2410 οἱ
894 2359 1248 2426 Βαϐυλώνιοι,
1285 2364 1379 2416 καὶ
1410 2365 1635 2418 πλεῖστα
1665 2367 1766 2421 ὅσα

186 2445 327 2497 κατὰ
353 2445 457 2518 τὴν
502 2447 668 2500 Ἰούδα
720 2449 993 2512 διαθέντες
1023 2452 1215 2523 φυλὴν,
1271 2455 1366 2508 καὶ
1395 2455 1625 2520 πολλοὺς
1667 2459 1765 2527 μὲν

185 2537 492 2602 ἀνελόντες,
530 2538 817 2604 πλείστους
844 2541 900 2595 δέ
939 2544 1318 2613 ἀπαγαγόντες
1352 2547 1763 2617 αἰχμαλώτους,

183 2629 359 2701 αὐτήν
402 2647 462 2683 τε
511 2630 821 2704 ἐπόρθησαν
864 2633 962 2705 τὴν
1026 2635 1416 2708 Ἰερουσαλὴμ,
1449 2640 1542 2692 καὶ
1579 2639 1642 2710 δὴ
1674 2641 1767 2692 καὶ

185 2723 322 2793 πυρὶ
349 2723 445 2775 τόν
475 2739 533 2775 τε
571 2723 698 2778 ναὸν
721 2724 812 2779 τὸν
839 2724 980 2779 θεῖον
1011 2727 1106 2780 καὶ
1134 2727 1243 2780 τῶν
1271 2729 1370 2799 τῆς
1387 2731 1593 2794 πόλεως
1627 2734 1769 2784 οἰκο-

182 2814 524 2885 δομημάτων
544 2815 614 2869 τά
639 2815 900 2870 κάλλιστα
929 2817 1263 2887 κατέφλεξαν
1294 2821 1528 2876 ἅπαντα
1561 2822 1640 2875 ἔτι
1676 2823 1770 2875 καὶ

183 2904 242 2958 τὺ
295 2909 480 2975 τεῖχος
532 2907 702 2978 αὐτῆς
760 2907 1038 2971 παντελῶς
1097 2910 1452 2976 καθελόντες,
1507 2912 1583 2976 ὡς
1634 2913 1768 2984 μηδέ

1943 1899 2096 1954 Haud
2131 1900 2322 1970 procul
2357 1898 2496 1952 beati
2526 1897 2798 1953 llabacuci
2828 1904 3071 1965 tempore
3102 1896 3440 1966 pmpltetiam

1864 1993 2003 2046 hanc
2049 1993 2242 2046 beatus
2297 1990 2425 2044 fecit
2459 1989 2797 2059 Sopltonias:
2849 2001 2974 2040 nam
3008 1987 3111 2041 sub
3139 1985 3287 2040 Josia
3318 2002 3443 2055 regis

1861 2081 2079 2144 Judatae,
2096 2083 2237 2137 sicut
2257 2081 2392 2134 liber
2409 2081 2768 2143 demonstrat,
2786 2079 3072 2148 przcsentia
3090 2077 3439 2130 vaticinatur.

1864 2178 1996 2230 Post
2022 2190 2182 2244 quem
2213 2175 2360 2228 brevi
2403 2173 2728 2244 interposito
2778 2173 2976 2242 spatio,
3042 2171 3441 2240 expeditionem

1866 2267 2112 2322 fecerunt
2143 2267 2405 2321 adversus
2441 2266 2779 2321 Hierusalem
2811 2264 3094 2335 Babylonii
3163 2263 3444 2332 plurimis-

1865 2376 1971 2430 que
2019 2360 2264 2414 cladibus
2309 2358 2463 2413 Judae
2510 2359 2710 2412 tribum
2762 2359 3084 2422 affecerunt,
3142 2355 3444 2409 interfectis

1865 2451 2090 2516 multis,
2150 2451 2400 2519 plurimis
2456 2451 2508 2502 in
2546 2449 2708 2518 250
2740 2450 3110 2518 captivitatem
3169 2447 3443 2507 abductis,

1866 2545 1982 2615 ipsa
2014 2553 2227 2598 vastata
2251 2543 2619 2620 Hierusalem,
2651 2543 2852 2611 templo
2873 2542 3061 2595 divino
3087 2541 3442 2601 inflammato,

1865 2649 1913 2691 et
1953 2638 2332 2706 pulcherrimis
2366 2636 2520 2690 urbis
2556 2634 2803 2689 aediliciis
2851 2635 2975 2705 igne
3003 2634 3298 2688 crematis:
3351 2633 3446 2685 dc—

1868 2730 2032 2798 nique
2072 2715 2346 2782 llltBllibtlS
2395 2729 2556 2780 etiam
2609 2727 2856 2780 funditus
2909 2727 3128 2788 dirutis,
3186 2743 3251 2779 ne
3299 2722 3442 2794 quod

1870 2822 2148 2874 munimen
2208 2819 2418 2881 incolae,
2462 2822 2506 2872 si
2563 2819 2700 2873 forte
2753 2819 2917 2888 aliqui
2975 2819 3191 2880 vellent,
3249 2817 3449 2870 habere

1873 2922 2115 2978 possent.
2158 2911 2418 2981 Sequitur
2452 2928 2582 2965 vero
2609 2922 2907 2965 consuetus
2938 2909 3059 2963 libri
3094 2909 3303 2963 titulus.

183 3001 496 3072 ἀσφάλειάν
549 3020 670 3056 τινα
711 3005 836 3065 τοὺς
881 3005 1256 3069 ἐνοικοῦντας,
1309 3009 1467 3079 εἴπερ
1501 3004 1594 3062 οὖν
1641 3026 1783 3072 τινες
1825 3009 2141 3079 ἐπιθυμοῖεν
2185 3008 2396 3071 τούτου,
2445 3007 2700 3061 δύνασθαι
2745 3007 2910 3077 ἔχειν.
2952 3005 3101 3076 Αὕτη
3145 3005 3244 3078 μὲν
3285 2999 3376 3057 οὖν
3415 3015 3450 3072 η

187 3099 435 3169 συνήθης
467 3098 763 3171 προγραφὴ
801 3099 895 3152 τοῦ
937 3099 1174 3169 βιϐλίου.

853 3192 1008 3248 ΚΕΦ.
1039 3191 1118 3246 Α’.

252 3281 414 3354 Στίχ.
457 3280 607 3351 ια’-γ’.
648 3313 718 3323 -
750 3283 795 3335 ι’
823 3284 994 3353 Λόγος
1030 3286 1237 3356 Κυρίου
1279 3286 1338 3351 ὃς
1377 3287 1592 3356 ἐγένετο
1635 3289 1772 3360 πρὸς

184 3373 458 3443 Σοφονίαν
482 3374 573 3426 τὸν
591 3373 683 3427 τοῦ
705 3375 894 3439 Χουσὶ,
923 3375 1037 3428 υἱὸν
1064 3376 1329 3442 Γοδολίου,
1359 3378 1454 3431 τοῦ
1486 3380 1768 3450 ’Δμαρίου,

181 3466 276 3519 τοῦ
323 3465 599 3532 Ἐζεκίου,
631 3468 686 3520 ἐν
715 3467 948 3538 ἡμέραις
994 3470 1198 3522 Ἰωσίου
1246 3469 1362 3524 υίοῦ
1405 3471 1583 3542 Ἀμὼς
1613 3473 1768 3543 βασι-

2608 3187 2715 3242 AP.
2745 3187 2785 3243 Ι.

2608 3189 2715 3242 AP.
2745 3189 2785 3243 l.

1945 3283 2114 3339 Vens.
2144 3281 2261 3337 1-5.
2291 3311 2360 3320 -
2398 3299 2416 3331 ι
2440 3189 2677 3333 Verlﬁtm
2702 3276 2939 3343 Domini,
2971 3277 3113 3345 quod
3142 3275 3344 3330 factum
3370 3285 3454 3329 cst

1874 3378 1937 3429 ad
1977 3375 2312 3444 Sophoniam
2349 3373 2516 3424 tilium
2547 3371 2734 3433 (llmsi,
2786 3370 2877 3423 filii
2917 3369 3028 3440 (49)
3061 3368 3322 3431 ϐοᾶοιίειξ,
3358 3369 3453 3422 lilii

1873 3467 2134 3530 Amariae,
2178 3465 2270 3518 lilii
2321 3463 2549 3525 Ezeciae,
2592 3464 2642 3516 in
2689 3462 2881 3516 diebus
2940 3461 3102 3516 .losiaa
3145 3460 3236 3514 filii
3269 3462 3453 3514 Ληιοεὶ

182 3557 325 3622 λέως
379 3557 577 3611 Ἰούὸαο
621 3576 639 3608 ι
686 3560 744 3611 ἐν
795 3552 877 3622 οἷς
923 3559 1190 3630 δεδήλωκε
1241 3561 1332 3613 τόν
1380 3579 1440 3613 τε
1486 3565 1770 3634 προφήτην

1875 3562 2020 3631 regis
2048 3557 2222 3612 Iudae.
2246 3577 2263 3607 ι
2301 3557 2377 3609 Ex
2413 3556 2497 3610 bis
2525 3555 2936 3608 demonstratur
2968 3553 3093 3622 quis
3129 3551 3294 3606 fuerit
3327 3569 3458 3622 pru-

181 3651 336 3712 ὅστις
372 3649 491 3700 ἐστὶ
519 3647 615 3700 καὶ
648 3645 770 3700 ὅθεν
805 3649 1176 3720 καταγόμενος
1209 3651 1302 3704 καὶ
1341 3653 1399 3705 ἐν
1436 3650 1544 3705 τίνι
1598 3653 1774 3724 καιρῷ

183 3741 433 3791 ποιεῖται
469 3737 568 3806 τὴν
605 3737 959 3807 προφητείαν.
1009 3739 1274 3810 Ἀρχεται
1302 3741 1360 3793 δὲ
1385 3743 1485 3812 τῆς
1513 3741 1624 3794 τῶν
1653 3744 1774 3794 ἐσο-

184 3832 378 3899 μένων
433 3829 795 3900 προρῤήσεως
838 3829 1042 3894 οὕτως’
1109 3849 1128 3881 ι
1182 3832 1451 3903 Ἐκλείψει
1509 3834 1775 3888 ἐκλιπέτω

182 3921 377 3973 πάντα.
404 3919 514 3972 ἀπὸ
542 3918 836 3990 προσώπου
866 3921 968 3991 τῆς
1010 3921 1137 3992 γῆς,
1181 3922 1329 3991 λέγει
1362 3925 1590 3995 Κύριος.
1633 3946 1651 3976 ›
1680 3927 1775 3978 Γε-

178 4015 427 4080 γόνεσαν
459 4011 560 4081 μὲν
592 4010 702 4082 γὰρ
733 4011 1066 4082 αἰχμάλωτοι
1099 4014 1375 4078 παντελῶς
1409 4015 1475 4069 αί’
1498 4017 1630 4070 δέκα
1675 4037 1769 4085 φυ-

175 4105 308 4158 λαί·
354 4102 764 4173 κεκρατηκότες
813 4103 870 4157 δὲ
926 4106 1149 4159 ἐκείνων
1215 4107 1489 4178 Ἀσσύριοι
1539 4110 1773 4180 ἐπῆλθον

179 4195 287 4264 μὲν
316 4195 423 4247 καὶ
453 4194 520 4262 τῇ
575 4191 932 4262 Ἰερουσαλὴμ
972 4193 1048 4257 ὡς
1076 4195 1393 4266 αἱρήσοντες
1425 4198 1518 4249 καὶ
1545 4199 1769 4270 ταύτην.

186 4288 280 4351 Ὡς
321 4285 389 4338 δὲ
422 4285 521 4354 τὴν
553 4283 790 4355 φοϐερὰν
821 4285 1036 4357 ἐκείνην
1084 4287 1332 4352 ἐδέξαντο
1363 4289 1452 4342 διὰ
1481 4290 1574 4343 τοῦ
1608 4293 1775 4362 ἀγγέ-

171 4379 272 4431 λου
321 4377 581 4446 πληγὴν,
640 4377 776 4445 μετά
823 4377 1018 4431 πολλοῦ
1057 4379 1153 4448 μὲν
1195 4379 1288 4432 τοῦ
1333 4381 1484 4444 δέους
1537 4379 1677 4438 εἶδον
1723 4387 1773 4439 οἰ

170 4475 374 4527 λοιποὶ
404 4473 542 4542 πρὸς
585 4473 760 4542 φυγὴν
797 4474 983 4527 ὁπόσοι
1029 4491 1092 4542 γε
1148 4478 1248 4546 τῆς
1293 4479 1378 4530 διά
1419 4478 1512 4531 τοῦ
1543 4479 1772 4547 ἀγγέλου

167 4565 469 4638 τιμωρίας
514 4564 805 4632 γεγόνεσαν
836 4565 1019 4630 ἐκτόςο
1056 4569 1114 4622 ἐν
1164 4571 1352 4641 εἰρήνῃ
1383 4570 1438 4623 δὲ
1475 4570 1666 4643 βαθείᾳ
1708 4572 1776 4626 τὰ

171 4658 330 4711 κατὰ
381 4656 490 4726 τὴν
544 4653 901 4726 Ἰερουσαλὴμ
944 4657 1170 4724 γέγονεν
1216 4661 1279 4711 ἐκ
1312 4659 1536 4715 τούτου·
1586 4662 1773 4732 ἐπειδὴ

165 4749 374 4800 τοίνυν
409 4746 539 4806 τοὺς
573 4746 669 4814 τῆς
703 4745 872 4797 Ἰούδα
915 4747 1086 4816 φυλῆς
1119 4749 1243 4814 τούς
1267 4768 1326 4802 τε
1360 4753 1458 4820 τὴν
1502 4752 1774 4824 Ἰερουσα-

166 4836 291 4906 λὴμ
334 4833 664 4896 οἰκοῦντας,
708 4835 770 4886 οὐ
802 4834 900 4904 τῆς
928 4837 1197 4906 τιμωρίας
1227 4839 1335 4893 τῶν
1378 4841 1678 4910 Ἀσσυρίων
1712 4843 1774 4896 τὸ

1878 3652 2038 3722 pheta
2085 3659 2139 3703 et
2167 3665 2196 3702 a
2226 3647 2426 3718 quibus
2458 3647 2682 3709 stirpem
2729 3645 2914 3709 ducat,
2967 3654 3018 3698 et
3069 3659 3179 3713 quo
3209 3651 3456 3712 tempoe

1875 3741 2216 3812 prophetiam
2240 3741 2422 3792 faciat.
2453 3736 2744 3790 Exorditur
2769 3747 2950 3788 autem
2983 3735 3288 3789 futurorum
3319 3751 3457 3804 prze-

1875 3835 2168 3887 dictionem
2203 3831 2284 3886 sic
2314 3850 2327 3884 :
2367 3849 2383 3879 ι
2407 3827 2723 3882 Defectione
2761 3826 3017 3880 deficiant
3049 3827 3228 3878 omnia
3257 3841 3284 3878 a
3319 3824 3457 3878 facie

1878 3933 2057 3985 terrae,
2095 3923 2226 3978 dicit
2273 3922 2557 3976 Dominus.
2582 3939 2598 3970 ι
2640 3919 2879 3987 Captivze
2905 3920 3015 3983 jam
3053 3927 3266 3972 cuuctw
3297 3924 3458 3972 crant

1876 4017 2062 4070 decem
2130 4015 2347 4078 tribus;
2421 4014 2660 4064 victores
2725 4018 2903 4062 autem
2969 4009 3184 4062 illarum
3243 4008 3455 4080 Assyrii

1877 4107 2119 4177 aggressi
2177 4113 2308 4161 sunt
2346 4103 2507 4157 etiam
2559 4101 2921 4163 Hierusalem,
2957 4115 3054 4154 ceu
3088 4101 3224 4153 hanc
3253 4101 3456 4168 pariter

1877 4199 2112 4269 capturi.
2163 4196 2461 4265 Postquam
2498 4204 2677 4247 autem
2712 4193 3013 4246 terribilem
3064 4192 3209 4243 illam
3242 4191 3456 4259 experti

1876 4297 2005 4346 sunt
2037 4289 2104 4344 ab
2151 4288 2344 4358 angelo
2375 4285 2608 4350 cladem,
2654 4284 2847 4354 reliqui
2879 4299 3003 4336 cum
3042 4282 3245 4351 ingenti
3285 4292 3453 4346 metu,

1874 4387 2146 4451 quotquot
2166 4387 2318 4432 extra
2349 4376 2525 4445 angeli
2559 4374 3090 4428 animadversionem
3121 4372 3360 4437 fuerunt,
3397 4373 3452 4429 in

1877 4472 2060 4540 fugam
2091 4468 2340 4524 conversi
2372 4477 2522 4522 sunt.
2557 4467 2688 4520 Exin
2720 4467 2827 4518 alta
2856 4466 2910 4518 in
2946 4480 3078 4534 pace
3113 4464 3214 4518 fuit
3255 4464 3454 4518 Hieru-

1877 4564 2067 4616 salem.
2113 4560 2382 4627 Quoniam
2418 4561 2599 4629 itaque
2627 4557 2781 4612 Judae
2808 4556 3008 4612 tribum
3037 4566 3092 4611 et
3117 4557 3455 4613 Hierusalem

1877 4655 2026 4710 cives
2049 4652 2368 4724 magnitudo
2392 4667 2566 4721 pinnae
2591 4651 2829 4718 Assyriis
2858 4649 3126 4720 impositae
3147 4664 3252 4702 non
3277 4665 3459 4704 emen—
3509 4703 3515 4715 ,

1875 4747 2046 4811 davit,
2107 4761 2211 4799 nec
2272 4744 2458 4798 decem
2508 4745 2751 4797 tribuum
2808 4743 3099 4812 captivitas
3153 4743 3452 4807 terrefecit,

1844 4869 1847 4873 -
1876 4839 2347 4909 perstiteruntque
2379 4836 2520 4889 haud
2565 4837 2747 4890 minus
2783 4837 2892 4888 illis
2923 4835 3129 4903 injuste
3180 4834 3455 4904 impii-que

169 4929 428 5000 μέγεθος
458 4926 841 4997 ἐσωφρόνισεν,
874 4926 933 4978 ού
959 4929 1066 4980 τῶν
1086 4929 1214 4981 δέκα
1243 4931 1421 5000 φυλῶν
1443 4934 1710 5005 ἐφόϐησεν
1735 4936 1770 5006 ἡ

1878 4933 2148 4995 viventes,
2211 4929 2338 4982 hinc
2369 4928 2682 4983 necessario
2713 4942 2949 4982 exorsus
2977 4936 3062 4982 est
3092 4927 3305 4991 dicens,
3357 4942 3456 4981 ne-

169 5015 574 5087 αξχμαλωσία,
595 5031 659 5082 με
670 5014 934 5081 μενήκασι
952 5014 1008 5065 δέ
1019 5014 1172 5066 οὐθὲν
1191 5014 1407 5068 ἔλαττον
1429 5016 1652 5068 ἐκείνων
1669 5033 1776 5068 πα-

1877 5037 2034 5078 cesse
2062 5021 2178 5076 fore
2210 5031 2269 5075 ut
2299 5021 2506 5090 reliqua
2537 5021 2698 5074 etiam
2730 5021 2911 5089 populi
2943 5035 3069 5089 pars
3100 5020 3339 5082 deﬁciat,
3387 5019 3456 5077 de

168 5104 437 5176 ρανομίᾳ
464 5119 522 5153 τε
547 5102 872 5172 καῖἀσεϐείᾳ
888 5102 1154 5165 συζῶντες
1175 5104 1268 5156 καὶ
1285 5098 1449 5162 οῦτοι.
1465 5103 1778 5170 ἀναγκαίως

165 5197 460 5252 ἐντεῦθεν
494 5194 696 5263 ἤρξατο
727 5195 885 5247 τοῦτο
913 5194 1106 5262 λέγων,
1151 5195 1232 5248 ὅτι
1276 5196 1488 5266 ἀνάγκη
1528 5195 1622 5248 καὶ
1650 5196 1779 5258 τοὺς

163 5286 530 5346 ὑπολοίπους
564 5283 806 5335 ἐκλιπεῖν
839 5281 931 5335 τοῦ
956 5281 1106 5344 λαοῦ,
1131 5282 1524 5352 ἀφαιρεθέντας
1559 5282 1656 5351 μὲν
1681 5283 1780 5350 τῆς

159 5379 281 5448 γῆς
303 5379 421 5446 τῆς
440 5373 789 5442 ἐπαγγελίας,
828 5374 1170 5441 ἀπαχθέντας
1187 5373 1241 5426 δὲ
1261 5375 1339 5435 εἰς
1366 5370 1741 5440 αἰχμαλωσίαν
1759 5386 1774 5400 °

159 5469 383 5539 ἐπειδὴ
414 5468 512 5520 καὶ
534 5461 679 5520 οὗτοι
709 5467 1098 5536 μεμενηκότες,
1124 5465 1274 5517 οὐδὲν
1307 5463 1532 5516 ἐκείνων
1559 5461 1778 5515 ἔλαττον

155 5561 461 5632 ὢφθησαν
494 5557 838 5622 ἀσεϐοῦντες.
864 5559 940 5626 (p.
972 5557 1098 5627 58.9.)
1131 5556 1322 5619 Καλῶς
1350 5557 1405 5608 δέ
1427 5555 1522 5609 καὶ
1561 5557 1618 5606 ἐν
1643 5555 1778 5606 ἀπο-

157 5656 353 5723 φάσει
380 5651 487 5720 τὴν
521 5652 753 5721 μήνυσιν
787 5652 1052 5704 ποιεῖται·
1084 5647 1159 5712 ὼς
1193 5649 1259 5702 ἂν
1292 5647 1506 5711 δεικνὺς
1539 5647 1622 5700 ὅτι
1650 5644 1775 5700 τού-

1879 5124 2021 5168 terra
2050 5113 2437 5184 promissionis
2465 5113 2709 5181 abrepta,
2753 5120 2808 5165 et
2841 5112 2893 5164 in
2922 5112 3295 5181 captivitatem
3344 5121 3454 5165 tra-

1876 5205 2071 5260 ducta:
2128 5203 2572 5274 quandoquidem
2625 5204 2678 5256 hi
2711 5205 2873 5259 etiam
2902 5204 2995 5273 qui
3033 5203 3145 5257 illic
3178 5217 3458 5257 remanse-

1877 5307 2020 5360 rant,
2058 5296 2204 5351 haud
2228 5298 2409 5351 minus
2434 5297 2540 5350 illis
2565 5295 2664 5350 visi
2699 5303 2829 5348 sunt
2860 5301 3202 5363 peccatores.
3230 5292 3458 5362 Egregie

1878 5399 2056 5443 autem
2100 5404 2222 5443 cum
2255 5389 2504 5443 absoluta
2550 5388 2815 5442 sententia
2850 5385 2980 5439 facit
3022 5385 3456 5454 przedictionem,

1877 5489 1939 5533 ut
1996 5480 2255 5535 ostendat
2305 5480 2501 5549 dignos
2553 5480 2675 5532 illus
2707 5486 2878 5532 semet
2914 5478 3074 5532 malis
3102 5476 3209 5541 his,
3263 5492 3360 5545 per
3393 5492 3457 5530 ea

1873 5587 1996 5639 quae
2050 5579 2355 5641 gesserant,
2407 5570 2690 5632 effecisse;
2755 5569 2899 5622 unde
2932 5578 2986 5620 et
3024 5568 3166 5622 Deus
3218 5568 3347 5621 talia
3393 5569 3461 5621 de

1873 5662 2030 5734 251
2069 5664 2135 5720 iis
2159 5662 2453 5719 decernere
2480 5663 2750 5717 adductus
2776 5662 2866 5716 sit.
2901 5660 3019 5716 Jam
3047 5671 3334 5732 postquam
3366 5672 3462 5731 ge-
3497 5657 3504 5666 θ

243 5796 388 5865 (49)
436 5793 626 5849 Graece
660 5795 858 5863 ﬁlium.
