3934 6534
548 378 644 435 351
1719 373 2070 430 ΤΙΙΕΟΒΟΠΙ
2100 371 2464 429 MOPSUEST
2474 369 2583 424 ENI
3657 383 3736 438 432

547 500 804 555 ncraliler
854 498 1007 558 dixit,
1062 495 1363 551 «Deﬁciant
1415 498 1662 559 omnia,»
1719 499 1892 566 pergit
1944 496 2100 550 dicer

2183 503 2342 558 ιτων
2385 493 2570 557 ἀξίους
2614 491 2838 554 ἑαυτοὺς
2875 490 2940 544 δι’
2972 486 3046 545 ὧν
3092 492 3356 561 ἔπραττον
3404 495 3736 565 πεποιήκασιν·

546 592 913 660 particulatim
938 607 951 642 2
994 607 1010 637 ι
1029 589 1249 640 Deﬁciat
1286 589 1467 650 homo,
1496 597 1549 643 et
1575 589 1821 658 jumenta
1848 587 2099 642 deﬁciant

2224 587 2345 639 ὅθεν
2376 584 2437 655 δὴ
2463 585 2554 637 καὶ
2583 583 2957 654 ἀποφήνασθαι
2993 601 3058 635 πε
3070 585 3121 654 ρὶ
3149 583 3327 635 αὐτῶν
3370 584 3578 638 τοιαῦτα
3608 606 3739 659 προσ.

544 694 758 734 necnon
811 679 936 732 caeli
973 678 1221 731 volucres
1245 718 1259 741 ,
1329 686 1381 730 et
1421 680 1590 730 maris
1629 677 1840 746 pisces:
1891 684 1943 729 et
1976 678 2097 728 inlir

2223 678 2388 747 ἦκται
2423 677 2572 740 Θεός.
2618 673 2747 728 Εἶτα
2791 671 3325 738 καθολικῶςεὶπὼν,‹
3346 671 3616 731 Ἐκλιπέτω
3639 683 3741 736 πάν.

543 770 838 822 mabuntur
874 767 1046 837 impii,
1087 777 1142 821 et
1176 768 1420 821 auferam
1466 769 1687 836 iniquos
1718 784 1745 821 ιι
1779 767 1916 821 facie
1939 776 2096 820 terra:

2223 785 2290 821 τα
2313 808 2328 831 ,
2366 786 2390 821 ν
2425 768 2621 836 ἐπάγει
2667 767 2808 821 κατά
2841 766 3031 837 μέρος
3076 784 3095 816 ‹
3142 764 3439 818 Ἐκλιπέτω
3477 767 3738 837 ἄνθρωπος,

544 867 676 920 dicit
709 863 993 918 Dominus.
1023 883 1041 915 ι
1089 862 1450 932 Hyperbolice
1474 862 1692 931 quidem
1719 861 2037 916 hominibus
2060 875 2097 912 at

2223 859 2317 912 καὶ
2345 860 2518 930 κτήνη
2565 858 2852 922 ἐκλιπέτω,
2885 859 2955 912 τὰ
2999 857 3218 910 πετεινά
3246 858 3338 910 τοῦ
3362 859 3577 928 οὐρανοῦ
3605 864 3681 916 καὶ
3701 870 3739 921 οἱ

540 955 802 1023 jumentis
844 955 1096 1008 volucres
1123 969 1339 1022 quoque
1367 963 1418 1007 ct
1455 955 1626 1021 pisces
1668 953 1970 1021 COpulavit:
2039 966 2093 1004 νε

2227 950 2408 1020 ἰχθύες
2445 951 2546 1020 τῆς
2587 949 2892 1021 θαλάσσης’
2925 949 3020 1004 καὶ
3045 949 3432 1018 ἀσθενήσουσιν
3466 953 3511 1002 0i
3540 952 3737 1019 ἀσεϐεῖς·

544 1047 707 1100 etiam
743 1047 969 1116 tropice,
999 1062 1096 1100 ceu
1120 1047 1258 1099 solet
1287 1045 1429 1114 loqui
1456 1062 1470 1106 ;
1506 1044 1579 1096 ita
1613 1052 1670 1096 ut
1697 1045 1946 1098 volucres
1978 1042 2096 1096 (lica

2222 1043 2316 1095 καὶ
2347 1041 2524 1113 ἐξαιρῶ
2547 1042 2673 1105 τοὺς
2699 1041 2934 1111 ἀνόμους
2965 1040 3076 1094 ἀπὸ
3105 1039 3399 1111 προσώπου
3422 1043 3515 1112 τῆς
3539 1043 3648 1113 γῆς,
3672 1046 3739 1100 λέ.

546 1139 668 1191 illos
700 1138 794 1205 qui
826 1138 1138 1206 principatu
1173 1138 1566 1190 intercmteros
1597 1135 1843 1189 homines
1860 1135 2097 1188 eminent

2222 1147 2308 1197 γει
2340 1129 2562 1200 Κύριος.
2595 1149 2612 1181 ι
2663 1129 3070 1200 ’Υπερὸολικῶς
3099 1129 3196 1199 μὲν
3226 1133 3336 1190 τοῖς
3366 1129 3648 1200 ἀνθρώποις
3671 1138 3740 1188 καὶ

546 1231 728 1297 pisces
761 1244 890 1283 vero
938 1230 1180 1298 plebeios
1232 1229 1326 1296 qui
1368 1227 1519 1280 valde
1574 1227 1851 1280 humiliter
1902 1232 2099 1295 repunt

2222 1224 2333 1284 τοῖς
2366 1223 2588 1292 κτήνεσι
2617 1223 2686 1275 τά
2707 1240 2766 1274 τε
2797 1220 3019 1276 πετεινά
3043 1222 3137 1274 καὶ
3165 1221 3292 1283 τοὺς
3317 1221 3501 1290 ἰχθύας
3524 1225 3737 1296 συνῆψεν.

547 1320 668 1374 Μοχ
703 1330 757 1374 et
783 1336 1004 1374 causam
1038 1321 1261 1373 addens.
1296 1339 1312 1368 ‹
1340 1317 1405 1370 Ει
1442 1319 1884 1382 inlirmabuntur,
1920 1317 2094 1386 inquit

2223 1313 2256 1382 ἦ
2295 1313 2390 1365 καὶ
2429 1314 2725 1382 τροπικῶς,
2773 1312 2953 1375 καθὼς
2972 1313 3158 1365 εἴωθεν
3196 1311 3405 1380 λέγειν,
3447 1314 3528 1366 ἴνα
3565 1321 3740 1374 πετεινά

547 1413 722 1481 impii,
746 1420 798 1466 et
821 1412 1066 1465 auferam
1094 1412 1313 1480 iniquos
1343 1410 1407 1464 de
1435 1411 1572 1464 facie
1611 1417 1788 1471 terrai,
1840 1410 1972 1463 dicit
2009 1410 2100 1464 D01

2227 1403 2324 1473 μὲν
2363 1405 2493 1476 εἴπῃ
2533 1406 2662 1467 τοὺς
2709 1404 3026 1466 δυναστείας
3060 1404 3519 1476 ὑπεραιρομένους
3547 1407 3639 1460 τῶν
3663 1408 3741 1462 λοι-

547 1505 750 1557 minus.
779 1522 797 1554 ι
837 1501 939 1567 Qui
964 1504 1125 1571 impie
1156 1503 1466 1571 injusti-que
1498 1502 1704 1558 vivunt,
1734 1500 1798 1553 ad
1825 1510 2100 1554 extrema"

2223 1493 2359 1558 πῶν,
2398 1494 2584 1564 ἰχθύας
2618 1496 2675 1547 δὲ
2707 1495 2835 1557 τοὺς
2896 1485 2952 1547 ἐν
2995 1494 3072 1565 τῷ
3113 1494 3269 1565 δήμῳ
3308 1497 3396 1548 διά
3440 1499 3741 1569 ταπεινότητα

546 1593 886 1645 deducentur
934 1591 1324 1651 inﬁrmitatem.
1387 1590 1512 1658 quia
1544 1590 1892 1644 sub.hostilis
1926 1606 2099 1644 manu:

2223 1585 2489 1656 ἕρποντας
2548 1576 2767 1655 πολλήν.
2796 1587 2902 1637 Καὶ
2932 1587 3028 1657 τὴν
3062 1586 3240 1638 αἰτίαν
3267 1586 3322 1638 δέ
3352 1588 3581 1654 ἐπάγων,
3618 1607 3633 1640 ι
3663 1592 3739 1643 Καὶ

547 1683 655 1736 ictu
691 1681 927 1735 cadent:
967 1682 1158 1750 reliqui
1188 1695 1314 1734 vero
1347 1681 1618 1748 mancipio
1640 1681 1807 1748 capti,
1840 1681 2090 1733 abducen

2223 1678 2610 1747 ἀσθενήσουσιν
2637 1680 2684 1730 οἰ
2713 1677 2947 1740 ἀσεϐεῖς,
2974 1678 3068 1729 καὶ
3085 1676 3263 1747 ἐξαρῶ
3286 1678 3410 1739 τοὺς
3434 1677 3644 1747 ἀνόμους
3666 1681 3743 1731 ἀπὸ

546 1782 630 1825 tur
659 1789 688 1825 a
714 1773 950 1843 regione,
983 1789 1142 1840 quam
1177 1788 1205 1824 a
1232 1787 1315 1826 me
1339 1780 1615 1840 acceptam
1646 1786 1755 1824 non
1793 1774 1913 1826 sine
1935 1773 2099 1824 multi:

2224 1769 2518 1840 προσώπου
2562 1769 2661 1838 τῆς
2689 1769 2811 1838 γῆς,
2841 1768 2986 1834 λέγει
3017 1766 3240 1836 Κύριος,
3291 1786 3309 1818 ›
3347 1767 3412 1818 0i
3449 1767 3548 1835 γὰρ
3571 1767 3742 1838 ἀσεϐείᾳ

547 1863 847 1917 sceleribus
879 1861 1204 1916 reliuchant.

2189 1846 2192 1885 ⁵
2221 1838 2311 1913 καὶ
2339 1859 2538 1934 ἀνομίᾳ
2569 1859 2858 1924 συζῶντες,
2891 1859 2969 1927 (p.
2997 1858 3122 1925 383)
3159 1859 3238 1920 εἰς
3271 1856 3506 1926 παντελῆ
3530 1862 3742 1926 καταντή-

549 1969 734 2003 σουσιν
762 1951 1074 2014 ἀσθένειαν,
1109 1952 1210 2006 ὑπὸ
1243 1956 1307 2023 τῇ
1344 1953 1448 2004 τῶν
1479 1953 1748 2024 πολεμίων
1781 1953 2128 2016 πεπτωκότες
2167 1953 2309 2022 χειρί
2329 1970 2343 1983 ο
2377 1954 2425 2004 οἰ
2471 1952 2645 2005 λοιποί
2677 1969 2733 2004 τε
2769 1951 3111 2022 αἰχμαλωσίᾳ
3147 1950 3463 2022 ληφθέντες,
3499 1952 3742 2023 ἀφαιρεθή-

549 2061 730 2097 σονται
762 2045 860 2115 τῆς
899 2046 1024 2114 γῆς,
1052 2047 1116 2116 ἣν
1143 2049 1272 2117 παρ’
1305 2047 1436 2115 ἐμοῦ
1460 2047 1716 2112 λαϐόντες
1751 2046 1888 2118 μετά
1919 2047 2119 2117 πολλῆς
2143 2049 2392 2116 κατεῖχον
2419 2047 2519 2118 τῆς
2549 2045 2918 2116 παρανομίας.

620 2135 786 2190 Vens.
813 2136 932 2190 4—6.
956 2167 1026 2177 —
1046 2138 1249 2192 Deinde
1270 2139 1336 2192 de
1358 2141 1558 2207 quibus
1590 2141 1704 2195 haec
1727 2142 1895 2204 dicat,
1917 2141 2120 2196 clarius

2293 2141 2438 2211 Στίχ.
2453 2140 2603 2204 δ’-ς’.
2621 2173 2687 2182 -
2704 2137 2836 2192 Εἶτα
2867 2141 2960 2192 καὶ
2982 2157 3048 2191 πε
3058 2139 3110 2210 pi.
3125 2138 3282 2192 τίνων
3302 2138 3451 2206 λέγει
3471 2140 3741 2211 σαφέστερον

545 2228 868 2296 explanatis,
898 2248 914 2279 l
940 2228 1258 2293 Extendam,
1281 2230 1476 2300 inquit,
1505 2245 1723 2284 manum
1752 2249 1923 2288 meam
1959 2249 2098 2303 supe:

2223 2229 2411 2292 ποιῶν,
2474 2249 2493 2281 ι
2528 2229 2638 2282 Καὶ
2681 2229 2883 2282 ἐκτενῶ
2935 2229 3032 2300 τὴν
3073 2231 3230 2300 χεῖρά
3287 2247 3388 2299 μου
3446 2231 3532 2282 ἐπὶ
3580 2232 3737 2284 Ἰούδαν

547 2316 764 2375 ludam.
793 2329 844 2372 et
879 2336 1042 2388 super
1071 2337 1261 2374 omnes
1292 2320 1631 2376 Hierusalem
1666 2325 1931 2380 incolas.)
1965 2324 2096 2379 Post

2221 2322 2314 2374 καὶ
2347 2320 2439 2373 ἐπὶ
2487 2321 2692 2384 πάντας
2735 2321 2861 2383 τοὺς
2925 2319 3311 2381 κατοικοῦντας
3366 2319 3739 2390 Ἰερουσαλήμι

548 2425 709 2476 quam
747 2410 812 2462 de
846 2411 990 2463 tribu
1025 2421 1079 2464 cl.
1109 2415 1242 2466 urbe
1289 2421 1575 2482 capturum
1629 2431 1687 2468 se
1736 2431 1924 2485 poenas
1959 2417 2101 2480 dixit,

2219 2414 2377 2466 Κατά
2430 2431 2490 2465 τε
2547 2415 2644 2482 τῆς
2704 2413 2907 2482 φυλῆς,
2976 2412 3117 2465 κατά
3177 2429 3232 2463 τε
3292 2412 3393 2480 τῆς
3447 2413 3633 2476 πόλεως
3680 2416 3745 2466 ἐπ·

549 2501 860 2553 uccessario
894 2510 1057 2555 tanta:
1111 2503 1601 2560 animadversionis
1657 2522 1853 2560 causas
1886 2511 2078 2562 recitat

2223 2504 2374 2569 άξειν
2400 2504 2634 2576 εἰρηκὼς
2662 2505 2758 2575 τὴν
2793 2503 3077 2573 τιμωρίαν,
3117 2503 3432 2569 ἀναγκαίως
3467 2503 3520 2556 δὲ
3559 2505 3639 2555 καὶ
3674 2504 3744 2565 τὰς

551 2610 567 2637 ι
599 2589 662 2642 Et
686 2591 928 2644 auferam
948 2597 1015 2647 de
1039 2593 1159 2647 loco
1191 2595 1298 2648 isto
1330 2599 1549 2650 nomina
1574 2597 1799 2660 Baalim,
1823 2608 1875 2652 et
1897 2600 2104 2651 nomint

2219 2596 2318 2665 τῆς
2360 2597 2624 2666 τοσαύτης
2666 2596 2931 2665 τιμωρίας
2963 2595 3134 2662 λέγων
3170 2595 3366 2657 αἰτίας·
3424 2613 3443 2647 ι
3485 2595 3584 2647 Καὶ
3609 2596 3746 2664 ἐξαῴ

545 2681 896 2735 delubrorum
920 2699 1046 2736 cum
1079 2686 1479 2746 sacerdotibus.
1506 2696 1558 2742 et
1581 2689 1673 2756 qui
1698 2689 1925 2741 adorant
1955 2704 2098 2756 supei

2221 2689 2284 2740 ἐκ
2317 2686 2409 2739 τοῦ
2443 2687 2606 2740 τόπου
2639 2687 2705 2740 τὰ
2738 2687 2973 2756 ὀνόματα
3005 2686 3113 2738 τῶν
3160 2685 3397 2756 Βααλὶμ,
3443 2684 3532 2738 καὶ
3575 2687 3632 2738 τὰ
3658 2686 3744 2738 δνό-

546 2778 685 2824 tecta
717 2775 1016 2827 exercitum
1045 2776 1191 2835 coeli,
1242 2785 1295 2830 et
1338 2782 1429 2847 qui
1459 2779 1647 2846 jurant
1678 2794 1773 2847 per
1803 2777 2091 2831 Dominum

2225 2797 2366 2850 ματα
2394 2777 2462 2830 τά
2492 2777 2600 2830 τῶν
2626 2777 2782 2848 ἱερῶν
2813 2777 2949 2848 μετά
2982 2777 3089 2829 τῶν
3121 2777 3329 2848 ἱερέων,
3357 2775 3595 2837 καὶτοὺς
3618 2792 3745 2846 προσ-

543 2869 597 2913 et
624 2861 715 2930 qui
755 2862 944 2930 jurant
981 2881 1073 2932 per
1127 2865 1509 2931 Melchomum,
1565 2876 1618 2922 et
1649 2868 1740 2937 qui
1779 2869 2057 2922 declinant
2088 2887 2096 2921 :

2221 2869 2512 2930 κυνοῦντας
2532 2869 2622 2920 ἐπὶ
2645 2867 2712 2919 τὰ
2731 2866 2952 2933 δώματα
2978 2871 3041 2936 τῇ
3072 2868 3297 2936 στρατιᾷ
3323 2863 3416 2919 τοῦ
3441 2865 3662 2935 ούρανοῦ,
3679 2868 3745 2916 καὶ

542 2950 792 3019 Domino,
831 2963 886 3007 et
919 2956 1012 3024 qui
1045 2955 1331 3010 Dominum
1363 2975 1470 3012 non
1499 2971 1770 3028 quaarunt,
1804 2971 1854 3012 et
1883 2961 1977 3029 qui
2008 2976 2095 3014 non

2219 2959 2344 3020 τοὺς
2371 2955 2666 3026 ὀμνύοντας
2691 2955 2831 3008 κατά
2863 2954 2955 3007 τοῦ
2987 2956 3189 3025 Κυρίου
3214 2995 3227 3017 ,
3260 2955 3353 3008 καὶ
3409 2957 3531 3017 τοὺς
3567 2953 3744 3023 ὀμνύον-

544 3042 781 3097 retinent
814 3043 1122 3100 Dominum.
1149 3065 1166 3098 ι
1222 3049 1448 3117 Ejiciam
1479 3051 1702 3104 omnino
1732 3053 1799 3104 de
1845 3053 1962 3105 loco
1993 3053 2092 3104 hoc

2219 3066 2316 3108 τας
2361 3047 2499 3099 κατὰ
2541 3046 2633 3099 τοῦ
2677 3046 2929 3116 Μελχδμ,
2980 3047 3072 3099 καὶ
3117 3047 3243 3108 τοὺς
3299 3045 3629 3107 ἐκκλίνοντας
3667 3044 3746 3096 ἀπὸ

545 3135 741 3200 partim
783 3135 915 3189 credi
938 3137 1180 3204 tradens,
1203 3141 1398 3208 partim
1423 3142 1722 3210 captivitati
1748 3161 1762 3209 ;
1787 3143 1929 3195 idola
1955 3120 2092 3196 simu

2219 3133 2311 3185 τοῦ
2365 3133 2602 3203 Κυρίου,
2651 3134 2741 3186 καὶ
2788 3135 2912 3195 τοὺς
2968 3133 3042 3203 μὴ
3093 3133 3394 3203 ζητοῦντας
3452 3135 3538 3186 τὸν
3569 3133 3745 3203 Κύριον,

544 3227 727 3278 omnia
754 3223 1063 3292 de'struens,
1098 3238 1149 3284 et
1181 3231 1400 3284 illorum
1435 3235 1730 3300 culturam,
1768 3249 1891 3288 cum
1930 3236 1996 3288 iis
2023 3252 2094 3304 qu

2220 3227 2312 3278 καὶ
2339 3225 2462 3287 τοὺς
2495 3224 2570 3295 μὴ
2597 3225 2988 3295 ἀντεχομένους
3013 3224 3104 3278 τοῦ
3131 3225 3355 3296 Κυρίου.
3397 3245 3415 3276 ι
3462 3226 3648 3293 Ἀφελῶ
3668 3226 3746 3292 γά

543 3315 860 3370 sacerdotes
905 3321 1222 3374 eorumdem
1256 3324 1614 3392 videbantur;
1668 3335 1944 3395 postremo
1995 3328 2096 3382 illo:

2221 3315 2494 3377 παντελῶς
2519 3314 2610 3368 τοῦ
2640 3316 2801 3368 τόπου
2824 3315 3033 3378 τούτου,
3057 3317 3180 3380 τοὺς
3212 3317 3310 3386 μὲν
3338 3319 3408 3386 τῇ
3444 3319 3630 3387 σφαγῇ,
3655 3315 3746 3376 τοὺς

542 3407 633 3474 qui
665 3422 829 3476 super
862 3416 1004 3462 tecta
1060 3412 1428 3469 luminaribus
1468 3417 1590 3469 cmli
1621 3418 1826 3469 cultum
1859 3419 2095 3472 exhiben

2218 3406 2274 3458 δὲ
2298 3409 2363 3476 τῇ
2398 3406 2758 3477 αἰχμαλωσίᾳ,
2785 3407 3157 3474 συναφανίζων
3179 3409 3364 3470 αὐτοῖς
3401 3410 3490 3461 καὶ
3516 3409 3577 3460 τὰ
3597 3405 3745 3459 εἴδωλα

541 3497 860 3552 studebant.
889 3501 995 3554 Sed
1023 3502 1228 3570 justam
1255 3506 1498 3574 apprime
1522 3507 1553 3558 ii
1581 3509 1854 3576 patientur
1877 3524 2090 3580 pmuam

2215 3498 2412 3559 πάντα,
2446 3499 2545 3568 τήν
2578 3514 2636 3549 τε
2678 3499 2764 3550 ἐπ’
2808 3499 2989 3562 αὐτοῖς
3029 3498 3347 3569 Θεραπείαν,
3395 3499 3530 3567 μετά
3561 3497 3652 3550 τῶν
3689 3499 3746 3548 is-

542 3586 634 3652 qui
683 3586 832 3640 circa
885 3592 1145 3658 templum
1205 3608 1384 3646 meum
1429 3604 1732 3657 versantes,
1772 3614 1879 3650 non
1920 3600 2095 3654 erube

2218 3588 2462 3659 ρατεύειν
2497 3590 2679 3651 αὐτοῖς
2713 3589 3030 3654 δοκούντων,
3060 3591 3196 3661 πρὸς
3228 3591 3403 3644 ἅπασί
3437 3608 3494 3642 τε
3545 3592 3654 3651 τοὺς
3679 3587 3747 3640 ἐπὶ

541 3687 703 3730 scunt
732 3678 1002 3733 idolorum
1030 3683 1200 3736 cultui
1231 3699 1456 3739 vacare:
1490 3687 1585 3740 sed
1614 3688 1774 3742 modo
1806 3689 1966 3758 252
1996 3691 2094 3760 quia

2213 3681 2320 3732 τῶν
2342 3681 2604 3750 δωμάτων
2626 3681 2752 3743 τοὺς
2774 3681 2892 3732 κατ’
2915 3681 3138 3752 οὐρανὸν
3161 3683 3344 3753 φωστῆ
3355 3700 3454 3754 ρας
3475 3681 3744 3751 θεραπεύειν

539 3768 686 3831 dem,
745 3771 928 3826 cultus
970 3774 1072 3826 mei
1101 3789 1158 3828 se
1188 3791 1456 3831 memores
1497 3780 1871 3844 ostendentes,
1905 3797 2000 3851 per
2030 3799 2092 3835 Im

2216 3772 2628 3835 ἐσπουδακότας·
2662 3773 2873 3826 δικαίαν
2910 3775 3018 3846 γὰρ
3062 3775 3126 3847 δὴ
3163 3775 3397 3846 μάλιστα
3439 3770 3578 3828 οὗτοι
3610 3773 3747 3837 δέξον-

534 3859 756 3923 jurant;
799 3861 960 3916 modo
994 3873 1173 3916 autem
1209 3881 1303 3934 per
1341 3866 1485 3920 idola
1515 3885 1733 3938 quoque
1757 3871 1978 3939 jnrant:
2034 3880 2087 3926 et

2219 3882 2309 3917 ται
2347 3863 2445 3934 τὴν
2493 3864 2778 3934 τιμωρίαν,
2821 3866 2871 3919 οἳ
2921 3867 3049 3936 περὶ
3078 3867 3168 3919 τὸν
3208 3867 3334 3919 ναὸν
3384 3866 3643 3927 οἰκοῦντες
3681 3863 3746 3915 τὸν

535 3952 682 4000 enim
711 3949 1066 4004 Melehomuui
1097 3954 1299 4006 idolum
1334 3958 1600 4024 nominat,
1625 3967 1680 4012 ut
1705 3976 1768 4014 ex
1797 3978 1921 4024 uno,
1953 3977 2088 4032 prou

2221 3955 2352 4025 ἐμὸν
2397 3956 2496 4008 οὐκ
2534 3955 2875 4025 αἰσχύνονται
2920 3958 3046 4028 περὶ
3093 3958 3192 4028 τὴν
3231 3957 3339 4011 τῶν
3361 3957 3592 4010 εἰδώλων
3620 3957 3747 4024 ἀσχη-

536 4041 694 4101 selet,
735 4050 932 4094 cuncta
967 4042 1187 4099 denotet
1223 4045 1387 4101 idola.

2221 4045 2472 4113 λούμενοι
2498 4044 2822 4115 θεραπείαν⁶
2849 4046 2924 4115 (p.
2945 4045 3068 4115 584)
3096 4045 3230 4098 ἀλλά
3257 4047 3388 4099 ποτὲ
3417 4047 3514 4117 μὲν
3532 4045 3623 4114 τῆς
3642 4043 3746 4112 ἐμῆς

535 4130 893 4184 ἐνδείκνυνται
959 4132 1257 4203 Θεραπείας
1312 4141 1614 4210 φροντίζειν
1663 4144 1740 4197 ὅτ’
1792 4143 1857 4197 ἂν
1918 4146 2100 4209 αὐτοῖς
2148 4145 2366 4217 ὀμνύειν
2407 4147 2526 4199 κατ’
2570 4144 2704 4215 ἐμοῦ
2752 4145 2915 4217 δοκῇ,
2965 4149 3093 4200 ποτὲ
3126 4148 3180 4200 δὲ
3219 4148 3361 4201 κατὰ
3403 4149 3513 4202 τῶν
3560 4146 3747 4201 εἰδώλων

534 4221 810 4292 ὀμνύουσι·
840 4223 1065 4294 Μελχὺμ
1096 4228 1202 4296 γάρ
1230 4229 1289 4281 τὸ
1319 4230 1530 4284 εἴδωλον
1551 4235 1731 4301 λέγει’
1767 4236 1831 4287 ἵν’
1857 4237 1947 4304 ἀφ’
1971 4238 2110 4300 ἐνὸς,
2148 4237 2331 4300 καθὼς
2369 4237 2577 4300 εἴωθεν,
2621 4237 2833 4290 ᾶπαντα
2866 4239 2994 4312 εἴπῃ
3021 4239 3088 4292 τά
3122 4240 3330 4296 εἴδωλα.

605 4314 800 4369 Multas
837 4317 1054 4370 memini
1088 4334 1173 4373 me
1206 4327 1622 4388 praetermittere
1661 4325 1875 4383 fabulas
1922 4344 2111 4382 eorum

2295 4329 2453 4382 Ἀλλὰ
2473 4330 2581 4397 γὰρ
2615 4330 2813 4394 πολλὰς
2843 4330 2940 4400 μὲν
2969 4327 3084 4384 οἴδα
3110 4333 3438 4402 μυθολογίας
3468 4337 3648 4406 παρεὶς
3666 4331 3746 4386 τῶν

536 4406 628 4474 qui
666 4407 730 4458 ad
782 4406 1062 4476 Syriacam
1113 4412 1616 4480 interpretationem
1662 4419 1985 4486 respiciunt,
2046 4435 2089 4472 lli

2211 4421 2346 4491 πρὸς
2374 4421 2496 4482 τοὺς
2539 4420 2742 4491 Σύρους
2790 4421 3119 4494 κεχῃνότων,
3169 4423 3244 4486 ὡς
3274 4424 3340 4477 ἂν
3391 4426 3467 4495 μὴ
3515 4421 3746 4493 φλυαριῶν

538 4495 756 4562 ineptiis
785 4495 998 4549 viderer
1028 4497 1266 4550 divinam
1299 4501 1522 4568 implere
1550 4501 1913 4571 Scripturam.
1956 4505 2091 4558 Num

2205 4510 2419 4580 δοκοίην
2450 4511 2771 4581 ὲμπιμπλᾷν
2801 4513 2899 4582 τὴν
2949 4512 3099 4564 Θείαν
3140 4515 3382 4584 Γραφήν·
3425 4518 3482 4567 ἐν
3527 4513 3684 4584 καιρῷ
3706 4511 3745 4561 δὲ

538 4601 672 4640 vero
703 4596 1011 4655 opportune
1055 4590 1314 4643 existimo
1345 4593 1419 4645 rei
1464 4594 1626 4662 hujus
1660 4595 1841 4651 facere
1882 4599 2091 4651 mentio.

2206 4600 2300 4655 νῦν
2329 4602 2550 4670 ἐνόμισα
2568 4601 2654 4653 διὰ
2682 4602 2872 4653 τούτου
2905 4603 3230 4673 ποιήσασθαι
3267 4607 3508 4677 μνήμην,
3532 4607 3604 4668 εἰς
3628 4604 3745 4668 ἐλεγ-

539 4694 684 4739 nem,
721 4680 790 4731 ob
819 4681 1228 4749 coarguendum
1261 4694 1372 4739 tum
1410 4686 1460 4738 id
1502 4687 1647 4755 quod
1680 4689 1748 4741 ab
1799 4689 1934 4758 ipsis
1963 4705 2092 4742 nunt

2211 4710 2303 4761 χον
2333 4693 2442 4744 εἴτε
2487 4692 2579 4744 τοῦ
2641 4692 2734 4744 νῦν
2757 4693 2817 4744 ού
2847 4692 3071 4756 δεόντως
3112 4696 3239 4766 παρ’
3273 4696 3454 4748 αὐτῶν
3475 4697 3744 4765 λεγομένου.

538 4770 836 4838 incongrue
883 4772 1106 4830 dicitur.
1167 4782 1278 4826 tum
1323 4777 1484 4829 etiam
1529 4787 1720 4832 extera
1769 4781 2081 4849 hujusmodi

2212 4783 2322 4836 εἴτε
2375 4783 2467 4835 καὶ
2500 4783 2607 4834 τῶν
2645 4781 2864 4845 λοιπῶν,
2895 4783 2929 4836 ἀ
2959 4785 3223 4852 λεγόντων
3256 4787 3435 4839 αὐτῶν
3468 4787 3673 4855 παρῆκα
3697 4782 3745 4834 δι’

535 4875 657 4928 quae
686 4861 754 4913 ab
798 4861 988 4915 iisdem
1025 4863 1192 4929 dicta,
1245 4881 1344 4934 ego
1371 4876 1552 4920 tamen
1580 4870 1649 4922 ob
1680 4886 1798 4924 eam
1831 4888 1994 4941 quam
2027 4889 2088 4926 re

2213 4875 2278 4944 ἥν
2325 4873 2459 4944 ἔφην
2489 4873 2690 4926 αἰτίαν.
2729 4874 2962 4941 Λέγουσι
3007 4877 3114 4947 γὰρ
3152 4878 3232 4929 ὅτι
3281 4879 3511 4948 Μελχδμ
3561 4875 3749 4930 ἐνταῦθα

535 4949 633 5002 ιιιιί
667 4965 888 5004 causam
942 4955 1285 5019 prwtermisi.
1336 4956 1536 5011 Dicunt
1572 4959 1736 5030 igitur
1781 4964 2088 5018 vocabulun

2210 4965 2300 5017 τὸν
2341 4964 2560 5034 βασιλέα
2594 4965 2835 5034 βούλεται
2871 4970 3062 5019 εἰπεῖν’
3114 4970 3336 5039 Μελχδμ
3362 4973 3475 5040 γὰρ
3508 4970 3594 5022 τού
3629 4969 3747 5036 βασι-

535 5037 896 5094 Melcbomum
930 5041 1033 5095 hoc
1077 5042 1198 5097 loco
1226 5061 1404 5115 regem
1451 5049 1790 5116 significare;
1827 5055 1952 5122 quia
1987 5053 2082 5109 Mel

2210 5056 2346 5119 λέως
2367 5055 2659 5126 λεγομένου
2682 5058 2821 5110 κατά
2852 5059 2950 5128 τὴν
2978 5060 3165 5130 Σύρων
3198 5037 3308 5114 καὶὴ
3331 5037 3601 5133 Ἐϐραίων
3621 5058 3750 5128 γλῶτ-

531 5129 690 5181 chom
736 5145 831 5183 rex
877 5130 1078 5184 dicitur
1127 5133 1181 5185 in
1233 5132 1492 5204 Syrorum
1542 5151 1702 5208 atque
1754 5140 2084 5198 llebraiorun

2211 5164 2331 5210 ταν,
2369 5147 2736 5218 πλανηθέντας
2767 5149 2890 5210 τοὺς
2925 5151 3383 5220 ἑρμηνεύσαντας,
3415 5154 3539 5205 ἀντὶ
3571 5151 3653 5204 τοῦ
3680 5152 3749 5220 βα-

532 5219 749 5288 lingua;
804 5222 897 5276 sed
947 5222 1272 5292 interpretes
1300 5241 1487 5281 errore
1521 5230 1794 5300 deceptos.
1847 5250 1946 5302 pro
1979 5251 2085 5306 regi

2216 5239 2426 5303 σιλέως,
2460 5239 2685 5310 Μελχὸμ
2721 5243 2914 5304 εἰπεῖν,
2957 5219 3092 5312 ὅπερ
3121 5245 3270 5296 ἐστὶν
3313 5245 3373 5297 τὸ
3400 5245 3630 5298 εἴδωλον.
3671 5219 3752 5303 0'5;

529 5310 890 5364 Melehomum
938 5313 1166 5374 dixisse,
1215 5317 1361 5384 quod
1391 5327 1472 5371 est
1502 5319 1723 5372 idolum.
1777 5324 1938 5392 Atqui
1973 5325 2082 5379 ἰΙΙω

2214 5331 2378 5400 ἐχρῆν
2409 5330 2515 5399 πρὸ
2545 5332 2760 5384 πάντων
2785 5332 2958 5385 ἐκεῖνο
2990 5334 3242 5402 συνιδεῖν,
3283 5337 3363 5389 ὅτι
3397 5337 3540 5389 κατά
3571 5337 3658 5405 μὲν
3680 5334 3752 5400 τὴν

533 5402 805 5470 imprimis
870 5408 1160 5474 oportebat
1208 5409 1596 5471 considerare,
1653 5413 1894 5468 divinam
1958 5415 2086 5470 Scri‘

2225 5421 2490 5490 Ἐϐραίων
2539 5421 2784 5489 γλῶτταν
2817 5424 3026 5494 εἴρηται
3067 5426 3136 5477 τὰ
3177 5427 3279 5496 τῆς
3325 5425 3478 5489 θείας
3527 5402 3757 5498 Γραφῆςν

531 5502 742 5562 pteram
776 5493 1044 5550 llebraico
1075 5513 1331 5552 sermone
1356 5499 1525 5554 fuisse
1553 5501 1841 5569 dictatam,
1900 5507 1967 5559 ad
2002 5510 2084 5578 Sy

2215 5512 2553 5581 ἡρμήνευται
2593 5511 2649 5564 δὲ
2690 5513 2860 5566 ταῦτα
2902 5493 2980 5578 εἰς
3022 5515 3118 5585 μὲν
3146 5493 3244 5587 τὴν
3272 5517 3460 5588 Σύρων
3503 5493 3629 5587 παρ’
3659 5517 3753 5567 ὅτου

531 5598 717 5636 rerum
753 5593 930 5638 autem
969 5603 1128 5642 usum
1166 5588 1489 5642 translatam
1524 5590 1696 5646 fuisse
1735 5594 1835 5650 abs
1867 5597 2084 5665 quolibe

2208 5602 2404 5671 δήποτε
2437 5601 2592 5672 (οὐδὲ
2619 5601 2728 5673 γάρ
2751 5604 3019 5672 ἔγνωσται
3051 5607 3214 5678 μέχρι
3251 5609 3348 5676 τῆς
3371 5609 3611 5679 τήμερον
3635 5608 3754 5665 ὅστις

531 5673 754 5728 homine
787 5678 989 5746 (neque
1017 5679 1159 5733 enim
1196 5677 1263 5731 ad
1306 5679 1453 5734 hunc
1489 5697 1662 5752 usque
1691 5684 1832 5740 diem
1865 5689 1989 5756 quis
2021 5689 2084 5742 illi

2211 5691 2340 5743 ποτέ
2371 5683 2526 5753 οὗτός
2552 5692 2698 5744 ἐστιν
2783 5697 2861 5758 εἰς
2889 5695 2944 5747 δὲ
2973 5696 3072 5767 τὴν
3117 5697 3380 5765 Ἐλλήνων
3415 5699 3754 5768 ἐϐδομήκοντα

527 5767 691 5822 fuerit
736 5770 991 5824 rcsritum
1023 5772 1148 5842 est).
1207 5770 1264 5824 In
1299 5773 1610 5829 Graecorum
1650 5785 1829 5834 autem
1867 5780 2080 5851 linguam

2213 5783 2632 5854 μετενηνόχασιν
2659 5785 2847 5858 ἄνδρες
2882 5789 3235 5860 πρεσϐύτεροι
3263 5790 3351 5844 τοῦ
3377 5790 3533 5856 λαοῦ,
3560 5789 3749 5857 ἐπιστή-
