3934 6558
159 370 257 427 453

1115 366 1657 423 COMMENTARIUS
1695 366 1757 419 IN
1801 364 2164 420 SOPllONIIE
2200 363 2353 419 CAP.
2394 365 2435 417 l.

3297 364 3402 414 455

159 500 310 555 μονες
343 483 440 551 μὲν
465 481 705 551 ἀκριϐῶς
731 481 829 550 τῆς
855 482 1099 550 γλώττης
1126 483 1227 552 τῆς
1248 485 1472 546 οίκείας,
1500 485 1721 553 ἐπιστή-

1841 482 2168 551 ieptuaginta
2202 481 2302 533 viri
2334 489 2742 546 converterunt,
2779 484 3021 536 seniores
3062 483 3129 536 de
3172 484 3394 551 populo.

157 590 309 643 μονες
336 573 393 623 δὲ
427 571 654 624 καὶτῶν
683 572 839 624 θείων
872 571 1123 641 Γραφῶν,
1169 573 1275 625 ὑπό
1304 590 1363 625 τε
1402 574 1495 625 τοῦ
1538 574 1724 644 ἱερέως

155 665 243 714 καὶ
289 664 488 725 παντὸς
524 662 616 714 τοῦ
677 664 1071 732 Ὶσραηλιτικοῦ
1108 664 1235 716 λαοῦ
1272 664 1722 734 δοκιμασθέντες.

157 758 224 821 (p.
252 756 379 819 335)
419 755 495 816 ὡς
529 755 595 807 ἂν
621 756 837 807 πάντων
883 754 1116 823 μάλιστα
1151 755 1287 824 πρὸς
1309 756 1407 825 τὴν
1433 756 1725 825 ἑρμηνείαν

155 846 318 908 ἄξιοι·
358 840 432 897 ὧν
474 847 572 913 τήν
608 863 667 896 τε
706 846 998 915 ἑρμηνείαν
1044 846 1138 897 καὶ
1169 846 1265 916 τὴν
1296 845 1505 898 ἔκδοσιν
1551 847 1645 898 καὶ
1677 846 1723 897 οἰ

159 939 414 1007 μακάριοι
455 937 737 989 ἀπόστολοι
782 937 1060 1005 δεξάμενοι
1104 936 1382 1003 φαίνονται
1420 936 1721 1006 προδήλως,

156 1031 199 1080 οἱ
231 1031 329 1081 καὶ
357 1032 468 1089 τοῖς
494 1030 599 1080 ἀπὸ
623 1027 788 1080 ἐθνῶν
818 1027 1235 1078 πεπιστευκόσιν
1267 1026 1373 1078 οὐδ’
1397 1026 1532 1087 ὅλως
1556 1043 1726 1095 προσ-

156 1118 334 1187 έχουσι
375 1117 637 1188 πρότερον
680 1121 788 1179 τοῖς
816 1118 914 1185 τῆς
946 1117 1184 1179 Παλαιᾶς
1234 1117 1538 1186 Διαθήκης,
1583 1133 1725 1183 παρ-

157 1211 364 1261 έδωκαν
394 1209 493 1271 τὰς
517 1208 663 1270 θείας
692 1208 909 1277 Γραᾩὰς
936 1209 1026 1259 ἐπὶ
1057 1209 1155 1276 τῆς
1188 1199 1452 1278 Ἑλλήνων
1474 1208 1728 1277 κειμένας

157 1298 400 1367 γλώττης
420 1299 562 1351 κατὰ
583 1298 678 1367 τὴν
702 1300 808 1351 τῶν
823 1298 1220 1367 Ἑϐδομήκοντα
1261 1300 1574 1370 ἑρμηνείαν·
1600 1300 1728 1370 παρ’

158 1380 228 1439 ὧν
258 1388 315 1440 δὲ
345 1390 442 1440 καὶ
486 1388 893 1457 παραλαϐόντες
927 1387 1097 1449 αὐτὰς
1120 1388 1212 1440 νῦν
1257 1388 1449 1457 ἔχομεν
1496 1390 1730 1450 ἅπαντες

157 1481 199 1530 oi
230 1478 293 1540 ἐξ
316 1476 489 1529 ὲθνῶν
514 1477 591 1545 τῷ
608 1478 849 1546 Δεσπότῃ
876 1480 1293 1540 πεπιστευκότες
1318 1480 1555 1549 Χριστῷ,
1588 1480 1643 1531 έν
1673 1497 1729 1530 τε

155 1570 271 1630 ταῖς
293 1567 611 1636 ἐκκλησίαις
623 1567 1084 1635 ἀναγινώσκοντες
1099 1571 1189 1621 καὶ
1206 1565 1477 1621 κατόἷκον
1496 1570 1702 1638 ἔχοντες
1714 1611 1725 1622 .

156 1659 278 1722 Πῶς
306 1655 402 1711 οὖν
430 1661 527 1710 οὐκ
544 1659 765 1727 ἀνόητον
782 1659 1021 1728 νομίζειν
1038 1660 1118 1711 ὅτι
1133 1662 1181 1711 oi
1210 1661 1304 1729 μὲν
1333 1661 1731 1729 Ἑϐδομήκοντα

156 1753 246 1805 καὶ
275 1753 523 1804 τοσοῦτοι
565 1755 658 1804 καὶ
701 1754 929 1805 τοιοῦτοι
964 1755 1057 1806 καὶ
1096 1754 1237 1806 οὕτω
1286 1755 1729 1825 δεδοκιμασμένοι

152 1846 529 1911 διεσφάλλοντο
558 1846 681 1914 περὶ
711 1845 872 1908 λέξιν,
901 1846 949 1896 οἳ
980 1846 1072 1898 καὶ
1094 1846 1197 1915 πρὸ
1230 1847 1409 1915 πάσης
1436 1813 1730 1916 ἑρμηνείας

1841 1846 2015 1907 batos,
2050 1861 2267 1900 errasse
2298 1846 2353 1899 in
2384 1846 2685 1911 vocabulo;

153 1934 351 2003 ᾔδεσαν
378 1934 595 1997 πάντως
622 1935 681 1987 τὸ
709 1937 765 1985 ὲν
798 1938 861 2003 τῇ
892 1934 1011 2004 θεία
1040 1936 1287 2006 κείμενον
1305 1937 1515 2008 Γραφῇ,
1535 1938 1627 1989 καὶ
1651 1938 1728 1989 εἵο

153 2044 208 2077 τε
236 2026 465 2093 βασιλέα
493 2026 660 2093 λέγει,
704 2026 812 2078 εἴτε
852 2026 1096 2092 εἴδωλον;
1171 2028 1629 2096 Ἀξιοπιστότερον
1676 2027 1731 2080 δὲ

156 2117 414 2168 ἁπάντων
476 2117 695 2169 ἐκείνων
751 2115 1076 2184 ὑπειλῆφθαι
1137 2119 1408 2187 προσῆκεν
1465 2117 1560 2170 ἕνα
1611 2116 1733 2170 τινὰ

156 2208 340 2275 ἀφανῆ
386 2209 463 2271 εἰς
512 2208 608 2278 τὴν
651 2207 836 2277 Σύρων
883 2208 1128 2276 γλῶτταν
1180 2209 1620 2278 μεταϐεὸληκότα
1667 2209 1734 2262 τὰ

166 2296 461 2366 Ἐϐραίων,
492 2298 566 2360 ῶς
595 2299 658 2365 γέ
688 2313 842 2367 φασι·
879 2299 1014 2366 πρὸς
1041 2298 1118 2367 τῷ
1142 2301 1360 2351 κάκεῖνο
1382 2299 1539 2367 δῆλον
1573 2295 1729 2362 εἶναι,

154 2390 232 2441 δτι
260 2391 365 2458 τῆς
391 2390 497 2440 τῶν
523 2390 755 2442 εἰδώλων
792 2390 977 2443 ἕνεκεν
1003 2391 1295 2461 θεραπείας
1326 2392 1521 2455 αὐτοὺς
1549 2394 1576 2444 ό
1603 2392 1733 2456 Θεὸς

154 2482 399 2532 αἰτιᾶται
431 2483 489 2533 ὲν
538 2480 748 2543 τούτοις
790 2480 877 2533 διὰ
909 2480 1004 2533 τοῦ
1054 2482 1353 2550 προφήτου·
1400 2483 1493 2535 καὶ
1547 2483 1733 2553 ἐπειδὴ

154 2574 287 2640 περὶ
312 2573 407 2623 τὸν
442 2572 567 2624 ναὸν
596 2573 685 2623 τὸν
717 2571 856 2626 θεῖον
883 2571 1033 2635 ὄντες
1059 2573 1283 2625 τοιαῦτα
1327 2573 1730 2642 διεπράττοντο.

151 2664 313 2717 τοῦτο
342 2664 527 2726 αὐτοῖς
556 2666 945 2734 ἐπιμέμφεται,
978 2667 1060 2719 ὅτι
1099 2666 1192 2717 καὶ
1217 2665 1305 2717 τὸν
1330 2665 1423 2717 τοῦ
1449 2663 1576 2717 ναοῦ
1605 2665 1735 2717 Θεὸν

154 2753 485 2825 θεραπεύειν
513 2755 748 2819 ἐδόκουν,
778 2757 1022 2808 τουτέστι
1045 2757 1135 2809 τὸν
1155 2755 1249 2808 τοῦ
1281 2756 1479 2818 παντὸς
1511 2755 1733 2826 Κύριον,

153 2847 248 2898 καὶ
288 2848 392 2916 τῆς
434 2845 542 2898 τῶν
577 2846 809 2899 εἰδώλων
844 2848 943 2899 οὐκ
974 2849 1259 2917 ἀπείχοντο
1288 2848 1603 2918 θεραπείας.
1629 2847 1735 2900 Τοῦ

152 2939 209 2989 δὲ
235 2938 461 2990 εἰδώλου
496 2937 685 2990 τούτου
718 2939 987 3008 μέμνηται
1017 2939 1107 2991 καὶ
1134 2939 1161 2989 ὁ
1189 2940 1455 3009 μακάριος
1506 2938 1681 3009 Ἀμώς
1708 2942 1735 2992 ὁ

151 3031 450 3100 προφήτης
484 3029 557 3097 (p.
596 3028 718 3099 586)
744 3029 817 3092 ὡς
848 3031 951 3082 ὑπὸ
993 3031 1336 3100 Ἀμμανιτῶν
1367 3030 1737 3099 θεραπευομέ-

152 3138 267 3180 νου,
304 3120 485 3187 λέγων
512 3118 703 3182 οὕτως·
733 3121 842 3172 Καὶ
871 3120 1158 3191 πορεύεται
1192 3121 1416 3191 Μελχὺμ
1453 3122 1510 3173 ἐν
1535 3122 1737 3190 αἰχμα-

148 3212 351 3282 λωσίᾳ,
392 3213 439 3264 οἱ
472 3213 635 3282 ἱερεῖς
660 3210 846 3273 αὑτοῦ,
872 3213 963 3263 καὶ
990 3214 1039 3264 οί
1067 3213 1323 3283 ἄρχοντες
1350 3212 1529 3265 αὐτῶν
1560 3213 1652 3264 ἐπὶ
1679 3213 1738 3263 τὸ

152 3304 308 3365 αὐτὸ,
343 3302 497 3369 λέγει
524 3302 746 3372 Κύριος·
780 3302 937 3355 τοῦτο
957 3302 1127 3371 λέγων
1151 3303 1178 3354 ὃ
1200 3304 1290 3355 καὶ
1312 3303 1579 3372 πολλαχοῦ
1614 3302 1739 3371 φαί-

150 3411 304 3445 νεται
334 3392 429 3445 διὰ
452 3392 561 3444 τῶν
587 3391 876 3463 προφητῶν
894 3394 1203 3462 εἰρημένον,
1238 3394 1318 3445 ὅτι
1345 3396 1377 3462 ἡ
1406 3393 1545 3446 κατὰ
1568 3395 1739 3464 ὀργὴν

150 3485 275 3536 οἵαν
324 3483 645 3553 ἐπαγομένη
694 3484 934 3552 τιμωρία
965 3487 1075 3546 τοῖς
1124 3484 1441 3552 ἀλλοφύλοις
1475 3486 1599 3555 ἄχρι
1631 3485 1738 3539 τῶν

147 3574 399 3626 εἰδώλων
420 3571 640 3626 καὶτῶν
664 3574 1048 3643 ίερατευόντων
1068 3573 1246 3634 αὐτοῖς
1273 3572 1585 3637 ἐξετείνετο.
1618 3576 1737 3627 Ὅτι

144 3666 203 3717 δὲ
252 3665 484 3717 ἃπασαν
517 3663 615 3733 τὴν
664 3664 790 3733 περί
834 3663 905 3716 τὰ
945 3664 1136 3715 εἴδωλα
1175 3664 1469 3735 θεραπείαν
1516 3666 1580 3717 ὲκ
1631 3667 1738 3719 τῶν

146 3755 308 3823 παρὰ
331 3756 450 3815 τοῖς
478 3752 701 3819 Ἕλλησι
724 3752 1174 3822 θρησκευομένων
1196 3753 1464 3823 δαιμόνων
1486 3754 1739 3807 εἵλκυσαν

140 3847 193 3896 οἱ
235 3844 609 3915 Ἰσραηλῖται,
658 3844 813 3912 δῆλον
845 3845 919 3906 ὡς
960 3845 988 3895 ὁ
1048 3845 1311 3913 μακάριος
1362 3844 1511 3911 λέγει
1555 3847 1737 3899 Δαυῖδ·

148 3953 166 3984 ι
205 3936 328 3987 Καὶ
349 3934 696 4003 ἐπεμίγησαν
723 3936 777 3985 ἐν
804 3936 913 3995 τοῖς
944 3932 1140 3994 ἔθνεσι,
1166 3935 1258 3984 καὶ
1286 3933 1486 4002 ἔμαθον
1512 3934 1582 3986 τὰ
1606 3935 1740 4004 ἔργα

138 4026 362 4085 αὐτῶν,
391 4024 486 4077 καὶ
519 4024 833 4077 ἐδούλευσαν
853 4027 962 4086 τοῖς
984 4024 1240 4093 γλυπτοῖς
1263 4024 1458 4076 αὐτῶν·
1492 4044 1507 4077 ι
1530 4026 1742 4088 δεικνὺς

137 4120 227 4171 ὅτι
261 4116 369 4185 τὴν
412 4115 634 4168 ἐκείνων
680 4116 992 4182 ἠσπάσαντο
1034 4116 1489 4188 εὶδωλολατρείαν·
1536 4120 1610 4182 ὡς
1652 4121 1742 4172 τὸν

133 4210 320 4260 αὑτὸν
362 4207 647 4275 φαίνεσθαι
679 4208 874 4275 τρόπον
924 4211 1017 4260 καὶ
1048 4210 1145 4278 τὴν
1177 4212 1303 4279 περὶ
1349 4211 1408 4261 τὸ
1452 4212 1687 4276 εἴδωλον,
1717 4211 1745 4263 ὃ

131 4300 389 4369 Ηελχὸμ
416 4298 678 4361 ἐκαλεῖτο,
709 4298 995 4367 θεραπείαν
1022 4300 1216 4361 αὐτοὺς
1247 4300 1530 4353 ποιεῖσθαι.

204 4482 380 4552 Στίχ.
416 4481 568 4545 ς’-θ’.
614 4481 674 4533 '0
725 4483 903 4552 μέντοι
944 4499 1008 4550 γε
1044 4483 1331 4551 προφήτης
1362 4486 1471 4543 τοῖς
1513 4485 1736 4555 εἰρημέ-
1770 4496 1814 4549 ι)

122 4594 253 4638 νοις
294 4575 480 4636 οὓτως
517 4575 731 4642 ἐπάγει·
783 4592 799 4622 ι
851 4576 960 4626 Καὶ
990 4576 1115 4636 τοὺς
1145 4576 1483 4637 ἐκκλίνον-τας
1515 4577 1621 4628 ἀπὸ
1645 4576 1738 4628 τοῦ

122 4664 391 4735 Κυρίου,
417 4663 511 4715 καὶ
534 4664 659 4725 τοὺς
694 4664 767 4734 μὴ
801 4662 1093 4733 ζητοῦντας
1121 4664 1209 4715 τὸν
1236 4664 1460 4733 Κύριον,
1498 4666 1590 4717 καὶ
1618 4668 1741 4727 τοὺς

120 4760 207 4830 μὴ
256 4756 671 4826 ἀντεχομένους
716 4756 807 4808 τοῦ
852 4756 1076 4828 Κυρίου.
1129 4776 1146 4806 ι
1186 4756 1515 4825 Βουλόμενος
1568 4759 1741 4809 εἰπεῖν

1835 574 2153 641 peritissimi
2179 573 2374 641 linguae
2398 573 2649 641 proprize,
2685 574 2840 642 periti
2867 578 3066 642 pariter
3086 575 3393 627 divinarum

1833 660 2264 729 Scripturarum,
2299 676 2327 713 a
2363 661 2617 729 pontiﬁce
2642 674 2951 731 runctoquc
2978 666 3179 733 popqu
3222 664 3399 719 Israc-

1832 755 1985 807 litieo
2035 753 2266 822 probati,
2316 767 2415 805 ceu
2461 767 2570 820 prae
2596 754 2806 805 caeteris
2847 756 3099 808 omnibus
3131 755 3401 823 interpre-

1830 846 1997 898 tando
2031 844 2243 898 idonei:
2277 858 2507 912 quorum
2560 842 3061 911 interpretationem
3095 856 3257 913 atque
3284 847 3404 900 edi-

1831 938 2033 991 tionem
2070 938 2257 991 beatos
2291 950 2508 1005 quoque
2530 936 2809 1003 apostolos
2841 946 3110 1004 receptam
3145 940 3402 992 habuisse

1834 1034 2097 1097 apparet;
2134 1027 2404 1095 quietiam
2442 1026 2905 1079 aceedentibusatl
2940 1026 3092 1079 ﬁdem
3126 1044 3187 1079 ex
3224 1030 3404 1081 ethni-

1829 1120 1930 1180 eis,
1964 1127 2017 1171 et
2056 1116 2223 1171 Vetus
2255 1125 2413 1170 antea
2444 1118 2849 1169 Testamentum
2885 1134 3112 1185 prorsus
3141 1122 3401 1186 ignorth

1828 1209 1996 1270 tibus,
2042 1208 2256 1261 divinas
2301 1206 2650 1261 tradiderunt
2696 1206 3031 1276 Scriptoras,
3084 1208 3400 1263 Graecorum

1832 1300 2013 1367 lingua
2046 1314 2356 1367 expressas.
2412 1299 2713 1354 secundum
2769 1304 3114 1369 septuaginta
3157 1304 3400 1356 virorum

1832 1390 2380 1458 interpretationem:
2428 1405 2457 1442 a
2488 1391 2686 1459 quibus
2716 1407 2810 1445 eas
2839 1402 3089 1461 acceptas
3114 1409 3259 1446 nunc
3287 1409 3405 1445 om-

1832 1497 1926 1535 nes
1959 1492 2229 1545 tenemus,
2259 1483 2351 1550 qui
2377 1498 2441 1536 ex
2475 1483 2710 1536 ethnicis
2738 1484 2791 1535 in
2826 1483 3029 1539 Christi
3058 1495 3239 1552 partes
3269 1500 3402 1538 con-

1831 1572 2139 1639 cessimus;
2180 1589 2384 1643 easque
2415 1582 2468 1628 et
2516 1575 2570 1627 in
2607 1576 2856 1629 ecclesiis
2885 1576 3136 1644 legimus,
3175 1589 3229 1630 et
3258 1578 3405 1631 domi

1834 1664 2116 1718 habemus.
2191 1664 2392 1730 Quidni
2442 1681 2572 1734 ergo
2626 1667 2879 1719 insanum
2938 1668 3007 1719 sit
3063 1668 3402 1730 existimare,

1835 1755 2179 1823 septuaginta
2201 1755 2349 1809 viros
2376 1756 2510 1807 tales
2529 1754 2688 1824 253
2710 1763 3001 1823 tantosque
3021 1755 3264 1823 adeoque
3287 1771 3407 1824 pro-

2740 1846 2832 1914 qui
2866 1856 2919 1898 et
2950 1853 3074 1899 ante
3103 1846 3405 1914 quamlibet

1840 1936 2342 2005 interpretationem
2373 1937 2543 2003 probe
2561 1936 2807 1991 sciebant
2825 1937 2954 2005 quid
2977 1946 3119 1991 esset
3144 1937 3198 1990 in
3220 1937 3404 1990 divina

1840 2028 2144 2097 Scriptura.
2186 2038 2239 2081 et
2290 2040 2474 2082 utrum
2512 2044 2689 2098 regem
2723 2044 2785 2083 ea
2815 2030 3019 2082 diceret
3045 2044 3111 2082 an
3162 2030 3408 2082 idolum?

1837 2119 1969 2172 Nam
2006 2121 2209 2185 majore
2242 2122 2342 2174 ﬁde
2370 2121 2617 2188 dignum,
2665 2135 2773 2188 pra!
2815 2122 3027 2175 caeteris
3058 2121 3291 2185 cunctis,
3320 2121 3407 2188 ju-

1838 2213 2021 2266 dicare
2047 2221 2345 2279 oporteret,
2388 2228 2554 2265 unum
2590 2211 2885 2278 quemlibet
2908 2211 3201 2264 obscurum
3232 2213 3409 2265 homi-

1839 2320 1960 2359 nem
1990 2305 2082 2372 qui
2124 2304 2175 2356 in
2210 2304 2470 2371 Syrorum
2507 2304 2746 2370 linguam
2780 2304 3047 2356 convertit
3081 2300 3404 2355 Heliraicuui

1839 2402 2071 2455 textum,
2131 2402 2187 2445 ut
2232 2395 2407 2445 aiunt.
2472 2392 2838 2461 Praeterquam
2885 2393 3029 2461 quod
3081 2392 3214 2444 illud
3244 2393 3406 2444 etiam

1839 2495 2005 2557 patet,
2060 2502 2253 2553 nempe
2303 2485 2369 2538 de
2400 2484 2667 2537 idolorum
2712 2485 2860 2536 cultu
2914 2483 3079 2536 Deum
3134 2480 3409 2536 lsraelitas

1840 2577 1944 2630 hoc
1993 2578 2112 2631 loco
2162 2591 2423 2629 accusare
2466 2591 2562 2643 per
2605 2576 2945 2643 prophetam.
2987 2573 3050 2626 Et
3089 2577 3213 2643 quia
3262 2575 3408 2628 circa

1840 2668 2085 2721 divinum
2141 2668 2398 2735 templum
2448 2668 2764 2725 incolentes,
2816 2667 2931 2718 lnue
2979 2667 3247 2733 agebant,
3308 2667 3412 2719 hoc

1843 2759 1954 2813 illis
1982 2758 2295 2827 exprobrat,
2358 2757 2501 2825 quod
2548 2772 2671 2809 eum
2708 2758 2891 2825 templi
2946 2756 3111 2809 Deum
3160 2759 3409 2811 venerari

1842 2850 2180 2910 viderentur.
2234 2850 2284 2901 id
2334 2856 2416 2902 est
2466 2848 2702 2901 universi
2752 2848 2937 2899 mundi
2994 2848 3302 2906 Dominum.
3343 2850 3412 2903 ali

1844 2943 2111 2996 idolorum
2153 2949 2335 2993 tamen
2378 2954 2485 2992 non
2530 2941 2877 2992 abstinebant
2911 2939 3193 3008 obsequio.
3242 2938 3412 2992 Porro

1844 3033 2007 3102 hujus
2058 3032 2183 3085 idoli
2231 3032 2420 3085 beatus
2447 3046 2664 3099 quoque
2714 3030 2959 3083 meminit
3003 3032 3237 3084 Amosus
3284 3045 3413 3096 pro-

1842 3124 2025 3190 pheta,
2065 3137 2161 3175 ceu
2200 3121 2267 3173 ab
2312 3120 2635 3171 Ammanitis
2663 3119 2893 3171 adorati.
2945 3118 3083 3171 Dicit
3127 3120 3307 3171 enim:
3346 3118 3411 3171 Et

1842 3213 1989 3267 vadit
2019 3213 2283 3266 Melchom
2316 3215 2367 3264 in
2399 3212 2792 3279 captivitatem,
2816 3211 3044 3278 ejusque
3072 3210 3412 3269 sacerdotes.

1839 3313 1893 3360 et
1928 3304 2206 3374 principes
2246 3303 2428 3371 populi
2476 3303 2660 3365 simul,
2709 3302 2840 3353 dicit
2871 3300 3153 3354 Dominus.
3193 3300 3303 3353 lloc
3332 3300 3415 3352 di-

1840 3415 1993 3459 cens.
2021 3397 2167 3467 quod
2208 3412 2579 3465 saepenumero
2615 3394 2755 3463 apud
2784 3394 3077 3462 prophetas
3106 3395 3281 3460 legere
3310 3403 3411 3454 est,

1839 3491 1985 3562 quod
2018 3505 2212 3558 nempe
2239 3487 2483 3556 qualibet
2530 3501 2596 3539 ex
2644 3484 3039 3552 indignatione.
3084 3484 3414 3552 imponenda

1840 3583 2166 3652 alienigenis
2210 3595 2391 3650 poena.
2423 3594 2595 3646 usque
2619 3577 2685 3630 ad
2719 3577 2861 3630 idola
2893 3576 3203 3644 horumque
3233 3590 3417 3629 sacer»

1841 3674 2003 3726 dotes
2040 3670 2312 3724 deveniet.
2349 3667 2504 3733 Quod
2546 3675 2727 3719 autem
2767 3680 2981 3717 omnem
3013 3664 3284 3717 idolorum
3322 3680 3412 3717 su-

1842 3762 2245 3832 perstitionem,
2306 3774 2337 3810 a
2386 3756 2549 3810 cultis
2593 3753 2735 3823 apud
2780 3754 3028 3807 ethnicos
3074 3751 3413 3805 daemonibus

1840 3855 2097 3910 Israelita:
2156 3850 2553 3909 contraxerint,
2617 3848 2957 3914 exploratum
3029 3852 3134 3907 est,
3198 3843 3415 3896 dicente.

1843 3947 2001 3999 beato
2018 3940 2309 3994 Davide”:
2354 3957 2372 3988 ι
2395 3938 2458 3989 Ει
2481 3937 2751 3991 commisti
2785 3945 2913 3988 sunt
2949 3934 3086 3986 inter
3117 3940 3326 4000 gentes,
3360 3939 3415 3983 et

1841 4035 2147 4088 didicerunt
2175 4044 2341 4098 opera
2379 4041 2589 4086 eorum,
2638 4032 2691 4079 et
2719 4025 3028 4077 servierunt
3067 4020 3415 4087 sculptilibus

1843 4140 2028 4180 eorum
2051 4121 2308 4190 ;iquibus
2327 4118 2512 4173 verbis
2530 4117 2870 4171 demonstrat
2884 4111 3242 4164 idololatriam
3260 4126 3412 4162 suam

1844 4218 2122 4273 lsraelitas
2152 4214 2220 4267 ab
2250 4211 2484 4267 ethnicis
2510 4207 2895 4261 rondidicisse.
2944 4204 3065 4256 Pari
3095 4219 3223 4272 ergo
3254 4204 3417 4256 modo

1846 4318 2072 4380 apparet
2100 4323 2195 4361 eos
2220 4305 2367 4359 circa
2399 4302 2629 4360 idolum,
2661 4297 2805 4366 quod
2839 4295 3101 4348 Melchom
3129 4307 3416 4361 nuncupa-

1848 4404 2028 4461 batur,
2067 4397 2511 4466 superstitionem
2551 4390 2887 4445 exercuisse.

1922 4490 2080 4543 Vens.
2118 4488 2237 4541 6-9.
2267 4517 2335 4527 ——
2367 4488 2478 4553 Age
2511 4496 2641 4535 vero
2680 4482 2938 4550 propheta
2969 4484 3091 4545 post
3127 4473 3415 4542 superiora

1843 4582 1918 4634 ita
1961 4581 2137 4649 pergit
2170 4579 2422 4631 dicerem
2450 4574 2514 4627 Et
2539 4588 2635 4626 eos
2662 4575 2754 4640 qui
2786 4569 3063 4623 declinant
3099 4581 3126 4617 a
3166 4564 3415 4622 Domino.

1844 4683 1895 4726 et
1925 4675 2017 4741 qui
2054 4688 2164 4724 non
2195 4678 2442 4737 quaerunt
2482 4665 2769 4718 Dominum
2793 4701 2805 4721 ,
2840 4668 2893 4713 et
2919 4659 3010 4727 qui
3046 4672 3151 4708 non
3183 4654 3419 4707 retinent

1845 4764 2155 4816 Dominum.
2188 4777 2206 4808 ι
2240 4756 2571 4826 Signilicans
2603 4754 2860 4806 nimirum
2887 4788 2900 4809 ,
2937 4762 3031 4801 eos
3060 4747 3133 4798 ita
3172 4743 3415 4812 agendo,

1847 4846 2139 4900 manifeste
2178 4843 2470 4899 ostendere
2509 4857 2569 4895 se
2607 4839 2841 4892 omnino
2882 4836 3090 4888 alienos
3130 4834 3197 4885 ah
3232 4847 3420 4885 amore

114 4854 209 4903 ὃτι
251 4849 388 4903 ἀπὸ
431 4848 634 4901 τούτων
669 4848 853 4918 δήλους
891 4849 1113 4907 ἑαυτοὺς
1148 4847 1472 4901 καθιστῶσιν
1504 4849 1741 4918 ἀπηλλο-

108 4940 498 5013 τριωμένους
524 4939 802 5001 παντελῶς
831 4940 928 5008 τῆς
959 4939 1095 5008 ἐμῆς
1123 4939 1332 5001 εὐνοίας
1352 4980 1366 5001 ,
1413 4940 1505 4991 καὶ
1543 4940 1743 5008 μηδένα

109 5033 304 5099 λόγον
336 5029 627 5090 ἐθέλοντας
647 5027 779 5097 ἐμοῦ
793 5046 851 5079 τε
869 5030 961 5080 καὶ
985 5028 1090 5079 τῶν
1108 5028 1229 5097 ἐμοὶ
1252 5028 1551 5081 δοκούντων
1574 5031 1743 5080 ποιεῖ-

108 5126 285 5180 σθαι·
331 5120 606 5191 πρόδηλον
638 5120 746 5189 γὰρ
778 5120 849 5181 ώς
874 5120 969 5186 τῆς
1008 5120 1146 5187 ἐμῆς
1168 5118 1417 5186 γνώσεως
1450 5120 1744 5188 ἀντεχόμε-

106 5237 203 5270 νοι
245 5212 537 5284 γνησίως,
579 5211 677 5263 οὐκ
709 5211 773 5264 ἄν
804 5228 931 5262 ποτε
963 5212 1260 5281 προσέσχον
1290 5210 1547 5273 εἰδώλοις.
1574 5212 1741 5280 Εἰρη-

102 5308 240 5370 sub;
297 5303 373 5357 δὲ
408 5302 624 5363 δικαίας
669 5301 767 5369 τῆς
812 5302 1079 5369 τιμωρίας
1122 5302 1220 5363 τὰς
1269 5301 1470 5363 αἰτίας,
1518 5302 1742 5367 ἐπάγει·

106 5418 128 5448 ι
196 5391 575 5451 Εὑλαϐεῖσθε
636 5392 743 5443 ἀπὸ
807 5389 1100 5461 προσώπου
1158 5390 1358 5462 Κυρίου
1416 5391 1509 5443 τοῦ
1566 5390 1741 5457 Θεοῦ,

99 5496 189 5558 (ρ.
260 5483 421 5551 587)
455 5481 592 5534 διότι
633 5482 799 5547 ἐγγὺς
853 5480 1033 5550 ἡμέρα
1072 5481 1313 5551 Κυρίου·
1360 5481 1441 5533 ὅτι
1480 5480 1743 5549 ἡτοίμασε

96 5581 361 5650 Κύριος
404 5574 504 5646 τὴν
539 5573 730 5626 θυσίαν
776 5572 937 5626 αὐτοῦ
959 5616 971 5640 ,
999 5573 1193 5643 ήγίακε
1227 5575 1351 5636 τοὺς
1384 5573 1616 5643 κλητοὺς
1647 5572 1743 5624 ati-

1850 4937 1942 4990 Dei
1975 4975 1989 4997 ,
2032 4934 2349 4999 nullamque
2390 4930 2555 4997 hujus
2586 4970 2600 4991 ,
2641 4936 2694 4981 et
2734 4932 3130 4994 praeceptorum
3171 4920 3417 4985 eiusdem

1845 5028 2050 5080 habere
2101 5024 2388 5076 rationem.
2442 5018 2801 5087 Perspicuum
2838 5026 2922 5069 est
2967 5016 3149 5073 enim,
3188 5009 3333 5078 quod
3372 5010 3419 5063 si

1846 5117 2075 5170 ﬁdeliter
2105 5113 2395 5167 scientiam
2429 5111 2531 5163 mei
2564 5110 2863 5162 retinerent
2886 5145 2900 5166 ,
2930 5118 3276 5172 nequaquam
3305 5102 3419 5155 ido-

1844 5206 1911 5259 lis
1962 5203 2320 5257 adhaererent.
2365 5197 2529 5268 254
2601 5196 2719 5250 Jam
2757 5202 3044 5264 postquam
3080 5192 3215 5244 dixit
3260 5190 3423 5258 justae

1844 5292 2340 5348 animadversionis
2374 5304 2599 5344 causam
2627 5327 2640 5349 ,
2681 5284 3105 5355 prosequitttrzc
3144 5280 3355 5333 Timete
3392 5297 3421 5331 a

1848 5386 1989 5439 facie
2022 5384 2235 5438 Domini
2269 5382 2398 5443 Dei,
2430 5380 2557 5450 quia
2588 5394 2756 5447 prope
2788 5382 2875 5430 est
2903 5374 3021 5428 dies
3048 5371 3261 5427 Domini
3287 5370 3378 5423 Dei
3407 5411 3422 5433 ,

1852 5478 1981 5547 quia
2016 5476 2231 5547 paravit
2266 5474 2529 5528 Dominus
2575 5472 2813 5523 hostiam
2849 5480 3005 5521 suam
3028 5506 3043 5529 ,
3078 5473 3132 5517 et
3177 5462 3422 5518 sanctiﬁ-

1848 5570 1997 5624 cavit
2038 5577 2261 5623 vocatos
2300 5581 2453 5621 suos.
2488 5585 2505 5617 ι
2537 5562 2643 5617 Sed
2697 5561 2954 5631 quoniam
3015 5557 3181 5611 Deum
3238 5554 3425 5624 negle-

226 5759 286 5788 ²⁸
326 5755 490 5808 Psal.
526 5769 613 5817 ev,
650 5752 739 5806 '55.
