3934 6536
518 355 625 411 £335

1705 357 2054 416 THEUDORI
2092 358 2577 415 MOPSUESTENI

3666 359 3769 417 456

525 479 718 542 sistis,
750 475 1070 533 necessario
1098 486 1246 527 nunc
1282 472 1554 528 timebitis
1582 476 1949 528 umversalem
1989 474 2091 528 Do-

2196 473 2306 527 τοῦ.
2347 493 2365 525 ι
2415 473 2552 526 Ἀλλ’
2582 472 2769 544 ἐπειδὴ
2800 473 3015 543 ἀμελῶς
3056 474 3182 545 περὶ
3208 473 3267 527 τὸ
3293 473 3447 527 Θείον
3478 476 3772 545 ἐσχήκατε,

525 570 731 623 minum
753 610 768 633 ,
798 585 921 623 cum
953 567 1171 635 dignam
1201 579 1415 633 pugnam
1446 566 1687 634 peccatis
1707 566 2098 634 vestrisimpo-

526 659 767 713 uet.Noo
807 659 948 711 enim
990 659 1139 708 abest
1179 662 1396 723 tempus
1436 654 1597 719 illud,
1639 657 1751 709 imo
1789 657 2096 724 proximum

520 761 605 802 (st
627 790 643 815 ,
675 764 783 816 quo
815 764 910 802 vos
948 747 1203 800 hostibus
1234 746 1391 815 quasi
1424 746 1675 799 victimas
1703 748 1881 801 tradet
1912 765 1924 799 :
1958 761 2097 815 quos

517 840 611 895 ille
664 842 851 893 hostes
903 838 1128 907 proprio
1174 837 1435 892 mandato
1484 836 1553 890 ad
1602 837 1708 891 hoc
1739 838 1900 907 elegit
1928 851 2095 891 voea-

518 931 727 995 vitque.
781 929 836 983 Id
885 931 1031 982 enim
1080 927 1395 995 signiﬁcant
1444 929 1647 992 verba,
1678 945 1697 979 ι
1732 926 2097 982 sanctiﬁcavit

518 1029 747 1074 vocatos
795 1036 928 1074 suos
955 1060 971 1082 ,
999 1039 1017 1070 ι
1050 1020 1208 1088 quasi
1257 1020 1406 1072 dicat
1460 1019 1663 1074 habere
1711 1034 1771 1073 se
1800 1020 1915 1089 jam
1949 1019 2097 1073 dele-

519 1118 674 1172 ctos,
708 1124 851 1178 quos
882 1109 951 1163 ad
990 1109 1133 1162 hanc
1166 1109 1402 1162 hostiam
1445 1108 1792 1161 mactandam
1828 1108 2045 1163 vocavit
2078 1125 2093 1173 ;

520 1202 706 1255 hostes
736 1201 997 1254 nimirum
1030 1200 1361 1268 intelligens,
1386 1198 1479 1267 qui
1510 1208 1563 1252 et
1590 1216 1685 1253 vos
1714 1199 2094 1253 immolabant.

525 1313 543 1342 ι
578 1291 645 1345 Ει
678 1294 784 1346 erit
826 1293 879 1345 in
921 1293 1010 1345 die
1047 1292 1244 1345 hostiae
1280 1288 1493 1343 Domini
1516 1328 1530 1351 ,
1563 1299 1617 1343 et
1659 1290 1895 1343 ulciscar
1932 1305 2097 1359 super

524 1384 806 1452 principes
827 1424 841 1444 ,
875 1391 928 1434 et
957 1398 1125 1451 super
1157 1389 1378 1435 domum
1411 1382 1555 1449 regis
1579 1422 1593 1444 ,
1630 1390 1684 1435 et
1714 1397 1879 1450 super
1904 1397 2096 1437 omnes

521 1474 613 1542 qui
651 1475 824 1526 induti
861 1483 988 1527 sunt
1016 1482 1168 1526 veste
1200 1472 1511 1541 peregrina.
1546 1470 1611 1523 Et
1645 1472 1884 1525 ulciscar
1918 1474 2095 1526 mani-

523 1566 656 1616 leste
690 1578 856 1631 super
888 1564 1159 1617 vestibula
1194 1565 1247 1615 in
1282 1564 1371 1616 die
1405 1564 1497 1615 illa
1519 1606 1532 1627 ,
1570 1564 1661 1630 qui
1691 1565 1965 1632 complent
1999 1565 2097 1619 do-

520 1668 667 1705 mum
700 1653 792 1707 Dei
823 1655 907 1707 sui
942 1654 1221 1722 impietate
1250 1668 1312 1705 ac
1347 1652 1493 1706 dolo.
1531 1651 1845 1723 rTempore
1874 1655 1967 1709 illo
1997 1672 2098 1725 pu-

519 1744 667 1799 niam
700 1761 797 1799 eos
830 1746 923 1814 qui
964 1746 1245 1814 principes
1285 1745 1452 1799 vestri
1491 1744 1769 1806 videntur,
1810 1746 2095 1816 ipsamque

2196 566 2291 620 νῦν
2316 567 2444 633 γοῦν
2468 567 2556 618 ὑπ’
2582 567 2747 635 αὐτῆς
2770 566 2867 635 τῆς
2887 568 3130 635 ἀνάγκης
3154 567 3531 638 φοϐηθήσεσθε
3561 568 3654 619 τὸν
3679 568 3774 621 τοῦ

2199 656 2393 717 παντὸς
2426 655 2642 726 Κύριον,
2678 656 2766 708 ὅτε
2804 656 2900 726 τὴν
2931 656 3200 725 τιμωρίαν
3233 657 3360 726 ὑμῖν
3390 656 3548 721 ἀξίαν
3579 658 3775 725 ἐπάγει

2195 747 2303 799 τῶν
2337 746 2846 817 πλημμελημάτων·
2877 746 2998 799 οὐδὲ
3035 747 3146 816 γὰρ
3176 747 3485 817 ἀφέστηκεν
3518 751 3547 801 ὁ
3584 750 3777 817 καιρὸς

2206 840 2433 901 ἐκεῖνος,
2478 838 2612 890 ἀλλά
2642 839 2735 890 καὶ
2791 838 2933 907 μάλα
2970 856 3032 905 γε
3060 837 3287 905 ἐγγύθεν
3318 836 3493 904 ἐστὶν,
3536 840 3598 891 ἐν
3621 831 3774 906 ᾧπερ

2198 929 2341 998 ὑμᾶς
2361 933 2425 1000 τῇ
2449 929 2554 982 τῶν
2584 930 2855 998 πολεμίων
2894 929 3207 1000 παραδώσει
3245 928 3426 1001 θυσίᾳ,
3466 930 3561 992 οὓς
3590 931 3776 998 οἰκείῳ

2197 1019 2577 1088 προστάγματι
2611 1019 2884 1089 ἀφώρισεν
2916 1036 2975 1071 τε
3007 1020 3100 1070 καὶ
3138 1018 3407 1089 κέκληκεν
3446 1022 3540 1072 ἐπὶ
3568 1022 3772 1089 τούτῳο

2194 1110 2352 1163 τοῦτο
2372 1109 2478 1180 γὰρ
2496 1110 2641 1179 λέγει
2662 1110 2742 1172 τὸ,
2768 1110 2989 1179 ιὴγίασε
3021 1111 3129 1179 (50)
3150 1111 3275 1172 τοὺς
3300 1111 3528 1181 κλητοὺς
3548 1110 3773 1171 αὐτοῦ.»

2200 1201 2286 1252 ἵνα
2318 1200 2447 1272 εἴπῃ
2481 1201 2561 1252 ὅτι
2604 1200 3015 1271 ἀφωρισμένους
3046 1200 3157 1270 ἔχει
3186 1203 3311 1263 τοὺς
3337 1204 3415 1263 είς
3454 1202 3554 1272 τὴν
3586 1203 3777 1254 Θυσίαν

2194 1291 2395 1359 ταύτην
2414 1289 2578 1359 κεκλη
2588 1291 2798 1357 μένους’
2823 1290 2967 1358 λέγει
2988 1291 3045 1343 δὲ
3062 1293 3187 1354 τοὺς
3203 1291 3509 1361 πολεμίους,
3523 1295 3575 1345 οῖ
3604 1310 3775 1345 κατα-

2196 1384 2447 1436 θύσουσιν
2473 1384 2632 1453 ὑμᾶς.
2670 1403 2688 1434 ι
2721 1386 2830 1437 Καὶ
2851 1384 3001 1436 ἔσται
3027 1386 3084 1436 ἐν
3121 1386 3301 1455 ἡμέρα
3327 1386 3512 1447 θυσίας
3546 1388 3773 1455 Κυρίου,

2196 1478 2289 1527 καὶ
2328 1476 2598 1544 ἐκδικήσω
2626 1474 2738 1543 (Si)
2771 1477 2861 1528 ἐπὶ
2913 1477 3038 1537 τοὺς
3077 1477 3365 1546 ἄρχοντας,
3414 1478 3507 1528 καὶ
3546 1478 3641 1527 ἐπὶ
3690 1478 3776 1529 τὶν

2196 1563 2342 1618 οἷκον
2368 1566 2461 1618 τοῦ
2492 1566 2775 1635 βασιλέως,
2823 1567 2913 1620 καὶ
2942 1568 3032 1618 ἐπὶ
3084 1569 3291 1630 πάντας
3323 1568 3449 1630 τοὺς
3491 1568 3773 1636 ἐνδεδυμέ-

2196 1676 2321 1721 νους
2368 1660 2643 1729 ἐνδύματα
2671 1659 2944 1728 ἀλλότρια·
2986 1660 3079 1713 καὶ
3120 1660 3391 1727 ἐκδικήσω
3421 1661 3512 1711 ἐπὶ
3565 1660 3774 1720 πάντας

2196 1749 2451 1817 ἐμφανῶς
2498 1751 2588 1800 ἐπὶ
2615 1748 2685 1802 τὰ
2716 1748 2968 1817 πρόπυλα
3000 1750 3057 1800 έν
3087 1748 3268 1818 ἐκείνῃ
3400 1749 3586 1816 ἡμέρᾳ
3610 1789 3621 1801 .
3654 1750 3775 1805 τοῦς

519 1835 667 1905 regis
698 1834 921 1888 domum
962 1836 1216 1889 funditus
1255 1835 1571 1899 destruam,
1605 1837 1732 1905 quia
1768 1837 1821 1890 in
1862 1841 2092 1908 captivi-

2196 1842 2533 1911 πληροῦντας
2564 1842 2655 1894 τὸν
2696 1839 2841 1893 οἶκον
2877 1840 2971 1893 τοῦ
3014 1840 3151 1892 Θεοῦ
3179 1841 3355 1892 αὐτῶν
3384 1839 3645 1898 ἀσεϐείας
3683 1839 3773 1890 καὶ

523 1936 691 1979 tatem
727 1927 1088 1981 abducendus
1115 1937 1200 1981 est
1232 1928 1279 1982 is
1309 1929 1403 1996 qui
1434 1937 1567 1981 tunc
1602 1944 1695 1982 rex
1728 1939 1909 1983 vester
1940 1930 2093 1987 vide-

518 2020 705 2072 bitur:
736 2028 901 2088 atque
927 2019 982 2071 in
1009 2035 1201 2073 onmes
1239 2035 1468 2087 prorsus
1505 2021 1963 2088 animadvertam,
2000 2025 2092 2092 qui

519 2119 812 2177 tantopere
837 2110 1129 2163 imitationi
1154 2111 1499 2165 ethnicorum
1524 2121 1694 2164 semet
1726 2113 2093 2180 tradiderunt,

521 2210 577 2253 nt
608 2204 770 2255 etiam
800 2202 1033 2256 vestium
1072 2202 1294 2256 illarum
1334 2220 1494 2259 usum
1528 2203 1907 2258 alTectaverint
1928 2247 1942 2266 .
1973 2223 2093 2276 quae

519 2312 546 2345 a
579 2294 695 2361 lege
743 2295 922 2347 vetita:
947 2334 962 2356 ,
1015 2296 1271 2363 gentibus
1324 2306 1653 2365 congruunt.
1694 2296 1962 2363 Cunctos,
1992 2299 2090 2352 .in-

518 2400 683 2451 quam
744 2392 870 2451 ante
900 2385 1174 2438 vestibula
1214 2385 1397 2453 templi
1430 2385 1652 2453 puniam
1676 2425 1691 2448 ,
1723 2394 1914 2439 contra
1944 2387 2091 2454 quod

520 2474 682 2541 inpie
710 2483 978 2542 egerunt;
1031 2472 1159 2525 dum
1214 2473 1346 2525 illuc
1396 2473 1820 2541 ingrederentur
1869 2476 2090 2544 quidem

518 2566 590 2618 ob
631 2565 997 2617 sinmlandum
1047 2565 1255 2617 cultum
1308 2580 1523 2628 meum,
1572 2565 1666 2619 sed
1708 2567 1929 2621 nonnisi
1966 2583 2090 2621 cum

520 2655 791 2723 hypocrisi
823 2664 876 2708 et
903 2655 1029 2708 dolo
1058 2654 1289 2707 introire
1318 2656 1449 2709 illuc
1478 2655 1741 2709 auderent
1768 2676 1780 2709 :
1817 2658 2089 2727 siquidem

520 2747 723 2798 nullam
760 2762 899 2799 vera:
931 2746 1209 2815 religionis
1233 2746 1501 2799 rationem
1540 2746 1743 2802 habere
1761 2748 2090 2816 voluerunt,

517 2837 610 2890 sed
644 2837 806 2892 idolis
840 2840 1023 2907 potius
1053 2840 1303 2893 studiose
1330 2839 1632 2895 adhaerere.

519 2946 655 2991 σεως
685 2922 742 2981 δὲ
772 2929 863 2981 καὶ
891 2929 1041 2981 δόλου
1085 2928 1350 2982 ποιεῖσθαι
1385 2929 1482 2999 τὴν
1512 2930 1715 2984 εἴσοδον
1743 2932 2050 3003 τολμῶντες
2069 2978 2084 3001 ,

519 3021 662 3083 σθαι,
692 3022 802 3083 τοῖς
831 3019 1067 3083 εἰδώλοις
1088 3019 1146 3072 δὲ
1176 3023 1531 3090 προσανεῖχον
1568 3021 1792 3092 σπουδῇ.

593 3115 756 3172 Vens.
794 3115 883 3180 10,
919 3117 1005 3169 Η.
1025 3144 1095 3155 -—
1115 3135 1133 3167 (
1155 3114 1219 3170 Et
1246 3116 1355 3169 erit
1384 3114 1473 3170 die
1506 3116 1622 3179 illa,
1648 3118 1783 3171 dicit
1802 3116 2088 3185 Dominus,

517 3225 625 3261 vox
657 3208 921 3261 clamoris
953 3223 982 3260 a
1018 3218 1172 3277 porta
1203 3207 1533 3261 caedentium
1557 3249 1571 3271 .
1601 3217 1655 3262 et
1684 3211 1925 3265 ululatus
1957 3227 1988 3265 a
2018 3229 2097 3267 se-

521 3299 703 3352 cunda
727 3338 742 3362 ,
775 3307 828 3351 et
858 3299 1119 3350 contritio
1154 3312 1351 3367 magna
1383 3312 1413 3349 a
1448 3298 1705 3353 collibus.
1735 3318 1754 3351 ι
1778 3300 1931 3355 Tunc
1962 3318 2097 3359 sane

522 3407 623 3443 vox
676 3391 921 3458 qtuedam
974 3389 1234 3442 terribilis
1292 3387 1643 3453 exaudietur,
1680 3406 1710 3442 a
1750 3401 1907 3461 porta
1959 3394 2096 3447 inci-

522 3485 715 3553 piens,
778 3492 1003 3550 propter
1065 3481 1254 3533 hostes
1323 3480 1692 3548 irrumpentes
1754 3484 2098 3554 multamque

521 3570 864 3625 occidionem
902 3570 1063 3639 255
1098 3570 1376 3622 facientes.
1428 3569 1671 3639 Excipiet
1721 3588 1854 3625 vero
1904 3590 2094 3629 vocem

521 3663 673 3715 illam
722 3661 966 3716 ululatus
1002 3660 1366 3713 intolerabilis
1416 3660 1700 3713 hominum
1759 3678 1856 3731 per
1903 3665 2097 3721 domos

520 3754 886 3809 contritorum
914 3753 1173 3821 varieque
1198 3753 1540 3822 pereuntium
1572 3770 1587 3817 ;
1639 3754 1973 3824 insuperque
2005 3773 2098 3811 eo-

522 3862 641 3913 rum
676 3847 769 3914 qui
800 3844 866 3897 ad
901 3844 1134 3898 celsiora
1174 3845 1291 3896 loca
1329 3858 1427 3913 spe
1465 3844 1731 3898 evadendi
1773 3846 2098 3916 confugient

520 3937 613 4008 (id
646 3939 791 3992 enim
826 3938 956 3991 dicit
982 3937 1309 3990 vocabulum
1360 3936 1584 3991 collibus
1610 3940 1654 3998 l.
1704 3954 1884 4008 neque
1914 3948 2095 3995 tamen

520 4030 818 4099 quidquam
867 4030 991 4098 opis
1031 4028 1345 4090 invenient,
1387 4028 1482 4081 sed
1525 4036 1833 4083 extremum
1882 4034 2094 4101 suppli-

519 4120 661 4175 cium
691 4118 987 4188 perferent.
1007 4118 1219 4183 Quibus
1251 4127 1621 4172 consentanec
1644 4120 1830 4174 subdit
1851 4140 1894 4174 ε(
1924 4120 2094 4176 Plan-

519 4211 759 4278 gite,qui
804 4211 1072 4263 habitatis
1114 4209 1414 4263 concisam.
1455 4230 1473 4260 ι
1503 4207 1692 4273 Nunc,
1744 4212 1958 4281 inquit,
2018 4214 2098 4267 la-

520 4300 754 4352 mentari
782 4300 1005 4369 dignum
1037 4310 1119 4353 est
1144 4298 1485 4352 habitatores
1510 4298 1853 4354 Hierusalem
1878 4340 1892 4361 .
1930 4318 2095 4371 quam

520 4391 673 4442 varia
711 4393 859 4445 caule
909 4391 1217 4444 incolarum
1267 4390 1457 4445 hostes
1502 4391 1831 4456 concident,
1867 4394 2096 4462 ejusque

2189 1932 2362 1984 δόλου.
2394 1951 2411 1983 ι
2467 1934 2554 1985 Ἐν
2577 1933 2769 2002 ἐκείνῳ
2788 1931 2852 2002 δὴ
2873 1931 2950 2001 τῷ
2980 1932 3154 2001 καιρῷ
3184 1934 3309 1994 τοὺς
3337 1930 3531 2001 ἄρχειν
3567 1933 3625 1982 ὲν
3652 1931 3774 1998 ὑμῖν

2189 2026 2475 2090 δοκοῦντας
2506 2029 2919 2099 τιμωρήσομαι’
2960 2028 3119 2079 αὐτόν
3145 2045 3204 2079 τε
3245 2026 3522 2089 παντελῶς
3562 2027 3774 2095 ἀφανεῷ

2188 2117 2282 2169 τοῦ
2308 2118 2570 2187 βασιλέως
2600 2118 2690 2171 τὸν
2718 2116 2886 2184 οἷκον,
2930 2118 3025 2172 ἆτε
3061 2120 3196 2189 πρὸς
3240 2118 3635 2189 αἰχμαλωσίαν
3672 2120 3773 2169 ἀπ-

2191 2208 2417 2276 άγεσθαι
2452 2209 2735 2279 μέλλοντος
2770 2209 2865 2262 τοῦ
2896 2209 3014 2262 τότε
3050 2208 3348 2279 βασιλεύειν
3373 2208 3533 2277 ὑμῶν
3560 2208 3774 2261 δοκοῦν-

2186 2318 2298 2363 τος’
2340 2301 2415 2372 (p.
2456 2301 2583 2371 588)
2623 2303 2715 2355 καὶ
2759 2303 2965 2365 πάντας
2998 2302 3054 2354 δὲ
3087 2300 3341 2365 καθάπαξ
3383 2303 3772 2369 τιμωρήσομαι

2187 2394 2311 2455 τοὺς
2335 2392 2476 2445 οὕτω
2496 2393 2630 2463 πρὸς
2665 2392 2766 2462 τὴν
2800 2392 3130 2463 Ἑλληνικὴν
3169 2393 3397 2463 μίμησιν
3435 2393 3675 2453 ἑαυτοὺς
3701 2395 3774 2443 Ex-

2187 2484 2505 2549 δεδωκότας,
2555 2484 2629 2548 ὡς
2666 2485 2760 2537 καὶ
2790 2485 2898 2537 τῶν
2933 2486 3162 2555 ἱματίων
3208 2482 3403 2553 ζηλοῦν
3446 2483 3552 2553 τὴν
3582 2481 3773 2552 χρῆσιν

2188 2577 2287 2646 τὴν
2310 2576 2387 2646 τῷ
2416 2578 2565 2646 νόμῳ
2605 2578 2702 2648 μὲν
2728 2578 3203 2647 ἀπηγορευμένην,
3243 2579 3353 2639 τοῖς
3377 2575 3562 2628 ἔθνεσι
3587 2575 3646 2626 δὲ
3682 2575 3772 2643 ἀρ-

2200 2668 2404 2736 μοδίαν.
2442 2670 2656 2731 Πάντας
2687 2668 2780 2738 δὴ,
2835 2662 2988 2737 φησὶ,
3029 2666 3340 2738 περιφανῶς
3386 2665 3773 2735 τιμωρήσομαι

2198 2759 2303 2829 πρὸ
2338 2760 2446 2813 τῶν
2471 2760 2564 2813 τοῦ
2603 2760 2731 2814 ναοῦ
2762 2760 3070 2831 προθύρων,
3103 2761 3180 2820 είς
3208 2759 3266 2811 δν
3298 2757 3557 2828 ἠσέϐουν,
3592 2756 3776 2807 εἰσιόνι

2196 2868 2287 2913 τες
2316 2853 2414 2920 μὲν
2443 2853 2520 2922 τῷ
2546 2854 2722 2905 δοκεῖν
2747 2854 2825 2911 είς
2854 2852 2991 2920 ἐμὴν
3031 2851 3349 2921 θεραπείαν,
3389 2850 3513 2915 μεθ’
3553 2846 3776 2915 ὑποκρί-

2117 2941 2171 2992 εῖ
2201 2959 2262 3009 γε
2291 2942 2392 3011 τῆς
2431 2945 2529 3013 μὲν
2553 2944 2830 3006 εὐσεϐείας
2867 2942 3060 2996 οὐθένα
3089 2942 3243 3008 λόγον
3286 2939 3575 2990 ἐϐούλοντο
3619 2936 3779 2988 ποιεῖν

2266 3124 2407 3192 Στίχ.
2457 3128 2506 3184 ι’,
2552 3128 2637 3175 ια’.
2681 3151 2750 3161 -
2786 3141 2805 3173 ‹
2847 3122 2951 3173 Καὶ
2987 3121 3137 3173 ἔσται
3169 3122 3225 3171 ὲν
3260 3119 3443 3189 ἐκείνῃ
3474 3120 3541 3186 τῇ
3576 3118 3773 3186 ἡμέρα,

2202 3215 2348 3283 λέγει
2372 3216 2594 3285 Κύριος,
2623 3213 2775 3284 φωνὴ
2799 3213 3047 3284 κραυγῆς
3076 3213 3181 3264 ἀπὸ
3204 3212 3375 3279 πύλης
3411 3208 3778 3261 ἀποκεκηούν-

2198 3324 2329 3371 των,
2364 3305 2459 3358 καὶ
2485 3305 2781 3375 ὀλολυγμὸς
2807 3304 2913 3356 ἀπὸ
2944 3304 3042 3372 τῆς
3073 3302 3346 3372 δευτέρας,
3384 3302 3481 3353 καὶ
3527 3318 3779 3371 σύντριμ-

2199 3399 2300 3468 μδς
2349 3398 2524 3468 μέγας
2563 3397 2670 3450 ἀπὸ
2697 3397 2802 3449 τῶν
2842 3392 3065 3467 βουνῶν.
3110 3415 3126 3443 ι
3165 3395 3297 3446 Τότε
3332 3393 3396 3462 δὴ
3432 3393 3648 3462 φοϐερὰ
3683 3394 3776 3457 μέν

2194 3507 2278 3553 τις
2306 3492 2593 3560 γενήσεται
2626 3489 2778 3558 φωνὴ
2806 3489 2913 3541 ἀπὸ
2943 3489 3041 3556 τῆς
3083 3486 3255 3555 πύλης
3288 3483 3529 3537 λαϐοῦσα
3558 3485 3661 3552 τὴν
3683 3485 3776 3550 ἀρ-

2194 3583 2315 3653 χὴν,
2344 3582 2432 3635 διὰ
2458 3582 2569 3634 τῶν
2590 3580 2862 3633 εἰσιόντων
2885 3598 2941 3631 τε
2975 3575 3267 3647 πολεμίων,
3298 3578 3393 3627 καὶ
3420 3575 3594 3627 πολὺν
3620 3577 3780 3643 ἐργα-

2196 3675 2441 3745 ζομένων
2472 3674 2563 3727 τὸν
2593 3674 2771 3742 φόνον·
2800 3658 3102 3738 διαδέξετᾶι
3130 3672 3184 3722 δὲ
3209 3670 3307 3740 τὴν
3340 3669 3529 3737 φωνὴν
3563 3667 3778 3735 ἐκείνην

2194 3768 2420 3837 ὀλολυγή
2448 3785 2532 3830 τις
2558 3767 2829 3836 ἀφόρητος
2858 3765 2963 3817 τῶν
2992 3750 3110 3827 κᾶτ’
3131 3763 3306 3815 οίκίαν
3334 3760 3778 3831 συντριϐομένων

2194 3876 2254 3911 τε
2281 3860 2374 3911 καὶ
2409 3858 2794 3928 ἀπολλυμένων
2829 3857 3104 3919 ποικίλως.
3142 3856 3219 3907 ἔτι
3261 3855 3355 3907 καὶ
3385 3853 3500 3905 τῶν
3550 3855 3611 3903 ὲν
3643 3851 3777 3919 €41;-

2195 3949 2435 4020 λοτέροις
2465 3951 2651 4013 τόποις
2695 3949 2869 4002 ἐλπίδι
2900 3936 3075 4017 φυγῆς
3115 3944 3568 4016 κατατρεχόντων
3604 3942 3779 4009 (τοῦτο

2194 4039 2305 4108 γὰρ
2332 4039 2478 4107 λέγει
2532 4058 2550 4089 ι
2588 4039 2790 4108 βουνῶν
2824 4057 2842 4089 ι
2867 4040 2907 4103 ),
2937 4037 2999 4090 οὐ
3046 4037 3205 4107 μόνον
3251 4036 3402 4089 οὐδὲν
3448 4033 3779 4102 ὠφελεῖσθαι

2193 4130 2505 4201 δυναμένων
2536 4129 2802 4188 ἐντεῦθεν,
2830 4130 2963 4182 ἀλλά
2982 4129 3091 4199 γὰρ
3117 4129 3210 4181 καὶ
3234 4128 3333 4197 τὴν
3361 4126 3605 4195 ἐσχάτην
3635 4124 3780 4193 δεχοο

2200 4222 2374 4290 μένων
2404 4222 2691 4292 τιμωρίαν.
2728 4219 2821 4283 Οἷς
2850 4220 3155 4282 ἀκολούθως
3184 4218 3378 4285 ἐπάγει
3398 4234 3412 4247 ·
3452 4215 3773 4285 «Θρηνεῖτεν

2195 4315 2243 4364 οἱ
2275 4312 2646 4373 κατοικοῦντες
2668 4313 2765 4382 τὴν
2790 4310 3300 4380 κατακεκομμένην.
3333 4327 3353 4360 ι
3388 4306 3667 4360 Ἐνταῦθα
3695 4305 3776 4373 δὴ.

2198 4405 2349 4472 φησὶ,
2380 4404 2595 4473 θρηνεῖν
2628 4405 2870 4467 ἅπαντας
2903 4402 3052 4467 ἄξιον
3082 4405 3207 4465 τοὺς
3227 4399 3514 4461 οἰκοῦντας
3544 4398 3650 4467 τὴν
3688 4398 3781 4449 Ίεο

517 4483 754 4539 ωιιίῐίαἱιι
810 4482 1190 4551 perlringent,
1247 4488 1303 4535 et
1355 4481 1661 4550 inquilinos
1710 4484 2089 4538 trucidahunt.

2201 4496 2496 4565 ρουσαλὴμ,
2532 4497 2596 4566 ἢν
2626 4496 2894 4566 διαφόρως
2920 4494 3009 4548 διὰ
3048 4494 3155 4546 τῶν
3199 4492 3493 4547 οἰκούντων
3535 4491 3778 4543 κατακό-

526 4572 710 4638 (Quia
768 4570 1062 4625 universus
1122 4570 1359 4639 populus
1415 4572 1758 4624 assimilatas
1820 4585 1904 4626 est
1954 4574 2097 4626 Cha-

519 4662 705 4725 naani,
728 4661 1100 4730 disperierunt
1126 4675 1318 4715 omnes
1342 4662 1434 4729 qui
1460 4662 1587 4715 elati
1619 4673 1774 4715 erant
1800 4672 2043 4732 argento.
2074 4685 2091 4715 ι

518 4752 975 4821 Quandoquidem
1010 4752 1449 4806 Chananazorum
1485 4769 1667 4807 mores
1701 4754 1896 4808 imitati
1930 4765 2094 4822 sunt,

519 4842 642 4896 ideo
673 4858 770 4911 par
800 4844 909 4897 illis
940 4843 1255 4897 sustinuere
1282 4844 1613 4912 supplicium
1637 4887 1651 4907 ,
1714 4848 2094 4917 pessumdati;

514 4935 976 5002 quemadmodum
1010 4936 1220 4989 scilicet
1250 4945 1304 4989 et
1328 4937 1405 4989 illi
1442 4940 1727 5007 perierunt
1754 4953 1877 4993 cum
1907 4943 2090 5009 regio-

514 5040 638 5077 nem
681 5024 946 5079 lsraelitis
974 5025 1208 5079 tradidit
1240 5027 1403 5083 Deus.
1443 5027 1620 5082 Simul
1671 5030 1930 5098 peribunt
1965 5047 2092 5084 cum

514 5115 779 5183 reliquis,
815 5116 892 5168 illi
945 5117 1039 5185 qui
1096 5118 1519 5186 superbiebant.
1574 5122 1783 5174 divuiis
1824 5138 1884 5176 se
1925 5123 2094 5177 fultos

514 5218 846 5263 cernentes:
888 5211 1099 5263 nullum
1156 5226 1186 5264 a
1241 5213 1359 5267 suis
1410 5214 1608 5281 opibus
1662 5219 2093 5268 emolumentum

514 5300 832 5363 habebunt,
867 5302 960 5355 scd
1000 5312 1193 5356 contra
1222 5307 1448 5358 omnino
1485 5306 1644 5359 bonis
1676 5308 1792 5360 suis
1829 5309 2087 5376 spoliati,

516 5391 878 5459 pauperrimis
911 5394 1125 5449 similes
1158 5391 1310 5449 ﬁent.

2193 4586 2385 4655 ψουσιν
2428 4588 2478 4638 οἰ
2513 4587 2790 4657 πολέμιοι,
2823 4587 2922 4649 τάς
2970 4603 3029 4638 τε
3066 4584 3353 4654 οἰκοδομὰς
3380 4584 3555 4652 αὐτῆς
3600 4582 3780 4635 διατέ-

2198 4692 2454 4743 μνοντες,
2531 4679 2625 4730 καὶ
2691 4679 2815 4740 τοὺς
2884 4675 3269 4737 κατοικοῦντας
3322 4673 3777 4740 διασφάττοντες.

2201 4784 2219 4816 ι
2251 4766 2394 4819 Διότι
2416 4766 2528 4837 (52)
2556 4767 2812 4837 ὡμοιώθη
2844 4769 2951 4830 πᾶς
2972 4769 3001 4819 ό
3023 4765 3147 4828 λαὸς
3173 4764 3411 4827 Χαναὰν,
3440 4764 3753 4834 ὲξωλοθρεύ

2196 4857 2367 4927 θησαν
2400 4858 2598 4921 πάντες
2624 4860 2672 4911 o!
2710 4858 3005 4928 ἐπηρμένοι
3034 4857 3301 4926 ἀργυρίῳ.
3341 4875 3359 4906 ι
3409 4856 3635 4925 Ἐπειδὴ
3670 4855 3781 4922 γὰρ

2194 4946 2303 4999 τῶν
2321 4949 2641 5001 Χαναναίων
2656 4948 2987 5018 ὲμικήοαντο
3027 4951 3118 5000 τὸν
3146 4949 3368 5015 τρόπον,
3401 4950 3481 5016 (p.
3516 4947 3652 5011 389)
3694 4948 3783 4999 διὰ

2192 5041 2349 5093 τοῦτο
2364 5042 2754 5111 παραπλησίως
2773 5043 3000 5103 ἐκείνοις
3010 5042 3104 5093 καὶ
3120 5036 3218 5110 τὴν
3238 5039 3509 5108 τιμωρίαν
3525 5039 3784 5103 ἐδέξαντο

2193 5133 2549 5203 ἀπολλύμενοι
2594 5134 2893 5197 παντελῶς,
2928 5135 3094 5204 ὅνπερ
3133 5133 3196 5203 δὴ
3246 5133 3449 5202 τρόπον
3494 5132 3784 5184 ἀπώλοντο

2193 5228 2432 5277 κάκεῖνοι
2452 5225 2688 5295 ὁπηνίκα
2708 5229 2819 5287 τοῖς
2849 5224 3210 5295 Ἰσραηλίταις
3233 5222 3522 5290 παρεδίδου
3554 5224 3655 5291 τὴν
3679 5223 3783 5290 γῆν

2193 5318 2221 5366 ό
2254 5315 2403 5385 Θεός·
2442 5316 2999 5387 συναφανισθήσονται
3041 5315 3151 5386 γὰρ
3183 5315 3246 5386 δὴ
3283 5314 3489 5377 πάντες
3522 5318 3637 5377 τοίς
3672 5315 3785 5366 λοι-

2196 5407 2315 5466 ποῖς
2344 5407 2437 5456 καὶ
2464 5406 2511 5456 οἱ
2543 5406 2681 5475 μέγα
2712 5405 3031 5475 φρονοῦντες
3068 5406 3157 5457 ἐπὶ
3187 5405 3400 5476 πλούτῳ
3442 5404 3786 5476 θεωροῦντες

516 5484 735 5547 ἑαυτοὺς
760 5526 773 5549 ,
829 5487 994 5556 μηδὲν
1034 5490 1097 5541 ἐκ
1141 5491 1240 5559 τῆς
1272 5491 1533 5562 εὐπορίας
1576 5493 1765 5564 κέρδος
1794 5492 2081 5555 λαϐόντες·
2116 5496 2423 5552 τούναντίον
2472 5500 2569 5569 μὲν
2600 5495 2693 5553 οὖν
2748 5501 2806 5551 ὲν
2854 5503 2916 5569 τῇ
2953 5500 3239 5571 ἀφαιρέσει
3268 5499 3377 5550 τῶν
3416 5499 3638 5552 οἰκείων
3676 5515 3789 5551 πα·

517 5574 803 5645 ραπλήσιοι
836 5581 1117 5646 γεγονότες
1140 5585 1252 5645 τοῖς
1281 5583 1556 5647 παντελῶς
1591 5586 1921 5655 πενομένοις.

590 5711 699 5766 ifilli
739 5713 810 5762 Ιιει
846 5715 933 5766 hic
964 5716 1086 5767 cod.

585 5778 699 5850 (5|)
732 5783 867 5837 Cod.
906 5786 1201 5855 ἐκδίκησιν.

2263 5720 2372 5790 (5'2)
2406 5719 2537 5773 Cod.
2570 5720 2654 5771 διὰ
2690 5720 2761 5771 τί.
