3934 6522
121 344 213 400 ιεςῖ

1060 346 1602 405 COMMENTARIUS
1639 343 1705 399 IN
1746 338 2111 397 SOPHONIIE
2150 337 2301 394 CAP.
2341 338 2377 391 Ι.

3229 340 3332 397 458

183 455 329 527 Στίχ.
366 454 563 525 ιβ’·ιςδ.
595 460 719 507 -“‹
745 456 854 510 Καὶ
890 455 1041 510 ἔσται
1080 459 1137 511 ἐν
1166 464 1231 530 τῇ
1264 462 1445 532 ἡμέρᾳ
1474 459 1668 531 ἐκείνῃ,

1854 451 2017 505 Vens.
2056 449 2239 503 l2-l6.
2271 477 2341 489 —
2374 466 2393 498 ι
2425 446 2487 499 Et
2536 448 2639 501 erit
2685 447 2740 501 in
2774 447 2861 503 die
2895 462 3009 512 ma,
3049 452 3331 506 scrutabor

120 547 448 619 ίξερευνήσω
468 547 566 617 τὴν
602 548 957 620 Ἰερουσαλὴμ
984 550 1121 620 μετά
1145 550 1358 621 λύχνου.
1396 571 1415 603 ι
1460 552 1673 622 Ἐπειδὴ

123 644 220 705 τοῖς
266 640 330 693 τά
377 640 629 693 ἐνδότατα
670 641 765 694 καὶ
804 642 978 711 σκότῳ
1004 660 1117 703 πως
1151 645 1552 716 κατειλημμένα
1580 646 1675 716 ζη-

120 731 329 796 τοῦσιν,
372 730 493 794 έθος
534 731 714 802 λύχνῳ
766 733 1064 803 κεχρῆσθαι
1101 736 1236 803 πρὸς
1284 738 1673 808 ἀκριϐεστέραν

118 824 337 896 ἔρευναν
368 824 477 876 τῶν
512 824 1036 894 ἀποκεκρυμμένων,
1072 826 1228 881 τοῦτο
1244 826 1507 894 λέγει,ότι
1537 826 1672 897 μετά

118 914 309 984 πολλῆς
337 914 437 983 τῆς
466 912 748 984 ἀκριϐείας
774 914 1254 985 ἐξερευνηθήσεται
1278 916 1455 969 πάντα
1478 918 1547 969 τὰ
1570 917 1669 986 τῆς

127 1006 503 1076 Ἰερουσαλὴμ,
545 1005 621 1069 ὠς
650 1006 814 1077 μηδὲν
838 1006 948 1059 τῶν
988 1007 1213 1061 ἐνόντων
1249 1006 1518 1061 διαλαθεῖν
1548 1010 1669 1072 τοὺς

116 1097 601 1167 πολεμίους.”οπερ
632 1096 731 1168 [Ρ.
755 1090 943 1169 ᾧπερ]
970 1097 1274 1161 ἀκολούθως
1298 1099 1573 1169 ἐπήγαγεν
1586 1100 1667 1159 τὸ,

120 1205 137 1237 ι
176 1188 681 1259 Ἐξωλοθρεύθησαν
704 1189 899 1251 πάντες
921 1191 969 1241 οί
998 1188 1292 1259 ἐπηρμένοι
1320 1190 1567 1261 ἀργυρίῳ
1585 1205 1598 1219 ·
1643 1208 1661 1240 ι

114 1276 321 1338 δεικνὺς
357 1276 601 1330 ὅτιοῦτω
635 1277 809 1331 πάντα
832 1277 940 1331 τῶν
974 1277 1219 1348 εὐπόρων
1246 1277 1667 1349 ἀφαιρεθήσεται

115 1363 174 1415 τὰ
210 1364 344 1417 ὄντα
365 1405 380 1430 ,
411 1365 627 1429 οὐθενὸς
658 1366 838 1419 λαθεῖν
878 1366 984 1420 τῶν
1014 1366 1283 1438 πολεμίων
1313 1368 1414 1437 τὴν
1446 1366 1667 1439 ἔρευναν

113 1455 420 1525 δυναμένου.
476 1475 494 1507 ι
531 1458 638 1509 Καὶ
680 1458 947 1529 ἐκδικήσω
994 1457 1087 1509 ἐπὶ
1128 1459 1253 1519 τοὺς
1300 1458 1496 1528 ἄνδρας
1541 1459 1666 1521 τοὺς

114 1546 574 1617 καταφρονοῦντας
611 1549 700 1600 ἐπὶ
744 1549 808 1601 τὰ
848 1548 1173 1619 φυλάγματα
1206 1545 1545 1612 αύτῶν,τοὺς
1575 1550 1664 1603 λέ-

111 1654 300 1706 γοντας
338 1639 397 1690 ἐν
426 1640 546 1701 ταῖς
577 1639 820 1709 καρδίαις
855 1640 1053 1705 αὐτῶν,
1083 1641 1157 1693 Οὐ
1188 1639 1261 1711 μὴ
1294 1640 1664 1713 ἀγαθοποιήσῃ

112 1727 329 1797 Κύριος,
351 1729 469 1781 ούδέ
498 1729 571 1799 μὴ
596 1730 841 1800 κακώσῃ.
874 1749 894 1783 ι
926 1732 1317 1804 Τιμωρήσομαι
1350 1733 1478 1802 γὰρ,
1508 1734 1659 1802 φησι,

1776 543 2117 598 Hierusalem
2150 556 2273 595 cum
2295 540 2569 594 lucerna.»
2590 539 2856 605 Quoniam
2888 555 3099 606 eorum,
3124 541 3217 612 qui
3253 545 3334 596 in-

1775 637 1903 689 tima
1937 636 2058 701 etjin
2078 634 2314 689 tenebris
2340 632 2558 687 condita
2590 641 2861 701 quaerunt,
2880 648 2999 689 mos
3014 642 3096 690 est
3114 636 3335 691 lucerna

1774 728 1850 780 uti
1873 726 1941 779 ad
1967 726 2365 780 accuratiorem
2386 724 2661 779 latentium
2691 740 2873 780 rerum
2902 727 3333 798 vestigationem,

1770 817 1974 871 idcirco
2008 816 2088 871 sic
2113 816 2372 886 loquitur.
2426 814 2542 869 fore
2586 830 2777 885 nempe
2813 828 2870 870 ut
2896 820 3063 873 multa
3094 834 3217 873 cum
3249 835 3335 874 se-

1770 910 1996 964 dulitate
2030 908 2367 978 vestigentur
2384 923 2474 961 res
2501 922 2691 961 omnes
2714 907 3070 971 Hierusalem,
3110 920 3167 964 ut
3198 911 3335 965 nihil

1767 1010 1933 1066 opum
1993 994 2113 1065 ejus
2158 995 2341 1049 hostes
2396 996 2574 1048 lateat.
2622 994 2740 1061 Quo
2780 996 2836 1048 ﬁt
2879 1004 2939 1050 ut
2971 1009 3334 1055 consentanee

1769 1087 2086 1157 subjungat,
2118 1103 2140 1138 ι
2174 1085 2555 1155 Disperierunt
2586 1101 2776 1143 omnes
2807 1089 2933 1141 elati
2962 1093 3332 1159 argento-ﬁsi-

1768 1177 2031 1247 gniticans
2048 1175 2164 1231 fore
2188 1186 2245 1229 ut
2267 1175 2447 1229 cuncti
2479 1174 2708 1230 divitum
2729 1177 2968 1231 thesauri
2984 1178 3329 1248 diripiantur,

1767 1285 1891 1326 cum
1946 1270 2082 1324 nihil
2134 1268 2373 1324 hostium
2428 1268 2837 1337 vestigationem
2900 1270 3197 1324 vitaturum
3238 1272 3327 1327 sit.

1772 1379 1792 1412 ι
1821 1359 1887 1413 Et
1908 1360 2140 1415 ulciscar
2166 1374 2330 1428 super
2353 1359 2522 1423 viros,
2544 1358 2637 1427 qui
2669 1368 3023 1413 contemnunt
3055 1361 3334 1417 custodias

1766 1467 1914 1515 suas,
1948 1451 2042 1522 qui
2074 1450 2263 1505 dicunt
2294 1450 2347 1503 in
2373 1449 2633 1505 cordibus
2658 1450 2813 1505 suis:
2847 1448 3045 1522 Utique
3074 1467 3141 1507 ne
3170 1450 3326 1505 facit»

1767 1544 1903 1599 bene
1924 1542 2208 1605 Dominus,
2234 1556 2288 1597 et
2317 1557 2423 1596 non
2446 1542 2609 1596 faciat
2632 1544 2824 1598 male.»
2848 1542 2982 1609 llos,
3013 1544 3211 1615 inquit,
3231 1560 3300 1615 pa

1765 1638 1911 1686 niam
1942 1633 2035 1703 qui
2070 1641 2335 1703 praecepta
2382 1647 2501 1686 mea
2535 1633 2852 1703 cultumque
2880 1635 3101 1689 omnino
3142 1650 3313 1705 asper.

1768 1732 1987 1791 nantur,
2021 1724 2219 1795 quibus
2259 1724 2520 1778 custodiri
2558 1739 2621 1778 ac
2662 1726 2865 1779 servari
2903 1727 2971 1780 ab
2997 1727 3143 1779 omni
3171 1727 3335 1798 253

108 1818 345 1883 τούτους,
393 1819 482 1888 (ρ.
518 1798 654 1891 590)
695 1820 744 1873 οῖ
791 1798 900 1876 τῶν
932 1798 1031 1892 μὲν
1083 1798 1529 1893 προσταγμάτων
1560 1798 1665 1876 τῶν

1770 1817 2094 1872 detrimento
2123 1824 2721 1887 poterantzcontraque
2747 1819 3061 1893 existimant
3092 1821 3205 1873 fieri
3220 1836 3333 1875 non

108 1907 251 1978 ἐμῶν
288 1908 383 1960 καὶ
417 1909 515 1979 τῆς
547 1908 839 1979 θεραπείας
871 1911 1231 1982 κατεφρόνουν
1260 1912 1536 1977 παντελῶς
1569 1915 1665 1984 τῆς

106 1997 276 2067 ἐμῆς,
322 1998 416 2065 ἀφ’
444 1992 519 2051 ὧν
565 1998 629 2070 δὴ
677 2000 1037 2068 φυλάττεσθαι
1068 2003 1162 2056 καὶ
1195 2003 1563 2075 διατηρεῖσθαι
1600 2006 1666 2057 ἐκ

108 2086 285 2157 πάσης
335 2086 595 2157 ἠδύναντο
638 2088 927 2159 ἐπηρείας·
962 2090 1334 2161 διακειμένους
1376 2091 1433 2144 δὲ
1463 2093 1542 2145 ὄτι
1592 2092 1666 2163 μὴ

106 2171 205 2230 οἶόν
238 2179 301 2230 τὲ
333 2196 386 2231 τι
430 2179 597 2232 κακὸν
635 2181 815 2243 αὐτοῖς
853 2182 1208 2252 ἐπενεχθῆναι
1241 2182 1462 2235 τοιαῦτα
1490 2200 1666 2253 παρα-

107 2268 392 2339 νομοῦσιν·
427 2270 491 2323 τὸ
535 2272 663 2343 γὰρ,
689 2289 708 2322 ι
747 2272 821 2325 Οὐ
858 2272 931 2343 μὴ
960 2273 1332 2345 ἀγαθοποιήσῃ
1364 2272 1597 2345 Κύριος,
1642 2292 1660 2325 ι

107 2362 238 2415 κατὰ
301 2363 587 2435 ὑπόκρισιν
635 2364 1036 2431 ἀναγνωστέον,
1099 2365 1219 2419 ἀντὶ
1256 2365 1383 2430 τοῦ,
1448 2365 1667 2433 Ἀγαθο-

105 2453 338 2523 ποιήσει.
393 2473 412 2505 ι
447 2455 556 2507 Καὶ
582 2453 733 2507 ἐσται
770 2456 803 2524 ή
838 2453 1067 2525 δύναμις
1099 2454 1277 2509 αὐτῶν
1330 2457 1409 2519 είς
1436 2456 1667 2528 διαρπα-

106 2545 218 2613 γὴν,
250 2545 348 2596 καὶ
368 2546 414 2596 at
443 2539 579 2597 οἶκοι
602 2543 779 2596 αὐτῶν
800 2545 879 2607 είς
919 2545 1222 2616 ἀφανισμόν
1238 2563 1250 2577 ο
1276 2546 1368 2599 καὶ
1393 2547 1668 2617 οἰκοδομή·

104 2652 285 2690 σωσιν
335 2636 549 2697 οἰκίας,
591 2635 684 2689 καὶ
715 2636 775 2689 ού
811 2636 884 2707 μὴ
918 2638 1311 2707 κατοικήσωσιν
1348 2638 1406 2689 ἐν
1447 2638 1663 2701 αὑταῖςο

105 2728 190 2778 καὶ
220 2726 724 2793 καταφυτεύσουσιν
770 2727 1125 2797 ἀμπελῶνας,
1163 2728 1258 2781 καὶ
1294 2729 1351 2780 οὐ
1391 2728 1466 2799 μὴ
1504 2730 1666 2782 πίωσι

104 2817 188 2869 τὸν
217 2814 367 2870 οἶνον
406 2816 615 2868 αὐτῶνθ
648 2816 730 2870 ὃτι
753 2818 917 2886 ἐγγὺς
941 2817 1121 2889 ἡμέρα
1142 2818 1344 2890 Κυρίου
1370 2820 1401 2889 ἡ
1435 2819 1665 2890 μεγάλη,

102 2910 263 2977 ἐγγὺς
317 2910 418 2960 καὶ
464 2910 651 2977 ταχεῖα
689 2908 912 2979 σφόδρα.
958 2928 977 2961 ι
1015 2909 1171 2962 Πᾶσα
1222 2910 1318 2979 μὲν
1358 2905 1450 2962 οῦν
1493 2911 1667 2963 αὐτῶν

101 3000 393 3070 ἡδύναμις
428 3000 532 3053 ὑπὸ
561 3002 670 3053 τῶν
696 3000 967 3071 πολεμίων
999 3000 1495 3071 περιαιρεθήσεται’
1526 3003 1667 3071 ἀφα-

101 3092 447 3163 νισθήσονται
492 3093 546 3146 δὲ
578 3093 669 3146 καὶ
697 3093 895 3156 πάντες
938 3092 1113 3145 αὐτῶν
1138 3093 1188 3144 οἱ
1217 3087 1383 3145 οἴκοι·
1420 3093 1511 3145 καὶ
1542 3092 1662 3147 οὔτε

100 3184 206 3237 τῶν
227 3186 403 3238 οἴκων
430 3185 845 3250 ἀπολαύσουσιν,
875 3183 968 3248 οὒς
1001 3185 1140 3255 μετὰ
1171 3184 1367 3256 πολλῆς
1387 3186 1664 3257 οἰκοδομή-

104 3292 291 3338 σαντες
338 3275 686 3345 ἐπιμελείας,
715 3274 837 3328 οὔτε
866 3275 972 3328 τῶν
1004 3275 1288 3344 γεωργιῶν
1323 3275 1429 3328 τῶν
1456 3276 1670 3331 οἰκείων

99 3362 365 3434 λήψονται
399 3366 489 3418 τὸν
521 3366 757 3438 καρπόν·
808 3366 993 3436 ἐπειδὴ
1027 3365 1287 3435 πάρεστιν
1324 3367 1417 3419 καὶ
1447 3367 1670 3436 πλησίον

100 3456 236 3521 ἄγαν
258 3458 415 3509 ἐστὶν
445 3458 624 3527 ἡμέρα
644 3457 737 3510 τοῦ
758 3458 915 3521 Θεοῦ,
945 3458 1065 3512 καθ’
1090 3461 1154 3529 ἦν
1183 3458 1472 3528 ἐκϐήσεται
1500 3456 1672 3509 πάντα

98 3545 241 3615 ἅπερ
288 3542 390 3601 οὖν
426 3549 801 3616 ἀποπέφανται
859 3549 977 3603 κατ’
1008 3549 1185 3603 αὐτῶν
1217 3550 1246 3601 ὁ
1276 3548 1427 3611 Θεός.
1466 3564 1484 3598 ι
1516 3548 1669 3617 Φωνὴ

98 3637 314 3710 ἡμέρας
362 3641 569 3711 Κυρίου
600 3640 772 3712 πικρά
818 3642 911 3696 καὶ
942 3640 1149 3714 σκληρά
1188 3641 1459 3693 τέτακται.
1500 3658 1519 3691 ι
1557 3641 1669 3693 Με-

99 3730 344 3798 μήνυται
397 3732 505 3802 γὰρ
546 3732 575 3785 ό
620 3732 807 3803 καιρὸς
852 3732 949 3803 τῆς
988 3733 1309 3801 ἀποφάσεως
1353 3731 1455 3801 τῆς
1501 3730 1667 3795 θείας,

1769 1922 1931 1978 posse
1971 1916 2027 1962 ut
2052 1908 2179 1961 mali
2206 1908 2415 1977 aliquid
2448 1910 2530 1963 eis
2555 1909 2767 1963 accidat
2790 1892 2918 1964 talia
2955 1912 3325 1981 peccantibus.

1766 1998 1901 2053 Nam
1931 1999 2101 2053 dictio
2123 2018 2141 2050 ι
2182 1997 2262 2054 Ne
2300 2000 2435 2055 bene
2463 1998 2650 2063 faciat,
2682 2019 2700 2050 ι
2741 2001 2964 2071 figurate
2997 2001 3219 2072 legenda
3246 2011 3333 2057 est

1765 2105 1889 2161 pro,
1924 2090 2062 2146 bene
2091 2089 2276 2146 faciet.
2307 2109 2325 2142 ι
2366 2089 2433 2143 Ει
2464 2092 2566 2145 erit
2590 2091 2849 2146 fortitudo
2879 2108 3067 2147 eorum
3099 2093 3153 2147 in
3178 2092 3306 2148 'dire

1766 2181 2029 2251 ptionem,
2092 2190 2145 2237 et
2196 2182 2392 2237 domus
2436 2198 2625 2237 eorum
2680 2183 2733 2237 in
2788 2183 3197 2253 dissipationem
3230 2201 3242 2235 :
3277 2194 3331 2240 et

1766 2272 2111 2329 azdilicabunt
2156 2274 2371 2341 domos,
2424 2282 2480 2329 et
2528 2289 2635 2329 non
2668 2275 2993 2330 habitabunt
3023 2276 3080 2331 in
3130 2276 3246 2343 eis;
3276 2286 3331 2333 et

1768 2366 2089 2436 plantabunt
2128 2369 2335 2432 vineas,
2390 2377 2445 2421 et
2502 2381 2610 2421 non
2668 2367 2853 2421 bibent
2893 2367 3327 2432 vinum.earum,

1766 2456 1894 2526 quia
1927 2456 2086 2526 juxta
2138 2464 2222 2511 est
2290 2456 2406 2511 dies
2455 2456 2671 2511 Domini
2709 2471 2926 2527 magna,
2960 2459 3119 2526 juxta
3160 2468 3245 2513 est
3277 2467 3331 2513 et

1768 2546 1921 2601 velox
1946 2547 2130 2601 nimis.
2156 2564 2175 2597 ι
2209 2544 2501 2609 Universa,
2535 2548 2730 2618 inquit,
2755 2564 2942 2602 eorum
2978 2549 3234 2604 fortitudo
3262 2550 3329 2605 ab

1766 2635 2014 2693 hostibus
2042 2637 2438 2708 exstinguetur,
2486 2637 2838 2693 destrueutur
2891 2649 3101 2693 cunctae
3131 2639 3330 2694 domus

1766 2742 1955 2782 eorum
1985 2747 1998 2781 :
2034 2743 2211 2800 neque
2241 2728 2489 2785 aedificiis
2547 2729 2797 2783 fruentur
2826 2744 2947 2801 qua:
2976 2730 3160 2785 sedula
3199 2745 3329 2784 cura

1766 2827 2173 2880 exstruxerant,
2206 2834 2384 2888 neque
2418 2821 2485 2875 de
2513 2821 2658 2874 arvis
2681 2820 2794 2874 suis
2821 2821 3058 2875 fructum
3086 2835 3326 2890 carpent.

1767 2910 2035 2976 Quoniam
2093 2910 2243 2964 adest
2275 2926 2552 2982 propeque
2585 2918 2667 2966 est
2698 2911 2790 2965 Dei
2820 2910 2961 2975 dies,
2988 2928 3100 2982 quo
3131 2922 3327 2965 cuncta

1766 3001 2014 3055 evenient
2040 3016 2159 3070 qua:
2186 3000 2255 3054 de
2291 3002 2401 3055 illis
2428 3001 2668 3055 decrevit
2689 2998 2851 3055 Deus.
2888 3020 2905 3050 ε
2943 3000 3057 3053 Vox
3087 3000 3191 3054 diei
3226 3001 3329 3053 Do-

1768 3092 1897 3144 mini
1931 3107 2114 3145 amara
2129 3101 2184 3146 et
2209 3092 2345 3146 dura
2379 3092 2553 3161 posita
2577 3100 2679 3146 est.
2715 3112 2731 3143 ι
2756 3090 3073 3145 Prazdicitur
3121 3104 3331 3159 tempus

1767 3181 1935 3235 divini
1968 3181 2191 3247 decreti,
2224 3181 2587 3236 amaritudine
2618 3184 2785 3234 multa
2808 3192 2862 3234 et
2896 3181 3189 3249 asperitate
3216 3184 3329 3252 ple-

1770 3288 1915 3327 num.
1956 3291 1975 3325 ι
2012 3273 2211 3330 Potens
2268 3275 2385 3329 dies
2445 3275 2556 3329 iraa.
2590 3293 2609 3325 ι
2649 3272 2869 3329 V'alidus
2896 3272 3183 3328 admodum
3226 3274 3329 3329 diei

1768 3365 1913 3420 illius
1946 3364 2115 3420 furor.
2146 3385 2163 3417 ι
2199 3366 2322 3421 Dies
2356 3366 2469 3431 illa,
2501 3365 2619 3421 dies
2660 3366 3032 3421 tribulationis
3059 3374 3113 3420 ct
3162 3381 3333 3436 angu~

1770 3457 1906 3522 stiae,
1941 3457 2058 3512 dies
2086 3457 2584 3527 intempestivitatis
2627 3465 2679 3511 et
2719 3458 2893 3521 exitii,
2924 3455 3039 3511 dies
3077 3458 3331 3511 tenebra-

1775 3564 1889 3600 rum
1924 3555 1976 3601 et
2003 3549 2276 3618 caliginis,
2306 3548 2423 3603 dies
2446 3549 2654 3603 nebula:
2687 3559 2739 3605 et
2765 3548 3019 3613 turbinis,
3044 3548 3161 3603 dies
3191 3548 3333 3603 tubae

1766 3650 1821 3695 et
1856 3641 2109 3695 clamoris
2155 3657 2319 3712 super
2356 3642 2518 3697 urbes
2552 3643 2792 3697 munitas
2822 3650 2875 3695 ct
2913 3657 3077 3711 super
3107 3644 3333 3712 angulos

1767 3731 2031 3785 excelsos.
2064 3750 2083 3781 ι

96 3818 297 3891 πολλῆς
326 3821 555 3892 πικρίας
583 3838 641 3874 τε
670 3822 761 3874 καὶ
788 3822 1118 3893 τραχύτητος
1144 3823 1346 3892 γέμων.
1387 3841 1405 3873 ι
1434 3823 1644 3891 Δυνατὴ
1670 3821 1851 3891 ἡμέρα
1881 3820 2069 3891 ὀργῆς.
2104 3839 2121 3870 ι
2144 3818 2381 3889 ’ἰσχυρὸς
2416 3820 2553 3887 ἄγαν
2591 3822 2688 3890 τῆς
2713 3822 2925 3892 ἡμέρας
2951 3823 3161 3890 ἐκείνης
3184 3824 3213 3873 ὁ
3239 3823 3332 3875 θυ-

89 3910 214 3979 μός.
236 3930 258 3961 ι
283 3912 351 3963 Ἠ
385 3912 563 3983 ἡμέρα
589 3912 789 3983 ἐκείνη,
812 3914 991 3984 ἡμέρα
1025 3913 1251 3982 θλίψεως
1277 3915 1368 3966 καὶ
1398 3912 1661 3982 ἀνάγκης,
1695 3914 1877 3983 ἡμέρα
1909 3912 2115 3983 ἀωρίας
2147 3912 2240 3963 καὶ
2269 3911 2596 3995 ἀφανισμοῦ,
2627 3911 2809 3983 ἡμέρα
2839 3912 3058 3973 σκότους
3084 3913 3178 3963 καὶ
3208 3914 3333 3979 γνό-

88 4019 215 4069 (pou,
247 4001 444 4072 ἡμέρα
472 4003 698 4072 νεφέλης
718 4003 811 4055 καὶ
844 4001 1091 4074 ὁμίχλης,
1122 4004 1302 4074 ἡμέρα
1325 4001 1622 4071 σάλπιγγος
1648 4002 1740 4054 καὶ
1768 3999 2013 4073 κραυγῆς
2035 4001 2110 4070 (p.
2141 3997 2268 4068 591)
2304 3998 2397 4050 ἐπὶ
2422 3998 2520 4061 τὰς
2551 4000 2730 4062 πόλεις
2754 4001 2851 4063 τὰς
2874 4002 3094 4072 όχυράς,
3120 4004 3212 4054 καὶ
3243 4004 3336 4058 ἐπὶ

86 4092 187 4152 τάξ
221 4092 438 4159 γωνίας
465 4092 560 4155 τὰς
596 4092 822 4163 ὑψηλάς.
864 4112 882 4145 ι

156 4183 317 4253 Στίχ.
358 4182 449 4248 ιζ’,
483 4190 571 4254 ιη’.
602 4214 673 4224 -—
699 4184 832 4236 Τότε
864 4184 971 4255 γὰρ
1018 4184 1227 4255 ἀνάγκη
1268 4201 1324 4237 τε
1370 4184 1461 4237 καὶ
1494 4182 1670 4254 θλίψις

85 4274 243 4329 ἔσται
279 4274 460 4345 πολλὴ
480 4315 493 4337 ,
530 4276 622 4327 καὶ
670 4274 884 4330 θάνατοι
913 4276 1082 4347 ἄωροι
1108 4276 1215 4330 τῶν
1258 4279 1314 4329 ἐν
1340 4276 1507 4346 νηπία
1534 4292 1669 4344 σφα-

82 4362 346 4431 ζομένων
379 4364 446 4431 τῇ
472 4361 687 4433 ἡλικίᾳ·
736 4364 1038 4434 ἀφανισμός
1059 4382 1119 4417 τε
1146 4364 1446 4439 ἀνθρώπων
1471 4365 1635 4428 πολὺς
1654 4406 1669 4427 ,

82 4453 160 4515 ὡς
202 4451 471 4505 ἐντεῦθεν
525 4454 767 4516 ἅπαντας
818 4454 996 4507 δοκεῖν
1045 4454 1242 4525 σκότῳ,
1268 4456 1448 4525 γνόφῳ
1497 4458 1532 4527 ἦ
1565 4473 1670 4509 τινι

1839 4180 2003 4236 Vens.
2039 4180 2222 4233 17-18.
2252 4211 2321 4220 -
2350 4176 2506 4232 Tunc
2535 4178 2678 4232 enim
2729 4181 2994 4247 angustiae
3032 4191 3191 4233 erunt
3216 4222 3230 4241 ,
3282 4191 3334 4235 et

1768 4271 2045 4327 tribulatio
2068 4271 2260 4334 multa,
2294 4276 2347 4323 et
2374 4269 2682 4322 immaturae
2717 4278 2920 4324 mortes
2943 4272 2995 4322 in
3033 4280 3212 4324 tenera
3243 4288 3333 4325 oc-

1767 4364 2006 4418 cisorum
2027 4370 2203 4423 aetate,
2222 4358 2398 4414 caedes
2426 4360 2706 4412 hominum
2735 4361 2926 4424 multa,
2962 4361 3034 4413 ita
3067 4370 3121 4414 ut
3140 4362 3336 4418 abhinc

1768 4454 2052 4508 videantur
2082 4466 2269 4505 omnes
2300 4449 2562 4511 tenebris,
2602 4449 2854 4519 caligine,
2886 4462 2939 4504 et
2969 4451 3166 4506 nebula
3202 4468 3337 4522 qua-

78 4539 294 4612 νεφέλῃ
350 4540 743 4610 περικεχύσθαι
793 4544 885 4597 καὶ
922 4542 1155 4616 ὁμίχλῃ*
1194 4545 1227 4614 ἦ
1262 4563 1319 4597 τε
1361 4546 1468 4616 γὰρ
1516 4546 1668 4598 πολε-

1771 4546 1894 4599 dam
1926 4558 1989 4596 ac
2018 4542 2236 4595 turbine
2268 4539 2661 4597 circumfundi.
2691 4538 2825 4596 Nam
2875 4551 2929 4595 et
2962 4542 3151 4597 bellica
3183 4544 3335 4610 tuba,

82 4634 224 4701 μικὴ
260 4630 539 4699 σάλπιγξ,
584 4635 675 4686 καί⁵
711 4636 743 4705 ἡ
794 4636 929 4705 μετὰ
954 4636 1157 4706 ταύτης
1190 4637 1340 4709 φωνὴ
1371 4638 1478 4689 τῶν
1514 4638 1671 4691 πολε-

81 4723 227 4791 μίων
254 4723 525 4794 μέγιστον
547 4725 740 4795 ὴχήσει
763 4726 1209 4797 προσημαίνουσα
1226 4728 1334 4781 τῶν
1358 4746 1414 4782 τε
1440 4730 1672 4801 ἰσχυρῶν

78 4817 303 4870 πόλεων
360 4816 458 4868 καὶ
498 4816 608 4868 τῶν
655 4817 924 4886 μεγίστων
976 4818 1161 4871 οίκιῶν
1200 4819 1298 4891 τὴν
1332 4820 1668 4893 καθαίρεσιν.

77 4925 99 4959 ι
138 4908 265 4961 Καὶ
314 4906 565 4975 erotica
604 4907 731 4969 τοὺς
761 4906 1115 4978 ἀνθρώπους,
1160 4910 1263 4963 καὶ
1318 4911 1671 4982 πορεύσονται

69 4999 150 5061 ὡς
177 4996 422 5066 τυφλοὶ,
452 4998 536 5049 ὅτι
583 4996 660 5066 τῷ
697 4996 885 5069 Κυρίῳ
924 4998 1258 5069 ἐξήμαρτον*
1291 5002 1378 5053 καὶ
1411 5002 1583 5071 ἐκχεῶ
1612 5001 1672 5055 τὸ

68 5085 219 5162 αἷμα
276 5088 472 5144 αὐτῶν
516 5088 592 5149 ὡς
650 5087 808 5157 χοῦν,
848 5089 941 5141 καὶ
987 5089 1087 5153 τὰς
1137 5091 1343 5163 σάρκας
1383 5093 1561 5145 αὐτῶν
1600 5092 1674 5157 ὡς

70 5183 345 5253 βόλϐιτα.
399 5199 417 5232 ι
451 5181 531 5251 Τῇ
567 5180 665 5251 μὲν
692 5180 801 5251 γὰρ
845 5180 1119 5252 ὑπερϐολῇ
1149 5181 1249 5251 τῆς
1289 5183 1518 5252 θλίψεως
1542 5184 1673 5236 διοί-

66 5290 235 5329 σουσι
283 5271 516 5339 τυφλῶν
560 5271 740 5325 ούδένσ
788 5270 906 5324 ούδέ
950 5271 1018 5325 τὰ
1065 5272 1170 5344 πρὸ
1207 5272 1382 5326 ποδῶν
1412 5276 1543 5347 όρᾷν
1574 5270 1674 5329 οἷοί

64 5384 126 5418 τε
184 5367 408 5427 6ντες⁸
460 5364 737 5417 πείσονται
789 5363 847 5416 δὲ
881 5363 1091 5417 ἅπαντα
1146 5366 1423 5435 συντόμως
1468 5368 1671 5430 εἰπεῖν,

68 5455 364 5526 ἐπειδὴπε
374 5471 407 5524 ρ
429 5454 569 5521 ἄγαν
589 5451 862 5521 ἠσέϐησαν
891 5454 965 5516 εἰς
998 5452 1129 5505 Θεόν
1146 5468 1162 5484 ο
1184 5453 1323 5523 ὑπὲρ
1348 5446 1421 5505 ὧν
1448 5454 1675 5523 αἵματός

63 5565 129 5602 τε
162 5549 417 5617 ἔκχυσις
465 5544 541 5608 ὡς
591 5545 655 5596 ἐκ
703 5542 897 5596 πολλοῦ
933 5545 1220 5613 γενήσεται
1272 5544 1461 5611 φόνου·
1518 5544 1675 5597 αἵτε

64 5640 183 5695 τῶν
228 5634 710 5706 ἀποθνησκόντων
760 5634 960 5703 σάρκες
993 5633 1214 5702 ἀτάφων
1256 5634 1520 5705 μενόντων
1569 5634 1677 5685 τῶν

69 5726 538 5802 ἀναιρουμένων,
568 5724 699 5778 ὡσεὶ
745 5724 943 5795 κόπρος
976 5740 1061 5786 τις
1107 5726 1244 5779 κατά
1278 5726 1473 5790 παντὸς
1516 5726 1679 5799 ῥιφή-

431 5816 703 5876 Ρλτιιοι.
736 5815 850 5873 Gn.
896 5814 1091 5874 LXVI.

1769 4644 1823 4692 et
1843 4637 1983 4691 hanc
2016 4636 2343 4690 subsecutus
2377 4633 2615 4688 hostium
2641 4633 2851 4686 clamor
2890 4633 3155 4689 altissime
3186 4652 3335 4692 resoo

1741 4711 1945 4789 'nabit,
2000 4726 2334 4780 munitarum
2375 4724 2589 4778 urbium
2634 4740 2697 4777 ac
2738 4725 3062 4793 palatiorum
3114 4729 3337 4783 exitium

1772 4818 2123 4888 portendens.
2157 4838 2176 4869 ι
2211 4818 2277 4872 Et
2303 4816 2576 4871 tribulabo
2610 4816 2881 4871 homines.
2903 4825 2956 4871 et
2984 4818 3339 4874 ambulabunt

1771 4920 1831 4965 ut
1860 4910 2008 4964 caeci.
2030 4914 2156 4978 quia
2176 4907 2403 4963 Domino
2421 4916 2779 4977 peccaverunt
2814 4924 2824 4959 :
2848 4906 3189 4963 etel‘fundam
3213 4926 3340 4965 san-

1774 5003 1990 5072 guinem
2042 5016 2233 5053 eorum
2292 5000 2434 5053 sicut
2485 4999 2784 5067 pulverem,
2828 5010 2880 5051 et
2922 5015 3116 5055 carnes
3150 5019 3337 5056 eorum

1774 5096 1917 5148 sicut
1942 5100 2192 5147 Stercora
2224 5091 2409 5144 boum.
2452 5110 2470 5139 ι
2506 5089 2900 5143 Tribulationis
2948 5108 3198 5151 excessu.
3232 5109 3337 5145 non

1774 5191 1932 5241 erunt
1987 5183 2147 5237 caecis
2209 5166 2525 5241 dissimiles,
2576 5195 2643 5233 ne
2684 5180 2773 5231 illa
2804 5180 3023 5248 quidem
3072 5191 3341 5239 quamne

1776 5275 1940 5345 pedes
1967 5280 2097 5328 sunt
2150 5273 2336 5326 videre
2364 5272 2624 5325 valentes.
2662 5271 2860 5339 Atque,
2922 5280 2979 5323 ut
3023 5273 3335 5325 summatim

1775 5366 1974 5431 dicam,
2010 5364 2145 5419 nihil
2178 5379 2285 5417 non
2318 5360 2476 5433 257
2518 5362 2813 5432 patientur,
2856 5362 2984 5432 quia
3017 5366 3257 5433 graviter
3287 5367 3340 5416 in

1776 5456 1941 5511 Deum
1972 5464 2353 5525 peccaverunt.
2374 5454 2447 5506 Ea
2477 5462 2698 5523 propter
2725 5461 2780 5508 et
2812 5453 3096 5523 sanguinis
3122 5452 3343 5511 effusio.

1776 5557 2031 5617 tanquam
2081 5548 2264 5600 multa:
2294 5546 2592 5600 occisionis
2629 5545 2752 5609 erit,
2792 5553 2846 5600 et
2876 5546 3185 5599 occisorum
3219 5560 3335 5600 car-

1777 5655 1895 5703 nes,
1960 5637 2247 5707 insepultis
2309 5637 2540 5690 mortuis
2590 5636 2959 5701 manentibus,
2992 5636 3149 5704 quasi
3190 5638 3347 5691 fimus

1779 5732 1997 5799 quidam
2028 5728 2175 5783 omni
2213 5728 2329 5783 loco
2368 5726 2741 5796 jactabuntur.
2782 5746 2799 5777 ι
2838 5725 2901 5779 Et
2936 5738 3218 5795 argentum
3253 5746 3341 5783 au-

2967 5818 3037 5875 15
