3934 6540
640 320 743 373 659

640 524 876 587 Domini,
899 531 951 576 et
974 523 1094 593 igne
1112 524 1208 575 zeli
1234 522 1353 591 ejus
1374 526 1999 621 consumetur’gniversa
2023 537 2165 581 terra
2192 546 2204 581 :

639 618 767 684 quia
790 615 1313 669 consummationem
1337 623 1391 670 et
1419 607 1823 671 festinationem
1855 616 2015 672 faciet
2046 634 2209 687 super

638 721 827 760 omnes
873 712 1032 758 terrae
1093 704 1450 760 habitatores.
1488 725 1507 756 ι
1540 703 1682 758 Nihil
1726 706 1864 776 ipsis
1912 707 2209 777 proderunt

637 796 837 849 divitia:
852 795 1206 864 quasinjuste
1221 804 1704 861 coacervaverunt,
1728 798 1851 865 quia
1887 798 1999 851 hiec
2029 800 2208 853 omnia

635 895 877 956 tempore
930 886 1024 939 illo
1075 885 1271 940 divinae
1297 884 1491 939 cedent
1540 884 1653 946 iraa,
1695 900 1816 953 quae
1858 887 2001 955 ignis
2035 888 2208 940 instar

638 980 948 1034 universam
983 986 1269 1033 consumet
1300 986 1499 1031 terram
1521 1016 1535 1041 ,
1569 986 1798 1031 cunctos
1829 985 2005 1030 autem
2056 978 2206 1029 habi-

636 1079 839 1125 tatores
878 1070 997 1139 ejus
1048 1069 1212 1122 multa
1264 1083 1384 1121 cum
1424 1067 1769 1122 festinatione
1810 1068 2204 1135 pessumdabit.

634 1161 839 1215 Deinde
872 1167 994 1229 post
1038 1160 1301 1213 malorum
1355 1158 1783 1226 prazdictionem,
1818 1158 1872 1210 in
1904 1174 2053 1227 spem
2088 1159 2208 1211 illos

637 1271 734 1323 pro
765 1268 915 1309 more
943 1267 1043 1307 suo
1070 1250 1330 1321 pr0pheta
1356 1251 1591 1317 erigens,
1618 1249 1793 1319 pergit
1820 1250 2031 1303 dicere:

1828 325 2173 377 ἰιιιιυυυιιι
2213 326 2690 378 ιιυιιδυειδίἰινι

641 447 871 501 rumque
900 446 1086 485 eorum
1148 446 1250 483 non
1289 432 1483 499 poterit
1516 432 1746 487 liberare
1773 448 1869 489 eos
1899 435 1954 488 in
1987 435 2076 490 die
2114 436 2207 490 irae

2311 453 2458 489 σεται
2522 438 2704 490 τόπου.
2757 448 2777 483 ι
2828 438 2937 491 Καὶ
2992 437 3052 490 τὸ
3098 412 3355 508 ἀργύριον
3397 445 3482 497 καί
3524 450 3577 503 τδ

3703 358 3774 407 ιιυ

3620 468 3774 530 χρυσίον

2306 527 2482 630 cui"
2516 528 2592 630 ,ιδ
2645 528 2720 630 μὴ
2775 529 2973 630 ita???
3026 529 3299 630 ἑξείέῖίξει
3347 534 3521 603 αδτοδς
3558 545 3607 599 εν
3649 527 3773 630 ina;

2304 617 2472 687 ὀργῆς
2516 617 2718 689 κυρίου
2744 656 2759 681 ,
2787 619 2880 671 καὶ
2908 620 2968 672 ὲν
3012 621 3144 689 πυρὶ
3178 620 3339 690 ζήλου
3367 626 3514 681 αὐτοῦ
3535 617 3773 699 utea-alb;

2308 706 2529 777 θήσεται
2569 708 2717 760 πᾶσα
2766 708 2800 777 ή
2841 708 2913 778 γῆ
2936 725 2948 738 ·
2995 708 3129 760 διότι
3163 710 3461 766 συντέλειαν
3508 722 3587 773 καὶ
3612 734 3775 786 σπουδὴν

2306 800 2519 870 ποιήσει
2551 800 2643 853 ἐπὶ
2683 800 2889 863 πάντας
2937 802 3062 863 τοὺς
3116 803 3491 871 κατοικοῦντας
3522 812 3602 883 τὴν
3643 781 3771 889 γῆν]³

2312 888 2534 955 Ὅνησις
2581 890 2762 952 αὐτοῖς
2806 890 3030 959 οὐδεμία
3080 890 3172 942 τοῦ
3215 892 3437 947 πλούτου
3483 888 3713 972 γενήσεται
3739 916 3775 966 ὃν

2309 984 2609 1050 συνήγαγον
2657 984 2886 1047 ἀδίκως,
2946 984 3034 1054 (p.
3080 985 3216 1053 592)
3267 988 3449 1060 ἐπειδὴ
3483 995 3629 1049 ταῦτα
3660 1006 3777 1061 πάντα

2307 1072 2445 1123 κατά
2478 1072 2567 1123 τὸν
2617 1074 2805 1143 καιρὸν
2853 1077 3057 1128 ἐκεῖνον
3107 1077 3333 1148 δεύτερα
3382 1080 3475 1150 τῆς
3509 1085 3648 1157 ὀργῆς
3678 1093 3777 1149 ἐστι,

2305 1162 2403 1229 τῆς
2451 1163 2633 1229 θείας,
2687 1164 2721 1234 ἢ
2759 1167 2931 1237 πυρὸς
2959 1168 3115 1237 δίκην
3157 1172 3335 1224 πᾶσαν
3368 1172 3459 1241 μὲν
3494 1184 3778 1240 καταναλώσῃ

2307 1254 2405 1321 τὴν
2438 1256 2568 1323 γῆν,
2606 1256 2820 1320 πάντας
2862 1258 2919 1312 δὲ
2976 1262 3101 1322 τοὺς
3143 1261 3477 1328 ἐνοικοῦντας
3514 1268 3654 1340 αὐτὴν
3693 1278 3779 1343 μετὰ

636 1341 826 1395 πολλοῦ
852 1357 915 1408 γε
942 1339 1192 1392 ἀπολέσει
1217 1338 1309 1390 τοῦ
1338 1340 1554 1407 τάχους.
1590 1333 1721 1391 Εἶτα
1763 1340 1897 1407 μετά
1929 1339 2026 1409 τὴν
2065 1343 2292 1409 μήνυσιν
2326 1343 2431 1393 τῶν
2466 1342 2681 1407 κακῶν,
2718 1345 3001 1410 εὐέλπιδας
3027 1349 3222 1411 αὐτοὺς
3254 1349 3431 1413 καθὼς
3458 1333 3629 1408 εἴωθεν.
3654 1333 3778 1431 tm.

636 1438 809 1504 φήτης
839 1432 1024 1497 ποιῶν,
1054 1431 1243 1498 ἐπάγει
1272 1462 1273 1465 η

1296 1519 1448 1575 CAP.
1480 1520 1542 1573 ll.

707 1614 1008 1668 γεκαὶ-’5.
1042 1642 1107 1652 —-
1156 1631 1172 1662 ι
1202 1610 1644 1681 Congregamini,
1697 1611 1970 1679 simulque
2028 1621 2205 1671 orate.

631 1722 765 1778 gens
791 1705 1087 1767 inerudita,
1120 1713 1412 1773 antequam
1462 1703 1606 1757 fiatis
1641 1710 1695 1756 ut
1724 1702 1821 1756 llos
1840 1704 2208 1771 pertransiens

632 1796 882 1860 diurnus,
940 1801 1230 1861 antequam
1278 1791 1457 1844 veniat
1497 1806 1663 1859 super
1721 1806 1816 1845 vos
1859 1792 1935 1843 ira
2005 1790 2210 1845 furoris

2951 1530 3107 1584 ΚΕΦ.
3152 1531 3224 1581 Β¹.

2377 1619 2520 1688 Στίχ,
2556 1618 2700 1684 σι’-γ’.
2750 1648 2819 1659 —
2865 1638 2883 1671 ι
2918 1620 3225 1693 Συνάχθητε
3290 1622 3382 1675 καὶ
3436 1625 3783 1701 συνδεήθητε,τὸ

2308 1705 2456 1768 ἔθνος
2478 1707 2537 1759 τὸ
2559 1707 2877 1761 ἀπαίδευτον
2902 1709 3007 1779 πρὸ
3032 1709 3125 1763 τοῦ
3154 1709 3405 1778 γενέσθαι
3437 1713 3569 1783 ὑμᾶς
3589 1715 3650 1778 ὡς
3680 1720 3783 1783 ἄνθος

2310 1798 2832 1868 παραπορευόμενον
2857 1799 3089 1869 ἡμέρας,
3116 1801 3220 1871 πρὸ
3241 1801 3333 1854 τοῦ
3358 1802 3587 1857 ἐπελθεῖν
3608 1808 3672 1874 ἐφ’
3692 1809 3785 1878 ὑμᾶς

632 1881 865 1936 Domini.
910 1899 927 1931 ι
973 1879 1167 1949 Agesis
1198 1879 1363 1943 enim,
1394 1891 1585 1931 omnes
1615 1875 1709 1945 qui
1744 1876 2013 1930 hactenus
2046 1878 2204 1931 ollicii

2311 1890 2475 1959 ὀργὴν
2509 1888 2680 1959 θυμοῦ
2716 1891 3004 1961 Κυρίου.ξ›
3057 1892 3215 1945 Ἀλλά
3244 1894 3351 1964 γὰρ
3390 1894 3605 1961 ἅπαντες
3628 1875 3783 1969 ὐμεῖςιί

634 1971 798 2026 vestri
822 1969 1170 2039 disciplinam
1194 1982 1302 2020 non
1344 1965 1671 2035 excepistis,
1709 1980 1855 2018 nunc
1881 1968 2206 2035 congregati

632 2075 947 2118 communes
970 2059 1077 2114 Deo
1101 2074 1290 2129 preces
1312 2058 1574 2121 extollite,
1606 2074 1675 2111 ne
1705 2058 1843 2111 forte
1867 2056 2016 2111 ﬂoris
2036 2058 2209 2110 instar

631 2161 853 2223 repente
874 2151 1283 2208 marcescentis.
1307 2165 1620 2221 supremum
1646 2150 1871 2203 exitium
1904 2151 2204 2219 patiamini,

642 2254 752 2295 tota
783 2242 837 2295 in
863 2255 961 2293 vos
994 2239 1235 2293 irruente
1252 2238 1435 2291 divina
1468 2237 1566 2290 ira.
1594 2256 1610 2287 ι
1639 2237 1875 2303 Quarrite
1898 2238 2207 2303 Dominum,

631 2334 813 2388 cuncti
842 2333 1078 2387 humiles
1121 2343 1296 2385 terrze.
1335 2349 1353 2382 ι
1388 2327 1498 2384 Vos
1520 2330 1615 2398 qui
1657 2345 1768 2399 pra:
1807 2329 2017 2383 caeteris
2054 2338 2210 2382 terra:

632 2427 868 2489 incolis,
929 2412 1337 2479 calamitatibus
1393 2422 1615 2495 inflictis
1667 2422 1934 2476 humiliati
2002 2422 2204 2487 fuistis,

632 2529 779 2567 nunc
806 2520 1087 2581 resumpto
1109 2526 1249 2565 vera:
1281 2510 1501 2581 pietatis
1529 2509 1734 2575 studio,
1773 2510 2208 2563 misericordiam

633 2606 920 2676 implorate
954 2604 1214 2658 divinam.
1259 2621 1276 2652 ι
1313 2600 1583 2656 Judicium
1633 2602 1932 2670 Operamini
1965 2610 2017 2655 et
2045 2601 2212 2669 justi-

631 2699 763 2752 tiam
814 2698 1061 2767 quaerite.
1095 2715 1114 2748 ι
1160 2693 1314 2751 Nunc
1342 2693 1472 2748 facti
1509 2694 1643 2762 justi
1676 2694 1871 2748 debita:
1904 2693 2208 2748 honestatis

629 2789 865 2858 iudices,
907 2788 1395 2855 discernentesque
1423 2800 1452 2837 a
1479 2784 1755 2838 deteriore
1785 2784 2007 2846 melius,
2044 2784 2210 2853 justi-

634 2878 718 2931 tiae
731 2876 854 2930 date
871 2889 1113 2944 operam.
1140 2872 1403 2938 iQuazrite
1420 2870 1895 2925 mansuetudinem
1913 2880 1967 2924 et
1988 2886 2214 2941 respon—

632 2963 755 3018 dete
783 2976 869 3028 ea,
888 2959 1321 3030 utprotegamini
1354 2959 1407 3010 in
1439 2957 1526 3012 die
1558 2958 1650 3011 iraa
1668 2956 1935 3011 Domini»
1957 2956 2211 3012 Mansue-

2314 1977 2473 2047 μέχρι
2517 1977 2609 2029 τοῦ
2634 1977 2791 2047 δεῦρο
2835 1978 2931 2048 τὴν
2962 1978 3069 2033 τῶν
3098 1981 3478 2050 προσηκόντων
3506 1984 3561 2036 οὐ
3586 1985 3785 2057 δεξάμενοι

2311 2067 2580 2132 παιδείαν,
2623 2068 2717 2121 νῦν
2750 2069 2879 2137 γοῦν
2926 2072 3265 2133 συνελθόντες
3285 2115 3300 2136 ,
3326 2074 3504 2137 κοινὰς
3533 2077 3617 2139 τάς
3640 2078 3785 2148 δεήσεις

2310 2160 2384 2228 τῷ
2409 2160 2527 2229 Θεῷ
2557 2160 2933 2232 προσαγάγετε
2952 2204 2967 2227 ,
3000 2162 3074 2226 ὡς
3099 2163 3164 2216 ἂν
3188 2170 3260 2241 μὴ
3291 2163 3446 2233 δίκην
3468 2166 3635 2231 ἄνθους
3658 2170 3787 2240 ἁθςόσν

2311 2246 2697 2313 ἀφανισθέντος
2752 2249 2993 2319 παντελῆ
3055 2249 3151 2320 τὴν
3198 2250 3470 2304 ἀπώλειαν
3512 2255 3786 2327 ὑπομείνητε,

2310 2336 2585 2401 όλοτελοῦς
2624 2340 2708 2408 ἐφ’
2738 2340 2880 2409 ὑμᾶς
2927 2334 3238 2411 ἐνεχθείσης
3266 2342 3367 2411 τῆς
3396 2344 3554 2414 ὀργῆς
3575 2346 3659 2416 τῆς
3673 2349 3788 2405 ﬂatu.

2318 2448 2335 2478 ί
2370 2430 2644 2498 Ζητήσατε
2678 2429 2766 2482 τὸν
2797 2430 3022 2502 Κύριον,
3059 2432 3260 2495 πάντες
3288 2438 3530 2487 ταπεινοὶ
3558 2437 3658 2506 γῆς.
3684 2458 3698 2490 ι
3722 2441 3789 2492 Καὶ

2311 2520 2358 2570 oi
2390 2518 2540 2587 παρὰ
2576 2519 2781 2581 πάντας
2804 2521 2929 2581 τοὺς
2956 2521 3053 2591 τὴν
3088 2521 3192 2590 γῆν
3225 2522 3508 2586 οἰκοῦντας
3536 2528 3639 2588 ταῖς
3666 2527 3791 2579 itare.

2313 2610 2553 2679 χθείσαις
2588 2611 2713 2680 ὐμῖν
2762 2616 3064 2683 συμφοραῖς
3099 2616 3578 2684 τεταπεινωμένοι,
3604 2619 3791 2688 ἐπιμελη-

2314 2696 2499 2758 θέντες
2527 2697 2625 2765 τῆς
2667 2697 2967 2763 εὐσεϐείας,
2995 2700 3085 2752 τὸν
3118 2700 3265 2754 ἔλεον
3318 2702 3568 2772 αἰτήσατε
3594 2703 3667 2755 τὸν
3683 2706 3788 2757 θεῖον.

2319 2804 2337 2835 ‹
2378 2788 2562 2856 Κρῖμα
2610 2787 2917 2857 ἑργάσασθε
2970 2788 3063 2841 καὶ
3120 2790 3394 2861 ζητήσατε
3446 2792 3790 2862 δικαιοσύνην.»

2314 2877 2425 2930 Νῦν
2446 2878 2606 2948 ’ὀρθοὶ
2636 2878 2729 2931 τοῦ
2778 2880 3145 2951 προσήκοντος
3195 2883 3477 2953 γενόμενοι
3510 2884 3692 2953 κριταί,
3734 2884 3791 2935 καὶ

2313 2968 2677 3038 διακρίνοντες
2702 2969 2766 3022 ἐκ
2800 2970 2892 3023 τοῦ
2915 2971 3157 3043 χείρονος
3182 2972 3243 3025 τὸ
3264 2976 3511 3043 κρεῖττον
3535 2974 3794 3041 ἐπιμελεῖσθε

631 3053 874 3108 tudinem
894 3053 1077 3121 eligite
1096 3058 1149 3104 et
1172 3049 1510 3120 patientiam,
1542 3064 1701 3103 secus
1731 3064 1796 3103 ac
1816 3049 1944 3103 olim
2000 3048 2209 3117 iniusta:

2311 3049 2399 3102 τοῦ
2413 3050 2641 3106 δικαίου.
2661 3056 2735 3122 (p.
2758 3054 2887 3125 595)
2908 3073 2925 3105 ι
2950 3057 3226 3126 Ζητήσατε
3250 3056 3620 3125 πραότητακαὶ
3640 3056 3793 3123 ἀποκρί-

632 3156 932 3212 pauperum
962 3139 1301 3209 oppressioni
1332 3153 1553 3208 Operam
1586 3137 1850 3194 dedistis:
1881 3137 2048 3208 258
2080 3139 2209 3208 quin

2311 3140 2461 3193 νεσθε
2496 3141 2654 3207 αὐτὰ,
2689 3143 2835 3206 ὅπως
2873 3145 3214 3213 σκεπασθῆτε
3261 3147 3318 3197 ὲν
3362 3146 3539 3217 ἡμέρᾳ
3561 3147 3703 3215 ὀργῆς
3726 3146 3797 3196 Κν-

633 3236 770 3288 adeo
800 3230 1316 3303 spondete,morum
1341 3230 1534 3283 horum
1557 3229 1671 3283 fore
1708 3246 1807 3283 vos
1838 3231 2132 3284 studiosos:
2157 3229 2207 3283 id

2315 3232 2450 3301 ρίου.
2484 3252 2502 3283 ι
2550 3234 2882 3288 Ἐπιείκειαν
2916 3236 3099 3289 ἕλεσθε
3135 3237 3226 3288 καὶ
3263 3235 3622 3301 ἀνεξικακίαν,
3644 3234 3731 3287 ἀνθ’
3755 3230 3796 3303 ἧς

635 3327 779 3378 cnim
797 3323 1134 3388 valetdictio,
1146 3342 1164 3374 ι
1179 3323 1587 3393 Respondeteea
1602 3340 1616 3389 ;
1629 3330 1965 3391 iuttempore
1988 3322 2209 3391 punitio-

2311 3324 2572 3394 πρότερον
2601 3326 2741 3378 κατὰ
2758 3327 2865 3378 τῶν
2896 3328 3233 3397 πενεστέρων
3260 3327 3606 3397 ὲπετηδεύετε
3637 3325 3798 3387 ἀδικίας,

636 3415 724 3467 nis
746 3409 1162 3485 consequamini
1198 3408 1432 3477 aliquam
1449 3422 1477 3460 a
1498 3407 1604 3461 Deo
1618 3423 1793 3476 opem.
1817 3409 2006 3464 Postea
2028 3413 2209 3465 recita!

2312 3417 2404 3469 καὶ
2434 3416 2497 3487 δὴ
2522 3417 2777 3470 σύνθεσθε
2809 3436 2873 3470 πε
2884 3420 2935 3488 ρ).
2946 3418 3043 3490 τὴν
3057 3419 3262 3472 τούτων
3279 3420 3429 3489 ἔχειν
3452 3420 3661 3486 σπουδήν
3677 3416 3799 3469 ’τοῦτο

636 3503 949 3558 inferendas
976 3500 1299 3570 alienigenis
1325 3499 1732 3569 castigationes,
1756 3508 1976 3569 propter
1996 3502 2209 3557 illorum

2311 3507 2419 3578 γὰρ
2447 3508 2593 3575 λέγει
2613 3508 2691 3572 τὸ,
2725 3528 2743 3559 ι
2775 3510 2883 3561 Καὶ
2907 3510 3269 3580 ἁποκρίνεσθε
3293 3511 3457 3570 αὐτὰ.
3486 3530 3503 3562 ι
3528 3511 3595 3573 ὡς
3620 3510 3673 3562 ἂν
3690 3523 3800 3577 προα-

637 3598 897 3650 adversus
948 3592 1224 3648 lsraelitas
1286 3592 1649 3660 iniquitatem,
1711 3600 1771 3643 ut
1823 3593 1902 3645 sic
1954 3595 2209 3661 majorem

2311 3599 2518 3666 γένοιτθ
2543 3600 2671 3667 ὑμῖν
2704 3600 2760 3651 ὲν
2796 3599 2871 3669 τῷ
2904 3599 3081 3669 καιρῷ
3110 3600 3209 3669 τῆς
3240 3602 3514 3671 τιμωρίας
3539 3604 3691 3670 τυχεῖν
3706 3612 3801 3658 τινος

641 3688 731 3741 Dei
762 3700 890 3758 erga
922 3685 1023 3740 hos
1048 3684 1272 3738 tutelam
1307 3683 1664 3737 demonstret.

2311 3686 2461 3754 παρὰ
2508 3686 2600 3737 τοῦ
2640 3686 2775 3739 Θεοῦ
2824 3687 3097 3756 βοηθείας.
3139 3684 3267 3741 Εἶτα
3298 3688 3448 3756 λέγει
3478 3687 3569 3749 τὰς
3593 3686 3707 3738 κατὰ
3734 3681 3800 3731 τὼ*

636 3778 928 3847 ἀλλοτρίων
972 3774 1239 3846 τιμωρίας
1301 3775 1439 3846 ὑπὲρ
1493 3772 1590 3845 τῆς
1634 3775 1714 3837 είς
1748 3775 1942 3839 αὐτοὺς
1992 3777 2204 3841 ἀδικίας
2248 3778 2545 3846 ἐπάγεσθαι
2581 3768 2875 3850 μελλούσας
2898 3783 2972 3845 ὡς
2997 3781 3063 3835 ἂν
3096 3779 3318 3852 μείζονα
3370 3781 3475 3850 τῆς
3517 3780 3633 3849 περὶ
3672 3776 3803 3832 απίς

635 3871 959 3942 κηδεμονίας
978 3870 1079 3943 ,τοῦ
1107 3870 1239 3945 Θεοῦ
1268 3870 1551 3939 ποιήσαιτο
1581 3868 1677 3939 τήν
1704 3868 1991 3935 ἀπόδειξιν.

714 3961 872 4017 Vens.
908 3963 1023 4017 4-6.
1066 3987 1123 4003 ι-
1158 3950 1187 4011 ‹“
1211 3963 1346 4028 Quia
1376 3962 1521 4017 Gaza
1553 3965 1863 4034 diripietur,
1895 3974 1948 4021 et
1979 3967 2210 4021 Ascalon

631 4058 686 4112 in
718 4056 1139 4121 desolationem,
1178 4064 1232 4110 et
1266 4057 1469 4111 Azotus
1498 4057 1725 4111 meridie
1784 4057 2125 4128 projicietur,
2162 4072 2211 4114 et

640 4152 882 4202 Accaron
914 4148 1306 4203 eradicabitur.
1344 4169 1362 4201 ι
1389 4149 1722 4219 Alienigena:
1751 4165 1966 4213 omnes,
1993 4159 2213 4220 propter

632 4256 692 4294 ca
719 4254 837 4307 quae
861 4242 1126 4292 adversus
1177 4254 1276 4294 vos
1314 4249 1561 4309 egerunt,
1614 4255 1721 4295 non
1760 4240 1981 4310 vulgare
2004 4240 2213 4309 suppli-

634 4334 779 4386 cium
840 4332 1133 4401 perferent.
1190 4330 1309 4386 Jam
1345 4352 1363 4383 ι
1395 4332 1641 4397 meridie,
1683 4352 1701 4384 ι
1748 4348 2040 4387 commune
2089 4334 2210 4387 aliis

636 4422 977 4484 vocabulum,
1004 4422 1136 4476 dicit
1161 4437 1279 4492 pro,
1312 4421 1618 4487 manifeste,
1646 4423 1719 4477 ita
1746 4433 1802 4476 ut
1833 4440 1920 4478 res
1944 4423 2211 4478 neminem

637 4514 798 4565 lateat
848 4531 861 4567 :
905 4529 1027 4566 nam
1073 4528 1193 4583 qua:
1233 4514 1300 4568 de
1346 4514 1576 4583 singulis
1620 4515 1750 4567 dicit
1794 4515 2050 4579 urbibus,
2103 4517 2215 4568 sive

638 4605 803 4661 Gaza.
843 4605 957 4659 sive
992 4605 1428 4669 Ascalone,’sive
1468 4606 1714 4675 reliquis,
1754 4607 2116 4661 communiter
2151 4607 2217 4659 de

638 4695 890 4747 t'llllllilIUS
924 4695 1077 4759 dicit,
1104 4695 1209 4750 etsi
1242 4695 1414 4750 diviso
1472 4711 1757 4761 sermone,
1797 4703 1855 4749 ut
1889 4696 2047 4751 solet.
2092 4695 2217 4748 V’ult

2379 3970 2525 4039 Στίχ.
2560 3968 2706 4034 δ’-ς¹.
2748 4002 2813 4011 -
2852 3989 2870 4022 ι
2910 3971 3055 4023 Διότι
3106 3971 3253 4035 Γάζα
3290 3971 3657 4043 διηρπασμένη
3689 3967 3803 4018 ἔσται.

2308 4062 2401 4113 καὶ
2448 4060 2723 4115 Ἀσκάλων
2771 4062 2850 4124 είς
2881 4061 3219 4132 ἀφανισμὸν,
3263 4061 3361 4115 καί¹
3404 4060 3633 4126 Ἄζωτος
3660 4070 3803 4127 μεσημ-

2308 4151 2467 4222 ϐρίας
2501 4152 2877 4222 ὲκριφήσεται,
2921 4151 3017 4204 καί⁵
3055 4149 3339 4222 Ἀκκαρὼν
3375 4148 3803 4221 ἐκριζωθήσεταω

2310 4242 2515 4305 Πάντες
2534 4241 2641 4311 γὰρ
2710 4244 2759 4295 οἱ
2813 4241 3128 4310 ἀλλόφυλοι,
3170 4242 3309 4313 ὑπὲρ
3350 4235 3431 4297 ὧν
3467 4239 3581 4294 καθ’
3608 4234 3730 4307 ὑμῶν
3748 4248 3804 4283 πο

2311 4332 2600 4401 ποιήκασι,
2650 4333 2918 4404 τιμωρίαν
2964 4333 3206 4400 δέξονται
3258 4334 3317 4385 οὐ
3357 4333 3462 4404 τὴν
3488 4329 3747 4400 τυχοῦσανο
3773 4324 3809 4373 τὲ

2311 4424 2418 4493 γὰρ
2474 4442 2492 4473 ι
2547 4423 2893 4495 μεσημϐρίας
2940 4443 2957 4475 ι
3004 4422 3144 4477 κατὰ
3194 4424 3380 4477 κοινοῦ
3438 4422 3583 4490 λέγει
3621 4412 3806 4473 animi.

2314 4515 2597 4587 προδήλως
2620 4554 2634 4577 ,
2684 4514 2759 4577 ὡς
2804 4515 3009 4585 μηθένα
3044 4516 3105 4568 τὸ
3134 4517 3423 4585 γινόμενον
3463 4514 3661 4567 λαθεῖν·
3689 4509 3715 4562 ἃ
3746 4508 3811 4572 τὰρ

2316 4610 2440 4677 περὶ
2476 4609 2712 4677 ἑκάστης
2744 4607 2890 4675 λέγει
2919 4607 3025 4660 τῶν
3070 4608 3275 4661 πόλεων
3294 4647 3309 4671 ,
3345 4606 3404 4659 εἴ
3429 4623 3490 4658 τε
3520 4602 3693 4673 Γάζης,
3722 4599 3809 4650 εί

2330 4699 2698 4763 Ἀσκάλωνος,
2753 4698 2807 4751 εἴ
2826 4715 2885 4750 τε
2921 4698 3029 4752 τῶν
3074 4698 3305 4763 λοιπῶν,
3351 4699 3499 4752 κατά
3533 4693 3693 4750 κοινοῦ
3732 4690 3815 4756 περὶ

635 4788 778 4839 enim
812 4785 991 4840 dicere
1023 4795 1251 4841 cunctas
1282 4788 1711 4857 alienigenarum
1745 4790 1912 4844 urbes
1944 4788 2209 4858 direptum

2318 4790 2506 4842 πασῶν
2547 4790 2694 4858 λέγει
2745 4790 2933 4845 διελὼν
2964 4790 3041 4860 τῷ
3086 4790 3261 4861 λόγῳ,
3295 4788 3488 4852 καθὼς
3537 4784 3697 4840 είωθε.
3729 4780 3814 4832 Βώ-

635 4881 1082 4949 destructumque
1110 4882 1199 4946 iri,
1228 4890 1283 4936 et
1317 4883 1464 4936 omni
1497 4898 1595 4937 sua
1622 4883 1953 4952 proprietate
1972 4880 2211 4951 dejectas

636 4986 953 5038 supremum
986 4971 1255 5024 excidium
1294 4987 1576 5040 passuras.
1629 4991 1647 5023 ι
1689 4971 1776 5025 Va:
1808 4972 1902 5041 qui
1952 4971 2211 5026 habitatis

634 5060 938 5114 funiculum
960 5063 1146 5125 maris,
1169 5065 1389 5117 advenae
1409 5063 1717 5119 Cretenses!
1741 5062 1975 5118 Verbum
1998 5063 2209 5116 Domini

633 5168 800 5222 super
831 5168 948 5214 vos,
971 5152 1230 5207 Chanaan
1267 5164 1409 5207 terra
1437 5155 1758 5209 alienorum.
1782 5154 1846 5208 Et
1868 5154 2091 5225 perdam
2117 5172 2210 5209 vos

631 5246 698 5297 de
719 5244 1078 5299 habitatione.
1101 5245 1164 5298 Et
1180 5246 1284 5299 erit
1301 5246 1458 5299 Creta
1487 5262 1687 5314 pascua
1713 5262 1961 5316 gregum,
1983 5255 2037 5300 et
2070 5246 2211 5299 Ovile

633 5352 914 5404 pecorum.
960 5355 977 5387 ι
1017 5334 1154 5401 Quia
1208 5338 1494 5390 maritima:
1539 5339 1702 5393 urbes
1739 5338 1843 5391 illae
1882 5346 2061 5399 erant,
2093 5337 2211 5389 ideo

634 5425 939 5480 funiculum
966 5429 1136 5483 maris
1157 5444 1249 5484 eas
1279 5430 1590 5500 appellavit,
1624 5430 1768 5484 sicut
1796 5430 1962 5484 etiam
2021 5430 2213 5484 beatus

639 5516 803 5571 David
828 5521 904 5572 ait
940 5520 1027 5574 his
1058 5522 1239 5575 verbis
1268 5538 1279 5573 :
1316 5541 1333 5572 ι
1367 5522 1515 5577 Dabo
1548 5524 1643 5577 tibi
1688 5533 1890 5578 terram
1920 5522 2213 5587 Chanaan,

640 5608 939 5664 funiculum
980 5611 1312 5669 lizcreditatis
1354 5624 1549 5670 vestrze
1574 5616 1619 5647 ¹⁸
1651 5633 1663 5670 :
1697 5632 1713 5663 ι
1742 5631 1916 5685 proco
1932 5627 1989 5673 ut
2020 5616 2164 5670 dicat
2197 5630 2210 5665 ε

714 5720 756 5749 ⁸⁹
788 5718 928 5777 Psal.
956 5737 1064 5789 civ,
1110 5724 1193 5777 ll.

2314 4880 2463 4933 λεται
2490 4880 2598 4950 γὰρ
2628 4881 2800 4933 εἰπεῖν
2831 4881 2912 4934 ὅτι
2946 4882 3117 4934 πᾶσαι
3143 4878 3253 4932 τῶν
3283 4878 3603 4948 ἀλλοφύλων
3625 4876 3673 4928 al
3694 4870 3817 4926 nae;

2313 4969 2778 5041 διαρπαγήσονταί
2848 4986 2909 5021 τε
2960 4970 3053 5022 καὶ
3102 4968 3618 5039 ἀφανισθήσονται,·
3643 4962 3720 5016 καὶ
3752 4958 3815 5023 τῆς

2310 5057 2516 5120 οἰκείας
2537 5060 2838 5130 εὐπραγίας
2855 5061 3244 5132 ἀπορῤιφεῖσαι
3266 5060 3511 5131 παντελῆ
3527 5059 3735 5124 δέξονται
3749 5052 3813 5117 τὴν

2307 5149 2599 5203 ἀπώλειαν.
2649 5171 2667 5201 ι
2706 5152 2842 5205 Οὐαὶ
2875 5152 2925 5204 οἱ
2963 5150 3337 5214 κατοικοῦντες
3373 5152 3438 5204 τὺ
3474 5151 3731 5221 σχοίνισμα
3751 5142 3814 5206 τῆς

2311 5238 2604 5310 θαλάσσης,
2628 5241 2878 5309 πάροικοι
2894 5240 3125 5311 Κρητῶν
3149 5258 3163 5271 °
3196 5242 3351 5309 λόγος
3376 5241 3591 5313 Κυρίου
3612 5240 3684 5307 ἐφ’

2308 5332 2531 5385 Χαναὰν
2569 5332 2637 5401 γῆ
2682 5333 2988 5400 ἀλλοφύλων
3010 5351 3023 5363 ·
3059 5332 3153 5385 καὶ
3192 5331 3382 5385 ἀπολῶ
3419 5334 3569 5403 ὑμᾶς
3606 5332 3665 5383 ὲκ
3694 5340 3817 5379 κατίδοι·

2310 5424 2463 5488 κίας·
2501 5425 2594 5478 καὶ
2624 5423 2773 5477 ἔσται
2816 5423 3002 5495 Κρήτη
3048 5423 3185 5493 νομὴ
3220 5426 3513 5494 ποιμνίων,
3542 5423 3632 5477 καὶ

2312 5517 2619 5588 προϐάτων.
2654 5537 2672 5569 ι
2707 5518 2781 5587 (p.
2828 5515 2955 5586 59.1)
3008 5516 3221 5587 Ἐπειδὴ
3256 5516 3565 5587 παραλίους
3613 5510 3730 5566 εἶναι
3757 5508 3822 5559 α

2315 5611 2497 5672 πόλεις
2550 5608 2860 5671 συνέϐαινε,
2912 5606 3199 5677 σχοίνισμα
3245 5606 3528 5675 θαλάσσης
3580 5600 3726 5661 αὐτὰς
3761 5592 3822 5647 κέ·
