3824 6520
235 245 333 300 461

1213 249 1762 308 COMMENTARIUS
1791 251 1857 306 IN
1900 251 2261 308 SOPHONUE
2292 252 2444 308 CAP.
2487 251 2554 306 ll.

3366 251 3470 306 662

234 365 464 437 κληκεν,
498 369 575 432 ὥς
618 369 648 422 6
693 368 960 439 μακάριος
1007 368 1153 438 λέγει
1196 371 1359 426 Δαυὶδ
1396 370 1600 439 λέγων·
1667 389 1684 422 ι
1721 369 1812 422 Σοὶ

1929 370 2253 425 l’ossessioni
2267 377 2460 425 vestra:
2474 370 2717 424 addicam
2731 369 3156 424 Chananmorum
3175 369 3473 438 regionem,

227 458 396 512 δώσω
464 461 566 530 τὴν
619 460 726 530 γῆν
776 459 1032 526 Χαναὰν,
1105 461 1392 531 σχοίνισμα
1448 459 1805 532 κληρονομίας

231 549 418 618 ὑμῶν’
462 568 483 601 ι
517 550 603 603 τνα
634 550 788 621 εἴπῃ,
839 549 919 603 ὅτι
947 551 1040 613 Ei;
1085 550 1276 621 κτῆσιν
1320 552 1449 620 ὑμῖν
1476 549 1684 620 ἀφοριῶ
1711 548 1808 618 τὴν

230 637 564 694 Χαναναίων
595 640 719 711 γῆν,
751 642 815 694 ἐκ
843 643 1154 711 μεταφορᾶς
1176 640 1283 693 τῶν
1321 640 1514 710 σχοίνῳ
1550 638 1808 710 μετρούν-

229 748 346 784 των
365 732 480 784 τῶν
505 749 563 784 τε
583 731 924 802 διοριζόντων
940 731 1038 801 τὴν
1061 733 1184 802 γῆν,
1214 730 1400 794 υῦτως
1420 728 1511 784 οὖν
1533 729 1811 784 κάνταῦθα

229 820 388 887 λέγει
431 839 453 871 ι
491 821 551 873 τὸ
598 821 886 890 σχοίνισμα
917 821 1013 890 τῆς
1047 820 1352 891 θαλάσσης,
1394 841 1412 872 ι
1441 820 1560 873 ἀντί
1583 819 1676 872 τοῦ
1701 859 1714 880 ,
1747 820 1811 870 Oi

229 914 334 980 τὴν
379 912 814 982 παραθαλάττιον
861 912 1130 975 οἰκοῦντες
1162 913 1372 984 μερίδα.
1417 912 1490 964 Τὸ
1516 911 1572 964 δέ
1605 928 1625 962 ί
1667 909 1812 980 πάρ-

230 1019 378 1054 οικοι
410 1002 646 1074 Κρητῶν
684 1023 701 1053 ›
732 1002 878 1069 λέγει
901 1043 914 1064 ,
950 1002 1133 1071 ἐπειδή
1180 1020 1321 1065 τινες
1347 1005 1408 1055 ἐκ
1439 1003 1664 1073 Κρήτης
1693 1002 1812 1056 κατ’

234 1093 518 1162 ἐμπορίαν
575 1094 763 1146 αὐτόθι
811 1095 1244 1164 παραγεγονότες
1292 1095 1366 1157 ὼς
1425 1098 1502 1157 εἰς
1560 1094 1810 1163 παραθα-

234 1183 503 1240 λασσίους
566 1185 781 1251 πόλεις,
839 1188 1006 1238 οἰκεῖν
1051 1186 1252 1238 εἵλοντο
1295 1187 1423 1256 παρ’
1474 1186 1676 1248 αὐτοῖς.
1727 1185 1814 1248 Ὠς

238 1274 339 1326 καὶ
369 1275 525 1344 παρὰ
555 1275 633 1344 τῷ
675 1275 854 1346 ’Λμὼς
893 1276 1060 1343 λέγει’
1116 1295 1134 1327 ι
1178 1276 1482 1346 Κατακόψω
1533 1275 1703 1346 φυλὴν
1754 1273 1814 1337 ἐξ

236 1366 459 1434 ἀνδρῶν
508 1365 761 1436 Χαρρὰν,
811 1385 829 1416 ι
865 1369 991 1436 περὶ
1029 1368 1136 1420 τῶν
1182 1368 1391 1421 ἐκεῖθεν
1439 1371 1505 1439 τῇ
1539 1365 1815 1437 Δαμασκῷ

236 1459 655 1529 παροικούντων
695 1459 896 1527 λέγων’
927 1459 1096 1522 οὕτως
1137 1459 1244 1532 γὰρ
1274 1461 1368 1513 καὶ
1400 1458 1634 1513 ἐνταῦθα
1671 1474 1815 1528 παρ·

232 1549 429 1611 οἰκους
470 1551 703 1621 Κρητῶν
752 1552 934 1614 καλεῖ,
995 1553 1080 1604 ἵνα
1129 1553 1257 1622 είπῃ
1284 1553 1409 1613 τοὺς
1454 1553 1581 1622 παρ’
1628 1550 1812 1612 αὐτοῖς

229 1641 528 1704 οἰκοῦντας
572 1643 801 1714 Κρητῶν
824 1660 836 1672 ·
871 1642 1114 1712 βούλεται
1148 1639 1242 1696 οὖν
1293 1638 1467 1690 εἰπεῖν
1487 1635 1568 1688 ὅτι
1596 1637 1814 1694 Ἀθλιώο

1917 471 2130 529 sumpta
2159 460 2474 529 metaphora
2503 462 2572 514 ab
2591 462 2655 515 iis
2674 461 2763 529 qui
2792 460 3053 516 funiculis
3074 461 3374 516 metiuntur
3412 477 3474 518 ac

1915 550 2162 605 dividunt
2191 558 2383 605 terras.
2415 551 2492 604 Ita
2519 568 2660 604 nunc
2689 553 2850 605 etiam
2886 569 2906 602 τ
2942 550 3239 606 funiculum
3263 555 3427 607 maris
3453 575 3472 605 ι

1915 637 2067 701 dicit,
2095 652 2194 708 pro
2213 635 2676 704 maritimaepartis
2706 632 2918 690 incolis.
2935 639 3209 709 Deniquet
3237 641 3475 698 advenas

1915 731 2200 786 Cretenses
2237 727 2910 798 idicit,quiauonnulliex
2944 733 3105 785 Creta
3153 741 3478 788 mercaturae

1917 840 2080 878 causa
2133 825 2263 880 illuc
2312 823 2580 892 progressi
2634 829 2819 890 utpote
2852 823 2918 875 ad
2952 824 3114 878 urbes
3148 826 3472 888 maritimas,

1919 916 1992 969 ibi
2031 916 2275 969 habitare
2308 915 2637 967 maluerunt.
2670 911 2820 966 Sicut
2848 915 3008 966 etiam
3042 915 3184 984 apud
3212 915 3473 971 Amosum

1919 1007 2120 1060 dicitur
2150 1025 2164 1062 :
2195 1025 2213 1056 ι
2255 1005 2547 1060 Coucidam
2582 1004 2779 1056 tribum
2811 1018 2873 1056 ex
2905 1006 3036 1058 viris
3064 1004 3308 1060 Charran
3337 1009 3404 1070 ”,
3453 1028 3470 1058 ι

1921 1099 2149 1167 loquens
2173 1097 2384 1152 scilicet
2410 1099 2476 1149 de
2507 1097 2653 1149 illius
2685 1097 2922 1164 regionis
2943 1096 3166 1154 advenis
3201 1100 3346 1155 circa
3368 1099 3477 1153 Dav

1923 1206 2166 1244 niascum
2196 1189 2583 1243 incolentibus.
2607 1187 2700 1241 Sic
2731 1203 2875 1240 nunc
2891 1203 3108 1256 quoque
3135 1189 3475 1248 Cretensium

1921 1282 2159 1336 advenas
2215 1279 2368 1343 dicit,
2402 1293 2500 1348 pro
2544 1295 2606 1332 ea
2644 1288 2795 1348 parte
2833 1279 2996 1349 259
3027 1281 3322 1335 incolarum
3360 1298 3483 1353 quae

1919 1373 2078 1427 Creta
2111 1378 2229 1426 erat
2261 1370 2492 1424 oriunda
2543 1367 2671 1423 Vult
2697 1385 2828 1439 ergo
2855 1370 3036 1427 dicere
3067 1390 3081 1426 :
3112 1371 3484 1430 lnfelicissimi

1919 1460 2162 1516 omnium
2189 1455 2370 1512 cuncti
2384 1467 2504 1524 vos,
2521 1451 2612 1528 qui
2631 1458 2957 1513 maritimam
2972 1469 3185 1528 partem
3224 1461 3482 1519 habitatis

1919 1565 2042 1605 cum
2074 1549 2428 1604 Cretensibus
2450 1548 2693 1604 advenis.
2712 1547 2954 1604 Decrevit
2970 1559 3158 1607 contra
3174 1569 3272 1610 vos
3291 1570 3481 1612 omnes

1921 1643 2086 1706 Deus,
2107 1658 2140 1697 o
2166 1642 2524 1696 Chananaaam
2555 1642 2861 1698 habitantes
2887 1645 3222 1718 alienigenae,
3241 1650 3480 1720 perditu-

235 1749 400 1783 τατοι
450 1735 688 1800 πάντων,
718 1735 914 1798 πάντες
962 1735 1119 1804 ὑμεῖς
1163 1733 1341 1806 οἰιτὴν
1384 1731 1816 1803 παραθαλάττιον

1929 1752 2037 1790 rum
2065 1750 2124 1790 se
2149 1751 2247 1790 vos
2264 1736 2508 1798 omnino,
2535 1753 2744 1790 necnon
2776 1753 2805 1791 a
2835 1737 3185 1794 Cretensibus
3216 1743 3357 1812 apud
3384 1759 3482 1801 vos

237 1823 526 1886 οἰκοῦντες
573 1825 786 1895 μερίδα,
813 1826 948 1896 μετὰ
980 1828 1073 1879 καὶ
1108 1825 1216 1880 τῶν
1248 1824 1648 1898 παροικούντων
1691 1825 1817 1894 ὑμῖν

1933 1828 2210 1881 iabitatam
2265 1829 2542 1897 regionem
2573 1828 2716 1897 (quae
2738 1845 2999 1898 pascuum
3035 1833 3120 1887 lict
3163 1850 3406 1904 gregum,
3431 1847 3483 1891 et

243 1915 525 1985 Κρητῶν⁶
580 1918 956 1986 ἀποπέφανται
1011 1921 1120 1992 γὰρ
1173 1919 1312 1972 κατὰ
1360 1919 1575 1972 πάντων
1606 1916 1758 1988 ὑμῶν
1789 1920 1816 1972 6

1929 1920 2078 1975 statio
2105 1919 2308 1989 ovium)
2347 1918 2400 1971 in
2433 1920 2784 1975 solitudinem
2817 1930 3024 1975 vastam
3063 1924 3288 1994 rediget.

238 2007 383 2072 Θεὸς
406 2008 517 2061 τῶν
543 2009 830 2064 οἰκούντων
850 2011 948 2083 τὴν
964 2011 1272 2076 Χαναναίαν
1302 2011 1638 2079 ἀλλοφύλων·
1669 2013 1750 2066 ὅτι
1780 2013 1920 2083 ὑμᾶς
1946 2031 2004 2066 τε
2033 2013 2284 2066 ἀπολέσει
2309 2013 2607 2077 παντελῶς,
2628 2016 2721 2068 καὶ
2748 2015 2843 2085 τὴν
2873 2017 2935 2068 ἐκ
2965 2017 3072 2070 τῶν
3099 2020 3334 2089 Κρητῶν
3354 2027 3483 2094 παρ’

241 2106 382 2174 ὑμῖν
406 2105 732 2177 οἰκουμένην
756 2105 960 2177 χώραν,
992 2109 1128 2179 νομή
1152 2125 1210 2161 τε
1233 2108 1492 2178 ποιμνίων
1524 2109 1618 2162 καί¹
1637 2107 1844 2179 οἴκησις
1867 2109 2149 2181 προϐάτων
2168 2150 2181 2173 ,
2227 2109 2313 2162 διὰ
2342 2109 2440 2179 τῆς
2479 2111 2712 2181 ἐρημίας
2751 2111 3058 2181 παραδώσει
3084 2108 3183 2184 τῆς
3217 2113 3438 2186 πολλῆς.

317 2219 471 2288 Στίχ.
499 2217 638 2280 ζ’.-
664 2239 682 2270 ι
721 2220 830 2273 Καὶ
860 2220 1010 2274 ἔσται
1033 2221 1092 2274 τὸ
1119 2221 1401 2290 σχοίνισμα
1425 2222 1519 2290 τῆς
1553 2219 1822 2291 Θαλάσσης

1991 2223 2156 2277 Vens.
2199 2223 2252 2275 7.
2294 2252 2365 2261 —
2408 2241 2426 2272 ι
2456 2221 2520 2276 Et
2563 2223 2666 2277 erit
2717 2221 2995 2279 funiculus
3035 2225 3203 2280 maris
3261 2228 3486 2298 reliquis

239 2318 362 2379 τοῖς
405 2314 752 2378 καταλοίποις
785 2315 933 2368 οἴκου
993 2314 1187 2368 Ἱούδα’
1213 2315 1297 2367 ἐπ’
1327 2315 1521 2377 αὐτοὺς
1557 2314 1822 2384 νεμήσον-

1929 2315 1987 2368 de
2015 2314 2173 2368 domo
2202 2313 2355 2368 Judaa
2387 2333 2399 2368 :
2433 2329 2596 2384 super
2625 2314 2774 2382 ipsos
2805 2325 3101 2384 pascentur
3134 2319 3187 2371 in
3220 2317 3481 2375 domibus

239 2424 338 2461 ται
372 2407 432 2460 ἐν
463 2410 576 2470 τοῖς
617 2408 786 2470 οἴκοις
824 2407 1182 2470 Ἀσκάλωνος,
1232 2407 1411 2476 δείλης
1465 2406 1822 2460 καταλύσουσι

1929 2403 2227 2466 Ascalonis,
2260 2403 2327 2456 ad
2352 2418 2634 2472 vesperam
2666 2403 3008 2472 requiescent
3036 2421 3065 2458 a
3084 2405 3224 2460 facie
3253 2408 3484 2462 ﬁliorum

241 2500 359 2551 ἀπὸ
397 2499 686 2570 προσώπου
717 2499 824 2551 τῶν
853 2499 981 2551 υίῶν
1022 2499 1210 2562 Ἰούδα,
1245 2501 1326 2552 ὅτι
1350 2498 1686 2551 ἐπέσκεπται
1723 2497 1822 2549 αὑ-

1929 2494 2089 2556 ludze,
2112 2494 2237 2564 quia
2261 2493 2443 2549 visitat
2463 2509 2556 2549 eos
2580 2492 2841 2548 Dominus
2861 2489 3002 2550 Deus
3023 2511 3232 2563 eorum,
3259 2507 3313 2553 et
3332 2514 3488 2554 aver-

244 2593 379 2652 τοὺς
402 2589 608 2660 Κύριος
636 2592 664 2643 6
695 2589 826 2654 Θεὸς
859 2590 1177 2655 αύτῶν,κα“ι
1208 2589 1514 2659 ἀπέστρεψε
1559 2589 1657 2658 τὴν
1707 2589 1822 2658 αἰχ-

1929 2588 1987 2638 tit
2015 2585 2382 2654 captivitatem
2415 2586 2672 2653 ipsorum.
2703 2603 2720 2636 ›
2749 2582 2885 2639 Nam
2912 2587 3005 2655 qui
3031 2589 3231 2642 servati
3263 2589 3486 2650 fuerint.

245 2686 535 2754 μαλωσίαν
567 2684 767 2738 αὐτῶν.
804 2703 823 2735 ι
857 2685 937 2753 (p.
983 2685 1107 2754 595)
1137 2685 1198 2736 Οἰ
1236 2684 1342 2754 γὰρ
1383 2682 1822 2753 περισωζόμενοι,

1929 2677 2119 2746 inquit,
2171 2677 2236 2729 de
2259 2673 2414 2729 Judaa
2445 2675 2614 2736 tribu,
2659 2685 2826 2728 totam
2870 2678 3130 2732 tenebunt
3164 2680 3488 2736 maritimam

245 2779 441 2848 φησὶν,
476 2779 540 2830 ἐκ
569 2777 668 2847 τῆς
691 2776 784 2828 τοῦ
820 2776 986 2829 ’ἰούδα
1008 2776 1199 2845 φυλῆς,
1229 2775 1407 2844 πάσης
1433 2774 1496 2844 δὴ
1520 2773 1618 2842 τῆς
1647 2788 1822 2842 παραε

1929 2778 2154 2837 partem,
2187 2768 2443 2837 illamque
2477 2782 2690 2820 omnem
2741 2769 2899 2828 quasi
2938 2783 3094 2823 suam
3134 2770 3373 2825 incolent
3400 2787 3492 2827 re-

246 2866 544 2920 θαλαττίου
597 2866 883 2931 καθέξουσι
935 2866 1166 2938 μερίδος,
1208 2865 1302 2918 καὶ
1341 2868 1518 2915 πᾶσαν
1562 2860 1729 2930 αὐτὴν
1754 2858 1822 2922 ὼς

1929 2861 2135 2930 gionem
2171 2874 2344 2927 usque
2373 2859 2714 2912 Ascalonem.
2744 2856 2872 2911 Vult
2908 2870 3084 2914 autem
3116 2877 3177 2914 ex
3208 2877 3314 2916 una
3356 2877 3490 2917 cuu-

244 2959 464 3012 οἰκείαν
497 2961 823 3029 νεμήσονται
860 2958 1064 3030 χώραν,
1095 2958 1234 3010 ὥστε
1267 2958 1391 3020 τοὺς
1420 2956 1519 3025 τῆς
1560 2951 1822 3006 Ἀσκάλω-

1929 2960 2045 3002 etas
2075 2949 2502 3018 alienigenarum
2539 2949 2700 3002 urbes
2723 2948 2923 3022 dicere,
2953 2965 3105 3004 more
3133 2967 3235 3006 suo
3266 2968 3294 3004 a
3328 2962 3485 3023 parte

245 3066 362 3111 νος.
397 3015 654 3117 Βούλεται
700 3049 757 3102 δὲ
789 3015 1018 3119 alia;
1051 3015 1156 3110 ’τὰς
1200 3047 1325 3110 ὅλας
1374 3015 1488 3097 ἰτῶᾴ
1502 3015 1822 3110 ’ἀλλοφύλων

1933 3050 2102 3095 totum
2148 3015 2494 3110 signiﬁcans,
2537 3041 2794 3095 timentes
2827 3015 3061 3094 filiorum
3093 3041 3246 3098 Juda!
3278 3015 3492 3099 fortitu-

250 3140 447 3202 πόλεις
484 3142 680 3206 εἰπεῖν,
711 3140 891 3204 καθὼς
934 3140 1122 3194 εἴωθεν
1150 3138 1257 3192 ἀπὸ
1288 3139 1484 3209 μέρους
1505 3137 1564 3189 τὸ
1587 3135 1704 3188 ὅλον
1732 3150 1831 3187 κα·

247 3232 388 3296 λῶν,
423 3233 808 3303 ὑφορωμένους
835 3231 944 3284 τῶν
993 3233 1124 3285 υἰῶν
1175 3231 1340 3284 Ἰούδα
1361 3232 1461 3300 τὴν
1486 3229 1657 3299 ἰσχὺν,
1691 3225 1828 3298 μετά

248 3323 454 3377 πολλοῦ
485 3323 576 3376 τοῦ
610 3324 762 3388 δέους
789 3326 900 3390 τοῖς
925 3322 1143 3385 οἰκείοις
1173 3310 1378 3390 διάγειν
1397 3337 1411 3352 ο
1437 3319 1498 3372 τὸ
1529 3318 1654 3389 γὰρ,
1677 3336 1694 3368 ι
1719 3315 1828 3370 δεί-

249 3416 354 3486 λης
414 3414 818 3474 καταλύσουσι.
858 3432 876 3465 ι
930 3414 1087 3467 τοῦτο
1132 3413 1300 3480 λέγει.
1349 3410 1566 3481 Ἐπειδὴ
1611 3408 1718 3479 γὰρ
1767 3406 1828 3459 τὸ

257 3527 278 3560 ι
319 3507 675 3578 μεσημϐρίας
698 3527 716 3559 ›
749 3506 969 3577 εἴληφεν
997 3508 1089 3558 ἐπὶ
1120 3505 1212 3558 τοῦ
1244 3501 1554 3574 προφανῶς,
1583 3500 1645 3551 τὸ
1679 3517 1696 3549 ι
1723 3497 1828 3553 δείο

249 3597 354 3668 λης
404 3617 423 3649 ι
455 3597 647 3650 ἐλαϐεν
689 3597 782 3650 ἐπὶ
817 3596 910 3649 τοῦ
957 3595 1139 3659 δέους’
1173 3595 1248 3657 ὡς
1302 3593 1410 3646 τῶν
1456 3588 1822 3644 λανθανόντων

249 3689 573 3757 φευγόντων
599 3689 697 3758 μὲν
723 3689 810 3741 τὸν
831 3687 1088 3759 ἡμερινὸν
1115 3686 1324 3757 καιρὸν,
1362 3683 1453 3737 ἐπὶ
1483 3683 1540 3736 δὲ
1556 3682 1646 3735 τὸν
1666 3677 1825 3733 ἐσπέ-

247 3795 374 3848 ριον
396 3778 751 3848 κατατρέχειν
782 3777 1042 3830 εἰωθότων
1068 3777 1242 3830 ὲλπίδι
1276 3774 1368 3828 τοῦ
1405 3772 1607 3826 λαθεῖν.
1639 3769 1825 3823 Ταῦτα

1927 3132 2129 3193 dinem,
2164 3133 2335 3184 multo
2361 3146 2485 3185 cum
2519 3145 2720 3201 pavore
2743 3131 2796 3184 in
2821 3134 3042 3201 preprio
3071 3134 3189 3188 solo
3211 3133 3488 3204 degentes.

1926 3223 2060 3277 Nam
2113 3222 2302 3284 dictio,
2335 3241 2353 3273 ι
2385 3221 2464 3276 Ad
2509 3237 2791 3291 vesperam
2845 3224 3240 3291 requiescent,»
3281 3227 3384 3281 hoc
3422 3231 3497 3282 si-

1928 3311 2339 3385 gnilicat.SicuI
2373 3315 2517 3368 enim
2572 3333 2590 3364 ι
2619 3313 2849 3371 meridie
2873 3335 2892 3368 ι
2939 3332 3037 3385 pro
3077 3317 3385 3380 manifeste,
3421 3319 3492 3372 ita

1934 3418 1953 3450 ‹
1976 3403 2252 3472 vesperam
2275 3419 2291 3451 ι
2314 3416 2410 3470 pro
2426 3403 2620 3455 timore
2641 3419 2652 3453 :
2671 3400 2827 3470 quasi
2857 3406 2894 3459 ii
2928 3408 3020 3477 qui
3065 3409 3234 3463 latere
3272 3411 3495 3464 student

1934 3491 2192 3546 diurnum
2224 3502 2436 3562 tempus
2488 3496 2679 3556 vitent,
2707 3495 3018 3564 vespertino
3055 3507 3232 3552 autem
3283 3497 3497 3554 discur-

1933 3597 2052 3636 rere
2084 3583 2314 3644 soleant,
2347 3584 2590 3634 latitaudi
2622 3599 2734 3653 spe.
2763 3582 2906 3647 llaec,
2951 3586 3148 3655 inquit,
3179 3596 3339 3641 erunt
3371 3603 3497 3643 cum

1935 3674 2077 3729 Deus
2108 3673 2257 3728 Judae
2287 3673 2490 3727 tribum
2515 3673 2742 3728 visitans
2761 3683 2970 3730 avertet
2996 3692 3092 3733 eos
3117 3692 3148 3732 a
3180 3680 3497 3748 captivitate

1935 3773 2094 3831 alt‘llli'
2123 3766 2174 3817 in
2210 3763 2440 3832 patriam
2466 3779 2658 3818 rursus
2690 3765 2896 3820 auxilio
2933 3782 3033 3822 suo
3059 3770 3335 3824 restituet.

246 3871 329 3936 δὲ,
369 3871 557 3941 φησὶν,
598 3869 768 3933 ἐσται,
805 3867 1021 3921 ἐπειδὰν
1065 3866 1499 3936 ἐπισκεψάμενος
1539 3866 1567 3916 6
1616 3860 1748 3924 Θεὸς
1810 3858 1931 3917 τοῦ,
1966 3856 2061 3924 τῆς
2096 3855 2265 3908 Ἰούδα
2295 3853 2465 3923 φυλῆς
2488 3852 2844 3918 ἀπαλλάξειέν
2866 3873 2924 3908 τε
2955 3857 3151 3920 αὐτοὺς
3175 3860 3271 3931 τῆς
3299 3861 3500 3932 αἰχμα-

249 3962 483 4026 λωσίας,
510 3962 604 4014 καὶ
633 3959 768 4031 πρὸς
800 3961 867 4013 τὰ
889 3962 1060 4013 οἰκεῖα
1083 3959 1242 4014 πάλιν
1275 3957 1412 4029 μετὰ
1434 3957 1533 4025 τῆς
1564 3954 1698 4015 ἰδίας
1735 3948 2067 4014 ἐπαναγάγοι
2095 3944 2342 4016 βοηθείας
2361 3992 2374 4006 ,

328 4075 485 4143 Στίχ.
523 4079 658 4144 η’-ι’.
692 4104 763 4114 --
792 4069 927 4127 Εἶτα
958 4071 1068 4126 ἀπὸ
1113 4070 1222 4125 τῶν
1251 4067 1565 4138 ἀλλοφύλων
1594 4067 1676 4135 ἐφ’
1719 4063 1834 4118 ἐτέο

250 4183 391 4236 ρους
461 4166 716 4236 μετάγων
767 4165 856 4218 τὸν
909 4164 1087 4233 λόγον,
1147 4181 1166 4214 ι
1208 4163 1454 4215 Ἤκουσα
1502 4157 1834 4227 ὀνειδισμοὺς

252 4255 454 4319 unum,
488 4257 582 4308 καὶ
616 4255 1002 4326 κονδυλισμοὺς
1030 4253 1159 4306 υίῶν
1205 4251 1430 4322 Ἀμμὼν
1474 4251 1530 4303 ἐν
1562 4245 1642 4312 οἷς
1681 4246 1836 4300 ὠνεί-

254 4349 412 4411 διζον
457 4345 549 4400 τὸν
579 4345 705 4399 λαόν
738 4362 863 4415 μου,
901 4346 994 4398 καὶ
1022 4342 1415 4414 ἐμεγαλύνοντο
1455 4340 1549 4392 ἐπὶ
1594 4338 1663 4391 τὰ
1709 4338 1834 4408 ὅρια

2004 4057 2164 4114 Vens.
2209 4057 2361 4111 8-10.
2400 4058 2714 4114 —~Deinde
2754 4058 2827 4114 ab
2867 4060 3186 4128 alienigenis
3236 4061 3301 4115 ad
3357 4064 3496 4118 alios

1932 4165 2240 4206 sermonem
2291 4148 2671 4214 transferens,
2735 4151 2860 4204 ait:
2903 4151 3145 4205 «Audivi
3203 4156 3498 4223 epprebria

1885 4290 1893 4297 .
1933 4242 2108 4308 Moab,
2138 4251 2192 4297 et
2224 4243 2587 4298 contumelias
2620 4242 2853 4297 filiorum
2881 4242 3136 4306 Ammon,
3177 4246 3382 4314 quibus
3413 4264 3504 4300 ex-

1932 4334 2266 4404 probrabant
2292 4333 2497 4404 populo
2533 4348 2676 4399 meo,
2725 4341 2780 4388 et
2813 4335 3305 4404 magniﬁcabantur
3337 4353 3504 4408 super

253 4439 430 4494 αὐτοῦ
452 4473 466 4487 .
492 4435 766 4491 Διάτούτο
802 4437 880 4502 ζῶ
907 4436 1038 4506 ἐγὼ,
1068 4436 1216 4504 λέγει
1272 4434 1478 4504 Κύριος
1528 4431 1636 4485 τῶν
1668 4430 1822 4483 δυνά-

1935 4429 2195 4482 terminos
2221 4425 2362 4494 ejus.
2410 4425 2725 4496 Propterea,
2750 4426 2875 4480 vivo
2903 4441 3027 4495 ego,
3059 4426 3193 4481 dicit
3217 4427 3501 4494 Dominus,

256 4545 414 4597 μεων
443 4531 473 4580 6
496 4527 626 4590 Θεδς
651 4526 886 4599 Ἰσραὴλ,
912 4529 993 4579 ὃτι
1019 4525 1190 4580 Μωάϐ
1210 4524 1285 4588 ὡς
1305 4523 1510 4593 Σόδομα
1540 4521 1690 4574 ἔσται
1707 4559 1720 4583 ,
1745 4520 1838 4572 καὶ

256 4619 373 4671 nisi.
415 4618 639 4688 Ἀμμὼν
660 4618 736 4680 ὡς
772 4619 1040 4691 Γόμορρα.
1072 4636 1091 4669 ι
1117 4616 1229 4669 Καὶ
1251 4615 1318 4669 τὰ
1358 4614 1506 4684 παρά
1531 4611 1836 4667 Μωαϐιτῶν

253 4713 357 4765 καὶ
408 4710 758 4780 Ἀμμανιτῶν
807 4712 887 4773 εἰς
934 4710 1058 4772 τοὺς
1109 4709 1275 4779 ἐμοὺς
1328 4707 1588 4776 γινόμενα
1626 4703 1834 4775 ἐώρων,

253 4801 336 4872 (p.
367 4801 496 4870 596)
536 4801 630 4854 ἅτε
658 4800 840 4869 ἔλεγον
885 4800 1067 4860 αὐτοῖς
1100 4797 1442 4861 ὀνειδίζοντες
1477 4794 1554 4856 ῶς
1599 4792 1750 4846 οὐδὲν
1773 4792 1836 4843 ἐκ

251 4897 360 4965 τῆς
389 4894 529 4964 ἐμῆς
546 4892 942 4962 ὠφελουμένοις
965 4890 1279 4960 θεραπείας,
1295 4889 1393 4940 ὅσα
1417 4903 1476 4939 τε
1497 4884 1680 4946 αὐτοῖς
1696 4881 1837 4935 κατά

247 4987 358 5057 τὴν
380 4985 609 5054 δύναμιν
639 4983 735 5054 τὴν
754 4984 958 5036 οἰκείαν
987 4982 1192 5051 ἐπῆγον
1216 4979 1364 5032 κακά
1388 4995 1402 5010 ·
1423 4977 1562 5030 ὥστε
1593 4975 1686 5028 καὶ
1721 4971 1837 5043 μεθ’

250 5080 362 5130 ὑπε
371 5076 674 5146 ρὸαλούσης
693 5074 789 5143 τῆς
809 5073 1178 5144 μεγαλαυχίας
1193 5071 1300 5122 τῶν
1315 5068 1476 5140 ὁρίων
1504 5062 1839 5134 ἐφάπτεσθαι

243 5169 365 5221 τῶν
383 5168 555 5236 ἐμῶν,
574 5167 648 5229 ὼς
679 5167 742 5219 ἂν
762 5167 941 5228 αὐτοῖς
966 5166 1259 5235 προσήκειν
1283 5160 1601 5230 ὀφειλόντων
1623 5156 1807 5209 λοιπόν
1825 5170 1839 5184 ·

243 5262 400 5328 ὑπὲρ
433 5252 510 5311 ὧν
548 5259 610 5328 δὴ
639 5258 885 5326 Σοδόμων
939 5274 999 5309 τε
1033 5257 1125 5308 καὶ
1161 5254 1454 5324 Γομόρρων
1504 5251 1830 5322 μιμήσονται

241 5354 356 5422 τὴν
391 5350 649 5420 ἐρημίαν.
691 5369 708 5402 ι
746 5351 856 5404 Καὶ
885 5348 1172 5420 Δαμασκὸς
1207 5343 1600 5414 ἐκλελειμμένη
1636 5341 1711 5404 ὡς
1736 5339 1834 5410 θη-

246 5442 442 5514 μωνιά
475 5440 675 5504 ἆλωνος
697 5441 789 5494 καὶ
822 5439 1163 5510 ἠφανισμένη
1195 5440 1274 5502 εἰς
1303 5432 1394 5491 τὸν
1419 5436 1620 5490 αἱῶνσν
1658 5433 1752 5487 καὶ
1783 5435 1832 5484 οἱ

321 5671 375 5705 ⁸⁵
410 5672 600 5736 Amos,
638 5684 674 5735 t,
701 5666 752 5724 Ε.

1933 4520 2061 4589 quia
2091 4518 2251 4572 Moab
2286 4519 2428 4573 sicut
2460 4517 2696 4572 Sodoma
2723 4518 2845 4583 erit,
2867 4527 2921 4573 et
2953 4517 3042 4572 ﬁlii
3081 4519 3312 4574 Ammon
3345 4523 3507 4591 quasi

1934 4610 2258 4664 Gomorrha.
2289 4629 2306 4660 ι
2337 4608 2694 4664 Moabitarum
2730 4623 2948 4680 quoque
2973 4617 3026 4664 et
3058 4611 3499 4666 Ammanitarum

1933 4702 2196 4757 adversus
2231 4715 2380 4754 meos
2411 4699 2664 4755 videbam
2699 4699 2966 4762 facinora,
3001 4709 3055 4755 et
3083 4701 3232 4770 quod
3261 4702 3342 4757 eis
3373 4717 3506 4757 con-

1933 4793 2202 4847 viciantes
2260 4791 2532 4856 dicerent,
2581 4790 2791 4844 nullum
2826 4790 2989 4861 260
3022 4791 3087 4846 iis
3137 4790 3254 4845 fore
3297 4791 3506 4845 emolu-

1934 4887 2177 4937 mentum
2212 4882 2393 4936 cultus
2420 4882 2556 4948 mei;
2601 4888 2804 4952 quanta
2831 4881 3065 4952 denique
3116 4882 3256 4935 mala
3298 4881 3507 4937 viribus

1937 4981 2053 5028 suis
2084 4973 2403 5028 intulerunt.
2450 4975 2626 5043 Atque
2670 4973 2746 5026 ita
2783 4959 3130 5044 gioriabundi
3173 4971 3309 5027 ﬁnes
3355 4987 3508 5028 meos

1937 5067 2278 5127 invaserunt,
2311 5080 2411 5120 ceu
2439 5065 2655 5121 futuros
2679 5066 2732 5118 in
2763 5073 3038 5135 posterum
3069 5064 3213 5134 juris
3241 5065 3504 5134 ipsorum.

1938 5156 2307 5223 Quamobrem
2367 5153 2726 5210 Sodomorum
2777 5164 2942 5223 atque
2992 5153 3311 5209 Gomorrba:
3349 5171 3512 5225 expe-

1940 5250 2151 5305 rientur
2185 5249 2516 5306 vastitatem.
2551 5266 2570 5299 ι
2601 5247 2666 5300 Et
2711 5246 3012 5302 Damascus
3060 5245 3320 5302 derelicta
3367 5248 3515 5303 sicut

1942 5355 2170 5395 acervus
2221 5354 2384 5404 areae,
2439 5354 2503 5392 ac
2538 5337 2807 5408 dissipata
2856 5339 2912 5392 in
2971 5344 3259 5392 aeternum.
3323 5337 3387 5391 Et
3417 5344 3510 5409 qui

1941 5433 2132 5503 reliqui
2167 5432 2368 5488 fuerint
2401 5432 2466 5487 de
2492 5432 2693 5502 populo
2729 5446 2849 5488 meo
2876 5430 3136 5503 diripient
3179 5446 3296 5499 eos,
3334 5439 3388 5486 et
3425 5446 3513 5487 re-
