3934 6532
489 323 593 379 465

1699 316 2046 374 TlIEODOBl
2077 312 2559 371 MOPSUESTENI

3618 323 3713 379 Mil

489 438 633 494 sidui
700 437 875 507 gentis
928 451 1060 490 mea:
1113 434 1467 505 possidebunt
1522 450 1639 491 eos.
1683 458 1700 487 ι
1753 435 2049 492 Damascus

2160 434 2475 488 κατάλοιποι
2500 433 2631 488 λαοῦ
2660 451 2762 505 μου
2791 434 3126 506 διαρπῶνται
3152 434 3367 499 αὐτοὺς,
3409 438 3504 489 καλ⁵
3536 438 3585 490 οί
3622 457 3715 493 κα-

488 531 675 592 etiam,
707 529 901 597 inquit,
953 527 1111 598 quasi
1163 543 1393 583 acervus
1428 529 1481 582 in
1532 543 1656 584 area
1690 530 1964 585 contritus
2003 537 2060 585 et

490 622 850 677 conculcatus
894 619 1232 683 destruetur,
1288 629 1455 690 atque
1514 620 1773 691 ignobilis
1823 619 1934 686 ﬁet,
1992 636 2059 676 ex

490 722 704 767 tumore
738 709 978 763 maximo
1016 711 1297 779 multaque
1345 710 1600 780 superbia
1652 711 1705 764 in
1757 712 1919 765 imam
1968 711 2061 766 de-

492 813 663 858 tracta
688 801 1049 855 humilitatem
1085 820 1097 854 :
1133 802 1205 855 ita
1241 810 1298 855 ut
1335 803 1427 872 qui
1456 804 1651 871 reliqui
1675 802 1741 857 de
1774 802 1909 857 meis
1946 802 2059 856 fue-

491 897 623 959 rint,
678 894 1025 963 reditumque
1069 895 1268 957 sortiti,
1324 905 1558 949 cunctos
1613 896 1723 950 sint
1768 896 2056 965 direpturi,

489 998 545 1040 et
574 986 780 1041 alienas
830 1000 961 1054 opes
1009 1000 1106 1054 pro
1138 984 1253 1039 suis
1292 985 1624 1054 possessuri.
1680 1003 1697 1034 ι
1728 986 1855 1038 Haec
1899 992 2059 1037 erunt

487 1080 569 1134 eis
618 1093 716 1148 pro
775 1076 1105 1131 contumelia
1155 1091 1273 1138 sua,
1326 1076 1451 1145 quia
1494 1077 1786 1129 conviciati
1837 1084 1964 1130 sunt
2005 1085 2059 1130 et

490 1166 823 1238 magnificati
854 1174 984 1220 sunt
1042 1181 1205 1233 super
1258 1166 1511 1233 populum
1558 1163 1773 1217 Domini
1804 1164 2055 1233 omnipo-

488 1261 719 1317 tentis.)
750 1257 895 1320 Ilaec,
947 1259 1142 1326 inquit,
1177 1256 1454 1326 patientur
1509 1265 1731 1325 propter
1776 1272 1931 1311 suam
1973 1257 2061 1310 ad-

490 1366 684 1406 versus
742 1348 910 1403 Deum
972 1349 1277 1411 audaciam,
1324 1356 1378 1401 et
1430 1356 1655 1418 propter
1701 1348 2059 1403 contumelias

487 1443 688 1513 quibus
738 1441 868 1495 mihi
926 1440 1235 1509 populoque
1271 1454 1389 1492 meo
1442 1438 1735 1492 conviciati
1784 1446 1933 1501 sunt,
1983 1440 2061 1491 iu-

489 1536 754 1589 sullantes
808 1534 855 1585 ei
902 1532 1113 1587 scilicet
1160 1541 1418 1597 tauquam
1454 1531 1712 1585 extremis
1755 1531 1912 1584 malis
1964 1531 2058 1584 de-

487 1642 686 1681 merso.

558 1803 723 1857 Vens.
748 1805 831 1869 ll,
860 1804 949 1857 12.
988 1830 1058 1844 -
1101 1822 1118 1854 ι
1144 1803 1437 1873 Apparebit
1453 1804 1720 1857 Dominus
1746 1818 1910 1872 super
1938 1817 2053 1868 eos,

488 1904 542 1949 et
572 1895 852 1966 disperdet
886 1910 1078 1949 omnes
1128 1896 1259 1950 deos
1290 1895 1532 1965 gentium
1567 1902 1749 1960 terrae,
1782 1902 1837 1950 et
1863 1894 2059 1949 adora-

490 1987 624 2040 bunt
650 2002 772 2043 eum
804 1986 1006 2057 singuli
1033 1988 1100 2041 de
1141 1988 1259 2041 loco
1288 2001 1411 2051 suo,
1458 1997 1669 2042 cunctae
1702 1987 1896 2041 insula:
1928 2001 2059 2057 gen-

490 2079 649 2132 tium.
677 2097 696 2131 ι
733 2078 1005 2135 lllustrem
1064 2079 1228 2134 faciet
1274 2080 1537 2135 ultionem
1571 2095 1728 2136 suam
1762 2080 1927 2145 Deus,
1983 2082 2059 2135 ita

489 2178 548 2223 ut
578 2170 908 2241 alienigenas
938 2186 1129 2227 omnes
1152 2186 1277 2225 cum
1312 2172 1476 2227 cultis
1507 2172 1574 2226 ab
1606 2173 1686 2227 eis
1716 2173 1822 2227 diis
1855 2172 2061 2243 disper-

487 2263 580 2315 dat
615 2279 628 2314 :
661 2277 770 2331 quo
799 2260 889 2317 ﬁet
930 2269 988 2315 ut
1040 2262 1240 2332 reliqui
1304 2276 1496 2317 omnes
1527 2263 1731 2333 ubique
1786 2263 2056 2329 homines,

487 2356 543 2408 in
611 2353 840 2408 urbibus
898 2352 1228 2421 insulisque,
1281 2351 1374 2407 Dei
1424 2352 1769 2409 facinoribus
1817 2353 2058 2419 attoniti,

485 2460 775 2501 commune
809 2446 884 2498 illi
920 2445 1240 2515 obsequium
1277 2445 1589 2511 exhibeant,
1617 2447 1671 2499 in
1704 2461 1801 2500 sua
1827 2446 2061 2516 quisque

488 2536 721 2591 statione
750 2549 1024 2588 summam
1051 2534 1199 2589 illius
1240 2535 1537 2602 potentiam
1573 2534 1913 2590 conﬁtentes.
1954 2554 1971 2586 ι
1996 2534 2062 2589 Ει

490 2640 618 2686 vos,
640 2621 946 2695 IEthiopes,
973 2627 1439 2700 vulneratigladto
1460 2646 1604 2688 meo.
1634 2646 1653 2680 ι
1689 2625 1800 2682 Vos
1831 2641 2061 2696 quoque

488 2716 667 2787 gladio
695 2732 723 2768 a
759 2717 896 2770 meis
932 2716 1259 2785 puniemini,
1292 2725 1516 2787 propter
1549 2732 1613 2771 ea
1644 2732 1763 2788 qua:
1794 2718 2058 2772 adversus

489 2809 587 2863 hos
611 2808 903 2878 peccastis.
923 2807 1210 2877 [EthiOpes
1223 2816 1403 2863 autem
1428 2824 1573 2863 nunc
1594 2809 1756 2864 etiam
1781 2811 1913 2864 dicit
1936 2811 2058 2865 illos

484 2896 720 2968 [Egypto
757 2897 1039 2952 finitimos.
1073 2895 1163 2952 Sic
1189 2907 1372 2951 autem
1402 2898 1640 2968 loquitur
1681 2900 1899 2953 beatum
1931 2899 2057 2953 imi-

2153 524 2398 579 τάλοιποι
2427 524 2611 589 ἔθνους
2643 542 2744 596 μου
2782 524 3278 596 κληρονομήσουσιν
3305 526 3523 591 αὐτούς.
3560 546 3581 581 ι
3615 530 3717 583 Καὶ

2153 618 2187 688 ή
2212 617 2501 687 Δαμασκὺς
2528 617 2604 683 δὲ,
2638 618 2819 688 φησιν,
2845 617 2919 683 ὼς
2953 618 3019 672 ἂν
3053 618 3302 689 θημωνιά
3320 620 3377 671 ἐν
3402 618 3568 673 ἀλωνι
3602 638 3717 674 συνο

2153 709 2401 781 τριϐεἰσα
2443 710 2800 781 ἀφανισθείη,
2852 711 3025 775 οὕτως
3072 711 3284 782 ἀφανὴς
3332 713 3621 783 γενήσεται
3666 714 3720 776 ἐξ

2156 801 2320 870 ὄγκου
2351 803 2608 873 μεγίστου
2643 803 2736 857 καὶ
2776 803 3149 875 ὑπερηφανίας
3193 802 3393 874 πολλῆς
3424 806 3505 867 είς
3533 821 3718 857 ταπει-

2154 895 2352 964 νότητα
2396 894 2729 965 καταχθεῖσα
2760 896 3050 965 μεγίστην·
3083 895 3223 971 ὥστε
3251 896 3374 958 τοὺς
3418 896 3721 965 ὑπολιμπα-
3750 917 3757 923 ο

2154 983 2409 1054 νομένους
2434 984 2542 1037 τῶν
2583 984 2732 1055 ἐμῶν
2762 985 2854 1038 καὶ
2901 985 3001 1055 τῆς
3041 984 3297 1037 ἐπανόδου
3347 986 3643 1055 τυχόντας,
3670 987 3721 1036 ἐν

2152 1074 2429 1145 διαρπαγῇ
2472 1093 2533 1127 τε
2588 1074 2912 1146 ποιήσασθαι
2946 1076 3148 1138 πάντας
3190 1076 3385 1137 αὐτοὺς
3414 1076 3505 1127 καὶ
3535 1075 3723 1144 κτῆσιν

2158 1164 2292 1219 ἰδίαν
2348 1168 2496 1236 σχεῖν
2550 1167 2617 1219 τὰ
2672 1166 2914 1220 ἐκείνων.
2963 1184 2983 1217 ι
3038 1166 3186 1237 Αὐτὴ
3238 1167 3419 1229 αὐτοῖς
3468 1166 3592 1218 ἀντὶ
3632 1167 3723 1233 τῆς

2156 1254 2366 1326 ὕϐρεως
2415 1257 2615 1317 αὐτῶν,
2662 1256 2796 1310 διότι
2837 1257 3117 1311 ώνείδισαν
3162 1257 3256 1311 καὶ
3281 1256 3724 1327 ὲμεγαλύνθησαν

2156 1348 2248 1399 ἐπὶ
2288 1346 2377 1400 τὸν
2411 1348 2537 1401 λαὸν
2567 1348 2770 1420 Κυρίου
2820 1349 3275 1421 παντοκράτορος.
3326 1369 3345 1401 ι
3382 1349 3569 1401 Ταῦτα
3599 1348 3723 1417 γάρ,

2157 1439 2309 1505 φησι,
2342 1439 2620 1491 πείσονται
2671 1440 2811 1510 ὑπὲρ
2855 1432 2930 1494 ὧν
2973 1441 3276 1512 ἐτόλμησαν
3314 1443 3393 1505 είς
3424 1442 3595 1506 Θεὸν,
3632 1444 3727 1494 καὶ

2154 1530 2459 1601 ἐξυϐρίζειν
2492 1531 2840 1596 ὀνειδίζοντες
2875 1536 2987 1597 τοῖς
3019 1536 3173 1604 ἐμοῖς
3198 1535 3284 1587 ἐπ’
3316 1535 3439 1603 ἐμοὶ
3467 1551 3727 1587 κατεπαι-

2090 1655 2129 1708 B
2161 1623 2377 1694 ρόμενοι
2427 1623 2603 1675 αὐτῶν
2656 1622 2731 1685 ώς
2781 1621 2846 1675 ἂν
2879 1625 2937 1676 ἐν
2995 1626 3301 1693 συμφοραῖς
3348 1624 3515 1679 ὄντων
3564 1624 3729 1694 ἐσχά-

2159 1731 2299 1777 ταις.

2230 1804 2377 1873 Στίχ.
2411 1809 2499 1867 ια’,
2539 1802 2618 1871 ιβ’.
2653 1832 2723 1841 —
2754 1821 2773 1854 ‹
2796 1802 3092 1873 Ἐπιφανὴς
3119 1803 3271 1856 ἕσται
3299 1803 3502 1874 Κύριος
3530 1804 3619 1857 ἐπ’
3644 1805 3729 1857 αὖ·

2156 1894 2303 1960 τοὺς,
2323 1894 2416 1947 καὶ
2450 1894 2817 1966 ἐξολοθρεύσει
2840 1894 3045 1958 πάντας
3074 1894 3200 1958 τοὺς
3232 1895 3398 1958 Θεοὺς
3420 1894 3530 1948 τῶν
3559 1894 3730 1947 ἐθνῶν

2156 1990 2256 2059 τῆς
2287 1989 2407 2060 γῆς·
2448 1986 2524 2059 (p.
2553 1989 2677 2059 597)
2708 1990 2802 2042 καὶ
2828 1989 3289 2062 προσκυνήσουσιν
3317 1987 3465 2058 αὑτῷ
3500 1988 3729 2051 ἕκαστος

2158 2083 2222 2136 ἐκ
2247 2083 2413 2136 τόπου
2446 2082 2609 2136 αὑτοῦ
2648 2085 2818 2137 πᾶσαι
2861 2085 2919 2137 αί
2964 2085 3117 2154 νῆσοι
3145 2082 3252 2136 τῶν
3284 2082 3471 2136 ἐθνῶν.
3511 2101 3532 2134 ι
3564 2083 3731 2151 Περι-

2160 2174 2302 2245 φανῆ
2327 2175 2508 2228 τοίνυν
2541 2178 2825 2247 ποιήσεται
2872 2176 2971 2248 τὴν
3008 2176 3214 2231 οἰκείαν
3252 2175 3496 2228 ἐκδικίαν
3518 2177 3547 2228 ό
3577 2175 3727 2237 Θεὸς.

2157 2266 2299 2320 ὥστε
2333 2267 2539 2330 πάντας
2574 2268 2699 2330 τοὺς
2719 2266 3029 2331 ἀλλοτρίους
3064 2266 3200 2338 μετὰ
3241 2265 3348 2319 τῶν
3388 2265 3519 2337 παρ’
3550 2266 3732 2327 αὐτοῖς

2159 2360 2607 2431 θρησκευομένων
2666 2358 2926 2413 ἀπολέσαι
2986 2358 3153 2412 θεῶν’
3215 2358 3461 2420 ἅπαντάς
3504 2375 3567 2410 τε
3607 2357 3733 2420 τοὺς

2160 2450 2435 2522 πανταχοῦ
2463 2450 2645 2503 λοιπον
2680 2448 3017 2521 ἀνθρώπους,
3054 2450 3107 2502 εί
3129 2467 3189 2503 τε
3225 2451 3284 2501 ἐν
3331 2448 3553 2501 πόλεσιν
3598 2449 3654 2501 εἴ
3677 2465 3733 2501 τι

2158 2546 2215 2597 ἐν
2242 2544 2445 2613 νήσοις,
2472 2542 2670 2614 πολλὴν
2699 2543 2790 2595 ἐπὶ
2817 2545 2927 2606 τοῖς
2952 2541 3103 2613 παρὰ
3127 2539 3220 2595 τοῦ
3252 2540 3385 2594 Θεοῦ
3426 2540 3733 2610 γινομένοις

2156 2634 2256 2705 τὴν
2283 2632 2542 2705 ἔκπληξιν
2567 2633 2850 2698 λαϐόντας,
2886 2634 3069 2703 κοινὴν
3099 2631 3249 2702 αύτῷ
3292 2634 3388 2703 τὴν
3420 2632 3733 2702 προσκύνη-

2160 2740 2243 2777 σιν
2291 2723 2617 2786 ἀποδιδόναι,
2644 2723 2701 2775 ἐν
2733 2724 2845 2785 τοῖς
2882 2721 3029 2783 ίδίοις
3057 2718 3286 2772 ἑκάστου
3332 2718 3524 2781 τόποις
3554 2716 3739 2788 ὁμολο-

2157 2814 2380 2884 γοῦντος
2424 2814 2522 2884 τῆς
2576 2812 2859 2883 δυνάμεως
2890 2809 3053 2863 αὑτοῦ
3081 2810 3179 2881 τὴν
3213 2809 3543 2880 ὑπερϐολήν.
3572 2828 3590 2859 ι
3628 2808 3739 2860 Καὶ

2158 2907 2334 2977 ὑμεῖς,
2364 2904 2636 2970 Αἰθίοπες,
2675 2902 3009 2974 τραυματίαι
3050 2902 3323 2973 ῥομφαίας
3370 2918 3472 2971 μου
3526 2899 3675 2953 ἐστέ.
3714 2918 3733 2950 ι

486 2996 609 3041 tans
640 2986 960 3057 prophetam
995 2986 1278 3052 Amosum,
1298 2988 1391 3058 qui
1414 2986 1541 3041 dum
1574 2986 1787 3043 lsraelis
1819 3004 1918 3043 nec
1947 3005 2053 3043 non

2158 2996 2269 3049 Καὶ
2288 2995 2440 3048 αὐτοὶ
2463 2995 2517 3047 δὲ
2542 2994 2682 3063 ξίφει
2718 2993 2828 3063 (55)
2866 2992 2955 3045 διὰ
2979 2992 3086 3045 τῶν
3112 2992 3258 3062 ἐμῶν
3283 2987 3737 3061 τιμωρηθήσεσθε

488 3078 827 3132 Hierusalem
864 3077 1078 3132 futuros
1100 3092 1263 3132 casus
1285 3079 1500 3143 recitat,
1518 3078 1763 3132 meminit
1802 3079 1960 3149 261
1985 3081 2061 3134 si-

485 3170 597 3224 mul
618 3170 1068 3239 alienigenarum,
1093 3172 1274 3240 qualia
1290 3171 1499 3227 scilicet
1520 3172 1733 3241 passuri
1752 3171 1861 3226 sint
1877 3172 2064 3226 Dama-

486 3261 659 3323 sccni,
679 3260 854 3330 Tyrii,
891 3259 1136 3325 Idumaei,
1158 3261 1505 3326 Ammanitae,
1549 3262 1839 3332 caaterique
1869 3278 2061 3320 omnes

484 3369 719 3421 quorum
751 3352 882 3408 facit
910 3353 1258 3407 mentionem.
1295 3352 1495 3409 Eodem
1547 3353 1713 3425 igitur
1745 3356 1906 3410 modo
1939 3357 2064 3411 bea-

488 3452 576 3498 tus
603 3443 915 3514 Sephonias
946 3453 1234 3513 postquam
1264 3456 1525 3501 eventura
1566 3446 1687 3501 urbi
1708 3446 2052 3503 Hierusalem

489 3554 519 3589 a
552 3536 866 3607 Babyloniis
896 3537 1036 3589 mala
1072 3536 1340 3605 praedixit,
1395 3546 1660 3592 memorat
1698 3539 1860 3593 etiam
1893 3548 2057 3611 quot-

488 3638 625 3699 quot
678 3627 767 3682 his
796 3630 863 3681 ab
914 3627 1039 3682 aliis
1076 3628 1330 3698 gentibus
1377 3629 1557 3685 clades
1598 3638 1754 3684 erant
1787 3646 1881 3700 per
1916 3625 2072 3686 illud‘

485 3728 702 3790 tempus
740 3729 1171 3788 superventurae.
1200 3718 1543 3789 Quapropter
1581 3729 1706 3791 post
1738 3732 1865 3778 ante
1907 3722 2053 3778 dicta

485 3824 795 3865 sermonem
818 3810 1079 3866 transfert
1110 3810 1180 3865 ad
1210 3812 1466 3882 Assyrios
1514 3820 1569 3867 et
1614 3811 1871 3879 Niniven,
1921 3814 2051 3884 quia

482 3901 741 3958 nimirum
774 3909 903 3954 tunc
934 3899 1211 3972 Babylonii
1229 3901 1576 3973 Assyriorum
1595 3902 1882 3972 imperium
1913 3904 2055 3959 dele-

480 3997 695 4052 verunt,
753 3990 901 4060 regia
954 3989 1199 4059 ipsorum
1250 3990 1385 4044 urbe
1437 3988 1630 4045 Ninive
1687 3992 1948 4047 subversa
1999 4001 2054 4048 et

482 4084 723 4139 vastitati
751 4082 1081 4139 omnimodae
1109 4082 1327 4137 tradita.
1367 4082 1521 4139 Unde
1548 4084 1699 4139 addit
1732 4104 1745 4139 ε

2158 3088 2299 3159 ὑπὲρ
2332 3080 2407 3139 ὧν
2442 3085 2942 3157 πεπλημμελήκατε
2984 3087 3063 3147 εἰς
3098 3084 3294 3145 αύτούς
3328 3098 3341 3111 ·
3383 3082 3655 3144 Αἰθίοπας
3684 3081 3739 3133 δὲ

2159 3179 2253 3232 καὶ
2278 3177 2373 3231 νῦν
2395 3178 2520 3241 τοὺς
2546 3178 2940 3247 πλησιάζοντας
2969 3175 3227 3247 Αἰγύπτῳ
3249 3176 3415 3244 λέγει.
3432 3174 3610 3228 Ταυτὶ
3641 3174 3738 3243 μὲν

2159 3264 2251 3323 οὖν
2284 3268 2405 3323 καθ’
2436 3269 2727 3339 ὁμοιότητα
2778 3267 2871 3320 τοῦ
2916 3267 3182 3339 μακαρίου
3228 3266 3408 3337 Ἀμὼς
3449 3264 3548 3319 τοῦ
3606 3282 3741 3335 προ-

2161 3363 2332 3433 φήτου
2367 3361 2553 3432 φησὶν,
2581 3361 2640 3423 ὃς
2665 3359 2736 3413 τά
2757 3377 2816 3412 τε
2858 3360 2935 3430 τῷ
2975 3358 3208 3430 Ἰσραὴλ,
3231 3360 3300 3412 τά
3331 3375 3392 3412 τε
3424 3360 3493 3429 τῇ
3540 3357 3741 3428 Ἰερου-

2158 3452 2340 3524 σαλὴμ
2369 3451 2759 3523 συμϐησόμενα
2786 3450 2982 3519 λέγων,
3014 3450 3285 3520 μέμνηται
3318 3449 3413 3502 καὶ
3450 3447 3565 3501 τῶν
3592 3446 3741 3500 ἀλλο-

2152 3545 2319 3616 τρίων
2366 3544 2541 3598 ὁπόσα
2578 3543 2858 3596 πείσονται
2912 3542 3006 3595 καὶ
3059 3541 3231 3605 αὐτοὶ,
3275 3538 3637 3610 Δαμασκηνοί
3681 3554 3739 3589 τε

2153 3635 2297 3704 λέγω
2328 3635 2426 3689 καὶ
2484 3634 2713 3705 Τύριοι,
2761 3634 3048 3704 Ἰδουμαῖοι
3098 3634 3190 3686 καὶ
3232 3634 3588 3704 Ἀμμανῖται,
3647 3633 3743 3684 καὶ

2152 3729 2355 3791 πάντες
2385 3727 2442 3780 δὲ
2463 3727 2674 3781 ὁπόσων
2712 3726 3003 3797 πεποίηται
3031 3725 3250 3795 μνήμην
3270 3742 3282 3755 ·
3314 3724 3405 3777 τὸν
3434 3723 3602 3777 αὐτὸν
3633 3724 3742 3794 γὰρ

2156 3821 2221 3895 δὴ
2274 3820 2476 3891 τρόπον
2522 3818 2617 3872 καὶ
2653 3820 2683 3871 ὁ
2718 3817 2985 3889 μακάριος
3043 3817 3303 3885 Σοφονίας
3347 3816 3418 3869 τὰ
3470 3817 3605 3886 περὶ
3640 3817 3740 3885 τὴν

2171 3912 2525 3986 Ἰερουσαλὴμ
2552 3912 2785 3982 ἐσόμενα
2824 3908 2975 3981 παρά
3013 3908 3119 3961 τῶν
3144 3907 3502 3962 Βαϐυλωνίων
3531 3908 3592 3959 ἐν
3618 3906 3739 3959 τού-

2157 4022 2271 4068 τοις
2324 4003 2520 4071 λέγων,
2552 4001 2827 4072 μέμνηται
2861 4000 2956 4053 καὶ
2988 4000 3097 4053 τῶν
3140 4000 3241 4053 ὅσα
3280 4001 3393 4061 τοῖς
3431 3997 3743 4067 ἀλλοτρξπ

2159 4100 2278 4152 κατ’
2309 4098 2514 4150 ἐκεῖνον
2556 4094 2873 4165 συμϐαίνειν
2907 4091 3141 4163 ἤμελλεν
3187 4092 3279 4145 τὸν
3321 4090 3536 4160 καιρόν.
3572 4087 3741 4143 Ὅθεν

479 4174 543 4244 δὴ
565 4173 703 4245 μετά
721 4174 789 4227 τά
818 4173 1202 4245 προρρηθέντα
1238 4173 1332 4225 ἐπὶ
1364 4174 1489 4236 τοὺς
1524 4173 1845 4243 Ἀσσυρίους
1872 4196 1929 4231 τε
1953 4185 2047 4237 καὶ
2076 4187 2174 4258 τὴν
2196 4184 2400 4254 Νινευὴ
2440 4184 2666 4253 μετάγει
2695 4183 2788 4235 τὸν
2811 4180 2968 4249 λόγον
2989 4197 3004 4212 ’
3041 4181 3228 4251 ἐπειδὴ
3258 4181 3376 4234 τότε
3402 4178 3741 4231 Βαϐυλώνια

480 4266 575 4319 καὶ
603 4266 702 4337 τὴν
716 4265 1015 4337 Ἀσσυρίων
1036 4263 1283 4318 καθεῖλον
1312 4264 1507 4335 ἀρχὴν,
1528 4266 1626 4336 τὴν
1650 4266 2037 4335 βασιλεύουσαν
2069 4279 2127 4331 ἐν
2152 4278 2334 4347 αὐτοῖς
2364 4274 2538 4339 πόλιν,
2558 4277 2635 4344 (p.
2664 4272 2788 4342 598)
2810 4272 2908 4343 τὴν
2940 4272 2988 4324 Ν
2996 4272 3142 4345 ινευὴ
3172 4271 3334 4340 λέγω,
3358 4269 3740 4341 ἐκπορθήσαν-

479 4357 569 4420 τές
601 4375 661 4410 τε
693 4358 787 4410 καὶ
820 4357 1027 4429 ἐρημίᾳ
1070 4355 1324 4411 παντελεῖ
1349 4357 1868 4425 παραδόντες.”Οθεν
1897 4364 2123 4435 ἐπάγει*

552 4450 722 4507 Vens.
789 4453 973 4507 13-15.
1012 4482 1083 4496 —
1126 4452 1238 4505 «Et
1313 4452 1570 4508 extendet
1623 4472 1845 4511 manum
1900 4474 2054 4516 suam

2230 4464 2377 4533 Στίχ.
2410 4460 2675 4532 ιγ’-ιε’.-
2696 4479 2716 4513 ι
2752 4463 2863 4516 Καὶ
2893 4462 3103 4514 ἐκτενεῖ
3131 4461 3229 4529 τὴν
3262 4461 3419 4528 χεῖρα
3446 4456 3615 4510 αὐτοῦ
3648 4458 3742 4509 ἐπὶ

483 4558 647 4612 super
670 4544 1006 4613 aquilonem,
1047 4553 1101 4598 et
1134 4545 1325 4614 perdet
1354 4545 1668 4617 Assyrium,
1697 4556 1752 4601 et
1783 4563 1947 4618 ponet
1971 4551 2061 4606 Ni-

482 4635 641 4688 uiven
692 4635 745 4688 in
784 4635 1176 4690 desolationem
1224 4638 1542 4706 inaquosam
1568 4639 1726 4707 quasi
1757 4640 2052 4697 desertum.

482 4726 548 4778 Et
574 4738 867 4795 pascentur
890 4728 944 4781 in
968 4728 1147 4781 medio
1171 4728 1290 4796 ejus
1321 4744 1533 4798 greges.
1566 4737 1619 4783 et
1649 4746 1838 4786 omnes
1868 4733 2055 4789 bestia:

2162 4555 2385 4629 βορρᾶν,
2429 4556 2525 4609 καὶ
2573 4554 2767 4609 ἀπολεῖ
2820 4554 2913 4607 τὸν
2952 4553 3267 4622 Ἀσσύριον,
3299 4551 3393 4603 καὶ
3431 4549 3589 4620 θήσει
3639 4548 3744 4619 τὴν

2160 4645 2364 4716 Νινευὴ
2401 4646 2484 4709 εἰς
2540 4646 2845 4716 ἀφανισμὸν
2881 4645 3106 4716 ἄνυδρον
3137 4645 3213 4708 ὡς
3259 4643 3487 4713 ἔρημον,
3520 4641 3619 4695 καὶ
3650 4657 3739 4695 νει

2164 4739 2395 4807 μήσεται
2415 4741 2472 4791 ἐν
2508 4739 2658 4809 μέσῳ
2684 4738 2853 4810 αὐτῆς
2872 4736 3124 4809 ποίμνια,
3155 4739 3247 4792 καὶ
3263 4736 3441 4789 πάντα
3470 4734 3538 4787 τά
3569 4734 3745 4804 θηρία

480 4830 659 4880 ωτι-αξ,
692 4830 746 4875 et
771 4820 1190 4875 chamaleontes
1219 4829 1275 4874 et
1307 4821 1462 4873 ericii
1493 4821 1547 4873 in
1578 4823 1914 4891 prazsepibus
1941 4825 2057 4894 ejus

2158 4828 2253 4897 τῆς
2278 4827 2403 4896 γῆς,
2438 4828 2532 4881 καὶ
2559 4828 2946 4899 χαμαιλέοντες
2975 4829 3069 4881 καὶ
3099 4829 3262 4897 ἐχῖνοι
3291 4829 3349 4881 ἐν
3384 4831 3495 4890 τοῖς
3523 4826 3745 4895 φατνώ-

480 4911 758 4966 cubabunt
786 4930 798 4965 :
830 4921 880 4966 et
909 4912 1099 4967 bestia:
1147 4912 1463 4965 clamabunt
1510 4912 1563 4965 in
1615 4911 1787 4969 foveis
1819 4914 1961 4985 ejus,
2005 4924 2060 4970 et

477 5003 630 5056 corvi
686 5002 742 5057 in
782 5003 957 5073 portis
989 5004 1131 5072 ejus,
1184 5003 1311 5073 quia
1348 5003 1545 5057 cedrus
1588 5004 1819 5059 altitudo
1864 5006 2004 5075 ejus.
2032 5026 2051 5059 ι

2160 4935 2321 4988 μασιν
2355 4919 2524 4989 αὐτῆς
2557 4921 3025 4992 κοιτασθήσονται,
3058 4920 3151 4973 καὶ
3193 4920 3357 4991 θηρία
3392 4922 3636 4991 φωνήσει
3684 4920 3747 4971 ἐν

2154 5009 2267 5068 τοῖς
2306 5007 2665 5079 διορύγμασιν
2705 5010 2893 5080 αὐτῆς,
2926 5011 3019 5063 καὶ
3044 5011 3274 5080 κόρακες
3315 5012 3374 5062 ἐν
3403 5014 3514 5073 τοῖς
3548 5010 3743 5062 πυλῶ-

475 5093 730 5148 Profecto
772 5097 937 5149 etiam
972 5096 1042 5150 ab
1088 5096 1330 5167 Assyriis
1379 5110 1571 5166 pmnas
1617 5112 1920 5166 reposcam,
1962 5100 2056 5168 qui

2158 5113 2235 5149 σιν
2264 5098 2433 5169 αὐτῆς
2455 5117 2469 5129 ·
2510 5099 2644 5153 διότι
2693 5101 2881 5171 κέδρος
2915 5100 2976 5154 τὸ
3010 5102 3297 5171 ἀνάστημα
3342 5101 3532 5171 αὐτῆς.
3568 5121 3586 5152 ι
3626 5101 3747 5153 Καὶ

477 5188 567 5238 tali
601 5201 726 5239 cum
780 5187 1062 5257 pr0posito
1096 5187 1437 5241 Hierusalem
1494 5190 1737 5257 aggressi
1774 5198 1921 5243 sunt.
1960 5188 2055 5242 Et-

473 5276 618 5328 euim
653 5277 897 5345 ipsorum
920 5277 1121 5346 regiam
1146 5278 1331 5331 urbem
1352 5275 1579 5331 Niniven
1594 5278 1729 5332 adeo
1747 5278 2048 5343 destruam,

474 5376 533 5418 ut
566 5368 723 5435 plane
756 5369 975 5424 deserta
1016 5369 1129 5432 flat,
1187 5376 1240 5423 et
1290 5369 1341 5422 in
1372 5369 1553 5423 medio
1585 5369 1705 5438 ejus
1755 5377 2049 5439 pascantur

472 5474 681 5527 greges.
702 5468 754 5513 et
782 5460 909 5514 ferm
928 5462 1265 5522 habitent,ct
1297 5468 1566 5531 quotquot
1591 5460 1847 5513 animalia
1870 5462 2050 5515 solent

476 5548 530 5600 in
568 5547 961 5605 desertissimis
994 5553 1126 5606 locis
1171 5552 1438 5609 cubitare.
1494 5549 1604 5606 Has
1639 5558 1817 5605 autem
1869 5550 2043 5619 justas

548 5706 658 5771 (53)
697 5708 831 5761 Cod.
862 5708 1007 5778 ξίφη.

2147 5187 2256 5259 γὰρ
2288 5187 2382 5241 καὶ
2413 5189 2564 5261 παρὰ
2596 5190 2706 5243 τῶν
2735 5192 3031 5262 Ἀσσυρίων
3052 5192 3171 5245 τότε
3197 5191 3260 5262 δὴ
3287 5191 3527 5262 λήψομαι
3553 5192 3743 5255 δίκας,

2158 5280 2297 5351 μετὰ
2334 5281 2590 5353 τοιαύτης
2610 5281 2836 5354 γνώμης
2881 5282 3127 5335 ἐπελθεῖν
3169 5282 3643 5353 ἐπιχειρησάντων
3674 5286 3747 5352 τῇ

2168 5372 2525 5445 Ἰερουσαλήμ
2565 5392 2578 5405 ο
2620 5375 2835 5444 ἀφανιῶ
2866 5375 2975 5447 γὰρ
3019 5375 3197 5429 αὐτῶν
3250 5375 3344 5429 καὶ
3396 5374 3597 5443 Νινευὴ
3641 5374 3752 5443 τὴν

2158 5461 2403 5531 βασιλίδα
2439 5465 2625 5519 πόλιν·
2664 5466 2804 5520 ὥστε
2856 5466 3108 5536 γενέσθαι
3163 5465 3263 5538 μὲν
3315 5466 3486 5538 αὐτὴν
3526 5464 3747 5535 ἔρημον

2164 5554 2461 5620 παντελῶς,
2496 5557 2554 5611 ἐν
2606 5558 2755 5631 μέσῳ
2784 5559 2841 5614 δὲ
2871 5558 3043 5629 αὐτῆς
3077 5558 3303 5630 ποίμνιά
3334 5575 3394 5611 τε
3445 5554 3746 5626 νέμεσθαι,
