3934 6518
152 416 254 473 ιειτ

1088 413 1632 471 COMMENTARIUS
1670 414 1733 469 IN
1775 413 2141 469 SOPIlONlAﬂ
2192 412 2343 467 C'AP.
2386 414 2474 467 111.

3285 407 3385 465 466

151 534 243 587 καὶ
274 531 436 602 θηρία
462 530 685 599 διάγειν,
701 530 795 583 καὶ
811 529 880 583 τὰ
904 530 1065 585 λοιπὰ
1095 532 1157 604 δὴ
1177 532 1293 598 ζῶα
1329 534 1501 587 ὁπόσα
1525 536 1583 588 ὲν
1604 536 1715 598 τοῖς

1831 533 1962 586 iabit
1992 548 2203 602 poenas,
2234 532 2362 601 quia
2406 538 2594 586 contra
2630 546 2822 587 omnes
2863 527 3213 599 superbiebat
3250 528 3390 581 civi-

153 623 507 694 ὲρημοτάτοις
540 621 876 692 ὲμφωλεύειν
918 622 1106 677 εἴωθεν
1132 624 1335 689 τόποις.
1372 625 1588 697 Ταύτην
1610 626 1717 697 γὰρ

152 715 309 766 δώσει
353 712 505 784 δίκην
561 712 774 767 δικαίαν
824 712 963 784 ὑπὲρ
1010 707 1086 767 ὧν
1145 715 1287 786 μέγα
1333 716 1473 770 κατὰ
1531 718 1719 770 πασῶν

154 805 367 876 ἐφρόνει
401 803 514 857 τῶν
557 804 780 867 πόλεων,
804 804 1002 858 ὡσανεὶ
1042 806 1236 878 κέδρου
1285 808 1441 879 δίκην
1490 810 1625 880 πρὸς
1650 811 1719 864 τὰ

153 895 313 948 λοιπὰ
346 896 672 966 κρινομένης
702 896 842 965 φυτὰ
884 897 1267 970 ὑπερφέρουσα
1296 899 1404 953 τῶν
1441 901 1714 955 ἁπάντων.

160 986 346 1055 «Αὕτη
373 988 406 1055 ἠ
436 985 588 1049 πόλις
612 988 643 1055 ὴ
669 986 993 1057 φαυλίστρια
1022 990 1055 1058 ἠ
1082 990 1404 1042 κατοικοῦσα
1427 992 1715 1057 ἐπ’ὲλπίδι,

153 1077 181 1145 ἡ
215 1075 447 1143 λέγουσα
478 1077 535 1128 ὲν
569 1076 763 1146 καρδία
798 1078 985 1146 αὐτῆς,
1023 1078 1161 1145 Ἐγώ
1184 1081 1319 1148 είμι,
1352 1080 1445 1133 καὶ
1478 1080 1576 1133 ούκ
1604 1082 1718 1135 ἔστι

158 1166 271 1234 μετ’
288 1165 313 1216 ἑ
322 1164 390 1236 μὲ
419 1165 517 1218 ἔτι.
533 1185 551 1217 ι
576 1166 804 1236 Εὔδηλον
828 1167 883 1219 δὲ
902 1168 981 1220 ὅτι
1013 1169 1077 1221 ὲκ
1094 1168 1194 1238 τῆς
1210 1169 1418 1231 πόλεως
1442 1171 1548 1224 τῶν
1578 1172 1717 1225 ἐνοι-

156 1254 392 1308 κούντων
411 1255 471 1308 τὸ
498 1258 750 1327 φρόνημα
776 1258 921 1326 λέγει
942 1276 956 1289 ο
980 1259 1040 1311 οὐ
1070 1258 1181 1331 γὰρ
1210 1259 1274 1331 δὴ
1301 1260 1428 1333 περὶ
1451 1262 1559 1315 τῶν
1581 1262 1718 1332 ἀψύ-

156 1364 265 1415 χων
296 1346 459 1399 λίθων
489 1347 662 1400 ταῦτά
704 1365 885 1418 φησιν.
918 1348 1065 1419 Αὕτη
1103 1350 1303 1416 τοίνυν,
1333 1354 1514 1422 φησὶν,
1572 1352 1718 1407 ἐστιν

156 1438 185 1503 ὴ
216 1436 563 1507 φαυλίστρια,
600 1439 719 1491 ἀντὶ
750 1439 865 1501 τοῦ,
899 1440 933 1509 ἡ
966 1442 1141 1497 πάντα
1175 1443 1274 1512 μὲν
1294 1443 1714 1514 ὲκφαυλίζουσα,

156 1521 227 1585 (p.
277 1518 406 1585 399)
444 1521 540 1571 καὶ
597 1520 766 1591 μηθὲν
822 1518 961 1575 εἶναι
999 1526 1124 1589 τοὺς
1179 1526 1397 1590 λοιποὺς
1441 1529 1716 1600 ἡγουμένη

155 1606 292 1675 πρὸς
339 1608 558 1677 ἑαυτὴν,
600 1612 789 1679 ἀρκεῖν
816 1610 873 1663 δὲ
900 1613 1062 1684 ἑαυτῇ
1088 1615 1221 1684 πρὸς
1250 1616 1459 1669 ἅπαντα
1494 1617 1716 1688 ὑπειλη-

157 1701 319 1766 φυίαο
342 1699 502 1752 τοῦτο
538 1701 646 1769 γάρ
687 1703 800 1755 ἐστι
836 1702 898 1755 τὸ
931 1725 949 1755 ε
986 1705 1313 1759 κατοικοῦσα
1346 1708 1432 1759 ἐπ’
1464 1708 1659 1772 ἐλπίδι,
1692 1727 1710 1760 ι

156 1789 277 1842 ἀντὶ
324 1790 419 1842 τοῦ
440 1832 454 1851 ,
488 1791 674 1846 ἐλπίδα
705 1793 829 1863 περὶ
862 1794 1060 1865 ἑαυτῆς
1100 1793 1296 1864 ἔχουσα
1335 1796 1411 1859 ῶς
1443 1796 1595 1850 οὐδὲν
1634 1798 1718 1851 ού-

155 1880 346 1933 δέποτε
376 1882 667 1954 πεισομένη
698 1883 827 1954 παρ’
858 1884 1043 1955 ἑτέρου
1080 1886 1247 1939 κακόν
1281 1903 1295 1918 ·
1323 1882 1609 1959 διακεμένη
1631 1902 1713 1953 τε,
1749 1865 1792 1920 Β

159 1974 343 2042 φησὶν,
377 1974 451 2036 ὡς
488 1974 619 2045 μόνη
658 1992 717 2028 τε
741 1971 902 2042 οὖσα,
926 1978 1019 2029 καὶ
1039 1977 1157 2029 οὐδὲ
1188 1979 1245 2030 ὲν
1269 1976 1346 2049 τῷ
1376 1972 1513 2033 εἶναι
1544 1978 1724 2051 κρίνε-

161 2062 282 2114 σθαι
333 2061 500 2129 ἀξίων
537 2063 709 2117 οὐσῶν
736 2064 846 2117 τῶν
885 2064 1085 2117 λοιπῶν
1121 2065 1325 2119 πόλεων
1370 2067 1505 2136 πρὸς
1532 2068 1721 2137 αὐτήν.

160 2146 291 2202 Εἶτα
313 2150 677 2215 ὀνειδιπικῶς
700 2153 871 2207 ταῦτα
896 2153 1082 2220 είπὼν,
1114 2156 1205 2208 καὶ
1236 2156 1334 2226 τὴν
1356 2157 1495 2211 κατὰ
1511 2157 1725 2211 πάντων

158 2241 425 2306 ὀνειδίσας
439 2243 735 2314 ὑπεροψίαν
750 2246 907 2316 αὐτῇ,
922 2245 1179 2301 κάλλιστα
1198 2248 1409 2316 ἐπάγειο
1433 2268 1451 2299 ι
1464 2248 1587 2313 Πῶς
1607 2250 1729 2319 ὲγέ-

159 2350 278 2387 νετο
296 2336 381 2398 είς
406 2336 708 2407 ἀφανισμὸν
731 2337 867 2409 νομὴ
895 2337 1128 2408 θηρίων;
1157 2341 1264 2402 πᾶς
1282 2342 1311 2394 ό
1334 2342 1725 2412 παραπορευό-

162 2441 322 2493 μενος
353 2425 524 2496 αύτῆς
568 2428 873 2497 συριεῖ,καὶ
899 2430 1110 2500 κινήσει
1147 2431 1246 2494 τὰς
1274 2433 1459 2502 χεῖρας
1490 2432 1672 2486 αὑτοῦ.
1699 2453 1719 2486 ι

172 2516 333 2570 Ἀλλὰ
364 2518 475 2590 γὰρ
506 2519 622 2572 οἵαν
649 2519 1068 2593 ὑπομεμένηκας
1095 2522 1194 2593 τὴν
1226 2523 1523 2594 μεταϐολὴν
1541 2564 1556 2587 ,
1577 2525 1724 2591 ὅπως

1820 632 1979 689 tates,
2006 624 2161 695 quasi
2179 623 2374 678 cedrus
2394 623 2535 677 inter
2574 624 2810 694 reliquas
2849 622 3076 676 arbores
3102 627 3267 688 caput
3293 635 3384 673 ex-

1822 714 2037 767 tollens.
2084 731 2101 763 ‹
2133 711 2255 766 Haec
2284 720 2369 766 est
2398 712 2589 767 civitas
2620 711 2983 781 vilipendens,
3026 726 3147 779 quae
3174 710 3385 765 habitat

1820 805 1874 858 in
1909 819 2025 872 spe,
2052 818 2171 873 quae
2196 802 2329 856 dicit
2359 802 2413 856 in
2457 802 2622 857 corde
2671 817 2770 856 suo
2801 820 2815 855 :
2842 802 2953 873 Ego
2988 818 3132 867 sum,
3179 809 3234 857 et
3273 817 3384 856 non

1819 902 1903 948 est
1938 902 2057 963 post
2080 909 2164 947 me
2208 894 2461 962 amplius.
2486 913 2503 945 ι
2536 891 2690 947 Patet
2739 893 3051 963 prophetam
3102 894 3251 948 urbis
3287 908 3384 947 no-

1821 986 1965 1039 mine
1992 986 2288 1039 incolarum
2338 985 2647 1053 superbiam
2672 984 2927 1039 denotare
2961 1001 2976 1039 :
3012 1000 3186 1055 neque
3236 984 3380 1039 enim

1820 1078 1888 1132 de
1927 1079 2217 1133 insensatis
2260 1078 2532 1146 lapidibus
2583 1076 2697 1129 haec
2739 1075 2891 1129 dicit.
2932 1074 3057 1130 Ilaec
3106 1087 3190 1131 est
3230 1091 3380 1147 ergo,

1819 1169 2018 1239 inquit,
2049 1170 2178 1222 urbs
2212 1167 2570 1237 viiipendens,
2594 1166 2647 1220 id
2694 1175 2778 1222 est
2810 1167 3053 1222 omnium
3107 1176 3383 1237 contemp-

1819 1254 1951 1317 trix,
1981 1263 2033 1308 et
2049 1269 2237 1308 onmes
2254 1255 2490 1323 reliquas
2511 1270 2620 1325 prae
2650 1271 2708 1309 se
2727 1254 2881 1309 ﬂocci
2911 1254 3136 1317 faciens,
3172 1256 3383 1325 sibique

1817 1346 1919 1417 ipsi
1954 1347 2018 1400 ad
2042 1348 2221 1401 omnia
2249 1347 2495 1402 suilicere
2534 1347 2874 1403 existimans.
2907 1346 2965 1401 ld
2996 1348 3138 1401 enim
3180 1348 3383 1417 signiﬁ-

1817 1448 1945 1492 cant
1994 1438 2154 1509 262
2188 1438 2349 1491 verba
2401 1456 2419 1489 ι
2450 1438 2703 1493 habitans
2740 1438 2796 1491 in
2826 1452 2941 1507 spe,
2966 1457 2985 1490 ι
3023 1438 3077 1492 id
3102 1446 3207 1502 est,
3231 1453 3381 1508 spem

1816 1530 2007 1585 fovens
2033 1532 2166 1584 nihil
2201 1544 2436 1598 unquam
2462 1530 2586 1583 mali
2604 1545 2663 1586 se
2684 1530 2782 1586 abs
2798 1531 3040 1601 quolibet
3058 1546 3376 1601 passuram:

1818 1623 2033 1676 unicam
2056 1630 2229 1676 semet
2275 1620 2616 1685 existimans,
2665 1621 2977 1691 nullamque
3024 1621 3211 1675 urbem
3262 1637 3382 1676 esse

1816 1712 2034 1781 dignam
2066 1727 2183 1781 qum
2213 1726 2397 1765 secum
2422 1722 2789 1781 comparetur.
2822 1712 2919 1767 His
2949 1727 3058 1765 non
3106 1712 3224 1767 sine
3257 1728 3385 1766 con-

1820 1804 1961 1858 vicio
1990 1804 2174 1866 dictis,
2200 1802 2429 1872 ejusque
2474 1802 2734 1858 adversus
2768 1818 2959 1859 omnes
2991 1804 3245 1873 superbia
3283 1805 3383 1858 ob-

1816 1894 2053 1963 jnrgata,
2077 1894 2292 1963 egregie
2323 1892 2475 1946 addit
2506 1911 2519 1947 :
2554 1910 2572 1943 ι
2602 1892 2883 1957 Quomodo
2924 1892 3065 1947 facta
3095 1903 3179 1950 est
3208 1894 3260 1949 in
3294 1909 3386 1948 so-

1818 1981 2125 2047 litudinem,
2153 1982 2206 2035 in
2237 1997 2498 2052 pascuum
2538 1981 2877 2037 bestiarum?
2933 1980 3124 2038 Omnis
3166 1984 3257 2052 qui
3291 1999 3385 2053 per

1819 2088 1938 2127 eam
1969 2074 2246 2137 transibit,
2293 2074 2531 2129 sibilabit
2566 2090 2868 2147 manusque
2908 2090 3035 2131 suas
3081 2089 3387 2130 commove-

1824 2161 1921 2215 bit.
1949 2180 1965 2209 ι
1985 2161 2115 2217 llem
2130 2164 2342 2228 qualem
2360 2175 2584 2233 experta
2618 2180 2677 2221 es
2700 2166 3137 2229 conversionem,
3182 2166 3238 2219 in
3269 2176 3386 2219 tan-

1824 2261 1938 2308 tum
1964 2261 2020 2307 ut
2046 2269 2312 2324 pascuum
2345 2256 2641 2312 bestiarum
2664 2258 2905 2315 evaseris
2930 2297 2946 2322 ,
2980 2266 3040 2312 ut
3061 2273 3251 2312 onmes
3292 2258 3383 2327 qui

1823 2345 1977 2415 juxta
2000 2353 2051 2401 te
2074 2353 2380 2416 transeunt,
2406 2348 2713 2414 exsibilent,
2744 2365 3048 2420 manusque
3090 2365 3221 2405 suas
3259 2365 3387 2419 erga

1827 2446 1879 2492 te
1899 2438 2204 2505 intendant,
2237 2449 2439 2494 tantam
2470 2441 2732 2497 mirantes
2760 2442 3171 2497 conversionem
3198 2445 3209 2495 ι
3247 2441 3388 2508 Quid

1825 2544 1956 2583 vero
1983 2530 2268 2584 dicentes?

159 2608 209 2660 δὲ
230 2611 313 2673 είς
334 2612 571 2681 ἐρημίαν
602 2612 874 2676 καταστὰς
904 2613 1040 2684 νομὴ
1068 2613 1295 2682 γέγονας
1327 2614 1560 2685 θηρίων;
1589 2615 1728 2668 ὥστε
1763 2616 2007 2681 ἅπαντας
2034 2620 2161 2681 τοὺς
2185 2619 2477 2690 παριόντας
2506 2618 2776 2689 συρίττειν
2800 2636 2860 2673 τε
2887 2620 2981 2673 ἐπὶ
3007 2621 3087 2672 sol.
3108 2622 3201 2673 καὶ
3223 2622 3389 2672 κινεῖν

148 2698 256 2763 si;
285 2703 495 2771 χεῖρας,
517 2701 887 2772 θαυμάζοντὰς
906 2720 997 2755 σου
1024 2704 1123 2774 τὴν
1148 2703 1415 2774 τοσαύτην
1449 2704 1778 2775 μεταϐολήνο
1810 2707 1901 2758 καὶ
1937 2706 1990 2758 τί
2016 2705 2191 2773 λέγειν
2213 2722 2229 2771 ;

813 2862 965 2913 ΚΕΦ.
999 2861 1067 2915 l".

226 2973 385 3043 Στίχ.
410 2980 479 3035 α’,
516 2971 578 3043 β’.
606 3004 675 3014 -
709 2970 806 3026 «Ὦ
836 2978 869 3045 ἡ
915 2976 1179 3046 ἐπιφανὴς
1221 2976 1315 3028 καὶ
1347 2975 1724 3047 λελυτρωμένη

162 3062 343 3125 πόλιςο
371 3065 405 3133 ἡ
439 3064 737 3133 περιστερὰ
763 3067 863 3118 οὐκ
899 3067 1184 3135 είσήκουσε
1216 3067 1396 3136 φωνῆς
1417 3108 1430 3131 ,
1465 3067 1583 3120 οὐδὲ
1615 3068 1728 3121 ἐδέ-

163 3153 288 3217 ξατο
318 3153 586 3218 παιδείαν,
618 3154 711 3207 ἐπὶ
737 3154 814 3224 τῷ
836 3155 1023 3227 Κυρίῳ
1050 3156 1147 3208 οὐκ
1176 3156 1451 3209 ἐπεποίθει
1477 3157 1726 3228 καὶπρὸς

162 3244 252 3295 τὸν
285 3243 427 3296 Θεὸν
452 3243 620 3314 αὐτῆς
650 3243 747 3297 οὐκ
795 3245 1041 3315 ἤγγισεν.
1077 3265 1095 3298 ι
1129 3246 1335 3311 Ταῦτα,
1358 3250 1542 3318 φησὶν,
1573 3249 1728 3320 ἐροῦ-

166 3351 267 3398 σιν,
296 3335 503 3405 Ὀπόση
526 3352 608 3398 τις
627 3332 694 3406 ἦν
724 3338 757 3407 ή
785 3336 989 3407 ταύτης
1018 3338 1357 3407 περιφάνεια,
1386 3340 1534 3403 ὅπως
1565 3340 1731 3393 ἁπάν-

161 3442 268 3477 των
312 3424 644 3495 ἐκεχώριστο
673 3425 779 3479 τῶν
822 3426 1007 3479 κακῶν
1026 3444 1040 3492 ;
1062 3427 1219 3481 τοῦτο
1250 3428 1357 3502 γὰρ
1388 3428 1554 3496 λέγει,
1591 3449 1610 3480 ι
1640 3430 1730 3483 λε-

162 3516 490 3586 λυτρωμένη
531 3532 546 3548 ⁸
581 3536 600 3569 ι
634 3519 801 3589 ὁπόση
843 3535 926 3580 τις
981 3518 1151 3589 αὐτῆς
1196 3515 1265 3590 ἦν
1315 3522 1348 3591 ἡ
1392 3521 1726 3591 εύπρέπειας

161 3606 260 3677 τὴν
292 3606 407 3677 γὰρ
427 3608 751 3678 περιστερὰν
772 3608 927 3661 τοῦτό
957 3626 1140 3680 φησιν,
1160 3610 1342 3682 ἐπειδή
1368 3628 1484 3674 πως
1503 3612 1730 3683 τερπνὸν

163 3700 220 3751 ὲν
246 3700 460 3769 ὀρνέοις
492 3696 627 3753 εἶναι
651 3701 795 3754 δοκεῖ
824 3700 886 3754 τὸ
920 3701 1055 3765 ζῶον
1088 3704 1181 3756 καὶ
1206 3704 1451 3775 σοϐαρῶς
1477 3704 1688 3775 βαδίζον
1711 3723 1726 3738 ο

160 3790 308 3843 οὕτω
340 3792 486 3843 καὶὸ
509 3793 771 3861 μακάριος
805 3791 950 3860 λέγει
970 3792 1163 3846 Δαυῖδο
1210 3813 1227 3844 ι
1280 3794 1405 3847 Ἐὰν
1438 3796 1731 3867 κοιμηθῆτε

163 3881 271 3933 ἀνὰ
297 3881 484 3951 μέσων
508 3881 615 3934 τῶν
643 3882 878 3953 κλήρων,
900 3885 975 3952 (p.
999 3883 1124 3952 400)
1146 3885 1261 3936 ἐκεῖ
1280 3885 1545 3955 πτέρυγες
1574 3905 1733 3958 περι-

162 3974 372 4042 στερᾶς
417 3973 953 4041 περιηργυρωμέναι,
986 3975 1080 4025 καὶ
1110 3974 1177 4027 τὰ
1215 3976 1526 4045 μετάφρενα
1567 3978 1736 4049 αὐτῆς

159 4065 220 4115 ὲν
251 4064 562 4133 χλωρότητι
614 4063 856 4133 χρυσίου·
900 4084 918 4115 ι
963 4064 1331 4129 ἀπολαϐόντας
1358 4067 1456 4136 τὴν
1502 4068 1605 4138 γῆν
1638 4068 1736 4139 τῆς

158 4156 527 4224 ἐπαγγελίας,
579 4156 831 4209 ἁπάντων
881 4156 1166 4225 φανεῖσθαι
1213 4158 1338 4220 τοὺς
1402 4159 1737 4230 Ἰσραηλίτας

160 4248 569 4318 τερπνοτέρους
618 4248 790 4316 λέγων
841 4250 905 4318 τῇ
957 4248 1055 4317 τῆς
1092 4252 1415 4322 περιστερᾶς
1452 4251 1734 4322 ὁμοιώσειο

2468 2866 2620 2920 CAP.
2658 2867 2748 2922 Ill.

1904 2976 2134 3040 Vens.l,
2152 2975 2281 3032 2.—
2306 2994 2326 3030 ι
2352 2974 2395 3031 0
2425 2977 2655 3032 illustris
2675 2985 2730 3032 et
2757 2978 3031 3045 redempta
3056 2975 3267 3043 civitas,
3293 2991 3388 3030 co-

1828 3066 2028 3119 lumba!
2061 3064 2179 3119 Non
2208 3064 2482 3121 exaudivit
2502 3080 2723 3127 vocem;
2754 3080 2861 3120 non
2888 3066 3110 3120 admisit
3140 3063 3386 3135 discipli-

1827 3173 1980 3224 nam;
1998 3157 2052 3211 in
2086 3157 2311 3211 Domino
2344 3172 2453 3212 non
2480 3164 2564 3211 est
2594 3157 2822 3219 conlisa,
2847 3156 3019 3211 etDeo
3044 3171 3145 3213 suo
3171 3170 3280 3211 non
3295 3172 3389 3226 ap-

1828 3250 2231 3320 propinquavit.
2258 3268 2277 3301 ι
2322 3248 2413 3304 Sic
2452 3263 2660 3315 omnes,
2687 3249 2884 3318 inquit,
2922 3248 3102 3302 dicent
3138 3246 3391 3312 :Quanta

1830 3342 1933 3395 fuit
1983 3342 2144 3411 hujus
2196 3341 2525 3397 celebritas!
2573 3349 2838 3411 quantum
2878 3340 3025 3394 onmi
3080 3338 3393 3393 calamitate

1830 3433 2019 3488 aberat
2039 3434 2051 3486 ί
2099 3428 2153 3484 Id
2168 3430 2367 3500 quippe
2381 3429 2603 3483 denotat
2616 3426 2801 3493 dictio,
2814 3445 2832 3479 ι
2850 3426 3392 3500 τεάεωριεδρυιιηῐει

1829 3526 1949 3595 ejus
1975 3522 2323 3594 pulchritudo
2353 3523 2496 3578 erat!
2539 3521 2643 3575 hoc
2672 3520 2817 3576 enim
2863 3520 3085 3576 denotat
3127 3519 3392 3575 eolan

1832 3615 2176 3677 vocabulum,
2208 3612 2352 3683 quod
2382 3611 2583 3667 animal
2608 3611 2822 3667 videtur
2839 3611 2981 3665 inter
2999 3625 3128 3666 aves
3149 3609 3395 3680 apprime

1832 3705 2149 3760 delectabile
2185 3712 2239 3757 et
2281 3717 2405 3756 cum
2456 3700 2722 3772 dignitate
2763 3702 3039 3756 incedens.
3091 3697 3183 3753 Sic
3230 3699 3394 3752 etiam

1834 3798 2026 3849 beatus
2058 3796 2133 3849 ait
2160 3793 2329 3848 David
2362 3812 2375 3849 :
2416 3810 2437 3844 ι
2466 3791 2523 3846 Si
2562 3791 3007 3847 dormiatisinter
3034 3790 3243 3845 medios
3287 3788 3397 3843 cle-

1834 3901 1948 3951 ros,
1980 3886 2053 3941 ibi
2089 3887 2186 3939 alae
2220 3885 2484 3940 columba:
2514 3885 2899 3956 deargentataa,
2929 3892 2982 3938 et
3010 3883 3233 3937 dorsum
3275 3882 3396 3950 ejus

1836 3992 1957 4031 cum
1984 3976 2189 4046 pallore
2223 3979 2338 4029 auri
2354 3974 2452 4028 ⁸ο.»
2481 3974 2618 4029 Dicit
2651 3974 2905 4027 nimirum
2942 3979 3063 4041 post
3077 3969 3396 4043 acquisitam

1838 4065 2221 4137 promissionis
2253 4076 2475 4131 terram,
2512 4064 2784 4120 lsraelitas
2827 4062 2997 4117 videri
3042 4077 3150 4132 prae
3186 4062 3398 4118 caeteris

1840 4159 2208 4222 delectabiles,
2273 4158 2339 4212 ad
2388 4157 2651 4211 columbae
2693 4153 3126 4209 similitudinem.
3173 4151 3249 4206 Ita
3296 4153 3397 4208 hoc

1838 4249 2000 4303 etiam
2052 4249 2172 4303 loco
2202 4248 2387 4302 dicere
2416 4247 2586 4301 voluit
2619 4262 2717 4316 pro
2760 4246 2985 4314 pulchra
3028 4252 3082 4299 et
3126 4244 3396 4313 speciosa.

157 4340 311 4394 οὕτω
342 4339 621 4393 κάνταῦθα
655 4341 831 4393 εἰπεῖν
854 4340 1150 4412 ὴὸουλήθη,
1195 4342 1315 4396 ἀντὶ
1352 4342 1468 4407 τοῦ,
1496 4343 1671 4415 ὡραία
1700 4346 1729 4418 ἦ

1839 4338 1998 4395 Velut
2054 4340 2214 4394 etiam
2252 4339 2445 4395 beatus
2491 4336 2769 4392 Nahumus
2818 4338 2865 4392 ei
2908 4336 3220 4391 convicians
3279 4337 3395 4392 ait:

159 4432 479 4502 ἐπιτερπής
497 4448 511 4463 ο
547 4431 622 4494 ὡς
650 4430 742 4484 καί¹
770 4431 799 4483 ὁ
834 4432 1098 4501 μακάριος
1126 4433 1319 4504 Ναοὺμ
1349 4433 1617 4499 ὀνειδίζων
1645 4437 1744 4491 αὐ-

154 4527 227 4594 τῇ
268 4523 425 4591 λέγει
451 4522 533 4587 τὸ,
567 4541 585 4571 ι
623 4522 801 4593 Πόρνη
833 4522 971 4593 καλὴ
1001 4524 1092 4575 καὶ
1133 4524 1402 4595 ἐπίχαρις.
1436 4544 1453 4575 ι
1487 4526 1741 4599 Τοιαύτη,

157 4618 363 4687 φησὶν,
392 4610 547 4678 οὖσα,
578 4614 673 4683 τῆς
714 4613 808 4667 τοῦ
857 4614 1195 4684 πεμφθέντος
1236 4616 1370 4685 πρὸς
1401 4616 1569 4688 αὐτὴν
1614 4636 1744 4690 προ-

157 4708 350 4777 φήτου
384 4705 572 4775 φωνῆς
616 4706 716 4758 οὐκ
749 4706 830 4768 είς
864 4704 1014 4768 τέλος
1058 4706 1307 4775 ἤκουσεν,
1337 4708 1457 4760 οὐδὲ
1507 4710 1744 4781 παντελῆ

155 4800 265 4869 τὴν
325 4797 539 4850 ἐκεῖθεν
595 4795 811 4861 ἐδέξατο
862 4796 1242 4850 διδασκαλίαν
1284 4799 1418 4869 πρὸς
1464 4802 1656 4871 μικρὸν
1686 4802 1744 4854 δὲ

158 4890 613 4962 μεταϐάλλεσθαι
643 4888 871 4943 δοκοῦσα
897 4928 912 4953 ,
942 4885 1099 4950 αὖθις
1126 4889 1220 4942 ἐπὶ
1270 4890 1368 4961 τὴν
1418 4892 1619 4961 ἑαυτῆς
1651 4894 1744 4946 ἀν-

154 4984 415 5055 έδραμεν
448 4980 646 5034 κακίαν
667 4997 681 5012 ο
716 4980 837 5035 οὐδὲ
868 4979 997 5047 γοῦν
1034 4979 1188 5047 λόγον
1226 4981 1344 5034 τινὰ
1373 4981 1467 5034 τοῦ
1506 4982 1592 5036 τὸν
1618 5000 1748 5053 προ-

155 5076 357 5145 φήτην
402 5071 821 5133 ἀποστείλαντος
847 5071 1141 5141 ἐποιήσατο
1169 5070 1325 5131 Θεοῦ,
1346 5072 1465 5124 οὐδὲ
1498 5072 1749 5141 ἐδοκίμα-

155 5183 258 5218 σεν
306 5162 467 5232 αὐτῷ
517 5162 700 5215 λοιπὸν
758 5161 1134 5232 προσανέχειν,
1188 5160 1441 5232 τοιαύτην
1498 5163 1746 5234 είληφυία

153 5258 400 5325 πεῖραν.
426 5254 747 5307 Τούναντίον
772 5253 869 5323 μὲν
900 5247 992 5305 οὖν
1021 5252 1232 5322 ἀπέστη
1264 5269 1325 5305 τε
1353 5252 1517 5307 αὑτοῦ
1552 5271 1748 5307 παντε-

148 5351 297 5414 λῶς,
342 5348 442 5401 καὶ
497 5346 634 5413 πρὸς
683 5344 918 5413 πόλεμον
960 5343 1125 5398 αὐτοῦ
1157 5345 1415 5414 κατέστη,
1462 5346 1600 5416 μετὰ
1648 5345 1747 5417 τὴν

146 5440 273 5493 τῶν
310 5436 455 5491 δέκα
477 5436 659 5504 φυλῶν
690 5435 965 5506 ἀναίρεσιν
994 5433 1354 5505 ὲπεληλυθυῖα
1374 5438 1440 5507 τῇ
1474 5438 1747 5507 Ἰερουσα-

146 5530 305 5599 λὴμ,
342 5529 404 5578 ὲν
452 5520 597 5597 ᾗπερ
633 5519 772 5577 εἶναι
824 5522 919 5574 τοῦ
964 5522 1098 5576 Θεοῦ
1150 5523 1430 5578 συνέϐαινε
1478 5527 1570 5580 τὸν
1599 5529 1742 5582 ναόν.

162 5616 459 5674 Ἐνταῦθα
487 5616 649 5669 πάλιν
681 5618 727 5668 οἱ
758 5613 1060 5685 θαυμαστοὶ
1092 5611 1376 5684 μυθολόγοι
1400 5617 1505 5671 τῶν
1539 5618 1745 5689 Σύρων,

229 5805 283 5839 ⁸⁸
318 5803 660 5873 ἱεὶψχνιι,
696 5802 776 5856 14.
852 5802 893 5836 ³⁸
923 5799 1059 5855 Nah.
1098 5816 1175 5869 ill,
1208 5800 1260 5854 4.

1844 4450 1863 4483 σ
1889 4431 2140 4487 Meretrix
2195 4431 2415 4501 pulchra
2457 4438 2510 4483 et
2538 4430 2773 4499 gratiosa
2793 4430 2858 4482 ³¹.
2896 4448 2915 4480 ι
2954 4427 3100 4482 Talis
3136 4442 3260 4482 cum
3308 4443 3399 4482 es-

1842 4533 1925 4579 set
1955 4523 2190 4593 (Ninive)
2220 4522 2373 4576 missi
2405 4521 2473 4576 ad
2500 4536 2619 4574 eam
2667 4520 2942 4590 prophetas
2980 4519 3160 4573 noluit
3211 4533 3400 4573 vocem

1844 4630 2013 4685 usque
2042 4615 2107 4667 ad
2157 4612 2316 4666 ﬁnem
2368 4612 2576 4674 audire,
2633 4626 2810 4680 neque
2848 4609 3140 4680 perfectam
3184 4609 3401 4663 admisit

1842 4705 2219 4774 disciplinam;
2256 4700 2351 4757 sed
2383 4702 2779 4771 tantispervisa
2808 4703 3073 4763 converti,
3104 4716 3297 4756 rursus
3334 4701 3401 4754 ad

1845 4794 2091 4848 eamdem
2124 4792 2357 4847 recurrit
2382 4792 2700 4861 nequitiam.
2737 4790 2881 4844 Nihil
2913 4792 3065 4860 pensi
3100 4790 3264 4845 Deum
3314 4778 3413 4843 ha-

1844 4885 1960 4938 bnit
2003 4884 2094 4952 qui
2128 4882 2446 4952 prophetam
2479 4881 2721 4943 miserat,
2754 4894 2929 4948 neque
2965 4878 3124 4950 263
3168 4879 3242 4932 illi
3278 4878 3395 4932 obe-

1844 4978 1962 5029 dire
2016 4976 2276 5043 deinceps
2319 4974 2512 5036 voluit,
2567 4986 2878 5041 quanquam
2921 4972 3027 5025 tale
3082 4978 3403 5038 tantumque

1843 5068 2271 5136 experimentum
2315 5071 2551 5134 ceperat.
2616 5062 2721 5117 Sed
2760 5070 2950 5117 contra
2999 5062 3182 5131 potius
3229 5075 3258 5112 a
3296 5058 3404 5112 Deo

1845 5173 2071 5227 prorsus
2118 5156 2364 5221 recessit,
2406 5156 2515 5209 imo
2563 5155 2761 5209 bellum
2819 5156 2873 5207 in
2918 5168 3041 5208 eum
3094 5151 3402 5213 commovit,

1844 5265 1967 5303 cum
2022 5255 2144 5319 post
2188 5248 2373 5303 decem
2423 5247 2659 5302 tribuum
2713 5247 3020 5310 excidium,
3068 5243 3403 5299 Hierusalem

1844 5340 2032 5395 adorta
2064 5347 2169 5402 est,
2200 5353 2308 5409 qua
2337 5338 2393 5392 in
2432 5338 2567 5393 urbe
2598 5337 2856 5406 templum
2894 5336 2984 5389 Dei
3028 5345 3163 5388 erat.
3192 5333 3404 5387 Rursus

1842 5432 1931 5487 hic
1980 5430 2252 5485 mirabiles
2300 5428 2557 5499 Syrorum
2628 5426 2922 5497 mythologi
2990 5426 3141 5479 aiunt
3214 5444 3226 5477 :
3277 5437 3402 5477 δοκι

1845 5522 2103 5594 Syrorum
2158 5522 2339 5590 lingua
2387 5519 2645 5590 appellari
2689 5518 3016 5572 columbam.
3070 5514 3403 5586 Sophoniam

1844 5617 2025 5687 igitur,
2052 5614 2290 5670 voluisse
2324 5612 2465 5667 hanc
2496 5610 2766 5681 appellare
2803 5609 3079 5680 propheta!
3115 5607 3265 5665 Jonas
3308 5621 3403 5661 nr-
