  <div class='ocr_page' id='page_1' title='image "/cluster/home/n/w/nwhite01/storage/ocr_20150623/66/hvd.32044020183315/239.png"; bbox 0 0 3934 6524; ppageno 0'>
   <div class='ocr_carea' id='block_1_1' title="bbox 487 473 586 529">
    <p class='ocr_par' dir='ltr' id='par_1_1' title="bbox 487 473 586 529">
     <span class='ocr_line' id='line_1_1' title="bbox 487 473 586 529; baseline -0.04 0"><span class='ocrx_word' id='word_1_1' title='bbox 487 473 586 529; x_wconf 71' lang='grc' dir='ltr'><strong>ὗὶΞἹ</strong></span> 
     </span>
    </p>
   </div>
   <div class='ocr_carea' id='block_1_2' title="bbox 1685 475 3714 540">
    <p class='ocr_par' dir='ltr' id='par_1_2' title="bbox 1685 475 3714 540">
     <span class='ocr_line' id='line_1_2' title="bbox 1685 475 3714 540; baseline 0.008 -9"><span class='ocrx_word' id='word_1_2' title='bbox 1685 478 2030 536; x_wconf 81' lang='lat' dir='ltr'><strong>TllEODORl</strong></span> <span class='ocrx_word' id='word_1_3' title='bbox 2069 483 2554 540; x_wconf 66' lang='lat' dir='ltr'><strong>ucrsuesrsxr</strong></span> <span class='ocrx_word' id='word_1_4' title='bbox 3624 475 3714 529; x_wconf 65' lang='lat'><strong>468</strong></span> 
     </span>
    </p>
   </div>
   <div class='ocr_carea' id='block_1_3' title="bbox 485 589 2048 668">
    <p class='ocr_par' dir='ltr' id='par_1_3' title="bbox 485 589 2048 666">
     <span class='ocr_line' id='line_1_3' title="bbox 485 589 2048 666; baseline 0.008 -28"><span class='ocrx_word' id='word_1_5' title='bbox 485 590 604 640; x_wconf 83' lang='lat' dir='ltr'><strong>bem</strong></span> <span class='ocrx_word' id='word_1_6' title='bbox 632 629 647 653; x_wconf 86' lang='lat'><strong>,</strong></span> <span class='ocrx_word' id='word_1_7' title='bbox 681 589 773 657; x_wconf 89' lang='lat' dir='ltr'><strong>qui</strong></span> <span class='ocrx_word' id='word_1_8' title='bbox 808 589 913 642; x_wconf 91' lang='lat' dir='ltr'><strong>illic</strong></span> <span class='ocrx_word' id='word_1_9' title='bbox 942 589 1256 657; x_wconf 72' lang='lat' dir='ltr'><strong>przedicavit</strong></span> <span class='ocrx_word' id='word_1_10' title='bbox 1290 610 1302 644; x_wconf 87' lang='lat'><strong>:</strong></span> <span class='ocrx_word' id='word_1_11' title='bbox 1339 601 1392 644; x_wconf 92' lang='lat' dir='ltr'><strong>at</strong></span> <span class='ocrx_word' id='word_1_12' title='bbox 1425 593 1673 648; x_wconf 64' lang='lat' dir='ltr'><strong>Graecum</strong></span> <span class='ocrx_word' id='word_1_13' title='bbox 1701 595 2048 666; x_wconf 73' lang='lat' dir='ltr'><strong>interpretem</strong></span> 
     </span>
    </p>
   </div>
   <div class='ocr_carea' id='block_1_4' title="bbox 2153 589 3718 668">
    <p class='ocr_par' dir='ltr' id='par_1_4' title="bbox 2171 594 3718 668">
     <span class='ocr_line' id='line_1_4' title="bbox 2171 594 3718 668; baseline -0.005 -14"><span class='ocrx_word' id='word_1_14' title='bbox 2171 599 2359 666; x_wconf 86' lang='grc' dir='ltr'>Ἰωνα,</span> <span class='ocrx_word' id='word_1_15' title='bbox 2410 599 2564 668; x_wconf 80' lang='grc' dir='ltr'>φασὶ,</span> <span class='ocrx_word' id='word_1_16' title='bbox 2610 599 2825 664; x_wconf 71' lang='grc' dir='ltr'>λέγεται</span> <span class='ocrx_word' id='word_1_17' title='bbox 2871 597 3014 652; x_wconf 85' lang='grc' dir='ltr'><strong>κατά</strong></span> <span class='ocrx_word' id='word_1_18' title='bbox 3045 596 3142 668; x_wconf 78' lang='grc' dir='ltr'><strong>τὴν</strong></span> <span class='ocrx_word' id='word_1_19' title='bbox 3196 594 3380 665; x_wconf 81' lang='grc' dir='ltr'>Σύρων</span> <span class='ocrx_word' id='word_1_20' title='bbox 3409 594 3644 662; x_wconf 85' lang='grc' dir='ltr'>γλῶτταν</span> <span class='ocrx_word' id='word_1_21' title='bbox 3681 597 3718 667; x_wconf 71' lang='grc' dir='ltr'><strong>η</strong></span> 
     </span>
    </p>
   </div>
   <div class='ocr_carea' id='block_1_5' title="bbox 484 679 2053 755">
    <p class='ocr_par' dir='ltr' id='par_1_5' title="bbox 484 679 2053 755">
     <span class='ocr_line' id='line_1_5' title="bbox 484 679 2053 755; baseline 0.009 -29"><span class='ocrx_word' id='word_1_22' title='bbox 484 679 795 731; x_wconf 71' lang='lat' dir='ltr'><strong>columbam</strong></span> <span class='ocrx_word' id='word_1_23' title='bbox 825 695 931 731; x_wconf 87' lang='lat' dir='ltr'><strong>non</strong></span> <span class='ocrx_word' id='word_1_24' title='bbox 968 683 1086 732; x_wconf 88' lang='lat' dir='ltr'><strong>sine</strong></span> <span class='ocrx_word' id='word_1_25' title='bbox 1121 697 1308 738; x_wconf 87' lang='lat' dir='ltr'><strong>errore</strong></span> <span class='ocrx_word' id='word_1_26' title='bbox 1341 683 1566 738; x_wconf 76' lang='lat' dir='ltr'><strong>dixisse.</strong></span> <span class='ocrx_word' id='word_1_27' title='bbox 1597 683 1701 737; x_wconf 85' lang='lat' dir='ltr'><strong>Sed</strong></span> <span class='ocrx_word' id='word_1_28' title='bbox 1729 688 1873 739; x_wconf 81' lang='lat' dir='ltr'><strong>enim</strong></span> <span class='ocrx_word' id='word_1_29' title='bbox 1907 687 2053 755; x_wconf 88' lang='lat' dir='ltr'><strong>quod</strong></span> 
     </span>
    </p>
   </div>
   <div class='ocr_carea' id='block_1_6' title="bbox 484 770 2054 845">
    <p class='ocr_par' dir='ltr' id='par_1_6' title="bbox 484 770 2054 845">
     <span class='ocr_line' id='line_1_6' title="bbox 484 770 2054 845; baseline 0.008 -27"><span class='ocrx_word' id='word_1_30' title='bbox 484 783 593 820; x_wconf 88' lang='lat' dir='ltr'><strong>non</strong></span> <span class='ocrx_word' id='word_1_31' title='bbox 641 770 983 838; x_wconf 90' lang='lat' dir='ltr'><strong>septuaginta</strong></span> <span class='ocrx_word' id='word_1_32' title='bbox 1030 771 1132 824; x_wconf 85' lang='lat' dir='ltr'><strong>viri</strong></span> <span class='ocrx_word' id='word_1_33' title='bbox 1195 777 1519 836; x_wconf 82' lang='lat' dir='ltr'><strong>erraverint,</strong></span> <span class='ocrx_word' id='word_1_34' title='bbox 1573 774 1666 828; x_wconf 89' lang='lat' dir='ltr'><strong>sed</strong></span> <span class='ocrx_word' id='word_1_35' title='bbox 1718 777 1830 843; x_wconf 66' lang='lat' dir='ltr'><strong>ipse</strong></span> <span class='ocrx_word' id='word_1_36' title='bbox 1873 778 2054 845; x_wconf 80' lang='lat' dir='ltr'><strong>potius</strong></span> 
     </span>
    </p>
   </div>
   <div class='ocr_carea' id='block_1_7' title="bbox 486 853 2056 932">
    <p class='ocr_par' dir='ltr' id='par_1_7' title="bbox 486 853 2056 932">
     <span class='ocr_line' id='line_1_7' title="bbox 486 853 2056 932; baseline 0.008 -25"><span class='ocrx_word' id='word_1_37' title='bbox 486 853 782 925; x_wconf 71' lang='lat' dir='ltr'><strong>Scriptum</strong></span> <span class='ocrx_word' id='word_1_38' title='bbox 817 856 991 929; x_wconf 88' lang='lat' dir='ltr'><strong>Syrus</strong></span> <span class='ocrx_word' id='word_1_39' title='bbox 1025 860 1298 931; x_wconf 85' lang='lat' dir='ltr'><strong>interpres</strong></span> <span class='ocrx_word' id='word_1_40' title='bbox 1339 878 1557 917; x_wconf 80' lang='lat' dir='ltr'><strong>errores</strong></span> <span class='ocrx_word' id='word_1_41' title='bbox 1599 880 1796 932; x_wconf 85' lang='lat' dir='ltr'><strong>passus</strong></span> <span class='ocrx_word' id='word_1_42' title='bbox 1835 868 2056 920; x_wconf 88' lang='lat' dir='ltr'><strong>creden-</strong></span> 
     </span>
    </p>
   </div>
   <div class='ocr_carea' id='block_1_8' title="bbox 485 947 2056 1014">
    <p class='ocr_par' dir='ltr' id='par_1_8' title="bbox 485 947 2056 1014">
     <span class='ocr_line' id='line_1_8' title="bbox 485 947 2056 1014; baseline 0.008 -15"><span class='ocrx_word' id='word_1_43' title='bbox 485 947 589 1000; x_wconf 82' lang='lat' dir='ltr'><strong>dus</strong></span> <span class='ocrx_word' id='word_1_44' title='bbox 619 948 710 1014; x_wconf 91' lang='lat' dir='ltr'><strong>sit,</strong></span> <span class='ocrx_word' id='word_1_45' title='bbox 740 949 947 1004; x_wconf 90' lang='lat' dir='ltr'><strong>dictum</strong></span> <span class='ocrx_word' id='word_1_46' title='bbox 979 969 1006 1005; x_wconf 71' lang='grc' dir='ltr'><strong>τι</strong></span> <span class='ocrx_word' id='word_1_47' title='bbox 1047 955 1206 1010; x_wconf 89' lang='lat' dir='ltr'><strong>nobis</strong></span> <span class='ocrx_word' id='word_1_48' title='bbox 1239 965 1398 1010; x_wconf 85' lang='lat' dir='ltr'><strong>antea</strong></span> <span class='ocrx_word' id='word_1_49' title='bbox 1438 955 1572 1010; x_wconf 85' lang='lat' dir='ltr'><strong>satis</strong></span> <span class='ocrx_word' id='word_1_50' title='bbox 1603 956 1726 1011; x_wconf 81' lang='lat' dir='ltr'><strong>fuit.</strong></span> <span class='ocrx_word' id='word_1_51' title='bbox 1759 956 1890 1011; x_wconf 89' lang='lat' dir='ltr'><strong>Illud</strong></span> <span class='ocrx_word' id='word_1_52' title='bbox 1925 973 2056 1012; x_wconf 89' lang='lat' dir='ltr'><strong>vero</strong></span> 
     </span>
    </p>
   </div>
   <div class='ocr_carea' id='block_1_9' title="bbox 484 1039 2051 1118">
    <p class='ocr_par' dir='ltr' id='par_1_9' title="bbox 484 1039 2051 1118">
     <span class='ocr_line' id='line_1_9' title="bbox 484 1039 2051 1118; baseline 0.008 -29"><span class='ocrx_word' id='word_1_53' title='bbox 484 1039 760 1106; x_wconf 88' lang='lat' dir='ltr'><strong>quomodo</strong></span> <span class='ocrx_word' id='word_1_54' title='bbox 809 1042 860 1094; x_wconf 91' lang='lat' dir='ltr'><strong>hi</strong></span> <span class='ocrx_word' id='word_1_55' title='bbox 892 1044 1014 1097; x_wconf 89' lang='lat' dir='ltr'><strong>miri</strong></span> <span class='ocrx_word' id='word_1_56' title='bbox 1056 1046 1352 1116; x_wconf 84' lang='lat' dir='ltr'><strong>mythologi</strong></span> <span class='ocrx_word' id='word_1_57' title='bbox 1380 1063 1487 1100; x_wconf 91' lang='lat' dir='ltr'><strong>non</strong></span> <span class='ocrx_word' id='word_1_58' title='bbox 1529 1048 1856 1117; x_wconf 75' lang='lat' dir='ltr'><strong>intelligunt,</strong></span> <span class='ocrx_word' id='word_1_59' title='bbox 1903 1048 2051 1118; x_wconf 81' lang='lat' dir='ltr'><strong>quod</strong></span> 
     </span>
    </p>
   </div>
   <div class='ocr_carea' id='block_1_10' title="bbox 484 1133 2054 1209">
    <p class='ocr_par' dir='ltr' id='par_1_10' title="bbox 484 1133 2054 1209">
     <span class='ocr_line' id='line_1_10' title="bbox 484 1133 2054 1209; baseline 0.007 -26"><span class='ocrx_word' id='word_1_60' title='bbox 484 1147 581 1200; x_wconf 90' lang='lat' dir='ltr'><strong>per</strong></span> <span class='ocrx_word' id='word_1_61' title='bbox 599 1133 907 1190; x_wconf 76' lang='lat' dir='ltr'><strong>convicium</strong></span> <span class='ocrx_word' id='word_1_62' title='bbox 940 1137 1070 1191; x_wconf 91' lang='lat' dir='ltr'><strong>dicit</strong></span> <span class='ocrx_word' id='word_1_63' title='bbox 1107 1155 1120 1168; x_wconf 75' lang='grc' dir='ltr'><strong>ο</strong></span> <span class='ocrx_word' id='word_1_64' title='bbox 1152 1157 1172 1192; x_wconf 79' lang='grc' dir='ltr'><strong>ι</strong></span> <span class='ocrx_word' id='word_1_65' title='bbox 1207 1137 1251 1192; x_wconf 91' lang='grc' dir='ltr'><strong>Ο</strong></span> <span class='ocrx_word' id='word_1_66' title='bbox 1284 1140 1510 1193; x_wconf 86' lang='lat' dir='ltr'><strong>illustris</strong></span> <span class='ocrx_word' id='word_1_67' title='bbox 1537 1149 1588 1194; x_wconf 90' lang='lat' dir='ltr'><strong>et</strong></span> <span class='ocrx_word' id='word_1_68' title='bbox 1619 1142 1892 1209; x_wconf 77' lang='lat' dir='ltr'><strong>redempta</strong></span> <span class='ocrx_word' id='word_1_69' title='bbox 1920 1142 2054 1194; x_wconf 88' lang='lat' dir='ltr'><strong>civi-</strong></span> 
     </span>
    </p>
   </div>
   <div class='ocr_carea' id='block_1_11' title="bbox 486 1225 2044 1300">
    <p class='ocr_par' dir='ltr' id='par_1_11' title="bbox 486 1225 2044 1300">
     <span class='ocr_line' id='line_1_11' title="bbox 486 1225 2044 1300; baseline 0.007 -26"><span class='ocrx_word' id='word_1_70' title='bbox 486 1230 592 1288; x_wconf 87' lang='lat' dir='ltr'><strong>tas,</strong></span> <span class='ocrx_word' id='word_1_71' title='bbox 623 1225 948 1280; x_wconf 68' lang='lat' dir='ltr'><strong>columba?»</strong></span> <span class='ocrx_word' id='word_1_72' title='bbox 985 1226 1110 1283; x_wconf 81' lang='lat' dir='ltr'><strong>Haec</strong></span> <span class='ocrx_word' id='word_1_73' title='bbox 1139 1239 1266 1284; x_wconf 91' lang='lat' dir='ltr'><strong>sunt</strong></span> <span class='ocrx_word' id='word_1_74' title='bbox 1296 1233 1440 1286; x_wconf 89' lang='lat' dir='ltr'><strong>enim</strong></span> <span class='ocrx_word' id='word_1_75' title='bbox 1473 1241 1525 1286; x_wconf 90' lang='lat' dir='ltr'><strong>et</strong></span> <span class='ocrx_word' id='word_1_76' title='bbox 1555 1233 1662 1285; x_wconf 82' lang='lat' dir='ltr'><strong>alia</strong></span> <span class='ocrx_word' id='word_1_77' title='bbox 1709 1233 2044 1300; x_wconf 90' lang='lat' dir='ltr'><strong>lmjusmodi,</strong></span> 
     </span>
    </p>
   </div>
   <div class='ocr_carea' id='block_1_12' title="bbox 485 1312 2049 1394">
    <p class='ocr_par' dir='ltr' id='par_1_12' title="bbox 485 1312 2049 1394">
     <span class='ocr_line' id='line_1_12' title="bbox 485 1312 2049 1394; baseline 0.01 -31"><span class='ocrx_word' id='word_1_78' title='bbox 485 1312 646 1366; x_wconf 87' lang='lat' dir='ltr'><strong>veluti</strong></span> <span class='ocrx_word' id='word_1_79' title='bbox 669 1317 810 1384; x_wconf 86' lang='lat' dir='ltr'><strong>apud</strong></span> <span class='ocrx_word' id='word_1_80' title='bbox 833 1316 1170 1373; x_wconf 84' lang='lat' dir='ltr'><strong>Nabumum:</strong></span> <span class='ocrx_word' id='word_1_81' title='bbox 1215 1341 1232 1372; x_wconf 69' lang='grc' dir='ltr'><strong>ι</strong></span> <span class='ocrx_word' id='word_1_82' title='bbox 1252 1321 1500 1376; x_wconf 81' lang='lat' dir='ltr'><strong>Meretrix</strong></span> <span class='ocrx_word' id='word_1_83' title='bbox 1539 1325 1760 1392; x_wconf 88' lang='lat' dir='ltr'><strong>pulchra</strong></span> <span class='ocrx_word' id='word_1_84' title='bbox 1778 1336 1827 1378; x_wconf 93' lang='lat' dir='ltr'><strong>et</strong></span> <span class='ocrx_word' id='word_1_85' title='bbox 1848 1325 2049 1394; x_wconf 82' lang='lat' dir='ltr'><strong>gratio-</strong></span> 
     </span>
    </p>
   </div>
   <div class='ocr_carea' id='block_1_13' title="bbox 485 1409 2048 1484">
    <p class='ocr_par' dir='ltr' id='par_1_13' title="bbox 485 1409 2048 1484">
     <span class='ocr_line' id='line_1_13' title="bbox 485 1409 2048 1484; baseline 0.006 -27"><span class='ocrx_word' id='word_1_86' title='bbox 485 1421 604 1468; x_wconf 64' lang='grc' dir='ltr'><strong>δην</strong></span> <span class='ocrx_word' id='word_1_87' title='bbox 635 1409 885 1462; x_wconf 83' lang='lat' dir='ltr'><strong>similiter</strong></span> <span class='ocrx_word' id='word_1_88' title='bbox 915 1426 1060 1465; x_wconf 91' lang='lat' dir='ltr'><strong>nunc</strong></span> <span class='ocrx_word' id='word_1_89' title='bbox 1089 1413 1249 1466; x_wconf 87' lang='lat' dir='ltr'><strong>etiam</strong></span> <span class='ocrx_word' id='word_1_90' title='bbox 1281 1416 1544 1482; x_wconf 83' lang='lat' dir='ltr'><strong>exprobat</strong></span> <span class='ocrx_word' id='word_1_91' title='bbox 1570 1416 1714 1468; x_wconf 85' lang='lat' dir='ltr'><strong>illam</strong></span> <span class='ocrx_word' id='word_1_92' title='bbox 1747 1432 1851 1484; x_wconf 87' lang='lat' dir='ltr'><strong>qua</strong></span> <span class='ocrx_word' id='word_1_93' title='bbox 1894 1427 2048 1469; x_wconf 82' lang='lat' dir='ltr'><strong>antea</strong></span> 
     </span>
    </p>
   </div>
   <div class='ocr_carea' id='block_1_14' title="bbox 485 1497 2052 1576">
    <p class='ocr_par' dir='ltr' id='par_1_14' title="bbox 485 1497 2052 1576">
     <span class='ocr_line' id='line_1_14' title="bbox 485 1497 2052 1576; baseline 0.006 -28"><span class='ocrx_word' id='word_1_94' title='bbox 485 1497 821 1564; x_wconf 76' lang='lat' dir='ltr'><strong>gloriabatur</strong></span> <span class='ocrx_word' id='word_1_95' title='bbox 859 1499 1278 1557; x_wconf 73' lang='lat' dir='ltr'><strong>formositatem.</strong></span> <span class='ocrx_word' id='word_1_96' title='bbox 1323 1504 1707 1559; x_wconf 86' lang='lat' dir='ltr'><strong>Verumtamen</strong></span> <span class='ocrx_word' id='word_1_97' title='bbox 1744 1505 1896 1560; x_wconf 74' lang='lat' dir='ltr'><strong>Jona:</strong></span> <span class='ocrx_word' id='word_1_98' title='bbox 1923 1523 2052 1576; x_wconf 56' lang='lat' dir='ltr'><strong>pro.</strong></span> 
     </span>
    </p>
   </div>
   <div class='ocr_carea' id='block_1_15' title="bbox 484 1584 2044 1662">
    <p class='ocr_par' dir='ltr' id='par_1_15' title="bbox 484 1584 2044 1662">
     <span class='ocr_line' id='line_1_15' title="bbox 484 1584 2044 1662; baseline 0.008 -27"><span class='ocrx_word' id='word_1_99' title='bbox 484 1584 659 1652; x_wconf 68' lang='lat' dir='ltr'><strong>pheta:</strong></span> <span class='ocrx_word' id='word_1_100' title='bbox 685 1590 876 1644; x_wconf 87' lang='lat' dir='ltr'><strong>urbem</strong></span> <span class='ocrx_word' id='word_1_101' title='bbox 902 1632 916 1650; x_wconf 89' lang='lat'><strong>.</strong></span> <span class='ocrx_word' id='word_1_102' title='bbox 956 1601 1242 1661; x_wconf 87' lang='lat' dir='ltr'><strong>propterea</strong></span> <span class='ocrx_word' id='word_1_103' title='bbox 1277 1597 1420 1662; x_wconf 90' lang='lat' dir='ltr'><strong>quod</strong></span> <span class='ocrx_word' id='word_1_104' title='bbox 1454 1597 1522 1648; x_wconf 91' lang='lat' dir='ltr'><strong>ab</strong></span> <span class='ocrx_word' id='word_1_105' title='bbox 1556 1597 1648 1648; x_wconf 88' lang='lat' dir='ltr'><strong>illo</strong></span> <span class='ocrx_word' id='word_1_106' title='bbox 1679 1598 1884 1650; x_wconf 87' lang='lat' dir='ltr'><strong>salvata</strong></span> <span class='ocrx_word' id='word_1_107' title='bbox 1920 1598 2044 1655; x_wconf 80' lang='lat' dir='ltr'><strong>fuit.</strong></span> 
     </span>
    </p>
   </div>
   <div class='ocr_carea' id='block_1_16' title="bbox 483 1689 2047 1757">
    <p class='ocr_par' dir='ltr' id='par_1_16' title="bbox 483 1689 2047 1757">
     <span class='ocr_line' id='line_1_16' title="bbox 483 1689 2047 1757; baseline 0.007 -27"><span class='ocrx_word' id='word_1_108' title='bbox 483 1693 760 1749; x_wconf 87' lang='lat' dir='ltr'><strong>nunquam</strong></span> <span class='ocrx_word' id='word_1_109' title='bbox 805 1699 929 1738; x_wconf 87' lang='lat' dir='ltr'><strong>eam</strong></span> <span class='ocrx_word' id='word_1_110' title='bbox 974 1689 1018 1740; x_wconf 91' lang='lat' dir='ltr'><strong>si</strong></span> <span class='ocrx_word' id='word_1_111' title='bbox 1071 1689 1511 1757; x_wconf 66' lang='lat' dir='ltr'><strong>conviciaretur],</strong></span> <span class='ocrx_word' id='word_1_112' title='bbox 1550 1689 1799 1743; x_wconf 82' lang='lat' dir='ltr'><strong>dixisset.</strong></span> <span class='ocrx_word' id='word_1_113' title='bbox 1840 1692 1908 1741; x_wconf 78' lang='lat' dir='ltr'><strong>At</strong></span> <span class='ocrx_word' id='word_1_114' title='bbox 1958 1689 2047 1742; x_wconf 89' lang='lat' dir='ltr'><strong>isti</strong></span> 
     </span>
    </p>
   </div>
   <div class='ocr_carea' id='block_1_17' title="bbox 485 1769 2042 1850">
    <p class='ocr_par' dir='ltr' id='par_1_17' title="bbox 485 1769 2042 1850">
     <span class='ocr_line' id='line_1_17' title="bbox 485 1769 2042 1850; baseline 0.008 -30"><span class='ocrx_word' id='word_1_115' title='bbox 485 1769 722 1827; x_wconf 87' lang='lat' dir='ltr'><strong>dictione</strong></span> <span class='ocrx_word' id='word_1_116' title='bbox 752 1789 858 1828; x_wconf 92' lang='lat' dir='ltr'><strong>non</strong></span> <span class='ocrx_word' id='word_1_117' title='bbox 903 1777 1200 1842; x_wconf 87' lang='lat' dir='ltr'><strong>intellecta,</strong></span> <span class='ocrx_word' id='word_1_118' title='bbox 1243 1779 1310 1832; x_wconf 90' lang='lat' dir='ltr'><strong>ad</strong></span> <span class='ocrx_word' id='word_1_119' title='bbox 1367 1778 1625 1850; x_wconf 85' lang='lat' dir='ltr'><strong>Syriacas</strong></span> <span class='ocrx_word' id='word_1_120' title='bbox 1652 1782 1933 1850; x_wconf 89' lang='lat' dir='ltr'><strong>anilesque</strong></span> <span class='ocrx_word' id='word_1_121' title='bbox 1962 1780 2042 1832; x_wconf 74' lang='lat' dir='ltr'><strong>l&#39;a-</strong></span> 
     </span>
    </p>
   </div>
   <div class='ocr_carea' id='block_1_18' title="bbox 485 1858 1105 1925">
    <p class='ocr_par' dir='ltr' id='par_1_18' title="bbox 485 1858 1105 1925">
     <span class='ocr_line' id='line_1_18' title="bbox 485 1858 1105 1925; baseline 0.023 -15"><span class='ocrx_word' id='word_1_122' title='bbox 485 1858 640 1916; x_wconf 88' lang='lat' dir='ltr'><strong>bulas</strong></span> <span class='ocrx_word' id='word_1_123' title='bbox 671 1869 921 1922; x_wconf 88' lang='lat' dir='ltr'><strong>conversi</strong></span> <span class='ocrx_word' id='word_1_124' title='bbox 956 1879 1105 1925; x_wconf 83' lang='lat' dir='ltr'><strong>sunt.</strong></span> 
     </span>
    </p>
   </div>
   <div class='ocr_carea' id='block_1_19' title="bbox 2159 686 3714 762">
    <p class='ocr_par' dir='ltr' id='par_1_19' title="bbox 2159 686 3714 762">
     <span class='ocr_line' id='line_1_19' title="bbox 2159 686 3714 762; baseline -0.004 -19"><span class='ocrx_word' id='word_1_125' title='bbox 2159 691 2478 762; x_wconf 83' lang='grc' dir='ltr'>περιστερὰ’</span> <span class='ocrx_word' id='word_1_126' title='bbox 2511 692 2540 742; x_wconf 85' lang='grc' dir='ltr'><strong>ὁ</strong></span> <span class='ocrx_word' id='word_1_127' title='bbox 2568 690 2664 760; x_wconf 86' lang='grc' dir='ltr'><strong>μὲν</strong></span> <span class='ocrx_word' id='word_1_128' title='bbox 2683 687 2774 744; x_wconf 77' lang='grc' dir='ltr'><strong>οὖν</strong></span> <span class='ocrx_word' id='word_1_129' title='bbox 2809 692 3115 760; x_wconf 78' lang='grc' dir='ltr'><strong>προφήτης,</strong></span> <span class='ocrx_word' id='word_1_130' title='bbox 3153 689 3306 740; x_wconf 76' lang='grc' dir='ltr'>Ἰωνᾶ</span> <span class='ocrx_word' id='word_1_131' title='bbox 3326 686 3422 738; x_wconf 74' lang='grc' dir='ltr'>τοῦ</span> <span class='ocrx_word' id='word_1_132' title='bbox 3447 688 3714 758; x_wconf 76' lang='grc' dir='ltr'><strong>προφήτου</strong></span> 
     </span>
    </p>
   </div>
   <div class='ocr_carea' id='block_1_20' title="bbox 2161 774 3710 850">
    <p class='ocr_par' dir='ltr' id='par_1_20' title="bbox 2161 774 3710 850">
     <span class='ocr_line' id='line_1_20' title="bbox 2161 774 3710 850; baseline -0.005 -18"><span class='ocrx_word' id='word_1_133' title='bbox 2161 781 2314 832; x_wconf 75' lang='grc' dir='ltr'>πόλιν</span> <span class='ocrx_word' id='word_1_134' title='bbox 2346 780 2516 850; x_wconf 81' lang='grc' dir='ltr'>αὑτὴν</span> <span class='ocrx_word' id='word_1_135' title='bbox 2553 779 2794 850; x_wconf 87' lang='grc' dir='ltr'>βούλεται</span> <span class='ocrx_word' id='word_1_136' title='bbox 2827 779 3004 846; x_wconf 83' lang='grc' dir='ltr'>λέγειν</span> <span class='ocrx_word' id='word_1_137' title='bbox 3031 777 3119 830; x_wconf 69' lang='grc' dir='ltr'>διὰ</span> <span class='ocrx_word' id='word_1_138' title='bbox 3148 776 3208 828; x_wconf 84' lang='grc' dir='ltr'><strong>τὸ</strong></span> <span class='ocrx_word' id='word_1_139' title='bbox 3231 775 3419 828; x_wconf 75' lang='grc' dir='ltr'>αὐτόθι</span> <span class='ocrx_word' id='word_1_140' title='bbox 3445 774 3667 846; x_wconf 79' lang='grc' dir='ltr'>κηρύξαι</span> <span class='ocrx_word' id='word_1_141' title='bbox 3698 791 3710 800; x_wconf 88' lang='grc'>·</span> 
     </span>
    </p>
   </div>
   <div class='ocr_carea' id='block_1_21' title="bbox 2161 861 3712 940">
    <p class='ocr_par' dir='ltr' id='par_1_21' title="bbox 2161 861 3712 940">
     <span class='ocr_line' id='line_1_21' title="bbox 2161 861 3712 940; baseline -0.003 -20"><span class='ocrx_word' id='word_1_142' title='bbox 2161 871 2187 920; x_wconf 81' lang='grc' dir='ltr'>ὁ</span> <span class='ocrx_word' id='word_1_143' title='bbox 2220 869 2556 940; x_wconf 75' lang='grc' dir='ltr'>ἑρμηνεύσας</span> <span class='ocrx_word' id='word_1_144' title='bbox 2583 870 2658 932; x_wconf 86' lang='grc' dir='ltr'><strong>δέ,</strong></span> <span class='ocrx_word' id='word_1_145' title='bbox 2677 868 3004 939; x_wconf 73' lang='grc' dir='ltr'>περιστερὰν</span> <span class='ocrx_word' id='word_1_146' title='bbox 3034 867 3202 935; x_wconf 77' lang='grc' dir='ltr'>αὐτὴν</span> <span class='ocrx_word' id='word_1_147' title='bbox 3233 861 3354 918; x_wconf 75' lang='grc' dir='ltr'>εἷπε</span> <span class='ocrx_word' id='word_1_148' title='bbox 3381 865 3712 933; x_wconf 83' lang='grc' dir='ltr'>διασφαλείς.</span> 
     </span>
    </p>
   </div>
   <div class='ocr_carea' id='block_1_22' title="bbox 2164 957 3713 1030">
    <p class='ocr_par' dir='ltr' id='par_1_22' title="bbox 2164 957 3713 1030">
     <span class='ocr_line' id='line_1_22' title="bbox 2164 957 3713 1030; baseline -0.003 -18"><span class='ocrx_word' id='word_1_149' title='bbox 2164 961 2295 1029; x_wconf 71' lang='grc' dir='ltr'>Περὶ</span> <span class='ocrx_word' id='word_1_150' title='bbox 2323 962 2418 1030; x_wconf 78' lang='grc' dir='ltr'><strong>μεν</strong></span> <span class='ocrx_word' id='word_1_151' title='bbox 2450 957 2541 1014; x_wconf 80' lang='grc' dir='ltr'><strong>οὖν</strong></span> <span class='ocrx_word' id='word_1_152' title='bbox 2590 959 2682 1012; x_wconf 80' lang='grc' dir='ltr'>τοῦ</span> <span class='ocrx_word' id='word_1_153' title='bbox 2730 961 2805 1030; x_wconf 81' lang='grc' dir='ltr'>μὴ</span> <span class='ocrx_word' id='word_1_154' title='bbox 2836 961 2960 1021; x_wconf 72' lang='grc' dir='ltr'>τοὺς</span> <span class='ocrx_word' id='word_1_155' title='bbox 3001 958 3400 1029; x_wconf 76' lang='grc' dir='ltr'>Ἐὅδομήκοντα</span> <span class='ocrx_word' id='word_1_156' title='bbox 3439 957 3713 1024; x_wconf 78' lang='grc' dir='ltr'>ἐσφάλθαι,</span> 
     </span>
    </p>
   </div>
   <div class='ocr_carea' id='block_1_23' title="bbox 2160 1046 3715 1119">
    <p class='ocr_par' dir='ltr' id='par_1_23' title="bbox 2160 1046 3715 1119">
     <span class='ocr_line' id='line_1_23' title="bbox 2160 1046 3715 1119; baseline -0.001 -19"><span class='ocrx_word' id='word_1_157' title='bbox 2160 1051 2238 1116; x_wconf 89' lang='lat' dir='ltr'><strong>(p.</strong></span> <span class='ocrx_word' id='word_1_158' title='bbox 2267 1049 2391 1115; x_wconf 66' lang='grc'><strong>401)</strong></span> <span class='ocrx_word' id='word_1_159' title='bbox 2431 1049 2520 1101; x_wconf 79' lang='grc' dir='ltr'>τὸν</span> <span class='ocrx_word' id='word_1_160' title='bbox 2540 1049 2595 1101; x_wconf 83' lang='grc' dir='ltr'>δὲ</span> <span class='ocrx_word' id='word_1_161' title='bbox 2622 1049 2700 1112; x_wconf 88' lang='grc' dir='ltr'><strong>είς</strong></span> <span class='ocrx_word' id='word_1_162' title='bbox 2725 1049 2824 1119; x_wconf 83' lang='grc' dir='ltr'>τὴν</span> <span class='ocrx_word' id='word_1_163' title='bbox 2856 1047 3042 1117; x_wconf 87' lang='grc' dir='ltr'>Σύρων</span> <span class='ocrx_word' id='word_1_164' title='bbox 3074 1047 3320 1114; x_wconf 83' lang='grc' dir='ltr'>γλῶτταν</span> <span class='ocrx_word' id='word_1_165' title='bbox 3342 1046 3715 1116; x_wconf 75' lang='grc' dir='ltr'>ἡρμηνευκὸτα</span> 
     </span>
    </p>
   </div>
   <div class='ocr_carea' id='block_1_24' title="bbox 2157 1135 3716 1211">
    <p class='ocr_par' dir='ltr' id='par_1_24' title="bbox 2157 1135 3716 1211">
     <span class='ocr_line' id='line_1_24' title="bbox 2157 1135 3716 1211; baseline -0.002 -20"><span class='ocrx_word' id='word_1_166' title='bbox 2157 1142 2255 1210; x_wconf 69' lang='grc' dir='ltr'><strong>τὴν</strong></span> <span class='ocrx_word' id='word_1_167' title='bbox 2288 1141 2326 1191; x_wconf 89' lang='grc' dir='ltr'><strong><em>Γ</em></strong></span> <span class='ocrx_word' id='word_1_168' title='bbox 2331 1141 2506 1211; x_wconf 80' lang='grc' dir='ltr'>ραφὴν</span> <span class='ocrx_word' id='word_1_169' title='bbox 2544 1140 2720 1211; x_wconf 82' lang='grc' dir='ltr'>πολλῷ</span> <span class='ocrx_word' id='word_1_170' title='bbox 2761 1141 3090 1208; x_wconf 81' lang='grc' dir='ltr'>δικαιότερον</span> <span class='ocrx_word' id='word_1_171' title='bbox 3129 1138 3192 1190; x_wconf 82' lang='grc' dir='ltr'>ἂν</span> <span class='ocrx_word' id='word_1_172' title='bbox 3221 1135 3536 1206; x_wconf 78' lang='grc' dir='ltr'>νομισθῆναι</span> <span class='ocrx_word' id='word_1_173' title='bbox 3567 1135 3716 1188; x_wconf 77' lang='grc' dir='ltr'>τοῦτο</span> 
     </span>
    </p>
   </div>
   <div class='ocr_carea' id='block_1_25' title="bbox 2164 1229 3718 1303">
    <p class='ocr_par' dir='ltr' id='par_1_25' title="bbox 2164 1229 3718 1303">
     <span class='ocr_line' id='line_1_25' title="bbox 2164 1229 3718 1303; baseline -0.002 -21"><span class='ocrx_word' id='word_1_174' title='bbox 2164 1233 2508 1293; x_wconf 77' lang='grc' dir='ltr'>πεπονθέναι,</span> <span class='ocrx_word' id='word_1_175' title='bbox 2531 1232 2742 1302; x_wconf 76' lang='grc' dir='ltr'>εἴρηται</span> <span class='ocrx_word' id='word_1_176' title='bbox 2765 1231 2995 1303; x_wconf 78' lang='grc' dir='ltr'>πρόσθεν</span> <span class='ocrx_word' id='word_1_177' title='bbox 3023 1233 3159 1300; x_wconf 77' lang='grc' dir='ltr'>ἡμῖν</span> <span class='ocrx_word' id='word_1_178' title='bbox 3180 1229 3490 1300; x_wconf 84' lang='grc' dir='ltr'>ἀρκούντως</span> <span class='ocrx_word' id='word_1_179' title='bbox 3510 1245 3522 1257; x_wconf 93' lang='grc'><strong>·</strong></span> <span class='ocrx_word' id='word_1_180' title='bbox 3548 1229 3718 1280; x_wconf 85' lang='grc' dir='ltr'>ἐκεῖνο</span> 
     </span>
    </p>
   </div>
   <div class='ocr_carea' id='block_1_26' title="bbox 2156 1319 3715 1392">
    <p class='ocr_par' dir='ltr' id='par_1_26' title="bbox 2156 1319 3715 1392">
     <span class='ocr_line' id='line_1_26' title="bbox 2156 1319 3715 1392; baseline 0.002 -25"><span class='ocrx_word' id='word_1_181' title='bbox 2156 1322 2210 1372; x_wconf 74' lang='grc' dir='ltr'>δὲ</span> <span class='ocrx_word' id='word_1_182' title='bbox 2237 1323 2284 1372; x_wconf 84' lang='grc' dir='ltr'>οἱ</span> <span class='ocrx_word' id='word_1_183' title='bbox 2315 1321 2614 1392; x_wconf 74' lang='grc' dir='ltr'>θαυμαστοὶ</span> <span class='ocrx_word' id='word_1_184' title='bbox 2656 1322 2938 1391; x_wconf 82' lang='grc' dir='ltr'><strong>μυθολόγοι</strong></span> <span class='ocrx_word' id='word_1_185' title='bbox 2970 1322 3083 1384; x_wconf 84' lang='grc' dir='ltr'><strong>πῶς</strong></span> <span class='ocrx_word' id='word_1_186' title='bbox 3113 1321 3174 1372; x_wconf 88' lang='grc' dir='ltr'><strong>οὑ</strong></span> <span class='ocrx_word' id='word_1_187' title='bbox 3212 1319 3445 1372; x_wconf 83' lang='grc' dir='ltr'>συνεῖδον</span> <span class='ocrx_word' id='word_1_188' title='bbox 3477 1319 3556 1371; x_wconf 79' lang='grc' dir='ltr'>ὅτι</span> <span class='ocrx_word' id='word_1_189' title='bbox 3581 1319 3715 1370; x_wconf 73' lang='grc' dir='ltr'>ὀνει-</span> 
     </span>
    </p>
   </div>
   <div class='ocr_carea' id='block_1_27' title="bbox 2165 1409 3716 1484">
    <p class='ocr_par' dir='ltr' id='par_1_27' title="bbox 2165 1409 3716 1484">
     <span class='ocr_line' id='line_1_27' title="bbox 2165 1409 3716 1484; baseline -0.003 -19"><span class='ocrx_word' id='word_1_190' title='bbox 2165 1413 2321 1476; x_wconf 77' lang='grc' dir='ltr'>δίζων</span> <span class='ocrx_word' id='word_1_191' title='bbox 2357 1417 2428 1484; x_wconf 84' lang='grc' dir='ltr'>τῇ</span> <span class='ocrx_word' id='word_1_192' title='bbox 2461 1413 2610 1466; x_wconf 85' lang='grc' dir='ltr'>πόλει</span> <span class='ocrx_word' id='word_1_193' title='bbox 2637 1413 2802 1482; x_wconf 89' lang='grc' dir='ltr'>λέγει,</span> <span class='ocrx_word' id='word_1_194' title='bbox 2845 1431 2865 1465; x_wconf 76' lang='lat' dir='ltr'><strong>t</strong></span> <span class='ocrx_word' id='word_1_195' title='bbox 2907 1409 2978 1466; x_wconf 80' lang='grc' dir='ltr'><strong><em>Ὦ</em></strong></span> <span class='ocrx_word' id='word_1_196' title='bbox 3010 1411 3276 1482; x_wconf 75' lang='grc' dir='ltr'>ἐπιφανὴς</span> <span class='ocrx_word' id='word_1_197' title='bbox 3325 1412 3417 1462; x_wconf 74' lang='grc' dir='ltr'><strong>καὶ</strong></span> <span class='ocrx_word' id='word_1_198' title='bbox 3457 1409 3716 1480; x_wconf 81' lang='grc' dir='ltr'>λελυτρω·</span> 
     </span>
    </p>
   </div>
   <div class='ocr_carea' id='block_1_28' title="bbox 2161 1497 3720 1573">
    <p class='ocr_par' dir='ltr' id='par_1_28' title="bbox 2161 1497 3720 1573">
     <span class='ocr_line' id='line_1_28' title="bbox 2161 1497 3720 1573; baseline -0.004 -19"><span class='ocrx_word' id='word_1_199' title='bbox 2161 1503 2294 1573; x_wconf 85' lang='grc' dir='ltr'>μένη</span> <span class='ocrx_word' id='word_1_200' title='bbox 2353 1502 2524 1565; x_wconf 80' lang='grc' dir='ltr'><strong>πόλις,</strong></span> <span class='ocrx_word' id='word_1_201' title='bbox 2556 1504 2592 1572; x_wconf 83' lang='grc' dir='ltr'>ἡ</span> <span class='ocrx_word' id='word_1_202' title='bbox 2641 1502 2976 1572; x_wconf 73' lang='grc' dir='ltr'>περιστεράς</span> <span class='ocrx_word' id='word_1_203' title='bbox 3016 1522 3033 1552; x_wconf 70' lang='grc' dir='ltr'><strong>ι</strong></span> <span class='ocrx_word' id='word_1_204' title='bbox 3092 1499 3319 1554; x_wconf 80' lang='grc' dir='ltr'>τοιαῦτα</span> <span class='ocrx_word' id='word_1_205' title='bbox 3361 1499 3470 1570; x_wconf 81' lang='grc' dir='ltr'>γὰρ</span> <span class='ocrx_word' id='word_1_206' title='bbox 3512 1499 3604 1551; x_wconf 71' lang='lat' dir='ltr'><strong>ml.</strong></span> <span class='ocrx_word' id='word_1_207' title='bbox 3647 1497 3720 1549; x_wconf 73' lang='grc' dir='ltr'><strong>τὰ.</strong></span> 
     </span>
    </p>
   </div>
   <div class='ocr_carea' id='block_1_29' title="bbox 2153 1587 3720 1662">
    <p class='ocr_par' dir='ltr' id='par_1_29' title="bbox 2153 1587 3720 1662">
     <span class='ocr_line' id='line_1_29' title="bbox 2153 1587 3720 1662; baseline -0.004 -16"><span class='ocrx_word' id='word_1_208' title='bbox 2153 1593 2301 1662; x_wconf 75' lang='grc' dir='ltr'>ἑξῆς,</span> <span class='ocrx_word' id='word_1_209' title='bbox 2333 1588 2442 1646; x_wconf 78' lang='grc' dir='ltr'>οἷον</span> <span class='ocrx_word' id='word_1_210' title='bbox 2474 1593 2587 1645; x_wconf 76' lang='grc' dir='ltr'>ἐστὶ</span> <span class='ocrx_word' id='word_1_211' title='bbox 2613 1595 2706 1645; x_wconf 77' lang='grc' dir='ltr'><strong>καὶ</strong></span> <span class='ocrx_word' id='word_1_212' title='bbox 2736 1594 2886 1662; x_wconf 86' lang='grc' dir='ltr'><strong>παρά</strong></span> <span class='ocrx_word' id='word_1_213' title='bbox 2918 1591 2994 1662; x_wconf 84' lang='grc' dir='ltr'>τῷ</span> <span class='ocrx_word' id='word_1_214' title='bbox 3024 1592 3217 1658; x_wconf 66' lang='grc' dir='ltr'>Ναούμ</span> <span class='ocrx_word' id='word_1_215' title='bbox 3249 1589 3355 1654; x_wconf 54' lang='lat' dir='ltr'><strong>et...</strong></span> <span class='ocrx_word' id='word_1_216' title='bbox 3377 1589 3554 1659; x_wconf 80' lang='grc' dir='ltr'>Πόρνη</span> <span class='ocrx_word' id='word_1_217' title='bbox 3583 1587 3720 1655; x_wconf 81' lang='grc' dir='ltr'>καλὴ</span> 
     </span>
    </p>
   </div>
   <div class='ocr_carea' id='block_1_30' title="bbox 2153 1679 3717 1754">
    <p class='ocr_par' dir='ltr' id='par_1_30' title="bbox 2153 1679 3717 1754">
     <span class='ocr_line' id='line_1_30' title="bbox 2153 1679 3717 1754; baseline -0.003 -19"><span class='ocrx_word' id='word_1_218' title='bbox 2153 1685 2244 1736; x_wconf 79' lang='grc' dir='ltr'><strong>καὶ</strong></span> <span class='ocrx_word' id='word_1_219' title='bbox 2283 1684 2600 1754; x_wconf 61' lang='grc' dir='ltr'>ἐπίχαριςη</span> <span class='ocrx_word' id='word_1_220' title='bbox 2634 1684 2834 1753; x_wconf 84' lang='grc' dir='ltr'>ὁμοίως</span> <span class='ocrx_word' id='word_1_221' title='bbox 2862 1683 2968 1754; x_wconf 81' lang='grc' dir='ltr'><strong>γὰρ</strong></span> <span class='ocrx_word' id='word_1_222' title='bbox 2994 1684 3130 1753; x_wconf 78' lang='grc' dir='ltr'>αὑτῇ</span> <span class='ocrx_word' id='word_1_223' title='bbox 3159 1680 3435 1734; x_wconf 71' lang='grc' dir='ltr'>κάνταῦθα</span> <span class='ocrx_word' id='word_1_224' title='bbox 3475 1679 3717 1741; x_wconf 76' lang='grc' dir='ltr'><strong>ὀνειδίζει</strong></span> 
     </span>
    </p>
   </div>
   <div class='ocr_carea' id='block_1_31' title="bbox 2151 1770 3719 1848">
    <p class='ocr_par' dir='ltr' id='par_1_31' title="bbox 2151 1770 3719 1848">
     <span class='ocr_line' id='line_1_31' title="bbox 2151 1770 3719 1848; baseline -0.004 -20"><span class='ocrx_word' id='word_1_225' title='bbox 2151 1778 2235 1843; x_wconf 80' lang='grc' dir='ltr'>ἐφ’</span> <span class='ocrx_word' id='word_1_226' title='bbox 2326 1775 2556 1844; x_wconf 75' lang='grc' dir='ltr'>πρόσθεν</span> <span class='ocrx_word' id='word_1_227' title='bbox 2584 1775 2902 1844; x_wconf 75' lang='grc' dir='ltr'>ἐσεμνύνετο</span> <span class='ocrx_word' id='word_1_228' title='bbox 2932 1773 3229 1844; x_wconf 75' lang='grc' dir='ltr'>εὐπρεπείᾳ</span> <span class='ocrx_word' id='word_1_229' title='bbox 3247 1790 3259 1802; x_wconf 87' lang='grc'><strong>·</strong></span> <span class='ocrx_word' id='word_1_230' title='bbox 3295 1773 3450 1824; x_wconf 86' lang='grc' dir='ltr'><strong>Ἰωνᾶ</strong></span> <span class='ocrx_word' id='word_1_231' title='bbox 3475 1771 3531 1822; x_wconf 84' lang='grc' dir='ltr'><strong>δέ</strong></span> <span class='ocrx_word' id='word_1_232' title='bbox 3570 1771 3719 1824; x_wconf 73' lang='grc' dir='ltr'>πόλιν</span> 
     </span>
    </p>
   </div>
   <div class='ocr_carea' id='block_1_32' title="bbox 2150 1860 3716 1936">
    <p class='ocr_par' dir='ltr' id='par_1_32' title="bbox 2150 1860 3716 1936">
     <span class='ocr_line' id='line_1_32' title="bbox 2150 1860 3716 1936; baseline -0.004 -18"><span class='ocrx_word' id='word_1_233' title='bbox 2150 1866 2316 1936; x_wconf 75' lang='grc' dir='ltr'>αὐτὴν</span> <span class='ocrx_word' id='word_1_234' title='bbox 2368 1865 2460 1918; x_wconf 80' lang='grc' dir='ltr'><strong>τοῦ</strong></span> <span class='ocrx_word' id='word_1_235' title='bbox 2513 1865 2794 1933; x_wconf 71' lang='grc' dir='ltr'>προφήτου</span> <span class='ocrx_word' id='word_1_236' title='bbox 2844 1866 2932 1918; x_wconf 73' lang='grc' dir='ltr'><strong>διὰ</strong></span> <span class='ocrx_word' id='word_1_237' title='bbox 2962 1864 3023 1917; x_wconf 79' lang='grc' dir='ltr'>τὸ</span> <span class='ocrx_word' id='word_1_238' title='bbox 3066 1863 3126 1927; x_wconf 80' lang='grc' dir='ltr'><strong>ἐξ</strong></span> <span class='ocrx_word' id='word_1_239' title='bbox 3172 1863 3380 1916; x_wconf 84' lang='grc' dir='ltr'>ἐκείνου</span> <span class='ocrx_word' id='word_1_240' title='bbox 3430 1860 3716 1914; x_wconf 80' lang='grc' dir='ltr'>σεσῶσθαι.</span> 
     </span>
    </p>
   </div>
   <div class='ocr_carea' id='block_1_33' title="bbox 483 1953 3723 2034">
    <p class='ocr_par' dir='ltr' id='par_1_33' title="bbox 483 1953 3723 2034">
     <span class='ocr_line' id='line_1_33' title="bbox 483 1953 3723 2034; baseline 0.001 -31"><span class='ocrx_word' id='word_1_241' title='bbox 483 1954 580 2003; x_wconf 72' lang='grc' dir='ltr'><strong>οὐκ</strong></span> <span class='ocrx_word' id='word_1_242' title='bbox 600 1955 664 2008; x_wconf 84' lang='grc' dir='ltr'>ἄν</span> <span class='ocrx_word' id='word_1_243' title='bbox 694 1971 824 2010; x_wconf 87' lang='grc' dir='ltr'>ποτε</span> <span class='ocrx_word' id='word_1_244' title='bbox 842 1959 1114 2025; x_wconf 77' lang='grc' dir='ltr'>ὀνειδίζων</span> <span class='ocrx_word' id='word_1_245' title='bbox 1133 1962 1260 2032; x_wconf 59' lang='grc' dir='ltr'>ἐφηέ</span> <span class='ocrx_word' id='word_1_246' title='bbox 1285 1963 1401 2015; x_wconf 80' lang='grc' dir='ltr'>ἀλλ’</span> <span class='ocrx_word' id='word_1_247' title='bbox 1431 1965 1478 2016; x_wconf 86' lang='grc' dir='ltr'>οἱ</span> <span class='ocrx_word' id='word_1_248' title='bbox 1516 1964 1611 2033; x_wconf 79' lang='grc' dir='ltr'><strong>μὲν</strong></span> <span class='ocrx_word' id='word_1_249' title='bbox 1632 1965 1694 2018; x_wconf 74' lang='grc' dir='ltr'><strong>οὐ</strong></span> <span class='ocrx_word' id='word_1_250' title='bbox 1727 1963 2035 2034; x_wconf 72' lang='grc' dir='ltr'>νενοηκὸτες</span> <span class='ocrx_word' id='word_1_251' title='bbox 2071 1961 2128 2013; x_wconf 78' lang='grc' dir='ltr'><strong>τὸ</strong></span> <span class='ocrx_word' id='word_1_252' title='bbox 2150 1958 2460 2030; x_wconf 79' lang='grc' dir='ltr'>εἰρημένον,</span> <span class='ocrx_word' id='word_1_253' title='bbox 2492 1957 2582 2010; x_wconf 77' lang='grc' dir='ltr'><strong>ἐπὶ</strong></span> <span class='ocrx_word' id='word_1_254' title='bbox 2616 1953 2910 2022; x_wconf 84' lang='grc' dir='ltr'>Συριακούς</span> <span class='ocrx_word' id='word_1_255' title='bbox 2940 1971 3000 2007; x_wconf 89' lang='grc' dir='ltr'><strong>τε</strong></span> <span class='ocrx_word' id='word_1_256' title='bbox 3024 1957 3113 2009; x_wconf 72' lang='grc' dir='ltr'><strong>καὶ</strong></span> <span class='ocrx_word' id='word_1_257' title='bbox 3140 1955 3402 2025; x_wconf 83' lang='grc' dir='ltr'>γραώδεις</span> <span class='ocrx_word' id='word_1_258' title='bbox 3424 1956 3723 2024; x_wconf 78' lang='grc' dir='ltr'>ἐτράποντο</span> 
     </span>
    </p>
   </div>
   <div class='ocr_carea' id='block_1_34' title="bbox 486 2041 706 2112">
    <p class='ocr_par' dir='ltr' id='par_1_34' title="bbox 486 2041 706 2112">
     <span class='ocr_line' id='line_1_34' title="bbox 486 2041 706 2112; baseline 0.005 -16"><span class='ocrx_word' id='word_1_259' title='bbox 486 2041 706 2112; x_wconf 78' lang='grc' dir='ltr'><strong>μύθους.</strong></span> 
     </span>
    </p>
   </div>
   <div class='ocr_carea' id='block_1_35' title="bbox 557 2224 2118 2306">
    <p class='ocr_par' dir='ltr' id='par_1_35' title="bbox 557 2224 2118 2306">
     <span class='ocr_line' id='line_1_35' title="bbox 557 2224 2118 2306; baseline 0.01 -27"><span class='ocrx_word' id='word_1_260' title='bbox 557 2224 721 2282; x_wconf 68' lang='lat' dir='ltr'><strong>Vens.</strong></span> <span class='ocrx_word' id='word_1_261' title='bbox 751 2228 871 2286; x_wconf 82' lang='lat'><strong>3-6.</strong></span> <span class='ocrx_word' id='word_1_262' title='bbox 897 2263 966 2272; x_wconf 81' lang='lat'><em>-</em></span> <span class='ocrx_word' id='word_1_263' title='bbox 1002 2235 1202 2296; x_wconf 82' lang='lat' dir='ltr'><strong>Verum</strong></span> <span class='ocrx_word' id='word_1_264' title='bbox 1264 2237 1525 2306; x_wconf 76' lang='lat' dir='ltr'><strong>propheta</strong></span> <span class='ocrx_word' id='word_1_265' title='bbox 1557 2249 1920 2290; x_wconf 85' lang='lat' dir='ltr'><strong>consentance</strong></span> <span class='ocrx_word' id='word_1_266' title='bbox 1955 2254 2042 2290; x_wconf 89' lang='lat' dir='ltr'><strong>se-</strong></span> <span class='ocrx_word' id='word_1_267' title='bbox 2080 2242 2118 2295; x_wconf 79' lang='grc' dir='ltr'>Β</span> 
     </span>
    </p>
   </div>
   <div class='ocr_carea' id='block_1_36' title="bbox 485 2320 2049 2396">
    <p class='ocr_par' dir='ltr' id='par_1_36' title="bbox 485 2320 2049 2396">
     <span class='ocr_line' id='line_1_36' title="bbox 485 2320 2049 2396; baseline 0.006 -27"><span class='ocrx_word' id='word_1_268' title='bbox 485 2320 706 2385; x_wconf 88' lang='lat' dir='ltr'><strong>quentia</strong></span> <span class='ocrx_word' id='word_1_269' title='bbox 757 2336 974 2393; x_wconf 89' lang='lat' dir='ltr'><strong>quoque</strong></span> <span class='ocrx_word' id='word_1_270' title='bbox 1033 2327 1218 2388; x_wconf 84' lang='lat' dir='ltr'><strong>addit,</strong></span> <span class='ocrx_word' id='word_1_271' title='bbox 1263 2328 1498 2396; x_wconf 89' lang='lat' dir='ltr'><strong>priscam</strong></span> <span class='ocrx_word' id='word_1_272' title='bbox 1546 2330 1692 2382; x_wconf 90' lang='lat' dir='ltr'><strong>illius</strong></span> <span class='ocrx_word' id='word_1_273' title='bbox 1738 2328 2049 2382; x_wconf 79' lang='lat' dir='ltr'><strong>felicitatem</strong></span> 
     </span>
    </p>
   </div>
   <div class='ocr_carea' id='block_1_37' title="bbox 487 2410 2044 2476">
    <p class='ocr_par' dir='ltr' id='par_1_37' title="bbox 487 2410 2044 2476">
     <span class='ocr_line' id='line_1_37' title="bbox 487 2410 2044 2476; baseline 0.007 -14"><span class='ocrx_word' id='word_1_274' title='bbox 487 2410 692 2467; x_wconf 86' lang='lat' dir='ltr'><strong>irouiee</strong></span> <span class='ocrx_word' id='word_1_275' title='bbox 715 2415 876 2470; x_wconf 90' lang='lat' dir='ltr'><strong>simul</strong></span> <span class='ocrx_word' id='word_1_276' title='bbox 915 2423 970 2472; x_wconf 88' lang='lat' dir='ltr'><strong>et</strong></span> <span class='ocrx_word' id='word_1_277' title='bbox 1003 2433 1126 2472; x_wconf 94' lang='lat' dir='ltr'><strong>cum</strong></span> <span class='ocrx_word' id='word_1_278' title='bbox 1152 2421 1400 2475; x_wconf 87' lang='lat' dir='ltr'><strong>convicio</strong></span> <span class='ocrx_word' id='word_1_279' title='bbox 1438 2436 1744 2476; x_wconf 89' lang='lat' dir='ltr'><strong>memorans</strong></span> <span class='ocrx_word' id='word_1_280' title='bbox 1772 2441 1784 2476; x_wconf 89' lang='lat'><strong>:</strong></span> <span class='ocrx_word' id='word_1_281' title='bbox 1826 2440 1843 2471; x_wconf 77' lang='grc' dir='ltr'><strong>ι</strong></span> <span class='ocrx_word' id='word_1_282' title='bbox 1879 2421 2044 2474; x_wconf 84' lang='lat' dir='ltr'><strong>Priu-</strong></span> 
     </span>
    </p>
   </div>
   <div class='ocr_carea' id='block_1_38' title="bbox 486 2501 2050 2579">
    <p class='ocr_par' dir='ltr' id='par_1_38' title="bbox 486 2501 2050 2579">
     <span class='ocr_line' id='line_1_38' title="bbox 486 2501 2050 2579; baseline 0.008 -26"><span class='ocrx_word' id='word_1_283' title='bbox 486 2501 636 2570; x_wconf 88' lang='lat' dir='ltr'><strong>eipes</strong></span> <span class='ocrx_word' id='word_1_284' title='bbox 657 2503 775 2572; x_wconf 91' lang='lat' dir='ltr'><strong>ejus</strong></span> <span class='ocrx_word' id='word_1_285' title='bbox 802 2503 859 2560; x_wconf 87' lang='lat' dir='ltr'><strong>in</strong></span> <span class='ocrx_word' id='word_1_286' title='bbox 893 2521 956 2562; x_wconf 91' lang='lat' dir='ltr'><strong>ea</strong></span> <span class='ocrx_word' id='word_1_287' title='bbox 980 2509 1141 2562; x_wconf 84' lang='lat' dir='ltr'><strong>veluti</strong></span> <span class='ocrx_word' id='word_1_288' title='bbox 1176 2511 1452 2578; x_wconf 79' lang='lat' dir='ltr'><strong>rugientes</strong></span> <span class='ocrx_word' id='word_1_289' title='bbox 1482 2513 1684 2564; x_wconf 82' lang='lat' dir='ltr'><strong>leom-s.</strong></span> <span class='ocrx_word' id='word_1_290' title='bbox 1723 2531 1741 2562; x_wconf 73' lang='grc' dir='ltr'><strong>ι</strong></span> <span class='ocrx_word' id='word_1_291' title='bbox 1770 2512 1917 2565; x_wconf 80' lang='lat' dir='ltr'><strong>Adeo</strong></span> <span class='ocrx_word' id='word_1_292' title='bbox 1953 2527 2050 2579; x_wconf 84' lang='lat' dir='ltr'><strong>po-</strong></span> 
     </span>
    </p>
   </div>
   <div class='ocr_carea' id='block_1_39' title="bbox 487 2599 2050 2670">
    <p class='ocr_par' dir='ltr' id='par_1_39' title="bbox 487 2599 2050 2670">
     <span class='ocr_line' id='line_1_39' title="bbox 487 2599 2050 2670; baseline 0.006 -24"><span class='ocrx_word' id='word_1_293' title='bbox 487 2603 698 2659; x_wconf 87' lang='lat' dir='ltr'><strong>tentes,</strong></span> <span class='ocrx_word' id='word_1_294' title='bbox 747 2604 803 2651; x_wconf 90' lang='lat' dir='ltr'><strong>et</strong></span> <span class='ocrx_word' id='word_1_295' title='bbox 836 2599 1102 2655; x_wconf 89' lang='lat' dir='ltr'><strong>adversus</strong></span> <span class='ocrx_word' id='word_1_296' title='bbox 1137 2615 1327 2655; x_wconf 89' lang='lat' dir='ltr'><strong>omnes</strong></span> <span class='ocrx_word' id='word_1_297' title='bbox 1369 2603 1565 2670; x_wconf 84' lang='lat' dir='ltr'><strong>asperi.</strong></span> <span class='ocrx_word' id='word_1_298' title='bbox 1613 2622 1630 2653; x_wconf 78' lang='lat' dir='ltr'><strong>I</strong></span> <span class='ocrx_word' id='word_1_299' title='bbox 1681 2600 1901 2656; x_wconf 83' lang='lat' dir='ltr'><strong>Judices</strong></span> <span class='ocrx_word' id='word_1_300' title='bbox 1931 2603 2050 2669; x_wconf 83' lang='lat' dir='ltr'><strong>ejus</strong></span> 
     </span>
    </p>
   </div>
   <div class='ocr_carea' id='block_1_40' title="bbox 489 2689 2048 2757">
    <p class='ocr_par' dir='ltr' id='par_1_40' title="bbox 489 2689 2048 2757">
     <span class='ocr_line' id='line_1_40' title="bbox 489 2689 2048 2757; baseline 0.008 -20"><span class='ocrx_word' id='word_1_301' title='bbox 489 2695 546 2738; x_wconf 91' lang='lat' dir='ltr'><strong>nt</strong></span> <span class='ocrx_word' id='word_1_302' title='bbox 579 2689 687 2757; x_wconf 90' lang='lat' dir='ltr'><strong>lupi</strong></span> <span class='ocrx_word' id='word_1_303' title='bbox 729 2690 978 2757; x_wconf 76' lang='lat' dir='ltr'><strong>Arabiae,</strong></span> <span class='ocrx_word' id='word_1_304' title='bbox 1033 2695 1169 2749; x_wconf 90' lang='lat' dir='ltr'><strong>nihil</strong></span> <span class='ocrx_word' id='word_1_305' title='bbox 1202 2695 1549 2749; x_wconf 89' lang='lat' dir='ltr'><strong>dimittebant</strong></span> <span class='ocrx_word' id='word_1_306' title='bbox 1585 2699 1638 2750; x_wconf 91' lang='lat' dir='ltr'><strong>in</strong></span> <span class='ocrx_word' id='word_1_307' title='bbox 1691 2713 1869 2750; x_wconf 83' lang='lat' dir='ltr'><strong>inane.</strong></span> <span class='ocrx_word' id='word_1_308' title='bbox 1913 2717 1932 2747; x_wconf 69' lang='grc' dir='ltr'><strong>ι</strong></span> <span class='ocrx_word' id='word_1_309' title='bbox 1968 2697 2048 2750; x_wconf 86' lang='lat' dir='ltr'><strong>Ad</strong></span> 
     </span>
    </p>
   </div>
   <div class='ocr_carea' id='block_1_41' title="bbox 487 2780 2050 2856">
    <p class='ocr_par' dir='ltr' id='par_1_41' title="bbox 487 2780 2050 2856">
     <span class='ocr_line' id='line_1_41' title="bbox 487 2780 2050 2856; baseline 0.008 -27"><span class='ocrx_word' id='word_1_310' title='bbox 487 2793 598 2830; x_wconf 89' lang='lat' dir='ltr'><strong>rem</strong></span> <span class='ocrx_word' id='word_1_311' title='bbox 639 2780 1029 2837; x_wconf 78' lang='lat' dir='ltr'><strong>conﬁciendam</strong></span> <span class='ocrx_word' id='word_1_312' title='bbox 1073 2785 1315 2850; x_wconf 88' lang='lat' dir='ltr'><strong>celeres,</strong></span> <span class='ocrx_word' id='word_1_313' title='bbox 1367 2795 1424 2840; x_wconf 92' lang='lat' dir='ltr'><strong>ut</strong></span> <span class='ocrx_word' id='word_1_314' title='bbox 1464 2803 1571 2841; x_wconf 91' lang='lat' dir='ltr'><strong>una</strong></span> <span class='ocrx_word' id='word_1_315' title='bbox 1620 2788 1920 2856; x_wconf 90' lang='lat' dir='ltr'><strong>eademque</strong></span> <span class='ocrx_word' id='word_1_316' title='bbox 1963 2787 2050 2841; x_wconf 89' lang='lat' dir='ltr'><strong>die</strong></span> 
     </span>
    </p>
   </div>
   <div class='ocr_carea' id='block_1_42' title="bbox 487 2874 2048 2946">
    <p class='ocr_par' dir='ltr' id='par_1_42' title="bbox 487 2874 2048 2946">
     <span class='ocr_line' id='line_1_42' title="bbox 487 2874 2048 2946; baseline 0.004 -24"><span class='ocrx_word' id='word_1_317' title='bbox 487 2880 679 2924; x_wconf 90' lang='lat' dir='ltr'><strong>cuncta</strong></span> <span class='ocrx_word' id='word_1_318' title='bbox 713 2874 1023 2940; x_wconf 80' lang='lat' dir='ltr'><strong>concidant,</strong></span> <span class='ocrx_word' id='word_1_319' title='bbox 1070 2877 1313 2946; x_wconf 87' lang='lat' dir='ltr'><strong>nihilque</strong></span> <span class='ocrx_word' id='word_1_320' title='bbox 1354 2893 1462 2932; x_wconf 92' lang='lat' dir='ltr'><strong>non</strong></span> <span class='ocrx_word' id='word_1_321' title='bbox 1501 2879 1808 2932; x_wconf 81' lang='lat' dir='ltr'><strong>confectum</strong></span> <span class='ocrx_word' id='word_1_322' title='bbox 1863 2879 1915 2930; x_wconf 92' lang='lat' dir='ltr'><strong>in</strong></span> <span class='ocrx_word' id='word_1_323' title='bbox 1952 2894 2048 2946; x_wconf 79' lang='lat' dir='ltr'><strong>po-</strong></span> 
     </span>
    </p>
   </div>
   <div class='ocr_carea' id='block_1_43' title="bbox 486 2965 2046 3038">
    <p class='ocr_par' dir='ltr' id='par_1_43' title="bbox 486 2965 2046 3038">
     <span class='ocr_line' id='line_1_43' title="bbox 486 2965 2046 3038; baseline 0.01 -26"><span class='ocrx_word' id='word_1_324' title='bbox 486 2968 688 3014; x_wconf 89' lang='lat' dir='ltr'><strong>sterum</strong></span> <span class='ocrx_word' id='word_1_325' title='bbox 720 2965 1048 3034; x_wconf 79' lang='lat' dir='ltr'><strong>relinquant.</strong></span> <span class='ocrx_word' id='word_1_326' title='bbox 1091 2986 1109 3019; x_wconf 77' lang='lat' dir='ltr'><strong>t</strong></span> <span class='ocrx_word' id='word_1_327' title='bbox 1143 2967 1428 3037; x_wconf 69' lang='lat' dir='ltr'><strong>Propheta:</strong></span> <span class='ocrx_word' id='word_1_328' title='bbox 1454 2970 1575 3036; x_wconf 89' lang='lat' dir='ltr'><strong>ejus</strong></span> <span class='ocrx_word' id='word_1_329' title='bbox 1600 2969 1794 3038; x_wconf 85' lang='lat' dir='ltr'><strong>spiritu</strong></span> <span class='ocrx_word' id='word_1_330' title='bbox 1832 2971 2046 3038; x_wconf 81' lang='lat' dir='ltr'><strong>perciti.</strong></span> 
     </span>
    </p>
   </div>
   <div class='ocr_carea' id='block_1_44' title="bbox 488 3051 2050 3130">
    <p class='ocr_par' dir='ltr' id='par_1_44' title="bbox 488 3051 2050 3130">
     <span class='ocr_line' id='line_1_44' title="bbox 488 3051 2050 3130; baseline 0.007 -27"><span class='ocrx_word' id='word_1_331' title='bbox 488 3051 585 3105; x_wconf 93' lang='lat' dir='ltr'><strong>viri</strong></span> <span class='ocrx_word' id='word_1_332' title='bbox 631 3064 1054 3126; x_wconf 86' lang='lat' dir='ltr'><strong>contemptores.</strong></span> <span class='ocrx_word' id='word_1_333' title='bbox 1095 3077 1114 3110; x_wconf 81' lang='grc'>›</span> <span class='ocrx_word' id='word_1_334' title='bbox 1149 3057 1251 3124; x_wconf 85' lang='lat' dir='ltr'><strong>Qui</strong></span> <span class='ocrx_word' id='word_1_335' title='bbox 1293 3061 1436 3129; x_wconf 89' lang='lat' dir='ltr'><strong>apud</strong></span> <span class='ocrx_word' id='word_1_336' title='bbox 1483 3062 1680 3130; x_wconf 83' lang='lat' dir='ltr'><strong>ipsam,</strong></span> <span class='ocrx_word' id='word_1_337' title='bbox 1710 3062 1918 3129; x_wconf 83' lang='lat' dir='ltr'><strong>inquit,</strong></span> <span class='ocrx_word' id='word_1_338' title='bbox 1960 3079 2050 3114; x_wconf 82' lang='lat' dir='ltr'><strong>va-</strong></span> 
     </span>
    </p>
   </div>
   <div class='ocr_carea' id='block_1_45' title="bbox 488 3145 2052 3222">
    <p class='ocr_par' dir='ltr' id='par_1_45' title="bbox 488 3145 2052 3222">
     <span class='ocr_line' id='line_1_45' title="bbox 488 3145 2052 3222; baseline 0.008 -27"><span class='ocrx_word' id='word_1_339' title='bbox 488 3145 696 3200; x_wconf 81' lang='lat' dir='ltr'><strong>ticinari</strong></span> <span class='ocrx_word' id='word_1_340' title='bbox 727 3149 1013 3216; x_wconf 84' lang='lat' dir='ltr'><strong>spondent,</strong></span> <span class='ocrx_word' id='word_1_341' title='bbox 1049 3151 1221 3204; x_wconf 90' lang='lat' dir='ltr'><strong>multo</strong></span> <span class='ocrx_word' id='word_1_342' title='bbox 1251 3167 1376 3205; x_wconf 90' lang='lat' dir='ltr'><strong>cum</strong></span> <span class='ocrx_word' id='word_1_343' title='bbox 1407 3152 1550 3208; x_wconf 83' lang='lat' dir='ltr'><strong>fastu</strong></span> <span class='ocrx_word' id='word_1_344' title='bbox 1579 3154 1698 3208; x_wconf 80' lang='lat' dir='ltr'><strong>visa</strong></span> <span class='ocrx_word' id='word_1_345' title='bbox 1735 3155 1836 3206; x_wconf 84' lang='lat' dir='ltr'><strong>sibi</strong></span> <span class='ocrx_word' id='word_1_346' title='bbox 1865 3153 2052 3222; x_wconf 87' lang='lat' dir='ltr'><strong>loque-</strong></span> 
     </span>
    </p>
   </div>
   <div class='ocr_carea' id='block_1_46' title="bbox 489 3233 2046 3310">
    <p class='ocr_par' dir='ltr' id='par_1_46' title="bbox 489 3233 2046 3310">
     <span class='ocr_line' id='line_1_46' title="bbox 489 3233 2046 3310; baseline 0.009 -27"><span class='ocrx_word' id='word_1_347' title='bbox 489 3233 703 3288; x_wconf 88' lang='lat' dir='ltr'><strong>bantur.</strong></span> <span class='ocrx_word' id='word_1_348' title='bbox 774 3251 793 3285; x_wconf 72' lang='grc' dir='ltr'><strong>ε</strong></span> <span class='ocrx_word' id='word_1_349' title='bbox 839 3235 1158 3298; x_wconf 82' lang='lat' dir='ltr'><strong>Sacerdotes</strong></span> <span class='ocrx_word' id='word_1_350' title='bbox 1213 3241 1333 3310; x_wconf 92' lang='lat' dir='ltr'><strong>ejus</strong></span> <span class='ocrx_word' id='word_1_351' title='bbox 1393 3245 1768 3298; x_wconf 86' lang='lat' dir='ltr'><strong>contaminant</strong></span> <span class='ocrx_word' id='word_1_352' title='bbox 1828 3255 2046 3305; x_wconf 86' lang='lat' dir='ltr'><strong>sancta,</strong></span> 
     </span>
    </p>
   </div>
   <div class='ocr_carea' id='block_1_47' title="bbox 489 3326 2050 3403">
    <p class='ocr_par' dir='ltr' id='par_1_47' title="bbox 489 3326 2050 3403">
     <span class='ocr_line' id='line_1_47' title="bbox 489 3326 2050 3403; baseline 0.009 -29"><span class='ocrx_word' id='word_1_353' title='bbox 489 3333 714 3390; x_wconf 80' lang='lat' dir='ltr'><strong>peccant</strong></span> <span class='ocrx_word' id='word_1_354' title='bbox 738 3326 792 3379; x_wconf 92' lang='lat' dir='ltr'><strong>in</strong></span> <span class='ocrx_word' id='word_1_355' title='bbox 829 3328 1020 3397; x_wconf 90' lang='lat' dir='ltr'><strong>legem.</strong></span> <span class='ocrx_word' id='word_1_356' title='bbox 1061 3348 1082 3380; x_wconf 73' lang='grc' dir='ltr'><strong>ι</strong></span> <span class='ocrx_word' id='word_1_357' title='bbox 1114 3329 1218 3395; x_wconf 86' lang='lat' dir='ltr'><strong>Qui</strong></span> <span class='ocrx_word' id='word_1_358' title='bbox 1258 3331 1400 3401; x_wconf 87' lang='lat' dir='ltr'><strong>apud</strong></span> <span class='ocrx_word' id='word_1_359' title='bbox 1431 3349 1526 3388; x_wconf 88' lang='lat' dir='ltr'><strong>eos</strong></span> <span class='ocrx_word' id='word_1_360' title='bbox 1561 3333 1709 3403; x_wconf 80' lang='lat' dir='ltr'><strong>fungi</strong></span> <span class='ocrx_word' id='word_1_361' title='bbox 1741 3337 2050 3389; x_wconf 84' lang='lat' dir='ltr'><strong>sacerdotio</strong></span> 
     </span>
    </p>
   </div>
   <div class='ocr_carea' id='block_1_48' title="bbox 488 3416 2050 3495">
    <p class='ocr_par' dir='ltr' id='par_1_48' title="bbox 488 3416 2050 3495">
     <span class='ocr_line' id='line_1_48' title="bbox 488 3416 2050 3495; baseline 0.01 -30"><span class='ocrx_word' id='word_1_362' title='bbox 488 3416 832 3480; x_wconf 80' lang='lat' dir='ltr'><strong>videbantur,</strong></span> <span class='ocrx_word' id='word_1_363' title='bbox 881 3419 1046 3491; x_wconf 59' lang='lat'><strong>265,</strong></span> <span class='ocrx_word' id='word_1_364' title='bbox 1097 3430 1287 3476; x_wconf 91' lang='lat' dir='ltr'><strong>contra</strong></span> <span class='ocrx_word' id='word_1_365' title='bbox 1318 3424 1488 3494; x_wconf 89' lang='lat' dir='ltr'><strong>legem</strong></span> <span class='ocrx_word' id='word_1_366' title='bbox 1534 3441 1710 3479; x_wconf 89' lang='lat' dir='ltr'><strong>meam</strong></span> <span class='ocrx_word' id='word_1_367' title='bbox 1745 3436 2050 3495; x_wconf 81' lang='lat' dir='ltr'><strong>contraque</strong></span> 
     </span>
    </p>
   </div>
   <div class='ocr_carea' id='block_1_49' title="bbox 487 3507 2048 3583">
    <p class='ocr_par' dir='ltr' id='par_1_49' title="bbox 487 3507 2048 3583">
     <span class='ocr_line' id='line_1_49' title="bbox 487 3507 2048 3583; baseline 0.006 -26"><span class='ocrx_word' id='word_1_368' title='bbox 487 3507 744 3574; x_wconf 84' lang='lat' dir='ltr'><strong>templum</strong></span> <span class='ocrx_word' id='word_1_369' title='bbox 781 3509 942 3577; x_wconf 87' lang='lat' dir='ltr'><strong>impie</strong></span> <span class='ocrx_word' id='word_1_370' title='bbox 973 3511 1236 3579; x_wconf 83' lang='lat' dir='ltr'><strong>agebant;</strong></span> <span class='ocrx_word' id='word_1_371' title='bbox 1278 3520 1333 3567; x_wconf 87' lang='lat' dir='ltr'><strong>et</strong></span> <span class='ocrx_word' id='word_1_372' title='bbox 1371 3527 1510 3583; x_wconf 90' lang='lat' dir='ltr'><strong>quos</strong></span> <span class='ocrx_word' id='word_1_373' title='bbox 1559 3515 1921 3582; x_wconf 86' lang='lat' dir='ltr'><strong>obsequentes</strong></span> <span class='ocrx_word' id='word_1_374' title='bbox 1951 3517 2048 3567; x_wconf 81' lang='lat' dir='ltr'><strong>ba-</strong></span> 
     </span>
    </p>
   </div>
   <div class='ocr_carea' id='block_1_50' title="bbox 2217 2225 3724 2303">
    <p class='ocr_par' dir='ltr' id='par_1_50' title="bbox 2217 2225 3724 2303">
     <span class='ocr_line' id='line_1_50' title="bbox 2217 2225 3724 2303; baseline -0.007 -17"><span class='ocrx_word' id='word_1_375' title='bbox 2217 2235 2363 2303; x_wconf 82' lang='grc' dir='ltr'>Στίχ.</span> <span class='ocrx_word' id='word_1_376' title='bbox 2404 2231 2650 2301; x_wconf 74' lang='grc' dir='ltr'><strong>γ’-ς’.--</strong></span> <span class='ocrx_word' id='word_1_377' title='bbox 2683 2232 2742 2283; x_wconf 87' lang='lat' dir='ltr'><strong>&#39;U</strong></span> <span class='ocrx_word' id='word_1_378' title='bbox 2770 2232 2826 2284; x_wconf 81' lang='grc' dir='ltr'>δὲ</span> <span class='ocrx_word' id='word_1_379' title='bbox 2861 2231 3142 2301; x_wconf 78' lang='grc' dir='ltr'>προφήτης</span> <span class='ocrx_word' id='word_1_380' title='bbox 3184 2227 3491 2289; x_wconf 76' lang='grc' dir='ltr'>ἀκολούθως</span> <span class='ocrx_word' id='word_1_381' title='bbox 3537 2226 3630 2279; x_wconf 77' lang='grc' dir='ltr'><strong>καὶ</strong></span> <span class='ocrx_word' id='word_1_382' title='bbox 3655 2225 3724 2276; x_wconf 60' lang='grc' dir='ltr'>τᾶ</span> 
     </span>
    </p>
   </div>
   <div class='ocr_carea' id='block_1_51' title="bbox 2153 2318 3720 2398">
    <p class='ocr_par' dir='ltr' id='par_1_51' title="bbox 2153 2318 3720 2398">
     <span class='ocr_line' id='line_1_51' title="bbox 2153 2318 3720 2398; baseline -0.011 -14"><span class='ocrx_word' id='word_1_383' title='bbox 2153 2330 2279 2398; x_wconf 76' lang='grc' dir='ltr'>ἑξῆς</span> <span class='ocrx_word' id='word_1_384' title='bbox 2297 2329 2509 2395; x_wconf 78' lang='grc' dir='ltr'>ἐπάγει,</span> <span class='ocrx_word' id='word_1_385' title='bbox 2535 2327 2628 2397; x_wconf 79' lang='grc' dir='ltr'>τὴν</span> <span class='ocrx_word' id='word_1_386' title='bbox 2651 2325 2883 2378; x_wconf 75' lang='grc' dir='ltr'>παλαιὰν</span> <span class='ocrx_word' id='word_1_387' title='bbox 2906 2322 3210 2394; x_wconf 73' lang='grc' dir='ltr'>εὐπραγίαν</span> <span class='ocrx_word' id='word_1_388' title='bbox 3233 2321 3401 2390; x_wconf 81' lang='grc' dir='ltr'>αὐτῆς</span> <span class='ocrx_word' id='word_1_389' title='bbox 3424 2318 3720 2388; x_wconf 77' lang='grc' dir='ltr'>εἰρωνικῶς</span> 
     </span>
    </p>
   </div>
   <div class='ocr_carea' id='block_1_52' title="bbox 2151 2408 3717 2490">
    <p class='ocr_par' dir='ltr' id='par_1_52' title="bbox 2151 2408 3717 2490">
     <span class='ocr_line' id='line_1_52' title="bbox 2151 2408 3717 2490; baseline -0.009 -17"><span class='ocrx_word' id='word_1_390' title='bbox 2151 2438 2210 2473; x_wconf 93' lang='grc' dir='ltr'><strong>τε</strong></span> <span class='ocrx_word' id='word_1_391' title='bbox 2232 2423 2346 2490; x_wconf 78' lang='grc' dir='ltr'>ἃμα</span> <span class='ocrx_word' id='word_1_392' title='bbox 2379 2420 2547 2487; x_wconf 88' lang='grc' dir='ltr'>λέγων</span> <span class='ocrx_word' id='word_1_393' title='bbox 2579 2419 2670 2472; x_wconf 68' lang='grc' dir='ltr'><strong>καὶ</strong></span> <span class='ocrx_word' id='word_1_394' title='bbox 2697 2414 3089 2478; x_wconf 84' lang='grc' dir='ltr'>ὀνειδιστικῶς·</span> <span class='ocrx_word' id='word_1_395' title='bbox 3124 2433 3141 2464; x_wconf 77' lang='lat' dir='ltr'><strong>t</strong></span> <span class='ocrx_word' id='word_1_396' title='bbox 3167 2415 3228 2465; x_wconf 87' lang='grc' dir='ltr'><strong>υί</strong></span> <span class='ocrx_word' id='word_1_397' title='bbox 3256 2411 3512 2481; x_wconf 76' lang='grc' dir='ltr'>ἄρχοντες</span> <span class='ocrx_word' id='word_1_398' title='bbox 3553 2408 3717 2475; x_wconf 70' lang='grc' dir='ltr'>αὐτῆς</span> 
     </span>
    </p>
   </div>
   <div class='ocr_carea' id='block_1_53' title="bbox 2152 2501 3720 2582">
    <p class='ocr_par' dir='ltr' id='par_1_53' title="bbox 2152 2501 3720 2582">
     <span class='ocr_line' id='line_1_53' title="bbox 2152 2501 3720 2582; baseline -0.009 -17"><span class='ocrx_word' id='word_1_399' title='bbox 2152 2515 2210 2565; x_wconf 85' lang='grc' dir='ltr'><strong>ἐν</strong></span> <span class='ocrx_word' id='word_1_400' title='bbox 2243 2514 2379 2582; x_wconf 79' lang='grc' dir='ltr'>ἀυτῇ</span> <span class='ocrx_word' id='word_1_401' title='bbox 2415 2512 2488 2574; x_wconf 87' lang='grc' dir='ltr'>ὡς</span> <span class='ocrx_word' id='word_1_402' title='bbox 2526 2511 2736 2572; x_wconf 85' lang='grc' dir='ltr'>λέοντες</span> <span class='ocrx_word' id='word_1_403' title='bbox 2765 2508 3086 2578; x_wconf 78' lang='grc' dir='ltr'>ὠρυόμενοι.</span> <span class='ocrx_word' id='word_1_404' title='bbox 3122 2525 3141 2558; x_wconf 74' lang='grc' dir='ltr'><strong>ι</strong></span> <span class='ocrx_word' id='word_1_405' title='bbox 3178 2504 3330 2558; x_wconf 80' lang='grc' dir='ltr'>Οὕτω</span> <span class='ocrx_word' id='word_1_406' title='bbox 3379 2502 3597 2555; x_wconf 78' lang='grc' dir='ltr'>δυνατοὶ</span> <span class='ocrx_word' id='word_1_407' title='bbox 3629 2501 3720 2552; x_wconf 76' lang='grc' dir='ltr'>καὶ</span> 
     </span>
    </p>
   </div>
   <div class='ocr_carea' id='block_1_54' title="bbox 2153 2591 3716 2669">
    <p class='ocr_par' dir='ltr' id='par_1_54' title="bbox 2153 2591 3716 2669">
     <span class='ocr_line' id='line_1_54' title="bbox 2153 2591 3716 2669; baseline -0.01 -11"><span class='ocrx_word' id='word_1_408' title='bbox 2153 2604 2293 2658; x_wconf 83' lang='grc' dir='ltr'>κατὰ</span> <span class='ocrx_word' id='word_1_409' title='bbox 2340 2604 2553 2657; x_wconf 72' lang='grc' dir='ltr'>πάντων</span> <span class='ocrx_word' id='word_1_410' title='bbox 2599 2600 3006 2669; x_wconf 79' lang='grc' dir='ltr'>θρασυνόμενοι.</span> <span class='ocrx_word' id='word_1_411' title='bbox 3047 2617 3066 2647; x_wconf 83' lang='grc'><em>‹</em></span> <span class='ocrx_word' id='word_1_412' title='bbox 3101 2598 3161 2648; x_wconf 90' lang='grc' dir='ltr'><strong>Οἱ</strong></span> <span class='ocrx_word' id='word_1_413' title='bbox 3214 2594 3394 2664; x_wconf 79' lang='grc' dir='ltr'>κριταὶ</span> <span class='ocrx_word' id='word_1_414' title='bbox 3441 2593 3610 2663; x_wconf 82' lang='grc' dir='ltr'>αὑτῆς</span> <span class='ocrx_word' id='word_1_415' title='bbox 3647 2591 3716 2650; x_wconf 87' lang='grc' dir='ltr'><strong>ώς</strong></span> 
     </span>
    </p>
   </div>
   <div class='ocr_carea' id='block_1_55' title="bbox 2151 2682 3776 2762">
    <p class='ocr_par' dir='ltr' id='par_1_55' title="bbox 2151 2682 3776 2762">
     <span class='ocr_line' id='line_1_55' title="bbox 2151 2682 3776 2762; baseline -0.01 -15"><span class='ocrx_word' id='word_1_416' title='bbox 2151 2694 2303 2747; x_wconf 81' lang='grc' dir='ltr'>λύκοι</span> <span class='ocrx_word' id='word_1_417' title='bbox 2339 2694 2434 2762; x_wconf 85' lang='grc' dir='ltr'><strong>τῆς</strong></span> <span class='ocrx_word' id='word_1_418' title='bbox 2478 2691 2753 2760; x_wconf 70' lang='grc' dir='ltr'>’Δραϐίας,</span> <span class='ocrx_word' id='word_1_419' title='bbox 2783 2689 2880 2759; x_wconf 89' lang='grc' dir='ltr'><strong>οὑχ</strong></span> <span class='ocrx_word' id='word_1_420' title='bbox 2910 2689 3234 2740; x_wconf 78' lang='grc' dir='ltr'>ὑπελίποντο</span> <span class='ocrx_word' id='word_1_421' title='bbox 3265 2687 3344 2748; x_wconf 90' lang='grc' dir='ltr'><strong>είς</strong></span> <span class='ocrx_word' id='word_1_422' title='bbox 3386 2684 3448 2735; x_wconf 79' lang='grc' dir='ltr'><strong>τὸ</strong></span> <span class='ocrx_word' id='word_1_423' title='bbox 3492 2682 3654 2751; x_wconf 75' lang='grc' dir='ltr'>πρωῒ.</span> <span class='ocrx_word' id='word_1_424' title='bbox 3693 2701 3714 2732; x_wconf 69' lang='grc' dir='ltr'><strong>ι</strong></span> <span class='ocrx_word' id='word_1_425' title='bbox 3767 2753 3776 2762; x_wconf 34' lang='grc' dir='ltr'><strong>ο</strong></span> 
     </span>
    </p>
   </div>
   <div class='ocr_carea' id='block_1_56' title="bbox 2166 2779 3712 2851">
    <p class='ocr_par' dir='ltr' id='par_1_56' title="bbox 2166 2779 3712 2851">
     <span class='ocr_line' id='line_1_56' title="bbox 2166 2779 3712 2851; baseline -0.008 -14"><span class='ocrx_word' id='word_1_426' title='bbox 2166 2785 2336 2849; x_wconf 81' lang='grc' dir='ltr'>ὐξεῐς</span> <span class='ocrx_word' id='word_1_427' title='bbox 2385 2785 2508 2851; x_wconf 80' lang='grc' dir='ltr'>περὶ</span> <span class='ocrx_word' id='word_1_428' title='bbox 2552 2782 2614 2834; x_wconf 78' lang='grc' dir='ltr'>τὸ</span> <span class='ocrx_word' id='word_1_429' title='bbox 2663 2786 2834 2850; x_wconf 87' lang='grc' dir='ltr'>πέρας</span> <span class='ocrx_word' id='word_1_430' title='bbox 2874 2779 3170 2833; x_wconf 79' lang='grc' dir='ltr'>ἐπιτιθέναι</span> <span class='ocrx_word' id='word_1_431' title='bbox 3214 2780 3328 2840; x_wconf 84' lang='grc' dir='ltr'>τοῖς</span> <span class='ocrx_word' id='word_1_432' title='bbox 3377 2779 3712 2846; x_wconf 84' lang='grc' dir='ltr'>πράγμασιν,</span> 
     </span>
    </p>
   </div>
   <div class='ocr_carea' id='block_1_57' title="bbox 2152 2866 3716 2946">
    <p class='ocr_par' dir='ltr' id='par_1_57' title="bbox 2152 2866 3716 2946">
     <span class='ocr_line' id='line_1_57' title="bbox 2152 2866 3716 2946; baseline -0.009 -16"><span class='ocrx_word' id='word_1_433' title='bbox 2152 2877 2290 2930; x_wconf 84' lang='grc' dir='ltr'>ὥστε</span> <span class='ocrx_word' id='word_1_434' title='bbox 2320 2875 2626 2946; x_wconf 80' lang='grc' dir='ltr'>αὑθήμερον</span> <span class='ocrx_word' id='word_1_435' title='bbox 2675 2875 2888 2926; x_wconf 74' lang='grc' dir='ltr'>ἅπαντα</span> <span class='ocrx_word' id='word_1_436' title='bbox 2933 2872 3170 2942; x_wconf 85' lang='grc' dir='ltr'>τέμνειν,</span> <span class='ocrx_word' id='word_1_437' title='bbox 3199 2870 3292 2924; x_wconf 77' lang='grc' dir='ltr'><strong>καὶ</strong></span> <span class='ocrx_word' id='word_1_438' title='bbox 3329 2868 3495 2939; x_wconf 80' lang='grc' dir='ltr'>μηδὲν</span> <span class='ocrx_word' id='word_1_439' title='bbox 3530 2866 3716 2928; x_wconf 82' lang='grc' dir='ltr'>ἀτελὲς</span> 
     </span>
    </p>
   </div>
   <div class='ocr_carea' id='block_1_58' title="bbox 2152 2960 3714 3037">
    <p class='ocr_par' dir='ltr' id='par_1_58' title="bbox 2152 2960 3714 3037">
     <span class='ocr_line' id='line_1_58' title="bbox 2152 2960 3714 3037; baseline -0.008 -15"><span class='ocrx_word' id='word_1_440' title='bbox 2152 2973 2231 3032; x_wconf 83' lang='grc' dir='ltr'>εἰς</span> <span class='ocrx_word' id='word_1_441' title='bbox 2270 2969 2368 3037; x_wconf 80' lang='grc' dir='ltr'><strong>τὴν</strong></span> <span class='ocrx_word' id='word_1_442' title='bbox 2414 2965 2536 3036; x_wconf 82' lang='grc' dir='ltr'>ἑξῆς</span> <span class='ocrx_word' id='word_1_443' title='bbox 2573 2966 2810 3032; x_wconf 82' lang='grc' dir='ltr'>ἀφιέναι.</span> <span class='ocrx_word' id='word_1_444' title='bbox 2871 2984 2887 3014; x_wconf 86' lang='grc'><strong><em>‹</em></strong></span> <span class='ocrx_word' id='word_1_445' title='bbox 2922 2967 2982 3017; x_wconf 89' lang='grc' dir='ltr'>Οί</span> <span class='ocrx_word' id='word_1_446' title='bbox 3017 2963 3292 3035; x_wconf 81' lang='grc' dir='ltr'>προφῆται</span> <span class='ocrx_word' id='word_1_447' title='bbox 3338 2960 3510 3028; x_wconf 78' lang='grc' dir='ltr'>αὐτῆς</span> <span class='ocrx_word' id='word_1_448' title='bbox 3559 2976 3714 3012; x_wconf 83' lang='grc' dir='ltr'>πνευ-</span> 
     </span>
    </p>
   </div>
   <div class='ocr_carea' id='block_1_59' title="bbox 2155 3050 3715 3130">
    <p class='ocr_par' dir='ltr' id='par_1_59' title="bbox 2155 3050 3715 3130">
     <span class='ocr_line' id='line_1_59' title="bbox 2155 3050 3715 3130; baseline -0.009 -18"><span class='ocrx_word' id='word_1_449' title='bbox 2155 3059 2446 3130; x_wconf 82' lang='grc' dir='ltr'>ματοφόροι</span> <span class='ocrx_word' id='word_1_450' title='bbox 2487 3058 2673 3128; x_wconf 83' lang='grc' dir='ltr'>ἄνδρες</span> <span class='ocrx_word' id='word_1_451' title='bbox 2731 3054 3154 3126; x_wconf 83' lang='grc' dir='ltr'>καταφρονηταί.</span> <span class='ocrx_word' id='word_1_452' title='bbox 3195 3072 3212 3104; x_wconf 73' lang='grc' dir='ltr'><strong>ι</strong></span> <span class='ocrx_word' id='word_1_453' title='bbox 3271 3051 3380 3104; x_wconf 77' lang='grc' dir='ltr'><strong>Καὶ</strong></span> <span class='ocrx_word' id='word_1_454' title='bbox 3412 3051 3463 3103; x_wconf 92' lang='grc' dir='ltr'><strong>οί</strong></span> <span class='ocrx_word' id='word_1_455' title='bbox 3487 3053 3546 3102; x_wconf 86' lang='grc' dir='ltr'><strong>ἐν</strong></span> <span class='ocrx_word' id='word_1_456' title='bbox 3581 3050 3715 3117; x_wconf 71' lang='grc' dir='ltr'>αὐτῇ</span> 
     </span>
    </p>
   </div>
   <div class='ocr_carea' id='block_1_60' title="bbox 2150 3141 3716 3220">
    <p class='ocr_par' dir='ltr' id='par_1_60' title="bbox 2150 3141 3716 3220">
     <span class='ocr_line' id='line_1_60' title="bbox 2150 3141 3716 3220; baseline 0.004 -24"><span class='ocrx_word' id='word_1_457' title='bbox 2150 3153 2228 3215; x_wconf 70' lang='grc' dir='ltr'><strong>δὲ,</strong></span> <span class='ocrx_word' id='word_1_458' title='bbox 2261 3151 2413 3220; x_wconf 66' lang='grc' dir='ltr'>φησι,</span> <span class='ocrx_word' id='word_1_459' title='bbox 2455 3149 2810 3218; x_wconf 85' lang='grc' dir='ltr'>μαντεύεσθαι</span> <span class='ocrx_word' id='word_1_460' title='bbox 2843 3146 3316 3214; x_wconf 83' lang='grc' dir='ltr'>ἐπαγγελλόμενοι,</span> <span class='ocrx_word' id='word_1_461' title='bbox 3353 3143 3491 3212; x_wconf 88' lang='grc' dir='ltr'><strong>μετά</strong></span> <span class='ocrx_word' id='word_1_462' title='bbox 3522 3141 3716 3209; x_wconf 79' lang='grc' dir='ltr'>πολλῆς</span> 
     </span>
    </p>
   </div>
   <div class='ocr_carea' id='block_1_61' title="bbox 2152 3234 3718 3315">
    <p class='ocr_par' dir='ltr' id='par_1_61' title="bbox 2152 3234 3718 3315">
     <span class='ocr_line' id='line_1_61' title="bbox 2152 3234 3718 3315; baseline -0.008 -17"><span class='ocrx_word' id='word_1_463' title='bbox 2152 3243 2450 3315; x_wconf 66' lang='grc' dir='ltr'>ὑπεροψίας</span> <span class='ocrx_word' id='word_1_464' title='bbox 2481 3243 2548 3294; x_wconf 78' lang='grc' dir='ltr'>τὰ</span> <span class='ocrx_word' id='word_1_465' title='bbox 2579 3241 2836 3294; x_wconf 77' lang='grc' dir='ltr'>δοκοῦντα</span> <span class='ocrx_word' id='word_1_466' title='bbox 2865 3238 3206 3307; x_wconf 81' lang='grc' dir='ltr'>ἐφθέγγοντο.</span> <span class='ocrx_word' id='word_1_467' title='bbox 3258 3257 3275 3288; x_wconf 83' lang='grc'><strong><em>‹</em></strong></span> <span class='ocrx_word' id='word_1_468' title='bbox 3310 3237 3372 3289; x_wconf 78' lang='grc' dir='ltr'><strong>υἱ</strong></span> <span class='ocrx_word' id='word_1_469' title='bbox 3410 3237 3578 3304; x_wconf 80' lang='grc' dir='ltr'>ἱερεῖς</span> <span class='ocrx_word' id='word_1_470' title='bbox 3622 3234 3718 3285; x_wconf 78' lang='grc' dir='ltr'>αὑ·</span> 
     </span>
    </p>
   </div>
   <div class='ocr_carea' id='block_1_62' title="bbox 2151 3327 3714 3406">
    <p class='ocr_par' dir='ltr' id='par_1_62' title="bbox 2151 3327 3714 3406">
     <span class='ocr_line' id='line_1_62' title="bbox 2151 3327 3714 3406; baseline -0.009 -18"><span class='ocrx_word' id='word_1_471' title='bbox 2151 3338 2248 3406; x_wconf 81' lang='grc' dir='ltr'><strong>τῆς</strong></span> <span class='ocrx_word' id='word_1_472' title='bbox 2270 3333 2554 3405; x_wconf 77' lang='grc' dir='ltr'>βεϐηλοῦσι</span> <span class='ocrx_word' id='word_1_473' title='bbox 2576 3333 2641 3386; x_wconf 84' lang='grc' dir='ltr'>τὰ</span> <span class='ocrx_word' id='word_1_474' title='bbox 2665 3332 2814 3400; x_wconf 76' lang='grc' dir='ltr'>ἅγια,</span> <span class='ocrx_word' id='word_1_475' title='bbox 2842 3332 2935 3383; x_wconf 73' lang='grc' dir='ltr'><strong>καὶ</strong></span> <span class='ocrx_word' id='word_1_476' title='bbox 2953 3329 3236 3382; x_wconf 77' lang='grc' dir='ltr'>ἀσεϐοῦσιν</span> <span class='ocrx_word' id='word_1_477' title='bbox 3264 3329 3341 3391; x_wconf 87' lang='grc' dir='ltr'><strong>είς</strong></span> <span class='ocrx_word' id='word_1_478' title='bbox 3368 3327 3459 3379; x_wconf 73' lang='grc' dir='ltr'><strong>τὸν</strong></span> <span class='ocrx_word' id='word_1_479' title='bbox 3481 3327 3664 3394; x_wconf 82' lang='grc' dir='ltr'>νόμον.</span> <span class='ocrx_word' id='word_1_480' title='bbox 3696 3344 3714 3374; x_wconf 71' lang='grc' dir='ltr'><strong>ι</strong></span> 
     </span>
    </p>
   </div>
   <div class='ocr_carea' id='block_1_63' title="bbox 2155 3417 3715 3496">
    <p class='ocr_par' dir='ltr' id='par_1_63' title="bbox 2155 3417 3715 3496">
     <span class='ocr_line' id='line_1_63' title="bbox 2155 3417 3715 3496; baseline -0.008 -16"><span class='ocrx_word' id='word_1_481' title='bbox 2155 3433 2228 3496; x_wconf 76' lang='lat' dir='ltr'><strong>(p.</strong></span> <span class='ocrx_word' id='word_1_482' title='bbox 2260 3424 2410 3494; x_wconf 70' lang='grc'><strong>402)</strong></span> <span class='ocrx_word' id='word_1_483' title='bbox 2465 3423 2574 3477; x_wconf 74' lang='grc' dir='ltr'>Καὶ</span> <span class='ocrx_word' id='word_1_484' title='bbox 2631 3425 2679 3476; x_wconf 83' lang='grc' dir='ltr'>οἱ</span> <span class='ocrx_word' id='word_1_485' title='bbox 2727 3421 3008 3484; x_wconf 75' lang='grc' dir='ltr'>δοκοῦντες</span> <span class='ocrx_word' id='word_1_486' title='bbox 3053 3419 3108 3472; x_wconf 84' lang='grc' dir='ltr'>δὲ</span> <span class='ocrx_word' id='word_1_487' title='bbox 3165 3419 3290 3489; x_wconf 76' lang='grc' dir='ltr'>παρ’</span> <span class='ocrx_word' id='word_1_488' title='bbox 3333 3417 3520 3479; x_wconf 82' lang='grc' dir='ltr'>αὑτοῖς</span> <span class='ocrx_word' id='word_1_489' title='bbox 3569 3419 3715 3486; x_wconf 79' lang='grc' dir='ltr'>ἱερα-</span> 
     </span>
    </p>
   </div>
   <div class='ocr_carea' id='block_1_64' title="bbox 2150 3506 3718 3581">
    <p class='ocr_par' dir='ltr' id='par_1_64' title="bbox 2150 3506 3718 3581">
     <span class='ocr_line' id='line_1_64' title="bbox 2150 3506 3718 3581; baseline -0.009 -11"><span class='ocrx_word' id='word_1_490' title='bbox 2150 3519 2346 3578; x_wconf 86' lang='grc' dir='ltr'>τεύειν,</span> <span class='ocrx_word' id='word_1_491' title='bbox 2393 3518 2472 3578; x_wconf 83' lang='grc' dir='ltr'>εἷς</span> <span class='ocrx_word' id='word_1_492' title='bbox 2503 3532 2563 3566; x_wconf 89' lang='grc' dir='ltr'><strong>τε</strong></span> <span class='ocrx_word' id='word_1_493' title='bbox 2601 3514 2691 3567; x_wconf 82' lang='grc' dir='ltr'><strong>τὸν</strong></span> <span class='ocrx_word' id='word_1_494' title='bbox 2737 3514 2898 3581; x_wconf 87' lang='grc' dir='ltr'>νόμον</span> <span class='ocrx_word' id='word_1_495' title='bbox 2929 3512 3022 3565; x_wconf 75' lang='grc' dir='ltr'><strong>τὸν</strong></span> <span class='ocrx_word' id='word_1_496' title='bbox 3070 3511 3200 3580; x_wconf 76' lang='grc' dir='ltr'>ἐμὸν</span> <span class='ocrx_word' id='word_1_497' title='bbox 3237 3509 3316 3572; x_wconf 83' lang='grc' dir='ltr'><strong>είς</strong></span> <span class='ocrx_word' id='word_1_498' title='bbox 3353 3525 3412 3560; x_wconf 90' lang='grc' dir='ltr'><strong>τε</strong></span> <span class='ocrx_word' id='word_1_499' title='bbox 3453 3507 3546 3559; x_wconf 82' lang='grc' dir='ltr'><strong>τὸν</strong></span> <span class='ocrx_word' id='word_1_500' title='bbox 3594 3506 3718 3558; x_wconf 66' lang='grc' dir='ltr'>ναὸν</span> 
     </span>
    </p>
   </div>
   <div class='ocr_carea' id='block_1_65' title="bbox 490 3591 2048 3679">
    <p class='ocr_par' dir='ltr' id='par_1_65' title="bbox 490 3597 2044 3671">
     <span class='ocr_line' id='line_1_65' title="bbox 490 3597 2044 3671; baseline 0.008 -23"><span class='ocrx_word' id='word_1_501' title='bbox 490 3597 709 3660; x_wconf 87' lang='lat' dir='ltr'><strong>hebant,</strong></span> <span class='ocrx_word' id='word_1_502' title='bbox 746 3599 810 3651; x_wconf 89' lang='lat' dir='ltr'><strong>ad</strong></span> <span class='ocrx_word' id='word_1_503' title='bbox 850 3599 965 3654; x_wconf 73' lang='lat' dir='ltr'><strong>haec</strong></span> <span class='ocrx_word' id='word_1_504' title='bbox 1004 3601 1125 3671; x_wconf 88' lang='lat' dir='ltr'><strong>ipsa</strong></span> <span class='ocrx_word' id='word_1_505' title='bbox 1158 3604 1366 3659; x_wconf 89' lang='lat' dir='ltr'><strong>scelera</strong></span> <span class='ocrx_word' id='word_1_506' title='bbox 1397 3606 1642 3660; x_wconf 87' lang='lat' dir='ltr'><strong>studiose</strong></span> <span class='ocrx_word' id='word_1_507' title='bbox 1679 3609 2044 3663; x_wconf 85' lang='lat' dir='ltr'><strong>concitabant.</strong></span> 
     </span>
    </p>
   </div>
   <div class='ocr_carea' id='block_1_66' title="bbox 2153 3591 3718 3679">
    <p class='ocr_par' dir='ltr' id='par_1_66' title="bbox 2155 3597 3718 3679">
     <span class='ocr_line' id='line_1_66' title="bbox 2155 3597 3718 3679; baseline -0.008 -18"><span class='ocrx_word' id='word_1_508' title='bbox 2155 3609 2402 3679; x_wconf 69' lang='grc' dir='ltr'>ἠσέϐουν,</span> <span class='ocrx_word' id='word_1_509' title='bbox 2460 3605 2746 3675; x_wconf 81' lang='grc' dir='ltr'>διεγείρειν</span> <span class='ocrx_word' id='word_1_510' title='bbox 2804 3604 2896 3656; x_wconf 73' lang='grc' dir='ltr'>ἐπὶ</span> <span class='ocrx_word' id='word_1_511' title='bbox 2951 3602 3124 3656; x_wconf 81' lang='grc' dir='ltr'>ταῦτα</span> <span class='ocrx_word' id='word_1_512' title='bbox 3185 3601 3311 3664; x_wconf 81' lang='grc' dir='ltr'>τοὺς</span> <span class='ocrx_word' id='word_1_513' title='bbox 3365 3597 3718 3668; x_wconf 84' lang='grc' dir='ltr'>πειθομένους</span> 
     </span>
    </p>
   </div>
   <div class='ocr_carea' id='block_1_67' title="bbox 485 3686 2048 3762">
    <p class='ocr_par' dir='ltr' id='par_1_67' title="bbox 485 3686 2048 3762">
     <span class='ocr_line' id='line_1_67' title="bbox 485 3686 2048 3762; baseline 0.01 -24"><span class='ocrx_word' id='word_1_514' title='bbox 485 3686 848 3752; x_wconf 82' lang='lat' dir='ltr'><strong>Quamobrem</strong></span> <span class='ocrx_word' id='word_1_515' title='bbox 878 3705 1283 3762; x_wconf 90' lang='lat' dir='ltr'><strong>consequenter</strong></span> <span class='ocrx_word' id='word_1_516' title='bbox 1315 3697 1502 3752; x_wconf 89' lang='lat' dir='ltr'><strong>subdit</strong></span> <span class='ocrx_word' id='word_1_517' title='bbox 1535 3716 1549 3751; x_wconf 89' lang='lat'>:</span> <span class='ocrx_word' id='word_1_518' title='bbox 1580 3717 1598 3749; x_wconf 77' lang='grc' dir='ltr'><strong>ι</strong></span> <span class='ocrx_word' id='word_1_519' title='bbox 1651 3699 1914 3753; x_wconf 83' lang='lat' dir='ltr'><strong>Dominus</strong></span> <span class='ocrx_word' id='word_1_520' title='bbox 1951 3715 2048 3752; x_wconf 82' lang='lat' dir='ltr'><strong>au-</strong></span> 
     </span>
    </p>
   </div>
   <div class='ocr_carea' id='block_1_68' title="bbox 487 3776 2043 3855">
    <p class='ocr_par' dir='ltr' id='par_1_68' title="bbox 487 3776 2043 3855">
     <span class='ocr_line' id='line_1_68' title="bbox 487 3776 2043 3855; baseline 0.01 -30"><span class='ocrx_word' id='word_1_521' title='bbox 487 3776 793 3841; x_wconf 86' lang='lat' dir='ltr'><strong>tcmjustus</strong></span> <span class='ocrx_word' id='word_1_522' title='bbox 823 3779 876 3832; x_wconf 90' lang='lat' dir='ltr'><strong>in</strong></span> <span class='ocrx_word' id='word_1_523' title='bbox 909 3780 1090 3835; x_wconf 85' lang='lat' dir='ltr'><strong>medio</strong></span> <span class='ocrx_word' id='word_1_524' title='bbox 1123 3796 1333 3848; x_wconf 90' lang='lat' dir='ltr'><strong>eorum,</strong></span> <span class='ocrx_word' id='word_1_525' title='bbox 1359 3791 1412 3837; x_wconf 89' lang='lat' dir='ltr'><strong>et</strong></span> <span class='ocrx_word' id='word_1_526' title='bbox 1439 3785 1574 3838; x_wconf 88' lang='lat' dir='ltr'><strong>nihil</strong></span> <span class='ocrx_word' id='word_1_527' title='bbox 1614 3796 1733 3854; x_wconf 82' lang='lat' dir='ltr'><strong>aget</strong></span> <span class='ocrx_word' id='word_1_528' title='bbox 1756 3787 2000 3855; x_wconf 89' lang='lat' dir='ltr'><strong>iniquum</strong></span> <span class='ocrx_word' id='word_1_529' title='bbox 2031 3807 2043 3840; x_wconf 86' lang='lat'>:</span> 
     </span>
    </p>
   </div>
   <div class='ocr_carea' id='block_1_69' title="bbox 485 3869 2045 3938">
    <p class='ocr_par' dir='ltr' id='par_1_69' title="bbox 485 3869 2045 3938">
     <span class='ocr_line' id='line_1_69' title="bbox 485 3869 2045 3938; baseline 0.008 -21"><span class='ocrx_word' id='word_1_530' title='bbox 485 3881 642 3920; x_wconf 83' lang='lat' dir='ltr'><strong>inane</strong></span> <span class='ocrx_word' id='word_1_531' title='bbox 677 3869 1203 3938; x_wconf 81' lang='lat' dir='ltr'><strong>proleretjudicium</strong></span> <span class='ocrx_word' id='word_1_532' title='bbox 1236 3889 1398 3927; x_wconf 92' lang='lat' dir='ltr'><strong>suum</strong></span> <span class='ocrx_word' id='word_1_533' title='bbox 1436 3875 1491 3929; x_wconf 94' lang='lat' dir='ltr'><strong>in</strong></span> <span class='ocrx_word' id='word_1_534' title='bbox 1517 3877 1714 3930; x_wconf 87' lang='lat' dir='ltr'><strong>lucem.</strong></span> <span class='ocrx_word' id='word_1_535' title='bbox 1751 3897 1770 3928; x_wconf 74' lang='grc' dir='ltr'><strong>ι</strong></span> <span class='ocrx_word' id='word_1_536' title='bbox 1811 3878 2045 3931; x_wconf 83' lang='lat' dir='ltr'><strong>Atenim</strong></span> 
     </span>
    </p>
   </div>
   <div class='ocr_carea' id='block_1_70' title="bbox 482 3959 2048 4036">
    <p class='ocr_par' dir='ltr' id='par_1_70' title="bbox 482 3959 2048 4036">
     <span class='ocr_line' id='line_1_70' title="bbox 482 3959 2048 4036; baseline 0.01 -27"><span class='ocrx_word' id='word_1_537' title='bbox 482 3959 616 4011; x_wconf 87' lang='lat' dir='ltr'><strong>nihil</strong></span> <span class='ocrx_word' id='word_1_538' title='bbox 659 3959 740 4014; x_wconf 91' lang='lat' dir='ltr'><strong>eis</strong></span> <span class='ocrx_word' id='word_1_539' title='bbox 773 3960 979 4029; x_wconf 77' lang='lat' dir='ltr'><strong>profuit</strong></span> <span class='ocrx_word' id='word_1_540' title='bbox 1024 3963 1115 4017; x_wconf 88' lang='lat' dir='ltr'><strong>illa</strong></span> <span class='ocrx_word' id='word_1_541' title='bbox 1177 3964 1444 4032; x_wconf 90' lang='lat' dir='ltr'><strong>iniquitas</strong></span> <span class='ocrx_word' id='word_1_542' title='bbox 1488 3982 1502 4018; x_wconf 89' lang='lat'><strong>:</strong></span> <span class='ocrx_word' id='word_1_543' title='bbox 1553 3984 1788 4036; x_wconf 89' lang='lat' dir='ltr'><strong>namque</strong></span> <span class='ocrx_word' id='word_1_544' title='bbox 1839 3971 1893 4022; x_wconf 86' lang='lat' dir='ltr'><strong>in</strong></span> <span class='ocrx_word' id='word_1_545' title='bbox 1937 3986 2048 4024; x_wconf 89' lang='lat' dir='ltr'><strong>me-</strong></span> 
     </span>
    </p>
   </div>
   <div class='ocr_carea' id='block_1_71' title="bbox 481 4052 2045 4131">
    <p class='ocr_par' dir='ltr' id='par_1_71' title="bbox 481 4052 2045 4131">
     <span class='ocr_line' id='line_1_71' title="bbox 481 4052 2045 4131; baseline 0.008 -28"><span class='ocrx_word' id='word_1_546' title='bbox 481 4052 574 4104; x_wconf 86' lang='lat' dir='ltr'><strong>dio</strong></span> <span class='ocrx_word' id='word_1_547' title='bbox 614 4067 802 4106; x_wconf 87' lang='lat' dir='ltr'><strong>eorum</strong></span> <span class='ocrx_word' id='word_1_548' title='bbox 856 4055 1180 4131; x_wconf 84' lang='lat' dir='ltr'><strong>versabatur</strong></span> <span class='ocrx_word' id='word_1_549' title='bbox 1231 4056 1406 4120; x_wconf 89' lang='lat' dir='ltr'><strong>Deus,</strong></span> <span class='ocrx_word' id='word_1_550' title='bbox 1450 4062 1662 4114; x_wconf 87' lang='lat' dir='ltr'><strong>etiamsi</strong></span> <span class='ocrx_word' id='word_1_551' title='bbox 1714 4079 1836 4115; x_wconf 91' lang='lat' dir='ltr'><strong>eutn</strong></span> <span class='ocrx_word' id='word_1_552' title='bbox 1891 4063 2045 4117; x_wconf 85' lang='lat' dir='ltr'><strong>ﬂocci</strong></span> 
     </span>
    </p>
   </div>
   <div class='ocr_carea' id='block_1_72' title="bbox 483 4141 2042 4222">
    <p class='ocr_par' dir='ltr' id='par_1_72' title="bbox 483 4141 2042 4222">
     <span class='ocr_line' id='line_1_72' title="bbox 483 4141 2042 4222; baseline 0.01 -28"><span class='ocrx_word' id='word_1_553' title='bbox 483 4141 755 4197; x_wconf 79' lang='lat' dir='ltr'><strong>faciebant</strong></span> <span class='ocrx_word' id='word_1_554' title='bbox 795 4145 934 4214; x_wconf 91' lang='lat' dir='ltr'><strong>:qui</strong></span> <span class='ocrx_word' id='word_1_555' title='bbox 978 4154 1165 4201; x_wconf 88' lang='lat' dir='ltr'><strong>tamen</strong></span> <span class='ocrx_word' id='word_1_556' title='bbox 1214 4164 1545 4220; x_wconf 80' lang='lat' dir='ltr'><strong>magnopere</strong></span> <span class='ocrx_word' id='word_1_557' title='bbox 1588 4155 1815 4222; x_wconf 70' lang='lat' dir='ltr'><strong>justitia:</strong></span> <span class='ocrx_word' id='word_1_558' title='bbox 1858 4166 2042 4217; x_wconf 82' lang='lat' dir='ltr'><strong>tenax,</strong></span> 
     </span>
    </p>
   </div>
   <div class='ocr_carea' id='block_1_73' title="bbox 480 4237 2046 4313">
    <p class='ocr_par' dir='ltr' id='par_1_73' title="bbox 480 4237 2046 4313">
     <span class='ocr_line' id='line_1_73' title="bbox 480 4237 2046 4313; baseline 0.01 -27"><span class='ocrx_word' id='word_1_559' title='bbox 480 4248 549 4288; x_wconf 91' lang='lat' dir='ltr'><strong>ne</strong></span> <span class='ocrx_word' id='word_1_560' title='bbox 577 4249 722 4289; x_wconf 89' lang='lat' dir='ltr'><strong>nunc</strong></span> <span class='ocrx_word' id='word_1_561' title='bbox 769 4237 988 4305; x_wconf 90' lang='lat' dir='ltr'><strong>quidem</strong></span> <span class='ocrx_word' id='word_1_562' title='bbox 1031 4239 1225 4294; x_wconf 88' lang='lat' dir='ltr'><strong>horum</strong></span> <span class='ocrx_word' id='word_1_563' title='bbox 1269 4241 1612 4313; x_wconf 87' lang='lat' dir='ltr'><strong>iniquitatem</strong></span> <span class='ocrx_word' id='word_1_564' title='bbox 1642 4245 1736 4300; x_wconf 91' lang='lat' dir='ltr'><strong>diu</strong></span> <span class='ocrx_word' id='word_1_565' title='bbox 1771 4248 2046 4301; x_wconf 88' lang='lat' dir='ltr'><strong>dominari</strong></span> 
     </span>
    </p>
   </div>
   <div class='ocr_carea' id='block_1_74' title="bbox 479 4325 2048 4406">
    <p class='ocr_par' dir='ltr' id='par_1_74' title="bbox 479 4325 2048 4406">
     <span class='ocr_line' id='line_1_74' title="bbox 479 4325 2048 4406; baseline 0.008 -29"><span class='ocrx_word' id='word_1_566' title='bbox 479 4325 622 4395; x_wconf 83' lang='lat' dir='ltr'><strong>sinet</strong></span> <span class='ocrx_word' id='word_1_567' title='bbox 651 4328 881 4382; x_wconf 88' lang='lat' dir='ltr'><strong>:etenim</strong></span> <span class='ocrx_word' id='word_1_568' title='bbox 913 4343 1037 4383; x_wconf 90' lang='lat' dir='ltr'><strong>cum</strong></span> <span class='ocrx_word' id='word_1_569' title='bbox 1064 4331 1311 4400; x_wconf 87' lang='lat' dir='ltr'><strong>iniquum</strong></span> <span class='ocrx_word' id='word_1_570' title='bbox 1340 4345 1553 4405; x_wconf 89' lang='lat' dir='ltr'><strong>reputet</strong></span> <span class='ocrx_word' id='word_1_571' title='bbox 1585 4337 1835 4406; x_wconf 91' lang='lat' dir='ltr'><strong>impunes</strong></span> <span class='ocrx_word' id='word_1_572' title='bbox 1866 4338 2048 4391; x_wconf 64' lang='lat' dir='ltr'><strong>dimito</strong></span> 
     </span>
    </p>
   </div>
   <div class='ocr_carea' id='block_1_75' title="bbox 478 4418 2045 4498">
    <p class='ocr_par' dir='ltr' id='par_1_75' title="bbox 478 4418 2045 4498">
     <span class='ocr_line' id='line_1_75' title="bbox 478 4418 2045 4498; baseline 0.009 -29"><span class='ocrx_word' id='word_1_573' title='bbox 478 4425 593 4472; x_wconf 90' lang='lat' dir='ltr'><strong>tere</strong></span> <span class='ocrx_word' id='word_1_574' title='bbox 619 4418 933 4486; x_wconf 86' lang='lat' dir='ltr'><strong>hujusinodi</strong></span> <span class='ocrx_word' id='word_1_575' title='bbox 975 4422 1222 4478; x_wconf 89' lang='lat' dir='ltr'><strong>homines</strong></span> <span class='ocrx_word' id='word_1_576' title='bbox 1243 4465 1256 4487; x_wconf 91' lang='lat'><strong>,</strong></span> <span class='ocrx_word' id='word_1_577' title='bbox 1289 4437 1636 4496; x_wconf 89' lang='lat' dir='ltr'><strong>properatum</strong></span> <span class='ocrx_word' id='word_1_578' title='bbox 1677 4429 1946 4498; x_wconf 86' lang='lat' dir='ltr'><strong>judicium</strong></span> <span class='ocrx_word' id='word_1_579' title='bbox 1979 4430 2045 4484; x_wconf 89' lang='lat' dir='ltr'><strong>de</strong></span> 
     </span>
    </p>
   </div>
   <div class='ocr_carea' id='block_1_76' title="bbox 481 4507 2045 4590">
    <p class='ocr_par' dir='ltr' id='par_1_76' title="bbox 481 4507 2045 4590">
     <span class='ocr_line' id='line_1_76' title="bbox 481 4507 2045 4590; baseline 0.009 -30"><span class='ocrx_word' id='word_1_580' title='bbox 481 4507 571 4562; x_wconf 87' lang='lat' dir='ltr'><strong>his</strong></span> <span class='ocrx_word' id='word_1_581' title='bbox 610 4509 926 4575; x_wconf 77' lang='lat' dir='ltr'><strong>exercebit,</strong></span> <span class='ocrx_word' id='word_1_582' title='bbox 976 4513 1359 4584; x_wconf 83' lang='lat' dir='ltr'><strong>publicamque</strong></span> <span class='ocrx_word' id='word_1_583' title='bbox 1409 4520 1646 4586; x_wconf 90' lang='lat' dir='ltr'><strong>imponet</strong></span> <span class='ocrx_word' id='word_1_584' title='bbox 1671 4521 1751 4574; x_wconf 89' lang='lat' dir='ltr'><strong>eis</strong></span> <span class='ocrx_word' id='word_1_585' title='bbox 1794 4532 2045 4590; x_wconf 86' lang='lat' dir='ltr'><strong>peccato-</strong></span> 
     </span>
    </p>
   </div>
   <div class='ocr_carea' id='block_1_77' title="bbox 480 4601 2044 4677">
    <p class='ocr_par' dir='ltr' id='par_1_77' title="bbox 480 4601 2044 4677">
     <span class='ocr_line' id='line_1_77' title="bbox 480 4601 2044 4677; baseline 0.009 -26"><span class='ocrx_word' id='word_1_586' title='bbox 480 4615 600 4652; x_wconf 87' lang='lat' dir='ltr'><strong>rum</strong></span> <span class='ocrx_word' id='word_1_587' title='bbox 671 4601 1037 4670; x_wconf 84' lang='lat' dir='ltr'><strong>punitionem.</strong></span> <span class='ocrx_word' id='word_1_588' title='bbox 1099 4603 1232 4660; x_wconf 88' lang='lat' dir='ltr'><strong>Nam</strong></span> <span class='ocrx_word' id='word_1_589' title='bbox 1290 4607 1565 4677; x_wconf 89' lang='lat' dir='ltr'><strong>duplicata</strong></span> <span class='ocrx_word' id='word_1_590' title='bbox 1620 4610 2044 4676; x_wconf 75' lang='lat' dir='ltr'><strong>dictio,¢mane</strong></span> 
     </span>
    </p>
   </div>
   <div class='ocr_carea' id='block_1_78' title="bbox 480 4697 2040 4756">
    <p class='ocr_par' dir='ltr' id='par_1_78' title="bbox 480 4697 2040 4756">
     <span class='ocr_line' id='line_1_78' title="bbox 480 4697 2040 4756; baseline 0.009 -14"><span class='ocrx_word' id='word_1_591' title='bbox 480 4706 660 4753; x_wconf 84' lang='lat' dir='ltr'><strong>mane,</strong></span> <span class='ocrx_word' id='word_1_592' title='bbox 687 4706 1000 4748; x_wconf 59' lang='lat' dir='ltr'><strong>tsu-mmam</strong></span> <span class='ocrx_word' id='word_1_593' title='bbox 1029 4697 1372 4753; x_wconf 90' lang='lat' dir='ltr'><strong>celeritatem</strong></span> <span class='ocrx_word' id='word_1_594' title='bbox 1426 4703 1666 4755; x_wconf 91' lang='lat' dir='ltr'><strong>denotat.</strong></span> <span class='ocrx_word' id='word_1_595' title='bbox 1716 4702 1918 4756; x_wconf 85' lang='lat' dir='ltr'><strong>Deinde</strong></span> <span class='ocrx_word' id='word_1_596' title='bbox 1963 4704 2040 4756; x_wconf 89' lang='lat' dir='ltr'><strong>rei</strong></span> 
     </span>
    </p>
   </div>
   <div class='ocr_carea' id='block_1_79' title="bbox 479 4782 2040 4860">
    <p class='ocr_par' dir='ltr' id='par_1_79' title="bbox 479 4782 2040 4860">
     <span class='ocr_line' id='line_1_79' title="bbox 479 4782 2040 4860; baseline 0.005 -24"><span class='ocrx_word' id='word_1_597' title='bbox 479 4782 732 4836; x_wconf 71' lang='lat' dir='ltr'><strong>etfectum</strong></span> <span class='ocrx_word' id='word_1_598' title='bbox 786 4786 1107 4854; x_wconf 83' lang='lat' dir='ltr'><strong>signiﬁcans</strong></span> <span class='ocrx_word' id='word_1_599' title='bbox 1135 4805 1178 4842; x_wconf 70' lang='lat' dir='ltr'><strong>:i</strong></span> <span class='ocrx_word' id='word_1_600' title='bbox 1205 4789 1259 4844; x_wconf 83' lang='lat' dir='ltr'><strong>ln</strong></span> <span class='ocrx_word' id='word_1_601' title='bbox 1291 4791 1626 4859; x_wconf 88' lang='lat' dir='ltr'><strong>corruptela,</strong></span> <span class='ocrx_word' id='word_1_602' title='bbox 1658 4791 1856 4860; x_wconf 91' lang='lat' dir='ltr'><strong>inquit,</strong></span> <span class='ocrx_word' id='word_1_603' title='bbox 1899 4792 2040 4846; x_wconf 80' lang='lat' dir='ltr'><strong>traxi</strong></span> 
     </span>
    </p>
   </div>
   <div class='ocr_carea' id='block_1_80' title="bbox 479 4873 2042 4950">
    <p class='ocr_par' dir='ltr' id='par_1_80' title="bbox 479 4873 2042 4950">
     <span class='ocr_line' id='line_1_80' title="bbox 479 4873 2042 4950; baseline 0.006 -22"><span class='ocrx_word' id='word_1_604' title='bbox 479 4875 766 4941; x_wconf 85' lang='lat' dir='ltr'><strong>superbos,</strong></span> <span class='ocrx_word' id='word_1_605' title='bbox 817 4873 1072 4945; x_wconf 87' lang='lat' dir='ltr'><strong>dissipati</strong></span> <span class='ocrx_word' id='word_1_606' title='bbox 1115 4885 1243 4931; x_wconf 90' lang='lat' dir='ltr'><strong>sunt</strong></span> <span class='ocrx_word' id='word_1_607' title='bbox 1295 4881 1477 4950; x_wconf 88' lang='lat' dir='ltr'><strong>anguli</strong></span> <span class='ocrx_word' id='word_1_608' title='bbox 1530 4897 1740 4944; x_wconf 91' lang='lat' dir='ltr'><strong>eorum,</strong></span> <span class='ocrx_word' id='word_1_609' title='bbox 1794 4883 2042 4938; x_wconf 88' lang='lat' dir='ltr'><strong>desertas</strong></span> 
     </span>
    </p>
   </div>
   <div class='ocr_carea' id='block_1_81' title="bbox 478 4965 2045 5043">
    <p class='ocr_par' dir='ltr' id='par_1_81' title="bbox 478 4965 2045 5043">
     <span class='ocr_line' id='line_1_81' title="bbox 478 4965 2045 5043; baseline 0.007 -26"><span class='ocrx_word' id='word_1_610' title='bbox 478 4966 704 5018; x_wconf 90' lang='lat' dir='ltr'><strong>omnino</strong></span> <span class='ocrx_word' id='word_1_611' title='bbox 737 4965 929 5020; x_wconf 77' lang='lat' dir='ltr'><strong>faciam</strong></span> <span class='ocrx_word' id='word_1_612' title='bbox 960 4968 1080 5021; x_wconf 79' lang='lat' dir='ltr'><strong>vias</strong></span> <span class='ocrx_word' id='word_1_613' title='bbox 1119 4983 1333 5032; x_wconf 86' lang='lat' dir='ltr'><strong>eorum,</strong></span> <span class='ocrx_word' id='word_1_614' title='bbox 1371 4972 1443 5023; x_wconf 89' lang='lat' dir='ltr'><strong>ila</strong></span> <span class='ocrx_word' id='word_1_615' title='bbox 1472 4981 1530 5025; x_wconf 91' lang='lat' dir='ltr'><strong>ut</strong></span> <span class='ocrx_word' id='word_1_616' title='bbox 1568 4988 1729 5027; x_wconf 88' lang='lat' dir='ltr'><strong>nemo</strong></span> <span class='ocrx_word' id='word_1_617' title='bbox 1761 4974 1890 5028; x_wconf 91' lang='lat' dir='ltr'><strong>illuc</strong></span> <span class='ocrx_word' id='word_1_618' title='bbox 1923 4991 2045 5043; x_wconf 87' lang='lat' dir='ltr'><strong>per-</strong></span> 
     </span>
    </p>
   </div>
   <div class='ocr_carea' id='block_1_82' title="bbox 482 5057 2051 5132">
    <p class='ocr_par' dir='ltr' id='par_1_82' title="bbox 482 5057 2051 5132">
     <span class='ocr_line' id='line_1_82' title="bbox 482 5057 2051 5132; baseline 0.008 -26"><span class='ocrx_word' id='word_1_619' title='bbox 482 5065 728 5110; x_wconf 90' lang='lat' dir='ltr'><strong>transeat</strong></span> <span class='ocrx_word' id='word_1_620' title='bbox 760 5076 772 5111; x_wconf 91' lang='lat'><strong>:</strong></span> <span class='ocrx_word' id='word_1_621' title='bbox 821 5057 1142 5114; x_wconf 79' lang='lat' dir='ltr'><strong>defecerunt</strong></span> <span class='ocrx_word' id='word_1_622' title='bbox 1189 5061 1443 5116; x_wconf 86' lang='lat' dir='ltr'><strong>civitates</strong></span> <span class='ocrx_word' id='word_1_623' title='bbox 1470 5078 1658 5117; x_wconf 90' lang='lat' dir='ltr'><strong>eorum</strong></span> <span class='ocrx_word' id='word_1_624' title='bbox 1679 5105 1692 5125; x_wconf 87' lang='lat'><strong>,</strong></span> <span class='ocrx_word' id='word_1_625' title='bbox 1719 5065 1845 5132; x_wconf 90' lang='lat' dir='ltr'><strong>quia</strong></span> <span class='ocrx_word' id='word_1_626' title='bbox 1891 5081 2051 5118; x_wconf 92' lang='lat' dir='ltr'><strong>nemo</strong></span> 
     </span>
    </p>
   </div>
   <div class='ocr_carea' id='block_1_83' title="bbox 479 5147 2050 5221">
    <p class='ocr_par' dir='ltr' id='par_1_83' title="bbox 479 5147 2050 5221">
     <span class='ocr_line' id='line_1_83' title="bbox 479 5147 2050 5221; baseline 0.005 -21"><span class='ocrx_word' id='word_1_627' title='bbox 479 5157 730 5216; x_wconf 86' lang='lat' dir='ltr'><strong>superest</strong></span> <span class='ocrx_word' id='word_1_628' title='bbox 775 5149 857 5203; x_wconf 89' lang='lat' dir='ltr'><strong>vel</strong></span> <span class='ocrx_word' id='word_1_629' title='bbox 879 5147 1167 5204; x_wconf 85' lang='lat' dir='ltr'><strong>inhabitat.</strong></span> <span class='ocrx_word' id='word_1_630' title='bbox 1223 5172 1244 5203; x_wconf 84' lang='grc'><strong>›</strong></span> <span class='ocrx_word' id='word_1_631' title='bbox 1290 5152 1630 5221; x_wconf 62' lang='lat' dir='ltr'><strong>Corruptela</strong></span> <span class='ocrx_word' id='word_1_632' title='bbox 1671 5153 1876 5207; x_wconf 87' lang='lat' dir='ltr'><strong>tradidi</strong></span> <span class='ocrx_word' id='word_1_633' title='bbox 1927 5156 2050 5208; x_wconf 91' lang='lat' dir='ltr'><strong>illos</strong></span> 
     </span>
    </p>
   </div>
   <div class='ocr_carea' id='block_1_84' title="bbox 478 5239 2045 5314">
    <p class='ocr_par' dir='ltr' id='par_1_84' title="bbox 478 5239 2045 5314">
     <span class='ocr_line' id='line_1_84' title="bbox 478 5239 2045 5314; baseline 0.006 -24"><span class='ocrx_word' id='word_1_634' title='bbox 478 5246 699 5305; x_wconf 88' lang='lat' dir='ltr'><strong>propter</strong></span> <span class='ocrx_word' id='word_1_635' title='bbox 751 5239 1062 5309; x_wconf 86' lang='lat' dir='ltr'><strong>superbiam</strong></span> <span class='ocrx_word' id='word_1_636' title='bbox 1122 5257 1136 5290; x_wconf 88' lang='lat'><strong>:</strong></span> <span class='ocrx_word' id='word_1_637' title='bbox 1197 5242 1476 5295; x_wconf 83' lang='lat' dir='ltr'><strong>destruant</strong></span> <span class='ocrx_word' id='word_1_638' title='bbox 1528 5253 1753 5297; x_wconf 90' lang='lat' dir='ltr'><strong>cunctas</strong></span> <span class='ocrx_word' id='word_1_639' title='bbox 1805 5248 2045 5314; x_wconf 88' lang='lat' dir='ltr'><strong>ipsorum</strong></span> 
     </span>
    </p>
   </div>
   <div class='ocr_carea' id='block_1_85' title="bbox 481 5329 2046 5400">
    <p class='ocr_par' dir='ltr' id='par_1_85' title="bbox 481 5329 2046 5400">
     <span class='ocr_line' id='line_1_85' title="bbox 481 5329 2046 5400; baseline 0.006 -19"><span class='ocrx_word' id='word_1_640' title='bbox 481 5329 754 5394; x_wconf 80' lang='lat' dir='ltr'><strong>civitates,</strong></span> <span class='ocrx_word' id='word_1_641' title='bbox 818 5347 1015 5400; x_wconf 89' lang='lat' dir='ltr'><strong>resque</strong></span> <span class='ocrx_word' id='word_1_642' title='bbox 1065 5333 1280 5386; x_wconf 81' lang='lat' dir='ltr'><strong>illorum</strong></span> <span class='ocrx_word' id='word_1_643' title='bbox 1329 5333 1394 5386; x_wconf 87' lang='lat' dir='ltr'><strong>ad</strong></span> <span class='ocrx_word' id='word_1_644' title='bbox 1447 5343 1647 5388; x_wconf 88' lang='lat' dir='ltr'><strong>tantam</strong></span> <span class='ocrx_word' id='word_1_645' title='bbox 1701 5336 2046 5391; x_wconf 88' lang='lat' dir='ltr'><strong>solitudinem</strong></span> 
     </span>
    </p>
   </div>
   <div class='ocr_carea' id='block_1_86' title="bbox 477 5423 2043 5494">
    <p class='ocr_par' dir='ltr' id='par_1_86' title="bbox 477 5423 2043 5494">
     <span class='ocr_line' id='line_1_86' title="bbox 477 5423 2043 5494; baseline 0.004 -20"><span class='ocrx_word' id='word_1_646' title='bbox 477 5423 718 5494; x_wconf 88' lang='lat' dir='ltr'><strong>redigam</strong></span> <span class='ocrx_word' id='word_1_647' title='bbox 743 5463 761 5490; x_wconf 94' lang='lat'><strong>,</strong></span> <span class='ocrx_word' id='word_1_648' title='bbox 791 5432 851 5478; x_wconf 91' lang='lat' dir='ltr'><strong>ut</strong></span> <span class='ocrx_word' id='word_1_649' title='bbox 883 5425 1017 5494; x_wconf 62' lang='lat' dir='ltr'><strong>ipsae</strong></span> <span class='ocrx_word' id='word_1_650' title='bbox 1049 5425 1340 5493; x_wconf 63' lang='lat' dir='ltr'><strong>incognitae</strong></span> <span class='ocrx_word' id='word_1_651' title='bbox 1372 5424 1566 5479; x_wconf 65' lang='lat' dir='ltr'><strong>futura:</strong></span> <span class='ocrx_word' id='word_1_652' title='bbox 1607 5427 1718 5480; x_wconf 87' lang='lat' dir='ltr'><strong>sint</strong></span> <span class='ocrx_word' id='word_1_653' title='bbox 1747 5438 2043 5482; x_wconf 86' lang='lat' dir='ltr'><strong>transeun-</strong></span> 
     </span>
    </p>
   </div>
   <div class='ocr_carea' id='block_1_87' title="bbox 474 5513 2044 5585">
    <p class='ocr_par' dir='ltr' id='par_1_87' title="bbox 474 5513 2044 5585">
     <span class='ocr_line' id='line_1_87' title="bbox 474 5513 2044 5585; baseline 0.007 -21"><span class='ocrx_word' id='word_1_654' title='bbox 474 5515 610 5566; x_wconf 92' lang='lat' dir='ltr'><strong>tium</strong></span> <span class='ocrx_word' id='word_1_655' title='bbox 637 5514 899 5580; x_wconf 87' lang='lat' dir='ltr'><strong>penuria;</strong></span> <span class='ocrx_word' id='word_1_656' title='bbox 927 5513 1074 5584; x_wconf 91' lang='lat' dir='ltr'><strong>quod</strong></span> <span class='ocrx_word' id='word_1_657' title='bbox 1110 5514 1289 5583; x_wconf 83' lang='lat' dir='ltr'><strong>ipsum</strong></span> <span class='ocrx_word' id='word_1_658' title='bbox 1322 5516 1540 5570; x_wconf 89' lang='lat' dir='ltr'><strong>cunctis</strong></span> <span class='ocrx_word' id='word_1_659' title='bbox 1574 5532 1792 5585; x_wconf 90' lang='lat' dir='ltr'><strong>quoque</strong></span> <span class='ocrx_word' id='word_1_660' title='bbox 1821 5519 2044 5575; x_wconf 88' lang='lat' dir='ltr'><strong>urbibus</strong></span> 
     </span>
    </p>
   </div>
   <div class='ocr_carea' id='block_1_88' title="bbox 474 5606 2040 5676">
    <p class='ocr_par' dir='ltr' id='par_1_88' title="bbox 474 5606 2040 5676">
     <span class='ocr_line' id='line_1_88' title="bbox 474 5606 2040 5676; baseline 0.003 -19"><span class='ocrx_word' id='word_1_661' title='bbox 474 5606 722 5670; x_wconf 85' lang='lat' dir='ltr'><strong>eveniet,</strong></span> <span class='ocrx_word' id='word_1_662' title='bbox 755 5607 883 5676; x_wconf 90' lang='lat' dir='ltr'><strong>quia</strong></span> <span class='ocrx_word' id='word_1_663' title='bbox 921 5609 1106 5662; x_wconf 92' lang='lat' dir='ltr'><strong>nullus</strong></span> <span class='ocrx_word' id='word_1_664' title='bbox 1139 5607 1398 5676; x_wconf 75' lang='lat' dir='ltr'><strong>deinceps</strong></span> <span class='ocrx_word' id='word_1_665' title='bbox 1434 5609 1612 5662; x_wconf 90' lang='lat' dir='ltr'><strong>incola</strong></span> <span class='ocrx_word' id='word_1_666' title='bbox 1657 5609 1964 5663; x_wconf 89' lang='lat' dir='ltr'><strong>invenietur</strong></span> <span class='ocrx_word' id='word_1_667' title='bbox 1989 5612 2040 5663; x_wconf 91' lang='lat' dir='ltr'><strong>in</strong></span> 
     </span>
    </p>
   </div>
   <div class='ocr_carea' id='block_1_89' title="bbox 473 5693 2043 5769">
    <p class='ocr_par' dir='ltr' id='par_1_89' title="bbox 473 5693 2043 5769">
     <span class='ocr_line' id='line_1_89' title="bbox 473 5693 2043 5769; baseline 0.005 -22"><span class='ocrx_word' id='word_1_668' title='bbox 473 5696 571 5748; x_wconf 89' lang='lat' dir='ltr'><strong>eis.</strong></span> <span class='ocrx_word' id='word_1_669' title='bbox 608 5693 862 5752; x_wconf 78' lang='lat' dir='ltr'><strong>Jamvero</strong></span> <span class='ocrx_word' id='word_1_670' title='bbox 896 5715 1187 5769; x_wconf 69' lang='lat' dir='ltr'><strong>posrquam</strong></span> <span class='ocrx_word' id='word_1_671' title='bbox 1233 5703 1318 5756; x_wconf 79' lang='lat' dir='ltr'><strong>bis</strong></span> <span class='ocrx_word' id='word_1_672' title='bbox 1362 5700 1544 5756; x_wconf 87' lang='lat' dir='ltr'><strong>verbis</strong></span> <span class='ocrx_word' id='word_1_673' title='bbox 1582 5699 1802 5755; x_wconf 80' lang='lat' dir='ltr'><strong>Ninives</strong></span> <span class='ocrx_word' id='word_1_674' title='bbox 1832 5702 2043 5756; x_wconf 86' lang='lat' dir='ltr'><strong>desola-</strong></span> 
     </span>
    </p>
   </div>
   <div class='ocr_carea' id='block_1_90' title="bbox 475 5785 2034 5861">
    <p class='ocr_par' dir='ltr' id='par_1_90' title="bbox 475 5785 2034 5861">
     <span class='ocr_line' id='line_1_90' title="bbox 475 5785 2034 5861; baseline 0.004 -25"><span class='ocrx_word' id='word_1_675' title='bbox 475 5785 676 5838; x_wconf 89' lang='lat' dir='ltr'><strong>tionem</strong></span> <span class='ocrx_word' id='word_1_676' title='bbox 711 5789 982 5852; x_wconf 89' lang='lat' dir='ltr'><strong>ostendit,</strong></span> <span class='ocrx_word' id='word_1_677' title='bbox 1021 5800 1074 5843; x_wconf 90' lang='lat' dir='ltr'><strong>et</strong></span> <span class='ocrx_word' id='word_1_678' title='bbox 1108 5790 1384 5861; x_wconf 81' lang='lat' dir='ltr'><strong>Assyriaci</strong></span> <span class='ocrx_word' id='word_1_679' title='bbox 1422 5788 1638 5859; x_wconf 90' lang='lat' dir='ltr'><strong>imperii</strong></span> <span class='ocrx_word' id='word_1_680' title='bbox 1669 5790 2034 5853; x_wconf 84' lang='lat' dir='ltr'><strong>eversionem,</strong></span> 
     </span>
    </p>
   </div>
   <div class='ocr_carea' id='block_1_91' title="bbox 475 5874 1598 5951">
    <p class='ocr_par' dir='ltr' id='par_1_91' title="bbox 475 5874 1598 5951">
     <span class='ocr_line' id='line_1_91' title="bbox 475 5874 1598 5951; baseline 0.003 -22"><span class='ocrx_word' id='word_1_681' title='bbox 475 5874 633 5930; x_wconf 60' lang='lat' dir='ltr'><strong>vertit</strong></span> <span class='ocrx_word' id='word_1_682' title='bbox 659 5875 722 5931; x_wconf 85' lang='lat' dir='ltr'><strong>ad</strong></span> <span class='ocrx_word' id='word_1_683' title='bbox 750 5875 965 5934; x_wconf 69' lang='lat' dir='ltr'><strong>Judteos</strong></span> <span class='ocrx_word' id='word_1_684' title='bbox 1005 5895 1335 5947; x_wconf 86' lang='lat' dir='ltr'><strong>sermonem,</strong></span> <span class='ocrx_word' id='word_1_685' title='bbox 1373 5881 1550 5951; x_wconf 78' lang='lat' dir='ltr'><strong>aitque</strong></span> <span class='ocrx_word' id='word_1_686' title='bbox 1578 5897 1598 5932; x_wconf 74' lang='grc' dir='ltr'><strong>ε.</strong></span> 
     </span>
    </p>
   </div>
   <div class='ocr_carea' id='block_1_92' title="bbox 2155 3683 3717 3767">
    <p class='ocr_par' dir='ltr' id='par_1_92' title="bbox 2155 3683 3717 3767">
     <span class='ocr_line' id='line_1_92' title="bbox 2155 3683 3717 3767; baseline -0.01 -14"><span class='ocrx_word' id='word_1_687' title='bbox 2155 3701 2335 3763; x_wconf 80' lang='grc' dir='ltr'>αὑτοῖς</span> <span class='ocrx_word' id='word_1_688' title='bbox 2387 3700 2568 3751; x_wconf 83' lang='grc' dir='ltr'>πᾶσαν</span> <span class='ocrx_word' id='word_1_689' title='bbox 2624 3697 2836 3767; x_wconf 81' lang='grc' dir='ltr'>ἔχοντες</span> <span class='ocrx_word' id='word_1_690' title='bbox 2861 3694 2958 3765; x_wconf 81' lang='grc' dir='ltr'>τὴν</span> <span class='ocrx_word' id='word_1_691' title='bbox 2989 3692 3242 3762; x_wconf 86' lang='grc' dir='ltr'>σπουδήν.</span> <span class='ocrx_word' id='word_1_692' title='bbox 3278 3683 3372 3752; x_wconf 72' lang='grc' dir='ltr'><strong>Οἷς</strong></span> <span class='ocrx_word' id='word_1_693' title='bbox 3410 3686 3717 3747; x_wconf 84' lang='grc' dir='ltr'>ἀκολούθως</span> 
     </span>
    </p>
   </div>
   <div class='ocr_carea' id='block_1_93' title="bbox 2154 3783 3715 3866">
    <p class='ocr_par' dir='ltr' id='par_1_93' title="bbox 2154 3783 3715 3866">
     <span class='ocr_line' id='line_1_93' title="bbox 2154 3783 3715 3866; baseline -0.008 -18"><span class='ocrx_word' id='word_1_694' title='bbox 2154 3797 2432 3866; x_wconf 81' lang='grc' dir='ltr'>ἐπήγαγεν</span> <span class='ocrx_word' id='word_1_695' title='bbox 2455 3811 2468 3824; x_wconf 78' lang='grc' dir='ltr'><strong>ο</strong></span> <span class='ocrx_word' id='word_1_696' title='bbox 2499 3811 2518 3844; x_wconf 76' lang='grc' dir='ltr'><strong>ι</strong></span> <span class='ocrx_word' id='word_1_697' title='bbox 2565 3793 2621 3845; x_wconf 90' lang='lat'><strong>&#39;0</strong></span> <span class='ocrx_word' id='word_1_698' title='bbox 2653 3792 2709 3844; x_wconf 78' lang='grc' dir='ltr'>δὲ</span> <span class='ocrx_word' id='word_1_699' title='bbox 2743 3791 2944 3861; x_wconf 84' lang='grc' dir='ltr'>Κύριος</span> <span class='ocrx_word' id='word_1_700' title='bbox 2986 3789 3191 3852; x_wconf 84' lang='grc' dir='ltr'>δίκαιος</span> <span class='ocrx_word' id='word_1_701' title='bbox 3229 3788 3286 3840; x_wconf 86' lang='grc' dir='ltr'><strong>ἐν</strong></span> <span class='ocrx_word' id='word_1_702' title='bbox 3325 3785 3476 3857; x_wconf 84' lang='grc' dir='ltr'>μέσῳ</span> <span class='ocrx_word' id='word_1_703' title='bbox 3516 3783 3715 3840; x_wconf 79' lang='grc' dir='ltr'>αὐτῶν,</span> 
     </span>
    </p>
   </div>
   <div class='ocr_carea' id='block_1_94' title="bbox 2155 3877 3716 3957">
    <p class='ocr_par' dir='ltr' id='par_1_94' title="bbox 2155 3877 3716 3957">
     <span class='ocr_line' id='line_1_94' title="bbox 2155 3877 3716 3957; baseline -0.008 -16"><span class='ocrx_word' id='word_1_704' title='bbox 2155 3889 2248 3941; x_wconf 72' lang='grc' dir='ltr'><strong>καὶ</strong></span> <span class='ocrx_word' id='word_1_705' title='bbox 2273 3888 2332 3939; x_wconf 85' lang='grc' dir='ltr'><strong>οὑ</strong></span> <span class='ocrx_word' id='word_1_706' title='bbox 2361 3887 2436 3957; x_wconf 76' lang='grc' dir='ltr'>μὴ</span> <span class='ocrx_word' id='word_1_707' title='bbox 2468 3885 2665 3955; x_wconf 79' lang='grc' dir='ltr'>ποιήσῃ</span> <span class='ocrx_word' id='word_1_708' title='bbox 2703 3883 2882 3936; x_wconf 75' lang='grc' dir='ltr'>ἄδικον</span> <span class='ocrx_word' id='word_1_709' title='bbox 2903 3900 2915 3913; x_wconf 86' lang='grc'><strong>·</strong></span> <span class='ocrx_word' id='word_1_710' title='bbox 2955 3881 3098 3952; x_wconf 82' lang='grc' dir='ltr'>πρωῒ</span> <span class='ocrx_word' id='word_1_711' title='bbox 3144 3880 3302 3932; x_wconf 87' lang='grc' dir='ltr'>δώσει</span> <span class='ocrx_word' id='word_1_712' title='bbox 3351 3881 3529 3948; x_wconf 80' lang='grc' dir='ltr'>κρῖμα</span> <span class='ocrx_word' id='word_1_713' title='bbox 3551 3877 3716 3930; x_wconf 78' lang='grc' dir='ltr'>αὑτοῦ</span> 
     </span>
    </p>
   </div>
   <div class='ocr_carea' id='block_1_95' title="bbox 2154 3966 3717 4045">
    <p class='ocr_par' dir='ltr' id='par_1_95' title="bbox 2154 3966 3717 4045">
     <span class='ocr_line' id='line_1_95' title="bbox 2154 3966 3717 4045; baseline -0.01 -15"><span class='ocrx_word' id='word_1_714' title='bbox 2154 3980 2233 4041; x_wconf 85' lang='grc' dir='ltr'><strong>είς</strong></span> <span class='ocrx_word' id='word_1_715' title='bbox 2267 3976 2402 4045; x_wconf 84' lang='grc' dir='ltr'>φῶς.</span> <span class='ocrx_word' id='word_1_716' title='bbox 2444 3993 2462 4026; x_wconf 75' lang='grc' dir='ltr'><strong>ι</strong></span> <span class='ocrx_word' id='word_1_717' title='bbox 2521 3972 2820 4042; x_wconf 66' lang='grc' dir='ltr'>Ἀλλάηγάρ</span> <span class='ocrx_word' id='word_1_718' title='bbox 2863 3971 3016 4024; x_wconf 80' lang='grc' dir='ltr'>οὑθέν</span> <span class='ocrx_word' id='word_1_719' title='bbox 3041 3969 3234 4038; x_wconf 76' lang='grc' dir='ltr'>ὄφελος</span> <span class='ocrx_word' id='word_1_720' title='bbox 3265 3969 3449 4030; x_wconf 82' lang='grc' dir='ltr'>αὐτοῖς</span> <span class='ocrx_word' id='word_1_721' title='bbox 3498 3966 3717 4034; x_wconf 81' lang='grc' dir='ltr'>γέγονεν</span> 
     </span>
    </p>
   </div>
   <div class='ocr_carea' id='block_1_96' title="bbox 2153 4057 3718 4138">
    <p class='ocr_par' dir='ltr' id='par_1_96' title="bbox 2153 4057 3718 4138">
     <span class='ocr_line' id='line_1_96' title="bbox 2153 4057 3718 4138; baseline -0.012 -17"><span class='ocrx_word' id='word_1_722' title='bbox 2153 4069 2250 4138; x_wconf 84' lang='grc' dir='ltr'><strong>τῆς</strong></span> <span class='ocrx_word' id='word_1_723' title='bbox 2278 4067 2622 4136; x_wconf 85' lang='grc' dir='ltr'>παρανομίας</span> <span class='ocrx_word' id='word_1_724' title='bbox 2655 4064 2868 4131; x_wconf 80' lang='grc' dir='ltr'>ἐκείνης</span> <span class='ocrx_word' id='word_1_725' title='bbox 2893 4079 2904 4090; x_wconf 90' lang='grc'><strong>·</strong></span> <span class='ocrx_word' id='word_1_726' title='bbox 2947 4061 3039 4114; x_wconf 76' lang='grc' dir='ltr'>καὶ</span> <span class='ocrx_word' id='word_1_727' title='bbox 3075 4061 3183 4130; x_wconf 83' lang='grc' dir='ltr'>γὰρ</span> <span class='ocrx_word' id='word_1_728' title='bbox 3212 4059 3307 4113; x_wconf 73' lang='grc' dir='ltr'><strong>καὶ</strong></span> <span class='ocrx_word' id='word_1_729' title='bbox 3343 4059 3589 4110; x_wconf 81' lang='grc' dir='ltr'>ἀκόντων</span> <span class='ocrx_word' id='word_1_730' title='bbox 3625 4057 3718 4110; x_wconf 65' lang='grc' dir='ltr'><strong>αὖ.</strong></span> 
     </span>
    </p>
   </div>
   <div class='ocr_carea' id='block_1_97' title="bbox 2151 4149 3715 4226">
    <p class='ocr_par' dir='ltr' id='par_1_97' title="bbox 2151 4149 3715 4226">
     <span class='ocr_line' id='line_1_97' title="bbox 2151 4149 3715 4226; baseline -0.006 -18"><span class='ocrx_word' id='word_1_731' title='bbox 2151 4157 2261 4210; x_wconf 84' lang='grc' dir='ltr'><strong>τῶν</strong></span> <span class='ocrx_word' id='word_1_732' title='bbox 2317 4157 2375 4208; x_wconf 84' lang='grc' dir='ltr'><strong>ἐν</strong></span> <span class='ocrx_word' id='word_1_733' title='bbox 2411 4156 2560 4226; x_wconf 85' lang='grc' dir='ltr'>μέσῳ</span> <span class='ocrx_word' id='word_1_734' title='bbox 2596 4155 2727 4216; x_wconf 85' lang='grc' dir='ltr'>Θεὸς</span> <span class='ocrx_word' id='word_1_735' title='bbox 2765 4154 3035 4223; x_wconf 88' lang='grc' dir='ltr'>ὑπῆρχεν,</span> <span class='ocrx_word' id='word_1_736' title='bbox 3073 4154 3121 4204; x_wconf 89' lang='grc' dir='ltr'><strong>εί</strong></span> <span class='ocrx_word' id='word_1_737' title='bbox 3169 4152 3261 4204; x_wconf 77' lang='grc' dir='ltr'><strong>καὶ</strong></span> <span class='ocrx_word' id='word_1_738' title='bbox 3307 4149 3516 4220; x_wconf 80' lang='grc' dir='ltr'>μηδένα</span> <span class='ocrx_word' id='word_1_739' title='bbox 3561 4149 3715 4216; x_wconf 79' lang='grc' dir='ltr'>λόγον</span> 
     </span>
    </p>
   </div>
   <div class='ocr_carea' id='block_1_98' title="bbox 2153 4239 3714 4313">
    <p class='ocr_par' dir='ltr' id='par_1_98' title="bbox 2153 4239 3714 4313">
     <span class='ocr_line' id='line_1_98' title="bbox 2153 4239 3714 4313; baseline -0.006 -12"><span class='ocrx_word' id='word_1_740' title='bbox 2153 4248 2317 4302; x_wconf 78' lang='grc' dir='ltr'>αὑτοῦ</span> <span class='ocrx_word' id='word_1_741' title='bbox 2376 4247 2644 4300; x_wconf 87' lang='grc' dir='ltr'>ποιεῖσθαι</span> <span class='ocrx_word' id='word_1_742' title='bbox 2701 4245 3013 4298; x_wconf 80' lang='grc' dir='ltr'>ὲῡούλοντο·</span> <span class='ocrx_word' id='word_1_743' title='bbox 3073 4243 3132 4306; x_wconf 85' lang='grc' dir='ltr'>ὃς</span> <span class='ocrx_word' id='word_1_744' title='bbox 3185 4242 3385 4313; x_wconf 82' lang='grc' dir='ltr'>πολλὴν</span> <span class='ocrx_word' id='word_1_745' title='bbox 3431 4241 3572 4310; x_wconf 75' lang='grc' dir='ltr'>ἔχων</span> <span class='ocrx_word' id='word_1_746' title='bbox 3625 4239 3714 4291; x_wconf 74' lang='grc' dir='ltr'>τοῦ</span> 
     </span>
    </p>
   </div>
   <div class='ocr_carea' id='block_1_99' title="bbox 2151 4331 3714 4410">
    <p class='ocr_par' dir='ltr' id='par_1_99' title="bbox 2151 4331 3714 4410">
     <span class='ocr_line' id='line_1_99' title="bbox 2151 4331 3714 4410; baseline -0.006 -16"><span class='ocrx_word' id='word_1_747' title='bbox 2151 4341 2360 4394; x_wconf 84' lang='grc' dir='ltr'>δικαίου</span> <span class='ocrx_word' id='word_1_748' title='bbox 2409 4339 2684 4410; x_wconf 88' lang='grc' dir='ltr'>φροντίδα,</span> <span class='ocrx_word' id='word_1_749' title='bbox 2727 4338 2845 4390; x_wconf 85' lang='grc' dir='ltr'>οὑδὲ</span> <span class='ocrx_word' id='word_1_750' title='bbox 2880 4337 2975 4390; x_wconf 78' lang='grc' dir='ltr'>νῦν</span> <span class='ocrx_word' id='word_1_751' title='bbox 3004 4336 3251 4402; x_wconf 83' lang='grc' dir='ltr'>ἀνέξεται</span> <span class='ocrx_word' id='word_1_752' title='bbox 3285 4338 3383 4405; x_wconf 76' lang='grc' dir='ltr'><strong>τῆς</strong></span> <span class='ocrx_word' id='word_1_753' title='bbox 3417 4333 3571 4404; x_wconf 86' lang='grc' dir='ltr'><strong>παρά</strong></span> <span class='ocrx_word' id='word_1_754' title='bbox 3595 4331 3714 4384; x_wconf 85' lang='grc' dir='ltr'>τού-</span> 
     </span>
    </p>
   </div>
   <div class='ocr_carea' id='block_1_100' title="bbox 2151 4423 3710 4498">
    <p class='ocr_par' dir='ltr' id='par_1_100' title="bbox 2151 4423 3710 4498">
     <span class='ocr_line' id='line_1_100' title="bbox 2151 4423 3710 4498; baseline -0.006 -15"><span class='ocrx_word' id='word_1_755' title='bbox 2151 4448 2256 4483; x_wconf 86' lang='grc' dir='ltr'><strong>των</strong></span> <span class='ocrx_word' id='word_1_756' title='bbox 2301 4429 2717 4498; x_wconf 79' lang='grc' dir='ltr'>ἐπιτελουμένης</span> <span class='ocrx_word' id='word_1_757' title='bbox 2774 4427 2982 4490; x_wconf 80' lang='grc' dir='ltr'>ἀδικίας</span> <span class='ocrx_word' id='word_1_758' title='bbox 3035 4427 3128 4478; x_wconf 76' lang='grc' dir='ltr'><strong>ἐπὶ</strong></span> <span class='ocrx_word' id='word_1_759' title='bbox 3159 4425 3312 4494; x_wconf 74' lang='grc' dir='ltr'>[πολὺ</span> <span class='ocrx_word' id='word_1_760' title='bbox 3371 4423 3710 4494; x_wconf 80' lang='grc' dir='ltr'>κρατούσης·</span> 
     </span>
    </p>
   </div>
   <div class='ocr_carea' id='block_1_101' title="bbox 2151 4512 3712 4590">
    <p class='ocr_par' dir='ltr' id='par_1_101' title="bbox 2151 4512 3712 4590">
     <span class='ocr_line' id='line_1_101' title="bbox 2151 4512 3712 4590; baseline -0.006 -17"><span class='ocrx_word' id='word_1_761' title='bbox 2151 4522 2331 4574; x_wconf 82' lang='grc' dir='ltr'>ἄδικον</span> <span class='ocrx_word' id='word_1_762' title='bbox 2357 4521 2412 4572; x_wconf 86' lang='grc' dir='ltr'><strong>δέ</strong></span> <span class='ocrx_word' id='word_1_763' title='bbox 2445 4519 2788 4590; x_wconf 79' lang='grc' dir='ltr'>ἡγησάμενος</span> <span class='ocrx_word' id='word_1_764' title='bbox 2814 4518 2872 4570; x_wconf 88' lang='grc' dir='ltr'><strong>τὸ</strong></span> <span class='ocrx_word' id='word_1_765' title='bbox 2898 4517 3278 4588; x_wconf 80' lang='grc' dir='ltr'>ἀτιμωρήτους</span> <span class='ocrx_word' id='word_1_766' title='bbox 3299 4516 3520 4582; x_wconf 82' lang='grc' dir='ltr'>ἀφεῖναι</span> <span class='ocrx_word' id='word_1_767' title='bbox 3542 4512 3712 4565; x_wconf 85' lang='grc' dir='ltr'>τοιού-</span> 
     </span>
    </p>
   </div>
   <div class='ocr_carea' id='block_1_102' title="bbox 2149 4607 3712 4679">
    <p class='ocr_par' dir='ltr' id='par_1_102' title="bbox 2149 4607 3712 4679">
     <span class='ocr_line' id='line_1_102' title="bbox 2149 4607 3712 4679; baseline -0.006 -15"><span class='ocrx_word' id='word_1_768' title='bbox 2149 4629 2274 4674; x_wconf 86' lang='grc' dir='ltr'>τους</span> <span class='ocrx_word' id='word_1_769' title='bbox 2296 4612 2474 4674; x_wconf 82' lang='grc' dir='ltr'>ὃντας,</span> <span class='ocrx_word' id='word_1_770' title='bbox 2493 4611 2666 4675; x_wconf 78' lang='grc' dir='ltr'>ὀξεῖαν</span> <span class='ocrx_word' id='word_1_771' title='bbox 2701 4609 2878 4679; x_wconf 87' lang='grc' dir='ltr'>κρίσιν</span> <span class='ocrx_word' id='word_1_772' title='bbox 2908 4608 3016 4659; x_wconf 83' lang='grc' dir='ltr'><strong>τῶν</strong></span> <span class='ocrx_word' id='word_1_773' title='bbox 3034 4609 3152 4660; x_wconf 82' lang='grc' dir='ltr'>κατ’</span> <span class='ocrx_word' id='word_1_774' title='bbox 3177 4607 3370 4669; x_wconf 77' lang='grc' dir='ltr'>αὐτοὺς</span> <span class='ocrx_word' id='word_1_775' title='bbox 3407 4607 3712 4674; x_wconf 83' lang='grc' dir='ltr'>ποιήσεται,</span> 
     </span>
    </p>
   </div>
   <div class='ocr_carea' id='block_1_103' title="bbox 2151 4693 3713 4770">
    <p class='ocr_par' dir='ltr' id='par_1_103' title="bbox 2151 4693 3713 4770">
     <span class='ocr_line' id='line_1_103' title="bbox 2151 4693 3713 4770; baseline -0.004 -17"><span class='ocrx_word' id='word_1_776' title='bbox 2151 4703 2245 4754; x_wconf 74' lang='grc' dir='ltr'>καὶ</span> <span class='ocrx_word' id='word_1_777' title='bbox 2271 4700 2534 4770; x_wconf 85' lang='grc' dir='ltr'>πρόδηλον</span> <span class='ocrx_word' id='word_1_778' title='bbox 2557 4700 2740 4762; x_wconf 85' lang='grc' dir='ltr'>αὐτοῖς</span> <span class='ocrx_word' id='word_1_779' title='bbox 2769 4697 2957 4762; x_wconf 83' lang='grc' dir='ltr'>ἐπάξει</span> <span class='ocrx_word' id='word_1_780' title='bbox 2981 4699 3079 4768; x_wconf 82' lang='grc' dir='ltr'><strong>τὴν</strong></span> <span class='ocrx_word' id='word_1_781' title='bbox 3107 4698 3246 4766; x_wconf 85' lang='grc' dir='ltr'>ὑπὲρ</span> <span class='ocrx_word' id='word_1_782' title='bbox 3273 4697 3382 4749; x_wconf 86' lang='grc' dir='ltr'><strong>τῶν</strong></span> <span class='ocrx_word' id='word_1_783' title='bbox 3421 4693 3713 4763; x_wconf 80' lang='grc' dir='ltr'>ἐπταισμέ-</span> 
     </span>
    </p>
   </div>
   <div class='ocr_carea' id='block_1_104' title="bbox 2150 4787 3714 4861">
    <p class='ocr_par' dir='ltr' id='par_1_104' title="bbox 2150 4787 3714 4861">
     <span class='ocr_line' id='line_1_104' title="bbox 2150 4787 3714 4861; baseline -0.006 -16"><span class='ocrx_word' id='word_1_784' title='bbox 2150 4809 2254 4845; x_wconf 90' lang='grc' dir='ltr'><strong>νων</strong></span> <span class='ocrx_word' id='word_1_785' title='bbox 2281 4791 2550 4860; x_wconf 87' lang='grc' dir='ltr'>τιμωρίαν</span> <span class='ocrx_word' id='word_1_786' title='bbox 2577 4807 2590 4820; x_wconf 91' lang='grc'><strong>·</strong></span> <span class='ocrx_word' id='word_1_787' title='bbox 2623 4789 2822 4861; x_wconf 67' lang='grc' dir='ltr'>τοιγὰρ</span> <span class='ocrx_word' id='word_1_788' title='bbox 2853 4811 2870 4840; x_wconf 76' lang='lat' dir='ltr'><strong>i</strong></span> <span class='ocrx_word' id='word_1_789' title='bbox 2913 4789 3056 4860; x_wconf 82' lang='grc' dir='ltr'>πρωῒ</span> <span class='ocrx_word' id='word_1_790' title='bbox 3092 4789 3235 4858; x_wconf 84' lang='grc' dir='ltr'>πρωῒ</span> <span class='ocrx_word' id='word_1_791' title='bbox 3275 4808 3292 4838; x_wconf 78' lang='grc' dir='ltr'><strong>ι</strong></span> <span class='ocrx_word' id='word_1_792' title='bbox 3327 4787 3427 4856; x_wconf 73' lang='grc' dir='ltr'><strong>τὴν</strong></span> <span class='ocrx_word' id='word_1_793' title='bbox 3453 4789 3596 4854; x_wconf 77' lang='grc' dir='ltr'>ἄγαν</span> <span class='ocrx_word' id='word_1_794' title='bbox 3624 4802 3714 4837; x_wconf 81' lang='grc' dir='ltr'>τα·</span> 
     </span>
    </p>
   </div>
   <div class='ocr_carea' id='block_1_105' title="bbox 2149 4877 3714 4954">
    <p class='ocr_par' dir='ltr' id='par_1_105' title="bbox 2149 4877 3714 4954">
     <span class='ocr_line' id='line_1_105' title="bbox 2149 4877 3714 4954; baseline -0.004 -19"><span class='ocrx_word' id='word_1_795' title='bbox 2149 4883 2355 4954; x_wconf 88' lang='grc' dir='ltr'>χύτητα</span> <span class='ocrx_word' id='word_1_796' title='bbox 2412 4881 2578 4948; x_wconf 83' lang='grc' dir='ltr'>λέγει.</span> <span class='ocrx_word' id='word_1_797' title='bbox 2635 4877 2764 4933; x_wconf 77' lang='grc' dir='ltr'>Εἶτα</span> <span class='ocrx_word' id='word_1_798' title='bbox 2818 4881 2937 4933; x_wconf 89' lang='grc' dir='ltr'>τίνα</span> <span class='ocrx_word' id='word_1_799' title='bbox 2998 4881 3064 4932; x_wconf 72' lang='grc' dir='ltr'><strong>τὰ</strong></span> <span class='ocrx_word' id='word_1_800' title='bbox 3101 4882 3166 4932; x_wconf 86' lang='grc' dir='ltr'><strong>ἐκ</strong></span> <span class='ocrx_word' id='word_1_801' title='bbox 3209 4878 3401 4931; x_wconf 87' lang='grc' dir='ltr'>τούτου</span> <span class='ocrx_word' id='word_1_802' title='bbox 3454 4877 3714 4946; x_wconf 72' lang='grc' dir='ltr'>γινόμενα</span> 
     </span>
    </p>
   </div>
   <div class='ocr_carea' id='block_1_106' title="bbox 2149 4967 3708 5040">
    <p class='ocr_par' dir='ltr' id='par_1_106' title="bbox 2149 4967 3708 5040">
     <span class='ocr_line' id='line_1_106' title="bbox 2149 4967 3708 5040; baseline -0.005 -16"><span class='ocrx_word' id='word_1_803' title='bbox 2149 4971 2348 5038; x_wconf 86' lang='grc' dir='ltr'>λέγων·</span> <span class='ocrx_word' id='word_1_804' title='bbox 2411 4989 2428 5020; x_wconf 77' lang='lat' dir='ltr'><strong>t</strong></span> <span class='ocrx_word' id='word_1_805' title='bbox 2483 4971 2569 5022; x_wconf 84' lang='grc' dir='ltr'>Ἐν</span> <span class='ocrx_word' id='word_1_806' title='bbox 2617 4970 2880 5040; x_wconf 82' lang='grc' dir='ltr'>διαφθορᾷ</span> <span class='ocrx_word' id='word_1_807' title='bbox 2936 4970 3252 5022; x_wconf 85' lang='grc' dir='ltr'>κατέσπασα</span> <span class='ocrx_word' id='word_1_808' title='bbox 3310 4967 3708 5036; x_wconf 81' lang='grc' dir='ltr'>ὑπερηφάνους,</span> 
     </span>
    </p>
   </div>
   <div class='ocr_carea' id='block_1_107' title="bbox 2147 5055 3712 5130">
    <p class='ocr_par' dir='ltr' id='par_1_107' title="bbox 2147 5055 3712 5130">
     <span class='ocr_line' id='line_1_107' title="bbox 2147 5055 3712 5130; baseline -0.006 -17"><span class='ocrx_word' id='word_1_809' title='bbox 2147 5058 2518 5130; x_wconf 79' lang='grc' dir='ltr'>ἠφανίσθησαν</span> <span class='ocrx_word' id='word_1_810' title='bbox 2569 5059 2760 5126; x_wconf 87' lang='grc' dir='ltr'>γωνίαι</span> <span class='ocrx_word' id='word_1_811' title='bbox 2793 5057 3002 5112; x_wconf 82' lang='grc' dir='ltr'>αὑτῶν·</span> <span class='ocrx_word' id='word_1_812' title='bbox 3045 5056 3378 5128; x_wconf 82' lang='grc' dir='ltr'>ἐξερημώσω</span> <span class='ocrx_word' id='word_1_813' title='bbox 3432 5057 3533 5120; x_wconf 79' lang='grc' dir='ltr'>τὰς</span> <span class='ocrx_word' id='word_1_814' title='bbox 3565 5055 3712 5114; x_wconf 76' lang='grc' dir='ltr'>ὁδοὺς</span> 
     </span>
    </p>
   </div>
   <div class='ocr_carea' id='block_1_108' title="bbox 2147 5146 3712 5219">
    <p class='ocr_par' dir='ltr' id='par_1_108' title="bbox 2147 5146 3712 5219">
     <span class='ocr_line' id='line_1_108' title="bbox 2147 5146 3712 5219; baseline -0.005 -16"><span class='ocrx_word' id='word_1_815' title='bbox 2147 5149 2325 5203; x_wconf 85' lang='grc' dir='ltr'>αὑτῶν</span> <span class='ocrx_word' id='word_1_816' title='bbox 2371 5149 2432 5201; x_wconf 85' lang='grc' dir='ltr'><strong>τὸ</strong></span> <span class='ocrx_word' id='word_1_817' title='bbox 2471 5149 2728 5218; x_wconf 85' lang='grc' dir='ltr'>παράπαν</span> <span class='ocrx_word' id='word_1_818' title='bbox 2751 5149 2844 5201; x_wconf 83' lang='grc' dir='ltr'>τοῦ</span> <span class='ocrx_word' id='word_1_819' title='bbox 2878 5149 2952 5219; x_wconf 81' lang='grc' dir='ltr'>μὴ</span> <span class='ocrx_word' id='word_1_820' title='bbox 2985 5148 3312 5202; x_wconf 87' lang='grc' dir='ltr'>διοδεύεσθαι</span> <span class='ocrx_word' id='word_1_821' title='bbox 3336 5165 3349 5178; x_wconf 93' lang='grc'><strong>·</strong></span> <span class='ocrx_word' id='word_1_822' title='bbox 3384 5146 3632 5211; x_wconf 78' lang='grc' dir='ltr'>ἐξέλιπον</span> <span class='ocrx_word' id='word_1_823' title='bbox 3660 5146 3712 5197; x_wconf 73' lang='grc' dir='ltr'><strong>αἱ</strong></span> 
     </span>
    </p>
   </div>
   <div class='ocr_carea' id='block_1_109' title="bbox 2148 5239 3714 5312">
    <p class='ocr_par' dir='ltr' id='par_1_109' title="bbox 2148 5239 3714 5312">
     <span class='ocr_line' id='line_1_109' title="bbox 2148 5239 3714 5312; baseline -0.005 -18"><span class='ocrx_word' id='word_1_824' title='bbox 2148 5242 2329 5304; x_wconf 80' lang='grc' dir='ltr'>πόλεις</span> <span class='ocrx_word' id='word_1_825' title='bbox 2363 5241 2538 5294; x_wconf 80' lang='grc' dir='ltr'>αὑτῶν</span> <span class='ocrx_word' id='word_1_826' title='bbox 2568 5240 2720 5312; x_wconf 89' lang='grc' dir='ltr'><strong>παρά</strong></span> <span class='ocrx_word' id='word_1_827' title='bbox 2737 5241 2797 5294; x_wconf 83' lang='grc' dir='ltr'><strong>τὸ</strong></span> <span class='ocrx_word' id='word_1_828' title='bbox 2824 5242 3026 5310; x_wconf 87' lang='grc' dir='ltr'>μηδένα</span> <span class='ocrx_word' id='word_1_829' title='bbox 3054 5240 3315 5310; x_wconf 83' lang='grc' dir='ltr'>ὑπάρχειν</span> <span class='ocrx_word' id='word_1_830' title='bbox 3363 5239 3498 5308; x_wconf 82' lang='grc' dir='ltr'>μηδὲ</span> <span class='ocrx_word' id='word_1_831' title='bbox 3541 5255 3714 5291; x_wconf 75' lang='grc' dir='ltr'>κατοι-</span> 
     </span>
    </p>
   </div>
   <div class='ocr_carea' id='block_1_110' title="bbox 2147 5331 3710 5404">
    <p class='ocr_par' dir='ltr' id='par_1_110' title="bbox 2147 5331 3710 5404">
     <span class='ocr_line' id='line_1_110' title="bbox 2147 5331 3710 5404; baseline -0.003 -18"><span class='ocrx_word' id='word_1_832' title='bbox 2147 5337 2282 5387; x_wconf 86' lang='grc' dir='ltr'>κεῖν.</span> <span class='ocrx_word' id='word_1_833' title='bbox 2321 5355 2338 5383; x_wconf 74' lang='grc' dir='ltr'><strong>ι</strong></span> <span class='ocrx_word' id='word_1_834' title='bbox 2367 5333 2643 5404; x_wconf 81' lang='grc' dir='ltr'>Διαφθορᾷ</span> <span class='ocrx_word' id='word_1_835' title='bbox 2683 5333 2780 5403; x_wconf 82' lang='grc' dir='ltr'><strong>μὲν</strong></span> <span class='ocrx_word' id='word_1_836' title='bbox 2803 5334 2912 5404; x_wconf 83' lang='grc' dir='ltr'>γὰρ</span> <span class='ocrx_word' id='word_1_837' title='bbox 2960 5334 3156 5395; x_wconf 79' lang='grc' dir='ltr'>αὐτοὺς</span> <span class='ocrx_word' id='word_1_838' title='bbox 3183 5331 3270 5384; x_wconf 85' lang='grc' dir='ltr'>διὰ</span> <span class='ocrx_word' id='word_1_839' title='bbox 3299 5331 3396 5401; x_wconf 82' lang='grc' dir='ltr'><strong>τὴν</strong></span> <span class='ocrx_word' id='word_1_840' title='bbox 3430 5332 3710 5401; x_wconf 75' lang='grc' dir='ltr'>ὑπερηφα·</span> 
     </span>
    </p>
   </div>
   <div class='ocr_carea' id='block_1_111' title="bbox 2145 5420 3710 5497">
    <p class='ocr_par' dir='ltr' id='par_1_111' title="bbox 2145 5420 3710 5497">
     <span class='ocr_line' id='line_1_111' title="bbox 2145 5420 3710 5497; baseline -0.006 -20"><span class='ocrx_word' id='word_1_841' title='bbox 2145 5426 2261 5478; x_wconf 90' lang='grc' dir='ltr'>νίαν</span> <span class='ocrx_word' id='word_1_842' title='bbox 2307 5426 2485 5479; x_wconf 82' lang='grc' dir='ltr'>αὐτῶν</span> <span class='ocrx_word' id='word_1_843' title='bbox 2526 5426 2920 5497; x_wconf 80' lang='grc' dir='ltr'>παραδέδωκα·</span> <span class='ocrx_word' id='word_1_844' title='bbox 2953 5423 3168 5493; x_wconf 78' lang='grc' dir='ltr'>ἀφανιῶ</span> <span class='ocrx_word' id='word_1_845' title='bbox 3206 5425 3264 5476; x_wconf 83' lang='grc' dir='ltr'>δὲ</span> <span class='ocrx_word' id='word_1_846' title='bbox 3298 5423 3482 5485; x_wconf 80' lang='grc' dir='ltr'>πάσας</span> <span class='ocrx_word' id='word_1_847' title='bbox 3533 5420 3710 5475; x_wconf 82' lang='grc' dir='ltr'>αὐτῶν</span> 
     </span>
    </p>
   </div>
   <div class='ocr_carea' id='block_1_112' title="bbox 2142 5511 3709 5586">
    <p class='ocr_par' dir='ltr' id='par_1_112' title="bbox 2142 5511 3709 5586">
     <span class='ocr_line' id='line_1_112' title="bbox 2142 5511 3709 5586; baseline -0.003 -17"><span class='ocrx_word' id='word_1_848' title='bbox 2142 5519 2240 5579; x_wconf 75' lang='grc' dir='ltr'>τὰς</span> <span class='ocrx_word' id='word_1_849' title='bbox 2271 5518 2484 5580; x_wconf 84' lang='grc' dir='ltr'>πόλεις·</span> <span class='ocrx_word' id='word_1_850' title='bbox 2535 5520 2613 5579; x_wconf 87' lang='grc' dir='ltr'><strong>είς</strong></span> <span class='ocrx_word' id='word_1_851' title='bbox 2653 5517 2922 5586; x_wconf 84' lang='grc' dir='ltr'>τοσαύτην</span> <span class='ocrx_word' id='word_1_852' title='bbox 2957 5533 3016 5568; x_wconf 86' lang='grc' dir='ltr'><strong>τε</strong></span> <span class='ocrx_word' id='word_1_853' title='bbox 3047 5515 3277 5586; x_wconf 86' lang='grc' dir='ltr'>ἐρημίαν</span> <span class='ocrx_word' id='word_1_854' title='bbox 3306 5514 3420 5578; x_wconf 81' lang='grc' dir='ltr'>ἄξω</span> <span class='ocrx_word' id='word_1_855' title='bbox 3469 5514 3542 5566; x_wconf 84' lang='grc' dir='ltr'>τὰ</span> <span class='ocrx_word' id='word_1_856' title='bbox 3581 5511 3709 5581; x_wconf 80' lang='grc' dir='ltr'>παρ’</span> 
     </span>
    </p>
   </div>
   <div class='ocr_carea' id='block_1_113' title="bbox 2141 5604 3714 5676">
    <p class='ocr_par' dir='ltr' id='par_1_113' title="bbox 2141 5604 3714 5676">
     <span class='ocr_line' id='line_1_113' title="bbox 2141 5604 3714 5676; baseline -0.005 -16"><span class='ocrx_word' id='word_1_857' title='bbox 2141 5609 2342 5673; x_wconf 78' lang='grc' dir='ltr'>αὑτοῖς,</span> <span class='ocrx_word' id='word_1_858' title='bbox 2369 5614 2443 5676; x_wconf 93' lang='lat' dir='ltr'><strong>(p.</strong></span> <span class='ocrx_word' id='word_1_859' title='bbox 2477 5608 2578 5662; x_wconf 78' lang='grc'><strong>405</strong></span> <span class='ocrx_word' id='word_1_860' title='bbox 2609 5608 2624 5675; x_wconf 86' lang='grc'><strong>&gt;</strong></span> <span class='ocrx_word' id='word_1_861' title='bbox 2659 5607 2796 5660; x_wconf 84' lang='grc' dir='ltr'>ὥστε</span> <span class='ocrx_word' id='word_1_862' title='bbox 2835 5609 2929 5661; x_wconf 78' lang='grc' dir='ltr'><strong>καὶ</strong></span> <span class='ocrx_word' id='word_1_863' title='bbox 2962 5606 3061 5670; x_wconf 85' lang='grc' dir='ltr'>τὰς</span> <span class='ocrx_word' id='word_1_864' title='bbox 3094 5606 3245 5667; x_wconf 71' lang='grc' dir='ltr'>ὁδους</span> <span class='ocrx_word' id='word_1_865' title='bbox 3269 5605 3456 5657; x_wconf 80' lang='grc' dir='ltr'>λοιπὸν</span> <span class='ocrx_word' id='word_1_866' title='bbox 3483 5604 3714 5672; x_wconf 78' lang='grc' dir='ltr'>ἀδήλους</span> 
     </span>
    </p>
   </div>
   <div class='ocr_carea' id='block_1_114' title="bbox 2141 5691 3706 5769">
    <p class='ocr_par' dir='ltr' id='par_1_114' title="bbox 2141 5691 3706 5769">
     <span class='ocr_line' id='line_1_114' title="bbox 2141 5691 3706 5769; baseline -0.004 -19"><span class='ocrx_word' id='word_1_867' title='bbox 2141 5694 2278 5752; x_wconf 83' lang='grc' dir='ltr'>εἶναι</span> <span class='ocrx_word' id='word_1_868' title='bbox 2314 5699 2519 5768; x_wconf 79' lang='grc' dir='ltr'>ἐρημίᾳ</span> <span class='ocrx_word' id='word_1_869' title='bbox 2547 5698 2654 5749; x_wconf 80' lang='grc' dir='ltr'><strong>τῶν</strong></span> <span class='ocrx_word' id='word_1_870' title='bbox 2687 5699 3029 5750; x_wconf 82' lang='grc' dir='ltr'>διοδευόντων</span> <span class='ocrx_word' id='word_1_871' title='bbox 3053 5739 3067 5761; x_wconf 91' lang='grc'><strong>,</strong></span> <span class='ocrx_word' id='word_1_872' title='bbox 3097 5691 3239 5769; x_wconf 73' lang='grc' dir='ltr'>ᾗπερ</span> <span class='ocrx_word' id='word_1_873' title='bbox 3274 5692 3366 5748; x_wconf 74' lang='grc' dir='ltr'>οὖν</span> <span class='ocrx_word' id='word_1_874' title='bbox 3399 5692 3706 5764; x_wconf 82' lang='grc' dir='ltr'>παραδώσω</span> 
     </span>
    </p>
   </div>
   <div class='ocr_carea' id='block_1_115' title="bbox 2145 5783 3704 5856">
    <p class='ocr_par' dir='ltr' id='par_1_115' title="bbox 2145 5783 3704 5856">
     <span class='ocr_line' id='line_1_115' title="bbox 2145 5783 3704 5856; baseline -0.007 -14"><span class='ocrx_word' id='word_1_875' title='bbox 2145 5790 2237 5842; x_wconf 83' lang='grc' dir='ltr'><strong>καὶ</strong></span> <span class='ocrx_word' id='word_1_876' title='bbox 2267 5790 2364 5850; x_wconf 82' lang='grc' dir='ltr'><strong>τάς</strong></span> <span class='ocrx_word' id='word_1_877' title='bbox 2385 5789 2566 5852; x_wconf 88' lang='grc' dir='ltr'>πόλεις</span> <span class='ocrx_word' id='word_1_878' title='bbox 2591 5789 2770 5842; x_wconf 83' lang='grc' dir='ltr'>αὑτῶν</span> <span class='ocrx_word' id='word_1_879' title='bbox 2803 5790 3038 5851; x_wconf 82' lang='grc' dir='ltr'>ἁπάσας,</span> <span class='ocrx_word' id='word_1_880' title='bbox 3059 5786 3200 5840; x_wconf 80' lang='grc' dir='ltr'>ὥστε</span> <span class='ocrx_word' id='word_1_881' title='bbox 3228 5787 3432 5856; x_wconf 82' lang='grc' dir='ltr'>μηθένα</span> <span class='ocrx_word' id='word_1_882' title='bbox 3455 5783 3704 5836; x_wconf 77' lang='grc' dir='ltr'>οἰκοῦντα</span> 
     </span>
    </p>
   </div>
   <div class='ocr_carea' id='block_1_116' title="bbox 2145 5866 3701 5946">
    <p class='ocr_par' dir='ltr' id='par_1_116' title="bbox 2145 5866 3701 5946">
     <span class='ocr_line' id='line_1_116' title="bbox 2145 5866 3701 5946; baseline -0.001 -22"><span class='ocrx_word' id='word_1_883' title='bbox 2145 5873 2490 5944; x_wconf 80' lang='grc' dir='ltr'>εὑρίσκεσθαι</span> <span class='ocrx_word' id='word_1_884' title='bbox 2524 5877 2578 5927; x_wconf 77' lang='grc' dir='ltr'><strong>ἐν</strong></span> <span class='ocrx_word' id='word_1_885' title='bbox 2617 5877 2820 5940; x_wconf 77' lang='grc' dir='ltr'>αὑταῖς.</span> <span class='ocrx_word' id='word_1_886' title='bbox 2869 5875 3026 5928; x_wconf 75' lang='grc' dir='ltr'>Ἀλλὰ</span> <span class='ocrx_word' id='word_1_887' title='bbox 3068 5875 3175 5946; x_wconf 82' lang='grc' dir='ltr'>γὰρ</span> <span class='ocrx_word' id='word_1_888' title='bbox 3215 5873 3459 5944; x_wconf 85' lang='grc' dir='ltr'>δηλώσας</span> <span class='ocrx_word' id='word_1_889' title='bbox 3497 5875 3553 5927; x_wconf 83' lang='grc' dir='ltr'><strong>ἐν</strong></span> <span class='ocrx_word' id='word_1_890' title='bbox 3582 5866 3701 5922; x_wconf 79' lang='grc' dir='ltr'>τού-</span> 
     </span>
    </p>
   </div>
  </div>
