3934 6522
87 364 176 420 ἅδ’]

1002 369 1547 427 COMMENTARIUS
1576 368 1645 423 IN
1675 369 2037 426 SOPHONUE
2079 371 2232 426 CAP.
2265 370 2350 425 lll.

3210 367 3315 421 4Ἱο

81 495 184 542 τοις
216 482 309 535 καὶ
336 483 431 554 τῆς
464 483 661 557 Νινευῆ
691 485 791 557 τὴν
828 486 1085 557 ἐρημίαν,
1122 488 1222 559 τῆς
1259 507 1316 541 τε
1347 488 1452 542 τῶν
1498 489 1798 558 Ἀσσυρίων
1830 489 2004 559 ἀρχῆς
2039 490 2136 559 τὴν
2168 488 2503 559 καθαίρεσιν,
2534 487 2722 557 τρέπει
2752 485 2885 556 πρὸς
2906 481 3030 549 τοὺς
3053 484 3150 554 τῆς
3192 460 3317 537 ’ἰουλ

85 578 228 641 δαίας
253 579 345 633 τὸν
377 581 530 649 λόγον
554 583 645 635 και
669 600 831 653 φησιν
852 601 864 613 ·

149 674 297 744 Στίχ,
328 674 393 738 ξ’,
420 682 491 744 η’.
513 706 579 714 --
614 696 631 726 ι
665 672 832 729 Εἶπον
850 694 863 708 ·
894 678 1038 745 Πλὴν
1065 678 1313 747 ῳοΰεῖσθέ
1346 696 1434 749 με,
1456 680 1551 733 καλ⁹
1572 677 1659 730 δέ-

1831 675 1996 731 Vens.
2038 677 2089 738 7,
2125 678 2177 730 8.
2202 709 2269 717 --
2299 696 2315 727 ι
2354 675 2470 728 Dixi
2505 692 2521 728 ι
2556 673 2954 729 Verumtamem
2987 671 3172 725 timete
3208 684 3317 729 me,

86 767 239 831 ξασθε
260 766 527 831 παιδείαν,
549 768 642 820 καὶ
657 768 719 820 οὐ
741 768 814 838 μὴ
833 768 1244 841 ἐξολοθρευθῆτε
1269 770 1329 835 ἐξ
1356 770 1649 843 ὀφθαλμῶν

1752 778 1804 823 et
1831 769 2066 838 excipite
2104 768 2486 837 disciplinam,
2522 772 2686 835 atque
2717 765 2791 818 ita
2826 778 2935 817 non
2970 760 3221 833 peribitis
3252 773 3319 812 ex

86 861 249 932 αὐτῆς
271 862 359 915 διὰ
387 864 563 916 πάντα
590 864 690 917 ὅσα
710 864 992 935 ἐξεδίκησα
1018 866 1102 917 ἐπ’
1131 866 1319 936 αὐτήν.
1349 886 1367 918 ι
1391 865 1525 937 Ἤδη
1551 866 1651 938 μὲν

1799 860 1929 914 culis
1957 860 2123 922 illius,
2156 869 2379 929 propter
2406 873 2468 913 ea
2489 857 2692 919 omnia,
2730 868 2851 925 quae
2870 854 3019 908 ullus
3046 867 3167 908 sum
3189 864 3325 904 con-

86 948 168 1005 οῦν
219 950 508 1021 πῳλαόὼν
532 951 984 1022 διεμαρτυράμην
1019 953 1147 1023 ὑμῖν
1182 953 1269 1006 διὰ
1296 952 1403 1006 τῶν
1436 965 1652 1026 προφη-

85 1044 208 1109 τῶν,
240 1044 384 1097 ὥστε
412 1044 470 1096 ἐν
510 1044 657 1113 φόϐῳ
702 1044 795 1115 μὲν
839 1044 980 1114 ἔχειν
1004 1045 1125 1114 ἐμὲ,
1156 1044 1250 1099 ἅτε
1276 1044 1473 1117 ῥᾳδίως
1509 1046 1655 1116 ὑμᾶς

88 1139 127 1189 εἰ
163 1137 405 1190 πταίοιτε
428 1136 521 1189 καὶ
564 1136 918 1207 τιμωρεῖσθαι
952 1137 1269 1207 δυνάμενον,
1309 1136 1562 1202 δέξασθαι
1597 1136 1656 1191 δὲ

90 1230 180 1299 τὴν
206 1230 625 1301 προσαγομένην
648 1231 773 1300 ὑμῖν
794 1230 1137 1283 διδασκαλίαν
1158 1232 1623 1303 ἐπαγγειλάμενος
1640 1248 1655 1262 ·

91 1322 205 1375 οὔτε
235 1321 523 1391 ἀφανίζειν
555 1322 719 1392 ὑμᾶς,
777 1323 826 1373 εί
858 1320 1031 1374 ταῦτα
1072 1324 1294 1387 ποιοῖτε,
1326 1325 1429 1392 τῆς
1480 1339 1646 1391 προσ-

92 1414 260 1481 ὴςοεως
299 1414 399 1484 τῆς
452 1413 591 1482 ἐμῆς
630 1412 1024 1484 ἀφαιρεθέντας
1070 1411 1177 1464 τῶν
1218 1413 1421 1476 τόπων,
1462 1415 1517 1465 ἐν
1551 1406 1663 1464 0Y6-

95 1522 191 1575 περ
237 1504 584 1585 διατέτακται
624 1504 723 1573 τῆς
757 1503 1051 1574 θεραπείας
1101 1504 1244 1573 ὑμᾶς
1287 1503 1665 1573 ἐπιμελεῖσθαι

94 1596 183 1665 τῆς
235 1595 413 1665 ἐμῆς·
477 1596 588 1648 οὐτ’
640 1594 719 1646 ἔτι
774 1593 1171 1667 διαπράξασθαι
1221 1592 1425 1646 τούτων
1481 1593 1517 1647 ἂ
1571 1592 1666 1646 νῦν

94 1689 369 1758 ἐπήγαγον
400 1687 527 1757 ὑμῖν
551 1689 628 1749 εἰς
654 1686 898 1739 ἐκδικίαν
921 1679 995 1738 ὧν
1020 1683 1520 1755 πεπλημμελήκατε
1542 1683 1668 1736 πολ-

95 1780 265 1843 λάκις.
294 1798 312 1830 ι
366 1777 683 1848 Ἐτοιμάζου
713 1817 728 1840 ,
780 1777 1031 1849 ὄρθρισον
1057 1818 1070 1841 ,
1107 1776 1424 1846 διέφθαρται
1457 1777 1606 1828 πᾶσα
1633 1776 1667 1843 ἡ

96 1871 595 1943 ἐπιφυλλῖςξαὺτῶν.
628 1890 645 1922 ι
691 1870 829 1922 Ἀλλ’
851 1870 1036 1940 ἐπειδὴ
1060 1869 1181 1921 τότε
1217 1868 1276 1921 τὸ
1301 1868 1417 1921 δέον
1451 1867 1672 1938 παρελί-

97 1983 217 2021 πετε
244 1966 344 2018 καὶ
370 1962 670 2017 πεπόνθατε
697 1961 939 2024 τοιαῦτα,
968 1961 1062 2014 νῦν
1095 1960 1223 2028 γοῦν
1253 1959 1476 2024 ἑαυτοὺς
1498 1961 1573 2022 είς
1614 1957 1674 2011 τὸ

1757 958 1838 1002 tra
1895 964 2036 1003 eam.
2082 969 2098 1000 ι
2147 947 2482 1018 Iampridem
2541 953 2776 1001 testatus
2845 944 3001 999 vobis
3056 956 3176 998 sum
3226 953 3323 1010 per

1758 1041 2069 1111 pr0plietas,
2106 1048 2165 1093 ut
2202 1055 2288 1093 me
2330 1038 2619 1103 timeretis,
2666 1037 2757 1107 qui
2797 1034 2956 1091 facile
2992 1048 3237 1104 possum,
3276 1032 3325 1087 si

1759 1120 2136 1203 peccaverilis,
2164 1130 2390 1198 punire;
2431 1139 2594 1199 atque
2625 1136 2684 1182 ut
2714 1127 2840 1181 data
2879 1125 3086 1179 monita
3118 1123 3328 1192 recipe-

1761 1223 1896 1278 retis
1928 1222 2273 1287 denuntiavi,
2308 1236 2586 1291 nunquam
2621 1233 2756 1284 vos,
2796 1217 2843 1273 si
2889 1217 2965 1270 ita
2995 1232 3092 1271 vos
3140 1230 3328 1285 gesse-

1764 1315 1905 1378 ritis,
1962 1329 2049 1369 me
2090 1314 2521 1378 destructurum,
2565 1328 2742 1383 neque
2782 1325 2814 1364 a
2865 1310 3003 1365 locis
3049 1321 3189 1378 quos
3231 1320 3331 1374 ego

1765 1412 1987 1476 aspectu
2040 1420 2164 1459 meo
2203 1406 2396 1476 dignos
2445 1404 2669 1474 judico,
2710 1402 3066 1474 expulsurum
3113 1415 3125 1451 :
3178 1395 3334 1452 deni—

1765 1512 1872 1567 que
1910 1495 2049 1551 nihil
2080 1511 2270 1550 eorum
2302 1503 2607 1566 gesturum,
2634 1508 2755 1565 quae
2795 1507 2942 1547 nunc
2981 1496 3331 1563 peccatorum

1768 1599 2076 1646 vestrorum
2112 1589 2464 1643 multitudine
2485 1587 2647 1659 265
2671 1590 2980 1641 commotus
3011 1582 3091 1636 ira
3124 1578 3340 1635 vindice

1769 1681 2101 1755 perpetravi.
2154 1698 2173 1731 ι
2227 1679 2563 1750 Ρταξρξιιτιτε,
2599 1691 2869 1747 consurge
2906 1673 3169 1738 diluculo,
3216 1684 3342 1723 eor-

1773 1785 1930 1844 rupta
1962 1780 2047 1827 est
2072 1770 2403 1827 frondositas
2447 1784 2656 1824 eorum.
2696 1786 2715 1820 ι
2753 1766 2856 1822 Sed
2893 1767 3022 1837 quia
3059 1775 3190 1817 tunc
3221 1760 3341 1816 offi-

1775 1867 1920 1921 cium
1947 1873 2194 1920 vestrum
2222 1862 2570 1929 deseruistis,
2600 1860 2831 1930 ideoque
2862 1859 2977 1913 haec
3002 1854 3342 1927 pertulistis;

1778 1973 1924 2014 nunc
1965 1964 2178 2012 vosmet
2221 1961 2536 2024 comparate
2572 1954 2637 2007 ad
2682 1951 3045 2007 obediendum
3073 1945 3345 2001 mandatis

97 2058 205 2111 δέον
249 2057 709 2128 παρασκευάσατε
752 2057 831 2117 είς
865 2055 926 2107 τὸ
966 2055 1101 2124 μετὰ
1134 2055 1312 2126 πάσης
1360 2053 1675 2124 ἐπιμελείας

1799 2053 1911 2107 neis
1951 2050 2244 2106 sedulitate
2283 2049 2431 2101 omni
2481 2061 2543 2101 ac
2593 2046 2812 2111 studio;
2843 2043 3043 2114 quippe
3078 2038 3173 2109 qui
3216 2051 3348 2090 mete

98 2168 151 2203 τε
175 2148 276 2201 καὶ
307 2146 549 2216 σπουδῆς
580 2144 688 2211 τῶν
720 2147 852 2216 παρ’
900 2144 1038 2215 ἐμοῦ
1068 2144 1511 2214 διατεταγμένων
1551 2145 1681 2196 άντ-

98 2239 336 2311 έχεσθαι,
366 2238 462 2291 ἅτε
496 2236 588 2289 καὶ
623 2236 724 2305 τῆς
762 2237 1087 2307 κηδεμονίας
1115 2253 1214 2306 μου
1254 2235 1355 2304 τῆς
1384 2235 1511 2307 περὶ
1539 2234 1683 2304 ὑμᾶς

98 2332 373 2398 ἀπόδειξιν
411 2330 623 2399 ἔχοντες
669 2329 731 2382 τὸ
776 2330 957 2383 πᾶσαν
994 2326 1275 2390 παντελῶς
1323 2325 1684 2397 ἀφαιρεθῆναι

99 2425 212 2496 τὴνξ
238 2422 480 2494 δύναμιν
521 2423 625 2475 τῶν
688 2421 919 2492 ἐχθρῶν.
968 2439 985 2472 ι
1027 2419 1126 2473 Διὰ
1170 2419 1331 2472 τοῦτο
1393 2418 1687 2489 ὑπόμεινόν

103 2534 183 2587 με,
222 2516 386 2584 λέγει
414 2516 618 2586 Κύριος
638 2556 652 2578 ,
686 2515 762 2583 (ρ.
802 2513 905 2566 404
935 2512 951 2567 i
977 2513 1056 2575 είς
1085 2511 1298 2582 ἡμέραν
1332 2509 1677 2572 mamma;

103 2626 194 2678 μου
250 2610 338 2671 είς
384 2606 701 2678 μαρτύριον.
744 2625 760 2656 ι
799 2606 911 2657 Καὶ
962 2604 1253 2657 διατελεῖτε
1284 2602 1347 2673 δὴ
1394 2602 1529 2673 πρὸς
1580 2601 1679 2672 ἐμὲ

100 2702 439 2774 ἀφορῶντες,
470 2701 563 2754 καὶ
596 2701 693 2764 τὴν
721 2698 849 2769 παρ’
875 2696 1009 2768 ἐμοῦ
1044 2696 1296 2767 βοήθειαν
1324 2696 1681 2766 ἀναμένοντες

98 2798 161 2867 ἥν
205 2795 359 2850 κατὰ
411 2793 599 2864 καιρὸν
631 2793 761 2862 ὑμῖν
795 2789 1035 2861 παρέξω,
1075 2789 1150 2851 ὡς
1196 2790 1261 2841 ἐκ
1308 2787 1515 2859 νεκρῶν
1540 2787 1683 2857 ὑμᾶς

100 2887 363 2950 ἁνιστῶν,
421 2885 516 2938 καὶ
572 2882 929 2937 ἀπαλλάττων
992 2881 1089 2951 μὲν
1146 2880 1242 2950 τῆς
1290 2876 1682 2949 αἰχμαλωσίας,

100 2978 401 3045 ἐπανάγων
433 2974 489 3028 δὲ
514 2974 720 3037 πάντας
744 2972 886 3041 ὑμᾶς
920 2970 1012 3023 ἐπὶ
1040 2969 1108 3022 τὰ
1138 2968 1332 3022 οἰκεῖα.
1365 2966 1550 3021 Ταῦτα
1579 2968 1687 3039 γάρ

102 3069 266 3121 πάλαι
301 3085 368 3120 τε
399 3064 489 3119 διὰ
515 3064 619 3117 τῶν
650 3060 943 3134 προφητῶν
979 3059 1069 3112 καὶ
1110 3058 1213 3110 νῦν
1254 3058 1382 3127 ὑμῖν
1421 3057 1688 3128 ἐπήγγελ-

1777 2157 1904 2212 erga
1952 2156 2049 2195 vos
2104 2138 2462 2210 providentiae
2514 2134 3041 2192 demonstrationem
3096 2126 3347 2188 habetis,

1780 2234 2016 2290 hostium
2059 2241 2369 2288 vestrorum
2415 2230 2676 2299 potentiae
2727 2239 3045 2299 supremum
3089 2218 3351 2275 extermi-

1783 2327 1955 2381 nium.
1988 2343 2006 2376 ι
2045 2326 2341 2395 Propterea
2368 2332 2626 2394 exspecta
2654 2336 2775 2386 me,
2804 2318 2941 2374 dicit
2975 2315 3263 2375 Dominus,
3296 2312 3353 2364 in

1784 2420 1928 2475 diem
1960 2417 2382 2473 resurrectionis
2411 2430 2544 2471 mea:
2575 2415 2632 2468 in
2661 2409 3058 2468 testimonium.
3103 2423 3121 2455 ι
3158 2403 3239 2457 Ad
3268 2417 3355 2455 me

1780 2511 2124 2566 continenter
2175 2509 2460 2579 respicite,
2510 2519 2806 2575 meumque
2870 2499 3133 2557 auxilium
3181 2509 3349 2565 expe-

1785 2611 1932 2658 ctate
1949 2603 2090 2673 quod
2117 2619 2217 2658 suo
2240 2612 2479 2671 tempore
2506 2597 2806 2661 conferam,
2830 2594 2958 2650 dum
2981 2607 3079 2647 vos
3098 2597 3357 2659 tanquam

1788 2710 1816 2747 a
1841 2695 2075 2749 mortuis
2099 2693 2400 2757 suscitabo,
2432 2698 2486 2747 et
2505 2688 2789 2760 expediam
2822 2682 3163 2754 captivitate,
3195 2686 3361 2747 atque

1791 2785 1855 2839 ad
1900 2786 2117 2855 propria
2168 2797 2615 2854 unumquemque
2654 2781 2775 2835 loca
2825 2777 3107 2831 reducam.
3152 2770 3363 2840 Quippe

1794 2878 1908 2933 haec
1948 2879 2077 2931 olim
2110 2894 2205 2948 per
2227 2878 2542 2949 prophetas,
2574 2882 2628 2929 et
2658 2885 2805 2927 nunc
2828 2869 3009 2924 denuo
3037 2865 3363 2921 collaturum

1795 2986 1881 3026 me
1908 2972 2064 3026 vobis
2090 2972 2355 3041 spondeo,
2384 2979 2445 3025 ut
2483 2966 2729 3023 veritatis
2758 2961 3185 3035 promissionum
3216 2970 3359 3011 mea-

1795 3076 1916 3114 rum
1958 3065 2117 3117 testis
2144 3062 2300 3118 vobis
2324 3062 2394 3117 sit
2415 3075 2595 3114 rerum
2623 3058 2821 3114 exitus.

106 3176 200 3228 μαι
233 3156 503 3230 παρέξειν
529 3197 545 3222 ,
594 3154 670 3219 ὡς
705 3154 771 3208 ἂν
809 3152 1113 3225 μαρτυρίαν
1147 3151 1245 3221 τῆς
1282 3149 1537 3220 ἀληθείας
1581 3149 1689 3203 τῶν
1736 3155 1865 3225 παρ’
1900 3155 2035 3226 ἐμοῦ
2085 3154 2577 3227 προηγορευμένων
2608 3152 2780 3222 ἔχοιτε
2815 3146 2921 3201 τῶν
2946 3143 3243 3215 γινομένων
3269 3141 3367 3212 τὴν

104 3253 353 3307 ἔκϐασιν.

172 3345 327 3415 Στίχ.
360 3346 431 3412 θ’,
468 3348 519 3396 ι’.
554 3371 620 3383 -
654 3358 673 3391 ι
701 3339 845 3413 ᾼιότι
882 3337 942 3391 τὸ
976 3336 1150 3409 κρῖμά
1190 3352 1289 3406 μου
1341 3336 1420 3396 είς
1450 3350 1688 3401 συναγω-

1871 3336 2038 3393 Vens.
2086 3338 2140 3402 9,
2175 3338 2260 3392 10.
2293 3366 2359 3376 -
2394 3354 2411 3386 ι
2441 3335 2578 3401 Quia
2604 3332 2872 3404 judicium
2916 3342 3095 3384 meum
3131 3324 3199 3380 ad
3239 3338 3374 3377 cou-

104 3442 206 3505 γάς
238 3436 428 3489 ἐθνῶν
461 3433 557 3487 τοῦ
609 3430 949 3498 εἰσδέξασθαι
986 3429 1222 3500 βασιλεῖς
1254 3426 1345 3481 τοῦ
1387 3426 1573 3497 ἐκχέαι
1606 3427 1691 3478 ἐπ’

108 3530 312 3592 αὐτοὺς
350 3528 533 3580 πᾶσαν
555 3525 723 3596 ὀργὴν
757 3519 928 3592 θυμοῦ
955 3537 1053 3591 μου
1074 3536 1087 3550 ’
1118 3520 1249 3573 διότι
1278 3520 1335 3571 ἐν
1365 3519 1500 3587 πυρὶ
1530 3516 1692 3588 ζήλου

110 3640 211 3693 μου
265 3617 789 3686 καταναλωθήσεται
824 3614 973 3666 πᾶσα
1008 3612 1042 3681 ἡ
1099 3610 1193 3680 γῆ.
1236 3631 1254 3663 ι
1300 3609 1433 3662 Τότε
1477 3608 1584 3679 γὰρ
1630 3607 1695 3678 δὴ

111 3712 360 3782 μάλιστα
393 3708 537 3779 σαφῆ
584 3708 680 3777 τὴν
720 3705 900 3774 κρίσιν
946 3701 1285 3772 ἐπιδείξομαι
1318 3701 1416 3770 τὴν
1450 3701 1587 3770 ἐμὴν
1631 3699 1697 3769 ἢν

108 3807 254 3877 ὑπὲρ
288 3803 455 3875 ὑμῶν
507 3802 828 3870 ποιήσομαι,
860 3797 983 3859 τοὺς
1021 3794 1352 3863 πανταχόθεν
1383 3789 1701 3863 ἀθροιζομέ-

106 3916 234 3961 νους
268 3896 397 3951 τῶν
445 3893 612 3947 ἐθνῶν
648 3892 752 3944 ὑπὸ
787 3888 1059 3959 τιμωρίαν
1106 3886 1255 3954 ἄγων
1276 3902 1289 3914 ο
1338 3884 1563 3945 πολλοὺς
1594 3882 1701 3950 γὰρ

102 3994 168 4063 δὴ
201 3988 479 4061 βασιλέας
506 4004 566 4039 τε
598 3988 693 4040 καὶ
723 3985 1007 4054 σατράπας
1030 3982 1127 4034 σὺν
1157 3983 1269 4042 τοῖς
1292 3976 1509 4039 οἰκείοις
1539 3992 1703 4046 στρα-

103 4083 373 4146 τοπέδοις
406 4080 500 4132 ἐπὶ
533 4080 632 4149 τὴν
664 4075 1016 4149 Ἰερουσαλὴμ
1037 4072 1345 4145 χωροῦντας
1373 4067 1699 4138 εἰσδέξομαι,

101 4180 404 4233 τουτέστιν
449 4176 621 4229 ἐλθεῖν
646 4175 790 4228 ἐάσω
813 4217 826 4239 ,
857 4173 997 4226 ὥστε
1026 4171 1171 4239 σανρῆ
1206 4170 1303 4239 μέν
1349 4185 1450 4237 μου
1480 4165 1577 4237 τὴν
1604 4181 1705 4235 κη-

101 4272 384 4341 δεμονίαν
417 4268 516 4338 τὴν
548 4267 677 4337 περὶ
723 4266 867 4335 ὑμᾶς
912 4262 1091 4315 αὐτῶν
1146 4261 1366 4329 ποιῆσαι
1406 4256 1514 4310 τῶν
1564 4272 1707 4327 πρα-

99 4364 400 4433 γμάτωνο
464 4359 664 4430 πολλὴν
716 4359 771 4411 δέ
836 4374 956 4409 τινα
995 4356 1093 4425 τὴν
1146 4354 1231 4408 ἐπ’
1290 4353 1485 4415 αὐτοὺς
1541 4350 1709 4421 ὀργὴν

100 4456 335 4526 ἐκχέαι,
387 4452 567 4505 πᾶσάν
596 4468 653 4504 τε
676 4451 843 4519 αὐτὴν
874 4449 991 4502 κατ’
1026 4446 1205 4500 αὐτῶν
1239 4446 1461 4515 κινῆσαι
1482 4460 1495 4473 '
1524 4440 1712 4510 ἐπειδὴ

98 4548 322 4600 ὡσανεὶ
357 4545 450 4597 διὰ
480 4543 651 4615 πυρὸς
684 4540 946 4595 ἁναλώσω
976 4540 1181 4600 πάντας
1214 4536 1410 4598 αὐτοὺς
1436 4534 1581 4605 ζήλῳ
1607 4532 1713 4585 τινὶ

98 4638 549 4711 λαμϐανόμενος
572 4673 585 4696 .
614 4635 697 4687 ὅτι
732 4633 874 4685 κατὰ
913 4630 1023 4684 τῶν
1052 4629 1267 4683 οἰκείων
1303 4626 1411 4679 τῶν
1444 4624 1593 4695 ἐμῶν
1623 4639 1714 4675 τε-

96 4734 444 4804 τολμήκασι
494 4725 782 4780 τοσοῦτον⁶
818 4727 894 4793 (p.
949 4722 1098 4792 405)
1146 4720 1292 4786 λέγει
1333 4719 1391 4772 δὲ
1436 4718 1544 4770 τῶν
1589 4715 1718 4786 περὶ

98 4825 196 4876 τὸν
226 4822 375 4891 Γὼγ
399 4821 611 4880 ἕνεκεν,
635 4816 728 4879 οὓς
756 4816 894 4885 μετὰ
915 4813 1011 4885 τὴν
1033 4813 1290 4867 ἐπάνοδον
1320 4809 1718 4881 ὲπεληλυθότας

99 4918 313 4980 αὐτοῖς
397 4911 812 4982 ἀναριθμήτους
876 4907 1036 4968 ὄντας
1114 4904 1395 4959 ἀπώλεσεν
1452 4903 1721 4965 ἅπαντας.

104 5028 123 5057 ι
151 5006 292 5060 Ὀτι
326 5004 463 5057 τότε
525 5001 885 5073 μεταστρέψω
942 4999 1032 5052 ἐπὶ
1089 4998 1251 5060 λαοὺς
1329 4996 1583 5065 γλῶσσαν
1643 4995 1723 5058 εἰς

95 5098 316 5166 γενεὰς
383 5093 603 5154 αὐτῶν,
639 5091 735 5144 τοῦ
787 5090 1162 5142 ἐπικαλεῖσθαι
1209 5088 1414 5149 πάντας
1456 5085 1517 5137 τὸ
1555 5083 1725 5153 δνομα

96 5193 361 5263 Κυρίου,
407 5184 504 5240 τοῦ
541 5181 812 5237 δουλεύειν
842 5180 989 5251 αὐτῷ
1019 5180 1124 5232 ὑπὸ
1156 5178 1321 5246 ζυγὸν
1346 5178 1461 5230 ἕνα.
1492 5195 1508 5227 ι
1530 5174 1727 5244 Θαῦμα

95 5284 237 5354 γοῦν
300 5278 503 5334 κοινὸν
563 5277 811 5335 ἅπαντας
852 5272 1081 5343 λήψεται
1132 5271 1259 5333 τοὺς
1310 5267 1584 5336 πανταχοῦ
1619 5266 1727 5319 τῶν

96 5376 452 5447 ἀνθρώπων
501 5369 595 5422 ἐπὶ
642 5369 709 5437 τῇ
758 5365 1035 5434 καινότητι
1074 5364 1181 5416 τῶν
1222 5361 1541 5432 γινομένων,
1587 5359 1728 5411 ὥστε

96 5468 329 5522 ὡσανεὶ
395 5463 499 5533 μιᾷ
538 5458 756 5529 γλώττῃ
799 5454 1173 5525 κεχρημένους
1201 5454 1326 5516 τοὺς
1355 5456 1412 5506 ἐν
1456 5451 1731 5521 διαφόροις

92 5579 154 5612 τε
186 5553 585 5615 καθεστῶτας
614 5550 818 5613 τόποις,
855 5548 948 5601 καὶ
974 5550 1054 5611 εἰς
1076 5546 1308 5616 διάφορα
1341 5542 1727 5607 συντελοῦντας

94 5651 265 5722 ἔθνη,
300 5643 636 5714 συμφώνως
663 5640 791 5694 Θεόν
820 5658 878 5692 τε
912 5639 1193 5708 ὁμολογεῖν
1228 5638 1315 5690 τὸν
1353 5636 1461 5690 τῶν
1516 5636 1728 5704 Ἰσραη-

96 5744 279 5798 λιτῶν
317 5736 496 5799 Θεὸν,
535 5733 726 5802 ὥσπερ
757 5732 846 5799 ὑφ’
880 5731 961 5784 ἐν).
1000 5728 1154 5801 ζυγῷ
1192 5730 1398 5792 πάντας
1426 5726 1731 5781 καταστάν-

103 5851 214 5901 τας
262 5825 642 5903 μακαριστὴν
684 5822 931 5895 ἡγεῖσθαι
975 5823 1075 5893 τὴν
1116 5821 1206 5875 ὑπ’
1254 5818 1401 5890 αὺτῷ
1454 5817 1732 5881 δουλείαν,

1802 3432 2146 3503 gregationes
2176 3431 2439 3501 gentium,
2479 3436 2537 3483 ut
2571 3424 2865 3495 corripiam
2895 3436 3071 3494 reges,
3102 3426 3164 3475 ut
3194 3417 3373 3473 effun-

1802 3522 1926 3576 dam
1978 3536 2143 3591 super
2192 3535 2288 3574 eos
2351 3526 2522 3573 totam
2568 3517 2704 3570 iram
2743 3514 2947 3570 furoris
2972 3512 3100 3577 mei,
3142 3508 3267 3579 quia
3320 3508 3377 3560 in

1805 3613 1927 3682 igne
1970 3613 2071 3666 zeli
2122 3612 2226 3666 mei
2268 3616 2624 3665 consumetur
2654 3606 2907 3661 universa
2950 3611 3118 3657 terra.
3165 3618 3183 3651 ι
3222 3596 3379 3652 Tunc

1807 3705 2042 3757 maxime
2078 3704 2337 3758 ultionem
2370 3716 2545 3756 meam
2573 3698 2918 3755 manifestam
2945 3694 3192 3758 reddam,
3215 3705 3378 3762 quam

1810 3810 1907 3864 pro
1940 3795 2096 3849 vobis
2132 3794 2380 3848 facturus
2413 3806 2557 3853 sum,
2598 3805 2722 3844 cum
2766 3794 2955 3858 gentes
2984 3782 3224 3853 undique
3249 3794 3381 3835 coao

1808 3896 2056 3941 cervatas
2082 3900 2256 3956 pcenae
2288 3883 2603 3953 subjiciam.
2632 3879 2831 3934 Multos
2869 3877 3014 3932 enim
3042 3888 3197 3943 reges
3222 3879 3384 3939 atque

1811 3989 2057 4046 satrapas
2110 3991 2232 4029 cum
2279 3975 2395 4031 suis
2448 3972 2781 4028 exercitibus
2816 3968 3079 4024 adversus
3120 3964 3378 4019 Hierusa-

1814 4071 1917 4123 lem
1957 4067 2230 4121 irruentes
2257 4065 2547 4132 excipiam,
2571 4062 2623 4118 id
2651 4068 2735 4117 est
2757 4060 2942 4115 venire
2970 4054 3300 4127 permittam,
3324 4057 3385 4105 ut

1814 4173 1989 4212 meam
2040 4171 2167 4210 mox
2216 4170 2344 4225 erga
2385 4169 2484 4210 vos
2522 4153 2746 4207 tutelam
2788 4149 2950 4205 rebus
2984 4146 3119 4217 ipsis
3162 4143 3386 4199 demon-

1816 4258 1984 4305 strem
2034 4267 2048 4303 :
2098 4247 2324 4302 multam
2370 4245 2427 4301 in
2490 4259 2585 4301 eos
2633 4244 2769 4296 iram
2815 4238 3110 4301 eﬂ‘undam,
3166 4242 3388 4304 totoque

1818 4344 2024 4411 impetu
2089 4336 2457 4408 intorquebo,
2518 4335 2646 4406 quia
2700 4342 2961 4403 tanquam
3017 4329 3143 4400 igne
3197 4340 3390 4381 omnes

1820 4448 2142 4489 consumam
2170 4433 2288 4489 zelo
2318 4430 2555 4502 quodam
2587 4433 2897 4496 correptus,
2929 4429 3212 4494 propterea
3244 4417 3389 4489 quod

1820 4534 2006 4579 contra
2040 4526 2303 4595 populum
2335 4538 2516 4578 meum
2552 4520 2681 4574 talia
2727 4517 2843 4571 ausi
2877 4523 3027 4571 sunt.
3062 4511 3289 4581 Insuper
3325 4507 3394 4563 de

1824 4617 1959 4688 Gogi
2016 4630 2234 4687 quoque
2287 4612 2619 4669 exercitibus
2677 4608 2842 4663 verba
2905 4604 3053 4667 facit,
3098 4616 3236 4671 quos
3271 4608 3395 4669 post

1824 4710 2195 4767 lsraelitarum
2227 4707 2464 4763 reditum
2509 4720 2632 4759 cum
2680 4702 2890 4756 infinito
2932 4709 3161 4752 numero
3208 4693 3396 4747 incur-

1823 4802 2033 4857 sionem
2078 4799 2340 4852 facientes
2385 4794 2643 4866 perdidit.
2684 4811 2701 4842 ι
2734 4789 2873 4856 Quia
2916 4794 3050 4841 tunc
3082 4791 3397 4839 convertam

1827 4908 1992 4958 super
2026 4891 2258 4961 p0pulos
2289 4889 2528 4959 linguam
2575 4886 2632 4939 in
2679 4879 3060 4953 generationes
3092 4890 3306 4938 eorum,
3340 4878 3402 4926 ut

1826 4986 2079 5037 invocent
2119 4996 2310 5035 omnes
2355 4992 2554 5033 nomen
2591 4972 2826 5037 Domini,
2864 4968 3029 5041 266
3075 4977 3134 5021 ut
3184 4965 3232 5019 ei
3280 4972 3402 5016 tan-

1829 5091 1993 5144 quam
2050 5088 2157 5126 uno
2207 5071 2309 5127 sub
2340 5071 2471 5140 jugo
2520 5066 2782 5124 serviant.
2818 5082 2836 5115 ι
2868 5058 3173 5116 Admiratio
3212 5069 3405 5110 omnes

1829 5166 2139 5222 communis
2177 5162 2434 5233 corripiet
2466 5160 2665 5228 ubique
2706 5155 2970 5227 gentium,
3000 5155 3225 5221 propter
3252 5152 3405 5199 acta-

1830 5274 1951 5313 rum
2007 5272 2186 5310 rerum
2252 5255 2568 5313 novitatem,
2616 5251 2689 5303 ita
2743 5254 2802 5302 ut
2847 5243 3033 5299 cuncti
3087 5255 3195 5294 una
3240 5234 3404 5291 veluti

1831 5353 2015 5420 lingua
2064 5355 2308 5412 utentes,
2353 5346 2447 5416 qui
2494 5342 2728 5398 diversis
2775 5337 3028 5392 habitant
3068 5329 3405 5400 regionibus,

1830 5453 1884 5498 et
1910 5442 1964 5496 in
1994 5441 2177 5495 varias
2208 5438 2369 5493 scissi
2398 5444 2527 5493 sunt
2550 5442 2762 5506 gentes,
2793 5444 2900 5483 una
2925 5439 3057 5480 voce
3082 5422 3252 5476 Deum
3284 5432 3405 5474 esse

1833 5532 2218 5593 confiteantur,
2270 5529 2639 5585 lsraelitarum
2677 5523 2869 5583 Deum,
2912 5528 2966 5573 et
3006 5526 3265 5583 tanquam
3316 5509 3406 5562 nni

1833 5629 1965 5695 jugo
2024 5622 2254 5691 subjecti
2320 5622 2537 5675 beatum
2599 5614 2916 5669 existiment
2961 5605 3008 5661 ei
3053 5602 3291 5664 servire,
3348 5613 3406 5653 ea

1838 5719 2094 5774 nimirum
2128 5713 2389 5769 beneﬁcia
2418 5715 2704 5765 cernentes
2736 5703 2935 5775 quibus
2965 5712 3066 5768 ego
3096 5709 3191 5749 vos
3216 5691 3381 5761 digna

1840 5819 1996 5865 turus
2043 5824 2182 5865 sum.
2220 5824 2235 5855 ι
2275 5802 2454 5875 Usque
2485 5817 2513 5854 a
2555 5799 2752 5855 ﬁnibus
2797 5796 3079 5851 fluminum
3122 5784 3407 5855 EtliiOpiz
