3934 6522
560 329 652 386 ΠΙ

1717 337 2063 396 THEODORI
2111 340 2587 399 MOPSUESTENI

3672 342 3771 400 472

559 445 824 511 excipiam
863 443 1230 515 supplicantes
1265 447 1397 502 mihi
1434 466 1449 503 :
1481 464 1606 506 cum
1649 453 1913 526 dispersis
1936 457 2111 528 (meis)

2220 460 2313 529 ἀφ’
2343 453 2417 514 ὧν
2443 460 2672 526 αὐτοίγε
2710 457 2988 524 ἀξιοῦσθαι
3015 458 3235 529 μέλλετε
3269 461 3398 531 παρ’
3423 459 3584 530 ἐμοῦ.
3629 478 3648 512 ι
3684 461 3769 514 Ἐκ

559 533 693 586 mihi
735 533 982 590 victimas
1023 535 1269 592 afferent.
1314 557 1333 588 ›
1371 537 1597 598 Venient
1641 543 1844 617 itaque,
1891 564 2148 618 meoque-

559 625 786 678 servitio
839 626 1120 692 accedent,
1169 628 1238 683 ab
1280 627 1595 702 Ethiopum
1642 637 1978 707 regionibus,
2025 640 2119 709 qui

560 714 841 770 vobiscum
891 733 1039 773 nunc
1083 722 1396 788 captivitate
1437 726 1722 796 dispersis,
1768 736 1896 782 tunc
1938 739 2116 784 autem

561 805 886 873 reducibus,
928 813 1293 868 communiter
1339 817 1468 869 mihi
1521 818 1770 873 victimas
1827 819 2115 874 adducent.

2225 548 2474 619 περάτων
2520 547 2776 618 ποταμῶν
2813 548 3091 610 Αἰθιοπίας
3136 548 3494 619 προσδέξομαι
3519 551 3646 613 τοὺς
3669 552 3769 604 ίκε-

2227 638 2512 700 τεύοντας,
2561 638 2696 707 μετά
2743 638 2847 691 τῶν
2888 637 3296 708 διεσπαρμένων
3333 639 3540 691 οἴσουσι
3591 639 3768 702 Θυσίας

2228 746 2337 798 μοι.
2369 747 2389 780 ι
2445 727 2780 782 Ἐλεύσονται
2821 730 2950 797 γοῦν
3000 732 3066 800 τῇ
3109 729 3319 800 δουλεία
3357 731 3769 802 προστρέχοντες

2229 822 2294 890 τῇ
2320 822 2425 891 ἐμῇ
2466 821 2572 874 ἀπὸ
2604 821 2710 875 τῶν
2753 822 3035 884 Αἰθιοπίας
3069 821 3269 892 μερῶν,
3299 822 3350 876 οἰ
3387 822 3506 894 μεθ’
3539 822 3694 892 ὑμῶν
3717 823 3769 893 δὴ

557 898 665 951 τῶν
690 899 784 952 νῦν
811 901 910 970 μὲν
939 902 1350 976 διεσπαρμένων
1375 909 1432 960 ἐν
1461 911 1527 980 τῇ
1556 909 1922 982 αἰχμαλωσίᾳ,
1951 911 2420 984 ἐπανεληλυθότων
2443 912 2498 966 δέ
2527 914 2670 977 τότε,
2701 908 2883 976 κοινάς
2922 932 3011 985 μοι
3037 915 3364 987 προσάξουσι
3393 916 3492 980 τὰς
3519 916 3726 978 Θυσίας.

634 992 796 1050 Vens.
831 998 1018 1054 11-15.
1051 1031 1116 1040 -——
1145 1021 1162 1053 ι
1200 1001 1258 1058 ln
1291 1005 1378 1060 die
1407 1005 1497 1060 illa
1519 1023 1628 1061 non
1657 1008 2010 1065 confunderis
2050 1011 2118 1064 ab

559 1089 817 1142 omnibus
854 1089 1334 1150 adinventionibus
1365 1097 1496 1160 tuis,
1531 1099 1732 1168 quibus
1761 1100 1924 1171 impie
1962 1101 2118 1172 egisti

560 1180 614 1232 in
646 1194 751 1244 me,
782 1183 910 1251 quia
941 1192 1070 1238 tunc
1095 1186 1336 1241 auferam
1366 1203 1396 1242 a
1427 1197 1480 1244 te
1510 1190 1805 1260 vilipendia
1834 1201 2122 1248 contume-

558 1269 645 1326 liae
679 1278 805 1355 tute,
857 1281 911 1328 et
944 1275 1082 1329 ultra
1133 1292 1241 1331 non
1291 1278 1604 1349 adjiciesnt
1655 1283 1904 1352 glorieris
1956 1300 2123 1355 super

560 1350 801 1416 montem
855 1373 1104 1420 sanctum
1155 1383 1356 1424 meum.
1393 1387 1412 1422 ›
1469 1369 1566 1425 Illo
1610 1350 1825 1441 quidem
1877 1382 2119 1444 tempore

560 1451 698 1505 nihil
739 1454 1036 1522 experieris
1077 1472 1290 1526 eorum,
1333 1476 1452 1529 quae
1499 1478 1647 1517 nunc
1695 1463 1986 1533 impietatis
2015 1473 2120 1520 tuae

559 1556 724 1596 causa
745 1544 955 1612 patiens
972 1545 1176 1616 pudore
1197 1549 1430 1618 plurimo
1454 1551 1722 1607 obrueris.
1752 1553 1955 1607 Cuncta
1975 1555 2116 1609 enim

560 1647 680 1701 qua:
698 1633 910 1704 egistis,
942 1637 1264 1710 obsequium
1294 1657 1470 1696 meum
1499 1644 1851 1714 negligentes,
1879 1645 2120 1714 mihique

2289 1013 2435 1082 Στίχ.
2493 1017 2685 1070 ,ια’-ιε’.
2740 1039 2808 1048 -—
2839 1010 2961 1061 (Ἐν
3007 1011 3072 1080 τῇ
3107 1009 3292 1081 ἡμέρᾳ
3343 1010 3528 1080 ἐκείνῃ
3587 1011 3651 1063 οὐ
3709 1011 3770 1083 μὴ

2219 1103 2619 1174 καταισχυνθῇς
2663 1103 2734 1168 ἐκ
2768 1100 2987 1154 πάντων
3040 1099 3149 1154 τῶν
3187 1101 3638 1170 ἐπιτηδευμάτων
3692 1117 3770 1154 σου

2219 1188 2294 1247 ὧν
2327 1193 2600 1263 ἠσέϐησας
2645 1193 2723 1255 εἰς
2755 1191 2874 1260 ἐμὲ,
2908 1191 2987 1243 ὅτι
3014 1190 3134 1242 τότε
3185 1189 3419 1261 περιελῶ
3447 1190 3556 1243 ἀπὸ
3582 1190 3678 1243 σοῦ
3716 1192 3769 1244 τὰ

2222 1284 2569 1354 φαυλίσματα
2593 1282 2694 1352 τῆς
2736 1280 2942 1353 ὕϐρεώς
2971 1298 3063 1334 σου
3083 1322 3096 1346 ,
3133 1281 3226 1334 καὶ
3257 1283 3358 1335 οὐκ
3390 1282 3469 1336 ἔτι
3510 1283 3588 1354 μὴ
3616 1299 3768 1353 προσ-

2227 1377 2325 1447 θῇς
2368 1373 2460 1427 τοῦ
2506 1372 2910 1444 μεγαλαυχῆσαι
2939 1372 3030 1425 ἐπὶ
3066 1371 3129 1424 τὸ
3157 1372 3281 1442 ὅρος
3327 1371 3388 1425 τὸ
3415 1373 3572 1442 ἅγιόν
3609 1391 3768 1443 μου.»

2225 1468 2359 1520 Κατ’
2384 1467 2589 1517 ἐκεῖνον
2617 1464 2680 1534 δὴ
2707 1464 2798 1516 τὸν
2831 1462 3019 1534 καιρὸν
3049 1463 3148 1532 οὐχ
3178 1464 3469 1534 ὑπομενεῖς
3497 1463 3660 1517 οὐθὲν
3683 1464 3772 1517 τῶν

2224 1561 2324 1614 ὅσα
2370 1561 2460 1614 διὰ
2491 1562 2588 1625 τὰς
2639 1561 2889 1624 ἀσεϐείας
2939 1578 3032 1614 σου
3079 1560 3360 1632 πάσχουσα
3411 1560 3511 1614 νῦν
3555 1560 3771 1631 αἰσχύνῃ

2225 1651 2610 1724 περιϐέϐλησαι
2667 1653 2920 1724 πλείστῃο
2971 1653 3148 1705 πάντα
3184 1649 3412 1723 γὰρ’ὃσα
3450 1652 3771 1720 πεποιήκατε

559 1735 720 1778 omne
748 1739 919 1794 genus
942 1727 1153 1798 injuriae
1188 1746 1284 1800 per
1326 1730 1596 1786 idolorum
1631 1734 1944 1790 servitutem
1983 1735 2111 1790 infe-

560 1823 742 1836 ..Α-ιι..-
801 1814 910 1836 1...-
941 1818 1045 1836 ξμς.
1078 1834 1092 1836 -
1122 1835 1147 1836 η
1364 1821 1375 1836 I
1553 1823 1586 1836 ιι
1777 1825 1789 1836 ι
1815 1825 1826 1836 .
1902 1823 1923 1836 ιι
1991 1826 2000 1836 -

2225 1742 2638 1811 ἐκφαυλίζοντές
2667 1761 2725 1796 τε
2761 1743 2829 1796 τά
2865 1741 3003 1812 ἐμὰ,
3043 1743 3136 1796 καὶ
3165 1742 3422 1805 παντοίας
3450 1740 3771 1836 ὕϐρεώς-μοι

560 1823 764 1878 rentes,
800 1814 915 1872 haec
940 1818 1156 1889 inquam
1192 1821 1377 1890 procul
1422 1823 1674 1878 omnibus
1706 1825 1858 1880 vobis
1897 1823 2117 1890 faciam,

559 1915 750 1970 poenas
793 1905 952 1962 simul
998 1909 1068 1965 ob
1103 1927 1167 1966 ea
1219 1912 1372 1968 vobis
1417 1914 1697 1984 impositas
1744 1917 2018 1981 auferens,
2065 1929 2121 1972 ut

558 2007 656 2048 vos
677 1994 934 2066 deinceps
974 1999 1027 2053 in
1051 2012 1235 2058 monte
1263 2003 1358 2073 qui
1387 2005 1556 2058 cultui
1589 2021 1707 2061 meo
1740 2016 1823 2063 est
1846 2009 2117 2075 addictus,

557 2083 650 2138 tali
711 2100 834 2142 cum
895 2093 1149 2162 superbia
1194 2109 1302 2149 non
1334 2098 1690 2162 consistatis,
1739 2101 1844 2156 mei
1901 2103 2117 2172 quidem

555 2175 735 2241 obliti,
771 2179 979 2234 cultum
1016 2197 1143 2237 vero
1171 2199 1386 2240 omnem
1426 2186 1744 2245 exhibentes
1777 2191 1958 2246 idolis.
1997 2212 2016 2244 ι
2054 2192 2119 2246 Et

557 2268 859 2339 relinquam
886 2271 940 2326 in
961 2280 1016 2328 te
1043 2275 1299 2344 populum
1332 2291 1673 2334 mansuetum
1699 2288 1753 2335 et
1783 2283 2058 2338 humilem.
2093 2305 2112 2336 ι

555 2355 830 2414 Reducem
861 2377 959 2418 vos
993 2364 1128 2418 satis
1168 2365 1412 2422 eruditos
1444 2383 1508 2423 ex
1545 2370 1878 2439 captivitate,
1914 2381 1972 2427 ut
2003 2372 2117 2442 jam

555 2462 835 2506 mansuete
893 2451 1281 2526 humiliterque
1335 2459 1600 2525 viventes,
1647 2463 1730 2532 pie
1785 2465 1934 2520 cultu
1999 2482 2118 2522 meo

555 2537 876 2608 fungamini.
915 2541 1065 2598 Unde
1100 2546 1248 2602 addit
1277 2566 1289 2601 :
1331 2568 1349 2600 ι
1383 2549 1448 2604 Et
1477 2553 1809 2608 verebuntur
1834 2572 1864 2609 a
1900 2559 2118 2614 nomine

559 2627 771 2685 Domini
804 2633 1046 2704 reliquiae
1083 2635 1325 2703 lsraelis,
1374 2649 1428 2695 et
1464 2657 1570 2696 non
1621 2644 1821 2700 facient
1856 2648 2115 2719 iniquita~

555 2726 684 2785 tem,
719 2728 772 2776 et
815 2737 926 2778 non
958 2725 1248 2797 loquentur
1280 2745 1442 2793 vana,
1487 2742 1540 2787 et
1584 2752 1689 2789 non
1725 2737 2030 2794 invenietur
2059 2741 2115 2794 in

551 2820 647 2861 ore
679 2824 867 2866 eorum
894 2813 1078 2885 lingua
1122 2817 1330 2883 dolosa,
1370 2826 1625 2891 quoniam
1669 2826 1771 2895 ipsi
1800 2838 2112 2897 pascentur,

551 2908 607 2956 et
636 2917 742 2957 non
767 2905 872 2959 erit
895 2906 1056 2978 267
1085 2909 1176 2979 qui
1205 2918 1474 2968 exterreat
1494 2930 1608 2971 eos.
1641 2935 1661 2968 ι
1692 2918 2114 2977 Perseverabitis

553 2999 732 3046 autem
801 3010 901 3051 vos
947 2998 1177 3054 reduces
1236 3015 1267 3055 e
1326 3004 1639 3074 captivitate
1685 3023 1882 3064 nomen
1931 3027 2111 3066 meum

2222 1833 2310 1884 διὰ
2333 1833 2431 1902 τῆς
2472 1833 2598 1902 περὶ
2629 1833 2696 1884 τὰ
2728 1832 2919 1884 εἴδωλα
2955 1831 3246 1902 θεραπείας
3288 1831 3566 1900 γινόμενοι
3598 1831 3770 1902 πρόξεο

2221 1941 2321 1989 νοι,
2349 1923 2425 1994 (ρ.
2456 1923 2602 1993 406.)
2629 1922 2861 1992 περιελῶ
2889 1923 2952 1993 δὴ
2977 1923 3035 1988 ἐξ
3063 1923 3314 1976 ἁπάντων
3347 1923 3522 1993 ὑμῶν,
3560 1924 3661 1976 ἅτε
3695 1926 3769 1977 καί

2218 2020 2315 2083 τὰς
2339 2020 2429 2072 ἐπὶ
2457 2019 2663 2082 τούτοις
2691 2017 3017 2087 ἐπαχθείσας
3046 2019 3173 2088 ὑμῖν
3202 2017 3470 2088 τιμωρίας
3500 2017 3769 2086 ἀφαιρῶν·

2219 2111 2295 2174 ῶς
2327 2109 2520 2182 μηκέτι
2557 2109 2642 2182 μὴ
2661 2108 2715 2162 δὲ
2739 2110 2880 2179 ὑμᾶς
2908 2110 2965 2161 ἐν
2988 2108 3062 2178 τῷ
3089 2109 3204 2179 ὄρει
3227 2107 3304 2178 τῷ
3327 2108 3464 2178 πρὸς
3494 2108 3771 2180 θεραπείαν

2217 2202 2357 2274 ἐμὴν
2383 2201 2686 2255 καθεστῶτι
2709 2200 2844 2271 μετὰ
2873 2200 3245 2273 ὑπερηφανίας
3269 2201 3475 2268 διάγειν
3497 2200 3768 2271 τοσαύτης,

2217 2293 2552 2366 ἀμελοῦντας
2595 2292 2694 2364 μὲν
2725 2291 2833 2345 τῶν
2865 2293 2984 2345 κατ’
3021 2291 3154 2362 ἐμὲ,
3191 2291 3485 2363 θεραπείαν
3513 2291 3575 2344 δὲ
3611 2293 3769 2345 πᾶσαν

2218 2389 2591 2460 προσάγοντας
2629 2388 2744 2449 τοῖς
2792 2384 3050 2448 εἰδώλοις.
3099 2401 3119 2436 t
3149 2385 3260 2438 Καὶ
3312 2383 3678 2456 ὑπολείψομαι
3724 2387 3770 2438 ἐν

2218 2480 2300 2532 σοὶ
2326 2478 2452 2532 λαὸν
2482 2479 2653 2549 πρᾶον
2685 2477 2780 2530 καὶ
2815 2476 3086 2530 ταπεινόν.
3126 2493 3146 2527 ι
3192 2474 3474 2540 Ἐπανάξω
3501 2475 3612 2547 γὰρ
3647 2477 3769 2546 ὑμᾶς

2217 2570 2678 2641 πεπαιδευμένους
2712 2572 2776 2622 ἐκ
2807 2570 2908 2639 τῆς
2933 2567 3326 2639 αἰχμαλωσίας,
3350 2566 3492 2620 ὥστε
3519 2568 3768 2638 πραότητι

2215 2660 2309 2714 καὶ
2359 2659 2704 2730 ταπεινότητι
2748 2659 3021 2724 συζῶντας
3068 2659 3135 2712 δι’
3191 2656 3477 2720 εὐλαϐείας
3522 2656 3668 2726 ἔχειν
3713 2658 3768 2710 τὰ

2216 2752 2344 2821 ἐμά.
2381 2751 2542 2805 Ὅθεν
2571 2752 2801 2819 ἐπάγει·
2853 2771 2870 2802 ι
2903 2751 3010 2804 Kal.
3047 2748 3509 2819 εὐλαϐηθήσονται
3552 2747 3662 2800 ἀπὸ
3687 2747 3766 2799 τοῦ

2215 2843 2473 2912 ὀνόματος
2495 2843 2700 2913 Κυρίου
2734 2844 2783 2896 οί
2822 2841 3136 2895 κατάλοιποι
3167 2839 3260 2893 τοῦ
3304 2841 3521 2912 Ἰσραὴλ
3543 2882 3558 2907 ,
3597 2839 3686 2893 καὶ
3716 2841 3766 2892 οὐ

2217 2933 2527 3002 ποιήσουσιν
2567 2931 2779 2986 ἀδικίαν
2804 2972 2819 2996 ,
2859 2932 2956 2985 καὶ
2991 2933 3050 2985 οὐ
3084 2931 3379 3002 λαλήσουσι
3411 2932 3652 3001 μάταια’
3686 2929 3768 2986 καὶ

2215 3026 2274 3079 οὐ
2308 3025 2382 3096 μὴ
2409 3025 2606 3097 εὑρεθῇ
2657 3026 2714 3079 ἐν
2738 3024 2816 3096 τῷ
2853 3026 3077 3097 στόματι
3108 3026 3286 3080 αὐτῶν
3331 3025 3563 3094 γλῶσσα
3602 3026 3764 3079 δολία·

551 3081 734 3137 timori
767 3083 1052 3152 habentes,
1081 3087 1150 3142 ab
1178 3089 1462 3160 iniquitate
1492 3097 1638 3150 omni
1668 3097 2024 3168 abstinentes,
2058 3110 2111 3157 et

2215 3081 2344 3170 διότι
2369 3081 2533 3170 ἀὐτοὶ
2576 3081 2898 3189 δεμήσονται
2924 3081 3078 3179 ..καὶ
3119 3117 3221 3170 οὐκ
3275 3081 3426 3170 ἔσται
3465 3117 3494 3168 ὁ
3538 3115 3765 3184 ἐκφοϐῶν

551 3175 698 3228 omni
727 3175 860 3230 vitio
889 3181 1124 3249 purgati,
1168 3183 1254 3237 cui
1293 3195 1450 3240 antea
1496 3185 1681 3244 fuistis
1712 3191 1933 3247 obnoxii
1968 3211 1982 3247 :
2015 3209 2110 3248 ca-

549 3261 745 3317 vebitis
764 3270 943 3319 autem
972 3269 1264 3335 quominus
1289 3272 1494 3326 cultum
1521 3291 1698 3330 meum
1719 3277 1904 3334 dolosa
1932 3290 2112 3338 mente

549 3348 838 3415 simuletis,
878 3352 1006 3407 dum
1050 3355 1210 3412 idolis
1259 3359 1570 3418 adhaeretis.
1621 3365 1759 3421 Hinc
1797 3370 1953 3426 vobis
1985 3387 2112 3426 con-

549 3436 718 3509 tinget
740 3450 800 3494 ut
819 3457 1009 3499 secure
1027 3461 1256 3518 prorsus
1274 3454 1596 3519 pascamini,
1621 3459 1926 3530 vestrisque
1952 3463 2110 3519 bonis

549 3526 828 3598 fruamini,
868 3543 1032 3605 atque
1067 3536 1123 3592 in
1153 3540 1260 3593 alta
1289 3543 1478 3612 requie
1511 3548 1728 3613 vivatis,
1764 3526 1980 3608 nemine
2014 3570 2110 3610 vos

549 3623 774 3679 turbare
804 3629 1105 3700 vestrisque
1153 3633 1374 3691 sedibus
1403 3637 1674 3694 abducere
1709 3644 1940 3699 valente.
1983 3645 2109 3702 Ilzec

547 3713 656 3770 illis
686 3724 808 3786 post
859 3717 1090 3775 reditum
1142 3721 1260 3779 fore.
1301 3728 1645 3797 vaticinatus,
1671 3729 1865 3789 deinde
1908 3736 2102 3793 addit:

551 3822 572 3856 ι
606 3803 817 3862 Laetare
848 3810 1022 3876 valde,
1081 3812 1188 3867 filia
1222 3812 1392 3884 Sion;
1429 3821 1680 3888 praedica,
1713 3824 1822 3878 tilia
1851 3825 2108 3884 Hierusa-

545 3893 683 3960 lem;
713 3898 928 3952 exsulta
958 3909 1013 3954 et
1046 3902 1319 3959 delectare
1354 3913 1467 3961 toto
1502 3910 1666 3964 corde
1703 3920 1815 3978 tuo,
1854 3912 1960 3970 filia
1990 3916 2105 3972 Hie-

543 3993 812 4058 rusalem;
849 3995 1075 4051 abstulit
1099 3995 1360 4055 Dominus
1390 4009 1612 4069 peccata
1641 4010 1754 4069 tua,
1787 4007 2013 4061 redemit
2054 4018 2105 4064 te

540 4080 804 4140 Dominus
853 4085 920 4142 de
983 4103 1147 4143 manu
1203 4090 1549 4146 inimicorum
1597 4102 1850 4164 tuorum;
1915 4110 2104 4170 regnat

539 4173 804 4231 Dominus
837 4176 892 4231 in
917 4179 1094 4233 medio
1117 4182 1195 4234 tui
1220 4201 1231 4235 :
1254 4197 1362 4236 non
1395 4181 1608 4238 videbis
1636 4187 1773 4240 mala
1797 4187 2046 4245 ulterius.
2078 4211 2096 4242 ι

541 4265 598 4318 In
627 4267 940 4323 omnimoda
973 4269 1230 4340 deinceps
1260 4273 1538 4342 voluptate
1564 4288 1807 4340 versare,
1846 4293 1879 4330 o
1903 4278 2103 4333 Hieru-

538 4356 706 4410 salem
735 4394 750 4421 ,
797 4374 919 4413 cum
968 4364 1113 4416 omni
1186 4364 1369 4418 laetitia
1425 4376 1478 4420 et
1528 4367 1884 4425 delectatione
1934 4374 2101 4447 vitam

2210 3208 2425 3271 αὐτούς.
2468 3228 2487 3260 ι
2521 3211 2829 3278 Διαμενεῖτε
2866 3207 2972 3279 γὰρ
3001 3210 3051 3261 οἰ
3087 3208 3553 3279 ἐπανεληλυθότες
3588 3209 3651 3261 ἐκ
3680 3208 3765 3276 τῆς

2210 3298 2580 3369 αἰχμαλωσίας
2615 3301 2673 3352 ἐν
2710 3298 2860 3369 φόϐῳ
2891 3298 2989 3370 μὲν
3017 3299 3231 3370 ἔχοντες
3265 3299 3362 3370 τὴν
3400 3299 3543 3370 ἐμὴν
3593 3300 3765 3370 ὄνομα·

2211 3391 2366 3454 σίαν,
2397 3390 2611 3454 ἀδικίας
2643 3391 2700 3444 δὲ
2736 3391 3067 3461 ἀπεχόμενοι
3114 3392 3324 3463 πάσης,
3373 3392 3470 3446 καὶ
3506 3391 3619 3444 τῶν
3656 3393 3763 3445 ἀτο-

2209 3479 2348 3532 πιῶν
2375 3478 2768 3550 καθαρεύοντες
2807 3479 2873 3544 ἀς
2894 3479 2958 3551 δὴ
2995 3480 3244 3551 μετῄειτε
3283 3482 3552 3554 πρότερον
3572 3499 3594 3513 ·
3613 3481 3762 3552 φυλάο

2207 3570 2363 3637 ξεσθε
2415 3570 2472 3624 δὲ
2517 3569 2768 3626 τότέκαὶ
2797 3571 2857 3626 τὸ
2895 3571 3089 3643 δολερᾷ
3117 3575 3185 3644 τῇ
3224 3572 3434 3644 διανοίᾳ
3467 3575 3765 3644 προσποιεῐ-

2209 3660 2330 3715 σθαι
2362 3661 2460 3732 μὲν
2489 3662 2588 3732 τὴν
2636 3663 2773 3734 ἐμὴν
2804 3663 3120 3735 θεραπείαν,
3163 3666 3524 3736 προσκεῖσθαι
3576 3666 3630 3720 δὲ
3668 3668 3762 3728 τοῖς

2205 3750 2440 3815 εἰδώλοις
2461 3770 2476 3784 ·
2505 3752 2752 3808 ἐντεῦθεν
2777 3754 2907 3822 γοῦν
2935 3755 3063 3826 ὑμῖν
3091 3755 3388 3827 προσέσται
3425 3756 3522 3809 καὶ
3551 3757 3609 3810 τὸ
3640 3757 3761 3826 μετά

2205 3842 2385 3913 πάσης
2409 3842 2588 3905 ἀδείας
2615 3842 2871 3912 νέμεσθαί
2898 3861 2954 3896 τε
2980 3844 3073 3896 καὶ
3093 3843 3386 3898 ἀπολαύειν
3412 3845 3523 3898 τῶν
3545 3847 3759 3909 οἰκείων,

2205 3935 2262 3985 ἐν
2289 3933 2473 4007 ἁπάσῃ
2500 3951 2559 3986 τε
2587 3933 2792 4002 διάγειν
2825 3934 3149 3998 ἀναπαύσει,
3193 3937 3416 4007 μηδενὸς
3445 3939 3591 4007 ὑμᾶς
3620 3941 3760 3991 ἐκταο

2207 4026 2422 4097 ράττειν
2462 4043 2521 4079 τε
2559 4027 2653 4080 καὶ
2683 4027 2917 4099 ἀφιστᾷν
2959 4028 3068 4081 τῶν
3097 4029 3310 4082 οἰκείων
3342 4031 3528 4083 τόπων
3566 4032 3670 4083 οἴου
3706 4047 3757 4083 τε

2201 4115 2371 4178 ὄντος.
2421 4115 2604 4168 Ταῦτα
2655 4114 3050 4186 ’ὑποσχόμενος
3094 4118 3275 4181 αὐτοῖς
3322 4119 3650 4190 παρέσεσθαι
3699 4119 3757 4172 ἐκ

2201 4209 2300 4278 τῆς
2356 4208 2644 4272 ἐπανόδου,
2707 4209 2902 4277 ἐπάγει
2950 4208 3173 4264 λοιπόν·
3232 4229 3250 4262 ι
3288 4209 3481 4280 Χαῖρε,
3541 4211 3757 4280 θύγατερ

2201 4297 2376 4360 Σιὼν,
2446 4299 2675 4368 σφόδρα’
2735 4301 3013 4371 κήρυσσε,
3073 4301 3308 4371 θύγατερ
3384 4301 3751 4372 Ἰερουσαλὴμ,

2202 4391 2278 4459 (p.
2317 4388 2442 4459 407)
2512 4389 2800 4460 εὐφραίνου
2860 4390 2956 4444 καὶ
3009 4392 3352 4462 κατατέρπου
3405 4392 3465 4458 ἐξ
3511 4392 3632 4460 ὅλης
3664 4390 3753 4459 τῆς

537 4448 689 4518 exige
721 4467 734 4502 :
773 4464 899 4505 nam
927 4465 1050 4506 cum
1085 4463 1175 4507 tua
1213 4457 1396 4510 omnia
1434 4467 1657 4527 peccata
1693 4459 1839 4515 Deus
1879 4461 2096 4518 deleve-

2215 4448 2438 4548 capo‘iag'
2458 4448 2843 4547 cou,'('lti~;atep
2874 4448 3228 4551 Ἰερουσαλήμ
3251 4499 3262 4511 ·
3301 4484 3539 4550 περιεῖλε
3572 4483 3752 4550 Κύριος

537 4541 627 4604 rit,
667 4546 974 4600 necessario
1023 4553 1078 4601 te
1125 4548 1194 4601 ab
1239 4547 1588 4604 inimicorum
1646 4559 1933 4622 potentatu
1968 4556 2101 4611 sub-

2215 4567 2267 4621 τὰ
2293 4567 2604 4638 ἁδικήματά
2642 4586 2762 4621 σου·
2798 4569 3130 4639 λελύτρωταί
3165 4589 3222 4624 σε
3261 4571 3464 4643 Κύριος
3495 4576 3556 4626 ἐκ
3593 4571 3753 4643 χειρὸς

535 4629 709 4694 duxit,
762 4634 962 4701 quibus
1019 4651 1142 4691 eras
1198 4638 1444 4707 subjecta
1510 4639 1636 4693 dum
1686 4641 1865 4711 justas
1911 4659 2101 4714 poenas

2215 4658 2406 4732 ιχθρῶν
2455 4675 2576 4712 σου’
2639 4659 2909 4728 βασιλεύει
2954 4661 3158 4734 Κύριος
3210 4666 3266 4716 ἐν
3327 4664 3477 4732 μέσῳ
3515 4663 3751 4715 σουοούκ

533 4722 731 4780 lueres.
783 4723 901 4780 Erit
933 4743 1061 4782 vero
1087 4728 1232 4799 apud
1274 4738 1326 4785 te
1369 4731 1565 4786 abhinc
1611 4733 1774 4796 Deus,
1808 4751 1905 4805 per
1940 4754 2097 4792 suum

2215 4750 2316 4821 ἰψει
2348 4751 2492 4804 κακὰ
2521 4753 2723 4804 οὐκέτι.
2769 4772 2787 4802 ι
2829 4753 2916 4805 Ἐν
2944 4753 3156 4822 ἡδοναῖς
3175 4754 3230 4807 δέ
3253 4754 3437 4806 λοιπὸν
3466 4754 3610 4820 δίαγε
3637 4771 3752 4806 παν-

531 4828 659 4884 erga
723 4822 778 4872 te
830 4819 1213 4886 patrocinium,
1265 4822 1544 4890 proprium
1603 4839 1827 4894 regnum
1873 4827 2100 4883 demon-

2215 4819 2389 4903 ποίαις,
2429 4835 2473 4893 ὦ
2528 4842 2910 4913 Ἰερουσαλὴμ,
2966 4819 3094 4914 *μετ’
3139 4845 3480 4914 εὐφροσύνης
3519 4819 3604 4898 καὶ
3634 4845 3749 4914 τέρ-

532 4914 738 4961 strans.
773 4907 955 4974 Quare
980 4912 1126 4965 nulla
1152 4913 1266 4982 jam
1299 4913 1363 4967 ad
1401 4921 1454 4967 te
1483 4914 2096 4985 propiuquare‘calami-

2215 4931 2345 4999 Law;
2369 4931 2625 4999 διάγουσα
2652 4935 2972 4999 παντελοῦς·
3007 4935 3221 5005 ἀφελὼν
3248 4937 3356 5007 γάρ
3383 4954 3476 4990 σου
3503 4939 3662 4990 πάντα
3684 4939 3751 4987 τά

529 5003 615 5051 tas
641 5000 858 5065 poterit.
2205 5024 2646 5094 παρανομήματα
2671 5027 2699 5076 ὁ
2718 5025 2869 5088 Θεὸς,
2893 5000 3202 5094 ἀναγκαίως
3228 5000 3286 5079 σε
3311 5000 3406 5081 καὶ
3428 5027 3534 5081 τῶν
3558 5025 3750 5096 ἐχθρῶν

528 5100 714 5171 ἀφεῖλε
745 5103 1081 5173 δυναστείας,
1115 5109 1203 5178 ὑφ’
1230 5107 1322 5174 οὓς
1344 5111 1701 5178 ἐπεπτώκεις,
1727 5114 1826 5184 τῆς
1853 5118 2124 5188 τιμωρίας
2151 5119 2368 5174 διδοῦσα
2394 5119 2548 5183 δίκας
2567 5135 2580 5148 °
2616 5121 2770 5174 ἔσται
2799 5139 2857 5175 τε
2895 5123 3098 5193 Κύριος
3132 5126 3188 5176 ἐν
3217 5125 3298 5177 σοὶ
3334 5125 3522 5177 λοιπὸν
3551 5123 3625 5177 διὰ
3655 5121 3747 5188 τῆς

525 5195 603 5256 εἰς
634 5195 693 5247 σὲ
726 5197 1048 5268 κηδεμονίας
1075 5201 1174 5272 τὴν
1207 5203 1408 5256 οἰκείαν
1436 5203 1709 5273 βασιλείαν
1738 5205 2019 5260 δεικνύων·
2059 5209 2135 5272 ὡς
2176 5206 2342 5282 μήδέν
2370 5211 2450 5264 ἔτι
2482 5227 2562 5264 σοι
2593 5213 2949 5281 προσεγγίσαι
2977 5207 3086 5266 οἷόν
3108 5231 3165 5265 τε
3195 5209 3333 5267 εἶναι
3365 5216 3553 5269 κακόν.

597 5285 761 5343 Vens.
817 5290 998 5344 16.20.
1029 5323 1095 5332 —-
1123 5314 1140 5345 ι
1179 5294 1447 5366 Tempore
1487 5299 1578 5354 illo
1631 5298 1776 5354 dicet
1826 5299 2090 5358 Dominus

524 5376 862 5436 Hierusalem
893 5402 904 5436 :
937 5383 1341 5453 Confide,Sion,
1366 5407 1474 5445 non
1501 5392 1875 5447 dissolvantur
1899 5409 2095 5451 manus

524 5477 647 5524 tuae.
686 5470 949 5529 Dominus
980 5474 1123 5531 Deus
1157 5485 1285 5533 tuus
1313 5481 1366 5534 iu
1411 5490 1464 5536 te
1495 5494 1724 5552 :potens
1761 5485 1994 5540 salvabit
2017 5496 2092 5550 te,

522 5570 573 5613 et
626 5565 905 5620 renovabit
936 5575 987 5622 te
1028 5569 1293 5624 charitate
1339 5588 1458 5636 sua,
1511 5583 1564 5628 et
1614 5576 1888 5632 laetabitur
1942 5579 1994 5632 in
2040 5589 2092 5635 te

523 5646 900 5718 delectatione,
937 5659 1092 5726 quasi
1125 5659 1180 5713 in
1226 5657 1315 5715 die
1345 5663 1596 5718 solemni.
1629 5652 1696 5718 Et
1740 5670 2090 5737 congregabit

525 5739 858 5800 confractos.
904 5766 920 5797 ι
951 5747 1106 5803 Tunc
1156 5751 1225 5806 ab
1277 5755 1424 5809 omni
1486 5754 1802 5813 infirmitate
1849 5759 2092 5815 tuebitur

2266 5308 2412 5378 Στίχ.
2451 5314 2624 5371 ις’-κ’.
2651 5338 2715 5346 -
2735 5325 2752 5355 ι
2776 5307 2866 5361 Ἐν
2884 5308 2959 5377 τῷ
2993 5307 3167 5379 καιρῷ
3192 5309 3383 5380 ἐκείνῳ
3417 5311 3532 5380 ἐρεῖ
3561 5308 3745 5377 Κύριος

2195 5401 2259 5469 τῇ
2301 5398 2653 5469 Ἰερουσαλήμ
2677 5415 2690 5427 ο
2730 5398 2947 5467 Θάρσει,
3005 5397 3160 5461 Σιὼν,
3197 5398 3271 5470 μὴ
3299 5397 3662 5470 παρείσθωσαν
3685 5394 3743 5446 αΣ

2195 5490 2372 5562 χεῖρές
2399 5507 2491 5541 σου
2514 5507 2526 5517 ’
2557 5488 2758 5558 Κύριος
2786 5490 2814 5540 ὁ
2848 5489 2977 5552 Θεός
3012 5508 3104 5542 σου
3129 5494 3184 5543 ἐν
3213 5492 3315 5554 σοὶ,
3349 5491 3568 5552 δυνατὸς
3595 5487 3743 5541 σώσει

2197 5599 2274 5646 σε,
2301 5581 2491 5646 ἐπάξει
2547 5581 2638 5633 ἐπὶ
2685 5582 2742 5633 σὲ
2781 5581 3136 5652 εὐφροσύνην,
3178 5584 3269 5634 καὶ
3293 5585 3492 5636 καινιεῖ
3521 5599 3575 5634 σε
3597 5580 3648 5632 ἐν
3675 5579 3740 5646 τῇ

2195 5673 2468 5742 ἀγαπήσει
2502 5671 2685 5734 αὐτοῦ,
2721 5673 2814 5725 καὶ
2842 5673 3268 5744 εὐφρανθήσεται
3298 5674 3390 5726 ἐπὶ
3423 5674 3504 5727 σοί
3543 5676 3595 5724 ὲν
3622 5668 3739 5737 τέρ-

2195 5765 2285 5833 ψει
2329 5765 2402 5827 ὡς
2457 5766 2515 5814 ἐν
2565 5764 2742 5836 ἡμέρᾳ
2786 5765 2995 5836 ἑορτῆς,
3034 5770 3127 5826 καὶ
3167 5767 3378 5832 συνάξει
3413 5768 3535 5832 τοὺς
3574 5775 3739 5818 συνφρ
