3824 6518
145 366 255 419 ἀπ»
1276 363 1655 420 COMMENTA

1859 363 1911 418 [Ν
1945 363 2275 423 ᾹΕΕΛΕΗΜ.
3263 355 3369 412 474

137 476 496 549 τριμμένους.
534 494 553 529 ι
583 475 714 529 Τότε
758 475 815 529 δὲ
856 476 1037 547 πάσης
1092 476 1361 542 ἐκλύσεως
1421 476 1647 539 άπαλλάί

1864 480 2151 537 Ierusalem
2195 478 2359 545 Deus,
2399 478 2515 547 ipse
2562 491 2710 533 tuam
2746 489 2849 532 sua
2885 480 3087 530 vnrtute
3116 470 3368 535 salvablt,

140 573 241 642 τὴν
279 568 679 640 Ἰερουσαλὴμὸ
704 568 855 633 Θεὸς,
883 567 1044 632 αὐτὸς
1068 570 1236 639 αὐτὴν
1264 570 1350 624 διὰ
1371 570 1468 641 τῆς
1505 570 1650 624 οἰκείι

1859 579 1981 640 lque
2013 571 2068 624 in
2112 570 2277 624 multa
2328 568 2600 625 hilaritate
2631 568 2992 632 constituens,
3044 579 3197 621 suam
3243 578 3369 635 erga

143 660 466 733 περισώζων
492 661 787 729 δυνάμεως,
830 661 886 712 ὲν
935 660 1101 732 πολλῇ
1137 678 1197 713 τε
1228 660 1485 724 καθιστάς
1514 661 1653 733 εὐφρ

1862 676 1917 716 os
1960 662 2280 717 charitatem
2321 659 2680 715 instaurabit:
2707 660 2858 731 paria
2907 658 3013 713 illis
3057 656 3264 711 faciens
3318 662 3372 707 et

142 754 282 826 σύν-ῃ
302 754 610 807 ἀνακαινιεῖ
634 751 729 823 τὴν
765 753 891 823 περί
924 753 1067 823 ὑμᾶς
1107 753 1325 823 ἀγάπην
1349 769 1363 783 ·
1392 752 1615 806 τοιαῦτα
1647 758 1652 800 ί

1863 757 2104 805 stentans
2136 759 2329 807 vestra:
2352 750 2546 805 salutis
2575 764 2765 815 causa,
2803 749 2985 820 qualia
3029 747 3158 803 olim
3198 750 3373 800 osten-

140 847 404 917 πράττων
424 862 484 897 τε
511 845 604 897 καὶ
640 844 1075 916 ἐπιδεικνύμενος
1103 847 1198 916 τῆς
1224 846 1493 917 ὑμετέρας
1529 846 1650 899 ἓνεκ

1860 841 1969 907 ivit,
2004 856 2126 895 cum
2163 857 2272 896 non
2312 842 2432 896 sine
2462 839 2721 911 prodigiis
2760 841 2946 894 multis
2996 849 3159 908 atque
3204 835 3370 890 mirae

144 934 443 1005 σωτηρίας,
473 929 666 1004 οἷάπερ
688 933 992 999 ἐπεδείξατο
1010 952 1134 987 ποτε
1163 935 1297 1005 μετὰ
1328 934 1533 988 πολλῶν
1556 951 1650 1005 τερ

1863 931 1962 986 ulis
1986 931 2222 1003 Egypto
2258 947 2354 988 vos
2381 931 2590 987 eduxit.
2618 931 2710 987 Sic
2734 947 2879 986 nunc
2908 931 3067 986 etiam
3100 944 3194 983 vos
3224 926 3373 982 calac

142 1043 250 1078 των
279 1042 344 1078 τε
372 1019 466 1077 καὶ
489 1026 777 1096 θαυμάτων
809 1023 1088 1093 ἐξαγαγὼν
1113 1027 1254 1096 ὑμᾶς
1284 1027 1381 1096 τῆς
1418 1025 1652 1095 Αἰγύπτο

1865 1021 2006 1076 nitate
2028 1022 2190 1092 268
2222 1021 2486 1076 contritos
2529 1021 2598 1076 ab
2638 1019 2957 1094 urgentibus
2991 1017 3151 1072 malis
3183 1016 3375 1070 libera-

144 1116 303 1170 Οὕτω
326 1117 438 1187 γὰρ
457 1116 519 1186 δὴ
537 1118 629 1169 καὶ
658 1116 753 1170 νῦν
777 1117 920 1187 ὑμᾶς
948 1117 1051 1170 ὑπὸ
1082 1118 1179 1187 τῆς
1206 1117 1576 1187 αἰχμαλωσίας
1602 1134 1654 1170 σι

1866 1113 1919 1176 it,
1960 1122 2014 1167 et
2064 1113 2117 1166 iu
2167 1113 2392 1182 patriam
2448 1113 2718 1168 restituet.
2775 1130 2794 1163 ι
2832 1109 2944 1173 Vae,
2986 1110 3075 1178 qui
3106 1106 3376 1177 acceperit

141 1206 439 1279 τριϐέντας
463 1206 757 1273 ἀπαλλάξει
785 1224 845 1259 τε
885 1206 990 1260 τῶν
1031 1208 1362 1277 κατεχόντων
1390 1208 1595 1272 κακῶν,
1623 1224 1651 1259 κ

1866 1217 1990 1272 uper
2018 1216 2137 1257 eam
2182 1202 2565 1272 opprobrium!
2601 1201 2740 1257 Ecce
2772 1215 2872 1271 ego
2911 1200 3051 1255 facio
3088 1200 3142 1252 in
3171 1206 3223 1253 te
3252 1211 3376 1267 pro-

143 1293 423 1348 ἀποδώσει
449 1296 559 1357 τοῖς
599 1294 816 1357 οἰκείοις
860 1294 1039 1349 πάλιν.
1070 1313 1089 1345 ‹
1126 1296 1279 1355 Οὐαὶ,
1307 1293 1389 1357 τίς
1414 1293 1601 1347 ἔλαϐεν
1628 1294 1653 1344 ὲ

1866 1302 1942 1347 ter
1997 1308 2100 1359 me,
2153 1293 2284 1347 dicit
2327 1293 2604 1349 Dominus.
2645 1312 2664 1346 ι
2718 1291 2968 1347 Profecto
3020 1287 3376 1344 infelicissimi

144 1384 321 1455 αὐτὴν
344 1384 675 1455 ὀνειδισμόν;
717 1385 845 1437 Ἰδοὺ
868 1385 979 1453 ἐγὼ
1010 1386 1144 1439 ποιῶ
1173 1387 1228 1438 ἐν
1252 1387 1332 1438 σοι
1355 1385 1537 1437 ἕνεκεν
1559 1385 1654 1454 ὲμο

1865 1390 1985 1437 runt
2036 1382 2129 1453 qui
2181 1383 2385 1452 aliquid
2437 1383 2699 1438 adversus
2760 1381 3097 1435 Hierusalem
3147 1379 3375 1449 egerint,

142 1474 294 1543 λέγει
322 1472 552 1541 Κύριος.
564 1472 613 1543 ι(
615 1472 806 1546 ρ.408)
822 1476 983 1530 Ἀλλά
994 1478 1065 1547 γά
1072 1495 1103 1549 ρ
1120 1473 1469 1531 ὲλεεινότατοι
1483 1470 1599 1523 οἴτι
1620 1490 1652 1523 π

1870 1474 1981 1543 ijus
2028 1474 2202 1544 gratia
2241 1473 2382 1529 Deus
2413 1475 2708 1544 potentiam
2757 1489 2911 1528 suam
2964 1480 3280 1541 expromet;
3325 1468 3380 1522 in

140 1562 610 1633 πλημμεληκότες
664 1564 742 1624 εἰς
794 1560 983 1631 αὐτὴν,
1017 1563 1096 1625 εἰς
1128 1559 1222 1625 οὓς
1268 1560 1408 1631 ὑπὲρ
1444 1560 1597 1630 ὑμῶν
1622 1578 1650 1614 τ

1872 1574 2034 1620 lutum
2091 1573 2149 1619 ut
2186 1565 2329 1635 apud
2366 1581 2554 1620 omnes
2606 1565 2854 1619 homines
2901 1563 3092 1617 famosi
3141 1559 3382 1617 evadatis

140 1653 357 1705 οἰκείαν
389 1652 709 1717 ἐπιδείξεται
760 1650 987 1722 δύναμιν
1024 1652 1054 1704 ὁ
1091 1651 1222 1716 Θεός
1241 1667 1256 1682 '
1285 1652 1424 1706 ὥστε
1447 1652 1542 1705 καὶ
1570 1669 1644 1705 πα

1872 1662 1894 1709 l)
1924 1656 2183 1709 collatam
2216 1656 2372 1710 vobis
2399 1660 2677 1710 caelestem
2712 1670 2886 1725 Opem.
2936 1672 2955 1703 ι
2990 1653 3253 1720 Tempore
3291 1650 3382 1702 illo

140 1747 315 1797 πᾶσιν
338 1743 645 1814 ἀνθρώποις
670 1744 1000 1813 ὀνομαστοὺς
1015 1743 1158 1814 ὑμᾶς
1189 1744 1280 1797 ἐπὶ
1304 1746 1417 1807 τοῖς
1445 1744 1650 1813 γεγονός

1874 1744 2049 1800 ilvabo
2094 1759 2430 1814 oppressam,
2486 1754 2540 1799 et
2579 1744 2863 1814 expulsam
2903 1740 3183 1810 recipiam.
3216 1754 3236 1788 ι
3283 1734 3384 1792 Pu-

142 1835 300 1905 ὑμῶν
323 1851 389 1901 γε
404 1834 587 1887 ἕνεκεν
608 1830 766 1887 εἶναι.
790 1852 809 1887 ι
832 1836 919 1888 Ἐν
934 1834 1012 1905 τῷ
1039 1836 1216 1906 καιρῷ
1245 1837 1436 1909 ἐκείνῳ
1461 1838 1652 1894 σώσωτ

1875 1836 1975 1890 iam
2015 1836 2162 1901 illos,
2208 1834 2428 1891 salvabo
2470 1844 2651 1891 autem
2697 1843 2777 1889 tot
2827 1834 2984 1889 malis
3034 1833 3286 1896 obrutos,
3331 1836 3385 1884 et

140 1923 630 1994 ὲκπεπιεσμένην,
675 1923 767 1976 καὶ
822 1923 922 1995 τὴν
979 1925 1307 1997 ἀπωσμένην
1344 1927 1646 1999 εἰσδέξομαι

1870 1940 1929 1980 ua
1958 1925 2137 1996 patria
2171 1926 2427 1996 expulsos
2476 1924 2815 1995 postliminio
2859 1924 2917 1978 in
2951 1938 3069 1978 eam
3103 1921 3380 1977 reducam.

138 2018 533 2087 τιμωρήσομαι
554 2016 650 2085 μὲν
671 2015 778 2088 γὰρ
803 2015 1060 2081 ἐκείνους,
1084 2016 1371 2090 mpmwa
1397 2017 1455 2072 δὲ
1474 2019 1599 2083 τοὺς
1621 2020 1648 2072 ὑ

1885 2016 1952 2070 Et
1980 2031 2181 2087 ponam
2209 2031 2304 2071 eos
2337 2018 2392 2070 in
2420 2015 2667 2084 gloriam,
2698 2024 2753 2070 et
2777 2010 3017 2069 famosos
3041 2012 3097 2067 in
3129 2011 3384 2066 universa

139 2107 482 2178 τηλικούτων
495 2105 683 2160 κακῶν
695 2106 1015 2170 πιεσθέντας
1023 2109 1165 2172 ,τοὺς
1183 2108 1533 2179 άπωσμένους
1543 2127 1601 2164 τε
1619 2127 1649 2163 τ

1874 2123 1994 2163 :rra.
2035 2127 2054 2160 ι
2090 2106 2202 2163 Hos
2235 2119 2402 2169 certe,
2427 2107 2496 2161 ob
2535 2122 2598 2161 ea
2632 2122 2753 2177 quae
2782 2106 3029 2176 ipsorum
3068 2117 3236 2159 causa
3260 2101 3384 2167 feci,

140 2198 365 2253 οἰκείων
392 2198 648 2263 ἐπανάξω
676 2197 837 2251 πάλιν
861 2199 954 2251 ἐπὶ
989 2198 1057 2252 τὰ
1087 2200 1277 2254 οἰκεῖα.
1309 2218 1328 2253 ι
1358 2201 1466 2255 Καὶ
1495 2200 1650 2273 θήσοι.

1884 2200 2192 2254 lmiratione
2246 2215 2312 2255 ac
2368 2199 2617 2254 audibus
2666 2212 2856 2252 omnes
2909 2196 3157 2251 homines
3202 2208 3394 2264 prose-

139 2291 347 2354 αὐτοὺς
366 2291 450 2353 είς
474 2290 753 2361 καύχημα,
776 2291 869 2344 καὶ
890 2291 1217 2361 ὀνομαστοὺς
1241 2294 1297 2344 ἐν
1322 2293 1471 2365 πάσῃ
1485 2296 1549 2365 τῇ
1572 2297 1642 2366 γῇ

1880 2301 2086 2349 uentur.
2130 2312 2148 2345 ι
2178 2293 2245 2348 Et
2290 2293 2696 2349 confundentur
2734 2299 2982 2362 tempore
3032 2289 3127 2344 illo
3170 2288 3390 2359 quando

142 2383 279 2436 ὣστε
296 2382 502 2445 αὐτοὺς
517 2384 582 2435 ὲκ
608 2381 716 2435 τῶν
732 2382 861 2452 παρ’
885 2382 1017 2454 ἐμοῦ
1041 2384 1167 2453 περὶ
1187 2384 1381 2447 αὐτοὺς
1396 2386 1651 2457 γιγνομέν

1876 2400 1969 2440 ene
1995 2386 2147 2441 vobis
2172 2377 2375 2453 fecero,
2409 2394 2463 2441 et
2488 2394 2732 2456 tempore
2758 2398 2869 2455 quo
2898 2396 3190 2451 suscepere
3214 2395 3333 2435 vos.
3365 2399 3386 2432 ο

140 2477 193 2527 ἐν
207 2473 318 2528 Θαύ
330 2474 463 2544 ματί
477 2491 535 2527 τε
552 2476 645 2527 καὶ
658 2474 896 2538 ἐπαίνοις
912 2475 1061 2545 παρὰ
1075 2476 1238 2528 πᾶσιν
1249 2473 1344 2528 ἀνθ
1355 2475 1552 2546 ρώποις
1566 2473 1650 2530 εἶν

1878 2476 2045 2531 udore
2088 2477 2312 2531 omnino
2359 2476 2740 2533 suffundentur
2787 2474 2995 2529 inimici
3022 2472 3212 2539 vestri,
3267 2486 3388 2527 cum

147 2582 166 2613 ι
203 2564 327 2617 Καὶ
354 2563 911 2634 καταισχυνθήσονται
946 2565 1004 2616 ὲν
1028 2563 1107 2634 τῷ
1130 2564 1307 2636 καιρῷ
1338 2566 1531 2637 ἐκείνῳ
1555 2567 1631 2619 ὅτ’

1881 2569 1998 2623 :bus
2050 2570 2246 2625 vestris
2293 2568 2508 2640 egregie
2552 2568 2869 2633 consulens,
2910 2566 2967 2620 in
3021 2564 3253 2635 patriam
3293 2578 3391 2618 vos

144 2653 335 2716 καλῶς
356 2654 486 2723 ὑμῖν
516 2656 744 2726 ποιήσω,
764 2655 857 2708 καὶ
886 2657 943 2708 ὲν
965 2654 1042 2726 τῷ
1075 2654 1251 2727 καιρῷ
1280 2658 1355 2709 ὅτ’
1389 2656 1454 2710 ἂν
1484 2657 1654 2724 εἰσδέξ

1882 2660 2139 2715 :stituam.
2183 2680 2201 2711 ι
2241 2660 2381 2726 Quia
2409 2659 2604 2714 faciam
2643 2674 2741 2716 vos
2768 2660 3009 2715 illustres
3039 2666 3201 2726 atque
3231 2653 3392 2711 nobi—

149 2762 242 2813 μαι
274 2746 452 2815 ὑμᾶς.
497 2764 514 2797 ι
552 2745 1046 2817 Περιὸληθήσονται
1090 2746 1199 2819 γάρ
1247 2747 1473 2819 αἰσχύνῃ
1512 2749 1658 2819 πάσῃ

1882 2761 1914 2800 :s
1942 2745 2083 2800 inter
2107 2747 2348 2816 reliquos
2385 2763 2577 2803 omnes
2624 2755 2787 2802 terrae
2816 2747 3072 2818 populos,
3093 2760 3218 2801 cum
3258 2758 3392 2799 con-

147 2836 415 2906 ὑμέτεροι
446 2836 710 2907 πολέμιοι,
745 2837 911 2890 ὲπειδ’
934 2836 1000 2890 ἂν
1029 2836 1097 2891 τά
1126 2838 1386 2892 κάλλιστα
1432 2841 1562 2910 mp1
1587 2840 1657 2910 ὑμ

1884 2845 2051 2892 artero
2104 2839 2478 2908 captivitatem
2530 2847 2767 2893 vestram
2817 2852 2999 2893 coram
3043 2837 3223 2900 vobis,
3265 2833 3394 2889 dicit

148 2926 279 2978 διαπ
290 2925 646 2997 ραττόμενος,
672 2927 751 2990 εἰς
768 2927 835 2980 τὰ
848 2929 1021 2981 οἰκεῖα
1033 2927 1193 2981 πάλιν
1208 2929 1349 2999 ὑμᾶς
1372 2929 1658 2999 ἐπαναγάγ

1884 2928 2121 2983 ominus.
2161 2948 2179 2981 ›
2223 2928 2326 2983 Tot
2368 2939 2628 2999 tantaque
2672 2930 2820 2983 circa
2851 2944 2949 2984 vos
2990 2942 3197 2999 proque
3238 2924 3394 2980 vobis

156 3037 173 3067 ι
206 3017 365 3070 Διότι
393 3016 551 3070 δώσω
589 3018 733 3087 ὑμᾶς
759 3018 1108 3087 ὀνομαστοὺς,
1150 3020 1244 3073 καὶ
1276 3021 1355 3084 εἰς
1383 3021 1644 3093 καύχημα

1884 3018 2101 3075 iversus
2126 3028 2344 3074 vestros
2371 3019 2625 3075 inimicos
2660 3034 2839 3090 agam,
2875 3026 2936 3073 ut
2972 3018 3178 3087 ubique
3205 3028 3394 3071 omnes

153 3110 287 3160 πᾶσι
325 3110 440 3170 τοῖς
463 3108 671 3173 λοιποῖς
698 3109 797 3180 τῆς
821 3111 945 3180 γῆς,
971 3112 1027 3163 ὲν
1055 3110 1131 3182 τῷ
1170 3111 1514 3185 ἐπιστρέφειν
1539 3132 1605 3184 με
1636 3132 1663 3167 τ

1887 3114 2191 3167 lemoraturi
2234 3115 2345 3169 sint
2386 3129 2485 3168 vos
2526 3128 2591 3169 ac
2632 3112 2929 3175 laudaturi,
2963 3110 3225 3164 mirantes
3254 3120 3397 3178 quo-

152 3200 539 3271 αἰχμαλωσίαν
585 3171 1012 3271 ὑμῶνυὲνιὶίπιον
1051 3171 1224 3272 ὑμῶν,
1256 3171 1418 3271 λέχει.
1449 3171 1662 3276 Κύριος

1893 3205 1996 3260 odo
2026 3206 2121 3259 tali
2155 3221 2249 3261 vos
2279 3204 2597 3276 captivitate
2637 3203 2919 3275 expeditos
2958 3204 3013 3258 in
3047 3200 3278 3273 patriam
3312 3214 3403 3252 re-

153 3288 413 3342 Τοσαῦτα
466 3288 575 3358 γὰρ
614 3289 709 3343 καὶ
741 3289 1038 3360 τηλικαῦτα
1074 3292 1203 3357 περί
1230 3292 1372 3356 ὑμᾶς
1392 3310 1450 3346 τε
1477 3296 1571 3347 καὶ
1592 3294 1730 3364 ὑπὲρ
1833 3296 2099 3351 stituerim

155 3380 316 3453 ὑμῶν
343 3380 488 3433 κατὰ
514 3379 624 3433 τῶν
658 3379 865 3452 ἐχθρῶν
906 3382 1209 3453 ἐργάσομαι
1248 3384 1356 3437 τῶν
1389 3385 1690 3457 ὑμετέρων,
1713 3386 1852 3440 ὥστε
1892 3387 2136 3453 ἅπαντας
2165 3390 2289 3453 τοὺς
2314 3386 2589 3460 πανταχοῦ
2624 3386 2711 3442 διὰ
2750 3387 2967 3458 μνήμης
2997 3402 3058 3437 τε
3085 3383 3227 3455 ἔχειν
3256 3382 3409 3452 ὑμᾶς’

157 3478 247 3529 καὶ
274 3478 545 3621 ἐπαίέων,
579 3479 669 3547 (p.
697 3478 822 3548 409)
849 3477 1223 3550 Θαυμάζοντας
1265 3475 1416 3553 ᾧτινι
1443 3480 1508 3555 δὴ
1532 3481 1612 3555 τῷ
1634 3483 1818 3556 τρόπῳ
1840 3485 1939 3556 τῆς
1955 3484 2211 3557 τοιαύτης
2235 3484 2607 3557 αἰχμαλωσίας
2630 3482 2773 3555 ὑμᾶς
2786 3480 3097 3547 ἀπαλλάξας
3125 3478 3399 3547 ὲπανήγα.⁹

158 3584 249 3621 γον
277 3568 365 3621 εἰς
387 3585 421 3621 τ
490 3569 712 3621 οἰκείαρ

158 3584 249 3636 γον
277 3568 365 3631 εἰς
387 3568 460 3621 τά
490 3569 712 3622 οἰκεῖα.“

3448 1708 3482 1733 δ

230 3747 354 3825 (54)
392 3745 694 3817 Postquam
746 3749 829 3825 _de
870 3763 1022 3825 vero
1058 3748 1339 3825 Sophonia
1367 3749 1622 3825 Egimus,
1675 3751 1732 3807 in
1838 3753 1895 3825 in
1940 3754 2000 3809 S.
2049 3752 2349 3824 Scriptura:
2392 3753 2612 3825 synopsi
2654 3770 2711 3807 n.
2742 3751 2837 3825 7775.
2886 3751 2999 3825 lmo
3054 3758 3108 3825 et_
3143 3748 3405 3825 Virgilius

163 3816 527 3873 Hebraeorum
552 3816 855 3875 armarium
887 3816 1329 3894 ‘Christia'naaque
1367 3816 1626 3876 Ecclesia:
1652 3836 1738 3876 ca-
1838 3816 2568 3894 Tolosanus'grammiaticus
2605 3838 2634 3875 a
2671 3824 2828 3877 nobis
2865 3820 3049 3894 editus
3076 3816 3401 3894 _AA._élass.

164 3904 377 3974 nonem
419 3896 658 3974 recepto,
696 3907 812 3974 non.
846 3890 1013 3974 piget“
1035 3888 1454 3974 aliumquoque
1501 3904 1739 3974 compte:
1840 3903 1886 3949 t.
1921 3893 1989 3974 γ,
2018 3910 2073 3964 p.
2106 3888 2490 3974 ξος-(πυκάσαι
2523 3892 2842 3974 Sufphoniaa
2882 3891 3090 3974 fiebraﬁ
3123 3888 3271 3959 (falsi
3313 3898 3400 3944 ta-

165 3972 388 4034 morare
417 3957 530 4034 sed
558 3957 942 4034 apocryphurri
981 3957 1531 4034 Soph‘onia‘mL'quetn
1567 3960 1742 4034 citant
1845 3957 1994 4034 men)
2021 3957 2191 4019 verba
2219 3957 2497 4033 insperato
2523 3957 2684 4018 nobis
2714 3957 2927 4017 récitat.

164 4026 426 4083 Clemens
466 4026 625 4083 Alei.
657 4026 860 4084 Strém.
885 4028 982 4084 lib.
1013 4026 1072 4095 νζ
1115 4029 1201 4097 Η,
1235 4039 1289 4085 et
1321 4026 1743 4085 SIAthauasius

193 4255 3401 4294 Μ

701 4468 1262 4557 ΕΡΜΗΝΕΙΑ
1352 4464 1828 4554 ΑΓΓΑΙΟΥ
1896 4466 2122 4553 ΤΟΥ
2210 4468 2211 4471 γ

1352 4464 1828 4554 ΑΓΓΑΙΟΥ
1896 4466 2122 4553 ΤΟΥ
2210 4462 2848 4551 ΠΡΟΦΗΤΟΥ.

174 4881 1335 5004 COMMENTARIUS
1465 4880 1609 4993 IN
1762 4874 2391 4991 AGGfEUM
2505 4856 3416 4985 PROPHETAM.

258 5325 423 5396 Ὠσηὲ
459 5338 558 5395 μεν
600 5324 694 5377 καὶ
736 5321 887 5392 Ἰωὴλ
928 5324 1022 5376 καὶ
1071 5321 1250 5392 Ἀμὼς
1298 5330 1390 5374 καὶ
1436 5320 1668 5391 Μιχαίας
1704 5322 1751 5374 οἰ

1924 5317 2088 5391 269
2124 5316 2270 5372 Beati
2314 5320 2589 5386 prophetae
2634 5311 2803 5367 Oseas
2839 5318 2890 5365 et
2942 5306 3056 5362 Joel
3090 5313 3146 5361 et
3180 5303 3416 5358 Amosrm

178 5395 443 5489 μακάριοι
466 5415 741 5487 προφῆται
776 5414 953 5469 κοινὸν
974 5415 1109 5489 πρὸς
1128 5413 1341 5467 ἅπαντα
1374 5413 1463 5466 τὸν
1490 5414 1688 5484 Ἰσραηῖ

1909 5428 2013 5481 que
2052 5409 2299 5464 Michaeas
2346 5407 2415 5462 ad
2453 5407 2763 5461 universum
2799 5400 2999 5472 pariter
3047 5395 3415 5452 lsraelitarum

172 5510 329 5563 τικδν
348 5507 480 5561 λαὸν
506 5506 785 5560 ἐποιοῦντο
802 5505 890 5559 τὸν
931 5505 1107 5574 λόγον,
1134 5504 1260 5568 τούς
1288 5522 1346 5558 τε
1375 5505 1483 5557 τῶν
1503 5505 1631 5557 δέκα
1654 5522 1682 5573 ιε

1905 5504 2109 5574 )pulum
2135 5501 2295 5556 verba
2318 5499 2583 5563 fecerunt,
2609 5510 2800 5565 nempe
2824 5503 2875 5549 et
2898 5491 2964 5546 ad
2996 5491 3180 5546 decem
3214 5487 3415 5554 tribus,

175 5600 290 5653 λῶν
345 5593 424 5653 ὧν
467 5596 780 5651 ἐϐασίλευεν
819 5598 852 5667 ὴ
887 5596 1187 5667 Σαμάρεια,
1228 5596 1321 5649 καὶ
1378 5593 1483 5665 μὴν
1520 5595 1613 5648 καὶ
1634 5611 1685 5646 τι

1907 5608 2086 5648 iarum
2118 5590 2432 5661 metropolis
2455 5587 2699 5643 Samaria
2730 5591 2865 5649 erat,
2894 5583 3130 5651 itemque
3167 5578 3232 5633 ad
3265 5575 3417 5630 Judae

176 5692 281 5761 τῆς
328 5692 496 5745 Ἰούδα
519 5691 711 5760 φυλῆς,
740 5688 864 5752 τούς
886 5705 945 5741 τε
966 5689 1065 5758 τὴν
1090 5686 1442 5757 Ἰερουσαλὴμ
1459 5686 1686 5740 οἰκοῦντι

1904 5683 2189 5753 mjunctim
2266 5681 2471 5735 tribum
2552 5679 2807 5746 civesque
2885 5671 3414 5741 Hierosolymorum;

182 5756 542 5851 ιὶμ.ιςι‹ν.τέρουι;⁷
580 5756 808 5850 ὁμοίως·
841 5777 933 5832 ἐπί
982 5756 1039 5830 τε
1069 5778 1187 5839 ταῖς
1214 5775 1487 5838 άσεὸείαις
1519 5776 1609 5828 καὶ
1635 5792 1692 5828 τα

1905 5791 1999 5832 uos
2017 5788 2209 5831 omnes
2255 5771 2495 5843 peccatis
2550 5768 2764 5826 deditos
2790 5776 2846 5824 et
2870 5765 3207 5823 diversorum
3232 5756 3415 5817 crimi-
