3824 6588
40 455 167 513 επ

1061 461 1615 524 COMMENTARIUS
1648 466 1717 522 IN
1753 466 1987 525 ACCAE!
2021 467 2173 523 CAP.
2197 465 2238 521 ῐ.

3219 467 3326 520 4‘78

40 580 107 630 ὲν
131 575 310 649 αὐτῷ
330 575 654 647 συναγωγῆς
667 574 763 647 τήν
787 574 1064 646 βελτίωσιν
1087 578 1310 649 δέχοιτο,
1334 581 1473 653 ὑπὲρ
1491 581 1655 636 ἀπάν-

1766 580 2019 651 ejusmodi
2048 582 2187 636 Deus
2230 579 2440 653 recipit,
2464 595 2572 637 non
2603 580 2732 652 quia
2770 579 2886 651 ipse
2914 578 3001 636 his
3022 589 3195 651 egeat,
3231 582 3325 635 sed

44 687 198 731 των,
269 671 344 734 ὡς
391 670 548 741 ἔφην,
580 668 880 742 ἀνθρώπων
909 668 1009 738 τῆς
1044 670 1184 725 οὔτω
1236 673 1436 745 πολλῆς
1467 692 1527 728 τε
1569 674 1662 729 καὶ

1766 675 2050 728 utilitatum
2088 682 2397 730 nostrarum
2440 689 2641 734 causa:
2673 675 2755 731 sic
2802 674 2963 729 etiam
2996 674 3177 743 templi
3224 682 3329 727 stu-

48 763 351 833 μεγίστης
389 762 710 831 ἀξιούμενος
767 761 1114 831 ἐπιμελείας·
1173 762 1250 826 ὡς
1300 764 1662 837 γὰρ,θυσιῶν

1766 765 1907 820 dium
1962 782 2074 837 prae
2116 782 2175 823 se
2203 766 2430 831 ferebat,
2459 782 2566 822 non
2604 766 2854 837 equidem
2907 766 2991 823 sui
3023 765 3327 837 gratia,sed

47 854 336 924 ἀνέχεται
363 854 455 906 καὶ
482 852 594 905 τῶν
614 851 789 905 ἄλλων
809 852 871 919 δὴ
893 851 1000 905 τῶν
1026 853 1279 908 τοιούτων
1297 857 1325 908 6
1340 854 1490 920 Θεὸς,
1511 856 1662 910 οὐθὲν

1766 856 2093 924 Iudaeorum,
2148 875 2285 930 quos
2335 860 2447 914 illic
2485 859 2806 930 congregari
2853 858 3166 928 iustamque
3215 854 3326 909 Deo

47 947 283 999 τούτων
291 946 378 999 δεό
386 963 545 1016 μενος
556 944 659 998 καθ
668 945 808 1011 ἅπαξ
822 945 982 1009 αὐτὸς
994 946 1077 999 διὰ
1093 947 1187 1017 τὴν
1199 946 1468 1018 ἡμετέραν
1480 950 1662 1019 χρείαν

1766 950 2079 1019 religionem
2111 952 2437 1022 persolvere,
2473 952 2773 1022 prw'27l
2807 949 3039 1014 easteris,
3070 955 3130 1002 ut
3164 945 3326 1017 paulo

54 1042 138 1105 (ρ.
160 1034 469 1107 412)οὒτω
489 1036 584 1088 καὶ
633 1034 732 1103 τῆς
772 1036 898 1104 περὶ
920 1034 1010 1088 τὸν
1026 1035 1151 1088 ναὸν
1164 1038 1336 1106 εἴχετο
1364 1037 1661 1108 φροντίδος,

50 1129 157 1197 οὑχ
174 1126 389 1182 ἑαυτοῦ
404 1144 467 1195 γε
480 1126 687 1189 ἔνεκεν,
702 1125 814 1178 ἀλλ’
832 1126 971 1196 ὑπὲρ
983 1126 1225 1190 ἐκείνων,
1243 1126 1335 1191 οὒς
1347 1128 1532 1181 αὐτόθι
1550 1145 1667 1183 συν-

57 1218 208 1272 that
225 1235 291 1270 τε
322 1219 419 1270 καὶ
440 1216 538 1287 τὴν
552 1216 896 1287 καθήκουσαν
918 1215 996 1286 τῷ
1021 1216 1139 1287 Θεῷ
1160 1217 1449 1288 θεραπείαν
1474 1218 1662 1272 ἀποδι-

56 1310 217 1363 δόναι
239 1310 523 1378 προσῆκον
543 1304 611 1378 ἦν
633 1308 771 1378 ὑπὲρ
792 1308 1042 1361 ἁπάντων
1058 1325 1121 1377 γε
1143 1307 1461 1378 ἀνθρώπων,
1479 1309 1661 1380 ὥσπερ

56 1397 154 1454 οὖν
181 1400 372 1469 ἔφθην
393 1399 630 1469 πρόσθεν
660 1398 849 1453 εἰπών.
890 1400 1041 1469 Ἔχει
1069 1398 1128 1452 δέ
1158 1416 1279 1452 τινα
1309 1400 1403 1454 καὶ
1432 1402 1662 1472 μήνυσιν

1766 1049 1890 1098 ante
1922 1042 2057 1109 dixi,
2077 1043 2407 1108 hominibus,
2431 1058 2643 1114 aequum
2670 1049 2806 1097 erat.
2832 1039 3156 1095 Futurarum
3186 1052 3327 1108 prae-

1765 1142 1913 1187 terea
1942 1148 2125 1188 rerum
2186 1135 2392 1189 mentio
2420 1134 2600 1203 aliqua
2641 1133 2695 1187 in
2725 1131 2908 1188 libello
2951 1137 3065 1196 est;
3095 1142 3324 1198 quarum

1766 1223 2017 1277 notitiam
2074 1240 2139 1279 ex
2194 1224 2330 1294 ipsis
2401 1225 2619 1294 scriptis
2677 1235 3003 1294 cognoscere
3082 1224 3324 1289 praestat.

1765 1309 1879 1366 Hoc
1905 1322 1987 1368 est
2016 1314 2178 1383 igitur
2196 1324 2571 1387 argumentum
2601 1314 2746 1379 libri,
2778 1312 2871 1383 qui
2888 1310 2999 1384 iam
3016 1309 3325 1381 singillatim

1764 1405 2137 1474 explanandus
2168 1417 2272 1463 est.

58 1494 357 1563 ἐσομένων
383 1493 445 1545 τὸ
474 1493 696 1563 βιϐλίον,
734 1494 841 1547 τῶν
867 1495 993 1564 περὶ
1024 1494 1116 1547 τὸν
1142 1492 1267 1563 Γὼγ
1299 1495 1459 1565 φημὶ,
1487 1497 1554 1568 ἣν
1585 1497 1680 1550 ἀπ’
1708 1498 1888 1553 αὐτῶν
1912 1501 2021 1555 τῶν
2054 1504 2447 1575 γεγραμμένων
2480 1501 2700 1573 ἄμεινον
2740 1502 2835 1555 ἴδοι
2862 1516 2945 1564 τις
2974 1499 3067 1554 ἄν’
3094 1498 3207 1553 ἀλλ’
3235 1491 3327 1553 οὗ·

56 1607 150 1655 τος
184 1590 297 1660 μὲν
319 1592 353 1645 ὁ
372 1588 464 1645 τοῦ
490 1588 692 1661 βιϐλίου
726 1590 942 1652 σκοπός.
975 1591 1309 1661 Προσεκτέον
1334 1591 1392 1644 δὲ
1414 1593 1528 1655 τοῖς
1549 1593 1688 1646 κατὰ
1715 1592 1877 1662 μέρος
1914 1596 2116 1651 λοιπόν.

750 1685 907 1739 ΚΕΦ.
930 1686 1004 1738 A'.

131 1777 297 1846 Στίχ.
339 1783 411 1840 α’,
436 1776 502 1847 β’.
528 1808 593 1818 α-
630 1795 649 1828 t
689 1776 778 1830 Ἐν
813 1776 989 1846 δὲ’τῷ
1037 1776 1271 1849 δευτέρῳ
1298 1777 1404 1832 ἔτει
1444 1779 1533 1832 ἐπὶ
1558 1781 1658 1832 Δαι-

66 1868 215 1938 ρείου
257 1868 363 1922 τοῦ
421 1868 703 1939 βασιλέως,
743 1871 801 1924 ὲν
836 1868 912 1938 τῷ
954 1869 1082 1939 μηνὶ
1127 1868 1201 1939 τῷ
1228 1868 1393 1940 ἕκτῳ,
1428 1872 1521 1941 μιᾷ
1562 1869 1656 1923 τοῦ

2433 1692 2583 1749 CAP.
2624 1692 2661 1748 Ι.

1832 1781 1997 1840 Vens.
2032 1785 2082 1848 Ι,
2114 1784 2168 1837 2.
2210 1812 2279 1822 —-
2315 1802 2333 1835 ι
2374 1784 2534 1837 Anno
2560 1783 2701 1837 Darii
2754 1781 3032 1852 negnantis
3063 1778 3327 1841 secundo,

1763 1892 1949 1931 mense
1980 1886 2152 1938 sexto,
2181 1873 2269 1928 die
2312 1889 2416 1928 una
2474 1875 2690 1943 (prima)
2735 1872 2962 1935 mensis,
3023 1870 3198 1925 factus
3245 1878 3330 1921 est

67 1959 241 2029 μηνὸς
279 1959 506 2027 ἐγένετο
548 1958 703 2027 λόγος
728 1960 933 2030 Κυρίου
973 1958 1030 2010 ὲν
1074 1959 1217 2030 χειρὶ
1268 1958 1520 2029 Ἀγγαίου
1562 1959 1656 2013 τοῦ

1766 1983 1939 2024 sermo
1967 1969 2176 2022 Domini
2227 1968 2281 2020 in
2316 1983 2475 2020 manu
2510 1967 2685 2037 Aggaei
2725 1965 3000 2035 prophetae
3028 1964 3216 2018 dicens
3246 1978 3260 2015 :
3305 1980 3324 2011 ι

70 2051 368 2121 προφήτου
419 2050 629 2119 λέγων’
665 2068 685 2103 ι
741 2054 799 2106 ἔν
842 2050 1076 2122 δευτέρῳ
1128 2051 1226 2121 μὲν
1283 2051 1390 2104 ἔτει
1432 2053 1655 2121 Δαρείου

70 2141 308 2211 Περσῶν
362 2139 734 2210 βασιλεύοντος
783 2141 879 2195 τοῦ
928 2143 1181 2215 τετάρτου
1214 2142 1350 2212 μετὰ
1379 2143 1558 2213 Κύρον
1599 2144 1657 2207 ὃς

75 2228 294 2298 πρῶτος
336 2230 537 2301 Μήδων
587 2246 648 2282 τε
696 2229 791 2283 καὶ
823 2230 1046 2300 Περσῶν
1076 2231 1214 2284 κατά
1263 2232 1451 2285 ταυτὸν
1481 2232 1657 2286 ἐϐασί-

70 2320 285 2381 λευσεν,
327 2319 803 2391 ἐπανεληλυθότων
834 2321 933 2391 ήδη
959 2324 1037 2385 είς
1060 2321 1129 2373 τὰ
1150 2324 1323 2376 οἰκεῖα
1350 2324 1456 2375 τῶν
1472 2340 1531 2375 τε
1558 2323 1657 2393 τῆς

84 2413 257 2465 Ἰούδα
293 2413 474 2482 φυλῆς
508 2412 602 2467 καὶ
616 2412 727 2467 τῶν
756 2412 957 2467 λοιπῶν
994 2414 1302 2486 ὁπόσοιπερ
1330 2417 1510 2479 αὐτοῖς
1537 2433 1655 2470 συν-

74 2504 326 2557 ανελθεῖν
362 2504 671 2576 προθυμίαν
704 2504 882 2575 ἔσχον,
914 2505 1008 2558 καὶ
1035 2505 1107 2579 δὴ,
1127 2507 1220 2559 καὶ
1256 2507 1353 2576 τῆς
1396 2508 1658 2577 Ἰερουσα-

73 2593 181 2663 λήμ
210 2593 607 2663 ἀπειληφότων
662 2594 759 2665 τὴν
807 2594 1039 2665 οῐκησιν,
1085 2596 1332 2663 Ἀγγαῖον
1361 2597 1453 2650 τὸν
1484 2599 1659 2667 μακά-

79 2701 187 2752 ριον
212 2685 513 2753 προφήτην
567 2684 955 2754 ἀποκαλύψεως
989 2685 1249 2755 ἠξιῶσθαι
1284 2686 1430 2750 θείας
1473 2689 1656 2759 φησιν,

78 2776 164 2827 ἐπὶ
185 2775 268 2845 τῷ
299 2775 402 2846 τὴν
432 2775 538 2828 τῶν
561 2778 943 2847 προσηκόντων
973 2778 1202 2844 διάλεξιν
1232 2781 1369 2853 πρὸς
1398 2782 1524 2844 τοὺς
1564 2783 1659 2834 ἀν-

79 2867 414 2935 εληλυθότας
465 2868 789 2936 ποιήσασθαι
842 2868 951 2921 τῶν
1009 2870 1295 2937 Ἰουδαίων,
1328 2872 1422 2924 καὶ
1460 2872 1568 2943 πρό
1596 2889 1658 2940 γε

78 2957 179 3008 τῶν
210 2958 396 3009 ἀλλων
421 2959 523 3027 τῆς
549 2959 833 3030 οἰκοδομῆς
862 2961 1300 3030 καταμελοῦντας
1325 2962 1537 3032 ἐλέγξαι
1565 2962 1658 3016 τοῦ

80 3047 224 3109 ναοῦ,
260 3049 329 3099 ὃν
356 3047 420 3118 δὴ
456 3049 691 3117 μάλιστα
715 3050 1174 3121 ἐπανεληλυθότας
1203 3052 1309 3105 ἀπὸ
1339 3054 1437 3123 τῆς
1460 3056 1661 3124 αἰχμα-

82 3139 279 3201 λωσίας
330 3140 469 3208 μετά
501 3140 701 3210 πολλῆς
739 3142 1012 3211 ἀνεγεῖραι
1046 3143 1142 3212 τῆς
1164 3143 1467 3215 προθυμίας
1494 3162 1660 3216 προσ-

85 3229 208 3295 ἧκον
261 3225 357 3299 ἦν.
409 3229 858 3300 Ἐπισημαίνεται
914 3232 970 3285 δὲ
1020 3233 1113 3284 καὶ
1148 3234 1237 3286 τὸν
1266 3234 1409 3303 μῆνα
1440 3236 1533 3289 καὶ
1559 3235 1657 3306 τὴν

86 3320 293 3390 ήμέραν
333 3320 456 3372 καθ’
484 3322 552 3390 ἢν
601 3320 660 3385 ἐξ
713 3321 1100 3391 ἀποκαλύψεως
1130 3324 1277 3388 θείας
1307 3328 1334 3378 6
1379 3328 1660 3398 προφήτης
1686 3322 1728 3379 C

89 3412 279 3481 ἐχρῆτο
308 3416 423 3476 τοῖς
450 3413 586 3485 πρὸς
633 3414 915 3477 Ἰουδαίους
958 3414 1157 3484 λόγοις,
1186 3416 1260 3480 ὡς
1286 3417 1350 3470 ἂν
1385 3419 1655 3490 τεταγμέ-

91 3525 185 3569 νως
202 3507 437 3572 δείξειεν
468 3509 616 3571 ὅπως
646 3509 743 3579 μὲν
777 3511 957 3571 αὐτοῖς
983 3509 1058 3578 (p.
1091 3509 1216 3578 415)
1242 3510 1339 3579 τῆς
1371 3512 1658 3581 οἰκοδομῆς

93 3596 347 3665 ἀμελοῦσι
378 3596 476 3650 τοῦ
506 3598 633 3652 ναοῦ
661 3598 729 3653 τὰ
756 3600 1053 3671 πράγματα
1081 3601 1382 3654 διακεῖσθαι
1408 3602 1657 3656 συνέϐαι-

92 3703 192 3751 νεν,
227 3690 371 3757 ὅσην
420 3688 475 3741 δὲ
539 3689 872 3759 μετάστασιν
915 3690 1007 3742 ἐπὶ
1058 3690 1120 3743 τὸ
1167 3692 1411 3760 κρεῖττον
1463 3691 1659 3746 ἔλαϐον

94 3776 323 3848 ὁπηνίκα
353 3779 455 3847 τῆς
484 3778 611 3849 περὶ
634 3778 721 3832 τὸν
745 3779 870 3833 ναὸν
897 3778 1185 3850 οἰκοδομῆς
1220 3780 1318 3851 τὴν
1357 3783 1661 3851 προσήκου-

98 3884 182 3920 σαν
216 3868 367 3939 ἔχειν
389 3868 622 3943 ῆρξαυτο
653 3870 925 3941 φροντίδα.
964 3870 1095 3923 Τίνα
1136 3870 1191 3922 δὲ
1220 3865 1288 3942 ἢν
1314 3871 1455 3941 ἅπερ
1490 3874 1661 3924 εἰπεῖν

97 3961 217 4028 πρὸς
243 3961 452 4023 αὐτοὺς
488 3964 517 4014 ὁ
545 3964 825 4032 προφήτης
864 3962 1151 4034 ἐκελεύσθη
1192 3964 1343 4033 παρά
1374 3964 1467 4015 τοῦ
1502 3964 1658 4031 Θεοῦ,

97 4050 210 4119 ἑξῆς
234 4052 430 4123 φησίν.
458 4071 477 4102 ι
504 4052 666 4105 Εἰπὸν
683 4053 818 4125 πρὸς
848 4053 1148 4124 Ζοροϐάϐελ
1167 4054 1259 4106 τὸν
1282 4052 1373 4107 τοῦ
1397 4054 1662 4126 Σαλαθιὴλ

98 4143 154 4195 ὲκ
182 4145 355 4216 φυλῆς
396 4144 588 4207 Ἰούδα,
621 4144 715 4197 καὶ
752 4146 885 4215 πρὸς
929 4146 1133 4216 Ἰησοῦν
1171 4146 1262 4200 τὸν
1289 4146 1380 4199 τοῦ
1421 4147 1664 4200 Ἰωσεδὲκ

98 4236 177 4288 τὸν
202 4237 356 4308 ἱερέα
381 4236 475 4289 τὸν
500 4236 671 4306 μέγαν
693 4237 870 4304 λέγων
896 4255 908 4267 ·
938 4236 1075 4290 Τάδε
1108 4237 1254 4305 λέγει
1284 4237 1487 4308 Κύριος
1531 4256 1663 4291 πανο

98 4331 374 4399 τοκράτωρ
406 4326 610 4396 λέγων’
648 4328 704 4380 '0
734 4328 856 4391 λαὸς
885 4322 1036 4391 οὗτος
1050 4328 1316 4394 λέγουσιν,
1349 4329 1459 4399 Οὐχ
1493 4329 1615 4398 ἥκει
1636 4332 1664 4383 6

102 4421 277 4491 καιρὸς
303 4419 404 4473 τοῦ
431 4420 779 4490 οἰκοδομῆσαι
826 4422 915 4473 τὸν
958 4416 1102 4474 οἷκον
1118 4421 1345 4493 Κυρίου.
1376 4440 1395 4472 ι
1439 4421 1665 4476 Κελεύει

99 4515 196 4583 γὰρ
223 4514 379 4584 αύτῷ
406 4516 541 4585 πρός
573 4532 633 4568 τε
662 4515 748 4567 τὸν
774 4512 1072 4583 Ζοροϐάϐελ
1090 4513 1149 4575 ὃς
1163 4512 1262 4580 τῆς
1296 4512 1463 4565 Ἰούδα
1494 4512 1666 4581 φυλῆς

102 4605 375 4676 ὑπάρχων,
397 4606 459 4659 ἔκ
476 4624 531 4659 τε
548 4604 641 4659 τοῦ
666 4606 932 4677 μακαρίου
950 4604 1109 4657 Δαυὶδ
1134 4605 1503 4673 καταγόμενος
1526 4604 1665 4657 κατά

100 4694 186 4756 τὰς
202 4694 539 4763 ἐπαγγελίας
567 4694 666 4757 τὰς
697 4694 845 4757 θείας
892 4694 1177 4746 ἐϐασίλευε
1205 4693 1325 4745 τότε
1352 4691 1446 4745 τοῦ
1494 4692 1623 4746 λαοῦ
1651 4711 1668 4725 ο

104 4784 186 4834 καὶ
235 4783 354 4855 μὴν
388 4786 483 4836 καὶ
523 4783 659 4853 πρὸς
700 4783 792 4837 τὸν
835 4782 1079 4835 Ἰωσεδὲκ
1114 4781 1339 4852 Ἰησοῦν,
1383 4781 1443 4844 ὃς
1483 4782 1545 4835 τὸ
1570 4782 1671 4852 τῆς

103 4873 503 4947 ἀρχιερωσύνης
523 4873 682 4951 ἔργον
711 4873 1002 4946 ἀκολουθίᾳ
1032 4874 1221 4942 γένους
1248 4874 1390 4928 κατά
1416 4874 1513 4946 τὴν
1536 4874 1670 4928 Μω-

107 4966 286 5037 σαῖκήν
318 4964 568 5028 διάταξιν
608 4966 671 5018 ὲκ
711 4964 804 5017 τοῦ
855 4963 1062 5034 Ἀαρὼν
1101 4965 1472 5036 καταγόμενος
1516 4967 1669 5019 εκτε-

104 5053 202 5108 λεῖν
224 5057 611 5117 ἐπεπίστευτο,
636 5056 808 5107 εἰπεῖν
841 5053 1013 5107 ταῦτα
1051 5054 1193 5126 ἅπερ
1225 5051 1318 5109 οὖν
1352 5056 1439 5108 ἐπ’
1464 5056 1671 5125 ἐλέγχῳ

107 5148 190 5215 τῆς
220 5146 353 5217 περὶ
389 5145 479 5197 τὸν
508 5145 634 5198 ναὸν
665 5144 756 5197 τοῦ
792 5145 921 5198 λαοῦ
957 5145 1228 5217 ῥᾳθυμίας
1266 5143 1471 5209 διδάξαι
1506 5162 1674 5216 προσ-

107 5219 223 5301 ῆκόν
253 5233 345 5307 ἦν.
370 5234 557 5288 Ταῦτα
606 5236 717 5307 γὰρ
767 5236 831 5306 δὴ
892 5237 1030 5306 πρὸς
1072 5236 1291 5299 τούτους
1326 5236 1557 5304 μάλιστα
1598 5236 1674 5298 ὡς

110 5329 432 5397 ἡγουμένους
484 5327 709 5391 εἰκότως
736 5328 976 5396 ἐλέγετο·
1023 5329 1119 5381 ἆτε
1154 5328 1248 5381 καὶ
1294 5328 1420 5394 τους
1457 5327 1673 5389 λοιποὺς

109 5416 381 5491 διεγείρειν
433 5419 530 5471 ἐπὶ
574 5418 634 5470 τὸ
664 5420 894 5490 πρᾶγμα
936 5418 1270 5487 ὀφείλοντας,
1297 5418 1543 5486 φαίνεται
1572 5417 1672 5469 οὐκ

112 5510 275 5574 αὑτοῖς
323 5513 385 5563 ὲν
412 5509 488 5579 τῷ
518 5509 661 5580 λόγῳ
713 5511 1222 5580 καταμεμφόμενος,
1251 5510 1384 5562 ἀλλά
1417 5509 1493 5579 τῷ
1515 5508 1628 5578 λαῷ
1651 5526 1665 5540 ·

111 5601 175 5662 ὡς
195 5603 350 5669 δῆλον
377 5597 514 5654 εἶναι
537 5602 681 5654 δτιοί
708 5602 804 5671 μὲν
834 5602 933 5672 τὴν
964 5604 1342 5674 προσήκουσαν
1372 5598 1514 5671 εἶχον
1544 5600 1671 5671 περὶ

112 5691 164 5742 τὸ
220 5696 453 5765 πρᾶγμα
512 5694 838 5765 προθυμίαν,
875 5700 948 5765 (p.
982 5695 1107 5762 414)
1170 5694 1404 5748 ἐκτελεῖν
1436 5694 1493 5747 δὲ
1532 5694 1667 5764 ὅπερ

1757 2071 1900 2113 anno
1937 2059 2176 2113 secundo
2220 2057 2363 2110 Darii
2408 2055 2700 2110 Persarum
2752 2056 2915 2125 regis,
2964 2052 3144 2124 quarti
3210 2058 3331 2120 post

1756 2149 1954 2221 Cyrum
2004 2149 2157 2203 illum
2211 2149 2302 2217 qui
2350 2147 2559 2217 primus
2616 2145 2889 2201 Medorum
2946 2143 3109 2199 simul
3167 2144 3330 2205 atque
3378 2132 3385 2137 ’

1759 2243 2044 2297 Persarum
2079 2241 2365 2311 imperium
2410 2247 2679 2302 tenuerat,
2716 2253 2837 2292 cum
2863 2237 2973 2307 iam
3022 2237 3077 2289 in
3098 2232 3327 2305 patriam

1758 2349 1818 2390 se
1848 2334 2180 2404 recepissent
2208 2339 2472 2402 quotquot
2496 2347 2562 2387 ex
2584 2329 2737 2384 Judae
2762 2328 2907 2382 tribu
2931 2333 2985 2381 et
3009 2341 3074 2381 ex
3106 2322 3332 2391 reliquis

1759 2433 1950 2495 sponte
1970 2439 2093 2478 cum
2127 2424 2218 2478 illa
2251 2422 2431 2478 redire
2448 2422 2996 2486 voluerant,cumque
3019 2414 3055 2468 ii
3079 2412 3333 2467 Hieroso-

1761 2518 2027 2588 lymorum
2067 2515 2257 2570 urbem
2307 2512 2419 2583 iam
2479 2512 2800 2573 incolerent,
2851 2510 3049 2564 beatus
3105 2505 3333 2575 Aggaeus

1760 2609 2023 2678 propheta
2068 2605 2250 2659 divina
2319 2603 2651 2659 revelatione
2700 2602 3054 2656 collustratus
3102 2596 3330 2659 dicitur;

1761 2707 1820 2753 ut
1843 2698 1890 2754 is
1912 2697 2167 2752 nimirum
2197 2696 2425 2751 reduces
2447 2693 2666 2750 Iudaeos
2688 2692 2758 2749 de
2780 2690 2968 2747 olliciis
2996 2689 3330 2748 admoneret,

1763 2800 1920 2858 atque
1952 2786 2624 2860 apprime'negligentiam
2667 2799 2855 2841 eorum
2907 2783 2963 2837 in
3016 2776 3336 2835 aediﬁcando

1762 2883 1963 2951 templo
1996 2882 2327 2950 obiurgaret,
2379 2879 2473 2948 qui
2519 2892 2652 2933 sane
2684 2874 2957 2933 excitandi
2990 2873 3135 2927 illius
3157 2868 3334 2923 maxi-

1763 2990 1908 3028 mum
1980 2973 2221 3027 studium
2271 2973 2591 3028 debuissent
2646 2981 2984 3038 expromere.
3055 2959 3337 3032 Signiﬁcat

1762 3064 1926 3120 etiam
1951 3078 2189 3118 mensem
2222 3077 2285 3116 ac
2312 3063 2476 3126 diem,
2509 3074 2619 3130 quo
2658 3056 2958 3114 secundum
2992 3052 3084 3107 Dei
3130 3050 3334 3104 revela-

1764 3154 1964 3207 tionem
1986 3152 2243 3222 propheta
2261 3150 2325 3204 ad
2349 3151 2602 3220 populum
2620 3148 2767 3217 loqui
2791 3160 2951 3201 orsus
2963 3137 3338 3209 est;utdeinde

1767 3244 2054 3300 ordinatim
2072 3243 2215 3297 dicat
2230 3242 2358 3311 quid
2374 3242 2454 3296 eis
2470 3239 2728 3293 acciderit
2748 3239 2815 3291 ob
2829 3236 3128 3306 neglectum
3152 3230 3331 3300 templi

1760 3335 2402 3403 aediliciummuantoque
2425 3331 2645 3386 meliore
2685 3331 2738 3383 in
2767 3338 2907 3382 statu
2939 3336 3067 3380 tunc
3101 3323 3333 3387 fuerint,

1759 3442 1881 3481 cum
1903 3435 2230 3481 structuram
2256 3424 2397 3475 illam
2419 3422 2583 3475 alacri
2614 3421 2797 3473 animo
2814 3432 3002 3487 urgere
3033 3420 3331 3483 emperunt.

1758 3516 1875 3572 Jam
1894 3530 2138 3586 quaenam
2168 3515 2233 3569 iis
2263 3513 2521 3583 propheta
2541 3511 2720 3564 dicere
2749 3524 2778 3562 a
2801 3507 2907 3561 Deo
2935 3506 3123 3572 jussus
3139 3503 3332 3560 fuerat,

1760 3610 1815 3663 in
1837 3608 2188 3677 sequentibus
2208 3605 2484 3660 declarat:
2521 3620 2537 3652 ι
2569 3601 2812 3671 Loquere
2852 3598 2915 3651 ad
2951 3595 3336 3650 Zorobabelem

1763 3698 2072 3754 Salathielis
2092 3697 2261 3751 ﬁlium
2281 3697 2345 3750 de
2371 3695 2513 3749 tribu
2529 3693 2699 3757 Judte,
2718 3699 2770 3745 et
2797 3691 2860 3744 ad
2880 3688 3005 3744 Jesu
3016 3705 3063 3741 ιιι
3093 3684 3339 3740 Josedcci

1763 3793 1928 3846 ﬁlium
1949 3790 2283 3844 sacerdotem
2307 3786 2773 3856 magnum,dicens
2796 3803 2807 3837 :
2833 3783 2954 3835 Hasc
2977 3782 3050 3834 ait
3066 3779 3324 3832 Dominus

1761 3881 2104 3949 omnipotens
2119 3878 2307 3932 dicens
2328 3896 2339 3930 :
2361 3875 2597 3944 Populus
2617 3876 2717 3928 iste
2734 3874 2887 3935 dicit,
2905 3870 3021 3924 Non
3040 3870 3185 3923 venit
3204 3875 3342 3920 tem-

1761 3988 1862 4042 pus
1877 3969 2177 4025 aediﬁcandi
2191 3969 2409 4022 domum
2433 3966 2664 4020 Domini.
2682 3963 2926 4017 ιΜιιιιιιιιι
2941 3962 3013 4026 ei,
3032 3969 3086 4013 ut
3102 3958 3340 4011 Zoroba-

1762 4064 1867 4118 beli
1896 4061 1987 4131 qui
2020 4061 2087 4115 de
2106 4058 2584 4126 Juda2272tribu
2612 4062 2853 4115 ortus,et
2881 4053 2946 4107 de
2962 4052 3101 4106 beati
3122 4048 3338 4106 Davidis

1763 4146 2018 4217 posteris,
2043 4144 2199 4212 iuxta
2232 4141 2443 4194 divinas
2470 4139 2858 4207 promissiones
2884 4135 3141 4203 regnabat
3168 4133 3220 4184 in
3246 4145 3340 4199 po-

1765 4235 1924 4304 pulo;
1948 4234 2073 4286 item
2087 4229 2216 4285 Jesu
2233 4228 2479 4283 Josedeci
2497 4228 2628 4289 tilio,
2654 4226 2741 4279 cui
2766 4222 3118 4279 sacerdotalis
3134 4221 3336 4289 operis,

1764 4325 1835 4379 ob
1854 4324 2048 4379 seriem
2066 4320 2279 4391 generis
2295 4322 2449 4388 juxta
2463 4317 2753 4372 Mosaicam
2772 4314 3234 4371 constitutionem,
3251 4319 3340 4364 ut-

1766 4422 1892 4485 pote
1912 4428 1971 4468 ex
1991 4412 2208 4465 Aarone
2226 4408 2481 4469 oriundo,
2500 4403 2900 4458 administratio
2917 4402 3205 4457 commissa
3227 4400 3343 4453 fue-

1766 4516 1871 4569 rat,
1889 4505 2106 4559 mandat
2128 4502 2239 4556 haec
2261 4501 2443 4555 dicere
2466 4513 2587 4567 quas
2603 4496 2667 4550 ad
2685 4494 3177 4565 reprehendendam
3199 4494 3342 4547 circa

1771 4598 2030 4668 templum
2052 4594 2332 4664 segnitiem
2362 4604 2483 4661 apta
2506 4599 2679 4643 erant.
2702 4589 2873 4642 Porro
2898 4589 3011 4642 haec
3043 4586 3339 4656 prazsertim

1772 4688 2004 4743 ducibus
2037 4684 2234 4739 merito
2275 4682 2619 4746 dicebantur,
2649 4681 2741 4751 qui
2782 4680 3047 4748 reliquum
3085 4677 3339 4746 populum

1770 4781 1839 4836 ad
1878 4795 2015 4850 opus
2042 4776 2394 4834 exstimulare
2419 4775 2690 4831 debebant
2718 4794 2731 4829 :
2764 4782 2818 4829 et
2848 4772 3197 4826 nihilominus
3234 4784 3339 4822 non

1770 4883 1880 4928 tam
1908 4872 2076 4926 duces
2106 4883 2267 4938 quam
2302 4868 2560 4939 populum
2585 4867 2877 4936 obiurgare
2908 4862 3168 4934 propheta
3197 4861 3343 4913 vide-

1770 4971 1880 5029 tur;
1934 4960 2231 5015 constabat
2245 4959 2387 5013 enim
2412 4957 2584 5013 duces
2605 4957 3018 5011 convenientem
3043 4953 3224 5023 operis
3246 4967 3343 5005 cu-

1770 5068 1885 5107 ram
1921 5051 2188 5121 gessisse,
2222 5048 2364 5102 haud
2400 5055 2579 5102 tamen
2613 5048 2722 5100 voti
2755 5054 3036 5116 compotes
3079 5044 3192 5099 ﬁeri
3214 5082 3230 5105 ,
3260 5057 3344 5095 re-

1770 5153 1970 5199 nuente
2004 5142 2202 5213 populo
2230 5141 2296 5195 ad
2337 5140 2392 5194 id
2418 5140 2697 5209 cooperari
2733 5158 2745 5193 :
2775 5138 3129 5208 quamobrem
3163 5135 3245 5188 his
3277 5148 3341 5185 ea

1770 5251 1890 5307 qua:
1913 5236 1977 5288 ad
2014 5234 2194 5304 populi
2229 5233 2662 5303 obiurgationem
2714 5231 3059 5301 pertinebant
3089 5227 3240 5290 dicit,
3282 5233 3342 5277 ut

1770 5335 1823 5386 et
1858 5327 1961 5397 ipsi
1990 5326 2162 5395 magis
2190 5324 2252 5377 ad
2277 5339 2414 5393 opus
2452 5322 2841 5385 excitarentur,
2871 5328 2923 5375 et
2953 5319 3185 5389 p0pulus
3212 5331 3344 5369 eon-

1769 5431 1956 5489 gruam
1988 5417 2385 5484 correptionem
2415 5414 2708 5482 acciperet,
2747 5426 2855 5481 quo
2889 5409 3035 5463 onmi
3064 5409 3345 5463 alacritate

1774 5508 1986 5565 aediﬁcii
2023 5507 2300 5562 laboribus
2326 5507 2617 5569 instarent,
2644 5505 2868 5573 suisque
2914 5501 3144 5556 ducibus
3173 5500 3341 5554 multa

1774 5616 1897 5656 cum
1927 5600 2203 5654 docilitate
2232 5598 2536 5660 obedirent,
2582 5604 2851 5665 quatenus
2894 5592 2998 5649 sibi
3030 5592 3132 5645 hoc
3170 5590 3223 5644 in
3249 5606 3345 5645 ne-

1776 5693 1925 5763 gotio
1962 5691 2339 5761 prmeiperent,
2378 5696 2635 5757 tanquam
2668 5687 2761 5741 Dei
2775 5686 2930 5756 iussa
2968 5683 3216 5738 iacturis.

118 5780 378 5837 ἐϐούλοντο
418 5784 697 5846 ἀδυνάτως
736 5780 909 5853 εἶχον,
932 5785 1030 5837 οὐκ
1071 5783 1345 5845 ἐθέλοντος
1390 5782 1571 5845 αὐτοῖς
1609 5780 1703 5834 τοῦ
1750 5779 1880 5833 λαοῦ
1924 5779 2062 5850 πρὸς
2088 5780 2245 5833 τοῦτο
2273 5778 2670 5850 σύμ-πράττειν’
2702 5776 2886 5846 διόπερ
2922 5773 3132 5835 τούτοις
3164 5770 3230 5825 τὰ
3257 5768 3344 5821 ἐπ’

120 5869 309 5945 ἐλέγχῳ
340 5873 435 5928 τοῦ
472 5873 603 5929 λαοῦ
657 5874 991 5929 συντείνοντα
1035 5874 1201 5943 λέγει,
1234 5874 1307 5938 ὡς
1342 5874 1406 5929 ἂν
1434 5866 1579 5927 οὗτοί
1611 5889 1667 5926 τε
1695 5871 1892 5943 μᾶλλον
1923 5873 2013 5925 ἐπὶ
2041 5871 2100 5925 τὸ
2132 5870 2290 5943 ἔργον
2324 5868 2668 5941 διεγερθεῖεν,
2713 5870 2947 5923 κάκεῖνοι
2977 5866 3032 5919 δὲ
3066 5863 3344 5935 διόρθωσιν
