3934 6560
534 410 633 468 479

1727 405 2075 463 THEODORI
2115 407 2585 467 MOPSUESTENI

3634 412 3733 470 48D

531 526 768 597 δέξαιντο
801 529 897 599 τὴν
923 526 1294 597 προσήκουσαν
1312 565 1326 589 ,
1366 526 1445 589 εἰς
1474 524 1535 580 τὸ
1566 525 1711 597 πάσῃ
1736 529 1803 597 τῇ
1831 521 2104 597 προθυμίᾳ
2134 523 2204 577 τά
2240 525 2573 581 συντείνοντα
2603 527 2685 589 εἰς
2713 524 2812 597 τὴν
2840 526 3126 598 οἰκοδομὴν
3148 524 3242 579 τοῦ
3268 525 3398 580 ναοῦ
3425 526 3735 599 διαπράττιο

533 620 677 685 σθαι,
707 619 801 673 καὶ
832 616 970 689 μετὰ
1016 616 1215 687 πολλῆς
1257 633 1321 686 γε
1353 616 1628 671 πείθεσθαι
1660 618 1772 680 τοῖς
1805 615 2123 687 ἡγουμένοις
2155 614 2252 685 τῆς
2299 617 2672 689 ἑτοιμότητος,
2703 617 2838 689 πρὸς
2886 617 3030 689 άπερ
3064 618 3129 671 ἂν
3171 618 3354 678 αὐτοῖς
3396 619 3525 690 περὶ
3556 618 3737 676 τούτου

530 711 838 775 κελεύωσιν,
878 712 953 776 ὡς
984 710 1123 765 κατά
1154 710 1406 782 βούλησιν
1437 711 1586 766 θείαν
1610 711 1669 765 τὺ
1698 710 1974 782 ἐπίταγμα
2003 708 2362 779 ποιουμένοις.

491 824 497 835 ·
605 804 762 860 Vens.
789 804 909 860 5-5.
936 834 1007 845 —
1025 803 1143 859 Jam
1162 820 1292 860 vero
1313 803 1381 858 ad
1409 804 1589 874 populi
1607 804 2082 874 reprehensionem

2254 802 2401 874 Στίχ.
2432 798 2576 873 γ’-ε¹.
2601 834 2673 844 -
2692 804 3036 876 Τρεπόμενος
3073 804 3131 859 δὲ
3162 804 3255 859 ἐπὶ
3279 804 3370 859 τὸν
3407 805 3629 876 ἔλεγχον
3653 808 3740 862 τοῦ

530 911 849 957 conversus,
880 896 1139 967 praeclare
1168 912 1236 951 ex
1289 896 1529 967 ipsorum
1566 897 1818 953 simulata
1851 908 2083 951 excusa-

529 990 673 1044 tione
697 987 912 1043 initium
947 989 1116 1059 ducit,
1137 1004 1243 1059 qua
1272 995 1505 1052 utentes,
1533 987 1779 1058 specioso
1794 1002 1918 1042 cum
1945 1002 2083 1057 pra:-

531 1087 681 1135 textu
706 1080 1097 1149 existimabant
1129 1096 1187 1135 se
1216 1095 1375 1150 posse
1417 1095 1557 1150 opus
1583 1079 1877 1150 negligere.
1919 1079 2085 1132 Aiunt

528 1170 696 1237 enim,
754 1171 950 1241 inquit,
1013 1170 1253 1226 nondum
1311 1179 1523 1240 tempus
1545 1168 1844 1225 aedificandi
1898 1167 2082 1238 templi

529 1262 740 1326 adesse,
768 1263 842 1317 ita
872 1273 933 1317 ut
960 1262 1154 1318 merito
1204 1275 1418 1316 cessare
1450 1260 1518 1315 ab
1547 1274 1711 1330 opere
1748 1259 2080 1314 viderentur.

531 1353 734 1409 Deinde
762 1353 951 1408 falsam
975 1353 1117 1407 hanc
1162 1353 1533 1408 defensionem
1560 1366 1864 1420 coarguens
1892 1366 1957 1406 ex
1990 1366 2085 1406 ne-

529 1445 699 1512 quitia
728 1451 901 1498 ortam
950 1444 1020 1499 ad
1072 1444 1295 1499 desidiae
1349 1444 1625 1498 obtentum
1655 1442 1828 1512 pergit
1861 1441 2080 1497 dicere:

535 1554 555 1587 ‹
592 1534 658 1589 Et
701 1535 903 1590 factum
946 1543 1031 1589 est
1076 1536 1298 1590 verbum
1346 1533 1559 1588 Domini
1608 1533 1664 1587 in
1719 1533 2091 1611 mauuAggaei

530 1626 822 1695 prophetae,
849 1625 1038 1681 dicens
1064 1646 1078 1680 :
1113 1624 1171 1680 Si
1199 1637 1410 1695 tempus
1432 1625 1648 1694 quidem
1703 1625 1857 1681 vobis
1884 1634 1969 1681 est
1996 1627 2087 1681 ha-

530 1717 732 1772 bitandi
763 1717 817 1771 in
847 1718 1098 1774 domibus
1131 1718 1326 1773 vestris
1364 1717 1648 1787 laqueatis,
1676 1718 1869 1773 domus
1903 1727 2082 1773 autem

531 1808 643 1863 haec
672 1808 886 1864 deserta
921 1806 1039 1864 est?
1067 1828 1085 1860 ι
1126 1808 1329 1863 Deinde
1379 1809 1455 1862 ait
1481 1827 1495 1862 :
1524 1808 1605 1862 Ad
1630 1817 1841 1864 vestras
1866 1810 2082 1880 quidem

528 1902 915 1956 aedificationes
946 1900 1135 1956 sedulo
1187 1900 1519 1965 incumbitis,
1576 1916 1715 1970 quas
1768 1915 1876 1955 non
1905 1901 2083 1955 solum

529 1992 771 2047 studiosa
794 2007 954 2062 opera
980 1992 1252 2055 excitatis,
1291 2005 1483 2047 verum
1516 1992 1679 2046 etiam
1723 1992 1853 2047 totis
1880 1991 2085 2048 viribus

527 2084 806 2140 exornatis
844 2102 856 2137 :
884 2084 1054 2140 solius
1083 2094 1262 2139 autem
1310 2084 1496 2154 templi
1527 2085 1840 2140 exstrucndi
1868 2092 2081 2154 tempus

525 2178 704 2232 adhuc
730 2193 838 2231 non
862 2177 1051 2232 adest?
1095 2175 1280 2246 Neque
1316 2190 1412 2232 vos
1459 2176 1642 2245 pudet,
1674 2191 1893 2231 causam
1928 2177 2081 2231 vobis
2110 2154 2155 2209 Β

525 2267 810 2338 cujuslibet
832 2267 958 2323 boni
992 2266 1181 2334 Deum,
1210 2265 1264 2319 in
1292 2265 1451 2335 273
1476 2273 1623 2329 tanta
1645 2266 1893 2320 vastitate
1921 2266 2084 2320 relin-

525 2360 716 2428 quere?
744 2360 818 2412 ita
848 2368 908 2413 ut
940 2366 1135 2415 vestra:
1156 2357 1373 2431 quidem
1398 2357 1591 2411 domus
1618 2372 1727 2411 non
1752 2357 2084 2412 aedificentur

528 2449 923 2512 tantummodo,
975 2466 1162 2505 verum
1213 2450 1371 2504 etiam
1424 2448 1574 2504 omni
1626 2463 1748 2503 cum
1798 2449 2083 2505 sedulitate

525 2548 897 2607 exornentur;
923 2553 1047 2594 area
1093 2553 1221 2594 vero
1277 2540 1459 2610 templi
1487 2554 1713 2609 prorsus
1750 2540 1961 2595 deserta
1990 2540 2080 2606 sit,

525 2629 660 2683 nihil
684 2630 837 2684 vobis
866 2630 932 2684 ad
950 2630 1067 2698 ejus
1085 2637 1416 2687 structuram
1459 2633 1709 2690 conferre
1755 2637 2079 2693 volentibus.

530 2739 549 2771 ι
592 2719 653 2773 Ει
679 2735 821 2775 nunc
850 2720 965 2774 haec
996 2721 1127 2777 dicit
1170 2720 1431 2780 Dominus
1477 2726 1819 2796 omnipotens
1848 2746 1861 2782 :
1894 2728 2083 2786 Ponite

522 2810 688 2865 corda
715 2818 897 2865 vestra
922 2811 988 2865 ad
1011 2812 1127 2868 vias
1158 2820 1384 2872 vestras.
1410 2834 1429 2867 ›
1458 2812 1746 2887 Reputate,
1776 2820 1969 2891 inquit,
1997 2837 2084 2878 res

521 2910 751 2967 vestras,
776 2912 830 2956 et
857 2900 999 2957 facta
1050 2905 1347 2973 explorate,
1406 2908 1499 2977 qui
1551 2909 1792 2964 divinum
1819 2913 2081 2982 templum

526 2994 832 3064 negligitis;
881 3002 935 3051 et
963 3010 1209 3066 quamam
1258 2998 1414 3054 vobis
1464 3000 1690 3069 proinde
1734 3002 2079 3073 contigerint.

525 3084 676 3141 Patet
697 3099 877 3141 autem
904 3088 1218 3156 prophetam
1246 3089 1509 3145 vocabulo
1529 3092 1872 3159 via),illorum
1896 3109 2081 3165 opera,

526 3184 687 3246 prout
710 3178 866 3242 solet,
895 3177 1201 3249 designare.

592 3345 761 3403 Vens.
798 3348 914 3404 6-8.
936 3377 1007 3388 —
1026 3346 1222 3404 Postea
1255 3349 1388 3405 dicit
1415 3368 1428 3404 :
1461 3370 1481 3403 ‹
1511 3349 1844 3410 Seminastis
1872 3326 2079 3425 multa,

522 3446 580 3496 et
609 3440 871 3496 intulistis
900 3454 1075 3511 pauca
1103 3459 1115 3494 :
1146 3442 1481 3508 comedistis,
1502 3451 1556 3497 et
1581 3459 1691 3498 non
1726 3446 1791 3500 ad
1824 3449 2085 3504 saturita-
2108 3483 2160 3548 ο

526 3539 636 3587 tem
664 3546 680 3583 :
717 3532 954 3599 bibistis,
981 3540 1035 3587 et
1060 3547 1170 3587 non
1194 3533 1261 3586 ad
1289 3533 1605 3593 ebrietatem
1632 3555 1647 3591 :
1680 3537 1936 3596 induistis
1964 3557 2080 3606 vos,

522 3630 714 3679 etnon
743 3623 880 3679 estis
912 3623 1163 3678 calefacti
1198 3625 1254 3678 in
1289 3626 1407 3680 eis:
1442 3637 1495 3682 et
1525 3628 1618 3698 qui
1650 3630 1929 3690 mercedes
1956 3648 2086 3689 con-

522 3717 818 3788 gregabat,
852 3719 1194 3773 coacervavit
1217 3734 1309 3773 eas
1332 3719 1389 3774 in
1420 3723 1695 3777 sacculum
1725 3732 2026 3794 pertusum.
2058 3747 2078 3781 ι

522 3808 920 3876 Considerate,
972 3811 1029 3865 in
1074 3818 1333 3879 quantam
1386 3824 1583 3869 vestrae
1638 3814 1865 3886 ignavia:
1916 3834 2084 3875 causa

524 3899 855 3958 deveneritis
885 3911 1182 3974 egestatem
1213 3913 1267 3961 et
1292 3905 1369 3960 rei
1400 3908 1727 3962 necessariae
1752 3911 2040 3979 penuriam
2068 3930 2080 3965 :

527 3992 604 4047 ita
635 4002 698 4049 ut
725 3994 793 4051 de
824 3998 1013 4054 multis
1044 3998 1350 4055 seminibus
1384 4001 1640 4071 exiguum
1672 4000 1915 4055 fructum
1964 4003 2081 4056 col-

527 4081 796 4152 legeritis,
831 4095 885 4141 et
920 4102 1100 4158 neque
1139 4104 1264 4144 esca
1311 4106 1488 4160 neque
1531 4099 1661 4161 potu
1706 4108 1883 4162 neque
1913 4094 2081 4148 vesti-

528 4182 709 4229 mento
741 4176 876 4232 satis
914 4176 1019 4233 frui
1057 4181 1378 4249 potueritis,
1421 4198 1599 4253 neque
1636 4192 1922 4253 urgentem
1952 4200 2082 4257 ege-

522 4272 718 4320 statem
750 4268 986 4333 satiare,
1020 4270 1148 4338 quia
1185 4273 1339 4326 vobis
1388 4273 1701 4329 necessaria
1747 4276 1925 4329 omnia
1984 4278 2081 4331 de-

525 4351 764 4408 fuerunt.
810 4354 951 4411 "inc
981 4361 1145 4412 etiam
1190 4361 1484 4429 pensiones
1533 4371 1762 4429 vestrm,
1813 4372 2083 4435 quotquot

524 4440 772 4496 locandis
801 4445 946 4514 agris
976 4447 1059 4500 vel
1109 4448 1234 4503 aliis
1266 4450 1586 4519 hujusmodi
1617 4457 2037 4523 comparavistis
2058 4497 2076 4524 ,

525 4529 593 4582 ad
627 4530 857 4585 nihilum
890 4534 1124 4590 redacta:
1166 4537 1386 4592 fuerunt
1420 4559 1431 4593 :
1468 4542 1667 4595 etenim
1712 4544 2081 4613 pessumdatis

524 4618 793 4677 fructibus
826 4664 840 4686 ,
878 4641 945 4678 ne
984 4628 1276 4696 pensiones
1315 4630 1535 4698 quidem
1572 4646 1601 4684 a
1642 4634 2079 4703 redemptoribus

523 4709 642 4763 dari
680 4715 971 4780 potuerint.
1031 4715 1183 4770 Sicut
1207 4725 1407 4785 {autem
1440 4721 1493 4774 in
1526 4737 1786 4779 crumena
1815 4736 1909 4780 aut
1943 4743 2079 4796 pan-

2185 893 2333 960 λαοῦ,
2361 893 2541 960 καλῶς
2568 899 2632 951 ἐκ
2657 898 2757 967 τῆς
2807 897 3193 969 πεπλασμένης
3234 896 3413 951 αὐτῶν
3454 898 3742 967 ἀπολογίας

2185 990 2415 1040 ποιεῖται
2454 987 2551 1060 τὴν
2594 989 2789 1060 ἀρχὴν,
2819 983 2963 1062 ᾗπερ
3001 988 3327 1060 κεχρημένοι
3379 988 3743 1061 εὑπροσώπιικ

2185 1078 2507 1150 καταμελεῖν
2547 1079 2762 1133 ἐδόκουν
2794 1078 2889 1133 τοῦ
2932 1078 3116 1151 ἐργου.
3142 1079 3375 1148 Λέγουσι
3398 1082 3531 1151 γὰρ,
3562 1082 3743 1150 φησὶν,

2182 1168 2333 1223 οῦπω
2362 1171 2612 1241 παρεῖναι
2642 1168 2741 1240 τῆς
2787 1170 3071 1241 οἰκοδομῆς
3106 1169 3199 1223 τοῦ
3229 1169 3359 1224 ναοῦ
3390 1170 3484 1224 τὸν
3533 1173 3743 1239 καιρὸν,

2182 1260 2259 1323 ὡς
2312 1259 2378 1314 ἂν
2438 1261 2658 1325 δικαίως
2706 1260 3031 1331 ἀμελοῦντες
3101 1260 3373 1331 φαίνοιντο
3414 1259 3518 1314 τοῦ
3566 1262 3743 1332 ἔργου.

2181 1347 2313 1405 Εἶτα
2343 1352 2726 1424 πεπλασμένην
2759 1352 2995 1423 ἐλέγχων
3017 1351 3115 1423 τὴν
3139 1352 3435 1421 ἀπολογίαν
3462 1353 3531 1405 ἐκ
3555 1353 3748 1417 κακίας

2182 1442 2496 1513 ηὑρημένην
2542 1446 2619 1507 εἰς
2652 1443 3020 1515 προκάλυμμα
3058 1445 3155 1516 τῆς
3190 1445 3482 1517 ῥᾳθυμίας,
3514 1445 3745 1513 ἐπάγει·

2188 1553 2207 1587 ι
2236 1535 2346 1589 Καὶ
2404 1536 2619 1604 ἐγένετο
2667 1536 2822 1604 λόγος
2865 1536 3071 1607 Κυρίου
3103 1538 3161 1592 ἐν
3188 1538 3330 1609 χειρὶ
3366 1537 3627 1606 Ἀγγαίου
3658 1537 3747 1590 τοῦ

2182 1626 2457 1696 προερήτου
2486 1626 2657 1695 λέγων
2681 1644 2694 1657 ·
2727 1628 2790 1679 Εἰ
2820 1626 3009 1698 καιρὸς
3039 1627 3140 1699 μέν
3166 1628 3295 1698 ὑμῖν
3326 1629 3443 1680 ἐστι
3462 1628 3561 1680 τοῦ
3582 1630 3749 1680 οἰκεῖν

2181 1714 2238 1768 ὲν
2266 1715 2431 1778 οἴκοις
2455 1715 2609 1785 ὑμῶν
2633 1715 3059 1786 κοιλοστάθμοις,
3075 1718 3103 1770 ὁ
3126 1716 3183 1770 δὲ
3201 1712 3346 1780 οἶκος
3367 1708 3524 1779 οὗτος
3554 1716 3749 1787 ἐξηρήο

2185 1820 2358 1873 μωται
2387 1820 2402 1868 ;
2445 1822 2463 1855 ι
2504 1799 2641 1861 Εἶτά
2675 1791 2840 1876 φησίν
2865 1819 2879 1834 ·
2913 1806 3050 1877 Περὶ
3081 1805 3178 1877 μὲν
3203 1805 3302 1871 τὰς
3335 1804 3630 1875 οἰκοδομὰς
3656 1806 3748 1870 τὰς

2181 1894 2386 1958 οἰκείας
2429 1893 2601 1957 οὕτως
2648 1894 3034 1960 ἐσπουδάκατε,
3088 1897 3149 1950 οὐ
3175 1896 3336 1968 μόνον
3371 1897 3513 1968 μετά
3548 1896 3748 1967 πολλῆς

2180 1984 2348 2049 αὐτὰς
2376 1984 2747 2057 ἀνεγείροντες
2772 1987 2873 2055 τῆς
2890 1988 3218 2059 προθυμίας,
3244 1988 3379 2042 ἀλλά
3412 1989 3508 2042 καὶ
3540 1988 3746 2043 καλλω-

2184 2075 2429 2140 πίζοντες
2458 2076 2626 2141 αὐτὰς
2658 2079 2756 2132 σὺν
2783 2078 2930 2151 πάσῃ
2963 2079 3188 2151 δυνάμει
3215 2096 3233 2113 ·
3252 2080 3331 2150 τῷ
3357 2080 3415 2133 δὲ
3451 2078 3567 2149 ναῷ
3604 2080 3747 2150 μόνῳ

2182 2166 2371 2236 καιρὸς
2395 2167 2683 2238 οἰκοδομῆς
2733 2168 2794 2221 ού
2830 2169 3124 2240 πάρεστιν;
3163 2171 3282 2224 οὐδὲ
3310 2169 3631 2241 αἰσχύνεσθε
3661 2171 3747 2223 τὸν

2183 2258 2361 2329 πάσης
2393 2257 2521 2329 ὑμῖν
2556 2259 2655 2329 τῆς
2689 2259 2956 2331 σωτηρίας
2988 2258 3155 2314 αἴτιον
3181 2262 3241 2314 ἐν
3280 2260 3515 2331 τοσαύτῃ
3540 2262 3744 2330 τυγχά-

2181 2365 2337 2402 νοντα
2371 2348 2731 2422 περιορῶντες
2759 2351 2984 2423 ἐρημία,
3014 2350 3237 2423 (p.415)
3269 2353 3344 2417 ώς
3374 2353 3443 2406 τὰ
3479 2354 3578 2423 μὲν
3604 2355 3744 2423 οἰκήο

2184 2458 2329 2511 ματα
2385 2442 2537 2512 ὑμῶν
2583 2442 2677 2496 καὶ
2719 2442 2996 2512 γεγονέναι
3029 2444 3170 2514 μετὰ
3195 2440 3259 2497 δὲ
3305 2445 3743 2499 κεκαλλωπίσθαι

2184 2531 2321 2601 μετὰ
2349 2532 2548 2603 πολλῆς
2596 2532 2735 2600 ἀγαν
2767 2531 2868 2601 τῆς
2923 2533 3258 2604 ἐπιμελείας,
3301 2534 3394 2588 τοῦ
3416 2534 3547 2590 ναοῦ
3574 2535 3636 2588 δὲ
3660 2536 3743 2588 τὸν

2179 2621 2341 2674 τόπον
2360 2621 2563 2692 ἐρημίᾳ
2585 2619 2975 2692 παραδεδόσθαι
3002 2621 3103 2688 έτι,
3126 2622 3294 2693 μηθὲν
3320 2624 3473 2695 ὑμῶν
3492 2626 3573 2687 εἰς
3599 2626 3742 2676 οἰκο-

2180 2710 2347 2781 δομὴν
2382 2710 2544 2764 αὑτοῦ
2594 2709 2817 2781 ποιῆσαι
2862 2711 3113 2778 καθάπαξ
3137 2712 3427 2785 ἑλομένων.
3466 2734 3485 2766 ι
3520 2716 3635 2769 Καὶ
3652 2715 3744 2769 νῦν

2180 2802 2305 2855 τάδε
2338 2802 2482 2871 λέγει
2503 2803 2703 2876 Κύριος
2724 2806 3141 2878 παντοκράτωρ·
3167 2807 3210 2859 Τ
3214 2805 3373 2871 άξατε
3400 2805 3501 2870 τὰς
3521 2807 3744 2879 καρδίας

2183 2890 2334 2960 ὑμῶν
2393 2890 2591 2954 εἰςτὰς
2627 2892 2777 2957 ὁδοὺς
2832 2892 3005 2964 ὑμῶν.
3046 2912 3064 2945 ι
3116 2892 3554 2961 Ἀναλογίσασθε,
3588 2892 3741 2961 φησί,

2181 2981 2249 3034 τὰ
2286 2980 2408 3036 καθ’
2435 2982 2659 3048 ἑαυτοὺς
2684 2986 2777 3039 καὶ
2817 2986 3150 3056 δοκιμάσατε
3198 2986 3295 3055 μὲν
3334 2983 3370 3037 ἃ
3402 2984 3745 3054 πεπράχατε,

2182 3069 2275 3125 τοῦ
2299 3070 2430 3126 ναοῦ
2478 3074 3027 3146 καταρῤᾳθυμοῦντες
3057 3074 3150 3128 τοῦ
3196 3074 3361 3140 θείου,
3389 3074 3511 3127 τίνα
3539 3075 3598 3128 δὲ
3623 3076 3745 3145 ύμΞν

2182 3164 2247 3216 ἐκ
2270 3162 2458 3217 τούτου
2482 3163 2843 3235 συμϐέϐηκεν.
2881 3163 3116 3235 Εῦδηλον
3145 3164 3252 3235 γὰρ
3274 3166 3355 3218 ὅτι
3390 3164 3543 3229 ὁδοὺς
3571 3164 3745 3218 αὐτῶν

2180 3251 2281 3316 τὰς
2318 3252 2544 3323 πράξεις
2572 3253 2751 3308 αὐτῶν
2780 3252 2953 3319 καλεῖ,
2985 3252 3168 3317 καθὼς
3196 3252 3402 3309 είωθεν.

2254 3343 2401 3414 Στίχ.
2432 3350 2588 3414 «ς’-η’.
2635 3372 2705 3385 ——-
2742 3339 2878 3398 Εἶτα
2898 3344 3048 3414 λέγει
3072 3362 3086 3377 ·
3142 3363 3160 3397 ι
3205 3343 3529 3416 Ἐσπείρατε
3556 3342 3744 3409 πολλὰ,

2186 3435 2645 3504 καὶείσηνέγκατε
2663 3436 2836 3505 ὀλίγα·
2866 3437 3119 3506 ἐφάγετε,
3151 3438 3245 3492 καὶ
3272 3438 3370 3490 οὐκ
3398 3439 3479 3502 εἰς
3506 3437 3744 3509 πλησμο-

2187 3532 2311 3600 νήν·
2350 3530 2530 3582 ἐπίετε
2550 3568 2565 3593 ,
2608 3530 2704 3582 καὶ
2734 3529 2835 3582 οὐκ
2867 3530 2947 3592 εἰς
2977 3529 3167 3600 μέθην·
3211 3529 3629 3601 περιεϐάλεσθε,
3658 3530 3745 3583 καί

2185 3623 2285 3676 οὐκ
2312 3622 2681 3695 ἐθερμάνθητε
2713 3622 2770 3677 ἐν
2802 3623 3003 3686 αὐτοῖς·
3037 3624 3132 3677 καὶ
3156 3625 3184 3677 ό
3211 3624 3337 3687 τοὺς
3365 3623 3595 3693 μισθοὺς
3624 3640 3743 3676 συν-

2187 3715 2367 3784 άγων,
2419 3716 2721 3785 συνήγαγεν
2753 3717 2833 3780 εἰς
2873 3714 3071 3787 δεσμὸν
3099 3714 3531 3785 τετρυπημένον.
3561 3733 3583 3767 ι
3634 3714 3744 3768 Ἑν-

2184 3809 2411 3878 νοήσατε
2439 3806 2547 3878 γὰρ
2572 3808 2629 3860 ἐν
2656 3808 2755 3879 ὅσῃ
2796 3808 2885 3862 διά
2920 3808 3019 3879 τὴν
3071 3805 3341 3878 ῥᾳθυμίαν
3371 3806 3594 3876 ἐκείνην
3622 3823 3744 3861 κατ-

2184 3900 2377 3969 έστητε
2403 3900 2578 3969 ἐνδείᾳ
2604 3916 2663 3952 τε
2697 3900 2791 3953 καί
2824 3901 3015 3954 σπάνει
3038 3898 3146 3952 τῶν
3170 3898 3484 3967 ἀναγκαίων
3502 3915 3516 3929 ·
3543 3899 3621 3963 ὡς
3644 3896 3746 3951 ἀπὸ

2185 3989 2392 4043 πολλῶν
2442 3992 2540 4060 μὲν
2587 3991 2915 4061 σπερμάτων
2947 3990 3150 4062 βραχὺν
3194 3990 3470 4059 συλλέγειν
3514 3989 3741 4061 καρπὸν,

2185 4080 2474 4135 ἀπολαύειν
2519 4083 2574 4135 δέ
2608 4082 2683 4153 μὴ
2713 4082 2940 4154 τροφῆς,
2975 4082 3048 4153 μὴ
3090 4082 3275 4146 πότου,
3314 4080 3389 4152 μὴ
3434 4080 3744 4151 ἐνδυμάτων

2183 4173 2320 4244 πρὸς
2355 4174 2514 4258 κόρρν
2542 4174 2640 4243 τῆς
2669 4172 3096 4244 κατεπειγούσης
3123 4174 3311 4244 χρείας
3335 4213 3351 4239 ,
3400 4172 3496 4226 ἀτε
3528 4171 3743 4226 πάντων

2184 4264 2555 4328 σπανιζόντων
2582 4265 2708 4336 ὑμῖν
2735 4264 2843 4317 τῶν
2868 4265 3199 4333 ἀναγκαίων.
3236 4265 3329 4317 Ἐκ
3355 4263 3411 4316 δέ
3440 4264 3634 4316 τούτου
3654 4262 3743 4315 καὶ

2181 4355 2253 4409 τὰ
2302 4355 2625 4427 μισθώματα
2677 4356 2825 4427 ὑμῖν,
2877 4357 2953 4419 ὡς
2999 4356 3163 4421 εἰκὸς,
3210 4357 3415 4426 ὅσαπερ
3476 4352 3743 4407 ἐποιεῖσθε

2183 4447 2386 4515 ἀγρούς
2412 4463 2473 4499 τε
2511 4446 2927 4515 ἐκμισθοῦντες,
2970 4446 3065 4500 καὶ
3090 4446 3264 4500 ὁπόσα
3306 4446 3368 4515 δὴ
3408 4445 3635 4498 τοιαῦτα
3669 4445 3743 4505 εἰς

2180 4539 2331 4593 οὐδὲν
2374 4539 2582 4607 ἐγίνετο
2613 4539 2802 4609 ὄφελος
2823 4555 2836 4568 ·
2887 4539 3072 4609 ἐπειδὴ
3115 4538 3221 4591 τῶν
3249 4537 3477 4606 καρπῶν
3509 4535 3742 4590 ἀπολλυ-

2185 4632 2379 4702 μένων,
2408 4631 2529 4684 ούδέ
2553 4630 2622 4684 τὰ
2642 4628 2974 4701 μισθώματα
3006 4631 3132 4699 ὑμῖν
3159 4629 3308 4701 παρά
3330 4628 3440 4680 τῶν
3470 4627 3743 4698 ἐκλαμϐα-

2181 4721 2377 4775 νόντων
2406 4720 2671 4773 τελεῖσθαι
2714 4719 2933 4773 δυνατὸν
2976 4719 3263 4790 ὑπῆρχεν.,
3284 4718 3354 4787 (p.
3377 4717 3502 4785 ⁴116)
3536 4717 3741 4783 Ὠσπερ

524 4802 705 4857 niculo
734 4813 827 4858 aut
868 4807 1063 4874 quovis
1095 4809 1203 4862 alio
1239 4810 1555 4877 involucro,
1603 4814 1745 4885 quod
1794 4825 2076 4887 pertusum

2184 4811 2237 4865 δὲ
2269 4813 2327 4865 ἐν
2355 4809 2621 4881 βαλαντίῳ
2652 4811 2684 4882 ἢ
2717 4810 2871 4881 ράκει
2898 4811 2933 4880 ἦ
2958 4826 3061 4862 τινι
3091 4810 3225 4871 ὅλως
3256 4806 3551 4876 ἀποδέσμῳ
3580 4807 3629 4858 εἰ
3654 4822 3740 4857 τε·

526 4891 720 4957 fuerit,
757 4899 1069 4952 coacervari
1104 4908 1387 4969 argentum
1418 4905 1606 4973 nequit
1634 4943 1648 4968 ,
1682 4905 1827 4973 quod
1858 4908 2083 4963 omnino

522 4984 768 5040 elllueret
811 5000 874 5039 ac
905 4989 1127 5057 periret,
1171 4990 1253 5045 sic
1289 4995 1455 5045 etiam
1493 4995 1850 5062 pereuntibus
1889 4995 2083 5052 fructi-

523 5074 662 5137 bus,
710 5083 923 5130 vestras
959 5092 1176 5146 quoque
1228 5080 1525 5148 pensiones
1572 5079 1821 5150 deperire
1854 5096 2083 5137 necesse

522 5164 645 5219 fuit.
672 5184 692 5217 ι
719 5165 844 5220 Haec
875 5167 952 5221 ait
978 5166 1240 5225 Dominus
1262 5171 1608 5242 omnipotens
1640 5190 1651 5225 :
1684 5170 1879 5226 Ponite
1907 5172 2077 5226 corda

519 5262 702 5308 vestra
734 5255 801 5310 ad
834 5256 953 5312 vias
994 5265 1252 5314 vestras:
1292 5261 1576 5317 ascendite
1618 5262 1670 5315 in
1717 5270 1959 5317 montem
1985 5303 2000 5328 ,
2029 5272 2084 5317 et

520 5347 801 5415 praecidite
824 5348 1006 5419 ligna,
1037 5358 1093 5406 et
1120 5350 1365 5416 deferte,
1398 5368 1462 5408 ac
1488 5354 1752 5423 templum
1784 5354 2072 5421 aedificate,

519 5442 574 5489 et
599 5435 916 5493 delectabar
942 5438 999 5494 in
1027 5454 1091 5495 eo
1115 5481 1131 5506 ,
1159 5450 1215 5495 et
1238 5441 1609 5511 glorificabor,
1641 5443 1718 5496 ait
1744 5441 2029 5499 Dominus.
2058 5462 2078 5495 ι

521 5523 614 5579 Eia
651 5540 784 5598 ergo
816 5527 934 5583 haec
968 5540 1282 5600 reputantes
1302 5572 1317 5597 ,
1349 5534 1515 5587 facite
1542 5549 1662 5601 qua:
1694 5533 1963 5589 hactenus
1990 5550 2085 5590 ne-

521 5615 804 5685 glexistis,
838 5619 1002 5693 274
1032 5630 1087 5677 et
1113 5622 1184 5679 de
1215 5624 1420 5694 templo
1466 5625 1804 5679 exstruendo
1860 5627 2079 5682 solliciti

521 5715 731 5776 estote,
766 5709 913 5780 ligna
949 5713 1347 5784 praecidentes,
1380 5728 1445 5771 ac
1482 5715 1693 5788 reliqua
1730 5715 2079 5774 aediﬁcationi

522 5808 716 5859 Idonea
765 5803 938 5859 multo
985 5820 1111 5861 cum
1159 5807 1324 5864 animi
1372 5806 1586 5866 fervore
1634 5818 1916 5875 parantes.
1962 5809 2080 5879 Ego

2178 4902 2525 4976 τρυπημένον
2565 4900 2670 4973 εἴη,
2702 4902 3050 4971 συλλέγεσθαι
3088 4899 3352 4972 ἀργύριον
3376 4898 3629 4969 οὐδαμῶς
3653 4897 3740 4951 δυ·

2178 4995 2358 5061 νατὸν,
2374 4994 2685 5048 διεκπίπτον
2714 4994 2807 5047 καί⁸
2833 4993 3199 5063 ἀπολλύμενον
3229 4991 3465 5055 πάντως,
3484 4989 3659 5051 οῦτως
3676 4991 3739 5057 τῇ

2179 5084 2287 5137 τῶν
2321 5082 2546 5154 καρπῶν
2579 5082 2822 5153 ἀπωλείᾳ
2855 5082 2950 5135 καὶ
2984 5080 3052 5134 τὰ
3085 5078 3414 5151 μισθώματα
3456 5079 3587 5148 ὑμῖν
3622 5094 3743 5129 συν-

2180 5173 2581 5245 διαφθείρεσθαι
2611 5175 2903 5242 ἀναγκαῖον
2930 5173 3193 5243 ὑπῆρχεν.
3235 5189 3253 5222 ι
3280 5170 3419 5222 Τάδε
3448 5169 3597 5237 λέγει
3634 5167 3744 5220 Κύ-

2187 5282 2299 5337 ριος
2331 5266 2724 5335 παντοκράτωρ
2744 5282 2757 5294 ·
2789 5262 2957 5317 Θέσθε
2979 5263 3077 5326 τὰς
3106 5263 3332 5333 καρδίας
3361 5260 3516 5330 ὑμῶν
3539 5262 3616 5322 εἰς
3646 5259 3745 5319 τὰς

2181 5354 2333 5416 ὁδοὺς
2364 5353 2544 5424 ὑμῶν·
2580 5352 2812 5423 ἀνάϐητε
2843 5354 2934 5406 ἐπὶ
2963 5353 3023 5406 τὺ
3056 5352 3202 5425 ὅρος,
3234 5352 3328 5406 καὶ
3357 5351 3563 5420 κόψατε
3590 5348 3744 5414 ξύλα,

2181 5444 2274 5496 καὶ
2302 5442 2504 5507 οῐσατε,
2530 5446 2625 5497 καί
2653 5445 3041 5515 οἰκοδομήσατε
3069 5444 3235 5507 οἰκον,
3263 5445 3356 5497 καὶ
3382 5443 3663 5512 εὐδοκήσω
3691 5441 3745 5491 ἐν

2182 5532 2331 5604 αύτῷ
2363 5534 2458 5587 καί
2486 5534 2959 5606 ἐνδοξασθήσομαι,
2992 5530 3111 5587 εἰπε
3144 5534 3367 5603 Κύριος.
3400 5552 3419 5584 ι
3459 5530 3621 5584 Ἀλλά
3639 5529 3748 5598 γὰρ

2185 5621 2355 5676 ταῦτα
2382 5623 2849 5694 ἀναλογισάμενοι,
2883 5624 3242 5697 διορθώσασθε
3274 5623 3374 5695 μὲν
3397 5623 3467 5677 τά
3494 5621 3585 5675 νῦν
3616 5620 3747 5693 παρ’

2186 5714 2340 5785 ὑμῶν
2363 5713 2728 5786 ἀμελούμενα,
2755 5717 2851 5770 καὶ
2874 5718 3191 5789 φροντίσατε
3218 5718 3318 5788 τῆς
3343 5716 3634 5787 οἰκοδομῆς
3650 5713 3747 5769 τοῦ

2185 5804 2314 5862 ναοῦ
2334 5821 2362 5874 Ἀ
2388 5806 2519 5874 ξύλα
2549 5823 2610 5860 τε
2640 5807 2982 5880 ἐκτεμόντες,
3011 5809 3103 5864 καί
3127 5809 3197 5864 τά
3224 5809 3388 5864 λοιπά
3421 5808 3486 5881 δὴ
3512 5807 3577 5862 τά
3608 5806 3744 5879 πρὸς
