3934 6530
157 329 253 389 εει

1130 327 1681 387 COMMENTARIUS
1741 325 1809 383 1N
1880 310 2115 387 Adam
2151 335 2303 392 car.
2335 337 2372 392 ι.

3268 342 3372 398 682

156 447 249 517 τὴν
274 445 561 517 οἰκοδομὴν
589 446 864 517 ἐπιτήδεια
906 445 1044 516 μετὰ
1075 446 1276 516 πολλῆς
1306 444 1702 515 εἰσενέγκαντες

1812 459 1944 500 vero
1980 446 2226 502 vicissim
2272 448 2376 502 hoc
2414 456 2597 505 vestro
2629 450 2818 522 templi
2857 451 3087 510 aedilicio
3123 456 3367 516 delecta-

153 539 250 606 τῆς
276 537 584 609 προθυμίας
605 555 619 569 ι
666 536 914 607 ἀρεσθεὶς
946 536 1003 590 δὲ
1036 538 1129 592 καὶ
1159 537 1320 601 αὐτὸς
1347 539 1414 609 τῇ
1444 534 1711 608 γενομένῃ

154 631 282 700 παρ’
318 629 471 699 ὑμῶν
509 629 759 699 οἰκοδομῇ
786 627 880 681 τοῦ
903 627 1053 690 ναοῦ,
1082 629 1302 683 τοιαῦτα
1329 630 1409 692 εἰς
1442 628 1712 699 ὑμετέραν

152 720 466 791 εὐεργεσίαν
490 720 807 790 ἐργάσομαι,
838 718 871 772 ά
905 720 1053 790 παρὰ
1079 720 1210 772 πᾶσί
1243 736 1308 789 με
1338 719 1550 787 ποιήσει
1574 719 1711 784 γνώ-

153 830 332 881 ριμον,
361 811 436 875 ὡς
462 812 692 881 μέγιστα
723 811 845 871 τοὺς
890 810 1068 882 εὐνοίᾳ
1100 828 1188 881 μοι
1221 810 1499 863 πείθεσθαι
1528 809 1711 881 βουλο-

150 904 347 976 μένους
371 904 664 973 δυνάμενον
691 901 940 970 ὠφελεῖν.

218 994 366 1063 Στίχ.
396 992 558 1045 θ’-ια¹.
600 1022 655 1033 -—-
703 986 833 1044 Εἶτα
862 991 1020 1045 πάλιν
1056 991 1482 1063 ὑπομιμνήσκων
1513 991 1709 1055 αὐτοὺς

146 1076 220 1139 ὧν
244 1085 307 1137 τὸ
338 1085 597 1155 πρότερον
636 1082 722 1135 διὰ
753 1082 849 1152 τὴν
882 1082 1148 1152 ρᾳθυμίαν
1177 1082 1464 1152 ὑπέμενον,
1504 1082 1598 1136 καὶ
1626 1084 1703 1134 εἰς

144 1175 282 1241 πὼν,
336 1194 353 1225 ι
378 1174 742 1243 Ἐπεϐλέψατε
784 1175 863 1237 είς
904 1172 1105 1238 πολλὰ,
1150 1174 1244 1227 καὶ
1286 1174 1499 1242 ἐγένετο
1529 1173 1705 1242 ὀλίγα,

142 1268 238 1322 καὶ
260 1266 548 1337 εἰσηνέχθη
587 1268 665 1329 εἰς
695 1265 786 1317 τὸν
810 1262 977 1331 οἶκον,
1021 1266 1115 1319 καὶ
1145 1265 1451 1338 ἐξεφύσησα
1492 1266 1647 1319 αὑτά.
1682 1284 1700 1317 ι

142 1362 256 1414 Ἵνα
276 1360 409 1431 εἴπῃ
423 1360 523 1412 ὂτυ
544 1359 679 1411 Οὔτε
696 1359 820 1423 τοὺς
835 1359 1077 1431 καρποὺς
1102 1360 1227 1431 ὑμῖν
1245 1360 1308 1412 ἐκ
1333 1360 1431 1431 τῆς
1446 1358 1550 1429 γῆς
1567 1376 1707 1431 παρ-

139 1450 357 1520 έχεσθαι
392 1448 553 1502 εἴων·
589 1449 778 1502 καὶτὰ
812 1449 1071 1503 δοκοῦντα
1109 1450 1385 1518 γίνεσθαι,
1419 1448 1702 1504 ἀπόλλυον.

146 1541 382 1610 Ἑτέρως
428 1539 657 1606 ἐπάγει·
717 1557 736 1590 ι
775 1539 873 1591 Διὰ
911 1538 1068 1592 τοῦτο
1118 1539 1242 1592 τάδε
1299 1540 1444 1609 λέγει
1503 1538 1706 1611 Κύριος

136 1629 533 1701 παντοκράτωρ
553 1668 569 1693 ,
614 1627 633 1698 (
649 1644 700 1698 p.
729 1628 829 1682 «H7
853 1629 871 1699 )
898 1628 1037 1682 ⁹Ανθ’
1062 1621 1136 1682 ὧν
1166 1630 1195 1682 6
1224 1625 1371 1693 οἶκός
1415 1646 1517 1700 μου
1559 1629 1706 1681 ἐστὶν

134 1724 365 1793 ἔρημος,
381 1722 538 1793 ὑμεῖς
563 1721 619 1773 δὲ
644 1720 863 1774 διώκετε
885 1721 1110 1783 ἕκαστος
1133 1722 1211 1784 εἰς
1239 1721 1328 1774 τὸν
1350 1716 1495 1773 οἰκον
1516 1719 1701 1785 αὑτοῦ,

1811 542 1937 601 tus,
1972 551 2034 592 ea
2068 538 2225 595 vobis
2263 539 2529 595 beneﬁcia
2564 541 2840 599 conferam
2864 587 2879 611 ,
2913 562 3033 617 quae
3063 563 3151 605 me
3186 552 3364 621 palam

1811 628 2137 695 ostendent,
2190 630 2315 687 illos
2350 636 2583 692 maxime
2611 636 2805 708 juvare
2835 642 3102 700 valentem
3138 646 3231 717 qui
3270 647 3370 703 he-

1810 721 2006 776 nevolo
2024 722 2290 793 obsequio
2322 725 2453 781 mihi
2487 720 2769 785 obediunt.

1880 998 2048 1053 Vens.
2092 1000 2243 1054 9-H.
2279 1030 2344 1039 η-
2379 1001 2595 1060 Rursus
2648 1019 2836 1076 postea
2894 1028 3364 1087 commemorans,

1808 1104 1928 1159 quae
1960 1084 2128 1145 'antea
2183 1103 2403 1163 propter
2452 1112 2606 1151 suam
2652 1102 2941 1170 segnitiem
2983 1084 3361 1180 pertulerunt,

1806 1180 1921 1233 ait:
1956 1197 1975 1232 ι
2007 1180 2346 1252 Respexistis
2370 1185 2436 1239 ad
2482 1190 2672 1257 multa,
2706 1201 2758 1245 et
2801 1192 2943 1248 facta
2983 1208 3111 1253 sunt
3152 1216 3320 1270 pauca
3347 1246 3362 1269 ,

1805 1277 1860 1324 et
1890 1271 2038 1325 illata
2066 1284 2195 1327 sunt
2223 1275 2278 1327 in
2307 1275 2567 1345 domum,
2602 1288 2656 1334 et
2685 1282 2965 1340 exsutllavi
2996 1302 3080 1344 ea.
3114 1310 3131 1341 ι
3164 1290 3217 1345 Id
3242 1304 3361 1360 est,

1810 1358 1889 1415 Ne
1918 1362 2103 1433 fruges
2132 1365 2348 1432 quidem
2375 1368 2576 1422 vobisa
2606 1380 2747 1425 terra
2779 1376 3115 1444 suppeditari
3139 1381 3241 1436 sivi
3270 1401 3283 1436 :
3312 1358 3365 1438 ct

1806 1466 1926 1520 quae
1955 1462 2095 1507 natae
2128 1457 2472 1521 videbantur.
2503 1476 2595 1517 eas
2624 1468 2998 1531 pessumdedi.
3024 1469 3161 1525 Tum
3188 1480 3364 1545 pergit

1808 1541 1988 1598 dicere
2017 1563 2028 1599 :
2063 1564 2080 1596 ι
2103 1546 2398 1617 Propterea
2430 1551 2544 1606 haec
2575 1554 2652 1606 ait
2682 1553 2945 1614 Dominus
2975 1541 3320 1634 omnipotens
3346 1590 3359 1622 ς

1812 1626 1948 1693 Quia
1964 1629 2158 1687 domus
2177 1649 2294 1689 mea
2336 1638 2550 1696 deserta
2576 1652 2693 1710 est,
2720 1661 2818 1703 vos
2850 1657 3030 1705 autem
3059 1660 3364 1725 properatis

1805 1726 2179 1797 unusquisque
2201 1728 2253 1782 in
2278 1733 2547 1802 pmpriam
2573 1735 2819 1802 domum,
2839 1740 3046 1797 idcirco
3069 1745 3364 1804 abstinebit

132 1814 217 1866 διὰ
262 1814 423 1866 τοῦτο
469 1812 644 1877 ἀνέξει
692 1815 720 1864 6
766 1812 989 1882 οὐρανὸς
1036 1812 1142 1864 άπὸ
1168 1812 1393 1883 δρόσου,
1434 1812 1527 1864 καὶ
1567 1812 1700 1883 ὴγῆ

1807 1816 2005 1869 coelum
2044 1832 2071 1868 a
2105 1834 2263 1883 rore,
2313 1830 2367 1875 et
2417 1833 2561 1878 terra
2614 1829 2901 1886 subtrahet
2944 1838 3360 1903 procreationes

131 1905 398 1957 πελεῖται
443 1906 508 1956 τὰ
538 1904 765 1974 ἐκφόρια
807 1903 977 1972 αὐτῆς
1022 1906 1107 1973 ἐφ’
1144 1904 1324 1975 ὑμᾶς’
1377 1905 1470 1957 καὶ
1518 1904 1701 1970 ἐπάξω

131 1998 410 2067 ῥομφαίαν
452 1996 544 2049 ἐπὶ
571 1995 668 2066 τὴν
694 1996 815 2064 γῆν,
852 1997 945 2048 καὶ
979 1996 1071 2049 ἐπὶ
1102 1996 1171 2049 τὰ
1197 1996 1321 2068 ὅρη,
1357 1997 1450 2051 καὶ
1487 1998 1577 2049 ἐπὶ
1609 1998 1701 2051 τὸν

132 2091 300 2151 σῖτον,
336 2090 429 2141 καὶ
465 2089 556 2141 ἐπὶ
589 2087 678 2140 τὸν
707 2081 867 2151 οἶνον,
899 2088 993 2141 καὶ
1024 2088 1115 2141 ἐπὶ
1145 2088 1206 2140 τὸ
1241 2088 1439 2148 ἔλαιον,
1477 2088 1570 2141 καὶ
1610 2089 1702 2140 ἐπὶ

130 2182 312 2233 πάντα
344 2180 446 2231 ὅσα
488 2178 708 2251 ἐκφέρει
748 2180 782 2249 ή
813 2178 907 2248 γῆ,
939 2178 1032 2231 καὶ
1070 2178 1161 2231 ἐπὶ
1194 2179 1319 2240 τοὺς
1359 2177 1697 2248 ἀνθρώπους,

129 2273 224 2326 καὶ
262 2272 361 2324 ἐπὶ
387 2271 459 2325 τά
490 2272 684 2342 κτήνη,
715 2272 809 2324 καί¹
841 2271 934 2323 ἐπὶ
963 2271 1171 2334 πάντας
1202 2272 1326 2334 τοὺς
1368 2272 1560 2333 πόνους
1592 2270 1700 2323 τῶν

129 2362 330 2433 χειρῶν
360 2359 561 2415 αὐτῶν.
603 2379 621 2411 ι
665 2357 920 2413 Βούλεται
959 2358 1016 2412 δὲ
1045 2358 1132 2411 διὰ
1159 2358 1361 2411 τούτων
1398 2359 1593 2422 αὐτοὺς
1625 2352 1700 2412 ὧν

128 2452 462 2521 ἀμελοῦντες
508 2449 604 2503 τοῦ
640 2449 768 2504 ναοῦ
813 2449 1146 2503 πεπόνθεσαν
1190 2448 1517 2519 ὑπομνῆσαι.
1570 2448 1700 2500 Ὅτε

127 2546 258 2615 γάρ,
290 2544 447 2613 φησὶ,
474 2542 565 2595 τὸν
603 2538 749 2595 οἷκον
776 2540 867 2593 τὸν
897 2540 1027 2612 ἐμὸν
1057 2542 1114 2593 ἐν
1145 2540 1350 2611 ἐρημίᾳ
1374 2539 1703 2610 τυγχάνοντα

126 2638 520 2710 περιορῶντες,
556 2636 683 2707 περὶ¹
723 2636 822 2705 τὴν
848 2634 1134 2706 οἰκοδομὴν
1160 2637 1267 2689 τῶν
1308 2634 1471 2689 οἴκων
1503 2637 1701 2688 ἐσπου-

125 2730 318 2794 δάζετε
354 2728 463 2780 τῶν
500 2728 663 2790 ἰδίων,
702 2727 845 2792 τότε,
876 2728 1059 2798 φησὶν,
1090 2729 1118 2780 ὃ
1162 2744 1222 2780 τε
1253 2727 1407 2790 ὑετὸς
1433 2726 1698 2797 ἐπείχετο,

123 2825 217 2875 καὶ
266 2824 303 2893 ἡ
354 2822 427 2892 γῆ
474 2820 565 2875 τὸν
609 2820 818 2891 καρπὸν
844 2820 942 2874 οὐκ
974 2820 1181 2885 ἐδίδου,
1222 2820 1316 2873 καί⁸
1364 2819 1551 2891 ὥσπερ
1596 2820 1703 2873 τινὶ

126 2916 271 2985 ξίφει
324 2915 533 2975 πάντας
570 2913 697 2975 τοὺς
738 2913 830 2966 ἐπὶ
869 2916 968 2984 τῆς
1000 2913 1101 2981 γῆς
1131 2911 1389 2982 ἠφάνιζον
1434 2912 1698 2983 καρποὺς,

124 3007 439 3076 ἁπτόμενος
490 3005 584 3059 καὶ
638 3003 937 3075 ἀνθρώπων
988 3004 1081 3057 καὶ
1140 3003 1349 3069 κτηνῶν
1402 3001 1661 3065 πολλάκις
1683 3044 1699 3069 ,

1806 1920 1936 1962 suas
1964 1908 2138 1963 vobis.
2172 1909 2237 1963 Et
2268 1913 2524 1970 inducam
2570 1919 2809 1989 gladium
2852 1938 3020 1994 super
3048 1934 3280 1993 terram,
3311 1939 3366 1986 et

1803 2013 1968 2069 super
1998 2014 2210 2059 montes
2232 2044 2247 2069 ,
2276 2018 2330 2062 et
2359 2023 2527 2080 super
2551 2012 2825 2080 triticum,
2855 2026 2909 2073 et
2942 2034 3108 2091 super
3137 2024 3319 2079 vinum
3346 2065 3363 2090 ,

1802 2097 1856 2144 et
1889 2106 2060 2161 super
2089 2095 2271 2151 oleum
2294 2138 2309 2165 ,
2346 2109 2400 2153 et
2432 2118 2601 2172 super
2631 2107 2814 2161 omnia
2860 2124 2982 2180 qua:
3033 2114 3197 2170 tellus
3244 2132 3368 2186 ger-

1802 2184 2003 2252 minat,
2044 2197 2098 2244 et
2137 2206 2300 2260 super
2336 2193 2622 2266 homines,
2679 2208 2735 2256 et
2789 2218 2962 2277 super
2986 2184 3273 2277 iumenta,
3311 2224 3366 2270 et

1801 2274 2017 2333 labores
2044 2283 2317 2349 quoslibet
2348 2300 2607 2343 manuum
2646 2274 3029 2351 vestrarum.»
3058 2297 3154 2357 His
3184 2274 3366 2360 verbis

1800 2366 1918 2419 vult
1947 2369 2029 2424 eis
2060 2370 2116 2424 in
2150 2376 2470 2430 memoriam
2505 2394 2765 2438 revocare
2801 2400 2925 2455 qua:
2952 2388 3024 2443 ob
3058 2392 3363 2462 neglectum

1799 2459 2064 2529 templum
2113 2464 2259 2518 mala
2312 2470 2671 2535 pertulerant.
2722 2472 2859 2531 Dum
2912 2480 3095 2545 enim,
3134 2459 3364 2555 inquit,

1799 2548 2062 2616 templum
2111 2566 2291 2606 meum
2343 2554 2397 2608 in
2432 2558 2689 2615 vastitate
2730 2563 2915 2631 jacere
2957 2548 3241 2637 sinentes,
3273 2548 3368 2627 ve;

1800 2644 2037 2691 strarum
2068 2639 2264 2695 mdium
2294 2646 2651 2702 exstructioni
2680 2665 2902 2720 operam
2936 2655 3186 2727 dabatis;
3214 2669 3366 2730 tunc,

1802 2724 2005 2795 inquit,
2041 2727 2218 2783 imber
2245 2733 2556 2801 prohibitus
2584 2736 2708 2805 fuit,
2733 2743 2896 2798 tellus
2918 2744 3103 2817 fruges
3130 2724 3366 2821 negavit,

1801 2821 1853 2869 et
1886 2816 2121 2884 quodam
2155 2820 2324 2875 veluti
2357 2824 2543 2893 gladio
2568 2842 2800 2888 cunctos
2834 2849 2935 2904 ego
2961 2816 3120 2893 terra:
3152 2816 3368 2899 fructus

1801 2906 2088 2976 destruxi,
2141 2910 2459 2970 hominibus
2510 2932 2731 2989 quoque
2780 2938 2845 2980 ac
2892 2924 3161 2996 jumentis
3216 2932 3365 2988 haud

1803 3014 1933 3055 raro
1985 3004 2311 3073 percussis;
2366 3012 2582 3067 cunctis
2630 3014 2897 3087 denique,
2943 3027 3002 3074 ut
3054 3028 3366 3081 summatim

124 3100 309 3154 πάντα
331 3114 388 3150 τε
422 3096 702 3166 συντόμως
730 3097 899 3148 εἰπεῖν
919 3094 1153 3158 ἀπολλὺς
1172 3095 1311 3166 ὑπὲρ
1331 3085 1405 3147 ὧν
1434 3096 1697 3146 ἐπονεῖτε.

1807 3092 1981 3146 dicam
2003 3134 2018 3159 ,
2052 3094 2335 3152 laboribus
2364 3102 2561 3157 vestris
2594 3085 2982 3173 pessumdatis.
3014 3110 3133 3166 Jam
3165 3126 3367 3185 praeter

137 3189 263 3242 Ἐπὶ
288 3189 399 3258 γάρ
428 3191 493 3257 τῇ
528 3189 811 3257 προτροπῇ
837 3185 930 3238 τοῦ
962 3185 1228 3255 ἀναϐῆναι
1256 3187 1351 3239 καὶ⁵
1384 3185 1546 3254 κόψαι
1569 3184 1698 3251 ξύλα

124 3282 373 3348 ἐνεγκεῖν
398 3297 460 3331 τε
506 3280 600 3332 καὶ
627 3276 905 3347 φροντίσαι
936 3278 1035 3347 τῆς
1065 3277 1368 3348 οἰκοδομῆς,
1392 3277 1563 3331 ταῦτα
1604 3279 1703 3329 ἐπ-

124 3374 329 3443 ήγαγε,
354 3374 423 3441 τῇ
458 3370 643 3441 μνήμῃ
692 3370 796 3421 τῶν
840 3368 1137 3437 γεγονότων
1166 3367 1343 3437 φοϐῶν
1386 3367 1581 3431 αὐτοὺς
1626 3367 1700 3439 μὴ

127 3465 393 3536 ὀαθύμως
418 3461 673 3528 δέξασθαι
700 3461 761 3513 τὸ
789 3460 1092 3531 ἐπίταγμα.
1132 3460 1359 3529 Ἐπάγει
1387 3460 1519 3530 γοῦν
1543 3478 1556 3490 ⁸

193 3639 350 3707 Στίχ.
385 3620 567 3706 ιβ’-ιδ’.
597 3667 665 3676 —
708 3654 726 3687 ‹
754 3635 992 3689 Ἤκουσε
1022 3633 1323 3706 Ζοροϐάϐελ
1350 3636 1378 3688 ὁ
1401 3633 1494 3689 τοῦ
1528 3635 1699 3689 Σαλα-

123 3729 249 3800 θιὴλ
281 3732 350 3782 ἐκ
383 3727 558 3798 φυλῆς
604 3726 792 3791 Ἰούδα,
824 3727 919 3780 καὶ
957 3725 1160 3797 Ἰησοῦς
1202 3729 1230 3780 ὁ
1262 3726 1355 3779 τοῦ
1397 3725 1637 3780 Ἰωσεδὲκ
1670 3728 1699 3780 6

122 3816 310 3886 ἱερεὺς
340 3816 371 3867 6
404 3814 599 3886 μέγας,
641 3815 735 3867 καὶ
776 3815 975 3877 πάντες
1007 3816 1055 3867 οἱ
1082 3816 1395 3868 κατάλοιποι
1419 3816 1512 3868 τοῦ
1547 3815 1697 3884 λαοῦ,

116 3906 223 3973 τῆς
248 3906 443 3974 φωνῆς
470 3905 676 3976 Κυρίου
701 3904 793 3957 τοῦ
823 3904 958 3958 Θεοῦ
1001 3905 1200 3971 αὐτῶν,
1232 3906 1325 3959 καὶ
1370 3907 1477 3959 τῶν
1526 3906 1700 3975 λόγων

127 3999 403 4068 Ἀγγαίου
435 3996 528 4049 τοῦ
556 3998 858 4069 προφήτου,
897 3998 1083 4052 καθότι
1120 3998 1499 4064 ἐξαπέστειλεν
1538 4000 1703 4053 αὑτὸν

112 4089 336 4161 Κύριος
366 4092 397 4143 6
443 4088 573 4152 Θεὸς
617 4088 794 4143 αὐτῶν
823 4089 958 4161 πρὸς
990 4091 1205 4153 αὐτοὺς,
1248 4090 1342 4144 καὶ
1387 4090 1628 4162 ἐφοϐήθη
1676 4094 1704 4146 6

108 4182 245 4246 λαὸς
272 4182 392 4237 ἀπὸ
426 4180 717 4252 προσώπου
747 4182 971 4253 Κυρίου.
1005 4200 1024 4233 ι
1074 4184 1296 4247 Δεικνὺς
1342 4183 1423 4236 ὅτι
1470 4184 1569 4236 οὐκ
1608 4185 1703 4238 άν-

109 4274 359 4343 ωφελεῖς
390 4274 443 4326 οἱ
472 4274 618 4341 λόγοι
657 4274 911 4343 γεγόνασι
954 4274 1091 4344 πρὸς
1134 4276 1363 4339 αὐτοὺς,
1412 4276 1614 4341 πάντες
1645 4276 1703 4329 δὲ

1805 3185 2247 3242 exhortationem
2303 3200 2359 3244 ut
2395 3191 2463 3245 ad
2496 3198 2842 3262 praecidenda
2879 3217 2943 3257 ac
2973 3204 3261 3262 deferenda
3303 3210 3371 3263 li-

1802 3292 1908 3347 gna
1938 3280 2300 3337 ascenderem
2324 3324 2339 3349 ,
2376 3294 2431 3338 et
2461 3288 2677 3344 aedilicii
2712 3307 2899 3348 curam
2941 3308 3223 3367 gererent,
3256 3302 3371 3357 hac

1802 3368 2047 3436 addidit,
2094 3374 2497 3443 praeteritorum
2547 3382 2809 3439 nimirum
2851 3392 3112 3445 memoria
3159 3402 3370 3452 terrens

1802 3461 1926 3519 illos
1953 3466 2247 3533 quominus
2280 3472 2524 3540 segniter
2554 3477 2866 3533 mandatum
2895 3483 3230 3552 exciperent.
3260 3486 3369 3541 Ad-

1801 3553 1883 3608 dit
1916 3556 2124 3626 igitur:

1872 3644 2039 3704 Vens.
2082 3647 2269 3706 12-14.
2306 3684 2373 3695 -
2401 3674 2420 3708 ι
2463 3656 2533 3712 Et
2587 3660 2801 3715 audivit
2855 3662 3159 3722 Zorobabel
3214 3666 3371 3723 Sala-

1800 3738 1988 3797 thielis
2018 3741 2165 3799 [ilius
2194 3745 2259 3800 de
2288 3748 2432 3803 tribu
2463 3748 2619 3806 Iuda:
2641 3791 2658 3817 ,
2687 3761 2742 3808 et
2762 3752 2922 3812 Jesus
2950 3754 3196 3815 Josedeci
3223 3761 3369 3819 ﬁlius

1801 3831 1962 3902 275
2011 3836 2269 3895 sacerdos
2304 3855 2573 3911 magnus,
2614 3852 2669 3899 et
2704 3847 2901 3916 reliqui
2938 3864 3129 3907 omnes
3162 3852 3228 3907 de
3266 3869 3365 3924 po-

1800 3924 1962 3992 pulo,
1990 3940 2182 3982 vocem
2222 3928 2441 3986 Domini
2478 3931 2575 3989 Dei
2620 3938 2740 4002 sui,
2787 3946 2842 3993 et
2888 3954 3168 3997 sermones
3186 3945 3366 4014 Aggwi

1802 4014 2113 4083 propheta},
2139 4027 2301 4088 prout
2324 4024 2552 4078 miserat
2572 4038 2697 4079 eum
2723 4028 2981 4085 Dominus
3005 4029 3150 4086 Deus
3177 4046 3364 4087 eorum

1803 4102 1872 4157 ad
1928 4103 2113 4175 ipsos,
2158 4108 2449 4182 timuitque
2496 4116 2817 4187 populusja
2865 4119 3008 4176 facie
3066 4120 3304 4180 Domini.
3340 4144 3360 4178 ι

1803 4192 2054 4251 Ostendit
2087 4198 2231 4255 haud
2264 4202 2500 4259 inaniter
2532 4205 2674 4262 facta
2708 4210 2876 4266 verba
2908 4211 2975 4267 ad
3012 4227 3108 4268 eos
3146 4214 3362 4281 fuisse;

1803 4287 2005 4343 etenim
2051 4294 2235 4346 cuncti
2279 4296 2568 4365 praedictas
2612 4302 2790 4358 minas
2833 4313 3084 4362 verentes
3132 4308 3199 4362 ad
3247 4313 3363 4363 oni-

104 4368 211 4438 τὴν
258 4367 331 4419 ἐκ
378 4365 490 4417 τῶν
522 4365 824 4436 εἰρημένων
857 4364 1178 4435 φοϐηθέντες
1220 4367 1449 4438 ἀπειλὴν
1481 4366 1702 4421 ἕνευσαν

1807 4378 1953 4433 cium
1986 4381 2262 4439 redierant
2282 4364 2301 4440 ξ
2340 4386 2412 4441 ita
2451 4397 2512 4443 ut
2550 4392 2753 4448 missus
2782 4408 2813 4448 a
2846 4393 2957 4450 Deo
2989 4398 3251 4467 propheta
3279 4398 3366 4454 di-

104 4458 256 4529 πρὸς
286 4459 355 4511 τὸ
390 4457 513 4510 δέον
539 4472 553 4486 ’
602 4460 677 4527 (p.
709 4458 833 4528 418)
867 4456 1007 4511 ὥστε
1039 4458 1131 4512 καὶ
1157 4459 1526 4512 ἀποσταλέντα
1553 4458 1702 4531 παρὰ

1807 4470 1947 4524 xerit
1993 4472 2162 4528 eiszr
2196 4474 2305 4547 Ego
2359 4480 2642 4535 vobiscum
2688 4498 2844 4549 sum,
2896 4486 2972 4540 ait
3024 4486 3309 4545 Dominus.
3340 4508 3360 4542 ι

98 4550 202 4604 τοῦ
233 4549 389 4603 Θεοῦ
426 4547 517 4602 τὸν
553 4550 835 4621 προφήτην
863 4551 1034 4604 εἰπεῖν
1070 4549 1207 4622 πρὸς
1234 4551 1449 4614 αὐτοὺς,
1505 4569 1523 4602 ‹
1563 4551 1702 4619 Ἐγώ

1807 4560 2008 4633 Nempe
2035 4572 2096 4619 ut
2125 4568 2413 4634 ostendat,
2445 4573 2589 4640 quod
2620 4573 2787 4628 simul
2829 4547 2893 4630 ac
2940 4592 3123 4635 mores
3170 4580 3368 4635 immu-

100 4645 227 4715 εἰμι
266 4640 403 4714 μεθ’
440 4640 614 4710 ὑμῶν,
642 4640 789 4709 λέγει
826 4641 1086 4713 Κύριος.)
1152 4643 1238 4706 Ὠς
1276 4642 1341 4696 ἂν
1378 4642 1600 4708 δείξειεν
1623 4644 1702 4697 ὅτι

1807 4659 2026 4720 tarunt,
2076 4666 2130 4711 et
2182 4657 2502 4715 aediﬁcando
2552 4664 2752 4734 templo
2796 4667 3037 4722 studium
3089 4669 3368 4740 impende-

96 4735 227 4804 ἅμα.
262 4731 643 4804 μετεϐάλοντο
684 4733 777 4787 τὸν
804 4734 1031 4803 τρόπον,
1066 4735 1159 4787 καὶ
1204 4736 1330 4806 περὶ
1369 4735 1470 4804 τὴν
1500 4735 1702 4789 οἰκοδο-

1807 4751 1970 4808 runt,
2002 4746 2188 4800 statim
2239 4748 2384 4805 Deus
2426 4731 2743 4821 promiserit
2796 4770 2856 4811 se
2899 4731 3260 4827 patrocinium
3299 4762 3366 4817 ad

100 4827 217 4896 μὴν
251 4824 364 4878 τοῦ
396 4824 530 4876 ναοῦ
557 4822 655 4895 τὴν
684 4824 917 4896 σπουδὴν
948 4825 1102 4895 ἔσχον
1121 4865 1136 4889 ,
1180 4827 1276 4878 καὶ
1323 4827 1485 4892 εὐθὺς
1529 4830 1702 4898 ἐπηγ-

1807 4834 1991 4888 omnia
2032 4835 2427 4892 exhibiturum.
2462 4839 2679 4896 Etenim
2721 4843 2825 4899 hoc
2862 4822 3125 4903 denotant
3160 4850 3364 4905 verba:

96 4916 346 4985 γείλατο
377 4913 514 4977 Θεὸς
540 4914 597 4967 ἐν
622 4912 823 4967 ἅπασιν
849 4915 1028 4978 αὐτοῖς
1054 4914 1152 4986 τὴν
1182 4916 1374 4971 ἑαυτοῦ
1405 4923 1702 4990 παρασχεῖν

1812 4938 1831 4973 ‹
1863 4921 2153 4980 Vobiscum
2205 4942 2326 4982 sum
2351 4970 2367 4996 ,
2425 4932 2501 4986 ait
2577 4931 2840 4991 Dominus
2867 4954 2881 5003 ;
2913 4955 2932 4989 ι
2992 4937 3043 4995 id
3069 4944 3170 5003 est,
3199 4935 3367 4996 Vobis

92 5004 493 5074 κηδεμονίαν·
542 5002 699 5056 τοῦτο
736 5003 844 5075 γάρ
880 5004 1029 5075 δηλοῖ
1053 5005 1136 5068 τὸ,
1169 5024 1187 5057 ί
1217 5005 1344 5073 Εἰμὶ
1369 5008 1487 5079 μεθ’
1524 5012 1699 5081 ὑμῶν,

1807 5014 2034 5079 adsum,
2089 5021 2418 5087 consulens,
2471 5031 2528 5078 et
2576 5002 3050 5096 quidquidvobis
3097 5046 3236 5100 opus
3283 5043 3368 5088 est

90 5097 256 5166 λέγει
315 5094 557 5165 Κύριος,
584 5114 602 5147 ι
653 5096 772 5149 ἀντὶ
800 5096 915 5158 τοῦ,
956 5094 1128 5151 συνών
1170 5113 1230 5148 τε
1269 5096 1397 5168 ὑμῖν
1423 5102 1515 5153 καὶ
1548 5103 1702 5173 κηδό-

1808 5108 2181 5176 suppeditans.
2211 5130 2229 5162 ‹
2257 5110 2323 5166 Ει
2352 5115 2641 5169 suscitavit
2669 5094 2931 5173 Dominus
2970 5094 3224 5190 spiritum
3261 5123 3367 5176 Zo-

92 5206 273 5256 μενος
301 5186 416 5238 καὶ
447 5187 626 5238 πᾶσαν
651 5185 836 5256 χρείαν
860 5187 986 5256 ὑμῖν
1016 5187 1260 5261 πληρῶν.
1296 5191 1435 5243 «Καὶ
1456 5190 1702 5263 ἐξήγειρε

1808 5199 2083 5255 robabelis
2121 5202 2214 5255 mn
2257 5202 2569 5261 Salatbielis
2606 5206 2675 5263 de
2713 5207 2863 5262 tribu
2903 5185 3091 5274 Jua'ae,
3122 5220 3176 5267 et
3206 5213 3369 5282 spiri-

88 5279 326 5350 Κύριος
362 5276 434 5328 τὸ
462 5276 677 5346 πνεῦμα
709 5277 1009 5347 Ζοροϐάϐελ
1030 5277 1125 5332 τοῦ
1155 5281 1420 5353 Σαλαθιήλ
1449 5285 1512 5336 ἐκ
1536 5285 1702 5354 φυλῆς

1810 5298 1921 5344 ιυιη
1959 5289 2087 5346 Jesu
2128 5292 2222 5347 lilii
2254 5292 2539 5362 Josedeci,
2569 5301 2872 5356 sacerdotis
2903 5302 3127 5371 magni,
3157 5311 3210 5357 et
3236 5276 3371 5357 reli-

98 5369 336 5431 Ἰούδα,
403 5367 503 5420 καὶ
552 5367 615 5419 τὸ
664 5367 879 5438 πνεῦμα
944 5370 1115 5441 Ἰησοῦ
1170 5372 1263 5425 τοῦ
1334 5374 1574 5429 Ἰωσεδὲκ
1612 5377 1702 5430 τοῦ

1810 5396 2037 5451 quorum
2090 5382 2159 5438 de
2210 5385 2361 5439 omni
2409 5388 2651 5457 populo,
2703 5390 2798 5460 qui
2853 5391 3137 5461 ingressus
3183 5395 3366 5447 estad

88 5462 311 5532 ἱερέως
345 5458 454 5512 τοῦ
490 5459 745 5529 μεγάλου,
778 5462 870 5514 καὶ
898 5461 960 5514 τὸ
984 5462 1197 5534 πνεῦμα
1224 5464 1333 5517 τῶν
1362 5467 1702 5521 καταλοίπων

1809 5489 1945 5543 opus
1974 5472 2280 5533 faciendum
2313 5478 2366 5531 in
2402 5478 2565 5535 domo
2598 5458 2813 5535 Domini
2844 5458 3239 5552 omnipotentis
3274 5482 3368 5537 Dei

84 5554 315 5615 παντὸς
362 5551 467 5603 τοῦ
502 5549 654 5615 λαοῦ,
698 5554 792 5607 καὶ
823 5554 1059 5624 εἰσῆλθε,
1104 5556 1198 5609 καὶ
1227 5554 1444 5611 ἐποίουν
1477 5558 1615 5630 ἔργα
1650 5562 1702 5613 ἐν

1809 5566 1916 5622 sui.
1954 5565 2258 5624 iNimirum
2285 5570 2429 5627 haud
2481 5588 2643 5628 suum
2692 5578 3068 5633 tantummodo
3120 5578 3363 5648 patroci-

82 5645 168 5715 τῷ
192 5645 359 5714 οἴκῳ
384 5642 596 5711 Κυρίου
620 5644 1053 5717 παντοκράτορος
1074 5645 1209 5700 Θεοῦ
1238 5647 1437 5702 αὐτῶν.
1452 5668 1470 5701 ι
1504 5649 1579 5703 Οὐ
1600 5649 1702 5719 γάρ

1810 5656 1960 5709 nium
1994 5659 2254 5728 promisit
2282 5658 2452 5727 Deus,
2486 5662 2581 5718 sed
2610 5663 2945 5722 alacritatem
2975 5642 3137 5721 simul
3168 5666 3366 5722 ducum

83 5734 509 5811 ἐπηγγείλατο
541 5733 701 5804 μόνον
742 5735 900 5799 αὐτὸς
946 5735 1046 5808 τὴν
1093 5738 1297 5794 οἰκείαν
1329 5739 1649 5811 κηδεμονίαν
1681 5742 1702 5792 ὁ

1810 5748 2107 5805 concitavit
2138 5751 2490 5812 universique
2528 5756 2746 5824 populi,
2794 5766 2852 5812 ut
2897 5758 3109 5815 caeteris
3156 5759 3365 5814 cunctis
