3934 6528
597 270 703 328 685

1783 271 2130 329 THEODORI
2156 269 2635 330 MOPSUESTENI

3703 269 3791 321 ιιι-ι

602 388 826 446 omissis
870 384 1192 441 aediﬁcando
1248 383 1453 454 templo
1506 396 1789 448 vacarent,
1842 394 2010 456 utque
2057 398 2158 455 pro

2268 384 2410 450 Θεὸς,
2445 385 2579 438 ἀλλὰ
2622 383 2713 436 καὶ
2758 381 2854 453 τὴν
2893 382 3196 454 προθυμίαν
3223 383 3362 437 κατὰ
3400 384 3596 437 ταυτὸν
3629 386 3724 437 τῶν
3748 406 3794 438 τ;

604 480 812 537 viribus
843 479 909 533 ad
944 478 1104 532 ﬁnem
1138 491 1277 545 opus
1319 476 1700 545 perducerent.
1746 476 2002 531 Posthinc
2043 478 2157 530 ala-

602 574 851 629 critatem
906 569 1127 624 illorum
1178 570 1352 639 magis
1406 568 1581 622 adhuc
1621 567 2155 633 -conlirmans,Dcus

601 662 877 734 prophetae
908 666 1170 730 apparet,
1202 660 1318 713 haec
1349 660 1538 714 dicens
1573 678 1587 713 :

2258 474 2571 546 ἡγουμένων
2614 471 2890 543 ἐπέρρωσε
2936 472 3030 525 καὶ
3077 474 3271 538 παντὸς
3324 474 3421 527 τοῦ
3478 474 3630 536 λαοῦ,
3674 476 3793 530 ὥστε

2260 569 2434 621 πάντα
2462 568 2523 637 δὴ
2555 567 2623 619 τά
2665 566 2825 618 λοιπὰ
2867 567 3291 636 παρωσαμένους
3332 567 3460 637 περὶ
3488 568 3586 636 τὴν
3614 569 3792 619 οἰκοδο-

2257 660 2364 731 μὴν
2389 658 2725 730 ἀσχολεῖσθαι
2756 658 2848 710 τοῦ
2880 657 3030 721 ναοῦ,
3060 660 3151 710 καὶ
3182 660 3239 710 τὸ
3261 660 3408 721 ὅπως
3441 660 3508 710 ἂν
3539 659 3711 721 αὑτοῖς
3732 664 3797 719 εἰς

603 752 752 814 τέλος
796 751 1043 820 ἀφίκοιτο
1068 750 1129 802 τὸ
1157 749 1335 819 ἔργον.
1367 746 1498 803 Εἶτα
1540 752 1631 803 καὶ
1677 750 1773 821 τὴν
1818 751 2123 822 προθυμίαν
2148 749 2327 804 αὑτῶν
2346 747 2439 801 ἐπὶ
2452 747 2610 804 πλέον
2623 744 2996 820 ὲπιρρωννὺςό
3032 749 3161 814 Θεὸς
3186 751 3524 818 ἐπιφαίνεται
3553 749 3707 802 πάλιν
3734 753 3795 817 τῷ

603 846 855 916 προφήτῃ
876 844 1032 899 ταυτὶ
1060 844 1232 911 λέγων
1250 858 1263 872 ⁸
1497 901 1500 904 ,

1256 932 1407 987 CAP.
1450 933 1507 988 ll.

676 1026 840 1081 Vsus.
877 1026 990 1079 1-5.
1037 1044 1054 1077 ι
1079 1025 1324 1095 Loquere
1354 1025 1673 1080 Zorohabcli
1708 1026 2018 1083 Salathielis
2051 1029 2159 1085 lilio

603 1118 671 1174 de
717 1119 859 1172 tribu
899 1117 1070 1176 Judaa.
1123 1126 1176 1170 et
1220 1115 1343 1172 Iesu
1386 1117 1628 1172 Jescdeei
1665 1120 1792 1184 ﬁlio,
1840 1129 1893 1174 et
1939 1122 2161 1190 reliquis

604 1209 859 1263 omnibus
906 1207 971 1262 de
1020 1208 1236 1279 populo,
1285 1207 1508 1262 dicens:
1544 1207 1677 1273 Quis
1727 1225 1793 1262 ex
1830 1210 1984 1265 vobis
2032 1212 2164 1264 vidit

604 1301 823 1355 domum
870 1299 1028 1354 istam
1071 1301 1124 1353 in
1175 1299 1344 1370 gloria
1392 1315 1491 1355 sua
1538 1300 1759 1369 priore?
1798 1308 1852 1356 et
1891 1304 2161 1371 quomodo

603 1391 796 1446 videtis
829 1390 996 1458 ipsam
1034 1406 1200 1454 nunc,
1247 1390 1405 1459 quasi
1436 1405 1542 1443 non
1571 1391 1641 1445 sit
1670 1407 1852 1445 coram
1888 1393 2072 1447 vobis?
2102 1392 2166 1447 Et

605 1493 750 1533 nunc
779 1478 1111 1540 confertam,
1135 1478 1461 1539 Zorobabel,
1488 1479 1617 1531 dicit
1638 1478 1924 1533 Dominus:
1949 1481 2166 1535 confor-

604 1577 721 1623 tare
751 1569 899 1632 item,
927 1567 1055 1622 Jesu
1087 1566 1333 1621 Josedeci
1369 1569 1462 1633 ﬁli,
1494 1569 1746 1623 sacerdos
1773 1585 1998 1641 magne:
2032 1588 2166 1625 con-

605 1655 836 1713 fortetur
886 1657 1119 1725 denique
1169 1659 1453 1712 universus
1510 1666 1666 1713 terrae
1720 1661 1980 1729 populus,
2035 1662 2167 1714 dicit

2901 929 3059 985 ΚΕΦ.
3097 929 3172 979 B'.

2330 1020 2475 1091 Στίχ.
2505 1026 2637 1075 α’-ε’.
2668 1049 2733 1062 -ο
2765 1037 2782 1069 ι
2802 1019 2967 1073 Εἰπὸν
3006 1020 3068 1089 δὴ
3102 1020 3235 1090 πρὸς
3261 1017 3567 1090 Ζοροϐάϐελ
3610 1018 3695 1070 τὸν
3718 1020 3797 1071 τοῦ

2262 1113 2528 1185 Σαλαθιὴλ
2554 1115 2616 1167 ὲκ
2642 1112 2811 1182 φυλῆς
2853 1111 3038 1175 Ἰούδα,
3074 1112 3167 1164 καὶ
3200 1112 3334 1181 πρὸς
3375 1111 3579 1182 Ἰησοῦν
3608 1111 3691 1162 τὸν
3719 1112 3799 1161 τοῦ

2275 1204 2513 1257 Ἰωσεδὲκ
2538 1204 2627 1255 τὸν
2664 1202 2811 1274 ἱερέα
2837 1202 2927 1254 τὸν
2962 1201 3151 1271 μέγαν,
3180 1202 3271 1253 καὶ
3305 1202 3437 1271 πρὸς
3470 1202 3675 1260 πάντας
3695 1202 3801 1259 τοῖς

2262 1294 2618 1356 καταλοίπους
2657 1293 2747 1345 τοῦ
2782 1291 2929 1354 λαοῦ,
2961 1292 3131 1360 λέγων
3159 1310 3172 1325 ο
3221 1294 3263 1344 Τ
3270 1291 3316 1355 ἰς
3355 1290 3413 1355 ἐξ
3443 1291 3598 1360 ὑμῶν
3626 1292 3681 1353 ὃς
3713 1288 3801 1342 εἶδε

2258 1383 2347 1437 τὸν
2375 1380 2518 1436 οἰκον
2548 1383 2731 1435 τοῦτον
2772 1384 2828 1434 έν
2876 1384 2941 1451 τῇ
2986 1381 3110 1454 δόξῃ
3158 1381 3319 1433 αὑτοῦ
3354 1385 3419 1451 τῇ
3470 1380 3799 1450 ἔμπροσθεν;

2261 1475 2353 1526 καὶ
2409 1474 2524 1537 πῶς
2587 1474 2742 1542 ὑμεῖς
2808 1471 3029 1541 βλέπετε
3086 1472 3247 1524 αὑτὸν
3308 1471 3401 1524 νῦν
3464 1470 3650 1532 καθὼς
3702 1472 3804 1537 ούχί

2261 1568 2572 1636 ὑπάρχοντα
2604 1564 2828 1618 ἐνώπιον
2871 1562 3066 1634 ὑμῶν;
3107 1562 3199 1615 καὶ
3216 1558 3310 1615 νῦν
3327 1558 3615 1627 κατίσχυε,
3663 1563 3804 1629 Ζορο-

2263 1657 2446 1718 ϐάϐελ,
2486 1660 2558 1725 (p.
2584 1656 2708 1719 M9)
2752 1654 2897 1722 λέγει
2942 1653 3141 1723 Κύριος
3169 1669 3183 1684 ·
3228 1654 3321 1704 καὶ
3349 1650 3805 1719 κατίσχυε,Ὶησο5

604 1748 866 1803 Dominus
888 1748 1227 1817 omnipotens
1251 1767 1261 1800 :
1298 1749 1459 1819 276
1481 1758 1534 1802 et
1558 1748 1792 1819 Spiritus
1820 1766 1970 1807 meus
1996 1754 2163 1808 astitit

2268 1751 2290 1802 ὸ
2336 1749 2425 1802 τοῦ
2468 1748 2709 1801 Ἰωσεδὲκ
2752 1748 2779 1799 ό
2826 1747 3001 1817 ἱερεὺς
3030 1747 3057 1798 ὁ
3087 1744 3293 1815 μέγας’
3344 1744 3438 1797 καὶ
3483 1743 3807 1809 κατισχυέτω

604 1841 658 1893 in
688 1840 864 1891 medio
890 1840 1076 1892 vestri.
1106 1858 1123 1889 ι
1162 1838 1216 1891 Si
1247 1842 1369 1907 quis
1400 1850 1661 1905 vestrum,
1693 1840 1887 1910 inquit,
1925 1851 2157 1898 veterem

604 1931 797 1982 domus
842 1928 1003 1995 hujus
1049 1928 1275 1996 gloriam
1329 1929 1504 1992 novit,
1552 1937 1605 1982 et
1654 1931 1833 1999 qualia
1871 1946 1971 2002 ego
1998 1932 2159 2001 hujus

603 2032 766 2069 causa
816 2031 953 2084 saepe
988 2016 1225 2075 fecerim.
1277 2018 1355 2068 vel
1396 2031 1491 2083 pro
1542 2018 1739 2086 populo
1774 2019 1865 2087 qui
1917 2019 2157 2088 ejusdem

604 2105 1021 2161 sollicitudinem
1073 2103 1259 2173 gessit,
1291 2105 1476 2171 utique
1528 2112 1847 2174 agnosceret
1898 2114 2157 2174 quantum

604 2197 693 2249 illa
726 2197 903 2264 priora
938 2211 970 2267 a.
1013 2196 1365 2264 praesentibus
1409 2193 1680 2248 dillerant.
1719 2194 1871 2249 Nunc
1919 2197 2160 2265 plerique

602 2297 843 2342 vestrum
876 2288 965 2338 illa
998 2288 1330 2356 ignorantes,
1378 2295 1429 2338 et
1468 2285 1755 2353 pra'sentia
1786 2292 1992 2339 tantum
2036 2302 2159 2355 spe-

604 2388 839 2440 ctantes,
864 2378 997 2431 nihil
1030 2378 1415 2446 propemodum
1449 2390 1544 2429 vos
1577 2377 1757 2429 videre
1786 2377 2006 2445 putatis,
2036 2393 2162 2446 pro-

604 2481 724 2541 pter
757 2470 1090 2524 obsidentem
1124 2470 1377 2537 templum
1410 2468 1510 2521 hoc
1545 2468 1884 2522 solitudinem
1918 2486 2008 2523 seu
2048 2470 2159 2522 rui-

606 2576 751 2614 nam.
781 2556 1161 2613 Verumtamen
1195 2560 1237 2611 si
1271 2564 1649 2625 perseverante
1683 2559 1961 2611 alacritate
1993 2558 2161 2611 (ediﬁ-

604 2652 805 2704 cationi
836 2651 955 2719 ejus
981 2650 1277 2713 inslabitis,
1299 2658 1461 2717 atque
1488 2648 1667 2701 omnia
1696 2646 1761 2699 ad
1786 2647 1903 2717 ejus
1924 2649 2162 2717 comple-

604 2750 844 2795 mentum
877 2740 1115 2794 studiose
1145 2740 1506 2802 contuleritis,
1539 2756 1707 2794 meam
1737 2741 2012 2794 enimvero
2040 2757 2164 2810 pro-

604 2833 893 2886 videntiam
913 2830 1263 2896 sentietis;et
1285 2831 1439 2899 quasi
1472 2844 1629 2885 omne
1653 2830 1881 2884 ofﬁcium
1913 2846 2039 2901 erga
2074 2831 2161 2885 Dei

605 2923 859 2991 templum
908 2921 1303 2991 priestiteritis,
1366 2923 1701 2991 reliquorum
1774 2921 2163 2976 beneﬁciorum

604 3023 880 3083 compotes
926 3013 1096 3067 eritis.
1148 3010 1361 3081 Eroque
1396 3013 1705 3077 vobiscum,
1758 3012 1962 3081 inquit,
2010 3012 2164 3066 factis

604 3104 739 3172 ipsis
774 3103 829 3157 id
858 3103 1272 3170 demonstrans;
1301 3119 1583 3173 meamque
1609 3104 1835 3173 gratiam
1866 3120 2165 3174 conseque-
2194 3123 2233 3178 (;

606 3196 769 3259 mini,
801 3195 956 3249 vobis
997 3194 1394 3265 quodammodo
1434 3204 1701 3250 astantem
1733 3205 2052 3264 vestrasque
2078 3212 2165 3251 res

608 3287 1075 3344 administrantem
1096 3298 1256 3357 atque
1271 3286 1701 3358 regentem.Nam
1721 3289 1882 3341 verba
1904 3286 2167 3357 «Spiritus

608 3393 782 3444 meus,
826 3395 844 3429 ι
879 3378 1106 3448 gratiam
1140 3380 1207 3431 ab
1236 3393 1301 3433 eo
1332 3378 1581 3432 collatam
1622 3377 1950 3449 signiﬁcant.

679 3556 1123 3628 Quandoquidem
1167 3556 1402 3625 Spiritus
1438 3559 1609 3612 sancti
1658 3559 1991 3628 hypOstasim
2038 3572 2164 3628 pro-

610 3651 809 3717 priam,
844 3654 1101 3717 tanquam
1128 3649 1183 3701 in
1213 3649 1473 3718 singulari
1505 3665 1733 3718 persona
1759 3650 1994 3718 agnitam
2023 3652 2163 3719 apud

611 3736 779 3791 Deum
804 3738 1001 3791 veteris
1032 3735 1365 3791 Testamenti
1391 3738 1638 3793 homines
1663 3753 1768 3791 non
1796 3749 2127 3808 agnoverunt
2153 3758 2166 3805 ;

610 3829 794 3882 cuncti
844 3840 1019 3882 autem
1063 3837 1187 3883 ante
1230 3827 1432 3883 Christi
1482 3828 1691 3883 Domini
1741 3829 2062 3893 adventum,
2118 3843 2171 3884 et

609 3918 776 3972 Deum
807 3926 861 3972 et
890 3918 1215 3971 creationem
1246 3919 1515 3982 sciebant,
1565 3920 1659 3973 sed
1696 3927 1952 3989 praeterea
1994 3921 2126 3974 nihil
2154 3940 2167 3988 ;

608 4006 789 4063 divina
818 4016 947 4061 tunc
982 4004 1264 4077 Scriptura
1291 4010 1532 4062 asseclas
1563 4024 1693 4063 suos
1724 4010 1798 4063 ita
1824 4009 2084 4078 docente;
2114 4013 2166 4067 in

608 4099 867 4153 invisibili
911 4109 1087 4152 autem
1118 4108 1370 4153 creatura
1398 4101 1532 4154 nihil
1558 4102 1778 4155 unicum
1809 4116 2165 4174 agnoscente,

608 4187 703 4243 sed
734 4189 953 4259 angelos
984 4197 1147 4258 atque
1173 4190 1404 4246 virtutes
1435 4202 1664 4247 cunctas
1694 4195 1999 4263 appellante
2024 4198 2167 4251 invi-

611 4281 798 4335 sibiles
828 4296 888 4334 ac
915 4282 1288 4336 ministrantes
1318 4284 1673 4350 substantias,
1706 4301 1842 4354 quas
1860 4288 2170 4344 subservire

614 4387 708 4440 per
732 4371 913 4425 omnia
940 4370 1186 4425 tradebat
1214 4373 1413 4426 divinis
1466 4374 1710 4430 nutibus.
1742 4374 2003 4446 Spiritum
2040 4393 2171 4432 san-

2266 1842 2372 1902 πᾶς
2395 1842 2422 1893 ό
2447 1840 2570 1902 λαὸς
2595 1838 2693 1906 τῆς
2720 1839 2840 1907 γῆς,
2874 1837 3020 1906 λέγει
3055 1838 3255 1907 Κύριος
3288 1835 3709 1906 παντοκράτωρ,
3737 1836 3808 1885 καὶ

2265 1935 2324 1983 τὸ
2356 1927 2581 2000 Πνεῢμά
2598 1949 2698 2002 μου
2715 1932 3010 2003 ἐφέστηκεν
3030 1931 3085 1985 ὲν
3105 1930 3256 2003 μέσῳ
3292 1927 3496 1999 ὑμῶν.»
3526 1928 3589 1979 Εἰ
3619 1926 3727 1995 γάρ
3744 1943 3808 1986 τις

2268 2022 2437 2093 ὑμῶν,
2485 2022 2635 2092 φησι,
2683 2020 2780 2091 τὴν
2826 2018 3056 2073 παλαιὰν
3101 2017 3193 2071 τοῦ
3238 2018 3388 2071 οἴκου
3435 2017 3627 2070 τούτου
3676 2015 3809 2079 δόξαν

2263 2115 2547 2185 ἠπίστατο,
2571 2113 2662 2165 καὶ
2686 2108 2874 2183 οἷάπερ
2908 2112 2975 2165 τά
3008 2109 3133 2182 περὶ
3163 2110 3324 2164 αὑτὸν
3348 2111 3476 2180 παρ’
3506 2106 3643 2178 ἐμοῦ
3671 2124 3808 2174 γεγο-

2266 2208 2389 2260 νότα
2414 2204 2821 2269 πολλάκις,εἴτε
2850 2204 2975 2271 περί⁵
2990 2202 3077 2255 τὸν
3104 2202 3229 2255 λαὸν
3244 2202 3343 2271 τῆς
3375 2204 3433 2255 ἐν
3461 2201 3612 2269 αὐτῷ
3640 2199 3811 2251 τελουο

2272 2298 2433 2369 μένης
2488 2296 2720 2366 σπουδῆς
2755 2297 2958 2360 ἕνεκεν,
2993 2296 3223 2349 συνεῖδεν
3281 2293 3347 2347 ἂν
3374 2293 3545 2363 ὁπόση
3575 2291 3685 2343 τῶν
3712 2292 3810 2341 τότε

2267 2391 2359 2443 καὶ
2387 2389 2478 2442 νῦν
2511 2391 2655 2441 ἐστιν
2685 2390 2718 2459 ἡ
2754 2387 3059 2459 μεταϐολή·
3111 2386 3205 2440 νῦν
3247 2386 3354 2455 γάρ
3392 2385 3575 2437 ἐκεῖνα
3610 2384 3706 2451 μὲν
3729 2384 3813 2433 οὑκ

2266 2466 2463 2551 εἰδότες
2498 2482 2647 2551 ὑμῶν
2691 2481 2739 2532 ot
2778 2479 2979 2543 πολλοὶ,
3012 2478 3079 2531 τὰ
3124 2479 3361 2548 παρόντα
3388 2476 3443 2529 δὲ
3474 2475 3726 2543 ὁρῶντες,
3751 2472 3813 2532 ὡς

2266 2569 2329 2623 ἂν
2378 2570 2477 2623 οὑκ
2518 2570 2646 2622 ὄντα
2699 2569 2787 2622 διὰ
2848 2570 2946 2638 τὴν
3001 2570 3330 2638 κατέχουσαν
3382 2567 3544 2620 αὑτὸν
3598 2565 3815 2634 ἐρημίαν

2267 2662 2424 2731 ὁρᾶτε
2450 2675 2462 2687 ·
2512 2658 2645 2711 ἀλλά
2673 2660 2779 2729 γὰρ
2813 2659 3123 2730 ὲπιμείνατε
3163 2661 3228 2729 τῇ
3265 2659 3391 2727 περὶ
3420 2658 3517 2727 τὴν
3544 2655 3813 2722 οἰκοδομὴν

2270 2750 2567 2821 προθυμίᾳ,
2597 2751 2691 2802 καὶ
2720 2731 2893 2802 πάντα
2921 2749 2983 2820 δὴ
3015 2748 3150 2819 μετὰ
3173 2750 3270 2819 τῆς
3299 2747 3684 2818 προσηκούσης
3713 2748 3814 2797 ὲπιο

2268 2843 2466 2895 τελεῖτε
2489 2842 2718 2912 σπουδῆς
2745 2845 2823 2905 εἰς
2850 2843 3191 2914 ἐκπλήρωσιν
3212 2842 3305 2895 τοῦ
3329 2841 3481 2895 ναοῦ·
3508 2840 3813 2910 αἰσθήσεσθε

2269 2925 2503 3003 γὰρ’τῆς
2548 2934 2684 3005 ἐμῆς
2733 2934 3052 3004 κηδεμονίας
3088 2935 3228 2999 τότε,
3282 2934 3375 2986 καὶ
3416 2928 3525 2986 οἷον
3558 2933 3625 2985 τά
3664 2932 3815 2999 καθή-

2272 3042 2430 3078 κοντα
2464 3028 2519 3077 ὲν
2548 3025 2623 3094 τῷ
2650 3025 2760 3095 ναῷ
2784 3027 2909 3095 περὶ
2929 3026 3017 3079 τὸν
3044 3026 3174 3078 Θεὸν
3204 3024 3555 3095 πληροῦντες,
3580 3023 3815 3088 τεύξεσθε

2265 3116 2356 3168 τοῦ
2380 3114 2586 3169 λοιποῦ·
2626 3116 2822 3187 ἔσομαι
2848 3117 2926 3183 δὲ,
2953 3118 3135 3187 φησὶν,
3169 3118 3225 3169 ὲν
3256 3118 3404 3187 ὑμῖν,
3432 3116 3500 3168 δι’
3530 3116 3705 3170 αὐτῶν
3725 3114 3818 3166 τῶν

2266 3205 2600 3277 πραγμάτων
2641 3207 3005 3278 δεικνύμενος,
3058 3209 3152 3261 καὶ
3196 3208 3265 3260 τὰ
3307 3208 3533 3277 χάριτος
3576 3207 3815 3270 τεύξεσθε

2262 3299 2361 3367 τῆς
2380 3298 2438 3361 ἐξ
2467 3296 2597 3367 ἐμοῦ
2627 3299 2783 3367 μόνον
2810 3299 2909 3352 οὑκ
2932 3297 3246 3369 ἐφεστώσης
3267 3299 3416 3367 ὑμῖν,
3442 3298 3816 3368 οἰκονομούπης

2265 3405 2323 3440 τε
2347 3388 2438 3440 καὶ
2461 3387 2763 3459 διοικούσης
2788 3389 2855 3442 τά
2881 3390 2999 3442 καθ’
3024 3390 3185 3459 ὑμᾶς·
3208 3389 3268 3443 τὸ
3296 3391 3405 3459 γάρ
3433 3390 3672 3459 Πνεῦμά
3690 3408 3817 3458 μων,

2265 3477 2363 3547 τὴν
2391 3476 2546 3547 χάριν
2583 3478 2680 3547 τὴν
2708 3478 2767 3542 ἐξ
2797 3479 2957 3531 αὑτοῦ
2992 3480 3157 3549 λέγει.

2350 3569 2566 3640 Ἐπειδὴ
2608 3570 2921 3641 Πνεύματος
2961 3572 3113 3639 ἁγίου
3148 3572 3443 3626 ὑπόστασιν
3479 3571 3616 3626 ἰδίαν
3655 3572 3733 3634 ὡς
3774 3575 3821 3623 ἐν

2268 3658 2538 3730 προσώπῳ
2566 3659 2965 3732 γνωριζομένην
2991 3660 3346 3732 οἰκείῳ-παρὰ
3379 3661 3471 3713 τὸν
3501 3661 3633 3713 Θεὸν
3658 3662 3708 3711 οἱ
3736 3660 3820 3727 τῆς

2269 3749 2502 3812 παλαιᾶς
2564 3750 2664 3803 οὑκ
2731 3751 3025 3819 ἠπίσταντο
3083 3752 3352 3822 Διαθήκης
3402 3752 3550 3824 (55),
3592 3754 3667 3819 (ρ.
3712 3752 3819 3803 ιὲυι

2268 3842 2483 3894 πάντων
2526 3840 2633 3895 τῶν
2664 3842 2769 3912 πρὸ
2797 3841 2890 3895 τοῦ
2935 3843 3200 3896 Δεσπότου
3248 3843 3485 3913 Χριστοῦ
3532 3844 3823 3913 παρουσίας

2268 3933 2401 3985 Θεὸν
2442 3932 2654 3987 εἰδότων
2700 3935 2792 3987 καὶ
2843 3934 3037 4000 κτίσιν,
3090 3935 3274 4006 ἕτερον
3305 3935 3363 3988 δὲ
3405 3935 3594 3989 οὐδένα
3624 3952 3708 3997 τε,
3740 3938 3824 3987 καὶ

2267 4025 2366 4095 τῆς
2407 4023 2555 4089 θείας
2595 4025 2815 4096 Γραφῆς
2847 4026 3001 4080 τοῦτο
3047 4028 3402 4099 παιδευούσης
3442 4030 3569 4091 τοὺς
3600 4028 3823 4086 οἰκείως

2270 4118 2327 4169 ὲν
2356 4115 2433 4187 τῷ
2461 4117 2581 4169 τότε
2626 4116 2831 4188 καιρῷ,
2871 4119 2927 4171 ὲν
2975 4119 3189 4190 ἀοράτῳ
3232 4119 3288 4171 δὲ
3334 4119 3505 4173 κτίσει
3552 4120 3823 4189 μοναδικὸν

2273 4208 2371 4277 μὲν
2415 4207 2563 4260 οὐδὲν
2612 4209 2975 4279 ἐπισταμένης
3000 4226 3014 4239 θ
3067 4211 3328 4279 ἀγγέλους
3368 4210 3425 4262 δὲ
3458 4212 3550 4264 καὶ
3578 4211 3825 4280 δυνάμεις

2272 4297 2464 4362 κοινῶς
2490 4298 2758 4369 καλούσης
2784 4301 2997 4364 ἁπάσας
3015 4301 3113 4365 τάς
3141 4302 3401 4373 άοράτους
3432 4304 3525 4355 καὶ
3546 4302 3828 4373 lateam;-

2271 4388 2372 4452 κάς
2400 4390 2604 4455 οὐσίας,
2630 4391 2693 4454 ἃς
2718 4392 3101 4462 ὑπηρετεῖσθαι
3134 4395 3191 4446 ἐν
3218 4394 3418 4447 ἅπασιν
3452 4394 3700 4446 ἐδίδασκε
3730 4397 3827 4453 τοὶς

614 4470 759 4514 ctum
788 4461 969 4531 itaque
1001 4462 1055 4514 in
1084 4462 1302 4531 propria
1332 4463 1613 4534 hypostasi
1641 4468 1781 4536 apud
1809 4467 1974 4522 Deum
2006 4485 2168 4539 agno-

2276 4481 2505 4551 νεύμασι
2551 4486 2662 4547 τοῖς
2712 4485 2891 4548 θείοις.
2944 4486 3165 4557 Πνεῦμα
3215 4488 3391 4540 τοίνυν
3440 4488 3592 4556 ἅγιον
3640 4490 3702 4541 ὲν
3739 4488 3831 4555 36L}

615 4566 768 4609 scere
790 4552 1071 4621 nequibat:
1097 4566 1223 4605 nam
1241 4569 1417 4623 neque
1438 4556 1578 4611 inter
1593 4558 1962 4615 ministrantes
1985 4577 2167 4616 nume-

614 4642 725 4695 rari
752 4648 957 4710 poterat
980 4643 1123 4711 quod
1142 4652 1259 4698 erat
1277 4645 1519 4707 unicum,
1537 4662 1714 4717 neque
1728 4663 1853 4703 cum
1877 4649 1986 4705 Deo
2013 4652 2174 4723 277

616 4734 871 4787 collocari
912 4732 1175 4803 quidquid
1217 4735 1273 4789 in
1308 4738 1565 4805 peculiari
1613 4754 1846 4808 persona
1876 4746 2177 4801 consistere

615 4824 931 4879 dicebatur:
964 4824 1097 4877 nihil
1129 4824 1273 4879 enim
1306 4825 1618 4894 hujusmodi
1647 4836 1779 4884 tunc
1802 4831 1997 4885 scitum
2024 4843 2173 4900 erat;
2211 4871 2224 4883 .

616 4916 712 4972 sed
755 4915 807 4969 id
834 4915 1048 4969 demum
1090 4930 1192 4972 nos
1234 4917 1450 4972 edocuit
1476 4918 1725 4976 Christus
1766 4920 2044 4986 Dominus,
2079 4925 2173 4994 qui

616 5007 879 5078 apostolis
925 5008 1041 5062 suis
1091 5008 1401 5074 mandavit,
1452 5010 1699 5068 «Euntes
1747 5014 1936 5071 docete
1982 5031 2173 5072 omnes

688 5177 1081 5256 (55)_Sequitur
1108 5181 1387 5256 _Tbeodori
1418 5184 1734 5254 disputatio,
1788 5189 1929 5256 quod
1974 5188 2170 5245 veteris

613 5249 773 5324 aztate
794 5249 1121 5307 Testamenti
1171 5253 1403 5322 Spiritus
1430 5249 1603 5311 sancti
1630 5249 1858 5324 persona
1912 5269 2040 5311 nota
2063 5274 2171 5313 non

617 5321 818 5397 fuerit;
849 5335 1009 5389 quam
1038 5338 1193 5397 suam
1216 5321 1529 5397 Opinionem
1561 5321 1701 5379 idem
1738 5329 1893 5381 nobis
1932 5327 2173 5397 oggessit

616 5394 943 5463 etiamgretro
960 5406 1011 5461 p.
1045 5392 1149 5445 83.t
1166 5392 1327 5462 Atqui
1351 5392 1565 5449 Nicetas
1589 5392 2175 5463 Aquileiensiszheo-

618 5462 752 5513 doro
777 5458 943 5537 ferme
961 5458 1477 5537 'gontemporaneus,
1504 5481 1568 5517 ex
1596 5458 1697 5537 hoc
1721 5466 1837 5537 ipso
1860 5458 2035 5537 Aggaei
2058 5469 2177 5537 loco

620 5530 946 5608 contrariam
973 5529 1255 5585 Theodoro
1272 5540 1453 5587 tuetur
1466 5529 1784 5608 sententiam
1804 5536 1856 5608 in
1873 5529 2088 5608 egregio
2111 5536 2181 5589 De

624 5596 823 5675 Spiritu
849 5609 1030 5675 sancto
1054 5610 1467 5675 tr_act_atu,qu_em
1497 5619 1596 5658 nos
1624 5620 1686 5657 ex
1714 5596 1973 5675 Yaticaivio
1994 5596 2180 5662 codice

624 5668 913 5737 edidimus,
968 5671 1023 5723 in
1088 5669 1287 5743 Script.
1329 5668 1475 5729 'Vct.
1530 5682 1659 5728 tom.
1716 5672 1827 5729 VII.
1894 5677 1984 5731 Ait
2030 5677 2173 5732 enim

2274 4573 2564 4627 ὑποστάσει
2593 4574 2742 4647 παρὰ
2768 4577 2856 4629 τὸν
2878 4577 3007 4631 Θεὸν
3034 4578 3226 4632 εἰδέναι
3257 4579 3355 4633 οὑκ
3383 4579 3646 4649 ἠδύναντο
3666 4599 3681 4610 ο
3717 4579 3832 4632 οὕτε

2272 4661 2379 4733 γάρ
2406 4663 2462 4716 ὲν
2501 4663 2887 4736 λειτουργικοῖς
2929 4669 3180 4740 ἀριθμεῖν
3223 4668 3335 4724 οἷόν
3378 4688 3438 4724 τε
3462 4666 3533 4742 ἦν
3574 4672 3635 4724 τὸ
3679 4690 3835 4742 paveo

2271 4749 2453 4815 δικὸν,
2510 4751 2633 4805 οὔτε
2684 4754 2801 4824 Θεῷ
2862 4759 3170 4811 συντάττειν
3221 4760 3280 4814 ὲν
3330 4758 3442 4828 ἰδίῳ
3481 4778 3535 4814 τι
3581 4760 3836 4829 λέγοντας

2274 4842 2584 4915 προσώπῳ·
2635 4846 2755 4898 ἐπεὶ
2821 4847 2984 4919 μηδὲν
3031 4849 3225 4919 ᾔδεσαν
3271 4849 3481 4905 τοιοῦτο
3507 4868 3522 4881 ·
3570 4852 3748 4905 ταῦτα
3786 4854 3838 4904 δὲ

2274 4937 2421 5005 ἡμᾶς
2448 4938 2477 4988 ό
2500 4939 2774 5011 Δεσπότης
2805 4941 3037 5009 Χριστὸς
3068 4941 3386 5009 ὲξεδίδαξεν,
3414 4943 3473 5006 ὃς
3503 4947 3613 5007 τοῖς
3648 4946 3839 4998 ἑαυτοῦ

2279 5025 2589 5096 παρέδωκεν
2632 5030 2947 5095 ἀποστόλοις
3003 5033 3127 5099 τὸ,‹
3170 5034 3531 5106 Πορευθέντες
3570 5037 3843 5109 μαθητεύ-

2271 5212 2324 5265 p.
2352 5195 2457 5277 5ῆό
2486 5216 2499 5251 :
2529 5197 2592 5252 de
2626 5197 2828 5267 Spiritu
2871 5206 3245 5277 san_cto,quod
3274 5204 3414 5277 adsit
3460 5208 3675 5277 ubique.
3720 5212 3846 5263 dicit

2272 5267 2522 5344 ενορίιεια
2563 5284 2628 5321 ea:
2676 5286 2903 5344 persona
2943 5267 3193 5344 Domini,
3261 5295 3279 5326 ι
3319 5275 3429 5344 Ego
3476 5278 3529 5329 in
3559 5267 3740 5343 ἰςοὸῖε,
3803 5292 3845 5331 ει

2273 5335 2506 5417 Spiritus
2538 5335 2698 5417 _meus
2724 5350 2832 5417 stat
2862 5342 3131 5417 mmedio
3158 5335 3406 5417 vestrum.
3465 5366 3484 5396 ι
3534 5335 3851 5417 Ibidemque

2274 5407 2380 5478 alia
2417 5408 2635 5478 _recitat
2667 5413 2973 5465 testimonia
3018 5411 3155 5478 Jobi,
3218 5415 3455 5473 Davidis.
3514 5407 3847 5473 Salomonis.

2276 5474 2431 5555 Quod
2453 5488 2826 5555 argumentum
2846 5481 3046 5555 _lat-ius
3086 5474 3387 5555 tractarunt
3410 5486 3501 5539 alii
3532 5485 3753 5549 Patres.
3790 5494 3851 5542 de

2284 5546 2480 5619 quibus
2531 5547 2792 5604 videndus
2845 5548 3096 5606 Petavius
3141 5552 3213 5607 De
3244 5554 3391 5617 Trin,
3444 5557 3535 5610 lib.
3584 5572 3653 5619 ιι,
3690 5546 3749 5612 7.
3786 5563 3854 5611 De

2284 5616 2389 5739 lhac
2418 5631 2485 5741 tie1
2512 5631 2726 5673 rumum
2760 5635 2859 5674 nos
2887 5620 3215 5678 disseremus
3248 5625 3312 5678 ad
3343 5616 3625 5681 lacuaria:
3642 5616 3855 5699 capitu—

2306 5702 2392 5739 um
2497 5725 2507 5739 .

2306 5702 2392 5739 Ulli
2433 5702 2507 5739 ΙΙ.
