3824 6518
221 322 330 379 ιὸὅ

1281 298 1823 361 COMMENTARIUS
1855 302 1923 359 IN
1953 302 2184 360 AGGIEI
2221 302 2369 357 CAP.
2402 302 2463 356 ll.

3359 300 3462 359 486

220 454 356 492 σατε
382 435 559 491 πάντα
586 432 654 485 τὰ
675 431 822 500 ἔθνη,
852 425 1200 497 βαπτίζοντες
1220 428 1416 490 αὐτοὺς
1440 428 1517 489 είς
1546 426 1607 478 τὸ
1632 424 1803 496 ὄνομα

1913 431 2110 493 gentes,
2147 423 2481 493 baptizantes
2510 436 2604 477 eos
2633 421 2688 476 in
2716 422 2937 477 nomine
2965 420 3142 478 Patris
3170 428 3222 477 et
3254 420 3376 478 Filii
3410 431 3462 476 et

219 529 319 582 τοῦ
344 527 558 598 Πατρὸς
586 525 680 579 xa‘t
696 521 791 576 τοῦ
818 519 946 573 Υίοῦ
977 518 1072 571 καὶ
1102 517 1197 571 τοῦ
1231 518 1384 586 ἁγίου
1416 517 1743 587 Πνεύματος·
1776 536 1795 566 ι

218 621 315 687 ἀφ’
355 610 430 671 ὧν
482 616 547 688 δὴ
597 612 939 685 μανθάνομεν
988 608 1197 679 Πατρός
1242 625 1299 661 τε
1334 608 1619 679 πρόσωπον
1652 607 1800 669 ίδιον,

221 710 320 761 καὶ
390 707 523 760 Υίοῦ
579 704 869 775 πρόσωπον
921 700 1047 753 ῐδιον
1073 738 1088 763 ,
1138 698 1233 751 καὶ
1285 699 1595 767 Πνεῦματος
1649 697 1801 766 ἁγίου

220 798 524 869 πρόσωπον
556 794 706 857 ἴδιον,
735 792 834 861 τῆς
867 789 1016 852 θείας
1041 789 1134 841 καὶ
1166 788 1333 841 ἀϊδίου
1368 788 1552 851 οὐσίας
1579 788 1803 839 ἕκαστον

220 888 436 941 τούτων
488 881 628 938 εἶναι
670 882 979 953 νομίζοντες
1019 880 1235 949 ὁμοίως,
1271 877 1365 931 ἆτε
1410 879 1536 948 μιᾶς
1571 878 1669 949 μὲν
1706 878 1805 947 τῆς

226 978 535 1050 μαθητείας
563 974 728 1045 οὔσης
752 973 817 1043 ἣν
847 972 938 1024 ἐπὶ
963 970 1278 1040 διδασκαλίᾳ
1304 970 1401 1039 τῆς
1424 970 1570 1034 Θείας
1593 969 1806 1033 ἐξέπαι-

222 1069 449 1122 δεύοντο
483 1064 732 1134 γνώσεως
757 1081 769 1093 ·
820 1062 935 1125 ἐνὸς
971 1061 1026 1113 δὲ
1056 1060 1147 1113 τοῦ
1188 1058 1557 1129 βαπτίσματος
1593 1062 1684 1111 τοῦ
1718 1058 1803 1111 ἐπ’

223 1160 457 1229 ὀνόματι
481 1156 681 1209 τούτων
704 1150 1097 1222 πληρουμένου.
1141 1149 1204 1203 Ἠ
1227 1149 1517 1212 Παλαιὰδέ,
1546 1148 1618 1212 ὡς
1648 1149 1804 1219 ἔφην,

224 1250 462 1320 Πνεῦμα
495 1249 648 1315 ἅγιον
684 1248 740 1297 ἐν
780 1244 892 1315 ίδίῳ
924 1241 1198 1314 προσώπῳ
1228 1242 1321 1294 καὶ
1359 1242 1647 1294 ὑποστάσει
1678 1241 1802 1311 ἰδία,

222 1340 656 1413 κεχωρισμένως
695 1337 787 1388 τοῦ
835 1334 970 1387 Θεοῦ
1013 1333 1111 1385 οὐκ
1150 1332 1414 1401 ἠπίστατο
1438 1348 1450 1361 ο
1492 1331 1711 1401 Πνεῦμα
1749 1332 1807 1384 δὲ

224 1433 390 1497 Ξιγιον
430 1428 633 1489 ἐκάλει,
676 1427 795 1495 ἦτοι
840 1423 1063 1492 Πνεῦμα
1093 1421 1247 1485 Θεοῦ,
1287 1421 1383 1490 τήν
1421 1421 1577 1490 χάριν
1620 1421 1803 1485 αὑτοῦ,

220 1524 257 1593 ἢ
297 1522 401 1591 τήν
432 1516 837 1587 ἐπιστασίαν,ἢ
874 1515 971 1583 τὴν
1011 1514 1413 1584 κηδεμονίαν,ἥ
1452 1515 1546 1585 τὴν
1587 1514 1711 1584 περί
1754 1531 1807 1566 τι

222 1613 495 1673 διάθεσιν,
525 1611 555 1678 ἢ
578 1609 697 1662 εἴτι
728 1606 984 1661 τοιοῦτον·
1022 1607 1095 1676 (p.
1118 1606 1243 1675 421)
1274 1606 1411 1658 «Ποῦ
1434 1605 1680 1676 πορευθῶ
1702 1606 1808 1658 άπὸ

224 1703 327 1755 τοῦ
358 1699 675 1769 Πνεύματός
709 1713 839 1759 σου;
879 1696 973 1750 καὶ
999 1697 1106 1749 ἀπὸ
1129 1696 1219 1749 τοῦ
1255 1695 1543 1765 προσώπου
1576 1714 1666 1748 σου
1704 1696 1806 1748 ποῦ

1904 513 2142 583 Spiritus
2170 515 2341 569 sancti
2362 514 2405 543 ³³
2427 532 2439 566 :
2464 532 2481 564 ι
2517 513 2657 567 unde
2688 512 2951 568 discimus
2968 512 3141 569 Patris
3171 529 3457 583 personam

1902 605 2197 673 propriam,
2228 611 2282 657 et
2318 602 2436 657 Filii
2470 619 2754 671 personam
2799 607 3096 673 propriam,
3126 614 3179 657 et
3225 601 3459 672 SpitilUs

1904 696 2075 750 sancti
2104 709 2386 765 personam
2422 695 2723 763 propriam,
2775 710 3219 765 unumquemque
3266 695 3458 749 horqu

1903 786 2140 841 divinam
2167 801 2231 840 ac
2256 785 2639 854 sempiternam
2677 799 2829 855 aeque
2859 785 3056 841 habere
3100 784 3459 841 substantiam

1903 883 2224 943 censentes;
2259 876 2693 945 quandoquidem
2723 891 2829 930 una
2857 884 2941 930 est
2965 877 3233 943 doctrina,
3267 889 3373 947 qua
3405 876 3461 930 in

1904 971 2102 1025 divina:
2148 972 2389 1026 scientia:
2439 969 2733 1025 traditione
2796 971 3175 1025 imbuebantur
3223 990 3237 1026 :
3292 986 3463 1026 unum

1906 1063 2031 1116 item
2058 1063 2323 1132 baptisma
2349 1063 2400 1114 in
2428 1063 2645 1116 nomine
2670 1063 2860 1116 horum
2887 1063 3164 1116 collatmn.
3203 1063 3273 1117 At
3317 1061 3465 1117 Scri-

1905 1161 2061 1222 ptura
2095 1159 2269 1214 vetus,
2301 1160 2359 1205 ttt
2390 1152 2524 1217 dixi,
2564 1150 2824 1222 Spiritum
2869 1161 3116 1206 sanctum
3163 1153 3218 1206 in
3246 1154 3463 1223 propria

1905 1260 2165 1313 persona,
2209 1254 2263 1298 et
2293 1246 2343 1297 in
2399 1246 2613 1313 propria
2645 1244 2950 1314 hypostasi,
2999 1260 3244 1299 seorsum
3291 1261 3322 1298 a
3370 1245 3462 1300 Dei

1906 1338 2139 1406 generali
2187 1339 2405 1390 notione
2448 1337 2713 1391 nescivit:
2751 1334 3011 1406 Spiritum
3044 1351 3170 1389 vero
3218 1344 3463 1390 sanctum

1907 1429 2020 1480 sive
2052 1428 2310 1495 Spiritum
2344 1427 2457 1489 Dei,
2502 1428 2729 1493 gratiam
2764 1427 2936 1497 ipsius
2968 1429 3217 1490 vocabat,
3252 1428 3335 1482 vel
3366 1428 3467 1481 im-

1907 1519 2117 1588 perium
2150 1533 2212 1571 ac
2249 1518 2662 1587 providentiam,
2698 1518 2780 1571 vel
2815 1533 2939 1583 erga
2972 1516 3176 1587 aliquid
3224 1516 3467 1571 affectio-

1908 1625 2050 1668 nem,
2073 1609 2153 1661 vel
2177 1609 2390 1678 quidvis
2414 1607 2740 1677 hujusmodi.
2778 1626 2797 1659 α
2826 1608 2987 1675 Quoa
3006 1607 3211 1678 Spiritu
3235 1616 3328 1662 tuo
3348 1609 3470 1662 ibo?

1908 1712 1959 1755 et
1998 1715 2027 1751 a
2070 1699 2205 1753 facie
2238 1706 2329 1752 tua
2358 1716 2466 1768 quo
2514 1700 2711 1769 fugiam
2732 1698 2812 1751 ³⁸2
2850 1716 2867 1748 ι
2922 1696 3049 1751 Vult
3093 1700 3240 1754 enim
3287 1699 3469 1755 dicere

228 1793 430 1863 φ·3γω;
456 1810 473 1842 ›
506 1762 758 1842 Πούλεται
780 1788 885 1858 γὰρ
906 1789 1075 1840 εἰπεῖν
1097 1788 1177 1839 ὅτι
1206 1762 1347 1852 Ἔξω
1375 1788 1473 1857 τῆς
1495 1788 1807 1852 ἐπιστασίας

1914 1784 2025 1839 fieri
2057 1801 2162 1838 non
2196 1799 2375 1853 posse,
2405 1797 2455 1838 ut
2488 1798 2639 1840 extra
2666 1796 2814 1839 tuum
2847 1785 3131 1855 imperium
3164 1788 3291 1851 sim,
3338 1804 3470 1858 quo-

230 1905 333 1940 σου
367 1884 621 1953 γενέσθαι
654 1883 713 1935 οὐ
740 1881 981 1944 δυνατὸν,
1022 1880 1209 1950 ἐπειδὴ
1253 1882 1417 1948 πάρει
1461 1882 1570 1942 τοῖς
1610 1883 1804 1933 πᾶσιν·

228 1976 437 2042 ἐπάγει
478 1971 606 2041 γοῦν
649 1972 784 2041 πρὸς
823 1970 912 2021 τὸν
954 1968 1106 2028 Θεὸν,
1144 1966 1324 2040 ορκέτι
1360 1965 1669 2036 Πνεῦματος
1711 1982 1804 2035 με·

231 2064 516 2136 μνημένος
536 2080 549 2094 ·
585 2081 603 2113 ι
629 2062 752 2114 Ἐάν
775 2057 959 2113 ἁναϐῶ
978 2059 1055 2121 είς
1072 2057 1164 2111 τὸν
1192 2057 1435 2128 οὐρανὸν,
1463 2058 1525 2109 σὺ
1552 2056 1666 2109 ἐκεῖ
1688 2051 1755 2108 εί·
1784 2073 1802 2105 ι

228 2159 321 2210 ita
352 2156 482 2226 είπῃ
508 2154 589 2207 ὅτι
626 2150 799 2200 Ὅπου
818 2148 934 2199 ποτ’
957 2146 1021 2199 ἂν
1045 2143 1110 2210 ὦ,
1137 2148 1240 2200 ὑπὸ
1272 2148 1369 2217 τὴν
1396 2146 1641 2214 ἐξουσίαν
1675 2147 1809 2200 καθ-

227 2248 446 2317 έστηκα
479 2244 575 2314 τὴν
606 2242 724 2313 σὴν,
756 2240 876 2294 καθ’
904 2240 968 2311 ἢν
986 2241 1132 2302 ὅπως
1153 2239 1217 2292 ἂν
1244 2239 1430 2309 ἐθέλῃς
1458 2255 1514 2292 τε
1538 2241 1649 2302 τοῖς
1678 2240 1809 2292 πᾶσι

235 2338 431 2409 παρὼν
481 2336 550 2389 τὰ
603 2334 722 2388 κατ’
763 2333 862 2403 ἐμὲ
902 2331 1122 2393 διοικεῖς
1145 2347 1158 2361 ο
1220 2350 1238 2381 ι
1268 2331 1340 2383 Τὸ
1369 2329 1593 2400 Πνεῦμα
1629 2347 1723 2382 σου
1748 2329 1810 2383 τὸ

228 2427 442 2496 ἀγαθὸν
483 2426 739 2495 ὁδηγήσει
782 2439 846 2493 με
880 2424 936 2476 έν
960 2424 1029 2493 γῇ
1060 2421 1259 2491 εὐθείᾳ*
1290 2440 1308 2472 ι
1345 2421 1432 2474 ἵνα
1461 2422 1606 2493 εἴπῃ,
1652 2423 1810 2490 Ἀγα-

227 2522 423 2592 θὸτητι
448 2518 679 2571 πάντοτε
718 2515 786 2568 τά
818 2513 937 2567 κατ’
975 2514 1073 2585 ἐμὲ
1108 2513 1405 2583 διοικήσας,
1440 2513 1579 2566 κατὰ
1606 2512 1810 2582 ταύτην

230 2632 301 2683 με
334 2613 431 2665 καὶ
464 2612 560 2664 νῦν
589 2608 877 2671 ἐπανάξεις
900 2622 914 2636 ⁸
962 2626 981 2658 ι
1005 2607 1077 2659 Τὸ
1102 2605 1325 2674 Πνεῦμά
1354 2622 1445 2659 σου
1468 2606 1528 2658 τὸ
1550 2605 1701 2673 ἁγιον
1734 2605 1808 2675 μὴ

226 2706 534 2777 ἁντανέλῃς
573 2705 666 2758 ἀπ’
702 2701 857 2770 ἐμοῦ,
883 2720 899 2752 ι
951 2700 1037 2753 ἴνα
1072 2699 1233 2771 είπῃ,
1276 2698 1385 2767 Τὴν
1412 2696 1684 2768 ἐξαίρετόν
1715 2713 1807 2749 σου

227 2800 329 2851 καὶ
362 2795 744 2864 ἐξειλεγμένην
790 2790 1108 2863 κηδεμονίαν
1148 2790 1241 2843 ἀπ’
1287 2788 1420 2858 ἐμοῦ
1466 2788 1538 2859 μὴ
1586 2788 1806 2860 ἀφέλῃς.

226 2890 426 2949 υῦτως
452 2888 545 2941 ml.
576 2886 807 2939 ἐνταῦθα
833 2884 1005 2951 λέγει’
1051 2901 1069 2933 ι
1091 2883 1201 2936 Καὶ
1235 2882 1293 2934 τὸ
1319 2880 1543 2949 Πνεῦμά
1571 2898 1670 2950 μου
1720 2883 1810 2948 ἐφ·

227 2984 467 3052 έστηκεν
500 2981 556 3031 ἐν
590 2978 739 3049 μέσῳ
772 2975 947 3047 ὑμῶν’
979 2994 997 3028 ³
1035 2975 1119 3027 ἵνα
1150 2973 1299 3046 ετπῃν
1342 2973 1406 3024 Ἥ
1442 2972 1652 3043 Χάριςὴ
1678 2972 1805 3043 ἐμὴ

227 3073 332 3125 καὶ
359 3072 393 3140 ή
437 3068 564 3138 περὶ
599 3066 742 3136 ὑμᾶς
774 3064 1011 3127 διάθεσις
1046 3062 1296 3117 συνέσται
1342 3062 1489 3131 ὑμῖν,
1523 3062 1811 3131 ἐφεστῶσά
1836 3093 1876 3148 C

227 3181 289 3216 τε
313 3162 411 3215 καὶ
442 3160 538 3228 τὴν
569 3158 763 3227 ἑαυτῆς
786 3159 917 3226 ἡμῖν
938 3155 1250 3227 παρέχουσα
1270 3153 1550 3220 ὠφέλειαν.
1596 3154 1681 3217 Ὠς
1703 3153 1809 3224 γὰρ

227 3256 333 3325 τὴν
362 3252 541 3323 ψυχὴν
574 3250 666 3303 ἐπὶ
709 3248 801 3301 τοῦ
844 3245 980 3300 Θεοῦ
1010 3246 1176 3315 λέγει,
1212 3247 1309 3316 οὐχ
1350 3246 1640 3299 ὑπόστασιν
1669 3263 1809 3311 τινα,

226 3346 333 3413 τὴν
360 3342 418 3395 δὲ
452 3341 578 3409 περί
610 3357 663 3392 τι
691 3337 926 3392 διάθεσιν
950 3336 1120 3400 οὕτως
1144 3331 1449 3406 ὀνομάζων⁸
1491 3331 1601 3388 οἷον
1639 3337 1714 3388 ὅτ’
1747 3336 1812 3389 ἂν

228 3434 392 3504 λέγῃ,
434 3450 453 3482 ι
483 3431 594 3492 Τὰς
613 3428 900 3498 νεομηνίας
926 3425 1079 3496 ὑμῶν
1113 3426 1203 3478 καὶ
1231 3426 1297 3479 τὰ
1329 3425 1573 3478 σάϐϐατα
1606 3427 1751 3496 μισεῖ
1776 3428 1807 3495 ή

228 3524 381 3592 ψυχή
408 3538 532 3590 μου,
564 3539 582 3570 ι
626 3519 712 3571 ἵνα
742 3517 838 3589 τὴν
868 3516 1102 3570 διάθεσιν
1140 3518 1265 3588 είπῃ
1300 3517 1418 3570 καθ’
1446 3518 1509 3587 ῆν
1538 3516 1716 3585 ἐμίσει
1746 3517 1812 3569 τὰ

1911 1878 2056 1931 niam
2090 1877 2343 1931 omnibus
2375 1880 2535 1933 rebus
2576 1878 2725 1931 ades.
2766 1876 2943 1947 Pergit
2974 1878 3155 1948 itaque
3182 1880 3362 1934 dicere
3403 1880 3472 1933 de

1910 1968 2020 2022 Deo
2057 1969 2260 2023 omissa
2300 1970 2537 2037 Spiritus
2580 1970 2884 2025 mentione:
2925 1988 2943 2021 ι
2972 1969 3029 2024 Si
3077 1972 3374 2027 ascendero
3416 1970 3471 2026 in

1910 2061 2129 2124 coelum,
2164 2072 2218 2113 tu
2246 2060 2316 2112 ibi
2353 2078 2410 2112 es
2437 2061 2510 2125 ’5;
2544 2058 2884 2127 rubicunque
2901 2057 3069 2127 fuero,
3087 2065 3189 2120 sub
3210 2073 3473 2135 potestate

1912 2161 2001 2207 tua
2042 2167 2159 2207 sum
2188 2152 2542 2215 constitutus,
2576 2168 2681 2221 qua
2709 2155 3197 2221 quomodocunque
3238 2157 3474 2213 volueris

1910 2245 2122 2301 cunctis
2146 2258 2407 2313 praesens,
2432 2259 2521 2298 res
2551 2260 2700 2299 meas
2731 2246 3021 2314 gubernas.
3049 2265 3066 2296 ε
3089 2244 3325 2316 Spiritus
3348 2258 3475 2304 tuus

1909 2338 2084 2392 bonus
2121 2336 2349 2390 deducet
2380 2352 2463 2390 me
2492 2336 2545 2390 in
2578 2345 2775 2390 terram
2808 2346 3010 2391 rectam
3032 2337 3108 2405 “;
3135 2356 3153 2391 ι
3184 2339 3237 2394 id
3251 2342 3475 2407 εει,Βο-

1910 2410 2079 2481 nitate
2120 2438 2209 2481 tua
2250 2442 2335 2479 res
2371 2442 2518 2480 meas
2560 2428 2891 2498 gubernans,
2934 2428 3034 2481 hac
3065 2430 3179 2498 ipsa
3208 2445 3295 2485 me
3333 2445 3475 2484 nunc

1910 2517 2159 2573 reduces.
2193 2537 2209 2568 ι
2245 2517 2503 2587 Spiritum
2548 2527 2795 2571 sanctum
2848 2531 2997 2572 tuum
3050 2535 3117 2574 ne
3173 2520 3390 2576 auferas
3446 2537 3474 2575 a

1913 2625 2029 2676 me;
2056 2629 2073 2658 ι
2098 2609 2149 2661 id
2173 2617 2256 2662 est
2280 2609 2547 2677 peculiare
2565 2612 2931 2679 sciet-tumque
2957 2614 3313 2683 patrocinium
3340 2629 3368 2666 a
3391 2630 3477 2669 me

1912 2717 2017 2755 non
2036 2701 2271 2755 auferas.
2289 2701 2377 2754 Sic
2398 2697 2558 2751 etiam
2579 2696 2677 2748 hoc
2697 2694 2955 2751 lucoait”
2975 2718 2987 2752 :
3008 2716 3026 2748 ι
3055 2704 3293 2775 Spiritus
3323 2720 3478 2759 meus

1910 2793 2082 2846 astitit
2124 2792 2175 2845 in
2208 2791 2384 2845 medio
2417 2794 2581 2845 vestri
2605 2811 2619 2857 ;
2642 2809 2659 2839 ›
2680 2792 2843 2856 idest,
2864 2793 3045 2849 Gratia
3079 2810 3197 2849 mea
3220 2810 3478 2863 meusque

1910 2898 2034 2953 erga
2064 2898 2162 2937 vos
2199 2882 2424 2937 affectus
2452 2884 2731 2937 vobiscum
2763 2896 2868 2943 est,
2898 2886 3193 2953 praesidens
3216 2901 3479 2956 suamque

1910 2974 2065 3026 vobis
2101 2988 2254 3041 opem
2285 2974 2553 3041 prmbens.
2581 2973 2732 3027 Sicut
2759 2976 3007 3029 videlicet
3028 2977 3264 3031 animam
3294 2978 3348 3031 in
3375 2976 3479 3031 Deo

1912 3061 2067 3125 dicit,
2100 3078 2207 3116 non
2237 3063 2393 3131 quasi
2422 3064 2709 3131 quamdam
2737 3076 3089 3135 hypostasnn,
3110 3068 3202 3121 sed
3231 3066 3479 3122 aﬂectum

1913 3167 2039 3219 erga
2068 3152 2269 3221 aliquid
2300 3154 2371 3205 ita
2405 3154 2712 3208 notuinans.
2738 3150 2909 3207 Veluti
2930 3137 3051 3207 cum
3071 3151 3221 3209 dicit;
3246 3168 3263 3200 ‹
3289 3157 3479 3211 Calen-

1913 3241 2013 3297 das
2045 3250 2284 3302 vestras.
2333 3250 2386 3295 et
2438 3243 2661 3296 sabbata
2710 3243 2823 3297 odit
2875 3244 3055 3298 anima
3080 3258 3195 3297 mea
3215 3243 3482 3310 88;iaffe-

1913 3333 2144 3386 ctionem
2194 3332 2358 3402 278
2400 3333 2543 3386 illam
2574 3334 2902 3404 significans,
2931 3350 3035 3405 qua
3065 3336 3279 3389 illorum
3317 3352 3481 3408 opera

1914 3424 2102 3478 oderat
2134 3425 2395 3495 improbis
2425 3426 2667 3480 morilms
2712 3426 3082 3495 praeditorum.
3111 3428 3181 3481 lla
3220 3430 3484 3499 Spiritum

1913 3532 2128 3587 quoque
2147 3516 2298 3570 dicit.
2320 3516 2517 3570 Verum
2539 3518 2604 3571 de
2619 3518 2702 3571 his
2723 3520 2857 3573 satis
2876 3536 3148 3590 superque
3167 3521 3369 3575 dictum
3390 3522 3483 3576 sit.

229 3616 370 3684 παρ’
404 3612 585 3665 αὐτῶν
608 3610 867 3680 γινόμενα
897 3606 1183 3679 μοχθηρῶν
1213 3606 1380 3660 ὄντων
1418 3607 1507 3659 τὸν
1530 3606 1727 3677 τρόπον
1754 3622 1767 3635 ·
1798 3605 1971 3669 οὕτως
2017 3606 2111 3659 καὶ
2144 3606 2202 3658 τὸ
2236 3606 2457 3677 Πνεῦμα
2500 3606 2663 3675 λέγει.
2684 3606 2839 3662 Ἀλλὰ
2882 3608 2984 3681 γὰρ
3011 3609 3181 3662 ταῦτα
3215 3611 3312 3681 μὲν
3347 3612 3485 3683 ὑπὲρ

231 3710 484 3771 πλείονος
508 3706 745 3778 είρήσθω
763 3705 863 3775 τῆς
888 3704 1189 3775 ἀκριϐείας.

310 3822 465 3874 Στίκ.
498 3826 634 3884 (ξ’-ι’.
664 3847 737 3857 -
777 3817 834 3870 '0
866 3816 922 3869 δέ
954 3832 1018 3883 γε
1057 3815 1189 3878 Θεὸς
1219 3815 1405 3887 ἐπειδὴ
1438 3816 1669 3887 διήγειρε
1716 3816 1813 3886 μὲν

233 3917 294 3967 ἐν
344 3916 461 3975 τοῖς
507 3909 926 3982 προειρημένοις
973 3908 1062 3961 τὸν
1102 3908 1229 3961 λαὸν
1275 3908 1364 3961 διὰ
1404 3908 1497 3961 τοῦ
1534 3909 1811 3978 προφήτου

234 4003 372 4072 περὶ
409 4000 473 4052 τὸ
508 3998 667 4069 ἔργον
700 4000 800 4068 τῆς
831 3996 1119 4066 οἰκοδομῆς
1151 3997 1438 4067 αὐτάρκως
1475 3997 1568 4049 καὶ
1614 3996 1814 4067 προθυ·

237 4095 508 4166 μοτέρους
536 4089 851 4162 εἰργάσατο,
893 4088 968 4159 (p.
998 4088 1122 4158 422)
1164 4086 1309 4158 ἐώρα
1336 4087 1391 4139 δὲ
1434 4086 1813 4158 συλλογιζομέ-

233 4204 363 4249 νους
394 4183 557 4237 ποθεν
590 4182 657 4236 ἂν
686 4183 866 4244 αὐτοῖς
900 4181 1251 4251 προσγένοιτο
1278 4178 1514 4232 τοσαῦτα
1543 4178 1622 4232 ἔτι
1654 4196 1812 4233 πενο-

237 4279 425 4349 μένοις
460 4277 523 4327 ἐκ
556 4274 655 4344 τῆς
680 4273 1079 4344 αἰχμαλωσίας,
1112 4273 1202 4341 ἀφ’
1235 4265 1308 4325 ὦν
1335 4271 1560 4324 δυνατὸν
1586 4271 1728 4326 κατὰ
1754 4272 1814 4323 τὸ

236 4367 519 4439 προσῆκόν
551 4382 611 4418 τε
644 4363 1046 4436 ἀπαρτισθῆναι
1073 4364 1164 4419 τὸν
1197 4364 1320 4416 ναὸν
1347 4364 1438 4417 καὶ
1464 4365 1642 4416 πᾶσαν
1666 4362 1812 4431 αὑτῴ

1982 3810 2149 3865 Vens.
2183 3810 2340 3865 6-10.
2375 3810 2441 3865 Et
2488 3811 2630 3867 Deus
2674 3813 2894 3881 quidem
2922 3828 3046 3867 cum
3082 3814 3376 3868 excitasset
3428 3814 3485 3869 in

1911 3904 2181 3973 praedictis
2215 3906 2473 3973 populum
2504 3921 2599 3975 per
2629 3907 2945 3976 prophetam
2969 3907 3035 3960 ad
3079 3906 3291 3961 aedificii
3323 3922 3482 3975 opus,

1864 4066 1867 4069 ν
1912 3994 2152 4061 satisque
2184 4010 2304 4047 eum
2339 4004 2643 4065 promptum
2683 3997 2972 4062 effecisset,
3010 3998 3267 4052 cernebat
3305 4007 3485 4053 tamen

1910 4099 2033 4139 eum
2059 4094 2419 4152 reputantem,
2455 4089 2725 4141 undenam
2760 4088 2862 4143 sibi
2900 4090 3123 4159 pauperi
3155 4104 3221 4143 ex
3260 4090 3487 4158 captivi-

1916 4184 2025 4229 tate
2074 4176 2301 4231 facultas
2351 4178 2487 4233 forct
2537 4180 2696 4249 digne
2744 4180 3005 4250 templum
3055 4180 3404 4244 exstruendi,
3433 4188 3483 4235 et

1921 4279 2219 4336 congruum
2244 4277 2492 4323 ornatum
2518 4272 2771 4335 addeudi,
2795 4272 3008 4341 qualem
3034 4279 3191 4327 antea
3221 4273 3486 4328 habuerat

1927 4358 1980 4412 in
2013 4360 2305 4414 structuris
2342 4375 2405 4413 ac
2436 4363 2580 4416 vasis
2616 4363 2822 4417 sanctis
2862 4373 2915 4416 et
2948 4364 3209 4434 reliquis;
3258 4364 3488 4435 ideoque

232 4462 338 4530 τὴν
369 4458 752 4529 προσήκουσαν
784 4456 1116 4526 εὐπρέπειαν
1141 4453 1488 4523 ἀποδοθῆναι,
1514 4456 1629 4507 οἵαν
1656 4453 1721 4524 δὴ
1754 4455 1807 4506 τὴ

1919 4454 2104 4509 addit:
2142 4456 2468 4523 rCoutidite,
2512 4474 2685 4528 neque
2714 4461 2986 4516 inetuatis.
3010 4479 3029 4513 ι
3084 4460 3237 4526 Haec,
3275 4463 3486 4532 inquit,

235 4551 509 4621 πρότερον
539 4543 686 4618 εἶχεν
720 4548 779 4599 ἐν
805 4544 1110 4615 οἰκοδομαῖς
1141 4561 1201 4597 τε
1237 4546 1330 4597 κα)⁵
1356 4544 1604 4597 σκεύεσιν
1636 4544 1811 4612 ἁγίοις

232 4644 336 4696 καὶ
381 4644 496 4705 τοῖς
547 4641 775 4703 λοιποῖς,
830 4638 1057 4705 ἐπάγει·
1121 4656 1138 4688 ι
1196 4636 1573 4707 Θαρσεῖτε,μὴ
1613 4637 1677 4707 δὴ
1721 4654 1816 4705 φο-

233 4735 463 4805 ϐεῖσθε..
492 4753 510 4787 ι
553 4732 689 4803 Περὶ
728 4730 963 4794 τούτων,
999 4731 1167 4799 φησὶ,
1204 4730 1301 4783 καὶ
1341 4730 1456 4792 πῶς
1484 4729 1679 4791 ἔνεστι,
1740 4728 1813 4798 μὴ

235 4826 517 4897 φοϐεῖσθε.
566 4844 584 4875 ι
632 4823 775 4876 Διὸτι
814 4822 939 4895 τάδε
973 4821 1120 4889 λέγει
1159 4820 1361 4891 Κύριος
1400 4820 1808 4892 παντοκράτωρ·

237 4921 364 4972 Ἔτι
402 4917 550 4982 ἁπαξ
594 4915 704 4983 ἐγὼ
746 4916 875 4968 σείω
920 4916 1009 4967 τὸν
1053 4915 1280 4985 οὐρανὸν
1322 4913 1416 4967 καὶ
1448 4913 1545 4984 τὴν
1586 4913 1690 4982 γῆν
1720 4913 1814 4965 καὶ

226 5012 337 5080 τὴν
366 5007 641 5061 θάλασσαν
675 5008 769 5059 καὶ
791 5009 889 5077 τὴν
912 5005 1100 5077 ξηράν
1140 5006 1234 5059 καὶ
1260 5004 1526 5058 συσσείσω
1547 5004 1722 5057 πάντα
1752 5003 1819 5055 τὰ

224 5102 366 5170 ἔθνη
394 5116 408 5129 ⁸
442 5100 537 5150 καὶ
565 5098 683 5167 ἥξει
716 5099 785 5151 τὰ
813 5096 1045 5150 ἐκλεκτὰ
1086 5097 1301 5149 πάντων
1344 5095 1452 5147 τῶν
1493 5093 1689 5147 ἐθνῶν⁸
1726 5094 1820 5146 καὶ

224 5194 430 5263 πλήσω
448 5192 540 5243 τὸν
558 5187 705 5244 οἷκον
720 5188 905 5242 τοῦτον
922 5190 1099 5256 δόξης,
1123 5189 1269 5257 λέγει
1292 5187 1493 5259 Κύριος
1516 5185 1814 5257 παντοκρά-

223 5298 369 5354 τωρ·
401 5282 535 5335 διότι
567 5280 828 5351 μεγάληή
856 5281 983 5347 δόξα
1012 5280 1104 5333 τοῦ
1131 5280 1280 5333 οἴκου
1306 5278 1494 5331 τούτου
1513 5318 1530 5345 ,
1553 5279 1586 5347 ή
1608 5275 1808 5348 ἐσχάτη

224 5374 377 5444 ὑπὲρ
409 5374 509 5443 τὴν
534 5373 776 5442 πρώτην,
806 5372 950 5440 λέγει
974 5371 1175 5443 Κύριος
1197 5369 1611 5440 παντοκράτωρ,
1638 5368 1733 5422 καὶ
1753 5370 1810 5423 ἰν

224 5466 311 5536 τῷ
340 5466 494 5535 τόπῳ
522 5464 697 5533 τούτῳ
724 5464 879 5517 δώσω
904 5464 1126 5535 εἰρήνην
1146 5504 1161 5529 ,
1192 5462 1342 5531 λέγει
1373 5461 1575 5534 Κύριος
1614 5479 1812 5515 παντο-

225 5641 355 5765 rp"
393 5641 584 5697 Matth.
629 5656 822 5712 xxvm,
850 5644 938 5697 19.
1014 5642 1058 5673 ³⁸
1096 5641 1242 5696 Psal.
1284 5656 1546 5706 cxxxvttt,
1588 5641 1638 5693 7.

267 5732 326 5765 υ.

267 5732 326 5765 υ.

1721 5640 1763 5672 ³⁸
1804 5637 1937 5695 Ibid.
1961 5641 2013 5696 8.

1920 4549 2193 4615 quomodo
2250 4548 2423 4603 futura
2475 4552 2611 4612 sint.
2666 4567 2732 4605 ne
2779 4552 3087 4622 ambigatis.
3124 4572 3142 4604 ι
3182 4553 3320 4619 Quia
3373 4554 3487 4608 haec

1922 4639 2054 4692 dicit
2075 4638 2334 4694 Dominus
2367 4642 2741 4709 omnipotens:
2770 4642 2963 4697 Adhuc
2993 4657 3094 4713 ego
3123 4645 3320 4698 caelum
3358 4659 3490 4697 con-

1922 4731 2069 4783 cutio
2100 4738 2154 4783 et
2188 4739 2386 4785 terram
2416 4746 2480 4786 ac
2510 4746 2658 4787 mare
2691 4742 2745 4788 et
2774 4734 2981 4788 aridam
3007 4752 3020 4789 :
3058 4744 3112 4789 et
3137 4735 3490 4789 commovebo

1923 4835 2112 4876 omnes
2155 4829 2377 4889 gentes:
2413 4833 2467 4875 et
2510 4825 2727 4879 venient
2775 4826 2946 4880 electa
2979 4840 3207 4895 qumque
3246 4825 3485 4881 oumium

1922 4914 2204 4983 gentium:
2254 4923 2307 4969 et
2351 4916 2586 4984 implebo
2635 4916 2853 4971 domum
2906 4920 3047 4972 hanc
3096 4919 3305 4988 gloria,
3356 4920 3487 4973 dicit

1922 5006 2181 5060 Dominus
2206 5008 2552 5075 omnipotens
2575 5025 2587 5061 :
2614 5009 2741 5077 quia
2763 5024 2953 5070 magna
2977 5012 3079 5063 erit
3100 5010 3269 5079 gloria
3292 5009 3488 5064 domus

1919 5097 2105 5165 hujus,
2139 5098 2407 5165 posterior
2438 5110 2546 5166 pra:
2570 5097 2770 5164 priore,
2805 5097 2937 5151 dicit
2964 5095 3224 5150 Dominus
3249 5096 3485 5165 omnipo-

1922 5200 2072 5243 tens:
2123 5196 2177 5242 et
2208 5189 2311 5242 hoc
2342 5189 2394 5242 in
2442 5190 2561 5243 loco
2590 5189 2731 5242 dabo
2780 5204 3000 5258 pacem,
3048 5186 3180 5241 dicit
3229 5185 3491 5243 Dominus

1919 5280 2288 5349 omnipotens,
2320 5289 2373 5334 et
2395 5295 2579 5349 pacem
2613 5282 2807 5335 animae
2834 5281 2889 5334 in
2922 5280 3336 5349 acquisitionem
3372 5294 3490 5332 0m-

1920 5373 1974 5426 ni
2004 5371 2315 5435 azditicanti,
2355 5380 2412 5426 ut
2440 5373 2699 5443 templum
2728 5373 2828 5427 hoc
2862 5377 3129 5428 exstruat.
3156 5389 3175 5423 ι
3211 5368 3285 5425 De
3318 5386 3490 5440 penu-

1919 5462 2001 5516 ria
2032 5464 2501 5529 necessariorum,
2545 5464 2737 5535 inquit,
2784 5481 2851 5520 ne
2894 5463 3118 5519 solliciti
3162 5463 3285 5520 sitis
3327 5483 3341 5520 :
3388 5480 3489 5535 ego

2095 5642 2139 5674 ³⁶
2178 5640 2322 5698 Psal.
2364 5658 2530 5710 cuit,
2562 5643 2644 5697 ιθ.
2723 5643 2766 5674 ³⁷
2805 5641 3020 5706 Psal.t.,
3066 5641 3149 5696 13.
3228 5640 3271 5672 ³⁸
3310 5641 3393 5695 lsa
3447 5659 3485 5710 ι,
