3934 6550
472 358 573 419 48⁸7

1615 339 1705 396 ΤΗ
1714 335 1964 395 EODORI
2001 333 2483 393 MOPSUESTENI

3605 335 3699 390 488

473 476 621 527 enim
649 463 876 525 cunctas
908 477 1041 534 pcnc
1085 468 1437 515 commovens
1469 463 1676 527 gentes,
1706 469 1905 526 magno
1934 470 2040 508 nua

2164 451 2383 524 ιράτωρ,
2407 448 2500 501 καὶ
2524 446 2746 518 εἰρήνην
2767 444 2944 516 ψυχῆς
2972 446 3051 509 είς
3075 444 3422 516 περιποίησιν
3447 446 3613 499 παντὶ
3635 447 3705 515 τῷ

476 576 632 618 mero
679 558 970 627 multisque
1023 550 1278 623 praeditas
1327 549 1554 619 opibus,
1603 546 1670 601 ad
1716 562 1816 601 vos
1850 546 2039 601 venire

476 652 810 723 permittam.
842 646 979 702 Dicit
1008 650 1188 699 autem
1223 640 1359 712 Gogi
1407 640 1685 710 p0pulum,
1722 652 1830 709 quo
1876 636 2039 691 adve-

477 744 684 805 niente,
707 748 838 794 tunc
864 736 1096 792 maxime
1117 733 1311 787 domus
1334 731 1497 800 hujus
1525 730 1695 801 gloria
1721 730 2040 783 inclarescet

481 841 702 904 propter
736 845 909 885 meam
944 829 1202 884 tutelam:
1238 840 1363 880 nam
1402 825 1617 880 illorum
1659 831 1939 893 argentum
1985 828 2040 875 et

482 939 695 987 aurum,
724 931 777 977 et
804 919 1087 991 quidquid,
1118 925 1174 970 ut
1195 916 1503 972 summatim
1529 914 1726 975 dicam,
1758 914 1794 965 ii
1820 911 2037 976 habent,

482 1030 661 1071 meum
688 1022 792 1077 est,
816 1012 1070 1082 quoniam
1099 1008 1231 1062 nihil
1263 1007 1315 1061 in
1344 1006 1544 1060 mundo
1575 1019 1752 1059 meum
1780 1018 1889 1057 non
1921 1010 2006 1057 est
2025 1040 2039 1063 ,

482 1108 610 1179 quia
635 1116 886 1160 creatura
917 1102 1096 1157 omnis
1115 1116 1251 1169 opus
1282 1112 1460 1152 meum
1483 1104 1567 1151 est
1591 1115 1603 1150 :
1635 1110 1754 1165 qua:
1776 1109 1880 1164 ego
1910 1093 2043 1163 ipsis

482 1204 666 1265 erepta
715 1193 782 1247 ad
810 1207 910 1247 vos
952 1190 1301 1247 transferam,
1334 1188 1536 1239 nullam
1571 1186 1638 1240 iis
1679 1183 1934 1253 injuriam
1966 1181 2045 1234 fa-

482 1287 637 1344 ciens
666 1286 759 1354 qui
789 1298 899 1338 non
930 1298 1027 1337 sua
1066 1281 1440 1353 possidebant;
1477 1276 1572 1332 sed
1626 1290 1741 1329 mea
1769 1274 1893 1344 jure
1932 1289 2045 1328 me-

482 1377 702 1445 ritoque
728 1374 863 1428 meis
892 1370 1216 1435 conferens;
1240 1369 1311 1422 ita
1340 1374 1397 1420 ut
1420 1366 1642 1436 gloriam
1670 1377 1845 1419 meam
1870 1364 1926 1417 in
1944 1363 2047 1417 hoc

484 1468 687 1535 templo
717 1480 813 1534 per
837 1479 901 1518 ea
930 1478 1052 1532 quae
1070 1474 1249 1530 geram
1272 1466 1596 1513 ostensurus
1614 1455 1740 1519 sim,
1759 1469 1944 1523 preces
1959 1468 2048 1507 ve-

484 1566 631 1613 stras
666 1554 829 1625 279
867 1554 975 1607 illic
1000 1552 1296 1621 excipiens,
1336 1549 1602 1617 vobisque
1643 1547 1907 1601 adversus
1947 1545 2049 1600 bo-

487 1656 601 1704 stes
664 1649 807 1700 vires
866 1642 1254 1714 suppeditans,
1308 1640 1444 1694 tales
1497 1648 1783 1706 tantosque
1842 1635 1936 1706 qui
1995 1642 2049 1689 et

488 1754 705 1794 omnem
733 1751 1020 1791 numerum
1056 1739 1405 1803 exsuperant,
1435 1739 1489 1787 et
1514 1730 1706 1785 bellica
1739 1728 1927 1798 peritia
1962 1727 2049 1780 in-

2141 542 2396 607 κτίζοντι,
2433 538 2528 593 τοῦ
2562 538 2860 608 ἀναστῆλαι
2894 537 2986 590 τὸν
3015 536 3141 589 ναὸν
3167 535 3376 589 τοῦτον.
3416 555 3434 587 ι
3471 537 3611 605 Περὶ
3654 536 3707 589 δὲ

2142 638 2241 705 τῆς
2286 634 2529 696 σπάνεως
2558 632 2668 685 τῶν
2702 630 3039 699 ἐπιτηδείων,
3076 630 3229 698 φησὶ,
3266 628 3339 698 μὴ
3371 626 3706 697 φροντίζετεο

2149 728 2303 797 μόνον
2336 725 2445 794 γὰρ
2473 724 2570 795 οὐχ
2600 723 2812 776 ἅπαντα
2845 721 3131 783 συσσείσας
3159 721 3227 772 τὰ
3264 720 3412 788 ἔθνη,
3452 719 3625 772 πολλά
3654 735 3709 771 τε

2145 821 2237 871 καί
2268 817 2464 871 πολλοῦ
2493 817 2730 886 γέμοντα
2759 815 3013 881 πλούτου,
3042 815 3125 883 ἐφ’
3162 815 3306 885 ὑμᾶς
3338 813 3517 867 ἐλθεῖν
3547 812 3707 864 ἐάσω.

2146 911 2310 977 Λέγει
2337 909 2393 962 δὲ
2414 911 2539 971 τοὺς
2572 908 2699 978 περὶ
2726 907 2816 960 τὸν
2843 906 2996 975 Γὼγ,
3038 900 3113 959 ὧν
3138 905 3476 976 ἐληλυθότων
3499 903 3620 955 τότε
3650 901 3711 971 δὴ

2148 1001 2245 1069 τῆς
2291 999 2447 1069 δόξης
2498 997 2592 1051 τοῦ
2644 995 2792 1048 οἴκου
2838 995 3027 1048 τούτου
3080 994 3141 1047 τὸ
3197 992 3427 1063 μέγεθος
3485 990 3712 1058 ἐκφανὲς

2149 1094 2357 1163 ποιήσω
2397 1091 2482 1144 διὰ
2516 1092 2613 1160 τῆς
2639 1090 2962 1163 κηδεμονίας
3000 1087 3099 1157 τῆς
3138 1087 3277 1156 ἐμῆς
3302 1102 3315 1114 ·
3358 1084 3453 1137 καὶ
3487 1082 3599 1151 γάρ
3625 1082 3713 1133 καὶ

2148 1186 2208 1238 τὸ
2238 1182 2495 1253 ἀργύριον
2524 1181 2583 1233 τὸ
2607 1180 2806 1251 προσὸν
2837 1180 3085 1245 ἐκείνοις,
3120 1178 3198 1249 (p.
3220 1175 3344 1246 425)
3372 1176 3467 1229 καὶ
3495 1174 3559 1227 τὸ
3586 1191 3714 1244 χρυ-

2152 1274 2296 1339 σίον,
2328 1273 2422 1327 καὶ
2469 1271 2645 1325 πάντα
2688 1272 2752 1343 δὴ
2801 1270 3079 1341 συντόμως
3126 1270 3299 1321 εἰπεῖν
3329 1268 3400 1320 τὰ
3445 1267 3713 1338 προσόντα

2150 1364 2376 1426 ἐκείνοις
2399 1362 2533 1433 ἐμά·
2567 1361 2661 1415 ἆτε
2682 1360 2746 1431 δὴ
2774 1359 2947 1412 πάντα
2967 1358 3096 1410 ὂντα
3128 1357 3265 1427 ἐμά·
3295 1356 3417 1407 ἐπεὶ
3446 1356 3543 1408 καὶ
3574 1355 3714 1406 πᾶσα

2152 1453 2308 1523 ἔργον
2354 1454 2388 1522 ἠ
2431 1450 2607 1513 κτίσις
2646 1449 2810 1519 ἐμόν’
2853 1448 2996 1518 ἆπερ
3045 1441 3137 1499 οὖν
3182 1445 3413 1515 ἀφελὼν,
3454 1447 3536 1507 εἰς
3579 1444 3714 1513 ὑμᾶς

2156 1545 2494 1612 μεταστήσω,
2525 1540 2625 1592 οὐκ
2657 1537 2856 1591 ἀδικῶν
2892 1538 3019 1597 τοὺς
3047 1535 3268 1606 ἔχοντας
3299 1535 3351 1588 οῖ
3378 1552 3443 1603 γε
3474 1530 3622 1605 εἶχον
3651 1534 3715 1585 τά

2158 1633 2230 1703 μὴ
2257 1631 2453 1686 αὐτῶν*
2480 1630 2549 1683 τὰ
2574 1629 2684 1701 ἐμὰ
2705 1629 2762 1681 δὲ
2789 1628 3013 1691 εἰκότως
3040 1628 3213 1691 διδοὺς
3238 1629 3349 1690 τοῖς
3379 1628 3402 1678 ἐ
3412 1628 3557 1696 μοῖςο
3582 1625 3712 1677 ὥστε

2152 1724 2251 1795 τὴν
2293 1723 2413 1776 τότε
2451 1723 2804 1792 δεικνυμένην
2854 1721 2982 1791 περὶ
3021 1719 3114 1773 τὸν
3145 1715 3291 1772 οἷκον
3328 1718 3522 1771 τοῦτον
3568 1717 3716 1781 δόξαν

487 1828 621 1883 victi
655 1837 818 1882 sunt:
852 1840 961 1896 quo
986 1824 1076 1879 ﬁet
1110 1831 1169 1877 ut
1194 1821 1405 1877 cunctis
1435 1820 1605 1888 major
1636 1828 1889 1888 appareat
1920 1834 2053 1888 prm-

2164 1817 2245 1885 icp’
2267 1809 2341 1868 ὧν
2362 1816 2781 1885 διαπράττομαι,
2806 1812 3087 1883 δεχόμενός
3110 1828 3169 1864 τε
3195 1810 3223 1863 ὑ
3233 1809 3346 1881 μῶν
3365 1810 3463 1873 τὰς
3493 1811 3554 1862 ἐν
3578 1808 3721 1879 αὐτῷ

490 1932 638 1983 scus,
683 1931 845 1985 quam
902 1914 1174 1985 praeterita
1225 1912 1412 1982 templi
1460 1910 1621 1980 hujus
1659 1911 1874 1979 gloria:
1929 1911 2056 1979 quia

491 2006 673 2076 majus
701 2007 803 2059 hoc
839 2004 1111 2059 videbitur
1146 2005 1376 2067 facinus,
1410 2017 1571 2071 quam
1604 2001 1759 2069 prius
1792 1999 1924 2053 illud
1957 2001 2058 2054 sub

492 2099 733 2169 Assyriis
762 2098 845 2153 vel
883 2095 1211 2167 quibusdam
1263 2095 1423 2147 aliis:
1461 2098 1743 2163 propterea
1775 2092 1917 2161 quod
1951 2105 2057 2144 non

454 2186 459 2193 ’
492 2187 838 2242 multitudine
874 2194 1111 2249 tantum,
1136 2186 1227 2241 sed
1258 2186 1441 2255 vigore
1470 2185 1632 2237 etiam
1671 2190 1832 2251 atque
1865 2182 2059 2252 peritia

495 2286 797 2347 praesentes
833 2276 1019 2331 hostes
1053 2275 1249 2346 priscis
1279 2273 1626 2327 autecellaut.
1654 2272 1862 2337 Quibus
1885 2272 2063 2323 omni—

499 2370 600 2425 bus
618 2369 822 2423 virtute
852 2383 971 2423 mea
1003 2367 1327 2422 mirabiliter
1349 2366 1642 2435 superatis,
1677 2366 1730 2418 in
1754 2362 2066 2431 omnimoda

498 2474 630 2530 pace
670 2458 886 2522 vivetis,
938 2457 1237 2528 tranquillo
1280 2456 1465 2510 animo
1508 2463 1731 2526 prapter
1779 2454 2067 2523 cujuslibet

500 2548 674 2605 hostis
703 2547 1097 2618 depulsionem,
1136 2545 1494 2617 plurimisque
1527 2543 1798 2598 manubiis
1827 2543 1953 2598 inde
1978 2559 2065 2599 re-

499 2640 751 2709 portatis,
800 2654 1032 2710 quarum
1082 2638 1242 2709 potiti
1286 2636 1499 2693 facilem
1545 2636 1812 2691 habebitis
1856 2637 2066 2705 copiam

499 2746 598 2802 pro
653 2738 838 2787 vestro
894 2730 1052 2786 libito
1107 2731 1369 2799 templum
1420 2728 1525 2783 hoc
1568 2728 1881 2782 exstruendi
1917 2740 1969 2782 et
2012 2728 2067 2782 in

460 2820 671 2876 altum
720 2822 1032 2887 attollendi,
1082 2828 1143 2875 ut
1163 2818 1333 2875 decus
1373 2833 1532 2874 suum
1585 2818 1801 2880 habeat,
1851 2828 2071 2889 pr0pter

496 2929 594 2971 eos
621 2916 714 2985 qui
755 2915 952 2970 orandi
1000 2923 1057 2970 et
1098 2913 1307 2968 cultum
1337 2911 1629 2967 exhibendi
1657 2926 1823 2967 causa
1870 2926 2070 2966 conve-

499 3005 673 3061 nient.

2154 1908 2389 1977 δεήσεις,
2438 1906 2535 1959 κα.)⁸
2577 1905 2829 1977 παρέχων
2870 1905 2998 1975 ὑμῖν
3030 1902 3091 1955 τὸ
3139 1902 3277 1955 κατὰ
3302 1900 3410 1954 τῶν
3450 1900 3723 1971 πολεμίων

2156 1999 2372 2069 κράτος,
2398 1996 2666 2050 τοσούτων
2690 2014 2749 2050 τε
2770 1996 2938 2050 όντων
2964 1995 3055 2049 καὶ
3088 1992 3362 2057 τοιούτων,
3387 1991 3465 2055 ὡς
3492 1990 3723 2062 ἀριθμὸν

2161 2088 2257 2158 μὲν
2280 2087 2476 2150 αὐτοὺς
2502 2086 2579 2157 τῷ
2607 2086 2796 2152 πλήθει
2824 2088 3000 2157 νικᾷν,
3022 2086 3477 2157 ἀκαταμαχήτους
3499 2083 3559 2137 δὲ
3591 2080 3723 2136 εἶναι

2156 2179 2243 2232 διὰ
2271 2178 2499 2251 δύναμίν
2543 2196 2601 2231 τε
2633 2197 2724 2232 και
2758 2177 3060 2249 πολεμικὴν
3091 2178 3383 2250 ἐμπειρίαν
3403 2194 3417 2207 ·
3447 2178 3563 2240 τοῖς
3596 2178 3725 2230 πᾶσι

2158 2270 2332 2323 δοκεῖν
2378 2270 2601 2340 μείζονα
2646 2270 2929 2340 φαίνεσθαι
2974 2270 3073 2342 τῆς
3112 2269 3241 2322 ποτέ
3284 2269 3413 2340 περὶ
3447 2268 3540 2321 τὸν
3578 2263 3723 2320 οἷκον

2159 2362 2346 2416 τοῦτον
2379 2363 2636 2434 φανείσης
2668 2364 2859 2434 δόξηςο
2887 2364 2983 2419 ἅτε
3016 2364 3111 2417 καὶ
3142 2362 3235 2417 τοῦ
3274 2362 3436 2435 ἔργου
3481 2360 3722 2433 μείζονος

2160 2455 2311 2519 ὄντος
2336 2455 2370 2527 ἢ
2400 2456 2664 2529 πρότερον
2695 2457 2787 2509 ἐπε
2813 2474 2871 2509 τε
2898 2456 3005 2510 τῶν
3046 2455 3363 2528 Ἀσσυρίων,
3384 2454 3419 2526 ἢ
3450 2454 3548 2508 καί
3570 2472 3725 2507 τινων

2163 2546 2363 2618 ἐτέρων
2395 2546 2637 2616 ἐγένετοο
2670 2548 2761 2600 διά
2791 2548 2853 2601 τὸ
2893 2548 2954 2601 οὐ
2994 2547 3186 2618 πλήθει
3222 2546 3413 2617 μόνον,
3459 2544 3599 2599 ἀλλὰ
3638 2545 3724 2597 καὶ

2164 2637 2390 2709 δυνάμει
2424 2640 2518 2692 καὶ
2549 2640 2811 2711 ἐμπειρίᾳ
2837 2639 3105 2710 πολεμικῇ
3145 2640 3271 2702 τοὺς
3291 2638 3386 2692 νῦν
3412 2636 3725 2707 ὑπεραίρειν

2164 2728 2271 2783 τῶν
2298 2729 2465 2784 πάλαι
2482 2745 2495 2759 ⁸
2522 2724 2596 2784 ὧν
2624 2731 2687 2803 δή
2711 2730 2924 2784 πάντων
2943 2734 3009 2801 τῇ
3038 2733 3142 2802 ἐμῇ
3166 2730 3392 2800 δυνάμει
3415 2728 3725 2800 παραδόξως

2170 2822 2583 2893 περιγεγονὸτες
2614 2826 2671 2876 ἐν
2692 2824 2883 2897 εἰρήνῃ
2908 2823 3162 2876 παντελεῖ
3185 2821 3504 2893 γενήσεσθε,
3536 2820 3726 2892 ἀθόρυι

2169 2911 2253 2965 σοί
2278 2930 2338 2966 τε
2372 2916 2492 2979 ταῖς
2528 2914 2723 2984 ψυχαῖς
2750 2915 3092 2986 διαμένοντες
3124 2914 3212 2968 διὰ
3238 2915 3299 2968 τὸ
3329 2914 3529 2978 παντὸς
3554 2912 3724 2984 ἁπηλο

2168 3002 2362 3074 λάχθαι
2391 3004 2645 3075 πολεμίου
2662 3045 2676 3069 ,
2708 3007 2801 3058 καὶ
2831 3005 3057 3059 πλεῖστα
3084 3008 3182 3059 ὅσα
3212 3008 3277 3060 ἐκ
3304 3004 3413 3058 τῶν
3438 3007 3549 3068 τοῖς
3575 3002 3727 3056 πολεο

506 3098 649 3169 μίοις
685 3096 995 3170 προσόντων
1022 3095 1239 3168 λάφυρα
1281 3094 1711 3163 συναγαγόντεςο
1743 3092 1779 3148 ἃ
1816 3096 2264 3166 περιποιήσαντες
2300 3097 2543 3164 ἐαυτοῖς,
2575 3096 2792 3151 εὔκολον
2824 3098 2972 3163 ἕξετε
3005 3097 3351 3169 βουληθέντες
3381 3098 3478 3169 τὴν
3507 3096 3727 3166 δύναμιν

499 3191 594 3247 τοῦ
620 3192 710 3246 τὸν
730 3191 854 3244 ναὸν
871 3187 1067 3243 ’τοῦτον
1100 3189 1503 3243 κατασκευάσαι
1530 3204 1590 3240 τε
1620 3186 1714 3241 καὶ
1742 3187 2040 3257 ἀνεγεῖραι,
2065 3186 2139 3251 ὡς
2163 3187 2229 3241 ἂν
2252 3188 2349 3260 τήν
2372 3188 2575 3243 οἰκείαν
2600 3189 2931 3262 εὐπρέπειαν
2952 3189 3083 3262 ἔχοι,
3098 3192 3197 3263 τῆς
3217 3192 3325 3243 τῶν
3351 3193 3410 3243 ἐν
3430 3189 3581 3261 αὐτῷ
3607 3207 3725 3243 συν-

510 3291 696 3347 ιόντων
728 3289 911 3342 ἐνεκεν
944 3286 1106 3357 εὐχῆς
1138 3302 1199 3338 τε
1229 3284 1324 3339 καὶ
1349 3282 1663 3356 θεραπείας.

573 3397 740 3453 Vsus.
765 3396 949 3451 11-15.
967 3394 1172 3450 —Jam
1202 3405 1490 3465 postquam
1522 3393 1795 3465 praedictis
1815 3393 2063 3449 omnibus

2242 3392 2390 3465 Στίχ.
2422 3400 2602 3449 ια’-ιε’.
2619 3424 2690 3435 —
2706 3395 2781 3468 (p.
2796 3394 2923 3465 424)
2940 3396 3036 3449 Διὰ
3053 3395 3116 3467 δὴ
3134 3396 3348 3450 πάντων
3363 3396 3470 3449 τῶν
3491 3414 3625 3467 προε
3634 3398 3729 3467 ιλη-

505 3489 640 3547 satis
665 3504 759 3544 eos
777 3488 1097 3541 adhortatus
1114 3496 1218 3549 est,
1244 3496 1405 3556 atque
1428 3485 1494 3539 ad
1515 3500 1735 3556 operam
1766 3484 2069 3539 aedificandi

507 3582 740 3652 impulit,
774 3579 1234 3651 promissionibus
1261 3578 1424 3633 etiam
1466 3579 1521 3631 in
1551 3594 1702 3647 spem
1731 3578 1926 3641 erexit,
1958 3576 2073 3631 fore

509 3681 569 3728 ut
594 3672 763 3727 multa
794 3671 1052 3727 beatitate
1089 3668 1343 3724 fruantur
1382 3668 1510 3724 facti
1543 3669 1792 3725 hostibus
1828 3669 2073 3739 superio-

510 3778 616 3827 res,
643 3770 699 3818 et
730 3762 876 3833 quod
898 3763 1081 3817 omnia
1116 3761 1182 3817 ad
1223 3762 1409 3831 templi
1436 3759 1852 3816 :ediiicationem
1879 3760 2073 3815 idonea

509 3854 747 3909 habituri
785 3852 987 3907 aﬂatim
1014 3854 1146 3908 sint.
1186 3851 1451 3908 Ceterum
1484 3859 1631 3908 recte
1665 3852 1787 3907 illos
1820 3850 2075 3922 posthinc

510 3947 754 4000 victuros
790 3944 1023 4013 putavit,
1054 3952 1109 3999 et
1149 3943 1205 3997 in
1246 3943 1473 4014 reliquis
1505 3953 1795 3998 curaturos
1827 3950 2078 4012 peccato-

508 4050 629 4092 rum
691 4049 915 4091 suorum
978 4034 1437 4089 emendationem.
1502 4033 1594 4089 Sic
1662 4044 1841 4090 autem
1900 4033 2072 4089 dicit:

516 4146 537 4180 ι
559 4127 764 4195 Quarta
787 4134 839 4183 et
858 4127 1116 4183 vicesima
1137 4127 1343 4182 mensis
1369 4127 1521 4199 noni,
1547 4141 1691 4181 anno
1715 4129 1958 4183 secundo
1973 4126 2076 4183 sub

514 4217 698 4281 Dario,
739 4217 918 4272 lactus
951 4224 1037 4271 est
1084 4231 1266 4272 sermo
1298 4216 1513 4271 Domini
1549 4218 1617 4271 ad
1647 4218 1901 4288 Aggzeum
1949 4233 2077 4288 pro-

514 4308 731 4377 pbetam
760 4307 990 4363 dicens:
1036 4308 1161 4363 Haec
1206 4309 1342 4364 dicit
1385 4308 1648 4364 Dominus
1692 4310 2073 4379 omnipotens:

519 4402 805 4470 Interroga
834 4415 980 4454 nunc
1025 4400 1337 4455 sacerdotes
1383 4401 1555 4470 legem
1586 4399 1810 4455 dicens:
1842 4398 1897 4456 Si
1928 4416 2079 4455 sum-

518 4486 686 4559 pserit
744 4490 904 4544 homo
934 4504 1151 4544 carnem
1191 4485 1435 4544 sanctam
1466 4490 1519 4543 in
1566 4491 1877 4546 summitate
1917 4493 2080 4546 vesti-

519 4581 687 4635 menti
712 4580 818 4645 sui,
845 4589 898 4635 et
927 4580 1163 4650 tetigerit
1188 4583 1478 4635 summitas
1506 4584 1812 4637 vestimenti
1836 4581 1952 4651 ejus
1970 4566 2076 4653 'pa-

520 4687 642 4726 nem
661 4680 753 4724 aut
773 4686 884 4725 rem
900 4682 1107 4725 coctam
1124 4680 1216 4724 aut
1229 4673 1415 4726 vinum
1439 4681 1532 4726 aut
1550 4674 1748 4737 oleum,
1779 4683 1873 4727 aut
1894 4690 2078 4743 quem-

2171 3483 2348 3553 φότων
2378 3485 2689 3556 ἀρκούντως
2720 3486 2915 3550 αὐτοὺς
2940 3488 3383 3559 προτρεψάμενός
3412 3504 3471 3540 τε
3512 3491 3608 3542 καὶ
3641 3507 3725 3542 πα·

2176 3578 2459 3649 ρορμήσας
2483 3578 2576 3631 ἐπὶ
2594 3579 2655 3630 τὸ
2682 3577 2841 3649 ἔργον
2859 3579 2957 3649 τῆς
2973 3580 3263 3651 οἰκοδομῆς
3278 3620 3293 3643 ,
3313 3580 3406 3633 καὶ
3425 3580 3489 3652 δὴ
3513 3582 3605 3633 καὶ
3620 3585 3728 3644 ταῖς

2172 3668 2521 3736 ἐπαγγελίαις
2543 3669 2826 3734 εὐέλπιδας
2848 3672 3097 3742 ποιήσας,
3120 3673 3199 3725 ὅτι
3228 3671 3427 3744 πολλῆς
3452 3673 3732 3745 μεθέξουσι

2172 3760 2270 3831 τῆς
2323 3761 2582 3833 εὐπορίας
2621 3765 3025 3835 κεκρατηκότες
3074 3763 3182 3817 τῶν
3221 3765 3521 3837 πολεμίων,
3552 3767 3631 3831 ὡς
3671 3768 3728 3820 ἂν

2174 3850 2388 3906 ἅπαντα
2421 3853 2556 3923 πρός
2585 3871 2644 3907 τε
2686 3853 2782 3925 τὴν
2810 3855 3094 3927 οἰκοδομὴν
3125 3857 3219 3911 τοῦ
3250 3858 3377 3911 ναοῦ
3410 3861 3505 3913 καὶ
3537 3862 3668 3933 πρὸς
3703 3863 3729 3915 ὃ

2173 3961 2227 3997 τι
2250 3943 2315 3998 ἂν
2343 3943 2574 3998 ἐθέλοιεν
2597 3945 2803 4015 ἄφθονα
2827 3946 3021 4017 ἐχοιεν.
3045 3948 3151 4001 Τοῦ
3177 3948 3363 4004 λοιποῦ
3390 3951 3573 4011 καλῶς
3596 3953 3727 4021 ἔχειν

2175 4036 2419 4107 ⁴ἡγήσατο
2446 4036 2538 4089 καὶ
2564 4038 2662 4109 τὴν
2702 4039 2761 4091 ἐν
2801 4039 3007 4110 ἐτέροις
3042 4039 3323 4111 διόρθωσιν
3359 4042 3546 4107 αὐτοῖς
3574 4061 3727 4113 προσ-

2176 4131 2399 4197 αγαγεῖν
2432 4129 2490 4182 ἐν
2522 4124 2715 4201 οἷσπερ
2746 4131 3076 4203 ἡμάρτανον.
3111 4132 3273 4202 Λέγει
3302 4133 3358 4187 δέ
3385 4134 3582 4197 οὕτως·
3609 4157 3626 4189 ι
3657 4137 3727 4207 Τῇ

2174 4220 2387 4292 τετράδι
2419 4220 2515 4273 καὶ
2549 4221 2723 4275 εἰκάδι
2747 4220 2839 4275 τοῦ
2867 4222 3057 4275 ἐνάτου
3086 4224 3274 4294 μηνὸς,
3306 4224 3461 4289 ἔτους
3486 4225 3726 4293 δευτέρου

2176 4312 2271 4364 ἐπὶ
2306 4311 2560 4382 Δαρείου,
2603 4310 2818 4380 ἐγένετο
2851 4311 3005 4381 λόγος
3051 4315 3255 4385 Κυρίου
3298 4318 3433 4387 πρὸς
3491 4319 3728 4386 Ἀγγαῖον

2175 4403 2267 4457 τὸν
2303 4403 2587 4474 προφήτην
2615 4402 2816 4472 λέγων·
2854 4404 2991 4458 Τάδε
3020 4404 3168 4475 λέγει
3204 4408 3405 4480 Κύριος
3435 4414 3727 4483 παντοκρά-

2175 4497 2309 4564 τιιῑρ·
2363 4493 2737 4565 Ἐπερὼτησον
2768 4496 2895 4559 τοὺς
2935 4498 3097 4569 ίερεῖς
3143 4498 3306 4569 νόμον
3350 4500 3557 4568 λέγων·
3618 4502 3727 4556 Ἐάν

2178 4584 2315 4659 λάϐῃ
2340 4585 2622 4656 ἄνθρωπος
2648 4586 2813 4656 κρέας
2839 4587 2994 4655 ἆγιον
3026 4588 3085 4642 ἐν
3113 4589 3189 4659 τῷ
3220 4590 3373 4662 ἄκρῳ
3400 4592 3495 4645 τοῦ
3531 4593 3727 4663 ἱματίου

2179 4675 2365 4739 αὑτοῦ,
2387 4677 2481 4729 καὶ
2507 4676 2710 4748 ἅψηται
2732 4678 2791 4731 τὸ
2810 4679 2978 4748 ἄκρον
3002 4679 3097 4733 τοῦ
3135 4682 3345 4751 ἱματίου
3380 4684 3551 4737 αὐτοῦ
3578 4685 3727 4757 ἄρτου

519 4762 651 4818 libet
676 4762 879 4825 cibum,
908 4776 1039 4815 num
1070 4763 1527 4817 sanctiﬁcabitur?
1554 4762 2063 4835 Responderuntqut

2177 4766 2211 4837 ἢ
2252 4767 2527 4839 ἐψήματος
2554 4769 2587 4840 ἢ
2617 4771 2759 4823 οἴνου
2804 4770 2837 4842 ἢ
2874 4771 3051 4825 ἐλαίου
3081 4773 3172 4826 καὶ
3198 4775 3396 4838 παντὸς
3434 4776 3726 4849 βρώματος,

518 4852 833 4910 sacerdotes
859 4861 913 4909 et
939 4854 1192 4910 dixerunt
1231 4853 1636 4925 :Nequaquam.
1687 4856 1936 4925 Dixitque
1973 4857 2075 4927 Ag-

520 4961 711 5017 gaus:
749 4943 807 4999 Si
842 4946 1073 5016 tetigerit
1095 4946 1275 4999 animo
1316 4948 1551 5016 pollutus
1588 4948 1655 5002 de
1683 4948 1937 5003 omnibus
1974 4949 2078 5013 his,

521 5052 652 5092 num
674 5037 1169 5091 contaminabilur?
1186 5034 1710 5109 Responderuntque
1733 5042 2077 5096 sacerdotes:

521 5127 1010 5183 Contaminabitur.
1037 5128 1441 5199 llesponditquc
1458 5131 1703 5201 Aggarus,
1722 5141 1776 5186 et
1793 5133 1929 5187 dixit
1955 5152 1968 5187 :
1991 5133 2084 5189 Sic

522 5219 754 5289 populus
788 5217 908 5279 iste.
931 5226 985 5273 et
1013 5218 1092 5274 sic
1114 5234 1245 5290 gens
1262 5220 1375 5275 haec
1395 5236 1577 5275 coram
1606 5238 1710 5286 me,
1743 5223 1875 5277 dicit
1905 5223 2085 5279 Domi-

2178 4860 2228 4911 εἰ
2263 4858 2684 4929 άγιασθήσεται;
2715 4862 2824 4914 Καὶ
2851 4864 3227 4935 ἀπεκρίθησαν
3254 4868 3304 4918 οἱ
3336 4869 3522 4938 ἱερεῖς,
3562 4871 3649 4923 καὶ
3669 4864 3712 4921 εἴ

2180 4968 2299 5004 nov:
2347 4952 2496 5023 Οὐχί.
2553 4955 2662 5008 Καὶ
2694 4953 2846 5008 εἶπεν
2900 4958 3176 5027 Ἀγγαῖος’
3236 4961 3363 5015 Ἐάν
3402 4962 3605 5035 ἅψηται
3644 4983 3729 5036 με-

2183 5046 2478 5115 μιασμένος
2513 5046 2605 5098 ἐπὶ
2626 5045 2770 5117 ψυχῇ
2804 5048 2912 5101 ἀπὸ
2940 5051 3156 5104 πάντων
3179 5052 3403 5115 τούτων.
3438 5057 3489 5107 εἰ
3523 5058 3729 5128 μιανθή-

2183 5150 2368 5200 σεται;
2404 5136 2513 5189 Καὶ
2552 5137 2925 5211 ἀπεκρίθησαν
2963 5143 3012 5194 οἱ
3048 5143 3210 5212 ἱερεῖς
3246 5144 3342 5197 καλ⁵
3378 5141 3556 5199 εἷπον·
3587 5149 3717 5202 Μιαν

2181 5228 2421 5300 θήσεται.
2452 5230 2561 5283 Καὶ
2584 5231 2855 5304 ἀπεκρίθη
2893 5235 3263 5304 Ἀγγαῖος,καλ⁵
3284 5236 3470 5292 εἶπεν·
3513 5241 3686 5304 Οὕτως
3711 5243 3733 5293 ί

521 5324 659 5375 nus;
692 5318 747 5365 et
768 5309 931 5379 280
956 5311 1036 5366 sic
1070 5312 1252 5365 omnia
1278 5326 1443 5383 opera
1477 5328 1733 5368 manuum
1770 5329 1960 5370 eorum
1988 5332 2004 5371 :
2032 5332 2062 5373 e

2179 5318 2307 5383 λαὸς
2338 5314 2509 5384 οὗτος,
2549 5323 2641 5375 καὶ
2669 5322 2841 5388 οὕτως
2866 5325 2926 5378 τὸ
2952 5324 3103 5391 ἐθνος
3141 5328 3299 5383 τοῦτο
3329 5330 3562 5386 ἐνώπιον
3587 5330 3733 5403 ἐμοῦ,

522 5400 835 5470 quicunque
852 5402 1362 5473 appropinquaverit
1384 5404 1534 5469 illuc,
1556 5406 2034 5463 contaminabitur.
2060 5427 2079 5461 ι

525 5487 654 5545 Vult
672 5490 796 5546 illos
812 5491 1230 5563 reprehendere,
1253 5493 1349 5565 qui
1368 5508 1526 5551 sacra
1541 5508 1691 5561 vasa,
1707 5502 1762 5549 et
1777 5495 1986 5567 reliqua
2004 5497 2086 5551 di-

2164 5404 2328 5479 ’λέγει
2364 5412 2569 5484 Κύριος
2588 5429 2601 5443 ·
2640 5416 2734 5469 καὶ
2752 5416 2923 5481 οὕτως
2950 5418 3128 5473 πάντα
3151 5420 3221 5474 τὰ
3245 5420 3382 5493 ἔργα
3410 5425 3520 5477 τῶν
3550 5423 3731 5497 χειρῶν

2183 5500 2348 5555 αὐτοῦ
2367 5515 2383 5531 ·
2423 5503 2519 5557 καί
2552 5503 2611 5567 ὃς
2648 5504 2744 5559 ἐὰν
2767 5505 2959 5579 ἐγγίσῃ
2990 5509 3105 5561 ἐκεῖ
3134 5508 3269 5581 (56),
3317 5510 3677 5584 μιανθήσεται.
3708 5529 3725 5559 ι

584 5663 743 5765 £519.)“
761 5663 1935 5765 Itan-(irtecus-teitgus._!etiamXsticautts,
1964 5692 2089 5735 cum
2124 5677 2374 5736 Arabico.
2410 5682 2514 5739 Sed
2549 5686 2742 5743 melius
2780 5687 2833 5743 in
2891 5688 3194 5761 Hebraico,
3226 5690 3364 5765 Syro
3414 5699 3573 5764 atque
3616 5689 3725 5747 Lat.

530 5742 747 5813 vulgato
771 5740 1030 5801 dicuntur
1054 5744 1410 5803 contaminari
1431 5746 1612 5803 omnia
1634 5745 1744 5802 illic
1769 5748 1967 5802 oblata.
