  <div class='ocr_page' id='page_1' title='image "/cluster/home/n/w/nwhite01/storage/ocr_20150623/66/hvd.32044020183315/250.png"; bbox 0 0 3934 6584; ppageno 0'>
   <div class='ocr_carea' id='block_1_1' title="bbox 204 409 310 461">
    <p class='ocr_par' dir='ltr' id='par_1_1' title="bbox 204 409 310 461">
     <span class='ocr_line' id='line_1_1' title="bbox 204 409 310 461; baseline 0 -1"><span class='ocrx_word' id='word_1_1' title='bbox 204 409 310 461; x_wconf 65' lang='grc'><strong>189</strong></span> 
     </span>
    </p>
   </div>
   <div class='ocr_carea' id='block_1_2' title="bbox 1252 405 2482 462">
    <p class='ocr_par' dir='ltr' id='par_1_2' title="bbox 1252 405 2482 462">
     <span class='ocr_line' id='line_1_2' title="bbox 1252 405 2482 462; baseline 0 -1"><span class='ocrx_word' id='word_1_2' title='bbox 1252 405 1797 462; x_wconf 71' lang='lat' dir='ltr'><strong>COMMENTARIUS</strong></span> <span class='ocrx_word' id='word_1_3' title='bbox 1837 406 1902 458; x_wconf 76' lang='lat' dir='ltr'><strong>IN</strong></span> <span class='ocrx_word' id='word_1_4' title='bbox 1954 405 2172 459; x_wconf 65' lang='lat' dir='ltr'><strong>ACCAE!</strong></span> <span class='ocrx_word' id='word_1_5' title='bbox 2211 406 2361 461; x_wconf 69' lang='lat' dir='ltr'><strong>CAP.</strong></span> <span class='ocrx_word' id='word_1_6' title='bbox 2422 408 2482 461; x_wconf 85' lang='lat' dir='ltr'><strong>Il.</strong></span> 
     </span>
    </p>
   </div>
   <div class='ocr_carea' id='block_1_3' title="bbox 3336 423 3441 478">
    <p class='ocr_par' dir='ltr' id='par_1_3' title="bbox 3336 423 3441 478">
     <span class='ocr_line' id='line_1_3' title="bbox 3336 423 3441 478; baseline 0.038 -4"><span class='ocrx_word' id='word_1_7' title='bbox 3336 423 3441 478; x_wconf 63' lang='grc'><strong>490</strong></span> 
     </span>
    </p>
   </div>
   <div class='ocr_carea' id='block_1_4' title="bbox 203 524 1745 601">
    <p class='ocr_par' dir='ltr' id='par_1_4' title="bbox 203 524 1745 597">
     <span class='ocr_line' id='line_1_4' title="bbox 203 524 1745 597; baseline -0.002 -19"><span class='ocrx_word' id='word_1_8' title='bbox 203 525 460 579; x_wconf 81' lang='grc' dir='ltr'>Βούλεται</span> <span class='ocrx_word' id='word_1_9' title='bbox 500 527 597 597; x_wconf 81' lang='grc' dir='ltr'><strong>μὲν</strong></span> <span class='ocrx_word' id='word_1_10' title='bbox 630 527 823 591; x_wconf 76' lang='grc' dir='ltr'>αὐτοὺς</span> <span class='ocrx_word' id='word_1_11' title='bbox 868 526 1108 596; x_wconf 75' lang='grc' dir='ltr'><strong>ἐλέγχειν</strong></span> <span class='ocrx_word' id='word_1_12' title='bbox 1147 526 1221 588; x_wconf 81' lang='grc' dir='ltr'><strong>ὡς</strong></span> <span class='ocrx_word' id='word_1_13' title='bbox 1252 527 1359 578; x_wconf 86' lang='grc' dir='ltr'><strong>τῶν</strong></span> <span class='ocrx_word' id='word_1_14' title='bbox 1402 526 1611 579; x_wconf 78' lang='grc' dir='ltr'><strong>σκευῶν</strong></span> <span class='ocrx_word' id='word_1_15' title='bbox 1656 524 1745 576; x_wconf 58' lang='grc' dir='ltr'><strong>τῶι</strong></span> 
     </span>
    </p>
   </div>
   <div class='ocr_carea' id='block_1_5' title="bbox 1850 524 3440 601">
    <p class='ocr_par' dir='ltr' id='par_1_5' title="bbox 1868 526 3440 601">
     <span class='ocr_line' id='line_1_5' title="bbox 1868 526 3440 601; baseline 0.009 -26"><span class='ocrx_word' id='word_1_16' title='bbox 1868 526 1992 577; x_wconf 89' lang='lat' dir='ltr'><strong>vino</strong></span> <span class='ocrx_word' id='word_1_17' title='bbox 2013 526 2178 580; x_wconf 88' lang='lat' dir='ltr'><strong>cultui</strong></span> <span class='ocrx_word' id='word_1_18' title='bbox 2204 541 2445 596; x_wconf 85' lang='lat' dir='ltr'><strong>congrua</strong></span> <span class='ocrx_word' id='word_1_19' title='bbox 2473 526 2805 597; x_wconf 80' lang='lat' dir='ltr'><strong>negligenter</strong></span> <span class='ocrx_word' id='word_1_20' title='bbox 2826 527 3295 601; x_wconf 78' lang='lat' dir='ltr'><strong>indill&#39;erenlerque</strong></span> <span class='ocrx_word' id='word_1_21' title='bbox 3323 546 3440 589; x_wconf 86' lang='lat' dir='ltr'><strong>tau-</strong></span> 
     </span>
    </p>
   </div>
   <div class='ocr_carea' id='block_1_6' title="bbox 201 616 1767 687">
    <p class='ocr_par' dir='ltr' id='par_1_6' title="bbox 201 616 1767 687">
     <span class='ocr_line' id='line_1_6' title="bbox 201 616 1767 687; baseline 0 -19"><span class='ocrx_word' id='word_1_22' title='bbox 201 617 515 687; x_wconf 81' lang='grc' dir='ltr'>ἰερατικῶν,</span> <span class='ocrx_word' id='word_1_23' title='bbox 544 618 637 670; x_wconf 78' lang='grc' dir='ltr'>καὶ</span> <span class='ocrx_word' id='word_1_24' title='bbox 660 618 767 671; x_wconf 89' lang='grc' dir='ltr'><strong>τῶν</strong></span> <span class='ocrx_word' id='word_1_25' title='bbox 794 617 995 670; x_wconf 82' lang='grc' dir='ltr'><strong>λοιπῶν</strong></span> <span class='ocrx_word' id='word_1_26' title='bbox 1015 617 1081 687; x_wconf 84' lang='grc' dir='ltr'><strong>δὴ</strong></span> <span class='ocrx_word' id='word_1_27' title='bbox 1105 616 1211 670; x_wconf 82' lang='grc' dir='ltr'><strong>τῶν</strong></span> <span class='ocrx_word' id='word_1_28' title='bbox 1232 620 1299 687; x_wconf 80' lang='grc' dir='ltr'>τῇ</span> <span class='ocrx_word' id='word_1_29' title='bbox 1321 617 1414 669; x_wconf 79' lang='grc' dir='ltr'>τοῦ</span> <span class='ocrx_word' id='word_1_30' title='bbox 1432 616 1581 669; x_wconf 84' lang='grc' dir='ltr'>θείου</span> <span class='ocrx_word' id='word_1_31' title='bbox 1607 616 1767 687; x_wconf 85' lang='grc' dir='ltr'>θερα-</span> 
     </span>
    </p>
   </div>
   <div class='ocr_carea' id='block_1_7' title="bbox 199 707 1769 779">
    <p class='ocr_par' dir='ltr' id='par_1_7' title="bbox 199 707 1769 779">
     <span class='ocr_line' id='line_1_7' title="bbox 199 707 1769 779; baseline -0.001 -19"><span class='ocrx_word' id='word_1_32' title='bbox 199 709 330 778; x_wconf 67' lang='grc' dir='ltr'>πείᾳ</span> <span class='ocrx_word' id='word_1_33' title='bbox 358 709 740 778; x_wconf 82' lang='grc' dir='ltr'><strong>προσηκόντων</strong></span> <span class='ocrx_word' id='word_1_34' title='bbox 760 708 977 779; x_wconf 79' lang='grc' dir='ltr'><strong>ἀμελῶς</strong></span> <span class='ocrx_word' id='word_1_35' title='bbox 1005 708 1099 761; x_wconf 76' lang='grc' dir='ltr'>καὶ</span> <span class='ocrx_word' id='word_1_36' title='bbox 1126 711 1428 778; x_wconf 77' lang='grc' dir='ltr'><strong>προχείρως</strong></span> <span class='ocrx_word' id='word_1_37' title='bbox 1455 707 1769 776; x_wconf 83' lang='grc' dir='ltr'>ἐφαπτομέ-</span> 
     </span>
    </p>
   </div>
   <div class='ocr_carea' id='block_1_8' title="bbox 198 800 1764 871">
    <p class='ocr_par' dir='ltr' id='par_1_8' title="bbox 198 800 1764 871">
     <span class='ocr_line' id='line_1_8' title="bbox 198 800 1764 871; baseline 0.002 -20"><span class='ocrx_word' id='word_1_38' title='bbox 198 816 345 864; x_wconf 84' lang='grc' dir='ltr'>νους,</span> <span class='ocrx_word' id='word_1_39' title='bbox 380 804 477 852; x_wconf 77' lang='grc' dir='ltr'>καὶ</span> <span class='ocrx_word' id='word_1_40' title='bbox 503 801 563 852; x_wconf 82' lang='grc' dir='ltr'><strong>ού</strong></span> <span class='ocrx_word' id='word_1_41' title='bbox 599 802 735 871; x_wconf 81' lang='grc' dir='ltr'>μετά</span> <span class='ocrx_word' id='word_1_42' title='bbox 760 801 855 854; x_wconf 76' lang='grc' dir='ltr'>τοῦ</span> <span class='ocrx_word' id='word_1_43' title='bbox 890 801 1259 871; x_wconf 86' lang='grc' dir='ltr'>προσήκοντος</span> <span class='ocrx_word' id='word_1_44' title='bbox 1292 800 1477 862; x_wconf 80' lang='grc' dir='ltr'>δέους.</span> <span class='ocrx_word' id='word_1_45' title='bbox 1515 802 1591 870; x_wconf 90' lang='lat' dir='ltr'><strong>(p.</strong></span> <span class='ocrx_word' id='word_1_46' title='bbox 1640 800 1764 869; x_wconf 69' lang='grc'><strong>425)</strong></span> 
     </span>
    </p>
   </div>
   <div class='ocr_carea' id='block_1_9' title="bbox 197 886 1766 963">
    <p class='ocr_par' dir='ltr' id='par_1_9' title="bbox 197 886 1766 963">
     <span class='ocr_line' id='line_1_9' title="bbox 197 886 1766 963; baseline 0 -21"><span class='ocrx_word' id='word_1_47' title='bbox 197 890 338 961; x_wconf 80' lang='grc' dir='ltr'>ὑπὲρ</span> <span class='ocrx_word' id='word_1_48' title='bbox 376 886 437 944; x_wconf 76' lang='grc' dir='ltr'><strong>οὗ</strong></span> <span class='ocrx_word' id='word_1_49' title='bbox 464 891 526 963; x_wconf 81' lang='grc' dir='ltr'><strong>δὴ</strong></span> <span class='ocrx_word' id='word_1_50' title='bbox 569 892 678 954; x_wconf 80' lang='grc' dir='ltr'>τοῖς</span> <span class='ocrx_word' id='word_1_51' title='bbox 723 890 924 962; x_wconf 77' lang='grc' dir='ltr'>ἱερεῦσι</span> <span class='ocrx_word' id='word_1_52' title='bbox 959 894 1327 961; x_wconf 77' lang='grc' dir='ltr'>προσαγαγεῖν</span> <span class='ocrx_word' id='word_1_53' title='bbox 1368 893 1468 962; x_wconf 80' lang='grc' dir='ltr'>τὴν</span> <span class='ocrx_word' id='word_1_54' title='bbox 1500 890 1766 961; x_wconf 74' lang='grc' dir='ltr'><strong>ἐρώτησιν</strong></span> 
     </span>
    </p>
   </div>
   <div class='ocr_carea' id='block_1_10' title="bbox 195 981 1764 1053">
    <p class='ocr_par' dir='ltr' id='par_1_10' title="bbox 195 981 1764 1053">
     <span class='ocr_line' id='line_1_10' title="bbox 195 981 1764 1053; baseline 0 -20"><span class='ocrx_word' id='word_1_55' title='bbox 195 981 401 1051; x_wconf 85' lang='grc' dir='ltr'>ταύτην</span> <span class='ocrx_word' id='word_1_56' title='bbox 432 982 730 1053; x_wconf 81' lang='grc' dir='ltr'>προσέταξε</span> <span class='ocrx_word' id='word_1_57' title='bbox 762 982 841 1052; x_wconf 78' lang='grc' dir='ltr'>τῷ</span> <span class='ocrx_word' id='word_1_58' title='bbox 884 984 1166 1053; x_wconf 67' lang='grc' dir='ltr'>προφήτῃ,</span> <span class='ocrx_word' id='word_1_59' title='bbox 1202 984 1296 1036; x_wconf 80' lang='grc' dir='ltr'><strong>ἀτε</strong></span> <span class='ocrx_word' id='word_1_60' title='bbox 1330 984 1388 1035; x_wconf 85' lang='grc' dir='ltr'><strong>ἐν</strong></span> <span class='ocrx_word' id='word_1_61' title='bbox 1433 982 1660 1044; x_wconf 84' lang='grc' dir='ltr'>ἐκείνοις</span> <span class='ocrx_word' id='word_1_62' title='bbox 1706 981 1764 1034; x_wconf 78' lang='grc' dir='ltr'>ὃν</span> 
     </span>
    </p>
   </div>
   <div class='ocr_carea' id='block_1_11' title="bbox 194 1071 1764 1143">
    <p class='ocr_par' dir='ltr' id='par_1_11' title="bbox 194 1071 1764 1143">
     <span class='ocr_line' id='line_1_11' title="bbox 194 1071 1764 1143; baseline 0.001 -20"><span class='ocrx_word' id='word_1_63' title='bbox 194 1073 254 1124; x_wconf 81' lang='grc' dir='ltr'>τὸ</span> <span class='ocrx_word' id='word_1_64' title='bbox 280 1073 348 1126; x_wconf 73' lang='grc' dir='ltr'>τὰ</span> <span class='ocrx_word' id='word_1_65' title='bbox 376 1073 596 1125; x_wconf 80' lang='grc' dir='ltr'>τοιαῦτα</span> <span class='ocrx_word' id='word_1_66' title='bbox 623 1074 680 1125; x_wconf 84' lang='grc' dir='ltr'><strong>ἐν</strong></span> <span class='ocrx_word' id='word_1_67' title='bbox 709 1073 933 1143; x_wconf 75' lang='grc' dir='ltr'><strong>ἀμελείᾳ</strong></span> <span class='ocrx_word' id='word_1_68' title='bbox 956 1074 1241 1135; x_wconf 83' lang='grc' dir='ltr'>ποιεῖσθαι,</span> <span class='ocrx_word' id='word_1_69' title='bbox 1263 1074 1295 1142; x_wconf 86' lang='grc' dir='ltr'><strong>ἢ</strong></span> <span class='ocrx_word' id='word_1_70' title='bbox 1319 1072 1455 1143; x_wconf 84' lang='grc' dir='ltr'><strong>μετά</strong></span> <span class='ocrx_word' id='word_1_71' title='bbox 1481 1071 1574 1125; x_wconf 83' lang='grc' dir='ltr'>τοῦ</span> <span class='ocrx_word' id='word_1_72' title='bbox 1602 1089 1764 1143; x_wconf 88' lang='grc' dir='ltr'>προσ-</span> 
     </span>
    </p>
   </div>
   <div class='ocr_carea' id='block_1_12' title="bbox 192 1162 1760 1234">
    <p class='ocr_par' dir='ltr' id='par_1_12' title="bbox 192 1162 1760 1234">
     <span class='ocr_line' id='line_1_12' title="bbox 192 1162 1760 1234; baseline 0.001 -20"><span class='ocrx_word' id='word_1_73' title='bbox 192 1164 415 1233; x_wconf 85' lang='grc' dir='ltr'>ήκοντος</span> <span class='ocrx_word' id='word_1_74' title='bbox 456 1162 626 1226; x_wconf 81' lang='grc' dir='ltr'>δέους.</span> <span class='ocrx_word' id='word_1_75' title='bbox 665 1164 937 1218; x_wconf 84' lang='grc' dir='ltr'>Κάλλιστα</span> <span class='ocrx_word' id='word_1_76' title='bbox 974 1164 1032 1217; x_wconf 83' lang='grc' dir='ltr'><strong>δέ</strong></span> <span class='ocrx_word' id='word_1_77' title='bbox 1080 1165 1171 1217; x_wconf 78' lang='grc' dir='ltr'>καὶ</span> <span class='ocrx_word' id='word_1_78' title='bbox 1213 1164 1310 1234; x_wconf 83' lang='grc' dir='ltr'><strong>τὴν</strong></span> <span class='ocrx_word' id='word_1_79' title='bbox 1353 1163 1620 1234; x_wconf 72' lang='grc' dir='ltr'><strong>ἐρώτησιν</strong></span> <span class='ocrx_word' id='word_1_80' title='bbox 1650 1163 1760 1216; x_wconf 79' lang='grc' dir='ltr'>ἀπὸ</span> 
     </span>
    </p>
   </div>
   <div class='ocr_carea' id='block_1_13' title="bbox 192 1254 1759 1325">
    <p class='ocr_par' dir='ltr' id='par_1_13' title="bbox 192 1254 1759 1325">
     <span class='ocr_line' id='line_1_13' title="bbox 192 1254 1759 1325; baseline 0.001 -20"><span class='ocrx_word' id='word_1_81' title='bbox 192 1254 423 1306; x_wconf 75' lang='grc' dir='ltr'><strong>εὐτελῶν</strong></span> <span class='ocrx_word' id='word_1_82' title='bbox 456 1256 779 1325; x_wconf 81' lang='grc' dir='ltr'>ἐποιήσατο,</span> <span class='ocrx_word' id='word_1_83' title='bbox 808 1256 894 1309; x_wconf 78' lang='grc' dir='ltr'>ἵνα</span> <span class='ocrx_word' id='word_1_84' title='bbox 939 1256 1196 1325; x_wconf 78' lang='grc' dir='ltr'><strong>μειζόνως</strong></span> <span class='ocrx_word' id='word_1_85' title='bbox 1228 1256 1287 1308; x_wconf 75' lang='grc' dir='ltr'>τὸ</span> <span class='ocrx_word' id='word_1_86' title='bbox 1326 1256 1464 1312; x_wconf 71' lang='grc' dir='ltr'>κατὰ</span> <span class='ocrx_word' id='word_1_87' title='bbox 1493 1256 1558 1307; x_wconf 63' lang='grc' dir='ltr'>τὰ</span> <span class='ocrx_word' id='word_1_88' title='bbox 1593 1256 1759 1323; x_wconf 86' lang='grc' dir='ltr'>σκεύη</span> 
     </span>
    </p>
   </div>
   <div class='ocr_carea' id='block_1_14' title="bbox 192 1346 1764 1419">
    <p class='ocr_par' dir='ltr' id='par_1_14' title="bbox 192 1346 1764 1419">
     <span class='ocr_line' id='line_1_14' title="bbox 192 1346 1764 1419; baseline 0.001 -21"><span class='ocrx_word' id='word_1_89' title='bbox 192 1347 257 1398; x_wconf 63' lang='grc' dir='ltr'><strong>τά</strong></span> <span class='ocrx_word' id='word_1_90' title='bbox 305 1346 439 1414; x_wconf 73' lang='grc' dir='ltr'>ἅγια</span> <span class='ocrx_word' id='word_1_91' title='bbox 476 1347 851 1418; x_wconf 76' lang='grc' dir='ltr'><strong>πλημμέλημα</strong></span> <span class='ocrx_word' id='word_1_92' title='bbox 890 1346 1124 1419; x_wconf 71' lang='grc' dir='ltr'>αὐξήσῃ.</span> <span class='ocrx_word' id='word_1_93' title='bbox 1162 1349 1322 1415; x_wconf 73' lang='grc' dir='ltr'>Λέγει</span> <span class='ocrx_word' id='word_1_94' title='bbox 1361 1348 1538 1400; x_wconf 83' lang='grc' dir='ltr'>τοίνυν</span> <span class='ocrx_word' id='word_1_95' title='bbox 1566 1349 1667 1411; x_wconf 77' lang='grc' dir='ltr'>ὅτι,</span> <span class='ocrx_word' id='word_1_96' title='bbox 1698 1349 1764 1400; x_wconf 74' lang='grc' dir='ltr'><strong>Εἰ</strong></span> 
     </span>
    </p>
   </div>
   <div class='ocr_carea' id='block_1_15' title="bbox 190 1439 1759 1512">
    <p class='ocr_par' dir='ltr' id='par_1_15' title="bbox 190 1439 1759 1512">
     <span class='ocr_line' id='line_1_15' title="bbox 190 1439 1759 1512; baseline 0.003 -23"><span class='ocrx_word' id='word_1_97' title='bbox 190 1454 269 1501; x_wconf 81' lang='grc' dir='ltr'><strong>τις</strong></span> <span class='ocrx_word' id='word_1_98' title='bbox 304 1439 474 1508; x_wconf 76' lang='grc' dir='ltr'>κρέας</span> <span class='ocrx_word' id='word_1_99' title='bbox 502 1439 652 1507; x_wconf 73' lang='grc' dir='ltr'>ἅγιον</span> <span class='ocrx_word' id='word_1_100' title='bbox 692 1439 753 1492; x_wconf 86' lang='grc' dir='ltr'><strong>τὺ</strong></span> <span class='ocrx_word' id='word_1_101' title='bbox 797 1440 904 1493; x_wconf 80' lang='grc' dir='ltr'>ἀπὸ</span> <span class='ocrx_word' id='word_1_102' title='bbox 942 1440 1131 1504; x_wconf 82' lang='grc' dir='ltr'>Θυσίας</span> <span class='ocrx_word' id='word_1_103' title='bbox 1170 1442 1209 1512; x_wconf 67' lang='grc' dir='ltr'>ἦ</span> <span class='ocrx_word' id='word_1_104' title='bbox 1254 1456 1399 1503; x_wconf 82' lang='grc' dir='ltr'>τινος</span> <span class='ocrx_word' id='word_1_105' title='bbox 1444 1442 1759 1511; x_wconf 80' lang='grc' dir='ltr'>προσφορᾶς</span> 
     </span>
    </p>
   </div>
   <div class='ocr_carea' id='block_1_16' title="bbox 189 1531 1748 1603">
    <p class='ocr_par' dir='ltr' id='par_1_16' title="bbox 189 1531 1748 1603">
     <span class='ocr_line' id='line_1_16' title="bbox 189 1531 1748 1603; baseline 0.001 -22"><span class='ocrx_word' id='word_1_106' title='bbox 189 1531 521 1599; x_wconf 69' lang='grc' dir='ltr'>ἡγιασμένον</span> <span class='ocrx_word' id='word_1_107' title='bbox 547 1533 604 1583; x_wconf 79' lang='grc' dir='ltr'><strong>ἐν</strong></span> <span class='ocrx_word' id='word_1_108' title='bbox 633 1531 784 1601; x_wconf 81' lang='grc' dir='ltr'><strong>μέρει</strong></span> <span class='ocrx_word' id='word_1_109' title='bbox 814 1533 921 1584; x_wconf 79' lang='grc' dir='ltr'>τινὶ</span> <span class='ocrx_word' id='word_1_110' title='bbox 942 1533 1035 1585; x_wconf 82' lang='grc' dir='ltr'>τοῦ</span> <span class='ocrx_word' id='word_1_111' title='bbox 1069 1533 1284 1603; x_wconf 76' lang='grc' dir='ltr'>ἱματίου</span> <span class='ocrx_word' id='word_1_112' title='bbox 1316 1532 1528 1602; x_wconf 74' lang='grc' dir='ltr'>ἐμϐάλῃ</span> <span class='ocrx_word' id='word_1_113' title='bbox 1560 1531 1650 1585; x_wconf 79' lang='grc' dir='ltr'>τοῦ</span> <span class='ocrx_word' id='word_1_114' title='bbox 1677 1533 1748 1584; x_wconf 79' lang='lat' dir='ltr'><strong>ai-</strong></span> 
     </span>
    </p>
   </div>
   <div class='ocr_carea' id='block_1_17' title="bbox 188 1618 1755 1695">
    <p class='ocr_par' dir='ltr' id='par_1_17' title="bbox 188 1618 1755 1695">
     <span class='ocr_line' id='line_1_17' title="bbox 188 1618 1755 1695; baseline 0.003 -23"><span class='ocrx_word' id='word_1_115' title='bbox 188 1622 358 1686; x_wconf 83' lang='grc' dir='ltr'>κείου,</span> <span class='ocrx_word' id='word_1_116' title='bbox 393 1618 512 1676; x_wconf 78' lang='grc' dir='ltr'>εἶτα</span> <span class='ocrx_word' id='word_1_117' title='bbox 551 1622 707 1676; x_wconf 80' lang='grc' dir='ltr'>τοῦτο</span> <span class='ocrx_word' id='word_1_118' title='bbox 751 1623 812 1693; x_wconf 83' lang='grc' dir='ltr'><strong>δὴ</strong></span> <span class='ocrx_word' id='word_1_119' title='bbox 847 1624 907 1676; x_wconf 83' lang='grc' dir='ltr'>τὸ</span> <span class='ocrx_word' id='word_1_120' title='bbox 939 1623 1106 1695; x_wconf 71' lang='grc' dir='ltr'>ἄκρον</span> <span class='ocrx_word' id='word_1_121' title='bbox 1150 1623 1338 1693; x_wconf 78' lang='grc' dir='ltr'>ἐτέρου</span> <span class='ocrx_word' id='word_1_122' title='bbox 1380 1625 1524 1686; x_wconf 82' lang='grc' dir='ltr'>τινὸς</span> <span class='ocrx_word' id='word_1_123' title='bbox 1564 1624 1755 1693; x_wconf 73' lang='grc' dir='ltr'>ἅψεται</span> 
     </span>
    </p>
   </div>
   <div class='ocr_carea' id='block_1_18' title="bbox 184 1712 1757 1786">
    <p class='ocr_par' dir='ltr' id='par_1_18' title="bbox 184 1712 1757 1786">
     <span class='ocr_line' id='line_1_18' title="bbox 184 1712 1757 1786; baseline 0.004 -23"><span class='ocrx_word' id='word_1_124' title='bbox 184 1714 329 1765; x_wconf 74' lang='grc' dir='ltr'>οἴνου</span> <span class='ocrx_word' id='word_1_125' title='bbox 375 1714 409 1784; x_wconf 80' lang='grc' dir='ltr'>ἦ</span> <span class='ocrx_word' id='word_1_126' title='bbox 458 1714 640 1768; x_wconf 84' lang='grc' dir='ltr'>ἐλαίου</span> <span class='ocrx_word' id='word_1_127' title='bbox 680 1714 712 1786; x_wconf 76' lang='grc' dir='ltr'>ἢ</span> <span class='ocrx_word' id='word_1_128' title='bbox 750 1716 871 1769; x_wconf 80' lang='grc' dir='ltr'>ὅτου</span> <span class='ocrx_word' id='word_1_129' title='bbox 906 1716 968 1786; x_wconf 88' lang='grc' dir='ltr'><strong>δή</strong></span> <span class='ocrx_word' id='word_1_130' title='bbox 1015 1733 1144 1769; x_wconf 91' lang='grc' dir='ltr'>ποτε</span> <span class='ocrx_word' id='word_1_131' title='bbox 1191 1715 1299 1768; x_wconf 86' lang='grc' dir='ltr'><strong>τῶν</strong></span> <span class='ocrx_word' id='word_1_132' title='bbox 1344 1715 1600 1786; x_wconf 82' lang='grc' dir='ltr'>βρωτῶν,</span> <span class='ocrx_word' id='word_1_133' title='bbox 1642 1712 1757 1786; x_wconf 86' lang='grc' dir='ltr'>ἆρα</span> 
     </span>
    </p>
   </div>
   <div class='ocr_carea' id='block_1_19' title="bbox 187 1806 1753 1879">
    <p class='ocr_par' dir='ltr' id='par_1_19' title="bbox 187 1806 1753 1879">
     <span class='ocr_line' id='line_1_19' title="bbox 187 1806 1753 1879; baseline 0.001 -22"><span class='ocrx_word' id='word_1_134' title='bbox 187 1806 340 1873; x_wconf 75' lang='grc' dir='ltr'>ἅγιον</span> <span class='ocrx_word' id='word_1_135' title='bbox 375 1807 524 1859; x_wconf 69' lang='grc' dir='ltr'>ἐσται</span> <span class='ocrx_word' id='word_1_136' title='bbox 551 1809 609 1861; x_wconf 82' lang='grc' dir='ltr'>τὸ</span> <span class='ocrx_word' id='word_1_137' title='bbox 632 1808 839 1862; x_wconf 79' lang='grc' dir='ltr'>τοιοῦτο</span> <span class='ocrx_word' id='word_1_138' title='bbox 861 1809 951 1862; x_wconf 77' lang='grc' dir='ltr'><strong>διὰ</strong></span> <span class='ocrx_word' id='word_1_139' title='bbox 971 1810 1069 1879; x_wconf 76' lang='grc' dir='ltr'>τὴν</span> <span class='ocrx_word' id='word_1_140' title='bbox 1096 1808 1190 1861; x_wconf 82' lang='grc' dir='ltr'>τοῦ</span> <span class='ocrx_word' id='word_1_141' title='bbox 1214 1809 1383 1879; x_wconf 84' lang='grc' dir='ltr'>ἀκρου</span> <span class='ocrx_word' id='word_1_142' title='bbox 1415 1807 1508 1859; x_wconf 80' lang='grc' dir='ltr'>τοῦ</span> <span class='ocrx_word' id='word_1_143' title='bbox 1541 1807 1753 1877; x_wconf 78' lang='grc' dir='ltr'>ἱματίου</span> 
     </span>
    </p>
   </div>
   <div class='ocr_carea' id='block_1_20' title="bbox 1874 617 3441 693">
    <p class='ocr_par' dir='ltr' id='par_1_20' title="bbox 1874 617 3441 693">
     <span class='ocr_line' id='line_1_20' title="bbox 1874 617 3441 693; baseline 0.009 -26"><span class='ocrx_word' id='word_1_144' title='bbox 1874 617 2090 683; x_wconf 87' lang='lat' dir='ltr'><strong>gebaut,</strong></span> <span class='ocrx_word' id='word_1_145' title='bbox 2108 626 2162 670; x_wconf 91' lang='lat' dir='ltr'><strong>et</strong></span> <span class='ocrx_word' id='word_1_146' title='bbox 2180 633 2286 671; x_wconf 89' lang='lat' dir='ltr'><strong>non</strong></span> <span class='ocrx_word' id='word_1_147' title='bbox 2300 632 2423 669; x_wconf 88' lang='lat' dir='ltr'><strong>cum</strong></span> <span class='ocrx_word' id='word_1_148' title='bbox 2447 620 2799 674; x_wconf 91' lang='lat' dir='ltr'><strong>conveniente</strong></span> <span class='ocrx_word' id='word_1_149' title='bbox 2818 635 3015 691; x_wconf 81' lang='lat' dir='ltr'><strong>pavore</strong></span> <span class='ocrx_word' id='word_1_150' title='bbox 3041 640 3053 676; x_wconf 89' lang='lat'>:</span> <span class='ocrx_word' id='word_1_151' title='bbox 3074 638 3181 689; x_wconf 74' lang='lat' dir='ltr'><strong>qua</strong></span> <span class='ocrx_word' id='word_1_152' title='bbox 3199 640 3362 693; x_wconf 87' lang='lat' dir='ltr'><strong>super</strong></span> <span class='ocrx_word' id='word_1_153' title='bbox 3384 642 3441 682; x_wconf 85' lang='lat' dir='ltr'><strong>re</strong></span> 
     </span>
    </p>
   </div>
   <div class='ocr_carea' id='block_1_21' title="bbox 1874 709 3434 782">
    <p class='ocr_par' dir='ltr' id='par_1_21' title="bbox 1874 709 3434 782">
     <span class='ocr_line' id='line_1_21' title="bbox 1874 709 3434 782; baseline 0.005 -22"><span class='ocrx_word' id='word_1_154' title='bbox 1874 709 2186 763; x_wconf 74' lang='lat' dir='ltr'><strong>sacerdotes</strong></span> <span class='ocrx_word' id='word_1_155' title='bbox 2219 711 2705 779; x_wconf 82' lang='lat' dir='ltr'><strong>ipsosinterrogari</strong></span> <span class='ocrx_word' id='word_1_156' title='bbox 2738 728 2765 763; x_wconf 90' lang='lat' dir='ltr'><strong>a</strong></span> <span class='ocrx_word' id='word_1_157' title='bbox 2802 714 3064 782; x_wconf 77' lang='lat' dir='ltr'><strong>propheta</strong></span> <span class='ocrx_word' id='word_1_158' title='bbox 3096 714 3434 782; x_wconf 80' lang='lat' dir='ltr'><strong>Deusjubet,</strong></span> 
     </span>
    </p>
   </div>
   <div class='ocr_carea' id='block_1_22' title="bbox 1875 796 3434 871">
    <p class='ocr_par' dir='ltr' id='par_1_22' title="bbox 1875 796 3434 871">
     <span class='ocr_line' id='line_1_22' title="bbox 1875 796 3434 871; baseline 0.006 -23"><span class='ocrx_word' id='word_1_159' title='bbox 1875 796 1925 849; x_wconf 94' lang='lat' dir='ltr'><strong>in</strong></span> <span class='ocrx_word' id='word_1_160' title='bbox 1954 812 2184 864; x_wconf 90' lang='lat' dir='ltr'><strong>quorum</strong></span> <span class='ocrx_word' id='word_1_161' title='bbox 2210 799 2438 852; x_wconf 86' lang='lat' dir='ltr'><strong>arbitrio</strong></span> <span class='ocrx_word' id='word_1_162' title='bbox 2459 808 2573 851; x_wconf 76' lang='lat' dir='ltr'><strong>erat</strong></span> <span class='ocrx_word' id='word_1_163' title='bbox 2601 800 2717 855; x_wconf 71' lang='lat' dir='ltr'><strong>hanc</strong></span> <span class='ocrx_word' id='word_1_164' title='bbox 2742 803 2820 854; x_wconf 85' lang='lat' dir='ltr'><strong>vel</strong></span> <span class='ocrx_word' id='word_1_165' title='bbox 2842 804 3178 871; x_wconf 85' lang='lat' dir='ltr'><strong>negligenter</strong></span> <span class='ocrx_word' id='word_1_166' title='bbox 3208 806 3288 857; x_wconf 81' lang='lat' dir='ltr'><strong>vel</strong></span> <span class='ocrx_word' id='word_1_167' title='bbox 3313 822 3434 858; x_wconf 88' lang='lat' dir='ltr'><strong>cum</strong></span> 
     </span>
    </p>
   </div>
   <div class='ocr_carea' id='block_1_23' title="bbox 1871 885 3433 964">
    <p class='ocr_par' dir='ltr' id='par_1_23' title="bbox 1871 885 3433 964">
     <span class='ocr_line' id='line_1_23' title="bbox 1871 885 3433 964; baseline 0.005 -27"><span class='ocrx_word' id='word_1_168' title='bbox 1871 885 2054 939; x_wconf 87' lang='lat' dir='ltr'><strong>debito</strong></span> <span class='ocrx_word' id='word_1_169' title='bbox 2092 900 2234 942; x_wconf 87' lang='lat' dir='ltr'><strong>metu</strong></span> <span class='ocrx_word' id='word_1_170' title='bbox 2264 895 2517 943; x_wconf 82' lang='lat' dir='ltr'><strong>tractare.</strong></span> <span class='ocrx_word' id='word_1_171' title='bbox 2546 889 2770 958; x_wconf 77' lang='lat' dir='ltr'><strong>Egregie</strong></span> <span class='ocrx_word' id='word_1_172' title='bbox 2798 907 2923 944; x_wconf 70' lang='lat' dir='ltr'><strong>vero</strong></span> <span class='ocrx_word' id='word_1_173' title='bbox 2953 893 3433 964; x_wconf 81' lang='lat' dir='ltr'><strong>interrogationem</strong></span> 
     </span>
    </p>
   </div>
   <div class='ocr_carea' id='block_1_24' title="bbox 1872 977 3432 1053">
    <p class='ocr_par' dir='ltr' id='par_1_24' title="bbox 1872 977 3432 1053">
     <span class='ocr_line' id='line_1_24' title="bbox 1872 977 3432 1053; baseline 0.006 -25"><span class='ocrx_word' id='word_1_174' title='bbox 1872 977 2067 1031; x_wconf 83' lang='lat' dir='ltr'><strong>vilibus</strong></span> <span class='ocrx_word' id='word_1_175' title='bbox 2097 978 2149 1031; x_wconf 88' lang='lat' dir='ltr'><strong>in</strong></span> <span class='ocrx_word' id='word_1_176' title='bbox 2194 980 2354 1033; x_wconf 88' lang='lat' dir='ltr'><strong>rebus</strong></span> <span class='ocrx_word' id='word_1_177' title='bbox 2380 980 2526 1043; x_wconf 82' lang='lat' dir='ltr'><strong>facit,</strong></span> <span class='ocrx_word' id='word_1_178' title='bbox 2558 991 2618 1033; x_wconf 81' lang='lat' dir='ltr'><strong>ut</strong></span> <span class='ocrx_word' id='word_1_179' title='bbox 2664 982 2927 1036; x_wconf 84' lang='lat' dir='ltr'><strong>adversus</strong></span> <span class='ocrx_word' id='word_1_180' title='bbox 2959 998 3113 1036; x_wconf 85' lang='lat' dir='ltr'><strong>sacra</strong></span> <span class='ocrx_word' id='word_1_181' title='bbox 3150 1002 3275 1038; x_wconf 79' lang='lat' dir='ltr'><strong>vasa</strong></span> <span class='ocrx_word' id='word_1_182' title='bbox 3310 1001 3432 1053; x_wconf 82' lang='lat' dir='ltr'><strong>pec-</strong></span> 
     </span>
    </p>
   </div>
   <div class='ocr_carea' id='block_1_25' title="bbox 1869 1069 3433 1143">
    <p class='ocr_par' dir='ltr' id='par_1_25' title="bbox 1869 1069 3433 1143">
     <span class='ocr_line' id='line_1_25' title="bbox 1869 1069 3433 1143; baseline 0.004 -25"><span class='ocrx_word' id='word_1_183' title='bbox 1869 1074 2049 1120; x_wconf 89' lang='lat' dir='ltr'><strong>eatum</strong></span> <span class='ocrx_word' id='word_1_184' title='bbox 2078 1071 2248 1138; x_wconf 87' lang='lat' dir='ltr'><strong>magis</strong></span> <span class='ocrx_word' id='word_1_185' title='bbox 2281 1079 2498 1139; x_wconf 81' lang='lat' dir='ltr'><strong>augeat.</strong></span> <span class='ocrx_word' id='word_1_186' title='bbox 2539 1071 2629 1125; x_wconf 81' lang='lat' dir='ltr'><strong>Ait</strong></span> <span class='ocrx_word' id='word_1_187' title='bbox 2668 1070 2834 1142; x_wconf 79' lang='lat' dir='ltr'><strong>igitur</strong></span> <span class='ocrx_word' id='word_1_188' title='bbox 2867 1089 2881 1125; x_wconf 88' lang='lat'><strong>:</strong></span> <span class='ocrx_word' id='word_1_189' title='bbox 2917 1069 3121 1135; x_wconf 82' lang='lat' dir='ltr'><strong>Quodsi</strong></span> <span class='ocrx_word' id='word_1_190' title='bbox 3161 1076 3285 1143; x_wconf 89' lang='lat' dir='ltr'><strong>quis</strong></span> <span class='ocrx_word' id='word_1_191' title='bbox 3309 1090 3433 1128; x_wconf 86' lang='lat' dir='ltr'><strong>sau-</strong></span> 
     </span>
    </p>
   </div>
   <div class='ocr_carea' id='block_1_26' title="bbox 1865 1161 3430 1230">
    <p class='ocr_par' dir='ltr' id='par_1_26' title="bbox 1865 1161 3430 1230">
     <span class='ocr_line' id='line_1_26' title="bbox 1865 1161 3430 1230; baseline 0.005 -20"><span class='ocrx_word' id='word_1_192' title='bbox 1865 1167 2010 1211; x_wconf 84' lang='lat' dir='ltr'><strong>ctam</strong></span> <span class='ocrx_word' id='word_1_193' title='bbox 2050 1173 2270 1214; x_wconf 89' lang='lat' dir='ltr'><strong>carnem</strong></span> <span class='ocrx_word' id='word_1_194' title='bbox 2301 1161 2369 1215; x_wconf 93' lang='lat' dir='ltr'><strong>de</strong></span> <span class='ocrx_word' id='word_1_195' title='bbox 2402 1162 2622 1215; x_wconf 84' lang='lat' dir='ltr'><strong>victima</strong></span> <span class='ocrx_word' id='word_1_196' title='bbox 2654 1171 2748 1216; x_wconf 88' lang='lat' dir='ltr'><strong>aut</strong></span> <span class='ocrx_word' id='word_1_197' title='bbox 2780 1163 3020 1230; x_wconf 83' lang='lat' dir='ltr'><strong>qualibet</strong></span> <span class='ocrx_word' id='word_1_198' title='bbox 3048 1164 3342 1225; x_wconf 86' lang='lat' dir='ltr'><strong>oblatione.</strong></span> <span class='ocrx_word' id='word_1_199' title='bbox 3376 1168 3430 1219; x_wconf 81' lang='lat' dir='ltr'><strong>in</strong></span> 
     </span>
    </p>
   </div>
   <div class='ocr_carea' id='block_1_27' title="bbox 1856 1253 3431 1322">
    <p class='ocr_par' dir='ltr' id='par_1_27' title="bbox 1856 1253 3431 1322">
     <span class='ocr_line' id='line_1_27' title="bbox 1856 1253 3431 1322; baseline 0.005 -23"><span class='ocrx_word' id='word_1_200' title='bbox 1856 1261 2075 1317; x_wconf 68' lang='lat' dir='ltr'><strong>.partem</strong></span> <span class='ocrx_word' id='word_1_201' title='bbox 2115 1253 2357 1322; x_wconf 75' lang='lat' dir='ltr'><strong>aliquam</strong></span> <span class='ocrx_word' id='word_1_202' title='bbox 2390 1253 2698 1306; x_wconf 79' lang='lat' dir='ltr'><strong>vestimenti</strong></span> <span class='ocrx_word' id='word_1_203' title='bbox 2742 1255 2824 1306; x_wconf 90' lang='lat' dir='ltr'><strong>sui</strong></span> <span class='ocrx_word' id='word_1_204' title='bbox 2856 1253 3187 1321; x_wconf 75' lang='lat' dir='ltr'><strong>coniecerit;</strong></span> <span class='ocrx_word' id='word_1_205' title='bbox 3237 1254 3431 1308; x_wconf 81' lang='lat' dir='ltr'><strong>deinde</strong></span> 
     </span>
    </p>
   </div>
   <div class='ocr_carea' id='block_1_28' title="bbox 1870 1341 3433 1416">
    <p class='ocr_par' dir='ltr' id='par_1_28' title="bbox 1870 1341 3433 1416">
     <span class='ocr_line' id='line_1_28' title="bbox 1870 1341 3433 1416; baseline 0.005 -24"><span class='ocrx_word' id='word_1_206' title='bbox 1870 1341 2030 1410; x_wconf 89' lang='lat' dir='ltr'><strong>hujus</strong></span> <span class='ocrx_word' id='word_1_207' title='bbox 2060 1342 2225 1397; x_wconf 78' lang='lat' dir='ltr'><strong>vestis</strong></span> <span class='ocrx_word' id='word_1_208' title='bbox 2254 1343 2541 1397; x_wconf 83' lang='lat' dir='ltr'><strong>summitas</strong></span> <span class='ocrx_word' id='word_1_209' title='bbox 2594 1344 2740 1397; x_wconf 84' lang='lat' dir='ltr'><strong>aliud</strong></span> <span class='ocrx_word' id='word_1_210' title='bbox 2767 1345 2965 1413; x_wconf 85' lang='lat' dir='ltr'><strong>aliquid</strong></span> <span class='ocrx_word' id='word_1_211' title='bbox 3010 1346 3294 1416; x_wconf 76' lang='lat' dir='ltr'><strong>contigerit</strong></span> <span class='ocrx_word' id='word_1_212' title='bbox 3318 1348 3433 1400; x_wconf 78' lang='lat' dir='ltr'><strong>sive</strong></span> 
     </span>
    </p>
   </div>
   <div class='ocr_carea' id='block_1_29' title="bbox 1866 1431 3428 1501">
    <p class='ocr_par' dir='ltr' id='par_1_29' title="bbox 1866 1431 3428 1501">
     <span class='ocr_line' id='line_1_29' title="bbox 1866 1431 3428 1501; baseline 0.003 -19"><span class='ocrx_word' id='word_1_213' title='bbox 1866 1431 2052 1485; x_wconf 83' lang='lat' dir='ltr'><strong>viuum</strong></span> <span class='ocrx_word' id='word_1_214' title='bbox 2096 1434 2211 1486; x_wconf 84' lang='lat' dir='ltr'><strong>sive</strong></span> <span class='ocrx_word' id='word_1_215' title='bbox 2264 1432 2467 1495; x_wconf 87' lang='lat' dir='ltr'><strong>oleum,</strong></span> <span class='ocrx_word' id='word_1_216' title='bbox 2513 1432 2629 1486; x_wconf 84' lang='lat' dir='ltr'><strong>sive</strong></span> <span class='ocrx_word' id='word_1_217' title='bbox 2671 1434 2965 1501; x_wconf 82' lang='lat' dir='ltr'><strong>quamlibet</strong></span> <span class='ocrx_word' id='word_1_218' title='bbox 3012 1434 3176 1488; x_wconf 84' lang='lat' dir='ltr'><strong>aliam</strong></span> <span class='ocrx_word' id='word_1_219' title='bbox 3225 1450 3428 1499; x_wconf 89' lang='lat' dir='ltr'><strong>eseam,</strong></span> 
     </span>
    </p>
   </div>
   <div class='ocr_carea' id='block_1_30' title="bbox 1866 1521 3431 1593">
    <p class='ocr_par' dir='ltr' id='par_1_30' title="bbox 1866 1521 3431 1593">
     <span class='ocr_line' id='line_1_30' title="bbox 1866 1521 3431 1593; baseline 0.004 -20"><span class='ocrx_word' id='word_1_220' title='bbox 1866 1538 1991 1574; x_wconf 83' lang='lat' dir='ltr'><strong>num</strong></span> <span class='ocrx_word' id='word_1_221' title='bbox 2024 1521 2100 1584; x_wconf 91' lang='lat' dir='ltr'><strong>id,</strong></span> <span class='ocrx_word' id='word_1_222' title='bbox 2122 1522 2367 1589; x_wconf 83' lang='lat' dir='ltr'><strong>inquam,</strong></span> <span class='ocrx_word' id='word_1_223' title='bbox 2393 1529 2644 1576; x_wconf 85' lang='lat' dir='ltr'><strong>sanctum</strong></span> <span class='ocrx_word' id='word_1_224' title='bbox 2668 1523 2854 1577; x_wconf 83' lang='lat' dir='ltr'><strong>evadet</strong></span> <span class='ocrx_word' id='word_1_225' title='bbox 2876 1532 3097 1593; x_wconf 86' lang='lat' dir='ltr'><strong>propter</strong></span> <span class='ocrx_word' id='word_1_226' title='bbox 3118 1526 3316 1580; x_wconf 88' lang='lat' dir='ltr'><strong>summi</strong></span> <span class='ocrx_word' id='word_1_227' title='bbox 3341 1542 3431 1579; x_wconf 83' lang='lat' dir='ltr'><strong>ve-</strong></span> 
     </span>
    </p>
   </div>
   <div class='ocr_carea' id='block_1_31' title="bbox 1862 1612 3429 1687">
    <p class='ocr_par' dir='ltr' id='par_1_31' title="bbox 1862 1612 3429 1687">
     <span class='ocr_line' id='line_1_31' title="bbox 1862 1612 3429 1687; baseline 0.004 -23"><span class='ocrx_word' id='word_1_228' title='bbox 1862 1612 2103 1668; x_wconf 89' lang='lat' dir='ltr'><strong>stimenti</strong></span> <span class='ocrx_word' id='word_1_229' title='bbox 2151 1622 2498 1677; x_wconf 81' lang='lat' dir='ltr'><strong>contactum,</strong></span> <span class='ocrx_word' id='word_1_230' title='bbox 2561 1615 2614 1668; x_wconf 92' lang='lat' dir='ltr'><strong>in</strong></span> <span class='ocrx_word' id='word_1_231' title='bbox 2668 1630 2779 1684; x_wconf 91' lang='lat' dir='ltr'><strong>quo</strong></span> <span class='ocrx_word' id='word_1_232' title='bbox 2820 1631 2949 1670; x_wconf 85' lang='lat' dir='ltr'><strong>caro</strong></span> <span class='ocrx_word' id='word_1_233' title='bbox 2991 1618 3227 1687; x_wconf 86' lang='lat' dir='ltr'><strong>reposita</strong></span> <span class='ocrx_word' id='word_1_234' title='bbox 3277 1618 3429 1672; x_wconf 78' lang='lat' dir='ltr'><strong>erat?</strong></span> 
     </span>
    </p>
   </div>
   <div class='ocr_carea' id='block_1_32' title="bbox 1861 1699 3426 1776">
    <p class='ocr_par' dir='ltr' id='par_1_32' title="bbox 1861 1699 3426 1776">
     <span class='ocr_line' id='line_1_32' title="bbox 1861 1699 3426 1776; baseline 0.005 -23"><span class='ocrx_word' id='word_1_235' title='bbox 1861 1699 1939 1753; x_wconf 93' lang='lat' dir='ltr'><strong>Illi</strong></span> <span class='ocrx_word' id='word_1_236' title='bbox 1970 1716 2101 1755; x_wconf 88' lang='lat' dir='ltr'><strong>vero</strong></span> <span class='ocrx_word' id='word_1_237' title='bbox 2128 1709 2491 1772; x_wconf 88' lang='lat' dir='ltr'><strong>congruenter</strong></span> <span class='ocrx_word' id='word_1_238' title='bbox 2518 1706 2937 1772; x_wconf 85' lang='lat' dir='ltr'><strong>responderunt,</strong></span> <span class='ocrx_word' id='word_1_239' title='bbox 2970 1722 3083 1760; x_wconf 89' lang='lat' dir='ltr'><strong>rem</strong></span> <span class='ocrx_word' id='word_1_240' title='bbox 3115 1708 3426 1776; x_wconf 86' lang='lat' dir='ltr'><strong>bujusmodi</strong></span> 
     </span>
    </p>
   </div>
   <div class='ocr_carea' id='block_1_33' title="bbox 1862 1794 3426 1866">
    <p class='ocr_par' dir='ltr' id='par_1_33' title="bbox 1862 1794 3426 1866">
     <span class='ocr_line' id='line_1_33' title="bbox 1862 1794 3426 1866; baseline 0.006 -19"><span class='ocrx_word' id='word_1_241' title='bbox 1862 1802 2105 1847; x_wconf 83' lang='lat' dir='ltr'><strong>sanctam</strong></span> <span class='ocrx_word' id='word_1_242' title='bbox 2145 1808 2251 1847; x_wconf 89' lang='lat' dir='ltr'><strong>non</strong></span> <span class='ocrx_word' id='word_1_243' title='bbox 2298 1794 2433 1858; x_wconf 83' lang='lat' dir='ltr'><strong>fore,</strong></span> <span class='ocrx_word' id='word_1_244' title='bbox 2465 1806 2733 1866; x_wconf 82' lang='lat' dir='ltr'><strong>quatenus</strong></span> <span class='ocrx_word' id='word_1_245' title='bbox 2764 1811 2883 1852; x_wconf 85' lang='lat' dir='ltr'><strong>non</strong></span> <span class='ocrx_word' id='word_1_246' title='bbox 2926 1797 3226 1854; x_wconf 82' lang='lat' dir='ltr'><strong>suﬂiciebat</strong></span> <span class='ocrx_word' id='word_1_247' title='bbox 3261 1802 3426 1856; x_wconf 75' lang='lat' dir='ltr'><strong>vestis</strong></span> 
     </span>
    </p>
   </div>
   <div class='ocr_carea' id='block_1_34' title="bbox 185 1887 1745 1970">
    <p class='ocr_par' dir='ltr' id='par_1_34' title="bbox 185 1892 1745 1970">
     <span class='ocr_line' id='line_1_34' title="bbox 185 1892 1745 1970; baseline 0.003 -23"><span class='ocrx_word' id='word_1_248' title='bbox 185 1896 351 1965; x_wconf 58' lang='grc' dir='ltr'>ἁεὴν,</span> <span class='ocrx_word' id='word_1_249' title='bbox 387 1899 445 1949; x_wconf 84' lang='grc' dir='ltr'><strong>ἐν</strong></span> <span class='ocrx_word' id='word_1_250' title='bbox 479 1892 633 1970; x_wconf 85' lang='grc' dir='ltr'>ᾧπερ</span> <span class='ocrx_word' id='word_1_251' title='bbox 657 1900 913 1953; x_wconf 81' lang='grc' dir='ltr'><strong>ἀπέκειτο</strong></span> <span class='ocrx_word' id='word_1_252' title='bbox 944 1900 1007 1952; x_wconf 79' lang='grc' dir='ltr'>τὸ</span> <span class='ocrx_word' id='word_1_253' title='bbox 1038 1900 1240 1969; x_wconf 84' lang='grc' dir='ltr'>κρέας;</span> <span class='ocrx_word' id='word_1_254' title='bbox 1270 1902 1332 1951; x_wconf 83' lang='lat' dir='ltr'><strong>Ol</strong></span> <span class='ocrx_word' id='word_1_255' title='bbox 1370 1899 1427 1951; x_wconf 80' lang='grc' dir='ltr'><strong>δὲ</strong></span> <span class='ocrx_word' id='word_1_256' title='bbox 1450 1897 1745 1961; x_wconf 77' lang='grc' dir='ltr'>ἀκολούθως</span> 
     </span>
    </p>
   </div>
   <div class='ocr_carea' id='block_1_35' title="bbox 1850 1887 3425 1970">
    <p class='ocr_par' dir='ltr' id='par_1_35' title="bbox 1859 1887 3425 1958">
     <span class='ocr_line' id='line_1_35' title="bbox 1859 1887 3425 1958; baseline 0.003 -17"><span class='ocrx_word' id='word_1_257' title='bbox 1859 1887 2167 1950; x_wconf 82' lang='lat' dir='ltr'><strong>summitas,</strong></span> <span class='ocrx_word' id='word_1_258' title='bbox 2200 1887 2256 1941; x_wconf 91' lang='lat' dir='ltr'><strong>in</strong></span> <span class='ocrx_word' id='word_1_259' title='bbox 2284 1902 2393 1958; x_wconf 90' lang='lat' dir='ltr'><strong>qua</strong></span> <span class='ocrx_word' id='word_1_260' title='bbox 2428 1902 2557 1942; x_wconf 86' lang='lat' dir='ltr'><strong>caro</strong></span> <span class='ocrx_word' id='word_1_261' title='bbox 2601 1900 2787 1944; x_wconf 88' lang='lat' dir='ltr'><strong>sancta</strong></span> <span class='ocrx_word' id='word_1_262' title='bbox 2836 1891 3045 1947; x_wconf 85' lang='lat' dir='ltr'><strong>inclusa</strong></span> <span class='ocrx_word' id='word_1_263' title='bbox 3077 1901 3245 1957; x_wconf 81' lang='lat' dir='ltr'><strong>esset,</strong></span> <span class='ocrx_word' id='word_1_264' title='bbox 3276 1910 3425 1948; x_wconf 81' lang='lat' dir='ltr'><strong>com-</strong></span> 
     </span>
    </p>
   </div>
   <div class='ocr_carea' id='block_1_36' title="bbox 182 1987 1757 2059">
    <p class='ocr_par' dir='ltr' id='par_1_36' title="bbox 182 1987 1757 2059">
     <span class='ocr_line' id='line_1_36' title="bbox 182 1987 1757 2059; baseline 0.001 -22"><span class='ocrx_word' id='word_1_265' title='bbox 182 1987 392 2053; x_wconf 66' lang='grc' dir='ltr'>ἔερασαν</span> <span class='ocrx_word' id='word_1_266' title='bbox 429 1988 512 2041; x_wconf 82' lang='grc' dir='ltr'>ὅτι</span> <span class='ocrx_word' id='word_1_267' title='bbox 551 1988 626 2059; x_wconf 80' lang='grc' dir='ltr'><strong>μή</strong></span> <span class='ocrx_word' id='word_1_268' title='bbox 666 1988 820 2057; x_wconf 81' lang='grc' dir='ltr'>ἀγιον</span> <span class='ocrx_word' id='word_1_269' title='bbox 844 1989 1050 2058; x_wconf 86' lang='grc' dir='ltr'>γίνεται</span> <span class='ocrx_word' id='word_1_270' title='bbox 1079 1989 1139 2043; x_wconf 85' lang='grc' dir='ltr'>τδ</span> <span class='ocrx_word' id='word_1_271' title='bbox 1168 1987 1398 2050; x_wconf 80' lang='grc' dir='ltr'>τοιοῦτο,</span> <span class='ocrx_word' id='word_1_272' title='bbox 1431 1991 1507 2051; x_wconf 85' lang='grc' dir='ltr'>ὡς</span> <span class='ocrx_word' id='word_1_273' title='bbox 1532 1988 1631 2041; x_wconf 76' lang='grc' dir='ltr'>οὐκ</span> <span class='ocrx_word' id='word_1_274' title='bbox 1662 1987 1757 2041; x_wconf 86' lang='grc' dir='ltr'><strong>αὐ-</strong></span> 
     </span>
    </p>
   </div>
   <div class='ocr_carea' id='block_1_37' title="bbox 182 2075 1757 2148">
    <p class='ocr_par' dir='ltr' id='par_1_37' title="bbox 182 2075 1757 2148">
     <span class='ocr_line' id='line_1_37' title="bbox 182 2075 1757 2148; baseline -0.001 -19"><span class='ocrx_word' id='word_1_275' title='bbox 182 2078 405 2146; x_wconf 84' lang='grc' dir='ltr'>τάρκως</span> <span class='ocrx_word' id='word_1_276' title='bbox 434 2075 648 2146; x_wconf 80' lang='grc' dir='ltr'>ἔχοντος</span> <span class='ocrx_word' id='word_1_277' title='bbox 676 2077 769 2130; x_wconf 80' lang='grc' dir='ltr'>τοῦ</span> <span class='ocrx_word' id='word_1_278' title='bbox 795 2078 966 2148; x_wconf 82' lang='grc' dir='ltr'>ἄκρου</span> <span class='ocrx_word' id='word_1_279' title='bbox 997 2076 1093 2130; x_wconf 79' lang='grc' dir='ltr'>τοῦ</span> <span class='ocrx_word' id='word_1_280' title='bbox 1122 2077 1334 2147; x_wconf 80' lang='grc' dir='ltr'>ἱματίου</span> <span class='ocrx_word' id='word_1_281' title='bbox 1367 2076 1454 2130; x_wconf 83' lang='grc' dir='ltr'>διὰ</span> <span class='ocrx_word' id='word_1_282' title='bbox 1487 2075 1548 2128; x_wconf 82' lang='grc' dir='ltr'>τὸ</span> <span class='ocrx_word' id='word_1_283' title='bbox 1578 2076 1757 2143; x_wconf 83' lang='grc' dir='ltr'>ἐγκεί-</span> 
     </span>
    </p>
   </div>
   <div class='ocr_carea' id='block_1_38' title="bbox 188 2167 1752 2240">
    <p class='ocr_par' dir='ltr' id='par_1_38' title="bbox 188 2167 1752 2240">
     <span class='ocr_line' id='line_1_38' title="bbox 188 2167 1752 2240; baseline 0.001 -21"><span class='ocrx_word' id='word_1_284' title='bbox 188 2184 350 2235; x_wconf 84' lang='grc' dir='ltr'>μενον</span> <span class='ocrx_word' id='word_1_285' title='bbox 379 2168 547 2236; x_wconf 78' lang='grc' dir='ltr'>κρέας</span> <span class='ocrx_word' id='word_1_286' title='bbox 570 2167 723 2237; x_wconf 76' lang='grc' dir='ltr'>ἅγιον</span> <span class='ocrx_word' id='word_1_287' title='bbox 756 2169 927 2239; x_wconf 84' lang='grc' dir='ltr'>ἐτέρῳ</span> <span class='ocrx_word' id='word_1_288' title='bbox 954 2168 1144 2240; x_wconf 79' lang='grc' dir='ltr'>βρωτῷ</span> <span class='ocrx_word' id='word_1_289' title='bbox 1167 2169 1259 2221; x_wconf 83' lang='grc' dir='ltr'>τὸν</span> <span class='ocrx_word' id='word_1_290' title='bbox 1292 2168 1559 2237; x_wconf 83' lang='grc' dir='ltr'>ἀγιασμδν</span> <span class='ocrx_word' id='word_1_291' title='bbox 1596 2167 1752 2237; x_wconf 79' lang='grc' dir='ltr'>παρέ-</span> 
     </span>
    </p>
   </div>
   <div class='ocr_carea' id='block_1_39' title="bbox 180 2256 1753 2331">
    <p class='ocr_par' dir='ltr' id='par_1_39' title="bbox 180 2256 1753 2331">
     <span class='ocr_line' id='line_1_39' title="bbox 180 2256 1753 2331; baseline 0.001 -20"><span class='ocrx_word' id='word_1_292' title='bbox 180 2276 318 2327; x_wconf 82' lang='grc' dir='ltr'>χειν.</span> <span class='ocrx_word' id='word_1_293' title='bbox 360 2256 493 2325; x_wconf 74' lang='grc' dir='ltr'>Εἶτα</span> <span class='ocrx_word' id='word_1_294' title='bbox 542 2260 705 2313; x_wconf 85' lang='grc' dir='ltr'>πάλιν</span> <span class='ocrx_word' id='word_1_295' title='bbox 735 2260 946 2331; x_wconf 79' lang='grc' dir='ltr'>ἐρωτᾷ,</span> <span class='ocrx_word' id='word_1_296' title='bbox 990 2261 1114 2313; x_wconf 79' lang='grc' dir='ltr'><strong>Ἐάν</strong></span> <span class='ocrx_word' id='word_1_297' title='bbox 1164 2259 1222 2313; x_wconf 80' lang='grc' dir='ltr'><strong>δέ</strong></span> <span class='ocrx_word' id='word_1_298' title='bbox 1261 2275 1346 2323; x_wconf 81' lang='grc' dir='ltr'><strong>τις</strong></span> <span class='ocrx_word' id='word_1_299' title='bbox 1388 2261 1753 2330; x_wconf 66' lang='grc' dir='ltr'>μεμιασμένοις</span> 
     </span>
    </p>
   </div>
   <div class='ocr_carea' id='block_1_40' title="bbox 179 2345 1751 2421">
    <p class='ocr_par' dir='ltr' id='par_1_40' title="bbox 179 2345 1751 2421">
     <span class='ocr_line' id='line_1_40' title="bbox 179 2345 1751 2421; baseline 0.001 -19"><span class='ocrx_word' id='word_1_300' title='bbox 179 2351 263 2416; x_wconf 63' lang='grc' dir='ltr'>ἐφ’</span> <span class='ocrx_word' id='word_1_301' title='bbox 300 2351 412 2419; x_wconf 83' lang='grc' dir='ltr'><strong>ὅτῳ</strong></span> <span class='ocrx_word' id='word_1_302' title='bbox 458 2350 654 2420; x_wconf 84' lang='grc' dir='ltr'>δήποτε</span> <span class='ocrx_word' id='word_1_303' title='bbox 693 2351 897 2421; x_wconf 71' lang='grc' dir='ltr'>ἅψηται</span> <span class='ocrx_word' id='word_1_304' title='bbox 928 2350 1037 2404; x_wconf 87' lang='grc' dir='ltr'><strong>τῶν</strong></span> <span class='ocrx_word' id='word_1_305' title='bbox 1070 2349 1356 2412; x_wconf 83' lang='grc' dir='ltr'>τοιούτων,</span> <span class='ocrx_word' id='word_1_306' title='bbox 1403 2349 1601 2419; x_wconf 86' lang='grc' dir='ltr'>μιαίνει</span> <span class='ocrx_word' id='word_1_307' title='bbox 1634 2345 1751 2420; x_wconf 83' lang='grc' dir='ltr'>ἆρα</span> 
     </span>
    </p>
   </div>
   <div class='ocr_carea' id='block_1_41' title="bbox 180 2433 1749 2510">
    <p class='ocr_par' dir='ltr' id='par_1_41' title="bbox 180 2433 1749 2510">
     <span class='ocr_line' id='line_1_41' title="bbox 180 2433 1749 2510; baseline 0.001 -20"><span class='ocrx_word' id='word_1_308' title='bbox 180 2440 402 2502; x_wconf 81' lang='grc' dir='ltr'>πάντως</span> <span class='ocrx_word' id='word_1_309' title='bbox 434 2439 593 2503; x_wconf 77' lang='grc' dir='ltr'>αὐτὰ,</span> <span class='ocrx_word' id='word_1_310' title='bbox 632 2440 665 2510; x_wconf 80' lang='grc' dir='ltr'>ἦ</span> <span class='ocrx_word' id='word_1_311' title='bbox 693 2438 786 2504; x_wconf 63' lang='lat' dir='ltr'><strong>ob;</strong></span> <span class='ocrx_word' id='word_1_312' title='bbox 818 2441 881 2492; x_wconf 77' lang='grc' dir='ltr'><strong>Οἱ</strong></span> <span class='ocrx_word' id='word_1_313' title='bbox 908 2440 964 2492; x_wconf 77' lang='grc' dir='ltr'><strong>δὲ</strong></span> <span class='ocrx_word' id='word_1_314' title='bbox 999 2433 1211 2508; x_wconf 70' lang='grc' dir='ltr'>ἔφασαν</span> <span class='ocrx_word' id='word_1_315' title='bbox 1254 2438 1507 2510; x_wconf 82' lang='grc' dir='ltr'>μιαίνειν.</span> <span class='ocrx_word' id='word_1_316' title='bbox 1559 2439 1749 2491; x_wconf 58' lang='lat'><strong>1169‘.»-</strong></span> 
     </span>
    </p>
   </div>
   <div class='ocr_carea' id='block_1_42' title="bbox 177 2528 1747 2604">
    <p class='ocr_par' dir='ltr' id='par_1_42' title="bbox 177 2528 1747 2604">
     <span class='ocr_line' id='line_1_42' title="bbox 177 2528 1747 2604; baseline -0.001 -21"><span class='ocrx_word' id='word_1_317' title='bbox 177 2532 316 2604; x_wconf 80' lang='grc' dir='ltr'>λήθη</span> <span class='ocrx_word' id='word_1_318' title='bbox 345 2532 403 2584; x_wconf 77' lang='grc' dir='ltr'><strong>δὲ</strong></span> <span class='ocrx_word' id='word_1_319' title='bbox 432 2530 521 2584; x_wconf 79' lang='grc' dir='ltr'>διὰ</span> <span class='ocrx_word' id='word_1_320' title='bbox 548 2530 750 2584; x_wconf 90' lang='grc' dir='ltr'>τούτων</span> <span class='ocrx_word' id='word_1_321' title='bbox 775 2531 946 2583; x_wconf 71' lang='grc' dir='ltr'>εἰπεῖν</span> <span class='ocrx_word' id='word_1_322' title='bbox 985 2530 1091 2596; x_wconf 83' lang='grc' dir='ltr'>ὅτι,</span> <span class='ocrx_word' id='word_1_323' title='bbox 1125 2532 1333 2599; x_wconf 79' lang='grc' dir='ltr'>Ὥσπερ</span> <span class='ocrx_word' id='word_1_324' title='bbox 1359 2528 1427 2582; x_wconf 80' lang='grc' dir='ltr'>τὸ</span> <span class='ocrx_word' id='word_1_325' title='bbox 1460 2529 1626 2600; x_wconf 80' lang='grc' dir='ltr'>ἀκρον</span> <span class='ocrx_word' id='word_1_326' title='bbox 1654 2529 1747 2581; x_wconf 84' lang='grc' dir='ltr'>τοῦ</span> 
     </span>
    </p>
   </div>
   <div class='ocr_carea' id='block_1_43' title="bbox 179 2618 1749 2691">
    <p class='ocr_par' dir='ltr' id='par_1_43' title="bbox 179 2618 1749 2691">
     <span class='ocr_line' id='line_1_43' title="bbox 179 2618 1749 2691; baseline -0.001 -18"><span class='ocrx_word' id='word_1_327' title='bbox 179 2623 420 2691; x_wconf 81' lang='grc' dir='ltr'>ἱματίου,</span> <span class='ocrx_word' id='word_1_328' title='bbox 452 2622 513 2673; x_wconf 80' lang='grc' dir='ltr'><strong>ού</strong></span> <span class='ocrx_word' id='word_1_329' title='bbox 538 2620 627 2675; x_wconf 66' lang='lat' dir='ltr'><strong>se:</strong></span> <span class='ocrx_word' id='word_1_330' title='bbox 652 2620 714 2674; x_wconf 82' lang='grc' dir='ltr'>τὸ</span> <span class='ocrx_word' id='word_1_331' title='bbox 749 2620 1091 2690; x_wconf 69' lang='grc' dir='ltr'>ἐπικείμενον</span> <span class='ocrx_word' id='word_1_332' title='bbox 1121 2619 1274 2687; x_wconf 73' lang='grc' dir='ltr'>ἅγιον</span> <span class='ocrx_word' id='word_1_333' title='bbox 1307 2619 1553 2687; x_wconf 76' lang='grc' dir='ltr'>ἁγιάζειν</span> <span class='ocrx_word' id='word_1_334' title='bbox 1590 2618 1749 2672; x_wconf 87' lang='grc' dir='ltr'>δύνα-</span> 
     </span>
    </p>
   </div>
   <div class='ocr_carea' id='block_1_44' title="bbox 176 2710 1747 2785">
    <p class='ocr_par' dir='ltr' id='par_1_44' title="bbox 176 2710 1747 2785">
     <span class='ocr_line' id='line_1_44' title="bbox 176 2710 1747 2785; baseline -0.003 -19"><span class='ocrx_word' id='word_1_335' title='bbox 176 2732 263 2767; x_wconf 80' lang='grc' dir='ltr'><strong>ται</strong></span> <span class='ocrx_word' id='word_1_336' title='bbox 290 2714 355 2767; x_wconf 80' lang='grc' dir='ltr'><strong>τὺ</strong></span> <span class='ocrx_word' id='word_1_337' title='bbox 378 2713 755 2785; x_wconf 76' lang='grc' dir='ltr'>προσεγγίζον,</span> <span class='ocrx_word' id='word_1_338' title='bbox 782 2713 811 2766; x_wconf 86' lang='grc' dir='ltr'><strong>ό</strong></span> <span class='ocrx_word' id='word_1_339' title='bbox 841 2711 1212 2783; x_wconf 69' lang='grc' dir='ltr'>μεμιασμένος</span> <span class='ocrx_word' id='word_1_340' title='bbox 1237 2710 1291 2763; x_wconf 79' lang='grc' dir='ltr'><strong>δὲ</strong></span> <span class='ocrx_word' id='word_1_341' title='bbox 1319 2710 1619 2781; x_wconf 82' lang='grc' dir='ltr'>ἁπτόμενος</span> <span class='ocrx_word' id='word_1_342' title='bbox 1640 2710 1747 2763; x_wconf 89' lang='grc' dir='ltr'><strong>τῶν</strong></span> 
     </span>
    </p>
   </div>
   <div class='ocr_carea' id='block_1_45' title="bbox 175 2802 1746 2876">
    <p class='ocr_par' dir='ltr' id='par_1_45' title="bbox 175 2802 1746 2876">
     <span class='ocr_line' id='line_1_45' title="bbox 175 2802 1746 2876; baseline -0.002 -19"><span class='ocrx_word' id='word_1_343' title='bbox 175 2806 439 2859; x_wconf 76' lang='grc' dir='ltr'>τοιούτων</span> <span class='ocrx_word' id='word_1_344' title='bbox 482 2805 684 2876; x_wconf 80' lang='grc' dir='ltr'>μιαίνει</span> <span class='ocrx_word' id='word_1_345' title='bbox 730 2804 945 2867; x_wconf 87' lang='grc' dir='ltr'>πάντως</span> <span class='ocrx_word' id='word_1_346' title='bbox 985 2804 1154 2865; x_wconf 78' lang='grc' dir='ltr'>αὐτὰ,</span> <span class='ocrx_word' id='word_1_347' title='bbox 1182 2803 1330 2856; x_wconf 78' lang='grc' dir='ltr'>οὓτω</span> <span class='ocrx_word' id='word_1_348' title='bbox 1375 2803 1480 2874; x_wconf 80' lang='grc' dir='ltr'><strong>χρὴ</strong></span> <span class='ocrx_word' id='word_1_349' title='bbox 1509 2802 1746 2872; x_wconf 78' lang='grc' dir='ltr'>νομίζειν</span> 
     </span>
    </p>
   </div>
   <div class='ocr_carea' id='block_1_46' title="bbox 172 2894 1745 2968">
    <p class='ocr_par' dir='ltr' id='par_1_46' title="bbox 172 2894 1745 2968">
     <span class='ocr_line' id='line_1_46' title="bbox 172 2894 1745 2968; baseline -0.001 -17"><span class='ocrx_word' id='word_1_350' title='bbox 172 2899 265 2951; x_wconf 74' lang='grc' dir='ltr'>καὶ</span> <span class='ocrx_word' id='word_1_351' title='bbox 288 2899 435 2968; x_wconf 78' lang='grc' dir='ltr'>ὑμᾶς</span> <span class='ocrx_word' id='word_1_352' title='bbox 457 2897 799 2968; x_wconf 74' lang='grc' dir='ltr'>ἁπτομένους</span> <span class='ocrx_word' id='word_1_353' title='bbox 812 2895 1133 2967; x_wconf 75' lang='grc' dir='ltr'>προχείρως,</span> <span class='ocrx_word' id='word_1_354' title='bbox 1162 2909 1237 2966; x_wconf 74' lang='lat' dir='ltr'><strong>(p.</strong></span> <span class='ocrx_word' id='word_1_355' title='bbox 1260 2894 1383 2961; x_wconf 72' lang='grc' dir='ltr'>ιεθ)</span> <span class='ocrx_word' id='word_1_356' title='bbox 1411 2900 1504 2949; x_wconf 69' lang='grc' dir='ltr'>καὶ</span> <span class='ocrx_word' id='word_1_357' title='bbox 1518 2896 1582 2947; x_wconf 77' lang='grc' dir='ltr'>οὐ</span> <span class='ocrx_word' id='word_1_358' title='bbox 1608 2895 1745 2965; x_wconf 74' lang='grc' dir='ltr'>μετὰ</span> 
     </span>
    </p>
   </div>
   <div class='ocr_carea' id='block_1_47' title="bbox 172 2986 1759 3059">
    <p class='ocr_par' dir='ltr' id='par_1_47' title="bbox 172 2986 1759 3059">
     <span class='ocr_line' id='line_1_47' title="bbox 172 2986 1759 3059; baseline -0.004 -14"><span class='ocrx_word' id='word_1_359' title='bbox 172 2988 263 3045; x_wconf 62' lang='grc' dir='ltr'>τεῦ</span> <span class='ocrx_word' id='word_1_360' title='bbox 292 2990 661 3059; x_wconf 80' lang='grc' dir='ltr'>προσήκοντος</span> <span class='ocrx_word' id='word_1_361' title='bbox 697 2986 1033 3057; x_wconf 77' lang='grc' dir='ltr'>σεϐάσματος</span> <span class='ocrx_word' id='word_1_362' title='bbox 1057 2986 1480 3055; x_wconf 56' lang='grc' dir='ltr'>τῶνηίερατικῶν</span> <span class='ocrx_word' id='word_1_363' title='bbox 1508 2986 1759 3048; x_wconf 78' lang='grc' dir='ltr'>σκευῶν,</span> 
     </span>
    </p>
   </div>
   <div class='ocr_carea' id='block_1_48' title="bbox 172 3078 1744 3151">
    <p class='ocr_par' dir='ltr' id='par_1_48' title="bbox 172 3078 1744 3151">
     <span class='ocr_line' id='line_1_48' title="bbox 172 3078 1744 3151; baseline -0.001 -18"><span class='ocrx_word' id='word_1_364' title='bbox 172 3082 203 3151; x_wconf 75' lang='grc' dir='ltr'><strong>ἢ</strong></span> <span class='ocrx_word' id='word_1_365' title='bbox 251 3082 363 3133; x_wconf 85' lang='grc' dir='ltr'><strong>τῶν</strong></span> <span class='ocrx_word' id='word_1_366' title='bbox 392 3083 545 3145; x_wconf 83' lang='grc' dir='ltr'>ὅπως</span> <span class='ocrx_word' id='word_1_367' title='bbox 575 3081 704 3134; x_wconf 82' lang='grc' dir='ltr'>ποτὲ</span> <span class='ocrx_word' id='word_1_368' title='bbox 744 3078 822 3150; x_wconf 80' lang='grc' dir='ltr'><strong>τῷ</strong></span> <span class='ocrx_word' id='word_1_369' title='bbox 853 3079 972 3150; x_wconf 84' lang='grc' dir='ltr'><strong>Θεῷ</strong></span> <span class='ocrx_word' id='word_1_370' title='bbox 1016 3080 1420 3149; x_wconf 71' lang='grc' dir='ltr'>προσηκόντων,</span> <span class='ocrx_word' id='word_1_371' title='bbox 1456 3080 1536 3133; x_wconf 80' lang='grc' dir='ltr'>ὅτι</span> <span class='ocrx_word' id='word_1_372' title='bbox 1574 3080 1670 3149; x_wconf 77' lang='grc' dir='ltr'>οὐχ</span> <span class='ocrx_word' id='word_1_373' title='bbox 1717 3083 1744 3132; x_wconf 87' lang='grc' dir='ltr'>ὁ</span> 
     </span>
    </p>
   </div>
   <div class='ocr_carea' id='block_1_49' title="bbox 172 3168 1811 3274">
    <p class='ocr_par' dir='ltr' id='par_1_49' title="bbox 172 3168 1811 3274">
     <span class='ocr_line' id='line_1_49' title="bbox 172 3168 1811 3274; baseline -0.002 -50"><span class='ocrx_word' id='word_1_374' title='bbox 172 3172 400 3224; x_wconf 67' lang='grc' dir='ltr'>ἐκείνων</span> <span class='ocrx_word' id='word_1_375' title='bbox 426 3169 696 3241; x_wconf 76' lang='grc' dir='ltr'>ἁγιασμὸς</span> <span class='ocrx_word' id='word_1_376' title='bbox 729 3169 873 3274; x_wconf 51' lang='lat' dir='ltr'><strong>cui;</strong></span> <span class='ocrx_word' id='word_1_377' title='bbox 912 3168 1147 3237; x_wconf 75' lang='grc' dir='ltr'>ἁγιάζει,</span> <span class='ocrx_word' id='word_1_378' title='bbox 1187 3168 1299 3274; x_wconf 52' lang='lat' dir='ltr'><strong>est</strong></span> <span class='ocrx_word' id='word_1_379' title='bbox 1328 3168 1589 3274; x_wconf 77' lang='grc' dir='ltr'>ὑμέτερος</span> <span class='ocrx_word' id='word_1_380' title='bbox 1616 3170 1740 3273; x_wconf 74' lang='grc' dir='ltr'>τρό-</span> <span class='ocrx_word' id='word_1_381' title='bbox 1769 3216 1811 3274; x_wconf 74' lang='lat' dir='ltr'><strong>c</strong></span> 
     </span>
    </p>
   </div>
   <div class='ocr_carea' id='block_1_50' title="bbox 172 3258 1742 3334">
    <p class='ocr_par' dir='ltr' id='par_1_50' title="bbox 172 3258 1742 3334">
     <span class='ocr_line' id='line_1_50' title="bbox 172 3258 1742 3334; baseline -0.003 -20"><span class='ocrx_word' id='word_1_382' title='bbox 172 3278 269 3326; x_wconf 77' lang='grc' dir='ltr'><strong>πος</strong></span> <span class='ocrx_word' id='word_1_383' title='bbox 304 3279 372 3329; x_wconf 86' lang='grc' dir='ltr'><strong>με</strong></span> <span class='ocrx_word' id='word_1_384' title='bbox 382 3259 682 3331; x_wconf 82' lang='grc' dir='ltr'>μιασμένος</span> <span class='ocrx_word' id='word_1_385' title='bbox 703 3258 781 3313; x_wconf 84' lang='grc' dir='ltr'><strong>ῶν</strong></span> <span class='ocrx_word' id='word_1_386' title='bbox 799 3258 957 3334; x_wconf 79' lang='grc' dir='ltr'>ὖὸριν</span> <span class='ocrx_word' id='word_1_387' title='bbox 986 3258 1376 3331; x_wconf 75' lang='grc' dir='ltr'>προστρίϐεται</span> <span class='ocrx_word' id='word_1_388' title='bbox 1406 3262 1517 3322; x_wconf 87' lang='grc' dir='ltr'>τοῖς</span> <span class='ocrx_word' id='word_1_389' title='bbox 1548 3259 1742 3327; x_wconf 85' lang='grc' dir='ltr'>ἁγίοις,</span> 
     </span>
    </p>
   </div>
   <div class='ocr_carea' id='block_1_51' title="bbox 173 3349 1744 3423">
    <p class='ocr_par' dir='ltr' id='par_1_51' title="bbox 173 3349 1744 3423">
     <span class='ocr_line' id='line_1_51' title="bbox 173 3349 1744 3423; baseline -0.001 -19"><span class='ocrx_word' id='word_1_390' title='bbox 173 3356 331 3423; x_wconf 76' lang='grc' dir='ltr'>εἴπερ</span> <span class='ocrx_word' id='word_1_391' title='bbox 362 3350 460 3405; x_wconf 69' lang='grc' dir='ltr'><strong>οὖν</strong></span> <span class='ocrx_word' id='word_1_392' title='bbox 488 3351 668 3403; x_wconf 86' lang='grc' dir='ltr'>αὐτῶν</span> <span class='ocrx_word' id='word_1_393' title='bbox 708 3350 811 3415; x_wconf 69' lang='grc' dir='ltr'><strong>ἔξω</strong></span> <span class='ocrx_word' id='word_1_394' title='bbox 844 3349 938 3403; x_wconf 81' lang='grc' dir='ltr'>τοῦ</span> <span class='ocrx_word' id='word_1_395' title='bbox 970 3351 1341 3422; x_wconf 83' lang='grc' dir='ltr'>προσήκοντος</span> <span class='ocrx_word' id='word_1_396' title='bbox 1384 3351 1744 3420; x_wconf 76' lang='grc' dir='ltr'>ἐφαπτόμενοι</span> 
     </span>
    </p>
   </div>
   <div class='ocr_carea' id='block_1_52' title="bbox 174 3440 1740 3513">
    <p class='ocr_par' dir='ltr' id='par_1_52' title="bbox 174 3440 1740 3513">
     <span class='ocr_line' id='line_1_52' title="bbox 174 3440 1740 3513; baseline -0.002 -17"><span class='ocrx_word' id='word_1_397' title='bbox 174 3443 475 3513; x_wconf 64' lang='grc' dir='ltr'>φαίνοισθε.</span> <span class='ocrx_word' id='word_1_398' title='bbox 504 3440 664 3495; x_wconf 89' lang='grc' dir='ltr'>Ὅθεν</span> <span class='ocrx_word' id='word_1_399' title='bbox 685 3441 780 3495; x_wconf 76' lang='grc' dir='ltr'>καὶ</span> <span class='ocrx_word' id='word_1_400' title='bbox 806 3443 835 3494; x_wconf 85' lang='grc' dir='ltr'><strong>ὁ</strong></span> <span class='ocrx_word' id='word_1_401' title='bbox 862 3442 1145 3513; x_wconf 82' lang='grc' dir='ltr'>προφήτης</span> <span class='ocrx_word' id='word_1_402' title='bbox 1165 3441 1520 3512; x_wconf 84' lang='grc' dir='ltr'>ἀποκρίνεται</span> <span class='ocrx_word' id='word_1_403' title='bbox 1549 3442 1622 3504; x_wconf 85' lang='grc' dir='ltr'><strong>ῶς</strong></span> <span class='ocrx_word' id='word_1_404' title='bbox 1649 3441 1740 3495; x_wconf 80' lang='grc' dir='ltr'><strong>τού</strong></span> 
     </span>
    </p>
   </div>
   <div class='ocr_carea' id='block_1_53' title="bbox 170 3530 1744 3601">
    <p class='ocr_par' dir='ltr' id='par_1_53' title="bbox 170 3530 1744 3601">
     <span class='ocr_line' id='line_1_53' title="bbox 170 3530 1744 3601; baseline -0.001 -16"><span class='ocrx_word' id='word_1_405' title='bbox 170 3532 302 3586; x_wconf 85' lang='grc' dir='ltr'><strong>Θεοῦ</strong></span> <span class='ocrx_word' id='word_1_406' title='bbox 352 3532 606 3594; x_wconf 86' lang='grc' dir='ltr'>εἰπόντος</span> <span class='ocrx_word' id='word_1_407' title='bbox 641 3531 720 3583; x_wconf 82' lang='grc' dir='ltr'>ὅτι</span> <span class='ocrx_word' id='word_1_408' title='bbox 743 3572 757 3593; x_wconf 87' lang='grc'><strong>,</strong></span> <span class='ocrx_word' id='word_1_409' title='bbox 804 3530 1024 3583; x_wconf 81' lang='grc' dir='ltr'>Τοιοῦτο</span> <span class='ocrx_word' id='word_1_410' title='bbox 1068 3530 1134 3600; x_wconf 84' lang='grc' dir='ltr'><strong>δὴ</strong></span> <span class='ocrx_word' id='word_1_411' title='bbox 1177 3531 1270 3583; x_wconf 76' lang='grc' dir='ltr'>καὶ</span> <span class='ocrx_word' id='word_1_412' title='bbox 1316 3531 1378 3583; x_wconf 87' lang='grc' dir='ltr'>τδ</span> <span class='ocrx_word' id='word_1_413' title='bbox 1420 3533 1551 3601; x_wconf 80' lang='grc' dir='ltr'>παρ’</span> <span class='ocrx_word' id='word_1_414' title='bbox 1592 3530 1744 3600; x_wconf 77' lang='grc' dir='ltr'>ὑμῶν</span> 
     </span>
    </p>
   </div>
   <div class='ocr_carea' id='block_1_54' title="bbox 171 3618 1740 3691">
    <p class='ocr_par' dir='ltr' id='par_1_54' title="bbox 171 3618 1740 3691">
     <span class='ocr_line' id='line_1_54' title="bbox 171 3618 1740 3691; baseline -0.001 -17"><span class='ocrx_word' id='word_1_415' title='bbox 171 3624 459 3691; x_wconf 79' lang='grc' dir='ltr'>γινόμενον</span> <span class='ocrx_word' id='word_1_416' title='bbox 477 3620 643 3684; x_wconf 82' lang='grc' dir='ltr'>ἐστιν,</span> <span class='ocrx_word' id='word_1_417' title='bbox 669 3619 745 3672; x_wconf 80' lang='grc' dir='ltr'><strong>ὅτ’</strong></span> <span class='ocrx_word' id='word_1_418' title='bbox 766 3618 834 3672; x_wconf 83' lang='grc' dir='ltr'>ἂν</span> <span class='ocrx_word' id='word_1_419' title='bbox 854 3618 1101 3689; x_wconf 58' lang='lat' dir='ltr'><strong>amcos</strong></span> <span class='ocrx_word' id='word_1_420' title='bbox 1126 3635 1270 3681; x_wconf 85' lang='grc' dir='ltr'>τινος</span> <span class='ocrx_word' id='word_1_421' title='bbox 1285 3618 1396 3672; x_wconf 87' lang='grc' dir='ltr'><strong>τῶν</strong></span> <span class='ocrx_word' id='word_1_422' title='bbox 1424 3620 1545 3689; x_wconf 76' lang='grc' dir='ltr'>ἐμοὶ</span> <span class='ocrx_word' id='word_1_423' title='bbox 1574 3637 1740 3689; x_wconf 85' lang='grc' dir='ltr'>προσ-</span> 
     </span>
    </p>
   </div>
   <div class='ocr_carea' id='block_1_55' title="bbox 168 3709 1741 3782">
    <p class='ocr_par' dir='ltr' id='par_1_55' title="bbox 168 3709 1741 3782">
     <span class='ocr_line' id='line_1_55' title="bbox 168 3709 1741 3782; baseline -0.001 -17"><span class='ocrx_word' id='word_1_424' title='bbox 168 3714 415 3782; x_wconf 64' lang='grc' dir='ltr'>ηκόντως</span> <span class='ocrx_word' id='word_1_425' title='bbox 462 3710 666 3778; x_wconf 77' lang='grc' dir='ltr'>ἁγίωνο</span> <span class='ocrx_word' id='word_1_426' title='bbox 700 3709 839 3763; x_wconf 82' lang='grc' dir='ltr'>ὥστε</span> <span class='ocrx_word' id='word_1_427' title='bbox 894 3710 1190 3781; x_wconf 82' lang='grc' dir='ltr'>προσήκειν</span> <span class='ocrx_word' id='word_1_428' title='bbox 1232 3710 1376 3779; x_wconf 82' lang='grc' dir='ltr'>ὑμᾶς</span> <span class='ocrx_word' id='word_1_429' title='bbox 1429 3710 1623 3763; x_wconf 81' lang='grc' dir='ltr'>εἰδέναι</span> <span class='ocrx_word' id='word_1_430' title='bbox 1661 3713 1741 3764; x_wconf 81' lang='grc' dir='ltr'>ὅτι</span> 
     </span>
    </p>
   </div>
   <div class='ocr_carea' id='block_1_56' title="bbox 168 3800 1742 3871">
    <p class='ocr_par' dir='ltr' id='par_1_56' title="bbox 168 3800 1742 3871">
     <span class='ocr_line' id='line_1_56' title="bbox 168 3800 1742 3871; baseline 0 -15"><span class='ocrx_word' id='word_1_431' title='bbox 168 3807 275 3867; x_wconf 67' lang='grc' dir='ltr'><strong>πᾶς</strong></span> <span class='ocrx_word' id='word_1_432' title='bbox 307 3802 551 3870; x_wconf 76' lang='grc' dir='ltr'>ὲγγίζων</span> <span class='ocrx_word' id='word_1_433' title='bbox 579 3800 702 3870; x_wconf 77' lang='grc' dir='ltr'>ἐμοὶ</span> <span class='ocrx_word' id='word_1_434' title='bbox 730 3800 1009 3870; x_wconf 81' lang='grc' dir='ltr'>(ἐγγίζειν</span> <span class='ocrx_word' id='word_1_435' title='bbox 1050 3801 1159 3870; x_wconf 84' lang='grc' dir='ltr'>γὰρ</span> <span class='ocrx_word' id='word_1_436' title='bbox 1192 3802 1316 3871; x_wconf 78' lang='grc' dir='ltr'>ἐμοὶ</span> <span class='ocrx_word' id='word_1_437' title='bbox 1336 3801 1480 3869; x_wconf 79' lang='grc' dir='ltr'>λέγω</span> <span class='ocrx_word' id='word_1_438' title='bbox 1500 3840 1516 3864; x_wconf 90' lang='grc'><strong>,</strong></span> <span class='ocrx_word' id='word_1_439' title='bbox 1547 3802 1608 3855; x_wconf 84' lang='grc' dir='ltr'>τὸ</span> <span class='ocrx_word' id='word_1_440' title='bbox 1634 3804 1742 3857; x_wconf 91' lang='grc' dir='ltr'><strong>τῶν</strong></span> 
     </span>
    </p>
   </div>
   <div class='ocr_carea' id='block_1_57' title="bbox 166 3892 1738 3965">
    <p class='ocr_par' dir='ltr' id='par_1_57' title="bbox 166 3892 1738 3965">
     <span class='ocr_line' id='line_1_57' title="bbox 166 3892 1738 3965; baseline -0.001 -17"><span class='ocrx_word' id='word_1_441' title='bbox 166 3897 286 3965; x_wconf 73' lang='grc' dir='ltr'>ἐμοὶ</span> <span class='ocrx_word' id='word_1_442' title='bbox 314 3893 706 3964; x_wconf 84' lang='grc' dir='ltr'>προσηκόντων</span> <span class='ocrx_word' id='word_1_443' title='bbox 749 3909 809 3944; x_wconf 90' lang='grc' dir='ltr'><strong>τε</strong></span> <span class='ocrx_word' id='word_1_444' title='bbox 848 3892 942 3945; x_wconf 75' lang='grc' dir='ltr'>καὶ</span> <span class='ocrx_word' id='word_1_445' title='bbox 971 3892 1347 3963; x_wconf 80' lang='grc' dir='ltr'>ἀνακειμένων</span> <span class='ocrx_word' id='word_1_446' title='bbox 1386 3894 1738 3963; x_wconf 78' lang='grc' dir='ltr'>ἐφάπτεσθαι)</span> 
     </span>
    </p>
   </div>
   <div class='ocr_carea' id='block_1_58' title="bbox 166 3981 1741 4055">
    <p class='ocr_par' dir='ltr' id='par_1_58' title="bbox 166 3981 1741 4055">
     <span class='ocr_line' id='line_1_58' title="bbox 166 3981 1741 4055; baseline -0.001 -18"><span class='ocrx_word' id='word_1_447' title='bbox 166 3989 210 4037; x_wconf 82' lang='grc' dir='ltr'>εξ</span> <span class='ocrx_word' id='word_1_448' title='bbox 236 3984 550 4055; x_wconf 79' lang='grc' dir='ltr'>προχείρως</span> <span class='ocrx_word' id='word_1_449' title='bbox 582 3983 673 4035; x_wconf 79' lang='grc' dir='ltr'>καὶ</span> <span class='ocrx_word' id='word_1_450' title='bbox 699 3982 757 4033; x_wconf 86' lang='grc' dir='ltr'><strong>ἐν</strong></span> <span class='ocrx_word' id='word_1_451' title='bbox 785 3981 1016 4051; x_wconf 78' lang='grc' dir='ltr'>ἀμελείᾳ</span> <span class='ocrx_word' id='word_1_452' title='bbox 1041 3982 1138 4034; x_wconf 72' lang='grc' dir='ltr'>καὶ</span> <span class='ocrx_word' id='word_1_453' title='bbox 1160 3982 1557 4052; x_wconf 82' lang='grc' dir='ltr'>καταφρονήσει</span> <span class='ocrx_word' id='word_1_454' title='bbox 1584 3982 1741 4035; x_wconf 79' lang='grc' dir='ltr'>τοῦτο</span> 
     </span>
    </p>
   </div>
   <div class='ocr_carea' id='block_1_59' title="bbox 165 4071 1738 4147">
    <p class='ocr_par' dir='ltr' id='par_1_59' title="bbox 165 4071 1738 4147">
     <span class='ocr_line' id='line_1_59' title="bbox 165 4071 1738 4147; baseline 0 -19"><span class='ocrx_word' id='word_1_455' title='bbox 165 4077 371 4147; x_wconf 83' lang='grc' dir='ltr'>ποιοίη,</span> <span class='ocrx_word' id='word_1_456' title='bbox 406 4075 472 4127; x_wconf 82' lang='grc' dir='ltr'>οὐ</span> <span class='ocrx_word' id='word_1_457' title='bbox 520 4075 678 4143; x_wconf 87' lang='grc' dir='ltr'>μόνον</span> <span class='ocrx_word' id='word_1_458' title='bbox 715 4072 931 4135; x_wconf 69' lang='grc' dir='ltr'>οὐθενὸς</span> <span class='ocrx_word' id='word_1_459' title='bbox 970 4071 1232 4126; x_wconf 85' lang='grc' dir='ltr'>ἀπολαύει</span> <span class='ocrx_word' id='word_1_460' title='bbox 1280 4073 1503 4145; x_wconf 85' lang='grc' dir='ltr'>κέρδους</span> <span class='ocrx_word' id='word_1_461' title='bbox 1538 4075 1603 4127; x_wconf 81' lang='grc' dir='ltr'><strong>ἐκ</strong></span> <span class='ocrx_word' id='word_1_462' title='bbox 1642 4075 1738 4144; x_wconf 83' lang='grc' dir='ltr'>τῆς</span> 
     </span>
    </p>
   </div>
   <div class='ocr_carea' id='block_1_60' title="bbox 164 4162 1739 4236">
    <p class='ocr_par' dir='ltr' id='par_1_60' title="bbox 164 4162 1739 4236">
     <span class='ocr_line' id='line_1_60' title="bbox 164 4162 1739 4236; baseline -0.002 -16"><span class='ocrx_word' id='word_1_463' title='bbox 164 4168 331 4236; x_wconf 67' lang='grc' dir='ltr'>ἁφῆς,</span> <span class='ocrx_word' id='word_1_464' title='bbox 364 4164 505 4217; x_wconf 84' lang='grc' dir='ltr'><strong>άλλὰ</strong></span> <span class='ocrx_word' id='word_1_465' title='bbox 542 4164 651 4234; x_wconf 82' lang='grc' dir='ltr'><strong>γὰρ</strong></span> <span class='ocrx_word' id='word_1_466' title='bbox 685 4163 778 4217; x_wconf 74' lang='grc' dir='ltr'><strong>καὶ</strong></span> <span class='ocrx_word' id='word_1_467' title='bbox 810 4162 1094 4233; x_wconf 81' lang='grc' dir='ltr'>μολύνεται</span> <span class='ocrx_word' id='word_1_468' title='bbox 1124 4163 1622 4234; x_wconf 84' lang='grc' dir='ltr'>προσαδικούμενος</span> <span class='ocrx_word' id='word_1_469' title='bbox 1646 4167 1739 4218; x_wconf 72' lang='grc' dir='ltr'><strong>καὶ</strong></span> 
     </span>
    </p>
   </div>
   <div class='ocr_carea' id='block_1_61' title="bbox 164 4249 1739 4326">
    <p class='ocr_par' dir='ltr' id='par_1_61' title="bbox 164 4249 1739 4326">
     <span class='ocr_line' id='line_1_61' title="bbox 164 4249 1739 4326; baseline -0.001 -18"><span class='ocrx_word' id='word_1_470' title='bbox 164 4254 684 4326; x_wconf 78' lang='grc' dir='ltr'>προσόλαπτόμενος</span> <span class='ocrx_word' id='word_1_471' title='bbox 703 4294 717 4317; x_wconf 91' lang='grc'><strong>,</strong></span> <span class='ocrx_word' id='word_1_472' title='bbox 750 4253 886 4326; x_wconf 80' lang='grc' dir='ltr'>ὑπὲρ</span> <span class='ocrx_word' id='word_1_473' title='bbox 919 4249 994 4307; x_wconf 85' lang='grc' dir='ltr'>ὧν</span> <span class='ocrx_word' id='word_1_474' title='bbox 1022 4252 1129 4306; x_wconf 90' lang='grc' dir='ltr'><strong>τῶν</strong></span> <span class='ocrx_word' id='word_1_475' title='bbox 1157 4252 1330 4317; x_wconf 81' lang='grc' dir='ltr'>οὕτως</span> <span class='ocrx_word' id='word_1_476' title='bbox 1359 4255 1527 4321; x_wconf 84' lang='grc' dir='ltr'>ἁγίων</span> <span class='ocrx_word' id='word_1_477' title='bbox 1562 4255 1739 4325; x_wconf 72' lang='grc' dir='ltr'>ἥψατο</span> 
     </span>
    </p>
   </div>
   <div class='ocr_carea' id='block_1_62' title="bbox 160 4344 1738 4420">
    <p class='ocr_par' dir='ltr' id='par_1_62' title="bbox 160 4344 1738 4420">
     <span class='ocr_line' id='line_1_62' title="bbox 160 4344 1738 4420; baseline -0.001 -21"><span class='ocrx_word' id='word_1_478' title='bbox 160 4348 495 4420; x_wconf 81' lang='grc' dir='ltr'>προχείρως.</span> <span class='ocrx_word' id='word_1_479' title='bbox 551 4363 570 4397; x_wconf 84' lang='lat' dir='ltr'><strong>t</strong></span> <span class='ocrx_word' id='word_1_480' title='bbox 623 4346 849 4400; x_wconf 84' lang='grc' dir='ltr'>Ἕνεκεν</span> <span class='ocrx_word' id='word_1_481' title='bbox 893 4345 1003 4398; x_wconf 89' lang='grc' dir='ltr'><strong>τῶν</strong></span> <span class='ocrx_word' id='word_1_482' title='bbox 1053 4344 1355 4415; x_wconf 81' lang='grc' dir='ltr'>λημμάτων</span> <span class='ocrx_word' id='word_1_483' title='bbox 1401 4345 1580 4399; x_wconf 82' lang='grc' dir='ltr'>αὐτῶν</span> <span class='ocrx_word' id='word_1_484' title='bbox 1627 4345 1738 4398; x_wconf 89' lang='grc' dir='ltr'><strong>τῶν</strong></span> 
     </span>
    </p>
   </div>
   <div class='ocr_carea' id='block_1_63' title="bbox 154 4433 1735 4509">
    <p class='ocr_par' dir='ltr' id='par_1_63' title="bbox 154 4433 1735 4509">
     <span class='ocr_line' id='line_1_63' title="bbox 154 4433 1735 4509; baseline -0.001 -20"><span class='ocrx_word' id='word_1_485' title='bbox 154 4437 434 4509; x_wconf 75' lang='grc' dir='ltr'>ὀρθρινῶν</span> <span class='ocrx_word' id='word_1_486' title='bbox 486 4434 902 4505; x_wconf 84' lang='grc' dir='ltr'>όδυνηθήσονται</span> <span class='ocrx_word' id='word_1_487' title='bbox 951 4433 1060 4487; x_wconf 74' lang='grc' dir='ltr'><strong>ἀπὸ</strong></span> <span class='ocrx_word' id='word_1_488' title='bbox 1116 4435 1407 4505; x_wconf 79' lang='grc' dir='ltr'>προσώπου</span> <span class='ocrx_word' id='word_1_489' title='bbox 1463 4434 1735 4506; x_wconf 86' lang='grc' dir='ltr'>πονηριῶν</span> 
     </span>
    </p>
   </div>
   <div class='ocr_carea' id='block_1_64' title="bbox 154 4522 1732 4594">
    <p class='ocr_par' dir='ltr' id='par_1_64' title="bbox 154 4522 1732 4594">
     <span class='ocr_line' id='line_1_64' title="bbox 154 4522 1732 4594; baseline -0.003 -13"><span class='ocrx_word' id='word_1_490' title='bbox 154 4528 359 4590; x_wconf 72' lang='grc' dir='ltr'>αὐτῶν,</span> <span class='ocrx_word' id='word_1_491' title='bbox 395 4525 491 4579; x_wconf 74' lang='grc' dir='ltr'>καὶ</span> <span class='ocrx_word' id='word_1_492' title='bbox 531 4526 769 4594; x_wconf 80' lang='grc' dir='ltr'>ἐμισείτε</span> <span class='ocrx_word' id='word_1_493' title='bbox 806 4524 864 4575; x_wconf 76' lang='grc' dir='ltr'><strong>ἐν</strong></span> <span class='ocrx_word' id='word_1_494' title='bbox 898 4522 1094 4586; x_wconf 86' lang='grc' dir='ltr'>πύλαις</span> <span class='ocrx_word' id='word_1_495' title='bbox 1124 4523 1463 4591; x_wconf 81' lang='grc' dir='ltr'>ἐλέγχοντας.</span> <span class='ocrx_word' id='word_1_496' title='bbox 1517 4542 1535 4573; x_wconf 70' lang='grc' dir='ltr'>ι</span> <span class='ocrx_word' id='word_1_497' title='bbox 1575 4525 1732 4593; x_wconf 86' lang='grc' dir='ltr'>Λημ-</span> 
     </span>
    </p>
   </div>
   <div class='ocr_carea' id='block_1_65' title="bbox 154 4612 1728 4686">
    <p class='ocr_par' dir='ltr' id='par_1_65' title="bbox 154 4612 1728 4686">
     <span class='ocr_line' id='line_1_65' title="bbox 154 4612 1728 4686; baseline -0.003 -16"><span class='ocrx_word' id='word_1_498' title='bbox 154 4618 346 4686; x_wconf 84' lang='grc' dir='ltr'>μάτων</span> <span class='ocrx_word' id='word_1_499' title='bbox 388 4614 600 4680; x_wconf 78' lang='grc' dir='ltr'>αὐτῶν,</span> <span class='ocrx_word' id='word_1_500' title='bbox 640 4616 726 4667; x_wconf 83' lang='grc' dir='ltr'><strong>ἴνα</strong></span> <span class='ocrx_word' id='word_1_501' title='bbox 771 4615 900 4686; x_wconf 73' lang='grc' dir='ltr'>εἴπῃ</span> <span class='ocrx_word' id='word_1_502' title='bbox 949 4612 1022 4675; x_wconf 83' lang='grc' dir='ltr'>ὼς</span> <span class='ocrx_word' id='word_1_503' title='bbox 1079 4612 1515 4681; x_wconf 78' lang='grc' dir='ltr'>ἐπελαμϐάνοντο</span> <span class='ocrx_word' id='word_1_504' title='bbox 1561 4614 1728 4682; x_wconf 85' lang='grc' dir='ltr'>πράτ-</span> 
     </span>
    </p>
   </div>
   <div class='ocr_carea' id='block_1_66' title="bbox 150 4698 1729 4775">
    <p class='ocr_par' dir='ltr' id='par_1_66' title="bbox 150 4698 1729 4775">
     <span class='ocr_line' id='line_1_66' title="bbox 150 4698 1729 4775; baseline -0.003 -15"><span class='ocrx_word' id='word_1_505' title='bbox 150 4724 336 4771; x_wconf 85' lang='grc' dir='ltr'>τοντες</span> <span class='ocrx_word' id='word_1_506' title='bbox 364 4707 431 4759; x_wconf 79' lang='grc' dir='ltr'>οὑ</span> <span class='ocrx_word' id='word_1_507' title='bbox 455 4705 697 4767; x_wconf 86' lang='grc' dir='ltr'>δεόντως.</span> <span class='ocrx_word' id='word_1_508' title='bbox 738 4704 907 4774; x_wconf 80' lang='grc' dir='ltr'>’Υπὲρ</span> <span class='ocrx_word' id='word_1_509' title='bbox 929 4704 1035 4773; x_wconf 85' lang='grc' dir='ltr'><strong>γάρ</strong></span> <span class='ocrx_word' id='word_1_510' title='bbox 1057 4698 1152 4765; x_wconf 79' lang='grc' dir='ltr'>ὧν,</span> <span class='ocrx_word' id='word_1_511' title='bbox 1175 4705 1360 4773; x_wconf 78' lang='grc' dir='ltr'>φησὶν,</span> <span class='ocrx_word' id='word_1_512' title='bbox 1393 4705 1729 4775; x_wconf 83' lang='grc' dir='ltr'>ἐπεχειρείτε</span> 
     </span>
    </p>
   </div>
   <div class='ocr_carea' id='block_1_67' title="bbox 151 4793 1729 4868">
    <p class='ocr_par' dir='ltr' id='par_1_67' title="bbox 151 4793 1729 4868">
     <span class='ocr_line' id='line_1_67' title="bbox 151 4793 1729 4868; baseline -0.002 -18"><span class='ocrx_word' id='word_1_513' title='bbox 151 4799 427 4868; x_wconf 72' lang='grc' dir='ltr'>πράξεσιν</span> <span class='ocrx_word' id='word_1_514' title='bbox 460 4795 711 4858; x_wconf 85' lang='grc' dir='ltr'>ἀτόποις,</span> <span class='ocrx_word' id='word_1_515' title='bbox 741 4794 949 4865; x_wconf 84' lang='grc' dir='ltr'>ὅρθριοι</span> <span class='ocrx_word' id='word_1_516' title='bbox 981 4796 1061 4857; x_wconf 84' lang='grc' dir='ltr'><strong>είς</strong></span> <span class='ocrx_word' id='word_1_517' title='bbox 1095 4793 1253 4846; x_wconf 80' lang='grc' dir='ltr'>τοῦτο</span> <span class='ocrx_word' id='word_1_518' title='bbox 1287 4794 1686 4863; x_wconf 84' lang='grc' dir='ltr'>διανιστάμενοι</span> <span class='ocrx_word' id='word_1_519' title='bbox 1713 4835 1729 4859; x_wconf 90' lang='grc'><strong>,</strong></span> 
     </span>
    </p>
   </div>
   <div class='ocr_carea' id='block_1_68' title="bbox 147 4887 1722 4963">
    <p class='ocr_par' dir='ltr' id='par_1_68' title="bbox 147 4887 1722 4963">
     <span class='ocr_line' id='line_1_68' title="bbox 147 4887 1722 4963; baseline -0.003 -18"><span class='ocrx_word' id='word_1_520' title='bbox 147 4894 239 4945; x_wconf 72' lang='grc' dir='ltr'>καὶ</span> <span class='ocrx_word' id='word_1_521' title='bbox 266 4892 417 4963; x_wconf 70' lang='grc' dir='ltr'>μετὰ</span> <span class='ocrx_word' id='word_1_522' title='bbox 443 4892 621 4959; x_wconf 86' lang='grc' dir='ltr'>πάσης</span> <span class='ocrx_word' id='word_1_523' title='bbox 646 4889 717 4942; x_wconf 78' lang='grc' dir='ltr'>τὰ</span> <span class='ocrx_word' id='word_1_524' title='bbox 740 4890 916 4942; x_wconf 79' lang='grc' dir='ltr'>ἄτοπα</span> <span class='ocrx_word' id='word_1_525' title='bbox 937 4889 1037 4958; x_wconf 82' lang='grc' dir='ltr'>τῆς</span> <span class='ocrx_word' id='word_1_526' title='bbox 1062 4887 1295 4958; x_wconf 82' lang='grc' dir='ltr'>σπουδῆς</span> <span class='ocrx_word' id='word_1_527' title='bbox 1327 4887 1722 4953; x_wconf 82' lang='grc' dir='ltr'>ἐπιτελοῦντες,</span> 
     </span>
    </p>
   </div>
   <div class='ocr_carea' id='block_1_69' title="bbox 1859 1977 3425 2043">
    <p class='ocr_par' dir='ltr' id='par_1_69' title="bbox 1859 1977 3425 2043">
     <span class='ocr_line' id='line_1_69' title="bbox 1859 1977 3425 2043; baseline 0.009 -14"><span class='ocrx_word' id='word_1_528' title='bbox 1859 1977 2186 2032; x_wconf 89' lang='lat' dir='ltr'><strong>municando</strong></span> <span class='ocrx_word' id='word_1_529' title='bbox 2213 1978 2368 2033; x_wconf 86' lang='lat' dir='ltr'><strong>alteri</strong></span> <span class='ocrx_word' id='word_1_530' title='bbox 2401 1995 2541 2035; x_wconf 73' lang='lat' dir='ltr'><strong>escae</strong></span> <span class='ocrx_word' id='word_1_531' title='bbox 2563 1982 3074 2040; x_wconf 82' lang='lat' dir='ltr'><strong>sanctiﬁcationem.</strong></span> <span class='ocrx_word' id='word_1_532' title='bbox 3100 1985 3221 2040; x_wconf 81' lang='lat' dir='ltr'><strong>Mox</strong></span> <span class='ocrx_word' id='word_1_533' title='bbox 3245 1986 3425 2043; x_wconf 86' lang='lat' dir='ltr'><strong>denuo</strong></span> 
     </span>
    </p>
   </div>
   <div class='ocr_carea' id='block_1_70' title="bbox 1858 2064 3423 2142">
    <p class='ocr_par' dir='ltr' id='par_1_70' title="bbox 1858 2064 3423 2142">
     <span class='ocr_line' id='line_1_70' title="bbox 1858 2064 3423 2142; baseline 0.007 -24"><span class='ocrx_word' id='word_1_534' title='bbox 1858 2064 2153 2135; x_wconf 78' lang='lat' dir='ltr'><strong>interrogat</strong></span> <span class='ocrx_word' id='word_1_535' title='bbox 2191 2084 2204 2119; x_wconf 88' lang='lat'><strong>:</strong></span> <span class='ocrx_word' id='word_1_536' title='bbox 2248 2065 2304 2119; x_wconf 89' lang='lat' dir='ltr'><strong>Si</strong></span> <span class='ocrx_word' id='word_1_537' title='bbox 2351 2069 2475 2137; x_wconf 88' lang='lat' dir='ltr'><strong>quis</strong></span> <span class='ocrx_word' id='word_1_538' title='bbox 2513 2070 3004 2142; x_wconf 88' lang='lat' dir='ltr'><strong>quomodocunque</strong></span> <span class='ocrx_word' id='word_1_539' title='bbox 3057 2075 3295 2142; x_wconf 88' lang='lat' dir='ltr'><strong>pollutus</strong></span> <span class='ocrx_word' id='word_1_540' title='bbox 3338 2093 3423 2129; x_wconf 74' lang='lat' dir='ltr'><strong>res</strong></span> 
     </span>
    </p>
   </div>
   <div class='ocr_carea' id='block_1_71' title="bbox 1856 2155 3423 2228">
    <p class='ocr_par' dir='ltr' id='par_1_71' title="bbox 1856 2155 3423 2228">
     <span class='ocr_line' id='line_1_71' title="bbox 1856 2155 3423 2228; baseline 0.007 -19"><span class='ocrx_word' id='word_1_541' title='bbox 1856 2155 2164 2223; x_wconf 73' lang='lat' dir='ltr'><strong>huiusmodi</strong></span> <span class='ocrx_word' id='word_1_542' title='bbox 2207 2158 2471 2228; x_wconf 83' lang='lat' dir='ltr'><strong>attigerit.</strong></span> <span class='ocrx_word' id='word_1_543' title='bbox 2504 2175 2635 2214; x_wconf 87' lang='lat' dir='ltr'><strong>num</strong></span> <span class='ocrx_word' id='word_1_544' title='bbox 2666 2161 2787 2217; x_wconf 87' lang='lat' dir='ltr'><strong>illas</strong></span> <span class='ocrx_word' id='word_1_545' title='bbox 2814 2166 3035 2219; x_wconf 84' lang='lat' dir='ltr'><strong>omnino</strong></span> <span class='ocrx_word' id='word_1_546' title='bbox 3053 2167 3423 2221; x_wconf 78' lang='lat' dir='ltr'><strong>contaminat?</strong></span> 
     </span>
    </p>
   </div>
   <div class='ocr_carea' id='block_1_72' title="bbox 1854 2243 3422 2328">
    <p class='ocr_par' dir='ltr' id='par_1_72' title="bbox 1854 2243 3422 2328">
     <span class='ocr_line' id='line_1_72' title="bbox 1854 2243 3422 2328; baseline 0.009 -31"><span class='ocrx_word' id='word_1_547' title='bbox 1854 2243 1934 2299; x_wconf 88' lang='lat' dir='ltr'><strong>Illi</strong></span> <span class='ocrx_word' id='word_1_548' title='bbox 1979 2262 2107 2302; x_wconf 88' lang='lat' dir='ltr'><strong>vero</strong></span> <span class='ocrx_word' id='word_1_549' title='bbox 2157 2246 2845 2307; x_wconf 80' lang='lat' dir='ltr'><strong>dixerunt:Contaminat.</strong></span> <span class='ocrx_word' id='word_1_550' title='bbox 2891 2252 3075 2309; x_wconf 82' lang='lat' dir='ltr'><strong>Voluit</strong></span> <span class='ocrx_word' id='word_1_551' title='bbox 3114 2265 3295 2311; x_wconf 89' lang='lat' dir='ltr'><strong>autem</strong></span> <span class='ocrx_word' id='word_1_552' title='bbox 3325 2274 3422 2328; x_wconf 79' lang='lat' dir='ltr'><strong>per</strong></span> 
     </span>
    </p>
   </div>
   <div class='ocr_carea' id='block_1_73' title="bbox 1854 2338 3420 2421">
    <p class='ocr_par' dir='ltr' id='par_1_73' title="bbox 1854 2338 3420 2421">
     <span class='ocr_line' id='line_1_73' title="bbox 1854 2338 3420 2421; baseline 0.008 -30"><span class='ocrx_word' id='word_1_553' title='bbox 1854 2338 1968 2393; x_wconf 73' lang='lat' dir='ltr'><strong>haec</strong></span> <span class='ocrx_word' id='word_1_554' title='bbox 1993 2338 2196 2404; x_wconf 86' lang='lat' dir='ltr'><strong>dicere,</strong></span> <span class='ocrx_word' id='word_1_555' title='bbox 2222 2341 2369 2411; x_wconf 89' lang='lat' dir='ltr'><strong>quod</strong></span> <span class='ocrx_word' id='word_1_556' title='bbox 2391 2344 2697 2398; x_wconf 83' lang='lat' dir='ltr'><strong>vestimenti</strong></span> <span class='ocrx_word' id='word_1_557' title='bbox 2722 2345 2941 2415; x_wconf 83' lang='lat' dir='ltr'><strong>quidem</strong></span> <span class='ocrx_word' id='word_1_558' title='bbox 2973 2349 3260 2405; x_wconf 80' lang='lat' dir='ltr'><strong>summitas</strong></span> <span class='ocrx_word' id='word_1_559' title='bbox 3288 2366 3420 2421; x_wconf 84' lang='lat' dir='ltr'><strong>pro-</strong></span> 
     </span>
    </p>
   </div>
   <div class='ocr_carea' id='block_1_74' title="bbox 1852 2430 3416 2508">
    <p class='ocr_par' dir='ltr' id='par_1_74' title="bbox 1852 2430 3416 2508">
     <span class='ocr_line' id='line_1_74' title="bbox 1852 2430 3416 2508; baseline 0.008 -30"><span class='ocrx_word' id='word_1_560' title='bbox 1852 2434 1971 2495; x_wconf 86' lang='lat' dir='ltr'><strong>pter</strong></span> <span class='ocrx_word' id='word_1_561' title='bbox 2006 2442 2118 2481; x_wconf 91' lang='lat' dir='ltr'><strong>rem</strong></span> <span class='ocrx_word' id='word_1_562' title='bbox 2149 2437 2397 2483; x_wconf 87' lang='lat' dir='ltr'><strong>sanctam</strong></span> <span class='ocrx_word' id='word_1_563' title='bbox 2434 2430 2699 2487; x_wconf 86' lang='lat' dir='ltr'><strong>inclusam</strong></span> <span class='ocrx_word' id='word_1_564' title='bbox 2737 2436 3080 2491; x_wconf 82' lang='lat' dir='ltr'><strong>sanctiﬁcare</strong></span> <span class='ocrx_word' id='word_1_565' title='bbox 3110 2439 3416 2508; x_wconf 77' lang='lat' dir='ltr'><strong>proximum</strong></span> 
     </span>
    </p>
   </div>
   <div class='ocr_carea' id='block_1_75' title="bbox 1851 2518 3415 2601">
    <p class='ocr_par' dir='ltr' id='par_1_75' title="bbox 1851 2518 3415 2601">
     <span class='ocr_line' id='line_1_75' title="bbox 1851 2518 3415 2601; baseline 0.008 -30"><span class='ocrx_word' id='word_1_566' title='bbox 1851 2518 2050 2586; x_wconf 88' lang='lat' dir='ltr'><strong>aliquid</strong></span> <span class='ocrx_word' id='word_1_567' title='bbox 2092 2527 2364 2589; x_wconf 84' lang='lat' dir='ltr'><strong>nequeat;</strong></span> <span class='ocrx_word' id='word_1_568' title='bbox 2411 2521 2505 2576; x_wconf 89' lang='lat' dir='ltr'><strong>sed</strong></span> <span class='ocrx_word' id='word_1_569' title='bbox 2543 2522 2690 2592; x_wconf 91' lang='lat' dir='ltr'><strong>quod</strong></span> <span class='ocrx_word' id='word_1_570' title='bbox 2735 2525 2896 2580; x_wconf 88' lang='lat' dir='ltr'><strong>homo</strong></span> <span class='ocrx_word' id='word_1_571' title='bbox 2931 2528 3171 2596; x_wconf 88' lang='lat' dir='ltr'><strong>pollutus</strong></span> <span class='ocrx_word' id='word_1_572' title='bbox 3209 2530 3254 2585; x_wconf 88' lang='lat' dir='ltr'><strong>si</strong></span> <span class='ocrx_word' id='word_1_573' title='bbox 3286 2534 3415 2601; x_wconf 82' lang='lat' dir='ltr'><strong>quid</strong></span> 
     </span>
    </p>
   </div>
   <div class='ocr_carea' id='block_1_76' title="bbox 1847 2610 3417 2694">
    <p class='ocr_par' dir='ltr' id='par_1_76' title="bbox 1847 2610 3417 2694">
     <span class='ocr_line' id='line_1_76' title="bbox 1847 2610 3417 2694; baseline 0.01 -30"><span class='ocrx_word' id='word_1_574' title='bbox 1847 2610 2111 2680; x_wconf 84' lang='lat' dir='ltr'><strong>ejusmodi</strong></span> <span class='ocrx_word' id='word_1_575' title='bbox 2152 2620 2357 2682; x_wconf 81' lang='lat' dir='ltr'><strong>tangat,</strong></span> <span class='ocrx_word' id='word_1_576' title='bbox 2402 2614 2557 2683; x_wconf 84' lang='lat' dir='ltr'><strong>plane</strong></span> <span class='ocrx_word' id='word_1_577' title='bbox 2603 2616 2733 2670; x_wconf 88' lang='lat' dir='ltr'><strong>illud</strong></span> <span class='ocrx_word' id='word_1_578' title='bbox 2776 2619 3138 2675; x_wconf 77' lang='lat' dir='ltr'><strong>Contaminet:</strong></span> <span class='ocrx_word' id='word_1_579' title='bbox 3191 2621 3417 2694; x_wconf 81' lang='lat' dir='ltr'><strong>ideoque</strong></span> 
     </span>
    </p>
   </div>
   <div class='ocr_carea' id='block_1_77' title="bbox 1847 2701 3414 2771">
    <p class='ocr_par' dir='ltr' id='par_1_77' title="bbox 1847 2701 3414 2771">
     <span class='ocr_line' id='line_1_77' title="bbox 1847 2701 3414 2771; baseline 0.007 -16"><span class='ocrx_word' id='word_1_580' title='bbox 1847 2701 2202 2766; x_wconf 86' lang='lat' dir='ltr'><strong>credendum,</strong></span> <span class='ocrx_word' id='word_1_581' title='bbox 2241 2702 2385 2771; x_wconf 86' lang='lat' dir='ltr'><strong>quod</strong></span> <span class='ocrx_word' id='word_1_582' title='bbox 2418 2703 2464 2757; x_wconf 91' lang='lat' dir='ltr'><strong>si</strong></span> <span class='ocrx_word' id='word_1_583' title='bbox 2495 2718 2594 2760; x_wconf 87' lang='lat' dir='ltr'><strong>vos</strong></span> <span class='ocrx_word' id='word_1_584' title='bbox 2626 2712 2850 2769; x_wconf 88' lang='lat' dir='ltr'><strong>temere,</strong></span> <span class='ocrx_word' id='word_1_585' title='bbox 2883 2714 2938 2762; x_wconf 92' lang='lat' dir='ltr'><strong>et</strong></span> <span class='ocrx_word' id='word_1_586' title='bbox 2966 2710 3085 2763; x_wconf 90' lang='lat' dir='ltr'><strong>sine</strong></span> <span class='ocrx_word' id='word_1_587' title='bbox 3119 2708 3303 2765; x_wconf 85' lang='lat' dir='ltr'><strong>debita</strong></span> <span class='ocrx_word' id='word_1_588' title='bbox 3329 2728 3414 2765; x_wconf 83' lang='lat' dir='ltr'><strong>re-</strong></span> 
     </span>
    </p>
   </div>
   <div class='ocr_carea' id='block_1_78' title="bbox 1846 2794 3416 2867">
    <p class='ocr_par' dir='ltr' id='par_1_78' title="bbox 1846 2794 3416 2867">
     <span class='ocr_line' id='line_1_78' title="bbox 1846 2794 3416 2867; baseline 0.006 -20"><span class='ocrx_word' id='word_1_589' title='bbox 1846 2794 2045 2863; x_wconf 85' lang='lat' dir='ltr'><strong>ligione</strong></span> <span class='ocrx_word' id='word_1_590' title='bbox 2082 2809 2209 2850; x_wconf 87' lang='lat' dir='ltr'><strong>vasa</strong></span> <span class='ocrx_word' id='word_1_591' title='bbox 2257 2809 2437 2861; x_wconf 86' lang='lat' dir='ltr'><strong>sacra,</strong></span> <span class='ocrx_word' id='word_1_592' title='bbox 2485 2797 2567 2851; x_wconf 86' lang='lat' dir='ltr'><strong>vel</strong></span> <span class='ocrx_word' id='word_1_593' title='bbox 2606 2796 2871 2867; x_wconf 88' lang='lat' dir='ltr'><strong>quidquid</strong></span> <span class='ocrx_word' id='word_1_594' title='bbox 2900 2798 3086 2854; x_wconf 86' lang='lat' dir='ltr'><strong>divino</strong></span> <span class='ocrx_word' id='word_1_595' title='bbox 3124 2802 3291 2858; x_wconf 86' lang='lat' dir='ltr'><strong>cultui</strong></span> <span class='ocrx_word' id='word_1_596' title='bbox 3310 2804 3416 2857; x_wconf 45' lang='lat' dir='ltr'><strong>:ad-</strong></span> 
     </span>
    </p>
   </div>
   <div class='ocr_carea' id='block_1_79' title="bbox 1845 2884 3414 2954">
    <p class='ocr_par' dir='ltr' id='par_1_79' title="bbox 1845 2884 3414 2954">
     <span class='ocr_line' id='line_1_79' title="bbox 1845 2884 3414 2954; baseline 0.005 -17"><span class='ocrx_word' id='word_1_597' title='bbox 1845 2884 2049 2937; x_wconf 89' lang='lat' dir='ltr'><strong>dictum</strong></span> <span class='ocrx_word' id='word_1_598' title='bbox 2078 2892 2180 2947; x_wconf 86' lang='lat' dir='ltr'><strong>est,</strong></span> <span class='ocrx_word' id='word_1_599' title='bbox 2236 2884 2539 2954; x_wconf 87' lang='lat' dir='ltr'><strong>tetigeritis,</strong></span> <span class='ocrx_word' id='word_1_600' title='bbox 2581 2885 2723 2941; x_wconf 87' lang='lat' dir='ltr'><strong>haud</strong></span> <span class='ocrx_word' id='word_1_601' title='bbox 2771 2886 2991 2943; x_wconf 89' lang='lat' dir='ltr'><strong>illorum</strong></span> <span class='ocrx_word' id='word_1_602' title='bbox 3031 2892 3290 2945; x_wconf 83' lang='lat' dir='ltr'><strong>sanctitas</strong></span> <span class='ocrx_word' id='word_1_603' title='bbox 3320 2910 3414 2945; x_wconf 76' lang='lat' dir='ltr'><strong>vos</strong></span> 
     </span>
    </p>
   </div>
   <div class='ocr_carea' id='block_1_80' title="bbox 1845 2972 3410 3049">
    <p class='ocr_par' dir='ltr' id='par_1_80' title="bbox 1845 2972 3410 3049">
     <span class='ocr_line' id='line_1_80' title="bbox 1845 2972 3410 3049; baseline 0.006 -23"><span class='ocrx_word' id='word_1_604' title='bbox 1845 2972 2167 3037; x_wconf 77' lang='lat' dir='ltr'><strong>sanctiﬁcat,</strong></span> <span class='ocrx_word' id='word_1_605' title='bbox 2205 2974 2298 3030; x_wconf 87' lang='lat' dir='ltr'><strong>sed</strong></span> <span class='ocrx_word' id='word_1_606' title='bbox 2341 2976 2452 3028; x_wconf 87' lang='lat' dir='ltr'><strong>vita</strong></span> <span class='ocrx_word' id='word_1_607' title='bbox 2478 2985 2672 3032; x_wconf 75' lang='lat' dir='ltr'><strong>vestra</strong></span> <span class='ocrx_word' id='word_1_608' title='bbox 2706 2979 2992 3049; x_wconf 80' lang='lat' dir='ltr'><strong>inquinata</strong></span> <span class='ocrx_word' id='word_1_609' title='bbox 3030 2984 3410 3039; x_wconf 84' lang='lat' dir='ltr'><strong>contumeliam</strong></span> 
     </span>
    </p>
   </div>
   <div class='ocr_carea' id='block_1_81' title="bbox 1844 3066 3412 3145">
    <p class='ocr_par' dir='ltr' id='par_1_81' title="bbox 1844 3066 3412 3145">
     <span class='ocr_line' id='line_1_81' title="bbox 1844 3066 3412 3145; baseline 0.006 -25"><span class='ocrx_word' id='word_1_610' title='bbox 1844 3066 2008 3120; x_wconf 83' lang='lat' dir='ltr'><strong>rebus</strong></span> <span class='ocrx_word' id='word_1_611' title='bbox 2052 3067 2260 3120; x_wconf 83' lang='lat' dir='ltr'><strong>sanctis</strong></span> <span class='ocrx_word' id='word_1_612' title='bbox 2304 3076 2576 3137; x_wconf 82' lang='lat' dir='ltr'><strong>aspergat,</strong></span> <span class='ocrx_word' id='word_1_613' title='bbox 2608 3069 2881 3139; x_wconf 89' lang='lat' dir='ltr'><strong>siquidem</strong></span> <span class='ocrx_word' id='word_1_614' title='bbox 2930 3070 3053 3128; x_wconf 87' lang='lat' dir='ltr'><strong>illas</strong></span> <span class='ocrx_word' id='word_1_615' title='bbox 3084 3072 3290 3145; x_wconf 85' lang='lat' dir='ltr'><strong>absque</strong></span> <span class='ocrx_word' id='word_1_616' title='bbox 3320 3078 3412 3129; x_wconf 88' lang='lat' dir='ltr'><strong>de-</strong></span> 
     </span>
    </p>
   </div>
   <div class='ocr_carea' id='block_1_82' title="bbox 1845 3153 3408 3228">
    <p class='ocr_par' dir='ltr' id='par_1_82' title="bbox 1845 3153 3408 3228">
     <span class='ocr_line' id='line_1_82' title="bbox 1845 3153 3408 3228; baseline 0.006 -21"><span class='ocrx_word' id='word_1_617' title='bbox 1845 3153 1955 3207; x_wconf 87' lang='lat' dir='ltr'><strong>bita</strong></span> <span class='ocrx_word' id='word_1_618' title='bbox 1984 3155 2286 3209; x_wconf 85' lang='lat' dir='ltr'><strong>reverentia</strong></span> <span class='ocrx_word' id='word_1_619' title='bbox 2321 3163 2660 3213; x_wconf 79' lang='lat' dir='ltr'><strong>contrectare</strong></span> <span class='ocrx_word' id='word_1_620' title='bbox 2689 3158 3003 3216; x_wconf 84' lang='lat' dir='ltr'><strong>videamini.</strong></span> <span class='ocrx_word' id='word_1_621' title='bbox 3049 3160 3408 3228; x_wconf 88' lang='lat' dir='ltr'><strong>Quamobrem</strong></span> 
     </span>
    </p>
   </div>
   <div class='ocr_carea' id='block_1_83' title="bbox 1845 3243 3408 3325">
    <p class='ocr_par' dir='ltr' id='par_1_83' title="bbox 1845 3243 3408 3325">
     <span class='ocr_line' id='line_1_83' title="bbox 1845 3243 3408 3325; baseline 0.011 -28"><span class='ocrx_word' id='word_1_622' title='bbox 1845 3243 2006 3297; x_wconf 87' lang='lat' dir='ltr'><strong>etiam</strong></span> <span class='ocrx_word' id='word_1_623' title='bbox 2047 3244 2309 3315; x_wconf 86' lang='lat' dir='ltr'><strong>propheta</strong></span> <span class='ocrx_word' id='word_1_624' title='bbox 2346 3248 2661 3317; x_wconf 87' lang='lat' dir='ltr'><strong>respondet,</strong></span> <span class='ocrx_word' id='word_1_625' title='bbox 2708 3258 2965 3320; x_wconf 85' lang='lat' dir='ltr'><strong>tanquam</strong></span> <span class='ocrx_word' id='word_1_626' title='bbox 2995 3249 3105 3308; x_wconf 91' lang='lat' dir='ltr'><strong>Deo</strong></span> <span class='ocrx_word' id='word_1_627' title='bbox 3135 3253 3408 3325; x_wconf 83' lang='lat' dir='ltr'><strong>loquente.</strong></span> 
     </span>
    </p>
   </div>
   <div class='ocr_carea' id='block_1_84' title="bbox 1846 3331 3411 3410">
    <p class='ocr_par' dir='ltr' id='par_1_84' title="bbox 1846 3331 3411 3410">
     <span class='ocr_line' id='line_1_84' title="bbox 1846 3331 3411 3410; baseline 0.007 -24"><span class='ocrx_word' id='word_1_628' title='bbox 1846 3333 1951 3387; x_wconf 85' lang='lat' dir='ltr'><strong>hoc</strong></span> <span class='ocrx_word' id='word_1_629' title='bbox 1977 3331 2153 3401; x_wconf 90' lang='lat' dir='ltr'><strong>ipsum</strong></span> <span class='ocrx_word' id='word_1_630' title='bbox 2182 3333 2345 3404; x_wconf 23' lang='lat'><strong>.281</strong></span> <span class='ocrx_word' id='word_1_631' title='bbox 2378 3335 2449 3390; x_wconf 88' lang='lat' dir='ltr'><strong>ab</strong></span> <span class='ocrx_word' id='word_1_632' title='bbox 2484 3336 2553 3393; x_wconf 88' lang='lat' dir='ltr'><strong>iis</strong></span> <span class='ocrx_word' id='word_1_633' title='bbox 2576 3336 2691 3392; x_wconf 81' lang='lat' dir='ltr'><strong>ﬁeri</strong></span> <span class='ocrx_word' id='word_1_634' title='bbox 2722 3339 3155 3410; x_wconf 81' lang='lat' dir='ltr'><strong>quotiescunque</strong></span> <span class='ocrx_word' id='word_1_635' title='bbox 3175 3356 3262 3399; x_wconf 90' lang='lat' dir='ltr'><strong>res</strong></span> <span class='ocrx_word' id='word_1_636' title='bbox 3286 3359 3411 3400; x_wconf 58' lang='lat' dir='ltr'><strong>sas-</strong></span> 
     </span>
    </p>
   </div>
   <div class='ocr_carea' id='block_1_85' title="bbox 1845 3424 3411 3500">
    <p class='ocr_par' dir='ltr' id='par_1_85' title="bbox 1845 3424 3411 3500">
     <span class='ocr_line' id='line_1_85' title="bbox 1845 3424 3411 3500; baseline 0.008 -23"><span class='ocrx_word' id='word_1_637' title='bbox 1845 3432 1961 3478; x_wconf 88' lang='lat' dir='ltr'><strong>ctas</strong></span> <span class='ocrx_word' id='word_1_638' title='bbox 1974 3424 2144 3478; x_wconf 90' lang='lat' dir='ltr'><strong>cultui</strong></span> <span class='ocrx_word' id='word_1_639' title='bbox 2160 3439 2281 3479; x_wconf 90' lang='lat' dir='ltr'><strong>meo</strong></span> <span class='ocrx_word' id='word_1_640' title='bbox 2304 3424 2551 3482; x_wconf 85' lang='lat' dir='ltr'><strong>addietas</strong></span> <span class='ocrx_word' id='word_1_641' title='bbox 2569 3428 2865 3500; x_wconf 84' lang='lat' dir='ltr'><strong>tetigerint.</strong></span> <span class='ocrx_word' id='word_1_642' title='bbox 2884 3428 3244 3497; x_wconf 87' lang='lat' dir='ltr'><strong>Quamobrem</strong></span> <span class='ocrx_word' id='word_1_643' title='bbox 3269 3436 3411 3489; x_wconf 86' lang='lat' dir='ltr'><strong>scire</strong></span> 
     </span>
    </p>
   </div>
   <div class='ocr_carea' id='block_1_86' title="bbox 1843 3514 3406 3595">
    <p class='ocr_par' dir='ltr' id='par_1_86' title="bbox 1843 3514 3406 3595">
     <span class='ocr_line' id='line_1_86' title="bbox 1843 3514 3406 3595; baseline 0.007 -26"><span class='ocrx_word' id='word_1_644' title='bbox 1843 3514 2075 3578; x_wconf 85' lang='lat' dir='ltr'><strong>debetis,</strong></span> <span class='ocrx_word' id='word_1_645' title='bbox 2119 3516 2417 3584; x_wconf 89' lang='lat' dir='ltr'><strong>quemlibet</strong></span> <span class='ocrx_word' id='word_1_646' title='bbox 2460 3517 2594 3572; x_wconf 91' lang='lat' dir='ltr'><strong>mibi</strong></span> <span class='ocrx_word' id='word_1_647' title='bbox 2633 3520 3089 3591; x_wconf 84' lang='lat' dir='ltr'><strong>propinquantem</strong></span> <span class='ocrx_word' id='word_1_648' title='bbox 3151 3524 3406 3595; x_wconf 85' lang='lat' dir='ltr'><strong>(propio—</strong></span> 
     </span>
    </p>
   </div>
   <div class='ocr_carea' id='block_1_87' title="bbox 1843 3608 3411 3683">
    <p class='ocr_par' dir='ltr' id='par_1_87' title="bbox 1843 3608 3411 3683">
     <span class='ocr_line' id='line_1_87' title="bbox 1843 3608 3411 3683; baseline 0.008 -24"><span class='ocrx_word' id='word_1_649' title='bbox 1843 3622 2013 3676; x_wconf 87' lang='lat' dir='ltr'><strong>quare</strong></span> <span class='ocrx_word' id='word_1_650' title='bbox 2039 3616 2219 3661; x_wconf 85' lang='lat' dir='ltr'><strong>autem</strong></span> <span class='ocrx_word' id='word_1_651' title='bbox 2245 3608 2379 3662; x_wconf 87' lang='lat' dir='ltr'><strong>mihi</strong></span> <span class='ocrx_word' id='word_1_652' title='bbox 2413 3609 2564 3664; x_wconf 89' lang='lat' dir='ltr'><strong>illum</strong></span> <span class='ocrx_word' id='word_1_653' title='bbox 2600 3610 2745 3676; x_wconf 85' lang='lat' dir='ltr'><strong>dico,</strong></span> <span class='ocrx_word' id='word_1_654' title='bbox 2772 3613 2865 3683; x_wconf 93' lang='lat' dir='ltr'><strong>qui</strong></span> <span class='ocrx_word' id='word_1_655' title='bbox 2904 3628 2992 3669; x_wconf 89' lang='lat' dir='ltr'><strong>res</strong></span> <span class='ocrx_word' id='word_1_656' title='bbox 3025 3629 3175 3671; x_wconf 86' lang='lat' dir='ltr'><strong>meas</strong></span> <span class='ocrx_word' id='word_1_657' title='bbox 3211 3617 3411 3671; x_wconf 77' lang='lat' dir='ltr'><strong>mihive</strong></span> 
     </span>
    </p>
   </div>
   <div class='ocr_carea' id='block_1_88' title="bbox 1842 3698 3407 3768">
    <p class='ocr_par' dir='ltr' id='par_1_88' title="bbox 1842 3698 3407 3768">
     <span class='ocr_line' id='line_1_88' title="bbox 1842 3698 3407 3768; baseline 0.007 -15"><span class='ocrx_word' id='word_1_658' title='bbox 1842 3698 2051 3753; x_wconf 85' lang='lat' dir='ltr'><strong>oblatas</strong></span> <span class='ocrx_word' id='word_1_659' title='bbox 2091 3698 2361 3768; x_wconf 83' lang='lat' dir='ltr'><strong>attingit),</strong></span> <span class='ocrx_word' id='word_1_660' title='bbox 2406 3702 2455 3755; x_wconf 89' lang='lat' dir='ltr'><strong>si</strong></span> <span class='ocrx_word' id='word_1_661' title='bbox 2481 3709 2685 3758; x_wconf 84' lang='lat' dir='ltr'><strong>temere</strong></span> <span class='ocrx_word' id='word_1_662' title='bbox 2713 3719 2776 3760; x_wconf 88' lang='lat' dir='ltr'><strong>ac</strong></span> <span class='ocrx_word' id='word_1_663' title='bbox 2823 3706 3123 3762; x_wconf 82' lang='lat' dir='ltr'><strong>sooorditer</strong></span> <span class='ocrx_word' id='word_1_664' title='bbox 3152 3716 3245 3763; x_wconf 87' lang='lat' dir='ltr'><strong>aut</strong></span> <span class='ocrx_word' id='word_1_665' title='bbox 3276 3724 3407 3764; x_wconf 78' lang='lat' dir='ltr'><strong>cou-</strong></span> 
     </span>
    </p>
   </div>
   <div class='ocr_carea' id='block_1_89' title="bbox 1842 3791 3407 3862">
    <p class='ocr_par' dir='ltr' id='par_1_89' title="bbox 1842 3791 3407 3862">
     <span class='ocr_line' id='line_1_89' title="bbox 1842 3791 3407 3862; baseline 0.008 -19"><span class='ocrx_word' id='word_1_666' title='bbox 1842 3791 2083 3860; x_wconf 90' lang='lat' dir='ltr'><strong>temptim</strong></span> <span class='ocrx_word' id='word_1_667' title='bbox 2111 3791 2165 3845; x_wconf 93' lang='lat' dir='ltr'><strong>id</strong></span> <span class='ocrx_word' id='word_1_668' title='bbox 2196 3800 2342 3862; x_wconf 83' lang='lat' dir='ltr'><strong>agat,</strong></span> <span class='ocrx_word' id='word_1_669' title='bbox 2371 3808 2479 3848; x_wconf 93' lang='lat' dir='ltr'><strong>non</strong></span> <span class='ocrx_word' id='word_1_670' title='bbox 2513 3794 2674 3850; x_wconf 89' lang='lat' dir='ltr'><strong>modo</strong></span> <span class='ocrx_word' id='word_1_671' title='bbox 2702 3798 2911 3852; x_wconf 90' lang='lat' dir='ltr'><strong>nullum</strong></span> <span class='ocrx_word' id='word_1_672' title='bbox 2938 3813 3006 3855; x_wconf 79' lang='lat' dir='ltr'><strong>ex</strong></span> <span class='ocrx_word' id='word_1_673' title='bbox 3032 3808 3288 3856; x_wconf 87' lang='lat' dir='ltr'><strong>contactu</strong></span> <span class='ocrx_word' id='word_1_674' title='bbox 3318 3819 3407 3856; x_wconf 87' lang='lat' dir='ltr'><strong>ca-</strong></span> 
     </span>
    </p>
   </div>
   <div class='ocr_carea' id='block_1_90' title="bbox 1842 3882 3405 3960">
    <p class='ocr_par' dir='ltr' id='par_1_90' title="bbox 1842 3882 3405 3960">
     <span class='ocr_line' id='line_1_90' title="bbox 1842 3882 3405 3960; baseline 0.009 -26"><span class='ocrx_word' id='word_1_675' title='bbox 1842 3896 1969 3949; x_wconf 88' lang='lat' dir='ltr'><strong>pere</strong></span> <span class='ocrx_word' id='word_1_676' title='bbox 1988 3882 2434 3948; x_wconf 88' lang='lat' dir='ltr'><strong>emolumentum,</strong></span> <span class='ocrx_word' id='word_1_677' title='bbox 2457 3901 2645 3941; x_wconf 85' lang='lat' dir='ltr'><strong>verum</strong></span> <span class='ocrx_word' id='word_1_678' title='bbox 2668 3889 2832 3942; x_wconf 88' lang='lat' dir='ltr'><strong>etiam</strong></span> <span class='ocrx_word' id='word_1_679' title='bbox 2863 3888 3138 3960; x_wconf 87' lang='lat' dir='ltr'><strong>inquinari</strong></span> <span class='ocrx_word' id='word_1_680' title='bbox 3166 3907 3271 3947; x_wconf 92' lang='lat' dir='ltr'><strong>non</strong></span> <span class='ocrx_word' id='word_1_681' title='bbox 3287 3894 3405 3948; x_wconf 88' lang='lat' dir='ltr'><strong>sine</strong></span> 
     </span>
    </p>
   </div>
   <div class='ocr_carea' id='block_1_91' title="bbox 1839 3972 3404 4051">
    <p class='ocr_par' dir='ltr' id='par_1_91' title="bbox 1839 3972 3404 4051">
     <span class='ocr_line' id='line_1_91' title="bbox 1839 3972 3404 4051; baseline 0.009 -27"><span class='ocrx_word' id='word_1_682' title='bbox 1839 3986 1940 4024; x_wconf 90' lang='lat' dir='ltr'><strong>sua</strong></span> <span class='ocrx_word' id='word_1_683' title='bbox 1979 3972 2139 4041; x_wconf 89' lang='lat' dir='ltr'><strong>culpa</strong></span> <span class='ocrx_word' id='word_1_684' title='bbox 2180 3987 2245 4025; x_wconf 89' lang='lat' dir='ltr'><strong>ac</strong></span> <span class='ocrx_word' id='word_1_685' title='bbox 2292 3973 2509 4041; x_wconf 89' lang='lat' dir='ltr'><strong>damno,</strong></span> <span class='ocrx_word' id='word_1_686' title='bbox 2565 3988 2848 4048; x_wconf 84' lang='lat' dir='ltr'><strong>propterea</strong></span> <span class='ocrx_word' id='word_1_687' title='bbox 2887 3981 3030 4051; x_wconf 91' lang='lat' dir='ltr'><strong>quod</strong></span> <span class='ocrx_word' id='word_1_688' title='bbox 3070 3989 3274 4037; x_wconf 88' lang='lat' dir='ltr'><strong>temere</strong></span> <span class='ocrx_word' id='word_1_689' title='bbox 3315 3998 3404 4038; x_wconf 80' lang='lat' dir='ltr'><strong>res</strong></span> 
     </span>
    </p>
   </div>
   <div class='ocr_carea' id='block_1_92' title="bbox 1840 4062 3402 4139">
    <p class='ocr_par' dir='ltr' id='par_1_92' title="bbox 1840 4062 3402 4139">
     <span class='ocr_line' id='line_1_92' title="bbox 1840 4062 3402 4139; baseline 0.011 -26"><span class='ocrx_word' id='word_1_690' title='bbox 1840 4062 1976 4116; x_wconf 84' lang='lat' dir='ltr'><strong>adeo</strong></span> <span class='ocrx_word' id='word_1_691' title='bbox 2002 4071 2221 4118; x_wconf 88' lang='lat' dir='ltr'><strong>sanctas</strong></span> <span class='ocrx_word' id='word_1_692' title='bbox 2257 4069 2696 4123; x_wconf 86' lang='lat' dir='ltr'><strong>contrectaverit.</strong></span> <span class='ocrx_word' id='word_1_693' title='bbox 2749 4087 2768 4121; x_wconf 82' lang='grc' dir='ltr'><strong>ι</strong></span> <span class='ocrx_word' id='word_1_694' title='bbox 2788 4069 3017 4139; x_wconf 87' lang='lat' dir='ltr'><strong>Propter</strong></span> <span class='ocrx_word' id='word_1_695' title='bbox 3044 4086 3267 4126; x_wconf 88' lang='lat' dir='ltr'><strong>munera</strong></span> <span class='ocrx_word' id='word_1_696' title='bbox 3303 4089 3402 4130; x_wconf 84' lang='lat' dir='ltr'><strong>sua</strong></span> 
     </span>
    </p>
   </div>
   <div class='ocr_carea' id='block_1_93' title="bbox 1841 4154 3404 4232">
    <p class='ocr_par' dir='ltr' id='par_1_93' title="bbox 1841 4154 3404 4232">
     <span class='ocr_line' id='line_1_93' title="bbox 1841 4154 3404 4232; baseline 0.011 -26"><span class='ocrx_word' id='word_1_697' title='bbox 1841 4154 2104 4209; x_wconf 86' lang='lat' dir='ltr'><strong>matutina</strong></span> <span class='ocrx_word' id='word_1_698' title='bbox 2129 4154 2440 4211; x_wconf 84' lang='lat' dir='ltr'><strong>dolebonta</strong></span> <span class='ocrx_word' id='word_1_699' title='bbox 2480 4159 2620 4214; x_wconf 84' lang='lat' dir='ltr'><strong>facie</strong></span> <span class='ocrx_word' id='word_1_700' title='bbox 2662 4161 3008 4232; x_wconf 89' lang='lat' dir='ltr'><strong>iniquitatum</strong></span> <span class='ocrx_word' id='word_1_701' title='bbox 3043 4177 3301 4219; x_wconf 84' lang='lat' dir='ltr'><strong>suarum:</strong></span> <span class='ocrx_word' id='word_1_702' title='bbox 3347 4179 3404 4223; x_wconf 88' lang='lat' dir='ltr'><strong>et</strong></span> 
     </span>
    </p>
   </div>
   <div class='ocr_carea' id='block_1_94' title="bbox 1838 4244 3398 4323">
    <p class='ocr_par' dir='ltr' id='par_1_94' title="bbox 1838 4244 3398 4323">
     <span class='ocr_line' id='line_1_94' title="bbox 1838 4244 3398 4323; baseline 0.008 -27"><span class='ocrx_word' id='word_1_703' title='bbox 1838 4244 2075 4299; x_wconf 89' lang='lat' dir='ltr'><strong>oderatis</strong></span> <span class='ocrx_word' id='word_1_704' title='bbox 2094 4256 2384 4317; x_wconf 85' lang='lat' dir='ltr'><strong>arguentes</strong></span> <span class='ocrx_word' id='word_1_705' title='bbox 2405 4249 2458 4302; x_wconf 89' lang='lat' dir='ltr'><strong>in</strong></span> <span class='ocrx_word' id='word_1_706' title='bbox 2490 4249 2686 4318; x_wconf 90' lang='lat' dir='ltr'><strong>portis.</strong></span> <span class='ocrx_word' id='word_1_707' title='bbox 2710 4268 2729 4300; x_wconf 75' lang='grc' dir='ltr'><strong>ι</strong></span> <span class='ocrx_word' id='word_1_708' title='bbox 2756 4250 2977 4305; x_wconf 79' lang='lat' dir='ltr'><strong>Munera</strong></span> <span class='ocrx_word' id='word_1_709' title='bbox 2998 4252 3131 4307; x_wconf 84' lang='lat' dir='ltr'><strong>dicit</strong></span> <span class='ocrx_word' id='word_1_710' title='bbox 3153 4269 3398 4323; x_wconf 70' lang='lat' dir='ltr'><strong>quaznon</strong></span> 
     </span>
    </p>
   </div>
   <div class='ocr_carea' id='block_1_95' title="bbox 1840 4338 3402 4414">
    <p class='ocr_par' dir='ltr' id='par_1_95' title="bbox 1840 4338 3402 4414">
     <span class='ocr_line' id='line_1_95' title="bbox 1840 4338 3402 4414; baseline 0.009 -25"><span class='ocrx_word' id='word_1_711' title='bbox 1840 4344 1983 4390; x_wconf 87' lang='lat' dir='ltr'><strong>recte</strong></span> <span class='ocrx_word' id='word_1_712' title='bbox 2015 4338 2224 4407; x_wconf 88' lang='lat' dir='ltr'><strong>agendo</strong></span> <span class='ocrx_word' id='word_1_713' title='bbox 2264 4340 2626 4409; x_wconf 85' lang='lat' dir='ltr'><strong>accipiebant.</strong></span> <span class='ocrx_word' id='word_1_714' title='bbox 2662 4339 2889 4413; x_wconf 89' lang='lat' dir='ltr'><strong>Propter</strong></span> <span class='ocrx_word' id='word_1_715' title='bbox 2935 4343 3213 4414; x_wconf 87' lang='lat' dir='ltr'><strong>improbos</strong></span> <span class='ocrx_word' id='word_1_716' title='bbox 3246 4357 3402 4405; x_wconf 77' lang='lat' dir='ltr'><strong>actus</strong></span> 
     </span>
    </p>
   </div>
   <div class='ocr_carea' id='block_1_96' title="bbox 1836 4428 3401 4503">
    <p class='ocr_par' dir='ltr' id='par_1_96' title="bbox 1836 4428 3401 4503">
     <span class='ocr_line' id='line_1_96' title="bbox 1836 4428 3401 4503; baseline 0.01 -24"><span class='ocrx_word' id='word_1_717' title='bbox 1836 4434 2067 4491; x_wconf 88' lang='lat' dir='ltr'><strong>vestros,</strong></span> <span class='ocrx_word' id='word_1_718' title='bbox 2095 4443 2235 4497; x_wconf 89' lang='lat' dir='ltr'><strong>quos</strong></span> <span class='ocrx_word' id='word_1_719' title='bbox 2264 4428 2505 4485; x_wconf 91' lang='lat' dir='ltr'><strong>diluculo</strong></span> <span class='ocrx_word' id='word_1_720' title='bbox 2533 4440 2945 4503; x_wconf 87' lang='lat' dir='ltr'><strong>consurgentes,</strong></span> <span class='ocrx_word' id='word_1_721' title='bbox 2972 4435 3283 4492; x_wconf 87' lang='lat' dir='ltr'><strong>omnimoda</strong></span> <span class='ocrx_word' id='word_1_722' title='bbox 3316 4453 3401 4493; x_wconf 85' lang='lat' dir='ltr'><strong>se-</strong></span> 
     </span>
    </p>
   </div>
   <div class='ocr_carea' id='block_1_97' title="bbox 1837 4516 3400 4596">
    <p class='ocr_par' dir='ltr' id='par_1_97' title="bbox 1837 4516 3400 4596">
     <span class='ocr_line' id='line_1_97' title="bbox 1837 4516 3400 4596; baseline 0.006 -26"><span class='ocrx_word' id='word_1_723' title='bbox 1837 4516 2063 4572; x_wconf 89' lang='lat' dir='ltr'><strong>dulitate</strong></span> <span class='ocrx_word' id='word_1_724' title='bbox 2089 4520 2446 4586; x_wconf 79' lang='lat' dir='ltr'><strong>exercebatis,</strong></span> <span class='ocrx_word' id='word_1_725' title='bbox 2466 4521 2521 4574; x_wconf 92' lang='lat' dir='ltr'><strong>in</strong></span> <span class='ocrx_word' id='word_1_726' title='bbox 2546 4521 2731 4590; x_wconf 86' lang='lat' dir='ltr'><strong>gravia</strong></span> <span class='ocrx_word' id='word_1_727' title='bbox 2770 4522 2912 4576; x_wconf 89' lang='lat' dir='ltr'><strong>mala</strong></span> <span class='ocrx_word' id='word_1_728' title='bbox 2934 4521 3226 4587; x_wconf 84' lang='lat' dir='ltr'><strong>incidistis.</strong></span> <span class='ocrx_word' id='word_1_729' title='bbox 3264 4541 3400 4596; x_wconf 73' lang='lat' dir='ltr'><strong>prae-</strong></span> 
     </span>
    </p>
   </div>
   <div class='ocr_carea' id='block_1_98' title="bbox 1836 4610 3493 4684">
    <p class='ocr_par' dir='ltr' id='par_1_98' title="bbox 1836 4610 3493 4684">
     <span class='ocr_line' id='line_1_98' title="bbox 1836 4610 3493 4684; baseline 0.004 -19"><span class='ocrx_word' id='word_1_730' title='bbox 1836 4610 2023 4665; x_wconf 88' lang='lat' dir='ltr'><strong>sertim</strong></span> <span class='ocrx_word' id='word_1_731' title='bbox 2045 4610 2171 4679; x_wconf 90' lang='lat' dir='ltr'><strong>quia</strong></span> <span class='ocrx_word' id='word_1_732' title='bbox 2189 4611 2575 4680; x_wconf 88' lang='lat' dir='ltr'><strong>prophetarum</strong></span> <span class='ocrx_word' id='word_1_733' title='bbox 2601 4612 3077 4681; x_wconf 84' lang='lat' dir='ltr'><strong>reprehensionem</strong></span> <span class='ocrx_word' id='word_1_734' title='bbox 3104 4629 3261 4684; x_wconf 63' lang='lat' dir='ltr'><strong>aequo</strong></span> <span class='ocrx_word' id='word_1_735' title='bbox 3283 4619 3401 4671; x_wconf 78' lang='lat' dir='ltr'><strong>ani-</strong></span> <span class='ocrx_word' id='word_1_736' title='bbox 3487 4665 3493 4671; x_wconf 78' lang='grc'><strong>.</strong></span> 
     </span>
    </p>
   </div>
   <div class='ocr_carea' id='block_1_99' title="bbox 1834 4700 3399 4775">
    <p class='ocr_par' dir='ltr' id='par_1_99' title="bbox 1834 4700 3399 4775">
     <span class='ocr_line' id='line_1_99' title="bbox 1834 4700 3399 4775; baseline 0.004 -21"><span class='ocrx_word' id='word_1_737' title='bbox 1834 4715 1924 4755; x_wconf 88' lang='lat' dir='ltr'><strong>mo</strong></span> <span class='ocrx_word' id='word_1_738' title='bbox 1962 4715 2072 4754; x_wconf 88' lang='lat' dir='ltr'><strong>non</strong></span> <span class='ocrx_word' id='word_1_739' title='bbox 2094 4700 2300 4755; x_wconf 86' lang='lat' dir='ltr'><strong>tulistis</strong></span> <span class='ocrx_word' id='word_1_740' title='bbox 2324 4719 2339 4767; x_wconf 89' lang='lat'>;</span> <span class='ocrx_word' id='word_1_741' title='bbox 2367 4701 2682 4771; x_wconf 88' lang='lat' dir='ltr'><strong>indignatus</strong></span> <span class='ocrx_word' id='word_1_742' title='bbox 2717 4702 2802 4758; x_wconf 86' lang='lat' dir='ltr'><strong>bis</strong></span> <span class='ocrx_word' id='word_1_743' title='bbox 2829 4702 2957 4757; x_wconf 89' lang='lat' dir='ltr'><strong>dum</strong></span> <span class='ocrx_word' id='word_1_744' title='bbox 2987 4704 3041 4758; x_wconf 90' lang='lat' dir='ltr'><strong>in</strong></span> <span class='ocrx_word' id='word_1_745' title='bbox 3070 4708 3241 4775; x_wconf 88' lang='lat' dir='ltr'><strong>portis</strong></span> <span class='ocrx_word' id='word_1_746' title='bbox 3270 4721 3399 4760; x_wconf 90' lang='lat' dir='ltr'><strong>cou-</strong></span> 
     </span>
    </p>
   </div>
   <div class='ocr_carea' id='block_1_100' title="bbox 1833 4793 3398 4866">
    <p class='ocr_par' dir='ltr' id='par_1_100' title="bbox 1833 4793 3398 4866">
     <span class='ocr_line' id='line_1_100' title="bbox 1833 4793 3398 4866; baseline 0.003 -19"><span class='ocrx_word' id='word_1_747' title='bbox 1833 4793 2111 4853; x_wconf 89' lang='lat' dir='ltr'><strong>sisterent.</strong></span> <span class='ocrx_word' id='word_1_748' title='bbox 2143 4802 2202 4846; x_wconf 91' lang='lat' dir='ltr'><strong>ut</strong></span> <span class='ocrx_word' id='word_1_749' title='bbox 2248 4808 2590 4848; x_wconf 88' lang='lat' dir='ltr'><strong>communem</strong></span> <span class='ocrx_word' id='word_1_750' title='bbox 2626 4796 2839 4851; x_wconf 90' lang='lat' dir='ltr'><strong>eunetis</strong></span> <span class='ocrx_word' id='word_1_751' title='bbox 2872 4795 3299 4866; x_wconf 88' lang='lat' dir='ltr'><strong>ingredientibus</strong></span> <span class='ocrx_word' id='word_1_752' title='bbox 3344 4810 3398 4852; x_wconf 91' lang='lat' dir='ltr'><strong>et</strong></span> 
     </span>
    </p>
   </div>
   <div class='ocr_carea' id='block_1_101' title="bbox 1833 4878 3324 4947">
    <p class='ocr_par' dir='ltr' id='par_1_101' title="bbox 1833 4878 3324 4947">
     <span class='ocr_line' id='line_1_101' title="bbox 1833 4878 3324 4947; baseline 0.003 -6"><span class='ocrx_word' id='word_1_753' title='bbox 1833 4878 2163 4942; x_wconf 77' lang='lat' dir='ltr'><strong>exeuntibus</strong></span> <span class='ocrx_word' id='word_1_754' title='bbox 2199 4887 2361 4943; x_wconf 90' lang='lat' dir='ltr'><strong>dictis</strong></span> <span class='ocrx_word' id='word_1_755' title='bbox 2394 4890 2511 4944; x_wconf 86' lang='lat' dir='ltr'><strong>suis</strong></span> <span class='ocrx_word' id='word_1_756' title='bbox 2542 4890 2835 4945; x_wconf 86' lang='lat' dir='ltr'><strong>suaderent</strong></span> <span class='ocrx_word' id='word_1_757' title='bbox 2871 4892 3324 4947; x_wconf 79' lang='lat' dir='ltr'><strong>emendationem.</strong></span> 
     </span>
    </p>
   </div>
   <div class='ocr_carea' id='block_1_102' title="bbox 145 4978 3397 5056">
    <p class='ocr_par' dir='ltr' id='par_1_102' title="bbox 145 4978 3397 5056">
     <span class='ocr_line' id='line_1_102' title="bbox 145 4978 3397 5056; baseline 0.001 -20"><span class='ocrx_word' id='word_1_758' title='bbox 145 4988 208 5055; x_wconf 75' lang='grc' dir='ltr'>τῇ</span> <span class='ocrx_word' id='word_1_759' title='bbox 232 4984 513 5055; x_wconf 77' lang='grc' dir='ltr'>βαρύτητι</span> <span class='ocrx_word' id='word_1_760' title='bbox 535 4980 641 5033; x_wconf 91' lang='grc' dir='ltr'><strong>τῶν</strong></span> <span class='ocrx_word' id='word_1_761' title='bbox 668 4980 1107 5050; x_wconf 86' lang='grc' dir='ltr'>προσγεγονότων</span> <span class='ocrx_word' id='word_1_762' title='bbox 1127 4979 1253 5049; x_wconf 81' lang='grc' dir='ltr'><strong>ὑμῖν</strong></span> <span class='ocrx_word' id='word_1_763' title='bbox 1282 4981 1739 5050; x_wconf 73' lang='grc' dir='ltr'>περιπεπτιῐικατε</span> <span class='ocrx_word' id='word_1_764' title='bbox 1766 4978 1968 5040; x_wconf 84' lang='grc' dir='ltr'>κακῶν,</span> <span class='ocrx_word' id='word_1_765' title='bbox 1991 4980 2084 5031; x_wconf 75' lang='grc' dir='ltr'><strong>καὶ</strong></span> <span class='ocrx_word' id='word_1_766' title='bbox 2110 4978 2288 5048; x_wconf 86' lang='grc' dir='ltr'>πολλῷ</span> <span class='ocrx_word' id='word_1_767' title='bbox 2309 4997 2371 5048; x_wconf 92' lang='grc' dir='ltr'><strong>γε</strong></span> <span class='ocrx_word' id='word_1_768' title='bbox 2402 4980 2563 5033; x_wconf 81' lang='grc' dir='ltr'>πλέον</span> <span class='ocrx_word' id='word_1_769' title='bbox 2601 4981 2788 5051; x_wconf 80' lang='grc' dir='ltr'>ἐπειδὴ</span> <span class='ocrx_word' id='word_1_770' title='bbox 2812 4981 2903 5034; x_wconf 81' lang='grc' dir='ltr'>τὸν</span> <span class='ocrx_word' id='word_1_771' title='bbox 2945 4984 3114 5056; x_wconf 74' lang='grc' dir='ltr'>παράο</span> <span class='ocrx_word' id='word_1_772' title='bbox 3142 4984 3248 5038; x_wconf 90' lang='grc' dir='ltr'><strong>τῶν</strong></span> <span class='ocrx_word' id='word_1_773' title='bbox 3273 5002 3397 5055; x_wconf 81' lang='grc' dir='ltr'>προ-</span> 
     </span>
    </p>
   </div>
   <div class='ocr_carea' id='block_1_103' title="bbox 146 5070 3395 5146">
    <p class='ocr_par' dir='ltr' id='par_1_103' title="bbox 146 5070 3395 5146">
     <span class='ocr_line' id='line_1_103' title="bbox 146 5070 3395 5146; baseline -0.003 -17"><span class='ocrx_word' id='word_1_774' title='bbox 146 5077 335 5146; x_wconf 71' lang='grc' dir='ltr'>φητῶν</span> <span class='ocrx_word' id='word_1_775' title='bbox 362 5074 591 5143; x_wconf 72' lang='grc' dir='ltr'>ἔλεγχον</span> <span class='ocrx_word' id='word_1_776' title='bbox 613 5072 712 5123; x_wconf 84' lang='grc' dir='ltr'>οὐκ</span> <span class='ocrx_word' id='word_1_777' title='bbox 738 5070 981 5142; x_wconf 82' lang='grc' dir='ltr'>ἐδέχεσθε</span> <span class='ocrx_word' id='word_1_778' title='bbox 1000 5089 1016 5103; x_wconf 85' lang='grc'><strong>·</strong></span> <span class='ocrx_word' id='word_1_779' title='bbox 1044 5071 1121 5142; x_wconf 91' lang='lat' dir='ltr'><strong>(p.</strong></span> <span class='ocrx_word' id='word_1_780' title='bbox 1156 5072 1282 5141; x_wconf 71' lang='grc'><strong>427)</strong></span> <span class='ocrx_word' id='word_1_781' title='bbox 1314 5073 1717 5143; x_wconf 76' lang='grc' dir='ltr'>ἐδυσχεραίνετε</span> <span class='ocrx_word' id='word_1_782' title='bbox 1754 5074 1813 5126; x_wconf 87' lang='grc' dir='ltr'><strong>δὲ</strong></span> <span class='ocrx_word' id='word_1_783' title='bbox 1856 5073 1991 5144; x_wconf 81' lang='grc' dir='ltr'>πρὸς</span> <span class='ocrx_word' id='word_1_784' title='bbox 2039 5072 2235 5135; x_wconf 79' lang='grc' dir='ltr'>αὐτοὺς</span> <span class='ocrx_word' id='word_1_785' title='bbox 2259 5075 2350 5126; x_wconf 81' lang='grc' dir='ltr'>ἐπὶ</span> <span class='ocrx_word' id='word_1_786' title='bbox 2403 5078 2519 5133; x_wconf 82' lang='grc' dir='ltr'>ταῖς</span> <span class='ocrx_word' id='word_1_787' title='bbox 2555 5075 2747 5140; x_wconf 89' lang='grc' dir='ltr'>πύλαις</span> <span class='ocrx_word' id='word_1_788' title='bbox 2781 5075 3041 5139; x_wconf 78' lang='grc' dir='ltr'>ἑστῶτας,</span> <span class='ocrx_word' id='word_1_789' title='bbox 3070 5077 3146 5140; x_wconf 83' lang='grc' dir='ltr'><strong>ὡς</strong></span> <span class='ocrx_word' id='word_1_790' title='bbox 3184 5078 3251 5131; x_wconf 80' lang='grc' dir='ltr'>ἂν</span> <span class='ocrx_word' id='word_1_791' title='bbox 3282 5096 3395 5132; x_wconf 87' lang='grc' dir='ltr'>κοι.</span> 
     </span>
    </p>
   </div>
   <div class='ocr_carea' id='block_1_104' title="bbox 143 5166 2801 5243">
    <p class='ocr_par' dir='ltr' id='par_1_104' title="bbox 143 5166 2801 5243">
     <span class='ocr_line' id='line_1_104' title="bbox 143 5166 2801 5243; baseline -0 -19"><span class='ocrx_word' id='word_1_792' title='bbox 143 5176 239 5243; x_wconf 79' lang='grc' dir='ltr'>νὴν</span> <span class='ocrx_word' id='word_1_793' title='bbox 273 5172 459 5227; x_wconf 69' lang='grc' dir='ltr'>ἅπασι</span> <span class='ocrx_word' id='word_1_794' title='bbox 483 5170 592 5231; x_wconf 66' lang='lat' dir='ltr'><strong>sai;</strong></span> <span class='ocrx_word' id='word_1_795' title='bbox 621 5166 846 5220; x_wconf 82' lang='grc' dir='ltr'>είσιοῠσί</span> <span class='ocrx_word' id='word_1_796' title='bbox 877 5184 935 5220; x_wconf 87' lang='grc' dir='ltr'><strong>τε</strong></span> <span class='ocrx_word' id='word_1_797' title='bbox 966 5169 1063 5220; x_wconf 75' lang='grc' dir='ltr'>καὶ</span> <span class='ocrx_word' id='word_1_798' title='bbox 1087 5166 1287 5232; x_wconf 75' lang='grc' dir='ltr'>ἐξιοῦσι</span> <span class='ocrx_word' id='word_1_799' title='bbox 1318 5168 1417 5238; x_wconf 80' lang='grc' dir='ltr'>τὴν</span> <span class='ocrx_word' id='word_1_800' title='bbox 1450 5169 1559 5221; x_wconf 80' lang='grc' dir='ltr'><strong>ἀπὸ</strong></span> <span class='ocrx_word' id='word_1_801' title='bbox 1586 5169 1693 5222; x_wconf 89' lang='grc' dir='ltr'><strong>τῶν</strong></span> <span class='ocrx_word' id='word_1_802' title='bbox 1732 5168 2038 5237; x_wconf 78' lang='grc' dir='ltr'>λεγομένων</span> <span class='ocrx_word' id='word_1_803' title='bbox 2080 5170 2405 5239; x_wconf 85' lang='grc' dir='ltr'>προσάγοιεν</span> <span class='ocrx_word' id='word_1_804' title='bbox 2443 5170 2801 5241; x_wconf 85' lang='grc' dir='ltr'>ἐνδιόρθωσιν.</span> 
     </span>
    </p>
   </div>
   <div class='ocr_carea' id='block_1_105' title="bbox 209 5256 1729 5331">
    <p class='ocr_par' dir='ltr' id='par_1_105' title="bbox 209 5256 1729 5331">
     <span class='ocr_line' id='line_1_105' title="bbox 209 5256 1729 5331; baseline -0.003 -16"><span class='ocrx_word' id='word_1_805' title='bbox 209 5264 367 5331; x_wconf 80' lang='grc' dir='ltr'>Στίχ.</span> <span class='ocrx_word' id='word_1_806' title='bbox 408 5265 582 5322; x_wconf 76' lang='grc' dir='ltr'>ιςὀκ’.</span> <span class='ocrx_word' id='word_1_807' title='bbox 615 5286 688 5296; x_wconf 91' lang='lat'><strong>——</strong></span> <span class='ocrx_word' id='word_1_808' title='bbox 721 5274 741 5308; x_wconf 73' lang='grc' dir='ltr'><strong>ι</strong></span> <span class='ocrx_word' id='word_1_809' title='bbox 779 5258 887 5309; x_wconf 74' lang='grc' dir='ltr'>Καὶ</span> <span class='ocrx_word' id='word_1_810' title='bbox 937 5256 1032 5310; x_wconf 76' lang='grc' dir='ltr'>νῦν</span> <span class='ocrx_word' id='word_1_811' title='bbox 1062 5257 1217 5310; x_wconf 78' lang='grc' dir='ltr'>θέσθε</span> <span class='ocrx_word' id='word_1_812' title='bbox 1244 5258 1308 5329; x_wconf 84' lang='grc' dir='ltr'><strong>δὴ</strong></span> <span class='ocrx_word' id='word_1_813' title='bbox 1345 5260 1438 5311; x_wconf 74' lang='grc' dir='ltr'><strong>ἐπὶ</strong></span> <span class='ocrx_word' id='word_1_814' title='bbox 1462 5260 1562 5321; x_wconf 72' lang='grc' dir='ltr'><strong>τὰς</strong></span> <span class='ocrx_word' id='word_1_815' title='bbox 1592 5276 1729 5329; x_wconf 87' lang='grc' dir='ltr'>καρ-</span> 
     </span>
    </p>
   </div>
   <div class='ocr_carea' id='block_1_106' title="bbox 140 5348 1728 5423">
    <p class='ocr_par' dir='ltr' id='par_1_106' title="bbox 140 5348 1728 5423">
     <span class='ocr_line' id='line_1_106' title="bbox 140 5348 1728 5423; baseline -0.003 -16"><span class='ocrx_word' id='word_1_816' title='bbox 140 5357 255 5416; x_wconf 81' lang='grc' dir='ltr'>δίας</span> <span class='ocrx_word' id='word_1_817' title='bbox 310 5350 478 5423; x_wconf 82' lang='grc' dir='ltr'>ὑμῶν</span> <span class='ocrx_word' id='word_1_818' title='bbox 528 5348 637 5402; x_wconf 85' lang='grc' dir='ltr'>ἀπὸ</span> <span class='ocrx_word' id='word_1_819' title='bbox 676 5348 772 5418; x_wconf 82' lang='grc' dir='ltr'>τῆς</span> <span class='ocrx_word' id='word_1_820' title='bbox 808 5348 1019 5419; x_wconf 79' lang='grc' dir='ltr'>ἡμέρας</span> <span class='ocrx_word' id='word_1_821' title='bbox 1066 5349 1269 5415; x_wconf 79' lang='grc' dir='ltr'>ταύτης</span> <span class='ocrx_word' id='word_1_822' title='bbox 1328 5351 1421 5402; x_wconf 79' lang='grc' dir='ltr'>καὶ</span> <span class='ocrx_word' id='word_1_823' title='bbox 1472 5350 1728 5419; x_wconf 79' lang='grc' dir='ltr'>ὑπεράνω</span> 
     </span>
    </p>
   </div>
   <div class='ocr_carea' id='block_1_107' title="bbox 142 5439 1723 5513">
    <p class='ocr_par' dir='ltr' id='par_1_107' title="bbox 142 5439 1723 5513">
     <span class='ocr_line' id='line_1_107' title="bbox 142 5439 1723 5513; baseline -0.002 -18"><span class='ocrx_word' id='word_1_824' title='bbox 142 5446 244 5513; x_wconf 77' lang='grc' dir='ltr'>πρὸ</span> <span class='ocrx_word' id='word_1_825' title='bbox 293 5442 401 5495; x_wconf 74' lang='grc' dir='ltr'>τοῦ</span> <span class='ocrx_word' id='word_1_826' title='bbox 440 5442 611 5493; x_wconf 87' lang='grc' dir='ltr'>θεῖναι</span> <span class='ocrx_word' id='word_1_827' title='bbox 653 5439 796 5491; x_wconf 86' lang='grc' dir='ltr'>λίθον</span> <span class='ocrx_word' id='word_1_828' title='bbox 844 5440 935 5491; x_wconf 79' lang='grc' dir='ltr'><strong>ἐπὶ</strong></span> <span class='ocrx_word' id='word_1_829' title='bbox 962 5439 1107 5493; x_wconf 84' lang='grc' dir='ltr'>λίθον</span> <span class='ocrx_word' id='word_1_830' title='bbox 1135 5441 1195 5494; x_wconf 79' lang='grc' dir='ltr'><strong>ἐν</strong></span> <span class='ocrx_word' id='word_1_831' title='bbox 1223 5439 1301 5509; x_wconf 80' lang='grc' dir='ltr'>τῷ</span> <span class='ocrx_word' id='word_1_832' title='bbox 1339 5440 1450 5509; x_wconf 81' lang='grc' dir='ltr'>ναῷ</span> <span class='ocrx_word' id='word_1_833' title='bbox 1476 5440 1682 5510; x_wconf 81' lang='grc' dir='ltr'>Κυρίου</span> <span class='ocrx_word' id='word_1_834' title='bbox 1708 5455 1723 5468; x_wconf 77' lang='grc'><strong><em>⁸</em></strong></span> 
     </span>
    </p>
   </div>
   <div class='ocr_carea' id='block_1_108' title="bbox 139 5529 1722 5603">
    <p class='ocr_par' dir='ltr' id='par_1_108' title="bbox 139 5529 1722 5603">
     <span class='ocr_line' id='line_1_108' title="bbox 139 5529 1722 5603; baseline -0.001 -17"><span class='ocrx_word' id='word_1_835' title='bbox 139 5538 278 5597; x_wconf 78' lang='grc' dir='ltr'>τίνες</span> <span class='ocrx_word' id='word_1_836' title='bbox 330 5529 439 5603; x_wconf 81' lang='grc' dir='ltr'>ἦτε</span> <span class='ocrx_word' id='word_1_837' title='bbox 470 5533 561 5585; x_wconf 84' lang='grc' dir='ltr'>ὅτε</span> <span class='ocrx_word' id='word_1_838' title='bbox 604 5530 916 5583; x_wconf 75' lang='grc' dir='ltr'>ἐνεϐάλλετε</span> <span class='ocrx_word' id='word_1_839' title='bbox 957 5532 1036 5593; x_wconf 82' lang='grc' dir='ltr'><strong>είς</strong></span> <span class='ocrx_word' id='word_1_840' title='bbox 1081 5531 1317 5601; x_wconf 80' lang='grc' dir='ltr'>κυψέλην</span> <span class='ocrx_word' id='word_1_841' title='bbox 1345 5531 1518 5584; x_wconf 75' lang='grc' dir='ltr'>εἴκοσι</span> <span class='ocrx_word' id='word_1_842' title='bbox 1552 5531 1688 5584; x_wconf 88' lang='grc' dir='ltr'>σάτα</span> <span class='ocrx_word' id='word_1_843' title='bbox 1709 5573 1722 5595; x_wconf 89' lang='grc'><strong>,</strong></span> 
     </span>
    </p>
   </div>
   <div class='ocr_carea' id='block_1_109' title="bbox 134 5621 1723 5691">
    <p class='ocr_par' dir='ltr' id='par_1_109' title="bbox 134 5621 1723 5691">
     <span class='ocr_line' id='line_1_109' title="bbox 134 5621 1723 5691; baseline 0 -17"><span class='ocrx_word' id='word_1_844' title='bbox 134 5627 225 5675; x_wconf 76' lang='grc' dir='ltr'>καὶ</span> <span class='ocrx_word' id='word_1_845' title='bbox 253 5624 478 5691; x_wconf 81' lang='grc' dir='ltr'>ἐγίνετο</span> <span class='ocrx_word' id='word_1_846' title='bbox 517 5621 649 5674; x_wconf 76' lang='grc' dir='ltr'>δέκα</span> <span class='ocrx_word' id='word_1_847' title='bbox 686 5622 821 5675; x_wconf 78' lang='grc' dir='ltr'>σάτα</span> <span class='ocrx_word' id='word_1_848' title='bbox 850 5621 1075 5691; x_wconf 75' lang='grc' dir='ltr'>κριθῆςο</span> <span class='ocrx_word' id='word_1_849' title='bbox 1112 5623 1205 5675; x_wconf 78' lang='grc' dir='ltr'>καὶ</span> <span class='ocrx_word' id='word_1_850' title='bbox 1237 5623 1612 5691; x_wconf 79' lang='grc' dir='ltr'>εἰσεπορεύετο</span> <span class='ocrx_word' id='word_1_851' title='bbox 1644 5624 1723 5685; x_wconf 85' lang='grc' dir='ltr'><strong>είς</strong></span> 
     </span>
    </p>
   </div>
   <div class='ocr_carea' id='block_1_110' title="bbox 1895 5258 3394 5331">
    <p class='ocr_par' dir='ltr' id='par_1_110' title="bbox 1895 5258 3394 5331">
     <span class='ocr_line' id='line_1_110' title="bbox 1895 5258 3394 5331; baseline 0.003 -20"><span class='ocrx_word' id='word_1_852' title='bbox 1895 5258 2061 5315; x_wconf 75' lang='lat' dir='ltr'><strong>Vens.</strong></span> <span class='ocrx_word' id='word_1_853' title='bbox 2096 5259 2281 5314; x_wconf 77' lang='lat' dir='ltr'><strong>l6—20.</strong></span> <span class='ocrx_word' id='word_1_854' title='bbox 2344 5291 2413 5300; x_wconf 91' lang='lat'><strong>—-</strong></span> <span class='ocrx_word' id='word_1_855' title='bbox 2449 5279 2469 5311; x_wconf 76' lang='grc' dir='ltr'>ι</span> <span class='ocrx_word' id='word_1_856' title='bbox 2528 5260 2594 5314; x_wconf 88' lang='lat' dir='ltr'><strong>Et</strong></span> <span class='ocrx_word' id='word_1_857' title='bbox 2632 5276 2777 5315; x_wconf 91' lang='lat' dir='ltr'><strong>nunc</strong></span> <span class='ocrx_word' id='word_1_858' title='bbox 2809 5262 2991 5331; x_wconf 87' lang='lat' dir='ltr'><strong>ponite</strong></span> <span class='ocrx_word' id='word_1_859' title='bbox 3043 5261 3100 5314; x_wconf 88' lang='lat' dir='ltr'><strong>in</strong></span> <span class='ocrx_word' id='word_1_860' title='bbox 3138 5262 3394 5316; x_wconf 60' lang='lat' dir='ltr'><strong>cordibus</strong></span> 
     </span>
    </p>
   </div>
   <div class='ocr_carea' id='block_1_111' title="bbox 1822 5351 3393 5422">
    <p class='ocr_par' dir='ltr' id='par_1_111' title="bbox 1822 5351 3393 5422">
     <span class='ocr_line' id='line_1_111' title="bbox 1822 5351 3393 5422; baseline 0.002 -18"><span class='ocrx_word' id='word_1_861' title='bbox 1822 5352 2018 5406; x_wconf 81' lang='lat' dir='ltr'><strong>vestris</strong></span> <span class='ocrx_word' id='word_1_862' title='bbox 2037 5367 2067 5404; x_wconf 78' lang='grc' dir='ltr'><strong>ιι</strong></span> <span class='ocrx_word' id='word_1_863' title='bbox 2092 5351 2180 5405; x_wconf 86' lang='lat' dir='ltr'><strong>die</strong></span> <span class='ocrx_word' id='word_1_864' title='bbox 2200 5353 2302 5407; x_wconf 84' lang='lat' dir='ltr'><strong>bac</strong></span> <span class='ocrx_word' id='word_1_865' title='bbox 2318 5362 2371 5409; x_wconf 89' lang='lat' dir='ltr'><strong>et</strong></span> <span class='ocrx_word' id='word_1_866' title='bbox 2392 5368 2577 5422; x_wconf 85' lang='lat' dir='ltr'><strong>supra,</strong></span> <span class='ocrx_word' id='word_1_867' title='bbox 2606 5362 2895 5421; x_wconf 87' lang='lat' dir='ltr'><strong>antequam</strong></span> <span class='ocrx_word' id='word_1_868' title='bbox 2932 5360 3226 5422; x_wconf 87' lang='lat' dir='ltr'><strong>poneretur</strong></span> <span class='ocrx_word' id='word_1_869' title='bbox 3258 5353 3393 5422; x_wconf 75' lang='lat' dir='ltr'><strong>lupis</strong></span> 
     </span>
    </p>
   </div>
   <div class='ocr_carea' id='block_1_112' title="bbox 1824 5444 3390 5514">
    <p class='ocr_par' dir='ltr' id='par_1_112' title="bbox 1824 5444 3390 5514">
     <span class='ocr_line' id='line_1_112' title="bbox 1824 5444 3390 5514; baseline 0.003 -18"><span class='ocrx_word' id='word_1_870' title='bbox 1824 5458 1989 5511; x_wconf 88' lang='lat' dir='ltr'><strong>super</strong></span> <span class='ocrx_word' id='word_1_871' title='bbox 2028 5444 2260 5514; x_wconf 87' lang='lat' dir='ltr'><strong>lapidem</strong></span> <span class='ocrx_word' id='word_1_872' title='bbox 2307 5446 2359 5497; x_wconf 93' lang='lat' dir='ltr'><strong>in</strong></span> <span class='ocrx_word' id='word_1_873' title='bbox 2392 5446 2594 5513; x_wconf 86' lang='lat' dir='ltr'><strong>templo</strong></span> <span class='ocrx_word' id='word_1_874' title='bbox 2633 5444 2879 5499; x_wconf 89' lang='lat' dir='ltr'><strong>Domini:</strong></span> <span class='ocrx_word' id='word_1_875' title='bbox 2913 5445 3130 5512; x_wconf 90' lang='lat' dir='ltr'><strong>quinam</strong></span> <span class='ocrx_word' id='word_1_876' title='bbox 3162 5446 3390 5509; x_wconf 79' lang='lat' dir='ltr'><strong>fueritis,</strong></span> 
     </span>
    </p>
   </div>
   <div class='ocr_carea' id='block_1_113' title="bbox 1822 5533 3392 5605">
    <p class='ocr_par' dir='ltr' id='par_1_113' title="bbox 1822 5533 3392 5605">
     <span class='ocr_line' id='line_1_113' title="bbox 1822 5533 3392 5605; baseline 0.001 -20"><span class='ocrx_word' id='word_1_877' title='bbox 1822 5533 2041 5602; x_wconf 87' lang='lat' dir='ltr'><strong>quando</strong></span> <span class='ocrx_word' id='word_1_878' title='bbox 2066 5535 2362 5589; x_wconf 88' lang='lat' dir='ltr'><strong>mittebatis</strong></span> <span class='ocrx_word' id='word_1_879' title='bbox 2392 5534 2446 5588; x_wconf 91' lang='lat' dir='ltr'><strong>in</strong></span> <span class='ocrx_word' id='word_1_880' title='bbox 2477 5537 2731 5605; x_wconf 81' lang='lat' dir='ltr'><strong>cypselen</strong></span> <span class='ocrx_word' id='word_1_881' title='bbox 2750 5535 2937 5604; x_wconf 83' lang='lat' dir='ltr'><strong>viginti</strong></span> <span class='ocrx_word' id='word_1_882' title='bbox 2963 5541 3104 5592; x_wconf 89' lang='lat' dir='ltr'><strong>sata.</strong></span> <span class='ocrx_word' id='word_1_883' title='bbox 3124 5541 3175 5587; x_wconf 91' lang='lat' dir='ltr'><strong>et</strong></span> <span class='ocrx_word' id='word_1_884' title='bbox 3197 5533 3392 5588; x_wconf 83' lang='lat' dir='ltr'><strong>ﬁebant</strong></span> 
     </span>
    </p>
   </div>
   <div class='ocr_carea' id='block_1_114' title="bbox 1827 5624 3393 5698">
    <p class='ocr_par' dir='ltr' id='par_1_114' title="bbox 1827 5624 3393 5698">
     <span class='ocr_line' id='line_1_114' title="bbox 1827 5624 3393 5698; baseline -0.001 -19"><span class='ocrx_word' id='word_1_885' title='bbox 1827 5625 2013 5679; x_wconf 88' lang='lat' dir='ltr'><strong>decem</strong></span> <span class='ocrx_word' id='word_1_886' title='bbox 2047 5634 2165 5679; x_wconf 88' lang='lat' dir='ltr'><strong>sata</strong></span> <span class='ocrx_word' id='word_1_887' title='bbox 2195 5627 2383 5680; x_wconf 88' lang='lat' dir='ltr'><strong>hordei</strong></span> <span class='ocrx_word' id='word_1_888' title='bbox 2420 5645 2432 5679; x_wconf 94' lang='lat'>:</span> <span class='ocrx_word' id='word_1_889' title='bbox 2467 5635 2522 5681; x_wconf 86' lang='lat' dir='ltr'><strong>et</strong></span> <span class='ocrx_word' id='word_1_890' title='bbox 2560 5625 3015 5698; x_wconf 86' lang='lat' dir='ltr'><strong>ingrediebamini</strong></span> <span class='ocrx_word' id='word_1_891' title='bbox 3050 5624 3292 5679; x_wconf 83' lang='lat' dir='ltr'><strong>torcular</strong></span> <span class='ocrx_word' id='word_1_892' title='bbox 3332 5634 3393 5677; x_wconf 86' lang='lat' dir='ltr'><strong>ut</strong></span> 
     </span>
    </p>
   </div>
   <div class='ocr_carea' id='block_1_115' title="bbox 133 5711 1745 5786">
    <p class='ocr_par' dir='ltr' id='par_1_115' title="bbox 133 5711 1721 5785">
     <span class='ocr_line' id='line_1_115' title="bbox 133 5711 1721 5785; baseline -0.001 -17"><span class='ocrx_word' id='word_1_893' title='bbox 133 5717 191 5768; x_wconf 76' lang='grc' dir='ltr'>τὸ</span> <span class='ocrx_word' id='word_1_894' title='bbox 235 5715 537 5782; x_wconf 74' lang='grc' dir='ltr'>ὑπολήνιον</span> <span class='ocrx_word' id='word_1_895' title='bbox 576 5711 894 5782; x_wconf 71' lang='grc' dir='ltr'>ἐξαντλῆσαι</span> <span class='ocrx_word' id='word_1_896' title='bbox 938 5716 1269 5783; x_wconf 79' lang='grc' dir='ltr'>πεντήκοντα</span> <span class='ocrx_word' id='word_1_897' title='bbox 1312 5714 1581 5785; x_wconf 78' lang='grc' dir='ltr'>μετρητὰς</span> <span class='ocrx_word' id='word_1_898' title='bbox 1629 5716 1721 5767; x_wconf 77' lang='grc' dir='ltr'>καὶ</span> 
     </span>
    </p>
   </div>
   <div class='ocr_carea' id='block_1_116' title="bbox 1850 5711 3387 5786">
    <p class='ocr_par' dir='ltr' id='par_1_116' title="bbox 1850 5715 3387 5786">
     <span class='ocr_line' id='line_1_116' title="bbox 1850 5715 3387 5786; baseline 0 -18"><span class='ocrx_word' id='word_1_899' title='bbox 1850 5715 2117 5771; x_wconf 77' lang='lat' dir='ltr'><strong>lauriretis</strong></span> <span class='ocrx_word' id='word_1_900' title='bbox 2136 5716 2530 5786; x_wconf 88' lang='lat' dir='ltr'><strong>quinquaginta</strong></span> <span class='ocrx_word' id='word_1_901' title='bbox 2561 5719 2933 5785; x_wconf 86' lang='lat' dir='ltr'><strong>amphoras,et</strong></span> <span class='ocrx_word' id='word_1_902' title='bbox 2953 5715 3152 5768; x_wconf 88' lang='lat' dir='ltr'><strong>tiebant</strong></span> <span class='ocrx_word' id='word_1_903' title='bbox 3181 5715 3387 5784; x_wconf 77' lang='lat' dir='ltr'><strong>viginti.</strong></span> 
     </span>
    </p>
   </div>
   <div class='ocr_carea' id='block_1_117' title="bbox 134 5804 1745 5877">
    <p class='ocr_par' dir='ltr' id='par_1_117' title="bbox 134 5804 1717 5876">
     <span class='ocr_line' id='line_1_117' title="bbox 134 5804 1717 5876; baseline -0.002 -16"><span class='ocrx_word' id='word_1_904' title='bbox 134 5807 387 5876; x_wconf 72' lang='grc' dir='ltr'>ἐγίνοντο</span> <span class='ocrx_word' id='word_1_905' title='bbox 425 5806 628 5858; x_wconf 75' lang='grc' dir='ltr'>εἴκοσιν</span> <span class='ocrx_word' id='word_1_906' title='bbox 715 5804 955 5871; x_wconf 73' lang='grc' dir='ltr'>ἐπάταξα</span> <span class='ocrx_word' id='word_1_907' title='bbox 985 5805 1127 5869; x_wconf 80' lang='grc' dir='ltr'>ὑμᾶς</span> <span class='ocrx_word' id='word_1_908' title='bbox 1176 5808 1234 5857; x_wconf 79' lang='grc' dir='ltr'><strong>ἐν</strong></span> <span class='ocrx_word' id='word_1_909' title='bbox 1274 5806 1473 5876; x_wconf 61' lang='grc' dir='ltr'>ἀφορίᾳ</span> <span class='ocrx_word' id='word_1_910' title='bbox 1521 5806 1613 5857; x_wconf 69' lang='grc' dir='ltr'><strong>καὶ</strong></span> <span class='ocrx_word' id='word_1_911' title='bbox 1659 5808 1717 5857; x_wconf 85' lang='grc' dir='ltr'><strong>ἐν</strong></span> 
     </span>
    </p>
   </div>
   <div class='ocr_carea' id='block_1_118' title="bbox 1850 5804 3390 5877">
    <p class='ocr_par' dir='ltr' id='par_1_118' title="bbox 1850 5805 3390 5877">
     <span class='ocr_line' id='line_1_118' title="bbox 1850 5805 3390 5877; baseline 0.001 -17"><span class='ocrx_word' id='word_1_912' title='bbox 1850 5805 2079 5861; x_wconf 74' lang='lat' dir='ltr'><strong>&gt;ercussi</strong></span> <span class='ocrx_word' id='word_1_913' title='bbox 2097 5822 2190 5863; x_wconf 84' lang='lat' dir='ltr'><strong>vos</strong></span> <span class='ocrx_word' id='word_1_914' title='bbox 2209 5808 2585 5873; x_wconf 84' lang='lat' dir='ltr'><strong>sterilitate,et</strong></span> <span class='ocrx_word' id='word_1_915' title='bbox 2603 5809 2746 5863; x_wconf 78' lang='lat' dir='ltr'><strong>aeris</strong></span> <span class='ocrx_word' id='word_1_916' title='bbox 2764 5807 3135 5877; x_wconf 76' lang='lat' dir='ltr'><strong>corruptione.</strong></span> <span class='ocrx_word' id='word_1_917' title='bbox 3153 5817 3199 5859; x_wconf 81' lang='lat' dir='ltr'><strong>cl</strong></span> <span class='ocrx_word' id='word_1_918' title='bbox 3228 5820 3390 5877; x_wconf 76' lang='lat' dir='ltr'><strong>grau-</strong></span> 
     </span>
    </p>
   </div>
   <div class='ocr_carea' id='block_1_119' title="bbox 466 5900 3063 5963">
    <p class='ocr_par' dir='ltr' id='par_1_119' title="bbox 466 5900 3063 5963">
     <span class='ocr_line' id='line_1_119' title="bbox 466 5900 3063 5963; baseline 0.001 -4"><span class='ocrx_word' id='word_1_919' title='bbox 466 5902 741 5963; x_wconf 70' lang='lat' dir='ltr'><strong>PATBOL.</strong></span> <span class='ocrx_word' id='word_1_920' title='bbox 785 5900 899 5962; x_wconf 83' lang='lat' dir='ltr'><strong>Gn.</strong></span> <span class='ocrx_word' id='word_1_921' title='bbox 948 5901 1161 5961; x_wconf 72' lang='lat' dir='ltr'><strong>LXVI.</strong></span> <span class='ocrx_word' id='word_1_922' title='bbox 2991 5901 3063 5961; x_wconf 84' lang='grc'><strong>16</strong></span> 
     </span>
    </p>
   </div>
  </div>
