3934 6520
560 350 663 409 491

1771 352 2118 408 THEODORI
2155 350 2634 406 MOPSUESTENI

3693 351 3783 408 ‘92

563 475 691 529 dine
751 469 932 525 omnia
993 482 1158 538 Opera
1225 483 1487 521 manuum
1538 479 1876 532 vestrarum;
1926 480 1977 522 et
2035 485 2140 521 non

2245 466 2606 536 ἀνεμοφθορίᾳ
2636 465 2728 518 καὶ
2755 465 2812 516 ἐν
2847 463 3053 537 χαλάζῃ
3092 465 3265 518 πάντα
3295 466 3362 519 τά
3393 466 3529 537 ἔργα
3557 468 3665 520 τῶν
3694 488 3790 540 χει-

565 563 768 618 reversi
799 561 932 614 estis
980 559 1046 612 ad
1077 574 1181 620 me,
1222 556 1359 612 dicit
1382 557 1663 612 Dominus.
1688 559 1958 627 Apponite
1980 573 2136 610 nunc

565 655 729 708 corda
761 666 936 705 vestra
973 666 1002 702 a
1033 649 1120 704 die
1155 651 1258 704 ista
1306 657 1359 704 et
1388 664 1576 718 supra,
1615 665 1644 700 a
1684 657 1882 718 quarta
1909 655 1964 701 et
1992 649 2136 700 vice-

562 749 700 800 sima
729 747 854 797 noni
889 743 1115 802 mensis.
1181 750 1237 796 et
1268 758 1296 794 a
1328 742 1415 795 die
1450 757 1556 811 qua
1615 741 1966 794 fundamenta
1990 739 2136 807 jacta

563 842 691 889 sunt
734 834 918 902 templi
978 832 1214 886 Domini.
1266 831 1459 885 Ponite
1509 833 1562 885 in
1597 831 1856 886 cordibus
1915 829 2134 892 vestris,

564 937 742 981 utrum
777 926 954 979 adhuc
1003 933 1369 994 cognoscetur
1429 939 1592 994 super
1647 937 1851 986 aream,
1913 928 1966 972 et
2007 935 2136 972 num

563 1020 740 1072 adimo
793 1017 887 1070 viti
939 1025 991 1072 et
1022 1015 1148 1070 ticui
1203 1024 1255 1070 et
1302 1017 1699 1085 malogranato,
1743 1023 1799 1067 et
1845 1011 2136 1066 arboribus

564 1110 716 1173 olere,
747 1126 868 1179 quae
885 1107 1121 1162 fructum
1151 1115 1373 1176 negant,
1407 1123 1469 1162 ex
1497 1108 1600 1160 hac
1626 1107 1714 1160 die
1743 1105 2081 1159 benedicam.
2113 1120 2131 1151 ι

563 1201 981 1270 Comparatione
1035 1200 1283 1254 instituta
1336 1199 1640 1268 superioris
1697 1197 1982 1266 temporis,
2030 1210 2137 1264 quo

565 1293 755 1362 templi
783 1291 1198 1346 aedificationem
1233 1290 1596 1360 negligebant,
1626 1297 1679 1341 et
1714 1287 1998 1356 prmsentis
2029 1300 2138 1354 quo

567 1399 760 1454 urgere
789 1397 928 1453 opus
965 1390 1268 1452 cmperant,
1302 1380 1591 1435 ostendere
1620 1380 1790 1432 voluit
1815 1393 1994 1432 rerum
2019 1392 2139 1444 quze

568 1476 730 1546 282
756 1475 890 1545 ipsis
914 1474 1250 1529 obvenerant
1291 1471 1652 1528 differentiam
1693 1490 1705 1524 :
1744 1479 1798 1524 et
1830 1470 1882 1522 in
1936 1475 2138 1537 quanta

566 1571 846 1639 neglectus
883 1576 1124 1636 tempore
1180 1565 1378 1620 versati
1441 1564 1673 1618 fuissent
1726 1563 2036 1620 sterilitate,
2088 1570 2139 1614 et

568 1671 768 1734 quanta
801 1662 940 1714 bona
968 1658 1175 1727 experti
1222 1664 1508 1725 postquam
1559 1650 1892 1707 exstruendo
1939 1652 2139 1720 templo

569 1735 794 1809 multam
871 1750 1230 1805 contulissent
1292 1746 1656 1802 sedulitatem.
1714 1743 1876 1810 Ergo,
1941 1742 2136 1811 inquit,

2240 555 2346 625 ρῶν
2389 555 2574 626 ὑμῶν·
2623 557 2717 609 xui.
2757 556 2855 609 οὐκ
2902 556 3265 626 ἐπεστρέψατε
3327 558 3464 629 πρός
3502 576 3606 627 με,
3660 560 3793 628 λέγει

2239 648 2437 718 Κύριος
2486 646 2877 718 παντοκράτωρ
2897 662 2909 675 ·
2946 647 3142 713 τάξατε
3173 646 3236 718 δὴ
3268 648 3367 712 τὰς
3399 649 3628 719 καρδίας
3659 651 3794 720 ὑμῶν

2237 736 2344 787 ἀπὸ
2374 736 2472 804 τῆς
2507 734 2717 805 ἡμέρας
2769 735 2969 804 ταύτης
3019 737 3108 788 καὶ
3141 736 3414 802 ἐπέκεινα,
3455 740 3562 791 ἀπὸ
3592 741 3687 809 τῆς
3715 759 3794 795 τε·

2235 825 2427 896 τράδος
2462 825 2555 878 καὶ
2583 825 2792 889 εἰκάδος
2828 826 2921 880 τοῦ
2975 825 3164 879 ἐνάτου
3207 828 3411 898 μηνὸς,
3443 831 3537 882 καὶ
3574 831 3680 883 ἀπὸ
3705 833 3794 900 τῆς

2238 918 2448 988 ἡμέρας
2475 912 2544 988 ἦς
2575 917 2904 987 ἐθεμελιώθη
2939 919 2967 970 ό
2987 917 3111 982 ναὸς
3133 919 3338 988 Κυρίου
3361 937 3375 950 ⁸
3419 919 3577 974 θέσθε
3605 924 3665 974 ἐν
3688 927 3794 986 ταῖς

2237 1009 2481 1083 καρδίαις
2526 1008 2677 1079 ὑμῶν
2706 1011 2754 1062 εἰ
2788 1008 2870 1062 ἔτι
2907 1011 3370 1081 ἐπιγνωσθήσεται
3400 1012 3493 1064 ἐπὶ
3520 1013 3623 1082 τῆς
3660 1014 3792 1066 ἀλω-

2238 1100 2332 1152 καὶ
2375 1101 2423 1152 εἰ
2471 1099 2616 1170 ἔτιή
2663 1099 2902 1170 ἄμπελος
2949 1101 3040 1153 καὶ
3084 1103 3118 1171 ή
3165 1101 3304 1170 συκῆ
3352 1102 3446 1154 καὶ
3479 1102 3582 1172 pou
3625 1105 3716 1157 xui
3739 1106 3796 1157 τὰ

2240 1191 2370 1254 ξύλα
2413 1190 2514 1259 τῆς
2553 1190 2736 1254 ἐλαίας
2779 1190 2850 1243 τὰ
2896 1191 2956 1244 οὐ
3013 1192 3245 1262 φέροντα
3281 1194 3525 1264 καρπὸν,
3574 1196 3684 1247 ἀπὸ
3709 1197 3794 1260 τῆς

2239 1281 2446 1352 ἡμέρας
2490 1281 2695 1351 ταύτης
2736 1281 3032 1353 εὐλογήσω.
3087 1301 3106 1334 ι
3150 1283 3456 1353 Παραθέσει
3490 1285 3660 1338 πάλιν
3703 1287 3796 1339 τῶν

2237 1390 2296 1425 τε
2347 1374 2641 1444 πρότερον,
2684 1374 2772 1426 ὅτε
2806 1390 2912 1444 περ
2955 1373 3192 1444 ἠμέλουν
3237 1374 3338 1443 τῆς
3393 1376 3684 1446 οἰκοδομῆς
3716 1377 3795 1430 τοῦ

2237 1465 2400 1529 ναοῦ,
2435 1466 2530 1518 καὶ
2572 1465 2679 1519 τῶν
2716 1464 2810 1518 νῦν
2855 1464 3004 1530 ἐξότε
3051 1483 3154 1536 περ
3205 1466 3526 1532 σπουδάζειν
3582 1469 3798 1539 ἤρξαντο

2240 1557 2367 1626 περὶ
2393 1555 2453 1608 τὸ
2480 1556 2658 1627 ἔργον,
2689 1555 2960 1627 ἠϐουλήθη
2997 1555 3164 1621 δεῖξαι
3201 1557 3310 1609 τῶν
3343 1559 3650 1626 γεγονότων
3689 1563 3798 1632 περὶ

2240 1647 2434 1709 αὐτοὺς
2480 1646 2576 1716 τὴν
2609 1646 2901 1718 διαφοράνο
2956 1647 3050 1700 καὶ
3097 1650 3154 1701 ἐν
3200 1648 3300 1718 ὅσῃ
3349 1649 3445 1714 μὲν
3485 1650 3799 1720 ἀμελοῦντες

2241 1738 2439 1808 ἀφορίᾳ
2477 1739 2804 1806 γεγόνεσαν,
2843 1740 2982 1792 ὅσων
3017 1740 3074 1793 δέ
3108 1742 3326 1810 ἀγαθῶν
3359 1746 3415 1796 ἐν
3446 1742 3617 1813 πείρᾳ
3649 1744 3794 1795 κατέ-

568 1852 817 1916 reputate
881 1842 1163 1911 superiora
1224 1845 1494 1908 tempora,
1527 1849 1650 1888 cum
1691 1833 1931 1887 nondum
1969 1832 2136 1885 aedifi-

2247 1843 2469 1895 στησαν,
2487 1826 2668 1898 ἐπειδὴ
2685 1831 2750 1900 τῇ
2768 1828 2860 1880 τοῦ
2879 1829 3006 1882 ναοῦ
3029 1832 3311 1902 προσέχειν
3330 1833 3589 1902 οἰκοδομῇ
3614 1834 3797 1902 προθυ-

569 1935 726 1989 candi
788 1932 969 2000 templi
1029 1945 1218 1983 curam
1271 1924 1660 1996 susceperatis,
1710 1923 1764 1976 in
1815 1923 2138 1992 quibusnam

569 2040 751 2079 rerum
779 2022 1054 2092 adjunctis
1084 2018 1458 2081 versaremini,
1477 2032 1598 2071 cum
1616 2016 1870 2070 nimirum
1897 2016 2144 2084 manipu-

570 2119 651 2172 los
700 2114 1034 2184 colligebatis
1087 2110 1282 2182 viginti
1337 2119 1580 2165 satorum
1641 2107 1842 2162 fructui
1887 2107 2143 2176 suppedi-

567 2209 736 2262 tando
761 2207 980 2268 idonea,
1011 2207 1101 2259 vix
1147 2213 1326 2257 autem
1355 2201 1645 2257 exstabant
1700 2201 1885 2255 decem
1922 2208 2143 2269 propter

569 2301 785 2368 frugum
811 2297 1196 2366 corruptelam.
1223 2294 1287 2348 Et
1309 2293 1527 2364 quidem
1560 2292 1722 2347 etiam
1744 2291 1870 2345 vitis
1904 2290 2138 2343 fructum

568 2396 777 2442 tantum
793 2385 1132 2457 colligebatis
1159 2392 1422 2452 quantum
1451 2381 1728 2452 amphoris
1749 2379 2141 2450 quinquaginta

571 2477 861 2549 implendis
892 2477 1028 2532 satis
1057 2485 1208 2542 erat;
1241 2483 1477 2530 attamen
1509 2474 1596 2527 vix
1632 2473 1820 2543 viginti
1872 2471 2140 2526 efﬁcieba-

573 2571 664 2633 tis,
703 2570 830 2640 quia
862 2576 917 2624 et
963 2567 1050 2622 hic
1079 2567 1149 2622 ab
1178 2582 1304 2621 aere
1327 2572 1555 2620 exustus
1603 2563 1798 2618 fuerat.
1843 2560 1984 2615 Sane
2042 2576 2141 2632 ego

570 2659 726 2714 vobis
755 2657 952 2712 immisi
979 2655 1281 2712 sterilitatis
1311 2654 1561 2724 aerisque
1588 2652 1898 2722 pestilentis
1929 2654 2136 2720 plagas,

571 2751 704 2821 quin
732 2752 894 2805 etiam
946 2747 1208 2819 grandine
1240 2753 1452 2801 vestros
1507 2759 1696 2798 omnes
1739 2742 1952 2797 labores
2015 2757 2140 2811 per-

570 2843 727 2897 didi:
767 2855 862 2894 vos
918 2847 1097 2894 autem
1136 2845 1260 2908 post
1320 2837 1410 2891 illa
1467 2847 1685 2906 quoque
1741 2834 2138 2888 contumaciam

567 2942 804 2988 vestram
837 2930 1157 2985 retinuistis.
1197 2927 1303 2983 Sed
1344 2943 1430 2992 ea,
1476 2926 1671 2996 inquit,
1707 2924 1967 2995 praeteriti
2000 2933 2140 2977 tem-

569 3023 718 3094 poris
752 3027 900 3076 sunt.
952 3019 1104 3073 Nunc
1131 3033 1260 3073 vero
1311 3012 1672 3080 considerate,
1702 3029 1949 3084 quaenam
1985 3012 2140 3067 vobis

568 3129 635 3166 ex
662 3113 751 3166 illa
783 3112 871 3165 die
899 3109 1201 3171 evenerint,
1232 3122 1336 3177 qua
1367 3106 1433 3160 ad
1484 3105 1666 3173 templi
1723 3103 2135 3157 aedificationem

569 3205 813 3274 cepistis
857 3205 1170 3256 incumbere
1236 3219 1249 3255 :
1301 3198 1647 3268 comperietis
1721 3197 1886 3261 enim,
1964 3210 2140 3265 neque

571 3310 710 3350 area:
740 3295 996 3356 fructum,
1025 3307 1200 3361 neque
1229 3291 1506 3352 arborum,
1535 3290 1961 3360 comparandum
2017 3305 2140 3342 cum

573 3385 849 3454 superiore
887 3401 901 3436 :
928 3399 990 3436 ex
1017 3383 1102 3436 his
1126 3381 1268 3436 enim
1295 3392 1453 3434 antea
1469 3379 1651 3432 nullus
1668 3378 1821 3434 vobis
1846 3390 2142 3448 proventus

572 3476 822 3531 exstabat
857 3495 870 3529 :
913 3482 1197 3544 postquam
1227 3487 1355 3526 vero
1372 3472 1558 3540 templi
1594 3471 1696 3525 mei
1727 3486 1909 3524 curam
1936 3471 2140 3540 geritis,

573 3569 759 3622 omnia
786 3573 967 3622 vestra
999 3564 1468 3620 benedictionibus
1497 3563 1630 3618 meis
1672 3563 1978 3625 cumulans,
2009 3564 2143 3618 ube-

574 3674 686 3713 rem
717 3659 870 3714 vobis
891 3656 1045 3712 effeci
1085 3655 1299 3726 frugum
1351 3670 1530 3709 usum.
1576 3653 1693 3707 Jam
1727 3665 2010 3723 postquam
2068 3655 2142 3709 ita

573 3763 668 3803 eos
719 3750 1034 3804 cohortatus
1079 3749 1274 3810 fuerat,
1316 3754 1478 3816 atque
1509 3747 1575 3800 ad
1619 3761 1757 3815 opus
1813 3746 2143 3800 excitaverat

575 3849 817 3896 veterum
885 3856 1065 3895 rerum
1126 3839 1410 3901 memoria,
1448 3845 1502 3892 et
1560 3837 1925 3906 posteriorum
1960 3836 2142 3905 adjec-

576 3932 743 3992 tione,
788 3939 1012 4002 propter
1035 3947 1188 3986 suam
1245 3930 1422 3984 adhuc
1469 3929 1806 3998 ambigentes
1838 3929 2138 3996 penuriam,

573 4033 765 4075 rursus
799 4020 1007 4075 animos
1033 4019 1114 4075 eis
1145 4019 1292 4074 addit
1313 4019 1500 4074 dicens
1531 4036 1544 4072 :

643 4203 809 4259 Vsus.
850 4202 1042 4256 2l-25.
1071 4233 1140 4242 —
1178 4223 1195 4253 ι
1236 4202 1300 4256 Et
1335 4201 1534 4256 factum
1557 4208 1640 4255 est
1671 4201 1893 4255 verbum
1927 4201 2140 4256 Domini

575 4297 811 4351 secundo
833 4294 900 4348 ad
943 4295 1192 4365 Aggazum
1221 4295 1536 4364 prophetam
1576 4301 1773 4362 quarta
1801 4301 1854 4347 et
1884 4295 2142 4348 vicesima

577 4389 800 4452 mensis,
850 4387 1083 4441 dicens:
1145 4384 1393 4454 Loquere
1431 4384 1498 4437 ad
1561 4383 1948 4439 Zorobabelem
1989 4385 2142 4438 Sala~

2247 1918 2373 1987 μίαν
2399 1918 2552 1989 ἔσχον
2577 1919 2795 1990 πολλήν.
2835 1920 3248 1988 Ἀναλογίσασθε
3282 1920 3376 1977 οῦν
3395 1964 3408 1987 ,
3445 1924 3604 1992 φησὶ,
3631 1924 3699 1975 τὰ
3716 1925 3799 1990 τῆς

2243 2009 2454 2079 ἡμέρας
2500 2009 2774 2080 ἀνώτερα,
2809 2010 2892 2080 (p.
2923 2011 3060 2082 4’28)
3097 2014 3183 2066 ὅτε
3217 2015 3369 2068 οὔπω
3393 2015 3492 2084 τῆς
3524 2014 3798 2084 οἰκοδομῆς

2243 2099 2582 2170 ἐφροντίζετε
2626 2100 2717 2152 τοῦ
2747 2101 2874 2154 ναοῦ
2893 2141 2908 2166 ,
2949 2103 3009 2155 ἐν
3055 2103 3186 2166 οἵοις
3228 2100 3324 2174 ἦτε
3347 2145 3361 2168 ,
3387 2105 3468 2156 ὅτι
3496 2103 3795 2169 συνιλέγετε

2246 2191 2342 2262 μὲν
2382 2192 2668 2263 δράγματα
2708 2195 2867 2246 ἰκανά
2891 2195 3103 2265 καρπὸν
3137 2195 3308 2249 εἴκοσι
3348 2197 3527 2250 σάτων
3563 2197 3796 2249 ἀποδιδό-

2242 2301 2348 2343 ναι,
2381 2284 2533 2353 μόγις
2561 2284 2616 2336 δὲ
2642 2285 2899 2348 ἐξεδίδοτο
2925 2286 3053 2340 δέκα
3081 2289 3145 2341 ἐκ
3165 2288 3257 2342 τοῦ
3281 2291 3406 2351 τοὺς
3437 2289 3689 2360 καρποὺς
3712 2290 3800 2341 διε-

2243 2373 2497 2444 φθάρθαι.
2536 2376 2644 2427 Καὶ
2685 2375 2790 2445 μὴν
2825 2375 2921 2428 καὶ
2951 2377 3048 2447 τῆς
3073 2377 3316 2447 ἀμπέλου
3351 2377 3568 2448 καρποῦ
3602 2378 3799 2430 συνελέο

2241 2481 2364 2530 γετε
2409 2464 2543 2535 πρὸς
2597 2465 2930 2537 πεντήκοντα
2988 2467 3270 2537 μετρητῶν
3302 2468 3582 2538 ἀρκοῦντα
3615 2470 3798 2539 (φοράν,

2243 2556 2332 2607 καὶ
2363 2555 2517 2625 μόγις
2564 2554 2884 2626 ἐκομίζεσθε
2924 2559 3094 2610 εἴκοσι
3123 2558 3211 2611 διὰ
3240 2558 3300 2611 τὸ
3329 2560 3558 2612 κάκεῖνα
3593 2561 3803 2631 ἐξηράνο

2242 2645 2331 2700 θαι
2363 2646 2442 2716 τῷ
2471 2647 2620 2718 ἀέρι·
2667 2646 2820 2716 κάγὼ
2852 2647 2949 2718 μὲν
2977 2649 3253 2719 ἐπήγαγον
3278 2649 3407 2718 ὑμῖν
3437 2649 3656 2718 πληγὰς
3691 2654 3803 2717 ἀφο-

2245 2739 2360 2808 ρίας
2392 2755 2450 2792 τε
2477 2739 2572 2792 καὶ
2595 2739 3012 2812 ἀνεμοςρθορίας,
3045 2740 3138 2794 καὶ
3165 2740 3228 2811 δὴ
3259 2742 3351 2794 καὶ
3372 2740 3585 2812 χαλάζῃ
3611 2742 3802 2803 πάντας

2244 2827 2395 2896 ὑμῶν
2435 2829 2672 2897 ἠφάνισα
2708 2829 2832 2891 τοὺς
2880 2829 3109 2893 πόνους·
3160 2832 3380 2900 ἐμένετε
3435 2831 3494 2883 δέ
3540 2835 3803 2901 ἀκαμπεᾷ

2243 2920 2338 2972 καὶ
2364 2919 2499 2988 πρὸς
2521 2919 2726 2972 ἐκεῖνα.
2763 2919 2921 2972 Ἀλλά
2945 2920 3118 2974 ταῦτα
3144 2920 3242 2990 μὲν
3266 2921 3371 2991 πρὸ
3394 2920 3609 2985 τούτου,
3635 2923 3802 2991 φησίν.

2255 3009 2668 3078 Ἀναλογίσασθε
2714 3011 2771 3065 δὲ
2801 3013 2886 3065 ἐπ’
2932 3014 3158 3077 ἐκείνοις
3194 3009 3390 3086 οἷάπερ
3421 3015 3550 3084 ὑμῖν
3587 3015 3694 3068 ἀπὺ
3723 3016 3806 3084 τῆς

2245 3103 2455 3172 ήμέρας
2487 3106 2700 3174 ἐκείνης
2733 3106 3094 3177 προσγέγονεν
3121 3110 3178 3159 ἐν
3213 3102 3356 3180 ᾗπερ
3380 3109 3510 3178 περὶ
3533 3109 3633 3176 τὴν
3670 3110 3802 3160 οἰκο-

2167 3172 2212 3231 c
2241 3197 2408 3267 δομὴν
2439 3197 2802 3251 ἐσπουδάσατε
2837 3198 2928 3251 τοῦ
2960 3199 3087 3252 ναοῦ
3112 3216 3125 3229 ·
3160 3201 3418 3271 εὑρήσετε
3445 3201 3554 3271 γὰρ
3585 3200 3711 3252 οὔτε
3729 3200 3807 3251 τὴν

2243 3290 2340 3356 τῆς
2370 3287 2572 3350 ἅλωνος
2621 3288 2861 3359 καρπὸν,
2895 3287 3018 3342 οὔτε
3058 3289 3148 3341 τὸν
3182 3289 3291 3342 τῶν
3340 3289 3572 3359 δένδρων
3593 3331 3607 3346 .
3644 3305 3807 3358 παρα-

2245 3379 2390 3432 θέσει
2436 3379 2544 3432 τῶν
2590 3380 2712 3433 τότε
2763 3378 3162 3447 ἐπιγνωσθῆναι
3194 3379 3510 3450 δυνάμενον.
3545 3380 3808 3450 Πρότερον

2247 3471 2345 3540 μὲν
2375 3469 2482 3542 γάρ
2511 3471 2636 3541 ὑμῖν
2679 3470 2851 3534 οὐδεὶς
2879 3471 2935 3537 ἐξ
2965 3471 3144 3524 αὐτῶν
3171 3471 3368 3523 ἐδίδοτο
3400 3473 3641 3541 καρπός·
3668 3469 3807 3534 ἐξότε

2243 3565 2299 3617 δὲ
2327 3565 2584 3636 περὶ-τὸν
2614 3565 2739 3619 ναὸν
2772 3565 3143 3618 ἐσπουδάσατε
3172 3566 3261 3618 τὸν
3283 3565 3433 3636 ἐμὸν,
3469 3567 3646 3618 πάντα
3673 3565 3812 3616 εὐλο-

2245 3655 2368 3722 γίας
2423 3653 2720 3726 πληρώσας
2763 3654 2832 3708 τά
2869 3656 3139 3725 προσόντα
3185 3655 3342 3725 ὑμῖν,
3398 3655 3628 3723 ἄφθονον
3678 3657 3810 3721 ἔχειν

2245 3745 2476 3816 ἐποίησα
2511 3746 2620 3799 τῶν
2669 3745 2898 3817 καρπῶν
2934 3748 3032 3818 τὴν
3075 3747 3396 3800 ἀπόλαυσιν.
3433 3737 3563 3800 Εἶτά
3613 3748 3810 3808 τούτοις

2245 3839 2440 3901 αὐτοὺς
2475 3838 2636 3892 πάλιν
2684 3837 3126 3910 προτρεψάμενος
3159 3837 3252 3890 καὶ
3296 3837 3572 3907 διεγείρας
3602 3839 3729 3907 περὶ
3759 3837 3813 3889 τὸ

2246 3937 2404 4005 ἔργον
2447 3938 2512 4004 τῇ
2574 3935 2757 4004 μνήμῃ
2798 3933 2905 3985 τῶν
2960 3931 3204 3986 παλαιῶν
3258 3933 3351 3984 καὶ
3404 3935 3471 4002 τῇ
3523 3933 3813 4002 παραθέσει

2245 4027 2352 4079 τῶν
2382 4025 2607 4095 ὕστερον
2627 4067 2641 4090 ,
2669 4025 2756 4078 διὰ
2796 4025 2894 4095 τὴν
2923 4023 3111 4076 πενίαν
3140 4022 3580 4093 ἀμφιϐάλλοντας
3611 4025 3690 4076 ἐτι
3723 4027 3813 4092 τὴν

2245 4117 2468 4179 οἰκείαν,
2509 4115 2918 4187 παραθαῤῥύνει
2949 4115 3111 4169 πάλιν
3133 4114 3227 4168 καί
3255 4130 3420 4183 φησιν
3445 4114 3638 4176 οὕτως’

2315 4209 2334 4276 (
2353 4224 2407 4277 p.
2439 4208 2576 4278 429,)
2599 4208 2746 4276 Στίχ.
2770 4207 2990 4273 κα’-κγ’.
3017 4235 3081 4245 —
3116 4223 3133 4256 ι
3162 4205 3270 4256 Καὶ
3295 4205 3513 4272 ἐγένετο
3536 4204 3693 4271 λόγος
3717 4205 3813 4255 Κυ-

2249 4298 2363 4368 ρίου
2393 4301 2456 4350 ἐκ
2477 4298 2728 4369 δευτέρου
2752 4297 2890 4368 πρὸς
2929 4297 3176 4364 Ἀγγαῖον
3205 4297 3293 4348 τὸν
3323 4297 3640 4365 προφήτην,
3670 4298 3730 4347 ἐν
3753 4298 3813 4363 τῇ

2246 4389 2459 4460 τετράδι
2481 4391 2574 4442 καὶ
2604 4389 2778 4442 εἰκάδι
2805 4387 2898 4440 τοῦ
2923 4389 3112 4458 μηνὸς,
3142 4387 3334 4455 λέγων·
3367 4387 3540 4440 Εἰπὸν
3571 4388 3706 4456 πρὸς
3730 4388 3815 4438 Ζο-

576 4479 758 4532 thielis
793 4477 962 4531 filium
1002 4477 1068 4531 de
1097 4476 1244 4529 tribu
1297 4474 1470 4536 Judm,
1505 4475 1696 4529 dicens
1731 4491 1744 4527 :
1791 4475 1984 4529 Adhuc
2041 4491 2140 4546 ego

2253 4481 2480 4552 ροϐάϐελ
2519 4481 2609 4532 τὸν
2648 4479 2742 4533 τοῦ
2769 4478 3036 4549 Σαλαθιήλ
3074 4481 3137 4531 ἐκ
3167 4477 3338 4548 φυλῆς
3379 4478 3555 4531 Ἰούδα
3578 4521 3592 4543 ,
3613 4479 3783 4545 λέγων
3802 4494 3814 4505 ·

577 4571 742 4624 semel
767 4581 1080 4621 commoveo
1120 4567 1318 4620 caelum
1341 4574 1395 4620 et
1425 4573 1644 4629 terram,
1673 4581 1736 4619 ac
1762 4582 1912 4621 mare
1947 4576 2001 4620 et
2031 4567 2139 4620 ari-

576 4663 722 4715 dam.
756 4660 819 4713 Et
839 4659 1148 4714 subvertam
1180 4658 1406 4711 thronos
1439 4672 1646 4726 regum.
1682 4665 1736 4712 et
1768 4659 1989 4728 perdam
2028 4657 2140 4713 for-

577 4751 863 4808 titudinem
901 4749 1044 4819 regis
1101 4749 1363 4817 gentium,
1397 4749 1817 4818 subvertamque
1849 4765 2045 4806 currus
2087 4759 2141 4804 et

581 4855 904 4897 ascensorcs
935 4857 950 4892 :
977 4848 1030 4893 et
1064 4837 1395 4892 descendent
1430 4839 1553 4907 equi
1603 4848 1654 4892 et
1702 4853 2020 4894 ascensores
2051 4855 2141 4894 eo-

575 4946 720 4989 rum.
751 4929 1125 4996 unusquisque
1158 4941 1281 4979 cum
1324 4926 1504 4995 gladio
1529 4926 1692 4996 283
1728 4928 1988 4984 adversus
2029 4929 2141 4983 fra-

575 5031 712 5075 trem
745 5036 927 5073 suum.
965 5038 982 5069 ι
1021 5017 1227 5071 Similia
1267 5018 1540 5086 prioribus
1585 5019 1749 5085 dicit;
1787 5020 1914 5072 talia
1943 5020 2143 5089 quippe

577 5123 705 5167 sunt
718 5113 929 5166 verbau
944 5105 1214 5163 ELl‘actum
1233 5111 1550 5166 estverbum
1577 5110 1787 5165 Domini
1810 5111 2051 5167 secundo
2073 5110 2143 5166 ad

574 5212 848 5274 Aggzeum.
874 5202 1058 5270 »Λιίιυὶ
1079 5202 1133 5256 in
1164 5201 1540 5270 superioribus
1571 5211 1797 5272 apparet
1823 5219 1966 5273 smpe
1997 5201 2142 5256 divi-

576 5309 701 5347 nam
731 5293 1112 5346 revelationem
1145 5291 1434 5360 accepisse“
1477 5295 1817 5361 prophetam,
1851 5303 1905 5348 et
1945 5309 2145 5351 secun-

575 5386 704 5440 dum
732 5384 878 5438 illam
913 5385 1112 5454 populo
1158 5384 1416 5437 locutum.
1453 5381 1558 5435 Sed
1583 5399 1724 5436 nunc
1758 5386 1832 5438 ait
1884 5404 1903 5435 ι
1951 5403 2146 5443 secun-

2249 4573 2371 4624 Ἔτι
2398 4570 2545 4634 ἆπαξ
2568 4568 2679 4638 ἐγὼ
2702 4570 2830 4622 σείω
2859 4568 2950 4621 τὸν
2977 4569 3203 4638 οὐρανὸν
3232 4569 3325 4622 καὶ
3352 4569 3453 4634 τὴν
3479 4571 3584 4639 γῆν
3609 4572 3703 4623 καὶ
3727 4570 3822 4637 τὴν

2243 4663 2512 4716 θάλασσαν
2556 4662 2649 4714 καὶ
2680 4662 2778 4732 τὴν
2829 4659 2997 4731 ξηράν
3019 4677 3032 4691 ·
3079 4660 3173 4713 καὶ
3210 4660 3576 4729 καταστρέφω
3604 4659 3822 4730 θρόνους

2244 4755 2525 4825 βασιλέων,
2554 4754 2648 4808 καὶ
2677 4751 3040 4824 ἐξολοθρεύσω
3065 4751 3296 4821 δύναμιν
3336 4751 3604 4820 βασιλέως
3630 4751 3824 4810 ἐθνῶν,

2242 4848 2336 4900 καὶ
2388 4845 2747 4916 καταστρέφω
2801 4845 3059 4915 ἅρματα,
3112 4844 3206 4895 xui.
3243 4843 3554 4905 ἀναϐάτας·
3588 4844 3684 4895 καὶ
3728 4861 3818 4894 και

2243 4938 2566 5007 ταϐήσονται
2611 4937 2767 4988 ἵπποι
2799 4937 2891 4988 xui.
2930 4934 3196 4988 ἀναϐάται
3242 4934 3458 4996 αὐτῶν,
3512 4936 3740 4987 ἕκαστοι
3775 4938 3829 4986 ἐν

2246 5029 2493 5099 ῥομφαίᾳ
2542 5029 2677 5099 πρὸς
2708 5027 2798 5079 τὸν
2832 5026 3058 5094 ἀδελφὸν
3108 5024 3295 5079 αὐτοῦ.
3335 5043 3353 5076 ι
3395 5026 3481 5078 Τὰ
3519 5026 3656 5078 αὐτὰ
3719 5027 3831 5086 τοῖς

2244 5121 2528 5190 προτέροις
2574 5119 2754 5187 λέγει·
2785 5119 2942 5171 τοῦτο
2975 5122 3084 5190 γάρ
3111 5120 3262 5190 δηλοί
3285 5121 3372 5186 τὸ,
3416 5141 3434 5173 ι
3470 5123 3580 5176 Καὶ
3611 5123 3836 5189 ἐγένετο

2246 5209 2402 5278 λόγος
2433 5211 2637 5281 Κυρίου
2687 5212 2749 5262 ἐκ
2793 5209 3047 5280 δευτέρου
3094 5211 3228 5282 πρὸς
3269 5212 3544 5280 Ἀγγαῖον.
3585 5231 3600 5262 ι
3633 5214 3835 5265 Καίτοι

2245 5318 2309 5370 γε
2346 5300 2590 5370 φαίνεται
2633 5302 2691 5353 ἐν
2721 5304 2832 5363 τοῖς
2877 5301 3169 5374 ἀνωτέροις
3198 5303 3839 5372 πολλάκιςάποκὰὶικξρίν

2247 5409 2305 5444 τε
2355 5392 2502 5444 θείαν
2547 5390 2836 5461 δεξάμενος
2870 5394 2898 5444 ὁ
2949 5394 3234 5464 προφήτης
3281 5396 3373 5446 καὶ
3423 5396 3566 5448 κατά
3620 5396 3841 5460 ταύτην

576 5477 700 5538 (ἰο,›
736 5475 863 5545 quia
893 5491 979 5530 res
1008 5475 1140 5544 Gogi
1167 5475 1346 5528 denuo
1379 5473 1684 5538 denuntiat,
1723 5479 1894 5546 utqui
1930 5490 2146 5550 propter

578 5573 794 5626 illarum
844 5570 1274 5637 magnitudinem
1333 5567 1744 5632 discredebant,
1821 5576 2144 5628 sententiam

579 5661 788 5714 firmam
824 5661 1186 5728 susciperent,
1241 5657 1501 5729 quoniam
1537 5657 1681 5712 haud
1713 5662 1876 5715 semel
1911 5671 2148 5717 tantum-

579 5741 760 5815 modo,
825 5766 1014 5805 verum
1067 5751 1230 5806 etiam
1283 5745 1564 5818 ‘secundo,
1641 5749 1994 5808 denuntiabat
2054 5771 2146 5811 eas

2248 5480 2545 5549 διαλεχθεὶς
2593 5480 2671 5550 τῷ
2707 5479 2840 5550 λαῷ.
2890 5467 3052 5534 ’Λλλά
3091 5481 3250 5535 τοῦτὸ
3294 5499 3460 5552 φησιν
3494 5503 3512 5533 ι
3553 5486 3610 5536 ἐκ
3651 5485 3848 5536 δευτέ-

2254 5589 2368 5642 ρου,
2410 5592 2427 5622 ι
2463 5573 2545 5624 ὅτι
2575 5572 2642 5624 τά
2674 5574 2799 5643 περὶ
2844 5571 2934 5624 τοῦ
2967 5573 3089 5640 Γὼγ
3118 5573 3215 5626 νῦν
3249 5573 3414 5625 πάλιν
3446 5574 3601 5634 αὐτὸς
3657 5577 3844 5638 ἐπαγ-

2251 5663 2526 5730 γέλλεται,
2560 5662 2644 5714 ἵνα
2682 5663 2756 5732 μὴ
2799 5663 2887 5715 διά
2910 5663 2970 5715 τὸ
3001 5662 3229 5733 μέγεθος
3269 5664 3536 5716 ἀπιστῶσι
3565 5662 3654 5732 τῷ
3685 5665 3850 5733 λέγοι

2257 5755 2424 5827 μένῳ,
2457 5754 2911 5825 ἀναμφίϐολονδὲ
2943 5753 3107 5825 ἔχωσι
3144 5754 3242 5827 τὴν
3265 5755 3509 5826 γνώμην,
3537 5757 3599 5810 ἐκ
3639 5755 3750 5808 τοῦ
3773 5755 3852 5824 μὴ
