3934 6524
158 382 255 431 ιςο

1232 380 1772 439 COMMENTARIUS
1812 386 1873 438 IN
1916 386 2255 442 ZACHARIA
2266 388 2332 442 M.

3284 388 3385 442 λιιι

158 495 313 566 μόνον
343 496 523 563 ἅπαξ,
561 495 697 550 ἀλλά
740 497 837 551 καὶ
883 497 1131 571 δεύτερον
1176 501 1601 571 ἐπαγγείλασθαι
1651 505 1718 557 τὰ

1831 489 2163 563 Βουε.’ί)ἱοίι
2211 509 2352 567 enim
2380 508 2432 564 ei
2471 526 2484 561 :
2545 507 2622 562 En
2652 524 2753 581 ego
2783 506 3174 579 propemodum
3203 510 3385 561 omnia

156 589 291 641 αύτά
332 587 423 641 τὸν
475 587 627 641 Θεόν.
690 584 825 643 Εῐπε
853 590 960 661 γάρ
1004 591 1172 662 αύτῷ,
1225 594 1410 664 φησὶν,
1440 595 1521 649 ὅτι
1546 598 1720 650 Μονο-

156 679 305 747 νουχὶ
358 678 647 742 συσσείσας
708 678 922 734 ἅπαντα
981 685 1362 755 καταστροφὴν
1418 686 1723 758 ἐργάσομαι

158 770 367 823 πολλῶν
410 770 675 840 βασιλέων
717 772 923 842 θρόνοις
959 772 1252 842 βασιλικοῖς
1307 779 1720 849 κοσμουμένων,

156 862 252 931 τὴν
284 861 510 931 δύναμίν
539 879 597 914 τε
646 864 824 916 πᾶσαν
869 863 1045 917 αὐτῶν
1089 864 1397 933 ἀφανίζων,
1429 870 1522 921 καὶ
1560 886 1725 922 κατα-

159 951 407 1021 στρέφων
455 949 524 1002 τὰ
556 950 773 1021 ἅρματα
805 952 902 1004 σὺν
942 953 1053 1015 τοῖς
1107 952 1568 1024 ὲπαναϐεϐηκόσιν
1624 954 1720 1007 αύ-

158 1032 452 1102 τοῖς”ὦστε
470 1042 548 1102 είς
567 1038 827 1107 ἀλλήλους
850 1039 1046 1101 αὐτοὺς
1065 1040 1461 1110 συμπεσόντας,
1482 1042 1498 1111 (
1516 1058 1569 1111 p.
1595 1042 1718 1113 450)

155 1128 279 1190 τούς
308 1145 369 1181 τε
403 1128 602 1190 ῖππονς
647 1128 740 1181 καὶ
767 1128 891 1191 τοὺς
936 1128 1327 1199 ἐπιϐεϐηκότας
1350 1130 1457 1185 τῶν
1496 1133 1678 1187 ἵππων
1698 1173 1717 1198 ,

157 1218 403 1289 ἀλλήλοιν
425 1218 676 1287 γενέσθαι
705 1220 963 1288 σφαγέας,
989 1220 1083 1272 καὶ
1109 1220 1276 1273 πολὺν
1300 1222 1721 1295 ἀποτελεσθῆναι

155 1310 246 1363 τὸν
287 1312 479 1378 φόνον,
519 1310 922 1382 ἀναιρουμένων
952 1311 1129 1364 αὐτῶν
1162 1313 1252 1367 ὑπ’
1282 1314 1523 1386 ἀλλήλων
1542 1331 1555 1346 ⁸
1587 1318 1723 1388 ὅπερ

156 1397 247 1453 οὖν
284 1402 617 1473 ἐργάσομαι,
652 1400 791 1455 ὥστε
833 1401 987 1473 δῆλον
1016 1403 1073 1469 ἐξ
1122 1404 1371 1459 ἁπάντων
1431 1408 1681 1476 γενέσθαι
1704 1448 1719 1471 ,

1817 598 2159 661 concutiens,
2235 597 2644 654 subversionem
2756 600 2985 668 patrabo
3084 598 3383 651 multorum

1819 703 2007 759 regum
2057 689 2272 743 thronis
2342 689 2614 759 regalibus
2703 690 3073 759 pimditorum.
3167 703 3384 741 omnem

1819 779 2036 834 illorum
2058 780 2353 850 potentiam
2396 780 2705 840 destruens,
2730 790 2783 834 et
2817 796 3013 835 currus
3037 795 3158 834 cum
3196 793 3388 833 ascen-

1820 871 2042 927 soribus
2100 872 2216 927 suis
2266 872 2620 935 subvertens;
2667 872 2736 923 ita
2795 882 2853 924 ut
2910 872 3141 926 invicem
3189 871 3387 940 impinc

1823 970 2011 1029 gentes
2048 969 2160 1014 tum
2198 961 2321 1029 equi
2378 968 2491 1013 tum
2521 975 2784 1029 equorum
2816 975 3156 1019 ascensores,
3212 959 3383 1013 mutui

1821 1053 2095 1108 occisores
2149 1052 2300 1117 ﬂant,
2356 1053 2690 1122 multamque
2733 1050 2934 1106 eadem
2963 1050 3199 1105 emciant
3252 1052 3390 1102 alter

1824 1143 2051 1198 alterum
2112 1144 2503 1199 interimentes.
2540 1142 2696 1208 Quod
2734 1141 2951 1211 quidem
2980 1158 3079 1212 ego
3111 1157 3284 1212 agam,
3330 1149 3387 1194 nt

1826 1232 2001 1301 palam
2029 1235 2281 1288 omnibus
2305 1234 2416 1296 ﬂat,
2441 1233 2584 1287 haud
2623 1248 2878 1286 manuum
2908 1241 3213 1287 vestrarum
3245 1247 3384 1303 opus

1826 1321 1966 1376 hanc
2012 1337 2133 1377 esse
2156 1322 2279 1378 belli
2307 1322 2719 1376 conversionem
2749 1332 2906 1391 atque
2950 1322 3254 1384 victoriam,
3292 1322 3385 1376 sed

1827 1411 2081 1479 potentiae
2114 1426 2246 1467 mea:
2282 1410 2488 1465 viribus
2522 1411 2701 1464 omnia
2724 1425 2847 1465 esse
2884 1410 3151 1465 confecta.

152 1492 235 1544 ὅτι
283 1494 347 1545 οὐ
384 1493 481 1562 τῆς
510 1493 780 1564 ὑμετέρας
816 1493 906 1546 διὰ
947 1494 1124 1565 χειρὸς
1172 1496 1329 1568 ἔργον
1363 1502 1397 1571 ή
1444 1502 1617 1572 τροπὴ
1656 1500 1748 1555 τοῦ
1786 1503 2018 1574 πολέμου
2053 1505 2147 1558 καὶ⁹
2189 1506 2223 1571 ή
2265 1504 2421 1574 νίκη,
2466 1504 2570 1557 ὑπὸ
2628 1504 2683 1555 δὲ
2743 1504 2838 1573 τῆς
2874 1504 3155 1573 δυνάμεως
3195 1504 3387 1556 ἀπατε-

150 1581 405 1635 τέλεσται
431 1581 491 1634 τὸ
519 1582 624 1635 πᾶν
652 1582 750 1651 τῆς
779 1582 939 1652 ἐμῆς.

227 1672 377 1741 Στῖχ.
406 1670 505 1723 κδ’.
528 1700 599 1711 --
632 1689 650 1722 ι
697 1671 783 1723 Ἐν
808 1675 874 1743 τῇ
901 1673 1080 1745 ήμέρα
1120 1676 1321 1747 ἐκείνῃ,
1348 1676 1493 1746 λέγει
1520 1678 1721 1751 Κύριος

154 1760 587 1831 παντοκράτωρ,
624 1760 859 1831 λήψομαί
908 1765 1344 1836 σε,Ζοροϐἀϐελ,
1366 1768 1456 1821 τὸν
1493 1769 1585 1822 τοῦ
1621 1770 1722 1823 Σα-

1899 1675 2064 1731 Vsns.
2093 1674 2185 1729 24.
2209 1706 2277 1715 —
2328 1693 2348 1727 ι
2388 1674 2482 1729 Die
2524 1675 2636 1738 illa,
2672 1675 2805 1730 dicit
2843 1674 3105 1733 Dominus
3136 1680 3389 1750 omnipo-

1827 1773 1949 1821 tens
1974 1803 1989 1829 ,
2031 1780 2303 1821 assumam
2344 1774 2395 1822 te
2423 1766 2813 1822 Zorobabelem
2849 1766 3156 1823 Salathielis
3193 1770 3385 1831 lilium.

154 1851 355 1921 λσθιὴλ
378 1852 469 1904 τὸν
491 1851 670 1904 δοῦλόν
701 1870 821 1921 μου,
848 1853 997 1922 λέγει
1016 1856 1243 1927 Κύριος·
1270 1861 1361 1913 καὶ
1400 1861 1631 1933 θήσομαί
1663 1879 1722 1916 σε

1831 1873 2041 1914 servum
2092 1873 2294 1923 meum,
2330 1858 2463 1912 dicit
2503 1858 2764 1913 Dominus
2797 1877 2810 1913 :
2865 1870 2918 1915 et
2948 1876 3144 1929 ponam
3191 1871 3242 1917 te
3266 1871 3386 1917 tan-

152 1944 233 2007 ὡς
274 1944 574 2015 σφραγῖδα’
612 1943 743 1997 διότι
766 1961 823 1997 σε
854 1945 1098 2016 ᾑρέτισα,
1119 1948 1265 2017 λέγει
1296 1951 1494 2023 Κύριος
1530 1971 1723 2007 παντο-

152 2036 402 2105 κράτωρ.
444 2054 463 2087 s
496 2035 628 2087 Τότε
650 2035 735 2104 δὴ,
763 2037 945 2106 φησὶν,
976 2031 1021 2091 ὦ
1048 2041 1369 2110 Ζοροϐάϐελ,
1404 2043 1501 2113 τῆς
1521 2046 1725 2109 οἰκείας

150 2128 399 2193 ἀξιώσας
428 2126 727 2198 ἡγούμενον
762 2126 856 2179 τοῦ
908 2129 1296 2201 Ἰσραηλιτικοῦ
1321 2133 1473 2198 λαοῦ,
1512 2136 1725 2189 πάντων

154 2220 429 2293 κρατῆσαι
462 2218 897 2290 παρασκευάσω*
953 2220 1093 2274 ὥστε
1141 2221 1201 2286 ἐξ
1233 2224 1409 2276 αὐτῶν
1452 2224 1606 2294 δῆλον
1634 2243 1727 2294 γε-

152 2312 347 2366 νέσθαι
385 2310 492 2365 τῶν
528 2311 726 2382 ἔργων,
767 2313 848 2366 ὅτι
896 2312 1060 2384 ψήφῳ
1110 2317 1174 2385 τῇ
1219 2318 1325 2387 ἐμῇ
1375 2316 1621 2387 βασιλεύς
1667 2336 1725 2372 τε

152 2403 364 2475 ᾕρησαι
397 2402 650 2472 βεϐαίως,
689 2403 783 2457 καὶ
809 2404 1066 2475 ἀρεσκείᾳ
1095 2408 1159 2476 τῇ
1198 2406 1304 2477 ἐμῇ
1339 2409 1417 2468 είς
1445 2406 1542 2478 τὴν
1571 2407 1725 2472 ἀξίαν

152 2494 573 2566 προκεχείρισαι
613 2493 818 2565 ταύτην
842 2510 856 2522 ·
905 2494 1103 2559 παντὸς
1131 2496 1377 2560 συνέντος
1422 2500 1487 2551 ἂν
1532 2499 1726 2570 ῥᾳδίως

147 2586 236 2639 ὅτι
264 2585 559 2656 δυνηθῆναί
602 2603 660 2638 σε
700 2585 871 2640 ταῦτα
920 2587 1169 2658 οὐδαμῶς
1202 2584 1312 2643 οἷόν
1349 2608 1407 2643 τε
1452 2587 1539 2662 ἧν,
1572 2593 1619 2644 εἰ
1652 2593 1725 2663 μὴ

146 2677 300 2731 κατά
324 2677 549 2747 γνώμην
574 2677 715 2748 ἐμὴν
735 2676 797 2731 τὸ
836 2677 1135 2748 βασιλεύειν
1164 2679 1322 2751 ἔχων,
1346 2682 1450 2753 ἐμῇ
1480 2685 1546 2753 τῇ
1589 2685 1725 2753 ῥοπῇ

148 2767 247 2820 καὶ
273 2767 378 2838 τὴν
412 2766 679 2838 τοσαύτην
704 2771 1031 2842 κατεπράξω
1075 2771 1253 2844 νίκην.
1314 2773 1528 2844 Ἐπειδὴ
1556 2773 1664 2845 γάρ
1692 2776 1725 2845 ή

154 2860 403 2931 σφραγὶς
436 2859 785 2931 ἐπιτιθεμένη
819 2861 1115 2931 ἀσφάλειάν
1158 2881 1280 2918 τινα
1324 2868 1434 2928 τοῖς
1466 2865 1727 2935 ἐμϐαλλο-

149 2949 344 3019 μένοις
371 2949 630 3021 παρέχειν
666 2950 830 3013 δοκεῖ,
860 2951 1018 3005 τοῦτο
1053 2951 1201 3021 λέγει
1228 2952 1288 3006 τὸ
1309 2975 1355 3019 ,ι
1374 2956 1619 3025 Θήσομαί
1668 2972 1726 3008 σε

142 3039 222 3103 ὡς
255 3035 729 3111 σφραγῖδα,ιάντὶ
749 3038 873 3109 τοῦ,
904 3041 1071 3109 Δείξω
1100 3062 1159 3098 σε
1188 3045 1482 3114 ἀσφάλειαν
1516 3048 1609 3100 καὶ
1642 3047 1728 3117 βε-

146 3130 386 3185 ϐαίωσιν
408 3132 539 3187 ὄντα
562 3134 761 3198 παντὸς
786 3134 879 3187 τοῦ
910 3134 1063 3199 λαοῦ,
1098 3135 1193 3189 ἅτε
1218 3138 1483 3190 τοσούτων
1508 3140 1573 3209 τῇ
1602 3140 1727 3207 ήγε-

1826 1965 1988 2019 quam
2025 1950 2398 2020 signaculum;
2455 1951 2581 2021 quia
2635 1960 2686 2007 te
2724 1953 2884 2023 elegi,
2940 1953 3074 2008 dicit
3122 1954 3384 2010 Dominus

1825 2041 2189 2112 omnipotens.
2234 2060 2251 2092 ι
2284 2039 2438 2096 Tunc
2468 2057 2598 2097 vero
2629 2050 2702 2107 te,
2734 2045 2828 2107 ait,
2855 2060 2887 2099 ο
2910 2045 3233 2109 Zorobabel,
3269 2064 3387 2099 mea

1825 2131 2054 2202 dignans
2085 2132 2289 2187 auxilio
2325 2133 2517 2187 ducem
2576 2135 2760 2203 populi
2821 2136 3124 2201 lsraelitici,
3176 2141 3386 2191 cunctis

1824 2222 2094 2276 dominari
2125 2221 2316 2276 iaciam
2347 2243 2357 2276 :
2392 2223 2463 2275 ita
2501 2232 2558 2276 ut
2585 2237 2649 2277 ex
2690 2223 2824 2294 ipsis
2852 2226 3110 2295 operibus
3137 2229 3388 2297 explora—

1829 2322 1945 2368 tum
1979 2313 2090 2380 ﬁat,
2128 2322 2181 2369 te
2209 2312 2470 2383 suﬂ‘ragio
2493 2328 2611 2369 meo
2639 2331 2815 2386 regem
2853 2318 3100 2373 stabilem
3134 2321 3387 2384 electum,

1827 2416 2054 2472 meoque
2086 2403 2421 2472 beneplacito
2451 2403 2513 2457 ad
2534 2403 2670 2457 hanc
2689 2415 3027 2475 assumptum
3046 2408 3386 2479 dignitatern;

1829 2502 1886 2546 ut
1919 2509 2078 2549 nemo
2129 2508 2235 2548 non
2286 2493 2445 2550 facile
2478 2495 2741 2565 intelligat
2795 2505 2845 2552 te
2898 2499 3208 2555 nullatenus
3261 2502 3387 2556 talia
3464 2542 3467 2545 λ

1827 2586 2069 2654 pomisse
2099 2594 2317 2654 patrare
2367 2584 2629 2650 facinora,
2676 2587 2780 2643 nisi
2831 2589 3107 2645 voluntate
3146 2607 3264 2646 mea
3294 2608 3389 2647 rex

1828 2675 2023 2740 factus,
2047 2690 2147 2745 ope
2170 2675 2375 2746 pariter
2404 2692 2523 2733 mea
2549 2678 2831 2734 victoriam
2856 2687 3061 2734 tantam
3085 2683 3385 2739 retulisses.

1826 2767 1960 2824 Nam
1988 2771 2129 2825 sicut
2147 2771 2486 2842 signaculum
2512 2772 2826 2843 impositum
2846 2775 3069 2829 tutelam
3093 2778 3384 2847 quamdam

1827 2863 2120 2932 suppositae
2140 2862 2220 2916 rei
2246 2862 2497 2918 conferre
2522 2863 2753 2930 videtur,
2784 2866 2907 2920 ideo
2948 2866 3081 2921 dicit
3106 2886 3119 2922 :
3142 2887 3159 2919 ι
3184 2867 3387 2923 Ponam

1826 2960 1881 3008 te
1912 2963 2169 3024 tanquam
2209 2956 2573 3024 signaculum,
2600 2973 2619 3007 ι
2654 2955 2708 3010 id
2742 2965 2847 3021 est,
2868 2955 3157 3013 Ostendam
3189 2968 3241 3015 te
3269 2976 3393 3015 esse

1828 3044 1993 3116 284
2042 3048 2266 3099 tutelam
2304 3046 2576 3114 totiusque
2626 3048 2808 3117 populi
2834 3048 3253 3117 ﬁrmamentum,
3296 3052 3390 3121 qui

1828 3135 1957 3186 talia
1984 3133 2186 3189 ducatu
2217 3143 2312 3188 tuo
2330 3141 2658 3189 consecutus
2708 3142 2812 3196 est,
2843 3135 2935 3203 qui
2975 3151 3094 3191 meo
3130 3135 3387 3206 suﬂ‘ragio

146 3221 324 3292 μανίᾳ
369 3224 725 3294 τυγχάνοντος
765 3228 831 3296 τῇ
866 3229 930 3297 σῇ
953 3267 968 3290 ,
1001 3227 1184 3298 ἐπειδὴ
1213 3228 1378 3300 ψήφῳ
1416 3230 1548 3302 πρὸς
1569 3230 1725 3286 τοῦτο

1831 3224 1894 3279 ad
1920 3223 1974 3278 id
2001 3223 2159 3279 ollicii
2187 3224 2392 3279 electus
2425 3239 2506 3279 es.
2539 3222 2633 3279 Sic
2664 3224 2826 3279 etiam
2859 3224 2912 3278 in
2957 3223 3265 3295 Evangeliis
3300 3226 3385 3279 di-

147 3312 360 3384 ᾗρησαι
395 3316 463 3384 τῇ
502 3316 630 3387 ἐμῇ.
664 3315 846 3379 Οὕτως
874 3319 969 3370 καὶ
1001 3318 1058 3370 ὲν
1098 3320 1210 3382 τοῖς
1242 3319 1591 3388 Εὑαγγελίοις
1636 3322 1727 3375 λέ-

149 3421 239 3471 γει
264 3420 279 3433 ’
371 3424 389 3456 ι
429 3405 629 3459 Τοῦτον
656 3408 764 3479 γὰρ
796 3411 823 3461 ό
857 3410 1045 3481 Πατὴρ
1077 3411 1405 3481 ἐσφράγισεν
1441 3415 1470 3465 ό
1496 3412 1663 3479 Θεὸς,
1700 3433 1721 3468 ι

146 3495 275 3549 ἀντὶ
322 3496 415 3549 τοῦ
435 3536 449 3559 ,
483 3498 681 3551 Τοῦτον
715 3499 944 3567 βεϐαίως
967 3501 1218 3568 ἀπέδειξε
1243 3502 1496 3572 πρόξενον
1526 3503 1727 3559 ἀπασιν

146 3584 469 3656 ἀνθρώποις
506 3586 613 3641 τῶν
654 3588 922 3658 μεγίστων
974 3590 1212 3658 ἀγαθῶν.
1241 3588 1328 3660 (p.
1374 3591 1510 3659 4⁸51)
1560 3593 1670 3646 Καὶ
1702 3594 1731 3646 ό

150 3678 433 3757 μακάριος
469 3678 527 3731 δὲ
566 3677 808 3742 Παῦλοςο
879 3698 897 3731 ι
945 3681 1009 3733 Ἡ
1051 3680 1158 3751 γάρ
1202 3682 1433 3753 σφραγὶς
1458 3682 1555 3752 τῆς
1595 3683 1731 3753 ὲμῆς

144 3770 469 3839 ἀποστολῆς
508 3770 664 3839 ὑμεῖς
705 3772 857 3835 ἐστε,
910 3790 929 3823 ι
966 3768 1085 3824 ἀντὶ
1114 3766 1242 3833 τοῦ,
1302 3772 1589 3827 Βεϐαιοῠτέ
1639 3790 1730 3844 μοι

140 3861 249 3929 τὴν
291 3860 803 3931 ἀποστολὴν,ὐμεῖς
856 3863 902 3913 οί
946 3863 1386 3926 πεπιστευκότες.
1429 3862 1531 3917 Τὸν
1568 3864 1731 3918 αὐτὸν

136 3949 242 4007 οὖν
286 3954 494 4023 τρόπον
538 3952 814 4007 κάνταῦθα
857 3952 1001 4022 λέγει
1047 3954 1136 4017 τὸ,
1200 3972 1218 4005 ι
1257 3954 1503 4025 Θήσομαί
1551 3972 1611 4008 σε
1657 3955 1733 4018 ὡς

142 4045 467 4117 σφραγῖδα,
509 4062 528 4096 ι
563 4045 682 4096 ἀντὶ
715 4043 807 4095 τοῦ
829 4083 844 4106 ,
886 4042 1116 4096 Βεϐαίαν
1140 4043 1405 4107 ἀποδείξω
1444 4044 1540 4114 τὴν
1580 4044 1731 4113 βασι-

137 4134 307 4186 λείαν
352 4132 455 4203 τὴν
504 4132 599 4202 σὴν
639 4133 725 4186 ἐπ’
767 4133 1001 4201 ἀσφαλεῖ
1051 4134 1303 4187 ἁπάντων
1346 4132 1454 4186 τῶν
1487 4133 1729 4200 οἰκείων,

137 4223 428 4294 ἀρεσκείᾳ
458 4222 905 4294 προϐεϐλημένην
936 4225 1001 4293 τῇ
1035 4225 1162 4295 ἐμῇ.
1200 4224 1433 4288 Εἰκότως
1467 4225 1523 4279 δὲ
1558 4226 1734 4281 ἀπαν-

143 4314 330 4386 ταχοῦ
361 4316 519 4384 κοινῇ
554 4312 689 4386 πρός
708 4330 765 4366 τε
791 4313 880 4365 τὸν
927 4315 1228 4385 Ζοροϐάϐελ
1261 4316 1353 4369 καὶ
1397 4316 1487 4369 τὸν
1527 4317 1733 4389 Ἰησοῦν

1828 3316 1971 3370 citur
1994 3332 2008 3369 ;
2028 3314 2214 3370 «Hunc
2233 3314 2375 3369 enim
2407 3313 2568 3369 Pater
2607 3315 2842 3385 signavit
2892 3313 3033 3369 Deus
3084 3315 3149 3377 δ’,
3174 3315 3259 3369 »ἰιι
3283 3324 3388 3378 est.

1830 3405 2222 3461 Huncﬁrmiter
2236 3405 2467 3476 praebuit
2498 3406 2636 3461 Deus
2657 3405 2898 3461 datorem
2922 3406 3133 3461 cunctis
3158 3406 3391 3460 homini—

1831 3499 1935 3554 bus
1968 3498 2325 3551 maximorum
2356 3498 2643 3552 bonorum.
2676 3495 2813 3551 Tum
2850 3504 2903 3552 et
2933 3498 3124 3553 beatus
3144 3495 3346 3550 Paulus
3370 3515 3389 3550 :

1835 3607 1855 3642 ι
1893 3588 2242 3659 Signaculum
2270 3587 2606 3658 apostolatus
2650 3585 2826 3642 nostri
2875 3600 2973 3640 vos
3002 3583 3261 3648 estis,»id
3285 3590 3389 3647 est,

1830 3680 2084 3737 Firmatis
2100 3676 2231 3731 mihi
2256 3677 2619 3746 apostolatum
2653 3691 2751 3731 vos
2801 3676 2895 3746 qui
2932 3672 3261 3729 credidistis.
3292 3674 3395 3727 Eo-

1830 3771 1951 3827 dem
1978 3771 2160 3840 itaque
2189 3770 2349 3825 modo
2377 3771 2463 3825 hic
2505 3770 2669 3825 etiam
2698 3769 2830 3824 dicit
2860 3768 2904 3799 ‘°
2934 3786 2947 3821 :
2978 3784 2996 3818 ‹
3031 3766 3233 3821 Ponam
3253 3775 3303 3819 te
3338 3775 3395 3819 ut

1831 3861 2191 3933 signaculum,
2218 3878 2237 3911 ι
2262 3859 2313 3914 id
2342 3858 2659 3925 eSt,Stabile
2677 3859 2956 3914 ostendam
2978 3872 3201 3927 regnum
3218 3866 3393 3917 tuum.

1831 3952 1977 4023 quod
2012 3952 2082 4007 ob
2111 3961 2329 4005 tuorum
2370 3952 2611 4006 omnium
2668 3952 2917 4015 tutelam,
2949 3950 3228 4004 voluntate
3275 3962 3396 4001 mea

1832 4044 2191 4099 constitutum
2222 4042 2344 4097 fuit.
2367 4041 2486 4097 1am
2522 4058 2645 4097 cum
2679 4043 2879 4113 ubique
2906 4042 3270 4097 communiter
3298 4039 3398 4093 Zo-

1832 4131 2142 4187 robabelem
2190 4132 2352 4186 simul
2389 4139 2443 4187 et
2487 4130 2671 4187 Jesum
2729 4132 2998 4187 allocutus
3059 4130 3151 4195 sit,
3203 4129 3397 4184 merito

1834 4237 1982 4277 nunc
2064 4222 2455 4279 Zorobabelem
2531 4223 2707 4279 solum
2799 4222 3114 4294 alloquitur,
3224 4236 3397 4292 quan—

1835 4314 2128 4385 doquidem
2194 4316 2322 4372 belli
2382 4316 2615 4373 ducatus
2697 4317 2810 4388 regi
2870 4315 3143 4386 praecipue
3200 4329 3397 4369 conve-

128 4405 571 4475 διαλεγόμενος,
631 4404 862 4458 ἐνταῦθα
908 4405 1043 4476 πρὸς
1083 4406 1173 4459 τὸν
1225 4407 1527 4480 Ζοροϐάϐελ
1571 4409 1734 4480 μόνον
1837 4406 2041 4462 niebat.

129 4496 461 4567 ἀποιήσατο
509 4493 599 4547 τὸν
644 4493 798 4561 λόγον
818 4537 833 4560 ,
884 4495 1178 4567 ἐπειδήπερ
1220 4496 1315 4548 τοῦ
1358 4497 1591 4570 πολέμου
1635 4500 1734 4571 τήν

128 4584 462 4657 ἠγεμονίαν
488 4583 567 4654 τῷ
602 4582 812 4653 βασιλεῖ
840 4584 1075 4655 μάλιστα
1108 4586 1400 4656 προσήκειν
1422 4569 1604 4657 ἐχρῆν.
1690 4569 1698 4571 ἡ
1764 4569 1810 4625 Ῐ)

206 4721 262 4752 ³⁹
291 4718 464 4774 Joan.
492 4734 570 4784 vr,
593 4718 683 4774 27.
758 4716 851 4772 ⁵⁸1
884 4718 1012 4774 Cor.
1045 4730 1123 4787 ix,
1161 4720 1217 4773 2.

720 4985 1279 5072 EPMHNEIA
1352 4984 1725 5075 ΖΑΧΑΡ]

1831 4991 1896 5078 Υ
1951 4993 2177 5079 ΤΟΥ
2229 4992 2874 5086 ΠΡΟΦΗΤΟΥ.

112 5340 1302 5458 COMMENTARIUS
1386 5347 1530 5458 IN
1590 5344 2425 5465 ZACHARIAM
2487 5354 3409 5469 PROPHETAM.

188 5716 388 5775 Κατὰ
422 5715 515 5769 τὸν
556 5716 719 5771 αὐτὸν
755 5717 943 5788 καιρὸν
1004 5718 1240 5789 ’Δγγαίῳ
1276 5722 1527 5792 προφήτῃ
1580 5722 1737 5792 δῆλός

102 5814 243 5867 ἐστι
288 5808 411 5863 καὶ
434 5808 466 5859 ό
504 5808 773 5878 μακάριος
807 5808 1164 5879 προφητεύων
1200 5811 1503 5882 Ζαχαρίας*
1539 5814 1597 5866 ὲν
1630 5814 1737 5867 ἔτει

1918 5726 2033 5782 Sub
2055 5725 2195 5782 idem
2234 5734 2470 5797 tempus,
2503 5744 2614 5799 quo
2662 5730 2854 5786 beatus
2901 5730 3132 5802 Aggaus
3195 5731 3249 5787 in
3296 5746 3407 5801 pro-

1847 5817 2023 5885 phetis
2052 5818 2397 5883 versabatur,
2423 5819 2643 5875 beatum
2672 5822 2834 5877 etiam
2868 5821 3189 5877 Zachariam
3222 5822 3405 5881 vatici-
