3934 6536
194 326 298 386 497

1138 336 1686 393 COMMENTARIUS
1719 337 1784 393 IN
1819 337 2191 392 ZACHARIJE
2224 337 2376 395 CAP.
2408 338 2447 392 l.

3288 401 3290 403 b
3317 335 3418 390 ws

186 437 370 506 λόγος,
401 441 662 514 πρόδηλον
713 446 811 516 μὲν
855 447 935 500 δτι
978 447 1072 502 καὶ
1130 449 1404 522 Ἀσσύριοι
1438 450 1530 504 καὶ
1581 448 1753 502 Βαϐυ-

1876 457 2069 504 :onstat
2131 450 2383 520 Assyrios
2445 464 2509 504 ac
2561 449 2888 521 Babylonios
2938 456 3062 503 ante
3104 447 3155 502 id
3203 456 3413 514 tempus

188 527 367 584 λώνιοι
395 531 696 590 δεδώκεσαν
719 535 815 607 ήδη
842 536 996 602 δίκας
1019 539 1160 594 κατά
1185 542 1274 595 τὸν
1302 541 1492 611 καιρὸν
1523 541 1747 594 ἐκεῖνον.

189 620 406 690 Μήδους
430 623 487 675 δὲ
524 625 703 697 Κύρος
738 628 980 682 καθεῖλεο
1026 631 1144 702 μεθ’
1172 632 1232 684 ὃν
1269 632 1526 704 τέταρτος
1564 633 1751 700 γέγονε

190 712 430 782 Δαρεῖος·
484 717 633 784 παρά
667 717 889 788 Περσῶν
933 719 990 774 δέ
1022 721 1145 774 οὑδὲ
1191 723 1381 791 γέγονέ
1419 740 1473 776 τι
1521 720 1752 792 χαλεπὸν

188 805 302 865 τοῖς
354 802 746 877 Ἰσραηλίταις·
795 811 1103 865 τούναντίον
1159 814 1255 884 μὲν
1280 809 1372 868 οὖν
1422 809 1481 867 εὖ
1523 814 1626 867 ὑπὸ
1657 813 1755 882 τῆς

191 895 464 970 βασιλείας
509 897 705 954 ἔπαθον
728 903 960 974 ἐκείνης,
995 905 1256 976 πρότερον
1291 906 1390 976 μὲν
1417 907 1611 968 αὑτοὺς
1640 905 1754 960 Κύ-

196 1003 287 1056 ρου
321 988 414 1056 τοῦ
457 990 670 1062 πρώτου
706 992 1120 1068 βασιλεύσαντος
1149 995 1379 1064 ἀφέντος
1425 996 1524 1066 τῆς
1556 997 1754 1066 αἰχμα-

189 1078 424 1146 λωσίας,
473 1085 590 1151 μετ’
640 1085 814 1140 ἐκεῖνο
846 1085 901 1138 δὲ
950 1087 1178 1158 Δαρείου
1230 1089 1340 1150 τοῖς
1389 1086 1592 1151 λοιποῖς
1648 1087 1755 1139 τῶν

203 1169 472 1226 Ἰουδαίων
525 1174 616 1228 τοῦ
654 1176 896 1231 ἀνελθεῖν
934 1181 1014 1241 εἰς
1062 1181 1130 1231 τὰ
1169 1181 1342 1232 οἰκεῖα
1385 1178 1756 1249 παρασχόντος

193 1263 290 1331 τὴν
341 1262 542 1318 ἄδειαν.
594 1265 656 1318 Εἰ
683 1265 739 1319 δὲ
781 1268 874 1321 καὶ
905 1268 1069 1339 ἕτερά
1097 1286 1179 1332 τις
1212 1268 1450 1338 βούλοιτο
1501 1270 1759 1339 σημαίνε-

191 1352 320 1404 σθαι
364 1352 433 1405 τὰ
476 1355 716 1426 τέσσαρα
756 1357 960 1428 κέρατα
1007 1359 1191 1422 κακῶς
1237 1359 1602 1414 διατεθεικότα
1635 1361 1759 1424 τοὺς

205 1442 540 1516 Ἰσραηλίτας
569 1447 660 1498 ἐπὶ
691 1447 781 1500 τοῦ
825 1449 925 1519 τῆς
955 1449 1330 1520 αἰχμαλωσίας
1360 1450 1584 1523 καιροῦ,
1624 1452 1760 1523 πρό-

191 1534 352 1603 δηλον
376 1536 458 1589 ὅτι
490 1536 714 1591 κάκεῖνα
739 1538 911 1611 πέρας
939 1540 1167 1610 εἰλήφει.
1211 1540 1348 1595 Ἀλλ’
1372 1542 1545 1595 ἔοικεν
1577 1543 1605 1596 ό
1631 1559 1761 1614 προσ

191 1626 373 1696 φήτης
404 1626 511 1678 τῶν
551 1627 805 1682 τοιούτων
856 1628 945 1683 διὰ
972 1629 1129 1685 τοῦτο
1173 1632 1527 1704 μνημονεύειν
1545 1673 1561 1697 ,
1591 1633 1666 1696 ὡς
1696 1633 1762 1686 ἂν

192 1719 290 1771 καὶ
323 1719 422 1787 τῆς
453 1717 599 1782 θείας
625 1719 840 1790 χάριτος
865 1721 952 1774 διά
991 1722 1146 1775 τοῦτο
1176 1722 1270 1777 νῦν
1301 1722 1447 1794 αὑτῷ
1475 1722 1630 1775 τοῦτο
1657 1722 1763 1775 δειη

193 1808 496 1880 κνυούσης,
539 1811 604 1862 ἶν’
636 1813 699 1864 ἐκ
730 1814 828 1882 τῆς
862 1812 1252 1882 ἀποκαλύψεως
1291 1813 1392 1885 τῆς
1421 1813 1569 1876 θείας
1601 1813 1762 1877 αὑτός

190 1915 255 1951 τε
306 1898 524 1968 βεϐαίαν
553 1900 650 1974 ἔχῃ
676 1904 780 1956 τῶν
806 1904 1104 1972 γεγονότων
1135 1905 1231 1977 τὴν
1264 1905 1470 1970 πίστιν,
1507 1905 1602 1958 καὶ
1637 1905 1762 1968 τοὺς

190 1989 491 2055 ἀκούοντας
532 1992 589 2045 δὲ
627 1993 866 2064 ἀκριϐῶς
899 1995 1188 2049 πεπεῖσθαι
1221 1995 1462 2067 διδάσκῃ,
1496 1997 1577 2049 ὃτι
1615 1994 1762 2066 μένει

194 2083 298 2152 μὲν
337 2085 370 2154 ἡ
403 2083 511 2138 τῶν
561 2085 940 2158 λελυπηκότων
975 2089 1168 2151 αὐτοὺς
1198 2089 1470 2160 τιμωρίαο
1517 2088 1665 2159 μένει
1707 2088 1764 2141 δὲ

192 2175 292 2227 καὶ
332 2176 513 2239 αὐτοῖς
539 2176 728 2246 βέϐαια
752 2178 822 2234 τά
845 2179 945 2249 τῆς
971 2179 1214 2251 δοθείσης
1238 2181 1572 2252 εὐεργεσίας.
1607 2179 1766 2252 Εἴρη-

191 2282 289 2317 ται
319 2265 376 2319 δὲ
405 2267 575 2320 ταῦτα
605 2270 736 2339 ἡμῖν
763 2271 860 2342 οὑχ
909 2271 1092 2346 ἀπλῶς
1114 2314 1128 2334 ,
1163 2271 1277 2325 ἀλλ’
1309 2271 1396 2327 ἵνα
1431 2272 1504 2342 μὴ
1545 2272 1636 2324 ἐπὶ
1665 2271 1766 2340 τῆς

195 2358 345 2411 κατὰ
389 2359 551 2431 μέρος
592 2363 883 2434 ἑρμηνείας
914 2363 1144 2434 ὁρῶντές
1167 2382 1290 2418 τινα
1331 2364 1660 2438 μηνυόμενα,
1690 2362 1766 2425 ὡς

195 2448 265 2502 ἂν
299 2450 533 2521 ἐσόμενα
552 2492 567 2516 ,
595 2451 631 2507 ἃ
655 2454 874 2521 γέγονεν
897 2455 1017 2526 ἤδη,
1048 2455 1412 2526 θαυμάζωμεν
1439 2456 1473 2527 ἦ
1500 2455 1768 2526 διαπορῶ-

194 2560 304 2613 μεν
335 2544 462 2614 περὶ
486 2543 580 2596 τοῦ
620 2547 893 2616 σχήματος
923 2547 1015 2600 τοῦ
1045 2547 1355 2618 λεγομένου.
1405 2547 1488 2618 (p.
1520 2547 1655 2616 455)
1687 2547 1731 2599 Τ
1734 2547 1768 2601 ὰ

195 2633 306 2702 μὲν
325 2633 389 2704 δὴ
409 2635 507 2706 τῆς
528 2635 828 2699 ὑποθέσεως
850 2638 906 2690 ἐν
926 2636 1132 2700 τούτοις
1147 2653 1160 2667 ⁸
1187 2638 1324 2690 κατὰ
1346 2637 1507 2708 μέρος
1528 2637 1584 2690 δὲ
1600 2654 1769 2709 προσ-

191 2723 392 2778 εκτέον
420 2724 624 2792 λοιπὸν,
658 2725 840 2790 καθὼς
877 2726 941 2781 ἂν
971 2729 1004 2798 ἡ
1037 2728 1155 2782 θεία
1193 2729 1350 2798 χάρις
1376 2727 1520 2798 διδῷ.

849 2817 1004 2869 ΚΕΦ.
1045 2817 1122 2868 A’.

274 2903 428 2973 Στίχ.
459 2903 599 2979 tri-5'.
623 2935 695 2947 —
729 2924 746 2958 ι
786 2907 872 2961 Ἐν
898 2905 976 2976 τῷ
1014 2907 1180 2978 ὀγδόῳ
1205 2909 1334 2977 μηνὶ
1354 2907 1505 2971 ἔτους
1525 2907 1772 2979 δευτέρου

194 2999 297 3050 ἐπὶ
332 2998 576 3068 Δαρείου,
619 2999 830 3064 ἐγένετο
877 2998 1032 3066 λόγος
1075 2999 1275 3070 Κυρίου
1320 2999 1453 3071 πρὸς
1504 2999 1774 3072 Ζαχαρίαν

193 3089 294 3141 τὸν
340 3088 434 3143 τοῦ
469 3090 768 3160 Βαραχίου,
801 3091 914 3143 υἱὸν
967 3088 1130 3143 Ἐδδὼ
1151 3134 1164 3157 ,
1199 3091 1291 3144 τὸν
1326 3092 1640 3162 προφήτην,
1683 3089 1770 3142 λέ-

191 3197 335 3247 γων.
377 3198 396 3231 ι
440 3180 542 3232 Τὸν
578 3181 674 3251 μὲν
711 3180 896 3250 χρόνον
926 3181 1192 3252 ἐδήλωσεν
1225 3181 1281 3234 ἐν
1312 3180 1520 3244 τούτοις
1560 3179 1681 3233 καθ’
1715 3180 1772 3233 ὃν

192 3270 414 3341 ἠξιώθη
448 3271 545 3341 τῆς
577 3271 971 3340 ἀποκαλύψεως
1007 3273 1105 3341 τῆς
1146 3271 1328 3334 θείας·
1369 3271 1489 3324 τίνα
1535 3271 1591 3324 δὲ
1633 3271 1774 3342 άπερ

195 3360 500 3431 ἐκελεύσθη
533 3361 668 3432 πρὸς
695 3361 786 3414 τὸν
814 3362 940 3415 λαὸν
967 3363 1161 3427 εἰπεῖν,
1186 3362 1310 3432 ἐξῆς
1340 3363 1556 3431 ἐπάγει.
1589 3382 1607 3412 ι
1653 3363 1774 3432 Ὠρ-

194 3453 368 3524 γίσθη
429 3454 632 3523 Κύριος
681 3454 774 3506 ἐπὶ
821 3455 947 3517 τοὺς
986 3454 1227 3525 πατέρας
1269 3454 1422 3523 ὑμῶν
1461 3454 1629 3527 ὀργὴν
1677 3471 1773 3524 με-

195 3547 399 3615 γάλην.
451 3564 468 3598 ι
506 3546 720 3617 Πρέπον
755 3545 832 3617 τῷ
865 3547 1041 3620 καιρῷ
1068 3548 1128 3600 τὸ
1170 3548 1453 3620 προοίμιον
1484 3548 1777 3619 ἐποιήσατο

194 3639 225 3690 ὁ
259 3639 568 3709 προφήτηςο
599 3639 786 3710 ἐπειδὴ
817 3640 923 3710 γὰρ
952 3639 1150 3709 νεαρὰν
1175 3640 1268 3694 καὶ
1295 3638 1514 3693 ἔναυλον
1541 3639 1650 3692 τῶν
1679 3640 1777 3710 τῆς

195 3729 580 3798 αἰχμαλωσίας
614 3731 797 3784 κακῶν
837 3727 982 3801 εἶχον
1023 3731 1119 3802 τὴν
1155 3736 1394 3803 μνήμην,
1429 3731 1550 3802 ἄρτι
1588 3748 1647 3783 τε
1677 3731 1775 3784 αὑ-

192 3822 305 3891 τῆς
328 3821 737 3890 ἀπαλλαγέντες
767 3825 858 3876 καὶ
882 3825 960 3886 εἰς
987 3823 1055 3876 τά
1079 3825 1254 3876 οἰκεῖα
1276 3822 1591 3877 ἐπανελθεῖν
1619 3823 1778 3893 δυνη-

195 3913 414 3979 θέντες,
442 3913 666 3976 εἰκότως
697 3914 802 3985 πρὸ
829 3914 1030 3979 παντὸς
1054 3913 1213 3982 λόγου
1240 3915 1339 3985 τῆς
1369 3915 1654 3986 συμφορᾶς
1681 3915 1778 3966 αὑ-

192 4009 332 4070 τοὺς
368 4006 777 4077 ὑπομιμνήσκει
807 4006 907 4076 τῆς
939 4006 1139 4077 ἀρτίως
1169 4005 1574 4077 γεγενημένηςο
1606 4006 1681 4070 ώς
1715 4006 1779 4058 ἂν

193 4100 268 4167 τῇ
302 4099 499 4169 μνήμῃ
525 4096 632 4150 τῶν
661 4098 956 4166 γεγονότων
978 4097 1329 4166 φυλάττοιντο
1355 4098 1435 4160 εἰς
1459 4101 1650 4169 πεῖραν
1673 4098 1780 4151 τῶν

188 4188 389 4241 αὑτῶν
428 4187 759 4258 καταστῆναι
799 4187 978 4240 πάλιν.
1027 4187 1172 4240 Ἰστε
1219 4186 1355 4258 γάρ,
1392 4186 1591 4258 φησὶν,
1625 4187 1779 4258 ὀργι-

191 4281 357 4342 σΘεὶς
388 4278 580 4348 ἡλίκην
608 4280 718 4341 τοῖς
749 4279 984 4348 πατράσι
1017 4279 1128 4340 τοῖς
1177 4278 1462 4348 ὑμετέροις
1504 4278 1781 4348 ἐπήγαγον

183 4371 505 4442 τιμωρίαν,
537 4370 662 4422 οἴων
686 4387 745 4448 τε
768 4371 963 4430 αὑτοὺς
991 4369 1077 4423 διὰ
1100 4369 1197 4440 τὴν
1226 4369 1511 4423 ἀπείθειαν
1537 4371 1594 4422 ὲν
1618 4369 1782 4439 πείρᾳ

1853 553 2045 608 poenas
2072 538 2264 593 luisse.
2305 537 2489 592 Medos
2527 537 2656 592 item
2697 537 2927 609 imperio
2969 552 2999 590 a
3032 537 3172 608 Cyro
3214 538 3416 606 spolia-

1854 635 1940 683 tos
1979 627 2229 683 scimus:
2271 634 2394 696 post
2432 642 2590 697 quem
2635 628 2883 698 reliquus
2925 635 3010 684 est
3050 637 3277 696 quartus
3311 627 3415 680 Da-

1855 721 1994 776 rius.
2028 717 2199 774 Porro
2233 733 2262 772 a
2305 717 2490 773 Persis
2523 718 2660 771 nihil
2703 719 2991 782 molestum
3026 718 3290 774 lsraelitis
3333 732 3416 770 ac-

1856 809 2020 876 cidit;
2061 809 2170 862 imo
2211 807 2393 862 omnia
2442 821 2602 862 secus
2641 807 2710 862 ab
2747 809 2975 862 istorum
3015 823 3183 878 regno
3210 810 3414 877 experti

1855 910 2019 966 sunt;
2060 898 2201 971 Cyro
2249 900 2482 970 prinuun
2527 897 2740 967 imperii
2789 907 3008 954 auctore
3052 901 3414 970 captivitatem

1855 991 2134 1056 solvente;
2173 988 2366 1042 deinde
2408 986 2569 1040 Dario
2603 984 2801 1043 ludatis
2852 988 3077 1057 reliquis
3121 996 3180 1042 ut
3220 989 3273 1042 in
3323 1003 3417 1058 pa-

1861 1082 2022 1134 triam
2069 1079 2306 1135 redirent
2345 1078 2626 1148 largiente.
2661 1078 2812 1143 Quod
2859 1079 2903 1132 si
2936 1078 3058 1147 quis
3099 1079 3242 1133 aliud
3288 1080 3418 1148 quid

1859 1173 1947 1228 his
1993 1183 2228 1242 quatuor
2267 1171 2545 1233 cornibus,
2600 1186 2720 1240 quae
2772 1170 3032 1226 lsraelitis
3088 1171 3419 1240 captivitatis

1862 1273 2103 1334 tempore
2133 1270 2457 1331 nocuerunt,
2491 1263 2792 1333 signiﬁcari
2841 1263 3160 1323 arbitratur,
3206 1271 3421 1317 constat

1859 1354 1910 1408 id
1935 1369 2152 1424 quoque
2181 1353 2291 1422 jam
2321 1360 2434 1407 tum
2469 1352 2627 1407 linem
2658 1351 2870 1406 fecisse.
2906 1351 3011 1405 Sed
3041 1353 3184 1406 enim
3211 1352 3422 1408 videtur

1863 1446 2120 1515 propheta
2153 1444 2358 1499 idcirco
2396 1444 2592 1497 horum
2632 1443 2945 1497 meminisse
2977 1443 3178 1512 (divina
3218 1444 3425 1498 scilicet

1859 1538 2030 1608 gratia
2073 1536 2143 1589 ob
2179 1535 2233 1589 id
2283 1537 2460 1604 ipsum
2502 1535 2616 1588 haec
2654 1532 2840 1588 eadem
2872 1535 2920 1587 ei
2971 1534 3420 1601 demonstrante),

1861 1636 1921 1680 ut
1958 1642 1988 1680 a
2031 1626 2242 1682 caelesti
2281 1626 2608 1681 revelatione
2655 1632 2862 1679 certum
2899 1625 3014 1694 ipse
3067 1641 3246 1679 rerum
3302 1641 3425 1695 per-

1864 1727 2107 1772 actarum
2135 1717 2510 1778 testimonium
2539 1716 2842 1785 acciperet,
2881 1731 3120 1785 suosque
3150 1716 3425 1772 auditores

1793 1791 1836 1847 Β
1866 1809 2091 1863 omnino
2141 1807 2401 1862 certiores
2437 1806 2638 1860 laceret
2682 1804 2750 1861 de
2795 1804 3013 1860 decreta
3051 1805 3289 1860 inimicis
3333 1822 3428 1862 eo-

1867 1917 1986 1955 rum
2020 1913 2203 1970 paena,
2256 1907 2310 1953 et
2352 1896 2418 1952 de
2458 1896 2709 1952 beneﬁcii
2768 1896 3040 1965 impetrati
3092 1897 3424 1951 constantia.

1863 1994 2044 2064 Atque
2092 1993 2206 2046 haec
2235 2005 2332 2062 ego
2361 2005 2468 2044 non
2511 1996 2715 2043 temere
2759 1988 3019 2058 praefatus
3058 2004 3204 2052 sum,
3241 1989 3336 2045 sed
3370 1998 3428 2044 ut

1867 2083 1995 2138 dum
2048 2083 2106 2137 in
2147 2096 2314 2137 cursu
2357 2079 2826 2150 interpretationis
2867 2079 3110 2149 quaedam
3146 2079 3284 2136 forte
3327 2096 3426 2136 ceu

1867 2177 2048 2231 futura
2089 2181 2402 2238 occurrent,
2435 2173 2681 2243 quaejam
2710 2179 3024 2239 evenerant,
3053 2187 3122 2226 ne
3147 2173 3426 2236 miremur,

1868 2284 2044 2339 neque
2074 2268 2140 2323 de
2186 2267 2287 2334 rei,
2324 2280 2444 2336 qua:
2486 2264 2709 2328 dicitur,
2750 2263 2932 2318 oblata
2978 2265 3160 2336 specie
3192 2267 3433 2338 ambiga-

1867 2375 2010 2415 mus.
2055 2357 2130 2414 De
2162 2357 2460 2429 prophetia:
2490 2361 2814 2425 argumento
2848 2355 3134 2412 hactenus.
3175 2355 3433 2425 Superest

1871 2459 2048 2506 utres
2095 2448 2358 2519 singulas,
2413 2457 2576 2518 prout
2617 2443 2803 2499 divina
2853 2449 3027 2516 gratia
3078 2449 3432 2511 concesserit,

1868 2557 2276 2613 persequamur.

2527 2812 2676 2868 CAP.
2714 2813 2754 2866 l.

1952 2908 2110 2963 Vens.
2147 2907 2262 2962 l-l.
2291 2935 2360 2945 —
2387 2923 2406 2956 ι
2441 2905 2645 2960 Octavo
2679 2919 2868 2959 mense
2896 2902 3024 2956 anni
3058 2900 3307 2962 secundi,
3335 2901 3436 2952 im-

1877 3012 2102 3073 perante
2133 2999 2315 3064 Dario,
2353 2998 2529 3054 factus
2560 3008 2644 3054 est
2670 3012 2852 3052 sermo
2884 2995 3096 3048 Domini
3132 2993 3194 3046 ad
3225 2991 3440 3044 Zacha-

1877 3096 2015 3150 riam
2041 3093 2338 3158 Baracliiae,
2367 3091 2463 3144 ﬁlii
2490 3090 2601 3162 (57)
2628 3088 2890 3149 Eddonis,
2917 3085 3254 3156 prophetam.
3293 3104 3309 3133 ι
3343 3079 3440 3134 His

1876 3187 2056 3240 verbis
2105 3194 2316 3253 tempus
2365 3181 2672 3252 signiﬁcat,
2709 3179 2868 3249 287
2898 3194 3006 3246 quo
3056 3175 3235 3229 divina
3290 3187 3441 3225 reve-

1877 3277 2076 3330 latione
2128 3275 2328 3345 dignus
2386 3273 2605 3326 habitus
2651 3281 2734 3324 est
2769 3288 2782 3324 :
2821 3264 3079 3335 deinceps
3120 3280 3250 3318 vero
3291 3263 3439 3316 addit

1874 3384 1993 3438 qme
2047 3366 2112 3421 ad
2160 3366 2416 3436 p0pulum
2463 3361 2610 3432 loqui
2645 3361 2839 3431 jussus
2883 3359 3002 3412 fuit.
3055 3375 3072 3407 ι
3103 3355 3302 3410 Grandi
3357 3353 3438 3406 ira

1876 3458 2138 3512 adversus
2185 3460 2440 3524 parentes
2491 3459 2706 3505 vestros
2752 3450 2926 3502 iratus
2976 3452 3059 3500 est
3105 3443 3384 3498 Dominus.
3417 3460 3436 3494 ι

1877 3549 2190 3619 Congruum
2228 3544 2456 3616 tempori
2497 3542 2784 3599 exordium
2819 3537 3083 3609 prepheta
3113 3534 3274 3600 fecit;
3316 3548 3441 3586 nam

1876 3640 2004 3709 quia
2048 3645 2320 3694 recentem
2371 3633 2549 3689 adhuc
2596 3638 3028 3702 prtesentemque
3075 3625 3341 3680 malorum
3388 3623 3442 3675 in

1878 3731 2192 3801 captivitate
2250 3729 2653 3783 exantlatorum
2723 3720 3031 3776 retinebant
3090 3715 3441 3777 memoriam;

1878 3822 2078 3890 quippe
2107 3819 2197 3888 qui
2229 3819 2317 3878 vix
2359 3832 2479 3872 eam
2527 3814 2867 3885 depulerant,
2906 3811 3106 3879 vixque
3138 3807 3281 3860 lares
3318 3819 3448 3859 suos

1881 3923 2204 3978 recuperare
2271 3911 2587 3974 potuerant;
2661 3902 2856 3957 merito
2927 3907 3214 3966 antequam
3298 3893 3445 3947 aliud

1880 4003 2050 4068 dicat,
2104 3999 2466 4054 calamitatem
2517 3996 2710 4050 iisdem
2761 3993 3004 4053 rel‘ricat,
3060 4003 3220 4059 quam
3276 4000 3447 4056 nuper

1883 4093 2124 4164 perpessi
2177 4091 2430 4153 fuerant;
2475 4098 2535 4141 ut
2580 4087 2834 4140 nimirum
2889 4082 3286 4152 praeteritorum
3331 4092 3450 4133 ma-

1884 4187 2058 4240 lorum
2104 4197 2372 4238 memores
2410 4187 2662 4234 caverent
2696 4178 2881 4246 utique
2917 4192 2981 4229 ne
3016 4175 3067 4226 in
3093 4171 3278 4227 eadem
3324 4184 3448 4222 rur-

1885 4294 1981 4332 sus
2025 4275 2348 4332 inciderent.
2383 4270 2588 4332 Nostis,
2649 4268 2826 4338 inquit
2876 4266 3037 4327 Deus,
3083 4269 3315 4332 quantas
3347 4275 3449 4329 ego

1886 4369 2060 4422 iratus
2087 4365 2405 4436 parentibus
2433 4361 2629 4416 vestris
2654 4374 2845 4430 pmnas
2873 4355 3247 4426 imposuerim,
3275 4365 3451 4420 quan-

187 4464 525 4533 κατέστησα
548 4462 754 4527 κακῶν,
783 4460 996 4537 ἀφελὼν
1042 4463 1140 4532 μὲν
1171 4463 1268 4531 τῆς
1300 4462 1401 4531 γῆς
1431 4462 1527 4530 τῆς
1554 4459 1770 4523 οἰκείας,

1887 4461 2067 4528 tisque
2111 4453 2536 4511 adversitatibus
2588 4459 2809 4522 propter
2862 4449 3102 4516 ipsorum
3166 4453 3450 4497 contuma-

183 4551 518 4622 ἀπαγαγὼν
560 4553 616 4605 δὲ
663 4552 1036 4622 αἰχμαλώτους
1085 4554 1166 4614 είς
1206 4553 1308 4622 γῆν
1352 4551 1671 4623 ἀλλοτρίαν,
1716 4551 1784 4620 ἣν

181 4647 362 4712 οὔπω
393 4647 660 4717 πρότερον
685 4641 842 4715 εἶδον.
880 4664 898 4696 ι
937 4647 1046 4698 Καὶ
1078 4648 1220 4717 ἐρεῖς
1247 4645 1383 4715 πρὸς
1408 4645 1624 4706 αὑτοὺς,
1646 4643 1783 4696 Τάδε

180 4739 353 4808 λέγει
391 4738 596 4807 Κύριος
628 4738 1019 4808 παντοκράτωρ
1039 4756 1050 4768 ο
1101 4735 1488 4807 Ἐπιστρέψατε
1523 4735 1658 4806 πρός
1690 4752 1780 4806 με,

181 4832 357 4898 λέγει
405 4828 611 4897 Κύριος
654 4828 764 4880 τῶν
811 4827 1091 4897 δυνάμεων
1117 4866 1131 4888 ,
1171 4827 1266 4880 καὶ
1301 4827 1783 4897 ἐπιστραφὴσομαι

177 4921 345 4991 πρὸς
380 4918 549 4988 ὑμᾶς,
583 4916 728 4984 λέγει
757 4903 956 4986 Κύριος
983 4916 1089 4969 τῶν
1123 4916 1404 4986 δυνάμεων
1424 4931 1436 4944 ⁸
1463 4916 1558 4968 καὶ
1593 4915 1668 4986 μὴ
1690 4915 1779 4984 γί-

173 5011 366 5067 νεσθε
413 5009 595 5072 καθὼς
625 5011 672 5062 οἰ
713 5009 944 5079 πατέρες
976 5009 1128 5079 ὑμῶν
1168 5005 1248 5072 οἷς
1281 5008 1567 5062 ἐνεκάλουν
1600 5009 1781 5067 αὐτοῖς

171 5104 234 5157 ol
274 5101 570 5172 προφῆται
599 5101 647 5152 οἱ
683 5099 990 5171 ἔμπροσθεν
1019 5099 1299 5168 λέγοντες,
1339 5101 1356 5168 (
1377 5117 1428 5169 p.
1464 5098 1596 5169 456)
1644 5099 1780 5150 Τάδε

171 5194 359 5262 λέγει
398 5191 601 5261 Κύριος
648 5190 1073 5264 παντοκράτωρ,
1126 5190 1528 5260 Ἀποστρέψατε
1573 5189 1636 5256 δὴ
1677 5188 1783 5243 ἀπὸ

171 5285 312 5342 τῶν
362 5282 505 5336 ὁδῶν
536 5283 689 5352 ὑμῶν
732 5282 840 5335 τῶν
872 5282 1140 5354 πονηρῶν,
1187 5284 1282 5336 καὶ
1307 5282 1414 5335 ἀπὸ
1454 5281 1561 5334 τῶν
1596 5283 1784 5351 ἐπιτη-

171 5378 287 5433 δευ
297 5374 502 5448 μάτων
532 5371 684 5444 ὑμῶν
710 5374 819 5426 τῶν
847 5373 1096 5444 πονηρῶν
1115 5391 1126 5403 ·
1156 5375 1247 5426 καὶ
1274 5375 1374 5426 οὑκ
1396 5373 1657 5443 ἤκουσαν,
1691 5375 1784 5426 καὶ

169 5472 243 5526 οὐ
316 5467 632 5537 προσέσχον
682 5465 777 5519 τοῦ
829 5465 1142 5520 εἰσακούσατε
1197 5483 1331 5536 μου,
1380 5464 1526 5534 λέγει
1584 5464 1785 5535 Κύριος

171 5557 632 5630 παντοκράτωρ.
700 5578 717 5610 ι
779 5559 940 5612 Ἀλλὰ
983 5558 1078 5612 νῦν
1126 5557 1254 5628 γοῦν
1305 5557 1635 5618 ἀποστάντες
1688 5555 1787 5624 τῆς

222 5723 377 5795 (‘37)
427 5721 517 5776 Cr.
561 5720 750 5788 ﬁlium.

1883 4551 2022 4605 ciam
2069 4563 2164 4604 eos
2212 4545 2508 4606 obruerim,
2563 4545 2735 4611 patria
2777 4538 3062 4608 spoliatos.
3110 4535 3162 4587 in
3218 4533 3449 4585 alienam

1885 4639 2161 4708 regionem
2213 4649 2376 4705 quam
2429 4645 2703 4700 nunquam
2741 4629 2989 4682 viderant
3035 4623 3305 4678 serviliter
3352 4618 3449 4672 ab-

1887 4738 2059 4782 actos.
2111 4747 2126 4777 ι
2174 4725 2439 4795 Dicesque
2481 4722 2584 4781 eis.
2622 4719 2746 4773 Hinc
2791 4719 2866 4771 ait
2906 4717 3168 4770 Dominus
3203 4710 3452 4779 omnipo-

1887 4832 2008 4874 tens
2056 4814 2452 4872 :Bevertimini
2498 4812 2564 4866 ad
2609 4827 2729 4874 me,
2797 4809 2929 4864 dicit
2967 4807 3229 4860 Dominus
3275 4803 3453 4856 virtu-

1892 4926 2040 4980 tum;
2067 4919 2123 4964 et
2153 4923 2252 4980 ego
2274 4914 2564 4960 convertar
2590 4905 2656 4958 ad
2689 4917 2808 4966 vos,
2841 4901 2972 4955 dicit
2999 4899 3257 4952 Dominus
3281 4897 3452 4950 virtu—

1893 5017 2025 5058 tum.
2098 5001 2282 5071 Neque
2327 4998 2470 5052 ﬁatis
2510 5005 2571 5049 ut
2617 5001 2797 5064 patres
2839 4992 3003 5046 vestri
3033 5035 3046 5052 ,
3093 5005 3232 5059 quos
3273 5001 3453 5057 repre-

1894 5091 2203 5149 hendebant
2229 5089 2537 5160 superiores
2573 5083 2846 5162 prOpheta:
2873 5082 3118 5134 dicentes
3173 5096 3185 5129 :
3225 5078 3351 5129 Haec
3379 5077 3455 5126 ait

1899 5184 2160 5240 Dominus
2186 5181 2528 5250 omnipotens
2561 5197 2576 5234 :
2604 5175 2858 5231 Recedite
2903 5187 2933 5225 a
2977 5172 3080 5224 viis
3115 5167 3314 5222 vestris
3348 5180 3456 5218 ma-

1893 5279 1980 5340 lis,
2009 5285 2170 5346 atque
2208 5289 2239 5328 a
2287 5271 2487 5330 studiis
2526 5269 2723 5326 vestris
2754 5265 2936 5320 malis.
2981 5261 3064 5315 llli
3097 5269 3282 5314 tamen
3325 5257 3453 5309 mihi

1893 5385 2002 5425 non
2050 5367 2428 5428 obediverunt,
2471 5377 2647 5433 neque
2687 5359 2826 5413 meis
2861 5354 3043 5409 verbis
3093 5365 3280 5405 aurem
3316 5363 3455 5417 pra:-

1895 5464 2152 5526 buerunt,
2208 5459 2284 5512 ait
2342 5456 2601 5510 Dominus
2656 5449 3026 5524 omnipotens.
3064 5463 3083 5497 ι
3126 5441 3281 5496 Nunc
3326 5453 3458 5507 ergo

1898 5555 2104 5608 omissa
2155 5551 2457 5605 imitatione
2501 5545 2766 5613 majorum
2796 5545 3101 5605 vestrorum
3147 5531 3213 5586 ad
3253 5542 3339 5583 me
3376 5540 3461 5580 re-
