3934 6534
604 368 711 426 499

1775 366 2123 421 THEODORI
2162 362 2644 422 MOPSUESTENI

3677 369 3752 425 500

606 489 839 554 spicite,
888 488 1128 555 meisque
1174 484 1334 540 dictis
1387 500 1450 539 ac
1500 485 1722 540 monitis
1777 493 1963 540 erecto
2008 486 2170 538 oculo

2277 485 2557 553 μιμήσεως
2591 481 2698 535 τῶν
2735 480 2985 550 πατέρων
3024 475 3132 531 τῶν
3181 476 3413 538 οἰκείων,
3443 477 3559 548 πρός
3586 496 3639 550 με
3661 485 3753 539 ἀπο.

608 580 890 639 attendite,
936 588 993 631 ut
1038 593 1137 647 ego
1172 592 1392 647 quoque
1422 593 1519 631 vos
1555 578 1868 647 respiciant,
1898 578 2173 647 vestrique

605 682 793 719 curam
822 666 1049 719 libenter
1073 679 1275 736 geram.
1311 664 1389 719 Ne
1416 674 1601 735 patres
1639 674 1850 719 vestros
1885 665 2171 719 imitemini

602 751 948 806 vehementer
997 759 1209 816 cavete,
1254 751 1348 821 qui
1407 766 1531 805 cum
1582 751 1675 805 diu
1742 753 2081 819 multumque
2141 767 2171 802 a

604 842 799 910 priscis
830 844 1113 911 prophetis
1160 842 1422 898 admoniti
1469 842 1701 899 fuissent
1744 851 1907 912 atque
1939 843 2170 905 exorati,

602 947 711 1001 quo
759 934 967 988 scilicet
1029 949 1060 986 a
1121 950 1218 987 sua
1280 934 1546 1004 pravitate
1595 933 1930 994 recederent,
1995 950 2170 1002 neque

603 1024 913 1077 auscultare
953 1024 1264 1087 voluerunt,
1308 1040 1483 1092 neque
1530 1026 1693 1077 ullam
1740 1024 2169 1077 admonitionum

602 1114 870 1165 rationem
903 1115 1119 1167 haltere.
1977 1113 1989 1121 ’

2273 574 2499 643 meum
2521 617 2534 637 ,
2572 574 2664 626 καὶ
2693 571 2827 643 πρὸς
2864 569 2932 622 τὰ
2969 570 3095 639 παρ’
3123 566 3257 639 ἐμοῦ
3290 565 3540 637 λεγόμενα
3571 571 3670 640 ὑμῖν
3691 579 3754 628 καὶ

2272 664 2745 735 συμϐουλευόμενα
2796 661 3089 731 τεταμένον
3135 659 3286 729 ἐχετε
3343 658 3401 710 τδ
3433 661 3595 730 ὄμμα,
3628 662 3684 727 ὼς
3713 665 3757 719 ἃν

2274 754 2367 806 καὶ
2398 753 2563 815 αὐτὸς
2606 752 2810 822 ἐφορᾷν
2848 751 2976 819 ὑμῖν
3019 747 3114 801 καὶ
3137 747 3204 800 δι’
3239 745 3543 816 ἐπιμελείας
3579 748 3690 819 ἒχειν
3712 755 3758 806 τὰ

2271 844 2393 899 καθ’
2446 846 2589 915 ὑμᾶς
2645 844 2902 913 ἐλοίμην·
2950 838 3257 910 φυλάξασθε
3302 838 3359 891 δὲ
3389 838 3551 891 πᾶσαν
3592 840 3759 911 μίμησιν

2275 936 2376 1005 τὴν
2422 937 2558 1007 πρὸς
2604 936 2730 999 τοὺς
2774 936 3017 1006 πατέρας
3041 932 3168 994 τοὺς
3201 929 3522 1001 ὑμετέρους⁹
3556 934 3597 984 οἳ
3620 933 3758 1005 πολλὴν

2277 1027 2369 1080 καὶ
2396 1024 2592 1098 συχνὴν
2635 1025 2785 1097 παρὰ
2831 1026 2937 1080 τῶν
2978 1022 3269 1095 προφητῶν
3310 1020 3417 1075 τῶν
3452 1022 3671 1093 πρότερον
3697 1044 3760 1093 γε·

2278 1118 2517 1189 νομένων
2549 1117 2856 1189 συμϐουλὴν
2883 1116 3164 1187 δεξάμενοι
3202 1113 3295 1166 καὶ
3330 1113 3636 1182 παραίνεσιν.
3664 1116 3761 1172 ὥστε

601 1202 702 1270 τῆς
742 1202 935 1265 κακίας
986 1203 1279 1270 ἀποστῆναι
1341 1204 1441 1272 τῆς
1468 1203 1691 1266 οἰκείας,
1729 1206 1819 1256 καὶ
1860 1204 2112 1274 κερδᾶναι
2168 1204 2254 1275 τὴν
2289 1207 2429 1278 ὑπὲρ
2480 1208 2587 1260 τῶν
2634 1208 2815 1271 κακῶς
2859 1206 3261 1277 πεπραγμένων
3314 1203 3489 1266 αὐτοῖς
3533 1207 3761 1276 τιμωρίαν,

602 1294 725 1349 οὔτε
778 1296 1058 1365 προσέχειν
1104 1295 1224 1349 οὔτε
1273 1296 1427 1362 λόγον
1475 1298 1595 1351 τινὰ
1647 1298 1915 1350 ποιεῖσθαι
1950 1298 2056 1350 τῶν
2084 1298 2437 1354 διδασκόντων
2461 1302 2759 1355 ἐϐούλοντο.

679 1381 841 1436 Vens.
902 1384 1348 1446 5,6.—.Patrcs
1410 1386 1577 1439 vestri
1624 1387 1846 1440 ubinam
1908 1388 2070 1440 sunt?
2120 1395 2174 1442 et

605 1475 879 1542 propheta:
911 1491 1038 1527 num
1084 1491 1299 1545 semper
1330 1477 1550 1531 vivent?
1581 1477 1675 1530 Eia
1710 1493 1860 1532 meos
1887 1493 2172 1533 sermones

603 1565 770 1634 288
800 1566 1079 1634 legemque
1126 1582 1298 1620 meam
1350 1570 1603 1638 excipite,
1651 1568 1915 1638 quidquid
1960 1584 2060 1638 ego
2096 1570 2174 1623 vi-

603 1656 803 1710 delicet
849 1657 1105 1726 praecipio
1158 1659 1210 1712 in
1247 1654 1451 1729 Spiritu
1490 1675 1610 1714 meo
1662 1661 1836 1714 servis
1882 1661 2017 1715 meis
2048 1675 2174 1730 pro—

604 1747 807 1815 phetis,
831 1748 922 1816 qui
950 1758 1134 1816 patres
1166 1760 1375 1804 vestros
1402 1750 1953 1819 comprehenderunt.
1987 1771 2004 1802 ι
2041 1748 2175 1803 Pro-

605 1838 744 1891 fecto
771 1853 987 1907 aequum
1026 1847 1110 1893 est
1140 1856 1236 1893 vus
1278 1849 1552 1909 reputare,
1595 1842 1743 1910 quod
1784 1856 1960 1910 neque
1996 1851 2176 1910 patres

604 1929 769 1983 vestri
802 1927 915 1997 jam
948 1931 1229 1998 supersint
1271 1948 1449 1999 neque
1485 1932 1761 2000 propheta:
1788 1950 1802 1985 :
1829 1947 1955 1985 nam
1998 1940 2050 1986 et
2080 1933 2177 1987 hos

604 2024 657 2070 et
718 2017 843 2072 illos
900 2020 1211 2073 communis
1263 2028 1472 2074 natura:
1536 2021 1794 2074 interitus
1862 2022 2175 2090 intercepit,

604 2109 902 2177 quominus
944 2110 1113 2163 vitam
1157 2109 1368 2165 diutius
1403 2119 1790 2181 propagarettl.
1832 2109 1896 2163 Et
1944 2110 2021 2163 illi
2051 2110 2173 2178 qui-

608 2202 731 2255 dem
766 2216 796 2255 e
830 2201 967 2255 vivis
998 2211 1378 2269 excesserunt,
1411 2202 1774 2256 contumaciae
1814 2216 1924 2254 sua:
1961 2215 2177 2270 poenam

607 2293 851 2363 experti;
913 2293 1193 2361 propheta:
1231 2302 1410 2347 autem
1468 2293 1567 2348 etsi
1617 2292 1780 2360 hujus
1839 2292 1961 2345 vita:
2019 2293 2177 2345 finem

607 2384 877 2445 fecerunt,
910 2382 1268 2437 nihilominus
1302 2385 1590 2439 verborum
1629 2398 1853 2438 suorum
1895 2382 2176 2437 veritatem

608 2474 771 2528 factis
831 2476 1363 2542 comprobaverunt;
1406 2473 1848 2544 quandoquidem
1896 2475 1981 2528 vel
2044 2473 2178 2543 ipsis

608 2562 838 2615 mortuis
875 2562 1132 2616 vaticinia
1176 2577 1336 2617 suum
1387 2563 1592 2616 exitum
1642 2578 1796 2631 aeque
1834 2561 2176 2626 habuerunt;

606 2653 732 2718 quia
768 2650 882 2704 haec
926 2651 1183 2704 nimirum
1220 2666 1305 2705 me
1340 2651 1565 2720 jubente
1612 2652 1757 2704 edita
1798 2649 2030 2705 fuerant.
2083 2648 2179 2704 llis

608 2742 871 2811 exemplis
918 2743 1156 2796 monitos
1188 2757 1273 2803 ea,
1320 2758 1441 2811 qua:
1487 2742 1767 2811 prophetae
1806 2757 1926 2797 meo
1956 2743 2179 2796 nomine

606 2830 788 2895 aiunt,
823 2849 929 2886 non
966 2834 1360 2902 parvipendere
1388 2832 1565 2893 decet,
1604 2832 1711 2885 imo
1745 2832 1830 2887 his
1867 2831 2179 2886 auscultare

605 2937 725 2991 qua
761 2924 997 2993 Spiritali
1022 2924 1195 2993 gratia
1231 2924 1486 2976 commoti
1538 2924 1879 2993 loquuntur:
1918 2939 2042 2977 nam
2084 2939 2177 2979 ne-

604 3030 709 3083 que
739 3014 886 3069 dicta
918 3016 985 3069 ab
1024 3016 1090 3070 iis
1122 3015 1327 3069 irritari
1356 3024 1585 3085 queunt,
1615 3030 1793 3085 neque
1825 3015 1979 3070 vobis
2008 3015 2179 3068 dicto-

608 3119 725 3156 rum
768 3106 1046 3173 neglectus
1099 3119 1293 3159 vacare
1337 3105 1576 3173 periculo
1623 3114 1822 3175 potest.
1865 3104 1964 3160 His
1994 3106 2178 3160 verbis

606 3206 968 3263 compunctus
990 3197 1244 3266 populus,
1271 3213 1504 3267 quorum
1530 3198 1747 3252 veritati
1771 3199 2012 3267 loeuples
2036 3199 2177 3253 facta

608 3289 978 3342 testimonium
1011 3288 1237 3353 dabant,
1271 3290 1352 3344 sic
1394 3289 1697 3359 respondit,
1738 3301 1795 3343 ut
1832 3289 2175 3345 docilitatem

608 3380 914 3433 animorum
959 3396 1183 3434 suorum
1221 3380 1567 3436 manifestam
1612 3382 1836 3436 faceret.
1879 3402 1896 3433 ι
1932 3381 2178 3449 Respon-

607 3472 824 3531 derunt,
869 3472 1065 3540 inquit,
1115 3480 1277 3543 atque
1323 3473 1581 3526 dixerunt
1626 3491 1638 3526 :
1691 3472 1860 3527 Sicuti
1912 3474 2181 3545 disposuit

612 3561 870 3615 Dominus
904 3563 1249 3631 omnipotens
1295 3561 1474 3617 facere
1529 3564 1688 3618 nobis
1720 3566 2020 3619 secundum
2066 3567 2181 3620 vias

609 3662 845 3712 nostras,
870 3662 923 3704 et
949 3653 1245 3706 secundum
1276 3652 1455 3706 studia
1476 3664 1682 3717 nostra,
1706 3654 1783 3707 sic
1811 3654 1935 3707 fecit
1954 3654 2132 3707 nobis.
2158 3672 2176 3703 ι

613 3741 1287 3812 Verbumtdisposuitipro
1321 3743 1669 3811 disposuerat
1693 3745 1917 3813 ponitur
1942 3761 1954 3796 :
1980 3745 2178 3798 etenim

608 3831 751 3886 haud
797 3831 864 3885 de
896 3832 1173 3900 praesenti,
1213 3831 1305 3886 sed
1343 3833 1409 3887 de
1440 3834 1709 3901 praeterita
1759 3848 1818 3888 re
1861 3848 2041 3888 sermo
2073 3844 2177 3888 est.

605 3921 883 3987 Fatemnr,
924 3924 1123 3991 inquit,
1166 3938 1285 3991 qua:
1337 3920 1486 3976 Deus
1538 3923 1695 3978 nobis
1744 3932 2008 3978 eventura
2054 3939 2181 3995 por-

606 4011 881 4073 tultdet'at,
923 4027 1166 4081 congruo
1201 4012 1542 4068 facinoribus
1592 4014 1798 4068 nostris
1842 4015 2085 4079 decreto,
2117 4032 2180 4071 ea

605 4117 705 4157 nos
776 4118 962 4156 revera
1023 4111 1280 4172 expertos
1337 4104 1509 4159 fuisse
1554 4120 1769 4173 :quare
1832 4106 2182 4163 vehementer

604 4195 764 4249 nobis
804 4210 1127 4263 persuasum
1168 4204 1252 4249 est
1296 4196 1568 4249 dictorum
1628 4197 1937 4251 divinorum
1982 4199 2183 4252 verita-

605 4297 710 4337 tem
750 4302 873 4341 esse
900 4289 1285 4342 certissimam.
1323 4287 1448 4343 Haec
1478 4289 1749 4355 elocutus,
1792 4290 2177 4345 revelationem

605 4376 865 4446 deinceps
910 4381 1174 4448 propheta
1216 4392 1402 4434 narrat
1443 4380 1545 4435 sibi
1585 4396 1614 4434 a
1660 4380 1769 4435 Deo
1809 4383 2071 4446 oblatam,
2111 4398 2176 4435 cx

605 4486 711 4535 qua
739 4485 860 4523 cum
893 4472 1007 4538 ipse
1039 4489 1144 4525 non
1179 4473 1396 4527 dubiam
1426 4475 1658 4543 publicae
1682 4473 1958 4529 felicitatis
1982 4475 2174 4528 contir-

605 4562 897 4614 matinucm
947 4566 1209 4633 percepit,
1244 4573 1358 4618 tum
1406 4566 1635 4620 fidenter
1686 4565 2030 4620 auditoribus
2062 4566 2174 4620 visa

606 4653 895 4706 nuntiavit.
931 4654 1019 4707 Sic
1047 4668 1226 4710 autem
1258 4660 1369 4710 ait:

2352 1393 2497 1463 Στίχ.
2536 1399 2597 1455 ε’,
2635 1391 2891 1457 ς’.-‹Οί
2921 1390 3152 1461 πατέρες
3181 1387 3332 1459 ὑμῶν
3363 1383 3463 1438 ποῦ
3490 1387 3582 1438 εἰσι
3605 1403 3616 1449 ;
3640 1388 3709 1441 καὶ
3730 1389 3762 1441 οἰ

2280 1484 2551 1553 προφῆται
2595 1484 2668 1554 μὴ
2710 1486 2788 1545 εἰς
2840 1483 2928 1536 τὸν
2974 1482 3148 1536 αἰῶνα
3187 1480 3480 1551 ζήσονταις
3524 1478 3645 1549 Πλὴν
3679 1481 3764 1543 τοὺς

2279 1574 2465 1638 λόγους
2506 1592 2606 1644 μου
2654 1576 2746 1628 καὶ
2792 1573 2861 1625 τὰ
2895 1574 3105 1643 νόμιμὰ
3156 1589 3257 1641 μου
3310 1568 3541 1638 δέχεσθε,
3588 1569 3765 1636 ὅσαὲγὼ

2281 1665 2595 1734 ἐντέλλομαι
2641 1667 2697 1718 ἐν
2740 1664 3016 1734 Πνεύματί
3064 1681 3163 1734 μου
3192 1665 3303 1725 τοῖς
3347 1661 3545 1722 δούλοις
3579 1678 3659 1723 μου
3688 1664 3765 1724 toi;

2282 1760 2604 1827 προφήταις,
2628 1758 2677 1810 οἳ
2700 1758 2994 1811 κατέλαϐον
3025 1757 3152 1819 τοὺς
3174 1755 3415 1824 πατέρας
3445 1753 3601 1823 ὑμῶν.
3635 1772 3649 1803 ι
3677 1755 3768 1806 Καί·

2277 1865 2359 1900 τοι
2387 1865 2449 1916 γε
2488 1848 2664 1912 καλῶς
2700 1848 2765 1902 ἂν
2794 1848 2906 1918 ἔχοι
2939 1848 3160 1900 κάκεῖνο
3195 1846 3339 1915 ὑμᾶς
3388 1843 3767 1911 συλλογίσασθαι,

2276 1939 2357 1992 ὅτι
2397 1938 2518 1992 οὔτε
2549 1943 2596 1993 οί
2630 1939 2863 2012 πατέρες
2891 1939 2920 1991 ὑ
2931 1938 3049 2009 μῶν
3084 1938 3222 1991 εἰσιν
3247 1937 3324 1989 έτι
3346 1978 3360 2001 ,
3395 1934 3514 1988 οὔτε
3546 1937 3588 1987 οἰ
3614 1936 3765 2005 προφῆ-

2277 2047 2366 2082 ται
2385 2046 2399 2061 ο
2452 2029 2886 2099 προκατελάϐετο
2920 2028 2976 2081 δὲ
3011 2028 3295 2090 κάκείνους
3322 2027 3419 2079 καὶ
3440 2024 3637 2087 τούτους
3657 2027 3679 2077 6
3698 2042 3771 2076 κοι-

2280 2120 2368 2184 νὸς
2400 2120 2498 2189 τῆς
2530 2119 2745 2188 φύσεως
2777 2120 3040 2185 θάνατος,
3071 2118 3164 2171 ἐπὶ
3196 2118 3444 2171 πλεῖστον
3478 2115 3767 2185 ἐκτεταμένην

2277 2210 2421 2281 ἔχειν
2458 2212 2554 2281 τὴν
2586 2211 2792 2265 οἰκείαν
2833 2211 2977 2282 ζωὴν
3025 2211 3127 2265 οὐκ
3172 2211 3311 2263 ἐῶν’
3364 2214 3441 2279 (p.
3486 2207 3596 2275 457)
3632 2204 3770 2259 ἀλλὀἰ

2283 2305 2378 2374 μὲν
2423 2303 2789 2374 ἀπεληλύθασι
2832 2306 2929 2374 τήν
2981 2305 3045 2356 ἐκ
3095 2302 3196 2372 τῆς
3234 2299 3516 2362 ἀπειθείας
3561 2298 3772 2367 δεξάμενοι

2279 2395 2543 2465 τιμωρίαν
2567 2412 2580 2426 ’
2618 2397 2665 2447 οἰ
2707 2398 2983 2467 προφῆται
3014 2395 3071 2448 δὲ
3108 2395 3204 2448 καὶ
3231 2392 3567 2461 παυσάμενοι
3594 2389 3672 2442 τοῦ
3708 2406 3775 2440 πα-

2284 2486 2463 2555 ρόντος
2496 2485 2611 2555 βίου
2644 2485 2751 2541 τῶν
2794 2487 3010 2540 οἰκείων
3052 2486 3313 2557 ῥημάτων
3348 2485 3531 2555 ἔργοις
3565 2477 3776 2542 ἐπέδειξαν

2278 2578 2379 2649 τὴν
2435 2577 2691 2649 ἀλήθειαν
2718 2596 2733 2610 ’
2793 2578 2916 2630 ἐπεὶ
2977 2577 3071 2631 καὶ
3133 2573 3590 2643 τετελευτηκότων
3626 2568 3772 2630 αὐτῶν,

2278 2672 2433 2725 ούθὲν
2478 2669 2638 2745 ἦττον
2691 2674 2833 2742 ἅπερ
2879 2667 3031 2724 εἷπον
3081 2670 3161 2733 εἰς
3215 2668 3389 2738 πέρας
3446 2664 3674 2735 ἐξήγετο,
3714 2662 3777 2715 ﬁt:

2279 2768 2396 2822 κατ’
2444 2769 2579 2839 ἐμὴν
2621 2765 2885 2835 εἰρημένα
2934 2762 3182 2833 γνώμην.
3222 2760 3362 2831 Πρὸς
3418 2757 3483 2827 δὴ
3531 2754 3667 2808 τοῦτο
3688 2754 3778 2820 ἀοι·

2282 2860 2488 2931 ρῶντας
2519 2859 2783 2929 προσήκοι
2819 2855 2882 2907 ἂν
2920 2855 2993 2925 μὴ
3031 2854 3283 2924 πάρεργα
3310 2848 3577 2902 ποιεῖσθαι
3606 2845 3661 2897 τὰ
3691 2845 3779 2912 παρ’

2280 2947 2412 3017 ἐμοῦ
2465 2948 2552 3000 διὰ
2605 2946 2713 2998 τῶν
2771 2942 3066 3015 προφητῶν
3124 2942 3432 3011 λεγόμενα*
3484 2934 3701 3006 δέχεσθαι
3744 2932 3780 2983 δὲ

2281 3038 2458 3091 πάντα
2501 3039 2709 3107 ὅσαπερ
2753 3034 2880 3103 ὑμῖν
2928 3032 3015 3086 διὰ
3054 3033 3437 3104 πνευματικῆς
3493 3032 3683 3098 λέγουσι
3716 3027 3781 3093 τῆς

2208 3132 2250 3188 C
2282 3130 2503 3199 χάριτος
2529 3144 2543 3158 ⁸
2585 3128 2707 3180 ἐπεὶ
2739 3128 2875 3197 μήτε
2906 3125 3207 3195 ψευσθῆναι
3243 3120 3354 3176 οἷόν
3386 3123 3447 3176 τέ
3478 3139 3530 3174 τι
3556 3119 3649 3173 τῶν
3676 3117 3783 3183 λεγο-

2284 3221 2459 3290 μένων
2506 3221 2634 3290 παρ’
2689 3219 2888 3285 αὐτῶν,
2935 3218 3061 3289 μήθ’
3106 3219 3234 3287 ὑμῖν
3292 3214 3575 3267 ἀκίνδυνον
3620 3208 3782 3277 ἀμελεῖν

2282 3311 2520 3363 ἐθέλουσι
2541 3310 2647 3363 τῶν
2676 3311 2804 3380 παρ’
2831 3310 3009 3362 αὐτῶν
3031 3309 3362 3379 λεγομένων.
3408 3308 3528 3360 Ἐπὶ
3552 3306 3612 3375 δή
3632 3302 3782 3362 τούτοις

2283 3400 2506 3462 εἰκότως
2536 3401 2646 3463 τοῖς
2678 3400 2920 3469 ῥήμασιν
2947 3400 2994 3451 οἰ
3025 3398 3118 3451 τοῦ
3148 3397 3300 3463 λαοῦ,
3330 3397 3431 3451 ac;
3456 3395 3559 3448 τῶν
3590 3393 3783 3465 πραγμάο

2280 3508 2386 3541 των
2412 3491 2475 3559 τῇ
2496 3489 2601 3540 τῶν
2624 3488 2930 3558 λεγομένων
2953 3487 3180 3558 ἀληθείᾳ
3209 3486 3624 3558 μαρτυρούντων
3642 3482 3784 3549 αὐτάρ-

2282 3596 2410 3643 κως,
2446 3580 2735 3648 ἀπόκρισιν
2765 3580 3106 3648 ἐποιήσαντο,
3138 3576 3286 3647 σαφῆ
3314 3577 3418 3646 τῆς
3441 3572 3787 3644 εὐγνωμοσύνης

2281 3671 2487 3724 ἑαυτῶν
2516 3671 2876 3742 παρεχόμενοι
2903 3670 3000 3741 τὴν
3030 3668 3326 3734 ἀπόδειξιν.
3364 3687 3383 3719 ι
3417 3668 3525 3721 Καὶ
3552 3660 3785 3733 ἀπεκρίθη⁸

2283 3782 2380 3817 σαν
2424 3764 2531 3835 γὰρ
2557 3804 2571 3828 ,
2620 3764 2804 3833 φησὶν,
2836 3764 2933 3815 καὶ
2963 3758 3115 3814 εἷπον
3139 3778 3152 3790 ·
3207 3759 3411 3823 Καθὼς
3452 3756 3786 3828 παρατέτακται

2282 3854 2483 3925 Κύριος
2536 3854 2932 3924 παντοκράτωρ
2978 3852 3070 3906 τοῦ
3117 3852 3338 3921 ποιῆσαι
3398 3852 3532 3920 ἡμῖν
3570 3845 3689 3899 κατὰ
3722 3842 3786 3902 τὰς

2280 3942 2430 4006 ὁδοὺς
2458 3945 2491 4013 ή
2501 3942 2636 4012 μῶν,
2662 3943 2754 3995 καὶ
2777 3940 2919 3994 κατὰ
2946 3940 3015 3993 τὰ
3040 3939 3451 4010 ἐπιτηδεύματα
3478 3936 3643 4007 ἡμῶν,
3667 3932 3789 3990 οὕτως

2282 4032 2533 4102 ἐποίησεν
2562 4035 2712 4103 ἡμῖν.
2750 4050 2768 4083 ι
2797 4032 2871 4084 Τὸ
2905 4049 2922 4082 t
2963 4030 3399 4102 παρατέτακται,
3436 4048 3455 4080 ι
3481 4024 3788 4095 Παρετέτακτο

2280 4121 2457 4189 λέγει’
2488 4122 2547 4173 ού
2579 4122 2685 4191 γὰρ
2712 4122 2841 4191 περ)⁸
2871 4119 3154 4192 παρόντων
3186 4118 3521 4185 διαλέγεται,
3554 4113 3674 4167 ἀλλὰ
3701 4108 3789 4177 περὶ

2280 4212 2388 4266 τῶν
2438 4212 2735 4281 γεγονότων
2778 4212 2901 4283 ἤδη.
2949 4208 3383 4281 Ὀμολογοῦμεν,
3422 4208 3605 4279 φησιν,
3632 4196 3790 4256 holi-

2282 4316 2387 4371 περ
2408 4301 2435 4352 6
2462 4287 2593 4363 Θεὸς
2618 4301 2938 4369 ἀπεφήνατο
2963 4297 3216 4366 γενέσθαι
3238 4296 3366 4367 περὶ
3395 4296 3565 4366 ἡμᾶς,
3597 4289 3791 4353 ἀνάλογσθ

2282 4382 2360 4450 οἷς
2389 4387 2728 4456 ἐπράττομεν
2764 4384 3016 4440 ἐκϐαλὼν
3059 4384 3158 4455 τὴν
3190 4384 3492 4452 ἀπόφασιν,
3538 4377 3729 4432 τοιαῦτα
3755 4372 3791 4423 ii

2215 4474 2376 4529 υκαὶ
2435 4472 2780 4543 πεπόνθαμεν
2844 4472 2984 4525 ὥστε
3052 4472 3257 4542 σφόδρα
3307 4471 3461 4540 ἡμᾶς
3528 4462 3789 4520 πεπεῖσθαι,

2286 4566 2362 4637 (ρ.
2385 4565 2509 4630 458)
2532 4567 2612 4618 ὅτι
2630 4563 3019 4637 ἀναντίρρητος
3034 4562 3143 4615 τῶν
3164 4562 3313 4633 παρὰ
3328 4559 3469 4613 Θεοῦ
3490 4554 3754 4625 λεγομένων
3769 4551 3790 4613 ἢ

2283 4654 2505 4725 ἀλήθεια
2524 4672 2537 4686 ·
2570 4655 2663 4707 καὶ
2692 4654 2792 4705 οὐκ
2808 4653 3085 4706 ἀκίνδυνον
3112 4654 3240 4722 ἡμῖν
3259 4649 3485 4720 ἀμελεῖν
3520 4642 3793 4718 βουλομένας

2211 1804 2249 1858 Β

602 4747 710 4797 τῶν
732 4751 862 4819 παρ’
882 4750 1045 4803 αὑτοῦ
1065 4752 1390 4820 λεγομένων.
1421 4751 1636 4804 Τούτων
1678 4751 1848 4815 οὕτως
1888 4751 2213 4823 εἰρημένων,
2251 4748 2589 4817 ἀποκάλυψιν
2632 4748 2815 4800 λοιπὸν
2857 4749 2885 4800 6
2917 4747 3202 4817 προφήτης
3248 4744 3521 4814 διηγεῖται
3555 4738 3795 4807 δειχθείπν

601 4842 748 4912 αὐτῷ
790 4845 938 4913 παρὰ
968 4846 1059 4897 τοῦ
1107 4846 1263 4910 Θεοῦ,
1297 4847 1387 4914 ἀφ’
1418 4843 1485 4918 ἦς
1530 4847 1691 4909 αὐτὸς
1750 4865 1805 4899 τε
1844 4848 2046 4917 ἀκριϐῆ
2083 4847 2193 4899 τῶν
2241 4845 2368 4916 περὶ
2396 4844 2488 4896 τὸν
2515 4843 2642 4895 λαὸν
2685 4840 2906 4909 ἀγαθῶν
2946 4840 3044 4910 τήν
3073 4839 3253 4892 πίστιν
3302 4831 3701 4907 ἐλάμϐανε,καὶ
3718 4827 3793 4879 τοῖῖ

601 4934 856 4988 ἀκούουσι
912 4936 1254 5007 θαρρούντως
1297 4940 1676 5009 εὐηγγελίζετο
1728 4942 1794 4994 τὰ
1847 4938 2335 5011 φαινόμενα.Λέγει
2367 4939 2423 4990 δὲ
2450 4936 2655 4997 οὕτως*

670 5026 837 5096 289
886 5024 1051 5082 Vens.
1108 5028 1260 5085 7-l0.
1307 5059 1377 5069 —
1429 5049 1446 5081 ι
1511 5031 1607 5087 Die
1660 5033 1917 5087 vicesima
1977 5040 2171 5102 quarta

598 5120 807 5173 mensis
842 5119 1138 5181 undecimi,
1172 5121 1263 5186 qui
1296 5130 1380 5177 est
1411 5123 1584 5188 sabat,
1618 5124 1858 5178 secundo
1889 5123 2035 5177 Darii
2072 5140 2171 5178 an-

596 5224 689 5273 no,
733 5225 915 5264 sermo
950 5210 1164 5266 Domini
1200 5211 1375 5268 factus
1415 5223 1499 5270 cst
1525 5215 1592 5268 ad
1647 5214 1968 5269 Zachariam
2008 5216 2173 5269 Bara-

595 5303 751 5364 chiaa,
784 5302 879 5356 filii
906 5304 1017 5369 (58)
1047 5304 1308 5365 Eddonis,
1329 5308 1669 5377 prophetam,
1695 5306 1903 5362 dicens.
1938 5326 1956 5358 ι
1996 5306 2170 5362 Verba

601 5412 619 5443 ι
660 5392 852 5447 Sermo
877 5392 1091 5448 Domini
1124 5394 1301 5450 factus
1332 5406 1416 5451 est
1442 5415 1460 5447 ι
1487 5411 1603 5465 pro,
1629 5397 1811 5450 divina
1843 5399 2169 5451 revelatione

592 5499 693 5553 ego
723 5486 918 5556 dignus
941 5487 1156 5543 habitus
1178 5505 1320 5549 sum,
1356 5498 1667 5559 ponuntur;
1706 5493 1851 5545 unde
1878 5490 2168 5545 revelatio-

594 5587 718 5628 nem
748 5575 1043 5631 indicans:
1076 5597 1093 5627 ι
1131 5576 1249 5633 Vidi
1284 5594 1380 5648 per
1412 5586 1648 5640 noctem,
1684 5599 1701 5629 ι
1741 5580 1939 5650 inquit.
1986 5578 2169 5648 Neque

2357 5030 2506 5098 Στίχ.
2535 5028 2668 5092 ζ’-ι¹.
2702 5055 2771 5066 --
2811 5047 2829 5079 ‹
2868 5028 2946 5097 Τῇ
2976 5026 3193 5098 τετράδι
3224 5026 3318 5079 καὶ
3370 5023 3583 5085 εἰκάδι,
3606 5017 3675 5089 τῷ
3695 5012 3796 5068 ἑνδε·

2277 5122 2426 5192 κάτῳ
2459 5120 2591 5191 μηνὶ
2611 5159 2625 5182 ,
2656 5113 2813 5183 οὗτός
2846 5120 2993 5171 ἐστιν
3025 5119 3053 5170 6
3093 5116 3197 5188 μὴν
3234 5116 3433 5181 σαϐὰτ,
3463 5118 3524 5168 ἐν
3552 5115 3608 5167 δέ
3636 5111 3700 5180 τῷ
3719 5108 3799 5158 δευ·

2272 5214 2413 5284 τέρῳ
2456 5213 2565 5265 ἔτει
2595 5212 2686 5266 ἐπὶ
2723 5211 2951 5283 Δαρείου
2972 5251 2987 5275 ,
3028 5210 3245 5278 ἐγένετο
3285 5208 3451 5276 λόγος
3482 5204 3672 5274 Κυρίινδ
3702 5197 3797 5269 πρὸς

2273 5307 2548 5377 Ζαχαρίαν
2582 5306 2674 5359 τὸν
2699 5305 2794 5359 τοῦ
2824 5305 3120 5376 Βαραχίου,
3144 5305 3259 5358 υἰὸν
3299 5303 3494 5368 Ἐδδῶ,
3532 5302 3619 5355 τὸν
3640 5296 3799 5370 προφή-

2274 5418 2394 5470 την,
2418 5399 2614 5466 λέγων.
2647 5415 2665 5449 ι
2695 5398 2769 5450 Τὸ
2792 5396 3074 5464 ιἘγένετο
3092 5395 3248 5463 λόγος
3271 5394 3507 5464 Κυρίου,
3548 5410 3565 5442 ι
3591 5387 3697 5443 ἀντὶ
3718 5380 3799 5439 τοί.

2289 5490 2704 5561 Ἀποκαλύψεως
2744 5488 2982 5560 ἠξιώθην
3017 5488 3195 5554 θείας·
3233 5488 3351 5542 ὅθεν
3389 5487 3493 5557 τήν
3518 5477 3803 5561 ἁτιιοκεὶλιίίνίῖΙ

2281 5580 2454 5649 λέγων
2480 5560 2684 5645 λοιπὸν,
2735 5600 2754 5631 ι
2805 5578 3085 5651 Ἑώρακα,
3138 5577 3304 5648 φησί,
3335 5576 3442 5645 τὴν
3484 5574 3666 5629 νύκτα.
3699 5586 3715 5618 ι
3747 5560 3800 5617 03

665 5752 780 5825 (58)
811 5755 996 5812 Graece
1032 5759 1227 5827 ﬁlium.
1270 5758 1529 5817 Scholion
1558 5760 1803 5818 Graecum
1835 5777 1861 5815 a
1904 5777 2063 5817 manu
2093 5757 2431 5830 recentiore,
2470 5768 2533 5817 ut
2572 5768 2626 5815 et
2659 5760 2967 5833 sequentia.
