3934 6530
550 326 657 380 9-03

1706 324 2048 381 TllEODORI
2078 327 2300 383 MUPSU
2313 326 2556 384 ESTENI

3675 328 3771 384 506

563 442 757 498 Vetere
789 442 1139 497 Testamento
1160 448 1277 493 erat
1310 459 1322 493 :
1350 438 1508 493 Patre
1541 440 1759 509 quidem
1796 442 2120 510 generaliter

2224 442 2315 494 ἐπὶ
2358 442 2454 511 τῆς
2479 438 2721 503 Balari;
2749 436 2815 511 ἦν
2864 440 3166 511 Διαθήκηςο
3202 442 3403 513 πατρὸς
3455 440 3554 511 μὲν
3589 444 3772 504 κοινῶς

557 535 666 589 Deo
700 533 972 603 appellato
1018 531 1301 584 hominum
1332 545 1460 584 cura
1504 530 1623 596 ejus
1665 529 1997 594 fruentium;
2036 530 2121 585 his

553 627 796 681 vicissim
829 624 954 678 ﬁliis
989 623 1299 693 appellatis,
1340 623 1430 693 qui
1461 624 1583 690 plus
1618 622 1825 693 aliquid
1864 623 2122 677 haberent

556 726 778 787 propter
821 716 914 770 Dei
955 714 1408 768 familiaritatem.
1445 712 1550 769 Sed
1599 722 1777 769 tamen
1812 713 1977 768 Deum
2017 712 2121 767 Pa-

557 818 716 870 trem,
750 816 805 859 ut
835 806 945 875 jam
976 807 1111 863 dixi.
1145 804 1234 858 Ilei
1256 803 1403 866 Filii,
1433 813 1487 858 et
1522 804 1719 859 Filium
1748 804 1914 859 Deum
1946 803 2123 859 Patris

560 901 677 963 Dei,
724 900 933 953 sciebat
987 898 1268 951 hominum
1320 896 1469 951 illius
1518 897 1617 951 aevi
1667 911 1896 965 prorsus
1938 912 2118 950 nemo.

560 992 777 1047 Etenim
812 991 979 1045 Deum
1010 989 1389 1043 tantummodo
1422 997 1476 1043 et
1504 990 1836 1043 creationem
1864 998 2123 1043 noverant

557 1091 826 1154 quotquot
862 1090 990 1136 aute
1018 1081 1219 1135 Christi
1258 1079 1470 1135 Domini
1502 1081 1793 1135 adventum
1826 1095 2010 1133 veram
2039 1095 2123 1132 re-

556 1176 812 1246 ligionem
844 1174 1022 1229 edocti
1069 1172 1287 1227 fuerant
1320 1190 1335 1226 :
1380 1170 1544 1229 Deum
1578 1172 1796 1242 quidem
1836 1173 2122 1240 sempiter—

560 1280 685 1319 nam
728 1274 1086 1334 agnoscentes
1138 1262 1496 1318 substantiam
1552 1270 1605 1316 et
1655 1276 1833 1315 rerum
1878 1262 2122 1315 omnium

560 1370 824 1422 causam;
852 1354 1010 1424 291
1045 1356 1377 1408 creationem
1412 1361 1615 1418 autem,
1663 1362 1723 1407 ut
1757 1351 1994 1407 breviter
2034 1352 2123 1405 di-

559 1462 701 1507 eam,
729 1461 819 1502 res
861 1447 932 1500 ab
959 1447 1050 1499 illo
1079 1461 1145 1500 ex
1194 1445 1365 1498 nihilo
1400 1445 1466 1497 ad
1510 1444 1880 1498 exsistendum
1924 1444 2124 1513 produ-

559 1546 699 1592 etas.
726 1535 891 1607 idque
921 1538 1056 1591 satis
1090 1537 1494 1591 demonstratur
1525 1536 1607 1591 vel
1645 1550 1709 1590 ex
1742 1534 1877 1605 ipsis
1906 1543 2123 1605 aposto-

559 1630 651 1694 lis,
682 1630 774 1699 qui
808 1630 863 1684 in
894 1628 1109 1682 Domini
1137 1628 1395 1691 adventu,
1432 1629 1592 1697 longo
1620 1638 1862 1697 tempore
1897 1642 2021 1681 cum
2057 1642 2123 1682 eo

558 1722 783 1785 versati,
810 1720 1090 1777 Christum
1120 1720 1339 1791 quidem
1364 1735 1487 1775 eum
1514 1720 1932 1783 conlitebantur,
1961 1727 2121 1789 prout

2225 534 2362 593 κατά
2378 532 2721 602 κκηδεμονιαλί
2738 532 2831 593 τοῦ
2856 532 2990 597 Θεοῦ
3022 532 3312 602 λεγομένου
3336 532 3441 585 τῶν
3460 532 3561 600 τῆς
3584 532 3779 584 ἐκεῖθεν

2223 624 2537 693 ἐπιμελείας
2549 623 2877 693 ἀξιουμένων
2894 624 2988 675 ἀνθ
2996 621 3351 693 ρώπων,υἱῶν
3363 624 3418 676 δὲ
3434 623 3540 676 τῶν
3558 623 3781 692 ἐχόντων

2220 734 2271 768 τι
2296 715 2454 768 πλέον
2476 715 2612 767 κατά
2628 715 2896 767 οίκείωσιν
2922 714 3075 767 Θεοῦ
3105 714 3325 784 Πατέρα
3343 714 3401 767 δὲ
3426 714 3581 776 Θεὸν,
3599 714 3781 782 ὥσπερ

2221 802 2313 858 οὖν
2337 805 2469 876 ἔφην
2490 805 2610 876 ἤδη,
2638 805 2766 858 Υίοῦ
2784 804 2939 864 Θεοῦ,
2968 806 3063 859 καὶ
3084 806 3212 859 Υίὸν
3232 806 3363 858 Θεὸν
3390 805 3526 859 Θεοῦ
3551 806 3665 859 Πατ
3676 806 3777 876 ρὸς,

2220 900 2485 969 ἠπίστατο
2536 898 2644 950 τῶν
2672 898 2793 950 τότε
2841 897 3092 961 καθάπαξ
3123 898 3299 961 οὐδείς
3324 914 3337 927 ο
3384 898 3516 950 Θεὸν
3552 898 3663 966 γὰρ
3697 900 3783 950 καὶ

2222 990 2399 1043 κτίσιν
2435 990 2593 1060 μόνον
2626 988 2820 1060 ᾔδεσαν
2852 991 2898 1041 oi
2939 990 3044 1059 πρὸ
3080 990 3180 1059 τῆς
3223 990 3317 1043 τοῦ
3349 990 3623 1043 Δεσπότω
3653 990 3781 1059 Χρι-

2225 1082 2347 1134 στοῦ
2380 1081 2681 1153 παρουσίας
2695 1081 3073 1151 παιδευόμενοι
3093 1082 3193 1151 τὴν
3209 1081 3506 1135 εὐσέϐειαν·
3532 1081 3668 1135 Θεὸν
3695 1081 3785 1150 μὲν

2222 1174 2316 1225 τὸν
2344 1173 2514 1225 ἀΐδιον
2545 1173 2905 1244 γνωρίζοντες
2934 1172 3121 1225 οὐσίαν
3176 1174 3270 1227 καὶ
3315 1173 3533 1229 πάντων
3570 1172 3747 1225 αἰτίαν
3768 1190 3780 1204 υ

2223 1267 2397 1316 κτῖσιν
2430 1264 2485 1317 δὲ
2525 1263 2701 1317 πάντα
2750 1262 3030 1332 συντόμως
3069 1265 3241 1318 εἰπεῖν
3270 1264 3338 1317 τὰ
3372 1265 3465 1318 ὑπ’
3515 1264 3688 1317 αὑτοῦ
3730 1266 3785 1316 ἐκ

2221 1356 2314 1409 τοῦ
2354 1356 2426 1426 μὴ
2458 1356 2609 1419 ὄντος
2636 1357 2715 1419 είς
2742 1355 2804 1408 τὸ
2835 1352 2974 1408 εἶναι
3006 1354 3434 1425 παρεληλυθότα.
3454 1357 3569 1409 Καὶ
3602 1354 3782 1407 τούτου

2224 1464 2286 1514 γε
2317 1445 2585 1512 ἀπόδειξις
2616 1445 2895 1517 αὐτάρκης
2919 1445 2985 1498 ὲκ
3012 1445 3122 1498 τῶν
3154 1445 3439 1517 μακαρίων
3472 1444 3780 1498 ἀποστόλων

2222 1536 2432 1603 γένοιτο
2459 1533 2546 1595 ἂν,
2582 1535 2632 1587 οἳ
2665 1534 2757 1587 ὲπὶ
2797 1534 2896 1603 τῆς
2928 1531 3024 1587 τοῦ
3059 1534 3327 1587 Δεσπότου
3363 1532 3677 1603 παρουσίας
3705 1534 3783 1584 ἐπὶ

2227 1620 2421 1691 μακρῷ
2452 1618 2536 1693 ,τῷ
2565 1621 2742 1691 χρόνῳ
2786 1622 3174 1689 συγγεγονότες
3219 1622 3387 1691 αὐτῷ,
3422 1621 3665 1693 Χριστὸν
3700 1622 3782 1689 μὲν

2222 1713 2383 1765 αὑτὸν
2403 1712 2732 1782 ὡμολόγουν,
2756 1712 3053 1780 ἐγνωκότες
3078 1712 3165 1766 διὰ
3191 1714 3390 1783 πολλῆς
3411 1713 3781 1777 διδασκαλίας

557 1826 626 1867 cx
654 1811 823 1865 multo
864 1810 1179 1880 magisterio
1222 1808 1558 1881 didicerant;
1602 1807 1797 1863 Filium
1831 1819 2031 1875 tamen,
2062 1823 2120 1864 ea

2230 1802 2361 1855 Υίὸν
2408 1803 2463 1856 δὲ
2483 1845 2498 1869 ,
2531 1803 2652 1856 καθ’
2682 1803 2740 1856 ὃν
2768 1802 2904 1873 ἔφην
2933 1804 3111 1871 λόγον,
3145 1803 3279 1856 Θεοῦ
3309 1806 3409 1857 οὐκ
3453 1805 3781 1873 ἠπίσταντο·

558 1917 668 1972 qua
707 1901 821 1955 dixi
864 1902 1098 1960 ratione,
1144 1898 1238 1953 Dei
1269 1915 1390 1953 esse
1438 1899 1752 1955 nesciebant
1784 1919 1796 1955 :
1828 1899 1935 1954 nisi
1979 1898 2122 1969 quod

561 1994 905 2065 peculiariter
929 1994 1019 2049 Dei
1047 1991 1241 2046 Filium
1267 1990 1518 2045 dicebant
1545 1991 2123 2061 Christum,anliquio-

558 2100 679 2139 rum
721 2100 871 2140 more
935 2090 1249 2138 sanctorum
1298 2090 1459 2151 atque
1497 2082 1789 2151 justorum.
1828 2081 1967 2137 Hinc
1997 2081 2126 2136 Phi-

560 2171 742 2241 lippus
793 2170 1022 2224 Domino
1062 2171 1243 2223 aiebat
1288 2189 1299 2222 :
1355 2188 1372 2219 ι
1428 2167 1662 2224 Ostende
1704 2171 1860 2227 nobis
1910 2170 2120 2225 Patrem

562 2270 739 2324 tuum,
766 2272 821 2316 et
852 2261 1048 2317 sullicit
1088 2262 1245 2316 nobis
1269 2263 1352 2327 “;
1395 2281 1412 2312 ι
1458 2262 1603 2331 quod
1634 2277 1914 2330 nunquam
1955 2262 2124 2317 dixis-

562 2361 664 2416 set,
697 2354 740 2409 si
771 2353 992 2423 quinam
1015 2363 1158 2408 esset
1183 2353 1372 2415 Filius,
1405 2354 1625 2423 quinam
1649 2355 1775 2409 item
1807 2353 1986 2419 Pater,
2019 2356 2124 2410 sci-

564 2443 761 2497 visset.
798 2444 1014 2512 Alioqui
1048 2445 1207 2513 plane
1234 2457 1460 2498 noverat
1486 2444 1815 2499 iuvisibilem
1840 2459 1962 2500 esse
1988 2445 2124 2499 divi-

558 2548 686 2587 nam
713 2545 984 2589 naturam.
1032 2533 1186 2589 Unde
1212 2542 1265 2587 et
1306 2534 1565 2590 Dominus
1591 2536 1667 2589 illi
1696 2536 1869 2590 dixit:
1900 2554 1918 2587 ι
1951 2535 2124 2591 Tanto

560 2636 801 2697 tempore
833 2627 1111 2682 vobiscum
1143 2642 1287 2688 sum,
1321 2635 1373 2680 et
1400 2642 1507 2681 non
1538 2627 1839 2697 cognovisti
1865 2642 1969 2693 me,
1997 2628 2123 2682 Phi-

558 2718 701 2786 lippe
726 2718 771 2749 “
797 2735 810 2771 :
843 2736 861 2769 ι
887 2717 1201 2781 ostendens,
1222 2717 1366 2785 quod
1404 2734 1469 2771 nc
1499 2719 1675 2788 ipsum
1709 2718 1924 2787 quidem
1956 2733 2119 2789 agno.

558 2818 751 2864 sceret.
794 2824 956 2879 quem
989 2810 1134 2864 scire
1167 2810 1424 2878 putabat:
1469 2810 1696 2879 ideoque
1730 2810 1941 2863 Patrem
1984 2824 2123 2878 quo-

554 2915 664 2967 que
709 2900 890 2954 videre
939 2901 1208 2969 postulat,
1261 2901 1654 2968 impossibilem
1709 2915 1821 2955 rem
1873 2902 2121 2971 cupiens.

558 2992 754 3045 Subdit
780 3006 911 3061 ergo
935 2992 1198 3046 Dominus
1223 3010 1236 3045 :
1279 3013 1296 3044 ι
1326 2992 1430 3058 Qui
1456 2992 1601 3047 videt
1631 3009 1735 3055 me,
1769 2994 1915 3047 videt
1944 3003 1995 3047 et
2019 2993 2123 3048 Pa-

558 3091 695 3136 trem
738 3098 918 3136 meum
941 3084 1028 3137 ηε
1074 3104 1091 3135 ι
1128 3086 1422 3141 ostendens
1463 3102 1541 3151 se,
1579 3086 1646 3139 ad
1677 3085 1931 3139 deitatem
1977 3087 2121 3155 quod

2225 1894 2361 1965 πλὴν
2387 1896 2508 1947 ὅσον
2536 1893 2677 1948 κατὰ
2719 1894 2990 1949 οίκείωσιν
3022 1893 3205 1962 ἔλεγον
3237 1894 3373 1948 Θεοῦ
3401 1894 3517 1947 υἱὸν
3551 1894 3645 1946 τὸν
3666 1895 3782 1964 Χρι-

2224 1985 2346 2040 στὸν
2397 1986 2537 2040 κατὰ
2570 1986 2630 2038 τὸ
2674 1984 2781 2039 τῶν
2811 1984 3042 2057 πρόσθεν
3094 1984 3213 2047 ἔθος
3256 1985 3425 2053 ἁγίων
3464 2003 3526 2037 τε
3573 1986 3675 2039 καὶ
3718 1986 3780 2037 δι-

2223 2074 2393 2128 καίων
2445 2075 2578 2143 (61).
2656 2073 2935 2127 Ἐντεῦθεν
2968 2075 2997 2125 6
3028 2072 3290 2137 Φίλιππος
3334 2073 3481 2142 λέγει
3522 2073 3665 2143 πρὸς
3708 2073 3784 2124 τὸν

2222 2164 2688 2236 Κύριον·ιΔεῖξον
2723 2167 2856 2237 ἡμῖν
2897 2166 2988 2219 τὸν
3037 2166 3255 2239 Πατέρα
3298 2182 3414 2228 σου,
3470 2167 3567 2218 καὶ
3639 2165 3783 2232 ἀρκεῖ

2220 2260 2350 2328 ἡμῖν
2371 2250 2523 2307 ἰοὺκ
2545 2259 2609 2313 ἄν
2640 2275 2701 2326 γε
2730 2257 2889 2312 τοῦτο
2915 2257 3084 2311 εἰπὼν
3130 2260 3180 2312 εἰ
3212 2258 3506 2329 ἠπίστατο,
3538 2256 3625 2319 τίς
3654 2258 3786 2327 μὲνό

2224 2349 2369 2411 Υἱὸς,
2398 2348 2481 2412 τίς
2508 2348 2565 2401 δὲ
2593 2351 2620 2402 6
2646 2349 2835 2419 Πατήρ
2860 2367 2872 2380 ·
2912 2349 3177 2419 ἠπίστατο
3220 2348 3329 2421 γάρ
3368 2349 3608 2411 πάντως,
3639 2348 3714 2410 ὡς
3739 2348 3783 2399 δὲ

2222 2440 2445 2493 ἀθέατον
2490 2443 2521 2509 ἡ
2564 2440 2683 2493 Θεία
2728 2441 2917 2509 φύσις’
2949 2443 3024 2512 (p.
3057 2442 3185 2508 441)
3232 2442 3353 2495 ὅθεν
3388 2442 3484 2495 καὶ
3532 2444 3561 2494 6
3593 2441 3785 2511 Κύριος

2224 2532 2372 2599 λέγει
2401 2530 2537 2600 πρὸς
2563 2529 2751 2585 αὐτόν’
2782 2551 2799 2583 ι
2830 2532 3096 2586 Τοσοῦτον
3121 2534 3307 2603 χρόνον
3333 2532 3447 2604 μεθ’
3482 2531 3640 2602 ὑμῶν
3663 2535 3783 2601 εἰμι,

2224 2626 2316 2677 καὶ
2340 2624 2441 2677 οὐκ
2472 2622 2718 2691 ἔγνωκάς
2747 2642 2812 2695 με
2835 2664 2850 2687 ,
2883 2624 3145 2689 Φίλιππες
3172 2623 3407 2686 »δεικνὺς
3431 2625 3513 2678 ὅτι
3538 2626 3667 2677 οὐδὲ
3699 2626 3784 2677 αὖ·

2222 2714 2311 2767 τὸν
2343 2713 2626 2783 ἠπίστατο,
2661 2713 2722 2766 ὃν
2746 2715 2941 2768 εἰδέναι
2971 2714 3127 2785 ᾤετο.
3157 2716 3268 2769 Καὶ
3294 2716 3487 2769 τούτου
3517 2734 3583 2785 γε
3614 2717 3787 2769 ἕνεκεν

2224 2804 2440 2858 καὶτὸν
2482 2805 2701 2875 Πατέρα
2734 2806 2863 2859 ἰδεῖν
2914 2807 3095 2869 αἰτεῖ,
3144 2809 3467 2880 πράγματος
3514 2809 3788 2877 ἐφιέμενος

2224 2895 2483 2948 ἀδυνάτου
2515 2910 2530 2926 ⁸
2562 2896 2758 2964 ἐπάγει
2786 2897 2916 2964 γοῦν
2936 2914 2951 2927 ο
2984 2916 3002 2949 ι
3052 2899 3110 2953 ’0
3146 2898 3404 2969 ἑωρακὼς
3432 2902 3552 2969 ἐμὲ.
3588 2900 3787 2969 ἑώρακε

2222 2987 2313 3038 τὸν
2356 2987 2601 3058 Πατέρα’
2653 3006 2671 3040 ι
2708 2988 2917 3051 δεικνὺς
2952 2990 3032 3042 ὅτι
3070 2991 3209 3043 κατὰ
3235 2992 3331 3060 τὴν
3361 2990 3593 3060 Θεότητα
3636 2989 3787 3043 τοῦτό

2226 3079 2371 3130 ἐστιν
2404 3079 2540 3148 ὅπερ
2583 3080 2611 3131 6
2656 3079 2878 3150 Πατὴρ,
2929 3080 3155 3143 ἀθέατος
3195 3081 3393 3147 ὁμοίιος
3444 3082 3675 3152 ἐκείνῳ,
3710 3084 3789 3133 καὶ

557 3173 772 3236 attinet,
798 3176 1045 3228 eumdem
1076 3190 1200 3230 esse
1229 3190 1291 3229 ac
1336 3175 1571 3241 Patrem,
1622 3176 1946 3231 invisibilem
1976 3177 2120 3246 pari-

2232 3168 2353 3237 ὸψις
2383 3170 2521 3241 αὑτὴ
2552 3171 2757 3223 ἐκείνου
2789 3173 2821 3240 ἢ
2847 3172 2939 3223 καὶ
2964 3172 3177 3225 τούτου.
3213 3174 3321 3226 Καὶ
3349 3171 3583 3243 ἑτέρωθι
3616 3171 3672 3225 δὲ
3707 3188 3789 3224 σα-

559 3268 643 3314 ter
678 3279 691 3313 :
732 3261 1095 3331 eumdemquc
1125 3279 1246 3316 esse
1273 3264 1556 3332 utriusque
1578 3274 1953 3333 conspectum.
1983 3266 2122 3319 Alibi

560 3363 688 3402 vero
716 3349 1058 3404 manifestius
1082 3350 1222 3404 dixit
1254 3352 1361 3404 illis
1390 3351 1652 3405 Dominus
1678 3370 1690 3404 :
1721 3371 1738 3402 ι
1774 3351 1895 3406 Haec
1925 3356 1977 3406 in
2002 3369 2125 3422 pro-

560 3442 763 3495 verbiis
790 3442 1001 3496 locutus
1032 3458 1151 3497 sum
1178 3443 1361 3509 vobis;
1392 3442 1483 3497 sed
1519 3444 1657 3496 venit
1695 3444 1825 3497 hora
1859 3459 1980 3497 cum
2012 3447 2121 3512 jam

559 3548 669 3587 non
688 3534 739 3587 in
759 3534 1064 3603 proverbiis
1088 3534 1278 3604 loquar
1294 3534 1469 3597 vobis,
1486 3535 1580 3589 sed
1598 3543 1781 3604 aperte
1806 3536 2016 3590 Patrem
2037 3553 2127 3591 vo-

560 3624 644 3678 bis
664 3624 995 3685 annuntiabo
1014 3625 1056 3655 ⁵⁷
1080 3644 1092 3677 :
1117 3643 1135 3676 ι
1158 3624 1469 3695 signiﬁcans
1486 3626 1627 3695 quod
1653 3635 1907 3694 tanquam
1928 3628 1980 3679 in
1994 3629 2124 3681 aeni-

558 3724 734 3785 gmate
747 3713 922 3771 Patris
934 3716 1253 3771 vocabulum
1273 3716 1581 3778 audierant,
1597 3716 1664 3771 de
1679 3725 1872 3771 natura
1886 3717 2122 3771 humana

558 3806 857 3860 secundum
902 3807 1146 3861 eamdem
1183 3808 1501 3862 relationem
1550 3806 1603 3861 id
1641 3807 2038 3878 intelligentes;
2069 3816 2123 3862 at

563 3903 747 3962 postea
778 3910 966 3951 verum
1011 3895 1103 3951 Dei
1138 3894 1336 3950 Filium
1366 3896 1526 3967 292
1562 3898 1845 3967 agnituros
1868 3897 2034 3951 Deum
2058 3914 2123 3953 ex

564 3985 695 4051 Deo,
731 3987 1165 4042 substantialiter
1195 4004 1259 4042 ex
1294 3988 1414 4057 ipso
1446 3990 1821 4051 exsistentem,
1854 3990 2125 4043 eamdem-

2232 3260 2494 3333 φέστερον
2534 3262 2672 3331 πρὸς
2711 3262 2905 3323 αὐτοὺς
2941 3264 2967 3314 ὁ
3004 3263 3206 3334 Κύριος
3245 3262 3427 3330 λέγει·
3470 3280 3488 3313 ι
3525 3262 3716 3315 Ταῦτα
3741 3265 3789 3315 ἐν

2233 3352 2551 3422 παροιμίαις
2574 3352 2838 3421 λελάληκα
2863 3353 3007 3422 ὑμῖν,
3033 3354 3147 3407 ἀλλ’
3173 3354 3389 3425 ἔρχεται
3421 3354 3540 3425 ὥρα
3572 3356 3663 3407 ὅτε
3685 3357 3792 3407 οὐκ·

2233 3441 2313 3493 ἐτι
2354 3444 2420 3519 ιέν
2467 3444 2785 3512 παροιμίαις
2836 3442 3051 3513 λαλήσω
3101 3445 3267 3514 ὑμῖν,
3328 3444 3463 3498 ἀλλά
3518 3446 3791 3516 παρρησίᾳ

2233 3533 2360 3603 περὶ
2380 3533 2471 3586 τοῦ
2496 3534 2704 3603 Πατρὸς
2739 3536 3035 3603 ἀπαγγελῶ
3054 3537 3183 3605 ὑμῖν
3202 3554 3215 3568 ·
3244 3555 3263 3589 ι
3294 3537 3507 3599 δεικνὺς
3532 3538 3620 3590 ὅτι
3649 3538 3720 3599 ὡς
3742 3539 3791 3588 ἐν

2233 3626 2512 3695 αἰνίγματι
2559 3626 2656 3695 τὴν
2703 3625 2796 3679 τοῦ
2841 3628 3053 3699 Πατρὸς
3093 3628 3288 3698 ἢκουον
3334 3628 3536 3698 φωνὴν.
3584 3632 3679 3682 ἐπὶ
3708 3630 3791 3697 τῆς

2232 3717 2575 3787 ἀνθρωπείας
2604 3716 2819 3785 φύσεως
2852 3720 2993 3772 κατά
3021 3720 3202 3789 σχέσιν
3230 3720 3398 3790 αὐτὴν
3430 3721 3792 3790 ὲκλαμϐἀνονο

2232 3826 2340 3872 τες,
2376 3809 2676 3877 γνώσονται
2708 3811 2763 3863 δὲ
2792 3811 3004 3883 ἀληθῶς
3033 3813 3159 3865 Υίὸν
3181 3814 3257 3866 ὅτ’
3288 3814 3355 3866 ἂν
3383 3814 3552 3882 γνῶσι
3588 3815 3717 3866 Θεὸν
3740 3817 3794 3865 ἐκ

2231 3901 2366 3953 Θεοῦ
2396 3903 2515 3955 κατ’
2543 3902 2732 3956 οὐσίαν
2768 3902 2895 3955 ὄντα
2930 3903 2987 3968 ἐξ
3019 3902 3183 3957 αὑτοῦ
3206 3944 3219 3967 ,
3249 3904 3342 3956 καὶ
3366 3903 3523 3956 τοῦτο
3548 3906 3680 3957 ὄντα
3708 3904 3793 3972 τὴν

2234 3994 2419 4045 οὐσίαν
2445 3993 2581 4063 ὅπερ
2608 3995 2828 4057 ἐκεῖνος.
2872 3994 2931 4046 Εἰ
2957 3994 3012 4047 δὲ
3040 3996 3089 4047 οἱ
3124 3994 3398 4067 προφῆται
3422 3998 3510 4048 καὶ
3545 3999 3596 4049 οἱ
3632 3998 3793 4068 πρόσ-

624 4147 671 4179 “
707 4147 865 4203 Joan.
920 4164 1027 4214 xlv,
1068 4150 1123 4203 8.
1198 4148 1242 4179 “
1276 4148 1409 4203 Ibid.
1443 4151 1493 4205 9.
1572 4152 1618 4181 “
1656 4152 1792 4205 Ibid.
1869 4150 1911 4181 "
1946 4149 2102 4205 Joan.
2146 4166 2253 4215 va,
2290 4150 2379 4204 25.

554 4305 675 4361 nem
718 4288 865 4361 inter
904 4306 997 4343 eos
1043 4300 1293 4346 auctores
1331 4294 1421 4361 qui
1473 4310 1536 4347 ex
1589 4294 1708 4348 Vet.
1756 4294 2106 4350 Testamento

556 4357 676 4434 Filii
701 4358 1037 4434 divinitatem
1064 4357 1434 4434 asrruserunt.
1460 4363 1578 4416 Jam
1604 4380 1847 4434 praesens
1870 4365 2105 4419 invectio

556 4428 788 4503 fortasse
825 4430 889 4503 tit
911 4430 1176 4503 adversus
1224 4428 1650 4503 liicronymum',
1682 4436 1775 4503 qui
1821 4434 2103 4487 Christum

2211 4296 2280 4348 sit
2337 4310 2427 4361 per
2485 4303 2874 4348 sacramentum
2925 4294 3332 4361 regenerationis
3400 4295 3453 4345 in
3500 4294 3651 4357 ﬁlius
3713 4292 3795 4342 [πὶ

2212 4366 2403 4418 nasci?
2428 4362 2485 4418 Si
2519 4363 2807 4418 secundum
2846 4364 2981 4416 hanc
3030 4364 3464 4429 nuncupationem
3498 4361 3682 4415 Filius
3714 4362 3797 4413 Dei

2218 4436 2467 4487 Christus
2513 4445 2612 4496 est,
2658 4436 2923 4502 interrogo
2967 4433 3090 4501 quid
3139 4433 3271 4486 illud
3319 4434 3407 4490 sit.
3449 4434 3589 4497 quod
3648 4433 3797 4485 Ριιγρ

557 4497 840 4573 hominum
878 4499 980 4573 hoc
1016 4500 1137 4552 loco
1168 4497 1444 4573 agnoscit:
1487 4502 1547 4555 Et
1583 4497 1801 4571 quidem
1835 4519 2113 4573 oppugna-
2148 4506 2191 4559 D
2226 4524 2243 4554 ι
2281 4522 2383 4558 non
2418 4520 2542 4557 caro
2572 4520 2730 4573 neque
2761 4497 3269 4573 sonantis-reuelauit,
3308 4503 3395 4573 sed
3432 4504 3592 4573 Pater
3617 4505 3714 4569 qui
3749 4504 3796 4553 in

554 4574 668 4643 tum
708 4566 874 4621 fuisse
897 4568 1004 4643 alio
1034 4566 1247 4643 opere}
1281 4566 1661 4641 Mopsuesteno
1698 4566 2109 4643 llieronvmum,

554 4637 897 4689 demonstrat
921 4637 1167 4709 Cavaeus.
1193 4637 1513 4709 Quanquam
1545 4644 1590 4695 si
1623 4643 1860 4697 fortasse
1893 4637 2113 4697 nonnisi

555 4711 1050 4783 Graecosauctores
1078 4708 1288 4777 legebat
1308 4708 1403 4783 hic
1433 4722 1641 4783 uostcr,
1670 4714 1867 4781 respici
1886 4714 1968 4783 ab
1998 4715 2116 4783 ipso

557 4784 688 4843 puto
716 4776 795 4829 vel
847 4775 1193 4853 llippqlﬂvtu‘m
1240 4780 1321 4833 vel
1352 4775 1641 4853 Drigeuem
1677 4775 2114 4853 vel-Didymumi,

556 4861 698 4920 quos
730 4845 970 4913 appellat
1006 4845 1474 4920 llieronymusiiu'
1500 4850 1654 4920 praef.
1713 4852 1782 4906 ad
1817 4845 1981 4908 ΖαὶΙι.
2015 4845 2118 4906 De-

558 4917 725 4993 [iique
768 4931 873 4993 tum
906 4924 989 4969 est
1026 4917 1522 4993 dissimulandum,
1565 4922 1665 4993 abs
1692 4922 2024 4993 Hieronymo
2050 4923 2115 4976 ad

554 4981 691 5062 Dan:
717 4984 883 5062 x._21.
909 5000 1007 5062 sit,
1111 4988 1549 5062 non‘Christum,
1576 4992 1669 5062 sed
1695 4983 1945 5061 angelum
1977 4994 2116 5062 apud

560 5051 881 5133 zachariam
915 5051 1167 5126 intelligi,
1199 5059 1341 5133 sicut
1371 5051 1545 5133 etiam
1566 5081 1593 5133 a
1631 5051 1993 5127 Tlieovdoreto,
2014 5051 2114 5133 'qui

488 5159 506 5190 ι
552 5123 937 5192 Mopsuesteno
966 5123 1158 5180 nostro
1184 5130 1322 5183 solet
1358 5131 1727 5186 subscribere.

622 5192 733 5263 (tit)
762 5192 1545 5268 Mopsuesteniinterpretatio
1590 5214 1705 5255 haec
1746 5218 1850 5254 non
1891 5212 1975 5255 est
2025 5202 2119 5254 ad-

551 5264 812 5342 mittenda
836 5264 890 5342 in
920 5264 1262 5342 confessione
1290 5264 1433 5342 certe
1462 5269 1644 5342 Petri:
1688 5271 1763 5323 Tu
1800 5270 2122 5342 esﬂChristtts

563 5330 732 5385 Filius
762 5333 857 5386 Dei
886 5336 1006 5398 vivi,
1055 5350 1163 5391 etc.
1216 5338 1423 5393 Etenim
1458 5339 1515 5393 S.
1566 5340 1805 5395 Hilarius
1852 5341 1929 5394 De
1972 5341 2117 5395 Trin.

554 5418 629 5478 vi.
666 5402 941 5478 ὅϋ-ίΑΝοη
985 5416 1085 5478 est,
1140 5409 1349 5475 inquit,
1398 5411 1696 5477 evangelica
1739 5424 1787 5465 et
1835 5412 2122 5478 apostolica

549 5472 698 5550 ﬁdes.
737 5472 936 5550 Filiam
976 5475 1074 5550 Dei
1115 5472 1322 5550 nomine
1360 5472 1547 5550 potius
1566 5497 1723 5548 quam
1766 5472 1957 5534 natura
2008 5498 2121 5533 cre-

543 5540 776 5621 didts_se._
814 5544 871 5597 Si
906 5548 1062 5621 enim
1109 5540 1388 5621 adeptione
1432 5549 1542 5621 ha'c
1578 5540 1907 5621 nuncupatio
1946 5562 2043 5611 est.
2074 5562 2123 5603 et

545 5624 649 5689 non
674 5612 866 5689 idcirco
897 5613 1067 5689 Filias
1094 5627 1192 5689 est,
1210 5612 1336 5685 quia
1364 5620 1549 5673 exierit
1572 5636 1604 5671 a
1626 5619 1733 5674 Deo
1750 5612 1965 5689 {quer
1990 5623 2125 5674 unde

548 5677 949 5761 beatui‘ﬁimon
986 5677 1233 5761 liarjona'
1266 5700 1345 5761 est
1400 5689 1668 5756 confessus
1694 5706 1712 5740 :
1750 5677 1828 5744 ‘rh
1876 5709 1930 5745 es
1965 5690 2122 5746 Clui-

548 5758 658 5801 stas
694 5750 869 5807 Filius
921 5755 1015 5807 Dei
1059 5760 1191 5809 rivi?
1240 5759 1386 5811 Anne
1443 5750 1558 5812 eam
1610 5762 1846 5815 omnibus
1890 5772 2121 5828 potestas

2221 4575 2365 4627 cwlis
2401 4577 2517 4629 est?
2554 4592 2572 4624 ι
2608 4571 2879 4628 Generatis
2923 4574 3177 4641 professio
3221 4572 3346 4641 quid
3392 4571 3541 4625 habet
3586 4576 3801 4625 meriti?

2220 4656 2309 4696 aut
2332 4661 2448 4714 qua:
2474 4644 2807 4714 reuelationis
2830 4652 2905 4696 est
2926 4643 3097 4712 gloria
3120 4644 3173 4714 in
3202 4642 3410 4711 publica
3438 4644 3802 4714 conscientia!

2219 4715 2281 4768 Si
2311 4710 2374 4767 ei:
2404 4714 2681 4782 adoptione
2712 4711 2887 4782 Filius
2919 4710 3015 4771 est,
3055 4710 3207 4766 unde
3232 4714 3341 4765 ha'c
3373 4714 3425 4764 in
3460 4710 3619 4763 Petro
3653 4712 3801 4763 beata

2219 4785 2477 4853 confessio
2502 4780 2736 4853 estthoc
2762 4780 2905 4835 Filio
2943 4782 3199 4849 dcferenti
3247 4783 3383 4851 quod
3416 4792 3488 4833 est
3528 4798 3803 4833 commune

2220 4851 2565 4908 senatorum?
2603 4851 2757 4906 Ultra
2787 4854 3071 4905 humanam
3108 4864 3281 4906 autem
3309 4852 3720 4920 intelligentiam
3753 4868 3801 4903 se

2221 4923 2349 4992 ﬁdes
2386 4922 2676 4991 apostolica
2727 4922 3015 4991 protendit.
3065 4922 3246 4991 Pergit
3292 4922 3397 4974 alia
3451 4923 3655 4977 ibidem
3697 4936 3803 4973 cu-

2222 4996 2427 5047 mulare
2459 4992 2719 5051 Hilarius.
2748 5009 2868 5060 quze
2896 4994 3127 5047 breviter
3152 4994 3239 5045 hic
3273 4992 3486 5045 recitari
3534 5007 3642 5043 non
3683 5007 3802 5059 pos~

2222 5074 2369 5117 sunt.
2416 5063 2692 5116 Consonat
2760 5072 2938 5116 autem
3002 5062 3424 5131 Ililarioialtera
3483 5061 3800 5131 dogmatuin

2222 5133 2370 5187 basis
2420 5132 2477 5187 S.
2533 5133 2865 5187 Athanasius
2916 5131 2990 5185 De
3032 5143 3164 5186 sent.
3213 5130 3477 5200 Dionysii,
3526 5130 3578 5183 n.
3638 5131 3698 5191 8,
3755 5140 3805 5181 et

2223 5202 2420 5259 Contra
2448 5202 2677 5256 Arianos
2712 5212 2854 5257 orat.
2889 5202 2953 5266 ll,
2996 5218 3050 5257 η.
3095 5202 3179 5257 18.
3214 5201 3301 5263 62.
3334 5210 3386 5252 et
3416 5202 3564 5255 alibi.
3597 5200 3699 5254 Sic
3723 5201 3807 5253 de~

2225 5276 2384 5342 nique
2420 5271 2561 5326 Petri
2602 5274 2765 5326 verba
2790 5274 2857 5327 de
2893 5272 3128 5326 naturali
3164 5270 3300 5325 Filio
3347 5270 3436 5324 Dei
3467 5270 3695 5342 Christo
3727 5270 3804 5321 di-

2224 5341 2308 5396 cta
2352 5343 2736 5396 intellexerunt
2773 5351 3072 5398 summates
3101 5343 3187 5394 alii
3227 5343 3411 5394 Patres
3455 5341 3804 5401 Αιιιιιιιοκὶιις,

2224 5413 2581 5482 Augustinus,
2612 5410 2882 5482 Cyrillus,
2914 5412 3360 5482 Chrysostomus,
3396 5426 3535 5477 quos
3576 5408 3809 5461 Tirinus

2226 5480 2490 5536 memorat
2520 5482 2588 5534 ad
2615 5480 2811 5536 Matth.
2844 5497 2955 5542 va,
3004 5480 3087 5534 16.
3133 5481 3241 5535 Nos
3285 5481 3448 5547 igitur
3492 5482 3813 5533 necessario

2225 5553 2366 5605 hanc
2415 5552 2662 5605 criticam
2729 5552 3133 5606 adnotationem
3200 5550 3505 5605 faciendam
3543 5549 3814 5616 iudicavi.

2228 5638 2380 5692 ﬂlll$._
2418 5624 2720 5690 praesertim
2750 5622 2876 5692 quia
2916 5621 3159 5692 Graecus
3186 5621 3530 5692 scholiastes,
3559 5620 3660 5688 qui
3710 5622 3810 5692 alia

2228 5693 2294 5817 ir:l
2336 5689 2717 5770 Mopsuesteno
2762 5689 2986 5759 notavit,
3031 5691 3165 5746 nihil
3214 5691 3317 5745 hoc
3358 5690 3412 5743 in
3472 5690 3587 5743 loco
3632 5689 3814 5741 animo

2229 5776 2257 5815 a
2300 5770 2479 5817 vertit.

2229 5764 2479 5817 advertit.
