3934 6536
552 345 654 400 5117
1714 346 2063 405 TIIEODORI
2091 347 2317 405 MOPSU
2330 347 2571 404 ESTENI
3636 364 3709 421 508

553 460 958 528 convenientia,
990 477 1097 516 non
1130 462 1274 533 quod
1310 463 1413 518 sibi
1437 463 1582 520 dicta
1607 465 1701 520 illa
1722 468 1985 536 tribuant,
2021 471 2106 526 sed

2161 478 2191 534 λ
2217 472 2430 539 λέγουσι
2476 470 2553 539 τῷ
2598 467 2735 540 Θεῷ,
2782 468 2879 539 οὐχ
2922 468 3131 530 ἑαυτοῖς
3162 466 3480 538 λογιζόμενοι
3520 475 3572 528 τὰ
3602 478 3714 549 λεγό-

553 549 665 607 Deo
695 567 915 607 causam
953 568 1138 607 eorum
1202 554 1551 624 imputantes.
1588 560 1764 628 Atque
1804 562 1909 616 hoc
1937 564 2100 618 statin

2226 578 2380 631 μενα,
2426 560 2518 612 ἐπὶ
2562 558 2690 612 Θεὸν
2732 558 2787 611 δὲ
2839 556 3016 610 αὐτῶν
3060 556 3411 627 ἀναφέροντες
3444 560 3530 631 τήν
3567 570 3711 629 αἰτίαν,

553 659 621 697 ex
654 652 919 713 prasente
964 645 1225 714 propheta
1277 648 1550 717 quispiam
1605 662 1919 721 cognoscet.
1987 653 2102 706 Nan

2223 653 2333 707 Καὶ
2362 652 2517 706 τοῦτό
2564 669 2626 720 γε
2665 651 2823 715 εὐθὺς
2851 654 2915 703 ὲκ
2936 649 3027 703 τοῦ
3081 650 3357 719 προφήτου
3399 652 3483 704 τοῦ
3513 660 3716 727 παρόντος

556 744 841 805 postquam
867 736 942 789 ait
971 753 984 791 :
1022 756 1039 787 ι
1071 736 1309 792 Verbum
1341 739 1553 794 Domini
1584 739 1787 797 factum
1815 754 1897 797 est
1926 744 1992 797 ad
2030 744 2109 798 Za‘

2224 747 2322 799 ίδοι
2348 762 2432 809 τις
2463 743 2557 797 ἄν’
2593 743 2761 796 είπὼν
2794 742 2903 813 γὰρ
2931 742 3035 805 ὅτι,
3066 759 3084 791 ι
3127 740 3370 808 Ἐγένετο
3410 741 3545 811 λόγος
3566 750 3715 821 Κυρίου

555 827 820 893 chariam,
852 826 1063 891 dicens,
1105 847 1125 881 ι
1160 829 1367 884 addidit
1400 849 1412 884 :
1456 850 1475 883 ι
1522 830 1700 888 Iratus
1732 842 1817 888 est
1856 833 2108 892 Dominus

2224 836 2360 908 πρὸς
2384 835 2655 907 Ζαχαρίαν
2692 834 2887 902 λέγων,
2926 851 2943 884 ι
2983 834 3294 905 ἐπήγαγενο
3326 852 3344 884 ι
3386 833 3607 908 Ὦργίσθη
3636 844 3718 896 κύ.

557 915 843 970 adversum
872 924 1051 986 patres
1073 929 1283 974 vestros
1307 921 1384 973 ira
1409 935 1629 991 magna,
1662 942 1681 974 ι
1707 922 1869 992 Atqui
1893 939 2110 979 consen-

2225 943 2340 997 ριος
2384 926 2476 979 ἐπὶ
2503 928 2626 990 τοὺς
2657 926 2897 995 πατέρας
2924 924 3077 992 ὑμῶν
3119 923 3288 994 ὀργὴν
3325 924 3561 994 μεγάλην.
3588 947 3602 979 ι
3631 929 3720 984 Καί.

556 1013 777 1061 taneum
827 1017 944 1061 erat
982 1008 1458 1064 dicerezFactum
1512 1022 1597 1068 est
1647 1013 1871 1069 verbum
1910 1014 2109 1069 Domini

2221 1034 2303 1070 τοι
2330 1034 2393 1086 γε
2419 1012 2486 1088 ἦν
2517 1016 2805 1070 ἀκόλουθον
2836 1017 2882 1068 εί
2912 1016 3023 1082 (65)
3054 1013 3160 1082 ἄρα
3210 1016 3380 1066 εἰπεῖν
3416 1015 3506 1080 ὃτι,
3537 1017 3722 1086 Ἐγένετο

556 1098 743 1153 dicens
795 1121 805 1152 :
839 1099 1015 1155 Iratus
1050 1117 1171 1155 sum
1223 1103 1509 1157 adversum
1548 1111 1728 1172 patres
1759 1113 1994 1169 vestros;
2057 1122 2109 1162 ne

2223 1108 2379 1177 λόγος
2419 1108 2614 1179 Κυρίου
2653 1109 2786 1178 πρὸς
2829 1107 3098 1177 Ζαχαρίαν
3142 1106 3337 1173 λέγων,
3369 1106 3621 1179 Ὦργίσθην
3660 1114 3724 1167 ἐπὶ

555 1190 717 1242 verba
753 1188 964 1244 Domini
1001 1192 1067 1245 ad
1104 1192 1414 1260 prophetam
1452 1192 1614 1258 facta,
1658 1194 1725 1248 de
1758 1196 1863 1249 alio
1888 1196 2108 1264 quodan‘

2224 1200 2348 1263 τοὺς
2390 1199 2632 1269 πατέρας
2667 1198 2818 1268 ὑμῶν
2839 1216 2850 1226 ·
2889 1197 2963 1260 ὡς
2995 1196 3060 1250 ἂν
3086 1196 3159 1266 μὴ
3197 1198 3225 1249 6
3259 1195 3485 1264 γεγονὼς
3505 1199 3633 1266 λόγος
3658 1202 3722 1255 τοῦ

553 1281 1105 1335 viderenturdominu
1139 1283 1319 1337 dicere
1354 1291 1610 1353 tauquam
1643 1286 1801 1339 irato.
1837 1285 1941 1340 Sed
1977 1288 2106 1341 enin

2224 1290 2427 1360 Κυρίου
2454 1288 2591 1359 πρὸς
2618 1288 2708 1341 τὸν
2738 1287 3043 1359 προφήτην,
3070 1286 3195 1357 περὶ
3229 1286 3411 1356 ἐτέρου
3436 1287 3562 1350 τινὲς
3584 1292 3725 1361 φαίνῃ-

554 1378 722 1440 patet.
753 1372 897 1441 quod
927 1388 1048 1426 cum
1084 1374 1277 1437 dictio,
1316 1392 1333 1425 ‹
1380 1373 1600 1429 Factum
1638 1386 1719 1432 est
1757 1378 1981 1431 verbum
2016 1376 2107 1429 Do-

2224 1395 2313 1430 ται
2361 1378 2547 1447 κυρίου
2586 1376 2754 1445 λέγων
2796 1375 2872 1439 ὡς
2896 1374 3255 1446 ὀργισθέντος.
3295 1373 3427 1426 Ἀλλ’
3462 1375 3645 1446 εὔδηλον
3670 1382 3725 1432 ὃτι

556 1462 747 1523 mini,»
778 1464 1102 1518 revelantem
1155 1466 1445 1535 signiticet,
1477 1467 1626 1521 addit
1650 1484 1772 1522 mox
1802 1468 1964 1523 verba
1994 1483 2109 1537 pro-

2223 1466 2304 1530 τὸ,
2349 1484 2367 1518 ι
2411 1467 2656 1535 Ἐγένετο
2700 1466 2855 1535 λόγος
2902 1466 3129 1536 Κυρίου,
3182 1483 3200 1516 ι
3241 1465 3331 1517 τὸν
3378 1465 3726 1535 ἀποκαλύψαντα

558 1554 715 1623 pheta
752 1571 870 1625 qua:
901 1554 1043 1611 Deus
1068 1558 1182 1626 ipse
1216 1558 1430 1613 locutus
1478 1568 1596 1621 est;
1631 1575 1807 1629 neque
1842 1575 1941 1614 sua
1971 1560 2111 1624 dicit,

2225 1558 2412 1623 είπὼν,
2443 1559 2518 1631 (p.
2544 1559 2670 1629 444)
2704 1558 2897 1627 ἐπάγει
2930 1558 3114 1611 λοιπὸν
3137 1556 3203 1610 τὰ
3226 1559 3439 1627 ῥήματα
3463 1559 3488 1609 6
3509 1561 3728 1629 προφήτης

557 1641 651 1695 sed
685 1657 803 1710 qua:
830 1642 970 1697 Deus
1006 1646 1400 1714 pronuntiavit,
1454 1647 1696 1716 exponit.
1733 1647 1931 1702 Eodem
1968 1648 2110 1717 plant

2226 1653 2368 1724 ειπερ
2403 1653 2565 1716 αὐτὸς
2600 1649 2750 1705 εἶπεν
2787 1654 2816 1705 6
2862 1651 3012 1716 Θεὸς,
3057 1652 3156 1705 οὐκ
3190 1652 3363 1703 οἰκεῖα
3403 1649 3578 1717 λέγων,
3609 1652 3663 1703 τὰ
3690 1653 3729 1705 δὲ

554 1735 717 1786 modo
749 1742 801 1787 et
825 1750 947 1787 cum
976 1736 1225 1805 angelum
1244 1737 1399 1801 dixit,
1429 1738 1623 1793 deinde
1647 1740 1806 1792 etiam
1832 1739 2107 1794 Dominun

2227 1743 2375 1813 παρὰ
2401 1743 2493 1796 τοῦ
2520 1742 2651 1796 Θεοῦ
2678 1742 2977 1813 λελεγμένα
3009 1741 3375 1811 ἐκτιθέμενος.
3402 1740 3498 1793 Τὸν
3526 1742 3659 1793 αὐτὸν
3686 1742 3728 1811 δὴ

554 1824 716 1896 294
747 1826 1010 1893 nominat,
1040 1829 1216 1897 angeli
1248 1829 1468 1898 quidem
1506 1832 1772 1885 vocabulo
1812 1832 2107 1888 ministrun

2178 1820 2422 1909 Ῐτρόπον
2470 1836 2564 1889 καὶ
2608 1836 2687 1889 ὅτ’
2720 1834 2785 1890 ἂν
2828 1834 3057 1903 ἄγγελον
3102 1834 3258 1905 λέγῃ,
3303 1828 3421 1884 εἶτα
3465 1833 3549 1884 καὶ
3582 1832 3731 1900 Κύριον

552 1913 806 1975 denotat;
849 1915 1061 1969 Domini
1096 1917 1387 1984 vocabulo,
1424 1920 1572 1972 illum
1606 1921 1698 1989 qui
1755 1936 1852 1990 per
1903 1923 2105 1993 angelo:

2223 1926 2486 1999 ὀνομάζῃ,
2520 1924 2598 1996 τῷ
2639 1926 2736 1997 μὲν
2782 1924 2997 1994 ἀγγέλῳ
3037 1923 3129 1976 τὸν
3174 1921 3540 1993 ὑπουργοῦντα
3574 1922 3728 1973 δείκνυ-

554 2004 643 2057 illa
699 2004 811 2059 fieri
850 2008 1144 2062 mandavit.
1204 2008 1307 2063 Sed
1335 2019 1387 2063 et
1441 2011 1570 2064 illud
1626 2013 1969 2081 exploratum
2014 2022 2099 2070 est

2225 2034 2330 2082 σιν,
2364 2020 2430 2088 τῇ
2459 2016 2515 2069 δὲ
2541 2015 2634 2069 τοῦ
2666 2015 2867 2087 Κυρίου
2898 2017 3047 2085 φωνῇ
3081 2014 3171 2066 τὸν
3210 2012 3531 2076 ἐπιτάξαντα
3564 2012 3635 2065 διὰ
3658 2012 3732 2065 τῶν

553 2099 774 2167 angelos
801 2099 1086 2154 visibiliter
1140 2102 1450 2158 hominibus
1487 2112 1838 2173 apparentes,
1896 2122 2020 2161 cum
2069 2109 2106 2163 ἰ(

2223 2107 2468 2177 ἀγγέλων
2490 2108 2670 2160 ἐκεῖνα
2696 2106 2969 2175 γενέσθαι.
3007 2104 3168 2158 Ἀλλά
3197 2104 3307 2175 γὰρ
3330 2102 3538 2174 εῦδηλον
3557 2104 3623 2155 ὅτι
3645 2103 3732 2164 τοὺς

554 2187 663 2241 Deo
721 2190 1004 2257 placuerit,
1038 2193 1330 2247 humanam
1393 2194 1622 2248 formam
1670 2197 1870 2251 imitari
1928 2201 2101 2256 solere

2224 2199 2484 2269 ἀγγέλους
2541 2198 2812 2269 αἰσθητῶς
2881 2196 3238 2267 φαινομένους
3296 2197 3411 2257 τοῖς
3474 2191 3733 2263 ἀνθρώποις,

552 2296 673 2347 quae
693 2295 929 2349 congrua
967 2294 1047 2337 est
1073 2286 1424 2341 cernentibus
1461 2295 1515 2341 et
1544 2289 1925 2345 revelationem
1974 2293 2105 2346 exci-

2221 2293 2298 2345 ὅτ’
2344 2292 2410 2345 ἂν
2450 2291 2605 2345 τοῦτο
2648 2291 2780 2361 δοκῇ
2828 2287 2907 2359 τῷ
2953 2286 3107 2356 Θεῷ,
3151 2286 3267 2349 ἔθος
3320 2284 3601 2355 ἀνθρώπων
3637 2280 3734 2345 εἶδος

552 2369 841 2438 pientibus.
882 2371 1055 2441 Atque
1075 2374 1174 2428 hoc
1206 2391 1271 2429 ex
1331 2375 1482 2430 Novo
1510 2392 1727 2447 quoque
1777 2380 2105 2437 Testamenti

2227 2384 2528 2456 μιμεῖσθαι,
2561 2384 2696 2454 ὅπερ
2724 2382 2920 2436 οἰκεῖόν
2955 2381 3071 2433 ὲστι
3108 2384 3218 2442 τοῖς
3253 2377 3421 2448 ὁρῶσί
3448 2394 3501 2430 τε
3538 2376 3617 2429 καὶ
3647 2394 3734 2427 παι-

552 2462 869 2517 condiscere
898 2465 1169 2534 quispiam
1205 2475 1400 2536 potest.
1430 2467 1641 2524 Etenim
1676 2470 1877 2525 Christi
1910 2472 2100 2529 Domin

2222 2476 2547 2547 δευομένοις.
2599 2475 2769 2527 Τοῦτο
2816 2474 2873 2526 δὲ
2923 2472 3018 2526 καὶ
3054 2474 3120 2525 ὲκ
3139 2471 3238 2541 τῆς
3275 2470 3479 2540 Καινῆς
3523 2467 3736 2537 Διαθήκης

552 2556 1009 2610 resurrectionem
1042 2557 1225 2610 divina
1267 2558 1549 2629 Scriptura
1580 2576 1834 2621 narrans.
1860 2564 1935 2617 ait
1961 2580 2105 2637 anget

2223 2569 2319 2640 οὐχ
2346 2563 2506 2640 ἦττον
2538 2567 2695 2639 μάθοι
2732 2583 2817 2629 τις
2860 2566 2959 2619 ἄν’
2995 2563 3064 2617 τὰ
3104 2563 3213 2635 γὰρ
3260 2562 3403 2615 κατὰ
3433 2560 3523 2631 τὴν
3558 2559 3739 2613 ἀνάστα-

551 2643 664 2695 Ium
699 2646 875 2698 visum
910 2646 1000 2714 qui
1059 2646 1289 2716 lapidem
1322 2650 1623 2704 revolverat
1654 2652 1719 2704 ".
1754 2652 1875 2707 Mox
1918 2654 2097 2711 deseri

2228 2676 2310 2713 σιν
2347 2659 2438 2713 τοῦ
2473 2658 2747 2711 Δεσπότου
2772 2655 3007 2729 Χριστοῦ
3041 2654 3369 2726 διηγουμένη
3404 2654 3435 2724 ἡ
3469 2651 3577 2704 θεία
3600 2649 3738 2719 Γραφὴ

551 2736 686 2787 hens
717 2736 838 2803 quis
864 2744 1031 2799 esset,
1060 2746 1113 2791 et
1136 2739 1411 2806 quomodo
1436 2740 1607 2802 visus,
1632 2760 1651 2791 ι
1686 2740 1836 2804 Erat,
1878 2762 1896 2794 ι
1926 2745 2097 2815 inquit

2225 2748 2392 2817 λέγει,
2427 2748 2653 2818 ἄγγελον
2691 2741 2867 2815 ὦφθαι
2920 2747 3013 2799 τὸν
3056 2744 3462 2799 ἀποκυλίσαντα
3495 2741 3575 2795 τὸν
3606 2739 3734 2792 λίθον·

556 2845 575 2877 ι
611 2826 778 2880 facies
836 2827 955 2895 ejus
1018 2837 1078 2882 ut
1130 2828 1334 2900 fulgur,
1392 2832 1716 2886 vestimenta
1773 2843 1951 2889 autem
2002 2838 2109 2892 alba

2226 2837 2343 2893 εἶτα
2369 2840 2738 2909 διαγράφουσα
2770 2832 2881 2902 οἷός
2913 2855 2995 2901 τις
3022 2832 3113 2909 ἦν,
3145 2838 3238 2889 καὶ
3262 2838 3413 2898 ὅπως
3442 2832 3603 2903 ὤφθη,
3626 2850 3641 2882 ι
3664 2825 3738 2881 Ἦν

552 2931 806 2988 tanquam
840 2921 931 2973 nix
966 2921 1136 2977 ⁸⁸.»Ε1
1157 2934 1278 2993 post
1310 2921 1523 2976 Domini
1556 2924 1609 2977 in
1633 2925 1830 2980 coelum
1867 2928 2097 2982 reditum

2224 2929 2409 2996 αὑτοῦ,
2440 2948 2458 2981 ι
2494 2931 2678 3000 φησιν.
2711 2946 2731 2980 ι
2761 2931 2795 2999 ἡ
2837 2928 2982 2982 είδέα
3014 2926 3090 2990 ὡς
3117 2924 3395 2998 ἀστραπὴ,
3421 2924 3487 2977 τά
3519 2923 3568 2975 δὲ
3599 2920 3740 2991 ἱμάτια

551 3009 736 3063 hiante
800 3026 896 3065 ore
944 3013 1292 3081 stupentibus
1335 3012 1401 3065 ad
1442 3014 1519 3067 rei
1558 3016 1851 3070 novitatem
1889 3018 2104 3087 discipu‘

2224 3021 2394 3074 λευκὰ
2424 3021 2499 3084 ὡς
2528 3018 2684 3091 χιών.
2736 3038 2755 3072 ι
2791 3019 2901 3074 Καὶ
2943 3018 3079 3091 μετὰ
3121 3018 3221 3089 τὴν
3256 3016 3444 3071 ἄνοδον
3479 3015 3530 3068 δὲ
3559 3011 3637 3066 τοῦ
3662 3012 3741 3064 Κυ-

550 3098 739 3162 1ἰε⁸²,‹
766 3102 923 3161 Ecce,
955 3121 972 3153 ι
1015 3102 1210 3171 inquit,
1243 3121 1261 3153 ι
1294 3103 1403 3156 duo
1438 3104 1540 3157 viri
1577 3107 1869 3160 astiterunt
1900 3108 1953 3161 in
1978 3117 2103 3163 vestl

2186 3162 2191 3181 ,
2229 3112 2343 3185 ρίου
2381 3114 2481 3184 τὴν
2507 3114 2587 3175 είς
2621 3112 2867 3184 οὐρανὸν,
2897 3110 3202 3182 κεχηνότων
3231 3110 3372 3181 πρὸς
3400 3106 3492 3179 τὴν
3523 3105 3604 3160 τοῦ
3627 3119 3739 3173 γεγο-

549 3190 801 3242 candida.
836 3208 853 3240 ›
888 3190 1055 3243 Erant
1107 3199 1286 3244 autem
1329 3194 1525 3263 angeli,
1554 3194 1647 3261 qui
1678 3193 1977 3264 discipulos
2006 3214 2102 3252 ren

2188 3194 2192 3215 ’
2226 3205 2375 3268 νότος
2403 3205 2689 3275 καινότητα
2724 3204 2831 3257 τῶν
2863 3203 3138 3274 μαθητῶν,
3171 3222 3188 3254 ι
3224 3202 3384 3266 Ἰδοὺ,
3426 3219 3444 3252 ι
3476 3199 3612 3267 φησι,
3641 3196 3741 3248 «δύο

551 3289 755 3345 gestam
789 3282 1075 3335 docebant.
1104 3279 1304 3335 Eodem
1335 3283 1493 3338 modo
1518 3300 1665 3338 nunc
1682 3287 1842 3339 etiam
1868 3288 2104 3357 angeluu

2225 3296 2413 3367 ἄνδρες
2439 3298 2777 3367 είστήκεισαν
2799 3298 2855 3347 ὲν
2891 3295 3076 3365 ἐσθῆτι
3099 3294 3297 3365 λευκῇ·
3338 3314 3357 3345 ι
3389 3288 3524 3363 ἦσαν
3545 3291 3594 3343 δὲ
3621 3290 3742 3355 ἄγγε-

551 3371 693 3423 videt
724 3373 985 3441 propheta
1014 3389 1041 3426 a
1068 3376 1240 3443 gratia
1272 3377 1497 3431 missum
1528 3379 1597 3432 ob
1613 3392 1675 3431 ea
1691 3379 2104 3435 administranda

2225 3386 2305 3438 λοι
2342 3386 2681 3450 διδάσκοντες
2718 3386 2915 3449 αὐτοὺς
2951 3385 2987 3438 ἃ.
3022 3388 3297 3455 προσῆκον
3327 3379 3398 3454 ἦν
3436 3384 3523 3435 ἐπὶ
3553 3384 3648 3442 τοῖς
3680 3394 3743 3444 γε·

553 3477 673 3529 ῳιτιι
704 3461 954 3517 humanm
979 3464 1137 3517 saluti
1179 3466 1489 3523 conferunt.

2224 3477 2437 3545 yovdou
2463 3478 2677 3531 εἰδέναι.
2726 3476 2830 3530 Τὸν
2881 3476 3045 3529 αὐτὸν
3080 3475 3144 3547 δὴ
3179 3475 3383 3546 τρόπον
3422 3470 3666 3527 κάνταῦθα
3702 3471 3740 3519 ἐν

552 3548 839 3621 ἀνθρώπου
877 3556 1056 3623 μορφῇ
1096 3554 1324 3623 ἄγγελον
1364 3557 1559 3629 θεωρεῖ
1601 3560 1733 3631 πρὸς
1780 3560 2078 3631 ὑπουρνίαν
2117 3566 2221 3621 ὑπὸ
2256 3569 2355 3639 τῆς
2386 3570 2608 3640 χάριτος
2644 3569 2975 3641 τεταγμένον
3006 3568 3113 3622 τῶν
3144 3570 3224 3632 είς
3258 3567 3535 3639 σωτηρίαν
3562 3566 3745 3635 ἡκόντων

549 3641 914 3714 ἀνθρωπίνην.

631 3739 1456 3815 \‘sns.9,IU.—Speciesitaque
1479 3750 1703 3797 externa
1742 3746 1991 3815 angelum
2031 3766 2125 3803 ex-

2296 3751 2444 3821 Στὶχ.
2471 3755 2545 3819 θ’,
2572 3750 2621 3805 ι’.
2649 3782 2719 3795 -
2740 3749 2805 3805 Ἥ
2832 3746 3050 3823 μὲνῖοῦν
3083 3750 3203 3819 ὄψις
3227 3748 3463 3817 ἄγγελον
3486 3746 3671 3816 ὲδήλοψ
3700 3743 3745 3793 τὰ

554 3824 771 3878 bibebat
807 3839 900 3889 ;at
934 3830 1105 3897 ipsius
1158 3830 1436 3898 adjuncta,
1473 3834 1848 3903 signiﬁcabant
1879 3854 1965 3893 res
2005 3856 2107 3909 qua

2226 3846 2355 3917 περὶ
2390 3844 2549 3898 αὑτὸν
2581 3843 2637 3896 δὲ
2680 3840 2749 3915 ἦν
2788 3845 3057 3914 μηνυτικά
3093 3843 3469 3913 πραγμάτων
3507 3839 3651 3891 ἵππου
3677 3835 3743 3903 μὲν

551 3915 769 3971 ﬁebant.
800 3917 1005 3987 Equum
1030 3920 1211 3990 itaque
1236 3922 1599 3987 inscenderat,
1625 3926 1694 3980 ob
1710 3928 2104 3998 signiﬁcandun

2225 3915 2317 3990 οὖν
2337 3935 2685 4007 ἐπιϐεϐλήκει
2709 3938 2786 4000 είς
2802 3936 3031 4007 δήλωσιν
3055 3936 3147 3989 τοῦ
3166 3934 3389 4005 τάχους,
3410 3933 3526 4004 μεθ’
3544 3924 3597 3984 οὗ
3618 3930 3746 3981 πάντα

549 4008 908 4075 celeritatem,
943 4026 1049 4080 qua
1081 4016 1265 4065 omnia
1296 4016 1521 4086 exsequi
1548 4017 1849 4075 invisibiles
1881 4031 2102 4091 potesta‘

2227 4026 2494 4079 ἐπιτελεῖν
2520 4028 2641 4089 ταῖς
2673 4027 2925 4100 ἀοράτοις
2969 4026 3257 4095 δυνάμεσιν
3285 4024 3449 4095 ἔργον
3480 4020 3613 4075 ἐστὶν
3643 4019 3743 4086 inp

549 4105 629 4152 tes
661 4103 835 4155 solent
861 4103 953 4158 Dei
990 4108 1266 4163 mandata.
1297 4107 1471 4165 Rufus
1522 4121 1702 4166 autem
1757 4124 1875 4169 erat
1922 4133 2096 4187 equus

2229 4117 2295 4172 ἂν
2339 4117 2601 4191 ἐπιτάττῃ
2639 4118 2799 4180 Θεός·
2835 4118 2910 4188 (p.
2946 4117 3071 4186 445)
3121 4116 3336 4187 πυῤῥοῦ
3374 4115 3453 4177 δὲ,
3482 4114 3553 4177 ὡς
3597 4112 3652 4165 ἂν
3684 4109 3746 4161 τὸν

545 4191 615 4243 ob
670 4193 805 4245 iram
841 4196 1223 4264 denotandam,
1253 4216 1359 4268 qua
1406 4217 1504 4269 pro
1544 4202 1625 4258 eis
1654 4207 1881 4274 angelus
1931 4218 2098 4261 contr:

2228 4208 2397 4279 θυμὸν
2417 4210 2632 4281 δεικνύῃ
2673 4209 2732 4262 ὃν
2761 4210 2899 4281 ὑπὲρ
2937 4208 3115 4263 αὐτῶν
3150 4203 3296 4278 εἶχεν
3331 4206 3477 4261 κατά
3515 4204 3613 4258 τῶν
3636 4201 3747 4255 ἁλλο-

547 4280 753 4336 alienos
779 4294 895 4337 erat
926 4286 1202 4341 incensus.
1232 4287 1377 4342 Inter
1407 4298 1618 4345 montes
1640 4292 1874 4362 denique
1900 4295 2093 4349 umbro

2225 4303 2409 4372 τρίων.
2438 4301 2527 4353 Ἐν
2570 4280 2716 4372 μέσῳ
2753 4302 2809 4353 δὲ
2845 4280 3154 4355 κατασκίων
3182 4301 3357 4369 ὀρέων
3397 4299 3649 4365 εἱστήκει·
3674 4291 3748 4343 ain

545 4387 637 4426 sus
659 4375 1012 4430 constiterat:
1037 4387 1087 4431 et
1110 4389 1321 4433 montes
1339 4380 1556 4447 quidem
1575 4383 1774 4438 celsam
1802 4383 2098 4453 firmamqut

2228 4394 2326 4463 μὲν
2374 4393 2572 4464 ὀρέων,
2618 4393 2679 4446 τὸ
2718 4392 2918 4464 ὑψηλὸν
2966 4394 3059 4446 καὶ
3108 4390 3333 4462 στερρὸν
3378 4391 3480 4460 τῆς
3525 4387 3746 4453 δυνάμεως

545 4466 840 4531 potentiam
886 4470 1061 4537 angeli
1118 4470 1566 4525 administratorii
1638 4476 2084 4528 demonstrabant

2224 4482 2317 4535 τοῦ
2357 4483 2791 4554 λειτουργοῦντος
2838 4482 3067 4552 φανερὸν
3116 4480 3446 4533 ποιούντων·
3484 4477 3586 4530 τῶν
3628 4488 3749 4527 κατι·

544 4556 801 4611 umbrosa
865 4570 1042 4614 autem
1076 4563 1330 4629 qualitas,
1356 4564 1743 4632 perfectionem
1782 4582 1943 4635 quam
1978 4583 2097 4635 prae

2226 4572 2391 4624 σκίων
2421 4572 2496 4633 δὲ,
2526 4572 2756 4643 δήλωσιν
2785 4574 3014 4643 ἑχόντων
3049 4573 3149 4641 τῆς
3196 4572 3407 4641 σκέπης
3447 4570 3513 4640 ἢν
3547 4567 3748 4636 παρέχειν

542 4647 670 4701 bere
702 4651 902 4717 populo
946 4670 1047 4707 suo
1092 4654 1230 4708 Deus
1258 4657 1607 4724 promiserat.
1647 4657 1949 4728 lnterrogat
1985 4675 2095 4728 ergt

2222 4665 2249 4715 6
2274 4663 2404 4726 Θεὸς
2447 4663 2826 4732 εὐηγγελίζετο
2870 4662 2946 4733 τῷ
2981 4663 3092 4733 λαῷ
3119 4663 3197 4733 τῷ
3222 4662 3432 4733 οἰκείῳ.
3471 4658 3659 4726 Ἐρωτᾷ
3682 4653 3749 4723 μὲν

543 4744 806 4810 propheta
840 4764 851 4797 :
886 4763 902 4794 ι
930 4745 1070 4813 Quid
1103 4747 1228 4800 isti?
1264 4768 1281 4798 ι
1316 4750 1647 4803 revelatione
1668 4765 1792 4803 eum
1842 4750 1906 4803 ad
1940 4753 2096 4804 inter‘

2221 4749 2314 4806 οὖν
2363 4755 2391 4805 6
2441 4756 2744 4825 προφήτης,
2783 4773 2800 4805 ι
2846 4755 2909 4807 ΤΞ
2963 4748 3140 4819 οὗτοις
3187 4773 3205 4806 ι
3256 4757 3358 4824 τῆς
3411 4748 3749 4815 ἀποκαλύψεως

543 4835 841 4895 rogandum
904 4839 1233 4906 impellente,
1294 4850 1352 4893 ut
1379 4842 1657 4897 edocendo
1688 4844 1771 4895 via
1817 4842 2091 4913 pandatur

2222 4847 2359 4917 πρὸς
2400 4846 2499 4917 τὴν
2546 4845 2814 4918 ἐρώτησιν
2862 4834 3030 4916 αὐτὴν
3076 4847 3418 4917 κινησάσης,
3464 4844 3537 4906 ὡς
3592 4841 3648 4894 ἂν
3686 4836 3750 4889 καί

547 4946 564 4976 ‹
605 4926 907 4993 Respondit
937 4942 1143 4994 autem,
1175 4933 1370 5003 inquit,
1400 4934 1625 5003 angelus
1657 4935 1748 5004 qui
1791 4935 2100 5004 loquebatur

2220 4939 2335 4993 ὁδὸν
2363 4940 2395 5009 ή
2420 4937 2732 4991 διδασκαλία
2758 4937 2930 4992 λάὸοι.
2962 4956 2980 4989 ι
3018 4938 3411 5007 Ἀποκρίνεται
3450 4936 3526 5000 δὲ,
3557 4953 3574 4985 ι
3609 4928 3748 4999 φησὶν.

540 5018 593 5071 in
630 5034 756 5072 me:
797 5019 904 5088 Ego
948 5023 1229 5077 ostendam
1278 5025 1373 5079 tibi
1424 5026 1555 5094 quid
1586 5026 1693 5078 sint
1734 5027 1867 5081 lucc.
1918 5045 1936 5077 ι
1970 5025 2093 5081 Dici

2227 5050 2246 5082 ι
2277 5032 2306 5083 6
2336 5030 2561 5098 ἄγγελος
2589 5032 2615 5082 6
2652 5028 2826 5082 λαλῶν
2860 5030 2917 5081 ἐν
2940 5029 3083 5099 ἐμοί·
3120 5027 3260 5096 Ἐγὼ
3293 5027 3461 5093 δείξω
3492 5042 3569 5078 σοι
3602 5022 3646 5074 τί
3670 5020 3750 5070 ἐστι

540 5125 667 5163 wro
691 5112 866 5178 ipsum
914 5115 1113 5177 virum,
1150 5132 1311 5184 quem
1350 5117 1676 5171 insidentem
1706 5134 1847 5185 equo
1878 5118 1999 5173 rufo
2027 5120 2093 5172 vi.

2219 5119 2410 5173 ταῦτα.
2446 5138 2462 5169 ι
2506 5118 2667 5186 Λέγει
2700 5119 2757 5171 δὲ
2796 5119 2957 5171 αὑτὸν
3005 5119 3095 5171 τὸν
3129 5118 3298 5190 ἄνδρα
3329 5119 3392 5172 ὃν
3440 5110 3751 5180 ὲπιόεὸηκότα

536 5205 708 5256 derat.
742 5205 947 5259 Idcirco
978 5209 1137 5261 etiam
1162 5209 1350 5278 leil,‘
1380 5210 1482 5276 Qui
1516 5212 1840 5280 loquebatur
1870 5211 1923 5264 in
1948 5227 2056 5276 me,
2085 5232 2089 5264 λ

2218 5213 2309 5265 ἐπὶ
2339 5212 2503 5265 ἵππον
2537 5209 2672 5263 εἶδεν
2704 5210 2907 5282 πυρρόν
2927 5228 2940 5240 ·
2976 5210 3063 5264 διὰ
3096 5208 3251 5263 τοῦτο
3281 5209 3379 5262 καὶ
3404 5208 3485 5273 τὸ,
3522 5226 3539 5257 ι
3572 5206 3598 5257 6
3620 5196 3751 5255 λαλῶν

603 5369 646 5400 ³⁸
688 5367 877 5424 Matth.
932 5385 1125 5433 xxvtu,
1166 5369 1220 5423 2.
1298 5370 1343 5401 "
1378 5368 1513 5423 Ibid.
1554 5370 1606 5423 5.
1684 5369 1731 5400 ⁸³
1772 5370 1891 5424 Act.
1936 5386 1975 5435 ι,
2019 5369 2102 5423 IO.

536 5538 813 5593 secundum
871 5542 1176 5610 angelorum
1228 5543 1581 5597 substantiam
1607 5583 1621 5604 ,
1684 5541 1773 5594 sed
1826 5543 2108 5593 secundum
2220 5550 2315 5603 tre,
2354 5542 2589 5595 nuntiavi
2634 5540 2775 5595 vobis
2813 5542 2858 5610 (.
2874 5560 3001 5597 oan.‘
3041 5559 3127 5603 xv,
3169 5539 3275 5609 15).
3317 5558 3337 5590 ›
3371 5538 3520 5610 Cum
3562 5549 3669 5602 ergo
3711 5543 3756 5578 ³⁸

537 5624 705 5663 sicam.
739 5611 793 5661 id
824 5620 899 5662 cst
938 5608 1167 5666 Domini.
1220 5613 1280 5667 Si
1316 5616 1454 5666 enim
1502 5615 1691 5665 missus
1732 5614 1831 5678 [uit
1872 5629 1903 5664 α
1950 5610 2109 5665 Patre
2216 5612 2457 5678 Apostoli
2496 5613 2695 5664 dictum
2737 5608 3030 5679 per'vertas,
3071 5610 3209 5682 quod
3242 5608 3419 5665 aliam
3471 5608 3534 5664 ob
3584 5613 3757 5660 causai

538 5688 789 5744 umquam
820 5693 1091 5742 causante,
1120 5685 1332 5753 angelus
1362 5695 1473 5747 est;
1501 5685 1761 5737 nuntiavit
1794 5684 1930 5753 enim
1961 5682 2109 5753 nobis
2217 5683 2482 5753 prolatum
2514 5683 2635 5749 fuit.

539 5750 796 5808 salutem;
831 5760 884 5803 ut
924 5753 1116 5806 alicubi
1154 5749 1261 5822 ipsi
1288 5754 1412 5808 dicit
1445 5770 1461 5806 :
1509 5772 1525 5804 ι
1563 5754 1692 5820 Qua’
1733 5751 1909 5807 audiri
1942 5770 1971 5805 α
2006 5752 2109 5806 l’a-
2290 5753 2399 5822 (63)
2442 5752 2517 5807 lta
2550 5753 2670 5807 cod.
