3934 6522
201 343 295 399 509

1139 325 1688 387 COMMENTARIUS
1715 324 1784 379 ΙΝ
1800 323 2170 379 ZACllARI/E
2209 324 2363 380 CAP.
2407 326 2448 380 l.

3332 316 3439 370 ’ἴω

199 460 251 511 ἐν
276 454 418 525 ἐμοὶ,
455 469 473 503 ι
503 449 670 519 λέγει,
708 445 893 519 ἐπειδὴ
916 447 1015 500 ούκ
1040 444 1236 511 ἔξωθεν
1268 443 1572 517 φερομένης
1598 444 1760 513 ήκουε
1789 488 1796 501 Α

1903 440 2116 495 uoniam
2146 440 2290 494 haud
2323 442 2631 494 extrorsum
2665 439 2884 493 allatam
2928 451 3115 491 vocem
3167 433 3445 497 audiebat,

198 546 377 616 φωνῆς
399 586 414 610 ,
469 540 604 595 ἀλλά
666 539 806 593 κατὰ
858 536 1196 606 ἀποκάλυψιν
1254 532 1765 603 ἐναποτυπουμένης

198 632 358 689 αὐτοῦ
390 633 456 702 τῇ
483 628 710 699 διανοίᾳ..
752 628 837 692 Ὠς
878 628 971 680 καὶ
1009 628 1037 679 ό
1069 625 1335 696 μακάριος
1367 624 1567 694 Πέτρος
1601 623 1767 693 ἤκουε

199 727 274 788 τὸ,
310 744 329 777 ι
366 721 659 787 Ἀναστάς,
701 720 907 789 Πέτρε,
951 718 1111 771 θῦσον
1159 719 1252 771 καὶ
1297 716 1454 786 φάγε.
1492 735 1509 768 ι
1536 714 1769 784 Εὔδηλον

200 818 252 871 δὲ
286 817 367 870 ὅτι
414 815 511 869 οὐκ
541 814 600 879 ἐξ
647 809 888 883 οὐρανῶν
932 810 1156 880 ἐφέρετο
1199 809 1418 877 τοιαύτη
1452 807 1600 876 φωνὴ
1637 804 1771 875 πρὸς

202 908 387 962 αὐτόν’
427 906 460 977 ἢ
500 903 608 975 γάρ
632 903 696 956 ἂν
738 901 832 954 καὶ
868 902 1047 953 πᾶσαν
1076 900 1356 969 ἐπλήρωσε
1394 898 1491 968 τὴν
1522 892 1769 965 οἰκουμέ-

202 1017 294 1067 νην
325 999 359 1068 ή
385 995 478 1049 τοῦ
512 992 801 1064 λεγομένου
838 991 1037 1059 γνῶσις
1056 1009 1070 1021 ·
1118 988 1516 1043 ἐναπετυποῦτο
1538 988 1592 1039 δὲ
1626 985 1772 1056 αὐτῷ

203 1095 234 1160 ἡ
281 1090 453 1161 φωνὴ,
495 1086 572 1151 ὡς
625 1085 691 1139 ἀν
731 1083 1018 1156 οὐρανόθεν
1060 1082 1194 1154 πρὸς
1249 1080 1409 1135 αὑτὸν
1454 1078 1773 1148 γιγνομένη.

206 1181 326 1233 Ὀτι
349 1178 408 1231 δέ
436 1177 531 1230 τὸν
557 1173 820 1229 λαλοῦντα
846 1172 1073 1241 ἄγγελον
1100 1169 1265 1239 αὐτῷ,
1293 1169 1384 1221 τὸν
1410 1164 1775 1236 ἐπιϐεϐηκότα

218 1279 312 1330 ἐπὶ
331 1276 421 1328 τὸν
450 1275 617 1327 ἵππον
636 1270 726 1324 τὸν
752 1266 958 1340 πυρρὸν
976 1266 1145 1332 λέγει,
1168 1260 1325 1331 δῆλον
1340 1275 1353 1287 ·
1376 1257 1450 1319 ὡς
1473 1255 1579 1325 γάρ
1600 1248 1773 1315 εἶπεν,

217 1388 233 1419 ι
273 1368 417 1435 Ἐγὼ
439 1364 597 1430 δείξω
624 1380 704 1415 σοι
732 1360 783 1413 τί
816 1361 931 1412 ἐστι
960 1355 1154 1420 ταῦτα,
1173 1373 1191 1405 ι
1217 1351 1429 1419 ἐπάγει,
1456 1366 1474 1398 ι
1509 1345 1620 1399 Καὶ
1641 1345 1775 1397 ἀπε-

212 1432 375 1530 κρίθη
404 1460 432 1510 ό
462 1456 598 1527 ἀνὴρ
630 1457 657 1507 6
683 1449 997 1522 ἐφεστηκὼς
1037 1444 1304 1516 ἀναμέσον
1330 1440 1435 1494 τῶν
1460 1437 1651 1509 όρέων,
1680 1432 1775 1487 καὶ

210 1550 363 1605 εἶπεν
391 1550 526 1620 πρός
560 1565 625 1618 με
646 1563 659 1578 ·
694 1538 854 1599 Οὗτοί
899 1544 1034 1595 εἰσιν
1076 1539 1169 1602 οὓς
1195 1532 1541 1600 ἐξαπέστειλε
1574 1528 1777 1596 Κύριος

210 1617 686 1710 περιοδεῦσαιίτὴν
715 1636 853 1704 γῆν·
897 1652 915 1685 ι
959 1633 1035 1699 (p.
1072 1628 1197 1699 446)
1233 1623 1416 1695 σαφὼς
1453 1620 1664 1681 δεικνὺς
1695 1617 1775 1669 ὅτι

210 1708 374 1793 αὐτὸς
406 1732 609 1791 ἐκεῖνος
631 1728 659 1780 6
687 1725 867 1795 ὀφθεὶς
894 1722 1040 1793 αὐτῷ
1060 1720 1196 1791 ἀνὴρ
1225 1720 1283 1771 ἐν
1310 1716 1459 1788 μέσῳ
1480 1713 1587 1766 τῶν
1607 1708 1776 1781 ὀρέων

1869 532 1965 589 sed
1989 532 2036 586 vi
2073 531 2416 586 revelationis
2444 530 2610 601 295
2654 530 2705 584 in
2742 542 2921 585 meme
2962 526 3182 598 propria
3218 525 3448 592 itnpreaa

1869 639 2005 680 sam.
2031 624 2185 679 Sicut
2201 624 2361 677 etiam
2391 623 2580 677 beatus
2602 620 2794 676 Petrus
2820 621 2979 675 verba
3022 620 3112 671 illa
3139 615 3396 670 audiebat
3428 631 3443 644 -

1872 719 2353 793 «Surgens,Petre,
2378 713 2568 768 occide
2604 722 2658 767 et
2703 714 2991 766 manduca.
3033 730 3051 762 ›
3081 708 3235 761 Patet
3290 702 3451 758 nimi-

1870 825 1989 862 rum
2036 808 2179 862 haud
2225 807 2293 862 de
2340 806 2496 861 ccelis
2542 804 2805 874 allapsam
2836 800 3147 871 huiusmodi
3176 796 3245 853 ad
3296 796 3450 851 illum
3519 830 3526 839 ι

1870 915 2058 955 vocem
2106 918 2120 954 τ
2169 898 2371 967 alioqui
2439 897 2754 951 universum
2826 894 3090 948 mundum
3165 889 3450 958 implesset

1870 990 2028 1044 dicta:
2064 992 2141 1045 rei
2170 989 2397 1054 notitia;
2446 988 2541 1043 sed
2576 987 2630 1041 in
2662 1002 2728 1041 eo
2766 985 3178 1054 imprimebatur
3213 997 3317 1033 vox
3354 978 3449 1031 illa

1871 1090 2127 1150 tanquam
2156 1079 2372 1134 coalitus
2410 1078 2475 1131 ad
2502 1092 2627 1130 eum
2649 1075 2908 1130 demissa.
2948 1070 3100 1138 Quod
3133 1085 3259 1124 vero
3288 1083 3454 1135 ange-

1874 1174 1984 1225 lum
2008 1171 2110 1225 sibi
2135 1171 2438 1239 loquentem
2461 1166 2594 1220 dicit
2621 1167 2772 1220 illum
2806 1164 2897 1233 qui
2923 1162 3046 1216 rufo
3071 1175 3212 1230 equo
3251 1157 3454 1212 inside-

1873 1264 1985 1325 bat,
2022 1259 2367 1315 manifestum
2393 1267 2493 1313 est.
2532 1256 2667 1310 Nam
2698 1246 2981 1327 postquam
3015 1253 3110 1315 ait,
3158 1270 3177 1303 ι
3217 1248 3326 1318 Ego
3355 1247 3452 1301 tibi

1874 1350 2155 1407 ostendam
2181 1349 2309 1418 quid
2342 1348 2452 1402 sint
2484 1347 2617 1411 haec,
2650 1366 2669 1399 ι
2695 1344 2865 1407 addit,
2904 1362 2922 1394 ι
2964 1341 3029 1396 Et
3057 1337 3333 1409 respondit
3362 1336 3454 1405 qui

1877 1443 2057 1497 stabat
2092 1440 2236 1493 inter
2268 1446 2501 1502 montes,
2539 1435 2783 1505 dixitque
2824 1434 2955 1487 mihi
2989 1451 3001 1485 ε
3038 1430 3125 1485 lsti
3161 1436 3287 1484 sunt
3318 1442 3457 1495 quos

1878 1534 2026 1588 misit
2062 1531 2322 1585 Dominus
2354 1539 2412 1582 ut
2442 1537 2644 1583 terram
2677 1526 3033 1581 circumirent
3067 1537 3081 1575 :
3115 1540 3132 1572 ι
3166 1517 3457 1573 manifeste

1877 1625 2207 1689 ostendens,
2283 1623 2434 1676 illum
2508 1638 2601 1692 qut
2675 1624 3001 1691 apparuerat
3071 1616 3249 1668 visum
3320 1611 3461 1664 inter

1879 1725 2092 1772 montes
2140 1715 2449 1778 umbrosos,
2491 1694 2739 1767 eumdem
2772 1725 2895 1765 esse
2923 1708 3016 1777 qui
3048 1706 3103 1759 in
3162 1718 3228 1758 eo
3263 1703 3459 1771 loque-

208 1823 317 1876 τῶν
356 1820 689 1882 κατασκίων,
728 1793 889 1879 αὐτὸς
917 1810 986 1886 ἦν
1020 1815 1048 1867 6
1089 1810 1267 1867 λαλῶν
1298 1811 1354 1863 ἐν
1379 1804 1553 1876 αύτῷ⁸
1593 1803 1652 1866 ὃς
1683 1801 1776 1854 καὶ

1900 1818 2075 1872 Datur,
2103 1815 2157 1863 et
2188 1806 2280 1878 qui
2310 1808 2356 1861 ei
2400 1811 2681 1875 receperat
2712 1801 2998 1857 docturum
3034 1812 3155 1853 esse
3188 1793 3461 1866 quodnam

207 1911 442 1976 διδάξειν
465 1908 627 1963 αὐτὸν
652 1907 936 1976 ὑπέσχετο,
958 1902 1076 1957 τίνα
1093 1901 1157 1971 δὴ
1175 1897 1346 1953 ταῦτα
1361 1894 1429 1948 τὰ
1445 1892 1554 1945 τῶν
1572 1891 1771 1942 ἴππων’

207 1997 304 2047 καὶ
347 1994 413 2061 δὴ
448 2001 543 2046 και
589 1991 823 2055 ἐδίδαξεν
857 1987 1026 2042 είπὼν
1070 1986 1304 2057 καθεξῆς
1333 1986 1435 2049 ὅτι,
1464 1979 1616 2038 Οὗτοι
1650 1981 1788 2035 είσὶν

205 2088 252 2138 οἱ
286 2084 605 2155 πέμπεσθαι
642 2081 891 2144 εἰωθότες
936 2077 1087 2151 παρὰ
1134 2077 1229 2131 τοῦ
1278 2076 1413 2130 Θεοῦ
1454 2075 1545 2129 ἐπὶ
1582 2075 1663 2146 τῷ
1690 2072 1788 2146 τὴν

207 2176 308 2245 γῆν
340 2175 561 2228 ἃπασαν
595 2172 944 2243 ἐκπεριῖέναι,
994 2169 1088 2223 καὶ
1130 2168 1227 2241 τὴν
1273 2168 1617 2239 καθήκουσαν
1661 2166 1789 2218 ἐκα-

210 2266 411 2335 σταχοῦ
438 2264 677 2336 πληροῦν
706 2262 1044 2334 λειτουργίαν
1067 2261 1209 2314 κατά
1244 2260 1303 2314 τὸ
1329 2258 1519 2312 δοκοῦν
1546 2257 1624 2329 τῷ
1647 2256 1787 2326 Θεῷ.

210 2356 447 2426 Εὔδηλον
482 2356 581 2427 μὲν
616 2351 708 2409 οὖν
745 2356 824 2408 ὅτι
860 2354 989 2425 περὶ
1029 2352 1274 2421 ἀγγέλων
1321 2350 1505 2422 φησίνο
1544 2348 1791 2418 ἀγγέλων

208 2448 313 2518 γὰρ
351 2446 515 2518 ἔργον
544 2446 729 2501 τοῦτο’
775 2445 931 2499 τοῦτο
969 2444 1026 2498 δὲ
1073 2445 1134 2498 οὐ
1184 2444 1308 2507 τοὺς
1354 2444 1556 2505 ἵππους
1608 2440 1788 2508 λέγει’

209 2540 329 2592 ὅθεν
381 2541 473 2592 καὶ
521 2540 549 2591 6
599 2539 932 2611 ἑρμηνεύων,
989 2537 1321 2592 ἀπεστάλθαι
1381 2535 1527 2603 λέγει
1572 2534 1792 2595 τούτους

211 2634 301 2686 ἐπὶ
329 2633 396 2685 τὸ
434 2632 776 2702 περιοδεῦσαι
814 2634 911 2702 τὴν
937 2631 1085 2701 γῆν,,
1130 2632 1191 2684 οὺ
1238 2631 1363 2692 τοὺς
1404 2628 1621 2691 ἵππους,
1658 2624 1793 2679 ἀλλά

210 2726 338 2788 τοὺς
385 2724 782 2795 ἐπιϐεϐηκότας
824 2724 1026 2792 λέγων’
1057 2722 1367 2791 ἀναγκαίως
1395 2720 1450 2773 δὲ
1491 2719 1585 2772 καὶ
1625 2712 1792 2782 οὗτοι,

213 2818 307 2869 ἆτε
333 2816 577 2885 ἄγγελοι,
609 2819 691 2886 ἐφ’
720 2817 900 2869 ἵππων
932 2815 1211 2885 ὤφθησαν,
1264 2813 1404 2867 κατά
1443 2813 1533 2865 τὸν
1572 2811 1664 2864 ἐπὶ
1703 2812 1794 2863 τὸν

214 2910 385 2961 ἵππον
419 2907 782 2977 ἐπιϐεϐηκότα
827 2908 917 2960 τὸν
948 2906 1185 2978 πυρρόν·
1214 2904 1321 2957 τῶν
1352 2903 1450 2974 μὲν
1484 2903 1663 2955 ἵππων
1703 2902 1795 2971 δη-

213 3001 452 3055 λούντων
500 3000 595 3072 τὴν
644 2998 920 3070 ταχύτητα
962 2999 1064 3069 τῆς
1110 2997 1469 3068 λειτουργίας.
1503 2996 1685 3048 Ἀλλοι
1740 2995 1795 3047 δὲ

216 3093 451 3166 πυρρὸν,
486 3092 577 3146 τὸν
602 3091 768 3162 θυμὸν
801 3091 858 3143 ὃν
888 3090 1026 3143 κατά
1050 3090 1158 3143 τῶν
1188 3089 1481 3160 ἀλλοτρίων
1507 3084 1671 3157 εἶχον,
1704 3088 1797 3139 καὶ

214 3188 322 3240 τῶν
358 3183 570 3237 λευκῶν
612 3182 668 3235 δέ
711 3183 790 3243 είς
841 3182 1066 3252 μήνυσιν
1110 3184 1209 3251 τῆς
1248 3179 1642 3249 περιεσομένης
1686 3180 1796 3241 τοῖς

226 3274 597 3348 Ἰσραηλίταις
622 3272 1019 3343 λαμπρότητος,
1055 3273 1118 3324 ἐκ
1141 3272 1239 3342 τῆς
1268 3271 1447 3324 αὐτῶν
1479 3269 1797 3340 ὑπουργίας,

214 3369 279 3439 ἦν
313 3364 664 3427 ἐκτελοῦντες
692 3365 739 3416 οί
773 3363 1012 3431 ἄγγελοι,
1035 3363 1133 3426 τάς
1160 3381 1217 3416 τε
1243 3363 1508 3435 τιμωρίας
1540 3362 1802 3430 ἐπάγουσι

216 3463 328 3523 τοῖς
361 3458 571 3511 τούτων
597 3457 785 3521 ἀξίοις,
831 3457 925 3509 καὶ
971 3460 1069 3519 τὰς
1114 3455 1317 3527 δωρεὰς
1357 3455 1683 3527 παρέχουσιν
1710 3454 1804 3519 οὓς

218 3553 283 3605 ἂν
318 3549 578 3612 τοιούτοις
605 3547 923 3617 ἀμείϐεσθαι
957 3547 1084 3619 θέλῃ
1113 3547 1261 3611 Θεός.

300 3646 454 3715 Στίχ.
481 3651 568 3710 ια’,
601 3645 687 3715 ιβ’.
703 3673 775 3684 —-—
806 3644 869 3696 Ἦ
894 3643 949 3695 δὲ
968 3642 1073 3694 τῶν
1090 3639 1396 3710 λεγομένων
1425 3634 1715 3699 ἀπόδειξις,
1737 3631 1805 3686 τὰ

226 3737 387 3806 ἐξῆς.
420 3755 435 3787 t
482 3734 878 3806 Ἀπεκρίθησαν
910 3733 1037 3804 γὰρ,
1065 3732 1247 3801 φησὶν,
1276 3730 1350 3800 τῷ
1372 3727 1583 3795 ἀγγέλῳ
1604 3722 1804 3794 Κυρίου

223 3827 304 3897 τῷ
334 3826 609 3894 ἐφεστῶτι
632 3825 901 3895 ἁναμέσον
930 3824 1037 3876 τῶν
1056 3824 1246 3895 ὁρέων,
1278 3819 1372 3872 καὶ
1398 3814 1570 3870 εἷπονο
1596 3816 1806 3881 Περιω-

222 3918 509 3987 δεύσαμεν
542 3915 638 3987 τὴν
658 3916 762 3984 γῆν
788 3916 998 3968 πᾶσαν⁶
1029 3914 1121 3966 καὶ
1144 3913 1251 3964 ίδοὺ
1290 3910 1440 3963 πᾶσα
1470 3909 1503 3979 ἡ
1529 3907 1599 3975 γῆ
1626 3920 1808 3957 κατοι-

221 4013 415 4063 κεῖται
448 4009 543 4062 καὶ
563 4006 846 4078 ἡσυχάζει.
880 4026 897 4058 ι
934 4006 1047 4058 Οὐκ
1070 4005 1135 4058 ἃν
1151 4006 1276 4066 τοὺς
1293 4003 1489 4062 ἵππους
1505 3997 1651 4067 αὐτῷ
1667 3998 1806 4049 ἀπο-

221 4099 523 4171 κεκρίσθαι
555 4094 741 4158 είπον,·
770 4097 896 4151 ποία
923 4099 1031 4166 γὰρ
1060 4095 1124 4149 ἂν
1157 4093 1250 4147 καὶ
1267 4093 1471 4162 γένοιτο
1492 4089 1598 4144 ἀπὸ
1626 4089 1807 4141 ἵππων

219 4190 383 4261 φωνή
409 4206 423 4255 ;
451 4189 529 4259 (p.
554 4187 682 4257 447)
706 4186 843 4240 ἀλλά
860 4184 1017 4257 δῆλον
1039 4185 1123 4239 ὅτι
1145 4182 1268 4247 τοὺς
1289 4180 1398 4235 τῶν
1423 4182 1604 4233 ἵππων
1625 4175 1809 4229 ἐπιϐε-

220 4275 473 4343 ϐηκότας
519 4270 704 4338 λέγει,
738 4269 787 4321 οἳ
839 4270 896 4320 ἐν
930 4270 1110 4339 μορφῇ
1158 4268 1468 4337 φαινόμενοι
1499 4266 1809 4338 ἀνθρώπου,

219 4362 632 4435 παραπλησίως
651 4359 744 4413 τοῦ
766 4361 867 4414 ἀνα
874 4359 1035 4430 μέσον
1056 4361 1161 4413 τῶν
1180 4359 1349 4429 ὀρέων
1369 4358 1477 4411 τῶν
1500 4360 1813 4414 κατασκίων

1890 1902 1992 1954 hoc
2034 1906 2181 1954 esset
2206 1912 2471 1965 equorum
2504 1893 2804 1963 negotium.
2852 1890 3061 1960 Reapse
3083 1894 3264 1940 autem
3309 1890 3463 1953 post-

1891 2006 1957 2045 ea
2000 1988 2189 2044 docuit
2219 1988 2431 2051 dicens,
2460 1987 2558 2040 llos
2599 1999 2721 2039 esse
2749 1981 2843 2052 qui
2882 1981 3021 2034 mitti
3053 1978 3229 2033 solent
3278 1990 3309 2028 a
3358 1974 3468 2027 Deo

1890 2080 1957 2135 ad
1988 2079 2430 2135 circumeundam
2457 2085 2683 2141 terram,
2711 2082 2766 2129 et
2791 2071 3121 2128 conveniens
3140 2065 3466 2137 explendum

1889 2172 2090 2241 ubique
2156 2169 2519 2225 ministerium
2576 2176 2737 2237 prout
2785 2164 2875 2219 Dei
2939 2163 3193 2217 voluntas
3248 2155 3459 2210 tulerit.

1890 2263 2117 2319 Constat
2147 2262 2310 2333 igitur
2332 2259 2399 2315 de
2419 2258 2625 2330 angelis
2642 2256 2963 2327 prophetam
2996 2254 3177 2321 loqui;
3211 2257 3295 2305 est
3319 2248 3466 2303 enim

1890 2357 1994 2411 hoc
2014 2354 2189 2425 angeli
2209 2353 2439 2408 ollicium
2464 2370 2478 2406 :
2502 2350 2569 2405 de
2590 2349 2676 2404 his
2699 2362 2849 2417 ergo,
2881 2362 2987 2400 non
3011 2345 3079 2399 de
3106 2342 3284 2412 equis,
3304 2337 3468 2393 verba

1894 2447 2022 2501 facit
2050 2466 2063 2501 :
2117 2446 2469 2515 quamobrem
2502 2450 2555 2497 et
2583 2442 2631 2496 is
2657 2440 2750 2510 qui
2806 2436 3107 2507 respondit,
3140 2433 3339 2487 missos
3371 2431 3470 2484 hos

1894 2538 2063 2593 fuisse
2089 2538 2164 2591 ait
2195 2536 2260 2590 ad
2291 2532 2734 2590 circumeundam
2774 2538 2999 2590 terram,
3039 2524 3183 2580 haud
3217 2521 3469 2592 equidem

1893 2644 2099 2699 equos,
2163 2626 2255 2683 sed
2303 2627 2516 2696 equites
2577 2623 2786 2677 dicens.
2840 2618 3162 2673 Necessario
3207 2623 3384 2667 autem
3417 2612 3469 2664 lii

1893 2736 2110 2792 quoque
2146 2727 2404 2784 tanquam
2456 2714 2629 2784 angeli
2665 2711 2822 2781 equis
2858 2708 3159 2763 insidentes
3204 2715 3472 2772 apparue-

1894 2822 2051 2876 runt,
2114 2810 2179 2864 ad
2248 2811 2369 2879 ejus
2405 2821 2649 2861 normam
2692 2804 2785 2873 qui
2825 2815 2967 2871 equo
3007 2796 3130 2851 rufo
3171 2792 3472 2857 insidebat;

1895 2907 2052 2975 equis
2080 2903 2328 2957 videlicet
2360 2896 2647 2953 ministerii
2683 2894 3018 2949 celeritatem
3065 2884 3475 2947 indicantibus;

1896 2998 2021 3051 rufo
2039 3004 2217 3051 autem
2242 2993 2424 3047 colore
2442 2991 2576 3043 iram
2597 3002 2704 3058 qua
2726 2988 2780 3040 in
2799 2980 3143 3038 adversarios
3162 2976 3473 3031 fervebant:

1900 3091 2129 3158 denique
2183 3094 2237 3141 et
2289 3084 2508 3154 quidam
2551 3080 2690 3144 albi,
2752 3076 3119 3133 lsraelitarum
3172 3070 3477 3125 claritatem

1902 3156 2313 3248 portendebant,
2345 3189 2408 3227 ex
2435 3172 2651 3225 illorum
2703 3166 3007 3222 ministerio
3038 3162 3300 3223 futuram,
3331 3156 3479 3227 quod

1901 3285 2088 3325 revera
2125 3267 2298 3338 angeli
2350 3270 2627 3326 exercent,
2661 3274 2852 3331 pmnas
2901 3257 3077 3313 noxiis
3111 3254 3475 3323 imponentes,

1902 3362 2166 3418 beneﬁcia
2202 3373 2329 3415 vero
2372 3358 2480 3412 illis
2531 3369 2670 3425 quos
2708 3351 2853 3407 Deus
2900 3346 3240 3403 remunerari
3292 3342 3481 3395 volue-

1905 3457 1992 3510 rit.

1978 3637 2144 3692 Vsus.
2173 3636 2261 3701 ll,
2288 3632 2376 3687 12.
2401 3661 2470 3672 ——
2492 3629 2768 3683 Dictorum
2794 3632 2975 3681 autem
3003 3618 3397 3676 demonstratio
3425 3616 3480 3669 in

1908 3728 2266 3801 sequentibus
2312 3725 2389 3779 ﬁt.
2444 3744 2460 3774 ι
2484 3722 2551 3775 Et
2588 3719 3011 3790 responderunt,
3056 3713 3254 3782 inquit,
3290 3711 3486 3778 angelo

1911 3819 2151 3881 Domini,
2195 3817 2288 3888 qui
2319 3816 2499 3870 stabat
2551 3813 2694 3867 inter
2723 3817 2957 3869 montes,
2994 3814 3159 3875 atque
3194 3804 3482 3857 dixerunt:

1912 3911 2343 3969 Circumivimus
2370 3912 2685 3961 universam
2711 3910 2913 3957 terram
2938 3917 2953 3965 ;
2984 3905 3038 3953 et
3062 3912 3189 3951 ecce
3231 3895 3487 3949 universa

1912 4014 2058 4060 terra
2087 4003 2389 4064 habitatur,
2429 4007 2484 4054 et
2514 3997 2772 4069 quiescit.
2801 4013 2820 4048 ι
2856 3991 3013 4045 Haud
3048 3990 3294 4060 equidem
3319 4000 3489 4056 equos

1913 4094 2017 4151 sibi
2041 4092 2207 4163 296
2225 4090 2578 4161 respondisse
2600 4087 2734 4143 dicit
2758 4101 2772 4151 ;
2799 4099 2924 4138 nam
2948 4095 3195 4152 quamam
3222 4091 3489 4148 equorum

1914 4200 2019 4239 vox
2067 4183 2303 4239 fuisset?
2352 4180 2458 4236 Sed
2505 4186 2653 4251 patet
2692 4176 2909 4248 equites
2938 4174 3007 4228 ab
3049 4187 3115 4227 eo
3146 4171 3278 4233 dici,
3310 4168 3403 4239 qui
3435 4170 3490 4222 in
3587 4211 3595 4217 .

1915 4274 2154 4330 hominis
2204 4272 2375 4342 ﬁgura
2416 4270 2607 4334 oblati,
2652 4269 2719 4323 ad
2768 4280 3016 4320 normam
3061 4262 3181 4331 ejus
3225 4260 3317 4330 qui
3352 4260 3492 4312 inter

1917 4375 2132 4423 montes
2167 4366 2462 4420 umbrosos
2505 4376 2648 4432 equo
2682 4358 2808 4415 rufo
2857 4356 3105 4411 insidens
3143 4356 3491 4423 apparuerat,

217 4454 306 4523 ἐφ’
347 4454 525 4506 ἵππου
568 4449 827 4519 φανέντος
866 4450 1076 4521 πυρροῦ
1102 4490 1117 4515 ,
1165 4448 1387 4512 εἰκότως
1439 4450 1700 4518 ἀνάλογον
1745 4454 1796 4522 τῇ

1922 4462 2117 4515 merito
2146 4472 2449 4528 congruum
2482 4454 2684 4524 speciei
2718 4467 2840 4506 cum
2877 4465 2941 4504 eo
2964 4448 3233 4517 dialogum
3257 4441 3493 4498 habituri

214 4547 347 4615 ὕψει
375 4545 482 4615 τὴν
508 4541 642 4613 πρὸς
665 4540 826 4593 αὐτὸν
852 4540 1120 4594 ποιεῖσθαι
1158 4539 1391 4606 διάλεξιν
1423 4540 1655 4610 ῆμελλον
1673 4582 1688 4607 ,
1720 4542 1812 4611 ἀφ’

214 4636 285 4709 ἦς
329 4637 400 4706 δὴ
423 4638 522 4689 καὶ
548 4639 577 4689 6
608 4636 891 4708 προφήτης
925 4633 1064 4688 κατά
1095 4631 1432 4701 ἀποκάλυψιν
1454 4633 1561 4686 τῶν
1591 4632 1817 4703 λεγομέ-

215 4750 332 4785 νων
370 4728 624 4794 ἁκούων,
661 4727 759 4799 τὴν
790 4726 851 4791 ἐξ
879 4725 1055 4779 αὐτῶν
1080 4724 1420 4778 διδασκαλίαν
1452 4726 1681 4796 ἐδέχετο.
1716 4726 1818 4779 EC»-

215 4823 389 4893 δηλον
419 4820 531 4890 γὰρ
566 4821 648 4872 ὅτι
682 4820 832 4873 πᾶσα
862 4820 895 4888 ή
928 4817 1267 4886 ἀποκάλυψις
1297 4818 1388 4870 καὶ
1422 4817 1489 4870 τά
1527 4818 1615 4872 ἐπ’
1648 4819 1818 4890 αὐτῆς

215 4912 629 4983 θεωρούμενα,
665 4914 758 4964 καὶ
815 4910 923 4963 εἴτε
979 4910 1281 4980 ἐρώτησις,
1328 4910 1435 4961 εἴτε
1494 4910 1818 4981 ἀπόκρισις,

214 5007 323 5060 εἶθ’
351 5008 385 5060 ὃ
426 5023 485 5058 τι
513 5005 729 5076 δήποτε,
763 5004 939 5057 πάντα
968 5004 1060 5056 ἐπὶ
1091 5004 1191 5073 τῆς
1220 5002 1612 5072 ἀποκαλύψεως
1645 5005 1817 5057 διετυ-

213 5098 405 5151 ποῦτο
420 5115 434 5129 ·
462 5098 538 5161 ὡς
566 5097 631 5152 ἂν
652 5097 741 5150 διά
759 5095 977 5150 πάντων
998 5096 1095 5167 τὴν
1118 5095 1463 5150 διδασκαλίαν
1486 5097 1514 5147 6
1540 5099 1821 5167 προφήτης

213 5190 533 5258 δεξάμενος
554 5230 566 5249 ,
599 5186 760 5250 αὑτός
790 5203 849 5239 τε
886 5186 1066 5239 πίστιν
1094 5187 1220 5258 περὶ
1255 5186 1365 5241 τῶν
1402 5187 1674 5255 ἐσομένων
1707 5186 1822 5256 ἔχοι

215 5281 489 5354 βεϐαίαν,
509 5281 601 5332 καὶ
623 5282 700 5342 είς
722 5278 940 5348 ἐτέρους
962 5278 1181 5348 ἐκφέροι
1203 5277 1301 5346 τὴν
1322 5277 1606 5346 ὠφέλειαν.
1636 5279 1821 5333 Ἔοικε

211 5376 275 5426 δὲ
329 5374 437 5424 τὸν
472 5369 835 5440 ἐπιϐεϐηκότα
865 5368 956 5420 ἐπὶ
994 5368 1085 5421 τὸν
1116 5368 1281 5420 ἵππον
1327 5366 1601 5437 ἀναμέσον
1637 5370 1830 5441 ὀρέων,

211 5464 479 5534 ἄγγελον
530 5459 863 5515 αἰνίττεσθαι
913 5460 1006 5512 τὸν
1068 5458 1347 5529 ἐφεστῶτα
1396 5458 1474 5528 τῷ
1523 5459 1664 5513 ἔθνει
1728 5462 1835 5518 τῶν

225 5552 609 5627 Ἰσραηλιτῶν
634 5592 649 5615 ,
686 5552 827 5606 κατά
873 5552 935 5605 τὸ
975 5551 1263 5624 εἰρημένον
1290 5593 1302 5616 ,
1352 5568 1370 5601 ι
1399 5552 1665 5623 Ἔστησεν
1703 5555 1828 5627 ὂρια

293 5733 347 5765 ³⁵
397 5729 558 5785 Dcut.
604 5746 774 5795 nm,
814 5730 865 5784 8.

1921 4560 2115 4617 erant;
2175 4565 2241 4604 ex
2287 4562 2396 4618 quo
2445 4548 2610 4602 etiam
2647 4544 2921 4615 ‘prOpheta
2967 4555 3066 4610 per
3114 4535 3494 4591 revelationetu

1922 4659 2043 4716 qua:
2066 4643 2386 4697 dicebantur
2411 4639 2661 4700 audiens,
2696 4651 2877 4691 rerum
2903 4632 3150 4687 notitiam
3187 4625 3494 4682 hauriebat.

1923 4736 2150 4788 Constat
2180 4733 2324 4786 enim
2354 4728 2653 4800 quamlibet
2682 4726 3092 4785 revelationem,
3142 4731 3197 4775 et
3227 4734 3316 4772 res
3351 4717 3403 4770 in
3435 4730 3497 4769 ea

1924 4827 2093 4889 visas,
2145 4824 2257 4878 sive
2307 4820 2694 4890 interrogando
2742 4816 2857 4880 ﬁat,
2928 4816 3043 4870 sive
3092 4807 3494 4882 respondendo,

1926 4919 2041 4972 sive
2086 4914 2517 4985 quomodolibet,
2569 4910 2713 4965 haud
2759 4910 2919 4962 aliter
2955 4920 3117 4976 quam
3148 4899 3500 4957 revelationis

1926 5019 2055 5082 typo
2082 5009 2231 5063 ﬁeri:
2266 5015 2326 5062 ut
2358 5022 2453 5077 per
2481 5005 2595 5058 haec
2617 5002 2797 5058 omnia
2820 5000 3080 5071 pr0pheta
3103 4998 3351 5053 edoctus,
3384 5000 3497 5044 tum

1927 5103 2045 5171 ipse
2074 5100 2382 5153 futurorum
2410 5105 2703 5152 eventuum
2736 5093 2946 5147 ﬁrmatn
2982 5090 3139 5144 ﬁdem
3166 5088 3497 5153 conciperet,

1929 5201 2094 5261 atque
2141 5190 2263 5246 aliis
2308 5205 2525 5260 quoque
2555 5188 2842 5242 utilitatem
2893 5182 3286 5250 impertiretur.
3333 5175 3503 5229 l’orro

1929 5284 2146 5339 videtur
2174 5298 2271 5355 per
2302 5283 2455 5337 illum
2484 5282 2746 5351 equitem,
2787 5280 3017 5332 innuere
3046 5272 3295 5341 angelum
3331 5267 3505 5322 Israc-

1926 5378 2145 5432 litarum
2198 5376 2343 5445 genti
2387 5374 2790 5445 praesidentem,
2840 5370 2997 5439 juxta
3046 5366 3287 5420 dictum:
3324 5361 3505 5414 «Con-

1927 5470 2110 5523 stituit
2143 5468 2412 5522 terminos
2438 5465 2761 5536 populorum
2790 5462 2949 5532 juxta
2984 5471 3270 5514 numerum
3300 5452 3512 5522 angelo-

1934 5573 2057 5613 rum
2086 5557 2182 5614 Dei
2206 5557 2274 5610 “.
2297 5576 2315 5611 ι
2353 5556 2621 5623 Quoniam
2654 5568 2784 5624 ergo
2814 5549 3007 5621 reliqui
3051 5546 3247 5618 angeli,
3282 5559 3426 5599 cura:
3452 5548 3511 5594 ut
