3934 6562
492 311 589 368 διι

1683 321 2027 387 THEODORI
2072 323 2549 385 MOPSUESTENI

3632 330 3724 383 διε

497 442 595 495 par
624 433 739 480 erat
768 424 1082 494 participes,
1112 422 1178 477 de
1202 424 1495 481 antedictis
1548 428 1931 498 loquebantur,
1969 431 2061 484 alii

2188 432 2336 485 ιθνῶν
2366 433 2503 501 κατὰ
2536 432 2767 503 ἀριθμὸν
2817 433 3062 500 ἀγγέλων
3094 434 3249 489 Θεοῦ.
3278 454 3295 485 ι
3343 437 3552 507 Ὥσπερ
3576 434 3660 490 οὖν
3683 443 3725 492 oi

495 532 625 571 vero
670 517 833 572 etiam
894 515 1112 569 aiebant
1169 515 1483 571 universam
1523 526 1722 573 terram
1779 522 1833 574 in
1889 522 2071 592 quiete

498 608 705 664 versari
731 626 746 673 ;
786 623 849 663 ex
884 608 969 660 bis
1000 607 1090 661 ille
1117 623 1335 677 quoque
1365 612 1710 666 occasionem
1749 623 1943 669 nactus
1964 623 2067 679 est,

496 704 587 768 qui
632 701 771 754 inter
821 699 1111 754 umbrosos
1155 710 1369 754 montes
1400 702 1713 771 apparebat,
1763 720 1862 761 ceu
1889 707 2069 775 populi

498 792 599 843 sibi
629 807 759 843 cura
790 790 1127 856 concredita,
1147 806 1210 845 ac
1239 791 1429 845 dolens
1454 793 1615 847 veluti
1643 795 1926 863 quodcum
1953 814 2071 850 om-

498 886 584 935 nia
617 883 797 950 quiete
833 894 1073 951 agerent,
1100 883 1270 936 solius
1303 882 1639 938 Hierusalem
1667 901 1753 940 res
1781 888 2072 942 turbaren-

499 984 605 1037 tur,
629 974 999 1038 occasionem,
1025 975 1266 1043 inquam,
1290 975 1435 1044 cepit
1461 990 1674 1044 precem
1698 978 1989 1047 quamdam
2019 988 2072 1034 et

497 1064 930 1117 obsecrationem
979 1080 1078 1134 pro
1123 1065 1381 1119 universo
1416 1068 1615 1136 populo
1644 1067 1736 1122 Dei
1785 1068 2066 1124 oﬂerendi.

507 1171 524 1203 ι
543 1150 846 1221 Respondit
871 1154 1038 1221 enim,
1075 1155 1269 1226 inquit,
1293 1158 1520 1226 angelus
1544 1157 1755 1212 Domini
1825 1161 2073 1231 dixitque

502 1242 614 1303 (ille
637 1242 848 1296 scilicet
875 1243 967 1313 qui
1003 1242 1141 1298 inter
1169 1255 1380 1300 montes
1418 1247 1785 1313 consistebat;
1817 1265 1939 1302 nam
1968 1266 2071 1306 caeo

502 1333 604 1386 teri
648 1332 956 1387 universam
1000 1344 1200 1387 terram
1250 1335 1503 1391 dixerant
1541 1337 1776 1390 habitari
1824 1346 1877 1392 et
1914 1340 2072 1407 quie-

504 1424 677 1493 scere)
703 1445 715 1479 :
812 1424 1034 1480 Domine
1061 1427 1428 1495 omnipotens,
1463 1444 1748 1498 quousque
1776 1444 1882 1483 non
1910 1431 2072 1484 mise—

501 1517 706 1571 reberis
738 1513 1093 1579 Hierusalem,
1131 1518 1459 1588 urbiumque
1483 1518 1658 1579 Judae.
1689 1536 1826 1589 quas
1853 1529 2072 1588 septua-

498 1610 646 1674 ginta
672 1608 783 1676 jam
816 1624 989 1665 annos
1022 1621 1349 1678 aspernatus
1373 1612 1511 1665 es?)
1557 1612 1750 1667 Dicens
1783 1628 2072 1683 propemo-

498 1700 626 1751 dum
651 1716 663 1751 :
703 1698 927 1755 Caateris
952 1701 1205 1770 gentibus
1233 1703 1511 1767 otunibus,
1543 1712 1721 1757 tutum
1745 1704 1956 1773 prmbes
1986 1705 2071 1759 in—

2172 520 2347 574 λοιποὶ
2374 520 2481 575 τῶν
2509 521 2753 590 ἀγγέλων
2784 523 3160 585 κοινωνοῦντες
3186 522 3260 587 ὡς
3291 525 3436 588 εἰκὸς
3457 526 3553 595 τῆς
3586 545 3728 595 φρον-

2171 610 2313 673 τίδος
2347 612 2475 682 περὶ
2503 610 2609 663 τῶν
2640 612 3011 683 προκειμένων
3033 610 3355 679 διελέγοντο,
3393 614 3441 666 οἳ
3479 616 3574 667 καί
3602 616 3726 686 ἐμή-

2175 720 2340 755 νυσαν
2375 701 2521 772 αύτῷ
2550 703 2609 755 τὸ
2632 704 2810 755 πᾶσαν
2842 702 2937 772 τὴν
2966 702 3067 771 γῆν
3096 704 3152 753 ἐν
3186 704 3383 774 ἡσυχία
3416 703 3728 758 καθεστάναι

2171 794 2289 847 τότε
2313 811 2327 825 ο
2358 795 2449 862 ἀφ’
2478 788 2551 845 ὧν
2587 795 2648 864 δὴ
2683 795 2775 847 καὶ
2805 795 2985 865 χώραν
3014 796 3215 858 ἐκεῖνος
3254 794 3431 847 λαϐὼν
3470 796 3729 864 ἀναμέσον

2171 888 2280 938 τῶν
2308 886 2616 938 κατασκίων
2643 885 2813 955 ὀρέων
2837 885 3021 954 ὀφθεὶς
3038 924 3053 947 ,
3084 890 3155 955 (p.
3180 885 3303 955 448)
3326 886 3399 949 ὠς
3428 886 3493 939 ἂν
3523 887 3621 956 τὴν
3648 888 3727 940 τοῦ

2172 975 2303 1030 λαοῦ
2329 977 2582 1047 φροντίδα
2623 977 3078 1047 πεπιστευμένος,
3109 978 3201 1029 καί
3231 995 3282 1029 τι
3332 978 3422 1033 καὶ
3462 977 3649 1030 παθὼν
3690 982 3730 1031 εί

2176 1067 2351 1120 πάντα
2392 1066 2490 1137 μὲν
2519 1066 2664 1119 ἐστιν
2692 1069 2746 1119 ἐν
2780 1067 3013 1136 ἡσυχίᾳ,
3047 1065 3116 1119 τὰ
3155 1065 3294 1137 κατά
3330 1065 3428 1141 τὴν
3467 1067 3729 1135 Ἰερουσα-

2170 1157 2279 1227 λὴμ
2320 1158 2376 1210 δὲ
2433 1156 2851 1227 διατετάρακται
2886 1156 3042 1226 μόνα,
3063 1157 3227 1227 εὐχήν
3260 1173 3378 1208 τινα
3426 1156 3521 1207 καὶ
3563 1157 3731 1224 δέησιν

2173 1248 2313 1317 ὑπὲρ
2344 1247 2541 1310 παντὸς
2574 1248 2666 1300 τοῦ
2708 1246 2893 1310 ἔθνους
2925 1249 3195 1319 προσάγει
3242 1246 3319 1317 τῷ
3353 1246 3489 1316 Θεῷ.
3541 1267 3557 1297 ι
3583 1249 3731 1299 Ἀπε-

2174 1338 2334 1409 κρίθη
2367 1338 2473 1408 γὰρ
2496 1380 2509 1402 ,
2548 1340 2711 1408 φησιν
2736 1377 2750 1402 ,
2793 1340 2821 1391 6
2846 1339 3075 1407 ἅγγελος
3114 1339 3315 1409 Κυρίου
3368 1341 3460 1392 καὶ
3514 1334 3682 1389 εἶπεν.
3713 1359 3728 1388 ι

2186 1431 2417 1494 Ἐκεῖνος
2461 1431 2522 1500 δὴ
2567 1432 2595 1482 6
2637 1431 2909 1500 ἀναμέσον
2940 1431 3047 1484 τῶν
3096 1431 3264 1503 ὀρέων
3296 1430 3535 1499 ἐφεστὼς
3559 1471 3574 1492 ,
3611 1432 3734 1500 ὅπερ

2172 1517 2263 1574 οὖν
2314 1517 2464 1573 εἷπον
2494 1521 2545 1572 ot
2589 1519 2764 1572 λοιποὶ
2799 1520 2858 1572 τὸ
2892 1521 3070 1574 πᾶσαν
3098 1520 3195 1590 τὴν
3229 1520 3330 1589 γῆν
3376 1518 3733 1574 κατοικεῖσθαι

2172 1614 2265 1665 καὶ
2292 1611 2603 1681 ἡσυχάζειν.
2646 1629 2663 1661 ι
2688 1610 2860 1681 Κύριε
2901 1610 3327 1681 παντοκράτωρ,
3354 1609 3457 1671 ἓως
3495 1609 3642 1671 τίνος
3681 1609 3731 1659 ού

2177 1703 2250 1772 μὴ
2273 1702 2499 1772 ἐλεήσῃς
2528 1702 2626 1771 τὴν
2672 1701 3024 1772 Ἰερουσαλὴμ
3052 1701 3146 1757 καὶ
3188 1700 3285 1764 τὰς
3334 1700 3512 1762 πόλεις
3553 1698 3731 1756 Ἰούδα.

498 1790 733 1844 colatum
764 1801 817 1846 et
844 1791 1103 1860 quietem,
1137 1793 1323 1862 inqua
1374 1795 1497 1850 illas
1530 1795 1734 1850 versari
1772 1796 2071 1863 concedis;

2188 1792 2237 1855 't;
2267 1792 2545 1863 ὑπερεῖδες
2595 1792 2753 1847 τοῦτο
2778 1793 3173 1867 ἑϐδομηκοστὸν
3199 1792 3315 1856 ἔτος
3339 1811 3354 1857 ;
3382 1811 3399 1843 ι
3447 1792 3736 1861 Μονονονχὶ

499 1881 616 1935 sola
648 1897 774 1935 vero
816 1894 930 1945 tua,
995 1892 1053 1937 ut
1100 1886 1333 1950 videtur,
1378 1885 1715 1942 Hierusalem
1751 1896 1806 1943 et
1856 1888 2076 1957 reliquie

499 1967 652 2026 Iuda:
678 1971 928 2027 civitates
953 1976 1231 2029 communi
1266 1977 1369 2029 hoc
1397 1993 1505 2031 non
1538 1977 1798 2031 fruuntur
1826 1993 2073 2035 munere.

503 2058 612 2115 Sed
657 2064 914 2129 quoniam
965 2064 1041 2119 rei
1088 2066 1253 2134 hujus
1282 2083 1449 2123 causa
1482 2078 1704 2137 peccata
1726 2069 2073 2133 exstiterunt,

500 2160 663 2219 atque
709 2154 1004 2225 impietatis
1060 2158 1328 2227 studium,
1391 2160 1554 2233 297
1603 2170 1655 2215 et
1706 2162 2072 2227 contumacia,

502 2247 874 2303 misericordia
919 2252 1077 2307 malis
1118 2251 1242 2321 ejus
1279 2254 1544 2312 medetor.
1590 2262 1644 2308 et
1675 2269 1942 2307 annorum
1978 2270 2079 2307 nu-

501 2352 714 2392 merum
753 2341 1057 2409 respiciens
1088 2343 1290 2414 quibus
1323 2344 1408 2399 his
1452 2356 1777 2416 premuntur
1803 2347 2079 2413 calamita-

502 2430 670 2494 tibus,
711 2433 1069 2489 suﬂicientetn
1097 2435 1210 2503 jam
1242 2438 1481 2505 peccatis
1510 2438 1806 2493 arbitrator
1839 2438 2080 2506 punitio-

504 2532 623 2570 netn
665 2519 805 2579 mala
843 2520 977 2579 haec.
1013 2538 1133 2591 quae
1170 2523 1318 2591 ipsos
1352 2532 1508 2578 tanto
1538 2535 1783 2594 tempore
1813 2526 2073 2579 obruunt.

502 2610 868 2671 Quamobrem
924 2616 1210 2670 clementia
1263 2629 1352 2672 tua
1404 2631 1627 2688 peccato
1680 2620 1826 2675 omni
1876 2618 2073 2681 deleto,

503 2700 790 2769 pristinam
845 2705 1011 2759 redde
1059 2707 1497 2779 prosperitatem,
1556 2715 1697 2762 utet
1736 2707 2074 2764 Hierusalem

500 2789 655 2859 juxta
700 2795 935 2861 priorem
977 2794 1204 2851 formam
1233 2797 1553 2863 :ediiicetur,
1588 2806 1641 2852 et
1676 2800 1897 2869 reliquae
1922 2796 2077 2851 Iuda:

500 2882 751 2938 civitates
781 2885 963 2939 denuo
993 2887 1323 2940 consistant.

2171 1885 2365 1953 λέγων,
2390 1886 2529 1938 Πᾶσι
2558 1889 2670 1949 τοῖς
2686 1886 2889 1949 λοιποῖς
2910 1884 3087 1938 ἔθνεσι
3107 1887 3217 1947 τοῖς
3239 1884 3377 1938 κατά
3400 1884 3503 1951 γῆν
3530 1884 3734 1950 ἀσφαλῆ

2174 1974 2446 2045 παρέσχες
2466 1973 2562 2045 τὴν
2585 1976 2795 2046 οἴκησιν
2824 1974 2920 2027 καὶ
2948 1974 3045 2045 τὴν
3071 1973 3301 2044 ἡσυχίαν
3322 2013 3336 2036 ,
3375 1973 3493 2043 μεθ’
3520 1967 3592 2043 ἦς
3626 1972 3737 2025 ἐτα-

2174 2065 2271 2133 ξας
2298 2065 2502 2133 διάγειν
2536 2065 2733 2130 αύτούς
2752 2082 2764 2095 ·
2794 2066 2930 2136 μάνη
2948 2066 3003 2118 δὲ
3042 2067 3076 2135 ἠ
3104 2064 3171 2136 σὴ
3209 2065 3283 2127 ὡς
3307 2064 3480 2117 ἔοικεν
3503 2104 3519 2127 ,
3546 2064 3737 2134 Ἰερουο

2178 2154 2360 2225 σαλὴμ
2404 2156 2498 2207 καὶ
2538 2156 2593 2208 αί
2638 2156 2822 2209 λοιπαὶ
2868 2155 2962 2223 τοῦ
3004 2155 3173 2209 Ἰούδα
3217 2154 3398 2217 πόλεις
3434 2154 3530 2224 τῆς
3563 2153 3738 2222 κοινῆς

2172 2245 2373 2315 ταύτης
2418 2248 2517 2299 ούκ
2577 2245 2908 2315 ἀπολαύουσι
2971 2246 3195 2316 δωρεᾶς.
3262 2245 3398 2297 Ἀλλ’
3452 2244 3738 2315 ἐπειδήπερ

2174 2336 2322 2389 αἰτία
2358 2336 2563 2389 τούτων
2589 2337 2772 2399 αὐτοῖς
2800 2336 2867 2389 τὰ
2922 2336 3294 2407 ἁμαρτήματα
3325 2334 3540 2403 γέγονε,
3594 2334 3737 2404 καἱὴ

2173 2428 2273 2497 τῆς
2320 2428 2571 2492 ἀσεϐείας
2603 2428 2905 2501 ἐπιμέλεια,
2941 2428 3035 2480 καὶ
3066 2427 3127 2479 τὸ
3157 2425 3438 2490 δυσπειθὲς
3462 2466 3477 2490 ,
3509 2426 3651 2492 ἐλέῳ
3685 2425 3739 2494 δὴ

2172 2519 2242 2572 τὰ
2275 2521 2396 2573 κατ’
2431 2518 2599 2582 αύτάς
2628 2520 2806 2582 ῐασαι,
2843 2518 2875 2590 ἦ
2914 2519 3048 2588 πρὸς
3083 2519 3173 2570 τὸν
3204 2516 3434 2588 ἀριθμὸν
3472 2516 3584 2570 τῶν
3619 2515 3741 2569 ἐτῶν

2185 2609 2498 2679 ἀποϐλέψας
2533 2611 2592 2663 ἐν
2628 2605 2709 2673 οἷς
2757 2612 2814 2664 ἐν
2845 2613 2966 2673 ταῖς
2998 2612 3301 2682 συμφοραῖς
3340 2610 3597 2679 γεγόνασι
3627 2608 3742 2660 ταύ-

2183 2719 2334 2765 ταις.
2364 2700 2636 2773 ἀρκοῦσαν
2666 2702 2804 2773 ὑπὲρ
2835 2695 2908 2755 ὢν
2933 2703 3178 2774 ἥμαρτον
3215 2701 3422 2769 λόγισαι
3446 2702 3544 2770 τὴν
3580 2717 3741 2770 τιμω-

2186 2793 2306 2863 ρίαν
2334 2794 2438 2845 τῶν
2484 2796 2541 2845 ἐν
2591 2794 2829 2865 τοσούτῳ
2872 2794 3046 2865 χρόνῳ
3076 2794 3510 2864 περιεσχηκότων
3557 2794 3745 2855 αὐτοὺς

2183 2886 2367 2940 κακῶν
2390 2903 2403 2916 ·
2442 2885 2575 2957 ἐλέῳ
2604 2903 2663 2939 τε
2686 2887 2868 2957 οἰκείῳ
2884 2886 2951 2939 τὰ
2984 2887 3353 2958 ἁμαρτήματα
3374 2887 3550 2941 αύτῶν
3582 2903 3741 2956 παρα-

509 2973 846 3042 γραψάμενος
873 2975 1104 3037 ἅπαντα,
1134 2978 1226 3030 καὶ
1269 2978 1364 3048 τὴν
1406 2978 1642 3032 παλαιὰν
1672 2978 1851 3041 αὐτοῖς
1890 2979 2122 3041 ἀποδοὺς
2150 2977 2451 3046 εὐπραγίαν
2474 2995 2488 3008 ο
2526 2978 2665 3031 ὥστε
2699 2979 2793 3031 καὶ
2823 2979 2922 3049 τὴν
2956 2977 3307 3049 Ἰερουσαλὴμ
3340 2978 3649 3048 οἰκισθῆναι
3695 2977 3746 3029 τὸ

503 3064 765 3138 ’πρότερον
820 3070 1003 3140 σχῆμα
1076 3072 1296 3137 καὶτὰς
1323 3073 1516 3138 λοιπὰς
1548 3074 1640 3127 τοῦ
1686 3074 1857 3143 Ἰούδα
1898 3074 2079 3137 πόλεις
2118 3071 2270 3137 αὖθις
2303 3075 2582 3145 συστῆναι.

573 3157 739 3215 Vens.
776 3162 857 3224 15,
881 3162 963 3214 l7.
990 3192 1054 3200 —-
1085 3164 1310 3233 Insuper
1339 3167 1514 3235 pergit
1543 3166 1759 3219 dicere:
1794 3185 1813 3215 ι
1835 3165 2081 3235 Respon—

2252 3164 2400 3234 Στίχ.
2432 3171 2520 3232 ιγ’.
2549 3164 2633 3229 ιζ’.
2660 3196 2727 3206 --
2748 3163 2891 3237 Πρὸς
2919 3163 2975 3217 δὲ
2999 3162 3176 3216 ταῦτα
3197 3163 3419 3230 ἐπάγει·
3440 3181 3457 3213 ι
3482 3162 3601 3216 Καὶ
3630 3163 3748 3215 ἀπ-

504 3252 696 3319 dilque
728 3252 994 3308 Dominus
1025 3258 1375 3325 omnipotens
1412 3259 1604 3326 angelo
1633 3259 1872 3325 loquenti
1908 3258 1962 3311 in
1997 3272 2083 3311 me

506 3340 647 3393 bona
677 3342 837 3395 verba
886 3351 940 3396 et
987 3359 1268 3400 sermones
1320 3347 1740 3400 consolatorios.
1770 3368 1787 3397 ι
1830 3346 2083 3402 Ostendit

509 3431 597 3485 his
648 3432 831 3488 verbis
886 3435 1027 3487 hanc
1083 3452 1203 3491 esse
1252 3439 1554 3491 orationem
1606 3439 1753 3491 illius
1804 3437 1895 3506 qui
1946 3441 2085 3491 inter

510 3531 724 3578 montes
774 3527 1064 3581 llllibl‘OSOS
1117 3528 1442 3598 loquebatur
1486 3530 1540 3582 in
1578 3544 1677 3585 eo:
1739 3525 1826 3583 cui
1885 3524 2076 3595 inquit

510 3617 865 3685 respondisse
957 3618 1126 3673 Deum
1180 3620 1369 3690 plenos
1417 3620 1755 3690 benignitate
1803 3634 2086 3676 sermones

511 3709 917 3780 multorumque
968 3710 1235 3765 bonorum
1282 3713 1667 3781 prontissores,
1721 3713 1926 3781 quique
1972 3727 2088 3765 om-

511 3800 642 3853 nino
697 3802 762 3855 ad
806 3804 1203 3859 consolandum
1249 3805 1561 3860 suilicerent
1611 3804 1860 3858 homines
1900 3804 1953 3856 in
2007 3811 2087 3855 tot

510 3894 787 3963 tantisque
834 3897 1101 3963 angustiis
1148 3903 1455 3953 versantes.
1489 3894 1702 3961 Quibus
1743 3894 1923 3949 verbis
1970 3893 2086 3963 ipse

510 3984 735 4053 angelus
776 3986 843 4040 ad
884 3985 1139 4053 fiduciam
1180 3996 1418 4049 erectus,
1470 3985 1739 4055 signiﬁcat
1779 3985 2081 4055 propheta,

510 4091 631 4143 qua:
676 4077 780 4131 sibi
841 4076 983 4131 Deus
1036 4078 1251 4132 dixerat
1300 4077 1541 4131 maxima
1594 4077 1734 4133 bona
1784 4076 2084 4141 spondens,

511 4183 632 4234 quae
661 4166 927 4237 deinceps
961 4169 1082 4222 urbi
1121 4168 1458 4225 Hierusalem
1493 4167 1760 4221 conferet.
1799 4187 1815 4218 ι
1839 4166 2088 4237 Dixitque

513 4260 645 4313 mihi
667 4260 894 4330 angelus
920 4263 1011 4328 qui
1039 4263 1093 4315 in
1119 4277 1205 4315 me
1236 4261 1593 4331 loquebatur:
1626 4260 1834 4321 clama,
1861 4258 2084 4312 dicens:

518 4355 645 4408 llaec
708 4352 842 4406 dicit
865 4351 1126 4406 Dominus
1147 4353 1529 4421 omnipotens:
1567 4348 1785 4405 Zelatus
1808 4365 1927 4402 sum
1958 4347 2087 4401 Sion

515 4449 681 4510 atque
726 4442 1068 4499 Hierusalem
1115 4445 1234 4499 zelo
1274 4459 1490 4513 magno.
1531 4442 1593 4497 Et
1632 4443 1712 4496 ira
1755 4457 1948 4511 magna
1981 4440 2090 4493 ira-

2189 3253 2348 3323 κρίθη
2372 3254 2572 3323 Κύριος
2598 3254 2989 3324 παντοκράτωρ
3014 3252 3091 3323 τῷ
3110 3252 3323 3322 ἀγγέλῳ
3345 3252 3419 3323 τῷ
3435 3250 3748 3303 λαλοῦντιὲν

2190 3347 2312 3415 ἐμοὶ
2325 3348 2541 3417 ῥήματα
2554 3346 2693 3399 καλά
2709 3347 2800 3399 καὶ
2811 3346 2997 3414 λόγους
3011 3344 3469 3416 παρακλητικούς.
3490 3363 3505 3394 ι
3532 3346 3614 3412 (p.
3635 3342 3745 3409 449)

2194 3438 2398 3505 Ἐδειξε
2432 3437 2525 3490 καὶ
2564 3437 2651 3491 διὰ
2679 3437 2867 3491 τούτου
2901 3438 2983 3489 ὅτι
3013 3436 3175 3490 αὐτοῦ
3220 3435 3311 3488 τοῦ
3357 3434 3630 3503 ἀναμέσον
3654 3434 3747 3485 τῶν

2188 3530 2360 3600 ὀρέων
2390 3528 2496 3581 τῶν
2524 3529 2833 3581 κατασκίων
2876 3526 2972 3579 τοῦ
3000 3525 3287 3588 λαλοῦντος
3334 3526 3390 3576 ἐν
3417 3522 3565 3592 αύτῷ
3602 3524 3692 3575 καὶ
3718 3526 3746 3589 ἡ

2190 3620 2369 3690 δέησις
2390 3615 2455 3690 ἦν
2483 3618 2621 3687 αὕτη
2644 3635 2658 3649 ·
2689 3619 2823 3690 πρὸς
2849 3618 2907 3671 ὃν
2927 3618 3074 3685 λέγει
3101 3617 3191 3669 τὸν
3218 3616 3349 3669 Θεὸν
3370 3613 3749 3684 ἀποκεκρίσθαι

2193 3710 2395 3779 πολλῆς
2443 3711 2774 3778 ἀγαθότητος
2823 3709 3088 3779 γέμοντας
3141 3708 3357 3776 λόγους,
3410 3707 3499 3760 καὶ
3552 3706 3750 3758 πολλῶν

2193 3804 2412 3873 ἀγαθῶν
2442 3803 2661 3873 ἔχοντας
2697 3802 3029 3870 ἐπαγγελίαν
3053 3841 3067 3862 ,
3102 3801 3195 3854 καὶ
3244 3801 3458 3863 ἱκανοὺς
3500 3799 3751 3851 παντοίαν

2194 3893 2535 3965 παράκλησιν
2562 3895 2673 3955 τοῖς
2700 3894 2755 3944 ἐν
2789 3891 3063 3954 τοσούτοις
3094 3908 3149 3943 τε
3168 3890 3260 3942 καὶ
3281 3888 3556 3952 τοιαύταις
3593 3904 3753 3957 προσ·

2195 3988 2419 4053 ἀγαγεῖν
2466 3986 2748 4053 ἀνάγκαις.
2797 3982 2911 4053 Ἐφ’
2959 3977 3039 4044 οἷς
3090 3983 3153 4052 δὴ
3205 3982 3298 4034 καὶ
3350 3983 3378 4034 6
3426 3980 3655 4048 ἄγγελος
3702 3978 3752 4029 τὸ

2196 4077 2415 4148 θαρρεῖν
2446 4075 2645 4141 λαϐὼν,
2683 4073 2872 4146 μηνύει
2895 4072 2971 4143 τῷ
3002 4075 3254 4145 προφήτῃ
3286 4066 3477 4142 οἷάπερ
3511 4070 3660 4140 αὐτῷ
3684 4070 3751 4121 εἵ-

2198 4183 2328 4237 ρητο
2384 4167 2533 4237 παρά
2586 4166 2679 4219 τοῦ
2713 4165 2849 4219 Θεοῦ
2899 4164 3226 4233 ἐπαγγελίαν
3278 4164 3543 4237 μεγίστων
3577 4162 3752 4231 ἔχοντα

2197 4259 2437 4328 ἀγαθῶν,
2472 4259 2507 4313 ἀ
2536 4260 2663 4329 περὶ
2692 4259 2787 4329 τὴν
2814 4258 3169 4330 Ἰερουσαλὴμ
3196 4256 3514 4322 ἐπιδείξεται
3539 4256 3631 4309 τοῦ
3657 4256 3752 4305 λοι-

2198 4352 2323 4406 ποῦ.
2360 4353 2520 4419 Λέγει
2548 4353 2602 4405 δὲ
2627 4352 2796 4415 οὕτως
2818 4368 2831 4382 ⁸
2870 4372 2888 4404 ι
2918 4354 3026 4407 Καὶ
3059 4348 3176 4404 εἷπε
3203 4352 3337 4422 πρός
3368 4368 3434 4419 με
3476 4351 3505 4400 6
3539 4348 3752 4416 ἄγγελος

2197 4448 2224 4497 ὁ
2251 4445 2427 4499 λαλῶν
2456 4447 2513 4498 ἐν
2546 4445 2667 4514 ἐμοί
2688 4464 2700 4476 ·
2744 4444 3249 4514 Ἀνάκραγε,λέγων
3276 4459 3287 4469 ⁸
3322 4441 3456 4495 Τάδε
3482 4441 3627 4507 λέγει
3654 4439 3751 4491 K5-

516 4548 645 4587 scor
686 4549 786 4604 ego
823 4551 991 4605 super
1039 4546 1231 4605 gentes
1264 4550 1385 4603 quae
1432 4534 1705 4588 hostiliter
1737 4534 2081 4587 invaserunt:

2203 4552 2311 4606 ριος
2338 4533 2759 4604 παντοκράτωρο
2798 4534 3077 4603 Ἐζήλωκα
3109 4533 3207 4601 τὴν
3239 4530 3375 4584 Σιὼν
3407 4530 3498 4584 καὶ
3528 4530 3623 4599 τὴν
3670 4530 3753 4581 Ἱε-

515 4625 778 4692 qunniatn
826 4642 927 4697 ego
963 4628 1178 4681 modice
1210 4627 1383 4681 iratus
1416 4626 1513 4689 fui,
1572 4627 1677 4681 illm
1711 4633 1890 4679 autem
1922 4625 2096 4679 scele-

517 4729 656 4774 stam
696 4720 1105 4789 aggressionem
1160 4717 1429 4774 fecerunt.
1469 4717 1763 4787 Propterea
1813 4716 1927 4768 inec
1965 4714 2100 4767 dicit

518 4810 817 4866 Dominus:
872 4811 1136 4867 Revertar
1166 4811 1232 4864 ad
1257 4810 1594 4865 Hierusalem
1629 4824 1751 4862 cum
1785 4806 2102 4860 misericor-

516 4903 629 4963 dia,
666 4916 717 4958 et
749 4905 944 4959 domus
980 4922 1097 4960 mea
1139 4921 1334 4960 rursus
1365 4904 1728 4958 :L-dilicabitur
1765 4904 1817 4956 in
1851 4918 1937 4964 ea,
1969 4902 2102 4965 dicit

518 4994 785 5051 Dominus
815 4998 1187 5065 omnipotens,
1209 5005 1263 5050 et
1288 5011 1540 5049 mensura
1563 4992 1889 5049 extendetur
1918 4991 2097 5045 adhuc

518 5089 572 5141 in
612 5088 974 5143 Hierusalem.
1003 5088 1070 5141 Et
1093 5088 1231 5143 dixit
1258 5088 1390 5142 mihi
1411 5087 1636 5157 angelus
1659 5086 1751 5155 qui
1776 5083 2099 5154 loquebatur

517 5182 570 5236 in
604 5198 707 5247 me,
743 5182 954 5245 Clama,
994 5180 1216 5236 dicens:
1261 5179 1388 5234 Haec
1434 5180 1508 5239 ait
1548 5178 1810 5241 Dominus
1848 5176 2099 5242 omnipoa

516 5283 673 5330 tens:
708 5274 900 5328 Adhuc
927 5273 1148 5327 aiDuent
1172 5273 1423 5327 civitates
1452 5271 1633 5333 bonis,
1664 5279 1717 5325 et
1748 5268 2097 5325 miserebitur

520 5368 696 5419 adhuc
731 5367 995 5422 Dominus
1021 5364 1176 5429 Sion,
1208 5374 1262 5421 et
1291 5365 1452 5434 eliget
1475 5362 1837 5418 Hierusalem.
1862 5379 1881 5412 ι

597 5639 1079 5708 Accepto,inquit,
1101 5638 1204 5692 hoc
1234 5654 1262 5690 a
1288 5637 1397 5691 Deo
1422 5649 1684 5704 responso
1708 5633 1951 5703 angelus,
1988 5643 2098 5686 tum

528 5732 643 5802 ipse
690 5730 773 5784 his
804 5731 964 5785 dictis
1017 5731 1234 5798 gavisus
1269 5738 1375 5795 est,
1432 5735 1545 5781 tum
1603 5743 1687 5782 mc
1722 5741 1939 5797 quoque
1971 5742 2101 5780 con-

2197 4624 2477 4696 ρουσαλὴμ
2506 4623 2664 4694 ζῆλον
2699 4624 2870 4695 μέγαν
2901 4641 2914 4655 ·
2953 4625 3045 4677 καὶ
3067 4623 3203 4694 ὀργῇ
3242 4622 3450 4693 μεγάλῃ
3480 4622 3589 4688 ἐγὼ
3609 4621 3753 4691 ὀργί-

2196 4714 2358 4787 ζομαι
2386 4718 2478 4769 ἐπὶ
2508 4716 2577 4769 τὰ
2617 4715 2744 4785 ἔθνη
2790 4715 2858 4768 τὰ
2889 4714 3336 4784 συνεπιτιθέμενα
3360 4732 3372 4744 ·
3407 4714 3523 4767 ἀνθ’
3555 4707 3625 4766 ὧν
3655 4712 3755 4779 ἐγὼ

2202 4812 2298 4879 μὲν
2327 4808 2603 4879 ὠργίσθην
2625 4808 2781 4876 ὀλίγα
2803 4847 2818 4870 ,
2858 4808 3010 4860 αὐτοὶ
3033 4808 3085 4867 δὲ
3118 4806 3470 4859 συνεπέθεντο
3502 4806 3577 4867 εἰς
3598 4803 3753 4856 κακά.

2200 4902 2297 4954 Διά
2334 4900 2490 4953 τοῦτο
2540 4900 2665 4953 τάδε
2697 4899 2845 4967 λέγει
2895 4898 3092 4968 Κύριος
3116 4915 3129 4928 ο
3179 4896 3518 4967 Ἐπιστρέψω
3549 4897 3637 4948 ἐπὶ
3672 4896 3749 4946 Ὶε·

2207 4992 2489 5064 ρουσαλημ
2518 4994 2574 5044 ἐν
2598 4992 2866 5062 οίκτιρμῷ
2890 5033 2904 5054 ,
2932 4992 3024 5045 καὶ
3054 4994 3082 5044 6
3104 4985 3248 5052 οἶκος
3278 5007 3377 5059 μου
3420 4988 3753 5056 ἀνοικοδομη·

2204 5085 2427 5154 θήσεται
2473 5086 2530 5136 ὲν
2584 5084 2719 5153 αὐτῇ
2746 5125 2760 5147 ,
2794 5083 2940 5151 λέγει
2992 5082 3194 5151 Κύριος
3231 5081 3642 5151 παντοκράτωρ·
3674 5080 3758 5132 καὶ

2209 5176 2403 5245 μέτρον
2431 5173 2785 5243 ἐκταθήσεται
2820 5174 2913 5225 ἐπὶ
2954 5170 3310 5241 Ἰερουσαλὴμ
3362 5170 3463 5223 ἔτι.
3504 5170 3601 5221 Καὶ
3646 5163 3757 5218 εἶπε

2210 5267 2339 5338 πρὸς
2376 5284 2445 5337 με
2479 5269 2506 5318 ὁ
2534 5264 2760 5332 ἄγγελος
2791 5266 2818 5317 ὁ
2841 5262 3016 5315 λαλῶν
3050 5264 3107 5315 ἐν
3144 5261 3303 5331 ἐμοί·
3353 5259 3760 5331 Ἀνάκραγε,λέο

2210 5377 2322 5426 γων
2344 5374 2356 5388 ο
2391 5357 2529 5410 Τάδε
2556 5356 2704 5422 λέγει
2747 5355 2949 5424 Κύριος
2974 5354 3364 5425 παντοκράτωρ
3385 5372 3397 5384 ·
3435 5354 3550 5405 Ἔτι
3585 5351 3738 5419 διαχυ

2208 5450 2462 5519 θήσονται
2495 5448 2675 5510 πόλεις
2705 5447 2762 5500 ἐν
2791 5444 3013 5512 ἀγαθοῖς
3031 5485 3045 5505 ,
3074 5445 3166 5496 καὶ
3194 5444 3408 5513 ἐλεήσει
3451 5441 3644 5511 Κύριος
3689 5438 3760 5489 ἔτι

2208 5540 2304 5610 τὴν
2330 5538 2485 5603 Σιὼν,
2512 5539 2605 5592 καὶ
2637 5539 2864 5608 αἱρετιεῖ
2885 5536 2964 5588 ἔτι
2996 5534 3093 5606 τὴν
3141 5533 3511 5605 Ἰερουσαλήμ.
3534 5552 3552 5583 ›

2282 5633 2356 5700 (p.
2389 5630 2516 5697 450)
2545 5629 2845 5695 Δεξάμενος
2874 5626 2981 5697 γὰρ
3005 5667 3020 5690 ,
3048 5618 3217 5695 φησιν
3243 5666 3255 5686 ,
3300 5624 3581 5693 ἀπόκρισιν
3617 5613 3764 5683 παρὰ

2212 5724 2299 5776 τοῦ
2326 5723 2459 5775 θεοῦ
2494 5718 2747 5789 τοιαύτην
2776 5721 2802 5772 6
2828 5718 3085 5787 ἄγγελος,
3119 5717 3279 5779 αὑτός
3320 5733 3375 5768 τε
3406 5716 3497 5768 ἐπὶ
3536 5712 3635 5774 ".93;
3686 5710 3766 5758 12-
