3824 6540
176 403 283 455 5ίῦ

1159 396 1699 454 COMMENTARIUS
1739 399 1801 453 IN
1842 399 2215 457 ZACHARUE
2248 400 2397 455 CAP.
2434 400 2473 453 1.

3327 403 3426 458 5N

172 521 430 592 γομένοις
458 519 621 590 ἥσθη,
654 519 747 573 καὶ
773 518 1112 588 ὲμὲθαρρεἶν
1140 519 1357 573 ἐκέλευε
1386 522 1515 591 περὶ
1540 521 1744 576 πάντων

1858 521 2022 577 ﬁdere
2045 522 2213 590 jussit
2243 522 2310 575 de
2330 520 2586 575 omnibus
2615 521 2669 574 in
2703 521 2980 576 futurum:
3020 520 3092 575 ita
3124 529 3182 576 ut
3211 536 3427 592 possem

170 616 253 676 είς
286 613 351 666 τὸ
372 611 502 682 ἑξῆς
527 629 540 641 ο
572 612 709 664 ὥστε
740 611 833 664 καὶ⁵
859 609 1164 682 θαρροῦντα
1193 612 1416 682 μηνύειν
1442 612 1643 666 ἅπασιν
1670 614 1752 666 ὅτι

171 706 386 777 σφόδρα
434 705 574 774 ὑπὲρ
616 704 713 774 τῆς
744 702 1096 774 Ἰερουσαλὴμ
1149 706 1424 775 ὀργίζεται
1475 706 1617 759 κατά
1647 706 1754 758 τῶν

168 800 448 867 τοσαύτην
471 796 729 865 ὠμότητα
752 795 1170 866 ἐπιδειξαμένων
1199 800 1277 861 εἰς
1309 798 1530 861 αὐτούς·
1559 798 1607 851 οἳ
1641 799 1756 868 μεί-

169 892 306 955 ζονα
330 890 432 960 τῆς
464 889 633 960 ὀργῆς
655 889 754 957 τῆς
779 888 919 959 ἐμῆς
944 887 1040 959 τὴν
1064 890 1331 960 τιμωρίαν
1356 890 1537 953 αὐτοῖς
1561 893 1625 943 ὲκ
1656 891 1754 960 τῆς

172 982 316 1043 ἰδίας
365 980 651 1050 ἐπήγαγον
701 979 898 1042 κακίας
923 996 937 1009 ο
973 980 1258 1050 τοιγαροῦν
1285 980 1542 1034 ’ἁπάντων
1570 982 1753 1034 ἕνεκεν

170 1070 358 1142 πολλῷ
412 1072 687 1141 χρήσομαι
734 1072 862 1140 περὶ
917 1071 1017 1143 τὴν
1065 1073 1418 1145 Ἰερουσαλὴμ
1466 1074 1541 1143 τῷ
1586 1074 1750 1145 ἐλέῳ·

169 1162 318 1216 ὥστε
350 1162 443 1214 καὶ
478 1161 567 1213 τὸν
614 1157 759 1213 οἷκον
791 1160 880 1213 τὸν
919 1162 1049 1232 ἐμὸν
1081 1164 1139 1215 ὲν
1182 1164 1316 1234 αύτῇ
1364 1164 1621 1232 γεγονότα
1656 1165 1754 1234 τὴν

172 1252 385 1324 συνήθη
437 1257 547 1317 τοῖς
576 1255 663 1306 ἐπ’
712 1255 873 1308 αὑτὸν
927 1255 1196 1308 συνιοῦσιν
1224 1255 1489 1324 ὠφέλειαν
1523 1257 1755 1327 παρέχε-

174 1345 324 1407 σθαι,
358 1347 455 1398 καὶ
482 1345 581 1416 τὴν
629 1346 980 1417 Ἰερουσαλὴμ
1004 1346 1096 1398 ἐπὶ
1130 1347 1309 1416 μεῖζον
1335 1348 1367 1413 ἢ
1394 1347 1487 1400 νῦν
1516 1349 1751 1419 ἐκταθῆ-

172 1452 292 1486 ναι-
319 1434 415 1486 καὶ
443 1438 619 1496 πάσας
651 1433 727 1499 δὲ,
761 1435 1038 1504 συντόμως
1067 1436 1257 1497 εἰπεῖν,
1290 1437 1386 1499 τὰς
1415 1437 1548 1507 αὐτῇ
1585 1454 1754 1508 προσ-

171 1524 421 1595 ηκούσας
480 1526 662 1588 πόλεις
713 1527 769 1578 ὲν
830 1526 1058 1597 ἀφθονίᾳ
1113 1529 1445 1598 καταστῆναι
1504 1529 1750 1585 πολλῶν·

168 1619 295 1671 τότε
328 1617 440 1688 γὰρ
468 1617 602 1687 ἐλέῳ
631 1619 904 1688 χρήσομαι
939 1618 1116 1688 πολλῷ
1147 1622 1272 1689 περὶ
1304 1621 1473 1692 αὑτήν
1495 1638 1509 1651 ο
1546 1621 1748 1675 δεδοκί-

174 1726 326 1779 μακα
355 1710 464 1760 πᾶν
491 1709 520 1760 ὅ
552 1725 602 1759 τι
628 1708 861 1779 χρηστὸν
890 1709 1226 1779 ἐργάσασθαι
1252 1712 1331 1773 εἰς
1360 1712 1531 1783 αὐτήν
1567 1731 1626 1765 τε
1658 1715 1751 1767 καὶ

170 1802 301 1865 τοὺς
320 1802 696 1872 προσήκοντας
717 1800 851 1871 αὐτῇ
875 1799 966 1852 τοῦ
994 1800 1201 1854 λοιποῦ.
1226 1801 1459 1873 Εὔδηλον
1490 1805 1545 1856 δὲ
1568 1805 1649 1857 ὅτι
1672 1806 1748 1858 ὅτ’

172 1895 239 1946 ἂν
274 1861 509 1964 λέγῃτδ,
529 1911 546 1943 ι
570 1861 891 1962 Ὀργίζομάι
924 1893 1016 1945 ἐπὶ
1052 1893 1121 1945 τὰ
1150 1892 1282 1962 ἔθνη
1314 1861 1383 1946 τά
1415 1896 1746 1949 συνεπιτιθέ-
1779 1861 1822 1915 Β

174 2002 332 2053 μενα,
369 1983 487 2037 ἀνθ’
515 1977 592 2036 ὧν
614 1982 724 2051 ἐγὼ
758 1984 855 2053 μὲν
880 1982 1157 2054 ὠργίσθην
1184 1984 1360 2051 ὀλίγα,
1396 1986 1749 2041 συνεπέθεντο

168 2076 225 2128 δὲ
260 2078 342 2139 είς
368 2075 539 2135 κακὰ,
567 2093 586 2126 ι
642 2076 767 2146 περί
815 2092 874 2128 τε
914 2075 1020 2129 τῶν
1063 2077 1549 2147 ὲκπεπορθηκότων
1580 2080 1748 2145 αὐτὴν

167 2165 530 2220 Βαϐυλωνίων
549 2166 744 2234 λέγων,
768 2166 861 2219 καὶ
884 2168 992 2220 τῶν
1012 2168 1159 2230 ὅπως
1179 2169 1305 2221 ποτὲ
1336 2170 1415 2233 εἰς
1435 2169 1592 2223 τοῦτο
1618 2188 1750 2241 συμ-

170 2256 501 2328 πῳξάντων
526 2256 727 2317 αὐτοῖς,
749 2257 849 2325 τὴν
879 2256 1249 2325 γενησομένην
1272 2258 1452 2321 αὐτοῖς
1480 2258 1747 2328 τιμωρίαν

166 2349 252 2400 διὰ
284 2347 495 2400 τούτων
530 2347 803 2418 σημαίνει.
830 2346 1139 2400 Δεδώκεσαν
1175 2346 1274 2417 μὲν
1302 2346 1411 2419 γὰρ
1445 2348 1545 2418 ἤδη
1570 2348 1746 2401 Βαϐυ-

166 2442 349 2495 λώνιοι
384 2441 541 2503 δίκας
570 2480 585 2503 ,
619 2440 712 2493 καὶ
755 2438 1033 2508 καθῄρητο
1068 2438 1167 2510 μὲν
1203 2438 1381 2492 αὐτῶν
1412 2441 1445 2509 ὴ
1478 2438 1741 2508 βασιλεία,

166 2534 398 2604 εἴληπτο
430 2533 487 2586 δὲ
522 2535 555 2602 ἡ
600 2531 753 2594 πόλις
786 2530 1065 2594 παντελῶς
1111 2530 1215 2583 ύπὸ
1248 2531 1430 2601 Κύρου
1474 2530 1565 2583 τοῦ
1602 2532 1744 2602 Περ-

169 2628 276 2680 σῶν
304 2626 601 2695 βασιλέωςο
632 2624 1006 2695 τετιμώρηντο
1027 2624 1083 2677 δὲ
1115 2626 1162 2676 οἱ
1204 2623 1623 2696 συμπράξαντες
1649 2626 1745 2678 αύ-

165 2721 278 2781 τοῖς
325 2715 620 2787 Ἰδουμαῖοί
646 2732 705 2768 τε
736 2716 828 2768 καὶ
854 2717 900 2767 οἱ
941 2715 1118 2769 λοιποὶ
1143 2714 1206 2785 δὴ
1233 2715 1430 2777 πάντες
1448 2732 1461 2743 ·
1486 2714 1627 2767 ὥστε
1651 2714 1744 2784 δῆ-

165 2811 252 2863 λον
275 2812 459 2863 ὲκεῖνο
494 2803 631 2861 εἶναι
656 2808 717 2859 τὸ
740 2810 869 2877 παρ’
892 2805 1049 2875 ἡμῶν
1079 2806 1170 2858 ἐπὶ
1197 2806 1297 2876 τῆς
1321 2805 1625 2869 ὑποθέσεως
1667 2807 1743 2858 εί-

171 2902 409 2973 ρημένον
445 2940 460 2962 ,
520 2899 600 2951 ὅτι
676 2897 888 2949 πολλῶν
947 2898 1215 2967 μέμνηται
1267 2896 1565 2965 γεγονότων
1620 2897 1741 2968 ἤδη,

170 3000 243 3061 (p.
271 2991 402 3057 451)
441 2989 676 3061 βεϐαιῶν
726 2989 865 3042 αὐτὰ
908 2990 1029 3052 ταῖς
1062 2987 1287 3051 οἰκείαις
1317 2986 1668 3056 ἐπαγγελίαις
1717 2990 1745 3041 ὁ

166 3082 297 3145 Θεός
315 3100 328 3112 ·
360 3081 488 3133 ἐπεὶ.
513 3081 605 3133 καὶ
628 3079 833 3149 σφόδρα
852 3078 1055 3131 τούτων
1078 3078 1184 3129 ἔδει
1209 3078 1326 3130 τότε
1347 3081 1458 3140 τοῖς
1482 3078 1746 3150 Ἰσραηλί-

1857 627 1980 666 cum
2017 612 2213 667 ﬁducia
2243 612 2409 683 298
2437 614 2612 681 palam
2642 612 2972 684 signiﬁcare,
3005 612 3173 667 Deum
3204 628 3424 684 magno-

1856 718 1984 772 pere
2031 704 2369 759 Hierusalem
2432 718 2600 759 causa
2656 705 2819 760 irasci
2876 705 3141 759 adversus
3190 721 3285 759 eos
3335 706 3427 774 qui

1856 804 2058 848 tantam
2096 796 2359 852 adversus
2410 796 2555 849 illam
2588 805 2959 851 exercuerunt
3006 796 3428 860 crudelitatem;

1855 888 1949 955 qui
1989 887 2274 956 majorem,
2323 903 2485 957 quam
2540 888 2620 941 ira
2662 904 2778 942 mea
2812 889 3048 952 tulisset,
3090 889 3428 957 puuitionem

1857 977 2103 1033 fecerunt
2130 981 2392 1035 adversus
2422 979 2718 1035 lsraelitas.
2752 980 2954 1033 Horum
2980 982 3162 1049 itaque
3184 981 3425 1033 omnium

1854 1084 2021 1124 causa
2058 1071 2284 1123 multam
2311 1086 2629 1140 expromam
2668 1086 2797 1140 erga
2835 1069 3170 1124 Hierusalem
3202 1070 3429 1124 miseri-

1854 1165 2098 1217 cordiam
2130 1182 2142 1216 :
2184 1165 2261 1218 ita
2293 1174 2350 1218 ut
2377 1165 2572 1218 domus
2600 1179 2821 1234 quoque
2852 1178 2992 1227 mea,
3023 1179 3143 1231 qure
3178 1163 3288 1216 illic
3321 1170 3425 1227 est,

1854 1260 2172 1304 consuetam
2204 1253 2658 1307 convenientibus
2686 1253 2740 1306 in
2766 1267 2830 1306 ea
2857 1253 3142 1305 utilitatem
3166 1244 3425 1321 praebeat,

1853 1350 1905 1394 et
1933 1343 2063 1395 urbs
2100 1342 2439 1398 Hierusalem
2475 1344 2655 1413 majus
2683 1345 2862 1398 adhuc
2890 1344 3125 1413 spatium
3159 1344 3229 1397 sit
3257 1358 3425 1396 oceu-

1853 1444 2066 1502 patura,
2100 1444 2435 1503 caeterteque,
2460 1444 2518 1489 ut
2540 1438 2853 1491 summatim
2883 1437 3082 1501 dicam,
3103 1437 3150 1489 ei
3169 1436 3428 1505 subjecta:

1854 1525 2018 1580 urbes
2053 1527 2104 1580 in
2134 1530 2302 1580 multa
2337 1545 2516 1582 rerum
2542 1531 2697 1599 copia
2723 1528 2917 1583 futurae
2947 1530 3076 1582 sint.
3102 1527 3257 1583 Tunc
3277 1530 3425 1582 enim

1853 1620 2077 1673 multam
2126 1622 2395 1675 exhibebo
2442 1621 2563 1675 urbi
2606 1620 2944 1675 Hierusalem
2992 1620 3423 1687 benignitatem:

1852 1712 2053 1780 quippe
2088 1712 2301 1766 decrevi
2328 1712 2462 1766 nihil
2492 1728 2599 1766 non
2629 1713 2757 1766 boni
2791 1713 2917 1765 huic
2949 1711 3126 1765 facere
3164 1712 3213 1764 in
3250 1717 3428 1780 poste-

1854 1818 1995 1859 rum.
2028 1818 2127 1856 nec
2158 1819 2264 1856 non
2294 1804 2508 1859 caneris
2556 1804 2620 1856 ad
2663 1819 2779 1858 eam
2820 1802 3241 1871 pertinentibus.
3294 1798 3425 1854 Siue

1851 1894 2018 1948 dubio
2061 1902 2265 1956 autem,
2312 1910 2435 1948 cum
2484 1910 2546 1949 se
2588 1895 2751 1949 irasci
2786 1895 2919 1948 dicit
2967 1894 3241 1963 gentibus,
3307 1910 3425 1963 qua:

1850 1983 2185 2039 Hierusalem
2236 1986 2511 2040 hostiliter
2553 1987 2889 2049 invaserant,
2935 1983 3024 2036 cui
3058 1998 3160 2053 ego
3210 1983 3425 2039 modice

1849 2077 2021 2131 iratus
2066 2092 2239 2141 eram,
2284 2077 2413 2147 ipsa:
2457 2089 2636 2131 autem
2684 2078 2971 2132 scelestam
3012 2076 3422 2146 aggressionem

1849 2168 2112 2233 fecerant,
2158 2170 2224 2225 de
2262 2169 2573 2240 Babyloniis
2610 2169 2851 2238 loquitur
2899 2168 2994 2238 qui
3044 2169 3215 2236 ipsam
3256 2167 3424 2234 depo—

1849 2261 2017 2330 pulati
2054 2260 2291 2326 fuerant,
2338 2261 2513 2330 deque
2539 2260 2661 2315 aliis
2690 2259 2784 2329 qui
2826 2261 2958 2313 socii
3002 2259 3126 2313 belli
3162 2258 3282 2326 ejus
3305 2258 3425 2313 fue~

1851 2359 1977 2403 runt
2002 2367 2017 2416 ;
2049 2360 2103 2404 et
2126 2351 2527 2419 impendentem
2560 2350 2668 2404 illis
2700 2362 2916 2419 ptenam
2936 2348 3022 2402 his
3043 2347 3224 2402 verbis
3254 2347 3423 2415 signi-

1849 2441 1995 2495 ﬁcat.
2030 2441 2175 2495 Sane
2200 2442 2313 2511 jam
2338 2455 2531 2511 punias
2554 2443 2772 2496 luerant
2790 2440 3095 2511 Babylonii,
3118 2453 3423 2508 eorumque

1849 2548 2075 2602 regnum
2107 2540 2417 2598 corruerat,
2468 2541 2521 2586 et
2550 2532 2679 2588 urbs
2709 2548 2739 2585 a
2769 2531 2915 2603 Cyro
2954 2531 3245 2585 Persarum
3296 2540 3423 2599 rege

1847 2631 2114 2693 occupata
2182 2624 2376 2680 fuerat.
2446 2623 2663 2678 ldumtei
2722 2639 2941 2693 quoque
3000 2622 3421 2692 Babyloniorum

1848 2714 2128 2782 adjutores
2163 2715 2471 2783 reliquique
2502 2730 2693 2769 oruues
2736 2716 2909 2783 puniti
2946 2713 3184 2767 fuerant.
3215 2711 3423 2777 Quam—

1849 2805 2037 2858 obrem
2087 2812 2311 2873 apparet
2362 2805 2495 2858 illud
2519 2806 2665 2875 quod
2697 2820 2795 2859 nos
2831 2806 2885 2858 in
2916 2811 3239 2874 argumento
3263 2817 3419 2856 com-

1847 2894 2102 2948 mentarii
2140 2895 2414 2962 fdiximus,
2470 2896 2673 2949 multas
2717 2894 2807 2947 hic
2848 2908 2936 2947 res
2968 2892 3259 2947 memorari
3299 2905 3423 2960 quae

1844 2985 1954 3054 jam
1993 2996 2307 3052 evenerant,
2338 3002 2588 3057 quasque
2626 2989 2741 3041 suis
2790 2984 3251 3055 promissionibus
3284 2998 3419 3037 con-

1848 3077 2027 3131 lirmat
2052 3080 2229 3135 Deus:
2266 3079 2351 3133 his
2388 3079 2532 3133 enim
2570 3092 2900 3149 magnopere
2940 3076 3257 3146 indigebant
3289 3084 3420 3130 tunc

165 3188 314 3235 ταις,
348 3173 412 3223 ὲν
444 3168 729 3239 ἀμφιϐόλῳ
770 3168 863 3221 καὶ
901 3168 1037 3238 μετά
1086 3167 1184 3239 τὴν
1240 3169 1510 3239 σωτηρίαν
1561 3169 1742 3240 ἔχουσι

1848 3168 2127 3234 lsraelitae,
2159 3172 2252 3241 qui
2278 3172 2441 3226 etiam
2478 3179 2600 3239 post
2626 3169 2860 3223 reditum
2885 3167 2953 3222 de
2982 3170 3160 3223 salute
3193 3183 3292 3222 sua
3317 3167 3419 3221 du-

164 3264 260 3332 τὴν
285 3261 503 3314 οἰκείαν
527 3279 540 3291 ·
569 3262 644 3322 ὡς
678 3259 752 3329 μὴ
780 3258 836 3311 δὲ
858 3259 948 3311 τὸν
976 3259 1102 3311 ναὸν
1132 3259 1223 3311 τὸν
1248 3259 1387 3312 θεῖον
1407 3260 1745 3331 ἀρξαμένους

166 3355 341 3425 πέρας
362 3351 638 3413 ἐκϐαλεῖν,
663 3351 770 3402 εἴτε
793 3349 880 3402 διά
908 3351 1003 3422 τὴν
1034 3350 1310 3420 ἐνόχλησιν
1338 3351 1446 3403 τῶν
1467 3352 1742 3416 ἐναντίων,

163 3448 269 3497 εἴτε
304 3444 406 3497 καὶ
443 3442 533 3495 διὰ
566 3442 663 3513 τὴν
710 3442 891 3495 αὐτῶν
945 3442 1214 3513 ρᾳθυμίαν
1253 3443 1623 3514 αὐξανομένην
1669 3444 1745 3508 ὡς

164 3537 308 3599 εἰκὸς
336 3538 410 3604 τῇ
450 3534 561 3587 τῶν
603 3533 871 3603 πολεμίων
904 3532 1098 3604 κακίᾳσ
1132 3533 1225 3586 δύο
1261 3534 1358 3603 μὲν
1392 3533 1455 3606 δὴ
1480 3534 1650 3587 ταῦτα
1681 3536 1745 3588 ὲκ

159 3631 259 3697 τῆς
292 3625 693 3694 ἀποκαλύψεως
732 3625 1030 3693 ἐγνωκέναι
1064 3624 1199 3694 ἔφη,
1229 3625 1310 3677 ὃτι
1356 3643 1415 3677 τε
1460 3626 1586 3688 τοὺς
1631 3625 1744 3695 ὴδι-

162 3722 409 3790 κηκότας
442 3718 535 3771 τὸν
569 3717 696 3769 λαὸν
732 3718 1103 3787 τιμωρήσεται
1137 3717 1165 3767 ὁ
1198 3716 1350 3779 Θεὸς,
1398 3718 1492 3769 καὶ
1530 3718 1612 3771 ὅτι
1644 3718 1742 3789 τὴν

172 3807 536 3882 Ἰερουσαλὴμ
575 3807 654 3870 εἰς
702 3805 800 3873 τὴν
845 3804 1082 3858 παλαιὰν
1125 3805 1429 3877 εὐπραγίαν
1468 3807 1743 3859 ἀποκατα-

162 3906 351 3973 στήσει
388 3899 573 3953 πάλιν.

230 3994 389 4061 Στίχ.
431 3996 670 4060 ιη’-κα’.
707 4018 776 4028 -
810 3989 934 4041 Ἑπὶ
984 3985 1269 4057 βεϐαιώσει
1325 3987 1380 4039 δὲ
1419 3988 1742 4058 ἀμφοτέρων

160 4082 539 4151 ἀποκαλῷεις
574 4078 808 4147 καθεξῆς
846 4077 1112 4131 ἐκτίθεται
1145 4077 1364 4147 ἐτέρας,
1398 4076 1463 4139 ἃς
1499 4076 1620 4129 ἰδὼν
1646 4079 1742 4129 αύ-

160 4180 248 4240 τός
279 4192 341 4227 τε
379 4176 479 4245 τὴν
510 4172 603 4225 ἐπὶ
648 4173 757 4234 τοῖς
803 4168 1111 4240 εἰρημένοις
1147 4168 1247 4239 ἢδη
1282 4169 1463 4220 πίστιν
1509 4165 1619 4238 εἶχε
1650 4168 1740 4237 βε-

158 4268 358 4323 ϐαίαν·
400 4267 495 4319 καὶ
538 4264 602 4333 δὴ
651 4264 746 4316 καὶ
776 4263 903 4325 τοὺς
950 4260 1045 4315 τοῦ
1094 4260 1224 4314 λαοῦ
1281 4261 1486 4324 πάντας
1528 4260 1740 4313 ἔπειθεν

155 4360 362 4433 ὁμοίως
379 4356 631 4428 ἡγεῖσθαι
655 4370 669 4384 ⁶
696 4354 788 4406 καὶ
818 4352 1041 4424 πρώτην
1070 4368 1134 4420 γε
1166 4352 1292 4421 περὶ
1321 4351 1419 4420 τῆς
1453 4351 1559 4404 τῶν
1589 4354 1741 4404 ἐναν-

155 4454 287 4505 τίων
322 4447 597 4518 τιμωρίας
622 4445 793 4513 λέγει,
818 4445 995 4515 ἦνπερ
1023 4439 1115 4496 οῦν
1152 4444 1245 4495 καὶ
1275 4443 1367 4494 ἐπὶ
1389 4443 1489 4511 τῆς
1525 4459 1740 4515 προκει-

1847 3263 2127 3317 bitabant:
2153 3263 2223 3316 ita
2247 3272 2308 3317 ut
2328 3279 2394 3318 ne
2412 3263 2598 3332 templi
2618 3261 2838 3332 quidem
2858 3260 3230 3321 :ediﬁcationi,
3253 3274 3417 3330 quam

1847 3363 2148 3425 cmperant,
2179 3355 2340 3409 finem
2372 3356 2654 3425 imponere
2672 3354 3036 3414 curavissent,
3059 3352 3175 3406 sive
3201 3359 3420 3421 pruplel‘

1847 3450 2291 3504 adversariorum
2319 3448 2645 3511 molestiam,
2669 3447 2783 3502 sive
2812 3454 3034 3515 propter
3062 3445 3418 3513 ipsorummet

1847 3542 2155 3612 segnitiem,
2196 3542 2265 3595 ab
2296 3541 2535 3595 hostium
2567 3539 2773 3593 malitia
2824 3546 2883 3592 ut
2912 3536 3176 3593 credibile
3203 3545 3288 3589 est
3319 3551 3417 3589 au-

1845 3642 2012 3688 ctam.
2063 3631 2451 3687 Verumtamen
2485 3632 2595 3686 duo
2635 3631 2748 3685 hac
2774 3645 2839 3685 ex
2878 3630 3217 3683 revelatione
3256 3629 3416 3681 inno-

1845 3722 2017 3776 tuisse
2057 3724 2151 3786 ait,
2189 3722 2333 3791 quod
2356 3720 2569 3775 Judaici
2592 3722 2772 3791 populi
2797 3720 3097 3775 oll‘ensores
3123 3720 3415 3789 puniturus

1843 3812 1914 3866 sit
1946 3811 2110 3878 Deus,
2150 3821 2203 3866 et
2242 3812 2387 3882 quod
2426 3813 2615 3866 urbem
2652 3812 2989 3867 Hierusalem
3022 3812 3077 3864 in
3129 3809 3413 3879 pristinam

1843 3902 2158 3956 felicitatem
2192 3904 2576 3956 restituturus.

1915 3992 2079 4048 Vens.
2116 3992 2300 4047 18-21.
2329 3992 2579 4047 Jamvero
2605 3992 2669 4044 ad
2696 3992 2982 4060 utriusque
3016 3989 3091 4043 rei
3121 3987 3415 4043 conﬁrma-

1841 4083 2067 4145 tionem,
2102 4084 2237 4137 duas
2277 4084 2411 4138 alias
2460 4084 2713 4151 posthinc
2759 4082 2985 4149 exponit
3025 4081 3408 4143 revelationes,

1841 4175 2004 4245 299
2029 4192 2166 4245 quas
2182 4191 2305 4229 cum
2330 4176 2446 4244 ipse
2475 4176 2723 4240 vidisset,
2745 4175 2951 4228 [inuam
2970 4176 3115 4227 circa
3134 4190 3221 4228 res
3236 4174 3410 4229 dictas

1844 4268 1998 4321 ﬁdem
2020 4270 2305 4334 retinebat,
2322 4277 2372 4321 et
2394 4269 2592 4338 pOpulo
2611 4270 2867 4322 universo
2893 4276 2949 4320 ut
2972 4267 3109 4321 idem
3130 4254 3407 4320 existima-

1842 4371 1923 4416 ret
1945 4360 2225 4416 suadebat.
2247 4360 2488 4415 Priorem
2529 4362 2748 4430 quidem
2769 4360 2835 4415 de
2859 4359 3292 4413 adversariorum
3310 4374 3410 4426 pu-

1840 4454 2049 4508 nitione
2068 4455 2280 4518 recitat,
2300 4469 2462 4522 quam
2483 4454 2642 4507 etiam
2681 4453 2736 4506 in
2769 4452 3047 4521 superiore
3080 4452 3408 4505 revelatiune

158 4544 335 4615 μένης
368 4537 766 4607 ἀποκαλύψεως
797 4536 1068 4606 προτέραν
1090 4534 1259 4588 εἶπεν.
1300 4554 1317 4586 ι
1342 4536 1450 4589 Καὶ
1479 4531 1589 4606 ἦρα
1616 4538 1740 4600 τοὺς

1847 4544 2075 4615 primam
2129 4554 2405 4614 posuerat.
2442 4562 2459 4593 ι
2485 4546 2549 4598 Et
2599 4545 2768 4599 levavi
2792 4544 2979 4598 oculos
3011 4558 3183 4606 meos,
3207 4550 3262 4597 et
3297 4542 3407 4596 vidi

154 4632 479 4703 ὀφθαλμούς
508 4647 608 4701 μου
637 4630 731 4681 καὶ
760 4623 897 4680 εἶδον
925 4628 1165 4697 τέσσαρα
1196 4625 1402 4695 κέρατα
1425 4640 1439 4655 ⁸
1473 4625 1568 4678 καὶ
1591 4622 1742 4679 εἷπον

154 4727 296 4799 πρὸς
346 4725 441 4775 τὸν
502 4721 730 4788 ἄγγελον
777 4719 871 4772 τὸν
907 4717 1169 4771 λαλοῦντα
1207 4720 1264 4770 ὲν
1316 4718 1477 4787 ἐμοὶ,
1528 4718 1593 4769 Τί
1627 4720 1741 4771 ἐστι

152 4821 355 4881 ταῦτα,
393 4814 601 4885 Κύριες
636 4812 746 4865 Καὶ
772 4806 894 4864 εἷπε
925 4807 1061 4878 πρός
1093 4826 1158 4879 με
1185 4825 1198 4840 ·
1235 4809 1417 4861 Ταῦτα
1444 4808 1512 4861 τά
1536 4810 1742 4879 κέρατα

154 4914 222 4964 τὰ
270 4904 741 4976 διασκορπίσαντα
766 4903 857 4955 τὸν
898 4902 1096 4954 Ἰούδαν
1128 4901 1223 4954 καλ⁹
1271 4900 1361 4953 τὸν
1407 4900 1620 4971 Ἰσραὴλ
1640 4902 1741 4954 καὶ

150 5003 253 5071 τὴν
296 4990 827 5068 ἸερουσαλήμρΚαὶ
864 4992 1034 5057 έδειξέ
1089 5008 1179 5060 μοι
1222 4991 1426 5061 Κύριος
1471 4991 1740 5060 τέσσαρας

152 5096 420 5149 τέκτονας
445 5105 459 5117 ’
497 5087 593 5140 καὶ
620 5081 795 5149 εἷπον,
825 5084 890 5136 Τί
908 5076 1054 5136 οὗτοι
1082 5083 1331 5153 ἔρχονται
1356 5081 1603 5152 ποιῆσαι,
1630 5081 1740 5134 Κύ-

155 5200 278 5255 pta;
315 5182 430 5235 Καὶ
461 5174 603 5243 εἷπε,
629 5176 813 5229 Ταῦτα
841 5174 910 5228 τά
945 5174 1154 5245 κέρατα
1187 5172 1254 5226 τά
1284 5174 1741 5245 διασκορπίσαντα

148 5281 244 5330 τὸν
289 5274 498 5328 Ἰούδαν
541 5273 634 5325 καὶ
673 5272 763 5323 τὸν
799 5266 1047 5340 Ἰσραὴλ,
1086 5268 1180 5321 καὶ
1218 5266 1485 5332 κατέαξαν
1522 5268 1617 5320 καὶ
1644 5268 1738 5319 ούσ-

148 5370 263 5431 δεὶς
295 5365 483 5419 αὐτῶν
507 5360 641 5435 ἦρεν
674 5361 915 5431 κεφαλήν
940 5377 954 5391 ’
992 5360 1068 5430 (p.
1097 5358 1225 5427 452)
1260 5358 1356 5412 καὶ
1393 5358 1737 5428 ἐξῆλθονναύ-

149 5464 236 5514 τοὶ
266 5458 369 5511 τοῦ
419 5456 604 5523 όξῦναι
638 5454 778 5508 αὐτὰ
811 5456 888 5515 εἰς
927 5456 1115 5522 χεῖρας
1161 5451 1367 5505 αὐτῶνθ
1399 5452 1467 5503 τὰ
1494 5452 1735 5521 τέσσαρα

150 5555 372 5621 κέρατα
396 5551 467 5602 τὰ
513 5547 640 5616 έθνη
684 5546 754 5598 τὰ
798 5545 1134 5614 ὲπαιρόμενα
1172 5543 1342 5614 κέρας
1383 5543 1475 5595 ἐπὶ
1504 5544 1603 5613 τὴν
1631 5544 1734 5612 γῆν

150 5643 391 5713 Κυρίου,
423 5638 521 5692 τοῦ
547 5636 929 5708 διασκορπίσαι
968 5638 1157 5706 αὐτήν.
1178 5653 1198 5686 ι
1232 5637 1295 5687 Οἱ
1328 5634 1426 5704 μὲν
1447 5630 1538 5687 οὖν
1575 5634 1736 5704 μυθο-

148 5736 340 5801 λογεῖν
377 5731 654 5792 ἐθέλοντες
676 5768 691 5792 ,
715 5728 955 5797 τέσσαρα
978 5727 1184 5797 κέρατα
1216 5726 1304 5779 τὸν
1336 5724 1615 5797 Ἀσσύριον
1640 5728 1732 5778 καὶ

149 5827 246 5881 τὸν
288 5821 631 5877 Βαϐυλώνιον
652 5821 739 5873 τόν
762 5837 820 5872 τε
859 5818 1039 5889 Μῆδον
1061 5819 1152 5871 καὶ
1179 5818 1269 5871 τὸν
1300 5817 1512 5887 Πέρσην
1545 5818 1726 5887 φασίν.

1844 4644 2080 4705 quatuor
2130 4649 2356 4689 cornua.
2400 4633 2462 4688 Et
2497 4634 2606 4688 dixi
2655 4639 2847 4704 angelo
2889 4635 2942 4687 in
2992 4648 3079 4688 me
3128 4633 3401 4703 loquenti:

1843 4728 1983 4793 Quid
2022 4734 2151 4780 sunt
2179 4727 2311 4789 haec,
2347 4724 2610 4780 Domine?
2652 4725 2903 4795 Dixitque
2927 4725 3092 4779 mihi:
3122 4724 3246 4781 Haec
3276 4734 3404 4780 sunt

1842 4831 2068 4878 cornua,
2096 4831 2215 4883 quae
2241 4817 2615 4884 disperserunt
2640 4813 2835 4868 Judam
2865 4823 2918 4868 et
2956 4813 3206 4870 lsraelem
3241 4825 3404 4886 atque

1843 4907 2200 4963 Hierusalem.
2267 4907 2334 4960 Et
2391 4909 2629 4962 ostendit
2680 4908 2813 4962 mihi
2864 4908 3125 4965 Dominus
3171 4920 3405 4979 quatudr

1843 5000 2047 5055 fabros.
2088 5000 2153 5054 Et
2185 5001 2293 5054 dixi
2321 5017 2337 5054 :
2367 5000 2507 5066 Quid
2538 5000 2625 5055 isti
2656 5001 2878 5054 veniunt
2906 5000 3106 5064 facere,
3143 5002 3405 5057 Domine?

1840 5089 1903 5143 Et
1939 5091 2114 5144 dixit:
2171 5089 2293 5145 llaec
2323 5100 2451 5145 sunt
2497 5105 2702 5144 cornua
2734 5107 2855 5160 qua:
2894 5092 3272 5162 disperserunt
3300 5092 3401 5145 Ju-

1838 5179 1984 5244 dam,
2013 5189 2175 5250 atque
2206 5180 2456 5236 lsraelem
2479 5181 2885 5252 court-egerunt,
2911 5190 2965 5237 et
2995 5198 3153 5235 nemo
3184 5182 3400 5237 illorum

1839 5272 2035 5325 levavit
2081 5281 2278 5341 caput:
2336 5279 2390 5326 et
2422 5273 2675 5327 exierunt
2716 5273 2802 5326 isti
2851 5271 2916 5326 ad
2957 5288 3019 5327 ea
3052 5272 3295 5327 acuenda
3343 5271 3398 5325 in

1838 5362 2093 5416 manibus
2133 5361 2268 5415 suis.
2310 5360 2558 5425 Quatuor
2598 5375 2826 5427 cornua,
2878 5369 3064 5428 gentes
3116 5367 3243 5413 sunt
3282 5373 3401 5428 qua:

1838 5469 2007 5507 cornu
2038 5454 2348 5507 extulerunt
2380 5468 2545 5523 super
2576 5460 2774 5507 terram
2811 5451 3023 5505 Domini
3052 5459 3110 5504 ut
3143 5465 3262 5504 eam
3284 5451 3401 5506 dis-

1837 5545 2140 5616 perdereut.
2165 5563 2183 5596 ι
2226 5545 2327 5612 Qui
2373 5561 2502 5615 ergo
2531 5544 2745 5599 fabulas
2784 5554 2998 5598 nectere
3026 5544 3232 5608 volunt,
3259 5557 3397 5613 qua-

1836 5646 1961 5691 tuor
2009 5652 2214 5691 coruua
2252 5637 2440 5691 dicunt
2482 5652 2604 5691 esse
2653 5636 2958 5705 Assyrium,
3016 5633 3395 5716 Babylonium,

1836 5727 2073 5791 Medum,
2122 5744 2184 5781 ac
2234 5726 2491 5783 Persam:
2546 5728 2890 5781 considerare
2932 5726 3074 5780 enim
3128 5727 3396 5789 nolentes,

1834 5835 1973 5888 saepe
2020 5835 2303 5875 numerum
2350 5834 2379 5873 a
2415 5821 2592 5873 divina
2630 5819 2913 5880 Scriptura
2964 5817 3105 5877 haud
3140 5827 3395 5873 accurate
