3934 6520
507 365 614 419 IIIS

1673 359 2021 417 TIIEODOBI
2076 357 2304 414 MOPSU
2316 356 2556 413 ESTENI

3655 360 3745 413 516

512 482 725 537 ιιιιιηετί
741 494 901 535 causa
921 479 1049 544 dici,
1068 479 1161 535 sed
1179 478 1249 535 ob
1267 479 1411 534 aliud
1431 479 1630 549 aliquid
1644 476 2079 549 signiﬁcandum,

2189 476 2255 527 Οὐ
2294 474 2402 545 γάρ
2445 474 2731 545 προσέχειν
2760 471 3064 535 ἐθέλοντες,
3097 472 3179 525 ὅτι
3212 471 3473 534 πολλάκις
3515 471 3608 524 τὸν
3638 474 3745 542 ἀρι-

512 574 901 644 appellationes
961 587 1189 627 numero
1244 571 1657 627 accommodare
1716 568 2079 634 contendunt;

511 666 868 735 quamobrem
910 679 1077 717 vanas
1108 663 1322 718 fabulas
1364 668 1763 731 consequenter
1809 659 1963 728 sequi
1992 673 2084 711 co-

510 765 730 827 guntur,
758 766 815 809 ut
839 771 997 810 suum
1018 756 1201 809 [ictum
1221 764 1590 809 commentum
1610 754 1911 807 instruant:
1938 749 2080 819 quod

509 865 632 902 cum
667 863 808 916 smpe
852 847 980 901 alibi
1028 848 1171 918 passi
1214 856 1362 908 sunt.
1425 858 1537 899 tum
1583 846 1638 899 in
1668 846 1809 899 beati
1847 843 2083 897 Michaue

509 940 790 1009 prophetia
824 940 1075 1003 dicentis.
1118 947 1577 994 consurrecturos
1614 938 1887 992 adversus
1914 939 2081 1005 Assy-

509 1033 651 1085 rium
681 1042 886 1102 septem
934 1042 1204 1101 pastores,
1250 1040 1304 1087 et
1338 1040 1464 1086 octo
1510 1032 1791 1085 hominum
1826 1045 2075 1084 morsus:

509 1134 717 1193 septem
770 1123 990 1193 quidem
1045 1124 1313 1189 homines,
1368 1132 1655 1193 pastores;
1724 1131 1849 1177 octo
1902 1132 2078 1175 autem

509 1214 781 1276 homines,
813 1230 1031 1270 morsus
1057 1230 1345 1269 numerare
1371 1215 1653 1268 studentes
1674 1214 1750 1280 ⁸⁸;
1782 1214 1925 1282 quod
1954 1229 2078 1267 cum

509 1302 737 1371 faciunt,
771 1306 938 1359 multa
963 1306 1079 1359 risu
1106 1306 1269 1375 digna
1291 1307 1359 1359 ob
1388 1306 1532 1358 hanc
1561 1320 1782 1359 causam
1809 1316 2083 1373 coguntur

509 1396 711 1451 dicere.
759 1397 878 1450 Pari
914 1399 1076 1452 modo
1124 1398 1213 1451 hic
1247 1412 1463 1467 quoque
1496 1406 1733 1467 quatuor
1767 1411 1970 1449 cornua
2000 1396 2082 1449 di-

509 1496 644 1542 cunt
674 1503 797 1543 esse
830 1504 967 1558 quas
992 1489 1397 1544 nominavimus
1430 1496 1654 1559 gentes:
1696 1505 1802 1543 non
1832 1495 2082 1558 reputan-

508 1584 614 1643 tes,
670 1578 813 1645 quod
857 1578 1069 1646 jamdiu
1106 1578 1364 1648 Assyrius
1412 1592 1475 1631 ac
1530 1576 1859 1645 Babylonius
1888 1590 2079 1644 pinnas

507 1664 809 1731 dederant;
843 1665 981 1721 Medi
1010 1674 1189 1720 autem
1222 1681 1251 1718 a
1272 1666 1416 1737 Cyro
1439 1666 1599 1719 deleti
1631 1667 1875 1729 fuerant;
1903 1663 2082 1718 Persa:

511 1756 746 1826 denique
808 1759 943 1811 nihil
990 1758 1117 1811 mali
1159 1774 1400 1826 unquam
1452 1757 1712 1810 lsraelitis
1764 1757 2077 1820 intulerant,

513 1849 621 1901 imo
647 1852 828 1917 potius
858 1848 1174 1918 captivitate
1207 1865 1301 1903 eos
1327 1849 1671 1901 dimiserant.

2183 566 2318 637 θμὸν
2350 570 2381 637 ή
2407 566 2526 620 θεία
2552 564 2742 636 Γραφὴ
2767 565 2865 617 οὐκ
2894 562 3130 635 ἀριθμοῦ
3161 580 3224 631 γε
3255 563 3443 618 ἕνεκεν
3472 564 3748 633 ἀκριϐολοα

2181 658 2418 728 γουμένη
2448 657 2617 726 λέγει,
2647 656 2739 710 ἐπὶ
2766 653 2993 726 δηλώσει
3020 655 3077 707 δὲ
3105 656 3290 725 ἐτέρου
3325 657 3491 718 τινὸς,
3530 655 3748 724 φιλονει-

2180 749 2337 802 κοῦσι
2371 750 2468 819 μὲν
2512 749 2838 819 ἐφαρμόζειν
2872 749 3165 818 ὀνομασίας
3198 748 3277 818 τῷ
3303 748 3524 819 ἀριθμῴ
3549 765 3562 777 ·
3597 748 3748 817 p.960-

2180 842 2356 910 λογεῖν
2382 843 2437 895 δὲ
2463 842 2536 905 ὡς
2559 842 2704 905 εἰκὸς
2728 838 3127 910 ἀναγκάζονται
3152 843 3232 903 είς
3258 840 3356 911 τήν
3380 842 3488 893 τῶν
3514 839 3751 909 πλασμά-

2179 952 2288 989 των
2322 935 2623 1005 συνθήκην·
2656 936 2793 1005 ὅπερ
2834 932 2925 988 οὖν
2959 934 3224 1004 πολλαχοῦ
3258 934 3354 1004 μὲν
3396 934 3492 985 καὶ
3534 934 3749 1002 ἑτέρωθι

2182 1027 2512 1090 πεπόνθασι,
2543 1029 2637 1080 καί¹
2680 1027 2785 1098 μὴν
2818 1029 2912 1080 καὶ
2960 1028 3053 1079 ἐπὶ
3080 1027 3179 1095 τῆς
3217 1025 3312 1079 τοῦ
3344 1024 3621 1096 μακαρίου
3653 1027 3748 1077 Mt-

2180 1119 2336 1189 χαίου
2370 1120 2703 1189 προφητείας
2742 1119 2990 1186 λέγοντος
3018 1119 3101 1171 ὅτι
3122 1158 3136 1181 ,
3175 1136 3193 1168 ι
3218 1115 3642 1186 Ἐγερθήσονται
3668 1116 3752 1167 ἐπὶ

2180 1208 2269 1261 τὸν
2314 1208 2595 1278 Ἀσσύριον
2620 1208 2759 1261 ἐπτὰ
2789 1208 3045 1279 ποιμένες
3075 1210 3169 1262 καὶ
3205 1206 3349 1261 ὀκτὼ
3380 1207 3641 1277 δήγματα
3668 1207 3752 1259 ἀν-

2182 1296 2413 1368 θρώπων
2435 1315 2447 1327 ’
2475 1317 2494 1348 ›
2518 1298 2656 1351 ἐπτά
2681 1299 2776 1368 μὲν
2804 1298 3123 1369 ἀνθρώπους
3144 1298 3269 1360 τοὺς
3298 1297 3566 1367 ποιμένας
3583 1335 3598 1358 ,
3619 1296 3753 1348 όκτω

2180 1388 2235 1441 δέ
2272 1388 2591 1459 ἀνθρώπους
2628 1392 2695 1443 τὰ
2737 1390 2989 1461 δήγματα
3031 1390 3280 1463 ἀριθμεῖν
3329 1387 3754 1458 φιλονεικοῦντες

2182 1481 2611 1553 ἀναγκαζόμενοί
2655 1502 2714 1537 τε
2758 1483 2847 1538 διά
2883 1483 3087 1554 ταύτην
3136 1484 3234 1555 τήν
3275 1484 3455 1537 αἰτίαν
3504 1484 3752 1536 πλείστου

2181 1562 2414 1641 γέλωτος
2442 1576 2565 1641 άξια
2591 1576 2793 1643 λέγειν.
2830 1576 2934 1629 Τὸν
2960 1575 3120 1629 αὑτὸν
3158 1576 3214 1629 δὲ
3244 1576 3444 1645 τρόπον
3480 1572 3755 1627 κάνταῦθα

2180 1668 2421 1737 τέσσαρα
2464 1670 2671 1740 κέρατά
2705 1687 2837 1734 φασι
2862 1671 2987 1732 τοὺς
3015 1669 3422 1739 προρῤηθέντας
3451 1670 3587 1737 ἡμῖν
3612 1684 3625 1695 ·
3663 1668 3755 1718 οὐκ

2183 1757 2485 1821 ἐννοοῦντες
2508 1760 2590 1811 ὃτι
2630 1760 2798 1812 πάλαι
2844 1761 2941 1829 μὲν
2970 1760 2998 1811 ὁ
3053 1758 3328 1829 ’Λσσύριός
3354 1776 3410 1811 τε
3449 1760 3547 1811 καὶ
3588 1761 3617 1810 ό
3659 1759 3757 1809 Ba-

2115 1835 2156 1888 Β
2188 1848 2444 1913 6υλώνιος
2475 1850 2774 1904 δεδώκεσαν
2804 1852 2987 1914 δίκας·
3028 1852 3199 1921 Μῆδοι
3230 1851 3285 1904 δὲ
3315 1851 3419 1903 ὑπὸ
3448 1852 3636 1921 Κύρου
3664 1868 3757 1901 κα·

509 1941 773 2013 θῄρηντο²
799 1942 1005 2013 Πέρσαι
1042 1942 1098 1994 δὲ
1149 1942 1299 1994 οὐδὲν
1340 1941 1534 2003 αὐτοὺς
1582 1940 1833 2004 καθάπαξ
1885 1940 2201 2011 ἠδικηκότες
2245 1944 2607 2014 εὑρίσκονται,
2651 1946 2955 1999 τούναντίον
3015 1948 3113 2017 μὲν
3144 1943 3237 2001 οὖν
3293 1948 3388 1999 καὶ
3424 1950 3525 2016 τῆς
3563 1949 3675 2013 ai];
3702 1962 3757 1999 a-

508 2032 706 2098 λωσίας
737 2034 985 2101 ἀφέντες.

577 2128 738 2197 300
758 2126 941 2179 Divina
973 2126 1139 2197 igitur
1171 2124 1451 2195 Scriptura
1481 2133 1718 2195 quatuor
1743 2140 1947 2177 cornua
1974 2141 2078 2178 non

507 2218 722 2284 aliquos
756 2218 1075 2270 nominatim
1109 2216 1359 2271 homines
1386 2216 1555 2282 dicit;
1591 2216 1685 2271 sed
1711 2216 1838 2285 quia
1866 2217 1918 2270 in
1949 2232 2085 2285 qua-

508 2322 633 2364 tuor
667 2317 852 2379 partes
885 2307 1241 2363 distributum
1277 2307 1467 2362 orbem
1500 2306 1760 2369 dicimus,
1799 2307 2083 2369 orientem,

505 2415 786 2462 occasum,
821 2399 1274 2469 septentrionem,
1315 2413 1378 2451 ac
1414 2397 1715 2463 meridiem,
1751 2413 2084 2453 commemo-

506 2498 593 2545 rat
624 2506 765 2559 sa-pe
796 2490 910 2544 haec
943 2491 1185 2551 climata,
1219 2495 1279 2541 ut
1319 2502 1438 2557 qua:
1477 2488 1661 2541 nmltis
1694 2488 1746 2540 in
1785 2488 1919 2541 locis
1952 2487 2085 2539 tiuut

506 2582 773 2652 designet.
793 2581 969 2636 Veluti
988 2597 1113 2635 cum
1134 2580 1477 2634 dicitbeatus
1509 2579 1677 2633 David
1705 2580 1769 2632 de
1788 2578 2045 2632 lsraelitis
2069 2597 2081 2633 :

512 2693 535 2726 ι
562 2674 751 2728 Dicant
776 2673 1038 2741 redempti
1069 2688 1097 2726 a
1129 2671 1380 2734 Domino,
1402 2687 1539 2741 quos
1574 2670 1887 2725 redemitde
1921 2685 2085 2723 manu

506 2765 735 2829 inimici,
758 2774 812 2820 et
846 2764 912 2820 de
942 2764 1256 2835 regionibus
1284 2764 1631 2833 congregavit
1665 2779 1782 2823 cos,
1817 2762 1885 2815 ab
1908 2765 2086 2816 orien-

505 2866 577 2920 te.
609 2857 676 2908 ah
704 2870 927 2917 occasu,
960 2871 989 2907 a
1031 2856 1216 2920 borea,
1249 2864 1303 2908 et
1343 2870 1370 2907 a
1414 2857 1550 2907 mari
1580 2852 1651 2909 ⁸⁸.
1690 2874 1707 2905 ι
1749 2855 1913 2922 Atqui
1949 2868 2082 2907 cen-

506 2956 633 3012 stat,
676 2948 819 3017 quod
859 2963 1199 3016 nequaquam
1239 2962 1333 3016 per
1362 2954 1601 3016 quatuor
1638 2947 1789 3001 orbis
1824 2946 2086 3000 terminos

504 3041 786 3109 dispersos
822 3038 1097 3096 lsraelitas
1132 3039 1482 3108 congregavit
1513 3037 1677 3102 Deus,
1720 3038 1814 3091 sed
1847 3036 1949 3091 sub
1981 3036 2086 3089 Bu-

506 3128 743 3199 byloniis
810 3129 1191 3184 tantummodo
1244 3138 1409 3198 atque
1477 3129 1717 3200 Assyriis
1771 3131 2085 3183 servitutem

504 3222 809 3277 nervientes
868 3222 921 3274 in
978 3221 1254 3290 propriam
1312 3220 1587 3291 regionem
1636 3222 1895 3275 restituit.
1947 3218 2087 3273 Dicit

509 3321 689 3367 autem
728 3310 1128 3381 Scripturatab
1162 3312 1375 3366 oriente
1407 3319 1463 3365 et
1501 3326 1701 3365 occasu
1743 3322 1796 3365 et
1837 3312 1998 3365 borea
2033 3319 2087 3366 et

2274 2126 2335 2176 ’ῐί
2364 2125 2421 2176 δὲ
2451 2125 2567 2176 θεία
2588 2124 2774 2195 Γραφὴ
2803 2125 3043 2195 τέσσαρα
3069 2125 3274 2195 κέρατα
3295 2125 3355 2177 οὐ
3378 2123 3579 2194 ρητούς
3612 2140 3759 2187 τινας

2185 2215 2502 2289 ἀνθρώπους
2548 2216 2714 2285 λέγει,
2771 2217 2884 2269 ἀλλ’
2915 2216 3107 2289 ἐπειδὴ
3144 2218 3223 2279 εἰς
3255 2215 3501 2285 τέσσαρα
3548 2216 3759 2285 πέρατα

2190 2308 2513 2379 μεμερίσθαι
2542 2310 2640 2378 τὴν
2666 2309 2987 2379 οἰκουμένην
3016 2308 3214 2377 φαμὲν,
3248 2307 3516 2370 ἀνατολάς
3562 2324 3624 2360 τε
3670 2308 3759 2360 καὶ

2185 2400 2393 2470 δυσμὰς
2440 2402 2530 2454 καὶ
2555 2401 2754 2471 ἄρκτον
2785 2400 3267 2471 καὶεμεσημϐρίαν,
3299 2400 3375 2470 (p.
3403 2401 3528 2463 453)
3560 2400 3762 2470 μέμνῃ·

2186 2508 2273 2543 ται
2289 2490 2395 2543 τῶν
2419 2490 2695 2559 κλιμάτων
2715 2490 2919 2543 τούτων
2950 2489 3207 2551 πολλάκις
3232 2489 3293 2541 τὸ
3320 2490 3590 2559 πολλαχοῦ
3623 2491 3762 2557 γινό-

2190 2600 2348 2653 μενον
2366 2583 2622 2653 δηλοῦσιν
2661 2584 2733 2647 ὡς
2760 2584 2886 2637 ὅταν
2915 2585 2943 2636 ό
2988 2583 3252 2653 μακάριος
3283 2582 3416 2652 λέγῃ
3455 2582 3619 2635 Δαυῒδ
3641 2583 3761 2652 περὶ

2184 2671 2295 2725 τῶν
2334 2672 2711 2744 ’[σραηλιτωνο
2743 2691 2759 2722 ι
2794 2671 3118 2725 Εἰπάτωσαν
3138 2674 3186 2723 οί
3235 2670 3637 2741 λελυτρωμένοι
3664 2672 3761 2722 ὑπὸ

2188 2764 2420 2836 Κυρίου,
2438 2763 2528 2828 οὒς
2552 2762 2891 2835 ἐλυτρώσατο
2914 2766 2977 2816 ἐκ
3002 2762 3188 2834 χειρὸς
3209 2763 3428 2833 ἐχθροῦ,
3451 2764 3546 2816 καὶ
3569 2764 3636 2815 ἐκ
3658 2763 3760 2814 τῶν

2187 2856 2386 2927 χειρῶν
2414 2856 2718 2925 συνήγαγεν
2742 2856 2959 2919 αὐτοὺς,
2986 2855 3093 2907 ἀπὸ
3122 2854 3395 2908 ἀνατολῶν
3425 2856 3517 2906 καὶ
3543 2854 3760 2923 δυσμῶν

2189 2950 2282 3003 καὶ
2314 2948 2485 3021 βορρᾶ
2509 2950 2601 3001 καὶ
2630 2949 2921 3019 θαλάσσης.
2949 2967 2964 2999 ι
2985 2948 3217 3018 Εὔδηλον
3241 2949 3349 3019 γάρ
3373 2949 3455 3001 ὅτι
3474 2949 3676 3013 ,οὐκεὶς
3696 2949 3759 3000 τὰ

2187 3042 2429 3112 τέσσαρα
2479 3042 2689 3112 πέρατα
2732 3042 2830 3111 τῆς
2876 3041 3201 3111 οἰκουμένης
3246 3040 3760 3111 διαπορπισθέντας

2186 3134 2313 3197 τοὺς
2350 3134 2687 3205 Ἰσραηλίτας
2718 3134 3021 3204 συνήγαγεν
3042 3134 3069 3184 ό
3088 3131 3241 3197 Θεὸς,
3275 3131 3379 3184 ὑπὸ
3406 3130 3759 3191 Βαόυλωνίοις

2186 3225 2244 3280 δὲ
2279 3225 2372 3279 καὶ
2412 3224 2715 3295 Ἀσσυρίοις
2756 3224 2936 3293 μόνοις
2971 3222 3347 3293 αἰχμαλώτους
3374 3222 3531 3285 ὄντας
3558 3224 3639 3285 εἰς
3668 3222 3759 3290 τὴν

2189 3317 2392 3370 οἰκείαν
2424 3317 2736 3387 ἐπανήγαγε
2781 3318 2907 3385 γῆν.
2938 3314 3099 3382 Λέγει
3123 3311 3189 3366 ’δὲ
3226 3315 3258 3383 ή
3290 3313 3480 3385 Γραφὴ
3508 3314 3569 3365 τὸ
3605 3331 3622 3361 ι
3659 3313 3760 3364 ἀπὸ

510 3407 763 3467 mari,iut
796 3407 1014 3458 denotet
1055 3403 1199 3473 quod
1237 3403 1420 3457 multis
1469 3402 1604 3457 locis
1640 3402 1921 3471 dispersos
1954 3417 2084 3456 con-

2189 3407 2457 3462 άνατολῶν
2492 3408 2585 3461 καὶ
2612 3407 2831 3477 δυσμῶν
2863 3406 2955 3459 καὶ
2982 3405 3155 3477 βορρᾶ
3173 3406 3267 3457 καὶ
3300 3404 3596 3473 θαλάσσης,
3632 3422 3649 3453 ι
3677 3404 3762 3456 ῖνα

509 3497 817 3567 gregaverit
862 3503 1026 3565 atque
1072 3495 1125 3549 in
1178 3494 1412 3565 patriam
1464 3494 1767 3548 reduxerit.
1815 3492 1906 3547 Sic
1957 3509 2088 3563 ergo

510 3591 600 3645 hic
632 3604 850 3657 quoque
886 3596 1123 3657 quatuor
1154 3602 1362 3641 cornua
1396 3585 1552 3650 dicit,
1608 3598 1665 3639 ut
1695 3585 1942 3654 designet
1993 3603 2090 3652 po-

510 3682 670 3750 pulos
701 3679 1067 3739 undecunque
1107 3678 1369 3732 lsraelitis
1404 3677 1677 3732 hostiliter
1700 3677 2091 3745 supervenien-

510 3777 615 3829 tes,
658 3777 711 3821 et
744 3768 1073 3821 omnimodis
1099 3768 1181 3822 eis
1215 3782 1413 3821 nocere
1442 3767 1711 3830 volentes,
1752 3769 1867 3822 sive
1897 3767 1950 3820 hi
1985 3766 2090 3821 As-

511 3860 643 3930 syrii
676 3858 1031 3919 fuerint,sive
1061 3857 1368 3927 Babylonii,
1400 3857 1515 3911 sive
1540 3856 1781 3918 Idumaei,
1806 3857 1920 3911 sive
1936 3857 2089 3909 Moa-

510 3951 669 4011 bitae,
710 3951 825 4005 sive
879 3951 1057 4004 caeteri
1096 3950 1339 4015 ﬁnitimi,
1377 3950 1492 4004 sive
1524 3949 1759 4018 denique
1797 3949 1887 4001 alii
1924 3950 2087 4017 quili-

512 4044 618 4098 bet.
656 4041 727 4094 Ea
763 4051 983 4111 propter
1009 4049 1248 4110 quatuor
1288 4042 1450 4095 etiam
1492 4040 1676 4097 fabros
1704 4042 1867 4106 videt,
1900 4050 1959 4095 ut
1986 4043 2088 4096 mi-

511 4135 856 4189 nistratorias
890 4139 1188 4203 potestates
1234 4132 1398 4198 dicat,
1450 4133 1611 4202 quasi
1648 4133 1818 4189 variis
1847 4148 1912 4187 ex
1954 4134 2087 4188 locis

512 4226 778 4295 supplicia
802 4226 870 4279 iis
905 4225 1120 4294 populis
1144 4226 1502 4291 adducentes,
1533 4226 1662 4280 dum
1691 4226 2087 4296 singulatjuxta

513 4319 609 4374 Dei
643 4318 921 4373 decretum
958 4317 1027 4371 ab
1064 4316 1175 4372 illis
1210 4332 1402 4387 poenas
1448 4328 1764 4386 reposcunt.
1811 4316 1929 4372 lam
1965 4334 2089 4372 cor-

516 4425 625 4466 nua
641 4404 1119 4475 cexacuereidixit,
1140 4422 1262 4477 pro,
1288 4407 1381 4461 illa
1410 4417 1727 4471 extenuare,
1752 4417 1914 4479 atque
1938 4410 2088 4463 omni

514 4509 809 4573 asperitate
839 4500 1111 4571 Spoliare;
1150 4498 1203 4553 id
1237 4510 1321 4555 est
1352 4500 1518 4564 vires,
1554 4500 1753 4570 quibus
1786 4502 1819 4553 ii
1866 4516 2085 4571 aggres-

515 4609 671 4649 sores
703 4592 909 4649 suﬂ'ulti
941 4598 1120 4654 erant,
1156 4591 1386 4660 eripere.
1424 4590 1716 4662 Postquam
1749 4592 1851 4646 hac
1883 4594 2089 4646 revela-

516 4686 667 4740 tione
716 4699 933 4755 paenam
984 4683 1351 4740 otl'ensoribus
1398 4685 1764 4738 lsraelitarum
1799 4684 2085 4753 imponen-

2189 3500 2315 3572 εἴπῃ
2348 3500 2427 3553 ὅτι
2472 3502 2597 3563 τοὺς
2645 3497 2929 3569 πολλαχόθι
2974 3497 3400 3569 διεσπαρμένους
3449 3495 3671 3567 ἡθροισέ
3706 3512 3759 3547 τε

2188 3592 2282 3644 καὶ
2328 3591 2674 3661 ἐπανήγαγεν
2722 3590 2802 3650 εἰς
2846 3588 2914 3642 τὰ
2951 3591 3143 3643 οἰκεῖα.
3202 3587 3387 3651 Οὕτως
3417 3583 3511 3640 οὖν
3548 3586 3644 3639 καὶ
3678 3587 3749 3638 ἐν·

2185 3682 2363 3737 ταῦθα
2389 3682 2629 3752 τέσσαρα
2650 3682 2856 3753 κέρατα
2888 3680 3055 3749 λέγει,
3092 3682 3176 3734 ἵνα
3208 3681 3333 3751 εἴπῃ
3357 3681 3483 3742 τοὺς
3505 3677 3760 3748 πολλαχό-

2189 3770 2281 3825 θεν
2302 3771 2484 3834 αὐτοῖς
2508 3770 2906 3841 ἐπεληλυθότας
2931 3770 3025 3824 καὶ
3045 3770 3310 3831 παντοίως
3340 3768 3538 3830 αὐτοὺς
3568 3766 3759 3836 βλάψει

2190 3860 2566 3931 βουληθέντας,
2594 3858 2703 3912 εἴτε
2758 3859 3071 3931 Ἀσσυρίους
3100 3860 3207 3911 εἴτε
3245 3856 3618 3920 Βαϐυλωνίους
3654 3854 3758 3907 εἴτε

2201 3953 2560 4023 Ἰδουμαίους,
2616 3953 2649 4021 ἢ
2706 3951 2993 4015 Μωαϐίτας
3037 3951 3070 4021 ἢ
3114 3952 3206 4003 καὶ
3248 3952 3371 4013 τοὺς
3407 3949 3628 4011 λοιποὺς
3675 3965 3763 4000 πε·

2191 4046 2447 4116 ριοίκους,
2496 4044 2593 4098 εἴθ’
2648 4043 2901 4107 οὕστινας
2936 4044 3132 4114 δήποτε
3180 4043 3416 4113 ἐτέρους.
3472 4042 3572 4095 Διά
3611 4040 3759 4093 τοῦτο

2188 4134 2285 4187 καὶ
2316 4134 2572 4198 τέκτονας
2590 4135 2857 4206 τέσσαρας
2897 4135 3104 4205 βλέπει,
3128 4136 3215 4188 ἵνα
3245 4136 3374 4207 εἴπῃ
3405 4135 3503 4199 τὰς
3535 4134 3752 4202 λειτουρι

2188 4224 2351 4292 γικάς
2387 4224 2664 4293 δυνάμεις,
2694 4224 2768 4286 ὡς
2800 4224 3125 4295 πολλαχόθεν
3158 4225 3341 4287 αὐτοῖς
3367 4224 3467 4294 τὴν
3499 4222 3761 4293 τιμωρίαν

2189 4314 2663 4383 ἐπαναγαγούσας,
2694 4316 2937 4369 ἑκάστων
2958 4317 3084 4380 τοὺς
3125 4317 3254 4386 παρ’
3292 4316 3478 4378 αὐτοῖς
3502 4314 3641 4368 κατά
3665 4315 3759 4382 τήν

2189 4411 2463 4480 ἀπόφασιν
2481 4410 2953 4482 τιμωρησαμένων
2977 4410 3074 4481 τήν
3105 4409 3273 4463 θείαν.
3300 4409 3372 4462 Τὸ
3391 4409 3448 4462 δὲ
3484 4428 3501 4461 ι
3529 4408 3712 4474 όξῦναι
3738 4425 3754 4458 ι

2190 4502 2258 4556 τὰ
2311 4502 2515 4575 κέρατα
2566 4500 2713 4571 λέγει
2762 4498 2885 4556 ἀντΐ
2927 4502 3020 4555 τοῦ
3101 4498 3430 4554 ἐκλεπτῦναι
3489 4500 3629 4553 αὺτά
3671 4498 3763 4552 καὶ

2189 4594 2368 4649 πάντα
2394 4594 2484 4647 τὸν
2502 4595 2664 4663 δγκον
2692 4594 2869 4647 αὐτῶν
2900 4593 3118 4663 ἀφελεῖν
3138 4610 3151 4624 ο
3196 4594 3282 4646 ἵνα
3316 4593 3449 4665 εἴπῃ
3482 4592 3580 4663 τὴν
3615 4607 3764 4661 περι-

2192 4687 2450 4758 κειμένην
2479 4689 2588 4750 τοῖς
2616 4685 2901 4739 ἐπελθοῦσι
2921 4686 3145 4756 δύναμιν
3180 4684 3439 4754 ἀφανίσαι
3461 4700 3475 4713 ⁸
3505 4683 3680 4737 ταῦτα
3700 4683 3762 4751 δὴ

515 4777 640 4831 dam
668 4750 930 4847 propheta
965 4776 1268 4843 atlirmavit,
1316 4779 1476 4832 aliam
1506 4778 1682 4848 pergit
1721 4750 1947 4832 narrare
1980 4778 2084 4833 sibi

2191 4783 2258 4851 τῇ
2284 4750 2638 4849 ’ἀποκαλύψει
2677 4778 2776 4851 τὴν
2815 4778 2923 4832 τῶν
2949 4750 3284 4850 ἠδικηκότων
3312 4779 3439 4841 τοὺς
3494 4776 3760 4848 ἰσραηλίο

516 4870 716 4926 factam
746 4869 1155 4935 revelationem,
1175 4886 1295 4939 quae
1324 4870 1477 4925 urbis
1506 4870 1847 4925 Hierusalem
1869 4869 2082 4924 instau-

514 4962 781 5017 rationem
810 4961 1243 5017 demonstrabat.
1275 4959 1367 5017 Sic
1397 4972 1578 5017 autem
1611 4962 1745 5018 dicit
1784 4983 1798 5019 :

1179 5144 1331 5200 CAP.
1366 5144 1432 5199 ll.

582 5232 741 5303 θοι
774 5234 935 5289 Vens.
961 5234 1079 5287 1-5.
1109 5265 1180 5275 -
1208 5253 1227 5287 ι
1261 5234 1565 5307 Levavique
1590 5240 1780 5296 oculos
1824 5257 1999 5304 meos.
2033 5252 2087 5300 et

517 5324 648 5387 vidi,
677 5333 732 5379 et
769 5339 899 5380 ecce
935 5326 1017 5379 vir
1050 5326 1102 5380 in
1137 5324 1297 5396 cujus
1336 5343 1500 5382 manu
1542 5329 1822 5387 funiculus
1867 5348 2086 5401 geome-

515 5416 705 5473 tricus.
736 5416 965 5488 Dixique
989 5419 1037 5473 ei
1064 5438 1077 5472 :
1103 5418 1222 5484 Quo
1245 5426 1299 5473 tu
1323 5421 1539 5490 pergis?
1567 5420 1630 5476 Et
1652 5422 1789 5477 dixit
1820 5426 1987 5479 mihi:
2017 5424 2083 5481 Ut

514 5506 766 5564 dimetiar
792 5509 1149 5575 Hierusalem,
1176 5518 1231 5565 et
1264 5511 1476 5567 videam
1515 5523 1718 5584 quanta
1752 5517 1822 5571 sit
1852 5517 2083 5573 latitudo

513 5600 633 5670 ejus
651 5610 701 5656 et
721 5612 922 5670 quanta
947 5603 1246 5670 longitudo.
1267 5602 1331 5655 Et
1359 5618 1487 5660 ecce
1510 5606 1735 5663 annelus
1765 5606 1858 5682 qui
1883 5606 2076 5682 tonue-

578 5781 631 5815 ⁸⁸
670 5781 829 5837 Micb.
872 5800 923 5849 ν,
961 5782 1013 5839 5.
1088 5784 1134 5817 “
1170 5783 1312 5840 Psal.
1343 5799 1453 5857 ενι,
1491 5786 1546 5841 2.

2186 4890 2286 4935 τας
2307 4872 2579 4943 τιμωρίαν
2609 4871 2911 4941 βεσαιώσας
2937 4873 2969 4926 ό
2989 4872 3291 4942 προφήτης,
3314 4872 3394 4939 (p.
3423 4869 3552 4939 454)
3574 4870 3762 4939 ἑτέραν

2186 4963 2530 5033 ἀποκάλυψιν
2578 4964 2730 5033 λέγει
2784 4962 3082 5034 δειχθεῖσαν
3128 4960 3277 5033 αὑτῷ
3317 4960 3622 5033 δηλωτικήν
3663 4959 3763 5027 τῆς

2186 5058 2329 5111 κατὰ
2359 5057 2458 5128 τὴν
2503 5057 2856 5128 Ἰερουσαλὴμ
2880 5054 3246 5119 ἀνανεώσεως.
3279 5054 3442 5123 Λέγει
3469 5054 3527 5107 δὲ
3555 5052 3728 5115 οὕτως
3746 5066 3762 5081 ⁰

2839 5148 2998 5202 ΚΕΦ.
3040 5148 3116 5203 B'.
3722 5174 3723 5177 η

2256 5240 2403 5311 Στίχ.
2438 5248 2584 5296 α’-ε’.
2620 5271 2689 5283 -—
2726 5260 2744 5292 ι
2775 5241 2887 5295 Καὶ
2910 5235 3021 5311 ἦρα
3050 5239 3177 5301 τοὺς
3204 5236 3515 5307 ὀφθαλμούς
3546 5253 3648 5306 μου
3680 5236 3772 5287 καὶ

2185 5323 2325 5385 εἶδον
2342 5346 2357 5361 ·
2415 5332 2510 5384 καὶ
2544 5330 2651 5385 ἰδοὺ
2676 5330 2841 5402 ἀνὴρ,
2880 5330 2974 5384 καὶ
3003 5330 3060 5383 ἐν
3085 5331 3151 5400 τῇ
3179 5327 3323 5399 χειρὶ
3341 5326 3511 5381 αὑτοῦ
3536 5325 3771 5396 σχοινίον

2186 5423 2558 5494 γεωμετρικόν
2575 5440 2588 5454 ·
2622 5423 2716 5477 καὶ
2735 5418 2887 5476 εἷπον
2912 5423 3048 5494 πρὸς
3076 5421 3259 5483 αὐτὸν,
3281 5419 3391 5476 Ποῦ
3427 5421 3493 5473 σὺ
3525 5416 3768 5488 mpsim:

2186 5516 2281 5569 καὶ
2325 5511 2445 5569 εἷπε
2492 5516 2629 5589 πρός
2674 5535 2777 5588 με,
2830 5516 3197 5589 Διαμετρῆσαι
3243 5514 3341 5585 τὴν
3385 5511 3770 5585 Ἰερουσαλὴμ,

2186 5609 2281 5663 τοῦ
2323 5609 2453 5663 ἰδεῖν
2486 5609 2715 5664 πηλίκον
2744 5610 2805 5663 τὸ
2831 5608 3031 5671 πλάτος
3060 5607 3230 5680 αὐτῆς
3254 5608 3369 5661 ἐστι
3405 5606 3501 5660 καὶ⁵
3536 5600 3773 5675 πηλίκη
