3824 6520
135 353 238 411 517

1089 335 1639 398 COMMENTARl‘US
1675 334 1745 390 IN
1783 331 2158 390 ZACHARUE
2180 330 2334 389 CAP.
2373 330 2439 386 ll.

140 472 194 525 τὸ
224 469 421 539 μῆκος.
440 466 552 520 Καὶ
579 465 688 519 ἰδοῦ
720 466 749 518 6
770 461 999 531 ἄγγελος
1026 459 1055 512 6
1085 457 1263 513 λαλῶν
1291 460 1347 511 ὲν
1377 456 1501 527 ἐμοὶ
1524 453 1705 523 εἱστή-

1831 457 1967 505 tatur
1996 451 2051 503 in
2074 463 2162 503 me
2193 446 2391 510 stabat,
2414 450 2468 500 et
2496 442 2721 516 angelus
2751 441 2891 500 alius
2916 441 3295 515 egrediebatur
3320 444 3378 499 in

135 579 217 615 κει
240 576 254 589 ·
288 559 385 612 καὶ
423 556 653 626 ἄγγελος
680 555 866 624 Ξτερος
901 549 1253 621 ἐξεπορεύετο
1278 550 1357 611 είς
1389 546 1706 616 συνάντησιν

134 652 318 723 αὐτῷ·
361 652 460 704 καὶ
502 645 625 702 εἷπε
660 646 797 719 πρὸς
833 645 996 698 αὐτὸν
1034 642 1227 712 λέγων,
1256 640 1440 712 Δράμε
1478 638 1571 691 καὶ
1614 636 1709 691 λά-

134 751 299 814 λησον
333 742 473 813 πρὸς
508 741 602 793 τὸν
638 738 917 791 νεανίσκον
949 738 1154 790 ἐκεῖνον
1186 736 1381 804 λέγων,
1413 731 1710 803 Κατακάρ-

135 851 255 896 πως
297 830 759 902 κατοικηθήσεται
803 827 1155 897 Ἰερουσαλὴμ
1197 826 1304 880 ἀπὸ
1352 824 1587 896 πλήθους
1617 824 1711 876 ἀν-

136 924 375 997 θρώπων
409 922 504 977 καί
545 919 758 991 κτηνῶν
789 918 898 972 τῶν
933 920 990 971 έν
1029 920 1177 989 μέσῳ
1226 916 1430 987 αὐτῆς·
1468 916 1562 968 καὶ
1606 914 1715 982 ἐγὼ

135 1017 330 1087 ἔσομαι
363 1013 684 1085 αύτῇ,λέγει
705 1010 928 1082 Κύριος,
945 1014 1120 1081 τεῖχος
1141 1009 1309 1081 πυρὸς
1327 1007 1607 1071 κυκλόθεν,
1622 1007 1715 1060 καλ⁵

135 1111 215 1170 εἰς
260 1105 420 1170 δόξαν
452 1104 647 1174 ἔσομαι
672 1104 730 1155 ὲν
766 1103 915 1173 μέσῳ
944 1102 1131 1174 αὐτῆς.
1172 1120 1190 1152 ι
1238 1098 1456 1171 Ἐπειδὴ
1487 1101 1597 1162 τοῖς
1617 1098 1715 1163 τᾶς

136 1196 431 1268 οἰκοδομὰς
452 1194 838 1265 ἐργαζομένοις
864 1191 1081 1263 σχοινίῳ
1118 1192 1333 1263 μετρεῖν
1356 1190 1474 1253 ἔθος
1504 1189 1595 1242 ἐπὶ
1619 1188 1716 1258 τῆς

138 1292 265 1359 γῆς.
298 1290 370 1343 τά
389 1306 447 1341 τε
491 1287 668 1354 πλάτη
716 1285 809 1339 καὶ
849 1284 917 1338 τὰ
950 1286 1096 1354 μήκη
1124 1281 1363 1345 καὶτοὺς
1390 1279 1592 1344 τύπους
1620 1278 1718 1347 τῆς

139 1378 453 1449 οἰκοδομῆς,
472 1372 785 1443 ἀναγκαίως
800 1371 1026 1441 ἄγγελον
1040 1372 1139 1441 ὁρᾷ
1162 1370 1321 1422 πάλιν
1344 1370 1484 1424 κατὰ
1514 1370 1573 1421 τὸ
1598 1370 1720 1421 είω-

143 1468 235 1529 θὺς
263 1469 321 1519 ὲν
341 1462 632 1534 ἀνθρώπου
666 1464 868 1532 μορφῇ,
896 1459 1124 1531 σχοινίον
1147 1458 1444 1528 κατέχοντα
1477 1456 1683 1510 τοιοῦτο
1701 1473 1715 1487 ·

144 1558 202 1620 ὂς
217 1556 519 1628 ἐρωτηθεὶς
548 1553 689 1607 κατὰ
712 1552 808 1624 τὴν
830 1551 1119 1623 γινομένην
1134 1549 1471 1619 ἀποκάλυψιν
1497 1548 1573 1619 τῷ
1590 1566 1721 1619 προ-

144 1651 309 1721 φήτῃ.
351 1650 584 1716 ὅποιπερ
616 1647 852 1707 ἄπεισιν,
889 1644 1156 1715 μετρῆσαι
1188 1643 1290 1715 ἔφη
1315 1644 1413 1714 τῆς
1450 1644 1719 1714 Ἰερουσα-

142 1742 258 1811 λὴμ
293 1740 513 1793 ἀπιέναι
544 1738 642 1809 τὴν
675 1737 989 1808 οἰκοδομὴν,
1028 1736 1217 1791 ὁποίαν
1243 1754 1301 1789 τε
1332 1737 1425 1789 καὶ
1465 1736 1594 1805 ὅσην
1622 1735 1720 1788 αύ-

139 1832 240 1904 τήν
284 1831 539 1901 γενέσθαι
587 1830 873 1901 προσήκει.
924 1823 1056 1881 Εἶτα
1101 1828 1247 1897 λέγει
1302 1829 1399 1899 μὲν
1444 1828 1580 1899 πρὸς
1626 1829 1717 1881 τὸν

138 1926 374 1994 ἄγγελον
405 1924 498 1976 τὸν
539 1925 597 1976 ὲν
629 1919 778 1991 αὐτῷ
800 1920 1084 1983 λαλοῦντα,
1111 1919 1169 1973 ὃν
1198 1921 1255 1972 ὲν
1287 1923 1399 1983 τοῖς
1431 1919 1719 1990 ἀνωτέροις

138 2022 197 2073 ἐν
226 2007 519 2088 ἀνθρώπου
554 2016 735 2086 μορφῇ
768 2013 1071 2084 καθήμενον
1101 2008 1236 2065 εἶδεν
1263 2012 1347 2080 ἐφ’
1386 2012 1552 2065 ἵππου
1581 2014 1720 2082 πυρο

142 2109 240 2181 ῥοῦ
313 2108 591 2179 ἀναμέσον
642 2106 751 2161 τῶν
800 2106 970 2177 ὀρέων
1017 2105 1126 2159 τῶν
1176 2104 1514 2158 κατασκίων·
1544 2104 1721 2174 (τοῦτο

140 2203 252 2273 γὰρ
285 2202 420 2272 ήμῖν
453 2201 517 2253 ὲκ
563 2197 673 2253 τῶν
721 2197 1128 2269 προειληφότων
1160 2196 1374 2264 ἐγένετο
1419 2194 1599 2266 δῆλον.
1639 2196 1720 2248 ὅτι

140 2292 233 2343 τὸν
255 2288 419 2344 αὑτὸν
452 2286 682 2356 ἄγγελον
710 2286 981 2356 ἀναμέσον
1001 2302 1061 2337 τε
1092 2285 1392 2355 ἑωρακέναι
1410 2284 1518 2337 τῶν
1549 2285 1721 2357 ὀρέων

140 2382 269 2451 ἔφη,
328 2381 424 2434 καί
472 2380 536 2450 δὴ
577 2379 671 2431 καὶ
716 2377 895 2431 λαλεῖν
934 2379 991 2429 ὲν
1036 2376 1239 2446 αὐτῷ)
1282 2375 1469 2430 τοῦτον
1509 2376 1573 2447 δὴ
1628 2377 1722 2429 καὶ

139 2474 235 2527 νῦν
264 2470 572 2543 ἑωρακέναι
605 2469 768 2539 φησιν
797 2466 1008 2520 ἑστῶτα
1032 2464 1106 2529 ὡς
1136 2466 1201 2519 ἂν
1236 2466 1494 2535 ἡδόμενον
1522 2465 1615 2519 ὲπὶ
1644 2464 1723 2534 τῷ

141 2562 448 2631 γινομένῳ·
488 2561 565 2629 (p.
611 2557 737 2625 455)
788 2556 880 2609 καὶ
928 2556 1010 2607 ὅτι
1055 2552 1122 2606 τὰ
1162 2555 1259 2625 τῆς
1307 2554 1539 2625 δεήσεως
1577 2554 1723 2624 αύτῷ

140 2652 241 2720 τῆς
271 2649 411 2719 πρὸς
440 2648 531 2701 τὸν
560 2646 690 2699 Θεὸν
724 2646 860 2717 πρὸς
888 2645 1058 2716 πέρας
1086 2639 1253 2710 ἷκται,
1279 2645 1345 2715 ἣν
1372 2645 1511 2716 ὑπέρ
1532 2663 1591 2698 τε
1627 2646 1723 2716 τῆς

153 2737 516 2811 Ἰερουσαλὴμ
556 2735 650 2788 καὶ
680 2733 774 2787 τοῦ
809 2731 993 2795 ἔθνους
1031 2733 1346 2803 προσήγαγε
1375 2730 1452 2801 τῷ
1480 2730 1617 2801 Θεῷ,
1646 2731 1725 2801 τῷ

146 2834 219 2905 μὴ
261 2832 427 2903 μόνον
457 2826 735 2899 δειχθῆναι
776 2827 875 2897 τὴν
909 2823 1356 2894 ὲπαχθησομένην
1391 2826 1503 2885 τοῖς
1533 2824 1725 2894 ἠδικη-

145 2928 301 2979 κόσιν
342 2921 541 2984 αὐτοὺς
583 2917 884 2991 τιμωρίαν·
930 2916 1066 2971 ἀλλὰ
1097 2917 1205 2988 γὰρ
1235 2910 1468 2987 φανῆναι
1507 2917 1601 2970 καὶ
1636 2916 1727 2970 τὸν

144 3020 203 3073 τὸ
251 3016 492 3089 σχοινίον
536 3014 727 3085 ἔχοντα
756 3012 816 3064 τὸ
843 3011 1212 3082 γεωμετρικὸν
1254 3010 1517 3081 σύμῦολον
1546 3008 1639 3062 τοῦ
1670 3013 1727 3063 ὲν

1809 556 2097 599 occursum
2133 540 2271 611 ejus.
2324 537 2578 608 Dixitque
2622 537 2671 592 ei
2722 537 2911 592 dicens
2946 555 2958 591 :
2998 534 3170 591 Curre
3199 546 3253 590 et
3298 536 3379 589 lo-

1810 651 1977 705 quere
2004 631 2413 688 adolescentulo
2447 630 2546 695 illi,
2576 628 2764 684 dicens
2791 647 2806 683 :
2839 627 3072 697 COpiOse
3107 626 3377 680 habitabi-

1812 741 1903 786 tur
1934 729 2272 784 Hierusalem
2300 742 2327 781 a
2351 724 2696 779 multitudine
2714 723 2989 778 hominum
3026 733 3080 777 et
3101 724 3379 789 jumento-

1812 836 1932 875 rum
1964 820 2016 873 in
2056 819 2236 874 medio
2261 817 2399 887 ejus.
2426 818 2493 871 Et
2525 832 2625 887 ego
2653 830 2749 870 ero
2782 814 2884 879 illi,
2928 814 3062 868 dicit
3099 814 3383 874 Dominus.

1812 928 2004 967 murus
2032 912 2196 982 ignis,
2220 920 2273 966 et
2301 911 2353 965 in
2379 910 2549 979 gloria
2579 924 2672 963 ero
2693 908 2747 962 in
2769 907 2949 963 medio
2971 908 3110 977 ejus.
3142 926 3161 958 ι
3197 908 3383 972 Quan-

1814 1004 2102 1075 doquidem
2153 1019 2271 1057 mos
2312 1010 2398 1057 est
2452 1001 2833 1057 aediticantium
2893 1000 3133 1054 funiculo
3179 1011 3382 1055 terram

1815 1098 2020 1163 metiri,
2061 1096 2405 1150 latitudinem
2438 1094 2649 1150 scilicet
2680 1102 2735 1149 et
2779 1093 3173 1163 longitudinem
3222 1102 3386 1163 atque

1819 1186 2024 1243 formas
2059 1187 2303 1243 struendi
2336 1186 2574 1251 aadiiicii,
2619 1185 2934 1240 necessario
2965 1184 3212 1255 angelum
3244 1185 3391 1239 videt

1818 1297 2010 1337 rursus
2037 1296 2187 1336 more
2212 1281 2375 1336 solito
2408 1279 2641 1333 humana
2672 1279 2876 1348 specie,
2910 1276 3215 1331 funiculum
3245 1277 3391 1332 hunc

1819 1380 2136 1435 tenentem;
2180 1371 2272 1440 qui
2308 1371 2697 1438 interrogatus,
2731 1376 2788 1421 ut
2822 1366 2963 1421 facta
2994 1366 3273 1436 prophetae
3304 1382 3392 1422 re-

1818 1464 2019 1518 velatio
2063 1472 2269 1525 narrat,
2327 1476 2565 1530 quonam
2622 1459 2833 1515 abiret?
2873 1458 2940 1512 ad
2983 1457 3391 1523 dimetiendam,

1820 1552 2017 1621 inquit,
2035 1552 2375 1607 Hierusalem
2407 1547 3072 1617 mdiﬁcationem,qualem
3105 1557 3396 1617 quantam-

1822 1661 1927 1716 que
1964 1659 2082 1700 eam
2132 1645 2246 1697 ﬁeri
2292 1649 2562 1710 oporteat.
2608 1639 2813 1694 Deinde
2843 1640 2917 1693 ait
2957 1639 3170 1708 angelo,
3215 1639 3308 1708 qui
3338 1639 3393 1692 in

1824 1736 1945 1807 ipso
1988 1736 2332 1806 loquebatur,
2375 1748 2536 1803 quem
2568 1733 2623 1785 in
2662 1730 3042 1801 superioribus
3073 1730 3276 1783 dictum
3312 1736 3397 1783 est

1821 1828 1888 1880 ab
1931 1841 1997 1880 eo
2032 1826 2208 1879 visum
2264 1839 2406 1893 equo
2439 1820 2566 1875 rufo
2612 1822 2937 1876 insidentem
2990 1821 3133 1874 inter
3179 1830 3394 1874 mtmtes

1822 1918 2107 1972 umbrosos
2142 1916 2373 1984 (etenim
2408 1914 2567 1969 nobis
2599 1929 2665 1968 ex
2700 1926 2825 1967 ante
2853 1913 3015 1968 dictis
3046 1913 3394 1983 perspicuum

1820 2010 1879 2064 ﬁt
1932 2009 2181 2063 eumdem
2218 2023 2363 2071 esse,
2403 2022 2563 2076 quem
2595 2008 2737 2060 inter
2767 2013 2982 2060 montes
3017 2005 3219 2059 vidisse
3250 2006 3401 2058 dixe-

1823 2112 1925 2166 rat,
1959 2114 2121 2172 atque
2154 2102 2304 2154 illum
2330 2099 2423 2172 qui
2458 2100 2512 2152 in
2553 2099 2673 2168 ipso
2699 2099 3069 2167 loquebatur.)
3111 2096 3289 2158 Hunc,
3314 2097 3399 2150 in-

1823 2212 2009 2266 quam,
2059 2210 2208 2249 nunc
2251 2208 2468 2263 quoque
2503 2192 2705 2246 vidisse
2734 2193 2808 2244 ait
2855 2200 3113 2256 stantem,
3160 2201 3211 2245 et
3244 2194 3309 2249 de
3343 2211 3403 2250 re

1824 2302 1943 2356 qua:
1973 2287 2263 2357 gerebatur
2299 2286 2604 2349 laetantem;
2640 2290 2694 2337 et
2725 2282 2867 2352 quod
2904 2283 3076 2353 ipsius
3116 2285 3181 2338 ad
3230 2286 3398 2340 Dt-um

1823 2378 1999 2433 oratio
2044 2393 2268 2447 scopum
2306 2384 2455 2433 esset
2491 2385 2763 2433 assecuta.
2814 2375 2903 2428 illa
2938 2376 3193 2429 nimirum
3237 2393 3400 2447 quam

1829 2486 1927 2541 pro
1965 2470 2308 2525 Hierusalem
2333 2479 2387 2524 et
2420 2483 2517 2538 pro
2553 2475 2711 2537 gente
2748 2466 2857 2522 Deo
2889 2468 3198 2522 obtulerat:
3240 2469 3401 2539 cujus

1825 2563 2005 2616 exitus
2036 2571 2174 2625 erat,
2211 2575 2317 2614 non
2347 2560 2522 2615 solum
2568 2574 2742 2629 pmnm
2775 2560 3021 2615 ostensio
3051 2577 3211 2630 quam
3258 2561 3402 2616 Deus

1827 2653 2066 2707 inimicis
2093 2653 2451 2722 impositurus
2468 2658 2606 2715 erat,
2637 2667 2825 2706 verum
2858 2652 3018 2706 etiam
3052 2654 3190 2708 visio
3220 2656 3397 2723 angeli

1826 2744 2061 2798 tenentis
2102 2741 2427 2802 funiculum,
2476 2739 2622 2810 quod
2652 2748 2770 2792 erat
2804 2741 3063 2794 indicium
3093 2743 3255 2812 empti
3283 2744 3398 2811 jam

1829 2835 1979 2889 urbis
2018 2832 2253 2888 mdiﬁcii.
2299 2831 2459 2900 302
2502 2829 2705 2885 Deinde
2748 2831 2823 2883 ait
2868 2831 3095 2885 alterum
3154 2836 3403 2903 angelum

1828 2925 2077 2988 missum,
2130 2923 2257 2977 huic
2294 2923 2502 2977 dixisse
2544 2929 2600 2975 ut
2641 2922 3051 2976 adolescentulo
3093 2924 3410 2994 loqueretur

1828 3016 2211 3088 geometricum
2240 3015 2458 3069 habenti
2493 3014 2818 3068 funiculum.
2849 3014 2939 3068 Sic
2961 3016 3104 3069 enim
3130 3017 3274 3072 hunc
3307 3035 3404 3073 llo-

145 3112 295 3180 εργῳ
322 3110 426 3180 τῆς
472 3105 678 3169 πόλεως
728 3100 864 3158 εἶναι
895 3102 1077 3157 λοιπὸν
1108 3103 1205 3173 τὴν
1247 3102 1552 3173 οἰκοδομήν.
1594 3098 1725 3155 Εἶτα

1831 3106 2022 3173 mittat,
2055 3106 2511 3177 quemadmodum
2559 3107 2613 3160 in
2653 3107 2984 3163 revelatione
3028 3109 3234 3165 viderat
3280 3127 3405 3166 eum

144 3204 294 3272 λέγει
326 3202 411 3254 ὅτι
434 3199 619 3270 ἕτερος
648 3195 875 3265 ἄγγελος
907 3195 1229 3259 ἀποσταλεὶς
1252 3194 1352 3265 ἔφη
1386 3194 1520 3265 πρὸς
1543 3196 1724 3261 αὑτὸν,

145 3296 287 3349 ὥστε
318 3292 418 3347 καὶ
453 3292 625 3343 εἰπεῖν
654 3288 731 3361 τῷ
764 3287 1030 3359 νεανίσκῳ
1060 3288 1119 3341 τὸ
1145 3287 1516 3357 γεωμετρικὸν
1555 3287 1727 3357 ἔχοντι

146 3386 393 3459 δηλονότι
419 3381 649 3453 σχοινίον
669 3399 684 3413 ·
715 3379 858 3434 οὕτω
888 3380 997 3451 γὰρ
1024 3380 1185 3433 αὑτὸν
1232 3378 1496 3449 κέκληκεν
1525 3378 1599 3442 ὼς
1638 3380 1728 3432 ἐπὶ

146 3479 242 3548 τῆς
276 3470 680 3540 ἀποκαλύψεως
712 3465 850 3522 εἶδεν
872 3470 899 3521 6
930 3470 1213 3540 προφήτης
1237 3470 1300 3539 τῇ
1334 3467 1454 3537 ὄψει
1492 3467 1585 3520 τοῦ
1605 3485 1727 3521 νεα-

150 3568 334 3620 νίσκου
361 3562 665 3633 δειχθέντα,
688 3561 768 3621 είς
790 3557 1018 3629 δήλωσιν
1048 3556 1142 3611 τοῦ
1175 3558 1311 3627 μετὰ
1341 3558 1519 3628 πάσης
1551 3556 1730 3627 ἰσχύος

152 3660 225 3717 είς
264 3657 440 3729 πέρας
481 3653 553 3706 τὰ
574 3649 905 3729 προκείμενα
931 3648 1098 3713 ἄξειν.
1133 3649 1293 3714 Λέγει
1316 3650 1513 3714 τοίνυν,
1544 3651 1727 3720 φησὶν,

151 3754 177 3804 6
198 3727 531 3809 ἀποσταλεὶς
562 3727 795 3813 ἄγγελος
822 3739 898 3811 τῷ
945 3742 1003 3794 ὲν
1035 3740 1157 3811 ἐμοὶ
1203 3739 1450 3795 λαλοῦντι
1491 3741 1727 3813 ἀγγέλῳ,

156 3843 293 3912 μετὰ
325 3840 528 3911 τάχους
550 3854 609 3889 τε
655 3835 879 3905 δραμεῖν
913 3834 1006 3886 καὶ
1036 3834 1210 3886 εἰπεῖν
1234 3832 1311 3903 τῷ
1336 3833 1623 3905 νεανίσκῳ,
1651 3836 1731 3887 ὅτι

156 3935 361 4005 σφόδρα
392 3931 531 4003 μετὰ
557 3931 756 4001 πολλῆς
782 3930 882 4000 τῆς
914 3926 1166 3997 εὐθηνίας
1186 3928 1220 3997 ή
1264 3925 1617 3996 Ἰερουσαλὴμ
1652 3928 1731 3980 οί-

154 4027 458 4099 κηθήσεται
489 4022 596 4076 ἀπὸ
629 4021 931 4094 ἀνθρώπων
949 4037 1008 4074 τε
1033 4021 1127 4073 καὶ
1144 4018 1355 4086 κτηνῶν
1390 4018 1496 4070 τῶν
1530 4018 1733 4089 ύπηρεο

153 4114 434 4187 τουμένων
449 4112 636 4175 αὐτοῖς
669 4109 1143 4182 στενοχωρουμένη
1158 4124 1171 4137 ·
1190 4108 1263 4170 ὡς
1283 4106 1346 4160 ἂν
1376 4107 1548 4161 ταῦτα
1573 4110 1733 4176 γνοὺς

155 4210 243 4260 ἐπὶ
278 4206 474 4278 μεῖζον
502 4203 793 4257 ὲκτείνειεν
821 4204 918 4273 τῆς
943 4201 1148 4263 πόλεως
1166 4199 1227 4251 τό
1252 4216 1312 4251 τε
1344 4198 1544 4261 πλάτος
1566 4199 1734 4252 καὶτὸ

158 4301 328 4370 μῆκος
359 4295 684 4367 ὀφειλούσης
719 4296 908 4366 ἀρκεῖν
946 4291 1024 4362 τῷ
1058 4289 1251 4362 πλήθει
1281 4288 1387 4341 τῶν
1406 4289 1735 4358 οἰκησόντων

154 4393 344 4462 αὑτήν.
382 4387 701 4458 Παρέξομεν
727 4388 838 4457 γὰρ
860 4386 1016 4455 αὐτῇ,
1044 4382 1196 4453 φησὶ,
1230 4383 1410 4435 πᾶσαν
1437 4380 1736 4450 ἀσφάλειαν

1834 3201 2097 3269 propheta
2136 3198 2373 3269 speciem
2421 3197 2816 3253 adolescentuli
2866 3216 2975 3269 pra:
3013 3216 3072 3257 se
3122 3202 3405 3270 ferentem,

1834 3289 1904 3342 ob
1937 3287 2354 3359 signiﬁcandum
2392 3290 2562 3344 robur
2600 3290 2973 3345 omnimodum
3016 3307 3126 3361 quo
3152 3309 3240 3349 res
3282 3310 3409 3365 pro-

1835 3382 2017 3451 posita
2070 3381 2139 3434 ad
2205 3381 2412 3435 exitum
2473 3381 2796 3437 deducetur.
2857 3383 2946 3438 Ait
2993 3384 3159 3455 igitur
3211 3388 3413 3444 missus

1835 3474 2062 3543 angelus
2115 3473 2359 3544 loquenti
2408 3474 2463 3527 in
2502 3490 2588 3529 me
2635 3479 2849 3546 angelo,
2902 3486 2959 3531 ut
2988 3478 3237 3534 celeriter
3287 3496 3413 3535 cur-

1837 3570 1923 3615 rat
1965 3562 2219 3632 dicatque
2286 3562 2725 3627 adolescentulo,
2799 3566 2914 3621 fore
2966 3576 3026 3621 ut
3089 3586 3417 3641 magnopere

1839 3653 2114 3723 multaque
2163 3653 2318 3723 copia
2364 3654 2643 3709 habitetur
2673 3655 3044 3725 Hierusalem,
3094 3661 3161 3714 ab
3185 3662 3420 3716 homini-

1838 3743 1941 3797 bus
2005 3751 2059 3798 et
2102 3743 2364 3813 jumentis
2426 3761 2647 3816 operam
2703 3748 2787 3804 his
2823 3751 3192 3819 praebentibus
3248 3769 3416 3824 prope

1840 3838 2147 3907 angustiata
2192 3856 2204 3892 :
2268 3839 2457 3908 sicque
2507 3840 2602 3904 ait,
2653 3848 2711 3894 ut
2764 3857 2822 3896 re
2857 3845 3095 3913 cognita,
3137 3845 3189 3899 in
3237 3845 3414 3915 majus

1841 3931 2075 4000 Spatium
2123 3929 2381 3985 extendat
2433 3932 2778 3988 latitudinem
2828 3936 2979 3990 urbis
3009 3952 3072 3991 ac
3119 3937 3416 4007 longitudi—

1843 4037 1986 4082 nem,
2023 4037 2144 4089 quas
2188 4022 2488 4077 incolarum
2532 4026 2864 4080 multitudini
2918 4026 3165 4083 suilicet'e
3194 4030 3414 4089 debeat.

1840 4111 1908 4165 Et
1955 4112 2171 4182 quidem
2226 4129 2326 4169 nos
2359 4114 2537 4182 majus
2586 4117 2636 4170 ei
2668 4117 2981 4186 praesidium
3032 4120 3416 4190 prmbebimus,

1842 4217 2005 4271 quam
2039 4217 2229 4257 murus
2264 4205 2385 4274 igne
2408 4215 2760 4261 constructus
2792 4208 3069 4263 exhiberet
3096 4210 3189 4279 qui
3221 4225 3419 4279 aggre-

1843 4292 2055 4350 dientes
2102 4295 2305 4350 valeret
2364 4298 2705 4353 comburere.
2746 4298 2881 4352 Nam
2929 4316 3013 4354 me
3059 4303 3415 4371 conspicuum

1846 4383 2005 4439 factis
2058 4386 2194 4455 ipsis
2226 4394 2280 4441 et
2318 4389 2656 4457 providentia
2688 4406 2814 4460 erga
2864 4390 3014 4461 ipsos
3046 4390 3271 4445 eﬂieiam
3303 4411 3316 4447 :
3368 4402 3423 4448 et

153 4484 247 4553 τὴν
278 4482 341 4549 ἐξ
378 4480 515 4551 ἐμοῦ
571 4476 791 4550 μείζονα
822 4478 854 4549 ἢ
887 4479 1062 4546 τεῖχος
1104 4477 1167 4529 ὲκ
1205 4474 1372 4546 πυρὸς
1402 4490 1726 4526 κατεσκευα-

1844 4477 2098 4533 laudibus
2126 4480 2525 4551 praeconiisque
2563 4482 2889 4537 celebrahor
2918 4483 2988 4536 ob
3018 4498 3264 4538 meorum
3291 4500 3419 4556 erga

157 4575 355 4645 σμένον
398 4574 672 4642 παράσχοι
714 4570 780 4624 ἂν
830 4568 1103 4643 αὔταρκες
1133 4568 1192 4621 ὃν
1236 4565 1564 4637 συμφλέγειν
1608 4567 1735 4629 τοὺς

1845 4583 1942 4623 eos
1970 4569 2394 4640 magnitudinem
2430 4571 2844 4628 beneficiorum.

158 4672 450 4732 ἐπιόντας·
485 4668 795 4737 φανήσομαι
840 4666 898 4719 δὲ
946 4665 1031 4718 ἐπ’
1063 4663 1241 4717 αὐτῶν
1289 4663 1463 4733 ἔργων
1507 4662 1596 4715 διὰ
1638 4662 1736 4732 τῆς
1774 4663 1854 4726 είς
1907 4664 2099 4728 αὐτοὺς
2147 4665 2507 4738 κηδεμονίας·
2543 4666 2685 4721 ὥστε
2734 4668 2887 4741 παρὰ
2946 4671 3112 4724 πᾶσιν
3159 4672 3216 4723 ὲν
3256 4669 3429 4741 εὐφη-

164 4768 316 4838 μίαις
346 4766 409 4818 τὶ
445 4761 585 4819 εἶναι
618 4763 712 4816 καὶ
746 4762 1004 4825 ἐπαίνοις,
1043 4761 1184 4831 ὑπὲρ
1209 4757 1302 4812 τοῦ
1342 4758 1603 4830 μεγέθους
1629 4758 1737 4812 τῶν
1775 4761 1855 4823 είς
1886 4759 2060 4831 αὐτὴν
2083 4763 2431 4833 εὐεργεσιῶν.

223 4952 302 5019 (p.
336 4947 470 5015 456)
522 4943 956 5016 Ἐπισημαντέον
993 4943 1051 4997 δὲ
1096 4941 1413 4996 κάκεῖνοσὲν
1451 4939 1740 5016 τῷμέσῳ,›

156 5040 232 5092 ὅτι
259 5042 288 5093 ὁ
320 5037 651 5098 ἀποσταλεὶς
681 5036 911 5105 ἄγγελος
940 5034 1020 5105 τῷ
1055 5034 1271 5105 ἀγγέλῳ
1298 5033 1374 5105 τῷ
1405 5032 1653 5086 λαλοῦντι
1679 5034 1739 5085 ὲν

156 5128 327 5198 αὐτῷ,
361 5127 609 5180 τουτέστι
655 5125 733 5196 τῷ
763 5126 822 5179 ἐν
852 5126 1002 5196 μέσῳ
1045 5124 1153 5177 τῶν
1182 5123 1352 5193 ὀρέων
1387 5121 1739 5193 ἐπιϐεϐηκότι

156 5220 245 5271 τοῦ
289 5220 467 5272 ἵππου
511 5216 608 5271 τοῦ
650 5217 882 5289 πυρῤοῦ,
923 5217 1121 5286 λέγειαι
1153 5216 1339 5287 Δράμε
1386 5215 1481 5269 καὶ
1510 5214 1741 5285 λάλησον

158 5310 294 5381 πρὸς
327 5310 423 5363 τὸν
468 5311 751 5365 νεανίσκον
785 5313 1010 5365 ἐκεῖνον.
1052 5328 1072 5362 ι
1106 5310 1167 5363 Εἰ
1199 5309 1256 5362 δὲ
1286 5308 1428 5363 κατὰ
1466 5310 1591 5371 τοὺς
1640 5326 1742 5378 μυ-

159 5401 410 5470 θυλογεῖν
441 5402 724 5467 ἐθέλοντας
766 5405 794 5455 6
821 5404 879 5456 ὲν
910 5404 1060 5474 μέσῳ
1089 5401 1195 5455 τῶν
1223 5400 1535 5454 κατασκίων
1568 5400 1745 5472 ὀρέων

162 5496 377 5561 φανεὶς,
404 5496 433 5546 6
458 5493 553 5546 τοῦ
584 5493 717 5546 Θεοῦ
750 5489 819 5564 ἧν
866 5494 1011 5559 Υἰδς,
1057 5493 1174 5557 πῶς
1198 5489 1307 5547 οἷόν
1334 5510 1391 5545 τε
1424 5488 1490 5563 ἦν
1524 5494 1616 5544 τὸν
1649 5492 1747 5559 ἄγ-

161 5584 321 5649 γελον
356 5583 625 5653 τολμῆσαι
656 5583 791 5654 πρὸς
820 5583 982 5637 αὐτὸν
1024 5585 1219 5643 εἰπεῖν,
1253 5599 1271 5632 ι
1306 5582 1491 5653 Δράμε
1525 5580 1619 5633 καὶ
1646 5580 1748 5633 λάε

162 5673 333 5744 λησον
363 5676 499 5745 πρὸς
528 5675 619 5727 τὸν
646 5675 924 5728 νεανίσκον
956 5677 1182 5739 ἐκεῖνον,
1225 5674 1421 5741 λέγων,
1452 5674 1745 5746 Κατακάρο

164 5784 281 5831 πως
317 5765 777 5839 κατοικηθήσεται
807 5769 840 5837 ή
875 5765 1260 5838 Ἰερουσαλήμς
1297 5784 1315 5817 ι
1345 5764 1609 5836 ’Ἄγγελον
1647 5766 1745 5833 μὲν

1915 4941 2007 4997 Illa
2053 4960 2270 5014 quoque
2316 4944 2485 5000 dictio
2525 4946 3008 5003 animadvertenda
3050 4960 3136 5005 est
3172 4969 3191 5003 ι
3222 4954 3365 5011 inter
3400 4975 3420 5010 ι

1846 5035 1990 5105 quod
2024 5052 2220 5106 nempe
2246 5037 2496 5108 angelus,
2532 5039 2727 5109 angelo
2772 5040 3031 5110 loquente
3057 5043 3111 5099 in
3142 5047 3425 5117 propheta,

1846 5125 1902 5181 id
1941 5138 2023 5183 est
2068 5129 2265 5199 angelo
2316 5129 2460 5184 inter
2510 5138 2749 5198 montes,
2794 5146 2939 5202 equo
2968 5132 3092 5187 rufo
3144 5135 3425 5204 insidenti,

1848 5220 1924 5273 ait
1953 5221 2180 5277 :¢Curre
2225 5231 2279 5277 et
2330 5222 2558 5293 loquere
2606 5223 3017 5280 adolescentulo
3066 5226 3343 5284 illiaNam
3379 5231 3427 5285 si

1843 5310 1996 5380 juxta
2031 5311 2131 5367 hos
2171 5314 2543 5383 mythologos,
2590 5316 2639 5369 is
2662 5312 2755 5383 qui
2788 5315 2929 5368 inter
2962 5324 3174 5370 montes
3208 5318 3430 5370 umbro-

1844 5417 1936 5457 sos
1964 5404 2282 5473 apparebat,
2333 5404 2428 5459 Dei
2462 5413 2581 5461 erat
2612 5407 2806 5465 Filius.
2847 5406 2940 5475 qui
2984 5405 3190 5462 audere
3221 5409 3419 5476 potuis‘

1844 5502 1928 5549 set
1958 5496 2032 5549 illi
2071 5495 2256 5552 dicere
2279 5498 2508 5554 :cCurre
2545 5506 2600 5553 et
2638 5500 2866 5569 loquere
2910 5499 3318 5555 adolescentulo
3350 5502 3426 5554 illi

1844 5585 2034 5641 dicens
2062 5606 2077 5642 :
2127 5585 2363 5657 C0piose
2391 5589 2737 5643 habitabitur
2791 5589 3134 5645 Hierusalem
3155 5589 3428 5648 bEtenim

1846 5676 2096 5747 angelum
2146 5678 2287 5734 Filio
2328 5678 2424 5735 Dei
2472 5682 2770 5751 prmeipere
2814 5682 3044 5753 aliquid,
3089 5683 3430 5752 impossibile

1853 5777 1967 5830 est:
1998 5778 2051 5825 et
2085 5770 2187 5826 hoc
2210 5772 2455 5837 credere,
2484 5786 2713 5828 summa:
2744 5774 3041 5844 impietatis
3076 5783 3159 5830 est
3185 5792 3199 5828 :
3245 5782 3300 5830 at
3330 5789 3429 5828 anv
