3934 6520
545 352 649 407 519

1717 343 2065 402 τιιεοοοιιι
2101 347 2327 407 »101³511
2337 349 2584 407 ESTENI

3586 355 3763 441 ,διο

542 470 719 540 gelum
746 466 936 536 angelo
967 464 1273 535 significare
1304 462 1434 532 quid
1466 461 1733 532 agendum
1767 464 1859 526 sit,
1891 464 1967 517 nil
1995 464 2090 519 mi-

2199 469 2307 540 γάρ
2351 469 2429 540 τῷ
2472 468 2586 541 Υἰῷ
2617 471 2711 525 τοῦ
2758 472 2893 527 Θεοῦ
2924 474 3186 537 κελεύειν,
3215 474 3325 527 τῶν
3363 473 3642 528 ἀδυνάτων
3684 470 3761 544 ἦν,

543 577 701 616 rum:
744 574 867 614 nam
901 568 951 613 et
1010 557 1334 610 fanmlorum
1376 563 1457 609 est
1504 556 1733 609 invicem
1782 555 2105 613 denuntiare

542 655 849 705 voluntates
890 648 1212 707 dominicas,
1257 648 1535 715 multoque
1585 646 1757 716 magis
1808 648 1909 701 hoc
1951 648 2106 703 decet

543 742 665 796 illos
694 742 785 811 qui
808 741 878 796 ab
902 740 1143 795 omnium
1164 739 1393 793 Domino
1422 738 1488 790 ad
1522 738 1572 790 id
1606 739 1912 803 mittuntur,
1944 746 2105 807 prout

542 847 689 887 nunc
737 832 953 887 accidit.
1000 829 1247 899 Namque
1295 834 1489 897 angelo
1535 828 1626 896 qui
1681 828 2005 897 loquebatur
2049 828 2104 881 in

544 927 823 997 propheta,
861 934 913 980 et
941 939 1039 994 pro
1066 924 1199 976 urbe
1229 921 1437 984 orabat,
1480 922 1673 974 merito
1712 921 1938 989 angelus
1970 921 2099 975 mis-

540 1035 636 1073 sus
668 1034 733 1072 ex
776 1016 1039 1072 sententia
1089 1013 1204 1075 Dei,
1243 1028 1463 1067 currere
1505 1011 1664 1080 303
1711 1012 1814 1080 ipsi
1863 1010 2097 1081 imperat

538 1120 590 1163 et
616 1109 760 1178 loqui
802 1123 921 1177 qua:
951 1122 1089 1174 opus
1132 1113 1246 1159 erat
1295 1103 1723 1165 adolescentulo,
1768 1110 1931 1171 atque
1961 1118 2101 1156 nun-

538 1202 673 1253 tiare
720 1215 907 1269 preces
942 1200 1061 1267 ejus
1110 1211 1333 1265 scopum
1378 1208 1500 1248 esse
1546 1205 1847 1258 assecutas,
1898 1191 2102 1261 Deique

540 1293 869 1345 voluntatem
895 1306 1019 1359 erga
1042 1284 1378 1342 Hierusalem
1411 1286 1605 1338 factam
1630 1301 1752 1340 esse
1772 1285 2059 1354 benignam
2086 1301 2100 1339 :

538 1394 789 1453 oportere
822 1390 999 1435 autem
1052 1381 1226 1448 ipsum
1264 1384 1483 1447 propter
1515 1378 1863 1445 impetratum
1905 1376 1997 1431 Dei
2027 1374 2105 1429 fa-

540 1494 747 1538 vorem,
780 1477 1009 1530 libenter
1048 1476 1296 1543 jussibus
1326 1475 1553 1543 obsequi
1581 1491 1594 1537 ;
1640 1480 1694 1526 et
1725 1470 1978 1525 celeriter
2007 1470 2104 1522 ad—

538 1573 780 1630 modum,
808 1571 854 1622 ei
890 1584 981 1638 qui
1010 1568 1075 1620 ad
1103 1567 1475 1621 rediiicandam
1517 1566 1703 1619 urbem
1738 1563 1943 1617 missus
1987 1560 2103 1615 fue-

539 1668 642 1721 rat,
679 1658 984 1727 signiﬁcare
1014 1672 1133 1725 quze
1166 1656 1307 1711 Deus
1333 1656 1400 1711 de
1429 1658 1543 1726 ipsa
1576 1658 1905 1708 decreverat.

2206 562 2301 614 καὶ
2348 560 2588 632 νομίζειν
2629 563 2685 617 δὲ
2734 564 2891 619 τοῦτο
2916 567 3015 636 τῆς
3050 566 3287 637 ἐσχάτης
3312 567 3460 620 ἐστὶν
3488 566 3763 628 ἀσεϐείας·

2205 649 2433 718 ἄγγελον
2480 652 2535 705 δὲ
2566 654 2783 726 ἀγγέλῳ
2823 656 3105 727 σημαίνειν
3141 656 3204 710 τὸ
3243 657 3534 727 πρακτέον,
3570 656 3768 725 θαυμα-

2207 742 2330 795 στὸν
2356 744 2536 797 οὐδέν’
2575 746 2761 817 ἐπειδὴ
2804 746 2912 799 τῶν
2946 749 3233 818 ὑπηρετῶν
3273 749 3401 801 ῐδιον
3435 746 3663 818 μηνύειν
3686 749 3768 801 ἀλ-

2204 831 2384 901 λήλοις
2434 834 2501 887 τὰ
2561 835 2853 891 δεσποτικὰ
2905 837 3265 908 βουλεύματα,
3326 840 3420 892 καὶ
3477 837 3661 907 πολλῷ
3713 855 3768 905 γε

2206 923 2366 976 πλέον
2396 927 2519 987 τοὺς
2549 927 2817 980 ἐπὶτοῦτο
2854 928 3238 998 πεμπομένους
3269 929 3417 998 παρὰ
3441 928 3537 981 τοῦ
3561 930 3767 980 πάντων

2203 1014 2421 1086 Κυρίου,
2468 1012 2579 1072 οἷόν
2615 1037 2667 1072 τι
2714 1021 2806 1073 καὶ
2846 1021 2942 1074 νῦν
2984 1021 3221 1089 ἐγίνετο’
3272 1020 3365 1074 τοῦ
3396 1022 3509 1091 γὰρ
3542 1020 3766 1087 ἀγγέλου

2201 1106 2294 1159 τοῦ
2328 1108 2610 1173 λαλοῦντος
2640 1112 2697 1164 ἐν
2731 1111 2878 1182 αὐτῷ
2921 1111 3020 1184 τὴν
3052 1112 3194 1182 ὑπὲρ
3223 1111 3323 1179 τῆς
3352 1112 3563 1174 πόλεως
3608 1127 3765 1178 προσ-

2202 1200 2495 1266 αγαγόντος
2522 1200 2726 1270 δέησιν,
2759 1202 2985 1266 εἰκότως
3026 1203 3055 1254 ό
3081 1202 3348 1272 πεμφθεὶς
3379 1202 3614 1270 ἄγγελος
3639 1204 3767 1256 κατὰ

2203 1287 2426 1357 γνώμην
2456 1289 2611 1353 Θεοῦ,
2642 1292 2868 1362 δραμεῖν
2907 1293 3053 1363 αὐτῷ
3080 1294 3175 1346 καὶ
3202 1294 3428 1365 λαλῆσαι
3456 1292 3671 1346 κελεύει
3710 1294 3769 1347 τὰ

2200 1380 2545 1447 προσήκοντα
2596 1382 2730 1452 πρὸς
2759 1383 2852 1436 τὸν
2886 1385 3186 1451 νεανίσκον,
3221 1386 3297 1447 ὼς
3327 1386 3395 1437 ἂν
3431 1384 3767 1452 εὐαγγελιζό-

2206 1485 2363 1537 μενος
2418 1471 2499 1523 ὃτι
2554 1490 2657 1544 περ
2704 1474 2851 1546 αῦτῷ
2883 1476 2952 1529 τὰ
2998 1476 3101 1547 τῆς
3153 1476 3388 1547 δεήσεως
3431 1471 3587 1528 ἵκται
3644 1476 3769 1545 πρὸς

2202 1560 2395 1629 πέρας,
2439 1564 2533 1616 καί
2576 1564 2817 1619 δέδοκται
2864 1568 2959 1638 μὲν
2989 1570 3119 1640 περί
3160 1568 3258 1639 τῆς
3297 1568 3657 1639 Ἰερουσαλὴμ
3698 1567 3766 1635 τῷ

2202 1648 2320 1719 Θεῴ
2353 1651 2420 1704 τὰ
2444 1654 2675 1723 κρείττω
2693 1673 2706 1685 ⁸
2736 1656 2839 1728 χρὴ
2865 1656 2921 1709 δὲ
2954 1657 3047 1710 καὶ
3074 1656 3233 1710 αῦτδν
3257 1656 3333 1719 ὡς
3364 1656 3661 1725 ἰσχύσαντα
3689 1655 3766 1725 ἐφ’

534 1744 637 1839 οἷς.
660 1749 849 1820 ἐδεήθη
896 1748 1043 1820 παρὰ
1092 1747 1169 1817 τῷ
1214 1748 1367 1818 Θεῷ,
1423 1747 1539 1818 μεθ’
1594 1746 1785 1817 ἡδονῆς
1848 1760 1907 1797 τε
1959 1743 2071 1803 τοῖς
2131 1740 2570 1812 κεκελευσμένοις
2619 1747 3038 1818 ὑπηρετεῖσθαι,
3095 1750 3191 1802 καί¹
3243 1747 3381 1819 μετὰ
3434 1746 3631 1802 πολλοῦ
3678 1746 3765 1801 τοῦ

533 1835 730 1913 τάῇους
752 1843 827 1911 τῷ
848 1843 940 1895 ἐπὶ¹
964 1842 1060 1913 τὴν
1078 1842 1363 1913 οἰκοδομὴν
1388 1841 1740 1895 ἀποσταλέντι
1768 1838 1869 1908 τῆς
1898 1836 2103 1897 πόλεως
2134 1835 2397 1906 γνωρίσαι
2430 1838 2499 1891 τά
2530 1840 2659 1911 περί
2688 1842 2857 1911 αὐτῆς
2889 1841 3114 1907 δόξαντα
3135 1841 3212 1910 τῷ
3258 1840 3397 1911 Θεῷ.

606 1937 771 1992 Vsus.
800 1939 993 1992 6-7.»
1038 1936 1149 2007 Age
1180 1952 1307 1991 vero
1348 1938 1655 1991 necessaria
1686 1934 1876 1989 fiducia
1917 1932 1985 1986 ab
2016 1932 2090 1985 his

2271 1934 2417 2003 Στίχ.
2464 1934 2601 1999 ς’-ζ’.
2640 1968 2706 1977 -
2764 1936 2923 1990 Ἀλλά
2959 1937 3067 2006 γάρ
3096 1937 3407 2005 ἀναγκαίως
3433 1936 3671 2008 θάρσους
3708 1936 3763 1989 ἐκ

534 2030 763 2085 Ostentis
798 2029 1059 2097 preplieta
1094 2031 1332 2098 repletus
1364 2027 1702 2081 exclamabat
1733 2026 1957 2078 dicens:
1983 2041 2000 2072 ι
2022 2019 2099 2084 Ο,

534 2137 568 2174 o
591 2162 605 2183 ,
644 2120 810 2191 fugite
846 2134 875 2172 a
907 2129 1048 2173 terra
1086 2120 1314 2182 boreali,
1346 2119 1480 2173 dicit
1521 2117 1811 2181 Dominus;
1846 2114 2101 2185 quoniam

533 2228 565 2265 a
595 2222 831 2283 quatuor
865 2213 1039 2266 ventis
1074 2213 1199 2265 mali
1228 2212 1573 2283 congregabo
1602 2225 1725 2269 vos.
1752 2208 1884 2263 dicit
1918 2206 2102 2260 Domi-

533 2318 659 2357 nus.
686 2303 764 2357 Ad
815 2300 943 2356 Sion
978 2302 1115 2356 salvi
1158 2302 1471 2373 confugite,
1508 2316 1601 2356 vos
1642 2301 1733 2370 qui
1778 2316 1923 2353 nunc
1958 2295 2101 2367 apud

535 2393 699 2446 ﬁliam
731 2392 1024 2464 Babylonis
1057 2392 1317 2447 incolitis.
1355 2410 1373 2441 ι
1406 2390 1625 2444 Mandat
1654 2390 1815 2443 etiam
1846 2387 2098 2454 reliquis,

532 2484 627 2553 qui
664 2483 839 2537 adhuc
876 2484 929 2537 in
961 2484 1276 2552 captivitate
1311 2490 1620 2546 versantur,
1668 2489 1727 2534 ut
1765 2480 1936 2533 multa
1976 2490 2098 2529 cum

534 2574 890 2629 festinatiODe
922 2573 986 2628 ad
1020 2573 1203 2628 Sionis
1230 2582 1469 2627 montem
1502 2580 1795 2627 accurrant
1825 2568 2100 2624 conliden-

534 2675 616 2722 tes
664 2667 754 2721 Dei
786 2667 1244 2736 promissionibus
1285 2666 1353 2721 de
1395 2666 1767 2730 Hierusalem,
1796 2664 1888 2733 qui
1930 2661 2100 2716 unde-

530 2773 743 2828 cunque
814 2773 908 2813 eos
942 2757 1069 2812 illuc
1116 2773 1173 2812 se
1214 2766 1669 2828 congregaturum
1710 2754 2096 2827 spoponderat.

414 2878 417 2881 -
528 2852 705 2920 Atque
732 2851 820 2905 hic
874 2851 1273 2909 rursusdictio:
1293 2864 1321 2901 a
1344 2858 1581 2919 quatuor
1603 2850 1791 2911 ventis,
1804 2846 1971 2904 shaud
1999 2845 2101 2899 ali-

526 2959 686 3012 quem
719 2957 1037 3006 numerum,
1074 2944 1167 2995 sed
1216 2941 1396 3010 potius
1454 2941 1816 3008 undecunque
1842 2937 2095 3001 denotat,

527 3045 585 3089 ut
617 3034 788 3089 Judaei
832 3036 923 3104 qui
956 3034 1133 3087 adhuc
1170 3032 1547 3105 Babylonicam
1588 3033 1863 3102 regionem
1897 3028 2100 3083 incole-

528 3127 678 3191 bant,
716 3128 780 3179 ad
816 3126 1004 3180 urbem
1047 3124 1386 3179 Hierusalem
1429 3125 1610 3178 cuncti
1651 3123 2009 3186 festinarent;
2042 3122 2096 3174 in

526 3234 632 3285 qua
673 3218 929 3288 degentes
974 3218 1158 3271 stabili
1195 3219 1451 3285 posthinc
1495 3217 1675 3272 salute
1721 3213 2093 3285 perfruentur,

529 3307 637 3361 Deo
682 3310 831 3377 ipsos
877 3309 1033 3377 juxta
1085 3310 1352 3377 promissa
1392 3323 1489 3363 sua
1538 3308 1925 3363 custodiente:
1965 3305 2090 3376 quia

523 3398 635 3467 jam
668 3400 982 3452 tum'deleta
1014 3397 1191 3452 fuerat
1220 3398 1479 3469 Babylon,
1518 3406 1739 3467 totaque
1770 3398 2093 3469 Babylonio-

526 3503 646 3540 rum
675 3486 971 3542 dominatio
1003 3488 1291 3553 desivcrat,
1324 3488 1467 3541 Darii
1491 3490 1746 3542 nimirum
1781 3489 1923 3558 regis
1954 3496 2090 3540 tem-

526 3578 772 3644 poribus.
802 3578 972 3631 Simul
999 3584 1179 3631 tamen
1212 3579 1457 3647 praedicit
1490 3580 1557 3635 de
1582 3581 1692 3634 illis
1713 3580 1804 3648 qui
1838 3594 1932 3650 per
1960 3577 2091 3631 illud

525 3678 737 3736 tempus
777 3668 1003 3723 redituri
1050 3680 1228 3725 erant.
1268 3668 1401 3723 Nam
1439 3685 1629 3739 reapse
1677 3671 1954 3724 redierunt
1987 3670 2091 3723 sub

528 3759 689 3813 Dario
729 3776 835 3814 non
869 3763 1026 3830 pauci
1060 3781 1072 3816 :
1112 3763 1465 3817 nihilominus
1503 3762 1656 3830 jubet
1686 3778 1780 3816 eos
1818 3759 2091 3831 Babylone

522 3854 744 3913 reverti,
799 3853 851 3906 id
900 3862 985 3908 est
1027 3856 1094 3909 de
1134 3855 1445 3924 captivitate
1488 3870 1651 3923 quam
1697 3870 1727 3906 a
1777 3852 2090 3922 Babyloniis

522 3944 765 4011 perpessi
796 3952 969 3998 erant.
992 3945 1217 4000 Constat
1258 3954 1437 3999 autem
1478 3946 1793 4014 prophetam
1822 3942 2087 4012 subjussi

521 4032 690 4103 ﬁgura
714 4038 1117 4105 praedictionem
1142 4037 1218 4091 rei
1261 4037 1456 4091 futura:
1482 4038 1682 4095 facere.

591 4302 756 4359 Vens.
787 4304 937 4359 8-l2.
973 4336 1042 4345 --
1073 4326 1090 4357 ι
1124 4306 1247 4361 Haac
1275 4310 1417 4363 enim
1452 4310 1524 4363 ait
1548 4310 1809 4366 Dominus
1830 4311 2084 4381 omnipo-

519 4403 641 4450 teris
676 4413 688 4448 :
722 4396 848 4450 Post
885 4398 1116 4467 gloriam
1159 4401 1307 4455 misit
1346 4417 1431 4456 me
1470 4404 1537 4456 ad
1581 4414 1770 4473 gentes
1800 4420 1920 4475 quae
1952 4421 2084 4476 spo-

521 4488 789 4541 liaverunt
836 4505 956 4553 vos,
995 4491 1124 4561 quia
1171 4493 1265 4561 qui
1322 4494 1566 4561 tetigerit
1610 4510 1727 4561 vos,
1780 4498 1939 4565 quasi
1988 4496 2081 4567 qui

517 4589 707 4649 tangat
738 4583 992 4652 pupillam
1024 4583 1172 4637 oculi
1213 4585 1353 4653 ejus.
1390 4584 1527 4651 Quia
1562 4602 1690 4642 ecce
1720 4601 1821 4658 ego
1851 4589 2080 4643 inferam

518 4688 740 4726 manum
773 4688 946 4727 meam
976 4690 1139 4742 super
1178 4691 1307 4743 eos;
1363 4686 1415 4731 et
1441 4686 1601 4732 erunt
1644 4680 1838 4748 praeda:
1889 4682 1954 4735 iis
1987 4683 2079 4750 qui

516 4766 818 4817 servierant
846 4766 1010 4834 ipsis:
1034 4766 1196 4838 304
1213 4776 1266 4821 et
1292 4771 1635 4838 cognoscetis
1663 4772 1791 4840 quia
1816 4770 2080 4827 Dominus

515 4857 858 4925 omnipotens
888 4858 1035 4912 misit
1062 4875 1165 4913 me.
1208 4877 1227 4910 ι
1262 4857 1386 4914 Hec
1416 4877 1538 4932 ego,
1570 4862 1781 4930 inquit,
1815 4866 1972 4921 vobis
1998 4864 2081 4920 ef-

514 4945 623 4997 fata
658 4947 845 5007 recito,
874 4944 963 4999 Dei
995 4948 1086 5015 qui
1117 4947 1197 5002 sic
1212 4957 1295 5002 est
1318 4950 1566 5006 elocutus
1595 4952 1775 5020 jussu,
1800 4954 1893 5023 qui
1931 4955 2079 5009 misit

514 5051 598 5088 me
637 5037 865 5104 gloriam
904 5037 1023 5105 ejus
1080 5040 1483 5107 nuntiaturum,
1531 5056 1597 5096 ac
1643 5044 2071 5111 magnitudinem

512 5129 768 5196 potenti-.e
831 5144 981 5191 suae,
1028 5145 1193 5199 quam
1245 5142 1435 5187 contra
1497 5134 1798 5190 oll'ensores
1860 5145 2075 5192 vestros

508 5220 759 5273 ostendet
802 5237 814 5273 :
850 5226 1135 5289 tantopere
1160 5220 1588 5279 iis-succensens
1617 5226 1714 5295 qui
1749 5241 1845 5281 vos
1875 5241 2075 5281 vexare

508 5312 832 5374 voluerunt,
894 5322 1100 5381 quanto
1150 5315 1216 5368 iis
1263 5315 1587 5371 irasceretur
1646 5319 1739 5388 qui
1788 5320 2074 5373 oculorum

510 5400 683 5469 ipsius
715 5402 946 5470 pupillas
980 5403 1213 5457 laederet.
1239 5402 1390 5458 Patet
1416 5414 1595 5460 autem
1628 5406 1793 5461 Deum
1826 5408 2071 5465 humano

508 5490 764 5559 loquendi
810 5506 960 5546 more
988 5494 1241 5546 eximiam
1281 5497 1677 5562 providentiam
1708 5512 1865 5551 suam
1899 5499 2075 5553 deno—

509 5591 624 5635 tare
654 5583 908 5637 voluisse.
934 5583 1064 5637 Tam
1092 5601 1307 5654 gravem
1333 5625 1348 5649 ,
1384 5586 1581 5655 inquit.
1615 5588 1855 5642 inimicis
1876 5591 2073 5646 vestris

509 5688 724 5741 pinnam
761 5674 1010 5737 inferant,
1049 5686 1105 5729 ut
1143 5676 1211 5730 ab
1250 5676 1357 5730 illis
1393 5676 1738 5746 expugnandi
1767 5680 1875 5733 sint
1906 5688 2070 5749 atque

507 5767 782 5828 vastandi,
838 5783 975 5833 quos
1021 5775 1177 5823 antea
1224 5769 1549 5825 famulorum
1604 5770 1724 5825 loco
1774 5769 2065 5828 habebant.

2202 2026 2308 2078 τῶν
2335 2026 2650 2096 δειχθέντων
2680 2030 2708 2081 ὁ
2733 2030 3017 2099 προφήτης
3052 2029 3361 2099 πληρωθεὶς
3388 2028 3519 2081 ξὸόα
3561 2028 3761 2094 λέγων’

2208 2136 2225 2165 ι
2242 2115 2382 2179 Ὢῶ,
2408 2117 2632 2186 φεύγετε
2658 2118 2765 2171 ἀπὸ
2785 2119 2888 2187 γῆς
2914 2118 3107 2190 βορρᾶ,
3129 2117 3277 2185 λέγει
3298 2118 3521 2183 Κύριοςο
3547 2117 3627 2185 (p.
3644 2115 3762 2183 457)

2200 2206 2335 2259 διότι
2366 2209 2431 2259 ἐκ
2459 2207 2566 2260 τῶν
2611 2208 2889 2277 τεσσάρων
2929 2208 3145 2277 ἀνέμων
3171 2206 3265 2259 τοῦ
3294 2204 3528 2277 ούρανοῦ
3560 2204 3764 2269 συνάξω

2202 2299 2364 2368 ὑμᾶς,
2393 2299 2537 2366 λέγει
2569 2299 2769 2370 Κύριος
2788 2317 2801 2329 ·
2837 2302 2913 2363 εἰς
2944 2299 3081 2352 Σιὼν
3109 2296 3473 2362 ἀνασώζεσθε,
3498 2298 3552 2350 οἱ
3582 2313 3760 2349 κατοι-

2202 2390 2422 2453 κοῦντες
2454 2391 2723 2462 θυγατέρα
2755 2391 3090 2455 Βαϐυλῶνος.
3118 2412 3137 2444 ι
3188 2391 3414 2446 Κελεύει
3444 2391 3553 2461 γὰρ
3580 2390 3645 2460 δὴ
3678 2391 3762 2441 καὶ

2199 2485 2311 2545 τοῖς
2352 2482 2558 2546 λοιποῖς
2587 2483 2694 2536 τῶν
2739 2484 2830 2536 ἐπὶ
2862 2484 2961 2555 τῆς
3006 2483 3381 2553 αἰχμαλωσίας
3423 2482 3595 2535 όντων
3651 2482 3759 2546 ἐτι,

2203 2575 2339 2639 μετὰ
2364 2573 2562 2643 πολλῆς
2588 2574 2867 2645 ἐκτρέχειν
2892 2574 2991 2643 τῆς
3014 2574 3247 2645 σπουδῆς
3265 2574 3357 2626 ἐπὶ
3379 2573 3440 2626 τὸ
3460 2570 3604 2626 Σιὼν
3622 2572 3759 2643 ὅρος,

2201 2662 2529 2733 θαρροῦντας
2580 2666 2691 2727 τοῖς
2738 2663 3164 2735 ἐπηγγελμένοις
3204 2662 3282 2734 τῷ
3326 2661 3446 2733 Θεῷ
3495 2664 3626 2733 περὶ
3669 2663 3761 2730 τῆς

2210 2753 2599 2825 Ἰερουσαλὴμ,
2651 2756 2710 2820 ός
2760 2756 3025 2826 ὑπέσχετο
3071 2756 3404 2827 πανταχόθεν
3453 2756 3653 2819 αὐτοὺς
3686 2757 3760 2817 εἰς

2192 2844 2368 2914 αὐτὴν
2408 2844 2655 2910 συνάξειν
2678 2863 2692 2878 ο
2734 2846 3012 2901 κάνταῦθα
3046 2848 3228 2918 μέντοι
3272 2846 3437 2901 πάλιν
3471 2847 3633 2901 τὸιέκ
3658 2847 3761 2899 τῶν

2198 2938 2473 3007 τεσσάρων
2490 2941 2736 3007 ἀνέμων»
2754 2939 2854 2991 οὐκ
2886 2938 3117 3010 ἀριθμόν
3142 2956 3285 3001 τινα,
3310 2938 3445 2993 ἀλλὰ
3468 2938 3531 2991 τὺ
3557 2954 3758 2993 παντα-

2196 3029 2352 3097 χόθεν
2396 3028 2562 3097 δηλοῖ,
2596 3029 2671 3093 ὡς
2716 3029 2781 3083 ἂν
2820 3029 3149 3101 θαρροῦντες
3185 3032 3236 3083 οἰ
3268 3030 3367 3100 τὴν
3412 3028 3758 3083 Βαῦυλωνίων

2196 3119 2467 3183 οἰκοῦντες
2502 3119 2684 3191 χώραν
2712 3120 2791 3174 ἔτι
2824 3121 2932 3174 τῶν
2980 3121 3264 3184 Ἰουδαίων,
3296 3121 3387 3173 ἐπὶ
3419 3122 3519 3192 τὴν
3568 3122 3757 3190 Ἰερου-

2201 3214 2380 3285 σαλὴμ
2417 3214 2716 3281 ἐπείγοιντο
2748 3213 2950 3277 πάντες
2979 3231 2993 3244 ·
3038 3207 3210 3286 οὗπερ
3236 3214 3513 3282 διάγοντες
3543 3213 3757 3283 βεϐαίαν

2198 3304 2375 3369 ἕξουσι
2406 3306 2498 3358 τοῦ
2532 3305 2717 3359 λοιποῦ
2750 3307 2848 3375 τὴν
2880 3306 3169 3378 σωτηρίαν,
3201 3304 3298 3359 τοῦ
3331 3304 3467 3358 Θεοῦ
3500 3304 3643 3358 κατὰ
3665 3305 3757 3366 τὰς

2197 3396 2403 3459 οἰκείας
2450 3396 2652 3460 αὐτοὺς
2706 3397 3061 3465 φυλάττοντος
3112 3396 3481 3465 ἐπαγγελίας,
3532 3396 3617 3449 ὅτι
3667 3396 3757 3465 μὲν

2198 3485 2471 3557 καθῃρέθη
2504 3488 2621 3540 τότε
2656 3486 2929 3550 Βαϐυλὼν,
2961 3490 3057 3542 καὶ
3090 3490 3239 3541 πᾶσα
3269 3489 3567 3558 πέπαυτοή
3593 3487 3755 3538 8:169-

2195 3576 2400 3631 λωνίων
2429 3580 2591 3650 ἀρχὴ,
2621 3583 2761 3634 κατὰ
2782 3580 2874 3634 τὸν
2900 3582 3125 3652 Δαρείου
3156 3581 3249 3635 τοῦ
3282 3580 3545 3651 βασιλέως
3577 3581 3753 3651 καιρὸν

2196 3668 2351 3741 δῆλον
2376 3688 2389 3701 ο
2444 3670 2555 3724 ἀλλ’
2603 3673 2752 3742 ὅμως
2778 3672 3009 3743 μηνύων
3046 3675 3170 3737 τοὺς
3214 3675 3336 3727 κατ’
3382 3675 3589 3727 ἐκεῖνον
3616 3672 3753 3740 ὀφεί-

2194 3758 2383 3823 λοντας
2424 3760 2513 3815 τὸν
2545 3762 2734 3832 καιρὸν
2765 3762 3029 3817 ἀνελθεῖν,
3082 3762 3192 3815 Καὶ
3242 3762 3350 3833 γὰρ
3397 3762 3627 3831 ἀνῆλθον
3671 3763 3751 3814 ἐπὶ

2193 3852 2417 3923 Δαρείου
2443 3853 2541 3906 οὐκ
2562 3853 2736 3921 ὀλίγοι
2770 3854 2857 3906 τὸν
2883 3853 3142 3924 ἀριθμόν·
3178 3854 3327 3923 ὅμως
3360 3854 3425 3905 ἐκ
3458 3856 3559 3923 τῆς
3592 3852 3751 3904 Βασυο

2192 3940 2358 4005 λῶνος
2408 3944 2600 4006 αὐτοὺς
2643 3943 2953 3996 ἐπανελθεῖν
2994 3943 3236 4008 κελεύει,
3271 3944 3357 3995 ἵνα
3396 3943 3528 4016 εἴπῃ
3558 3944 3651 4013 τῆς
3675 3944 3749 3995 αἰ-

2192 4032 2515 4101 χμαλωσίας
2571 4032 2637 4103 ἢν
2690 4032 2795 4085 ὑπὸ
2843 4032 3197 4087 Βαδυλωνίων
3256 4035 3744 4104 ύπομεμενήκεσαν.

2194 4123 2465 4194 Πρόδηλον
2491 4124 2547 4175 δὲ
2578 4123 2654 4186 ὡς
2682 4124 2738 4176 ἐν
2758 4124 3126 4194 ἐπιτάγματος
3146 4125 3388 4195 σχήματι
3418 4126 3646 4195 μήνυσιν
3663 4124 3746 4176 τοῦ

2190 4214 2450 4285 ἐσομένου
2488 4217 2740 4270 ποιεῖται.

2260 4308 2407 4379 Στίχ.
2444 4308 2603 4379 ηὀιβ’.
2647 4338 2718 4347 -
2772 4326 2791 4359 ι
2818 4308 2960 4361 Διότι
2987 4307 3110 4361 τάδε
3139 4306 3285 4374 λέγει
3324 4306 3532 4376 Κύριος
3571 4321 3748 4358 παντο-

2190 4400 2409 4471 κράτωρ
2428 4416 2443 4431 ο
2491 4399 2694 4452 Ὀπίσω
2715 4398 2873 4468 δόξης
2892 4398 3199 4452 ἀπέσταλκέ
3232 4414 3298 4469 με
3326 4398 3421 4450 ἐπὶ
3450 4397 3518 4450 τά
3543 4394 3661 4464 ἐθνη
3684 4394 3747 4445 τὰ

2191 4491 2561 4545 σκυλεύσαντα
2586 4491 2749 4561 ὑμᾶς’
2780 4491 2914 4544 διότι
2945 4490 2974 4541 ὁ
3000 4489 3302 4560 ἁπτόμενος
3325 4487 3501 4558 ὑμῶν,
3531 4490 3606 4556 (p.
3630 4485 3744 4553 458)

2189 4581 2264 4645 ὡς
2290 4584 2319 4635 ὁ
2346 4582 2647 4654 ἁπτόμενος
2670 4582 2768 4653 τῆς
2797 4582 2965 4653 κόρης
2989 4580 3082 4634 τοῦ
3106 4579 3379 4651 ὀφθαλμοῦ
3409 4580 3576 4633 αὑτοῦ
3592 4596 3605 4610 ·
3625 4578 3745 4631 διότι

2188 4672 2299 4743 ἐγὼ
2332 4675 2574 4747 ἐπιφέρω
2618 4674 2714 4745 τὴν
2739 4673 2897 4744 χεῖρά
2926 4690 3027 4745 μου
3060 4673 3147 4725 ἐπ’
3173 4672 3392 4736 αὐτοὺς,
3422 4672 3518 4724 καί⁵
3548 4671 3745 4723 ἔσονται

2186 4766 2356 4819 σκῦλα
2407 4769 2517 4829 τοῖς
2565 4765 2896 4819 δουλεύουσιν
2937 4766 3119 4828 αὐτοῖς
3141 4802 3156 4827 ,
3207 4764 3302 4818 καὶ
3346 4763 3617 4834 γνώσεσθε
3668 4762 3744 4815 δτι

2184 4856 2387 4927 Κύριος
2430 4858 2822 4929 παντοκράτωρ
2869 4857 3175 4912 ἀπέσταλκέ
3207 4874 3295 4928 με.
3338 4876 3357 4909 ι
3422 4855 3605 4910 Ταῦτα
3644 4856 3745 4923 γὰρ

2184 4949 2334 5018 ύμῖν,
2390 4950 2577 5018 φησὶν,
2611 4950 2876 5019 εἰρημένα
2914 4949 3075 5017 λέγω,
3118 4947 3212 5002 τοῦ
3262 4949 3546 5019 εἰρηκότος
3574 4946 3747 5001 κελεύ-

2188 5056 2381 5103 σαντος
2406 5039 2563 5105 Θεοῦ,
2601 5040 2660 5104 ὃς
2702 5040 3005 5094 ἁπέσταλκέ
3037 5057 3105 5111 με
3133 5042 3231 5112 τὴν
3259 5040 3416 5106 δόξαν
3444 5041 3574 5111 ὑμῖν
3612 5056 3745 5107 γνω-

2190 5133 2426 5204 ριοῦντα,
2456 5133 2627 5187 καὶτὸ
2656 5132 2882 5204 μέγεθος
2909 5134 3007 5203 τῆς
3038 5132 3200 5187 αὑτοῦ
3231 5132 3517 5202 δυνάμεως
3545 5124 3609 5203 ἧς
3634 5133 3748 5182 ἑπι-

2186 5222 2417 5286 δείξεται
2446 5222 2589 5276 κατὰ
2611 5222 2722 5275 τῶν
2748 5223 2895 5292 ὑμᾶς
2925 5221 3261 5292 ἠδικηκότων
3280 5238 3296 5253 ο
3344 5222 3521 5285 οὕτως
3547 5220 3747 5292 ὀργιζό-

2189 5332 2348 5385 μενος
2396 5315 2487 5368 ἐπὶ
2527 5317 2641 5378 τοῖς
2686 5331 2739 5367 τι
2787 5314 2976 5369 λυπεῖν
3008 5314 3546 5384 ὑμᾶςβουλομένοις,
3578 5312 3645 5374 ὡς
3680 5312 3747 5363 ἂν

2184 5405 2463 5476 ὀργισθείη
2517 5407 2571 5459 εἰ
2618 5422 2701 5469 τις
2759 5403 2925 5460 αὐτοῦ
2984 5406 3084 5470 τὰς
3140 5408 3309 5477 κόρας
3361 5406 3585 5476 βλάπτοι
3636 5401 3746 5455 τῶν

2180 5498 2473 5568 ὀφθαλμῶν
2499 5513 2512 5527 ·
2565 5497 2786 5568 εὔδηλον
2818 5498 2914 5569 μὲν
2942 5493 3035 5551 οῦν
3064 5498 3144 5551 ὅτι
3183 5498 3538 5569 ἀνθρωπίνως
3560 5496 3615 5549 τὺ
3639 5494 3746 5561 τῆς

2180 5590 2506 5659 κηδεμονίας
2568 5589 2842 5662 ἐξαίρετον
2894 5592 3067 5643 εἰπεῖν
3122 5588 3416 5660 ἠϐουλήθη.
3477 5588 3624 5643 Οῦτω
3686 5585 3744 5637 δέ

2182 5681 2401 5751 βαρεῖαν
2443 5681 2627 5746 ἐπάξω
2649 5722 2663 5744 ,
2718 5683 2849 5751 φησὶ
2873 5724 2887 5745 ,
2934 5685 3046 5743 τοῖς
3075 5681 3285 5751 ἐχθροῖς
3317 5684 3431 5742 τοῖς
3468 5678 3746 5748 ὑμετέρας

2181 5772 2281 5840 τὴν
2313 5770 2611 5841 τιμωρίαν,
2656 5768 2795 5822 ὥστε
2846 5770 2936 5823 ὑπ’
2990 5770 3210 5823 ἐκείνων
3258 5764 3744 5840 ἐκπολιορκηθῆναι
