3934 6530
132 366 213 425 εει
1049 366 1598 427 COMMENTARIUS
1638 371 1704 426 IN
1749 374 2123 434 ZACIIARl/E
2165 381 2319 438 CAP.
2363 383 2424 439 11.

3286 395 3390 451 5'22

128 499 176 536 τε
204 479 296 535 καὶ
324 481 662 555 πορθηθῆναι
692 484 785 548 οὓς
817 487 877 540 τὸ
923 487 1186 560 πρότερον
1232 490 1289 541 ἐν
1317 489 1518 543 δούλων
1559 485 1691 561 εἷχοι

1807 492 2178 559 Quamobrem
2207 513 2274 552 ex
2318 499 2434 568 ipso
2468 513 2648 554 rerum
2684 510 2880 558 eventu
2919 505 3134 576 pateﬁet
3172 523 3258 562 me
3300 509 3390 563 Dei

127 574 284 640 τάξει·
313 575 392 640 ὼς
413 576 480 630 ἃν
503 576 564 644 ἐξ
588 577 769 632 αὐτῶν
790 579 1004 647 γένοιτο
1019 581 1179 652 δῆλον
1201 581 1309 635 τῶν
1341 583 1705 654 πραγμάτων,

127 670 194 722 ὅτι
223 668 422 742 γνώμῃ
453 669 590 723 Θεοῦ
625 671 719 725 τοῦ
769 673 988 726 πάντων
1018 675 1226 746 Κυρίου
1275 676 1700 748 εὐαγγελίζομαι

126 760 284 815 ταῦτα
320 761 484 831 ὑμᾶς.
538 758 672 815 Εἶτα
719 764 981 835 καὶπρὸς
1023 765 1122 834 τὴν
1157 766 1310 818 πόλιν
1354 768 1702 839 ἀποστρέψας

48 855 60 874 ⁸
125 847 206 903 τδν
229 849 388 918 λόγον
411 867 426 880 ’
473 849 748 924 θυγατέρα
781 852 891 925 γὰρ
916 854 1017 924 τῆς
1051 855 1186 908 Σιὼν
1213 854 1309 926 τὴν
1353 858 1704 929 Ἰερουσαλὴμ

126 941 303 996 εἴωθεν
332 941 622 1014 ὀνομάζειν
642 960 656 976 ο
707 963 725 996 ι
754 946 972 1018 Τέρπου
1001 949 1094 1004 καὶ
1119 949 1431 1021 εὐφραίνου,
1463 951 1702 1023 θύγατερ

125 1031 251 1086 Σιών
274 1049 288 1066 ο
327 1033 461 1087 διότι
491 1035 599 1089 ἰδοὺ
625 1035 736 1103 ἐγὼ
768 1035 1024 1108 ἔρχομαι,
1064 1039 1158 1091 καὶ
1192 1041 1600 1109 κατασκηνώσει)
1643 1043 1702 1093 ἐν

126 1126 264 1196 μέσῳ
301 1142 428 1191 σου,
461 1127 607 1196 λέγει
645 1129 872 1199 Κύριος.
910 1149 928 1181 ι
975 1131 1064 1184 Ἐν
1097 1132 1313 1202 ἡδοναῖς
1351 1132 1442 1185 ἔσο
1473 1133 1567 1186 τού
1595 1135 1696 1186 λοι-

123 1214 232 1276 ποῦ,
263 1213 410 1280 ἔξεις
441 1218 549 1289 γάρ
583 1235 648 1288 με
683 1219 741 1271 ὲν
771 1221 852 1273 σοὶ
889 1223 956 1292 τῇ
992 1221 1292 1293 κηδεμονίᾳ.
1320 1224 1690 1294 δεικνύμενον

125 1325 141 1357 ι
172 1306 280 1360 Καὶ
320 1307 753 1376 καταφεύξονται
791 1309 918 1381 ἔθνη
960 1313 1131 1367 πολλὰ
1169 1315 1262 1367 ἐπὶ
1289 1315 1379 1367 τὸν
1412 1316 1614 1386 Κύριον
1642 1319 1701 1369 έν

120 1399 174 1468 τῇ
218 1397 409 1470 ἡμέρᾳ
455 1399 678 1471 ἐκείνῃ·
732 1402 828 1454 κα)⁸
856 1402 1068 1457 ἔσονται
1101 1403 1254 1474 αὐτῷ
1299 1406 1380 1468 είς
1414 1405 1558 1470 λαὸν,
1605 1407 1700 1460 καὶ

120 1491 628 1559 κατασκηνώσουσιν
656 1494 715 1544 ὲν
747 1493 899 1564 μέσῳ
934 1513 1028 1549 σου
1050 1537 1063 1558 ,
1105 1498 1198 1550 καὶ
1241 1497 1426 1569 γνώσῃ
1461 1499 1542 1550 ὅτι
1586 1497 1700 1554 Κύ-

121 1599 220 1652 ριος
265 1583 663 1656 παντοκράτωρ
714 1587 1083 1650 ἐξαπέσταλκέ
1146 1607 1213 1660 με
1259 1590 1395 1662 πρός
1444 1608 1503 1643 σε
1530 1608 1542 1620 ·
1605 1591 1700 1643 καὶ

118 1674 646 1747 κατακληρονομήσει
698 1675 900 1750 Κύριος
949 1679 1046 1733 τὸν
1104 1681 1302 1734 Ἰούδαν
1351 1683 1450 1752 τὴν
1505 1682 1696 1753 μερίδα

116 1768 271 1821 αὐτοῦ
299 1770 393 1823 ἐπὶ
413 1770 510 1842 τὴν
534 1771 698 1840 ἁγίαν
723 1774 847 1845 γῆν,
878 1776 955 1844 ip.
979 1775 1101 1846 459)
1131 1777 1225 1830 καὶ
1240 1780 1471 1849 αίρετιεῐ
1491 1778 1571 1831 ἔτι
1599 1779 1698 1848 τὴν

1807 586 2090 643 voluntate
2123 590 2369 644 omnium
2411 592 2623 648 Domini
2667 594 2782 651 hate
2813 599 2965 654 vobis
3001 615 3147 656 nunc
3177 599 3395 658 denun-

1810 679 1966 734 tiare.
2012 678 2219 737 Deinde
2251 683 2316 737 ad
2351 685 2542 740 urbem
2572 702 2790 757 quoque
2829 706 3135 748 sermonem
3161 708 3396 751 conver-

1807 780 1928 828 tens
1957 773 2121 843 (nam
2155 774 2318 830 ﬁliam
2358 777 2488 832 Sion
2521 783 2660 834 solet
2695 779 3035 842 Hierusalem
3061 788 3393 858 appellare).

1811 885 1828 915 ι
1864 864 2092 930 laetare,
2132 888 2149 918 ι
2183 870 2381 940 inquit,
2424 891 2441 921 ι
2470 880 2526 925 ct
2559 875 2755 943 gaude.
2790 875 2901 929 ﬁlia
2938 875 3094 942 Sion,
3119 881 3244 950 quia
3267 896 3396 936 ecce

1803 974 1905 1029 ego
1945 961 2128 1026 venio,
2163 969 2216 1014 et
2265 961 2527 1018 habitabo
2569 964 2624 1018 in
2665 968 2842 1023 medio
2889 969 2991 1031 tui,
3028 970 3162 1026 dicit
3213 973 3394 1028 Domi-

1805 1066 1930 1104 nus.
1974 1071 1990 1102 ι
2025 1051 2252 1108 ιιειίιίὶε
2302 1056 2553 1122 posthinc
2598 1057 2819 1123 incede;
2855 1059 3078 1116 habebis
3120 1064 3264 1120 enim
3307 1081 3395 1122 me

1803 1150 2005 1210 tecum,
2061 1146 2245 1199 tutela:
2286 1148 2335 1200 vi
2375 1146 2834 1207 demonstratum.
2884 1169 2903 1204 ι
2958 1151 3395 1227 Confugientque

1803 1243 1993 1305 gentes
2027 1238 2209 1291 inulta:
2241 1239 2308 1292 ad
2341 1239 2633 1296 Dominum
2665 1243 2754 1299 die
2786 1244 2874 1297 illa
2907 1263 2919 1298 :
2960 1258 3228 1317 eruntque
3259 1251 3307 1304 ei
3337 1251 3391 1306 in

1803 1327 2084 1396 populum,
2113 1339 2167 1384 et
2211 1330 2264 1384 in
2297 1333 2477 1388 medio
2505 1335 2583 1388 tui
2615 1335 2962 1402 habitabunt,
3008 1346 3061 1392 ct
3089 1329 3393 1409 cognosces

1802 1417 1947 1486 quod
1995 1435 2084 1474 me
2132 1421 2483 1491 omnipotens
2536 1423 2802 1480 Dominus
2839 1426 2909 1480 ad
2953 1435 3008 1483 te
3059 1428 3293 1486 miserit.
3330 1429 3395 1483 Et

1802 1510 2106 1577 possidebit
2155 1512 2418 1571 Dominus
2453 1515 2648 1573 ludam
2691 1520 2849 1588 quasi
2890 1529 3101 1589 partem
3139 1536 3296 1574 suam
3338 1523 3390 1575 iu

1803 1608 1946 1656 terra
1972 1613 2187 1668 sancta,
2218 1615 2272 1660 et
2298 1608 2459 1678 eliget
2483 1610 2660 1664 adhuc
2689 1609 3050 1668 Hierusalem.
3089 1631 3107 1662 ι
3138 1611 3389 1672 Tantam,

1803 1695 1999 1763 inquit,
2056 1699 2221 1753 vestri
2283 1701 2712 1758 sollicitudinem
2770 1719 2880 1773 prae
2941 1720 3028 1758 nie
3078 1705 3270 1769 feram,
3335 1715 3391 1759 ut

1801 1788 2117 1861 alienigena:
2166 1809 2388 1864 quoque
2441 1797 2596 1851 inulti
2645 1797 2713 1852 ad
2773 1814 2870 1854 vos
2917 1800 3202 1854 accursui-i
3256 1799 3388 1866 sint,

121 1858 492 1931 Ἰερουσαλήμ.
523 1880 544 1913 ι
598 1862 882 1934 τοσαύτην
909 1864 989 1926 δὲ,
1028 1866 1182 1935 φησι,
1226 1866 1324 1937 τὴν
1374 1868 1501 1937 περὶ
1546 1867 1691 1936 ὑμᾶς

1801 1877 2080 1951 Deumque
2120 1900 2206 1940 me
2247 1887 2553 1944 confessuri
2598 1891 2691 1960 qui
2734 1891 2878 1962 apud
2926 1907 3024 1949 vos
3071 1907 3344 1962 agnoscor
3374 1939 3387 1950 .

113 1946 446 2022 ιπιδείξομαι
479 1953 808 2024 κηδεμονίαν
832 1995 848 2019 ,
904 1953 1047 2009 ὥστε
1091 1957 1186 2010 καὶ
1239 1957 1347 2012 τῶν
1395 1957 1693 2030 ἀλλοτρίων

111 2041 334 2106 πολλοὺς
375 2045 461 2113 ἐφ’
503 2047 649 2116 ὑμᾶς
700 2051 1036 2118 καταφυγεῖν
1059 2089 1076 2112 ,
1130 2049 1265 2102 Θεὸν
1298 2050 1694 2120 ὁμολογοῦντας

109 2137 309 2192 ἑαυτῶν
336 2140 439 2210 ἐμὲ
464 2140 555 2193 τὸν
580 2141 710 2212 παρ’
738 2142 892 2213 ὑμῶν
917 2142 1319 2216 γνωριζόμενον
1335 2163 1348 2177 ·
1383 2145 1432 2200 οἳ
1462 2147 1555 2200 καὶ
1581 2147 1692 2200 τῶν

107 2230 314 2284 οίκείων
337 2232 676 2298 ἀποστάντες
700 2234 882 2289 τόπων
900 2236 1000 2306 τὴν
1018 2242 1234 2309 οἴκησιν
1254 2238 1570 2310 αἱρήσονται
1591 2239 1692 2310 τὴν

106 2324 156 2375 ὲν
174 2323 252 2376 σοὶ
280 2323 372 2377 διὰ
393 2325 494 2397 τὴν
519 2325 846 2398 κηδεμονίαν
871 2327 968 2400 τὴν
997 2329 1140 2399 ἐμήν
1159 2346 1172 2359 ·
1199 2330 1322 2384 τότε
1352 2330 1414 2403 δὴ
1447 2330 1684 2402 μάλιστα

104 2411 372 2479 γνώσεσθέ
404 2432 470 2486 με
497 2415 632 2470 Θεοῦ
665 2418 858 2491 γνώμῃ
885 2417 980 2473 τοῦ
1009 2420 1228 2474 πάντων
1269 2423 1474 2493 Κυρίου
1506 2422 1680 2484 ταῦτα

1797 1969 1910 2035 isti,
1957 1973 2208 2043 inquam,
2264 1993 2294 2032 a
2349 1982 2468 2036 suis
2517 1981 2656 2038 locis
2698 1983 3088 2054 digredientes,
3142 1985 3390 2040 habitare

1795 2065 1940 2131 apud
1989 2077 2038 2120 te
2084 2068 2326 2132 malent,
2383 2074 2746 2142 patrocinium
2787 2090 2969 2131 meum
3013 2077 3386 2147 exquirentes.

1797 2153 1936 2210 Tum
1962 2173 2092 2214 vero
2115 2163 2354 2218 maxime
2380 2179 2476 2220 vos
2506 2168 2856 2237 cognoscetis
2878 2184 2965 2224 me
3009 2167 3102 2225 Dei
3136 2170 3383 2228 omnium

1798 2243 2014 2306 Domini
2050 2250 2333 2308 voluntate
2375 2255 2490 2311 haec
2531 2257 2687 2313 vobis
2721 2259 3004 2324 nuntiare,
3029 2261 3123 2330 qui
3159 2270 3212 2316 et
3236 2261 3390 2318 Juila:

1791 2347 2030 2396 veterem
2077 2352 2237 2401 terra:
2270 2348 2567 2419 assignatas
2613 2359 2831 2421 partem
2864 2355 3156 2422 restituet,
3194 2363 3391 2414 totam-

1790 2445 1899 2500 que
1932 2431 2271 2492 Hierusalem
2298 2441 2516 2494 cunctis
2549 2441 2889 2510 splendidam
2921 2440 3135 2497 eﬁiciet.

105 2507 218 2576 ὑμῖν
241 2506 765 2581 εὐαγγελιζόμενον,
795 2511 855 2576 ὃς
884 2511 962 2583 τῷ
993 2529 1054 2565 τε
1098 2513 1267 2584 Ἰούδᾳ
1305 2515 1404 2587 τὴν
1433 2515 1668 2573 παλαιὰν
1706 2519 1856 2592 αὐτῷ
1889 2525 2083 2597 μερίδα
2111 2531 2211 2599 τῆς
2235 2530 2338 2601 γῆς
2361 2506 2652 2599 ἀποδώσει,
2687 2536 2866 2590 πᾶσαν
2891 2537 2990 2608 τὴν
3032 2538 3389 2610 Ἰερουσαλήμ

101 2621 153 2659 τε
177 2606 455 2676 ἀποφανεῖ
482 2608 629 2679 παρά
657 2611 822 2664 πᾶσιν
848 2610 1130 2683 λαμπράν.

163 2700 307 2774 Στίχ.
352 2708 442 2770 ιγ’.
492 2732 562 2743 -
615 2698 748 2757 Εἶτα
807 2703 1118 2769 ἀκολούθως
1177 2705 1371 2775 ἐπάγει
1400 2723 1413 2737 ⁸
1453 2727 1474 2757 ‹
1511 2707 1687 2762 Εὑλαυ

101 2791 288 2847 δείσθω
339 2794 494 2847 πᾶσα
537 2793 676 2865 σὰρξ
723 2796 832 2850 ἀπὸ
874 2797 1166 2868 προσώπου
1213 2799 1448 2872 Κυρίου,
1483 2802 1564 2855 ὅτι
1603 2801 1691 2866 ἐξ·

100 2889 393 2958 εγήγερται
435 2886 501 2940 ἐκ
541 2887 780 2958 νεφελῶν
825 2889 995 2958 ἁγίων
1034 2891 1222 2948 αὐτοῦ.
1262 2912 1280 2944 ι
1329 2894 1492 2947 Ὥστε
1523 2897 1689 2949 πᾶσιν

97 2979 289 3047 ὁμοίως
311 2982 430 3043 τοῖς
461 2997 520 3033 τε
552 2981 772 3045 οἰκείοις
791 2983 884 3036 καὶ
913 2986 1024 3048 τοῖς
1058 2984 1360 3060 ἀλλοτρίοις
1388 2988 1685 3060 ἁρμόττειν

96 3072 394 3128 δεδοικέναι
428 3072 616 3129 λοιπὸν
650 3074 740 3129 τὸν
770 3075 922 3142 Θεὸν,
961 3076 1020 3142 ὃς
1051 3079 1116 3132 ἐκ
1143 3079 1254 3132 τῶν
1284 3081 1572 3152 ἀνωτέρων
1602 3082 1689 3135 τό·

1865 2709 2033 2767 Vens.
2067 2711 2150 2766 i5.
2183 2743 2252 2756 ——
2285 2712 2488 2769 Deinde
2519 2719 2695 2787 pergit
2721 2717 2904 2774 dicere
2930 2739 2943 2774 :
2974 2741 2993 2772 ‹
3023 2722 3234 2781 Timeat
3265 2730 3387 2782 uni-

1791 2814 1949 2853 versa
1994 2814 2124 2855 caro
2165 2817 2192 2854 a
2240 2802 2380 2859 facie
2430 2803 2672 2872 Domini.
2731 2811 2989 2878 quoniam
3037 2821 3386 2875 consurrexit

1788 2889 1950 2961 305
2002 2891 2070 2947 de
2123 2893 2364 2951 nubibus
2417 2898 2626 2953 sanctis
2678 2901 2818 2956 suis.
2863 2922 2881 2952 ι
2919 2903 3166 2962 Cunctos
3230 2926 3384 2980 teque

1791 2991 1905 3037 tum
1935 2983 2269 3042 domesticos
2295 2996 2408 3042 tum
2433 2989 2772 3062 alienigenas
2804 2995 3001 3051 timore
3035 2996 3128 3052 Dei
3163 3003 3380 3068 percelli

1791 3073 2052 3145 deinceps
2081 3075 2239 3132 decet
2263 3117 2278 3141 .
2322 3079 2416 3148 qui
2453 3079 2521 3135 de
2555 3085 2814 3152 supernis
2857 3085 2992 3141 locis
3013 3127 3027 3150 ,
3057 3103 3196 3158 quos
3227 3092 3382 3147 inco-

100 3186 228 3229 πων,
267 3167 367 3232 οὓς
400 3171 568 3222 οίκεῖν
596 3186 655 3223 τε
683 3169 840 3224 εἴωθε
868 3171 961 3224 καὶ
987 3171 1178 3240 ἀγίους
1209 3176 1273 3228 ἐκ
1303 3175 1401 3247 τῆς
1427 3177 1688 3248 οἰκήσεως

1796 3164 1908 3221 lere
1957 3167 2118 3231 solet,
2163 3185 2414 3240 quosque
2469 3187 2694 3229 sanctos
2750 3175 2992 3234 incolatu
3049 3194 3151 3233 suo
3194 3180 3379 3246 cilicit,

98 3259 477 3315 ἀποδεικνύναι
519 3263 618 3333 τῆς
649 3263 876 3326 οἰκείας,
914 3263 1199 3335 κεκίνηται
1226 3265 1282 3320 δὲ
1312 3267 1403 3320 ἐπὶ
1437 3267 1689 3340 βοήθειαν

97 3352 374 3425 ἡμετέραν
424 3352 628 3418 ἐλθεῖν,
671 3354 859 3409 τοῦτον
887 3355 1169 3425 φοϐεῖσθαι
1210 3359 1374 3412 πᾶσιν
1417 3360 1688 3431 ἁρμόττον

94 3451 197 3510 τοῖς
220 3467 278 3503 τε
308 3450 557 3515 οἰκείοις,
586 3451 662 3514 ὡς
693 3453 758 3505 ἂν
788 3452 864 3524 μὴ
894 3457 1262 3525 παρανομοῖεν
1293 3454 1566 3524 καθάπαξ,
1593 3458 1688 3512 καὶ

94 3545 197 3607 τοῖς
226 3543 534 3614 ἀλλοτρίοις
570 3543 644 3607 ὡς
673 3545 738 3599 ἂν
773 3545 940 3616 μηδὲν
975 3547 1104 3618 περὶ
1150 3547 1277 3611 τοὺς
1333 3547 1484 3620 αὐτῷ
1518 3567 1687 3621 προσ-

93 3636 323 3705 ήκοντας
353 3637 686 3709 ἐπιχειροῖεν
725 3636 827 3691 ἔτι.
859 3636 1014 3692 Οὕτω
1046 3637 1110 3710 δὴ
1155 3641 1278 3704 ταῖς
1309 3641 1685 3710 ἀποκαλύψεσι

91 3727 313 3791 ταύταις
341 3727 415 3782 τὰ
438 3728 531 3781 ἐπὶ
565 3727 664 3797 τῆς
694 3726 926 3799 πρόσθεν
955 3729 1350 3800 ἀποκαλύψεως
1381 3733 1687 3802 μηνυθέντα

90 3819 422 3889 βεϐαιώσας,
471 3821 552 3874 ὅτι
607 3822 1039 3892 τετιμωρήσεται
1088 3824 1217 3886 τοὺς
1253 3823 1548 3891 ἐναντίους,
1593 3826 1686 3878 καὶ

88 3913 165 3965 ὅτι
215 3913 510 3984 εὖποιήσει
566 3913 665 3985 τὴν
702 3913 1091 3986 Ἰερουσαλὴμ,
1148 3914 1395 3978 ἅπαντάς
1441 3933 1500 3968 τε
1564 3917 1687 3980 τοὺς

89 4008 474 4076 προσήκοντας
502 4006 640 4077 αὐτῇ
669 4005 778 4057 τῶν
812 4005 1100 4072 Ἰουδαίων,
1139 4007 1222 4076 ἐφ’
1257 4007 1450 4078 ἐτέρας
1480 4008 1688 4060 ἀποκα-

86 4096 272 4167 λύψεις
301 4097 572 4168 τρέπεται
605 4097 748 4168 μάλα
772 4115 836 4166 γε
870 4099 1006 4168 πρὸς
1034 4099 1094 4151 τὸ
1129 4101 1490 4169 προκείμενον
1519 4101 1687 4169 ἀναγ-

85 4189 286 4252 καίαςο
345 4190 408 4242 ὲν
453 4187 799 4258 αἰχμαλωσίᾳ
862 4187 961 4258 μὲν
1014 4187 1123 4258 γὰρ
1172 4189 1548 4259 τυγχάνοντες,
1592 4191 1687 4244 καὶ

84 4278 357 4347 βασιλέως
381 4279 671 4350 ἐστέρηντο
700 4280 794 4332 καὶ
816 4279 1026 4351 ἱερέως,
1062 4282 1138 4350 (p.
1172 4280 1297 4350 460)
1330 4280 1365 4334 ἃ.
1396 4280 1460 4352 δὴ
1488 4281 1688 4354 κυριώο

81 4389 215 4426 τατα
239 4372 391 4443 πρὸς
415 4371 515 4442 τὴν
541 4371 634 4424 τοῦ
668 4370 852 4434 ἔθνους
879 4373 1251 4444 συγκράτησιν
1278 4369 1346 4444 ἦν
1366 4389 1380 4402 ο
1416 4374 1509 4426 τοῦ
1539 4374 1687 4445 βασι-

78 4463 212 4527 λέως
251 4463 366 4535 μὲν
413 4461 470 4514 ἐν
521 4479 582 4514 τε
629 4464 743 4527 τοῖς
778 4461 1039 4532 πολέμοις
1089 4465 1184 4517 καὶ
1225 4467 1289 4536 τῇ
1335 4465 1442 4518 τῶν
1481 4464 1684 4519 λοιπῶν

1795 3272 1943 3311 nunc
1976 3273 2106 3314 vero
2136 3259 2203 3314 ad
2235 3276 2391 3330 opem
2427 3263 2586 3318 nobis
2611 3264 2890 3320 ferendam
2920 3271 3186 3336 procedit.
3225 3272 3381 3330 Hunc

1790 3363 1821 3402 a
1863 3350 1980 3405 suis
2007 3351 2262 3407 omnibus
2291 3353 2466 3409 timeri
2497 3365 2733 3426 oportet,
2765 3369 2822 3415 ut
2861 3363 3084 3418 omnino
3109 3379 3214 3421 non
3250 3382 3379 3436 pec-

1792 3450 1954 3509 cent;
2005 3444 2074 3498 ab
2121 3445 2450 3518 alienigenis
2517 3459 2721 3517 autem,
2779 3469 2848 3508 ne
2903 3471 3143 3527 unquam
3193 3468 3378 3530 postea

1788 3537 2050 3606 populum
2076 3538 2126 3593 ei
2150 3540 2429 3596 addictum
2460 3544 2656 3600 laedere
2675 3547 2886 3601 ausint.
2920 3548 3010 3604 Sic
3036 3552 3200 3622 igitur
3229 3563 3382 3623 post-

1787 3641 1953 3696 quam
2003 3628 2090 3683 his
2150 3632 2598 3699 revelationibus,
2671 3651 2760 3691 res
2819 3641 3002 3709 priore
3052 3643 3381 3699 revelatione

1789 3721 2079 3790 pmdictas
2125 3725 2509 3790 conﬁrmavit,
2565 3744 2762 3800 nempe
2823 3733 2970 3803 quod
3037 3739 3379 3794 adversarios

1786 3813 2000 3881 puniet,
2049 3820 2104 3869 et
2145 3817 2266 3871 urbi
2323 3816 2666 3876 Hierusalem
2712 3825 2849 3880 bene
2899 3826 3082 3892 faciet,
3128 3846 3228 3885 nee
3272 3847 3378 3887 non

1789 3907 2047 3963 omnibus
2087 3908 2141 3960 in
2174 3908 2348 3976 ipsius
2391 3911 2597 3969 dilioue
2625 3913 2864 3981 Iudicis;
2911 3921 2976 3974 ad
3011 3923 3147 3978 alias
3181 3929 3380 3981 transit

1787 3998 2151 4063 revelationes
2225 4001 2352 4056 huic
2416 4009 2699 4076 proposito
2777 4013 3022 4081 apprime
3084 4030 3372 4086 congruas.

1789 4089 2004 4145 Etenim
2041 4092 2093 4145 in
2135 4096 2453 4163 captivitate
2496 4109 2804 4167 versantes,
2849 4119 2975 4173 rege
3023 4108 3287 4162 carebant
3313 4125 3377 4164 ac

1788 4183 2092 4246 sacerdote,
2119 4186 2212 4256 qui
2240 4187 2401 4242 ambo
2433 4191 2665 4245 maxime
2687 4193 2752 4246 ad
2789 4195 3000 4249 ﬁrmam
3031 4198 3210 4267 gentis
3245 4213 3378 4254 con-

1789 4275 2126 4329 sututiouem
2155 4281 2452 4334 necessarii
2487 4293 2676 4338 erant:
2711 4293 2770 4338 ut
2796 4302 2887 4341 rex
2928 4289 3189 4344 nimirum
3218 4291 3377 4350 bellis

1788 4368 2042 4434 gerendis
2073 4370 2409 4442 reliquisque
2444 4376 2595 4444 regni
2632 4378 2826 4432 usibus
2847 4383 3215 4452 exsequendis
3250 4399 3379 4454 ope-

1789 4473 1903 4512 ram
1955 4477 2111 4516 suam
2167 4472 2412 4531 navaret,
2469 4468 2727 4524 sacerdos
2780 4480 2962 4526 autem
3011 4475 3268 4544 precibus
3325 4489 3379 4532 et

81 4556 356 4630 διοικήσει
405 4555 504 4626 τὴν
538 4553 726 4626 χρείαν
763 4555 1138 4626 παρεχομένου
1170 4555 1270 4627 τὴν
1303 4556 1534 4624 οἰκείαν,
1587 4556 1684 4610 τοῦ

1796 4552 2317 4622 supplicationibus,
2357 4565 2409 4612 et
2441 4559 2709 4615 universa)
2743 4560 2852 4616 Deo
2895 4539 3094 4620 debita)
3142 4567 3379 4638 liturgim

80 4649 274 4718 ἱερέως
309 4648 374 4702 δὲ
404 4647 517 4701 τῶν
549 4665 606 4701 τε
629 4647 866 4720 δεήσεων
893 4647 1112 4702 καὶτῶν
1143 4649 1364 4702 ίκεσιῶν
1383 4649 1475 4702 καὶ
1507 4649 1689 4722 πάσης

82 4742 146 4812 δὴ
198 4741 303 4813 τῆς
363 4739 489 4812 Θεῷ
530 4741 912 4820 προσηκούσης
955 4737 1276 4812 ἐξάρχοντος
1323 4741 1685 4815 λειτουργίας.

83 4831 266 4908 Ὅπερ
295 4828 400 4888 οὖν
429 4833 525 4887 καὶ
571 4834 599 4885 ὁ
636 4834 922 4905 προφήτης
964 4833 1123 4902 Ὠσηέ
1153 4832 1454 4904 προλέγων,
1497 4851 1516 4884 ι
1541 4834 1689 4887 Διότι

78 4926 324 4996 ἡμέρας,
366 4945 386 4976 ι
427 4925 584 4994 φησὶ,
615 4944 633 4977 ι
675 4924 876 4990 πολλὰς
902 4924 1216 4979 καθίσονται
1243 4927 1293 4978 οἱ
1321 4925 1427 4978 υἱοὶ
1471 4925 1688 4997 Ἰσραὴλ

76 5019 175 5074 οὐκ
195 5021 364 5083 ὄντος
395 5019 680 5089 ἄρχοντος,
700 5017 820 5070 οὐδὲ
848 5015 1011 5087 οὔσης
1037 5016 1247 5080 θυσίας,
1268 5017 1389 5070 οὐδὲ
1415 5015 1566 5081 ὄντος
1600 5016 1690 5070 θυ-

76 5110 442 5182 σιαστηρίου,
461 5110 581 5163 οὐδὲ
619 5111 910 5184 ἱερατείας,
943 5110 1060 5164 οὐδὲ
1088 5109 1282 5181 δήλων.
1319 5129 1338 5160 ι
1363 5109 1608 5162 Δεικνύει
1631 5108 1688 5162 δὲ

71 5203 158 5258 δια
185 5205 294 5275 τῆς
333 5202 630 5274 παρούσης
673 5201 1068 5270 ἀποκαλύψεως
1101 5203 1129 5254 ὁ
1158 5201 1289 5265 Θεὸς
1322 5201 1399 5272 τῷ
1432 5202 1688 5273 προφήτῃ

70 5294 149 5358 είς
177 5291 554 5348 διδασκαλίαν
599 5292 800 5356 παντὸς
843 5292 936 5345 τοῦ
985 5291 1134 5354 λαοῦ,
1173 5293 1255 5346 ὅτι
1303 5293 1399 5345 καὶ
1445 5290 1621 5345 ταῦτα
1651 5290 1688 5345 ἃ

1789 4655 2065 4715 prmesset.
2128 4646 2282 4714 Quod
2350 4647 2521 4706 Oscas
2577 4668 2795 4722 quoque
2859 4656 3121 4726 propheta
3179 4659 3375 4728 pradi-

1791 4753 1921 4794 cens
1949 4780 1962 4802 ,
1997 4758 2015 4789 ι
2051 4737 2188 4805 Quia
2227 4741 2345 4796 dies
2378 4743 2600 4806 multos,
2639 4763 2657 4794 ι
2695 4744 2893 4816 inquit,
2931 4767 2950 4799 ‹
2986 4748 3252 4805 sedebant
3282 4751 3378 4805 ﬁlii

1792 4829 2009 4886 Israelis
2056 4831 2178 4886 sine
2215 4833 2484 4904 principe,
2531 4835 2651 4892 sine
2698 4839 2991 4906 sacriﬁcio,
3038 4842 3156 4897 sine
3192 4845 3375 4908 aitari,

1793 4926 1911 4976 sine
1941 4924 2158 4976 vatibus
2181 4925 2248 4977 ⁸⁷.
2267 4946 2282 4976 ι
2313 4925 2591 4982 Ρικεεθιιιθ
2618 4945 2750 4984 vero
2780 4932 3106 4988 revelatione
3135 4937 3378 4992 ostendit

1791 5014 2070 5084 propheta:
2113 5015 2252 5071 Deus
2299 5017 2365 5071 ad
2403 5020 2569 5073 totius
2604 5023 2786 5091 populi
2836 5023 3224 5088 eruditionem,
3262 5027 3378 5081 fore

1794 5115 1852 5159 ut
1907 5107 2020 5160 haec
2071 5107 2186 5176 ipsa
2240 5125 2360 5180 qua:
2419 5109 2486 5163 ad
2530 5113 2918 5168 continendam
2982 5119 3374 5187 rempublicam

1790 5199 2026 5252 maxima
2073 5210 2204 5255 sunt
2241 5209 2294 5256 et
2346 5205 2517 5271 prima
2570 5220 2634 5259 ac
2684 5208 3020 5273 necessaria,
3071 5210 3270 5278 quibus
3321 5213 3374 5265 in

1795 5293 2112 5362 captivitate
2159 5297 2441 5361 carebant,
2477 5297 2611 5366 ipsis
2644 5313 2671 5351 a
2717 5297 2827 5353 Deo
2869 5299 3170 5354 reddantur
3205 5320 3216 5332 ·
3249 5304 3378 5372 quia

69 5386 134 5458 δη
166 5385 432 5458 μέγιστά
462 5403 522 5438 τε
550 5380 618 5456 ἦν
644 5386 740 5439 καὶ
771 5385 962 5455 πρῶτα
995 5386 1088 5440 καὶ
1114 5386 1390 5454 ἀναγκαῖα
1423 5383 1558 5456 πρὸς
1586 5383 1691 5455 τὴν

1797 5383 1929 5438 urbs
1969 5382 2226 5436 nimirum
2277 5401 2402 5438 cum
2444 5395 2603 5456 gente
2654 5403 2868 5444 onmem
2918 5398 3171 5443 ornatum
3219 5407 3376 5447 suum

67 5478 158 5532 τοῦ
190 5477 399 5534 κοινοῦ
433 5476 824 5548 συγκράτησιν,
859 5468 1042 5550 ὦνπερ
1069 5478 1160 5531 ἐπὶ
1184 5477 1286 5548 τῆς
1313 5475 1689 5547 αἰχμαλωσίας

1800 5487 2082 5544 receptura
2117 5484 2254 5531 erat.
2296 5477 2384 5532 Sic
2407 5495 2536 5549 ergo
2570 5481 2644 5533 ait
2679 5499 2691 5533 :

69 5571 217 5637 εἰκὸς
261 5570 598 5641 ἐστέρηντο,
633 5572 1025 5646 ἀποδοθήσεται
1063 5572 1156 5627 νῦν
1194 5573 1374 5635 αὐτοῖς
1417 5573 1566 5643 παρὰ
1597 5571 1690 5626 τοῦ
1730 5573 1887 5636 Θεοῦ,
1931 5571 2026 5626 ἆτε
2057 5575 2154 5634 τῆς
2190 5575 2396 5639 πόλεως
2444 5578 2538 5631 σὺν
2584 5576 2661 5649 τῷ
2696 5577 2837 5633 ἔθνει
2881 5582 3062 5636 πᾶσαν
3099 5581 3198 5652 τὴν
3226 5581 3381 5636 εὐκο-

70 5663 241 5734 σμίαν
270 5661 702 5734 ἀπολαμϐάνειν
736 5663 1034 5735 μελλούσης
1071 5666 1170 5743 τὴν
1202 5665 1423 5720 οἰκείαν.
1462 5663 1622 5734 Λέγει
1655 5664 1832 5720 τοίνυν
1859 5663 2050 5730 οὕτως’

142 5847 187 5879 ⁵⁷
226 5847 373 5904 Ose.
443 5859 522 5908 ιιι,
565 5845 619 5903 ι.

427 5939 699 5999 Parnm"
727 5937 841 5999 Gn.
889 5935 996 5996 LX
1009 5936 1104 6025 νιν

2963 5951 3055 6009 17.
