3934 6536
507 388 612 448 ὕῖδ

1149 494 1432 551 CAP.’1ll.

582 605 745 658 Vens.
786 599 890 653 1-5.
912 626 983 637 --
1016 611 1033 643 ι
1076 590 1141 644 Et
1167 586 1413 644 ostendit
1450 583 1581 637 milii
1614 580 1877 634 Dominus
1903 574 2090 629 Jesum

508 695 848 755 sacerdotem
904 700 1182 757 magnum,
1236 689 1472 737 stantem
1515 684 1644 731 ante
1681 674 1875 729 faciem
1917 668 2092 740 angeli

508 786 749 847 Domini,
781 792 834 837 et
865 778 1120 836 diabolus
1154 774 1338 829 stabat
1368 786 1396 824 a
1422 768 1630 825 dextris
1656 767 1805 838 ejus,
1830 772 1889 817 ut
1910 762 2096 815 adver-

510 888 726 935 saretur
769 875 841 929 ei.
893 871 958 926 Et
996 869 1134 924 dixit
1177 866 1440 919 Dominus
1492 860 1656 932 306
1701 857 1918 911 diabolo
1957 873 1969 907 :
2013 853 2095 906 ln-

510 979 695 1042 crepet
724 965 987 1021 Dominus
1011 970 1085 1026 te,
1118 958 1364 1023 diabole;
1398 964 1451 1009 et
1472 956 1716 1021 increpet
1752 959 1803 1004 te
1830 946 2096 1001 Dominus

511 1064 605 1135 qui
655 1060 816 1128 elegit
854 1054 1217 1111 Hierusalem.
1272 1048 1463 1104 Nonne
1510 1060 1638 1100 ecce
1686 1045 1785 1097 hoc
1824 1050 1881 1094 ut
1928 1038 2097 1091 torris

512 1130 701 1214 erutus
733 1152 800 1207 dc
826 1151 947 1221 igne
976 1145 1097 1203 est?
1144 1143 1210 1197 Et
1238 1140 1401 1197 Jesus
1438 1136 1668 1193 indutus
1700 1140 1819 1189 erat
1851 1130 2097 1185 vestibus

515 1246 791 1312 sordidis,
841 1254 895 1298 et
925 1241 1105 1297 stabat
1137 1243 1265 1291 ante
1301 1233 1496 1287 faciem
1539 1228 1736 1300 angeli.
1771 1222 2098 1293 Respondit-

515 1359 644 1415 quc,
686 1348 740 1395 et
771 1339 846 1391 ait
896 1331 1244 1388 adstantibus
1290 1340 1473 1382 coram
1528 1322 1808 1376 facie'sua
1856 1316 2046 1369 dicens
2084 1332 2095 1366 :

516 1406 742 1490 Auferte
791 1428 1115 1486 vestimenta
1164 1420 1387 1477 sordida
1442 1417 1511 1471 ab
1559 1430 1646 1469 eo.
1695 1410 1951 1478 Dixitque
1995 1406 2043 1460 ei
2082 1420 2097 1457 :

519 1529 660 1583 Ecce
697 1523 893 1579 abstuli
938 1517 1255 1587 iniquitates
1289 1522 1444 1576 tuas;
1483 1517 1537 1563 et
1586 1503 1793 1562 induite
1836 1516 1961 1555 eum
2007 1514 2103 1568 po-

520 1626 650 1677 dere
673 1664 686 1686 ,
719 1626 773 1672 et
820 1613 1079 1683 imponite
1123 1608 1341 1662 mitram
1375 1619 1437 1658 ac
1461 1602 1687 1656 cidarim
1719 1594 1976 1655 mundam
2010 1608 2103 1647 su-

520 1731 617 1787 per
648 1717 813 1782 caput
846 1708 986 1775 ejus.
1031 1703 1095 1757 Et
1131 1699 1595 1767 circumjeecrnnt
1633 1694 1681 1746 ei
1724 1688 2050 1745 vestimenta
2086 1700 2097 1734 :

520 1818 575 1863 ut
602 1807 980 1874 imposuerunt
1011 1799 1226 1849 mitram
1272 1807 1336 1845 ac
1375 1788 1604 1843 eidarim
1648 1782 1906 1838 mundam
1937 1793 2103 1848 super

522 1872 696 1968 caput
728 1893 868 1962 ejus.
911 1910 928 1940 ι
980 1882 1305 1940 Necessario
1361 1876 1655 1935 sacerdotii
1705 1872 2104 1929 restitutionem

520 1991 579 2043 in
611 1983 914 2043 sacerdotis
950 1991 1182 2050 persona
1227 1973 1407 2037 videt;
1444 1984 1619 2040 neque
1672 1967 1818 2021 enim
1852 1962 2109 2020 sacerdo-

520 2082 661 2134 tium
702 2090 797 2147 per
824 2088 883 2128 se
928 2068 1142 2128 visibile
1171 2075 1275 2130 est,
1308 2066 1400 2119 sed
1461 2062 1515 2114 in
1559 2061 1627 2113 iis
1664 2066 1876 2111 tantum
1909 2053 2111 2124 quibus

520 2169 665 2225 illud
704 2144 899 2237 gerere
933 2158 1291 2217 commissum
1318 2162 1423 2209 est.
1478 2150 1636 2205 Videt
1655 2164 1786 2217 ergo
1810 2144 1996 2201 Jesum
2028 2158 2113 2199 sa-

518 2262 801 2319 cerdotem
834 2267 1090 2326 magnum
1141 2251 1327 2321 (porro
1361 2259 1621 2316 magnum
1663 2241 1798 2295 dicit
1832 2239 1985 2293 illum
2019 2235 2112 2305 qui

523 2350 899 2414 successionis
970 2346 1094 2415 jure
1129 2385 1145 2408 ,
1229 2339 1593 2395 ministerium
1666 2331 1866 2387 Aaroni
1961 2330 2115 2383 attri-

529 2451 717 2504 butum
777 2441 1030 2515 gerebat)
1081 2435 1274 2507 angelo
1324 2440 1627 2493 astantem,
1681 2426 1939 2497 quoniam
1996 2435 2115 2475 om-

526 2542 682 2596 nium
727 2535 1010 2593 hominum
1051 2529 1262 2599 angelis
1302 2539 1434 2580 cura
1483 2520 1775 2577 commissa
1806 2523 1928 2580 est;
1974 2513 2119 2568 sicut

532 2639 695 2691 etiam
731 2628 1000 2685 Dominus
1031 2624 1085 2679 in
1122 2618 1431 2689 Evangeliis
1466 2616 1541 2669 ait
1586 2632 1597 2667 :
1640 2631 1659 2664 ι
1698 2611 1887 2681 Angeli
1925 2621 2115 2664 eorum

532 2738 749 2795 semper
807 2720 993 2775 vident
1037 2715 1233 2770 faciem
1302 2711 1477 2764 Patris
1544 2707 1649 2761 mei
1702 2706 1795 2776 qui
1854 2704 1910 2758 in
1960 2700 2119 2757 cmlis

532 2827 618 2875 est
650 2817 717 2871 ⁸⁸.
758 2834 776 2866 ι
810 2812 949 2866 Tum
980 2817 1033 2863 et
1072 2808 1128 2862 in
1160 2802 1386 2860 Actibus
1406 2801 1695 2856 beatorum
1719 2796 2117 2867 apostolorum,

536 2931 557 2963 ε
602 2908 845 2980 Angelus
873 2904 993 2973 ejus
1017 2911 1122 2961 est,
1160 2917 1177 2948 ι
1208 2896 1276 2950 de
1312 2896 1469 2949 beato
1508 2892 1664 2944 Petro
1695 2889 1950 2942 dixerunt
1991 2885 2117 2955 qni-

535 3007 681 3061 dam.
744 2996 1069 3055 Necessario
1116 2999 1296 3045 autem
1349 2988 1435 3041 hic
1485 2986 1648 3039 etiam
1689 2996 1875 3036 coram
1928 2979 2121 3050 angelo

538 3096 849 3154 consistens
888 3092 1147 3160 apparet,
1180 3082 1235 3137 id
1262 3090 1347 3136 est
1371 3093 1557 3134 coram
1594 3076 1686 3129 illo
1715 3074 1803 3128 cui
1837 3070 2121 3126 curandus

539 3205 573 3246 a
618 3187 803 3242 divina
848 3181 1131 3236 voluntate
1169 3172 1500 3228 commissus
1534 3167 1732 3222 fuerat.
1758 3164 1951 3218 Stabat
1991 3163 2118 3216 item

546 3280 794 3336 diabolus
834 3273 1130 3328 adversans
1176 3266 1225 3321 ei
1252 3305 1267 3329 ,
1311 3263 1471 3332 cujus
1508 3260 1786 3331 negotium
1819 3264 1905 3311 est
1942 3254 2123 3309 homi-

547 3385 676 3426 num
713 3368 856 3421 bono
892 3357 1192 3415 adversari.
1241 3353 1338 3407 Hic
1367 3393 1382 3417 ,
1422 3349 1638 3421 inquit,
1670 3361 1868 3402 nocere
1901 3346 1979 3400 illi
2013 3354 2125 3399 tota

546 3472 715 3532 opeta
741 3454 1039 3525 satagebat,
1061 3448 1207 3503 omni
1241 3445 1484 3517 legitimo
1509 3440 1814 3495 ministerio
1830 3439 2120 3508 repellens,

547 3529 694 3622 quod
739 3545 981 3614 ali0quin
1018 3542 1072 3595 in
1116 3538 1428 3608 captivitate
1463 3547 1721 3604 peragere
1764 3544 1873 3584 non
1906 3529 2123 3583 licebat.

550 3619 693 3695 Dicit
728 3645 907 3691 autem
951 3634 1096 3687 hunc
1131 3646 1161 3682 a
1198 3627 1307 3682 Dco
1348 3624 1692 3693 increpitum,
1724 3621 1817 3691 qui
1868 3619 2127 3675 Hierusa-

553 3730 657 3784 lem
690 3721 1039 3797 peculiariter
1069 3717 1176 3774 sibi
1218 3714 1486 3771 asciverat
1522 3729 1533 3765 :
1572 3721 1735 3780 atque
1774 3710 1847 3763 ita
1886 3708 2130 3764 ostendit

552 3796 888 3873 diabolicum
916 3823 1132 3866 omnem
1168 3812 1427 3859 conatum
1464 3800 1556 3855 Dei
1586 3799 1925 3870 protectione
1965 3796 2137 3851 fuisse

549 3913 961 3974 compressum;
1005 3897 1099 3967 qui
1144 3903 1427 3964 postquam
1468 3888 1571 3944 sibi
1626 3887 1901 3957 propriam
1937 3884 2138 3941 Ilieru-

551 3992 721 4050 salem
772 3986 1189 4049 vindicaverat,
1253 3976 1570 4034 necessario
1633 3976 1797 4030 etiam
1860 3975 2132 4029 sacerdoti

551 4078 835 4150 dignitatis
857 4089 971 4130 suae
997 4072 1166 4126 decus
1193 4066 1446 4123 reddidit.

1710 368 1751 421 τ
1764 360 2065 420 ἰιὶῖσῦοῐὶι
2094 356 2324 415 MOPSU
2335 351 2576 410 ESTENI

3680 340 3776 395 σει

2859 467 3015 520 ΚΕΦ.
3058 465 3132 518 I".

2267 567 2413 637 Στίχ.
2448 571 2584 619 α’-ε’.
2630 591 2688 601 -—
2722 581 2739 613 ι
2767 562 2874 614 Καὶ
2896 558 3063 624 ἕδειξέ
3102 574 3191 627 μοι
3219 554 3425 626 Κύριος
3460 554 3551 607 τὸν
3582 552 3779 622 Ἰησοῦι

2195 663 2285 716 τὸν
2316 659 2467 731 ἱερέα
2498 658 2588 709 τὸν
2628 654 2798 724 μέγαν
2843 652 3053 704 ἑστῶτα
3084 648 3193 720 πρὸ
3225 645 3521 718 προσώπου
3556 643 3781 711 ἀγγέλου

2196 749 2404 822 Κυρίου
2424 767 2436 779 ·
2472 747 2565 800 καὶ
2596 748 2624 798 ὁ
2651 742 2894 805 διάϐολος
2922 740 3165 808 εἱστήκει
3196 738 3258 789 ἐκ
3286 734 3476 799 δεξιῶν
3502 732 3670 787 αὑτοῦ
3695 732 3781 785 τοῦ

2197 840 2536 898 ἀντικεῖσθαι
2576 835 2723 907 αύτῷ
2745 850 2758 863 ·
2801 836 2893 887 καῖ
2933 829 3054 886 εἷπε
3085 830 3288 901 Κύριος
3323 828 3459 898 πρὸς
3485 826 3578 879 τὸν
3610 825 3781 878 διάϐο-
3858 848 3868 862 ·

2198 938 2290 990 λον
2314 953 2326 967 ο
2381 930 2736 1000 Ἐπιτιμήσαι
2765 925 2970 995 Κύριος
2996 924 3055 975 ἐν
3085 922 3190 985 σοὶ,
3222 918 3460 982 διάϐολε,
3494 917 3589 970 καὶ
3623 918 3785 968 ἐπιτι-

2202 1030 2369 1099 μήσαι
2398 1025 2607 1094 Κύριος
2629 1024 2686 1074 ἐν
2717 1019 2799 1073 σοι
2826 1021 2854 1072 ὁ
2880 1015 3242 1085 ἐκλεξάμενος
3271 1012 3369 1084 τὴν
3410 1006 3783 1080 Ἰερουσαλήμ.

2200 1119 2314 1171 Οὐκ
2340 1116 2446 1170 ἰδοὺ
2482 1113 2640 1167 τοῦτο
2669 1112 2745 1173 ώς
2786 1108 2942 1170 δαλὸς
2984 1106 3385 1174 έξεσπασμένος
3416 1102 3559 1155 κατά
3590 1101 3787 1171 πυρὸςς

2200 1210 2310 1262 Καὶ
2348 1205 2556 1277 Ἰησοῦς
2589 1199 2657 1275 ἦν
2704 1198 3052 1270 ἐνδεδυμένος
3087 1197 3279 1267 ἱμάτια
3317 1193 3561 1268 ῥυπαρὰ,
3596 1194 3692 1245 καὶ
3722 1193 3792 1243 εἱ-

2204 1301 2390 1371 στήκει
2437 1298 2542 1367 πρὸ
2585 1293 2879 1368 προσώπου
2926 1290 3020 1346 τοῦ
3056 1287 3288 1356 ἀγγέλου
3317 1302 3329 1316 ·
3384 1287 3477 1338 καὶ
3524 1283 3792 1351 ἀπεκρίθη

2203 1394 2295 1446 καὶ
2321 1388 2440 1444 εἶπε
2474 1390 2610 1461 πρὸς
2654 1389 2780 1449 τοὺς
2811 1384 3112 1455 ἑστηκότας
3158 1380 3263 1448 πρὸ
3306 1376 3604 1445 προσώπου
3637 1373 3795 1427 αὑτοῦ

2204 1482 2382 1549 λέγων
2411 1501 2423 1513 ο
2468 1489 2544 1548 (κῃ.
2567 1478 2695 1549 461)
2748 1476 3000 1544 Ἀφέλετε
3027 1472 3097 1525 τὰ
3132 1471 3324 1543 ἱμάτια
3354 1466 3425 1520 τὰ
3460 1465 3687 1537 ῥυπαρᾶ
3709 1463 3795 1516 ἀπ’

2204 1577 2367 1631 αὑτοῦ
2384 1594 2397 1606 ·
2418 1578 2512 1630 καὶ
2527 1574 2646 1629 εἶπε
2664 1573 2798 1644 πρὸς
2818 1571 3001 1627 αὐτὸν.
3020 1566 3152 1620 Ἰδοὺ
3176 1563 3438 1634 ἁφῄρηκα
3454 1560 3565 1613 ἀπὸ
3588 1556 3683 1610 σοῦ
3702 1556 3796 1617 τὰς

2217 1671 2449 1740 ἀνομίας
2483 1684 2575 1720 σου
2597 1685 2609 1697 ·
2658 1668 2751 1719 καὶ
2784 1662 3039 1717 ἐνδύσατε
3082 1656 3243 1711 αὑτὸν
3279 1655 3515 1723 ποδήρη,
3554 1650 3654 1705 καὶ
3686 1651 3799 1702 ἐπίο

2207 1765 2328 1817 θετε
2382 1763 2577 1834 μίτραν
2620 1761 2714 1814 καὶ
2749 1758 2960 1827 κίδαριν
3008 1748 3257 1821 καθαρὰν
3288 1748 3381 1801 ἐπὶ
3427 1747 3528 1816 τὴν
3558 1743 3801 1812 κεφαλὴν

2140 1847 2180 1901 Β
2212 1852 2375 1911 αὑτοῦ
2398 1873 2411 1886 ’
2464 1856 2559 1907 καὶ
2599 1849 2920 1923 περιέϐαλον
2958 1845 3120 1898 αὑτὸν
3156 1842 3371 1914 ἱμάτια,
3402 1840 3497 1892 καὶ
3527 1837 3800 1907 ἐπέθηκαν

2217 1950 2412 2020 μίτραν
2437 1948 2530 2001 καὶ
2557 1946 2769 2015 κίδαριν
2799 1937 3045 2008 καθαρὰν
3070 1938 3163 1989 ἐπὶ
3186 1934 3283 2005 τὴν
3305 1930 3549 2001 κεφαλὴν
3574 1927 3763 1982 αὐτοῦ.
3780 1946 3797 1977 ι

2226 2038 2565 2108 Ἀναγκαίως
2616 2035 2680 2105 δὴ
2728 2034 2826 2103 τῆς
2872 2027 3170 2102 ἱερωσύνης
3211 2025 3309 2097 τὴν
3351 2021 3802 2087 ἀποκατάστασιν

2215 2131 2308 2184 ἐπὶ
2334 2129 2428 2183 τοῦ
2462 2126 2756 2199 προσώπου
2793 2121 2888 2176 τοῦ
2922 2119 3108 2192 ἱερέως
3126 2116 3248 2187 ὁρᾷ.
3278 2114 3374 2168 ac;
3405 2113 3499 2165 καὶ
3533 2111 3634 2180 τῆς
3660 2111 3804 2179 ἱερω-

2219 2222 2385 2292 σύνης
2418 2222 2479 2273 ού
2510 2218 2630 2271 καθ’
2666 2216 2835 2286 αὐτὴν
2860 2210 3212 2283 φαινομένης,
3236 2206 3350 2260 ἀλλ’
3384 2206 3479 2258 ἐπὶ
3507 2204 3617 2257 τῶν
3650 2218 3806 2272 μετα-

2216 2290 2553 2385 χειρίζεσθαι
2586 2306 2935 2376 τεταγμένων
2974 2302 3165 2371 αὑτήν.
3222 2297 3355 2368 Ὁρᾷ
3380 2294 3561 2349 τοίνυν
3602 2290 3805 2361 Ἰησοῦν

2216 2384 2315 2459 τὸν
2337 2402 2487 2475 ἱερέα
2522 2400 2611 2453 τὸν
2649 2399 2843 2470 μέγαν,
2870 2394 3045 2466 μέγαν
3086 2392 3141 2446 δὲ
3175 2390 3321 2457 λέγει
3345 2387 3438 2440 τὸν
3464 2384 3608 2439 κατά
3636 2384 3807 2437 διαδο-

2219 2496 2319 2567 χὴν
2355 2497 2454 2566 τὴν
2495 2492 2572 2563 τῷ
2638 2488 2847 2559 Ἀαρὼν
2899 2485 3282 2558 προσήκουσαν
3331 2478 3655 2534 έκτελοῦντα
3702 2474 3809 2527 λει-

2220 2586 2502 2655 τουργίαν,
2535 2583 2669 2653 πρὸς
2700 2578 2930 2649 ἀγγέλου
2964 2578 3062 2649 μὲν
3097 2573 3329 2638 ἑστῶτα,
3364 2570 3553 2641 ἐπειδὴ
3591 2568 3807 2621 πάντων

2225 2681 2324 2752 μὲν
2358 2675 2660 2749 ἀνθρώπων
2706 2674 2926 2743 ἄγγελοι
2958 2671 3058 2741 τὴν
3106 2667 3426 2721 ἐπιστασίαν
3462 2665 3599 2716 εἰσιν
3627 2664 3802 2714 ἐπιτεο

2135 2784 2137 2786 ·
2222 2769 2527 2842 τραμμένοι
2559 2767 2700 2837 (65)°
2756 2764 2940 2826 καθὼς
2978 2763 3006 2815 ὃ
3048 2778 3107 2814 τε
3146 2760 3355 2831 Κύριος
3399 2759 3457 2811 ἐν
3488 2759 3600 2819 τοῖς
3630 2756 3811 2821 Εὐαγ-

2223 2863 2422 2933 γελίοις
2470 2860 2633 2930 φησίν
2656 2877 2669 2892 ·
2724 2878 2741 2910 ι
2772 2860 2833 2911 Οἱ
2864 2855 3087 2925 ἄγγελοι
3123 2853 3301 2907 αὐτῶν
3342 2851 3427 2905 διὰ
3462 2850 3667 2912 παντὸς
3705 2847 3813 2916 βλέ-

2226 2973 2385 3010 πουσι
2422 2955 2483 3007 τὸ
2514 2952 2803 3026 πρόσωπον
2843 2949 2937 3002 τοῦ
2984 2947 3198 3017 Πατρός
3244 2962 3345 3015 μου
3379 2943 3470 2996 τοῦ
3499 2945 3559 2995 ὲν
3590 2945 3717 3004 τοῖς
3741 2941 3814 2993 οὗ·

2226 3050 2440 3120 ρανοῖς·
2474 3067 2492 3099 ι
2550 3046 2605 3098 έν
2654 3061 2712 3098 τε
2756 3046 2877 3105 ταῖς
2924 3038 3164 3112 Πράξεσι
3203 3037 3311 3089 τῶν
3362 3034 3654 3106 μακαρίων
3689 3034 3815 3085 hm-

2189 3141 2449 3204 _-6‘ré)twv,
2485 3141 2566 3193 ὅτι
2620 3157 2637 3189 ι
2672 3134 2933 3204 Ἀγγελος
2976 3130 3141 3186 αὐτοῦ
3179 3132 3313 3191 ἐστι,
3347 3147 3365 3179 ι
3422 3126 3548 3197 περὶ
3580 3124 3685 3177 τοῦ
3722 3142 3816 3194 μσ-

2228 3236 2416 3307 καρίου
2448 3233 2692 3300 λέγοντες
2740 3228 2970 3299 Πέτρου.
3036 3222 3373 3291 Ἀναγκαίως
3415 3221 3471 3273 δὲ
3521 3220 3620 3272 καὶ⁸
3670 3214 3816 3281 οὗτος

2224 3326 2330 3397 πρὸ
2380 3321 2674 3395 προσώπου
2717 3319 2963 3390 φαίνεται
3003 3315 3263 3385 ἀγγέλου,
3314 3311 3561 3365 τουτέστι
3594 3309 3702 3362 τοῦ
3733 3310 3818 3378 τὴν

2224 3415 2548 3487 κηδεμονίαν
2582 3410 2745 3467 αὑτοῦ
2789 3409 2928 3464 κατά
2971 3407 3120 3461 θείαν
3169 3401 3657 3473 ἐπιτετραμμένοι.»
3710 3400 3818 3470 βοο-

2224 3510 2321 3579 λήν
2343 3526 2354 3539 ·
2397 3510 2637 3578 εἱστήκει
2669 3506 2725 3558 δὲ
2760 3504 2855 3558 καὶ
2889 3505 2916 3556 ὁ
2948 3499 3192 3561 διάϐολος
3222 3496 3314 3549 τοῦ
3350 3493 3707 3549 ἀντικεῖσθαι
3733 3491 3819 3546 αὖ-

2226 3602 2323 3672 τῷ,
2348 3603 2483 3673 ὅπερ
2505 3600 2618 3671 (6i)
2649 3600 2808 3670 ἔργον
2831 3595 3211 3666 ἀντιπράττειν
3241 3592 3353 3653 τοῖς
3375 3587 3480 3642 τῶν
3515 3583 3819 3656 ἀνθρώπων

2235 3693 2477 3761 ἀγαθοῖς.
2525 3685 2691 3753 Οὗτος
2718 3688 2802 3759 δὴ,
2841 3686 2995 3758 φησι,
3022 3684 3117 3737 καὶ
3152 3681 3271 3736 τότε
3310 3677 3654 3751 ἐπηρεάζειν
3684 3674 3818 3742 αὐτῷ

2236 3787 2416 3839 πᾶσαν
2448 3783 2590 3854 εἶχεν
2623 3781 2878 3851 σπουδὴν,
2905 3776 3120 3844 ὲξωθῶν
3153 3775 3314 3827 αὑτὸν
3340 3772 3439 3837 τῆς
3474 3769 3822 3838 τεταγμένης

2233 3875 2384 3947 αὐτῷ
2415 3871 2775 3940 λειτουργίας,
2796 3867 2939 3941 (462)
2957 3869 3023 3939 ἣν
3036 3866 3154 3919 οὐδὲ
3172 3861 3414 3918 ἐκτελεῖν
3424 3857 3585 3911 αὐτὸν
3602 3859 3712 3913 ἐπὶ
3732 3856 3819 3922 τῆς

2234 3964 2609 4037 αἰχμαλωσίας
2656 3954 2765 4013 οἷόν
2805 3975 2862 4010 τε
2892 3953 2979 4028 ἦν.
3034 3955 3196 4023 Λέγει
3234 3954 3297 4024 δὴ
3346 3950 3522 4020 τούτῳ
3563 3949 3667 4003 τὸν
3700 3947 3819 4000 Θεὸν

2231 4056 2552 4128 ἐπιτιμῆσαι
2581 4055 2674 4107 τὸν
2705 4052 2803 4125 τὴν
2836 4048 3190 4122 Ἰερουσαλὴμ
3234 4044 3621 4113 ἐκλεξάμενον,
3660 4041 3737 4102 ὡς
3766 4040 3821 4091 iv

552 4173 706 4243 γνοίη
751 4172 931 4223 πᾶσαν
960 4167 1058 4237 τὴν
1085 4164 1396 4218 ἀντίστασιν
1424 4159 1521 4229 τὴν
1549 4155 1859 4227 διαϐολικὴν
1883 4156 1988 4211 ὑπὸ
2030 4153 2129 4223 τῆς
2154 4152 2250 4206 τοῦ
2284 4150 2420 4205 Θεοῦ
2451 4148 2806 4218 πεπαυμένην
2848 4144 3199 4215 κηδεμονίας·
3242 4140 3300 4204 ὃς
3327 4140 3428 4209 τὴν
3464 4134 3822 4207 Ἰερουσαλὴμ

552 4239 941 4332 ἐκλεξάμενος,
980 4253 1292 4315 ἀναγκαίως
1317 4250 1411 4304 καὶ
1437 4249 1609 4318 τούτῳ
1633 4248 1731 4318 τῆς
1757 4246 2056 4318 ἱερωσύνης
2088 4242 2379 4297 ἀποδίδωσι
2410 4242 2505 4312 τὴν
2542 4239 2892 4311 εὐπρέπειαν.

624 4355 783 4428 307
808 4352 926 4406 Jam
958 4346 1177 4403 verrau
1201 4353 1455 4412 tanquam
1472 4338 1638 4393 torris
1654 4338 1859 4409 deigne
1870 4346 2079 4405 erutus,
2100 4360 2117 4392 ι
2169 4342 2210 4396 D

558 4449 895 4519 significant,
952 4441 1094 4511 quod
1139 4438 1250 4492 Ceu
1298 4441 1345 4489 si
1406 4435 1533 4504 quis
1583 4435 1794 4504 lignum
1839 4447 1969 4487 mox
2006 4433 2131 4502 igne

556 4534 1022 4597 consumendum,
1076 4536 1389 4585 extractum
1442 4532 1626 4582 servet
1680 4524 1988 4580 incolume:
2056 4523 2133 4577 ita

559 4632 706 4687 Deus
760 4629 910 4682 hunc
955 4622 1319 4685 sacerdotem,
1383 4619 1506 4691 igne
1540 4617 1713 4672 veluti
1785 4616 2128 4687 captivitatis

558 4728 876 4792 correptum
905 4725 959 4773 et
988 4731 1109 4769 mox
1143 4713 1395 4769 comburi
1448 4711 1879 4781 periclitantem,
1923 4709 2043 4764 erui
2074 4715 2131 4763 et

560 4812 887 4883 urgentibus
944 4808 1107 4861 malis
1154 4802 1419 4861 subduxi.
1471 4800 1703 4855 indutus
1771 4814 1938 4869 porro
2011 4806 2130 4853 erat

558 4902 906 4962 vestimentis
938 4898 1180 4955 sordidis
1218 4895 1405 4959 Iesus,
1434 4908 1536 4964 pro
1581 4908 1646 4947 eo
1681 4907 1745 4946 ac
1779 4892 1929 4946 dicat
1977 4892 2133 4946 illum

558 4994 895 5067 captivitatis
938 4993 1087 5047 luctu
1124 4991 1384 5045 obrutum
1423 4988 1501 5056 (in
1537 5000 1649 5053 quo
1687 5000 1919 5039 versans
1967 4992 2128 5039 extra

554 5090 787 5145 omnino
819 5085 1061 5139 divinam
1108 5079 1389 5151 liturgiam
1424 5086 1566 5140 erat,
1613 5084 1669 5131 et
1706 5076 1855 5147 gravi
1900 5076 2133 5130 servitio

554 5179 856 5249 addictus).
892 5173 1068 5241 illum,
1091 5173 1534 5246 inquam,juberi
1568 5185 1597 5224 a
1622 5168 1732 5224 Deo
1760 5170 2022 5225 sordibus
2058 5168 2128 5223 iis

556 5271 784 5341 spoliari
835 5266 1172 5322 adstantium
1233 5278 1423 5325 manu,
1484 5262 1539 5315 id
1590 5269 1675 5317 est
1734 5261 2129 5330 liturgicarum

554 5363 820 5415 virtutum
851 5371 1055 5429 opera;
1110 5370 1232 5425 quae
1259 5353 1456 5408 divinae
1496 5352 1768 5407 voluntati
1818 5351 2141 5420 obsequen-

557 5460 639 5508 tes
678 5451 1015 5522 eaptivitatis
1064 5454 1219 5504 veste
1273 5446 1426 5501 illum
1477 5453 1778 5508 exuerunt,
1859 5443 2124 5513 omnique

628 5609 675 5643 ⁸⁸
704 5609 895 5665 Matth.
936 5624 1096 5675 xvtu,
1151 5606 1239 5663 10.
1314 5607 1362 5639 ⁸⁸
1412 5607 1535 5660 Act.
1569 5618 1668 5670 xu,
1718 5604 1804 5659 l5.

2325 4338 2397 4390 Τὸ
2442 4336 2522 4399 δὲ,
2562 4355 2578 4385 ι
2624 4334 2731 4387 ἰδοὺ
2780 4331 2936 4386 τοῦτο
2985 4331 3061 4393 ὡς
3100 4327 3255 4389 δαλὸς
3306 4325 3728 4392 ὲξεσπασμὲγος
3770 4326 3827 4374 ἐκ

2242 4428 2432 4501 παρος,
2461 4448 2477 4479 ι
2516 4428 2601 4481 ἵνα
2628 4428 2759 4499 εἴπῃ
2789 4426 2890 4484 ὅτι.
2927 4421 3004 4483 ὼς
3032 4421 3097 4475 ἂν
3128 4422 3178 4473 εἴ
3212 4436 3293 4483 τις
3320 4418 3477 4483 ξύλον
3505 4417 3708 4487 μέλλον
3736 4416 3827 4467 ὑπὸ

2242 4521 2413 4593 πυρὸς
2460 4516 2948 4573 καταναλίσκεσθαι
2982 4513 3210 4585 ἁθρόον,
3257 4509 3549 4572 ὲκσπάσας
3600 4508 3827 4569 ἁϐλαίὲς

2240 4615 2546 4684 τηρήσειεν,
2579 4610 2722 4664 οὓτω
2763 4609 2827 4679 δὴ
2874 4609 2968 4661 καὶ
3006 4606 3191 4659 τοῦτον
3235 4603 3309 4665 ὼς
3340 4602 3398 4653 ὲν
3437 4602 3578 4672 πυρὶ
3626 4604 3695 4671 τῇ
3743 4600 3830 4667 τῆς

2242 4704 2620 4776 αἰχμαλωσίας
2648 4702 2861 4772 ἀνάγκη
2899 4698 3215 4755 καθεστῶτα
3255 4697 3347 4748 καὶ
3385 4694 3830 4763 καταφλεχθῆναι

2244 4799 2334 4851 ὑπ’
2370 4798 2538 4866 αὐτῆς
2568 4795 2763 4867 μικροῦ
2795 4791 3169 4847 κινδυνεύοντα
3198 4788 3479 4853 ὲξέσπασά
3516 4804 3576 4839 τε
3609 4788 3711 4839 καὶ
3738 4785 3833 4836 τῶν

2245 4887 2605 4959 περιεχόντων
2639 4882 2923 4954 ἀπήλλαξα
2955 4882 3159 4935 κακῶν.
3207 4877 3516 4932 Ἐνεδέδυτο
3542 4877 3625 4940 δὲ,
3655 4876 3834 4943 male,

2247 4982 2435 5050 ἱμάτια
2471 4978 2690 5050 ῥυπαρὰ
2718 4980 2746 5029 ὁ
2790 4975 3017 5045 Ἰησοῦς,
3045 4975 3132 5027 ἵνα
3155 4973 3282 5042 εἴπῃ
3308 4972 3414 5034 ὅτι,
3442 4970 3519 5022 Τὸ
3544 4985 3838 5039 περικεχυ-

2246 5073 2404 5144 μένον
2443 5074 2506 5124 ὲκ
2551 5071 2653 5140 τῆς
2696 5068 3074 5139 αἰχμαλωσίας
3114 5064 3295 5118 αὐτῶν
3335 5062 3559 5126 πένθος,
3600 5064 3665 5113 ἐν

2243 5166 2393 5234 διῆγε
2441 5162 2719 5225 παντελῶς
2758 5161 2863 5226 ἔξω
2905 5160 3004 5228 τῆς
3046 5157 3390 5227 λειτουργίας
3435 5154 3718 5224 ὑπάρχων
3752 5152 3841 5220 τῆς

2244 5259 2414 5321 θείας,
2444 5260 2499 5311 ὲν
2529 5255 2792 5327 βαρύτητι
2822 5251 3100 5314 καθεστὼς
3122 5249 3387 5312 δουλείας,
3415 5246 3595 5299 ταῦτα
3626 5245 3841 5314 ἀφελεῖί

2245 5351 2338 5407 ἀπ’
2376 5348 2539 5404 αὑτοῦ
2573 5351 2685 5412 τοῖς
2712 5347 2997 5419 ἑστηκόσιν
3026 5344 3307 5398 ἐπιτάττει
3340 5340 3477 5403 Θεός
3499 5356 3515 5373 ·
3562 5340 3843 5399 τουτέστι,

2245 5446 2364 5507 ταῖς
2413 5440 2883 5513 ὑπηρετουμέναις
2932 5437 3334 5507 λειτουργικαῖς
3368 5431 3709 5503 δυνάμεσιν,
3758 5430 3845 5481 ἅτε

630 5762 743 5904 ἒϐὅ)
777 5760 1018 5818 Observa
1058 5761 1456 5830 Mopsuesteni,
1505 5763 1613 5817 imo
1645 5757 1744 5816 SS.
1802 5756 2121 5819 Bibliorum,
2150 5753 2477 5810 sententiain
2508 5751 2576 5807 de
2605 5749 2813 5817 angelis
2846 5748 3133 5804 hominum
3163 5745 3505 5804 custodibus.

652 5832 745 5904 δι)
768 5833 906 5887 Num
938 5849 1034 5903 pro
1061 5828 1275 5904 οὗπερῖ

652 5828 745 5907 δι)
768 5833 906 5887 Num
938 5849 1034 5903 pro
1061 5828 1275 5904 οὗπερῖ
