3934 6552
173 400 270 456 5Ξ5

1055 392 1603 451 COMMENTARIUS
1633 393 1698 448 IN
1733 394 2105 452 ZACHARIE
2137 399 2290 454 CAP.
2334 400 2420 455 ιιι.

3301 410 3403 465 526

170 520 281 582 ταῖς
309 515 478 579 θείαις
503 514 936 586 ύπηρετούμεναι
975 511 1188 582 βουλαῖς
1223 511 1442 580 ἀφεῖλόν
1470 528 1527 562 τε
1570 509 1734 564 αὑτοῦ

1843 511 2102 582 prmdicto
2136 515 2308 577 luctu,
2336 525 2388 570 et
2425 518 2477 570 in
2511 519 2784 589 pr0priam
2823 519 3011 575 urbem
3045 521 3410 578 reduxerunt.

171 607 262 676 τῆς
289 606 662 677 αἰχμαλωσίας
708 605 804 676 τὴν
835 604 1058 674 ἐσθῆτα,
1105 606 1196 658 καὶ
1242 605 1302 657 τὸ
1351 605 1542 666 πένθος
1588 605 1733 658 ἅπαν

171 702 338 753 ἐκεῖνο
363 738 378 762 ,
427 698 521 752 καὶ
565 699 644 761 εἰς
680 697 777 767 τὴν
811 696 966 750 πόλιν
1000 698 1344 767 ἐπανήγαγον
1374 697 1471 766 τὴν
1503 696 1730 750 οἰκείαν.

168 788 296 847 Εἶτα
325 790 513 844 τούτου
539 790 839 858 γεγονότος,
870 789 1001 857 φησὶ
1030 789 1165 858 πρὸς
1194 788 1354 842 αὐτόν
1376 804 1388 815 ·
1452 788 1735 860 Ἀφῄρηκα

169 883 344 945 πάσας
369 883 466 944 τὰς
497 882 727 951 ἀνομίας
762 897 854 932 σου
877 895 889 909 ⁶
933 880 1106 952 δηλῶν
1132 881 1212 933 δτι
1241 880 1308 933 τὰ
1333 881 1428 951 τῆς
1458 882 1734 951 αἰχμαλωο

172 973 286 1036 σίας
310 973 526 1027 λέλυται
557 972 723 1038 κακά,
760 973 943 1043 ἐπειδὴ
971 972 1079 1024 τῶν
1113 971 1394 1044 ἁμαρτιῶν
1421 973 1604 1040 ἀφεῖλε
1637 972 1736 1042 τὴν

169 1064 403 1133 μνήμην.
457 1064 532 1132 (p.
559 1061 682 1130 463)
739 1057 871 1114 Εἶτα
902 1061 1026 1132 ἑξῆς
1072 1061 1280 1115 κελεύει
1311 1061 1402 1114 τὸν
1431 1063 1639 1133 ποδήρη
1676 1079 1735 1114 τε

165 1155 322 1208 αὐτὸν
354 1153 670 1208 ἐνδύσασθαι
716 1155 808 1207 καὶ
836 1154 1185 1225 περιτεθῆναί
1227 1171 1284 1206 τε
1332 1153 1480 1222 αὐτῷ
1531 1154 1631 1222 τήν
1675 1169 1736 1204 τε

165 1246 359 1316 μίτραν
400 1246 495 1299 καὶ
545 1244 642 1315 τὴν
687 1245 918 1316 κίδαριν,
955 1247 1034 1310 είς
1068 1245 1289 1311 ἔνδειξιν
1321 1245 1415 1298 τοῦ
1449 1246 1547 1316 τῆς
1581 1247 1736 1318 ἱερω-

163 1332 326 1405 σύνης
351 1333 499 1404 αὐτῷ
524 1333 706 1387 λοιπὸν
735 1335 1129 1403 ἐπιτετράφθαι
1156 1337 1254 1405 τὴν
1285 1334 1531 1400 ἐξουσίαν
1549 1353 1561 1367 ·
1596 1338 1733 1409 ὅπερ

161 1423 248 1480 οὖν
291 1428 384 1480 καὶ
425 1427 613 1495 γέγονε
651 1426 794 1480 κατὰ
831 1428 890 1480 τὸ
941 1427 1188 1499 σύνθημα
1238 1428 1298 1480 τὸ
1343 1428 1502 1482 θεῖον.
1546 1427 1732 1484 Ταῦτα

159 1519 395 1590 εἰρηκὼς
442 1521 471 1573 ό
511 1519 795 1590 προφήτης
823 1523 902 1584 είς
933 1521 1157 1586 ἔνδειξιν
1186 1521 1278 1575 τοῦ
1305 1521 1402 1593 τὴν
1432 1522 1730 1593 ἱερωσύνην

1841 601 1960 670 Quo
1986 603 2150 668 facto,
2174 613 2426 670 cunctas,
2452 607 2547 672 ait,
2573 610 2775 664 abstuli
2806 610 3125 680 iniquitates
3156 621 3276 668 tuas
3299 634 3314 677 ;
3338 615 3413 668 ita

1842 697 2140 750 ostendens
2185 696 2459 751 dissoluta
2512 714 2636 754 esse
2683 701 3022 770 captivitatis
3071 706 3232 770 mala,
3281 709 3412 775 quia

1843 795 2192 856 peccatorum
2257 790 2579 844 memoriam
2642 791 2938 848 deleverat.
2997 793 3199 850 Deinde
3255 798 3416 866 jubet

1847 887 1902 931 ut
1929 879 2130 948 podere
2163 896 2285 934 eutn
2319 882 2568 951 induant,
2591 884 2805 938 mitram
2843 893 3005 956 atque
3040 887 3267 943 Cidarim
3307 890 3413 942 cir-

1842 982 2196 1039 cumpouant,
2241 979 2298 1025 ut
2339 972 2596 1027 ostendat
2644 974 2901 1028 traditam
2957 976 3007 1030 ei
3039 977 3091 1030 in
3131 988 3414 1046 posterum

1837 1061 2128 1116 sacerdotii
2154 1062 2478 1134 dignitatem
2516 1082 2528 1118 :
2567 1064 2714 1134 quod
2752 1081 2946 1135 reapse
2970 1067 3157 1122 divino
3193 1069 3416 1123 decreto

1834 1153 2088 1222 contigit.
2152 1153 2247 1209 His
2295 1155 2479 1218 dictis,
2538 1157 2607 1211 ob
2660 1157 3073 1226 significandam
3122 1161 3413 1216 sacerdotii

1834 1245 2103 1302 lsraelitis
2135 1249 2566 1313 restitutionem,
2604 1257 2659 1304 et
2693 1251 3036 1306 sacerdotem
3058 1254 3255 1307 abhinc
3278 1270 3412 1308 eon-

1843 1348 2002 1394 sueto
2055 1339 2370 1395 ministerio
2413 1341 2804 1396 destinandum
2857 1341 2996 1408 fore,
3046 1344 3139 1414 qui
3196 1347 3416 1414 proprio

1841 1429 2029 1484 officio
2063 1429 2404 1486 confidenter
2452 1440 2504 1487 et
2526 1443 2677 1488 recto
2730 1435 2857 1503 jure
2900 1436 3184 1507 fungetur,
3237 1438 3417 1510 pergit

1837 1523 2018 1577 dicere
2053 1542 2066 1576 :

159 1613 339 1675 αὐτοῖς
367 1612 738 1675 ἀποδεδόσθαι,
767 1613 975 1667 καὶτὸν
1015 1613 1162 1684 ἱερέα
1209 1613 1368 1666 πάλιν
1407 1613 1498 1665 ἐπὶ
1545 1613 1646 1682 τῆς
1691 1614 1952 1685 συνήθους
1994 1613 2342 1680 ἐξετάξεσθαι
2385 1615 2743 1688 λειτουργίας.
2788 1619 2886 1689 τὴν
2931 1621 3138 1674 οἱκείαν
3185 1621 3312 1692 περὶ
3355 1620 3416 1673 τὸ

157 1708 391 1780 πρᾶγμα
418 1705 728 1777 παρρησίαν
753 1724 812 1759 τε
855 1706 1045 1777 ἔχοντα
1078 1709 1171 1761 καὶ
1202 1707 1470 1773 ἐξουσίαν,
1502 1708 1714 1775 ἐπάγει’

2787 1750 2811 1762 κ

221 1799 378 1870 Στίχ.
408 1797 482 1864 ς’,
516 1799 579 1864 ζ’.
603 1826 672 1836 -—
699 1817 717 1847 ‹
749 1798 856 1852 Καὶ
882 1801 909 1850 ὁ
941 1799 1168 1866 ἄγγελος
1204 1798 1409 1868 Κυρίου
1442 1797 1579 1869 πρὸς
1624 1799 1731 1866 ’1η-

1913 1790 2076 1849 Vens.
2113 1792 2168 1859 6,
2203 1792 2256 1846 7.
2292 1822 2360 1833 —
2388 1812 2406 1844 ι
2432 1794 2500 1848 Et
2520 1794 3409 1866 angelusDominidieebat.lesu:

156 1891 284 1944 σοῦν
308 1891 503 1960 λέγων,
535 1891 674 1944 Τάδε
709 1890 855 1958 λέγει
896 1890 1098 1961 Κύριος
1131 1891 1525 1962 παντοκράτωρ
1547 1907 1560 1920 ·
1610 1890 1733 1942 Ἐὰν

155 1986 209 2037 ἐν
233 1987 358 2046 ταῖς
389 1984 528 2047 ὁδοῖς
559 2000 662 2054 μου
692 1982 955 2054 πορεύσῃ,
989 1984 1082 2036 καὶ
1116 1984 1210 2036 ἐὰν
1235 1985 1302 2036 τὰ
1335 1980 1736 2055 προστάγματά

153 2094 252 2147 μου
292 2077 552 2150 φυλάξῃς,
591 2078 685 2130 καὶ
723 2077 789 2130 σὺ
831 2075 1126 2147 διακρινεῖς
1172 2075 1263 2128 τὸν
1291 2071 1436 2128 οἶκόν
1473 2091 1606 2144 μου·
1641 2076 1735 2127 καὶ

153 2168 243 2220 ἐὰν
274 2166 649 2238 διαφυλάσσῃς
681 2167 781 2235 τὴν
813 2165 984 2236 αύλήν
1019 2182 1143 2235 μου,
1172 2163 1266 2217 καὶ
1292 2162 1447 2216 δώσω
1479 2165 1736 2232 ἀναστρε-

150 2259 425 2328 φομένους
449 2259 505 2310 ἐν
531 2257 679 2328 μέσῳ
700 2257 806 2310 τῶν
831 2256 1145 2326 ἑστηκότων
1163 2254 1387 2308 τούτων.
1422 2273 1440 2304 ι
1485 2251 1737 2306 Ἀκολού-

150 2350 257 2413 θως
302 2350 626 2421 ἀπειληφότι
658 2351 757 2420 τῆς
800 2349 1099 2422 ἱερωσύνης
1146 2349 1246 2418 τὴν
1284 2345 1528 2413 ἐξουσίαν
1561 2344 1736 2400 ταῦτα

147 2441 408 2514 εἰρῆσθαί
436 2459 630 2512 φησιν’
663 2443 736 2506 ὡς
776 2441 839 2495 ἂν
865 2441 1016 2512 γνοίη
1046 2443 1192 2504 ὅπως
1220 2441 1380 2492 αὐτὴν
1412 2437 1734 2509 μεταχειρί-

146 2533 338 2597 ζεσθαι
389 2536 633 2604 προσῆκε
673 2534 772 2604 τὴν
801 2532 1158 2603 λειτουργίαν.
1227 2531 1350 2582 Ἐὰν
1383 2530 1512 2600 γὰρ,
1561 2529 1729 2599 φησι,

143 2625 424 2696 ἐπιμένῃς
469 2623 579 2676 τῶν
611 2624 1102 2694 προστεταγμένων
1134 2624 1263 2694 παρ’
1305 2622 1439 2693 ἐμοῦ
1477 2621 1734 2692 φροντίδα

146 2714 502 2785 ποιούμενος,
536 2712 634 2786 ἔσῃ
667 2713 764 2783 μὲν
795 2714 850 2764 ἐν
883 2713 1072 2783 ἱερέως
1100 2712 1354 2783 αύθεντία
1381 2712 1581 2784 κρίνων
1621 2715 1736 2774 τοῖς

143 2809 317 2861 πᾶσι⁹
347 2806 443 2858 καὶ
468 2807 534 2877 τῇ
562 2805 695 2876 αὐλῇ
726 2803 782 2856 δὲ
803 2807 869 2875 τῇ
901 2805 1005 2875 ἐμῇ
1029 2804 1126 2873 τὴν
1158 2805 1538 2874 προσήκουσαν
1565 2803 1735 2871 φυλα-

142 2897 250 2968 κὴν
281 2896 378 2950 διὰ
399 2895 499 2966 τῆς
523 2893 841 2957 ἐπιμελείας
867 2892 1160 2964 προσάγων
1183 2892 1278 2962 τῆς
1302 2890 1527 2953 οἰκείας,
1556 2908 1735 2961 παρα-

142 2987 398 3058 πέμψεις
428 2987 485 3040 δὲ
517 2986 611 3039 καὶ
640 2985 719 3045 εἱς
749 2983 1024 3052 διαδίχους
1061 2983 1156 3052 τὴν
1184 2983 1368 3052 τιμὴν,
1402 2981 1450 3033 οἳ
1480 2981 1737 3050 γενήσον-

138 3098 236 3132 ται
265 3082 327 3132 ἐν
379 3077 532 3150 μέσῳ
568 3077 768 3140 παντὸς
793 3075 887 3128 τοῦ
923 3073 1052 3127 λαοῦ
1090 3075 1186 3144 τὴν
1219 3075 1604 3143 προσήκουσαν
1637 3072 1728 3123 αὺ-

1839 1881 1960 1937 llaec
1983 1883 2062 1937 ait
2091 1882 2352 1938 Dominus
2368 1885 2713 1954 omnipotens
2740 1903 2752 1938 :
2826 1885 2882 1940 Si
2917 1887 2970 1940 in
2995 1889 3092 1943 viis
3128 1891 3265 1944 meis
3296 1909 3382 1944 am

1837 1975 2136 2039 bulaveris,
2196 1985 2250 2031 et
2289 1976 2551 2032 mandata
2601 1993 2720 2032 mea
2769 1981 3098 2043 servaveris,
3135 1990 3188 2035 et
3219 1990 3279 2036 tu
3315 1984 3417 2038 do—

1836 2083 1983 2121 mum
2018 2081 2192 2122 meam
2247 2067 2522 2136 judicabis
2555 2086 2569 2122 :
2606 2076 2659 2124 et
2685 2069 2732 2124 si
2768 2071 2969 2125 atrium
3010 2087 3190 2128 meum
3225 2084 3416 2130 custo-

1836 2159 2025 2224 dieris,
2083 2168 2137 2214 et
2183 2160 2324 2214 dabo
2379 2161 2475 2215 tibi
2531 2162 2624 2232 qui
2679 2171 3081 2218 conversentur
3120 2166 3178 2220 in
3235 2167 3415 2223 medio

1835 2245 2101 2302 stantium
2138 2248 2396 2306 istorum.
2427 2269 2444 2300 ι
2479 2249 2797 2322 Opportune
2824 2254 2898 2308 ait
2927 2254 3074 2308 dicta
3100 2255 3214 2311 haec
3243 2257 3416 2312 fuisse

1836 2339 2045 2393 homini
2086 2339 2210 2409 qui.
2243 2341 2536 2396 sacerdotii
2589 2342 2910 2414 dignitatem
2956 2357 3296 2418 susceperat,
3354 2360 3414 2404 ut

1837 2429 1977 2485 idem
2009 2440 2336 2494 agnosceret
2355 2436 2629 2502 quomodo
2670 2452 2858 2506 gerere
2907 2438 3270 2495 ministerium
3319 2445 3411 2497 de-

1838 2521 2008 2576 beret.
2034 2519 2090 2576 Si
2115 2523 2262 2576 enim
2293 2528 2756 2593 perseveraveris,
2786 2530 2983 2598 inquit,
3027 2531 3080 2586 in
3113 2545 3414 2606 prece-cpta.

1839 2626 1959 2664 rum
1988 2627 2232 2667 meorum
2273 2615 2652 2682 observantia,
2690 2621 2933 2675 manebit
2967 2623 3062 2676 tibi
3094 2628 3414 2680 sacerdota-

1837 2699 1906 2753 lis
1929 2704 2230 2759 auctoritas
2251 2703 2534 2772 judicandi
2564 2706 2630 2762 de
2655 2711 2932 2766 omnibus.
2969 2711 3034 2766 Et
3054 2715 3098 2768 si
3127 2716 3269 2770 atrio
3293 2733 3412 2771 meo

1839 2792 2250 2846 convenientem
2286 2796 2590 2850 custodiam
2627 2799 2917 2856 sedulitate
2943 2811 3034 2857 tua
3071 2805 3410 2872 adhibueris,

1838 2881 2001 2952 308
2037 2886 2273 2952 posteris
2313 2901 2530 2956 quoque
2571 2887 2891 2958 dignitatem
2938 2875 3086 2948 tuam
3131 2900 3414 2952 transmit-

1841 2981 1945 3032 tes,
1975 2975 2067 3043 qui
2098 2976 2150 3028 in
2185 2976 2363 3028 medio
2391 2979 2633 3032 universi
2673 2982 2856 3050 populi
2884 2983 3012 3051 jure
3047 2987 3113 3040 ad
3160 3004 3217 3043 se
3246 2993 3414 3060 perti-

1844 3075 2060 3120 nentem
2091 3069 2423 3121 exereehunt
2453 3069 2750 3141 liturgiam.
2785 3072 2981 3129 Postea
3017 3079 3171 3147 regni
3196 3095 3414 3152 quoque

138 3175 260 3237 τοῖς
283 3149 636 3233 ἐκτελοῦντες
660 3167 1020 3238 λειτουργίαν.
1054 3161 1186 3219 Εἶτα
1216 3166 1310 3218 καὶ
1333 3165 1431 3235 τῆς
1457 3163 1732 3234 βασιλείας

1843 3158 2292 3213 instaurationem
2317 3161 2576 3224 innitens,
2629 3165 2702 3216 ait
2742 3183 2753 3218 :
2803 3168 3003 3233 «Audi,
3049 3168 3179 3225 Jesu
3218 3149 3413 3229 sacer-

136 3266 243 3338 τὴν
299 3263 752 3317 ἀποκατάστασιν
794 3259 989 3329 δηλῶν,
1025 3257 1168 3310 οὓτω
1213 3256 1362 3324 λέγει
1389 3271 1402 3284 ’
1453 3256 1546 3326 (p.
1591 3255 1735 3324 464)

140 3373 162 3406 ο
200 3355 420 3406 Ἄκουε
467 3350 552 3422 δὴ,
613 3349 784 3421 Ἰησοῦ
825 3351 855 3402 ό
903 3347 1082 3417 ἱερεὺς
1123 3350 1150 3400 ὁ
1197 3345 1389 3418 μέγας,
1442 3346 1504 3398 σὺ
1550 3347 1641 3399 καὶ
1687 3347 1736 3398 οἱ

133 3446 384 3517 πλησίον
435 3461 528 3498 σου
557 3445 604 3496 οἱ
643 3441 939 3512 καθήμενοι
970 3440 1074 3512 πρὸ
1111 3437 1404 3510 προσώπου
1441 3455 1534 3491 σου
1556 3456 1568 3468 ·
1600 3434 1732 3490 διότι

132 3539 343 3609 ἄνδρες
369 3535 762 3608 τερατοσκόποι
793 3533 949 3586 εἰσίν.
992 3551 1010 3582 ι
1049 3531 1166 3584 Ἵνα
1195 3531 1345 3603 εἴπῃ,
1379 3529 1521 3600 Πρὸς
1551 3529 1611 3583 σέ
1647 3547 1734 3598 μοι

126 3633 158 3684 ό
192 3631 396 3700 λόγος.
434 3629 526 3682 καὶ
570 3627 774 3688 πάντας
807 3626 935 3688 τοὺς
971 3625 1067 3677 σὺν
1111 3625 1195 3676 σοι
1239 3623 1428 3692 ἄρχειν
1466 3621 1558 3675 τοῦ
1603 3621 1735 3674 λαοῦ

128 3719 650 3789 πεπιστευμένους,
676 3717 731 3770 ἐν
751 3733 810 3769 τε
837 3713 1152 3784 διδασκαλία
1185 3714 1279 3766 καὶ
1307 3713 1566 3784 ἐξηγήσει
1594 3712 1738 3782 νομί-

127 3833 283 3884 μων,
328 3812 431 3865 καὶ
471 3813 538 3880 τῇ
568 3810 727 3880 λοιπῇ
761 3809 870 3862 τῶν
903 3811 981 3870 εἰς
1014 3806 1324 3860 θεοσέϐειαν
1358 3805 1601 3875 ἡκόντων
1629 3805 1737 3856 λεια

121 3923 226 3957 του
238 3903 385 3976 ργίᾳ
408 3919 423 3933 ⁸
454 3901 547 3966 οὒς
578 3901 1006 3973 τερατοσκόπους
1029 3899 1115 3951 διὰ
1144 3897 1302 3950 τοῦτο
1330 3896 1505 3960 καλεῖ,
1532 3895 1606 3958 ὼς
1629 3895 1736 3948 τῶν

118 3996 295 4067 παρὰ
327 3993 433 4047 τοῦ
458 3991 594 4044 Θεοῦ
624 3990 938 4060 παραδόξως
964 3987 1262 4058 γινομένων
1287 3987 1386 4049 τὰς
1408 3985 1588 4048 αἰτίας
1615 4000 1738 4037 σκο-

116 4092 260 4140 πεῖν
285 4104 357 4139 τε
397 4085 494 4137 καὶ
524 4083 720 4136 εἰδέναι
746 4082 890 4145 οἴους
917 4098 976 4134 τε
1005 4081 1180 4142 ὄντας.
1211 4079 1274 4131 Τί
1305 4073 1396 4132 οῦν
1425 4076 1590 4148 φησί;

194 4178 375 4246 Στίχ.
405 4182 474 4246 η’,
501 4173 564 4227 θ’.
586 4203 653 4212 --
676 4192 693 4224 ι
728 4173 870 4226 Διότι
899 4172 1007 4224 ἰδοὺ
1033 4171 1143 4239 ἐγὼ
1167 4171 1284 4238 ἄγω
1302 4169 1392 4222 τὸν
1419 4168 1601 4221 δοῦλόν
1635 4185 1735 4237 μου

112 4269 446 4328 ἀνατολήν⁸
483 4265 618 4318 διότι
645 4263 790 4326 λίθος
819 4263 878 4316 ὃν
911 4262 1088 4315 ἔδωκα
1133 4260 1238 4330 πρὸ
1277 4259 1571 4331 προσώπου
1631 4260 1738 4329 Ἰη-

110 4360 256 4425 σοῦ,
294 4357 409 4411 ἐπὶ
451 4356 542 4408 τὸν
579 4354 726 4407 λίθον
763 4353 852 4406 τὸν
879 4353 975 4405 ἕνα
1022 4351 1163 4404 ἐπτὰ
1203 4349 1467 4419 ὀφθαλμοί
1500 4351 1659 4401 εἰσιν.
1714 4367 1732 4399 ι

121 4453 292 4522 Ἐγὼ
322 4450 467 4520 γὰρ,
500 4447 654 4516 φησὶ,
685 4446 776 4498 τὸν
799 4444 983 4498 δοῦλον
1010 4443 1099 4498 τὸν
1126 4443 1279 4513 ἐμὸν,
1312 4442 1405 4494 τὸν
1434 4440 1738 4512 Ζοροϐάϐελ

139 4545 346 4613 έγων,
380 4539 481 4593 καὶ
503 4537 909 4606 άποκαθίστημι
942 4537 1008 4606 τῇ
1047 4533 1313 4605 βασιλεία,
1349 4532 1615 4602 ἀνατολῆς
1637 4533 1737 4602 οὐχ

99 4636 300 4708 ἧττον
344 4630 608 4702 λαμπρὸν
646 4631 712 4699 τῇ
739 4628 838 4698 τῆς
872 4626 994 4698 (sic)
1027 4625 1242 4693 ἐξουσίᾳ
1267 4621 1500 4684 δεικνύς.
1537 4622 1739 4675 Τοῦτον

96 4731 174 4800 δὴ
206 4727 442 4793 ὥσπερ
485 4720 610 4774 τινὰ
631 4719 774 4773 λίθον
795 4717 984 4788 τίθημι
1032 4716 1138 4786 πρὸ
1179 4716 1285 4769 τῶν
1311 4714 1602 4784 ὀφθαλμῶν
1631 4713 1739 4767 τῶν

102 4819 261 4878 σῶν,
321 4815 423 4882 ἐφ’
451 4807 608 4883 ᾧπερ
651 4808 970 4879 ἐστηρίχθαι
1002 4824 1060 4859 σε
1105 4806 1246 4878 χρὴ,
1289 4805 1596 4876 παρέχοντα
1637 4803 1737 4873 μὲν

95 4906 282 4979 αύτῷ
338 4903 454 4974 τὴν
498 4904 564 4955 ἐκ
632 4899 740 4953 τῶν
796 4895 1229 4969 προσευχῶνκαὶ
1284 4896 1382 4966 τῆς
1437 4891 1741 4964 ἱερωσύνης

98 5001 453 5073 βοήθειαν,
487 4991 845 5062 κομιζόμενον
881 4987 938 5042 δὲ
968 4988 1096 5059 παρ’
1129 4986 1292 5041 αὐτοῦ
1331 4986 1432 5055 τὴν
1482 4984 1740 5055 σπουδὴν,

94 5098 174 5165 ἣν
202 5095 278 5148 ἐν
313 5089 452 5148 τοῖς
477 5084 618 5139 κατὰ
645 5081 750 5136 τῶν
783 5081 1038 5134 ἐναντίων
1069 5079 1432 5131 ἐπιδείκνυται
1461 5074 1740 5144 πολέμοις,

89 5187 182 5250 ὡς
214 5185 300 5238 ἂν
331 5182 412 5233 ἐν
445 5178 638 5248 εἰρήνῃ
661 5175 938 5242 διάγοντες
963 5170 1270 5239 ἐκτελοίητε
1301 5169 1399 5239 τὴν
1444 5165 1742 5238 ἱερωσύνην

89 5278 420 5334 ᾰόντωςο
469 5269 695 5339 θαρρεῖν
745 5266 803 5318 δέ
855 5281 914 5316 σε
950 5261 1124 5332 τούτῳ
1170 5260 1415 5332 προσῆκε
1465 5257 1542 5328 τῷ
1588 5255 1740 5326 λίθῳ,

89 5367 266 5422 ἐπτὰ
306 5360 588 5434 μετέχειν
609 5356 768 5411 αὑτὸν
787 5353 1082 5424 ὀφθαλμῶν
1100 5350 1410 5422 νομίζοντα.
1443 5345 1745 5402 Κάνταῦθα

87 5462 156 5516 δὲ
189 5457 296 5529 τῷ
331 5451 500 5508 ἑπτὰ
526 5450 626 5504 οὐκ
655 5449 748 5501 ἐπὶ
767 5444 1150 5518 ἀκριϐολογίας
1177 5440 1411 5514 ἀριθμοῦ
1435 5441 1605 5508 λέγει,
1626 5438 1742 5492 ἀλλ’

87 5561 197 5612 ἵνα
231 5552 436 5617 εἴπῃ,
456 5546 539 5598 ὅτι
567 5543 860 5613 Δυνήσεται
879 5539 936 5592 δέ
960 5536 1134 5591 ταῦτα
1162 5537 1190 5588 ὁ
1219 5531 1521 5605 Ζοροϐάϐελ
1543 5533 1622 5594 είς
1647 5531 1746 5600 τὴν

44 5623 68 5650 ’
87 5607 332 5724 gain}:
345 5607 453 5696 ίᾶν
488 5637 621 5708 παρ’
669 5607 804 5705 ἐμοῦ
837 5629 1271 5724 προχειρισθεὶς,
1315 5627 1510 5724 ἐπειδὴ.
1546 5623 1748 5724 πολλήν

85 5715 238 5798 ίτενα
273 5734 410 5792 καὶ
441 5725 647 5798 ἄφατον
671 5725 820 5797 αὐτῷ
847 5723 1068 5794 παρέξω
1086 5724 1185 5792 τὴν
1209 5717 1440 5788 ἐποψίαν
1461 5717 1560 5786 τὴν
1585 5715 1745 5786 ἐμὴν,

84 5837 182 5910 (ρ,
237 5823 417 5894 465)
457 5821 551 5874 καὶ
590 5817 688 5890 τὴν
735 5813 1049 5887 ἐπιμέλειαν
1099 5811 1191 5879 ἀφ’
1240 5805 1308 5882 ἧς
1350 5827 1403 5864 τι
1459 5809 1747 5878 γενήσεται

1838 3247 1940 3302 dos
1979 3263 2194 3318 magne,
2226 3258 2280 3302 tu
2316 3259 2369 3304 et
2414 3254 2646 3321 proximi
2707 3256 2782 3309 tui
2819 3259 2910 3326 qui
2959 3259 3148 3315 sedent
3169 3272 3295 3319 ante
3329 3265 3411 3319 fa-

1838 3338 1974 3392 ciem
2001 3347 2172 3404 tuam,
2205 3340 2332 3410 quia
2365 3341 2464 3394 viri
2485 3352 2818 3411 spectatores
2837 3356 3208 3415 portentorum
3228 3364 3408 3409 sunt.»

1843 3428 1898 3482 td
1934 3437 2038 3496 est,
2085 3431 2168 3485 Ad
2192 3442 2243 3487 te
2264 3449 2446 3489 sermo
2502 3451 2656 3493 meus
2697 3448 2857 3510 atque
2886 3441 2954 3495 ad
2986 3458 3174 3499 omnes
3211 3444 3412 3514 quibus;

1839 3528 2020 3575 tecum
2057 3523 2240 3593 populi
2275 3525 2616 3598 principatus
2645 3531 2889 3586 creditus
2917 3541 3021 3599 est,
3062 3544 3124 3589 ut
3148 3537 3410 3605 magiste-

1841 3613 1926 3666 rio
1969 3613 2212 3684 legisque
2247 3617 2697 3686 interpretatione
2735 3624 3059 3694 fungamini,
3105 3633 3157 3680 et
3201 3629 3414 3697 reliquo

1840 3720 2024 3758 rerum
2061 3705 2248 3761 divino
2280 3711 2451 3764 cultui
2499 3711 2838 3767 addietarum
2889 3717 3192 3771 ministerio
3230 3738 3240 3772 :
3275 3737 3414 3790 quos

1839 3793 2090 3849 homines
2143 3799 2379 3866 appellat
2431 3809 2809 3869 portentormn
2892 3813 3254 3874 spectatores,
3315 3826 3412 3863 ceu

1841 3902 2021 3940 rerum
2077 3899 2272 3956 praeter
2336 3894 2796 3960 exspectationem
2845 3911 2872 3948 a
2920 3895 3028 3950 Deo
3071 3905 3412 3966 patratarutn

1841 3994 2040 4034 causas
2097 3983 2445 4036 considerare
2488 3993 2541 4037 et
2585 4001 2919 4056 cognoscere
2972 3987 3217 4047 idoneos.
3273 3991 3414 4058 Quid

1839 4085 1970 4140 ergo
2005 4072 2117 4124 ait?

1916 4162 2076 4217 Vens.
2107 4164 2158 4224 8,
2191 4165 2246 4218 9.
2283 4195 2349 4204 —
2395 4185 2412 4217 ι
2442 4166 2577 4222 Ecce
2612 4170 2756 4223 enim
2787 4185 2888 4241 ego
2934 4170 3147 4226 adduco
3191 4189 3412 4229 servum

1842 4271 2044 4316 meum,
2077 4254 2351 4310 Orientem
2387 4276 2399 4310 :
2433 4260 2558 4328 quia
2583 4259 2722 4330 lapis
2751 4261 3052 4331 quemdedi
3075 4273 3198 4317 ante
3221 4264 3416 4319 faciem

1839 4346 1998 4413 Jesu;
2028 4363 2193 4417 super
2224 4350 2457 4418 lapidem
2489 4367 2655 4405 unum
2675 4362 2882 4422 septem
2905 4354 3050 4407 oculi
3071 4365 3218 4408 sunt.
3251 4376 3268 4408 ι
3305 4356 3416 4424 Ego

1844 4438 2011 4504 enim,
2045 4439 2243 4507 inquit,
2275 4455 2492 4494 servum
2537 4457 2739 4506 meum,
2792 4443 2842 4495 id
2875 4450 2959 4495 est
3000 4443 3414 4510 Zorobabclem,

1843 4543 2025 4597 regem
2059 4530 2355 4590 constituo,
2389 4531 2489 4584 soli
2531 4531 2727 4585 orienti
2771 4533 3064 4601 splendore
3119 4550 3302 4604 parem
3346 4538 3419 4592 ob

1844 4620 2132 4690 dignitatis
2161 4636 2274 4675 suae
2308 4622 2741 4692 amplitudinem.
2772 4623 2928 4678 Hunc
2952 4641 3079 4680 vero
3104 4642 3202 4680 ceu
3231 4645 3392 4698 quem

1843 4710 1967 4765 dam
1996 4711 2230 4781 lapidem
2267 4727 2510 4782 propono
2541 4728 2727 4768 coram
2771 4715 2948 4769 oculis
2975 4716 3106 4781 tuis,
3145 4718 3199 4771 in
3229 4733 3336 4786 quo
3369 4727 3422 4775 te

1845 4803 2074 4858 firmiter
2101 4804 2202 4857 niti
2226 4814 2458 4874 oportet,
2494 4805 2780 4874 eidemque
2807 4807 3068 4862 exhibere
3115 4824 3334 4877 precum
3359 4817 3417 4865 et

1845 4893 2134 4950 sacerdotii
2170 4895 2457 4959 auxilium,
2499 4896 2853 4966 vicissimque
2891 4898 2959 4951 ab
2987 4913 3051 4952 eo
3081 4898 3289 4954 referre
3335 4907 3424 4953 tu-

1848 4986 2034 5050 telam,
2061 5001 2224 5055 quam
2271 4987 2428 5041 hellis
2465 4993 2655 5040 contra
2704 4988 2892 5043 hostes
2925 4989 3182 5059 gerendis
3223 5007 3423 5062 repen»

1849 5077 1949 5142 dit,
1998 5082 2058 5129 ut
2104 5091 2237 5145 pace
2289 5077 2532 5131 fruentes
2585 5079 2892 5134 sacerdotio
2933 5081 3036 5136 rite
3095 5080 3422 5152 fungamini.

1848 5167 2137 5222 Confidere
2165 5174 2344 5222 autem
2397 5175 2448 5222 te
2481 5169 2607 5222 huic
2637 5169 2802 5240 lapidi
2858 5179 3094 5242 oportet,
3131 5177 3189 5224 et
3217 5181 3424 5245 Scpleltl

1850 5273 1973 5313 cum
2000 5259 2200 5314 habere
2225 5259 2416 5314 oculos
2438 5259 2772 5316 existimare.
2796 5260 2916 5315 Jam
2960 5263 3063 5317 hoc
3087 5267 3251 5318 etiam
3307 5265 3428 5318 loco

1851 5351 2177 5405 vocabulum
2205 5358 2412 5421 septem
2447 5352 2590 5407 haud
2623 5353 2691 5408 de
2721 5360 2916 5408 exacto
2951 5370 3182 5409 numero
3212 5356 3309 5419 ait,
3330 5355 3425 5410 sed

1856 5451 1916 5498 ut
1953 5444 2101 5499 dicat
2135 5442 2526 5499 Zorobabelem
2565 5445 2632 5500 ad
2679 5445 2795 5499 haec
2835 5445 3072 5499 validum
3113 5445 3249 5511 fore,
3282 5462 3312 5500 a
3343 5464 3430 5500 me

1855 5535 2068 5590 scilicet
2108 5534 2164 5588 in
2197 5547 2424 5604 regnum
2479 5535 2978 5603 provectum;quia
3013 5533 3060 5588 ei
3087 5535 3312 5588 multam
3347 5545 3430 5588 at-

1855 5643 1961 5699 que
1993 5625 2318 5682 ineffabilem
2367 5627 2762 5693 providentiam
2794 5641 2968 5680 meam
2999 5640 3297 5696 curamque
3323 5628 3428 5681 im-

1856 5718 2109 5789 pendam,
2129 5732 2233 5788 qua
2265 5717 2442 5785 majus
2466 5718 2861 5773 incrementum
2886 5719 3083 5788 capiet.
3116 5737 3136 5770 ι
3167 5718 3303 5774 Ecce
3329 5737 3433 5790 ego

1857 5809 2006 5867 fodio
2038 5809 2272 5878 foveam,
2319 5809 2451 5865 dicit
2481 5806 2744 5864 Dominus
2789 5811 3154 5880 omnipotens,
3203 5822 3251 5864 -ιι
3302 5828 3430 5868 con-

1774 4503 1816 4557 D
