3934 6520
200 376 283 434 5ἳῦ
1075 368 1624 427 COMMENTARIUS
1665 367 1728 422 IN
1772 365 2146 422 ZACIIARL-‘E
2190 368 2341 424 CAP.
2380 365 2463 420 IV.

3343 373 3452 426 556

198 496 222 545 δ
254 487 471 555 ἅγγελος
501 487 529 538 ό
554 486 730 541 λαλῶν
762 488 816 538 ἐν
843 487 985 555 ὲμοί,
1017 489 1108 539 καὶ
1139 483 1256 539 εἷπε
1294 487 1428 557 πρός
1463 502 1527 555 με
1560 484 1749 551 λέγων·

1863 483 2190 551 loquebatur
2221 482 2274 534 in
2305 497 2410 546 me,
2447 490 2632 550 aitque
2666 483 2795 535 mihi
2851 482 3044 538 dicens
3076 503 3088 537 :
3118 484 3235 538 Non
3271 501 3445 555 agun-

196 583 260 635 υὺ
283 576 568 647 γινώσκεις
587 577 640 630 τί
667 579 781 630 ἐστι
813 576 985 629 ταῦτα
1008 595 1021 641 ;
1046 578 1157 630 Καὶ
1182 573 1353 640 εἶπον,
1377 577 1532 645 Οὐχὶ,
1562 575 1754 646 Κύριε.

196 673 289 725 Καὶ
323 669 595 740 ἀπεκρίθη
629 671 720 722 καὶ
751 663 872 720 εἷπε
906 669 1040 740 πρός
1074 686 1139 739 με
1171 669 1372 737 λέγων’
1420 663 1590 731 Οὗτος
1620 671 1647 720 ὸ
1674 667 1760 719 λό-

198 781 276 833 γος
313 764 514 832 Κυρίου
547 763 684 831 πρὸς
716 761 1019 830 Ζοροϐάϐελ
1051 761 1246 829 λέγων,
1295 763 1409 815 Οὐκ
1441 764 1498 814 ἐν
1530 761 1757 830 δυνάμει

201 853 422 925 μεγάλη,
453 853 574 904 οὐδὲ
605 853 660 903 ἐν
696 853 871 921 ίσχύῖ,
909 852 1022 904 ἀλλ’
1053 855 1107 904 ἐν
1145 852 1421 922 Πνεῦματί
1454 870 1575 922 μου,
1613 853 1756 920 λέγει

199 947 379 1016 Κύριος
409 946 826 1015 παντοκράτωρ.
869 964 887 994 ο
927 938 1097 1006 Οὗτος
1129 945 1193 1014 δὴ
1230 946 1258 995 ὁ
1289 944 1552 1012 ἄγγελος,
1597 945 1658 998 ὃν
1701 945 1757 996 ἐν

197 1035 326 1103 αὑτῴ
365 1035 546 1087 λαλεῖν
581 1037 609 1087 ὁ
655 1036 942 1105 προψήτης
996 1035 1164 1102 λέγει,
1207 1031 1362 1098 οὗτος
1412 1035 1475 1105 δὴ
1526 1036 1619 1087 καὶ
1658 1035 1758 1098 τὰς

199 1129 316 1196 ὑπὲρ
346 1127 441 1194 τῆς
479 1125 835 1196 Ἰερουσαλὴμ
868 1127 1082 1196 δεήσεις
1115 1125 1271 1195 ὤφθη
1305 1127 1645 1196 ποιούμενος,
1683 1126 1758 1190 ὡς

197 1221 431 1272 ἁπάντων
471 1220 566 1287 μὲν
613 1219 720 1270 τῶν
765 1221 903 1273 κατὰ
953 1220 1051 1290 τὴν
1104 1219 1359 1272 Ἰουδαίαν
1394 1220 1490 1288 τὴν
1535 1221 1758 1271 ἐπιστα-

195 1313 298 1366 σίαν
346 1313 852 1382 ἐπιτετραμμένος·
892 1315 1204 1381 ἀναγκαίως
1246 1315 1301 1367 δὲ
1337 1318 1428 1368 καὶ
1479 1315 1619 1386 ὑπὲρ
1658 1314 1756 1385 τὴν

196 1402 351 1456 αὐτῶν
385 1403 565 1471 δέησιν
608 1406 900 1473 προσάγων
934 1405 1010 1475 τῷ
1042 1406 1178 1475 Θεῷ.
1223 1406 1382 1460 Ὅθεν
1417 1407 1510 1459 καὶ
1543 1410 1570 1459 ὁ
1611 1426 1757 1476 προ-

197 1497 353 1563 νήτης
377 1494 566 1547 τοῦτον
604 1498 697 1548 καὶ
724 1499 924 1567 ἐρωτᾷ,
956 1500 1050 1551 καὶ
1079 1498 1148 1551 τὰ
1192 1499 1314 1552 καθ’
1351 1500 1579 1553 ἕκαστον
1618 1518 1755 1571 μαν-

195 1585 350 1637 θάνει·
387 1585 574 1655 ἐπειδὴ
607 1588 821 1639 πάντων
861 1588 969 1642 τῶν
1002 1588 1320 1659 δειχθέντων
1350 1590 1582 1659 δήλωσιν
1614 1593 1757 1661 ἑχόν-

193 1692 301 1735 των,
347 1675 446 1743 τῆς
496 1677 622 1746 περί
663 1695 720 1728 τε
757 1678 853 1748 τὴν
889 1679 1041 1733 πόλιν
1072 1682 1166 1734 καὶ
1211 1681 1272 1733 τὸ
1304 1683 1454 1745 ἔθνος
1490 1683 1582 1735 τοῦ
1620 1684 1754 1736 Θεοῦ

194 1764 506 1832 φιλοτιμίας,
558 1768 872 1834 ἀναγκαίως
915 1771 1220 1841 ἥρμοττεν,
1266 1774 1414 1843 παρὰ
1457 1775 1646 1828 τούτου
1685 1777 1753 1828 τὰ

191 1855 509 1910 καθέκαστον
545 1859 651 1910 τῶν
669 1861 1061 1931 δεικνυμένων,
1091 1866 1246 1925 ὅπως
1272 1865 1405 1935 ἔχοι,
1437 1869 1749 1936 μανθάνειν.

193 1945 461 2015 Συντόμως
491 1946 584 2001 οὖν
613 1948 764 2004 εἶπεν
795 1955 944 2023 αὐτῷ
975 1956 1080 2008 τῶν
1113 1957 1435 2028 δειχθέντων
1465 1963 1562 2031 τὴν
1593 1963 1754 2017 δύνα-

190 2056 287 2107 μιν.
315 2040 399 2091 ὅτι
435 2041 535 2109 τῆς
567 2043 788 2112 χάριτός
815 2045 930 2098 ἐστι
960 2048 1193 2116 δήλωσις
1226 2051 1324 2119 τῆς
1361 2051 1540 2115 θείας,
1586 2057 1618 2122 ἢ
1660 2057 1754 2108 καὶ

188 2132 273 2199 τὴν
334 2132 432 2184 τοῦ
497 2137 801 2204 Ζοροϐάϐελ
862 2142 1280 2210 προεχειρίσατο
1339 2144 1642 2211 βασιλείαν·
1696 2149 1754 2211 ὃς

187 2225 380 2276 οἴκοθεν
437 2228 536 2296 μὲν
583 2229 805 2283 δύναται
855 2234 945 2285 καὶ
994 2236 1250 2307 καθ”τῇ
1303 2236 1418 2309 θείᾳ
1455 2240 1756 2311 προϐεϐλη-

191 2319 357 2385 μένος,
396 2321 570 2392 ταῦτῃ
604 2325 695 2374 καὶ
749 2324 1008 2378 δύνασθαι
1044 2328 1174 2396 ἔχει.
1216 2330 1378 2382 Ὅθεν
1414 2334 1506 2385 καὶ
1538 2334 1752 2398 δεικνὺς

185 2410 270 2478 τῆς
333 2415 462 2482 περὶ
524 2414 683 2466 αὐτὸν
747 2416 954 2487 δωρεᾶς
1011 2422 1171 2472 αὑτὸν
1245 2424 1395 2475 οὐδὲν
1456 2427 1751 2497 κατορθοῦν

186 2501 276 2554 τῶν
321 2505 398 2566 είς
451 2506 550 2574 τὴν
603 2506 882 2576 βασιλείαν
932 2513 1173 2580 ἡκόντων
1223 2516 1316 2566 καὶ
1345 2516 1442 2586 τὴν
1489 2518 1581 2569 τοῦ
1621 2519 1749 2571 λαοῦ

186 2598 537 2661 προστασίαν.
573 2601 636 2668 τῇ
677 2599 732 2650 δὲ
781 2601 964 2670 χάριτι
1019 2604 1078 2655 τὸ
1111 2604 1358 2672 μέγεθος,
1411 2626 1428 2656 ι
1467 2608 1561 2670 Τίς
1589 2610 1635 2661 εἰ
1687 2613 1749 2662 σὺ

183 2683 234 2734 τὸ
257 2685 372 2752 ego;
397 2687 462 2738 τὸ
505 2689 644 2757 μέγα
695 2691 801 2760 πρὸ
837 2691 1123 2761 προσώπου
1157 2697 1458 2766 Ζοροόἀῦελ
1487 2699 1580 2750 τοῦ
1621 2719 1750 2752 κατ-

185 2776 436 2842 ορθῶσαω
502 2782 594 2832 καὶ
643 2783 838 2848 ἐξοίσω
879 2785 969 2835 τὸν
1017 2785 1160 2837 λίθον
1205 2789 1300 2856 τῆς
1352 2786 1748 2861 κληρονομίας,

187 2865 386 2937 ἰσότητα
435 2871 657 2940 χάριτος
701 2874 886 2943 αὐτῆς.
933 2895 949 2925 ι
1009 2878 1102 2946 (p.
1154 2878 1292 2947 468)
1362 2881 1580 2953 Ἐπειδὴ
1643 2883 1751 2952 γὰρ

184 2956 310 3010 λίθον
350 2961 608 3031 ὠνόμασε
631 2964 728 3016 τὸν
755 2966 1056 3036 Ζοροϐάϐελ
1079 3008 1091 3030 ,
1121 2970 1248 3038 ὅρος
1277 2971 1424 3038 λέγει
1453 2973 1598 3042 μέγα
1625 2976 1752 3037 τοὺς

183 3051 306 3116 ἄγαν
351 3053 615 3117 δυνατοὺς
659 3059 716 3109 ἐν
759 3057 1000 3129 βασιλεία
1026 3078 1084 3111 τε
1125 3063 1218 3114 καὶ
1251 3065 1625 3132 στρατοπέδων
1656 3068 1751 3118 καὶ

185 3140 421 3210 ὑπηκόων
476 3145 688 3214 πλήθει.
737 3149 832 3211 Τίς
883 3150 992 3220 γὰρ
1019 3151 1102 3221 δὴ,
1151 3155 1347 3223 φησὶν,
1396 3155 1536 3207 οὕτω
1577 3156 1718 3224 μέγα

183 3226 331 3292 ἐστὶν,
360 3231 390 3299 ἦ
423 3231 570 3285 οὕτω
605 3235 748 3302 μέγα
769 3236 1064 3307 δυνάμενος
1090 3240 1177 3292 διά
1217 3259 1274 3293 τε
1306 3243 1367 3297 τὸ
1410 3243 1612 3312 πλῆθος
1641 3246 1748 3298 τῶν

183 3318 420 3390 ὑπηκόων
459 3326 550 3376 καὶ
594 3327 693 3396 τὴν
730 3328 823 3381 τοῦ
859 3330 1136 3385 ὁπλιτικοῦ
1185 3336 1538 3406 παρασκευὴν
1561 3377 1573 3400 ,
1609 3338 1747 3391 ὥστε

179 3410 455 3482 δυνηθῆναι
496 3418 822 3484 ἀυτεναντίας
849 3440 900 3474 τι
937 3424 1028 3475 τοῦ
1065 3427 1366 3494 Ζοροϐάϐελ
1417 3430 1659 3497 ἱσχύσαι;
1689 3431 1748 3483 ὃν

179 3503 401 3575 διάδοχον
435 3509 536 3578 τῆς
569 3511 856 3582 βασιλικῆς
909 3517 1194 3581 ἀποδείξας
1242 3520 1634 3590 κληρονομίας,
1680 3519 1747 3594 ἦς

179 3596 264 3658 τὰς
307 3600 642 3666 ἐπαγγελίας
695 3605 833 3674 πρὸς
881 3607 970 3659 τὸν
1027 3611 1347 3681 προπάτορα
1399 3614 1491 3665 τοῦ
1557 3617 1746 3683 γένους

180 3689 534 3761 ἐποιησάμην,
567 3694 710 3761 λέγω
732 3695 791 3747 δὲ
818 3697 908 3749 τὸν
935 3698 1117 3760 Δαυῒδ,
1148 3700 1266 3754 ὅλον
1290 3703 1355 3754 δι’
1385 3704 1506 3757 ὅλου
1535 3705 1631 3774 τῆς
1653 3707 1748 3776 χά-

180 3796 311 3847 ριτος
339 3784 616 3853 πληρὼσω
639 3787 737 3856 τῆς
769 3789 910 3858 ἐμῆς
932 3830 943 3842 .
977 3791 1146 3844 Τοῦτο
1194 3793 1298 3866 γὰρ
1338 3796 1557 3864 ἰσότητα
1603 3797 1747 3865 λέγει

178 3871 398 3940 χάριτος,
439 3876 537 3943 ἀφ’
574 3871 753 3947 ἧσπερ
789 3879 934 3949 αὐτῷ
980 3883 1289 3950 ἀναγκαίως
1343 3887 1634 3956 προσέσται
1687 3891 1747 3940 τὸ

178 3967 374 4030 μεγάλα
426 3970 572 4037 ὑπὲρ
607 3971 717 4023 τῶν
760 3972 976 4025 οἰκείων
1025 3975 1418 4046 στρατηγοῦντι
1456 3978 1746 4050 δυνηθῆναι

176 4056 302 4109 κατὰ
329 4060 438 4112 τῶν
476 4061 750 4115 ἐναντίων.

173 4172 183 4185 ι
236 4150 377 4219 Στίχ.
403 4151 552 4213 η’-ι’.
590 4182 652 4191 -ν
685 4149 816 4206 Εἶτα
855 4156 952 4217 τὰς
987 4157 1321 4223 ἐπαγγελίας
1353 4157 1453 4221 τὰς
1485 4160 1613 4229 περὶ
1651 4163 1747 4214 αὑ-

172 4233 252 4285 τὸν
283 4237 524 4304 βεϐαιῶν
551 4256 564 4268 '
609 4259 624 4290 ‹
666 4242 776 4292 Καὶ
812 4244 1029 4309 ἐγένετο
1074 4245 1229 4313 λόγος
1264 4248 1468 4317 Κυρίου
1511 4251 1647 4319 πρός
1678 4269 1745 4321 με

170 4326 351 4393 λέγων,
395 4333 466 4382 Αἱ
498 4333 677 4401 χεῖρες
720 4335 1025 4403 Ζοροϐάϐελ
1061 4336 1431 4405 ὲθεμελίωσαν
1469 4341 1562 4392 τὸν
1596 4337 1745 4394 οἶκον

169 4419 367 4484 τοῦτον,
397 4423 494 4475 καὶ
516 4425 571 4475 αί
599 4426 778 4494 χεῖρες
810 4427 972 4479 αὑτοῦ
1009 4428 1412 4483 ἐπιτελέσουσιν
1441 4433 1622 4485 αὐτόν·
1653 4435 1745 4487 καὶ

1686 3175 1822 3258 αςο

1865 572 1974 626 scis
2003 571 2133 641 quid
2163 581 2293 625 sunt
2325 572 2481 625 haec?
2514 570 2580 626 Et
2607 573 2722 627 dixi
2752 593 2763 627 :
2788 573 3168 644 Nequaquam,
3202 576 3448 632 Domine.

1869 663 1932 716 Et
1980 665 2283 733 respondit,
2330 663 2574 732 mihique
2619 668 2694 718 ait
2746 667 2971 722 dicens:
3006 667 3111 723 Iste
3150 678 3235 724 est
3269 685 3451 723 sermo

1869 753 2080 807 Domini
2107 754 2172 806 ad
2210 753 2598 808 Zorobabelem
2631 755 2822 809 dicens
2851 776 2864 811 :
2892 756 3011 811 Non
3046 759 3096 812 in
3128 758 3450 814 fortitudine

1869 860 2083 913 magna,
2115 860 2291 914 neque
2324 845 2378 898 in
2406 845 2637 909 viribus,
2694 848 2788 902 sed
2827 850 2876 902 in
2903 850 3112 920 Spiritu
3139 866 3292 916 meo,
3323 851 3452 907 dicit

1865 935 2128 991 Dominus
2143 938 2516 1005 oninipotens.
2543 958 2562 990 ι
2587 939 2693 994 lste
2708 942 2954 1011 angelus,
2984 955 3144 1008 quem
3175 942 3231 994 in
3268 957 3326 996 se
3369 943 3439 995 lo-

1859 1036 2122 1096 quentem
2153 1029 2416 1098 propheta
2461 1039 2673 1095 narrat,
2728 1030 2869 1084 idem
2908 1031 2998 1084 ille
3027 1041 3110 1085 est
3156 1034 3247 1101 qui
3293 1034 3446 1088 visus

1866 1121 1964 1173 fuit
1993 1136 2092 1190 pro
2115 1122 2249 1175 urbe
2279 1120 2621 1177 flicrusalcm
2648 1123 2952 1190 deprecari,
2977 1132 3272 1193 «propterea
3302 1127 3449 1193 quod

1862 1212 2014 1267 Iudae
2038 1214 2231 1267 incolae
2259 1229 2452 1269 omnes
2487 1216 2670 1269 tutelae
2719 1215 2894 1285 ipsius
2919 1217 3200 1272 commissi
3240 1227 3398 1272 erant
3429 1235 3444 1284 ;

1863 1306 2174 1361 neceSsario
2215 1309 2380 1363 simul
2425 1325 2522 1378 pro
2561 1309 2668 1363 illis
2707 1325 2926 1380 quoque
2967 1324 3156 1378 preces
3205 1309 3312 1363 Deo
3354 1310 3442 1365 of-

1863 1398 2040 1454 ferens
2072 1419 2083 1454 :
2112 1404 2469 1472 quamobrem
2525 1402 2788 1472 propheta
2823 1401 2967 1454 hunc
3018 1401 3339 1470 interrogat,
3394 1409 3449 1454 ct

1860 1508 1945 1545 res
1972 1495 2215 1564 singulas
2250 1497 2531 1551 educetur.
2567 1493 2700 1548 Nam
2735 1493 2861 1563 quia
2900 1501 3114 1548 ostenta
3146 1495 3328 1547 omnia
3383 1507 3449 1546 eo

1861 1583 2175 1650 tendebant,
2219 1596 2277 1640 ut
2309 1587 2404 1642 Dei
2429 1602 2556 1657 erga
2596 1587 2784 1640 urbem
2807 1601 2995 1639 curam
3043 1587 3313 1654 ingentem
3352 1587 3448 1639 de-

1860 1684 2250 1741 monstrarent,
2274 1680 2590 1734 necessario
2619 1679 2868 1748 oportuit
2897 1678 3217 1747 prophetam
3242 1679 3309 1732 ab
3340 1679 3444 1732 hoc

1861 1771 2052 1838 angelo
2087 1772 2426 1841 singularum
2457 1773 2730 1827 visionum
2762 1772 3197 1841 explanationem
3232 1772 3443 1825 audire.

1790 1833 1830 1886 Β
1863 1859 2110 1916 Breviter
2146 1879 2277 1931 ergo
2309 1863 2568 1933 patefecit
2615 1866 2662 1918 ei
2721 1872 3067 1918 ostentorum
3117 1863 3262 1929 vim;
3307 1864 3446 1916 hanc

1863 1953 2121 2007 nimirum
2162 1972 2284 2011 esse
2309 1958 2507 2012 divina:
2542 1958 2729 2027 gratiae
2773 1957 3294 2018 manifestationem,
3323 1972 3445 2024 qua:

1860 2045 2212 2103 Zorobabelis
2247 2065 2469 2119 quoque
2512 2066 2739 2120 regnum
2765 2051 3133 2102 constituerat
3171 2065 3186 2100 :
3222 2048 3312 2116 qui
3351 2062 3446 2115 per

1857 2153 1919 2191 se
1955 2138 2173 2206 quidem
2204 2142 2552 2212 propriisque
2600 2142 2809 2195 viribus
2846 2141 3054 2194 nullum
3096 2141 3244 2210 regni
3282 2138 3439 2208 311

1860 2231 2133 2300 negotium
2174 2235 2432 2303 expedire
2463 2235 2688 2298 valeret,
2725 2250 2904 2298 neque
2933 2233 3134 2302 populo
3161 2247 3397 2301 przeesse
3424 2249 3438 2296 ;

1823 2355 1826 2358 η
1859 2325 1950 2376 sed
1984 2331 2173 2378 tamen
2220 2327 2406 2380 divina
2443 2326 2618 2396 gratia
2662 2335 2966 2393 promotus,
3019 2326 3087 2378 ab
3119 2325 3220 2377 hac
3251 2323 3442 2392 agendi

1859 2415 2112 2469 virtutem
2145 2417 2329 2472 habet.
2367 2419 2544 2487 Atque
2590 2426 2648 2471 ut
2672 2417 2800 2472 doni
2839 2418 2964 2486 ejus
3011 2416 3440 2486 magnitudinem

1856 2508 2131 2572 ostendat,
2159 2531 2174 2560 ‹
2197 2511 2330 2577 Quis
2350 2510 2632 2579 tu,inquit,
2673 2525 2829 2564 mons
2857 2523 3067 2578 magne,
3094 2514 3218 2561 ante
3242 2503 3438 2558 faciem

1861 2597 2240 2660 Zorobabelis,
2283 2611 2341 2654 ut
2394 2617 2657 2670 prospere
2693 2602 2994 2672 quidquam
3046 2599 3213 2669 agas?
3261 2597 3322 2650 Et
3359 2595 3440 2648 ef—

1851 2687 2024 2742 feram
2098 2691 2330 2760 lapidem
2389 2693 2750 2752 luereditatis,
2828 2691 3191 2761 mqual-itatcm
3255 2687 3442 2758 gratia

1855 2783 1996 2850 ejus.
2037 2803 2058 2834 ι
2107 2783 2562 2854 Quandoquidem
2609 2786 2839 2855 lapidem
2876 2783 3164 2854 appellavit
3201 2781 3440 2835 Zoroha-

1855 2877 2052 2938 belem,
2089 2887 2328 2929 montem
2381 2877 2515 2930 dicit
2556 2893 2812 2946 magnum
2865 2882 3114 2944 potentes
3149 2871 3304 2926 valde
3341 2871 3440 2925 ho-

1857 2971 2031 3020 mines
2087 2968 2202 3021 sive
2251 2968 2406 3037 regni
2457 2968 2747 3036 dignitate,
2797 2967 2912 3020 sive
2959 2965 3156 3020 bellica
3215 2965 3435 3027 virtute,

1856 3061 1971 3113 sive
2028 3059 2376 3114 subditorum
2420 3059 2791 3113 multitudine.
2841 3058 2974 3123 Quis
3014 3057 3182 3120 enim,
3238 3057 3435 3126 inquit,

1857 3158 2044 3203 tantus
2071 3159 2155 3204 est
2189 3159 2410 3218 tamque
2440 3150 2652 3204 validus
2698 3148 3038 3202 subditorum
3088 3162 3320 3202 numero
3380 3158 3435 3201 et

1851 3257 2132 3295 armorum
2164 3250 2456 3310 apparatu,
2478 3249 2536 3295 ut
2563 3241 2826 3294 adversus
2843 3239 3235 3293 Zorobabelem
3263 3241 3432 3293 hilum

1851 3333 2026 3401 possit
2054 3332 2348 3402 proﬁcere?
2379 3348 2540 3402 quem
2561 3333 2758 3402 regalis
2790 3332 3124 3385 haereditatis
3149 3346 3436 3386 successo-

1851 3441 1962 3478 rem
2001 3424 2323 3492 designavi;
2353 3425 2514 3494 cujus
2547 3426 2621 3480 rei
2659 3425 3056 3494 promissiones
3093 3425 3431 3495 progenitori

1850 3516 2059 3584 stirpis,
2117 3515 2306 3569 Davidi
2351 3516 2600 3585 inquam,
2665 3513 2842 3571 factas
2900 3515 3236 3569 adamussim
3268 3524 3432 3583 atque

1853 3609 2076 3661 onmino
2112 3608 2285 3677 gratia
2310 3623 2427 3662 mea
2455 3606 2758 3676 complebo.
2817 3606 2872 3660 ιιι
2899 3607 3044 3660 enim
3079 3606 3268 3661 dicunt
3311 3621 3426 3660 ver-

1849 3699 1914 3750 ba
1961 3717 1973 3751 :
2025 3697 2421 3768 [Equalitatem
2466 3699 2654 3766 gratiae
2694 3715 2840 3768 :qua
2904 3698 3078 3753 fretus
3118 3699 3433 3753 necessario

1850 3788 2068 3840 insitam
2104 3789 2211 3842 vim
2240 3789 2464 3843 habebit
2512 3789 2738 3858 grandia
2779 3789 2904 3843 belli
2943 3788 3209 3844 adversus
3242 3788 3434 3844 hostes

1849 3886 2087 3946 patrare.

1922 4155 2085 4207 Vens.
2116 4153 2352 4207 8-lf).--
2377 4152 2568 4207 Postea
2605 4152 2998 4222 prom-issiones
3031 4152 3097 4206 de
3126 4151 3218 4206 illo
3263 4151 3434 4205 factas

1849 4249 2212 4310 confirmans,
2257 4249 2360 4300 ait:
2391 4266 2408 4297 ε
2445 4246 2513 4299 Et
2557 4247 2736 4300 fac-tus
2772 4255 2854 4300 est
2890 4260 3071 4300 sermo
3111 4243 3329 4297 Domini
3363 4247 3430 4298 ad

1857 4356 1944 4394 me
1991 4341 2180 4394 dicens
2230 4339 2468 4393 :Manus
2519 4339 2872 4393 Zorobabelis
2922 4337 3292 4391 fundaverunt
3333 4335 3431 4391 do-

1850 4449 1998 4486 mum
2032 4433 2216 4491 istam,
2251 4443 2303 4487 et
2329 4448 2526 4487 manus
2557 4433 2677 4499 ejus
2711 4431 2991 4501 perficient
3022 4445 3161 4483 eam.
3192 4431 3253 4482 Et
3289 4430 3430 4484 scie-

168 4511 529 4579 ἑπιγνώσεσθε
562 4515 641 4567 ὅτι
685 4516 888 4585 Κύριος
920 4520 1317 4590 παντοκρὲιτωρ
1369 4521 1739 4584 ὲξαπέσταλκέ

1857 4525 1925 4579 lis
1952 4527 2209 4594 quoniam
2240 4524 2507 4578 Dominus
2545 4526 2894 4592 omnipotens
2921 4521 3069 4574 misit
3094 4535 3178 4573 me
3211 4519 3276 4572 ad
3315 4535 3430 4571 vos.

171 4618 230 4668 με
277 4605 415 4674 πρὸς
468 4607 648 4676 ὑμᾶς·
686 4607 820 4662 διότι
869 4610 954 4670 τίς
1002 4611 1359 4676 ἐξουδένωσεν
1411 4617 1489 4677 είς
1533 4617 1744 4686 ἡμέρας

169 4697 418 4765 μακράςς
475 4718 492 4748 ›
533 4699 703 4762 Αὐτὸς
727 4700 790 4752 δὲ
815 4695 970 4764 οὗτος
1004 4704 1096 4755 καὶ
1139 4704 1233 4755 τοῦ
1272 4705 1405 4773 ἐμοῦ
1439 4708 1588 4759 οἴκου
1617 4713 1746 4773 τοὺς

166 4785 446 4853 θεμελίους
493 4791 932 4861 καταϐαλόμενος
963 4835 975 4855 ,
1035 4795 1195 4858 αὐτὸς
1245 4798 1411 4851 αὑτὸν
1465 4802 1557 4851 καὶ
1611 4803 1746 4874 πρὸς

165 4877 330 4947 πέρας
347 4881 473 4946 ἄξει
497 4899 509 4910 ·
547 4881 685 4934 ὥστε
709 4886 804 4936 καὶ
831 4888 894 4937 ὲκ
925 4885 1116 4939 τούτου
1151 4891 1283 4940 πᾶσι
1303 4889 1466 4958 δῆλον
1491 4894 1747 4958 γενέσθαι

162 4970 236 5021 ὅτι
291 4974 495 5045 γν·ῖ.;ιμῃ
558 4975 692 5028 Θεοῦ
749 4980 1100 5046 παραγέγονα
1160 4980 1332 5033 ταῦτα
1380 4987 1745 5055 προμηνύσων

165 5067 300 5135 ὑμῖν.
350 5068 446 5138 Μὴ
483 5069 663 5121 τοίνυν
872 5073 946 5134 ὡς
999 5074 1054 5124 ἐν
1089 5075 1264 5143 χρόνῳ
1316 5077 1496 5147 πολλῷ
1541 5078 1743 5136 τούτων

161 5158 402 5221 γίνεσθαι
463 5161 769 5230 μελλόντων
833 5164 1174 5234 ἀπιστήσητε
1219 5170 1332 5229 τοῖς
1385 5167 1697 5239 λεγομένοις
1727 5192 1738 5204 ·

160 5246 454 5318 ἀνοήτατος
505 5250 612 5319 γὰρ
659 5254 740 5321 εἴη
789 5255 854 5306 ἂν
897 5257 923 5307 ὁ
970 5255 1066 5317 τᾶς
1106 5258 1406 5324 ἀποφάσεις
1454 5260 1552 5323 τὰς
1603 5264 1743 5332 ἐμὰς

160 5337 362 5402 ἀτελεῖς
423 5341 664 5409 νομίζων
699 5344 776 5412 τῷ
828 5348 992 5413 μήκει
1031 5347 1313 5414 γίγνεσθαι
1369 5349 1463 5401 τοῦ
1512 5355 1741 5422 χρόνου·

160 5426 308 5479 τοῦτο
329 5429 444 5499 γὰρ
479 5430 624 5496 λέγει
655 5430 764 5494 τὸ,‹
807 5433 1158 5496 ἐξουδένωσεν
1189 5438 1399 5508 ἡμέρας
1431 5442 1678 5510 μακράς’
1722 5464 1738 5495 ι

159 5518 286 5584 ἐμοῦ
311 5521 626 5590 δυναμένου
657 5522 716 5576 οὐ
735 5527 774 5545 ”⁶
799 5525 995 5593 ῥαδίως
1018 5529 1191 5580 πάντα
1218 5526 1401 5591 καθὼς
1419 5529 1483 5580 ἂν
1508 5529 1745 5600 ἐθελήσω

158 5611 349 5670 ποιεῖν,
385 5612 471 5680 (p.
513 5613 638 5678 4G9)
668 5616 805 5682 μετὰ
834 5617 1033 5687 πολλῆς
1056 5637 1112 5671 τε
1137 5621 1288 5687 ἄγειν
1319 5621 1417 5689 τῆς
1450 5624 1740 5693 συντομίας

224 5726 242 5745 ⁶
278 5725 446 5796 Deest
480 5726 707 5796 aliquid.

1847 4618 1984 4681 Quis
2013 4617 2156 4671 enim
2204 4617 2452 4684 despexit
2484 4616 2536 4669 in
2567 4617 2681 4669 dies
2711 4615 2944 4682 longos?
2973 4634 2990 4662 ι
3040 4611 3186 4666 fdem
3219 4611 3305 4664 hic
3334 4610 3428 4681 qui

1849 4710 2044 4760 domus
2068 4724 2198 4761 meae
2225 4707 2577 4760 fundamenta
2605 4707 2756 4775 jeeit,
2783 4707 2923 4759 idem
2957 4705 3154 4767 eidem,
3183 4704 3429 4772 inquam,

1849 4800 2168 4854 coronidem
2224 4800 2483 4867 imponet.
2527 4799 2712 4863 Quare
2755 4813 2819 4850 ex
2869 4797 2970 4851 hoc
3000 4812 3215 4864 quoque
3254 4797 3428 4864 palam

1850 4892 2107 4944 omnibus
2145 4891 2255 4952 fiet,
2307 4909 2391 4944 me
2421 4892 2700 4943 Voluntate
2751 4889 2840 4942 Dei
2876 4891 2988 4943 hsce
3019 4888 3174 4942 vobis
3212 4889 3433 4941 numia-

1849 4992 2036 5036 -turum
2077 4984 2310 5037 venisse.
2342 4984 2546 5037 Cavete
2575 4983 2740 5051 igitur
2764 4983 3065 5050 quominus
3106 4982 3270 5033 dict-is
3315 4981 3428 5033 dis-

1852 5071 2090 5126 crcdatis
2132 5075 2289 5142 quasi
2336 5074 2506 5127 multo
2529 5080 2772 5141 tempore
2805 5079 2925 5140 post
2951 5072 3225 5125 eventui-is
3255 5087 3266 5121 :
3301 5085 3426 5122 nam

1852 5164 2215 5217 stultissiums
2245 5163 2409 5226 foret,
2445 5165 2540 5234 qui
2583 5164 2799 5218 decreta
2830 5179 2946 5216 mea
2975 5164 3126 5215 irrita
3157 5162 3270 5214 fieri
3309 5177 3426 5229 pre-
3506 5198 3513 5203 -

1851 5254 2064 5310 lixitalc
2080 5256 2346 5323 temporis
2365 5255 2724 5310 existimaret.
2745 5253 2799 5307 Id
2811 5253 2962 5307 enim
2982 5254 3210 5306 innuunt
3233 5254 3421 5314 verba,

1863 5364 1880 5394 ι
1902 5345 2148 5415 despexit
2164 5345 2216 5399 in
2228 5347 2578 5415 dieslongos:
2595 5367 2610 5394 ι
2630 5347 2887 5414 egoenim
2901 5347 3216 5418 facilequeo
3242 5347 3421 5400 onmia

1849 5445 2010 5505 prout
2043 5437 2268 5489 voluero
2303 5434 2809 5505 facere,1uu.torpre
2843 5437 3168 5506 compendio
3211 5439 3276 5490 ad
3312 5440 3424 5492 cxi-

1847 5536 1964 5580 tum
1992 5543 2077 5582 res
2091 5527 2366 5581 deducere
2381 5543 2509 5596 quae
2532 5528 2751 5597 longum
2775 5536 2994 5597 tempus
3016 5528 3418 5582 desiderarent.

1851 5619 1986 5674 Tum
2035 5622 2179 5675 dicta
2229 5621 2576 5688 confirmans,
2613 5639 2634 5670 4
2687 5619 2748 5671 Et
2801 5620 3164 5686 laetabuntur,
3219 5619 3418 5688 inqu't,

233 5799 272 5818 "
301 5795 688 5866 thlungcnda
717 5801 951 5870 negatio,
995 5819 1157 5872 quam
1191 5806 1406 5873 quidem
1452 5823 1555 5860 non
1594 5808 1722 5878 legit

1857 5823 2038 5877 οντες.
2063 5805 2219 5858 linit.
