3934 6520
506 339 601 397 351
1659 334 2007 392 TllEODORl
2043 338 2524 397 MOPSUESTEM
3664 347 3757 403 53').

506 458 669 521 atque
692 446 960 503 videbunt
1004 450 1240 521 lapidem
1289 459 1580 507 stanueum
1624 452 1677 509 in
1725 469 1889 510 manu
1926 455 2087 512 Zoro-

2197 462 2270 525 είς
2312 462 2484 532 πέρας
2513 463 2579 515 τά
2624 460 2822 514 πολλοῦ
2854 461 3084 531 δεόμενα
3136 459 3229 515 τοῦ
3277 462 3492 531 χρόνου.
3538 463 3651 515 Καὶ
3687 464 3757 533 βε-

506 544 735 599 babelis.
769 562 786 593 ι
814 542 973 612 312
1010 541 1086 598 Ne
1117 558 1268 615 ergo,
1303 545 1501 615 inquit,
1543 546 1701 602 [idem
1728 550 1891 606 dictis
1919 551 2083 607 dene-

505 635 675 703 getis;
723 634 917 687 horum
958 634 1161 704 quippe
1199 636 1403 690 exitum
1452 638 1729 705 videbitis,
1774 656 1836 695 ac
1877 642 2085 697 la~tabi~

506 725 639 779 mini
683 732 958 794 potentem
1002 726 1070 780 ad
1117 728 1301 782 omnia
1346 730 1593 787 videntes
1642 733 2030 788 Zorobabelem
2067 752 2079 788 :

503 834 629 873 nam
663 828 926 873 stanneus
971 820 1110 890 lapis
1160 820 1397 875 futuram
1428 823 1547 891 ejus
1580 822 1937 894 Deojuvante
1976 826 2083 880 for-

505 910 794 965 titudinem
852 912 1145 981 signiﬁcat.
1208 913 1572 980 Quamobrem
1630 931 1854 969 causam
1916 918 2081 971 etiam

504 1000 656 1055 addit
695 1020 707 1053 :
745 1019 763 1051 ι
814 999 1034 1070 Septem
1077 1002 1130 1055 hi
1163 1004 1306 1057 oculi
1342 1001 1554 1057 Domini
1589 1011 1738 1065 sunt,
1771 1004 2081 1058 universam

504 1101 704 1147 terram
726 1095 1095 1161 speculaules.
1133 1114 1150 1145 ι
1177 1095 1389 1149 Etenim
1419 1098 1512 1165 qui
1543 1104 1741 1151 cuncta
1774 1096 1993 1165 inspicit
2020 1112 2083 1150 ac

504 1184 641 1253 regit
672 1185 956 1255 salvatque
989 1188 1210 1256 copiose
1243 1203 1305 1242 ac
1353 1189 1520 1255 varie,
1557 1187 1699 1243 idem
1741 1199 1820 1243 est
1852 1190 1942 1259 qui
1968 1189 2083 1243 haec

504 1270 572 1327 de
618 1270 954 1329 Zorobabcle
990 1274 1241 1344 promisit
1279 1282 1333 1329 et
1370 1275 1437 1328 ad
1480 1277 1684 1330 exitum
1720 1276 2083 1344 perducturus

504 1373 589 1419 est
635 1362 769 1417 Nam
801 1364 907 1420 hoc
945 1368 1071 1420 item
1112 1366 1233 1421 loco
1276 1367 1598 1421 vocabulum
1680 1389 1696 1417 (
1721 1375 1925 1436 septem
1964 1388 1979 1417 ι
2016 1367 2085 1421 de

511 1446 753 1516 perfecta
792 1465 857 1505 re
889 1449 1110 1505 dicitur.

577 1731 743 1787 Vens.
779 1733 965 1788 11-14.
990 1764 1051 1773 -ι
1089 1752 1105 1784 ι
1141 1733 1205 1786 Ει
1239 1735 1524 1804 respondi,
1557 1734 1781 1805 dixique
1809 1737 1857 1789 ei
1899 1755 1911 1789 :
1944 1736 2080 1801 Quid

505 1832 634 1879 sunt
663 1824 783 1877 dua:
812 1825 945 1879 oleae
972 1826 1088 1880 istae
1112 1866 1125 1889 ,
1168 1840 1290 1895 qua:
1317 1842 1345 1878 a
1366 1826 1577 1879 dextris
1614 1824 1930 1880 candelabri
1962 1834 2016 1879 et
2053 1840 2081 1877 a

507 1916 791 1971 sinistris?
826 1914 891 1969 Et
923 1916 1254 1987 interrogavi
1273 1918 1535 1980 secundo,
1566 1918 1788 1985 dixique
1814 1919 1862 1972 ei
1894 1938 1906 1970 :
1942 1918 2082 1983 Quid

506 2013 616 2063 duo
654 2010 789 2063 rami
816 2009 1059 2064 olearum
1097 2009 1153 2063 in
1201 2010 1456 2065 manibus
1485 2011 1717 2063 duarum
1750 2011 1962 2064 narium
1986 2026 2084 2063 au-

510 2116 764 2163 rearum,
831 2117 952 2171 qua;
1005 2100 1301 2155 infundunt
1353 2111 1406 2155 et
1464 2102 1749 2156 retrahunt
1793 2101 2084 2156 suifusoria

507 2193 714 2246 aurea?
753 2192 1007 2263 Dixitque
1046 2192 1221 2245 mihi:
1261 2192 1377 2248 Non
1416 2195 1562 2248 nosti
1603 2193 1732 2263 quid
1766 2201 1894 2249 sunt
1936 2194 2085 2249 haec?

508 2283 573 2336 Et
612 2284 763 2337 dixi:
805 2282 1185 2354 Nequaquam,
1222 2286 1471 2340 Domine.
1514 2285 1579 2340 Et
1608 2286 1744 2340 dixit
1786 2305 1797 2339 :
1844 2286 1934 2343 lsti
1975 2286 2085 2341 duo

507 2375 601 2428 tiiii
628 2375 974 2446 pinguedinis
1000 2419 1014 2441 ,
1048 2378 1139 2446 qui
1177 2378 1447 2433 universae
1486 2386 1645 2434 terrae
1679 2378 1909 2434 Domino
1944 2380 2086 2435 assi-

506 2476 677 2523 stunt.
719 2488 737 2520 ι
772 2468 1080 2539 lnterrogat
1111 2471 1239 2541 quid
1283 2472 1385 2526 sihi
1420 2473 1588 2526 velint
1610 2472 1729 2526 dua:
1759 2472 1911 2536 oleae,
1944 2487 2084 2542 qua-

505 2574 627 2612 rum
662 2574 765 2613 una
792 2560 847 2613 in
881 2560 1071 2615 dextra
1108 2568 1297 2630 parte,
1331 2561 1499 2615 altera
1535 2563 1589 2615 in
1618 2561 1842 2617 sinistra
1882 2562 2084 2616 cande-

506 2653 643 2706 labri
693 2660 830 2718 erat,
872 2652 987 2708 sive
1040 2654 1305 2723 lampadis
1352 2670 1518 2723 super
1564 2669 1630 2710 eo
1670 2656 1904 2725 positae?
1945 2654 2085 2721 Quid

506 2743 637 2799 item
670 2743 782 2798 nati
813 2760 877 2798 ex
918 2745 1053 2800 oleis
1095 2745 1204 2800 duo
1252 2748 1434 2799 rami?
1478 2745 1552 2801 De
1598 2747 1821 2817 quibus,
1867 2748 2081 2802 audiit:

509 2829 574 2884 lli
609 2838 740 2886 sunt
785 2832 895 2889 duo
935 2834 1030 2888 lilii
1076 2834 1458 2905 piuguedinis,
1493 2836 1586 2906 qui
1629 2838 1900 2893 universae
1924 2846 2086 2893 terrae

504 2920 736 2976 Domino
762 2924 1050 2979 assistunt.
1080 2924 1214 2979 Nam
1242 2927 1369 2995 quia
1408 2928 1526 2981 duae
1551 2926 1683 2981 oleae
1712 2928 1861 2999 regni
1904 2943 1967 2982 ac
1996 2944 2086 2983 sa-

506 3015 738 3069 cerdotii
788 3016 1052 3071 indicium
1096 3027 1287 3082 erant,
1324 3034 1446 3088 qua:
1478 3018 1587 3073 duo
1626 3020 1681 3074 in
1716 3027 1862 3075 terra
1903 3020 2084 3075 domi-

506 3107 624 3161 nari
678 3106 821 3163 Deus
871 3110 1176 3173 constituit,
1232 3110 1371 3166 duos
1408 3126 1592 3168 ramos
1617 3128 1681 3167 ex
1729 3113 1849 3168 olea
1894 3123 2085 3171 enatos

506 3198 642 3251 dicit
679 3197 1068 3256 Zorohabelem
1118 3208 1281 3272 atque
1322 3200 1548 3269 Jesum;
1592 3218 1828 3273 quorum
1872 3204 2022 3273 prior
2056 3218 2087 3257 a

507 3291 693 3343 divina
740 3292 915 3361 gratia
966 3294 1021 3346 in
1064 3307 1291 3363 regnum
1343 3293 1522 3349 fuerat
1571 3306 1895 3365 provvctus;
1953 3295 2092 3350 aiter

508 3395 639 3434 vero
686 3381 977 3438 sacerdotii
1020 3384 1196 3454 gratia
1240 3386 1425 3441 divino
1478 3386 1780 3441 ministerio
1815 3388 2085 3444 addictus.

508 3472 805 3543 Propterea
842 3475 1191 3546 pinguedinis
1215 3493 1431 3548 quoque
1451 3493 1546 3535 eos
1571 3480 1807 3549 appellat
1846 3480 2010 3548 ﬁlios,
2034 3482 2087 3535 id

508 3576 593 3623 est
623 3584 689 3622 ex
715 3568 933 3625 duobus
972 3570 1232 3626 maximis
1260 3578 1314 3625 et
1347 3573 1491 3643 apud
1527 3572 1776 3630 homines
1816 3574 2091 3628 honoran-

508 3660 755 3716 dissimis
792 3670 943 3717 ortos
969 3702 983 3727 ,
1026 3677 1194 3731 regno
1244 3679 1309 3716 ac
1355 3664 1697 3731 sacerdotio;
1739 3666 1831 3735 qui
1888 3666 2092 3735 pariter

514 3750 622 3806 Deo
643 3751 917 3808 deservire
934 3753 1078 3823 jussi
1103 3763 1230 3808 sunt
1261 3755 1501 3810 omnium
1520 3754 1773 3811 Domino.
1796 3756 1973 3826 Atque
1989 3755 2092 3810 hoc

511 3852 627 3898 toto
677 3860 953 3909 sermone,
999 3861 1087 3901 res
1134 3845 1476 3903 Hierusalem
1521 3848 2093 3917 gentisqueJudaicae

508 3936 807 3991 maximum
830 3937 1099 3991 bonorum
1138 3937 1537 3993 incrementum
1572 3947 1831 4009 capturas
1864 3938 2091 3994 demon—

510 4028 701 4081 stravit
717 4026 879 4097 313
896 4029 1178 4098 propheta,
1204 4029 1455 4084 hostibus
1476 4030 1692 4083 illorum
1712 4032 1937 4101 punitis,
1963 4045 2093 4100 pro-

510 4117 751 4171 videntia
785 4116 1018 4187 plurima
1044 4125 1099 4173 et
1127 4118 1444 4173 omnimoda
1475 4134 1603 4187 erga
1633 4118 1907 4175 lsraeiitas
1934 4134 1963 4172 a
1985 4118 2095 4173 Deo

509 4218 870 4279 exprompta;
914 4210 1175 4280 quoniam
1219 4209 1286 4265 de
1326 4210 1643 4280 captivitate
1674 4211 1903 4265 redituri
1937 4219 2095 4265 erant

509 4301 603 4355 alii
642 4317 811 4372 prope
862 4302 1172 4367 innumeri,
1211 4304 1304 4375 qui
1364 4304 1543 4360 adhuc
1586 4305 1640 4359 in
1672 4320 1736 4358 ea
1782 4305 2096 4360 conditione

510 4401 642 4446 tunc
664 4400 821 4447 erant
857 4411 869 4446 :
904 4393 1034 4447 dato
1068 4394 1287 4449 demum
1310 4393 1513 4450 Judazis
1544 4411 1711 4467 regno
1742 4412 1805 4450 ac
1839 4395 2094 4451 sacerdo-

512 4488 607 4540 tali
631 4488 914 4558 dignitate,
936 4489 990 4541 in
1016 4488 1233 4542 illorum
1258 4490 1532 4558 personis,
1550 4504 1689 4559 quas
1710 4489 1894 4544 divina
1918 4488 2095 4559 gratia

511 4581 580 4635 ad
630 4581 743 4635 lucc
790 4580 963 4633 omnia
996 4589 1361 4651 promoverat.
1415 4581 1521 4636 Sed
1560 4583 1737 4643 enim,
1785 4596 1853 4636 ne
1895 4581 2096 4638 eximia

511 4676 782 4729 bonorum
808 4675 1090 4743 praedictio
1122 4673 1430 4743 ignaviores
1456 4670 1731 4727 lsraelitas
1759 4671 1984 4738 faceret,
2021 4673 2095 4727 ita

512 4773 573 4819 ut
602 4765 808 4820 divinis
849 4765 1186 4820 conﬁdentes
1236 4764 1544 4835 promissis,
1574 4762 1810 4818 oiiicium
1855 4764 2096 4835 neglige-

512 4867 658 4923 rent,
716 4859 1109 4914 revelationem
1164 4856 1421 4928 posthinc
1458 4856 1628 4920 videt,
1654 4872 1722 4910 ex
1768 4872 1876 4925 qua
1926 4871 2097 4925 pavor

513 4952 622 5006 illis
681 4952 1071 5015 incutiebatur,
1118 4965 1228 5020 quo
1265 4949 1455 5003 vitium
1518 4948 1788 5018 fugerent,
1830 4949 2085 5004 virtutem

511 5046 990 5116 amplecterentur.
1032 5044 1123 5099 Sic
1151 5059 1283 5114 ergo
1310 5042 1478 5097 dicit:

2189 552 2358 606 ϐαιῶν
2405 554 2465 606 τὸ
2511 553 2819 624 εἰρημένον,
2861 571 2878 601 ‹
2929 553 3038 606 Καὶ
3077 554 3442 624 χαρήσονται,
3488 553 3583 608 καὶ
3613 554 3748 623 ὄψον-

2190 660 2277 695 ται
2310 643 2399 695 τὸν
2433 642 2580 695 λίθον
2601 643 2692 695 τὸν
2718 644 3095 712 κασσιτέρινον
3124 643 3181 695 ἐν
3206 644 3351 715 χειρὶ
3380 642 3703 715 Ζοροϐάϐελ.
3736 666 3752 697 ι

2189 733 2280 802 Μὴ
2314 733 2493 787 τοίνυν
2523 734 2827 797 ἀπιστεῖτε,
2860 733 3016 803 φησὶ,
3054 736 3167 795 τοῖς
3193 734 3509 805 λεγομένοις
3532 753 3545 765 ·

2189 824 2284 876 καὶ
2312 823 2506 891 δ’,ιεσθε
2539 824 2720 877 αὐτῶν
2743 825 2803 876 τὸ
2832 824 3024 894 πέρας,
3058 825 3151 876 καὶ
3175 825 3485 895 χαρήσεσθε
3512 827 3614 896 τὴν
3645 830 3763 898 περὶ

2191 915 2368 967 πάντα
2412 915 2640 985 δύναμιν
2690 916 2924 986 ὁρῶντες
2968 915 3059 969 τοῦ
3092 916 3426 986 Ζοροϐάϐελ·
3475 917 3637 971 τοῦτο
3665 921 3762 987 γάρ

2187 1007 2442 1075 λέγειτὸν
2473 1010 2851 1081 κασσιτέρινον
2871 1010 3037 1075 λίθον,
3072 1010 3171 1081 τήν
3202 1010 3599 1080 περιεσομένην
3627 1011 3764 1080 αὑτῷ

2186 1099 2361 1169 δηλῶν
2408 1101 2562 1169 ίσχὺν
2596 1100 2749 1172 παρὰ
2791 1102 2886 1153 τοῦ
2918 1099 3074 1154 Θεοῦ.
3111 1100 3274 1153 Ὅθεν
3318 1102 3411 1153 καὶ
3441 1101 3544 1170 τὴν
3593 1102 3764 1153 αἰτίαν

2186 1194 2483 1263 ἐπήγαγεν·
2538 1213 2556 1243 ι
2604 1192 2776 1246 Ἐπτά
2815 1188 2959 1247 οὗτοι
2987 1192 3256 1263 ὀφθαλμοὶ
3288 1192 3496 1262 Κυρίου
3532 1191 3693 1253 εἰσὶν,
3721 1193 3764 1245 οἳ

2188 1286 2576 1349 ἐπιϐλέποντες
2608 1286 2698 1338 ἐπὶ
2722 1289 2901 1340 πᾶσαν
2925 1287 3022 1356 τὴν
3049 1285 3175 1355 γῆν.
3222 1303 3240 1336 ι
3285 1285 3342 1337 Ὀ
3365 1284 3481 1353 γὰρ
3497 1283 3568 1335 τά
3597 1284 3767 1336 πάντα

2188 1379 2398 1448 ἐφορῶν
2432 1396 2490 1431 τε
2523 1380 2616 1432 καὶ
2653 1379 2869 1432 διοικῶν
2914 1377 3009 1431 καὶ
3041 1376 3227 1442 σώζων
3279 1376 3555 1439 πλουσίως
3590 1392 3649 1427 τε
3682 1376 3767 1427 καὶ

2195 1471 2489 1534 ποικίλως,
2525 1467 2676 1534 οὗτός
2711 1473 2858 1525 ἐστιν
2898 1473 2927 1524 ὁ
2961 1470 3056 1524 καὶ
3093 1468 3267 1523 ταῦτα
3313 1466 3687 1538 ὑποσχόμενός
3714 1484 3767 1519 τε

2190 1564 2319 1634 περὶ
2351 1563 2444 1616 τοῦ
2475 1563 2781 1635 Ζοροϐάϐελ
2820 1564 2915 1617 καὶ
2948 1563 3084 1633 πρὸς
3120 1561 3293 1630 πέρας
3320 1559 3465 1623 ἄξων
3487 1575 3501 1589 ·
3542 1559 3641 1612 καὶ
3667 1557 3768 1628 γάρ

2192 1656 2467 1710 κάνταῦθα
2499 1656 2560 1708 τὸ
2600 1675 2618 1707 ι
2656 1657 2798 1709 ἑπτά
2840 1676 2858 1708 ι
2894 1655 2985 1709 ἐπὶ
3017 1654 3112 1708 τοῦ
3140 1653 3349 1706 τελείου
3377 1652 3555 1719 λέγει.

2266 1750 2413 1819 Στίχ.
2453 1748 2633 1801 ια’-ιδ’.
2676 1778 2747 1809 σέ-
2785 1767 2802 1799 (
2842 1746 2947 1801 Καὶ
2975 1744 3280 1818 ἀπεκρίθην
3313 1744 3407 1797 κεῖ.)⁵
3451 1736 3608 1794 εἷπον
3638 1741 3768 1810 πρὸς

2194 1841 2385 1893 αὐτόν·
2422 1840 2485 1893 Τί
2520 1841 2575 1892 αἱ
2612 1841 2705 1892 δύο
2736 1839 2912 1891 ἐλαῖαι
2945 1833 3103 1892 αὗται
3144 1837 3198 1890 αί
3236 1837 3301 1887 ἐκ
3329 1833 3519 1898 δεξιῶν
3560 1832 3662 1903 τῆς
3685 1831 3771 1883 λυ-

2192 1934 2345 2002 χνίας
2398 1936 2491 1986 καὶ
2523 1932 2583 1998 ἐξ
2617 1930 2912 2001 εὐωνύμων
2940 1930 3112 1999 αὐτῆς
3138 1947 3153 1994 ;
3204 1927 3311 1981 Καὶ
3344 1924 3684 1997 ἐπηρώτησα
3712 1926 3771 1977 ἐκ

2193 2025 2483 2096 δευτέρου,
2520 2024 2614 2078 καὶ
2656 2019 2811 2076 εἶπον
2850 2022 2986 2093 πρὸς
3021 2021 3204 2086 αὑτὸν,
3240 2020 3305 2073 Τί
3357 2020 3408 2071 οἱ
3451 2018 3544 2071 δύο
3589 2016 3770 2070 κλάδοι

2194 2117 2301 2169 τῶν
2328 2116 2523 2169 ἐλαιῶν
2541 2118 2590 2168 οί
2624 2117 2681 2167 ἐν
2707 2117 2825 2178 ταῖς
2854 2116 3009 2185 χερσὶ
3029 2113 3138 2167 τῶν
3169 2112 3263 2167 δύο
3296 2112 3638 2183 μυξωτήρων
3668 2109 3772 2163 τῶν

2194 2210 2411 2282 χρυσῶν
2443 2208 2551 2261 τῶν
2596 2208 2923 2278 ἐπιχεόντων
2962 2207 3055 2259 καὶ
3102 2205 3488 2272 ὲπαναγόντων
3528 2202 3630 2265 τάς
3675 2202 3772 2253 ἐπ-

2193 2302 2520 2374 αρυστρίδας
2566 2301 2662 2363 τὰς
2695 2300 2901 2371 χρυσᾶς
2922 2340 2935 2363 ,
2973 2298 3081 2350 Καὶ
3121 2292 3242 2350 εἷπε
3275 2296 3409 2366 πρός
3442 2312 3530 2364 με,
3558 2294 3673 2346 Οὐκ
3696 2288 3774 2345 οἷ-

2194 2395 2290 2456 δας
2323 2394 2374 2445 τί
2423 2393 2538 2442 ἐστι
2584 2388 2793 2455 ταῦτα;
2843 2388 2951 2440 Καὶ⁴
2985 2383 3160 2450 εἷπον,
3211 2384 3368 2454 Οὐχὶ,
3419 2382 3636 2452 Κύριε-
3686 2380 3777 2431 καὶ

2193 2479 2373 2547 εἶπεν,
2419 2474 2581 2534 υῦτοι
2610 2480 2658 2532 οἱ
2686 2479 2779 2532 δύο
2822 2480 2927 2531 υἱοὶ
2955 2478 3055 2546 τῆς
3093 2476 3385 2546 πιότητος,
3417 2474 3466 2526 οἳ
3497 2469 3778 2540 παρεστή-

2196 2594 2321 2631 κασι
2352 2576 2432 2646 τῷ
2467 2576 2655 2647 Κυρίῳ
2698 2576 2876 2642 πάσης
2910 2572 3008 2642 τῆς
3033 2572 3156 2641 γῆς.
3199 2589 3216 2621 ι
3264 2567 3475 2638 Ἐρωτᾷ
3507 2565 3559 2617 τί
3593 2562 3691 2634 μὲν
3721 2563 3776 2613 αἱ

2193 2674 2286 2727 δύο
2326 2671 2605 2742 βούλονται
2646 2670 2854 2730 ἐλαῖαι,
2885 2660 2960 2722 ὧν
3000 2669 3034 2737 ή
3082 2664 3180 2735 μὲν
3216 2663 3280 2715 ἐκ
3311 2659 3523 2724 δεξιῶν,
3556 2659 3592 2727 ἡ
3620 2656 3674 2708 δὲ.
3718 2654 3777 2718 ἐξ

2195 2764 2493 2834 εὐωνύμων
2529 2762 2789 2832 ἐτύγχανε
2813 2761 2910 2829 τῆς
2943 2758 3184 2829 λυχνίας,
3214 2757 3333 2826 ήτοι
3361 2752 3455 2806 τοῦ
3488 2753 3575 2805 ἐπ’
3610 2749 3777 2817 αὐτὴν

2195 2856 2539 2927 λαμπαδίου;
2592 2854 2645 2907 τί
2689 2853 2745 2906 δὲ
2797 2855 2848 2905 οἱ
2896 2851 3268 2919 ἐκπεφυκότες
3318 2847 3414 2900 δύο
3447 2844 3634 2898 κλάδοι
3668 2841 3777 2894 τῶν

2195 2948 2409 3014 ἐλαιῶν;
2427 2950 2502 3017 (p.
2524 2947 2646 3013 470)
2670 2946 2796 3015 περὶ
2820 2936 2894 2997 ὧν
2910 2944 3160 3015 ἥκουσενο
3187 2932 3345 2990 Οὗτοι
3369 2936 3419 2989 οἱ
3439 2934 3532 2989 δύο
3548 2935 3654 2988 υἱοὶ
3678 2933 3777 3002 τῆς

2197 3042 2486 3111 πιότητος,
2536 3038 2585 3091 οἳ
2636 3037 3018 3108 παρεστήκασι
3066 3032 3146 3104 τῷ
3192 3030 3384 3101 Κυρίῳ
3440 3028 3622 3097 πάσης
3673 3024 3777 3092 τῆς

2115 3165 2159 3223 C
2196 3136 2299 3205 γῆς
2325 3150 2337 3161 ·
2388 3129 2576 3201 ἐπειδὴ
2620 3128 2729 3200 γὰρ
2762 3129 2818 3181 αἱ
2868 3128 3042 3180 ἐλαῖαι
3081 3125 3181 3195 τῆς
3231 3122 3505 3193 βασιλείας
3539 3119 3777 3223 καὶ-τῆς

2197 3223 2496 3297 ἱερωσύνης
2528 3218 2670 3294 ἦσαν
2697 3220 3000 3291 γνώρισμα,
3024 3219 3090 3281 ἃς
3121 3216 3215 3271 ἐπὶ¹
3254 3217 3357 3286 γῆς
3395 3215 3619 3285 κρατεῖν
3650 3211 3775 3297 ἐτα-

2194 3310 2284 3375 ξεν
2313 3311 2341 3361 ὁ
2370 3307 2528 3373 Θεὸς,
2560 3305 2654 3359 δύο
2684 3303 2909 3366 κλάδους
2940 3304 3002 3355 ἐκ
3026 3302 3133 3355 τῶν
3164 3300 3359 3355 ἐλαιῶν
3396 3296 3778 3366 ἐκπεφυκὰτας

2193 3399 2340 3465 λέγει
2363 3398 2453 3449 τόν
2486 3412 2545 3448 τε
2572 3392 2879 3465 Ζοροϐάϐελ
2901 3392 2995 3444 καὶ
3027 3392 3116 3445 τὸν
3157 3389 3363 3461 Ἰησοῦν
3386 3410 3398 3419 ο
3427 3383 3502 3442 ὧν
3530 3388 3560 3439 ὁ
3585 3386 3687 3457 μὲν
3719 3386 3779 3436 ἐκ

2192 3491 2290 3559 τῆς
2317 3489 2466 3550 θείας
2511 3486 2727 3556 χάριτος
2766 3488 2841 3548 είς
2872 3485 2971 3554 τὴν
2996 3481 3272 3554 βασιλείαν
3296 3480 3606 3552 παρῆκτο,ὁ
3628 3479 3691 3531 δὲ
3716 3479 3777 3545 τῇ

2196 3582 2294 3651 τῆς
2325 3579 2624 3649 ἱερωσύνης
2650 3577 2832 3648 χάριτι
2858 3576 2994 3646 πρὸς
3019 3576 3118 3645 τὴν
3142 3573 3485 3644 λειτουργίαν
3512 3571 3781 3641 προσεδέ-

2196 3674 2360 3743 6λητο
2381 3670 2478 3742 τὴν
2512 3670 2683 3723 θείαν.
2717 3668 2816 3720 Διά
2841 3667 3000 3722 τοῦτο
3022 3668 3115 3720 καὶ
3146 3665 3397 3735 πιότητος
3417 3663 3619 3721 αὐτοὺς
3654 3661 3781 3715 ἐκά-

2195 3765 2349 3815 λεσεν
2381 3762 2549 3824 υἱοὺς.
2587 3761 2674 3812 ἵνα
2695 3761 2847 3831 εἴπῃ,
2881 3766 2943 3817 Οἱ
2963 3764 3027 3815 ἐκ
3044 3760 3153 3813 τῶν
3174 3758 3443 3831 μεγίστων
3462 3756 3556 3810 καὶ
3581 3770 3780 3823 τιμιω·

2195 3856 2371 3908 τάτων
2408 3852 2563 3923 παρὰ
2601 3856 2711 3914 τοῖς
2744 3848 3052 3921 ἀνθρώποις
3083 3847 3454 3916 ἐκπεφυκότες
3493 3845 3774 3917 βασιλείας

2197 3964 2255 3999 τε
2292 3947 2379 3998 καί
2436 3943 2768 4015 ἱερωσύνης⁸
2809 3943 2858 3995 οἳ
2909 3942 3108 4005 πάντες
3155 3942 3448 4011 ὑπουργεῖν
3497 3940 3608 3991 εἰσι
3658 3934 3776 4004 Θεῷ

2174 4030 2523 4107 ¹τεταγμένοι
2557 4034 2635 4105 τῷ
2667 4036 2882 4088 πάντων
2927 4032 3136 4103 Κυρίῳ.
3180 4031 3277 4085 Διὰ
3324 4031 3546 4083 πάντων
3580 4030 3688 4097 μὲν
3717 4029 3778 4095 δὴ

2196 4128 2399 4182 τούτων
2444 4126 2513 4179 τά
2560 4125 2701 4178 κατά
2752 4141 2811 4176 τε
2861 4123 2960 4193 τὴν
3018 4121 3369 4193 Ἰερουσαλὴμ
3412 4121 3509 4174 καὶ
3563 4121 3627 4172 τὸ
3676 4118 3782 4171 τῶν

2211 4220 2481 4273 Ἰουδαίων
2503 4218 2675 4282 ἔθνος,
2706 4218 2788 4270 ὅτι
2823 4217 3087 4287 μεγίστην
3116 4214 3356 4267 ἐπίδοσιν
3380 4217 3459 4277 είς
3491 4215 3559 4267 τὸ
3597 4216 3783 4285 κρεῖτ-

2197 4330 2287 4365 τον
2319 4311 2548 4382 λήψεται
2586 4309 2886 4380 δεδήλωκεν
2920 4310 2948 4361 ὁ
2978 4308 3264 4378 προφήτης
3291 4323 3303 4335 ·
3340 4307 3785 4377 τιμωρουμένων

2203 4405 2301 4474 μὲν
2334 4402 2443 4455 τῶν
2472 4401 2863 4473 ἐχθραινόντων
2892 4399 3097 4462 αὐτοῖς,
3133 4398 3462 4468 κηδεμονίας
3495 4396 3557 4449 δὲ
3585 4396 3786 4464 πολλῆς

2128 4521 2173 4575 D
2206 4492 2544 4564 ἀξιουμένων
2577 4495 2634 4545 ἐν
2683 4491 2885 4546 ἅπασιν
2916 4489 3097 4543 αὐτῶν
3126 4489 3278 4561 παρά
3323 4488 3416 4542 τοῦ
3466 4488 3607 4542 Θεοῦ
3630 4531 3647 4554 ,
3690 4487 3783 4540 ἅτε

2200 4588 2295 4640 καὶ
2313 4584 2601 4655 ἐπανιέναι
2632 4584 2740 4638 ἀπὸ
2770 4586 2867 4655 τῆς
2911 4582 3286 4654 αἰχμαλωσίας
3320 4580 3628 4651 μελλόντων
3674 4580 3789 4632 ἐτέο

2198 4694 2304 4747 ρων
2331 4676 2431 4729 οὐκ
2451 4674 2832 4746 εὐαριθμήτων
2851 4675 3034 4737 τινῶν,
3065 4673 3157 4737 οὓς
3176 4673 3263 4725 ἐπ’
3291 4672 3506 4725 ἐκείνου
3529 4671 3624 4725 τοῦ
3660 4672 3788 4741 σχήη

2198 4787 2365 4842 ματος
2395 4767 2536 4823 εῖναι
2559 4770 2679 4823 τότε
2715 4766 3029 4821 συνέϐαινεν
3056 4765 3136 4819 ἔτι
3161 4782 3174 4796 ’
3212 4763 3578 4832 ἀποδοθείσης
3606 4763 3668 4815 δὲ
3696 4764 3789 4813 αὐ·

2194 4864 2306 4924 τοῖς
2332 4860 2427 4913 καὶ
2457 4860 2554 4930 τῆς
2587 4858 2873 4930 βασιλικῆς
2911 4858 3006 4910 καὶ
3030 4857 3127 4927 τῆς
3153 4854 3436 4925 ἱερατικῆς
3469 4854 3669 4920 ἀξίας,
3704 4853 3789 4904 διὰ

2195 4953 2305 5007 τῶν
2335 4953 2401 5005 ἐκ
2435 4953 2534 5023 τῆς
2557 4952 2707 5014 θείας
2737 4952 2957 5023 χάριτος
2994 4949 3087 5002 ἐπὶ
3112 4946 3271 5002 τοῦτο
3295 4946 3789 5016 προϐεϐλημένων.

2213 5042 2370 5096 Ἀλλὰ
2395 5043 2505 5114 γὰρ
2528 5042 2668 5097 ῶστε
2699 5044 2773 5113 μὴ
2798 5042 2898 5113 τὴν
2932 5039 3377 5113 ὑπερϐάλλουσαν
3415 5041 3656 5109 μήνυσιν
3686 5037 3794 5089 τῶν

509 5140 731 5207 ἀγαθῶν
777 5137 1178 5211 ῥᾳθυμοτέρους
1221 5136 1419 5197 αὐτοὺς
1455 5135 1905 5205 ἀπεργάσασθαι,
1940 5133 2277 5206 θαρροῦντας
2312 5135 2411 5205 μὲν
2444 5138 2564 5201 ταῖς
2593 5134 2948 5203 ἐπαγγελίαις
2984 5137 3104 5198 ταῖς
3128 5132 3325 5197 θείαις,
3360 5132 3717 5203 ἀμελοῦντας
3740 5132 3794 5183 δὲ

507 5232 601 5285 τοῦ
644 5233 1014 5302 προσήκοντος
1043 5269 1057 5293 ,
1084 5226 1428 5296 ἀποκάλυψιν
1465 5228 1567 5297 ὁρᾷ
1596 5226 1779 5279 λοιπὸν
1808 5226 1875 5278 δι’
1899 5222 1966 5297 ἦς
1997 5228 2180 5291 αὐτοῖς
2214 5229 2307 5281 καὶ
2336 5228 2498 5297 φόϐος
2537 5226 2805 5281 ἐνετίθετο
2836 5226 2973 5298 πρὸς
3015 5226 3077 5279 τὸ
3105 5225 3327 5294 φεύγειν
3364 5227 3466 5296 μὲν
3492 5226 3557 5278 τὰ
3594 5227 3794 5297 χείρω,

511 5326 754 5394 μετιέναι
789 5325 844 5377 δὲ
875 5322 944 5377 τά
978 5322 1230 5394 κρείττω.
1266 5321 1429 5388 Λέγει
1456 5322 1512 5374 δὲ
1545 5320 1735 5383 οὕτως·

1163 5413 1321 5468 CAP.
1368 5414 1430 5468 V.

585 5507 752 5561 Vens.
801 5507 917 5559 1-4.
965 5534 1036 5544 --
1072 5524 1091 5556 ι
1138 5504 1204 5558 Et
1249 5520 1550 5561 conversus
1613 5522 1755 5569 sum,
1808 5514 1861 5559 et
1918 5507 2090 5561 levavz

512 5602 705 5654 uculos
739 5615 924 5665 meos,
954 5609 1010 5656 et
1033 5600 1179 5663 vidi,
1208 5610 1261 5655 et
1288 5613 1419 5654 ecce
1450 5598 1557 5652 falx
1590 5600 1804 5653 volans.
1835 5597 2091 5667 Dixitque

514 5690 647 5744 mihi
679 5688 857 5754 :Quid
885 5699 941 5745 tu
977 5690 1169 5745 vides?
1197 5690 1263 5743 Et
1291 5691 1402 5745 dixi
1433 5708 1445 5743 :
1475 5688 1643 5743 Video
1675 5687 1868 5743 falcem
1904 5689 2092 5743 volan-

514 5789 627 5837 tem
671 5781 1031 5852 longitudinis
1068 5784 1379 5839 cubitorum
1424 5784 1657 5853 viginti.
1693 5790 1743 5837 et
1784 5782 2090 5838 latitudinis

2853 5411 3009 5464 ΚΕΦ.
3046 5413 3119 5463 Ε’.

2272 5507 2419 5576 Στίχ.
2475 5505 2617 5557 α’-δ’.
2667 5534 2735 5544 —
2778 5519 2796 5550 ι
2843 5501 2952 5555 Καὶ
2989 5501 3298 5571 ἐπέστρεψα
3355 5502 3451 5554 καὶ
3670 5506 3801 5567 10b;

2201 5598 2511 5669 ὀφθαλμούς
2545 5614 2646 5668 μου
2670 5613 2683 5625 ·
2728 5597 2821 5649 καὶ
2848 5590 3006 5658 εἶδον,
3041 5596 3136 5649 καὶ
3181 5593 3288 5648 ίδοὲι
3320 5594 3594 5665 δρέπανον
3632 5599 3799 5650 πετὲ-

2204 5707 2362 5761 μενον
2394 5705 2409 5718 ·
2434 5690 2529 5741 καὶ
2562 5686 2679 5741 είπε
2708 5687 2843 5758 πρός
2880 5704 2946 5757 με
2968 5704 2980 5717 ο
3007 5682 3073 5737 Τί
3102 5686 3166 5739 σῦ
3191 5686 3442 5755 βλέπειςς
3471 5687 3566 5739 καὶ
3600 5684 3798 5742 εἷπον·

2207 5785 2285 5847 (p.
2308 5784 2404 5837 471
2441 5783 2458 5851 )
2494 5780 2633 5850 Ἐγὼ
2656 5780 2767 5852 ὁρῶ
2799 5779 3065 5852 δρέπανον
3094 5779 3409 5849 πετόμενον,
3441 5780 3670 5850 μήκους
3697 5799 3801 5851 πη-
