3934 6520
156 379 245 436 533

1074 379 1625 437 COMMENTARIUS
1675 379 1739 435 lN
1792 368 2355 441 zacuanmcar.
2392 386 2451 442 ι.

3289 385 3405 442 ετιπ

152 495 252 568 χῶν
288 494 479 559 εἴκοσι,
515 495 608 549 καὶ
634 494 867 558 πλάτους
897 495 1086 566 πηχῶν
1118 498 1248 550 δέκα
1272 512 1286 528 ο
1320 498 1413 550 καὶ
1433 490 1552 551 εἷπε
1578 497 1713 568 πρός

1817 498 2126 553 cubitorum
2164 498 2372 556 decem.
2425 499 2679 571 Dixitque
2712 501 2840 555 mihi
2892 519 2904 556 :
2945 499 3070 555 llaec
3109 510 3192 557 est
3226 507 3392 557 male-

155 605 213 659 με
240 604 252 615 ·
280 585 425 650 Δῦτη
452 589 484 658 ἡ
511 586 618 657 ἀρὰ
651 587 685 657 ἡ
712 587 1116 658 ἐκπορευομένη
1153 589 1247 642 ἐπὶ
1285 591 1576 660 πρόσωπον
1604 591 1710 644 πά-

153 695 241 747 σης
255 677 354 746 τῆς
369 677 491 746 γῆς·
507 676 639 730 διότι
661 677 766 739 πᾶς
779 677 808 728 6
823 674 1058 747 κλέπτης
1080 679 1143 730 ἐκ
1159 678 1347 731 τούτου
1361 679 1462 744 ἕως
1483 679 1710 735 Θανάτου

151 769 552 840 ἐκδικηθήσεται
568 787 582 800 ο
609 771 700 822 καὶ
729 772 832 833 πᾶς
858 772 887 823 6
912 771 1165 841 ἐπίορκος
1186 773 1251 826 ἐκ
1277 772 1462 826 τούτου
1494 775 1598 838 ἓως
1619 776 1711 827 θα-

151 862 301 915 νάτου
328 861 741 932 ἐκδικηθήσεται
761 878 774 893 ο
813 863 905 916 καὶ
935 861 1125 926 ἐξοίσω
1155 865 1304 929 αὐτὸ,
1333 866 1479 934 λέγει
1513 867 1712 939 Κύριος

149 954 570 1024 παντοκράτωρ’
622 955 715 1007 καὶ
753 954 1114 1008 εἰσελεύσεται
1163 958 1243 1018 είς
1287 951 1378 1009 τὸν
1417 952 1563 1011 οἶκον
1617 960 1709 1012 τοῦ

149 1045 394 1107 κλέπτου.
442 1047 536 1099 καὶ
580 1049 660 1110 είς
703 1047 792 1100 τὸν
824 1043 969 1101 οἷκον
1016 1048 1107 1101 τοῦ
1147 1049 1435 1119 ὀμνύοντος
1477 1050 1553 1121 τῷ
1597 1053 1713 1107 ὀνό-

153 1141 273 1210 ματί
310 1158 409 1210 μου
446 1142 539 1194 ἐπὶ
570 1139 783 1210 ψεύδει·
833 1142 925 1193 καὶ
974 1142 1267 1196 καταλύσει
1301 1145 1358 1196 ἐν
1400 1145 1547 1216 μέσῳ
1603 1147 1698 1200 τού

147 1232 288 1285 οἴκου
334 1232 536 1295 αὐτοῦ,
593 1233 685 1285 καὶ
732 1233 1036 1288 συντελέσει
1097 1234 1260 1289 αὑτὸν
1313 1239 1406 1290 καὶ
1461 1239 1528 1292 τὰ
1581 1237 1712 1304 ξύλα

147 1325 303 1377 αὐτοῦ
339 1325 430 1377 καὶ
473 1326 597 1388 τοὺς
629 1326 808 1390 λίθους
858 1327 1046 1381 αὑτοῦ.
1087 1347 1106 1378 ι
1157 1327 1432 1399 Δρέπανον
1470 1331 1570 1400 μὲν
1610 1333 1713 1402 ὁρᾷ

149 1417 322 1469 ἱκανὸν
385 1416 624 1471 κάτωθεν
678 1418 746 1472 τὰ
791 1419 1200 1489 προσπίπτοντα
1263 1421 1578 1492 ἐκτέμνεινο
1615 1441 1712 1476 πε-

143 1506 361 1575 τόμενον
399 1507 489 1570 δέ,
541 1509 619 1570 εἰς
671 1507 902 1578 δήλωσιν
940 1508 1033 1561 τοῦ
1080 1508 1248 1573 ὀξέως
1302 1510 1401 1580 τὴν
1441 1513 1711 1582 τιμωρίαν

144 1598 440 1666 ἐπάγεσθαι
477 1597 576 1669 τὴν
613 1599 763 1652 θείαν
795 1602 908 1664 τοῖς
939 1600 1147 1672 ταύτης
1192 1602 1396 1667 ἀξίοιςο
1431 1603 1630 1667 πλάτος
1657 1603 1712 1660 δὲ

144 1691 226 1745 καὶ
284 1692 460 1760 μῆκος
483 1731 498 1754 ,
538 1691 614 1754 ὡς
657 1691 723 1744 ἂν
751 1691 843 1744 καὶ
883 1691 962 1764 τῷ
996 1693 1213 1763 μεγέθει
1261 1692 1559 1766 φοϐήσειεν
1588 1696 1712 1759 τοὺς

144 1785 453 1848 ἀκούοντας.
491 1785 650 1852 Λέγει
683 1783 740 1838 δὲ
787 1786 884 1856 τὴν
933 1786 1202 1857 τιμωρίαν
1251 1787 1454 1858 ταύτην
1483 1788 1624 1842 κατά
1650 1805 1710 1840 τε

1814 589 1980 645 dictio
2009 592 2432 662 quae'egreditur
2468 608 2632 663 super
2667 593 2858 648 faciem
2890 596 3159 649 universae
3187 603 3385 657 terrm;

1813 683 1939 750 quia
1967 682 2144 738 omnis
2170 683 2257 736 fur
2282 683 2479 741 abhinc
2518 699 2691 753 usque
2725 685 2790 739 ad
2827 693 3059 738 mortem
3099 689 3381 756 punietur.

1812 781 1868 825 et
1916 772 2096 827 oumis
2141 773 2394 842 perjurus
2444 772 2641 825 abhinc
2679 789 2853 842 usque
2889 775 2956 828 ad
2991 783 3218 830 mortem
3261 777 3388 830 item

1815 863 2179 933 punietur.'Et
2203 864 2427 918 edocam
2461 863 2646 926 illam,
2681 864 2814 918 dicit
2849 864 3113 921 Dominus
3143 866 3394 936 omnipo-

1817 941 1956 1016 tens,
1992 960 2045 1007 et
2073 953 2408 1022 ingredietur
2438 953 2491 1006 in
2535 951 2758 1006 domum
2795 953 2931 1014 furis
2954 993 2967 1016 ,
2999 964 3053 1007 et
3085 955 3138 1008 in
3167 957 3390 1009 domum

1810 1045 2050 1114 jurantis
2076 1045 2296 1100 nomine
2319 1060 2442 1099 meo
2472 1058 2639 1114 super
2661 1044 2971 1107 mendacio,
3003 1054 3058 1099 et
3089 1046 3394 1100 diversahi-

1815 1144 1906 1190 tur
1955 1137 2010 1190 in
2064 1137 2241 1190 medio
2291 1136 2489 1191 domus
2539 1137 2680 1207 ejus,
2729 1145 2784 1192 et
2831 1150 3119 1195 consumet
3161 1157 3304 1205 eam,
3337 1149 3393 1195 et

1813 1230 1957 1298 ligna
1987 1230 2109 1298 ejus
2133 1237 2186 1282 et
2228 1228 2436 1299 lapides
2476 1230 2618 1300 ejus.
2652 1250 2670 1282 ι
2715 1229 2930 1285 Falcem
2966 1231 3113 1287 videt
3138 1232 3389 1288 idoneam

1813 1321 2066 1374 deorsum
2086 1322 2326 1374 secando
2345 1336 2687 1391 quacunque
2699 1331 3058 1377 occurrerent
3081 1340 3094 1385 ;
3117 1324 3402 1378 volantem

1813 1418 1993 1464 autem
2021 1410 2090 1464 ob
2129 1411 2501 1465 denotandum
2534 1411 2774 1466 divinam
2810 1427 3028 1482 poenam
3061 1413 3173 1466 cito
3202 1413 3391 1467 inferri

1813 1502 2152 1556 merentibus
2187 1519 2199 1554 :
2241 1501 2480 1571 denique
2521 1502 2644 1570 ejus
2693 1503 3038 1558 latitudinem
3096 1504 3396 1574 longitudi—

1811 1608 2046 1664 nemque
2099 1594 2250 1659 dicit,
2301 1602 2360 1647 ut
2416 1595 2794 1666 magnitudine
2843 1611 3060 1666 quoque
3109 1595 3404 1650 audientes

1815 1689 2154 1744 terrefaciat.
2182 1690 2323 1744 Dicit
2353 1705 2483 1745 vero
2527 1690 2668 1746 hanc
2695 1705 2912 1760 pmnam
2943 1688 3208 1744 adversus
3243 1688 3394 1743 fures

1814 1786 1866 1834 et
1904 1779 2154 1849 perjuros
2186 1781 2520 1835 commoveri
2549 1800 2560 1834 :
2589 1795 2901 1850 quanquam
2937 1779 3140 1850 alioqui
3176 1788 3395 1834 constat

143 1876 487 1928 κλεπτόντων
518 1876 615 1928 καὶ
649 1876 1048 1947 ἐπιορκούντων
1095 1878 1363 1931 κινεῖσθαι.
1388 1895 1404 1910 θ
1443 1879 1602 1950 δήλου
1645 1896 1710 1947 γε

1817 1869 1957 1924 haud
1999 1870 2114 1924 ιιωο
2147 1872 2526 1926 tantummodo
2565 1873 2772 1926 versari
2815 1871 2959 1926 inter
2983 1870 3233 1925 homines
3267 1884 3395 1938 pec—

147 1969 293 2030 δντος
319 2008 332 2026 .
369 1969 445 2032 ὡς
476 1969 535 2020 οὐ
560 1967 728 2020 ταῦτα
761 1969 918 2038 μόνον
948 1970 1094 2022 ἐστὶν
1122 1971 1180 2022 ἐν
1199 1965 1505 2042 ἀνθρώποις
1530 1989 1603 2024 πα
1614 1989 1710 2042 ρα-

141 2062 426 2130 νομήματα
449 2102 462 2123 ,
507 2061 677 2114 πολλὰ
715 2061 770 2114 δέ
805 2063 898 2116 καὶ
934 2062 1128 2132 ἕτερα,
1167 2063 1324 2131 φόνος
1368 2081 1428 2116 τε
1463 2066 1555 2117 καὶ
1598 2081 1712 2135 μοι·

143 2153 286 2222 χεία,
325 2153 420 2204 καὶ
468 2151 537 2205 τὰ
578 2152 738 2206 λοιπὰ
768 2147 855 2217 δὴ,
882 2148 917 2202 ἃ
949 2154 1079 2224 μηδὲ
1119 2155 1370 2226 ἀριθμεῖν
1415 2157 1614 2227 ῥᾴδιον.
1646 2157 1712 2208 Τί

140 2239 224 2296 οὖν
257 2246 411 2296 ἐστιν
449 2245 478 2298 ὅ
503 2261 700 2314 (anew;
735 2245 827 2307 Είς
865 2244 958 2296 δύο
989 2243 1164 2299 ταῦτα
1188 2240 1504 2319 ’κυριώτατα
1539 2265 1710 2320 μεμε-

144 2334 319 2404 ρίσθαι
350 2334 449 2398 τὰς
489 2325 706 2402 ἐντολὰς
739 2335 1051 2406 συμϐέϐηκε
1089 2337 1188 2401 τὰς
1221 2338 1390 2402 θείας,
1422 2340 1500 2403 είς
1526 2358 1583 2393 τε
1613 2340 1712 2411 τὴν

141 2427 263 2496 περὶ
315 2427 450 2480 Θεὸν
497 2427 741 2498 γνώμην,
777 2428 870 2480 καὶ
916 2430 996 2490 είς
1037 2424 1153 2498 τὴν
1179 2432 1306 2501 περὶ
1348 2432 1437 2486 τὸν
1485 2433 1712 2504 πλησίον

141 2517 358 2581 ἀγάπην
379 2531 392 2544 ·
420 2518 496 2581 ὡς
520 2519 614 2572 καὶ
652 2521 680 2572 6
709 2519 916 2592 Κύριος
943 2521 1135 2585 είπὼν,
1176 2544 1194 2574 ι
1249 2525 1581 2595 Ἀγαπήσεις
1611 2528 1713 2578 Κύ-

143 2623 247 2675 ριον
274 2609 374 2662 τὸν
395 2607 532 2662 Θεόν
560 2625 653 2662 σου
699 2608 758 2673 ἐξ
798 2609 926 2682 ὅλης
958 2612 1055 2681 τῆς
1087 2611 1317 2682 καρδίας
1355 2628 1447 2664 σου
1470 2653 1483 2673 ,
1521 2615 1614 2666 καὶ
1652 2614 1712 2680 ἐξ

139 2697 257 2767 ὅλης
287 2698 395 2768 τῆς
425 2698 662 2762 διανοίας
685 2716 777 2752 σου
800 2739 814 2762 ,
851 2701 943 2753 καὶ
976 2701 1034 2765 ἐξ
1061 2703 1190 2772 ὅλης
1217 2703 1315 2773 τῆς
1351 2702 1532 2773 ἰσχύος
1579 2720 1709 2756 σου.’

139 2790 224 2840 καὶ
269 2790 590 2858 ἀγαπήσεις
617 2793 708 2843 τὸν
743 2791 972 2862 πλησίον
1025 2811 1118 2846 σου
1150 2794 1224 2857 ὡς
1260 2795 1484 2850 σεαυτόν
1505 2813 1519 2826 ·
1561 2816 1579 2848 ι
1618 2800 1714 2850 ἐπ-

139 2881 362 2949 ήγαγεν,
398 2881 477 2951 (p.
499 2877 623 2952 472)
657 2902 676 2934 ι
718 2884 803 2936 Ἐν
830 2884 1069 2948 ἐντολαῖς
1096 2885 1319 2950 ταύταις
1346 2887 1462 2951 ὅλος
1493 2889 1523 2940 6
1555 2889 1715 2959 νόμος

139 2971 224 3024 καὶ
251 2974 300 3026 ot
332 2974 610 3043 προφῆται
634 2975 935 3045 κρέμανται
961 2995 973 3006 ·
1012 2995 1030 3028 ι
1071 2975 1350 3049 βουληθεὶς
1377 2980 1557 3033 τοίνυν
1585 2997 1714 3033 συν-

136 3063 312 3132 τόμως
344 3067 521 3117 εἰπεῖν
564 3066 631 3119 τά
656 3083 714 3118 τε
743 3068 825 3130 είς
855 3068 944 3124 τὸν
972 3069 1105 3122 Θεὸν
1131 3072 1222 3123 καὶ
1248 3071 1315 3123 τὰ
1348 3073 1426 3134 εὶς
1452 3073 1543 3125 τὸν
1575 3073 1715 3144 πλη-

138 3153 264 3214 σίον,
288 3156 359 3222 τῇ
393 3155 490 3224 μὲν
519 3156 773 3228 ἐπιορκία
800 3157 877 3220 ὡς
905 3158 986 3221 είς
1012 3157 1146 3210 Θεὸν
1173 3159 1424 3233 τεινούσῃ
1462 3161 1562 3225 τὰς
1590 3163 1715 3215 ἀσε-

137 3244 276 3307 ϐείας
325 3245 537 3308 πάσας,
585 3246 725 3315 λέγω
761 3247 820 3300 δέ
863 3248 962 3310 τὰς
1008 3247 1102 3311 εἰς’
1129 3249 1262 3302 Θεὸν
1308 3249 1711 3321 πλημμελείας,

137 3333 436 3404 συλλήϐδην
464 3334 643 3403 λέγει’
676 3338 744 3407 τῇ
777 3335 835 3389 δέ
868 3337 1078 3409 κλοπῇ,
1122 3339 1222 3410 τὴν
1273 3342 1402 3412 περὶ
1439 3341 1532 3394 τὸν
1580 3342 1715 3414 πλη-

139 3423 272 3477 σίοψ
309 3425 503 3493 ἐπειδὴ
531 3424 639 3494 γὰρ
681 3427 969 3497 ἀφαίρεσις
1004 3428 1113 3480 τῶν
1141 3430 1200 3483 ού
1229 3432 1536 3501 προσόντων
1569 3434 1714 3487 ἐστὶν

137 3516 412 3587 ἡκλοπὴ,
459 3517 666 3588 κλοπὴν
709 3519 904 3582 κοινῶς
947 3520 1199 3591 ὠνόμασε
1240 3524 1422 3591 πᾶσαν
1473 3525 1572 3596 τὴν
1603 3526 1714 3580 τῶν

133 3605 431 3678 ἀλλοτρίων
465 3608 757 3678 ἀφαίρεσιν
779 3626 794 3640 ο
839 3611 924 3663 ἴνα
961 3613 1240 3683 συντόμως
1273 3617 1402 3687 είπῃ
1431 3617 1512 3669 ὅτι
1542 3619 1574 3687 ἠ
1605 3619 1714 3688 ἀρὰ

135 3697 267 3769 αὕτη
300 3699 542 3770 μεγίστη
579 3717 638 3754 τε
664 3703 757 3755 καὶ
787 3702 996 3772 φοϐερὰ
1028 3705 1123 3757 καὶ
1157 3707 1318 3758 παντί
1357 3725 1420 3775 γε
1453 3708 1708 3774 ἐπιοῦσα,

133 3787 238 3841 εἴτε
261 3792 345 3852 εἰς
373 3789 504 3843 Θεόν
527 3807 581 3842 τι
609 3791 855 3863 ἀσεϐοίη,
887 3793 998 3847 εἴτε
1021 3793 1101 3856 εἰς
1113 3793 1204 3847 τὸν
1238 3795 1462 3866 πλησίον
1500 3800 1640 3852 κατά
1661 3815 1714 3851 τι

134 3880 337 3933 πταίοι.
384 3881 550 3950 Λέγει
587 3881 643 3934 δὲ
676 3882 755 3935 ὃτι
797 3884 891 3935 καὶ
921 3883 1212 3938 καταλύσει
1238 3887 1296 3939 ἐν
1330 3887 1479 3957 μέσῳ
1506 3889 1600 3941 τοῦ
1638 3891 1716 3943 ot-

131 3989 225 4025 κου
255 3973 449 4038 αὐτοῦ,
493 3975 588 4026 καὶ
614 3974 917 4028 συντελέσει
963 3976 1125 4030 αὐτὸν
1159 3979 1253 4031 καὶ
1285 3977 1353 4031 τὰ
1389 3977 1520 4042 ξύλα
1547 3980 1714 4035 αὐτοῦ
1744 4044 1752 4052 .

131 4064 372 4127 καὶτοὺς
388 4062 570 4127 λίθους
585 4062 748 4117 αὐτοῦ
769 4082 783 4095 ο
818 4065 904 4118 τνα
925 4065 1075 4140 εἴπῃ,
1091 4068 1171 4119 ὅτι
1204 4067 1302 4138 μὲν
1325 4064 1466 4123 Εἷπα
1491 4071 1716 4143 τοιούτῳ

129 4154 525 4225 ἀμετανοήτως
554 4156 800 4208 πταίοντι
819 4197 834 4220 ,
881 4157 943 4208 Ἢ
969 4158 1264 4230 τιμωρίαή
1298 4158 1417 4213 θεία
1461 4160 1618 4232 ἄχρις
1648 4161 1716 4215 ἂν

127 4246 291 4300 αὐτὸν
327 4247 431 4300 σὺν
459 4247 667 4301 ἅπασιν
699 4248 954 4320 ἐξαλείψῃ
994 4253 1104 4314 τοῖς
1143 4253 1495 4322 προσήκουσι.
1530 4253 1628 4308 Διὰ
1659 4256 1716 4309 δὲ

123 4338 333 4391 τούτων
362 4339 656 4410 αὐτάρκως
686 4340 929 4411 φοϐήσας
961 4342 1157 4405 αὐτοὺς
1177 4382 1190 4404 ,
1230 4343 1469 4397 δείκνυσι
1501 4345 1588 4400 διὰ
1608 4347 1716 4403 τῶν

125 4429 253 4498 ἐξῆς
281 4431 654 4502 ἀφῃρημένην
678 4432 856 4485 αὐτῶν
892 4433 992 4504 τὴν
1038 4433 1177 4504 ὑπὲρ
1205 4435 1313 4488 τῶν
1353 4437 1716 4507 παρεληλυθός

1813 1969 1953 2024 cata,
1988 1961 2081 2017 sed
2107 1969 2160 2015 ct
2199 1963 2305 2017 alia
2350 1965 2540 2027 multa,
2584 1950 2937 2018 homicidium
2969 1972 3134 2032 puta,
3178 1961 3392 2016 adulte~

1814 2055 1991 2116 rium,
2029 2062 2084 2106 et
2128 2063 2322 2109 caetera
2363 2072 2484 2126 quae
2527 2055 2694 2129 314
2727 2054 2872 2109 haud
2922 2055 3080 2111 facile
3114 2054 3390 2110 numerari

1813 2154 2036 2214 queunt.
2061 2145 2202 2211 Quid
2228 2161 2360 2217 ergo
2385 2147 2544 2202 dicit?
2572 2150 2630 2201 lu
2653 2151 2764 2202 haec
2787 2148 2896 2202 duo
2919 2147 3203 2217 putissima
3219 2145 3394 2201 dividi

1814 2237 1992 2292 solent
2043 2236 2297 2291 mandata
2331 2239 2554 2304 divina,
2588 2255 2786 2309 nempe
2833 2240 2888 2294 in
2933 2237 3030 2294 Dei
3067 2239 3392 2303 scientiam,

1811 2338 1866 2385 et
1909 2331 1963 2384 in
2003 2329 2328 2385 charitatem
2362 2347 2491 2402 erga
2536 2333 2868 2403 proximum.
2915 2331 3098 2398 Quare
3125 2339 3180 2387 et
3209 2331 3396 2385 Domi-

1813 2439 1916 2478 nus
1936 2432 2222 2493 postquam
2241 2423 2379 2480 dixit
2395 2425 2462 2490 ⁶⁰,
2492 2442 2510 2476 ι
2534 2423 2735 2496 Diliges
2750 2423 3034 2477 Dominum
3057 2421 3223 2476 Deum
3242 2431 3403 2475 tuum.

1813 2531 1876 2570 ex
1905 2524 2022 2570 toto
2054 2517 2220 2571 corde
2250 2524 2346 2571 tuo
2371 2560 2384 2583 ,
2413 2532 2479 2571 ex
2513 2523 2624 2570 tota
2657 2523 2840 2570 mente
2867 2523 2980 2580 tua,
3019 2521 3074 2569 et
3109 2529 3175 2568 ex
3213 2513 3394 2568 omni-

1814 2607 1916 2662 bus
1959 2607 2169 2661 viribus
2217 2606 2362 2668 tuis,
2410 2606 2650 2676 itemque
2704 2605 3010 2676 proximum
3054 2613 3204 2657 tuum
3253 2603 3404 2658 sicut

1814 2699 2098 2768 teipsum;
2132 2719 2149 2750 ›
2185 2697 2430 2753 addidit:
2470 2717 2489 2748 ι
2530 2697 2586 2750 ln
2623 2697 2708 2752 his
2733 2695 3004 2750 mandatis
3022 2696 3274 2750 universa
3311 2695 3395 2749 lex-

1815 2791 2011 2862 pendet
2048 2802 2100 2845 et
2149 2790 2447 2861 prophetae.
2488 2811 2506 2842 ι
2542 2790 2743 2845 Volens
2767 2790 2950 2858 itaque
2991 2789 3093 2844 hoc
3127 2789 3245 2842 loco
3266 2787 3396 2843 bre-

1815 2885 1953 2939 viter
1997 2884 2180 2939 dicere
2222 2898 2344 2954 qua:
2383 2882 2552 2938 Deum
2611 2897 2841 2952 qumque
2908 2881 3214 2951 proximum
3272 2897 3396 2952 spe-

1815 2987 2000 3046 ctant;
2026 2979 2268 3050 perjurio
2289 2978 2506 3048 quidem
2532 2977 2675 3048 quod
2693 2977 2745 3030 in
2774 2975 2940 3031 Deum
2962 2976 3152 3039 tendit,
3172 2983 3397 3030 cunctas

1817 3071 2284 3141 irreligiositates,
2304 3071 2359 3125 id
2381 3079 2464 3125 est
2494 3072 2760 3125 adversus
2780 3067 2948 3123 Deum
2981 3075 3223 3136 peccata,
3244 3083 3397 3121 com-

1757 3176 1798 3232 (ζ
1816 3164 2012 3234 pendio
2035 3163 2170 3219 dicit
2199 3182 2212 3218 :
2241 3163 2387 3217 furto
2411 3173 2611 3226 autem,
2642 3177 2761 3232 quae
2784 3161 3050 3216 adversus
3080 3161 3394 3230 proximum

1815 3265 1962 3310 sunt.
1993 3253 2128 3309 Nam
2160 3256 2287 3324 quia
2318 3255 2520 3309 furtum
2553 3261 2638 3308 est
2667 3253 2743 3306 rei
2773 3252 2963 3308 alienae
2993 3251 3214 3314 ablatio,
3248 3268 3396 3306 nunc

1818 3348 2020 3402 furtmn
2057 3346 2387 3416 generaliter
2434 3346 2725 3414 appellavit
2768 3344 3038 3415 quidquid
3083 3345 3241 3400 alteri
3293 3360 3394 3398 au.-

1815 3438 2025 3504 fertur;
2087 3445 2146 3491 ut
2200 3437 2391 3507 paucis
2449 3435 2718 3507 significet
2766 3433 3206 3490 maledictionem
3254 3434 3396 3488 hanc

1815 3535 1937 3585 css’e
1972 3530 2266 3583 maximam
2299 3544 2361 3583 ac
2403 3527 2704 3583 terribilem
2741 3534 2794 3582 et
2824 3528 3050 3582 cuilibet
3077 3527 3396 3598 impenden—

1815 3627 1946 3679 tem,
1993 3617 2109 3672 sive
2152 3618 2198 3672 is
2241 3618 2294 3672 in
2329 3615 2498 3671 Deum
2540 3617 2742 3685 impius
2785 3617 2877 3682 sit,
2926 3619 3044 3673 sive
3085 3617 3394 3687 proximum

1817 3708 2225 3779 quomodolibet
2261 3709 2448 3764 violet.
2495 3708 2638 3762 Dicit
2658 3717 2840 3764 autem
2881 3709 2996 3766 fore
3027 3722 3085 3765 ut
3125 3726 3190 3764 ea
3225 3709 3396 3764 male-

1816 3801 1986 3854 dictio
2015 3800 2324 3856 diversetur
2361 3801 2509 3855 domi
2543 3801 2686 3869 ejus.
2736 3809 2790 3856 et
2834 3811 3124 3856 consumat
3159 3803 3303 3855 illam
3333 3816 3398 3856 ac

1817 3893 2024 3962 lapides
2072 3894 2281 3962 ipsius;
2340 3893 2392 3946 id
2433 3901 2536 3958 est,
2584 3893 2699 3949 Dixi
2748 3895 2874 3948 huic
2908 3896 3029 3949 sine
3076 3893 3398 3965 pmnitentia

1817 3984 2062 4055 peccanti
2103 4001 2118 4038 :
2152 3984 2342 4038 Divina
2370 3998 2529 4054 pmua
2561 3993 2788 4040 eatenus
2811 3985 3197 4054 perseverabit,
3227 3985 3399 4039 donec

1820 4083 2165 4143 peccatorem
2205 4089 2329 4127 cum
2368 4075 2518 4130 omni
2567 4091 2624 4129 re
2647 4090 2746 4130 sua
2784 4083 3091 4129 consumat.
3119 4076 3230 4144 Age
3263 4089 3398 4131 vero

1819 4173 2105 4234 postquam
2136 4164 2269 4218 satis
2305 4178 2400 4219 eos
2427 4162 2732 4231 terrefecit,
2767 4164 3005 4219 ostendit
3035 4163 3089 4218 in
3122 4164 3401 4232 sequenti-

1821 4258 1922 4313 bus
1946 4257 2230 4312 remissam
2259 4255 2428 4311 fuisse
2457 4258 2784 4328 praeteritam
2811 4256 3029 4310 illorum
3066 4257 3281 4326 culpam
3311 4266 3398 4310 at-

1819 4363 1924 4416 que
1957 4360 2172 4417 poenam
2197 4363 2212 4411 ;
2240 4355 2299 4400 ut
2327 4347 2503 4417 magis
2531 4345 2658 4400 inde
2681 4353 3040 4417 cognoscant,
3073 4353 3195 4415 post
3223 4346 3399 4418 imps-

1819 4446 2016 4492 tratam
2051 4438 2455 4508 pneteritorum
2497 4436 2733 4498 veniam,
2765 4447 3017 4507 Oportere
3043 4452 3140 4490 eos
3163 4436 3397 4506 diligen-

122 4538 230 4574 των
285 4522 574 4593 ἁμαρτίαν
623 4539 680 4576 τε
725 4523 820 4576 καὶ
868 4524 1170 4596 τιμωρίαν·
1216 4525 1290 4591 ὡς
1335 4526 1401 4581 ἂν
1457 4528 1713 4599 μειζόνως

1824 4530 1934 4584 tius
1955 4529 2050 4583 Dei
2078 4529 2348 4584 voluntati
2378 4529 2630 4597 obsequi.
2665 4527 3030 4594 Quamobrem
3063 4528 3212 4583 addit
3241 4546 3255 4582 :

122 4611 304 4681 ἔχοιεν
334 4611 557 4673 εἰδέναι,
586 4613 668 4666 ὅτι
707 4614 806 4684 τῆς
837 4617 951 4678 τοῖς
997 4616 1091 4668 ἐπὶ
1119 4617 1474 4688 προειληφόσι
1520 4621 1742 4692 χάριτος
1777 4621 2069 4692 τετυχότας
2101 4620 2366 4693 προσήκοι
2395 4618 2462 4672 ἂν
2501 4617 2919 4689 ἐπιμελέστερον
2947 4618 3264 4688 ἀντέχεσθαι
3291 4617 3401 4671 τῶν

118 4703 434 4757 δοκούντων
470 4703 608 4774 Θεῷ.
635 4704 726 4758 Διὸ
753 4705 970 4772 ἐπάγειο

188 4796 351 4866 Στίχ.
396 4795 544 4865 ε’-η’.
571 4826 642 4837 -——
678 4814 698 4848 ι
751 4797 863 4849 Καὶ
890 4791 1115 4866 ἐξῆλθεν
1146 4798 1175 4848 6
1216 4795 1447 4864 ἅγγελος
1477 4798 1506 4850 6
1539 4797 1716 4850 λαλῶν

116 4891 176 4944 ὲν
210 4891 375 4961 ἐμοὶ,
408 4893 503 4944 καὶ
529 4887 650 4945 εἶπε
692 4892 829 4961 πρός
861 4909 928 4961 με
952 4908 966 4921 ο
1024 4891 1349 4962 Ἀνάϐλεψον
1374 4895 1486 4956 τοῖς
1515 4892 1717 4961 ὀφθαλ-

119 4984 244 5047 μοῖς
277 4999 384 5035 σον
415 4984 514 5036 καὶ
557 4983 632 5036 ίδε
662 4985 714 5036 τί
747 4983 808 5036 τὸ
834 4983 1265 5053 ἐκπορευόμενον
1295 4983 1454 5036 τοῦτο
1473 5002 1485 5015 ·
1524 4986 1616 5037 καὶ
1639 4980 1718 5037 εἷ-

120 5087 244 5139 πον,
282 5073 356 5126 Τί
395 5075 548 5138 ἐστις
585 5075 679 5127 καὶ
726 5071 870 5137 εἶπε,
926 5075 1097 5127 Τοῦτο
1126 5074 1186 5127 τὸ
1218 5073 1415 5146 μέτρον
1462 5075 1524 5128 τὸ
1553 5078 1721 5130 ἐκπο-

117 5164 428 5234 ρευόμενον
449 5182 464 5196 ο
496 5167 592 5219 καὶ
621 5162 795 5230 εἷπεν,
828 5166 976 5237 Αὕτη
1006 5168 1040 5236 ἡ
1081 5166 1262 5220 ἀδικία
1286 5166 1465 5220 αὐτῶν
1485 5169 1542 5222 ἐν
1568 5168 1717 5241 πάσῃ

112 5257 178 5326 τῇ
235 5259 348 5326 γῇ’
416 5258 512 5310 καὶ
567 5258 675 5312 ίδοὺ
739 5259 998 5313 τάλαντον
1057 5258 1306 5329 μολίϐδου
1331 5259 1714 5331 ἐξαιρόμενονυ

114 5348 194 5424 (ρ.
245 5351 404 5419 475)
446 5351 543 5403 καὶ
588 5350 699 5403 ἰδοὺ
749 5352 887 5421 γυνὴ
943 5352 1038 5422 μία
1074 5349 1310 5422 ἐκάθητο
1345 5353 1404 5404 ἐν
1437 5352 1586 5422 μέσῳ
1621 5351 1714 5406 τοῦ

115 5447 334 5516 μέτρου
362 5483 376 5504 ,
409 5445 504 5496 καὶ
535 5438 708 5507 εἶπεν,
739 5441 884 5514 Αὕτη
923 5443 1070 5496 ἐστὶν
1096 5444 1127 5512 ὴ
1166 5442 1365 5512 ἀνομία
1389 5457 1401 5470 '
1431 5443 1524 5495 καὶ
1565 5442 1715 5514 έρρι-

109 5540 216 5605 ψεν
247 5542 438 5608 αὐτὴν
468 5540 550 5601 εἰς
591 5538 755 5608 μέσον
783 5538 876 5591 τοῦ
916 5538 1142 5608 μέτρου·
1178 5538 1272 5592 καὶ
1302 5536 1493 5608 ἔρριψε
1523 5538 1585 5590 τὸ
1623 5539 1716 5594 τά·

112 5633 320 5684 λαντον
357 5628 456 5682 τοῦ
488 5629 738 5699 μολίῶου
768 5631 845 5695 είς
880 5630 940 5683 τὸ
967 5629 1140 5701 στόμα
1174 5630 1360 5700 αὐτῆς.
1392 5647 1409 5680 ι
1429 5630 1530 5683 Τὸν
1553 5630 1715 5684 αὑτὸν

187 5815 234 5845 κο
291 5811 495 5865 Matth.
555 5823 689 5864 mi.
733 5808 822 5875 57,
866 5821 985 5874 S‘l‘l-

1891 4797 2054 4852 Vens.
2091 4798 2200 4853 5-8.
2242 4828 2310 4839 —
2341 4818 2359 4850 ι
2397 4797 2461 4852 Et
2508 4815 2766 4870 egressus
2799 4810 2885 4856 est
2927 4800 3155 4872 angelus
3187 4801 3282 4871 qui
3318 4800 3402 4854 lo-

1816 4890 2086 4959 quebatur
2123 4891 2174 4943 iu
2227 4905 2350 4951 me,
2407 4890 2655 4962 dixitque
2707 4891 2840 4947 mihi
2885 4911 2898 4946 :
2952 4890 3184 4962 Suspice
3221 4891 3402 4946 oculis

1819 4983 1950 5042 tuis.
2006 4993 2060 5035 et
2103 4982 2227 5036 vide
2273 4982 2378 5036 hoc
2433 4983 2580 5052 quod
2621 4984 2921 5054 egreditur.
2973 4983 3039 5038 Et
3065 4984 3178 5038 dixi
3215 5002 3228 5038 :
3260 4983 3401 5049 Quid

1820 5073 1938 5128 e51?
1988 5072 2051 5127 Et
2083 5075 2204 5128 ait:
2238 5072 2363 5128 Haec
2403 5081 2489 5129 est
2533 5090 2790 5130 mensura
2835 5091 2957 5145 quae
3003 5075 3303 5145 egreditur.
3339 5072 3405 5126 Et

1826 5167 1902 5221 ait
1940 5186 1951 5221 :
1988 5165 2112 5220 llaéc
2143 5174 2227 5221 est
2253 5166 2516 5236 iniquitas
2543 5184 2732 5223 eorum
2764 5169 2819 5223 in
2853 5168 3109 5223 universa
3135 5175 3303 5222 terra.
3335 5164 3408 5218 Et

1822 5274 1948 5314 ecce
1971 5260 2229 5313 talentum
2250 5259 2451 5328 plumbi
2469 5259 2757 5314 elevatum:
2780 5266 2970 5314 etecce
2983 5257 3178 5312 mulier
3199 5271 3304 5310 una
3326 5270 3408 5311 sc-

1823 5351 1983 5407 debat
2000 5352 2053 5406 in
2074 5367 2339 5408 mensurae
2363 5352 2559 5407 medio.
2584 5351 2650 5405 Et
2671 5351 2809 5406 dixit
2833 5369 2848 5406 :
2875 5350 2997 5406 [hec
3019 5357 3101 5406 est
3122 5348 3282 5419 315
3299 5348 3406 5402 ini-

1822 5444 2022 5512 q-u'tas.
2050 5442 2114 5494 Et
2134 5441 2366 5511 conjecit
2393 5455 2512 5495 eam
2531 5441 2586 5495 in
2613 5441 2847 5495 medium
2875 5455 3172 5504 mensurae;
3194 5446 3247 5493 et
3279 5452 3406 5507 pro-

1820 5533 1950 5604 jecit
1973 5532 2201 5604 lapidem
2222 5532 2426 5603 plumbi
2446 5534 2499 5586 in
2531 5548 2594 5587 os
2611 5534 2750 5600 ejus.
2784 5548 2802 5580 ι
2844 5532 3102 5586 Eumdem
3124 5531 3265 5586 videt
3285 5541 3408 5582 rur-

1825 5643 1920 5684 sus
1964 5627 2234 5696 augelum,
2275 5624 2552 5694 jubentem
2576 5624 2624 5679 ei
2653 5631 2708 5678 ut
2737 5623 3002 5694 aspiceret
3028 5620 3170 5693 quod
3189 5620 3243 5676 in
3272 5635 3407 5689 pne-
