  <div class='ocr_page' id='page_1' title='image "/cluster/home/n/w/nwhite01/storage/ocr_20150623/66/hvd.32044020183315/275.png"; bbox 0 0 3934 6524; ppageno 0'>
   <div class='ocr_carea' id='block_1_1' title="bbox 437 356 539 412">
    <p class='ocr_par' dir='ltr' id='par_1_1' title="bbox 437 356 539 412">
     <span class='ocr_line' id='line_1_1' title="bbox 437 356 539 412; baseline 0 0"><span class='ocrx_word' id='word_1_1' title='bbox 437 356 539 412; x_wconf 73' lang='lat'><strong>539</strong></span> 
     </span>
    </p>
   </div>
   <div class='ocr_carea' id='block_1_2' title="bbox 1603 326 2041 416">
    <p class='ocr_par' dir='ltr' id='par_1_2' title="bbox 1603 349 2035 408">
     <span class='ocr_line' id='line_1_2' title="bbox 1603 349 2035 408; baseline -0.002 -2"><span class='ocrx_word' id='word_1_2' title='bbox 1603 349 1953 408; x_wconf 77' lang='lat' dir='ltr'><strong>THEODOBI</strong></span> <span class='ocrx_word' id='word_1_3' title='bbox 1988 350 2035 405; x_wconf 81' lang='grc' dir='ltr'><strong>Μ</strong></span> 
     </span>
    </p>
   </div>
   <div class='ocr_carea' id='block_1_3' title="bbox 2149 326 3678 416">
    <p class='ocr_par' dir='ltr' id='par_1_3' title="bbox 2149 326 3678 416">
     <span class='ocr_line' id='line_1_3' title="bbox 2149 326 3678 416; baseline 0 -10"><span class='ocrx_word' id='word_1_4' title='bbox 2149 351 2481 408; x_wconf 71' lang='lat' dir='ltr'><strong>soesrem</strong></span> <span class='ocrx_word' id='word_1_5' title='bbox 2638 411 2645 416; x_wconf 59' lang='grc'><strong>,</strong></span> <span class='ocrx_word' id='word_1_6' title='bbox 2678 326 2681 329; x_wconf 78' lang='grc'><em>’</em></span> <span class='ocrx_word' id='word_1_7' title='bbox 3599 351 3678 407; x_wconf 71' lang='grc' dir='ltr'><strong>διο</strong></span> 
     </span>
    </p>
   </div>
   <div class='ocr_carea' id='block_1_4' title="bbox 437 463 2041 539">
    <p class='ocr_par' dir='ltr' id='par_1_4' title="bbox 437 464 2021 539">
     <span class='ocr_line' id='line_1_4' title="bbox 437 464 2021 539; baseline -0.001 -16"><span class='ocrx_word' id='word_1_8' title='bbox 437 485 560 523; x_wconf 77' lang='grc' dir='ltr'>ιἰιιιι</span> <span class='ocrx_word' id='word_1_9' title='bbox 603 484 663 525; x_wconf 88' lang='lat' dir='ltr'><strong>se</strong></span> <span class='ocrx_word' id='word_1_10' title='bbox 698 469 850 524; x_wconf 81' lang='lat' dir='ltr'><strong>abire</strong></span> <span class='ocrx_word' id='word_1_11' title='bbox 896 474 1196 539; x_wconf 85' lang='lat' dir='ltr'><strong>oporteret.</strong></span> <span class='ocrx_word' id='word_1_12' title='bbox 1238 464 1523 537; x_wconf 87' lang='lat' dir='ltr'><strong>Signiﬁcat</strong></span> <span class='ocrx_word' id='word_1_13' title='bbox 1569 474 1750 522; x_wconf 80' lang='lat' dir='ltr'><strong>autem</strong></span> <span class='ocrx_word' id='word_1_14' title='bbox 1794 467 2021 537; x_wconf 80' lang='lat' dir='ltr'><strong>reliquis</strong></span> 
     </span>
    </p>
   </div>
   <div class='ocr_carea' id='block_1_5' title="bbox 2149 463 3679 539">
    <p class='ocr_par' dir='ltr' id='par_1_5' title="bbox 2157 463 3679 538">
     <span class='ocr_line' id='line_1_5' title="bbox 2157 463 3679 538; baseline -0.002 -18"><span class='ocrx_word' id='word_1_15' title='bbox 2157 466 2510 538; x_wconf 78' lang='grc' dir='ltr'>ξεπορεόοντο</span> <span class='ocrx_word' id='word_1_16' title='bbox 2531 468 2621 518; x_wconf 83' lang='grc' dir='ltr'><strong>ἐπι</strong></span> <span class='ocrx_word' id='word_1_17' title='bbox 2658 466 2763 535; x_wconf 77' lang='grc' dir='ltr'>γῆν</span> <span class='ocrx_word' id='word_1_18' title='bbox 2788 466 2962 528; x_wconf 87' lang='grc' dir='ltr'>νοτου,</span> <span class='ocrx_word' id='word_1_19' title='bbox 2989 465 3062 527; x_wconf 83' lang='grc' dir='ltr'>ὡς</span> <span class='ocrx_word' id='word_1_20' title='bbox 3091 464 3260 535; x_wconf 85' lang='grc' dir='ltr'>θυμοῦ</span> <span class='ocrx_word' id='word_1_21' title='bbox 3283 463 3534 525; x_wconf 80' lang='grc' dir='ltr'>πνέοντες</span> <span class='ocrx_word' id='word_1_22' title='bbox 3565 466 3679 517; x_wconf 75' lang='grc' dir='ltr'>κατᾶ</span> 
     </span>
    </p>
   </div>
   <div class='ocr_carea' id='block_1_6' title="bbox 434 558 2014 621">
    <p class='ocr_par' dir='ltr' id='par_1_6' title="bbox 434 558 2014 621">
     <span class='ocr_line' id='line_1_6' title="bbox 434 558 2014 621; baseline -0.004 -4"><span class='ocrx_word' id='word_1_23' title='bbox 434 564 601 617; x_wconf 87' lang='lat' dir='ltr'><strong>etiam</strong></span> <span class='ocrx_word' id='word_1_24' title='bbox 639 576 826 617; x_wconf 90' lang='lat' dir='ltr'><strong>curam</strong></span> <span class='ocrx_word' id='word_1_25' title='bbox 859 560 1029 616; x_wconf 83' lang='lat' dir='ltr'><strong>fuisse</strong></span> <span class='ocrx_word' id='word_1_26' title='bbox 1067 561 1278 615; x_wconf 90' lang='lat' dir='ltr'><strong>varium</strong></span> <span class='ocrx_word' id='word_1_27' title='bbox 1310 558 1574 614; x_wconf 78' lang='lat' dir='ltr'><strong>exhibere</strong></span> <span class='ocrx_word' id='word_1_28' title='bbox 1620 559 2014 621; x_wconf 72' lang='lat' dir='ltr'><strong>ministerium,</strong></span> 
     </span>
    </p>
   </div>
   <div class='ocr_carea' id='block_1_7' title="bbox 438 652 2022 725">
    <p class='ocr_par' dir='ltr' id='par_1_7' title="bbox 438 652 2022 725">
     <span class='ocr_line' id='line_1_7' title="bbox 438 652 2022 725; baseline -0.003 -14"><span class='ocrx_word' id='word_1_29' title='bbox 438 654 587 725; x_wconf 74' lang='lat' dir='ltr'><strong>quod</strong></span> <span class='ocrx_word' id='word_1_30' title='bbox 622 654 886 711; x_wconf 83' lang='lat' dir='ltr'><strong>varietate</strong></span> <span class='ocrx_word' id='word_1_31' title='bbox 920 653 1122 708; x_wconf 91' lang='lat' dir='ltr'><strong>coloris</strong></span> <span class='ocrx_word' id='word_1_32' title='bbox 1164 653 1247 708; x_wconf 90' lang='lat' dir='ltr'><strong>sui</strong></span> <span class='ocrx_word' id='word_1_33' title='bbox 1311 653 1631 713; x_wconf 85' lang='lat' dir='ltr'><strong>innuebant,</strong></span> <span class='ocrx_word' id='word_1_34' title='bbox 1682 653 1890 722; x_wconf 88' lang='lat' dir='ltr'><strong>paratis</strong></span> <span class='ocrx_word' id='word_1_35' title='bbox 1929 652 2022 706; x_wconf 87' lang='lat' dir='ltr'><strong>ob-</strong></span> 
     </span>
    </p>
   </div>
   <div class='ocr_carea' id='block_1_8' title="bbox 442 741 2019 813">
    <p class='ocr_par' dir='ltr' id='par_1_8' title="bbox 442 741 2019 813">
     <span class='ocr_line' id='line_1_8' title="bbox 442 741 2019 813; baseline -0.003 -16"><span class='ocrx_word' id='word_1_36' title='bbox 442 758 663 798; x_wconf 61' lang='lat' dir='ltr'><strong>servare</strong></span> <span class='ocrx_word' id='word_1_37' title='bbox 696 758 824 797; x_wconf 89' lang='lat' dir='ltr'><strong>num</strong></span> <span class='ocrx_word' id='word_1_38' title='bbox 865 741 1000 813; x_wconf 90' lang='lat' dir='ltr'><strong>quid</strong></span> <span class='ocrx_word' id='word_1_39' title='bbox 1024 749 1172 796; x_wconf 84' lang='lat' dir='ltr'><strong>esset</strong></span> <span class='ocrx_word' id='word_1_40' title='bbox 1204 751 1465 812; x_wconf 75' lang='lat' dir='ltr'><strong>praeterea</strong></span> <span class='ocrx_word' id='word_1_41' title='bbox 1500 743 1599 796; x_wconf 88' lang='lat' dir='ltr'><strong>abs</strong></span> <span class='ocrx_word' id='word_1_42' title='bbox 1642 757 1701 796; x_wconf 90' lang='lat' dir='ltr'><strong>se</strong></span> <span class='ocrx_word' id='word_1_43' title='bbox 1746 749 2019 810; x_wconf 68' lang='lat' dir='ltr'><strong>praestan-</strong></span> 
     </span>
    </p>
   </div>
   <div class='ocr_carea' id='block_1_9' title="bbox 442 832 2023 907">
    <p class='ocr_par' dir='ltr' id='par_1_9' title="bbox 442 832 2023 907">
     <span class='ocr_line' id='line_1_9' title="bbox 442 832 2023 907; baseline 0.002 -24"><span class='ocrx_word' id='word_1_44' title='bbox 442 835 593 900; x_wconf 78' lang='lat' dir='ltr'><strong>dum,</strong></span> <span class='ocrx_word' id='word_1_45' title='bbox 622 833 776 901; x_wconf 80' lang='lat' dir='ltr'><strong>juxta</strong></span> <span class='ocrx_word' id='word_1_46' title='bbox 809 833 901 886; x_wconf 85' lang='lat' dir='ltr'><strong>Dei</strong></span> <span class='ocrx_word' id='word_1_47' title='bbox 937 834 1292 893; x_wconf 89' lang='lat' dir='ltr'><strong>voluntatem,</strong></span> <span class='ocrx_word' id='word_1_48' title='bbox 1345 834 1410 885; x_wconf 87' lang='lat' dir='ltr'><strong>ad</strong></span> <span class='ocrx_word' id='word_1_49' title='bbox 1442 832 1678 886; x_wconf 89' lang='lat' dir='ltr'><strong>hostium</strong></span> <span class='ocrx_word' id='word_1_50' title='bbox 1708 847 1925 907; x_wconf 56' lang='lat' dir='ltr'><strong>poenam</strong></span> <span class='ocrx_word' id='word_1_51' title='bbox 1968 839 2023 886; x_wconf 87' lang='lat' dir='ltr'><strong>et</strong></span> 
     </span>
    </p>
   </div>
   <div class='ocr_carea' id='block_1_10' title="bbox 443 921 2022 990">
    <p class='ocr_par' dir='ltr' id='par_1_10' title="bbox 443 921 2022 990">
     <span class='ocr_line' id='line_1_10' title="bbox 443 921 2022 990; baseline 0.001 -16"><span class='ocrx_word' id='word_1_52' title='bbox 443 921 680 975; x_wconf 70' lang='lat' dir='ltr'><strong>Iudaicae</strong></span> <span class='ocrx_word' id='word_1_53' title='bbox 711 922 889 990; x_wconf 87' lang='lat' dir='ltr'><strong>gentis</strong></span> <span class='ocrx_word' id='word_1_54' title='bbox 946 922 1287 977; x_wconf 86' lang='lat' dir='ltr'><strong>beneﬁcium.</strong></span> <span class='ocrx_word' id='word_1_55' title='bbox 1344 922 1555 987; x_wconf 82' lang='lat' dir='ltr'><strong>Quibus</strong></span> <span class='ocrx_word' id='word_1_56' title='bbox 1597 923 1673 975; x_wconf 90' lang='lat' dir='ltr'><strong>ait</strong></span> <span class='ocrx_word' id='word_1_57' title='bbox 1710 942 1722 976; x_wconf 88' lang='lat'><strong>:</strong></span> <span class='ocrx_word' id='word_1_58' title='bbox 1761 941 1778 972; x_wconf 73' lang='grc' dir='ltr'><strong>ι</strong></span> <span class='ocrx_word' id='word_1_59' title='bbox 1806 924 1914 987; x_wconf 84' lang='lat' dir='ltr'><strong>ite,</strong></span> <span class='ocrx_word' id='word_1_60' title='bbox 1968 929 2022 976; x_wconf 87' lang='lat' dir='ltr'><strong>et</strong></span> 
     </span>
    </p>
   </div>
   <div class='ocr_carea' id='block_1_11' title="bbox 445 1011 2018 1068">
    <p class='ocr_par' dir='ltr' id='par_1_11' title="bbox 445 1011 2018 1068">
     <span class='ocr_line' id='line_1_11' title="bbox 445 1011 2018 1068; baseline 0 -1"><span class='ocrx_word' id='word_1_61' title='bbox 445 1011 728 1067; x_wconf 88' lang='lat' dir='ltr'><strong>circumite</strong></span> <span class='ocrx_word' id='word_1_62' title='bbox 768 1013 1167 1067; x_wconf 55' lang='lat' dir='ltr'><strong>terramAMox</strong></span> <span class='ocrx_word' id='word_1_63' title='bbox 1215 1024 1268 1068; x_wconf 86' lang='lat' dir='ltr'><strong>et</strong></span> <span class='ocrx_word' id='word_1_64' title='bbox 1301 1014 1451 1067; x_wconf 81' lang='lat' dir='ltr'><strong>addit</strong></span> <span class='ocrx_word' id='word_1_65' title='bbox 1491 1032 1503 1067; x_wconf 91' lang='lat'><strong>:</strong></span> <span class='ocrx_word' id='word_1_66' title='bbox 1553 1032 1571 1064; x_wconf 84' lang='grc'><em>‹</em></span> <span class='ocrx_word' id='word_1_67' title='bbox 1608 1013 1673 1066; x_wconf 86' lang='lat' dir='ltr'><strong>Et</strong></span> <span class='ocrx_word' id='word_1_68' title='bbox 1719 1013 2018 1067; x_wconf 85' lang='lat' dir='ltr'><strong>circumie-</strong></span> 
     </span>
    </p>
   </div>
   <div class='ocr_carea' id='block_1_12' title="bbox 441 1107 2024 1170">
    <p class='ocr_par' dir='ltr' id='par_1_12' title="bbox 441 1107 2024 1170">
     <span class='ocr_line' id='line_1_12' title="bbox 441 1107 2024 1170; baseline 0.002 -13"><span class='ocrx_word' id='word_1_69' title='bbox 441 1112 572 1157; x_wconf 84' lang='lat' dir='ltr'><strong>runt</strong></span> <span class='ocrx_word' id='word_1_70' title='bbox 615 1111 841 1170; x_wconf 89' lang='lat' dir='ltr'><strong>terram,</strong></span> <span class='ocrx_word' id='word_1_71' title='bbox 888 1125 906 1156; x_wconf 83' lang='grc' dir='ltr'><strong>ι</strong></span> <span class='ocrx_word' id='word_1_72' title='bbox 940 1107 1238 1161; x_wconf 87' lang='lat' dir='ltr'><strong>ostendens</strong></span> <span class='ocrx_word' id='word_1_73' title='bbox 1296 1107 1503 1160; x_wconf 78' lang='lat' dir='ltr'><strong>scilicet</strong></span> <span class='ocrx_word' id='word_1_74' title='bbox 1545 1122 1869 1161; x_wconf 85' lang='lat' dir='ltr'><strong>concessum</strong></span> <span class='ocrx_word' id='word_1_75' title='bbox 1919 1107 2024 1160; x_wconf 83' lang='lat' dir='ltr'><strong>illis</strong></span> 
     </span>
    </p>
   </div>
   <div class='ocr_carea' id='block_1_13' title="bbox 446 1198 2024 1268">
    <p class='ocr_par' dir='ltr' id='par_1_13' title="bbox 446 1198 2024 1268">
     <span class='ocr_line' id='line_1_13' title="bbox 446 1198 2024 1268; baseline 0.002 -17"><span class='ocrx_word' id='word_1_76' title='bbox 446 1204 507 1251; x_wconf 87' lang='lat' dir='ltr'><strong>ut</strong></span> <span class='ocrx_word' id='word_1_77' title='bbox 533 1210 724 1251; x_wconf 88' lang='lat' dir='ltr'><strong>curam</strong></span> <span class='ocrx_word' id='word_1_78' title='bbox 749 1212 907 1253; x_wconf 87' lang='lat' dir='ltr'><strong>suam</strong></span> <span class='ocrx_word' id='word_1_79' title='bbox 950 1198 1018 1253; x_wconf 87' lang='lat' dir='ltr'><strong>ad</strong></span> <span class='ocrx_word' id='word_1_80' title='bbox 1060 1199 1265 1253; x_wconf 78' lang='lat' dir='ltr'><strong>exitum</strong></span> <span class='ocrx_word' id='word_1_81' title='bbox 1306 1199 1690 1268; x_wconf 88' lang='lat' dir='ltr'><strong>perducerent,</strong></span> <span class='ocrx_word' id='word_1_82' title='bbox 1734 1207 1787 1253; x_wconf 91' lang='lat' dir='ltr'><strong>et</strong></span> <span class='ocrx_word' id='word_1_83' title='bbox 1832 1213 2024 1268; x_wconf 84' lang='lat' dir='ltr'><strong>reapse</strong></span> 
     </span>
    </p>
   </div>
   <div class='ocr_carea' id='block_1_14' title="bbox 446 1286 838 1357">
    <p class='ocr_par' dir='ltr' id='par_1_14' title="bbox 446 1286 838 1357">
     <span class='ocr_line' id='line_1_14' title="bbox 446 1286 838 1357; baseline 0 -17"><span class='ocrx_word' id='word_1_84' title='bbox 446 1286 523 1341; x_wconf 81' lang='lat' dir='ltr'><strong>ita</strong></span> <span class='ocrx_word' id='word_1_85' title='bbox 552 1302 612 1343; x_wconf 91' lang='lat' dir='ltr'><strong>se</strong></span> <span class='ocrx_word' id='word_1_86' title='bbox 637 1288 838 1357; x_wconf 80' lang='lat' dir='ltr'><strong>egisse.</strong></span> 
     </span>
    </p>
   </div>
   <div class='ocr_carea' id='block_1_15' title="bbox 2123 555 3677 628">
    <p class='ocr_par' dir='ltr' id='par_1_15' title="bbox 2123 555 3677 628">
     <span class='ocr_line' id='line_1_15' title="bbox 2123 555 3677 628; baseline -0.003 -17"><span class='ocrx_word' id='word_1_87' title='bbox 2123 558 2234 611; x_wconf 85' lang='grc' dir='ltr'>τῶν</span> <span class='ocrx_word' id='word_1_88' title='bbox 2264 559 2448 611; x_wconf 85' lang='grc' dir='ltr'>αὐτόθι</span> <span class='ocrx_word' id='word_1_89' title='bbox 2481 560 2606 620; x_wconf 66' lang='grc' dir='ltr'>τοὺς</span> <span class='ocrx_word' id='word_1_90' title='bbox 2660 556 2996 628; x_wconf 76' lang='grc' dir='ltr'><strong>Ἰσραηλίτας</strong></span> <span class='ocrx_word' id='word_1_91' title='bbox 3033 556 3447 609; x_wconf 85' lang='grc' dir='ltr'>διατεθεικότων</span> <span class='ocrx_word' id='word_1_92' title='bbox 3485 555 3677 619; x_wconf 74' lang='grc' dir='ltr'>κακῶςο</span> 
     </span>
    </p>
   </div>
   <div class='ocr_carea' id='block_1_16' title="bbox 2127 645 3679 720">
    <p class='ocr_par' dir='ltr' id='par_1_16' title="bbox 2127 645 3679 720">
     <span class='ocr_line' id='line_1_16' title="bbox 2127 645 3679 720; baseline -0.002 -18"><span class='ocrx_word' id='word_1_93' title='bbox 2127 650 2245 720; x_wconf 80' lang='grc' dir='ltr'>μεθ’</span> <span class='ocrx_word' id='word_1_94' title='bbox 2277 650 2370 713; x_wconf 76' lang='grc' dir='ltr'>οὓς</span> <span class='ocrx_word' id='word_1_95' title='bbox 2395 652 2443 702; x_wconf 86' lang='grc' dir='ltr'><strong>οἰ</strong></span> <span class='ocrx_word' id='word_1_96' title='bbox 2487 650 2717 702; x_wconf 79' lang='grc' dir='ltr'><strong>ποικίλοι</strong></span> <span class='ocrx_word' id='word_1_97' title='bbox 2749 649 2841 700; x_wconf 81' lang='grc' dir='ltr'><strong>καί</strong></span> <span class='ocrx_word' id='word_1_98' title='bbox 2884 648 3047 718; x_wconf 74' lang='grc' dir='ltr'>ψαροὶ</span> <span class='ocrx_word' id='word_1_99' title='bbox 3087 647 3347 718; x_wconf 72' lang='grc' dir='ltr'>ὤφθησαν</span> <span class='ocrx_word' id='word_1_100' title='bbox 3393 645 3679 716; x_wconf 78' lang='grc' dir='ltr'>ζητοῦντες,</span> 
     </span>
    </p>
   </div>
   <div class='ocr_carea' id='block_1_17' title="bbox 2124 738 3683 810">
    <p class='ocr_par' dir='ltr' id='par_1_17' title="bbox 2124 738 3683 810">
     <span class='ocr_line' id='line_1_17' title="bbox 2124 738 3683 810; baseline -0.003 -14"><span class='ocrx_word' id='word_1_101' title='bbox 2124 744 2245 796; x_wconf 84' lang='grc' dir='ltr'>ὅποι</span> <span class='ocrx_word' id='word_1_102' title='bbox 2288 744 2417 795; x_wconf 83' lang='grc' dir='ltr'>ποτὲ</span> <span class='ocrx_word' id='word_1_103' title='bbox 2462 742 2713 794; x_wconf 82' lang='grc' dir='ltr'>ἀπελθεῖν</span> <span class='ocrx_word' id='word_1_104' title='bbox 2760 743 2954 804; x_wconf 73' lang='grc' dir='ltr'>αὐτοὺς</span> <span class='ocrx_word' id='word_1_105' title='bbox 2990 740 3097 793; x_wconf 82' lang='grc' dir='ltr'>δέοι</span> <span class='ocrx_word' id='word_1_106' title='bbox 3143 741 3241 810; x_wconf 75' lang='grc' dir='ltr'>τῆς</span> <span class='ocrx_word' id='word_1_107' title='bbox 3293 741 3417 807; x_wconf 80' lang='grc' dir='ltr'>γῆς.</span> <span class='ocrx_word' id='word_1_108' title='bbox 3462 738 3616 803; x_wconf 75' lang='grc' dir='ltr'>Δηλοῖ</span> <span class='ocrx_word' id='word_1_109' title='bbox 3638 740 3683 792; x_wconf 78' lang='grc' dir='ltr'><strong>δὲ</strong></span> 
     </span>
    </p>
   </div>
   <div class='ocr_carea' id='block_1_18' title="bbox 2123 830 3684 906">
    <p class='ocr_par' dir='ltr' id='par_1_18' title="bbox 2123 830 3684 906">
     <span class='ocr_line' id='line_1_18' title="bbox 2123 830 3684 906; baseline -0.001 -20"><span class='ocrx_word' id='word_1_110' title='bbox 2123 834 2203 886; x_wconf 87' lang='grc' dir='ltr'>ὃτι</span> <span class='ocrx_word' id='word_1_111' title='bbox 2236 835 2329 885; x_wconf 73' lang='grc' dir='ltr'><strong>καὶ</strong></span> <span class='ocrx_word' id='word_1_112' title='bbox 2352 836 2464 895; x_wconf 79' lang='grc' dir='ltr'>τοῖς</span> <span class='ocrx_word' id='word_1_113' title='bbox 2491 833 2934 905; x_wconf 77' lang='grc' dir='ltr'>ὑπολειπομένοις</span> <span class='ocrx_word' id='word_1_114' title='bbox 2965 836 3183 905; x_wconf 71' lang='grc' dir='ltr'>φροντὶς</span> <span class='ocrx_word' id='word_1_115' title='bbox 3204 830 3271 906; x_wconf 75' lang='grc' dir='ltr'>ἦν</span> <span class='ocrx_word' id='word_1_116' title='bbox 3293 834 3429 905; x_wconf 81' lang='grc' dir='ltr'>πρὸς</span> <span class='ocrx_word' id='word_1_117' title='bbox 3455 832 3684 903; x_wconf 71' lang='grc' dir='ltr'>ποικίλην</span> 
     </span>
    </p>
   </div>
   <div class='ocr_carea' id='block_1_19' title="bbox 2121 923 3683 996">
    <p class='ocr_par' dir='ltr' id='par_1_19' title="bbox 2121 923 3683 996">
     <span class='ocr_line' id='line_1_19' title="bbox 2121 923 3683 996; baseline -0.001 -19"><span class='ocrx_word' id='word_1_118' title='bbox 2121 926 2479 994; x_wconf 84' lang='grc' dir='ltr'>λειτουργίαν.</span> <span class='ocrx_word' id='word_1_119' title='bbox 2507 926 2647 977; x_wconf 72' lang='grc' dir='ltr'>κατὰ</span> <span class='ocrx_word' id='word_1_120' title='bbox 2666 924 2762 996; x_wconf 82' lang='grc' dir='ltr'>τὴν</span> <span class='ocrx_word' id='word_1_121' title='bbox 2782 925 2973 995; x_wconf 74' lang='grc' dir='ltr'>χροιὰν</span> <span class='ocrx_word' id='word_1_122' title='bbox 2999 924 3417 994; x_wconf 84' lang='grc' dir='ltr'>ἐκτεταγμένοις</span> <span class='ocrx_word' id='word_1_123' title='bbox 3462 923 3589 976; x_wconf 86' lang='grc' dir='ltr'>ἰδεῖν</span> <span class='ocrx_word' id='word_1_124' title='bbox 3624 925 3683 995; x_wconf 74' lang='grc' dir='ltr'>μή</span> 
     </span>
    </p>
   </div>
   <div class='ocr_carea' id='block_1_20' title="bbox 2135 1016 3685 1088">
    <p class='ocr_par' dir='ltr' id='par_1_20' title="bbox 2135 1016 3685 1088">
     <span class='ocr_line' id='line_1_20' title="bbox 2135 1016 3685 1088; baseline -0.003 -17"><span class='ocrx_word' id='word_1_125' title='bbox 2135 1019 2237 1072; x_wconf 80' lang='grc' dir='ltr'><strong>πού</strong></span> <span class='ocrx_word' id='word_1_126' title='bbox 2262 1037 2314 1072; x_wconf 86' lang='grc' dir='ltr'><strong>τι</strong></span> <span class='ocrx_word' id='word_1_127' title='bbox 2344 1020 2435 1071; x_wconf 80' lang='grc' dir='ltr'><strong>καὶ</strong></span> <span class='ocrx_word' id='word_1_128' title='bbox 2463 1019 2547 1070; x_wconf 77' lang='grc' dir='ltr'>ἓτε</span> <span class='ocrx_word' id='word_1_129' title='bbox 2557 1036 2647 1087; x_wconf 91' lang='grc' dir='ltr'><strong>ρον</strong></span> <span class='ocrx_word' id='word_1_130' title='bbox 2666 1018 2811 1070; x_wconf 74' lang='grc' dir='ltr'>ἐστιν</span> <span class='ocrx_word' id='word_1_131' title='bbox 2841 1018 3091 1086; x_wconf 87' lang='grc' dir='ltr'>γενέσθαι</span> <span class='ocrx_word' id='word_1_132' title='bbox 3123 1020 3254 1088; x_wconf 81' lang='grc' dir='ltr'>παρ’</span> <span class='ocrx_word' id='word_1_133' title='bbox 3278 1016 3455 1070; x_wconf 82' lang='grc' dir='ltr'>αὐτῶν</span> <span class='ocrx_word' id='word_1_134' title='bbox 3475 1016 3685 1084; x_wconf 65' lang='grc' dir='ltr'>ὀφεῖλον,</span> 
     </span>
    </p>
   </div>
   <div class='ocr_carea' id='block_1_21' title="bbox 2134 1108 3687 1178">
    <p class='ocr_par' dir='ltr' id='par_1_21' title="bbox 2134 1108 3687 1178">
     <span class='ocr_line' id='line_1_21' title="bbox 2134 1108 3687 1178; baseline -0.001 -17"><span class='ocrx_word' id='word_1_135' title='bbox 2134 1108 2273 1161; x_wconf 71' lang='grc' dir='ltr'>κατὰ</span> <span class='ocrx_word' id='word_1_136' title='bbox 2322 1108 2383 1161; x_wconf 85' lang='grc' dir='ltr'><strong>τὸ</strong></span> <span class='ocrx_word' id='word_1_137' title='bbox 2428 1108 2617 1161; x_wconf 87' lang='grc' dir='ltr'>δοκοῦν</span> <span class='ocrx_word' id='word_1_138' title='bbox 2644 1108 2721 1178; x_wconf 80' lang='grc' dir='ltr'><strong>τῷ</strong></span> <span class='ocrx_word' id='word_1_139' title='bbox 2751 1108 2893 1178; x_wconf 79' lang='grc' dir='ltr'>Θεῷ,</span> <span class='ocrx_word' id='word_1_140' title='bbox 2923 1111 3002 1172; x_wconf 87' lang='grc' dir='ltr'>εἰς</span> <span class='ocrx_word' id='word_1_141' title='bbox 3028 1109 3295 1177; x_wconf 79' lang='grc' dir='ltr'>τιμωρίαν</span> <span class='ocrx_word' id='word_1_142' title='bbox 3327 1125 3384 1160; x_wconf 87' lang='grc' dir='ltr'><strong>τε</strong></span> <span class='ocrx_word' id='word_1_143' title='bbox 3416 1108 3525 1159; x_wconf 84' lang='grc' dir='ltr'><strong>τῶν</strong></span> <span class='ocrx_word' id='word_1_144' title='bbox 3556 1109 3687 1160; x_wconf 83' lang='grc' dir='ltr'>ἐναν-</span> 
     </span>
    </p>
   </div>
   <div class='ocr_carea' id='block_1_22' title="bbox 2130 1198 3687 1271">
    <p class='ocr_par' dir='ltr' id='par_1_22' title="bbox 2130 1198 3687 1271">
     <span class='ocr_line' id='line_1_22' title="bbox 2130 1198 3687 1271; baseline 0 -20"><span class='ocrx_word' id='word_1_145' title='bbox 2130 1202 2281 1264; x_wconf 83' lang='grc' dir='ltr'>τίων,</span> <span class='ocrx_word' id='word_1_146' title='bbox 2335 1200 2427 1253; x_wconf 78' lang='grc' dir='ltr'><strong>καί</strong></span> <span class='ocrx_word' id='word_1_147' title='bbox 2480 1201 2798 1271; x_wconf 86' lang='grc' dir='ltr'>εὐεργεσίαν</span> <span class='ocrx_word' id='word_1_148' title='bbox 2847 1199 2941 1252; x_wconf 84' lang='grc' dir='ltr'><strong>τοῦ</strong></span> <span class='ocrx_word' id='word_1_149' title='bbox 2993 1200 3101 1252; x_wconf 81' lang='grc' dir='ltr'><strong>τῶν</strong></span> <span class='ocrx_word' id='word_1_150' title='bbox 3160 1199 3428 1252; x_wconf 79' lang='grc' dir='ltr'>Ἰουδαίων</span> <span class='ocrx_word' id='word_1_151' title='bbox 3488 1198 3687 1261; x_wconf 70' lang='grc' dir='ltr'>ἔθνουςι</span> 
     </span>
    </p>
   </div>
   <div class='ocr_carea' id='block_1_23' title="bbox 2134 1289 3692 1361">
    <p class='ocr_par' dir='ltr' id='par_1_23' title="bbox 2134 1289 3692 1361">
     <span class='ocr_line' id='line_1_23' title="bbox 2134 1289 3692 1361; baseline -0.002 -19"><span class='ocrx_word' id='word_1_152' title='bbox 2134 1290 2270 1360; x_wconf 82' lang='grc' dir='ltr'>πρὸς</span> <span class='ocrx_word' id='word_1_153' title='bbox 2312 1289 2406 1352; x_wconf 77' lang='grc' dir='ltr'><strong>οὓς</strong></span> <span class='ocrx_word' id='word_1_154' title='bbox 2432 1290 2600 1357; x_wconf 89' lang='grc' dir='ltr'>λέγει,</span> <span class='ocrx_word' id='word_1_155' title='bbox 2650 1309 2669 1341; x_wconf 88' lang='grc'><em>‹</em></span> <span class='ocrx_word' id='word_1_156' title='bbox 2711 1290 3014 1361; x_wconf 79' lang='grc' dir='ltr'>Πορεύεσθε</span> <span class='ocrx_word' id='word_1_157' title='bbox 3068 1291 3159 1343; x_wconf 77' lang='grc' dir='ltr'><strong>καὶ</strong></span> <span class='ocrx_word' id='word_1_158' title='bbox 3199 1289 3581 1361; x_wconf 73' lang='grc' dir='ltr'>περιοδεῦσατε</span> <span class='ocrx_word' id='word_1_159' title='bbox 3614 1289 3692 1358; x_wconf 67' lang='grc' dir='ltr'>τὴν</span> 
     </span>
    </p>
   </div>
   <div class='ocr_carea' id='block_1_24' title="bbox 447 1378 3691 1457">
    <p class='ocr_par' dir='ltr' id='par_1_24' title="bbox 447 1378 3691 1457">
     <span class='ocr_line' id='line_1_24' title="bbox 447 1378 3691 1457; baseline 0.001 -25"><span class='ocrx_word' id='word_1_160' title='bbox 447 1382 549 1450; x_wconf 82' lang='grc' dir='ltr'><strong>γῆν</strong></span> <span class='ocrx_word' id='word_1_161' title='bbox 572 1394 588 1410; x_wconf 84' lang='grc'>⁶</span> <span class='ocrx_word' id='word_1_162' title='bbox 627 1398 645 1432; x_wconf 79' lang='grc' dir='ltr'><strong>ι</strong></span> <span class='ocrx_word' id='word_1_163' title='bbox 687 1378 804 1433; x_wconf 85' lang='grc' dir='ltr'>εἶτα</span> <span class='ocrx_word' id='word_1_164' title='bbox 852 1382 947 1434; x_wconf 75' lang='grc' dir='ltr'><strong>καὶ</strong></span> <span class='ocrx_word' id='word_1_165' title='bbox 974 1384 1273 1454; x_wconf 78' lang='grc' dir='ltr'>ἐπήγαγεν,</span> <span class='ocrx_word' id='word_1_166' title='bbox 1311 1404 1329 1435; x_wconf 80' lang='lat' dir='ltr'><strong>t</strong></span> <span class='ocrx_word' id='word_1_167' title='bbox 1384 1386 1494 1439; x_wconf 79' lang='lat' dir='ltr'><strong>Kal.</strong></span> <span class='ocrx_word' id='word_1_168' title='bbox 1540 1386 1909 1455; x_wconf 84' lang='grc' dir='ltr'>περιώδευσαν</span> <span class='ocrx_word' id='word_1_169' title='bbox 1952 1386 2050 1454; x_wconf 80' lang='grc' dir='ltr'>τὴν</span> <span class='ocrx_word' id='word_1_170' title='bbox 2078 1386 2202 1455; x_wconf 80' lang='grc' dir='ltr'>γῆν,</span> <span class='ocrx_word' id='word_1_171' title='bbox 2245 1404 2262 1436; x_wconf 83' lang='grc' dir='ltr'><strong>ι</strong></span> <span class='ocrx_word' id='word_1_172' title='bbox 2294 1385 2505 1449; x_wconf 75' lang='grc' dir='ltr'>δεικνὺς</span> <span class='ocrx_word' id='word_1_173' title='bbox 2541 1387 2621 1439; x_wconf 81' lang='grc' dir='ltr'><strong>ὅτι</strong></span> <span class='ocrx_word' id='word_1_174' title='bbox 2651 1385 2745 1439; x_wconf 76' lang='grc' dir='ltr'><strong>καὶ</strong></span> <span class='ocrx_word' id='word_1_175' title='bbox 2781 1386 3169 1457; x_wconf 77' lang='grc' dir='ltr'>ἐπετράπησαν</span> <span class='ocrx_word' id='word_1_176' title='bbox 3202 1386 3299 1456; x_wconf 70' lang='grc' dir='ltr'><strong>τὴν</strong></span> <span class='ocrx_word' id='word_1_177' title='bbox 3330 1383 3586 1457; x_wconf 72' lang='grc' dir='ltr'>φροντίδα</span> <span class='ocrx_word' id='word_1_178' title='bbox 3613 1384 3691 1453; x_wconf 72' lang='grc' dir='ltr'>τὴν</span> 
     </span>
    </p>
   </div>
   <div class='ocr_carea' id='block_1_25' title="bbox 446 1471 2266 1547">
    <p class='ocr_par' dir='ltr' id='par_1_25' title="bbox 446 1471 2266 1547">
     <span class='ocr_line' id='line_1_25' title="bbox 446 1471 2266 1547; baseline 0.002 -24"><span class='ocrx_word' id='word_1_179' title='bbox 446 1471 648 1524; x_wconf 85' lang='grc' dir='ltr'>οἰκείαν</span> <span class='ocrx_word' id='word_1_180' title='bbox 676 1472 901 1540; x_wconf 82' lang='grc' dir='ltr'>ἀγαγεῖν</span> <span class='ocrx_word' id='word_1_181' title='bbox 939 1476 1019 1537; x_wconf 89' lang='grc' dir='ltr'><strong>εἰς</strong></span> <span class='ocrx_word' id='word_1_182' title='bbox 1051 1476 1242 1545; x_wconf 82' lang='grc' dir='ltr'>πέρας,</span> <span class='ocrx_word' id='word_1_183' title='bbox 1281 1474 1374 1528; x_wconf 78' lang='grc' dir='ltr'>καὶ</span> <span class='ocrx_word' id='word_1_184' title='bbox 1403 1476 1794 1547; x_wconf 76' lang='grc' dir='ltr'>ἐπιτραπέντες</span> <span class='ocrx_word' id='word_1_185' title='bbox 1821 1476 2029 1545; x_wconf 82' lang='grc' dir='ltr'>εἴχοντο</span> <span class='ocrx_word' id='word_1_186' title='bbox 2057 1475 2266 1527; x_wconf 79' lang='grc' dir='ltr'>τούτου.</span> 
     </span>
    </p>
   </div>
   <div class='ocr_carea' id='block_1_26' title="bbox 528 1565 2025 1624">
    <p class='ocr_par' dir='ltr' id='par_1_26' title="bbox 528 1565 2025 1624">
     <span class='ocr_line' id='line_1_26' title="bbox 528 1565 2025 1624; baseline 0.001 -5"><span class='ocrx_word' id='word_1_187' title='bbox 528 1565 687 1619; x_wconf 76' lang='lat' dir='ltr'><strong>Vens.</strong></span> <span class='ocrx_word' id='word_1_188' title='bbox 728 1565 879 1621; x_wconf 84' lang='lat' dir='ltr'><strong>9-l5.</strong></span> <span class='ocrx_word' id='word_1_189' title='bbox 920 1597 991 1609; x_wconf 74' lang='grc' dir='ltr'><strong>-ι</strong></span> <span class='ocrx_word' id='word_1_190' title='bbox 1028 1585 1047 1617; x_wconf 74' lang='grc' dir='ltr'><strong>ι</strong></span> <span class='ocrx_word' id='word_1_191' title='bbox 1076 1568 1139 1621; x_wconf 85' lang='lat' dir='ltr'><strong>Et</strong></span> <span class='ocrx_word' id='word_1_192' title='bbox 1164 1566 1343 1624; x_wconf 83' lang='lat' dir='ltr'><strong>factus</strong></span> <span class='ocrx_word' id='word_1_193' title='bbox 1378 1577 1460 1624; x_wconf 87' lang='lat' dir='ltr'><strong>est</strong></span> <span class='ocrx_word' id='word_1_194' title='bbox 1492 1585 1673 1624; x_wconf 86' lang='lat' dir='ltr'><strong>sermo</strong></span> <span class='ocrx_word' id='word_1_195' title='bbox 1708 1568 1924 1622; x_wconf 88' lang='lat' dir='ltr'><strong>Domini</strong></span> <span class='ocrx_word' id='word_1_196' title='bbox 1959 1568 2025 1621; x_wconf 85' lang='lat' dir='ltr'><strong>ad</strong></span> 
     </span>
    </p>
   </div>
   <div class='ocr_carea' id='block_1_27' title="bbox 453 1656 2026 1729">
    <p class='ocr_par' dir='ltr' id='par_1_27' title="bbox 453 1656 2026 1729">
     <span class='ocr_line' id='line_1_27' title="bbox 453 1656 2026 1729; baseline 0.003 -22"><span class='ocrx_word' id='word_1_197' title='bbox 453 1670 537 1709; x_wconf 89' lang='lat' dir='ltr'><strong>me</strong></span> <span class='ocrx_word' id='word_1_198' title='bbox 588 1656 821 1711; x_wconf 89' lang='lat' dir='ltr'><strong>dicens:</strong></span> <span class='ocrx_word' id='word_1_199' title='bbox 864 1658 1106 1727; x_wconf 74' lang='lat' dir='ltr'><strong>«Accipe</strong></span> <span class='ocrx_word' id='word_1_200' title='bbox 1155 1675 1278 1728; x_wconf 66' lang='lat' dir='ltr'><strong>quae</strong></span> <span class='ocrx_word' id='word_1_201' title='bbox 1321 1660 1389 1713; x_wconf 91' lang='lat' dir='ltr'><strong>de</strong></span> <span class='ocrx_word' id='word_1_202' title='bbox 1440 1661 1759 1729; x_wconf 81' lang='lat' dir='ltr'><strong>captivitate</strong></span> <span class='ocrx_word' id='word_1_203' title='bbox 1816 1668 1944 1713; x_wconf 90' lang='lat' dir='ltr'><strong>sunt</strong></span> <span class='ocrx_word' id='word_1_204' title='bbox 1998 1675 2026 1711; x_wconf 89' lang='lat' dir='ltr'><strong>a</strong></span> 
     </span>
    </p>
   </div>
   <div class='ocr_carea' id='block_1_28' title="bbox 2210 1567 3694 1638">
    <p class='ocr_par' dir='ltr' id='par_1_28' title="bbox 2210 1567 3694 1638">
     <span class='ocr_line' id='line_1_28' title="bbox 2210 1567 3694 1638; baseline -0.003 -18"><span class='ocrx_word' id='word_1_205' title='bbox 2210 1568 2360 1637; x_wconf 87' lang='grc' dir='ltr'>Στίχ.</span> <span class='ocrx_word' id='word_1_206' title='bbox 2398 1567 2553 1621; x_wconf 89' lang='grc' dir='ltr'>θ’-ιε’.</span> <span class='ocrx_word' id='word_1_207' title='bbox 2581 1599 2650 1610; x_wconf 93' lang='grc'><strong>-</strong></span> <span class='ocrx_word' id='word_1_208' title='bbox 2699 1588 2717 1619; x_wconf 79' lang='lat' dir='ltr'><strong>t</strong></span> <span class='ocrx_word' id='word_1_209' title='bbox 2767 1569 2874 1621; x_wconf 75' lang='grc' dir='ltr'><strong>Καὶ</strong></span> <span class='ocrx_word' id='word_1_210' title='bbox 2909 1568 3121 1636; x_wconf 88' lang='grc' dir='ltr'>ἐγένετο</span> <span class='ocrx_word' id='word_1_211' title='bbox 3148 1568 3301 1635; x_wconf 83' lang='grc' dir='ltr'>λόγος</span> <span class='ocrx_word' id='word_1_212' title='bbox 3330 1567 3536 1638; x_wconf 88' lang='grc' dir='ltr'>Κυρίου</span> <span class='ocrx_word' id='word_1_213' title='bbox 3576 1567 3694 1635; x_wconf 72' lang='grc' dir='ltr'>πρὸς</span> 
     </span>
    </p>
   </div>
   <div class='ocr_carea' id='block_1_29' title="bbox 2142 1657 3695 1730">
    <p class='ocr_par' dir='ltr' id='par_1_29' title="bbox 2142 1657 3695 1730">
     <span class='ocr_line' id='line_1_29' title="bbox 2142 1657 3695 1730; baseline -0.004 -18"><span class='ocrx_word' id='word_1_214' title='bbox 2142 1677 2208 1730; x_wconf 86' lang='grc' dir='ltr'><strong>με</strong></span> <span class='ocrx_word' id='word_1_215' title='bbox 2237 1661 2409 1726; x_wconf 83' lang='grc' dir='ltr'>λέγων</span> <span class='ocrx_word' id='word_1_216' title='bbox 2432 1676 2443 1688; x_wconf 91' lang='grc'><strong>·</strong></span> <span class='ocrx_word' id='word_1_217' title='bbox 2499 1659 2641 1712; x_wconf 77' lang='grc' dir='ltr'>Λάϐε</span> <span class='ocrx_word' id='word_1_218' title='bbox 2674 1661 2742 1713; x_wconf 76' lang='grc' dir='ltr'><strong>τά</strong></span> <span class='ocrx_word' id='word_1_219' title='bbox 2782 1662 2845 1712; x_wconf 89' lang='grc' dir='ltr'><strong>ἐκ</strong></span> <span class='ocrx_word' id='word_1_220' title='bbox 2881 1661 2978 1728; x_wconf 76' lang='grc' dir='ltr'><strong>τῆς</strong></span> <span class='ocrx_word' id='word_1_221' title='bbox 3008 1659 3379 1728; x_wconf 79' lang='grc' dir='ltr'>αἰχμαλωσίας</span> <span class='ocrx_word' id='word_1_222' title='bbox 3413 1657 3563 1727; x_wconf 77' lang='grc' dir='ltr'>παρᾶ</span> <span class='ocrx_word' id='word_1_223' title='bbox 3604 1657 3695 1707; x_wconf 80' lang='grc' dir='ltr'><strong>τῶν</strong></span> 
     </span>
    </p>
   </div>
   <div class='ocr_carea' id='block_1_30' title="bbox 460 1746 2041 1839">
    <p class='ocr_par' dir='ltr' id='par_1_30' title="bbox 460 1746 2026 1820">
     <span class='ocr_line' id='line_1_30' title="bbox 460 1746 2026 1820; baseline 0.003 -22"><span class='ocrx_word' id='word_1_224' title='bbox 460 1746 825 1816; x_wconf 85' lang='lat' dir='ltr'><strong>principibus,</strong></span> <span class='ocrx_word' id='word_1_225' title='bbox 860 1758 913 1802; x_wconf 91' lang='lat' dir='ltr'><strong>et</strong></span> <span class='ocrx_word' id='word_1_226' title='bbox 940 1749 1040 1803; x_wconf 89' lang='lat' dir='ltr'><strong>abs</strong></span> <span class='ocrx_word' id='word_1_227' title='bbox 1088 1750 1448 1819; x_wconf 88' lang='lat' dir='ltr'><strong>optimatibus</strong></span> <span class='ocrx_word' id='word_1_228' title='bbox 1482 1753 1623 1819; x_wconf 81' lang='lat' dir='ltr'><strong>ejus,</strong></span> <span class='ocrx_word' id='word_1_229' title='bbox 1667 1764 1720 1806; x_wconf 89' lang='lat' dir='ltr'><strong>et</strong></span> <span class='ocrx_word' id='word_1_230' title='bbox 1748 1752 1817 1805; x_wconf 89' lang='lat' dir='ltr'><strong>ab</strong></span> <span class='ocrx_word' id='word_1_231' title='bbox 1842 1753 1908 1805; x_wconf 90' lang='lat' dir='ltr'><strong>iis</strong></span> <span class='ocrx_word' id='word_1_232' title='bbox 1936 1753 2026 1820; x_wconf 85' lang='lat' dir='ltr'><strong>qui</strong></span> 
     </span>
    </p>
   </div>
   <div class='ocr_carea' id='block_1_31' title="bbox 2149 1746 3699 1839">
    <p class='ocr_par' dir='ltr' id='par_1_31' title="bbox 2149 1748 3699 1821">
     <span class='ocr_line' id='line_1_31' title="bbox 2149 1748 3699 1821; baseline -0.005 -17"><span class='ocrx_word' id='word_1_233' title='bbox 2149 1752 2433 1821; x_wconf 68' lang='grc' dir='ltr'>Ξρχόντων,</span> <span class='ocrx_word' id='word_1_234' title='bbox 2481 1752 2573 1802; x_wconf 73' lang='grc' dir='ltr'><strong>καὶ</strong></span> <span class='ocrx_word' id='word_1_235' title='bbox 2621 1750 2767 1820; x_wconf 73' lang='grc' dir='ltr'>παρὰ</span> <span class='ocrx_word' id='word_1_236' title='bbox 2812 1752 2917 1802; x_wconf 82' lang='grc' dir='ltr'>τῶν</span> <span class='ocrx_word' id='word_1_237' title='bbox 2964 1752 3250 1820; x_wconf 85' lang='grc' dir='ltr'>χρησίμων</span> <span class='ocrx_word' id='word_1_238' title='bbox 3300 1748 3399 1817; x_wconf 73' lang='grc' dir='ltr'><strong>τῆς</strong></span> <span class='ocrx_word' id='word_1_239' title='bbox 3447 1748 3570 1815; x_wconf 78' lang='grc' dir='ltr'>γῆς,</span> <span class='ocrx_word' id='word_1_240' title='bbox 3623 1748 3699 1797; x_wconf 81' lang='grc' dir='ltr'><strong>καί</strong></span> 
     </span>
    </p>
   </div>
   <div class='ocr_carea' id='block_1_32' title="bbox 450 1841 2025 1906">
    <p class='ocr_par' dir='ltr' id='par_1_32' title="bbox 450 1841 2025 1906">
     <span class='ocr_line' id='line_1_32' title="bbox 450 1841 2025 1906; baseline 0.003 -16"><span class='ocrx_word' id='word_1_241' title='bbox 450 1846 821 1906; x_wconf 62' lang='lat' dir='ltr'><strong>cognoverunt</strong></span> <span class='ocrx_word' id='word_1_242' title='bbox 851 1855 994 1903; x_wconf 90' lang='lat' dir='ltr'><strong>eam,</strong></span> <span class='ocrx_word' id='word_1_243' title='bbox 1030 1842 1098 1895; x_wconf 87' lang='lat' dir='ltr'><strong>ab</strong></span> <span class='ocrx_word' id='word_1_244' title='bbox 1131 1841 1305 1906; x_wconf 79' lang='lat' dir='ltr'><strong>Eldai,</strong></span> <span class='ocrx_word' id='word_1_245' title='bbox 1339 1850 1393 1895; x_wconf 86' lang='lat' dir='ltr'><strong>et</strong></span> <span class='ocrx_word' id='word_1_246' title='bbox 1416 1858 1446 1895; x_wconf 89' lang='lat' dir='ltr'><strong>a</strong></span> <span class='ocrx_word' id='word_1_247' title='bbox 1480 1843 1673 1906; x_wconf 86' lang='lat' dir='ltr'><strong>Tobia,</strong></span> <span class='ocrx_word' id='word_1_248' title='bbox 1702 1850 1757 1897; x_wconf 92' lang='lat' dir='ltr'><strong>et</strong></span> <span class='ocrx_word' id='word_1_249' title='bbox 1788 1845 1853 1895; x_wconf 86' lang='lat' dir='ltr'><strong>ab</strong></span> <span class='ocrx_word' id='word_1_250' title='bbox 1876 1842 2025 1898; x_wconf 82' lang='lat' dir='ltr'><strong>ideo.</strong></span> 
     </span>
    </p>
   </div>
   <div class='ocr_carea' id='block_1_33' title="bbox 453 1926 2031 1998">
    <p class='ocr_par' dir='ltr' id='par_1_33' title="bbox 453 1926 2031 1998">
     <span class='ocr_line' id='line_1_33' title="bbox 453 1926 2031 1998; baseline 0.007 -21"><span class='ocrx_word' id='word_1_251' title='bbox 453 1926 515 1979; x_wconf 69' lang='lat' dir='ltr'><strong>lit</strong></span> <span class='ocrx_word' id='word_1_252' title='bbox 546 1928 868 1998; x_wconf 89' lang='lat' dir='ltr'><strong>ingredieris</strong></span> <span class='ocrx_word' id='word_1_253' title='bbox 900 1938 955 1982; x_wconf 92' lang='lat' dir='ltr'><strong>tu</strong></span> <span class='ocrx_word' id='word_1_254' title='bbox 982 1930 1070 1985; x_wconf 89' lang='lat' dir='ltr'><strong>die</strong></span> <span class='ocrx_word' id='word_1_255' title='bbox 1108 1932 1197 1985; x_wconf 91' lang='lat' dir='ltr'><strong>illa</strong></span> <span class='ocrx_word' id='word_1_256' title='bbox 1235 1934 1288 1985; x_wconf 89' lang='lat' dir='ltr'><strong>in</strong></span> <span class='ocrx_word' id='word_1_257' title='bbox 1333 1932 1553 1987; x_wconf 90' lang='lat' dir='ltr'><strong>domum</strong></span> <span class='ocrx_word' id='word_1_258' title='bbox 1594 1933 1758 1988; x_wconf 74' lang='lat' dir='ltr'><strong>Josia:</strong></span> <span class='ocrx_word' id='word_1_259' title='bbox 1802 1935 1894 1987; x_wconf 88' lang='lat' dir='ltr'><strong>ﬁlii</strong></span> <span class='ocrx_word' id='word_1_260' title='bbox 1932 1935 2031 1988; x_wconf 86' lang='lat' dir='ltr'><strong>So-</strong></span> 
     </span>
    </p>
   </div>
   <div class='ocr_carea' id='block_1_34' title="bbox 453 2020 2030 2095">
    <p class='ocr_par' dir='ltr' id='par_1_34' title="bbox 453 2020 2030 2095">
     <span class='ocr_line' id='line_1_34' title="bbox 453 2020 2030 2095; baseline 0.005 -26"><span class='ocrx_word' id='word_1_261' title='bbox 453 2020 683 2086; x_wconf 76' lang='lat' dir='ltr'><strong>plionize,</strong></span> <span class='ocrx_word' id='word_1_262' title='bbox 720 2022 811 2089; x_wconf 87' lang='lat' dir='ltr'><strong>qui</strong></span> <span class='ocrx_word' id='word_1_263' title='bbox 848 2022 996 2075; x_wconf 82' lang='lat' dir='ltr'><strong>venit</strong></span> <span class='ocrx_word' id='word_1_264' title='bbox 1018 2022 1084 2075; x_wconf 90' lang='lat' dir='ltr'><strong>de</strong></span> <span class='ocrx_word' id='word_1_265' title='bbox 1114 2022 1410 2094; x_wconf 79' lang='lat' dir='ltr'><strong>Babylone.</strong></span> <span class='ocrx_word' id='word_1_266' title='bbox 1440 2024 1805 2095; x_wconf 79' lang='lat' dir='ltr'><strong>Accipiesque</strong></span> <span class='ocrx_word' id='word_1_267' title='bbox 1834 2041 2030 2093; x_wconf 84' lang='lat' dir='ltr'><strong>argen-</strong></span> 
     </span>
    </p>
   </div>
   <div class='ocr_carea' id='block_1_35' title="bbox 452 2113 2029 2185">
    <p class='ocr_par' dir='ltr' id='par_1_35' title="bbox 452 2113 2029 2185">
     <span class='ocr_line' id='line_1_35' title="bbox 452 2113 2029 2185; baseline 0.006 -26"><span class='ocrx_word' id='word_1_268' title='bbox 452 2117 567 2161; x_wconf 85' lang='lat' dir='ltr'><strong>tum</strong></span> <span class='ocrx_word' id='word_1_269' title='bbox 602 2119 656 2165; x_wconf 85' lang='lat' dir='ltr'><strong>et</strong></span> <span class='ocrx_word' id='word_1_270' title='bbox 685 2126 902 2175; x_wconf 88' lang='lat' dir='ltr'><strong>aurum,</strong></span> <span class='ocrx_word' id='word_1_271' title='bbox 943 2113 1221 2183; x_wconf 78' lang='lat' dir='ltr'><strong>faciesque</strong></span> <span class='ocrx_word' id='word_1_272' title='bbox 1244 2130 1526 2174; x_wconf 83' lang='lat' dir='ltr'><strong>coronam,</strong></span> <span class='ocrx_word' id='word_1_273' title='bbox 1569 2123 1623 2171; x_wconf 88' lang='lat' dir='ltr'><strong>et</strong></span> <span class='ocrx_word' id='word_1_274' title='bbox 1646 2117 1892 2185; x_wconf 83' lang='lat' dir='ltr'><strong>impones</strong></span> <span class='ocrx_word' id='word_1_275' title='bbox 1939 2133 2029 2170; x_wconf 84' lang='lat' dir='ltr'><strong>su-</strong></span> 
     </span>
    </p>
   </div>
   <div class='ocr_carea' id='block_1_36' title="bbox 456 2201 2029 2277">
    <p class='ocr_par' dir='ltr' id='par_1_36' title="bbox 456 2201 2029 2277">
     <span class='ocr_line' id='line_1_36' title="bbox 456 2201 2029 2277; baseline 0.007 -25"><span class='ocrx_word' id='word_1_276' title='bbox 456 2215 549 2267; x_wconf 85' lang='lat' dir='ltr'><strong>per</strong></span> <span class='ocrx_word' id='word_1_277' title='bbox 574 2210 738 2270; x_wconf 89' lang='lat' dir='ltr'><strong>eaput</strong></span> <span class='ocrx_word' id='word_1_278' title='bbox 770 2201 921 2267; x_wconf 83' lang='lat' dir='ltr'><strong>Jesu,</strong></span> <span class='ocrx_word' id='word_1_279' title='bbox 953 2202 1220 2259; x_wconf 78' lang='lat' dir='ltr'><strong>Josedeco</strong></span> <span class='ocrx_word' id='word_1_280' title='bbox 1254 2206 1449 2275; x_wconf 79' lang='lat' dir='ltr'><strong>geniti,</strong></span> <span class='ocrx_word' id='word_1_281' title='bbox 1485 2208 1792 2262; x_wconf 84' lang='lat' dir='ltr'><strong>sacerdotis</strong></span> <span class='ocrx_word' id='word_1_282' title='bbox 1824 2208 2029 2277; x_wconf 91' lang='lat' dir='ltr'><strong>magni.</strong></span> 
     </span>
    </p>
   </div>
   <div class='ocr_carea' id='block_1_37' title="bbox 454 2290 2034 2369">
    <p class='ocr_par' dir='ltr' id='par_1_37' title="bbox 454 2290 2034 2369">
     <span class='ocr_line' id='line_1_37' title="bbox 454 2290 2034 2369; baseline 0.007 -26"><span class='ocrx_word' id='word_1_283' title='bbox 454 2290 720 2361; x_wconf 88' lang='lat' dir='ltr'><strong>Dicesque</strong></span> <span class='ocrx_word' id='word_1_284' title='bbox 751 2294 799 2348; x_wconf 90' lang='lat' dir='ltr'><strong>ei</strong></span> <span class='ocrx_word' id='word_1_285' title='bbox 838 2310 852 2347; x_wconf 89' lang='lat'><strong>:</strong></span> <span class='ocrx_word' id='word_1_286' title='bbox 885 2293 1010 2350; x_wconf 68' lang='lat' dir='ltr'><strong>Haec</strong></span> <span class='ocrx_word' id='word_1_287' title='bbox 1043 2296 1121 2350; x_wconf 86' lang='lat' dir='ltr'><strong>ait</strong></span> <span class='ocrx_word' id='word_1_288' title='bbox 1158 2296 1423 2352; x_wconf 89' lang='lat' dir='ltr'><strong>Dominus</strong></span> <span class='ocrx_word' id='word_1_289' title='bbox 1458 2299 1806 2369; x_wconf 85' lang='lat' dir='ltr'><strong>omnipotens</strong></span> <span class='ocrx_word' id='word_1_290' title='bbox 1840 2317 1853 2353; x_wconf 88' lang='lat'><strong>:</strong></span> <span class='ocrx_word' id='word_1_291' title='bbox 1893 2298 2034 2354; x_wconf 85' lang='lat' dir='ltr'><strong>Ecce</strong></span> 
     </span>
    </p>
   </div>
   <div class='ocr_carea' id='block_1_38' title="bbox 454 2382 2035 2450">
    <p class='ocr_par' dir='ltr' id='par_1_38' title="bbox 454 2382 2035 2450">
     <span class='ocr_line' id='line_1_38' title="bbox 454 2382 2035 2450; baseline 0.008 -19"><span class='ocrx_word' id='word_1_292' title='bbox 454 2382 556 2445; x_wconf 67' lang='lat' dir='ltr'><strong>vir,</strong></span> <span class='ocrx_word' id='word_1_293' title='bbox 592 2385 681 2437; x_wconf 90' lang='lat' dir='ltr'><strong>cui</strong></span> <span class='ocrx_word' id='word_1_294' title='bbox 716 2400 915 2439; x_wconf 89' lang='lat' dir='ltr'><strong>nomen</strong></span> <span class='ocrx_word' id='word_1_295' title='bbox 949 2386 1174 2450; x_wconf 87' lang='lat' dir='ltr'><strong>Oriens,</strong></span> <span class='ocrx_word' id='word_1_296' title='bbox 1224 2397 1276 2442; x_wconf 92' lang='lat' dir='ltr'><strong>et</strong></span> <span class='ocrx_word' id='word_1_297' title='bbox 1308 2389 1499 2443; x_wconf 81' lang='lat' dir='ltr'><strong>subter</strong></span> <span class='ocrx_word' id='word_1_298' title='bbox 1528 2406 1649 2444; x_wconf 89' lang='lat' dir='ltr'><strong>eum</strong></span> <span class='ocrx_word' id='word_1_299' title='bbox 1698 2393 1925 2445; x_wconf 88' lang='lat' dir='ltr'><strong>orietur.</strong></span> <span class='ocrx_word' id='word_1_300' title='bbox 1970 2390 2035 2444; x_wconf 88' lang='lat' dir='ltr'><strong>Et</strong></span> 
     </span>
    </p>
   </div>
   <div class='ocr_carea' id='block_1_39' title="bbox 455 2476 2033 2551">
    <p class='ocr_par' dir='ltr' id='par_1_39' title="bbox 455 2476 2033 2551">
     <span class='ocr_line' id='line_1_39' title="bbox 455 2476 2033 2551; baseline 0.004 -22"><span class='ocrx_word' id='word_1_301' title='bbox 455 2476 749 2531; x_wconf 71' lang='lat' dir='ltr'><strong>aediﬁcabit</strong></span> <span class='ocrx_word' id='word_1_302' title='bbox 773 2477 993 2532; x_wconf 88' lang='lat' dir='ltr'><strong>dotntun</strong></span> <span class='ocrx_word' id='word_1_303' title='bbox 1026 2479 1259 2540; x_wconf 88' lang='lat' dir='ltr'><strong>Dotnini,</strong></span> <span class='ocrx_word' id='word_1_304' title='bbox 1292 2489 1346 2534; x_wconf 88' lang='lat' dir='ltr'><strong>et</strong></span> <span class='ocrx_word' id='word_1_305' title='bbox 1373 2482 1488 2551; x_wconf 90' lang='lat' dir='ltr'><strong>ipse</strong></span> <span class='ocrx_word' id='word_1_306' title='bbox 1504 2483 2033 2551; x_wconf 81' lang='lat' dir='ltr'><strong>accipietvirtutcm,</strong></span> 
     </span>
    </p>
   </div>
   <div class='ocr_carea' id='block_1_40' title="bbox 456 2568 2037 2641">
    <p class='ocr_par' dir='ltr' id='par_1_40' title="bbox 456 2568 2037 2641">
     <span class='ocr_line' id='line_1_40' title="bbox 456 2568 2037 2641; baseline 0.004 -23"><span class='ocrx_word' id='word_1_307' title='bbox 456 2577 511 2619; x_wconf 58' lang='grc' dir='ltr'>«ηι</span> <span class='ocrx_word' id='word_1_308' title='bbox 538 2568 749 2622; x_wconf 87' lang='lat' dir='ltr'><strong>sedebit</strong></span> <span class='ocrx_word' id='word_1_309' title='bbox 780 2584 843 2622; x_wconf 92' lang='lat' dir='ltr'><strong>ac</strong></span> <span class='ocrx_word' id='word_1_310' title='bbox 901 2569 1275 2625; x_wconf 87' lang='lat' dir='ltr'><strong>dominabitur</strong></span> <span class='ocrx_word' id='word_1_311' title='bbox 1316 2588 1483 2641; x_wconf 87' lang='lat' dir='ltr'><strong>super</strong></span> <span class='ocrx_word' id='word_1_312' title='bbox 1539 2573 1736 2627; x_wconf 85' lang='lat' dir='ltr'><strong>throno</strong></span> <span class='ocrx_word' id='word_1_313' title='bbox 1794 2588 1916 2627; x_wconf 88' lang='lat' dir='ltr'><strong>suo.</strong></span> <span class='ocrx_word' id='word_1_314' title='bbox 1970 2573 2037 2626; x_wconf 89' lang='lat' dir='ltr'><strong>Et</strong></span> 
     </span>
    </p>
   </div>
   <div class='ocr_carea' id='block_1_41' title="bbox 456 2659 2036 2734">
    <p class='ocr_par' dir='ltr' id='par_1_41' title="bbox 456 2659 2036 2734">
     <span class='ocr_line' id='line_1_41' title="bbox 456 2659 2036 2734; baseline 0.004 -23"><span class='ocrx_word' id='word_1_315' title='bbox 456 2660 559 2712; x_wconf 84' lang='lat' dir='ltr'><strong>erit</strong></span> <span class='ocrx_word' id='word_1_316' title='bbox 590 2659 851 2714; x_wconf 80' lang='lat' dir='ltr'><strong>sacerdos</strong></span> <span class='ocrx_word' id='word_1_317' title='bbox 874 2676 901 2713; x_wconf 92' lang='lat' dir='ltr'><strong>a</strong></span> <span class='ocrx_word' id='word_1_318' title='bbox 942 2662 1153 2715; x_wconf 82' lang='lat' dir='ltr'><strong>dextris</strong></span> <span class='ocrx_word' id='word_1_319' title='bbox 1178 2663 1319 2731; x_wconf 85' lang='lat' dir='ltr'><strong>ejus,</strong></span> <span class='ocrx_word' id='word_1_320' title='bbox 1362 2672 1417 2717; x_wconf 91' lang='lat' dir='ltr'><strong>et</strong></span> <span class='ocrx_word' id='word_1_321' title='bbox 1450 2664 1593 2717; x_wconf 90' lang='lat' dir='ltr'><strong>inter</strong></span> <span class='ocrx_word' id='word_1_322' title='bbox 1641 2672 1903 2734; x_wconf 87' lang='lat' dir='ltr'><strong>utrosque</strong></span> <span class='ocrx_word' id='word_1_323' title='bbox 1932 2665 2036 2719; x_wconf 89' lang='lat' dir='ltr'><strong>erit</strong></span> 
     </span>
    </p>
   </div>
   <div class='ocr_carea' id='block_1_42' title="bbox 457 2752 2036 2825">
    <p class='ocr_par' dir='ltr' id='par_1_42' title="bbox 457 2752 2036 2825">
     <span class='ocr_line' id='line_1_42' title="bbox 457 2752 2036 2825; baseline 0.004 -18"><span class='ocrx_word' id='word_1_324' title='bbox 457 2752 746 2807; x_wconf 77' lang='lat' dir='ltr'><strong>consilium</strong></span> <span class='ocrx_word' id='word_1_325' title='bbox 786 2754 1094 2821; x_wconf 87' lang='lat' dir='ltr'><strong>paciﬁcum.</strong></span> <span class='ocrx_word' id='word_1_326' title='bbox 1128 2754 1344 2810; x_wconf 88' lang='lat' dir='ltr'><strong>Corona</strong></span> <span class='ocrx_word' id='word_1_327' title='bbox 1374 2768 1556 2811; x_wconf 89' lang='lat' dir='ltr'><strong>autem</strong></span> <span class='ocrx_word' id='word_1_328' title='bbox 1591 2757 2036 2825; x_wconf 76' lang='lat' dir='ltr'><strong>exspectantibus</strong></span> 
     </span>
    </p>
   </div>
   <div class='ocr_carea' id='block_1_43' title="bbox 457 2844 2037 2918">
    <p class='ocr_par' dir='ltr' id='par_1_43' title="bbox 457 2844 2037 2918">
     <span class='ocr_line' id='line_1_43' title="bbox 457 2844 2037 2918; baseline 0.003 -20"><span class='ocrx_word' id='word_1_329' title='bbox 457 2844 585 2907; x_wconf 89' lang='lat' dir='ltr'><strong>erit,</strong></span> <span class='ocrx_word' id='word_1_330' title='bbox 612 2853 664 2897; x_wconf 87' lang='lat' dir='ltr'><strong>et</strong></span> <span class='ocrx_word' id='word_1_331' title='bbox 697 2846 1055 2912; x_wconf 86' lang='lat' dir='ltr'><strong>eptimatibus</strong></span> <span class='ocrx_word' id='word_1_332' title='bbox 1090 2846 1232 2915; x_wconf 89' lang='lat' dir='ltr'><strong>ejus,</strong></span> <span class='ocrx_word' id='word_1_333' title='bbox 1265 2856 1318 2901; x_wconf 91' lang='lat' dir='ltr'><strong>et</strong></span> <span class='ocrx_word' id='word_1_334' title='bbox 1346 2849 1438 2917; x_wconf 91' lang='lat' dir='ltr'><strong>qui</strong></span> <span class='ocrx_word' id='word_1_335' title='bbox 1480 2859 1853 2918; x_wconf 85' lang='lat' dir='ltr'><strong>cognoverunt</strong></span> <span class='ocrx_word' id='word_1_336' title='bbox 1892 2864 2037 2913; x_wconf 87' lang='lat' dir='ltr'><strong>eam,</strong></span> 
     </span>
    </p>
   </div>
   <div class='ocr_carea' id='block_1_44' title="bbox 457 2936 2039 3007">
    <p class='ocr_par' dir='ltr' id='par_1_44' title="bbox 457 2936 2039 3007">
     <span class='ocr_line' id='line_1_44' title="bbox 457 2936 2039 3007; baseline 0.003 -18"><span class='ocrx_word' id='word_1_337' title='bbox 457 2945 510 2989; x_wconf 90' lang='lat' dir='ltr'><strong>et</strong></span> <span class='ocrx_word' id='word_1_338' title='bbox 534 2936 586 2989; x_wconf 91' lang='lat' dir='ltr'><strong>in</strong></span> <span class='ocrx_word' id='word_1_339' title='bbox 614 2938 844 3005; x_wconf 89' lang='lat' dir='ltr'><strong>gratiam</strong></span> <span class='ocrx_word' id='word_1_340' title='bbox 882 2937 973 2991; x_wconf 90' lang='lat' dir='ltr'><strong>ﬁlii</strong></span> <span class='ocrx_word' id='word_1_341' title='bbox 1008 2937 1317 3007; x_wconf 69' lang='lat' dir='ltr'><strong>Sophoniaa,</strong></span> <span class='ocrx_word' id='word_1_342' title='bbox 1361 2949 1416 2994; x_wconf 90' lang='lat' dir='ltr'><strong>et</strong></span> <span class='ocrx_word' id='word_1_343' title='bbox 1444 2939 1497 2993; x_wconf 91' lang='lat' dir='ltr'><strong>in</strong></span> <span class='ocrx_word' id='word_1_344' title='bbox 1530 2939 1797 3007; x_wconf 90' lang='lat' dir='ltr'><strong>psalmum</strong></span> <span class='ocrx_word' id='word_1_345' title='bbox 1850 2940 2039 2995; x_wconf 89' lang='lat' dir='ltr'><strong>domui</strong></span> 
     </span>
    </p>
   </div>
   <div class='ocr_carea' id='block_1_45' title="bbox 462 3026 2041 3099">
    <p class='ocr_par' dir='ltr' id='par_1_45' title="bbox 462 3026 2041 3099">
     <span class='ocr_line' id='line_1_45' title="bbox 462 3026 2041 3099; baseline 0.003 -19"><span class='ocrx_word' id='word_1_346' title='bbox 462 3026 694 3083; x_wconf 89' lang='lat' dir='ltr'><strong>Domini.</strong></span> <span class='ocrx_word' id='word_1_347' title='bbox 730 3029 793 3083; x_wconf 86' lang='lat' dir='ltr'><strong>Et</strong></span> <span class='ocrx_word' id='word_1_348' title='bbox 823 3031 911 3097; x_wconf 80' lang='lat' dir='ltr'><strong>qui</strong></span> <span class='ocrx_word' id='word_1_349' title='bbox 951 3032 1141 3099; x_wconf 90' lang='lat' dir='ltr'><strong>procul</strong></span> <span class='ocrx_word' id='word_1_350' title='bbox 1177 3032 1243 3086; x_wconf 91' lang='lat' dir='ltr'><strong>iis</strong></span> <span class='ocrx_word' id='word_1_351' title='bbox 1278 3040 1409 3087; x_wconf 85' lang='lat' dir='ltr'><strong>sunt</strong></span> <span class='ocrx_word' id='word_1_352' title='bbox 1440 3032 1677 3093; x_wconf 87' lang='lat' dir='ltr'><strong>venient,</strong></span> <span class='ocrx_word' id='word_1_353' title='bbox 1718 3041 1771 3085; x_wconf 87' lang='lat' dir='ltr'><strong>et</strong></span> <span class='ocrx_word' id='word_1_354' title='bbox 1804 3031 2041 3086; x_wconf 72' lang='lat' dir='ltr'><strong>azdiﬁca-</strong></span> 
     </span>
    </p>
   </div>
   <div class='ocr_carea' id='block_1_46' title="bbox 2132 1838 3701 1913">
    <p class='ocr_par' dir='ltr' id='par_1_46' title="bbox 2132 1838 3701 1913">
     <span class='ocr_line' id='line_1_46' title="bbox 2132 1838 3701 1913; baseline -0.004 -17"><span class='ocrx_word' id='word_1_355' title='bbox 2132 1843 2281 1913; x_wconf 78' lang='grc' dir='ltr'>παρὰ</span> <span class='ocrx_word' id='word_1_356' title='bbox 2306 1843 2413 1896; x_wconf 82' lang='grc' dir='ltr'>τῶν</span> <span class='ocrx_word' id='word_1_357' title='bbox 2439 1844 2826 1911; x_wconf 85' lang='grc' dir='ltr'>ἐπεγνωκότων</span> <span class='ocrx_word' id='word_1_358' title='bbox 2854 1844 3020 1913; x_wconf 81' lang='grc' dir='ltr'>αὐτὴν</span> <span class='ocrx_word' id='word_1_359' title='bbox 3047 1840 3196 1909; x_wconf 78' lang='grc' dir='ltr'>παρὰ</span> <span class='ocrx_word' id='word_1_360' title='bbox 3235 1839 3413 1891; x_wconf 80' lang='grc' dir='ltr'>Ἑλδαῖ</span> <span class='ocrx_word' id='word_1_361' title='bbox 3446 1838 3540 1890; x_wconf 65' lang='grc' dir='ltr'>καὶ</span> <span class='ocrx_word' id='word_1_362' title='bbox 3564 1838 3701 1907; x_wconf 77' lang='grc' dir='ltr'><strong>παρὰ</strong></span> 
     </span>
    </p>
   </div>
   <div class='ocr_carea' id='block_1_47' title="bbox 2132 1928 3699 2002">
    <p class='ocr_par' dir='ltr' id='par_1_47' title="bbox 2132 1928 3699 2002">
     <span class='ocr_line' id='line_1_47' title="bbox 2132 1928 3699 2002; baseline -0.002 -21"><span class='ocrx_word' id='word_1_363' title='bbox 2132 1930 2360 1991; x_wconf 73' lang='grc' dir='ltr'>Τωϐίου,</span> <span class='ocrx_word' id='word_1_364' title='bbox 2406 1931 2499 1983; x_wconf 72' lang='grc' dir='ltr'><strong>καὶ</strong></span> <span class='ocrx_word' id='word_1_365' title='bbox 2545 1931 2693 2002; x_wconf 72' lang='grc' dir='ltr'>παρὰ</span> <span class='ocrx_word' id='word_1_366' title='bbox 2755 1931 2947 1983; x_wconf 90' lang='grc' dir='ltr'>Ἰδέου·</span> <span class='ocrx_word' id='word_1_367' title='bbox 2999 1932 3096 1983; x_wconf 73' lang='grc' dir='ltr'>καὶ</span> <span class='ocrx_word' id='word_1_368' title='bbox 3139 1928 3425 1998; x_wconf 77' lang='grc' dir='ltr'>είσελεύσῃ</span> <span class='ocrx_word' id='word_1_369' title='bbox 3457 1928 3520 1979; x_wconf 74' lang='grc' dir='ltr'><strong>σὺ</strong></span> <span class='ocrx_word' id='word_1_370' title='bbox 3554 1928 3610 1978; x_wconf 90' lang='grc' dir='ltr'><strong>ἐν</strong></span> <span class='ocrx_word' id='word_1_371' title='bbox 3646 1930 3699 1996; x_wconf 77' lang='grc' dir='ltr'>τῇ</span> 
     </span>
    </p>
   </div>
   <div class='ocr_carea' id='block_1_48' title="bbox 2132 2018 3698 2093">
    <p class='ocr_par' dir='ltr' id='par_1_48' title="bbox 2132 2018 3698 2093">
     <span class='ocr_line' id='line_1_48' title="bbox 2132 2018 3698 2093; baseline 0 -20"><span class='ocrx_word' id='word_1_372' title='bbox 2132 2022 2315 2092; x_wconf 80' lang='grc' dir='ltr'>ἡμέρᾳ</span> <span class='ocrx_word' id='word_1_373' title='bbox 2341 2022 2519 2093; x_wconf 79' lang='grc' dir='ltr'>ἐκείνῃ</span> <span class='ocrx_word' id='word_1_374' title='bbox 2547 2026 2626 2085; x_wconf 85' lang='grc' dir='ltr'><strong>εἰς</strong></span> <span class='ocrx_word' id='word_1_375' title='bbox 2654 2024 2745 2075; x_wconf 78' lang='grc' dir='ltr'>τὸν</span> <span class='ocrx_word' id='word_1_376' title='bbox 2772 2018 2918 2076; x_wconf 77' lang='grc' dir='ltr'>οἰκον</span> <span class='ocrx_word' id='word_1_377' title='bbox 2955 2022 3159 2075; x_wconf 83' lang='grc' dir='ltr'>Ἰωσίου</span> <span class='ocrx_word' id='word_1_378' title='bbox 3199 2020 3292 2074; x_wconf 83' lang='grc' dir='ltr'><strong>τοῦ</strong></span> <span class='ocrx_word' id='word_1_379' title='bbox 3323 2021 3578 2090; x_wconf 69' lang='grc' dir='ltr'>Σοφονίου</span> <span class='ocrx_word' id='word_1_380' title='bbox 3616 2023 3698 2075; x_wconf 76' lang='grc' dir='ltr'><strong>τοῦ</strong></span> 
     </span>
    </p>
   </div>
   <div class='ocr_carea' id='block_1_49' title="bbox 2133 2114 3701 2188">
    <p class='ocr_par' dir='ltr' id='par_1_49' title="bbox 2133 2114 3701 2188">
     <span class='ocr_line' id='line_1_49' title="bbox 2133 2114 3701 2188; baseline 0.003 -23"><span class='ocrx_word' id='word_1_381' title='bbox 2133 2114 2357 2182; x_wconf 77' lang='grc' dir='ltr'>ἥκοντος</span> <span class='ocrx_word' id='word_1_382' title='bbox 2393 2115 2456 2165; x_wconf 91' lang='grc' dir='ltr'><strong>ἐκ</strong></span> <span class='ocrx_word' id='word_1_383' title='bbox 2492 2114 2839 2177; x_wconf 77' lang='grc' dir='ltr'>Βαδυλῶνος’</span> <span class='ocrx_word' id='word_1_384' title='bbox 2887 2116 2979 2168; x_wconf 76' lang='grc' dir='ltr'>καὶ</span> <span class='ocrx_word' id='word_1_385' title='bbox 3008 2114 3149 2185; x_wconf 70' lang='grc' dir='ltr'>λήψῃ</span> <span class='ocrx_word' id='word_1_386' title='bbox 3181 2114 3441 2185; x_wconf 75' lang='grc' dir='ltr'>ἀργύριον</span> <span class='ocrx_word' id='word_1_387' title='bbox 3469 2118 3561 2168; x_wconf 70' lang='grc' dir='ltr'><strong>καὶ</strong></span> <span class='ocrx_word' id='word_1_388' title='bbox 3587 2136 3701 2188; x_wconf 76' lang='grc' dir='ltr'>χρυ-</span> 
     </span>
    </p>
   </div>
   <div class='ocr_carea' id='block_1_50' title="bbox 2136 2206 3704 2277">
    <p class='ocr_par' dir='ltr' id='par_1_50' title="bbox 2136 2206 3704 2277">
     <span class='ocr_line' id='line_1_50' title="bbox 2136 2206 3704 2277; baseline 0.001 -20"><span class='ocrx_word' id='word_1_389' title='bbox 2136 2206 2269 2271; x_wconf 88' lang='grc' dir='ltr'>σίον,</span> <span class='ocrx_word' id='word_1_390' title='bbox 2302 2207 2395 2258; x_wconf 70' lang='grc' dir='ltr'><strong>καὶ</strong></span> <span class='ocrx_word' id='word_1_391' title='bbox 2424 2207 2666 2276; x_wconf 84' lang='grc' dir='ltr'>ποιήσεις</span> <span class='ocrx_word' id='word_1_392' title='bbox 2712 2207 2993 2274; x_wconf 71' lang='grc' dir='ltr'>στέφανον,</span> <span class='ocrx_word' id='word_1_393' title='bbox 3045 2207 3137 2258; x_wconf 66' lang='grc' dir='ltr'><strong>καὶ</strong></span> <span class='ocrx_word' id='word_1_394' title='bbox 3172 2206 3454 2275; x_wconf 77' lang='grc' dir='ltr'>ἐπιθήσεις</span> <span class='ocrx_word' id='word_1_395' title='bbox 3494 2209 3585 2259; x_wconf 79' lang='grc' dir='ltr'><strong>ἐπὶ</strong></span> <span class='ocrx_word' id='word_1_396' title='bbox 3618 2211 3704 2277; x_wconf 68' lang='grc' dir='ltr'><strong>τὴν</strong></span> 
     </span>
    </p>
   </div>
   <div class='ocr_carea' id='block_1_51' title="bbox 2136 2298 3704 2372">
    <p class='ocr_par' dir='ltr' id='par_1_51' title="bbox 2136 2298 3704 2372">
     <span class='ocr_line' id='line_1_51' title="bbox 2136 2298 3704 2372; baseline 0.001 -21"><span class='ocrx_word' id='word_1_397' title='bbox 2136 2299 2376 2369; x_wconf 83' lang='grc' dir='ltr'>κεφαλὴν</span> <span class='ocrx_word' id='word_1_398' title='bbox 2410 2299 2584 2368; x_wconf 81' lang='grc' dir='ltr'>Ἰησοῦ</span> <span class='ocrx_word' id='word_1_399' title='bbox 2615 2298 2708 2352; x_wconf 85' lang='grc' dir='ltr'><strong>τοῦ</strong></span> <span class='ocrx_word' id='word_1_400' title='bbox 2746 2300 2991 2353; x_wconf 82' lang='grc' dir='ltr'>Ἰωσεδὲκ</span> <span class='ocrx_word' id='word_1_401' title='bbox 3018 2300 3112 2352; x_wconf 87' lang='grc' dir='ltr'><strong>τοῦ</strong></span> <span class='ocrx_word' id='word_1_402' title='bbox 3152 2302 3410 2370; x_wconf 82' lang='grc' dir='ltr'>μεγάλου,</span> <span class='ocrx_word' id='word_1_403' title='bbox 3442 2303 3535 2353; x_wconf 77' lang='grc' dir='ltr'><strong>καί</strong></span> <span class='ocrx_word' id='word_1_404' title='bbox 3574 2302 3704 2372; x_wconf 80' lang='grc' dir='ltr'>ἐρεῖς</span> 
     </span>
    </p>
   </div>
   <div class='ocr_carea' id='block_1_52' title="bbox 2138 2392 3705 2465">
    <p class='ocr_par' dir='ltr' id='par_1_52' title="bbox 2138 2392 3705 2465">
     <span class='ocr_line' id='line_1_52' title="bbox 2138 2392 3705 2465; baseline 0.002 -21"><span class='ocrx_word' id='word_1_405' title='bbox 2138 2393 2274 2463; x_wconf 84' lang='grc' dir='ltr'>πρὸς</span> <span class='ocrx_word' id='word_1_406' title='bbox 2306 2393 2468 2445; x_wconf 86' lang='grc' dir='ltr'>αὐτόν</span> <span class='ocrx_word' id='word_1_407' title='bbox 2490 2408 2502 2420; x_wconf 77' lang='grc'><strong>⁸</strong></span> <span class='ocrx_word' id='word_1_408' title='bbox 2537 2393 2675 2446; x_wconf 84' lang='grc' dir='ltr'>Τάδε</span> <span class='ocrx_word' id='word_1_409' title='bbox 2711 2394 2858 2461; x_wconf 86' lang='grc' dir='ltr'>λέγει</span> <span class='ocrx_word' id='word_1_410' title='bbox 2889 2392 3091 2464; x_wconf 87' lang='grc' dir='ltr'>Κύριος</span> <span class='ocrx_word' id='word_1_411' title='bbox 3120 2395 3512 2465; x_wconf 82' lang='grc' dir='ltr'>παντοκράτωρ</span> <span class='ocrx_word' id='word_1_412' title='bbox 3537 2411 3549 2421; x_wconf 67' lang='grc'><strong><em>⁸</em></strong></span> <span class='ocrx_word' id='word_1_413' title='bbox 3590 2394 3705 2447; x_wconf 66' lang='grc' dir='ltr'>Ἰδοὺ</span> 
     </span>
    </p>
   </div>
   <div class='ocr_carea' id='block_1_53' title="bbox 2136 2476 3705 2555">
    <p class='ocr_par' dir='ltr' id='par_1_53' title="bbox 2136 2476 3705 2555">
     <span class='ocr_line' id='line_1_53' title="bbox 2136 2476 3705 2555; baseline -0.017 10"><span class='ocrx_word' id='word_1_414' title='bbox 2136 2484 2293 2555; x_wconf 68' lang='grc' dir='ltr'><strong>ἀνὴρ’</strong></span> <span class='ocrx_word' id='word_1_415' title='bbox 2337 2484 2593 2555; x_wconf 60' lang='grc' dir='ltr'><strong>Ἀνατολὴ</strong></span> <span class='ocrx_word' id='word_1_416' title='bbox 2622 2484 2790 2554; x_wconf 64' lang='grc' dir='ltr'>ὄνομα</span> <span class='ocrx_word' id='word_1_417' title='bbox 2823 2476 2990 2555; x_wconf 69' lang='grc' dir='ltr'>αὐτῷ,</span> <span class='ocrx_word' id='word_1_418' title='bbox 3030 2487 3123 2538; x_wconf 76' lang='grc' dir='ltr'><strong>καὶ</strong></span> <span class='ocrx_word' id='word_1_419' title='bbox 3170 2486 3522 2540; x_wconf 77' lang='grc' dir='ltr'>ὑποκάτωθεν</span> <span class='ocrx_word' id='word_1_420' title='bbox 3552 2489 3705 2540; x_wconf 73' lang='grc' dir='ltr'>αὐτοῦ</span> 
     </span>
    </p>
   </div>
   <div class='ocr_carea' id='block_1_54' title="bbox 2137 2573 3709 2650">
    <p class='ocr_par' dir='ltr' id='par_1_54' title="bbox 2137 2573 3709 2650">
     <span class='ocr_line' id='line_1_54' title="bbox 2137 2573 3709 2650; baseline 0.004 -22"><span class='ocrx_word' id='word_1_421' title='bbox 2137 2576 2410 2640; x_wconf 88' lang='grc' dir='ltr'>ἀνατελεῖ,</span> <span class='ocrx_word' id='word_1_422' title='bbox 2464 2578 2557 2629; x_wconf 70' lang='grc' dir='ltr'>καὶ</span> <span class='ocrx_word' id='word_1_423' title='bbox 2609 2577 2953 2647; x_wconf 83' lang='grc' dir='ltr'>οἰκοδομήσει</span> <span class='ocrx_word' id='word_1_424' title='bbox 2992 2577 3082 2630; x_wconf 74' lang='grc' dir='ltr'>τὸν</span> <span class='ocrx_word' id='word_1_425' title='bbox 3127 2573 3274 2631; x_wconf 83' lang='grc' dir='ltr'>οἰκον</span> <span class='ocrx_word' id='word_1_426' title='bbox 3331 2579 3573 2650; x_wconf 80' lang='grc' dir='ltr'>Κυρίου’</span> <span class='ocrx_word' id='word_1_427' title='bbox 3629 2584 3709 2634; x_wconf 80' lang='grc' dir='ltr'><strong>καί</strong></span> 
     </span>
    </p>
   </div>
   <div class='ocr_carea' id='block_1_55' title="bbox 2137 2668 3709 2739">
    <p class='ocr_par' dir='ltr' id='par_1_55' title="bbox 2137 2668 3709 2739">
     <span class='ocr_line' id='line_1_55' title="bbox 2137 2668 3709 2739; baseline 0 -18"><span class='ocrx_word' id='word_1_428' title='bbox 2137 2669 2298 2731; x_wconf 82' lang='grc' dir='ltr'>αὐτὸς</span> <span class='ocrx_word' id='word_1_429' title='bbox 2317 2668 2542 2738; x_wconf 73' lang='grc' dir='ltr'>λήψεται</span> <span class='ocrx_word' id='word_1_430' title='bbox 2573 2669 2794 2739; x_wconf 83' lang='grc' dir='ltr'>ἀρετὴν,</span> <span class='ocrx_word' id='word_1_431' title='bbox 2822 2670 2913 2721; x_wconf 75' lang='grc' dir='ltr'><strong>καὶ</strong></span> <span class='ocrx_word' id='word_1_432' title='bbox 2934 2668 3201 2721; x_wconf 84' lang='grc' dir='ltr'>καθιεῖται</span> <span class='ocrx_word' id='word_1_433' title='bbox 3227 2670 3319 2722; x_wconf 70' lang='grc' dir='ltr'><strong>καὶ</strong></span> <span class='ocrx_word' id='word_1_434' title='bbox 3341 2670 3599 2739; x_wconf 79' lang='grc' dir='ltr'>κατάρξει</span> <span class='ocrx_word' id='word_1_435' title='bbox 3629 2670 3709 2722; x_wconf 69' lang='grc' dir='ltr'>ἐπὶ</span> 
     </span>
    </p>
   </div>
   <div class='ocr_carea' id='block_1_56' title="bbox 2141 2758 3709 2829">
    <p class='ocr_par' dir='ltr' id='par_1_56' title="bbox 2141 2758 3709 2829">
     <span class='ocr_line' id='line_1_56' title="bbox 2141 2758 3709 2829; baseline 0.001 -19"><span class='ocrx_word' id='word_1_436' title='bbox 2141 2758 2331 2828; x_wconf 87' lang='grc' dir='ltr'>θρόνου</span> <span class='ocrx_word' id='word_1_437' title='bbox 2372 2758 2576 2811; x_wconf 66' lang='grc' dir='ltr'>αὐτοῦ’</span> <span class='ocrx_word' id='word_1_438' title='bbox 2633 2760 2724 2811; x_wconf 79' lang='grc' dir='ltr'><strong>καί</strong></span> <span class='ocrx_word' id='word_1_439' title='bbox 2771 2758 2924 2809; x_wconf 82' lang='grc' dir='ltr'>ἔσται</span> <span class='ocrx_word' id='word_1_440' title='bbox 2977 2759 3005 2809; x_wconf 98' lang='lat'><strong>6</strong></span> <span class='ocrx_word' id='word_1_441' title='bbox 3056 2759 3234 2829; x_wconf 81' lang='grc' dir='ltr'>ἰερεὺς</span> <span class='ocrx_word' id='word_1_442' title='bbox 3280 2760 3343 2812; x_wconf 90' lang='grc' dir='ltr'><strong>ἐκ</strong></span> <span class='ocrx_word' id='word_1_443' title='bbox 3378 2759 3587 2823; x_wconf 78' lang='grc' dir='ltr'>δεξιῶν,</span> <span class='ocrx_word' id='word_1_444' title='bbox 3627 2762 3709 2812; x_wconf 77' lang='grc' dir='ltr'><strong>καὶ</strong></span> 
     </span>
    </p>
   </div>
   <div class='ocr_carea' id='block_1_57' title="bbox 2144 2848 3710 2921">
    <p class='ocr_par' dir='ltr' id='par_1_57' title="bbox 2144 2848 3710 2921">
     <span class='ocr_line' id='line_1_57' title="bbox 2144 2848 3710 2921; baseline 0.001 -19"><span class='ocrx_word' id='word_1_445' title='bbox 2144 2848 2305 2919; x_wconf 85' lang='grc' dir='ltr'>βουλὴ</span> <span class='ocrx_word' id='word_1_446' title='bbox 2357 2850 2606 2920; x_wconf 77' lang='grc' dir='ltr'>εἰρηνικὴ</span> <span class='ocrx_word' id='word_1_447' title='bbox 2656 2849 2808 2901; x_wconf 77' lang='grc' dir='ltr'>ἔσται</span> <span class='ocrx_word' id='word_1_448' title='bbox 2857 2850 3129 2919; x_wconf 83' lang='grc' dir='ltr'>ἀναμέσον</span> <span class='ocrx_word' id='word_1_449' title='bbox 3176 2852 3536 2921; x_wconf 56' lang='grc' dir='ltr'>ἀμφοτέρων</span> <span class='ocrx_word' id='word_1_450' title='bbox 3593 2853 3619 2904; x_wconf 81' lang='lat'><strong>6</strong></span> <span class='ocrx_word' id='word_1_451' title='bbox 3661 2852 3710 2905; x_wconf 73' lang='grc' dir='ltr'>δὲ</span> 
     </span>
    </p>
   </div>
   <div class='ocr_carea' id='block_1_58' title="bbox 2144 2942 3712 3014">
    <p class='ocr_par' dir='ltr' id='par_1_58' title="bbox 2144 2942 3712 3014">
     <span class='ocr_line' id='line_1_58' title="bbox 2144 2942 3712 3014; baseline 0.001 -20"><span class='ocrx_word' id='word_1_452' title='bbox 2144 2942 2403 3010; x_wconf 84' lang='grc' dir='ltr'>στέφανος</span> <span class='ocrx_word' id='word_1_453' title='bbox 2448 2942 2601 2993; x_wconf 78' lang='grc' dir='ltr'>ἔσται</span> <span class='ocrx_word' id='word_1_454' title='bbox 2632 2943 2744 3003; x_wconf 89' lang='grc' dir='ltr'>τοῖς</span> <span class='ocrx_word' id='word_1_455' title='bbox 2780 2942 3111 3011; x_wconf 85' lang='grc' dir='ltr'>ὑπομένουσι</span> <span class='ocrx_word' id='word_1_456' title='bbox 3144 2942 3237 2994; x_wconf 75' lang='grc' dir='ltr'><strong>καὶ</strong></span> <span class='ocrx_word' id='word_1_457' title='bbox 3275 2946 3387 3006; x_wconf 82' lang='grc' dir='ltr'>τοῖς</span> <span class='ocrx_word' id='word_1_458' title='bbox 3435 2944 3712 3014; x_wconf 71' lang='grc' dir='ltr'>χρησίμοις</span> 
     </span>
    </p>
   </div>
   <div class='ocr_carea' id='block_1_59' title="bbox 2142 3030 3711 3103">
    <p class='ocr_par' dir='ltr' id='par_1_59' title="bbox 2142 3030 3711 3103">
     <span class='ocr_line' id='line_1_59' title="bbox 2142 3030 3711 3103; baseline 0.001 -19"><span class='ocrx_word' id='word_1_459' title='bbox 2142 3032 2311 3101; x_wconf 82' lang='grc' dir='ltr'>αὐτῆς</span> <span class='ocrx_word' id='word_1_460' title='bbox 2343 3030 2435 3083; x_wconf 73' lang='grc' dir='ltr'><strong>καὶ</strong></span> <span class='ocrx_word' id='word_1_461' title='bbox 2468 3033 2580 3092; x_wconf 87' lang='grc' dir='ltr'>τοῖς</span> <span class='ocrx_word' id='word_1_462' title='bbox 2622 3031 2987 3097; x_wconf 84' lang='grc' dir='ltr'>ἐπεγνωκόσιν</span> <span class='ocrx_word' id='word_1_463' title='bbox 3036 3030 3240 3100; x_wconf 75' lang='grc' dir='ltr'>αὐτήνο</span> <span class='ocrx_word' id='word_1_464' title='bbox 3277 3033 3370 3085; x_wconf 78' lang='grc' dir='ltr'><strong>καὶ</strong></span> <span class='ocrx_word' id='word_1_465' title='bbox 3405 3036 3485 3095; x_wconf 83' lang='grc' dir='ltr'><strong>είς</strong></span> <span class='ocrx_word' id='word_1_466' title='bbox 3530 3034 3711 3103; x_wconf 77' lang='grc' dir='ltr'>χάριτα</span> 
     </span>
    </p>
   </div>
   <div class='ocr_carea' id='block_1_60' title="bbox 461 3121 2041 3195">
    <p class='ocr_par' dir='ltr' id='par_1_60' title="bbox 461 3122 2041 3193">
     <span class='ocr_line' id='line_1_60' title="bbox 461 3122 2041 3193; baseline 0.003 -20"><span class='ocrx_word' id='word_1_467' title='bbox 461 3124 594 3175; x_wconf 88' lang='lat' dir='ltr'><strong>bunt</strong></span> <span class='ocrx_word' id='word_1_468' title='bbox 646 3122 702 3175; x_wconf 92' lang='lat' dir='ltr'><strong>in</strong></span> <span class='ocrx_word' id='word_1_469' title='bbox 753 3122 916 3176; x_wconf 90' lang='lat' dir='ltr'><strong>domo</strong></span> <span class='ocrx_word' id='word_1_470' title='bbox 958 3123 1216 3179; x_wconf 86' lang='lat' dir='ltr'><strong>Domini:</strong></span> <span class='ocrx_word' id='word_1_471' title='bbox 1259 3133 1315 3177; x_wconf 90' lang='lat' dir='ltr'><strong>et</strong></span> <span class='ocrx_word' id='word_1_472' title='bbox 1360 3124 1548 3179; x_wconf 87' lang='lat' dir='ltr'><strong>scietis</strong></span> <span class='ocrx_word' id='word_1_473' title='bbox 1608 3124 1735 3193; x_wconf 88' lang='lat' dir='ltr'><strong>quia</strong></span> <span class='ocrx_word' id='word_1_474' title='bbox 1780 3123 2041 3178; x_wconf 86' lang='lat' dir='ltr'><strong>Dominus</strong></span> 
     </span>
    </p>
   </div>
   <div class='ocr_carea' id='block_1_61' title="bbox 2149 3121 3711 3195">
    <p class='ocr_par' dir='ltr' id='par_1_61' title="bbox 2149 3121 3711 3192">
     <span class='ocr_line' id='line_1_61' title="bbox 2149 3121 3711 3192; baseline 0.001 -18"><span class='ocrx_word' id='word_1_475' title='bbox 2149 3122 2262 3175; x_wconf 86' lang='grc' dir='ltr'>υίοῦ</span> <span class='ocrx_word' id='word_1_476' title='bbox 2290 3122 2565 3190; x_wconf 77' lang='grc' dir='ltr'>Σοφονίου,</span> <span class='ocrx_word' id='word_1_477' title='bbox 2602 3122 2695 3173; x_wconf 75' lang='grc' dir='ltr'><strong>καὶ</strong></span> <span class='ocrx_word' id='word_1_478' title='bbox 2734 3122 2815 3183; x_wconf 84' lang='grc' dir='ltr'><strong>εἰς</strong></span> <span class='ocrx_word' id='word_1_479' title='bbox 2858 3121 3072 3191; x_wconf 66' lang='grc' dir='ltr'>ψαλμὸν</span> <span class='ocrx_word' id='word_1_480' title='bbox 3102 3122 3237 3192; x_wconf 80' lang='grc' dir='ltr'>οἴκῳ</span> <span class='ocrx_word' id='word_1_481' title='bbox 3269 3123 3482 3192; x_wconf 83' lang='grc' dir='ltr'>Κυρίου</span> <span class='ocrx_word' id='word_1_482' title='bbox 3504 3139 3519 3152; x_wconf 81' lang='lat'><strong><em>°</em></strong></span> <span class='ocrx_word' id='word_1_483' title='bbox 3562 3125 3647 3175; x_wconf 75' lang='grc' dir='ltr'><strong>καὶ</strong></span> <span class='ocrx_word' id='word_1_484' title='bbox 3669 3126 3711 3175; x_wconf 84' lang='grc' dir='ltr'>οἱ</span> 
     </span>
    </p>
   </div>
   <div class='ocr_carea' id='block_1_62' title="bbox 460 3214 2040 3282">
    <p class='ocr_par' dir='ltr' id='par_1_62' title="bbox 460 3214 2040 3282">
     <span class='ocr_line' id='line_1_62' title="bbox 460 3214 2040 3282; baseline 0.003 -16"><span class='ocrx_word' id='word_1_485' title='bbox 460 3214 808 3282; x_wconf 88' lang='lat' dir='ltr'><strong>omnipotens</strong></span> <span class='ocrx_word' id='word_1_486' title='bbox 849 3215 997 3271; x_wconf 89' lang='lat' dir='ltr'><strong>misit</strong></span> <span class='ocrx_word' id='word_1_487' title='bbox 1023 3232 1108 3269; x_wconf 89' lang='lat' dir='ltr'><strong>me</strong></span> <span class='ocrx_word' id='word_1_488' title='bbox 1132 3215 1200 3269; x_wconf 90' lang='lat' dir='ltr'><strong>ad</strong></span> <span class='ocrx_word' id='word_1_489' title='bbox 1229 3230 1347 3271; x_wconf 90' lang='lat' dir='ltr'><strong>vos.</strong></span> <span class='ocrx_word' id='word_1_490' title='bbox 1387 3215 1452 3268; x_wconf 85' lang='lat' dir='ltr'><strong>Et</strong></span> <span class='ocrx_word' id='word_1_491' title='bbox 1498 3216 1622 3281; x_wconf 89' lang='lat' dir='ltr'><strong>erit,</strong></span> <span class='ocrx_word' id='word_1_492' title='bbox 1646 3217 1693 3270; x_wconf 90' lang='lat' dir='ltr'><strong>si</strong></span> <span class='ocrx_word' id='word_1_493' title='bbox 1742 3217 2040 3271; x_wconf 64' lang='lat' dir='ltr'><strong>exaudienv</strong></span> 
     </span>
    </p>
   </div>
   <div class='ocr_carea' id='block_1_63' title="bbox 462 3304 1797 3361">
    <p class='ocr_par' dir='ltr' id='par_1_63' title="bbox 462 3304 1797 3361">
     <span class='ocr_line' id='line_1_63' title="bbox 462 3304 1797 3361; baseline 0.001 -6"><span class='ocrx_word' id='word_1_494' title='bbox 462 3312 542 3356; x_wconf 91' lang='lat' dir='ltr'><strong>tes</strong></span> <span class='ocrx_word' id='word_1_495' title='bbox 568 3304 922 3358; x_wconf 80' lang='lat' dir='ltr'><strong>exaudierilis</strong></span> <span class='ocrx_word' id='word_1_496' title='bbox 953 3321 1140 3360; x_wconf 81' lang='lat' dir='ltr'><strong>vorem</strong></span> <span class='ocrx_word' id='word_1_497' title='bbox 1176 3304 1391 3360; x_wconf 92' lang='lat' dir='ltr'><strong>Domini</strong></span> <span class='ocrx_word' id='word_1_498' title='bbox 1429 3306 1520 3361; x_wconf 90' lang='lat' dir='ltr'><strong>Dei</strong></span> <span class='ocrx_word' id='word_1_499' title='bbox 1552 3306 1745 3360; x_wconf 83' lang='lat' dir='ltr'><strong>vestri.</strong></span> <span class='ocrx_word' id='word_1_500' title='bbox 1778 3325 1797 3357; x_wconf 79' lang='grc' dir='ltr'><strong>ι</strong></span> 
     </span>
    </p>
   </div>
   <div class='ocr_carea' id='block_1_64' title="bbox 2152 3212 3713 3285">
    <p class='ocr_par' dir='ltr' id='par_1_64' title="bbox 2152 3212 3713 3285">
     <span class='ocr_line' id='line_1_64' title="bbox 2152 3212 3713 3285; baseline 0.001 -19"><span class='ocrx_word' id='word_1_501' title='bbox 2152 3214 2368 3284; x_wconf 77' lang='grc' dir='ltr'>μακρὰν</span> <span class='ocrx_word' id='word_1_502' title='bbox 2413 3214 2508 3267; x_wconf 85' lang='grc' dir='ltr'><strong>ἀπ’</strong></span> <span class='ocrx_word' id='word_1_503' title='bbox 2542 3212 2721 3267; x_wconf 81' lang='grc' dir='ltr'>αὐτῶν</span> <span class='ocrx_word' id='word_1_504' title='bbox 2764 3212 2978 3281; x_wconf 77' lang='grc' dir='ltr'>ἥξουσι,</span> <span class='ocrx_word' id='word_1_505' title='bbox 3034 3212 3109 3283; x_wconf 91' lang='lat' dir='ltr'><strong>(p.</strong></span> <span class='ocrx_word' id='word_1_506' title='bbox 3146 3213 3272 3274; x_wconf 74' lang='grc'><strong>478)</strong></span> <span class='ocrx_word' id='word_1_507' title='bbox 3310 3216 3405 3267; x_wconf 78' lang='grc' dir='ltr'><strong>καὶ</strong></span> <span class='ocrx_word' id='word_1_508' title='bbox 3446 3217 3713 3285; x_wconf 75' lang='grc' dir='ltr'>οἰκοδομή-</span> 
     </span>
    </p>
   </div>
   <div class='ocr_carea' id='block_1_65' title="bbox 2151 3304 3713 3375">
    <p class='ocr_par' dir='ltr' id='par_1_65' title="bbox 2151 3304 3713 3375">
     <span class='ocr_line' id='line_1_65' title="bbox 2151 3304 3713 3375; baseline 0.001 -18"><span class='ocrx_word' id='word_1_509' title='bbox 2151 3322 2335 3358; x_wconf 90' lang='grc' dir='ltr'>σουσιν</span> <span class='ocrx_word' id='word_1_510' title='bbox 2383 3306 2441 3357; x_wconf 86' lang='grc' dir='ltr'><strong>ἐν</strong></span> <span class='ocrx_word' id='word_1_511' title='bbox 2491 3305 2568 3375; x_wconf 80' lang='grc' dir='ltr'>τῷ</span> <span class='ocrx_word' id='word_1_512' title='bbox 2607 3306 2737 3375; x_wconf 83' lang='grc' dir='ltr'>οἴκῳ</span> <span class='ocrx_word' id='word_1_513' title='bbox 2772 3304 2979 3374; x_wconf 86' lang='grc' dir='ltr'>Κυρίου</span> <span class='ocrx_word' id='word_1_514' title='bbox 3003 3320 3017 3334; x_wconf 76' lang='grc' dir='ltr'><strong>ο</strong></span> <span class='ocrx_word' id='word_1_515' title='bbox 3068 3305 3161 3357; x_wconf 77' lang='grc' dir='ltr'><strong>καὶ</strong></span> <span class='ocrx_word' id='word_1_516' title='bbox 3197 3304 3472 3373; x_wconf 84' lang='grc' dir='ltr'>γνώσεσθε</span> <span class='ocrx_word' id='word_1_517' title='bbox 3510 3309 3591 3359; x_wconf 79' lang='grc' dir='ltr'><strong>ὅτι</strong></span> <span class='ocrx_word' id='word_1_518' title='bbox 3618 3308 3713 3360; x_wconf 60' lang='grc' dir='ltr'>κιο</span> 
     </span>
    </p>
   </div>
   <div class='ocr_carea' id='block_1_66' title="bbox 465 3394 3711 3470">
    <p class='ocr_par' dir='ltr' id='par_1_66' title="bbox 465 3394 3711 3470">
     <span class='ocr_line' id='line_1_66' title="bbox 465 3394 3711 3470; baseline 0.002 -25"><span class='ocrx_word' id='word_1_519' title='bbox 465 3410 581 3464; x_wconf 88' lang='grc' dir='ltr'>ριος</span> <span class='ocrx_word' id='word_1_520' title='bbox 633 3396 1028 3467; x_wconf 84' lang='grc' dir='ltr'>παντοκράτωρ</span> <span class='ocrx_word' id='word_1_521' title='bbox 1080 3396 1390 3451; x_wconf 85' lang='grc' dir='ltr'>ἁπέσταλκέ</span> <span class='ocrx_word' id='word_1_522' title='bbox 1427 3414 1493 3470; x_wconf 80' lang='grc' dir='ltr'><strong>με</strong></span> <span class='ocrx_word' id='word_1_523' title='bbox 1547 3394 1683 3465; x_wconf 78' lang='grc' dir='ltr'>πρὸς</span> <span class='ocrx_word' id='word_1_524' title='bbox 1736 3398 1913 3466; x_wconf 81' lang='grc' dir='ltr'>ὑμᾶς·</span> <span class='ocrx_word' id='word_1_525' title='bbox 1967 3397 2064 3449; x_wconf 73' lang='grc' dir='ltr'><strong>καὶ</strong></span> <span class='ocrx_word' id='word_1_526' title='bbox 2112 3397 2264 3450; x_wconf 83' lang='grc' dir='ltr'>ἔσται</span> <span class='ocrx_word' id='word_1_527' title='bbox 2308 3396 2403 3449; x_wconf 84' lang='grc' dir='ltr'><strong>ἐάν</strong></span> <span class='ocrx_word' id='word_1_528' title='bbox 2441 3397 2727 3459; x_wconf 81' lang='grc' dir='ltr'>ἀκούοντες</span> <span class='ocrx_word' id='word_1_529' title='bbox 2763 3394 3118 3468; x_wconf 82' lang='grc' dir='ltr'>εἰσακούσητε</span> <span class='ocrx_word' id='word_1_530' title='bbox 3159 3396 3259 3465; x_wconf 75' lang='grc' dir='ltr'>τῆς</span> <span class='ocrx_word' id='word_1_531' title='bbox 3304 3401 3487 3467; x_wconf 65' lang='grc' dir='ltr'>φωνῆς</span> <span class='ocrx_word' id='word_1_532' title='bbox 3526 3400 3711 3464; x_wconf 73' lang='grc' dir='ltr'>Κυρῗου</span> 
     </span>
    </p>
   </div>
   <div class='ocr_carea' id='block_1_67' title="bbox 463 3484 983 3557">
    <p class='ocr_par' dir='ltr' id='par_1_67' title="bbox 463 3484 983 3557">
     <span class='ocr_line' id='line_1_67' title="bbox 463 3484 983 3557; baseline 0.008 -19"><span class='ocrx_word' id='word_1_533' title='bbox 463 3484 555 3539; x_wconf 85' lang='grc' dir='ltr'><strong>τοῦ</strong></span> <span class='ocrx_word' id='word_1_534' title='bbox 589 3487 721 3539; x_wconf 86' lang='grc' dir='ltr'>Θεοῦ</span> <span class='ocrx_word' id='word_1_535' title='bbox 752 3488 925 3557; x_wconf 84' lang='grc' dir='ltr'>ὑμῶν.</span> <span class='ocrx_word' id='word_1_536' title='bbox 964 3508 983 3541; x_wconf 74' lang='grc' dir='ltr'><strong>ι</strong></span> 
     </span>
    </p>
   </div>
   <div class='ocr_carea' id='block_1_68' title="bbox 536 3574 2048 3650">
    <p class='ocr_par' dir='ltr' id='par_1_68' title="bbox 536 3574 2048 3650">
     <span class='ocr_line' id='line_1_68' title="bbox 536 3574 2048 3650; baseline 0.004 -23"><span class='ocrx_word' id='word_1_537' title='bbox 536 3574 1004 3639; x_wconf 87' lang='lat' dir='ltr'><strong>Quemadmodum</strong></span> <span class='ocrx_word' id='word_1_538' title='bbox 1050 3597 1180 3635; x_wconf 82' lang='lat' dir='ltr'><strong>vero</strong></span> <span class='ocrx_word' id='word_1_539' title='bbox 1216 3582 1407 3637; x_wconf 87' lang='lat' dir='ltr'><strong>beatus</strong></span> <span class='ocrx_word' id='word_1_540' title='bbox 1458 3580 1673 3650; x_wconf 74' lang='lat' dir='ltr'><strong>Moyses</strong></span> <span class='ocrx_word' id='word_1_541' title='bbox 1716 3580 1953 3650; x_wconf 69' lang='lat' dir='ltr'><strong>Aigypto</strong></span> <span class='ocrx_word' id='word_1_542' title='bbox 1989 3596 2048 3634; x_wconf 61' lang='lat' dir='ltr'><strong>eo</strong></span> 
     </span>
    </p>
   </div>
   <div class='ocr_carea' id='block_1_69' title="bbox 466 3666 2049 3741">
    <p class='ocr_par' dir='ltr' id='par_1_69' title="bbox 466 3666 2049 3741">
     <span class='ocr_line' id='line_1_69' title="bbox 466 3666 2049 3741; baseline 0.003 -22"><span class='ocrx_word' id='word_1_543' title='bbox 466 3680 712 3735; x_wconf 87' lang='lat' dir='ltr'><strong>gressus,</strong></span> <span class='ocrx_word' id='word_1_544' title='bbox 745 3666 931 3722; x_wconf 87' lang='lat' dir='ltr'><strong>divino</strong></span> <span class='ocrx_word' id='word_1_545' title='bbox 961 3670 1118 3737; x_wconf 85' lang='lat' dir='ltr'><strong>jussu</strong></span> <span class='ocrx_word' id='word_1_546' title='bbox 1156 3672 1365 3740; x_wconf 88' lang='lat' dir='ltr'><strong>accepit</strong></span> <span class='ocrx_word' id='word_1_547' title='bbox 1399 3687 1428 3724; x_wconf 90' lang='lat' dir='ltr'><strong>a</strong></span> <span class='ocrx_word' id='word_1_548' title='bbox 1474 3672 1674 3741; x_wconf 86' lang='lat' dir='ltr'><strong>p0pulo</strong></span> <span class='ocrx_word' id='word_1_549' title='bbox 1706 3687 1825 3739; x_wconf 76' lang='lat' dir='ltr'><strong>qure</strong></span> <span class='ocrx_word' id='word_1_550' title='bbox 1853 3669 1921 3723; x_wconf 90' lang='lat' dir='ltr'><strong>ad</strong></span> <span class='ocrx_word' id='word_1_551' title='bbox 1962 3680 2049 3724; x_wconf 77' lang='lat' dir='ltr'><strong>ta-</strong></span> 
     </span>
    </p>
   </div>
   <div class='ocr_carea' id='block_1_70' title="bbox 466 3756 2049 3833">
    <p class='ocr_par' dir='ltr' id='par_1_70' title="bbox 466 3756 2049 3833">
     <span class='ocr_line' id='line_1_70' title="bbox 466 3756 2049 3833; baseline 0.002 -20"><span class='ocrx_word' id='word_1_552' title='bbox 466 3756 749 3813; x_wconf 86' lang='lat' dir='ltr'><strong>bernaculi</strong></span> <span class='ocrx_word' id='word_1_553' title='bbox 799 3760 1085 3814; x_wconf 64' lang='lat' dir='ltr'><strong>aediﬁcium</strong></span> <span class='ocrx_word' id='word_1_554' title='bbox 1134 3772 1503 3833; x_wconf 88' lang='lat' dir='ltr'><strong>ornatumque</strong></span> <span class='ocrx_word' id='word_1_555' title='bbox 1548 3762 1925 3826; x_wconf 78' lang='lat' dir='ltr'><strong>conferebant,</strong></span> <span class='ocrx_word' id='word_1_556' title='bbox 1975 3763 2049 3816; x_wconf 88' lang='lat' dir='ltr'><strong>ita</strong></span> 
     </span>
    </p>
   </div>
   <div class='ocr_carea' id='block_1_71' title="bbox 469 3847 2050 3923">
    <p class='ocr_par' dir='ltr' id='par_1_71' title="bbox 469 3847 2050 3923">
     <span class='ocr_line' id='line_1_71' title="bbox 469 3847 2050 3923; baseline 0.003 -20"><span class='ocrx_word' id='word_1_557' title='bbox 469 3847 659 3905; x_wconf 88' lang='lat' dir='ltr'><strong>beatus</strong></span> <span class='ocrx_word' id='word_1_558' title='bbox 692 3866 909 3921; x_wconf 89' lang='lat' dir='ltr'><strong>quoque</strong></span> <span class='ocrx_word' id='word_1_559' title='bbox 937 3852 1101 3922; x_wconf 81' lang='lat'><strong>319</strong></span> <span class='ocrx_word' id='word_1_560' title='bbox 1122 3852 1417 3909; x_wconf 86' lang='lat' dir='ltr'><strong>Zacharias</strong></span> <span class='ocrx_word' id='word_1_561' title='bbox 1455 3854 1681 3921; x_wconf 84' lang='lat' dir='ltr'><strong>jubetur</strong></span> <span class='ocrx_word' id='word_1_562' title='bbox 1729 3854 1982 3923; x_wconf 74' lang='lat' dir='ltr'><strong>accipere</strong></span> <span class='ocrx_word' id='word_1_563' title='bbox 2019 3868 2050 3907; x_wconf 89' lang='lat' dir='ltr'><strong>a</strong></span> 
     </span>
    </p>
   </div>
   <div class='ocr_carea' id='block_1_72' title="bbox 468 3938 2045 4014">
    <p class='ocr_par' dir='ltr' id='par_1_72' title="bbox 468 3938 2045 4014">
     <span class='ocr_line' id='line_1_72' title="bbox 468 3938 2045 4014; baseline 0.004 -23"><span class='ocrx_word' id='word_1_564' title='bbox 468 3938 767 3995; x_wconf 87' lang='lat' dir='ltr'><strong>reducibus</strong></span> <span class='ocrx_word' id='word_1_565' title='bbox 806 3940 873 3995; x_wconf 92' lang='lat' dir='ltr'><strong>de</strong></span> <span class='ocrx_word' id='word_1_566' title='bbox 921 3942 1257 4010; x_wconf 88' lang='lat' dir='ltr'><strong>captivitate,</strong></span> <span class='ocrx_word' id='word_1_567' title='bbox 1306 3944 1421 3998; x_wconf 89' lang='lat' dir='ltr'><strong>sive</strong></span> <span class='ocrx_word' id='word_1_568' title='bbox 1474 3944 1727 4009; x_wconf 90' lang='lat' dir='ltr'><strong>ducibus,</strong></span> <span class='ocrx_word' id='word_1_569' title='bbox 1756 3943 1869 3999; x_wconf 86' lang='lat' dir='ltr'><strong>sive</strong></span> <span class='ocrx_word' id='word_1_570' title='bbox 1907 3959 2045 4014; x_wconf 83' lang='lat' dir='ltr'><strong>quo-</strong></span> 
     </span>
    </p>
   </div>
   <div class='ocr_carea' id='block_1_73' title="bbox 471 4030 2046 4105">
    <p class='ocr_par' dir='ltr' id='par_1_73' title="bbox 471 4030 2046 4105">
     <span class='ocr_line' id='line_1_73' title="bbox 471 4030 2046 4105; baseline 0.004 -22"><span class='ocrx_word' id='word_1_571' title='bbox 471 4030 769 4087; x_wconf 86' lang='lat' dir='ltr'><strong>modolibet</strong></span> <span class='ocrx_word' id='word_1_572' title='bbox 808 4033 1091 4105; x_wconf 86' lang='lat' dir='ltr'><strong>largiendo</strong></span> <span class='ocrx_word' id='word_1_573' title='bbox 1132 4034 1342 4091; x_wconf 89' lang='lat' dir='ltr'><strong>idoneis</strong></span> <span class='ocrx_word' id='word_1_574' title='bbox 1362 4076 1377 4099; x_wconf 93' lang='lat'><strong>,</strong></span> <span class='ocrx_word' id='word_1_575' title='bbox 1413 4036 1522 4091; x_wconf 93' lang='lat' dir='ltr'><strong>imo</strong></span> <span class='ocrx_word' id='word_1_576' title='bbox 1553 4038 1623 4092; x_wconf 91' lang='lat' dir='ltr'><strong>ab</strong></span> <span class='ocrx_word' id='word_1_577' title='bbox 1654 4037 1925 4091; x_wconf 87' lang='lat' dir='ltr'><strong>universis</strong></span> <span class='ocrx_word' id='word_1_578' title='bbox 1952 4036 2046 4105; x_wconf 89' lang='lat' dir='ltr'><strong>qui</strong></span> 
     </span>
    </p>
   </div>
   <div class='ocr_carea' id='block_1_74' title="bbox 474 4126 2043 4198">
    <p class='ocr_par' dir='ltr' id='par_1_74' title="bbox 474 4126 2043 4198">
     <span class='ocr_line' id='line_1_74' title="bbox 474 4126 2043 4198; baseline 0.006 -23"><span class='ocrx_word' id='word_1_579' title='bbox 474 4126 703 4191; x_wconf 87' lang='lat' dir='ltr'><strong>patriam</strong></span> <span class='ocrx_word' id='word_1_580' title='bbox 738 4137 1215 4194; x_wconf 84' lang='lat' dir='ltr'><strong>recuperaverant.</strong></span> <span class='ocrx_word' id='word_1_581' title='bbox 1256 4126 1556 4198; x_wconf 81' lang='lat' dir='ltr'><strong>Optimates</strong></span> <span class='ocrx_word' id='word_1_582' title='bbox 1584 4140 1741 4184; x_wconf 71' lang='lat' dir='ltr'><strong>terra:</strong></span> <span class='ocrx_word' id='word_1_583' title='bbox 1763 4130 1896 4185; x_wconf 91' lang='lat' dir='ltr'><strong>dicit</strong></span> <span class='ocrx_word' id='word_1_584' title='bbox 1925 4145 2043 4193; x_wconf 86' lang='lat' dir='ltr'><strong>eos,</strong></span> 
     </span>
    </p>
   </div>
   <div class='ocr_carea' id='block_1_75' title="bbox 474 4214 2050 4291">
    <p class='ocr_par' dir='ltr' id='par_1_75' title="bbox 474 4214 2050 4291">
     <span class='ocr_line' id='line_1_75' title="bbox 474 4214 2050 4291; baseline 0.007 -26"><span class='ocrx_word' id='word_1_585' title='bbox 474 4214 565 4282; x_wconf 90' lang='lat' dir='ltr'><strong>qui</strong></span> <span class='ocrx_word' id='word_1_586' title='bbox 596 4216 667 4270; x_wconf 91' lang='lat' dir='ltr'><strong>ob</strong></span> <span class='ocrx_word' id='word_1_587' title='bbox 698 4231 827 4272; x_wconf 89' lang='lat' dir='ltr'><strong>suas</strong></span> <span class='ocrx_word' id='word_1_588' title='bbox 850 4217 1070 4272; x_wconf 89' lang='lat' dir='ltr'><strong>divitias</strong></span> <span class='ocrx_word' id='word_1_589' title='bbox 1113 4219 1362 4275; x_wconf 79' lang='lat' dir='ltr'><strong>conferre</strong></span> <span class='ocrx_word' id='word_1_590' title='bbox 1391 4220 1598 4291; x_wconf 88' lang='lat' dir='ltr'><strong>aliquid</strong></span> <span class='ocrx_word' id='word_1_591' title='bbox 1641 4221 1770 4275; x_wconf 83' lang='lat' dir='ltr'><strong>huic</strong></span> <span class='ocrx_word' id='word_1_592' title='bbox 1804 4222 1928 4277; x_wconf 91' lang='lat' dir='ltr'><strong>usui</strong></span> <span class='ocrx_word' id='word_1_593' title='bbox 1958 4237 2050 4276; x_wconf 86' lang='lat' dir='ltr'><strong>va-</strong></span> 
     </span>
    </p>
   </div>
   <div class='ocr_carea' id='block_1_76' title="bbox 477 4306 2049 4383">
    <p class='ocr_par' dir='ltr' id='par_1_76' title="bbox 477 4306 2049 4383">
     <span class='ocr_line' id='line_1_76' title="bbox 477 4306 2049 4383; baseline 0.007 -26"><span class='ocrx_word' id='word_1_594' title='bbox 477 4306 680 4361; x_wconf 86' lang='lat' dir='ltr'><strong>lebant.</strong></span> <span class='ocrx_word' id='word_1_595' title='bbox 719 4307 1129 4378; x_wconf 85' lang='lat' dir='ltr'><strong>Cognoscentes</strong></span> <span class='ocrx_word' id='word_1_596' title='bbox 1172 4327 1300 4367; x_wconf 77' lang='lat' dir='ltr'><strong>vero</strong></span> <span class='ocrx_word' id='word_1_597' title='bbox 1332 4328 1475 4378; x_wconf 89' lang='lat' dir='ltr'><strong>eam,</strong></span> <span class='ocrx_word' id='word_1_598' title='bbox 1521 4313 1654 4367; x_wconf 88' lang='lat' dir='ltr'><strong>dicit</strong></span> <span class='ocrx_word' id='word_1_599' title='bbox 1682 4313 1774 4383; x_wconf 88' lang='lat' dir='ltr'><strong>qui</strong></span> <span class='ocrx_word' id='word_1_600' title='bbox 1801 4329 1941 4378; x_wconf 89' lang='lat' dir='ltr'><strong>eam,</strong></span> <span class='ocrx_word' id='word_1_601' title='bbox 1995 4313 2049 4368; x_wconf 88' lang='lat' dir='ltr'><strong>id</strong></span> 
     </span>
    </p>
   </div>
   <div class='ocr_carea' id='block_1_77' title="bbox 475 4400 2049 4474">
    <p class='ocr_par' dir='ltr' id='par_1_77' title="bbox 475 4400 2049 4474">
     <span class='ocr_line' id='line_1_77' title="bbox 475 4400 2049 4474; baseline 0.004 -25"><span class='ocrx_word' id='word_1_602' title='bbox 475 4405 560 4452; x_wconf 85' lang='lat' dir='ltr'><strong>est</strong></span> <span class='ocrx_word' id='word_1_603' title='bbox 594 4400 845 4467; x_wconf 89' lang='lat' dir='ltr'><strong>patriam,</strong></span> <span class='ocrx_word' id='word_1_604' title='bbox 873 4412 1354 4470; x_wconf 87' lang='lat' dir='ltr'><strong>recuperaverant,</strong></span> <span class='ocrx_word' id='word_1_605' title='bbox 1380 4419 1482 4460; x_wconf 89' lang='lat' dir='ltr'><strong>ceu</strong></span> <span class='ocrx_word' id='word_1_606' title='bbox 1525 4405 1617 4474; x_wconf 90' lang='lat' dir='ltr'><strong>qui</strong></span> <span class='ocrx_word' id='word_1_607' title='bbox 1648 4414 1846 4474; x_wconf 60' lang='lat' dir='ltr'><strong>praeter</strong></span> <span class='ocrx_word' id='word_1_608' title='bbox 1874 4420 2049 4474; x_wconf 88' lang='lat' dir='ltr'><strong>spem,</strong></span> 
     </span>
    </p>
   </div>
   <div class='ocr_carea' id='block_1_78' title="bbox 2217 3575 3715 3649">
    <p class='ocr_par' dir='ltr' id='par_1_78' title="bbox 2217 3575 3715 3649">
     <span class='ocr_line' id='line_1_78' title="bbox 2217 3575 3715 3649; baseline -0.003 -17"><span class='ocrx_word' id='word_1_609' title='bbox 2217 3579 2427 3649; x_wconf 84' lang='grc' dir='ltr'>Ὀνπερ</span> <span class='ocrx_word' id='word_1_610' title='bbox 2460 3577 2525 3648; x_wconf 83' lang='grc' dir='ltr'>δὴ</span> <span class='ocrx_word' id='word_1_611' title='bbox 2564 3580 2762 3648; x_wconf 79' lang='grc' dir='ltr'>τρόπον</span> <span class='ocrx_word' id='word_1_612' title='bbox 2786 3581 2816 3633; x_wconf 88' lang='lat'><strong>6</strong></span> <span class='ocrx_word' id='word_1_613' title='bbox 2856 3578 3124 3649; x_wconf 84' lang='grc' dir='ltr'>μακάριος</span> <span class='ocrx_word' id='word_1_614' title='bbox 3154 3578 3363 3647; x_wconf 78' lang='grc' dir='ltr'>Μωσῆς</span> <span class='ocrx_word' id='word_1_615' title='bbox 3398 3575 3715 3647; x_wconf 79' lang='grc' dir='ltr'>ἐξεληλυθὼς</span> 
     </span>
    </p>
   </div>
   <div class='ocr_carea' id='block_1_79' title="bbox 2144 3667 3715 3741">
    <p class='ocr_par' dir='ltr' id='par_1_79' title="bbox 2144 3667 3715 3741">
     <span class='ocr_line' id='line_1_79' title="bbox 2144 3667 3715 3741; baseline -0.003 -18"><span class='ocrx_word' id='word_1_616' title='bbox 2144 3672 2243 3741; x_wconf 82' lang='grc' dir='ltr'>τῆς</span> <span class='ocrx_word' id='word_1_617' title='bbox 2283 3669 2581 3737; x_wconf 80' lang='grc' dir='ltr'>Αἰγύπτου,</span> <span class='ocrx_word' id='word_1_618' title='bbox 2614 3668 2755 3722; x_wconf 82' lang='grc' dir='ltr'>κατὰ</span> <span class='ocrx_word' id='word_1_619' title='bbox 2790 3670 3118 3741; x_wconf 81' lang='grc' dir='ltr'>πρόσταγμα</span> <span class='ocrx_word' id='word_1_620' title='bbox 3148 3668 3290 3721; x_wconf 88' lang='grc' dir='ltr'>Θεῖον</span> <span class='ocrx_word' id='word_1_621' title='bbox 3338 3667 3533 3736; x_wconf 67' lang='grc' dir='ltr'>εἴληφε</span> <span class='ocrx_word' id='word_1_622' title='bbox 3585 3668 3715 3735; x_wconf 73' lang='grc' dir='ltr'>παρὰ</span> 
     </span>
    </p>
   </div>
   <div class='ocr_carea' id='block_1_80' title="bbox 2144 3756 3711 3829">
    <p class='ocr_par' dir='ltr' id='par_1_80' title="bbox 2144 3756 3711 3829">
     <span class='ocr_line' id='line_1_80' title="bbox 2144 3756 3711 3829; baseline -0.003 -17"><span class='ocrx_word' id='word_1_623' title='bbox 2144 3760 2239 3812; x_wconf 87' lang='grc' dir='ltr'><strong>τοῦ</strong></span> <span class='ocrx_word' id='word_1_624' title='bbox 2274 3758 2405 3812; x_wconf 82' lang='grc' dir='ltr'>λαοῦ</span> <span class='ocrx_word' id='word_1_625' title='bbox 2435 3758 2503 3812; x_wconf 77' lang='grc' dir='ltr'>τὰ</span> <span class='ocrx_word' id='word_1_626' title='bbox 2548 3760 2683 3829; x_wconf 87' lang='grc' dir='ltr'>πρὸς</span> <span class='ocrx_word' id='word_1_627' title='bbox 2716 3760 3065 3829; x_wconf 84' lang='grc' dir='ltr'>κατασκευήν</span> <span class='ocrx_word' id='word_1_628' title='bbox 3097 3776 3154 3810; x_wconf 91' lang='grc' dir='ltr'><strong>τε</strong></span> <span class='ocrx_word' id='word_1_629' title='bbox 3183 3759 3275 3811; x_wconf 78' lang='grc' dir='ltr'>καὶ</span> <span class='ocrx_word' id='word_1_630' title='bbox 3304 3757 3601 3827; x_wconf 78' lang='grc' dir='ltr'>εὐκοσμίαν</span> <span class='ocrx_word' id='word_1_631' title='bbox 3627 3756 3711 3824; x_wconf 70' lang='grc' dir='ltr'>τῆς</span> 
     </span>
    </p>
   </div>
   <div class='ocr_carea' id='block_1_81' title="bbox 2150 3848 3711 3921">
    <p class='ocr_par' dir='ltr' id='par_1_81' title="bbox 2150 3848 3711 3921">
     <span class='ocr_line' id='line_1_81' title="bbox 2150 3848 3711 3921; baseline -0.003 -18"><span class='ocrx_word' id='word_1_632' title='bbox 2150 3850 2357 3921; x_wconf 82' lang='grc' dir='ltr'>σκηνῆς</span> <span class='ocrx_word' id='word_1_633' title='bbox 2392 3849 2773 3913; x_wconf 73' lang='grc' dir='ltr'>συντελοῦντα,</span> <span class='ocrx_word' id='word_1_634' title='bbox 2821 3850 2913 3903; x_wconf 84' lang='grc' dir='ltr'><strong>τὸν</strong></span> <span class='ocrx_word' id='word_1_635' title='bbox 2947 3849 3110 3903; x_wconf 79' lang='grc' dir='ltr'>αὐτὸν</span> <span class='ocrx_word' id='word_1_636' title='bbox 3142 3848 3205 3917; x_wconf 80' lang='grc' dir='ltr'>δὴ</span> <span class='ocrx_word' id='word_1_637' title='bbox 3247 3850 3342 3900; x_wconf 77' lang='grc' dir='ltr'><strong>καὶ</strong></span> <span class='ocrx_word' id='word_1_638' title='bbox 3389 3850 3417 3900; x_wconf 89' lang='lat'><strong>6</strong></span> <span class='ocrx_word' id='word_1_639' title='bbox 3465 3848 3711 3917; x_wconf 80' lang='grc' dir='ltr'>μακάριος</span> 
     </span>
    </p>
   </div>
   <div class='ocr_carea' id='block_1_82' title="bbox 2151 3937 3712 4013">
    <p class='ocr_par' dir='ltr' id='par_1_82' title="bbox 2151 3937 3712 4013">
     <span class='ocr_line' id='line_1_82' title="bbox 2151 3937 3712 4013; baseline -0.005 -19"><span class='ocrx_word' id='word_1_640' title='bbox 2151 3940 2426 4013; x_wconf 83' lang='grc' dir='ltr'>Ζαχαρίας</span> <span class='ocrx_word' id='word_1_641' title='bbox 2473 3940 2749 3993; x_wconf 88' lang='grc' dir='ltr'>κελεύεται</span> <span class='ocrx_word' id='word_1_642' title='bbox 2784 3939 2934 4010; x_wconf 81' lang='grc' dir='ltr'>παρὰ</span> <span class='ocrx_word' id='word_1_643' title='bbox 2972 3938 3082 3991; x_wconf 84' lang='grc' dir='ltr'><strong>τῶν</strong></span> <span class='ocrx_word' id='word_1_644' title='bbox 3131 3938 3194 3989; x_wconf 85' lang='grc' dir='ltr'><strong>ἐκ</strong></span> <span class='ocrx_word' id='word_1_645' title='bbox 3224 3938 3323 4007; x_wconf 80' lang='grc' dir='ltr'><strong>τῆς</strong></span> <span class='ocrx_word' id='word_1_646' title='bbox 3356 3937 3712 4005; x_wconf 82' lang='grc' dir='ltr'>αἰχμαλωσίας</span> 
     </span>
    </p>
   </div>
   <div class='ocr_carea' id='block_1_83' title="bbox 2152 4026 3712 4103">
    <p class='ocr_par' dir='ltr' id='par_1_83' title="bbox 2152 4026 3712 4103">
     <span class='ocr_line' id='line_1_83' title="bbox 2152 4026 3712 4103; baseline -0.005 -17"><span class='ocrx_word' id='word_1_647' title='bbox 2152 4033 2507 4102; x_wconf 86' lang='grc' dir='ltr'>ἐληλυθότων,</span> <span class='ocrx_word' id='word_1_648' title='bbox 2563 4032 2672 4085; x_wconf 83' lang='grc' dir='ltr'>εἴτε</span> <span class='ocrx_word' id='word_1_649' title='bbox 2709 4032 3045 4103; x_wconf 81' lang='grc' dir='ltr'>ἡγουμένων,</span> <span class='ocrx_word' id='word_1_650' title='bbox 3081 4028 3182 4082; x_wconf 81' lang='grc' dir='ltr'>εἷθ’</span> <span class='ocrx_word' id='word_1_651' title='bbox 3227 4030 3377 4092; x_wconf 78' lang='grc' dir='ltr'>ὅπως</span> <span class='ocrx_word' id='word_1_652' title='bbox 3421 4028 3614 4099; x_wconf 77' lang='grc' dir='ltr'>δήποτε</span> <span class='ocrx_word' id='word_1_653' title='bbox 3655 4026 3712 4079; x_wconf 84' lang='grc' dir='ltr'>δι’</span> 
     </span>
    </p>
   </div>
   <div class='ocr_carea' id='block_1_84' title="bbox 2153 4119 3714 4194">
    <p class='ocr_par' dir='ltr' id='par_1_84' title="bbox 2153 4119 3714 4194">
     <span class='ocr_line' id='line_1_84' title="bbox 2153 4119 3714 4194; baseline -0.004 -18"><span class='ocrx_word' id='word_1_654' title='bbox 2153 4124 2414 4193; x_wconf 80' lang='grc' dir='ltr'>εὐπορίαν</span> <span class='ocrx_word' id='word_1_655' title='bbox 2443 4124 2769 4194; x_wconf 77' lang='grc' dir='ltr'>ἐπιτηδείων</span> <span class='ocrx_word' id='word_1_656' title='bbox 2810 4124 2946 4193; x_wconf 78' lang='grc' dir='ltr'>πρὸς</span> <span class='ocrx_word' id='word_1_657' title='bbox 2990 4120 3148 4174; x_wconf 87' lang='grc' dir='ltr'>τοῦτο</span> <span class='ocrx_word' id='word_1_658' title='bbox 3192 4123 3287 4174; x_wconf 70' lang='grc' dir='ltr'><strong>καὶ</strong></span> <span class='ocrx_word' id='word_1_659' title='bbox 3316 4120 3469 4191; x_wconf 77' lang='grc' dir='ltr'>παρὰ</span> <span class='ocrx_word' id='word_1_660' title='bbox 3523 4119 3714 4172; x_wconf 80' lang='grc' dir='ltr'>πάντων</span> 
     </span>
    </p>
   </div>
   <div class='ocr_carea' id='block_1_85' title="bbox 2153 4210 3715 4286">
    <p class='ocr_par' dir='ltr' id='par_1_85' title="bbox 2153 4210 3715 4286">
     <span class='ocr_line' id='line_1_85' title="bbox 2153 4210 3715 4286; baseline -0.004 -18"><span class='ocrx_word' id='word_1_661' title='bbox 2153 4216 2217 4286; x_wconf 84' lang='grc' dir='ltr'>δὴ</span> <span class='ocrx_word' id='word_1_662' title='bbox 2241 4216 2349 4269; x_wconf 84' lang='grc' dir='ltr'><strong>τῶν</strong></span> <span class='ocrx_word' id='word_1_663' title='bbox 2383 4215 2519 4278; x_wconf 84' lang='grc' dir='ltr'>ὅλως</span> <span class='ocrx_word' id='word_1_664' title='bbox 2547 4214 2925 4283; x_wconf 79' lang='grc' dir='ltr'>ἀπειληφότων</span> <span class='ocrx_word' id='word_1_665' title='bbox 2949 4213 3017 4265; x_wconf 82' lang='grc' dir='ltr'>τὰ</span> <span class='ocrx_word' id='word_1_666' title='bbox 3046 4213 3254 4264; x_wconf 79' lang='grc' dir='ltr'>οἰκεῖαο</span> <span class='ocrx_word' id='word_1_667' title='bbox 3291 4210 3595 4282; x_wconf 83' lang='grc' dir='ltr'>χρησίμους</span> <span class='ocrx_word' id='word_1_668' title='bbox 3631 4210 3715 4279; x_wconf 80' lang='grc' dir='ltr'>μὲν</span> 
     </span>
    </p>
   </div>
   <div class='ocr_carea' id='block_1_86' title="bbox 2156 4300 3717 4378">
    <p class='ocr_par' dir='ltr' id='par_1_86' title="bbox 2156 4300 3717 4378">
     <span class='ocr_line' id='line_1_86' title="bbox 2156 4300 3717 4378; baseline -0.005 -18"><span class='ocrx_word' id='word_1_669' title='bbox 2156 4307 2265 4378; x_wconf 86' lang='grc' dir='ltr'>γὰρ</span> <span class='ocrx_word' id='word_1_670' title='bbox 2300 4308 2447 4374; x_wconf 87' lang='grc' dir='ltr'>λέγει</span> <span class='ocrx_word' id='word_1_671' title='bbox 2477 4308 2575 4375; x_wconf 79' lang='grc' dir='ltr'>τῆς</span> <span class='ocrx_word' id='word_1_672' title='bbox 2604 4307 2727 4377; x_wconf 80' lang='grc' dir='ltr'>γῆς,</span> <span class='ocrx_word' id='word_1_673' title='bbox 2756 4306 2881 4368; x_wconf 79' lang='grc' dir='ltr'>τοὺς</span> <span class='ocrx_word' id='word_1_674' title='bbox 2916 4304 2984 4356; x_wconf 78' lang='grc' dir='ltr'>δι’</span> <span class='ocrx_word' id='word_1_675' title='bbox 3020 4303 3281 4373; x_wconf 84' lang='grc' dir='ltr'>εὐπορίαν</span> <span class='ocrx_word' id='word_1_676' title='bbox 3310 4300 3717 4367; x_wconf 77' lang='grc' dir='ltr'>συνεισενεγκεῖν</span> 
     </span>
    </p>
   </div>
   <div class='ocr_carea' id='block_1_87' title="bbox 2156 4390 3716 4471">
    <p class='ocr_par' dir='ltr' id='par_1_87' title="bbox 2156 4390 3716 4471">
     <span class='ocr_line' id='line_1_87' title="bbox 2156 4390 3716 4471; baseline -0.006 -19"><span class='ocrx_word' id='word_1_677' title='bbox 2156 4417 2209 4452; x_wconf 87' lang='grc' dir='ltr'><strong>τι</strong></span> <span class='ocrx_word' id='word_1_678' title='bbox 2237 4402 2302 4469; x_wconf 85' lang='grc' dir='ltr'>τῇ</span> <span class='ocrx_word' id='word_1_679' title='bbox 2331 4400 2490 4471; x_wconf 76' lang='grc' dir='ltr'>χρείᾳ</span> <span class='ocrx_word' id='word_1_680' title='bbox 2517 4397 2849 4467; x_wconf 83' lang='grc' dir='ltr'>δυναμένους</span> <span class='ocrx_word' id='word_1_681' title='bbox 2870 4413 2883 4427; x_wconf 78' lang='grc' dir='ltr'><strong>ο</strong></span> <span class='ocrx_word' id='word_1_682' title='bbox 2911 4394 3294 4462; x_wconf 83' lang='grc' dir='ltr'>ἐπεγνωκότας</span> <span class='ocrx_word' id='word_1_683' title='bbox 3314 4393 3371 4447; x_wconf 83' lang='grc' dir='ltr'>δὲ</span> <span class='ocrx_word' id='word_1_684' title='bbox 3401 4393 3590 4461; x_wconf 71' lang='grc' dir='ltr'>αὐτὴν,</span> <span class='ocrx_word' id='word_1_685' title='bbox 3608 4390 3716 4452; x_wconf 81' lang='grc' dir='ltr'>τοὺς</span> 
     </span>
    </p>
   </div>
   <div class='ocr_carea' id='block_1_88' title="bbox 476 4483 2041 4567">
    <p class='ocr_par' dir='ltr' id='par_1_88' title="bbox 476 4490 2041 4567">
     <span class='ocr_line' id='line_1_88' title="bbox 476 4490 2041 4567; baseline 0.004 -24"><span class='ocrx_word' id='word_1_686' title='bbox 476 4504 539 4543; x_wconf 89' lang='lat' dir='ltr'><strong>ea</strong></span> <span class='ocrx_word' id='word_1_687' title='bbox 576 4490 855 4562; x_wconf 87' lang='lat' dir='ltr'><strong>deperdita</strong></span> <span class='ocrx_word' id='word_1_688' title='bbox 894 4494 1045 4562; x_wconf 88' lang='lat' dir='ltr'><strong>potiti</strong></span> <span class='ocrx_word' id='word_1_689' title='bbox 1095 4502 1271 4549; x_wconf 89' lang='lat' dir='ltr'><strong>erant.</strong></span> <span class='ocrx_word' id='word_1_690' title='bbox 1311 4492 1401 4551; x_wconf 89' lang='lat' dir='ltr'><strong>Sic</strong></span> <span class='ocrx_word' id='word_1_691' title='bbox 1451 4496 1711 4550; x_wconf 89' lang='lat' dir='ltr'><strong>nimirum</strong></span> <span class='ocrx_word' id='word_1_692' title='bbox 1759 4512 1787 4550; x_wconf 88' lang='lat' dir='ltr'><strong>a</strong></span> <span class='ocrx_word' id='word_1_693' title='bbox 1824 4496 2041 4567; x_wconf 76' lang='lat' dir='ltr'><strong>singulis</strong></span> 
     </span>
    </p>
   </div>
   <div class='ocr_carea' id='block_1_89' title="bbox 2149 4483 3717 4567">
    <p class='ocr_par' dir='ltr' id='par_1_89' title="bbox 2161 4483 3717 4561">
     <span class='ocr_line' id='line_1_89' title="bbox 2161 4483 3717 4561; baseline -0.006 -16"><span class='ocrx_word' id='word_1_694' title='bbox 2161 4492 2533 4561; x_wconf 77' lang='grc' dir='ltr'>ἀπειληφότας</span> <span class='ocrx_word' id='word_1_695' title='bbox 2560 4490 2752 4559; x_wconf 82' lang='grc' dir='ltr'>αὐτὴν,</span> <span class='ocrx_word' id='word_1_696' title='bbox 2782 4488 2859 4551; x_wconf 85' lang='grc' dir='ltr'>ὼς</span> <span class='ocrx_word' id='word_1_697' title='bbox 2896 4490 3026 4558; x_wconf 83' lang='grc' dir='ltr'>παρ’</span> <span class='ocrx_word' id='word_1_698' title='bbox 3059 4486 3281 4549; x_wconf 76' lang='grc' dir='ltr'>ἐλπίδας</span> <span class='ocrx_word' id='word_1_699' title='bbox 3310 4484 3628 4555; x_wconf 77' lang='grc' dir='ltr'>δεξαμένους</span> <span class='ocrx_word' id='word_1_700' title='bbox 3662 4483 3717 4551; x_wconf 68' lang='grc' dir='ltr'>ἦν</span> 
     </span>
    </p>
   </div>
   <div class='ocr_carea' id='block_1_90' title="bbox 481 4586 2051 4658">
    <p class='ocr_par' dir='ltr' id='par_1_90' title="bbox 481 4586 2051 4658">
     <span class='ocr_line' id='line_1_90' title="bbox 481 4586 2051 4658; baseline 0.003 -23"><span class='ocrx_word' id='word_1_701' title='bbox 481 4598 580 4651; x_wconf 91' lang='lat' dir='ltr'><strong>pro</strong></span> <span class='ocrx_word' id='word_1_702' title='bbox 605 4599 704 4637; x_wconf 88' lang='lat' dir='ltr'><strong>sua</strong></span> <span class='ocrx_word' id='word_1_703' title='bbox 737 4586 894 4654; x_wconf 90' lang='lat' dir='ltr'><strong>c0pia</strong></span> <span class='ocrx_word' id='word_1_704' title='bbox 927 4586 1281 4643; x_wconf 73' lang='lat' dir='ltr'><strong>olfcrentibus</strong></span> <span class='ocrx_word' id='word_1_705' title='bbox 1324 4587 1665 4658; x_wconf 87' lang='lat' dir='ltr'><strong>accipiendo,</strong></span> <span class='ocrx_word' id='word_1_706' title='bbox 1700 4588 1921 4641; x_wconf 90' lang='lat' dir='ltr'><strong>domum</strong></span> <span class='ocrx_word' id='word_1_707' title='bbox 1960 4586 2051 4641; x_wconf 88' lang='lat' dir='ltr'><strong>Dei</strong></span> 
     </span>
    </p>
   </div>
   <div class='ocr_carea' id='block_1_91' title="bbox 480 4675 2055 4748">
    <p class='ocr_par' dir='ltr' id='par_1_91' title="bbox 480 4675 2055 4748">
     <span class='ocr_line' id='line_1_91' title="bbox 480 4675 2055 4748; baseline 0.004 -20"><span class='ocrx_word' id='word_1_708' title='bbox 480 4675 760 4729; x_wconf 85' lang='lat' dir='ltr'><strong>conditum</strong></span> <span class='ocrx_word' id='word_1_709' title='bbox 792 4686 842 4731; x_wconf 90' lang='lat' dir='ltr'><strong>et</strong></span> <span class='ocrx_word' id='word_1_710' title='bbox 877 4692 975 4746; x_wconf 92' lang='lat' dir='ltr'><strong>pro</strong></span> <span class='ocrx_word' id='word_1_711' title='bbox 1005 4678 1271 4748; x_wconf 85' lang='lat' dir='ltr'><strong>dignitate</strong></span> <span class='ocrx_word' id='word_1_712' title='bbox 1301 4692 1626 4734; x_wconf 80' lang='lat' dir='ltr'><strong>exornatum</strong></span> <span class='ocrx_word' id='word_1_713' title='bbox 1663 4679 1753 4734; x_wconf 91' lang='lat' dir='ltr'><strong>iri.</strong></span> <span class='ocrx_word' id='word_1_714' title='bbox 1790 4678 2055 4735; x_wconf 73' lang='lat' dir='ltr'><strong>liecitatis</strong></span> 
     </span>
    </p>
   </div>
   <div class='ocr_carea' id='block_1_92' title="bbox 480 4768 2055 4836">
    <p class='ocr_par' dir='ltr' id='par_1_92' title="bbox 480 4768 2055 4836">
     <span class='ocr_line' id='line_1_92' title="bbox 480 4768 2055 4836; baseline 0.003 -17"><span class='ocrx_word' id='word_1_715' title='bbox 480 4782 612 4820; x_wconf 83' lang='lat' dir='ltr'><strong>vero</strong></span> <span class='ocrx_word' id='word_1_716' title='bbox 664 4768 876 4836; x_wconf 90' lang='lat' dir='ltr'><strong>aliquot</strong></span> <span class='ocrx_word' id='word_1_717' title='bbox 940 4770 1105 4825; x_wconf 89' lang='lat' dir='ltr'><strong>etiam</strong></span> <span class='ocrx_word' id='word_1_718' title='bbox 1157 4770 1439 4824; x_wconf 83' lang='lat' dir='ltr'><strong>hominum</strong></span> <span class='ocrx_word' id='word_1_719' title='bbox 1500 4771 1816 4826; x_wconf 90' lang='lat' dir='ltr'><strong>nominibus</strong></span> <span class='ocrx_word' id='word_1_720' title='bbox 1880 4771 1947 4824; x_wconf 88' lang='lat' dir='ltr'><strong>ad</strong></span> <span class='ocrx_word' id='word_1_721' title='bbox 2002 4770 2055 4825; x_wconf 88' lang='lat' dir='ltr'><strong>id</strong></span> 
     </span>
    </p>
   </div>
   <div class='ocr_carea' id='block_1_93' title="bbox 483 4859 2054 4932">
    <p class='ocr_par' dir='ltr' id='par_1_93' title="bbox 483 4859 2054 4932">
     <span class='ocr_line' id='line_1_93' title="bbox 483 4859 2054 4932; baseline 0.004 -22"><span class='ocrx_word' id='word_1_722' title='bbox 483 4859 718 4913; x_wconf 84' lang='lat' dir='ltr'><strong>maxime</strong></span> <span class='ocrx_word' id='word_1_723' title='bbox 743 4860 1079 4925; x_wconf 82' lang='lat' dir='ltr'><strong>idoneorum,</strong></span> <span class='ocrx_word' id='word_1_724' title='bbox 1126 4879 1248 4915; x_wconf 75' lang='lat' dir='ltr'><strong>mox</strong></span> <span class='ocrx_word' id='word_1_725' title='bbox 1284 4862 1437 4930; x_wconf 89' lang='lat' dir='ltr'><strong>jubet</strong></span> <span class='ocrx_word' id='word_1_726' title='bbox 1479 4863 1547 4916; x_wconf 86' lang='lat' dir='ltr'><strong>ad</strong></span> <span class='ocrx_word' id='word_1_727' title='bbox 1581 4861 1745 4918; x_wconf 74' lang='lat' dir='ltr'><strong>Josiae</strong></span> <span class='ocrx_word' id='word_1_728' title='bbox 1773 4861 2054 4932; x_wconf 84' lang='lat' dir='ltr'><strong>Sepbonia</strong></span> 
     </span>
    </p>
   </div>
   <div class='ocr_carea' id='block_1_94' title="bbox 482 4951 2055 5026">
    <p class='ocr_par' dir='ltr' id='par_1_94' title="bbox 482 4951 2055 5026">
     <span class='ocr_line' id='line_1_94' title="bbox 482 4951 2055 5026; baseline 0.003 -22"><span class='ocrx_word' id='word_1_729' title='bbox 482 4951 594 5005; x_wconf 89' lang='lat' dir='ltr'><strong>nati</strong></span> <span class='ocrx_word' id='word_1_730' title='bbox 631 4951 852 5006; x_wconf 89' lang='lat' dir='ltr'><strong>domum</strong></span> <span class='ocrx_word' id='word_1_731' title='bbox 894 4954 1171 5018; x_wconf 89' lang='lat' dir='ltr'><strong>accedere,</strong></span> <span class='ocrx_word' id='word_1_732' title='bbox 1210 4956 1312 5008; x_wconf 93' lang='lat' dir='ltr'><strong>viri</strong></span> <span class='ocrx_word' id='word_1_733' title='bbox 1354 4955 1419 5009; x_wconf 89' lang='lat' dir='ltr'><strong>de</strong></span> <span class='ocrx_word' id='word_1_734' title='bbox 1453 4954 1783 5026; x_wconf 87' lang='lat' dir='ltr'><strong>Babylonica</strong></span> <span class='ocrx_word' id='word_1_735' title='bbox 1824 4954 2055 5024; x_wconf 88' lang='lat' dir='ltr'><strong>captivi-</strong></span> 
     </span>
    </p>
   </div>
   <div class='ocr_carea' id='block_1_95' title="bbox 483 5045 2059 5115">
    <p class='ocr_par' dir='ltr' id='par_1_95' title="bbox 483 5045 2059 5115">
     <span class='ocr_line' id='line_1_95' title="bbox 483 5045 2059 5115; baseline 0.003 -21"><span class='ocrx_word' id='word_1_736' title='bbox 483 5050 596 5098; x_wconf 79' lang='lat' dir='ltr'><strong>tate</strong></span> <span class='ocrx_word' id='word_1_737' title='bbox 626 5045 853 5108; x_wconf 88' lang='lat' dir='ltr'><strong>reversi,</strong></span> <span class='ocrx_word' id='word_1_738' title='bbox 879 5054 1213 5115; x_wconf 80' lang='lat' dir='ltr'><strong>caeterosque</strong></span> <span class='ocrx_word' id='word_1_739' title='bbox 1242 5063 1434 5101; x_wconf 90' lang='lat' dir='ltr'><strong>omnes</strong></span> <span class='ocrx_word' id='word_1_740' title='bbox 1463 5048 1623 5115; x_wconf 92' lang='lat' dir='ltr'><strong>copia</strong></span> <span class='ocrx_word' id='word_1_741' title='bbox 1647 5060 1831 5101; x_wconf 89' lang='lat' dir='ltr'><strong>rerum</strong></span> <span class='ocrx_word' id='word_1_742' title='bbox 1860 5054 1914 5099; x_wconf 91' lang='lat' dir='ltr'><strong>et</strong></span> <span class='ocrx_word' id='word_1_743' title='bbox 1942 5046 2059 5098; x_wconf 91' lang='lat' dir='ltr'><strong>ala-</strong></span> 
     </span>
    </p>
   </div>
   <div class='ocr_carea' id='block_1_96' title="bbox 484 5136 2061 5208">
    <p class='ocr_par' dir='ltr' id='par_1_96' title="bbox 484 5136 2061 5208">
     <span class='ocr_line' id='line_1_96' title="bbox 484 5136 2061 5208; baseline 0.004 -22"><span class='ocrx_word' id='word_1_744' title='bbox 484 5136 679 5189; x_wconf 89' lang='lat' dir='ltr'><strong>critate</strong></span> <span class='ocrx_word' id='word_1_745' title='bbox 712 5136 779 5191; x_wconf 88' lang='lat' dir='ltr'><strong>ad</strong></span> <span class='ocrx_word' id='word_1_746' title='bbox 814 5153 953 5206; x_wconf 92' lang='lat' dir='ltr'><strong>opus</strong></span> <span class='ocrx_word' id='word_1_747' title='bbox 997 5140 1324 5207; x_wconf 72' lang='lat' dir='ltr'><strong>superantis.</strong></span> <span class='ocrx_word' id='word_1_748' title='bbox 1367 5140 1447 5192; x_wconf 78' lang='lat' dir='ltr'><strong>Ab</strong></span> <span class='ocrx_word' id='word_1_749' title='bbox 1478 5140 1580 5192; x_wconf 89' lang='lat' dir='ltr'><strong>hoc</strong></span> <span class='ocrx_word' id='word_1_750' title='bbox 1598 5138 2061 5208; x_wconf 85' lang='lat' dir='ltr'><strong>autemquidquid</strong></span> 
     </span>
    </p>
   </div>
   <div class='ocr_carea' id='block_1_97' title="bbox 487 5230 2064 5299">
    <p class='ocr_par' dir='ltr' id='par_1_97' title="bbox 487 5230 2064 5299">
     <span class='ocr_line' id='line_1_97' title="bbox 487 5230 2064 5299; baseline 0.004 -21"><span class='ocrx_word' id='word_1_751' title='bbox 487 5230 693 5296; x_wconf 77' lang='lat' dir='ltr'><strong>argenti</strong></span> <span class='ocrx_word' id='word_1_752' title='bbox 727 5230 955 5299; x_wconf 85' lang='lat' dir='ltr'><strong>aurique</strong></span> <span class='ocrx_word' id='word_1_753' title='bbox 984 5232 1240 5285; x_wconf 89' lang='lat' dir='ltr'><strong>collatum</strong></span> <span class='ocrx_word' id='word_1_754' title='bbox 1280 5232 1476 5295; x_wconf 80' lang='lat' dir='ltr'><strong>fuerit,</strong></span> <span class='ocrx_word' id='word_1_755' title='bbox 1509 5247 1767 5286; x_wconf 88' lang='lat' dir='ltr'><strong>coronam</strong></span> <span class='ocrx_word' id='word_1_756' title='bbox 1797 5230 1921 5284; x_wconf 88' lang='lat' dir='ltr'><strong>inde</strong></span> <span class='ocrx_word' id='word_1_757' title='bbox 1950 5230 2064 5286; x_wconf 83' lang='lat' dir='ltr'><strong>ﬁeri</strong></span> 
     </span>
    </p>
   </div>
   <div class='ocr_carea' id='block_1_98' title="bbox 488 5322 2065 5393">
    <p class='ocr_par' dir='ltr' id='par_1_98' title="bbox 488 5322 2065 5393">
     <span class='ocr_line' id='line_1_98' title="bbox 488 5322 2065 5393; baseline 0.003 -21"><span class='ocrx_word' id='word_1_758' title='bbox 488 5322 602 5387; x_wconf 86' lang='lat' dir='ltr'><strong>vult</strong></span> <span class='ocrx_word' id='word_1_759' title='bbox 638 5323 940 5378; x_wconf 84' lang='lat' dir='ltr'><strong>sacerdotis</strong></span> <span class='ocrx_word' id='word_1_760' title='bbox 980 5324 1145 5393; x_wconf 90' lang='lat' dir='ltr'><strong>capiti</strong></span> <span class='ocrx_word' id='word_1_761' title='bbox 1196 5324 1602 5392; x_wconf 87' lang='lat' dir='ltr'><strong>imponendam,</strong></span> <span class='ocrx_word' id='word_1_762' title='bbox 1657 5324 1724 5377; x_wconf 91' lang='lat' dir='ltr'><strong>ad</strong></span> <span class='ocrx_word' id='word_1_763' title='bbox 1772 5323 2065 5378; x_wconf 81' lang='lat' dir='ltr'><strong>sacerdotii</strong></span> 
     </span>
    </p>
   </div>
   <div class='ocr_carea' id='block_1_99' title="bbox 491 5414 2067 5484">
    <p class='ocr_par' dir='ltr' id='par_1_99' title="bbox 491 5414 2067 5484">
     <span class='ocr_line' id='line_1_99' title="bbox 491 5414 2067 5484; baseline 0.001 -18"><span class='ocrx_word' id='word_1_764' title='bbox 491 5424 745 5468; x_wconf 89' lang='lat' dir='ltr'><strong>ornatum</strong></span> <span class='ocrx_word' id='word_1_765' title='bbox 780 5430 843 5469; x_wconf 89' lang='lat' dir='ltr'><strong>ac</strong></span> <span class='ocrx_word' id='word_1_766' title='bbox 886 5416 1075 5470; x_wconf 90' lang='lat' dir='ltr'><strong>decus.</strong></span> <span class='ocrx_word' id='word_1_767' title='bbox 1112 5414 1221 5471; x_wconf 83' lang='lat' dir='ltr'><strong>[lac</strong></span> <span class='ocrx_word' id='word_1_768' title='bbox 1257 5433 1383 5469; x_wconf 78' lang='lat' dir='ltr'><strong>mox</strong></span> <span class='ocrx_word' id='word_1_769' title='bbox 1429 5416 1731 5471; x_wconf 87' lang='lat' dir='ltr'><strong>sacerdotis</strong></span> <span class='ocrx_word' id='word_1_770' title='bbox 1764 5416 1927 5484; x_wconf 89' lang='lat' dir='ltr'><strong>capiti</strong></span> <span class='ocrx_word' id='word_1_771' title='bbox 1966 5415 2067 5468; x_wconf 58' lang='lat' dir='ltr'><strong>im.</strong></span> 
     </span>
    </p>
   </div>
   <div class='ocr_carea' id='block_1_100' title="bbox 496 5508 2066 5578">
    <p class='ocr_par' dir='ltr' id='par_1_100' title="bbox 496 5508 2066 5578">
     <span class='ocr_line' id='line_1_100' title="bbox 496 5508 2066 5578; baseline 0.002 -18"><span class='ocrx_word' id='word_1_772' title='bbox 496 5511 697 5578; x_wconf 86' lang='lat' dir='ltr'><strong>posita,</strong></span> <span class='ocrx_word' id='word_1_773' title='bbox 732 5510 941 5563; x_wconf 89' lang='lat' dir='ltr'><strong>moneri</strong></span> <span class='ocrx_word' id='word_1_774' title='bbox 980 5526 1105 5565; x_wconf 85' lang='lat' dir='ltr'><strong>eum</strong></span> <span class='ocrx_word' id='word_1_775' title='bbox 1137 5511 1274 5575; x_wconf 81' lang='lat' dir='ltr'><strong>vult,</strong></span> <span class='ocrx_word' id='word_1_776' title='bbox 1313 5518 1372 5563; x_wconf 85' lang='lat' dir='ltr'><strong>ut</strong></span> <span class='ocrx_word' id='word_1_777' title='bbox 1399 5509 1467 5564; x_wconf 79' lang='lat' dir='ltr'><strong>de</strong></span> <span class='ocrx_word' id='word_1_778' title='bbox 1497 5520 1643 5563; x_wconf 89' lang='lat' dir='ltr'><strong>retro</strong></span> <span class='ocrx_word' id='word_1_779' title='bbox 1682 5508 1949 5577; x_wconf 80' lang='lat' dir='ltr'><strong>expositis</strong></span> <span class='ocrx_word' id='word_1_780' title='bbox 1983 5523 2066 5563; x_wconf 50' lang='lat' dir='ltr'><strong>rec</strong></span> 
     </span>
    </p>
   </div>
   <div class='ocr_carea' id='block_1_101' title="bbox 499 5599 2064 5655">
    <p class='ocr_par' dir='ltr' id='par_1_101' title="bbox 499 5599 2064 5655">
     <span class='ocr_line' id='line_1_101' title="bbox 499 5599 2064 5655; baseline -0.001 -2"><span class='ocrx_word' id='word_1_781' title='bbox 499 5600 603 5654; x_wconf 71' lang='lat' dir='ltr'><strong>bus</strong></span> <span class='ocrx_word' id='word_1_782' title='bbox 652 5600 839 5655; x_wconf 84' lang='lat' dir='ltr'><strong>multis</strong></span> <span class='ocrx_word' id='word_1_783' title='bbox 888 5616 953 5655; x_wconf 89' lang='lat' dir='ltr'><strong>ac</strong></span> <span class='ocrx_word' id='word_1_784' title='bbox 1000 5602 1255 5655; x_wconf 81' lang='lat' dir='ltr'><strong>maximis</strong></span> <span class='ocrx_word' id='word_1_785' title='bbox 1316 5600 1568 5655; x_wconf 81' lang='lat' dir='ltr'><strong>ﬁduciam</strong></span> <span class='ocrx_word' id='word_1_786' title='bbox 1614 5609 1815 5655; x_wconf 89' lang='lat' dir='ltr'><strong>sumat.</strong></span> <span class='ocrx_word' id='word_1_787' title='bbox 1856 5599 2064 5653; x_wconf 86' lang='lat' dir='ltr'><strong>Etenim</strong></span> 
     </span>
    </p>
   </div>
   <div class='ocr_carea' id='block_1_102' title="bbox 498 5689 2065 5761">
    <p class='ocr_par' dir='ltr' id='par_1_102' title="bbox 498 5689 2065 5761">
     <span class='ocr_line' id='line_1_102' title="bbox 498 5689 2065 5761; baseline -0.001 -20"><span class='ocrx_word' id='word_1_788' title='bbox 498 5689 679 5741; x_wconf 75' lang='lat' dir='ltr'><strong>d‘vina</strong></span> <span class='ocrx_word' id='word_1_789' title='bbox 727 5690 996 5743; x_wconf 85' lang='lat' dir='ltr'><strong>sententia</strong></span> <span class='ocrx_word' id='word_1_790' title='bbox 1043 5691 1216 5744; x_wconf 88' lang='lat' dir='ltr'><strong>virum</strong></span> <span class='ocrx_word' id='word_1_791' title='bbox 1261 5691 1601 5761; x_wconf 87' lang='lat' dir='ltr'><strong>apparuisse,</strong></span> <span class='ocrx_word' id='word_1_792' title='bbox 1650 5690 1735 5743; x_wconf 86' lang='lat' dir='ltr'><strong>cui</strong></span> <span class='ocrx_word' id='word_1_793' title='bbox 1783 5706 1847 5742; x_wconf 73' lang='lat' dir='ltr'><strong>ex</strong></span> <span class='ocrx_word' id='word_1_794' title='bbox 1886 5704 2065 5742; x_wconf 86' lang='lat' dir='ltr'><strong>rerum</strong></span> 
     </span>
    </p>
   </div>
   <div class='ocr_carea' id='block_1_103' title="bbox 500 5780 2064 5845">
    <p class='ocr_par' dir='ltr' id='par_1_103' title="bbox 500 5780 2064 5845">
     <span class='ocr_line' id='line_1_103' title="bbox 500 5780 2064 5845; baseline 0.001 -12"><span class='ocrx_word' id='word_1_795' title='bbox 500 5791 697 5834; x_wconf 77' lang='lat' dir='ltr'><strong>eventu</strong></span> <span class='ocrx_word' id='word_1_796' title='bbox 730 5796 926 5835; x_wconf 89' lang='lat' dir='ltr'><strong>nomen</strong></span> <span class='ocrx_word' id='word_1_797' title='bbox 962 5790 1046 5837; x_wconf 81' lang='lat' dir='ltr'><strong>est</strong></span> <span class='ocrx_word' id='word_1_798' title='bbox 1076 5782 1305 5845; x_wconf 81' lang='lat' dir='ltr'><strong>Oriens;</strong></span> <span class='ocrx_word' id='word_1_799' title='bbox 1336 5782 1466 5837; x_wconf 84' lang='lat' dir='ltr'><strong>dicit</strong></span> <span class='ocrx_word' id='word_1_800' title='bbox 1499 5798 1625 5837; x_wconf 82' lang='lat' dir='ltr'><strong>vero</strong></span> <span class='ocrx_word' id='word_1_801' title='bbox 1652 5780 2064 5844; x_wconf 85' lang='lat' dir='ltr'><strong>Zorobabclem,</strong></span> 
     </span>
    </p>
   </div>
   <div class='ocr_carea' id='block_1_104' title="bbox 2156 4576 3715 4653">
    <p class='ocr_par' dir='ltr' id='par_1_104' title="bbox 2156 4576 3715 4653">
     <span class='ocr_line' id='line_1_104' title="bbox 2156 4576 3715 4653; baseline -0.007 -15"><span class='ocrx_word' id='word_1_802' title='bbox 2156 4584 2574 4638; x_wconf 84' lang='grc' dir='ltr'>ἀπολωλέκεσαν</span> <span class='ocrx_word' id='word_1_803' title='bbox 2622 4582 2752 4653; x_wconf 79' lang='grc' dir='ltr'>ἥδη·</span> <span class='ocrx_word' id='word_1_804' title='bbox 2810 4582 2950 4635; x_wconf 85' lang='grc' dir='ltr'>ὥστε</span> <span class='ocrx_word' id='word_1_805' title='bbox 3016 4580 3168 4649; x_wconf 73' lang='grc' dir='ltr'>παρὰ</span> <span class='ocrx_word' id='word_1_806' title='bbox 3220 4578 3426 4631; x_wconf 85' lang='grc' dir='ltr'>τούτων</span> <span class='ocrx_word' id='word_1_807' title='bbox 3486 4576 3715 4630; x_wconf 79' lang='grc' dir='ltr'>ἁπάντων</span> 
     </span>
    </p>
   </div>
   <div class='ocr_carea' id='block_1_105' title="bbox 2158 4668 3712 4747">
    <p class='ocr_par' dir='ltr' id='par_1_105' title="bbox 2158 4668 3712 4747">
     <span class='ocr_line' id='line_1_105' title="bbox 2158 4668 3712 4747; baseline -0.006 -19"><span class='ocrx_word' id='word_1_808' title='bbox 2158 4678 2389 4731; x_wconf 80' lang='grc' dir='ltr'>ἑκάστου</span> <span class='ocrx_word' id='word_1_809' title='bbox 2422 4676 2487 4747; x_wconf 84' lang='grc' dir='ltr'>δὴ</span> <span class='ocrx_word' id='word_1_810' title='bbox 2518 4674 2586 4729; x_wconf 78' lang='grc' dir='ltr'>τὰ</span> <span class='ocrx_word' id='word_1_811' title='bbox 2622 4673 2761 4727; x_wconf 80' lang='grc' dir='ltr'>κατὰ</span> <span class='ocrx_word' id='word_1_812' title='bbox 2804 4672 3033 4743; x_wconf 78' lang='grc' dir='ltr'>δύναμιν</span> <span class='ocrx_word' id='word_1_813' title='bbox 3061 4673 3405 4742; x_wconf 85' lang='grc' dir='ltr'>εἰσφέροντος</span> <span class='ocrx_word' id='word_1_814' title='bbox 3438 4670 3615 4724; x_wconf 73' lang='grc' dir='ltr'>λαῆεῖν</span> <span class='ocrx_word' id='word_1_815' title='bbox 3639 4668 3712 4720; x_wconf 75' lang='grc' dir='ltr'><strong>ὲ.πί</strong></span> 
     </span>
    </p>
   </div>
   <div class='ocr_carea' id='block_1_106' title="bbox 2158 4764 3709 4841">
    <p class='ocr_par' dir='ltr' id='par_1_106' title="bbox 2158 4764 3709 4841">
     <span class='ocr_line' id='line_1_106' title="bbox 2158 4764 3709 4841; baseline -0.007 -17"><span class='ocrx_word' id='word_1_816' title='bbox 2158 4770 2236 4841; x_wconf 81' lang='grc' dir='ltr'><strong>τῷ</strong></span> <span class='ocrx_word' id='word_1_817' title='bbox 2267 4772 2358 4823; x_wconf 84' lang='grc' dir='ltr'><strong>τὸν</strong></span> <span class='ocrx_word' id='word_1_818' title='bbox 2379 4766 2527 4823; x_wconf 82' lang='grc' dir='ltr'>οἷκον</span> <span class='ocrx_word' id='word_1_819' title='bbox 2564 4768 2660 4821; x_wconf 88' lang='grc' dir='ltr'><strong>τοῦ</strong></span> <span class='ocrx_word' id='word_1_820' title='bbox 2692 4768 2826 4820; x_wconf 86' lang='grc' dir='ltr'>Θεοῦ</span> <span class='ocrx_word' id='word_1_821' title='bbox 2870 4767 3122 4835; x_wconf 84' lang='grc' dir='ltr'>γενέσθαι</span> <span class='ocrx_word' id='word_1_822' title='bbox 3149 4783 3207 4819; x_wconf 88' lang='grc' dir='ltr'><strong>τε</strong></span> <span class='ocrx_word' id='word_1_823' title='bbox 3246 4766 3340 4819; x_wconf 77' lang='grc' dir='ltr'><strong>καὶ</strong></span> <span class='ocrx_word' id='word_1_824' title='bbox 3375 4764 3709 4834; x_wconf 76' lang='grc' dir='ltr'>κοσμηθῆναι,</span> 
     </span>
    </p>
   </div>
   <div class='ocr_carea' id='block_1_107' title="bbox 2161 4854 3714 4929">
    <p class='ocr_par' dir='ltr' id='par_1_107' title="bbox 2161 4854 3714 4929">
     <span class='ocr_line' id='line_1_107' title="bbox 2161 4854 3714 4929; baseline -0.006 -14"><span class='ocrx_word' id='word_1_825' title='bbox 2161 4862 2254 4916; x_wconf 76' lang='grc' dir='ltr'><strong>καὶ</strong></span> <span class='ocrx_word' id='word_1_826' title='bbox 2300 4860 2442 4913; x_wconf 79' lang='grc' dir='ltr'>κατὰ</span> <span class='ocrx_word' id='word_1_827' title='bbox 2471 4859 2533 4913; x_wconf 83' lang='grc' dir='ltr'><strong>τὸ</strong></span> <span class='ocrx_word' id='word_1_828' title='bbox 2582 4859 2879 4929; x_wconf 82' lang='grc' dir='ltr'>προσῆκον.</span> <span class='ocrx_word' id='word_1_829' title='bbox 2914 4858 3167 4929; x_wconf 86' lang='grc' dir='ltr'>Εἰρηκὼς</span> <span class='ocrx_word' id='word_1_830' title='bbox 3209 4857 3264 4909; x_wconf 86' lang='grc' dir='ltr'><strong>δέ</strong></span> <span class='ocrx_word' id='word_1_831' title='bbox 3297 4856 3393 4909; x_wconf 87' lang='grc' dir='ltr'><strong>καί</strong></span> <span class='ocrx_word' id='word_1_832' title='bbox 3439 4872 3597 4907; x_wconf 87' lang='grc' dir='ltr'>τινων</span> <span class='ocrx_word' id='word_1_833' title='bbox 3618 4854 3714 4905; x_wconf 78' lang='grc' dir='ltr'>ὀνο·</span> 
     </span>
    </p>
   </div>
   <div class='ocr_carea' id='block_1_108' title="bbox 2164 4942 3715 5024">
    <p class='ocr_par' dir='ltr' id='par_1_108' title="bbox 2164 4942 3715 5024">
     <span class='ocr_line' id='line_1_108' title="bbox 2164 4942 3715 5024; baseline -0.005 -18"><span class='ocrx_word' id='word_1_834' title='bbox 2164 4954 2366 5024; x_wconf 85' lang='grc' dir='ltr'>μασίας</span> <span class='ocrx_word' id='word_1_835' title='bbox 2425 4952 2533 5004; x_wconf 79' lang='grc' dir='ltr'>τῶν</span> <span class='ocrx_word' id='word_1_836' title='bbox 2597 4951 2831 5020; x_wconf 86' lang='grc' dir='ltr'>μάλιστα</span> <span class='ocrx_word' id='word_1_837' title='bbox 2874 4950 2950 5013; x_wconf 84' lang='grc' dir='ltr'>ὡς</span> <span class='ocrx_word' id='word_1_838' title='bbox 3010 4950 3159 5008; x_wconf 83' lang='grc' dir='ltr'>εἰκὸς</span> <span class='ocrx_word' id='word_1_839' title='bbox 3202 4946 3559 5017; x_wconf 86' lang='grc' dir='ltr'>ἐπιτηδείων,</span> <span class='ocrx_word' id='word_1_840' title='bbox 3602 4942 3715 5012; x_wconf 58' lang='grc' dir='ltr'>πρὸς</span> 
     </span>
    </p>
   </div>
   <div class='ocr_carea' id='block_1_109' title="bbox 2162 5031 3717 5106">
    <p class='ocr_par' dir='ltr' id='par_1_109' title="bbox 2162 5031 3717 5106">
     <span class='ocr_line' id='line_1_109' title="bbox 2162 5031 3717 5106; baseline -0.008 -8"><span class='ocrx_word' id='word_1_841' title='bbox 2162 5044 2318 5099; x_wconf 86' lang='grc' dir='ltr'>τοῦτο</span> <span class='ocrx_word' id='word_1_842' title='bbox 2371 5043 2582 5097; x_wconf 84' lang='grc' dir='ltr'>κελεύει</span> <span class='ocrx_word' id='word_1_843' title='bbox 2628 5044 2707 5106; x_wconf 89' lang='grc' dir='ltr'><strong>εἰς</strong></span> <span class='ocrx_word' id='word_1_844' title='bbox 2747 5042 2839 5095; x_wconf 87' lang='grc' dir='ltr'>τὸν</span> <span class='ocrx_word' id='word_1_845' title='bbox 2898 5041 3102 5095; x_wconf 88' lang='grc' dir='ltr'>Ἰωσίου</span> <span class='ocrx_word' id='word_1_846' title='bbox 3152 5038 3244 5092; x_wconf 89' lang='grc' dir='ltr'><strong>τοῦ</strong></span> <span class='ocrx_word' id='word_1_847' title='bbox 3292 5038 3547 5106; x_wconf 78' lang='grc' dir='ltr'>Σοφονίου</span> <span class='ocrx_word' id='word_1_848' title='bbox 3594 5031 3717 5086; x_wconf 75' lang='grc' dir='ltr'>οἰκον</span> 
     </span>
    </p>
   </div>
   <div class='ocr_carea' id='block_1_110' title="bbox 2162 5125 3719 5207">
    <p class='ocr_par' dir='ltr' id='par_1_110' title="bbox 2162 5125 3719 5207">
     <span class='ocr_line' id='line_1_110' title="bbox 2162 5125 3719 5207; baseline -0.009 -16"><span class='ocrx_word' id='word_1_849' title='bbox 2162 5137 2564 5207; x_wconf 80' lang='grc' dir='ltr'>εἰσεληλυθότα,</span> <span class='ocrx_word' id='word_1_850' title='bbox 2596 5135 2912 5204; x_wconf 87' lang='grc' dir='ltr'>ἐληλυθότος</span> <span class='ocrx_word' id='word_1_851' title='bbox 2962 5133 3060 5203; x_wconf 79' lang='grc' dir='ltr'>μὲν</span> <span class='ocrx_word' id='word_1_852' title='bbox 3090 5135 3153 5185; x_wconf 90' lang='grc' dir='ltr'><strong>ἐκ</strong></span> <span class='ocrx_word' id='word_1_853' title='bbox 3184 5132 3283 5200; x_wconf 85' lang='grc' dir='ltr'>τῆς</span> <span class='ocrx_word' id='word_1_854' title='bbox 3311 5130 3453 5184; x_wconf 73' lang='grc' dir='ltr'>κατὰ</span> <span class='ocrx_word' id='word_1_855' title='bbox 3498 5130 3595 5197; x_wconf 82' lang='grc' dir='ltr'>τὴν</span> <span class='ocrx_word' id='word_1_856' title='bbox 3631 5125 3719 5177; x_wconf 81' lang='grc' dir='ltr'><strong>Βα-</strong></span> 
     </span>
    </p>
   </div>
   <div class='ocr_carea' id='block_1_111' title="bbox 2164 5215 3719 5297">
    <p class='ocr_par' dir='ltr' id='par_1_111' title="bbox 2164 5215 3719 5297">
     <span class='ocr_line' id='line_1_111' title="bbox 2164 5215 3719 5297; baseline -0.007 -18"><span class='ocrx_word' id='word_1_857' title='bbox 2164 5227 2376 5281; x_wconf 77' lang='grc' dir='ltr'>ϐυλῶνα</span> <span class='ocrx_word' id='word_1_858' title='bbox 2425 5226 2799 5297; x_wconf 87' lang='grc' dir='ltr'>αἰχμαλωσίας</span> <span class='ocrx_word' id='word_1_859' title='bbox 2844 5224 2937 5277; x_wconf 78' lang='grc' dir='ltr'><strong>καὶ</strong></span> <span class='ocrx_word' id='word_1_860' title='bbox 2987 5221 3176 5283; x_wconf 84' lang='grc' dir='ltr'>αὐτοῦ,</span> <span class='ocrx_word' id='word_1_861' title='bbox 3222 5220 3484 5283; x_wconf 84' lang='grc' dir='ltr'>νικῶντος</span> <span class='ocrx_word' id='word_1_862' title='bbox 3526 5220 3581 5271; x_wconf 83' lang='grc' dir='ltr'><strong>δέ</strong></span> <span class='ocrx_word' id='word_1_863' title='bbox 3610 5215 3719 5275; x_wconf 71' lang='grc' dir='ltr'>τοὺς</span> 
     </span>
    </p>
   </div>
   <div class='ocr_carea' id='block_1_112' title="bbox 2165 5306 3723 5388">
    <p class='ocr_par' dir='ltr' id='par_1_112' title="bbox 2165 5306 3723 5388">
     <span class='ocr_line' id='line_1_112' title="bbox 2165 5306 3723 5388; baseline -0.01 -15"><span class='ocrx_word' id='word_1_864' title='bbox 2165 5320 2359 5382; x_wconf 81' lang='grc' dir='ltr'>ἄλλους</span> <span class='ocrx_word' id='word_1_865' title='bbox 2393 5320 2487 5372; x_wconf 66' lang='grc' dir='ltr'><strong>καὶ</strong></span> <span class='ocrx_word' id='word_1_866' title='bbox 2517 5318 2748 5388; x_wconf 69' lang='grc' dir='ltr'>εὐπορίᾳ</span> <span class='ocrx_word' id='word_1_867' title='bbox 2777 5317 2873 5370; x_wconf 79' lang='grc' dir='ltr'>καὶ</span> <span class='ocrx_word' id='word_1_868' title='bbox 2916 5318 2980 5385; x_wconf 82' lang='grc' dir='ltr'>τῇ</span> <span class='ocrx_word' id='word_1_869' title='bbox 3012 5314 3141 5384; x_wconf 80' lang='grc' dir='ltr'>περὶ</span> <span class='ocrx_word' id='word_1_870' title='bbox 3185 5314 3245 5365; x_wconf 85' lang='grc' dir='ltr'>τὸ</span> <span class='ocrx_word' id='word_1_871' title='bbox 3276 5314 3511 5382; x_wconf 81' lang='grc' dir='ltr'>πρᾶγμα</span> <span class='ocrx_word' id='word_1_872' title='bbox 3544 5306 3723 5379; x_wconf 80' lang='grc' dir='ltr'>προθυ·</span> 
     </span>
    </p>
   </div>
   <div class='ocr_carea' id='block_1_113' title="bbox 2170 5398 3716 5483">
    <p class='ocr_par' dir='ltr' id='par_1_113' title="bbox 2170 5398 3716 5483">
     <span class='ocr_line' id='line_1_113' title="bbox 2170 5398 3716 5483; baseline -0.011 -18"><span class='ocrx_word' id='word_1_873' title='bbox 2170 5413 2288 5483; x_wconf 77' lang='grc' dir='ltr'>μίᾳ.</span> <span class='ocrx_word' id='word_1_874' title='bbox 2326 5410 2427 5464; x_wconf 80' lang='grc' dir='ltr'>Καὶ</span> <span class='ocrx_word' id='word_1_875' title='bbox 2476 5411 2539 5480; x_wconf 87' lang='grc' dir='ltr'>δὴ</span> <span class='ocrx_word' id='word_1_876' title='bbox 2587 5410 2954 5480; x_wconf 84' lang='grc' dir='ltr'>κομισάμενον</span> <span class='ocrx_word' id='word_1_877' title='bbox 2998 5406 3259 5478; x_wconf 80' lang='grc' dir='ltr'>ἀργύριόν</span> <span class='ocrx_word' id='word_1_878' title='bbox 3294 5421 3353 5456; x_wconf 88' lang='grc' dir='ltr'><strong>τε</strong></span> <span class='ocrx_word' id='word_1_879' title='bbox 3383 5404 3481 5457; x_wconf 73' lang='grc' dir='ltr'><strong>καὶ</strong></span> <span class='ocrx_word' id='word_1_880' title='bbox 3513 5398 3716 5472; x_wconf 85' lang='grc' dir='ltr'>χρυσίον</span> 
     </span>
    </p>
   </div>
   <div class='ocr_carea' id='block_1_114' title="bbox 2168 5490 3726 5569">
    <p class='ocr_par' dir='ltr' id='par_1_114' title="bbox 2168 5490 3726 5569">
     <span class='ocr_line' id='line_1_114' title="bbox 2168 5490 3726 5569; baseline -0.009 -14"><span class='ocrx_word' id='word_1_881' title='bbox 2168 5502 2364 5555; x_wconf 86' lang='grc' dir='ltr'>ὁπόσον</span> <span class='ocrx_word' id='word_1_882' title='bbox 2413 5498 2663 5569; x_wconf 82' lang='grc' dir='ltr'>ἀναδιδῷ.</span> <span class='ocrx_word' id='word_1_883' title='bbox 2723 5498 2985 5565; x_wconf 76' lang='grc' dir='ltr'>στέφανον</span> <span class='ocrx_word' id='word_1_884' title='bbox 3019 5496 3078 5561; x_wconf 81' lang='grc' dir='ltr'><strong>ἐξ</strong></span> <span class='ocrx_word' id='word_1_885' title='bbox 3126 5494 3289 5548; x_wconf 79' lang='grc' dir='ltr'>αὑτοῦ</span> <span class='ocrx_word' id='word_1_886' title='bbox 3336 5490 3726 5546; x_wconf 79' lang='grc' dir='ltr'>κατασκευάσαι</span> 
     </span>
    </p>
   </div>
   <div class='ocr_carea' id='block_1_115' title="bbox 2168 5579 3728 5662">
    <p class='ocr_par' dir='ltr' id='par_1_115' title="bbox 2168 5579 3728 5662">
     <span class='ocr_line' id='line_1_115' title="bbox 2168 5579 3728 5662; baseline -0.01 -14"><span class='ocrx_word' id='word_1_887' title='bbox 2168 5594 2258 5648; x_wconf 81' lang='grc' dir='ltr'><strong>τὸν</strong></span> <span class='ocrx_word' id='word_1_888' title='bbox 2282 5593 2588 5647; x_wconf 86' lang='grc' dir='ltr'>ἐπικεῖσθαι</span> <span class='ocrx_word' id='word_1_889' title='bbox 2604 5595 2669 5662; x_wconf 82' lang='grc' dir='ltr'>τῇ</span> <span class='ocrx_word' id='word_1_890' title='bbox 2686 5591 2780 5645; x_wconf 87' lang='grc' dir='ltr'><strong>τοῦ</strong></span> <span class='ocrx_word' id='word_1_891' title='bbox 2798 5593 2840 5643; x_wconf 89' lang='grc' dir='ltr'><strong>ίε</strong></span> <span class='ocrx_word' id='word_1_892' title='bbox 2851 5590 2989 5661; x_wconf 84' lang='grc' dir='ltr'>ρέως</span> <span class='ocrx_word' id='word_1_893' title='bbox 3004 5590 3286 5657; x_wconf 73' lang='grc' dir='ltr'>ὀφείλοντα</span> <span class='ocrx_word' id='word_1_894' title='bbox 3308 5585 3540 5655; x_wconf 76' lang='grc' dir='ltr'>κεφαλῇ,</span> <span class='ocrx_word' id='word_1_895' title='bbox 3556 5584 3629 5644; x_wconf 88' lang='grc' dir='ltr'><strong>εἰς</strong></span> <span class='ocrx_word' id='word_1_896' title='bbox 3642 5579 3728 5648; x_wconf 79' lang='grc' dir='ltr'>τὴν</span> 
     </span>
    </p>
   </div>
   <div class='ocr_carea' id='block_1_116' title="bbox 2169 5670 3726 5755">
    <p class='ocr_par' dir='ltr' id='par_1_116' title="bbox 2169 5670 3726 5755">
     <span class='ocr_line' id='line_1_116' title="bbox 2169 5670 3726 5755; baseline -0.017 -7"><span class='ocrx_word' id='word_1_897' title='bbox 2169 5686 2267 5754; x_wconf 80' lang='grc' dir='ltr'><strong>τῆς</strong></span> <span class='ocrx_word' id='word_1_898' title='bbox 2294 5686 2590 5755; x_wconf 75' lang='grc' dir='ltr'>ἱερωσύνης</span> <span class='ocrx_word' id='word_1_899' title='bbox 2614 5681 2911 5751; x_wconf 82' lang='grc' dir='ltr'>εὐκοσμίαν</span> <span class='ocrx_word' id='word_1_900' title='bbox 2943 5697 3001 5733; x_wconf 88' lang='grc' dir='ltr'><strong>τε</strong></span> <span class='ocrx_word' id='word_1_901' title='bbox 3042 5680 3134 5732; x_wconf 81' lang='grc' dir='ltr'><strong>καί</strong></span> <span class='ocrx_word' id='word_1_902' title='bbox 3154 5677 3506 5749; x_wconf 84' lang='grc' dir='ltr'>εὐπρέπειαν.</span> <span class='ocrx_word' id='word_1_903' title='bbox 3532 5676 3585 5744; x_wconf 86' lang='lat' dir='ltr'><strong>(p</strong></span> <span class='ocrx_word' id='word_1_904' title='bbox 3616 5670 3726 5737; x_wconf 64' lang='lat'><strong>479)</strong></span> 
     </span>
    </p>
   </div>
   <div class='ocr_carea' id='block_1_117' title="bbox 2172 5767 3729 5842">
    <p class='ocr_par' dir='ltr' id='par_1_117' title="bbox 2172 5767 3729 5842">
     <span class='ocr_line' id='line_1_117' title="bbox 2172 5767 3729 5842; baseline -0.008 -13"><span class='ocrx_word' id='word_1_905' title='bbox 2172 5776 2371 5831; x_wconf 84' lang='grc' dir='ltr'>Τοῦτον</span> <span class='ocrx_word' id='word_1_906' title='bbox 2416 5778 2471 5831; x_wconf 80' lang='grc' dir='ltr'><strong>δέ</strong></span> <span class='ocrx_word' id='word_1_907' title='bbox 2501 5777 2758 5830; x_wconf 74' lang='grc' dir='ltr'>νενονότα</span> <span class='ocrx_word' id='word_1_908' title='bbox 2789 5774 3053 5828; x_wconf 79' lang='grc' dir='ltr'>ἐπ·θεῖναι</span> <span class='ocrx_word' id='word_1_909' title='bbox 3090 5771 3193 5839; x_wconf 80' lang='grc' dir='ltr'>μὲν</span> <span class='ocrx_word' id='word_1_910' title='bbox 3222 5772 3288 5842; x_wconf 83' lang='grc' dir='ltr'>τῇ</span> <span class='ocrx_word' id='word_1_911' title='bbox 3313 5767 3405 5820; x_wconf 61' lang='grc' dir='ltr'><strong>τοῦ</strong></span> <span class='ocrx_word' id='word_1_912' title='bbox 3438 5770 3620 5833; x_wconf 74' lang='grc' dir='ltr'>ίερέως</span> <span class='ocrx_word' id='word_1_913' title='bbox 3652 5777 3729 5814; x_wconf 77' lang='grc' dir='ltr'>κε·</span> 
     </span>
    </p>
   </div>
  </div>
