3934 6526
201 357 291 411 5ιί

1100 356 1657 415 COMMENTARIUS
1692 357 1757 414 IN
1795 359 2162 415 ZACHARl/E
2197 359 2349 415 CAP.
2388 358 2499 414 VII.

3342 356 3448 409 5i!

198 471 359 539 φαλῇ,
390 469 564 523 εἰπεῖν
585 470 641 524 δὲ
670 470 804 541 πρὸς
835 470 996 525 αὑτὸν
1029 471 1106 535 ὡς
1146 472 1213 527 ἂν
1246 473 1373 544 περί
1408 474 1515 527 τῶν
1545 490 1767 544 προκει-

1881 476 1938 528 ad
1963 475 2194 543 regalem
2226 472 2594 543 principatum
2614 470 2685 525 ab
2718 470 2853 541 ipsis
2874 469 3039 524 rebus
3070 466 3237 540 gestis
3268 475 3447 535 splen-

199 561 395 629 μένων,
424 559 634 614 πολλῶν
657 578 717 614 τε
741 561 907 615 όντων
938 563 1033 616 καὶ
1055 563 1345 632 μεγίστων,
1368 564 1479 633 ἔχοι
1504 564 1725 636 θαρῤεῖν
1749 580 1761 593 ·

193 654 273 705 ὅτι
323 652 517 724 γνώμῃ
555 652 676 723 θείᾳ
723 652 864 724 ἀνὴρ
918 656 1311 724 ἀναπέφανται,
1358 650 1512 727 ᾧπερ
1568 659 1633 710 ἐκ
1671 655 1766 710 τοῦ

194 742 516 811 πράγματος
538 742 709 813 ὄνομα
750 745 1026 815 Ἀνατολή.
1054 746 1215 815 Λέγει
1241 747 1296 799 δὲ
1322 747 1412 800 τὸν
1440 747 1764 818 Ζοροϐάϐελ,

192 832 266 895 ὡς
292 833 383 885 ἐπὶ
413 835 511 905 τῆς
543 833 825 907 βασιλικῆς
854 838 1148 908 ἡγεμονίας
1192 838 1262 890 δι’
1304 838 1481 892 αὐτῶν
1520 838 1767 909 λαμπρὸν

195 924 528 995 φανούμενον
557 926 665 978 τῶν
698 928 1038 998 πραγμάτων
1059 945 1072 958 ·
1107 946 1127 981 ι
1168 928 1443 982 ’Λνατελεῖ
1468 929 1546 995 δὲ,
1580 930 1765 1000 φησὶν,

194 1014 545 1069 ὑποκάτωθεν
574 1016 740 1071 αὑτοῦ
766 1037 776 1049 ·
811 1039 831 1074 ι
861 1020 979 1075 ἀντί
1009 1020 1124 1075 τοῦ·
1149 1021 1306 1074 Πᾶσα
1354 1020 1677 1093 λαμπρότης
1707 1021 1766 1087 ἐξ

190 1105 355 1157 αὐτοῦ
388 1108 673 1177 περιέσται
707 1109 786 1181 τῷ
824 1110 1017 1182 πλήθει
1060 1110 1168 1164 τῶν
1194 1146 1197 1155 ρ
1226 1111 1495 1165 Ἰουδαίων
1517 1130 1531 1144 ·
1574 1113 1667 1167 τόν
1707 1130 1767 1166 τε

190 1196 299 1265 γὰρ
332 1196 459 1250 ναὸν
492 1193 645 1263 οὗτος
670 1200 1032 1272 οἰκοδομήσει,
1064 1203 1156 1254 καί
1190 1203 1368 1256 πᾶσαν
1397 1204 1462 1257 ἐκ
1489 1205 1588 1272 τῆς
1620 1202 1769 1265 θείας

191 1289 364 1360 ῥοπῆς
399 1290 600 1363 ἀρετὴν
649 1294 1004 1365 περιθέμενος
1046 1297 1137 1348 ἐπὶ
1181 1296 1278 1366 τῆς
1306 1294 1589 1365 βασιλικῆς
1632 1293 1768 1347 καθ-

189 1381 353 1451 έδρας
384 1382 627 1452 διαμενεῖ
652 1383 903 1454 βεὸαίως.
952 1388 1045 1441 Ἐκ
1070 1387 1259 1439 τούτου
1280 1386 1343 1458 δή
1364 1404 1443 1440 σοι
1470 1387 1530 1439 τὸ
1546 1386 1768 1459 θαρρεῖν

191 1473 319 1542 περί
367 1472 478 1526 τῶν
529 1476 903 1547 προκειμένων
952 1478 1267 1547 περιέσται·
1322 1477 1421 1550 ἔσῃ
1466 1476 1574 1549 γὰρ
1619 1477 1769 1549 αὐτῷ

191 1562 330 1631 μετά
361 1563 564 1636 πολλῆς
600 1567 773 1620 συνὼν
802 1571 902 1640 τῆς
945 1569 1332 1640 τιμῆς·›τοῦτο
1370 1570 1478 1639 γάρ
1512 1570 1658 1637 λέγει
1686 1571 1766 1635 τὸ,

194 1674 212 1705 ι
262 1656 459 1709 Ἔσται
488 1659 551 1711 ἐκ
574 1658 762 1724 δεξιῶν
784 1660 971 1724 αὑτοῦ,
1006 1681 1024 1713 ι
1051 1662 1299 1731 ὁμονοίας
1334 1662 1391 1715 ἐν
1415 1662 1767 1732 ἀμφοτέροις,

188 1744 316 1813 ὑμῖν
365 1745 709 1817 κρατούσης·
745 1749 820 1812 ὼς
865 1749 947 1802 σοί
989 1766 1048 1801 τε
1097 1750 1167 1803 τὰ
1203 1752 1509 1822 πράγματα
1540 1751 1629 1804 διά
1668 1752 1770 1821 τῆς

188 1832 477 1905 βασιλικῆς
498 1834 745 1902 ἐξουσίας
770 1839 1014 1907 γίνεσθαι
1044 1841 1178 1912 ῥᾴω,
1210 1842 1417 1895 ἐκεῖνόν
1455 1859 1515 1893 τε
1546 1840 1634 1895 διὰ
1670 1844 1769 1914 τῆς

187 1924 288 1993 σῆς
323 1926 636 1997 ἱερουργίας
683 1929 882 2001 πολλῆς
928 1932 1214 2003 τυγχάνειν
1251 1932 1352 2002 τῆς
1385 1932 1532 1995 θείας
1572 1932 1765 2004 ῥοπῆς.

197 2013 253 2067 ὐ
288 2015 349 2068 δέ
383 2034 446 2084 γε
476 2019 540 2071 ἐκ
578 2019 671 2072 τοῦ
700 2021 1074 2092 περιτεθέντος
1106 2024 1370 2092 στεφάνου
1413 2024 1636 2095 κόσμος,
1668 2026 1769 2078 οὐκ

185 2109 352 2161 αὐτοῦ
391 2111 574 2180 μόνου,
610 2116 811 2178 παντὸς
850 2117 907 2170 δὲ
946 2117 1166 2182 ἔπαινος
1195 2118 1345 2171 ἔσται
1393 2118 1487 2171 τοῦ
1534 2119 1771 2189 πλήθους

184 2197 295 2251 τῶν
320 2218 379 2254 τε
418 2203 552 2273 πρὸς
581 2206 678 2275 τὴν
710 2206 859 2261 θείαν
890 2209 1141 2281 ὁρώντων
1176 2209 1384 2273 ἐλπίδα,
1411 2212 1504 2263 καὶ
1536 2211 1643 2264 τῶν
1674 2211 1769 2266 νῦν

182 2289 248 2343 τὰ
297 2293 629 2365 ἐνδεχόμενα
673 2300 1131 2370 συμϐαλλομένων
1165 2302 1299 2375 πρὸς
1331 2303 1429 2371 τὴν
1473 2302 1566 2356 τοῦ
1617 2304 1768 2357 οἴκου

186 2386 559 2453 κατασκευὴν,
604 2390 699 2443 καὶ
749 2390 856 2463 πρό
891 2408 954 2458 γε
994 2392 1211 2445 πάντων
1244 2393 1337 2445 τοῦ
1368 2394 1619 2462 Σοφονίου
1643 2413 1769 2448 τοσ-

183 2474 358 2547 αύτην
397 2479 829 2552 ἐπιδεδειγμένον
877 2485 977 2555 τὴν
1022 2484 1355 2554 φιλοτιμίαν.
1406 2487 1473 2537 Ἃ
1498 2486 1561 2555 δὴ
1594 2487 1769 2541 πάντα

183 2568 382 2635 γέγονέ
436 2588 494 2623 τε
543 2572 639 2627 καί
687 2575 916 2642 γίνεται,
956 2576 1032 2640 ὡς
1078 2576 1146 2630 ἂν
1189 2576 1440 2647 διηνεκὴς
1470 2578 1504 2647 ἦ
1562 2596 1621 2631 τε
1662 2582 1770 2633 τῶν

186 2658 384 2727 ἱερέων
414 2660 747 2737 λειτουργία,
780 2667 871 2720 καὶ
905 2670 953 2720 οἰ
988 2667 1077 2721 διὰ
1120 2668 1230 2721 τῶν
1278 2668 1567 2722 συνιόντων
1612 2669 1771 2741 ὕμνοι

186 2753 325 2822 πρὸς
355 2756 448 2809 τὸν
482 2757 615 2813 Θεὸν
644 2760 1050 2830 ἐκπληροῦσθαι
1094 2761 1357 2815 δύναιντο.
1395 2762 1471 2831 (p.
1507 2761 1631 2832 480)
1664 2764 1771 2817 Καὶ

1874 568 2001 622 dide
2012 569 2286 621 evectum.
2301 584 2319 616 ι
2337 564 2772 631 Oricturautem,
2792 561 2990 633 inquit,
3002 561 3195 617 subter
3208 559 3384 628 ipsum
3398 575 3413 622 ;
3427 578 3444 609 ι

1872 660 1927 714 id
1945 670 2049 724 est,
2070 659 2310 716 Claritas
2339 657 2518 711 omnis
2558 671 2622 710 ex
2670 670 2737 709 eo
2769 654 2969 709 conliet
3001 653 3201 724 popqu
3227 650 3445 707 Judaso-

1870 767 2023 817 rum;
2059 765 2186 805 nam
2224 749 2488 818 templum
2526 747 2613 800 hic
2638 746 2951 810 aadil'icabit,
2990 754 3041 799 et
3065 747 3210 799 omni
3243 746 3447 799 virtute

1872 842 1985 899 Deo
2016 843 2244 911 juvante
2265 850 2495 894 ornatus
2530 839 2584 891 in
2622 838 2790 908 regali
2827 838 2957 891 sede
2992 838 3236 892 manebit
3283 837 3447 889 (irrui-

1871 943 1977 992 ter.
2022 935 2161 989 llinc
2207 934 2305 988 tibi
2340 931 2617 986 conlidere
2662 931 2941 999 praedictis
3002 932 3168 984 rebus
3224 930 3453 996 licebit;

1869 1028 2073 1084 etenim
2106 1042 2291 1083 secum
2324 1026 2497 1079 multo
2526 1039 2649 1078 cum
2673 1023 2882 1076 honore
2911 1024 3244 1080 versaberis.
3289 1021 3451 1074 Nam-

1869 1135 1978 1190 que
1998 1119 2071 1172 ita
2102 1118 2289 1172 valent
2332 1115 2519 1179 verba,
2557 1133 2574 1165 ι
2603 1115 2644 1169 A
2677 1113 2889 1168 dextris
2939 1113 3060 1183 ejus
3108 1114 3234 1176 erit,
3264 1132 3281 1163 ι
3313 1127 3449 1165 con-

1870 1210 2061 1266 cordia
2095 1209 2237 1265 inter
2274 1224 2373 1263 vos
2408 1207 2600 1261 ambos
2633 1213 3041 1274 perseverante,
3092 1206 3165 1258 ita
3195 1215 3252 1259 ut
3278 1214 3331 1259 et
3357 1220 3447 1259 res

1870 1312 1979 1358 tua:
2000 1301 2199 1371 regalis
2263 1306 2582 1370 potentatus
2632 1312 2734 1365 0pc
2766 1297 2895 1350 [iant
2942 1296 3216 1359 meliores.
3263 1306 3317 1349 et
3356 1298 3448 1352 ille

1873 1404 2095 1465 pr0pter
2121 1402 2277 1447 tuum
2307 1389 2679 1447 sacerdotium
2712 1388 2900 1442 divino
2928 1386 3254 1441 fulcimento
3294 1386 3447 1440 frna-

1873 1491 1984 1538 tur.
2044 1482 2161 1537 Jam
2213 1492 2267 1539 et
2298 1482 2566 1550 impositae
2613 1494 2835 1534 corona:
2887 1486 3269 1532 ornamentum
3301 1476 3447 1531 haud

1874 1575 1973 1629 tibi
2009 1575 2114 1643 ipsi
2172 1582 2407 1638 tantum,
2441 1570 2534 1626 sed
2560 1569 2819 1629 universo
2854 1569 3053 1637 populo
3090 1567 3235 1621 laudi
3285 1567 3451 1637 320

1871 1667 2000 1729 erit,
2023 1666 2265 1720 divinam
2298 1679 2447 1732 spem
2484 1677 2593 1732 pra:
2620 1662 2799 1717 oculis
2837 1660 3056 1714 babenti
3084 1667 3140 1714 et
3177 1674 3323 1712 nunc
3350 1674 3451 1728 pro

1871 1759 2083 1813 viribus
2132 1756 2199 1810 ad
2258 1755 2444 1825 templi
2506 1754 2799 1809 aedilicium
2866 1752 3062 1820 stipem
3118 1749 3447 1814 conferenti,

1876 1848 2155 1920 Sophonia
2202 1847 2254 1901 in
2302 1846 2494 1915 primis
2547 1852 2762 1898 tantum
2821 1844 2899 1897 rei
2939 1841 3182 1895 studium
3244 1856 3355 1909 prae
3391 1854 3452 1894 se

1875 1940 2106 1996 ferente.
2136 1938 2268 2005 Quae
2299 1940 2484 1991 omnia
2518 1944 2573 1990 et
2606 1935 2748 1989 facta
2787 1941 2915 1989 sunt
2945 1941 3000 1988 et
3037 1935 3195 1995 liunt,
3245 1941 3303 1985 ut
3336 1946 3453 2000 per-

1875 2041 2095 2101 petuum
2128 2030 2475 2085 sacerdotum
2513 2028 2584 2083 sit
2629 2025 3020 2089 ministerium,
3065 2032 3119 2077 et
3153 2038 3453 2092 congrega-

1872 2132 2052 2177 torum
2102 2126 2155 2176 in
2188 2122 2387 2191 templo
2420 2120 2606 2190 hymni
2653 2119 2720 2171 ad
2765 2118 2932 2173 Deum
2973 2116 3159 2169 extolli
3214 2116 3448 2184 possint.

1872 2213 1986 2269 lmo
2017 2223 2070 2268 et
2103 2213 2429 2284 longinquos
2463 2210 2733 2281 plurimos
2780 2210 2886 2263 huc
2918 2218 3318 2262 concurrentes
3368 2209 3453 2260 vi-

1876 2296 2102 2371 debitis,
2136 2304 2441 2375 symbolam
2489 2316 2642 2357 suam
2698 2302 2764 2355 ad
2799 2301 2982 2370 templi
3038 2299 3453 2353 aediﬁcationem

1875 2397 2244 2454 conferentes.
2314 2396 2495 2462 Quare
2546 2410 2612 2449 ex
2663 2394 2822 2449 factis
2880 2392 3016 2462 ipsis
3092 2393 3452 2461 perspicuum

1878 2491 2133 2546 omnibus
2171 2490 2261 2544 ﬁet
2298 2505 2385 2544 me
2433 2487 2529 2543 Dei
2587 2486 2859 2543 sententia
2894 2487 3009 2541 haec
3058 2486 3451 2540 nuntiaturum

1876 2583 1945 2638 ad
1967 2598 2065 2640 vos
2093 2582 2343 2647 venisse;
2378 2595 2500 2650 qua:
2527 2579 2750 2649 quidem
2803 2579 3011 2633 exitum
3065 2593 3225 2633 suum
3273 2576 3459 2630 nanci-

1877 2684 2119 2737 scentur,
2148 2674 2193 2727 si
2225 2688 2319 2727 vos
2355 2685 2502 2727 certe
2528 2671 2787 2741 legitimis
2821 2671 2957 2724 meis
2976 2671 3295 2725 obedientes
3324 2684 3457 2723 con-

1879 2773 2092 2821 stanter
2121 2764 2358 2818 fueritis.

184 2846 293 2917 γὰρ
345 2846 415 2919 δὴ
458 2850 552 2902 καί
598 2851 706 2906 τῶν
739 2853 1020 2923 πόρρωθεν
1059 2853 1229 2907 ὄντων
1265 2853 1552 2916 πλείστους
1585 2855 1741 2920 ὅσους
1782 2857 2169 2930 συντρέχοντας
2196 2856 2413 2926 ὂψεσθε,
2444 2872 2513 2909 τα
2556 2856 2681 2927 παρ’
2716 2855 2919 2908 ἑαυτῶν
2954 2856 3032 2917 εἰς
3056 2854 3153 2924 τὴν
3186 2852 3277 2906 τοῦ
3308 2850 3457 2905 οἴκου

188 2940 643 3012 συνεισφέροντας
672 2944 989 3016 οἰκοδομήν·
1027 2946 1102 3009 ὡς
1144 2946 1203 3011 ἐξ
1232 2946 1408 2999 αὐτῶν
1442 2946 1705 3017 πρόδηλον
1738 2949 1908 3003 ἅπασι
1956 2949 2205 3017 γενέσθαι
2251 2950 2359 3001 τῶν
2405 2948 2768 3018 πραγμάτων,
2817 2947 2897 2999 ὃτι
2942 2945 3136 3017 γνώμῃ
3183 2944 3317 2997 Θεοῦ
3364 2943 3459 2997 νῦν

184 3033 680 3104 εὐαγγελιούμενος
707 3036 850 3106 ὑμᾶς
872 3037 1109 3107 ἐλήλυθα
1136 3041 1327 3104 ταῦτα,
1356 3038 1499 3108 ἅπερ
1539 3036 1631 3093 οὖν
1661 3040 1755 3094 καί
1791 3040 1925 3111 πρὸς
1958 3043 2129 3113 πέρας
2158 3040 2456 3107 ἐλεύσεται,
2488 3040 2691 3110 ἐάνπερ
2723 3038 3034 3109 διαμείνητε
3070 3041 3181 3101 τοῖς
3208 3036 3458 3107 νομίμοις

185 3129 587 3193 ἐσπουδακότες
614 3130 895 3185 πείθεσθαι
924 3133 1037 3195 τοῖς
1064 3133 1236 3203 ἐμοῖς.

858 3248 1017 3304 ΚΕΦ.
1057 3242 1133 3301 Z'.

255 3335 415 3405 Στίχ.
468 3335 590 3389 α’-ε’
651 3366 722 3376 -
756 3339 912 3395 Μετὰ
951 3338 1112 3392 τοῦτο
1157 3339 1327 3407 λέγει,
1372 3340 1617 3411 τετάρτῳ
1666 3339 1775 3393 ἔτει

187 3429 574 3497 βασιλεύοντος
622 3429 849 3500 Δαρείου
896 3432 1231 3485 ἀπεστάλθαι
1290 3433 1388 3502 μέν
1442 3449 1593 3495 τινας
1647 3434 1775 3503 παρ’

184 3522 347 3575 ἐνίων
388 3522 498 3575 τῶν
528 3525 586 3576 ἐν
618 3526 730 3586 τοῖς
759 3523 1061 3595 ἀλλοτρίοις
1104 3524 1199 3578 τοῦ
1258 3523 1651 3596 Ίσραηλιτικοῦ
1684 3523 1777 3594 βα-

187 3614 545 3680 σιλευόντων,
582 3615 723 3685 πρὸς
756 3616 883 3678 τοὺς
927 3616 1021 3669 ἐπὶ
1067 3616 1166 3686 τῆς
1211 3615 1566 3687 Ἰερουσαλὴμ
1615 3617 1777 3687 ἱερεῖς

184 3723 244 3759 τε
290 3708 395 3759 καὶ
440 3709 756 3777 προφήτας·
804 3705 946 3760 ὥστε
992 3707 1345 3773 ἐξιλάσασθαι
1381 3708 1479 3778 μὲν
1509 3708 1639 3761 Θεὸν
1679 3707 1775 3759 θυι

184 3798 336 3861 σίαις
372 3800 516 3869 ὑπὲρ
540 3793 630 3853 ’ὧν
657 3801 1003 3871 ἡμαρτηκόσι
1034 3800 1332 3871 συνῄδεσαν
1365 3802 1576 3863 ἑαυτοῖς
1597 3817 1609 3830 ·
1639 3802 1777 3870 ἐρω-

182 3890 359 3957 τῆσαι
387 3891 444 3943 δὲ
490 3892 584 3944 καὶ
624 3891 812 3961 μαθεῖν
839 3895 888 3945 εἰ
915 3893 1006 3945 τὸν
1037 3895 1235 3946 οἰκεῖον
1264 3892 1534 3963 ἀπείληφε
1577 3892 1778 3962 κόσμον

182 3983 214 4035 ὁ
244 3982 345 4037 τοῦ
397 3981 533 4035 Θεοῦ
570 3983 717 4046 ναὸς,
758 3984 835 4047 ὼς
884 3984 950 4037 ἂν
975 3985 1069 4038 καὶ
1113 3987 1235 4047 ταῖς
1286 3984 1780 4055 καθηκούσαιςέπί

182 4076 252 4144 τῇ
280 4074 385 4127 τοῦ
434 4074 582 4128 θείου
623 4074 892 4147 θεραπεία
917 4078 1212 4147 χρήσαιντο
1260 4076 1555 4146 νηστείαις.
1600 4077 1780 4146 Ὅπερ

182 4158 282 4216 οὖν
323 4162 424 4217 καί
468 4164 835 4232 πεποιήκασιν
880 4164 975 4217 ἐπὶ
1008 4164 1218 4217 πλείοσι
1264 4167 1377 4227 τοῖς
1418 4165 1594 4217 ἔτεσιν
1640 4165 1777 4236 ήδη·

181 4255 487 4324 γεγονότος
530 4255 588 4307 δὲ
626 4254 812 4307 τούτου
858 4255 990 4326 παρ’
1030 4256 1274 4318 ἐκείνων,
1307 4256 1402 4309 καὶ
1440 4256 1503 4326 δὴ
1536 4256 1629 4308 καί¹
1672 4255 1781 4309 τῶν

180 4348 631 4419 ἀπεσταλμένων
674 4349 956 4418 παρόντων
995 4366 1057 4402 τε
1091 4349 1185 4403 καί
1217 4348 1315 4418 τὴν
1359 4349 1550 4421 χρείαν
1582 4350 1783 4420 ἐκπλη-

184 4442 441 4514 ρούντων
470 4441 554 4510 ἐφ’
583 4436 725 4514 ᾗπερ
756 4437 896 4512 ἦσαν
933 4440 1355 4511 ἀπεσταλμένοι,
1395 4442 1463 4495 δι’
1504 4442 1781 4495 ἀποκαλύ-

178 4536 341 4604 ψεως
372 4536 494 4598 οῐας
536 4534 616 4605 τῷ
648 4535 903 4607 προφήτῃ
948 4533 1307 4603 κελευσθῆναι
1340 4534 1511 4588 ταῦτα
1543 4535 1682 4606 πρός
1724 4552 1783 4588 τε

178 4630 281 4683 τὸν
315 4628 452 4681 λαὸν
482 4628 696 4682 ᾶπαντα
728 4627 827 4696 τῆς
856 4628 960 4697 γῆς
1004 4627 1099 4679 καὶ
1129 4626 1254 4689 τοὺς
1284 4628 1451 4695 ἱερεῖς
1491 4626 1781 4697 διαλεχθῆ-

179 4741 275 4776 ναι
296 4737 311 4750 ·
352 4721 504 4791 ἅπερ
528 4714 622 4772 οὖν
649 4718 937 4780 κάκείνους
970 4716 1160 4787 μαθεῖν
1193 4718 1467 4788 παρόντας
1492 4718 1683 4789 ἐχρῆν,
1707 4718 1783 4782 ὡς

181 4813 254 4867 ἂν
284 4812 356 4865 τὸ
390 4810 704 4881 λεγόμενον,
756 4808 830 4879 μὴ
876 4809 986 4861 τῶν
1031 4808 1247 4862 οἰκείων
1284 4810 1465 4879 μόνον,
1510 4810 1648 4863 ἀλλά
1689 4810 1784 4863 καὶ

177 4903 297 4957 τῶν
350 4901 695 4972 ἐληλυθότων
736 4900 834 4971 ἔχη
865 4899 1233 4956 διδασκαλίαν.
1276 4896 1384 4953 Ἦν
1416 4900 1473 4954 δὲ
1514 4901 1583 4954 τὰ
1626 4902 1784 4970 λεγό-

182 5010 335 5062 μενα
389 4991 597 5044 ταῦτα·
642 4992 716 5044 Οὐ
766 4991 967 5061 σπουδή
1030 5006 1151 5060 μοι,
1206 4991 1372 5059 φησί,
1426 4988 1788 5060 νηστεύοντας

178 5088 342 5155 ὑμᾶς
403 5084 499 5138 καὶ
536 5083 903 5154 κοπτομένους
954 5083 1205 5153 βλέπειν·
1236 5084 1297 5137 ού
1336 5081 1445 5153 γὰρ
1482 5084 1541 5136 ἐν
1579 5082 1788 5147 τούτοις

176 5181 288 5250 τὴν
330 5176 579 5249 ἐμαυτοῦ
630 5176 850 5247 τίθεμαι
900 5175 1232 5248 θεραπείαν·
1284 5175 1375 5227 ἐπὶ
1416 5173 1787 5245 ἐϐδομήκοντα

176 5272 329 5342 γοῦν
361 5274 479 5333 τοῖς
522 5270 696 5323 ἐτεσιν
739 5271 798 5323 ἐν
826 5270 892 5340 τῇ
924 5266 1273 5338 αἰχμαλωσίᾳ
1317 5264 1619 5334 γεγονότες,
1667 5265 1787 5318 οὐδὲ

181 5367 329 5436 μίαν
359 5363 708 5429 ἐπεδείξασθε
734 5363 990 5435 νηστείαν
1009 5380 1023 5393 ·
1059 5362 1135 5433 (ρ.
1171 5359 1298 5431 481)
1330 5358 1425 5413 καὶ
1456 5360 1606 5429 ὅμως
1633 5358 1787 5411 οὐδὲν

175 5456 415 5513 τοιοῦτο
444 5457 575 5528 παρ’
601 5456 754 5527 ὑμῶν
780 5457 1029 5527 αἰτήσας,
1064 5451 1533 5524 μεταϐαλομένους
1552 5450 1653 5520 τῆς
1688 5468 1780 5504 καο

179 5547 323 5609 χίας
379 5544 527 5607 ἰδὼν,
573 5544 993 5615 ἀποκατέστησα
1040 5545 1152 5606 τοῖς
1200 5542 1455 5604 οἰκείοις·
1512 5540 1623 5593 εἴτε
1678 5539 1787 5611 γάρ

179 5639 434 5707 φάγοιτε
477 5638 571 5690 καὶ
615 5637 813 5701 πίοιτε,
846 5636 955 5689 εἴτε
1009 5636 1103 5689 καὶ
1147 5636 1245 5704 μὴ,
1301 5634 1541 5704 ὑμετέρα
1588 5632 1686 5703 μὲν
1726 5633 1789 5685 τὸ

180 5733 406 5801 φαγεῖν
454 5730 775 5794 ἀπόλαυσις,
823 5729 1063 5800 ὑμετέρα
1108 5728 1167 5781 δὲ
1212 5728 1306 5780 καὶ
1350 5726 1412 5779 τὸ
1466 5725 1539 5797 μὴ
1592 5726 1788 5793 φαγεῖν

2514 3220 2665 3276 CAP.
2709 3218 2820 3277 VII.

1955 3340 2117 3395 Vens.
2174 3338 2304 3394 1-5.
2344 3366 2415 3379 --
2450 3337 2646 3391 Postea
2718 3334 2852 3390 dicit
2904 3341 3103 3403 quarto
3168 3332 3316 3387 Darii
3368 3346 3458 3387 re-

1878 3435 2097 3506 gnantis
2126 3448 2269 3485 anno
2300 3430 2502 3485 missos
2551 3428 2724 3482 fuisse
2770 3426 2988 3495 aliquos
3045 3439 3075 3478 a
3126 3421 3458 3494 quibusdam

1877 3530 1969 3596 qui
1997 3527 2139 3580 inter
2171 3524 2510 3592 alienigenas
2538 3519 2850 3575 Israelitica:
2870 3517 3017 3586 genti
3052 3515 3459 3587 imperitabant,

1878 3619 1947 3673 ad
1971 3618 2286 3673 sacerdotes
2325 3617 2378 3668 in
2412 3614 2549 3668 urbe
2576 3611 2916 3666 Hierusalem
2951 3620 3114 3680 atque
3137 3609 3461 3678 prophetas,

1880 3721 1940 3765 ut
1981 3709 2148 3763 Deum
2185 3707 2473 3761 sacriﬁciis
2502 3706 2897 3774 placarentpro
2929 3702 3046 3755 suis
3075 3714 3308 3770 quorum
3325 3714 3459 3753 con—

1882 3803 1981 3857 scii
2013 3807 2170 3855 erant
2205 3799 2478 3869 peccatis;
2513 3805 2678 3866 atque
2711 3804 2769 3850 ut
2799 3793 3153 3862 exquirerent
3189 3806 3319 3844 num
3370 3804 3462 3844 sa-

1882 3896 1954 3950 tis
1986 3893 2349 3947 conveniente
2378 3897 2576 3942 ornatu
2606 3887 2869 3957 templum
2890 3885 2984 3938 Dei
3012 3884 3345 3938 instructum
3382 3896 3465 3936 es-

1883 3994 1987 4047 set,
2009 3998 2119 4053 quo
2154 3983 2258 4053 ipsi
2290 3980 2355 4034 ad
2392 3980 2484 4034 Dei
2522 3981 2785 4033 honorem
2814 3990 3055 4045 congrua
3082 3973 3294 4043 jejunia
3327 3986 3460 4041 per-

1883 4080 2143 4145 agerent;
2178 4071 2322 4142 quod
2361 4070 2612 4140 pluribus
2643 4070 2753 4138 jam
2795 4066 2954 4121 annis
3006 4066 3269 4119 fecerant.
3303 4061 3461 4128 Quod
3534 4092 3539 4097 -

1883 4182 2006 4220 cum
2042 4166 2120 4220 illi
2165 4164 2433 4234 egissent,
2481 4161 2848 4232 praesentibus
2895 4159 2986 4229 qui
3030 4157 3181 4212 missi
3221 4156 3461 4215 fuerant,

1884 4266 1939 4313 et
1968 4256 2185 4327 negotio
2215 4255 2376 4325 cujus
2421 4268 2589 4308 causa
2636 4259 2903 4307 venerant
2952 4256 3195 4320 peracto,
3241 4263 3335 4316 per
3379 4261 3464 4300 re-

1885 4350 2210 4404 velationem
2241 4347 2505 4417 propheta
2551 4346 2742 4415 jussus
2776 4352 2859 4398 est
2913 4343 3025 4396 lizec
3074 4340 3259 4394 omnia
3317 4337 3463 4408 apud

1887 4442 2203 4497 universum
2230 4445 2390 4493 terra:
2417 4436 2677 4507 populum
2705 4432 3132 4500 sacerdotesque
3152 4432 3461 4489 enuntiare,

1889 4550 2011 4604 qua:
2036 4533 2247 4588 scilicet
2276 4531 2427 4600 ipsos
2458 4542 2677 4599 quoque
2719 4527 2863 4582 scire
2898 4525 3220 4594 Oportebat;
3252 4531 3310 4576 ut
3346 4535 3467 4590 qua:

1888 4625 2227 4687 dicerentur,
2265 4638 2373 4677 non
2398 4620 2755 4692 popularibus
2804 4627 3041 4681 tantum,
3075 4630 3261 4670 verum
3300 4614 3466 4667 etiam

1891 4714 2121 4770 advenis
2158 4713 2475 4781 magisterio
2508 4709 2710 4763 forent.
2744 4707 3118 4761 Erantautem
3153 4705 3458 4762 dictabam:

1887 4805 1975 4860 Nil
2009 4820 2127 4859 mea
2154 4805 2385 4859 interest
2400 4802 2715 4871 jejunantea
2746 4814 2842 4853 vos
2872 4806 2925 4852 et
2955 4802 3235 4867 gementes
3259 4793 3465 4858 videre;

1891 4917 2068 4972 neque
2100 4902 2246 4955 enim
2284 4899 2336 4953 in
2383 4899 2470 4954 his
2517 4897 2703 4951 cultus
2741 4896 2847 4950 mei
2901 4896 3169 4949 rationem
3227 4891 3461 4961 positam

1887 5007 2010 5047 esse
2033 4990 2241 5060 judico.
2270 4990 2429 5043 Certe
2456 4986 2617 5041 annis
2653 4984 2997 5055 septuaginta
3033 4981 3348 5052 captivitate
3375 4979 3469 5034 de—

1888 5085 2025 5140 tenti
2049 5084 2257 5137 nullum
2286 5081 2556 5151 jejunium
2598 5078 2976 5143 obscrvastis;
3023 5082 3263 5128 attamen
3305 5070 3465 5141 321

1889 5175 2023 5229 nihil
2052 5172 2368 5243 huiusmodi
2413 5188 2442 5225 a
2477 5171 2629 5225 vobis
2659 5177 2940 5239 expetens,
3012 5173 3299 5235 postquam
3353 5160 3467 5215 vidi

1890 5282 1921 5321 a
1977 5265 2216 5336 nequitia
2273 5265 2687 5333 resipisccntes,
2747 5262 2800 5315 in
2847 5258 3078 5327 patriam
3134 5253 3470 5324 postliminio

1894 5358 2169 5413 revocavi.
2215 5355 2347 5410 Nam
2397 5371 2491 5410 seu
2526 5369 2624 5408 vos
2661 5350 2962 5406 comedatis
3022 5359 3184 5416 atque
3245 5345 3467 5408 bibatis,

1894 5452 2011 5507 sive
2039 5464 2222 5514 secus,
2260 5456 2440 5502 vestra
2486 5454 2571 5500 est
2601 5443 2920 5499 comedendi
2961 5442 3233 5509 voluptas.
3287 5447 3467 5493 vestra

1894 5544 2022 5597 item
2052 5557 2080 5594 a
2106 5538 2444 5594 comedenda
2471 5535 2837 5597 abstinentia;
2886 5533 3015 5586 mihi
3048 5546 3176 5585 vero
3210 5531 3344 5585 nulli
3376 5545 3467 5585 res

1897 5632 2211 5703 hujusmodi
2244 5646 2391 5685 curse
2417 5636 2564 5683 sunt.
2592 5626 2770 5695 Atque
2792 5632 2850 5677 ut
2876 5622 3128 5678 ostendat
3156 5621 3295 5676 haud
3323 5633 3467 5676 nunc

1898 5726 2131 5795 primum
2162 5722 2275 5776 hzec
2306 5722 2412 5775 illis
2444 5721 2624 5774 dicere
2651 5734 2665 5774 :

183 5824 495 5895 στέρησις,
524 5822 649 5893 ἐμοὶ
678 5820 735 5874 δὲ
772 5819 929 5888 λόγος
964 5817 1170 5873 τούτων
1199 5816 1391 5881 οὐδείς.
1429 5816 1537 5871 Καὶ
1578 5815 1792 5879 δεικνὺς
1833 5818 1915 5871 ὅτι
1943 5816 2005 5869 ού
2033 5814 2126 5869 νῦν
2150 5812 2325 5869 ταῦτα
2365 5810 2580 5881 πρῶτον
2615 5825 2749 5877 φησι
2776 5806 2910 5876 πρὸς
2950 5802 3172 5865 αὐτούς·
