3934 6548
181 373 284 430 διδ

1101 367 1658 427 COMMENTARIUS
1694 366 1761 422 IN
1804 365 2176 424 ZACIIARLE
2206 370 2360 428 CAP.
2386 370 2501 425 Vill

3341 372 3444 428 546

179 507 302 562 ρονο
337 487 632 560 ἀφανισμῷ
664 507 721 543 τε
753 490 1251 563 περιϐληθήσεσθαι
1277 494 1374 564 τήν
1405 496 1511 564 γῆν
1547 494 1762 564 ἀπεφη-

1868 499 2090 562 pt'optcr
2146 507 2417 547 summam
2470 495 2715 548 locorum
2779 493 3154 550 solitudinem.
3214 492 3342 549 Hac
3391 503 3445 550 et

176 582 358 652 νάμην
385 581 487 650 τὴν
515 581 808 652 ὑμετέραν,
857 581 959 634 οὐκ
995 583 1427 654 ἀνω-τρέφοντος
1469 584 1556 637 ἐπ’
1587 583 1764 653 αὐτῆς

175 671 253 724 ἔτι
284 671 450 734 τινὸς,
476 673 536 724 ού
563 671 888 737 διοδεύοντος
917 672 1006 726 διὰ
1030 672 1130 745 τὴν
1165 673 1612 747 ὑπερϐάλλουσαν
1640 675 1762 745 ἐρη-

176 764 326 834 μίαν.
361 763 547 817 Ταῦτα
575 764 638 834 δὴ
680 766 778 838 καὶ
807 765 1101 838 ἢπεελησα,
1135 768 1288 839 φησὶ,
1323 769 1415 822 καὶ
1444 767 1758 838 πεποίηκα·

171 856 240 927 ἢν
281 856 614 928 ἐξελεξάμην
650 860 754 930 γῆν
799 861 1065 932 πρότερον
1109 862 1190 922 είς
1229 863 1421 932 κτῆσιν
1460 862 1755 932 ὑμετέραν,

173 947 469 1020 ἀφανισμῷ
505 948 867 1020 παραδέδωκα
889 966 904 978 ’
937 950 999 1005 τὸ
1024 951 1136 1024 γάρ
1168 972 1188 1004 ι
1227 952 1586 1022 κεκράξονται
1621 973 1638 1004 ι
1665 954 1761 1006 καὶ

179 1057 200 1089 ι
233 1041 689 1110 ἀφανισθήσεται,
730 1062 749 1092 ι
779 1042 854 1106 ὼς
887 1045 980 1097 ἐπὶ
1016 1036 1300 1114 μέλλοντος
1349 1045 1518 1114 λέγει,
1566 1045 1631 1098 τὸ
1673 1061 1763 1114 γε-

175 1134 331 1200 γονὸς
359 1133 746 1205 ἐξηγούμενος,
776 1135 870 1188 τὸν
891 1137 1079 1207 χρόνον
1116 1137 1258 1191 κατὰ
1293 1137 1355 1190 τὸ
1384 1135 1574 1201 εἰωθὸς
1600 1137 1760 1190 ἐναλ-

172 1226 384 1281 λάττων
403 1241 417 1258 ’
449 1227 478 1280 δ
508 1228 778 1299 πολλαχοῦ
802 1230 1085 1299 γινόμενον
1117 1230 1207 1283 ἐπὶ
1235 1231 1334 1301 τῆς
1359 1231 1506 1291 θείας
1536 1231 1758 1302 Γραφῆς

173 1319 326 1390 παρά
347 1334 409 1371 τε
435 1318 513 1388 τῷ
545 1322 800 1392 μακαρίῳ
826 1322 994 1374 Δαυὶδ
1018 1324 1110 1376 καὶ
1152 1326 1272 1386 τοῖς
1304 1323 1512 1387 λοιποῖς
1549 1326 1762 1395 προφή-

170 1428 292 1474 ταις
329 1412 419 1466 διά
457 1413 667 1466 πολλῶν
698 1413 979 1485 ἐδείξαμεν
1018 1416 1138 1488 ήδη.
1193 1417 1368 1489 Ὅπερ
1408 1413 1506 1470 οὖν
1547 1419 1641 1471 καὶ
1681 1419 1763 1471 δε-

170 1503 415 1576 δήλωκεν
438 1507 627 1570 είπὼν,
665 1525 684 1558 ι
726 1508 835 1562 Καὶ
855 1509 1052 1576 ἔταξαν
1078 1510 1187 1581 γῆν
1214 1509 1478 1582 ἐκλεκτήν
1501 1513 1583 1576 είς
1619 1513 1758 1580 ἀφα-

172 1599 401 1669 νισμόν·
439 1619 462 1652 ι
496 1599 662 1664 ἔδειξε
705 1601 814 1672 γὰρ
851 1603 932 1656 ὅτι
977 1603 1039 1655 οὐ
1082 1603 1280 1674 μέλλον
1307 1605 1538 1674 πρᾶγμα
1586 1603 1755 1671 λέγει,

171 1689 308 1742 ἀλλά
355 1691 734 1763 παρεληλυθός
776 1708 836 1746 τε
870 1693 970 1764 ἤδη
1016 1695 1109 1746 καὶ
1151 1695 1394 1763 γεγονός.
1449 1695 1756 1765 Ἦϐουλήθη

170 1781 224 1834 δὲ
247 1781 319 1835 δι’
338 1782 479 1835 ὅλων
501 1786 677 1837 εἰπεῖν
698 1825 711 1846 ,
738 1783 820 1837 ὅτι
837 1784 947 1856 Τὴν
1001 1785 1098 1856 μὲν
1131 1786 1386 1857 νηστείαν
1424 1787 1452 1839 ὑ
1461 1787 1577 1857 μῶν
1627 1804 1759 1858 παρ-

1863 584 2232 640 comminatus
2265 598 2410 646 sum,
2442 585 2642 655 inquit,
2668 597 2721 640 et
2739 586 2924 656 peregi
2951 600 3152 656 :quam
3171 586 3446 656 elegerant

1861 684 2021 731 antea
2051 683 2254 731 terram
2289 675 2357 730 ad
2385 677 2682 732 incolatum
2713 687 2977 742 vestrum,
3007 677 3248 732 vastitati
3282 680 3449 732 tradi-

1861 765 1953 834 di;
1989 769 2192 822 ctenim
2222 769 2406 830 verba,
2429 789 2447 820 ι
2472 768 2809 834 clamabunt,
2836 789 2854 821 ι
2881 781 2954 835 et,
2991 791 3012 822 ‹
3032 771 3390 835 desolabitur,
3418 789 3437 821 ι

1861 860 1998 915 dicit
2027 873 2289 931 tanquam
2326 862 2393 915 de
2438 875 2498 915 re
2527 859 2732 928 futura,
2764 877 2888 915 cum
2926 877 3119 931 reapse
3151 863 3220 918 de
3249 871 3444 934 prate-

1861 952 1964 1006 rita
1995 952 2271 1022 loquatur.
2299 959 2520 1022 tempus
2553 966 2704 1006 more
2736 952 2902 1008 solito
2945 953 3222 1009 invertens
3253 973 3265 1009 :
3295 955 3444 1024 quod

1861 1057 2004 1113 saepe
2056 1043 2171 1099 ﬁeri
2218 1051 2334 1098 tum
2379 1044 2524 1113 apud
2575 1044 2796 1098 beatum
2835 1043 3094 1099 Davidem
3135 1054 3250 1100 tum
3296 1045 3444 1116 apud

1862 1141 2089 1188 caeteros
2146 1133 2444 1204 prOpbetas
2496 1135 2554 1188 in
2611 1134 2798 1187 divina
2861 1132 3175 1204 Scriptura,
3226 1135 3439 1204 jamdiu

1861 1223 2066 1278 allatim
2113 1225 2636 1279 demonstravimus.
2677 1224 2852 1288 Quem
2893 1223 3072 1292 ipsum
3106 1234 3316 1292 tropum
3353 1226 3443 1280 hic

1861 1326 2092 1385 usurpat
2141 1315 2333 1370 dicens
2363 1315 2508 1369 :«Et
2524 1323 2828 1385 posuerunt
2878 1323 3078 1368 terram
3121 1317 3286 1390 323
3328 1318 3444 1372 elc-

1860 1414 2004 1460 ctam
2032 1406 2087 1460 in
2129 1407 2528 1462 desolationem
2558 1425 2571 1460 :
2608 1425 2628 1459 ι
2663 1406 2905 1463 ostendit
2946 1407 3089 1461 enim
3135 1422 3194 1462 se
3232 1423 3339 1460 non
3373 1407 3443 1462 de

1862 1513 1922 1554 re
1951 1497 2135 1552 futura
2190 1498 2359 1570 loqui,
2408 1500 2502 1556 sed
2543 1500 2612 1554 de
2653 1500 2925 1571 prater-ita
2974 1509 3025 1553 et
3052 1500 3164 1568 jam
3198 1507 3437 1568 peracta.

1860 1592 1988 1648 Vult
2037 1603 2216 1650 autem
2257 1610 2354 1665 per
2396 1595 2512 1650 hac
2550 1598 2734 1651 omnia
2774 1596 2959 1651 dicere
2996 1594 3160 1660 Deus,
3207 1610 3266 1650 se
3305 1593 3448 1663 jeju-

1862 1683 2014 1738 nium
2066 1693 2314 1741 vestrum
2369 1701 2602 1742 renuere
2663 1687 2860 1742 vitiose
2916 1695 3133 1750 actum;
3199 1687 3443 1742 suasisse

1861 1784 2042 1832 autem
2072 1793 2195 1848 qua:
2222 1794 2322 1834 vos
2375 1778 2553 1834 facere
2587 1779 2871 1849 oportebat
2899 1795 2912 1844 ;
2965 1787 3020 1834 et
3053 1779 3181 1848 quia
3233 1793 3442 1832 morem

169 1873 420 1947 ῃτούμην
445 1871 630 1940 κακῶς
653 1877 943 1948 γινομένην
959 1918 974 1942 ,
998 1878 1378 1932 συνεϐούλευον
1409 1879 1464 1932 δὲ
1489 1880 1525 1934 ἀ
1547 1881 1755 1950 προσῆ-

1868 1869 1911 1924 ei
1951 1847 2141 1940 gerere
2188 1870 2471 1934 noluistis,
2504 1847 2714 1925 tantam
2759 1871 2919 1926 vobis
2958 1847 3288 1937 imposuisse
3325 1886 3445 1945 pm-

169 1984 264 2020 κον
293 1963 364 2037 ἦν
390 1968 726 2038 πράττεσθαι
747 1970 880 2039 παρ’
900 1969 1075 2040 ὑμῶν·
1111 1971 1204 2024 καὶ
1230 1971 1418 2042 ἐπειδὴ
1446 1971 1656 2036 τούτοις
1683 1971 1760 2044 μὴ

171 2060 516 2130 προσείχετε,
537 2060 794 2132 τοιαύτην
812 2062 946 2132 ὑμῖν
965 2063 1246 2133 ἐπήγαγον
1267 2064 1561 2136 τιμωρίαν.
1598 2064 1758 2118 Ἀλλά

168 2151 289 2204 τότε
323 2151 430 2221 μὲν
455 2151 628 2205 ταῦτα
669 2167 802 2224 φησι
823 2167 838 2184 ⁸
869 2153 966 2208 νῦν
991 2153 1050 2207 δὲ
1077 2155 1160 2221 τί;

823 2245 981 2299 ΚΕΦ.
1031 2243 1113 2300 ην.

233 2337 392 2407 Στίχ.
429 2335 570 2391 α’·ε’.
602 2363 676 2376 -ο
704 2359 722 2387 ι
744 2334 882 2391 Τάδε
916 2337 1063 2408 λέγει
1089 2337 1295 2410 Κύριος
1321 2340 1716 2412 παντοκράτωρ
1741 2357 1756 2372 ο

179 2423 464 2494 Ἔζήλωσα
501 2427 600 2499 τὴν
637 2428 994 2500 Ἰερουσαλὴμ
1033 2431 1128 2482 καὶ
1153 2430 1252 2502 τὴν
1282 2429 1418 2484 Σιὼν
1458 2431 1618 2501 ζῆλον
1662 2433 1760 2502 μέν

167 2527 273 2580 γαν
301 2529 315 2543 ·
354 2514 451 2567 καὶ¹
495 2512 653 2586 θυμῷ
697 2515 916 2587 μεγάλῳ
946 2515 1196 2588 ἐζήλωσα
1242 2521 1431 2589 αὑτήν.
1458 2539 1478 2572 ι
1509 2523 1758 2576 Merciis-

167 2603 353 2678 ϐληκά
385 2622 489 2678 μου
517 2608 617 2679 τὴν
648 2607 776 2678 περὶ
807 2608 978 2679 αὐτὴν
1000 2610 1204 2680 σχέσιν,
1233 2615 1307 2682 (ρ.
1331 2612 1462 2684 484)
1497 2613 1636 2668 ὥστε
1666 2616 1760 2669 καὶ

168 2698 311 2767 ἄγαν
336 2698 654 2770 ὀργίζεσθαι
685 2700 830 2773 ὑπὲρ
860 2693 936 2754 ὧν
977 2700 1211 2756 πέπονθε
1246 2705 1388 2760 κατά
1431 2705 1540 2761 τῶν
1571 2707 1762 2779 ἠδικη-

170 2789 352 2844 πότων
373 2791 544 2862 αὐτήν
573 2806 588 2824 ·
618 2792 716 2846 καὶ
743 2793 1020 2864 ἐπιμένων
1050 2797 1162 2858 τοῖς
1197 2797 1316 2867 είρη
1327 2797 1510 2868 μένοις
1529 2839 1544 2864 ,
1583 2820 1602 2851 ι
1621 2800 1760 2853 Τάδε

166 2881 321 2952 λέγει
344 2882 570 2955 Κύριος,
600 2881 952 2957 Ἐπιστρέψω
969 2885 1062 2939 ἐπὶ
1100 2887 1234 2940 Σιὼν
1267 2889 1361 2942 καὶ
1407 2891 1763 2962 κατασκηνώ-

170 2988 248 3029 σω
285 2978 345 3030 ἐν
366 2977 520 3048 μέσῳ
547 2979 902 3050 Ἰερουσαλήμ
921 2995 933 3009 ο
954 2979 1051 3033 καὶ
1070 2979 1404 3052 κληθήσεται
1427 2984 1461 3052 ἡ
1493 2983 1761 3055 Ἰερουσαεο

166 3069 282 3140 λὴμ.
305 3069 465 3134 πόλις
496 3069 757 3141 ἀληθινὴ,
794 3071 888 3125 καὶ
915 3071 1042 3142 δρος
1068 3072 1279 3144 Κυρίου
1301 3074 1757 3148 παντοκράτορος,

166 3161 299 3232 δρος
328 3162 510 3231 ἅγιον.
542 3179 562 3214 ι
609 3158 898 3232 Ἐπανάξω
943 3164 1053 3238 γάρ
1092 3181 1196 3235 μου
1226 3165 1328 3237 τὴν
1373 3169 1503 3239 περὶ
1546 3168 1609 3222 τὸ
1637 3168 1761 3240 ὅρος

169 3252 309 3306 Σιὼν
335 3251 583 3308 διάθεσιν
602 3293 616 3319 ,
646 3255 744 3308 καὶ
775 3256 1051 3327 φανοῦμαι
1083 3257 1248 3311 πάλιν
1273 3257 1363 3311 διὰ
1399 3259 1500 3330 τῆς
1527 3260 1763 3332 κηδεμο-

168 3346 282 3409 νίας
311 3345 420 3416 τῆς
454 3346 661 3410 οίκείας
697 3348 788 3401 ἐπὶ
825 3348 925 3418 τῆς
976 3349 1330 3422 Ἰερουσαλήμ
1357 3366 1371 3381 ο
1407 3349 1674 3418 ἀποδείξω
1701 3367 1762 3404 τε

168 3437 340 3512 αὐτὴν
371 3439 528 3492 πόλιν
560 3439 729 3504 ὅντως
768 3441 1131 3504 συνεστῶσαν,
1157 3442 1250 3496 καὶ
1277 3445 1335 3496 ἑν
1369 3441 1595 3516 seems;
1625 3442 1763 3499 καθ-

169 3532 419 3585 εστῶσαν
451 3531 621 3603 πολλῇ
643 3544 656 3560 ⁸
687 3531 749 3585 τό
774 3549 831 3584 τε
861 3532 985 3603 ὅρος
1023 3534 1109 3602 ἐφ’
1158 3527 1331 3606 οὗπερ
1373 3535 1406 3607 ἡ
1435 3535 1589 3600 πόλις
1615 3539 1762 3590 οίκο-

167 3630 441 3701 ὼμεῖται,
478 3629 638 3699 ἅγιον
673 3629 966 3695 ἀποδείξω,
997 3630 1070 3694 ὡς
1114 3628 1214 3702 τῆς
1250 3631 1552 3703 παρουσίας
1597 3631 1763 3700 ἠξιω-

172 3721 335 3792 μένον
381 3722 482 3792 τῆς
533 3720 698 3792 ἐμῆς.
729 3722 840 3774 Καὶ
885 3722 1199 3792 προστιθεὶς
1251 3719 1332 3774 ἔτι
1381 3723 1493 3784 τοῖς
1542 3721 1760 3782 αύτοίςο

173 3835 195 3869 ι
221 3816 368 3872 Τάδε
403 3815 551 3885 λέγει
593 3814 796 3888 Κύριος
829 3816 1258 3887 παντοκράτωρ,
1295 3814 1414 3868 Ἔτι
1449 3813 1762 3869 καθίσονται

171 3906 544 3979 πρεσϐύτεροι
574 3905 670 3960 καὶ
709 3904 1079 3976 πρεσϐύτεραι
1109 3907 1169 3959 ἐν
1199 3906 1324 3969 ταῖς
1349 3904 1634 3968 πλατείαις
1671 3906 1765 3958 Ἰε-

177 3997 465 4069 ρουσαλήμ
489 4035 504 4060 ,
554 3996 785 4059 ἕκαστος
841 3995 940 4066 τὴν
991 3995 1190 4067 ῥάϐδον
1239 3993 1405 4048 αὑτοῦ
1435 3995 1574 4066 ἔχων
1608 3994 1666 4047 ὲν
1697 3995 1762 4065 τῇ

172 4091 319 4163 χειρὶ
339 4088 543 4156 αὑτοῦ,
571 4088 678 4142 ἀπὸ
711 4088 950 4159 πλήθους
997 4086 1225 4159 ἡμερῶν
1248 4104 1262 4117 θ
1293 4087 1388 4141 καὶ
1407 4087 1464 4141 αί
1514 4085 1764 4140 πλατεῖαι

169 4183 270 4254 τῆς
299 4182 518 4245 πόλεως
567 4179 976 4251 πλησθήσονται
1011 4176 1315 4250 παιδαρίων
1363 4177 1458 4232 καὶ
1496 4178 1767 4248 κορασίων

173 4273 486 4338 παιζόντων
517 4273 578 4326 ἐν
601 4273 726 4335 ταῖς
748 4270 1034 4334 πλατείαις
1066 4270 1255 4341 αὐτῆς.
1285 4288 1304 4320 ι
1331 4267 1518 4333 Οὕτως
1553 4269 1632 4333 δὲ,
1671 4287 1770 4342 φη·

171 4368 280 4433 σὶν,
311 4364 528 4436 ἀϐλαϐῆ
560 4363 780 4435 φυλάξω
810 4364 910 4434 τὴν
945 4363 1100 4416 πόλιν
1144 4362 1240 4416 κα)⁸
1291 4362 1501 4426 πάντας
1541 4363 1668 4426 τοὺς
1692 4364 1769 4416 oi-

169 4456 412 4520 κοῦντας
443 4453 649 4526 αὐτὴν,
683 4454 824 4508 ὥστε
854 4453 929 4523 μὴ
967 4451 1367 4522 παραπλησίως
1391 4453 1506 4512 τοῖς
1531 4452 1769 4523 πρόσθεν

1869 1976 2016 2016 nam.
2057 1961 2163 2018 Sed
2197 1971 2329 2019 tunc
2357 1963 2576 2036 quidem
2614 1965 2751 2031 haec,
2788 1965 2988 2038 inquit,
3018 1965 3259 2025 fuerunt.
3288 1969 3447 2024 Nune

1859 2069 1992 2112 vero
2012 2057 2180 2127 quid?

2493 2241 2647 2299 CAP.
2681 2241 2820 2299 Vill.

1933 2334 2338 2392 Vsas.l-5.-—-
2388 2336 2704 2394 «Harcdicit
2732 2336 2998 2393 Dominus
3049 2339 3441 2407 omnipotens:

1865 2425 2083 2481 Zelatus
2104 2441 2225 2480 sum
2284 2426 2624 2482 Hierusalem
2666 2436 2835 2499 atque
2882 2427 3014 2484 Sion
3064 2430 3182 2485 zelo
3210 2445 3441 2500 magno,

1862 2519 2051 2573 furore
2081 2533 2280 2589 magno
2303 2520 2512 2574 zelatus
2535 2534 2656 2574 eam
2682 2535 2826 2574 sum.
2852 2539 2872 2572 ι
2909 2520 3236 2576 Convertam
3263 2537 3446 2576 meum

1861 2626 1992 2681 erga
2027 2612 2176 2666 illam
2201 2612 2479 2679 allectum,
2513 2612 2586 2666 ita
2621 2619 2679 2666 ut
2707 2628 3036 2684 magnopere
3067 2614 3446 2668 calamitatum

1861 2703 1985 2772 ejus
2029 2716 2196 2756 causa
2243 2701 2464 2772 injustis
2514 2702 2634 2772 ejus
2686 2701 2928 2758 inimicis
2973 2702 3202 2757 irascar.
3235 2703 3301 2757 Et
3346 2718 3444 2758 sua

1861 2796 2010 2850 dicta
2058 2796 2392 2850 continuans
2436 2795 2649 2864 inquit:
2693 2792 2861 2850 «Haec
2900 2794 2976 2849 ait
3007 2793 3304 2849 Dominus:
3338 2795 3446 2857 Re-

1863 2894 2050 2942 vertar
2081 2885 2147 2939 ad
2181 2884 2334 2951 Sion,
2381 2891 2436 2941 et
2465 2884 2726 2940 habitabo
2775 2883 2831 2939 in
2862 2883 3044 2940 medio
3080 2884 3446 2940 Hierusalem.

1866 2980 1932 3033 Et
1957 2979 2244 3034 vocabitur
2266 2977 2607 3034 Hierusalem
2637 2977 2771 3032 urbs
2793 2993 2942 3040 vera,
2971 2985 3025 3032 et
3051 2991 3212 3032 mons
3230 2977 3448 3031 Domini

1864 3070 2277 3140 omnipotentis,
2334 3082 2493 3122 mons
2557 3077 2844 3123 sanctus.»
2902 3067 3182 3123 Reducem
3234 3068 3304 3122 ad
3361 3081 3454 3123 me

1867 3177 2048 3218 meum
2077 3177 2206 3232 erga
2244 3160 2428 3215 Sionis
2457 3170 2697 3215 montem
2726 3160 3003 3228 allectum,
3058 3176 3292 3230 meoque
3317 3175 3446 3229 erga

1867 3254 2208 3310 Hierusalem
2230 3252 2537 3323 patrocinio
2561 3253 2612 3305 in
2623 3260 2900 3306 notescam
2920 3269 2934 3317 ;
2968 3251 3308 3322 clliciamque
3325 3266 3446 3305 eam

1863 3363 1992 3403 vere
2013 3347 2166 3401 urbis
2190 3346 2411 3400 nomine
2426 3344 2671 3416 dignam,
2700 3352 2753 3398 et
2775 3346 2946 3398 multa
2968 3343 3239 3399 fruentem
3263 3360 3448 3400 rerum

1863 3439 2057 3509 copia;
2091 3445 2444 3508 montemque
2483 3437 2572 3492 ubi
2604 3437 2736 3492 urbs
2763 3437 3006 3502 condita,
3041 3444 3292 3492 sanctum
3328 3450 3449 3492 esse

1864 3535 2174 3598 ostendam,
2230 3541 2420 3603 utpote
2466 3547 2627 3600 quem
2679 3547 2798 3586 mea
2847 3532 3139 3601 praesentia
3189 3530 3449 3601 dignatus

1865 3629 1990 3685 sim.
2023 3625 2320 3697 Pergitque
2346 3626 2607 3697 praedicta
2636 3625 2946 3680 cumulare:
2976 3640 2998 3673 ι
3021 3623 3146 3680 Haec
3175 3627 3250 3680 ait
3272 3624 3452 3679 Domi-

1864 3732 1970 3776 nus
1994 3720 2342 3790 omnipotens
2363 3737 2376 3774 :
2396 3718 2590 3774 Adhuc
2608 3717 2882 3773 sedebant
2909 3735 3070 3774 senes
3102 3734 3352 3789 anusque
3393 3719 3447 3772 in

1863 3810 2061 3881 plateis
2093 3808 2456 3872 Hierusalem,
2507 3808 2705 3877 singuli
2758 3808 2982 3864 baculus
3028 3825 3158 3864 suos
3190 3809 3448 3862 manibus

1864 3908 2115 3956 tenentes
2151 3914 2261 3970 prae
2290 3898 2504 3953 dierum
2535 3899 2909 3954 multitudine.
2963 3899 3028 3952 Et
3055 3899 3208 3955 urbis
3256 3901 3450 3969 platea:

1863 3991 2222 4062 replebuntur
2238 3990 2485 4060 puerulis
2505 3991 2815 4060 puellisque
2835 3991 3148 4047 ludentibus
3183 3992 3237 4046 in
3255 3992 3450 4063 plateis

1865 4083 2051 4153 ejus.»
2107 4082 2258 4136 Adeo
2310 4081 2642 4135 incolumem
2693 4082 2948 4146 servabo,
3008 4081 3203 4150 inquit,
3257 4083 3446 4136 urbem

1867 4186 2168 4243 omnesque
2215 4171 2287 4226 ibi
2338 4172 2663 4239 incolentes,
2696 4181 2755 4227 ut
2794 4174 3039 4239 minime,
3093 4181 3254 4244 prout
3288 4181 3447 4228 antea

1867 4263 2249 4330 usuvcniebat,
2303 4266 2630 4320 immaturos
2660 4265 2844 4321 obitus
2892 4266 2962 4320 ab
3009 4265 3450 4336 impendentibus

1870 4359 2033 4414 malis
2066 4364 2423 4428 exspectent;
2457 4358 2530 4412 ita
2562 4364 2622 4412 ut
2653 4358 3242 4428 urbe'prosperitatem
3276 4358 3452 4430 pluri-

1869 4465 2012 4506 mam
2045 4450 2298 4512 babente,
2330 4450 2543 4504 civibus
2576 4465 2796 4520 quoque
2823 4451 2948 4505 vita:
2980 4449 3216 4519 spatium
3249 4463 3448 4519 proro-

169 4547 281 4600 ύπὺ
304 4544 422 4599 τῶν
454 4544 789 4614 κατεχόντων
814 4542 1000 4597 κακῶν
1033 4541 1246 4612 ἀώρους
1279 4542 1572 4612 ὑπομένειν
1596 4542 1762 4597 θανά-

1872 4551 2066 4613 getur:
2105 4557 2215 4614 quo
2246 4541 2337 4597 lict
2360 4551 2417 4596 ut
2438 4543 2563 4598 vita:
2584 4544 2931 4614 longaevitate
2953 4551 3222 4612 cogantur
3241 4542 3453 4597 baculis

165 4653 338 4703 τους·
391 4637 468 4701 ὡς
509 4638 568 4690 ὲν
603 4634 828 4708 εὐθηνίᾳ
859 4633 916 4687 δὲ
967 4634 1134 4705 πολλῇ
1181 4635 1281 4704 τῆς
1311 4635 1522 4698 πόλεως
1567 4634 1769 4708 οὔσης,

167 4728 496 4800 ἀναγκαίως
537 4727 633 4782 καὶ
674 4730 786 4791 τοῖς
817 4725 1056 4780 οίκοῦσιν
1089 4723 1258 4796 αὐτὴν
1309 4725 1762 4796 παρεκτείνεσθαι

168 4821 271 4893 τὴν
298 4821 484 4892 ζωήνδ
517 4819 656 4872 ὥστε
689 4817 786 4872 καὶ
816 4816 1178 4878 ἀσθενοῦντας
1197 4855 1210 4879 ,
1241 4815 1333 4869 διὰ
1358 4816 1419 4869 τὺ
1459 4815 1635 4887 μῆκος
1669 4817 1762 4870 τοῦ

169 4915 378 4987 χρόνου
403 4914 505 4984 τῆς
541 4910 686 4982 ζωῆς
722 4910 1044 4982 βακτηρίαις
1085 4908 1490 4977 ἀναγκάζεσθαι
1542 4911 1622 4973 είς
1666 4909 1765 4980 τὴν

165 5012 269 5083 τῆς
295 5008 529 5081 πορείας
561 5006 813 5079 βοήθειαν
833 5023 847 5037 ·
883 5007 959 5078 (p.
987 5004 1114 5075 485)
1153 5004 1307 5058 ἔσται
1336 5004 1396 5057 δὲ
1424 5005 1517 5058 καὶ
1549 5007 1581 5076 ἡ
1611 5004 1764 5069 πόλις

165 5103 346 5176 μεστὴ
395 5097 702 5169 παιδαρίων
723 5115 782 5151 τε
809 5097 904 5151 καὶ
936 5097 1208 5168 κορασίων
1237 5097 1569 5162 παιζόντων·
1604 5095 1765 5166 εὐθη-

165 5192 452 5262 νουμένης
477 5188 587 5262 γὰρ
611 5191 704 5243 καὶ
727 5187 1154 5259 πολυανθρώπου
1192 5188 1398 5253 πόλεως
1420 5189 1642 5260 σημεῖον
1673 5187 1767 5242 καὶ

165 5301 358 5338 τουτο.

240 5372 405 5445 Στίχ.
439 5371 590 5438 ς’ὀθθ.
614 5403 684 5414 --
715 5366 829 5427 Εἶτ’
860 5371 1047 5443 ἐπειδή
1102 5387 1220 5436 πως
1250 5371 1389 5443 πρὸς
1421 5373 1492 5427 τὰ
1525 5369 1768 5441 παρόντα

142 5438 426 5542 τάδύνατα
462 5461 636 5518 ταῦτα
663 5459 802 5519 εἶναι
847 5438 1120 5534 ἐφαίνετο,
1169 5481 1188 5516 ι
1215 5438 1352 5517 Τάδε
1396 5462 1542 5530 λέγει
1569 5438 1771 5532 Κύριος

148 5547 618 5628 παντοκράτωρ·
654 5554 718 5609 Et
751 5553 1074 5626 ἀδυνατήσει
1104 5553 1333 5610 ἐνώπιον
1371 5553 1479 5607 τῶν
1520 5551 1770 5606 mmini-

170 5666 298 5702 πων
327 5645 426 5701 τοῦ
462 5644 594 5702 λαοῦ
639 5647 830 5701 τούτου
862 5647 922 5701 ὲν
965 5648 1085 5711 ταῖς
1111 5645 1347 5719 ήμέραις
1385 5646 1651 5711 ἐκείναις,
1692 5643 1769 5717 μὴ

170 5741 272 5796 καὶ
307 5739 544 5795 ἐνώπιον
572 5738 709 5811 ἐμοῦ
749 5740 1073 5811 ἀδυνατήσει
1097 5780 1112 5806 ,
1148 5738 1298 5807 λέγει
1330 5737 1534 5810 Κύριος
1575 5754 1770 5790 παντο-

174 5832 447 5907 κράτωρς
473 5853 495 5888 ι
541 5831 682 5888 Ἀλλ’
710 5833 758 5886 εἰ
792 5832 887 5887 καὶ
913 5831 1150 5888 ἀδύνατα
1176 5875 1189 5900 ,
1220 5832 1353 5904 φησὶ
1380 5871 1395 5899 ,
1428 5829 1604 5886 ταῦτα
1642 5830 1771 5902 ὑμῖν

1881 4634 2036 4689 inniti
2057 4633 2128 4690 ob
2150 4635 2400 4692 incessus
2424 4635 2822 4704 adjumentum.
2846 4633 2957 4688 Erit
2984 4634 3111 4689 item
3133 4632 3298 4706 324
3319 4634 3453 4690 urbs

1871 4727 2033 4799 plena
2089 4728 2338 4797 puerulis
2393 4728 2701 4798 puellisque
2757 4727 3139 4792 lusitantibus;
3221 4742 3454 4798 namque

1871 4827 1926 4876 et
1969 4820 2072 4875 hoc
2107 4821 2270 4875 lautae
2313 4836 2439 4875 cum
2487 4835 2786 4876 numeroso
2812 4821 3017 4891 populo
3043 4819 3280 4875 civitatis
3313 4819 3454 4874 indi-

1873 4910 2018 4966 cium
2048 4919 2154 4966 est.

1940 5005 2106 5062 Vens.
2134 5006 2256 5062 6-9.
2284 5036 2354 5047 —
2387 5005 2594 5062 Deinde
2634 5007 2783 5076 quia,
2843 5021 2953 5077 pra:
2984 5007 3238 5077 praesenti
3275 5021 3453 5060 rerum

1869 5107 2039 5163 statu,
2071 5098 2440 5170 impossibilia
2478 5099 2593 5154 hzrc
2622 5099 2973 5162 videbantur,
3016 5117 3032 5148 ι
3057 5098 3183 5152 Haec
3213 5097 3289 5150 ait
3313 5099 3458 5166 (pcr-

1868 5193 1948 5264 git
1992 5191 2198 5263 dicere)
2263 5190 2528 5247 Dominus
2569 5194 2961 5262 omnipotens:
3011 5190 3068 5246 Si
3116 5191 3457 5260 impossibile

1869 5283 2086 5338 videtur
2102 5282 2348 5352 reliquiis
2367 5283 2547 5352 populi
2569 5282 2731 5350 hujus
2752 5283 2945 5338 diebus
2966 5283 3096 5343 illis,
3117 5297 3244 5335 num
3269 5296 3454 5334 coram

1872 5389 1959 5431 me
1980 5389 2198 5446 quoque
2229 5375 2334 5429 erit
2361 5375 2464 5429 boc
2496 5374 2858 5445 impossibile,
2891 5374 3024 5428 dicit
3049 5373 3314 5428 Dominus
3345 5387 3460 5425 om-

1876 5465 2201 5536 nipotens?»
2243 5464 2468 5521 Etiamsi
2498 5467 2615 5522 haec
2645 5466 3009 5536 impossibilia
3045 5465 3341 5521 videantur
3373 5465 3459 5520 bis

1877 5559 1969 5628 qui
1997 5557 2350 5627 exiguitatem
2394 5565 2645 5628 spectant
2691 5571 2839 5611 nunc
2872 5559 2925 5610 in
2972 5555 3108 5611 urbe
3156 5570 3457 5626 congrega-

1879 5657 2095 5702 torum:
2145 5653 2385 5703 attamen
2438 5647 2569 5702 mihi
2611 5655 2760 5702 certe
2791 5645 2936 5700 haud
2984 5645 3324 5718 impossibile
3374 5653 3460 5699 est

1878 5748 2086 5795 tantam
2106 5739 2319 5808 operari
2348 5753 2528 5794 rerum
2555 5739 2999 5804 conversionem,
3028 5746 3088 5793 ut
3109 5753 3173 5793 ex
3202 5737 3459 5808 praesenti

1879 5830 2100 5888 miseria
2143 5828 2210 5886 ad
2255 5831 2672 5902 prosperitatem
2714 5831 3006 5903 plurimam
3056 5839 3111 5887 et
3164 5831 3355 5886 urbem
3403 5837 3460 5885 et
