  <div class='ocr_page' id='page_1' title='image "/cluster/home/n/w/nwhite01/storage/ocr_20150623/66/hvd.32044020183315/279.png"; bbox 0 0 3824 6562; ppageno 0'>
   <div class='ocr_carea' id='block_1_1' title="bbox 451 364 557 420">
    <p class='ocr_par' dir='ltr' id='par_1_1' title="bbox 451 364 557 420">
     <span class='ocr_line' id='line_1_1' title="bbox 451 364 557 420; baseline -0.009 0"><span class='ocrx_word' id='word_1_1' title='bbox 451 364 557 420; x_wconf 69' lang='grc' dir='ltr'><strong>δι’</strong></span> 
     </span>
    </p>
   </div>
   <div class='ocr_carea' id='block_1_2' title="bbox 1655 354 2533 415">
    <p class='ocr_par' dir='ltr' id='par_1_2' title="bbox 1655 354 2533 415">
     <span class='ocr_line' id='line_1_2' title="bbox 1655 354 2533 415; baseline -0.003 -2"><span class='ocrx_word' id='word_1_2' title='bbox 1655 356 2006 414; x_wconf 76' lang='lat' dir='ltr'><strong>THEODORI</strong></span> <span class='ocrx_word' id='word_1_3' title='bbox 2044 354 2533 415; x_wconf 73' lang='lat' dir='ltr'><strong>MOPSUESTENI</strong></span> 
     </span>
    </p>
   </div>
   <div class='ocr_carea' id='block_1_3' title="bbox 460 468 2027 551">
    <p class='ocr_par' dir='ltr' id='par_1_3' title="bbox 460 474 2027 551">
     <span class='ocr_line' id='line_1_3' title="bbox 460 474 2027 551; baseline -0.004 -16"><span class='ocrx_word' id='word_1_4' title='bbox 460 481 583 551; x_wconf 86' lang='lat' dir='ltr'><strong>ejus</strong></span> <span class='ocrx_word' id='word_1_5' title='bbox 609 494 697 536; x_wconf 71' lang='lat' dir='ltr'><strong>res</strong></span> <span class='ocrx_word' id='word_1_6' title='bbox 726 494 916 535; x_wconf 75' lang='lat' dir='ltr'><strong>omnes</strong></span> <span class='ocrx_word' id='word_1_7' title='bbox 951 478 1295 535; x_wconf 83' lang='lat' dir='ltr'><strong>transferam.</strong></span> <span class='ocrx_word' id='word_1_8' title='bbox 1346 479 1524 548; x_wconf 78' lang='lat' dir='ltr'><strong>Atque</strong></span> <span class='ocrx_word' id='word_1_9' title='bbox 1552 491 1614 531; x_wconf 78' lang='lat' dir='ltr'><strong>ex</strong></span> <span class='ocrx_word' id='word_1_10' title='bbox 1653 483 1822 531; x_wconf 77' lang='lat' dir='ltr'><strong>semet</strong></span> <span class='ocrx_word' id='word_1_11' title='bbox 1851 474 2027 545; x_wconf 86' lang='lat' dir='ltr'><strong>possi-</strong></span> 
     </span>
    </p>
   </div>
   <div class='ocr_carea' id='block_1_4' title="bbox 2135 468 3697 551">
    <p class='ocr_par' dir='ltr' id='par_1_4' title="bbox 2135 468 3697 546">
     <span class='ocr_line' id='line_1_4' title="bbox 2135 468 3697 546; baseline -0.004 -18"><span class='ocrx_word' id='word_1_12' title='bbox 2135 474 2520 544; x_wconf 73' lang='grc' dir='ltr'><strong>καταφαίνεται</strong></span> <span class='ocrx_word' id='word_1_13' title='bbox 2561 474 2809 546; x_wconf 79' lang='grc' dir='ltr'><strong>ἀφορῶσι</strong></span> <span class='ocrx_word' id='word_1_14' title='bbox 2858 473 2992 545; x_wconf 72' lang='grc' dir='ltr'>πρὸς</span> <span class='ocrx_word' id='word_1_15' title='bbox 3024 474 3121 545; x_wconf 81' lang='grc' dir='ltr'><strong>τὴν</strong></span> <span class='ocrx_word' id='word_1_16' title='bbox 3146 471 3432 543; x_wconf 72' lang='grc' dir='ltr'><strong>ὀλιγότητα</strong></span> <span class='ocrx_word' id='word_1_17' title='bbox 3462 468 3563 523; x_wconf 80' lang='grc' dir='ltr'><strong>τῶν</strong></span> <span class='ocrx_word' id='word_1_18' title='bbox 3612 471 3697 523; x_wconf 65' lang='grc' dir='ltr'>νῖν</span> 
     </span>
    </p>
   </div>
   <div class='ocr_carea' id='block_1_5' title="bbox 452 568 2035 641">
    <p class='ocr_par' dir='ltr' id='par_1_5' title="bbox 452 568 2035 641">
     <span class='ocr_line' id='line_1_5' title="bbox 452 568 2035 641; baseline -0.004 -14"><span class='ocrx_word' id='word_1_19' title='bbox 452 572 715 627; x_wconf 87' lang='lat' dir='ltr'><strong>bilitatem</strong></span> <span class='ocrx_word' id='word_1_20' title='bbox 748 571 1029 641; x_wconf 70' lang='lat' dir='ltr'><strong>promissa:</strong></span> <span class='ocrx_word' id='word_1_21' title='bbox 1064 573 1139 627; x_wconf 87' lang='lat' dir='ltr'><strong>rei</strong></span> <span class='ocrx_word' id='word_1_22' title='bbox 1176 573 1533 635; x_wconf 87' lang='lat' dir='ltr'><strong>conﬁrmans,</strong></span> <span class='ocrx_word' id='word_1_23' title='bbox 1571 571 1922 641; x_wconf 76' lang='lat' dir='ltr'><strong>prosequitur</strong></span> <span class='ocrx_word' id='word_1_24' title='bbox 1950 568 2035 622; x_wconf 90' lang='lat' dir='ltr'><strong>di-</strong></span> 
     </span>
    </p>
   </div>
   <div class='ocr_carea' id='block_1_6' title="bbox 450 658 2033 730">
    <p class='ocr_par' dir='ltr' id='par_1_6' title="bbox 450 658 2033 730">
     <span class='ocr_line' id='line_1_6' title="bbox 450 658 2033 730; baseline -0.003 -13"><span class='ocrx_word' id='word_1_25' title='bbox 450 676 617 718; x_wconf 84' lang='lat' dir='ltr'><strong>cens:</strong></span> <span class='ocrx_word' id='word_1_26' title='bbox 654 660 849 717; x_wconf 78' lang='lat' dir='ltr'><strong>Multos</strong></span> <span class='ocrx_word' id='word_1_27' title='bbox 890 676 1022 716; x_wconf 85' lang='lat' dir='ltr'><strong>sane</strong></span> <span class='ocrx_word' id='word_1_28' title='bbox 1045 662 1183 717; x_wconf 84' lang='lat' dir='ltr'><strong>alios</strong></span> <span class='ocrx_word' id='word_1_29' title='bbox 1216 661 1494 716; x_wconf 80' lang='lat' dir='ltr'><strong>Israelitas</strong></span> <span class='ocrx_word' id='word_1_30' title='bbox 1526 661 1773 730; x_wconf 83' lang='lat' dir='ltr'><strong>pluribus</strong></span> <span class='ocrx_word' id='word_1_31' title='bbox 1803 675 1869 713; x_wconf 79' lang='lat' dir='ltr'><strong>ex</strong></span> <span class='ocrx_word' id='word_1_32' title='bbox 1898 658 2033 713; x_wconf 89' lang='lat' dir='ltr'><strong>locis</strong></span> 
     </span>
    </p>
   </div>
   <div class='ocr_carea' id='block_1_7' title="bbox 452 751 2033 825">
    <p class='ocr_par' dir='ltr' id='par_1_7' title="bbox 452 751 2033 825">
     <span class='ocr_line' id='line_1_7' title="bbox 452 751 2033 825; baseline -0.001 -18"><span class='ocrx_word' id='word_1_33' title='bbox 452 754 520 807; x_wconf 88' lang='lat' dir='ltr'><strong>ad</strong></span> <span class='ocrx_word' id='word_1_34' title='bbox 541 754 681 807; x_wconf 90' lang='lat' dir='ltr'><strong>hanc</strong></span> <span class='ocrx_word' id='word_1_35' title='bbox 704 754 895 808; x_wconf 84' lang='lat' dir='ltr'><strong>urbem</strong></span> <span class='ocrx_word' id='word_1_36' title='bbox 921 754 1268 817; x_wconf 90' lang='lat' dir='ltr'><strong>contraham,</strong></span> <span class='ocrx_word' id='word_1_37' title='bbox 1306 755 1401 825; x_wconf 89' lang='lat' dir='ltr'><strong>qui</strong></span> <span class='ocrx_word' id='word_1_38' title='bbox 1426 753 1607 807; x_wconf 87' lang='lat' dir='ltr'><strong>adhuc</strong></span> <span class='ocrx_word' id='word_1_39' title='bbox 1639 752 1692 805; x_wconf 91' lang='lat' dir='ltr'><strong>in</strong></span> <span class='ocrx_word' id='word_1_40' title='bbox 1718 751 2033 821; x_wconf 89' lang='lat' dir='ltr'><strong>captivitate</strong></span> 
     </span>
    </p>
   </div>
   <div class='ocr_carea' id='block_1_8' title="bbox 453 842 2029 914">
    <p class='ocr_par' dir='ltr' id='par_1_8' title="bbox 453 842 2029 914">
     <span class='ocr_line' id='line_1_8' title="bbox 453 842 2029 914; baseline 0.001 -20"><span class='ocrx_word' id='word_1_41' title='bbox 453 850 761 906; x_wconf 79' lang='lat' dir='ltr'><strong>versantur,</strong></span> <span class='ocrx_word' id='word_1_42' title='bbox 786 853 841 899; x_wconf 90' lang='lat' dir='ltr'><strong>et</strong></span> <span class='ocrx_word' id='word_1_43' title='bbox 866 859 896 897; x_wconf 88' lang='lat' dir='ltr'><strong>a</strong></span> <span class='ocrx_word' id='word_1_44' title='bbox 922 860 1007 898; x_wconf 88' lang='lat' dir='ltr'><strong>me</strong></span> <span class='ocrx_word' id='word_1_45' title='bbox 1032 845 1222 914; x_wconf 74' lang='lat' dir='ltr'><strong>patria:</strong></span> <span class='ocrx_word' id='word_1_46' title='bbox 1245 853 1405 900; x_wconf 68' lang='lat' dir='ltr'><strong>terra:</strong></span> <span class='ocrx_word' id='word_1_47' title='bbox 1425 843 1685 898; x_wconf 89' lang='lat' dir='ltr'><strong>incolatui</strong></span> <span class='ocrx_word' id='word_1_48' title='bbox 1715 842 2029 897; x_wconf 83' lang='lat' dir='ltr'><strong>reddentur.</strong></span> 
     </span>
    </p>
   </div>
   <div class='ocr_carea' id='block_1_9' title="bbox 452 930 2033 1004">
    <p class='ocr_par' dir='ltr' id='par_1_9' title="bbox 452 930 2033 1004">
     <span class='ocr_line' id='line_1_9' title="bbox 452 930 2033 1004; baseline 0.001 -18"><span class='ocrx_word' id='word_1_49' title='bbox 452 930 516 987; x_wconf 83' lang='lat' dir='ltr'><strong>Et</strong></span> <span class='ocrx_word' id='word_1_50' title='bbox 548 940 771 1003; x_wconf 86' lang='lat' dir='ltr'><strong>propter</strong></span> <span class='ocrx_word' id='word_1_51' title='bbox 820 947 995 987; x_wconf 86' lang='lat' dir='ltr'><strong>meam</strong></span> <span class='ocrx_word' id='word_1_52' title='bbox 1036 949 1165 1004; x_wconf 80' lang='lat' dir='ltr'><strong>erga</strong></span> <span class='ocrx_word' id='word_1_53' title='bbox 1216 934 1337 989; x_wconf 89' lang='lat' dir='ltr'><strong>illos</strong></span> <span class='ocrx_word' id='word_1_54' title='bbox 1380 934 1808 989; x_wconf 90' lang='lat' dir='ltr'><strong>sollicitudinem</strong></span> <span class='ocrx_word' id='word_1_55' title='bbox 1849 933 2033 987; x_wconf 93' lang='lat' dir='ltr'><strong>clarus</strong></span> 
     </span>
    </p>
   </div>
   <div class='ocr_carea' id='block_1_10' title="bbox 453 1022 2030 1098">
    <p class='ocr_par' dir='ltr' id='par_1_10' title="bbox 453 1022 2030 1098">
     <span class='ocr_line' id='line_1_10' title="bbox 453 1022 2030 1098; baseline 0.001 -21"><span class='ocrx_word' id='word_1_56' title='bbox 453 1022 600 1089; x_wconf 84' lang='lat' dir='ltr'><strong>ﬁam,</strong></span> <span class='ocrx_word' id='word_1_57' title='bbox 632 1025 764 1096; x_wconf 87' lang='lat' dir='ltr'><strong>quia</strong></span> <span class='ocrx_word' id='word_1_58' title='bbox 804 1026 929 1082; x_wconf 90' lang='lat' dir='ltr'><strong>illos</strong></span> <span class='ocrx_word' id='word_1_59' title='bbox 957 1043 1016 1082; x_wconf 93' lang='lat' dir='ltr'><strong>re</strong></span> <span class='ocrx_word' id='word_1_60' title='bbox 1040 1028 1157 1097; x_wconf 84' lang='lat' dir='ltr'><strong>ipsa</strong></span> <span class='ocrx_word' id='word_1_61' title='bbox 1188 1028 1448 1098; x_wconf 89' lang='lat' dir='ltr'><strong>populum</strong></span> <span class='ocrx_word' id='word_1_62' title='bbox 1475 1040 1657 1080; x_wconf 89' lang='lat' dir='ltr'><strong>meum</strong></span> <span class='ocrx_word' id='word_1_63' title='bbox 1687 1040 1811 1080; x_wconf 87' lang='lat' dir='ltr'><strong>esse</strong></span> <span class='ocrx_word' id='word_1_64' title='bbox 1840 1034 2030 1079; x_wconf 86' lang='lat' dir='ltr'><strong>osten-</strong></span> 
     </span>
    </p>
   </div>
   <div class='ocr_carea' id='block_1_11' title="bbox 453 1116 2031 1191">
    <p class='ocr_par' dir='ltr' id='par_1_11' title="bbox 453 1116 2031 1191">
     <span class='ocr_line' id='line_1_11' title="bbox 453 1116 2031 1191; baseline -0.001 -19"><span class='ocrx_word' id='word_1_65' title='bbox 453 1116 599 1180; x_wconf 85' lang='lat' dir='ltr'><strong>dam.</strong></span> <span class='ocrx_word' id='word_1_66' title='bbox 624 1126 897 1189; x_wconf 77' lang='lat' dir='ltr'><strong>quatenus</strong></span> <span class='ocrx_word' id='word_1_67' title='bbox 922 1120 1016 1173; x_wconf 88' lang='lat' dir='ltr'><strong>tali</strong></span> <span class='ocrx_word' id='word_1_68' title='bbox 1049 1128 1313 1191; x_wconf 86' lang='lat' dir='ltr'><strong>tantaque</strong></span> <span class='ocrx_word' id='word_1_69' title='bbox 1337 1118 1681 1191; x_wconf 80' lang='lat' dir='ltr'><strong>providentia</strong></span> <span class='ocrx_word' id='word_1_70' title='bbox 1706 1132 1825 1172; x_wconf 88' lang='lat' dir='ltr'><strong>mea</strong></span> <span class='ocrx_word' id='word_1_71' title='bbox 1849 1117 2031 1171; x_wconf 85' lang='lat' dir='ltr'><strong>fruen-</strong></span> 
     </span>
    </p>
   </div>
   <div class='ocr_carea' id='block_1_12' title="bbox 456 1209 2030 1281">
    <p class='ocr_par' dir='ltr' id='par_1_12' title="bbox 456 1209 2030 1281">
     <span class='ocr_line' id='line_1_12' title="bbox 456 1209 2030 1281; baseline -0.001 -16"><span class='ocrx_word' id='word_1_72' title='bbox 456 1220 577 1265; x_wconf 89' lang='lat' dir='ltr'><strong>tur:</strong></span> <span class='ocrx_word' id='word_1_73' title='bbox 622 1227 860 1281; x_wconf 81' lang='lat' dir='ltr'><strong>vereque</strong></span> <span class='ocrx_word' id='word_1_74' title='bbox 904 1211 1130 1266; x_wconf 85' lang='lat' dir='ltr'><strong>videbor</strong></span> <span class='ocrx_word' id='word_1_75' title='bbox 1168 1213 1386 1267; x_wconf 88' lang='lat' dir='ltr'><strong>illorum</strong></span> <span class='ocrx_word' id='word_1_76' title='bbox 1436 1211 1598 1273; x_wconf 90' lang='lat' dir='ltr'><strong>Deus,</strong></span> <span class='ocrx_word' id='word_1_77' title='bbox 1640 1209 1770 1265; x_wconf 88' lang='lat' dir='ltr'><strong>dum</strong></span> <span class='ocrx_word' id='word_1_78' title='bbox 1820 1210 2030 1264; x_wconf 88' lang='lat' dir='ltr'><strong>ﬁrmam</strong></span> 
     </span>
    </p>
   </div>
   <div class='ocr_carea' id='block_1_13' title="bbox 452 1303 2032 1375">
    <p class='ocr_par' dir='ltr' id='par_1_13' title="bbox 452 1303 2032 1375">
     <span class='ocr_line' id='line_1_13' title="bbox 452 1303 2032 1375; baseline 0 -18"><span class='ocrx_word' id='word_1_79' title='bbox 452 1318 628 1358; x_wconf 85' lang='lat' dir='ltr'><strong>meam</strong></span> <span class='ocrx_word' id='word_1_80' title='bbox 658 1304 892 1360; x_wconf 78' lang='lat' dir='ltr'><strong>exhibeo</strong></span> <span class='ocrx_word' id='word_1_81' title='bbox 922 1304 1004 1359; x_wconf 89' lang='lat' dir='ltr'><strong>eis</strong></span> <span class='ocrx_word' id='word_1_82' title='bbox 1042 1306 1274 1375; x_wconf 78' lang='lat' dir='ltr'><strong>gratiam</strong></span> <span class='ocrx_word' id='word_1_83' title='bbox 1301 1322 1315 1372; x_wconf 92' lang='lat'><strong>;</strong></span> <span class='ocrx_word' id='word_1_84' title='bbox 1373 1320 1603 1375; x_wconf 90' lang='lat' dir='ltr'><strong>meaque</strong></span> <span class='ocrx_word' id='word_1_85' title='bbox 1629 1303 1844 1373; x_wconf 86' lang='lat' dir='ltr'><strong>justitia</strong></span> <span class='ocrx_word' id='word_1_86' title='bbox 1873 1310 2032 1358; x_wconf 90' lang='lat' dir='ltr'><strong>utens</strong></span> 
     </span>
    </p>
   </div>
   <div class='ocr_carea' id='block_1_14' title="bbox 450 1392 2032 1465">
    <p class='ocr_par' dir='ltr' id='par_1_14' title="bbox 450 1392 2032 1465">
     <span class='ocr_line' id='line_1_14' title="bbox 450 1392 2032 1465; baseline 0 -18"><span class='ocrx_word' id='word_1_87' title='bbox 450 1400 683 1448; x_wconf 87' lang='lat' dir='ltr'><strong>cunctos</strong></span> <span class='ocrx_word' id='word_1_88' title='bbox 709 1393 931 1464; x_wconf 90' lang='lat' dir='ltr'><strong>puniam</strong></span> <span class='ocrx_word' id='word_1_89' title='bbox 973 1396 1065 1465; x_wconf 86' lang='lat' dir='ltr'><strong>qui</strong></span> <span class='ocrx_word' id='word_1_90' title='bbox 1091 1396 1387 1465; x_wconf 87' lang='lat' dir='ltr'><strong>aliquando</strong></span> <span class='ocrx_word' id='word_1_91' title='bbox 1415 1410 1510 1451; x_wconf 90' lang='lat' dir='ltr'><strong>eos</strong></span> <span class='ocrx_word' id='word_1_92' title='bbox 1543 1394 1736 1448; x_wconf 68' lang='lat' dir='ltr'><strong>laedere</strong></span> <span class='ocrx_word' id='word_1_93' title='bbox 1766 1394 1883 1448; x_wconf 89' lang='lat' dir='ltr'><strong>ausi</strong></span> <span class='ocrx_word' id='word_1_94' title='bbox 1913 1392 2032 1447; x_wconf 86' lang='lat' dir='ltr'><strong>fue-</strong></span> 
     </span>
    </p>
   </div>
   <div class='ocr_carea' id='block_1_15' title="bbox 450 1485 2033 1558">
    <p class='ocr_par' dir='ltr' id='par_1_15' title="bbox 450 1485 2033 1558">
     <span class='ocr_line' id='line_1_15' title="bbox 450 1485 2033 1558; baseline 0.001 -19"><span class='ocrx_word' id='word_1_95' title='bbox 450 1486 583 1540; x_wconf 88' lang='lat' dir='ltr'><strong>rint.</strong></span> <span class='ocrx_word' id='word_1_96' title='bbox 616 1486 873 1541; x_wconf 87' lang='lat' dir='ltr'><strong>Cumulat</strong></span> <span class='ocrx_word' id='word_1_97' title='bbox 898 1487 1012 1542; x_wconf 81' lang='lat' dir='ltr'><strong>haec</strong></span> <span class='ocrx_word' id='word_1_98' title='bbox 1037 1489 1331 1558; x_wconf 86' lang='lat' dir='ltr'><strong>promissa,</strong></span> <span class='ocrx_word' id='word_1_99' title='bbox 1367 1488 1593 1543; x_wconf 90' lang='lat' dir='ltr'><strong>dicens:</strong></span> <span class='ocrx_word' id='word_1_100' title='bbox 1630 1506 1649 1539; x_wconf 74' lang='grc' dir='ltr'><strong>ι</strong></span> <span class='ocrx_word' id='word_1_101' title='bbox 1672 1485 1796 1541; x_wconf 68' lang='lat' dir='ltr'><strong>Ilaec</strong></span> <span class='ocrx_word' id='word_1_102' title='bbox 1822 1487 1897 1540; x_wconf 87' lang='lat' dir='ltr'><strong>ait</strong></span> <span class='ocrx_word' id='word_1_103' title='bbox 1928 1485 2033 1540; x_wconf 91' lang='lat' dir='ltr'><strong>Do-</strong></span> 
     </span>
    </p>
   </div>
   <div class='ocr_carea' id='block_1_16' title="bbox 451 1578 2028 1650">
    <p class='ocr_par' dir='ltr' id='par_1_16' title="bbox 451 1578 2028 1650">
     <span class='ocr_line' id='line_1_16' title="bbox 451 1578 2028 1650; baseline 0 -18"><span class='ocrx_word' id='word_1_104' title='bbox 451 1578 639 1643; x_wconf 81' lang='lat' dir='ltr'><strong>minus</strong></span> <span class='ocrx_word' id='word_1_105' title='bbox 680 1579 1063 1650; x_wconf 87' lang='lat' dir='ltr'><strong>omnipotens:</strong></span> <span class='ocrx_word' id='word_1_106' title='bbox 1101 1579 1453 1636; x_wconf 79' lang='lat' dir='ltr'><strong>Roborentur</strong></span> <span class='ocrx_word' id='word_1_107' title='bbox 1484 1596 1680 1635; x_wconf 88' lang='lat' dir='ltr'><strong>manus</strong></span> <span class='ocrx_word' id='word_1_108' title='bbox 1710 1586 1904 1635; x_wconf 75' lang='lat' dir='ltr'><strong>vestra:</strong></span> <span class='ocrx_word' id='word_1_109' title='bbox 1934 1578 2028 1649; x_wconf 89' lang='lat' dir='ltr'><strong>qui</strong></span> 
     </span>
    </p>
   </div>
   <div class='ocr_carea' id='block_1_17' title="bbox 449 1670 2028 1744">
    <p class='ocr_par' dir='ltr' id='par_1_17' title="bbox 449 1670 2028 1744">
     <span class='ocr_line' id='line_1_17' title="bbox 449 1670 2028 1744; baseline 0 -20"><span class='ocrx_word' id='word_1_110' title='bbox 449 1670 656 1726; x_wconf 83' lang='lat' dir='ltr'><strong>auditis</strong></span> <span class='ocrx_word' id='word_1_111' title='bbox 679 1671 764 1727; x_wconf 88' lang='lat' dir='ltr'><strong>his</strong></span> <span class='ocrx_word' id='word_1_112' title='bbox 780 1670 977 1727; x_wconf 89' lang='lat' dir='ltr'><strong>diebus</strong></span> <span class='ocrx_word' id='word_1_113' title='bbox 998 1687 1279 1729; x_wconf 88' lang='lat' dir='ltr'><strong>sermones</strong></span> <span class='ocrx_word' id='word_1_114' title='bbox 1300 1674 1399 1729; x_wconf 88' lang='lat' dir='ltr'><strong>bos</strong></span> <span class='ocrx_word' id='word_1_115' title='bbox 1419 1690 1483 1727; x_wconf 79' lang='lat' dir='ltr'><strong>ex</strong></span> <span class='ocrx_word' id='word_1_116' title='bbox 1502 1690 1598 1728; x_wconf 91' lang='lat' dir='ltr'><strong>ore</strong></span> <span class='ocrx_word' id='word_1_117' title='bbox 1616 1672 2028 1744; x_wconf 87' lang='lat' dir='ltr'><strong>prophetarum,</strong></span> 
     </span>
    </p>
   </div>
   <div class='ocr_carea' id='block_1_18' title="bbox 444 1759 2029 1832">
    <p class='ocr_par' dir='ltr' id='par_1_18' title="bbox 444 1759 2029 1832">
     <span class='ocr_line' id='line_1_18' title="bbox 444 1759 2029 1832; baseline 0.001 -19"><span class='ocrx_word' id='word_1_118' title='bbox 444 1759 558 1828; x_wconf 87' lang='lat' dir='ltr'><strong>jam</strong></span> <span class='ocrx_word' id='word_1_119' title='bbox 591 1759 715 1815; x_wconf 90' lang='lat' dir='ltr'><strong>inde</strong></span> <span class='ocrx_word' id='word_1_120' title='bbox 737 1776 772 1815; x_wconf 86' lang='lat' dir='ltr'><strong>a</strong></span> <span class='ocrx_word' id='word_1_121' title='bbox 798 1760 889 1816; x_wconf 92' lang='lat' dir='ltr'><strong>die</strong></span> <span class='ocrx_word' id='word_1_122' title='bbox 917 1776 1027 1832; x_wconf 91' lang='lat' dir='ltr'><strong>quo</strong></span> <span class='ocrx_word' id='word_1_123' title='bbox 1067 1760 1291 1816; x_wconf 84' lang='lat' dir='ltr'><strong>fundata</strong></span> <span class='ocrx_word' id='word_1_124' title='bbox 1321 1772 1407 1818; x_wconf 91' lang='lat' dir='ltr'><strong>est</strong></span> <span class='ocrx_word' id='word_1_125' title='bbox 1435 1763 1632 1818; x_wconf 88' lang='lat' dir='ltr'><strong>domus</strong></span> <span class='ocrx_word' id='word_1_126' title='bbox 1666 1762 1879 1817; x_wconf 88' lang='lat' dir='ltr'><strong>Domini</strong></span> <span class='ocrx_word' id='word_1_127' title='bbox 1909 1777 2029 1816; x_wconf 87' lang='lat' dir='ltr'><strong>om-</strong></span> 
     </span>
    </p>
   </div>
   <div class='ocr_carea' id='block_1_19' title="bbox 2135 561 3695 637">
    <p class='ocr_par' dir='ltr' id='par_1_19' title="bbox 2135 561 3695 637">
     <span class='ocr_line' id='line_1_19' title="bbox 2135 561 3695 637; baseline -0.004 -16"><span class='ocrx_word' id='word_1_128' title='bbox 2135 566 2563 637; x_wconf 80' lang='grc' dir='ltr'><strong>συνειλεγμένων</strong></span> <span class='ocrx_word' id='word_1_129' title='bbox 2616 568 2709 620; x_wconf 78' lang='grc' dir='ltr'>ἐπὶ</span> <span class='ocrx_word' id='word_1_130' title='bbox 2762 567 2861 637; x_wconf 84' lang='grc' dir='ltr'><strong>τῆς</strong></span> <span class='ocrx_word' id='word_1_131' title='bbox 2909 565 3144 629; x_wconf 82' lang='grc' dir='ltr'>πόλεως,</span> <span class='ocrx_word' id='word_1_132' title='bbox 3194 563 3311 617; x_wconf 83' lang='grc' dir='ltr'>ἀλλ’</span> <span class='ocrx_word' id='word_1_133' title='bbox 3346 562 3449 616; x_wconf 73' lang='grc' dir='ltr'><strong>οὐκ</strong></span> <span class='ocrx_word' id='word_1_134' title='bbox 3495 561 3615 631; x_wconf 84' lang='grc' dir='ltr'>ἐμοί</span> <span class='ocrx_word' id='word_1_135' title='bbox 3640 580 3695 627; x_wconf 68' lang='grc' dir='ltr'><strong>γε</strong></span> 
     </span>
    </p>
   </div>
   <div class='ocr_carea' id='block_1_20' title="bbox 2131 653 3699 729">
    <p class='ocr_par' dir='ltr' id='par_1_20' title="bbox 2131 653 3699 729">
     <span class='ocr_line' id='line_1_20' title="bbox 2131 653 3699 729; baseline -0.006 -16"><span class='ocrx_word' id='word_1_136' title='bbox 2131 658 2390 714; x_wconf 89' lang='grc' dir='ltr'>ἀδύνατον</span> <span class='ocrx_word' id='word_1_137' title='bbox 2420 659 2687 729; x_wconf 79' lang='grc' dir='ltr'><strong>τοσαύτην</strong></span> <span class='ocrx_word' id='word_1_138' title='bbox 2720 658 3056 729; x_wconf 83' lang='grc' dir='ltr'>ἐργάσασθαι</span> <span class='ocrx_word' id='word_1_139' title='bbox 3095 656 3205 709; x_wconf 86' lang='grc' dir='ltr'><strong>τῶν</strong></span> <span class='ocrx_word' id='word_1_140' title='bbox 3242 654 3583 726; x_wconf 71' lang='grc' dir='ltr'><strong>πραγμάτων</strong></span> <span class='ocrx_word' id='word_1_141' title='bbox 3608 653 3699 720; x_wconf 66' lang='grc' dir='ltr'><strong>τὴν</strong></span> 
     </span>
    </p>
   </div>
   <div class='ocr_carea' id='block_1_21' title="bbox 2134 746 3700 822">
    <p class='ocr_par' dir='ltr' id='par_1_21' title="bbox 2134 746 3700 822">
     <span class='ocr_line' id='line_1_21' title="bbox 2134 746 3700 822; baseline -0.004 -18"><span class='ocrx_word' id='word_1_142' title='bbox 2134 751 2437 822; x_wconf 78' lang='grc' dir='ltr'>μεταϐολὴν</span> <span class='ocrx_word' id='word_1_143' title='bbox 2456 791 2472 816; x_wconf 92' lang='grc'><strong>,</strong></span> <span class='ocrx_word' id='word_1_144' title='bbox 2500 750 2642 805; x_wconf 83' lang='grc' dir='ltr'>ὥστε</span> <span class='ocrx_word' id='word_1_145' title='bbox 2676 753 2738 804; x_wconf 91' lang='grc' dir='ltr'><strong>ἐκ</strong></span> <span class='ocrx_word' id='word_1_146' title='bbox 2773 751 2872 821; x_wconf 78' lang='grc' dir='ltr'>τῆς</span> <span class='ocrx_word' id='word_1_147' title='bbox 2913 748 3007 804; x_wconf 79' lang='grc' dir='ltr'>νῦν</span> <span class='ocrx_word' id='word_1_148' title='bbox 3033 748 3411 819; x_wconf 81' lang='grc' dir='ltr'><strong>ταλαιπωρίας</strong></span> <span class='ocrx_word' id='word_1_149' title='bbox 3449 748 3527 808; x_wconf 84' lang='grc' dir='ltr'><strong>εἰς</strong></span> <span class='ocrx_word' id='word_1_150' title='bbox 3554 746 3700 814; x_wconf 66' lang='grc' dir='ltr'>εὐθηο</span> 
     </span>
    </p>
   </div>
   <div class='ocr_carea' id='block_1_22' title="bbox 2131 836 3699 913">
    <p class='ocr_par' dir='ltr' id='par_1_22' title="bbox 2131 836 3699 913">
     <span class='ocr_line' id='line_1_22' title="bbox 2131 836 3699 913; baseline -0.005 -18"><span class='ocrx_word' id='word_1_151' title='bbox 2131 842 2251 895; x_wconf 89' lang='grc' dir='ltr'>νίαν</span> <span class='ocrx_word' id='word_1_152' title='bbox 2280 841 2479 913; x_wconf 80' lang='grc' dir='ltr'>πολλὴν</span> <span class='ocrx_word' id='word_1_153' title='bbox 2509 842 2843 912; x_wconf 78' lang='grc' dir='ltr'>μεταστῆναι</span> <span class='ocrx_word' id='word_1_154' title='bbox 2873 842 2973 913; x_wconf 83' lang='grc' dir='ltr'>τήν</span> <span class='ocrx_word' id='word_1_155' title='bbox 3000 857 3060 893; x_wconf 89' lang='grc' dir='ltr'><strong>τε</strong></span> <span class='ocrx_word' id='word_1_156' title='bbox 3087 839 3239 892; x_wconf 85' lang='grc' dir='ltr'>πόλιν</span> <span class='ocrx_word' id='word_1_157' title='bbox 3269 838 3364 892; x_wconf 74' lang='grc' dir='ltr'><strong>καὶ</strong></span> <span class='ocrx_word' id='word_1_158' title='bbox 3392 837 3460 889; x_wconf 79' lang='grc' dir='ltr'>τὰ</span> <span class='ocrx_word' id='word_1_159' title='bbox 3480 836 3595 889; x_wconf 80' lang='grc' dir='ltr'>κατ’</span> <span class='ocrx_word' id='word_1_160' title='bbox 3613 836 3699 888; x_wconf 71' lang='lat' dir='ltr'><strong>azi-</strong></span> 
     </span>
    </p>
   </div>
   <div class='ocr_carea' id='block_1_23' title="bbox 2131 928 3700 1006">
    <p class='ocr_par' dir='ltr' id='par_1_23' title="bbox 2131 928 3700 1006">
     <span class='ocr_line' id='line_1_23' title="bbox 2131 928 3700 1006; baseline -0.007 -17"><span class='ocrx_word' id='word_1_161' title='bbox 2131 934 2230 1006; x_wconf 84' lang='grc' dir='ltr'><strong>τὴν</strong></span> <span class='ocrx_word' id='word_1_162' title='bbox 2269 936 2502 991; x_wconf 77' lang='grc' dir='ltr'>ἅπαντα.</span> <span class='ocrx_word' id='word_1_163' title='bbox 2533 936 2643 989; x_wconf 76' lang='grc' dir='ltr'>Καὶ</span> <span class='ocrx_word' id='word_1_164' title='bbox 2689 934 3101 1005; x_wconf 77' lang='grc' dir='ltr'><strong>πιστωσάμενος</strong></span> <span class='ocrx_word' id='word_1_165' title='bbox 3125 932 3184 1000; x_wconf 78' lang='grc' dir='ltr'><strong>ἐξ</strong></span> <span class='ocrx_word' id='word_1_166' title='bbox 3211 930 3380 985; x_wconf 80' lang='grc' dir='ltr'>αύτοῦ</span> <span class='ocrx_word' id='word_1_167' title='bbox 3408 932 3468 982; x_wconf 75' lang='grc' dir='ltr'><strong>τὸ</strong></span> <span class='ocrx_word' id='word_1_168' title='bbox 3494 928 3700 981; x_wconf 67' lang='grc' dir='ltr'>δυνατὸν</span> 
     </span>
    </p>
   </div>
   <div class='ocr_carea' id='block_1_24' title="bbox 2130 1020 3703 1097">
    <p class='ocr_par' dir='ltr' id='par_1_24' title="bbox 2130 1020 3703 1097">
     <span class='ocr_line' id='line_1_24' title="bbox 2130 1020 3703 1097; baseline -0.004 -19"><span class='ocrx_word' id='word_1_169' title='bbox 2130 1026 2239 1078; x_wconf 90' lang='grc' dir='ltr'><strong>τῶν</strong></span> <span class='ocrx_word' id='word_1_170' title='bbox 2268 1026 2694 1097; x_wconf 89' lang='grc' dir='ltr'>ἐπηγγελμένων</span> <span class='ocrx_word' id='word_1_171' title='bbox 2719 1066 2732 1091; x_wconf 91' lang='grc'><strong>,</strong></span> <span class='ocrx_word' id='word_1_172' title='bbox 2764 1026 3089 1097; x_wconf 82' lang='grc' dir='ltr'>προστίθησι</span> <span class='ocrx_word' id='word_1_173' title='bbox 3128 1023 3291 1078; x_wconf 79' lang='grc' dir='ltr'>πάλιν</span> <span class='ocrx_word' id='word_1_174' title='bbox 3328 1023 3411 1076; x_wconf 81' lang='grc' dir='ltr'>ὅτι</span> <span class='ocrx_word' id='word_1_175' title='bbox 3440 1060 3455 1084; x_wconf 90' lang='grc'><strong>,</strong></span> <span class='ocrx_word' id='word_1_176' title='bbox 3484 1020 3703 1083; x_wconf 57' lang='grc' dir='ltr'>Πολλοὺς</span> 
     </span>
    </p>
   </div>
   <div class='ocr_carea' id='block_1_25' title="bbox 2136 1112 3702 1190">
    <p class='ocr_par' dir='ltr' id='par_1_25' title="bbox 2136 1112 3702 1190">
     <span class='ocr_line' id='line_1_25' title="bbox 2136 1112 3702 1190; baseline -0.006 -17"><span class='ocrx_word' id='word_1_177' title='bbox 2136 1118 2234 1188; x_wconf 82' lang='grc' dir='ltr'><strong>μὲν</strong></span> <span class='ocrx_word' id='word_1_178' title='bbox 2267 1120 2360 1172; x_wconf 80' lang='grc' dir='ltr'>καὶ</span> <span class='ocrx_word' id='word_1_179' title='bbox 2396 1119 2616 1189; x_wconf 85' lang='grc' dir='ltr'>ἐτέρους</span> <span class='ocrx_word' id='word_1_180' title='bbox 2641 1118 2748 1171; x_wconf 89' lang='grc' dir='ltr'><strong>τῶν</strong></span> <span class='ocrx_word' id='word_1_181' title='bbox 2785 1116 3130 1190; x_wconf 82' lang='grc' dir='ltr'>Ἰσραηλιτῶν</span> <span class='ocrx_word' id='word_1_182' title='bbox 3158 1112 3494 1185; x_wconf 77' lang='grc' dir='ltr'>πολλαχόθεν</span> <span class='ocrx_word' id='word_1_183' title='bbox 3514 1114 3597 1165; x_wconf 80' lang='grc' dir='ltr'>ἐπ’</span> <span class='ocrx_word' id='word_1_184' title='bbox 3618 1113 3702 1164; x_wconf 66' lang='grc' dir='ltr'>αύο</span> 
     </span>
    </p>
   </div>
   <div class='ocr_carea' id='block_1_26' title="bbox 2131 1204 3703 1281">
    <p class='ocr_par' dir='ltr' id='par_1_26' title="bbox 2131 1204 3703 1281">
     <span class='ocr_line' id='line_1_26' title="bbox 2131 1204 3703 1281; baseline -0.002 -20"><span class='ocrx_word' id='word_1_185' title='bbox 2131 1210 2230 1281; x_wconf 78' lang='grc' dir='ltr'>τὴν</span> <span class='ocrx_word' id='word_1_186' title='bbox 2262 1210 2474 1277; x_wconf 83' lang='grc' dir='ltr'>συνάξω</span> <span class='ocrx_word' id='word_1_187' title='bbox 2502 1211 2611 1263; x_wconf 88' lang='grc' dir='ltr'><strong>τῶν</strong></span> <span class='ocrx_word' id='word_1_188' title='bbox 2644 1210 2738 1263; x_wconf 76' lang='grc' dir='ltr'>ἐπὶ</span> <span class='ocrx_word' id='word_1_189' title='bbox 2763 1210 2865 1280; x_wconf 84' lang='grc' dir='ltr'>τῆς</span> <span class='ocrx_word' id='word_1_190' title='bbox 2882 1208 3259 1279; x_wconf 69' lang='grc' dir='ltr'>αἰχμαλωσίας</span> <span class='ocrx_word' id='word_1_191' title='bbox 3289 1207 3462 1261; x_wconf 74' lang='grc' dir='ltr'>ὄντων</span> <span class='ocrx_word' id='word_1_192' title='bbox 3489 1206 3595 1269; x_wconf 76' lang='grc' dir='ltr'>ἔτι,</span> <span class='ocrx_word' id='word_1_193' title='bbox 3622 1204 3703 1270; x_wconf 68' lang='grc' dir='ltr'>οὓς</span> 
     </span>
    </p>
   </div>
   <div class='ocr_carea' id='block_1_27' title="bbox 2132 1298 3705 1374">
    <p class='ocr_par' dir='ltr' id='par_1_27' title="bbox 2132 1298 3705 1374">
     <span class='ocr_line' id='line_1_27' title="bbox 2132 1298 3705 1374; baseline -0.003 -19"><span class='ocrx_word' id='word_1_194' title='bbox 2132 1301 2395 1355; x_wconf 84' lang='grc' dir='ltr'>ἀποδώσω</span> <span class='ocrx_word' id='word_1_195' title='bbox 2420 1307 2484 1374; x_wconf 82' lang='grc' dir='ltr'>τῇ</span> <span class='ocrx_word' id='word_1_196' title='bbox 2507 1303 2718 1374; x_wconf 77' lang='grc' dir='ltr'>οἰκήσει</span> <span class='ocrx_word' id='word_1_197' title='bbox 2764 1303 2865 1372; x_wconf 82' lang='grc' dir='ltr'>τῆς</span> <span class='ocrx_word' id='word_1_198' title='bbox 2893 1302 2995 1373; x_wconf 81' lang='grc' dir='ltr'>γῆς</span> <span class='ocrx_word' id='word_1_199' title='bbox 3027 1302 3126 1371; x_wconf 84' lang='grc' dir='ltr'><strong>τῆς</strong></span> <span class='ocrx_word' id='word_1_200' title='bbox 3157 1299 3363 1363; x_wconf 87' lang='grc' dir='ltr'>οἰκείας</span> <span class='ocrx_word' id='word_1_201' title='bbox 3388 1313 3404 1327; x_wconf 87' lang='grc'><strong>·</strong></span> <span class='ocrx_word' id='word_1_202' title='bbox 3442 1299 3633 1368; x_wconf 74' lang='grc' dir='ltr'>ἔσομαι</span> <span class='ocrx_word' id='word_1_203' title='bbox 3653 1298 3705 1350; x_wconf 65' lang='grc' dir='ltr'><strong>δέ</strong></span> 
     </span>
    </p>
   </div>
   <div class='ocr_carea' id='block_1_28' title="bbox 2132 1388 3703 1464">
    <p class='ocr_par' dir='ltr' id='par_1_28' title="bbox 2132 1388 3703 1464">
     <span class='ocr_line' id='line_1_28' title="bbox 2132 1388 3703 1464; baseline 0.004 -19"><span class='ocrx_word' id='word_1_204' title='bbox 2132 1393 2314 1456; x_wconf 79' lang='grc' dir='ltr'>αὐτοῖς</span> <span class='ocrx_word' id='word_1_205' title='bbox 2332 1392 2420 1448; x_wconf 81' lang='grc' dir='ltr'>διὰ</span> <span class='ocrx_word' id='word_1_206' title='bbox 2447 1395 2543 1462; x_wconf 81' lang='grc' dir='ltr'>τῆς</span> <span class='ocrx_word' id='word_1_207' title='bbox 2570 1394 2893 1464; x_wconf 80' lang='grc' dir='ltr'>κηδεμονίας</span> <span class='ocrx_word' id='word_1_208' title='bbox 2919 1390 3320 1463; x_wconf 78' lang='grc' dir='ltr'>γνωριζόμενος</span> <span class='ocrx_word' id='word_1_209' title='bbox 3336 1430 3351 1454; x_wconf 90' lang='grc'><strong>,</strong></span> <span class='ocrx_word' id='word_1_210' title='bbox 3374 1390 3452 1453; x_wconf 83' lang='grc' dir='ltr'>ὡς</span> <span class='ocrx_word' id='word_1_211' title='bbox 3473 1388 3703 1451; x_wconf 72' lang='grc' dir='ltr'>ἐκείνους</span> 
     </span>
    </p>
   </div>
   <div class='ocr_carea' id='block_1_29' title="bbox 2130 1481 3700 1555">
    <p class='ocr_par' dir='ltr' id='par_1_29' title="bbox 2130 1481 3700 1555">
     <span class='ocr_line' id='line_1_29' title="bbox 2130 1481 3700 1555; baseline -0.003 -20"><span class='ocrx_word' id='word_1_212' title='bbox 2130 1499 2190 1535; x_wconf 90' lang='grc' dir='ltr'><strong>τε</strong></span> <span class='ocrx_word' id='word_1_213' title='bbox 2221 1485 2285 1536; x_wconf 92' lang='grc' dir='ltr'><strong>ἐκ</strong></span> <span class='ocrx_word' id='word_1_214' title='bbox 2310 1483 2415 1537; x_wconf 87' lang='grc' dir='ltr'><strong>τῶν</strong></span> <span class='ocrx_word' id='word_1_215' title='bbox 2447 1486 2789 1555; x_wconf 76' lang='grc' dir='ltr'>πραγμάτων</span> <span class='ocrx_word' id='word_1_216' title='bbox 2814 1484 3123 1538; x_wconf 86' lang='grc' dir='ltr'>δείκνυσθαι</span> <span class='ocrx_word' id='word_1_217' title='bbox 3144 1483 3325 1538; x_wconf 78' lang='grc' dir='ltr'>αὐτῶν</span> <span class='ocrx_word' id='word_1_218' title='bbox 3360 1482 3535 1545; x_wconf 85' lang='grc' dir='ltr'>δντως</span> <span class='ocrx_word' id='word_1_219' title='bbox 3561 1481 3700 1542; x_wconf 69' lang='grc' dir='ltr'>Θεὸν,</span> 
     </span>
    </p>
   </div>
   <div class='ocr_carea' id='block_1_30' title="bbox 2132 1568 3701 1649">
    <p class='ocr_par' dir='ltr' id='par_1_30' title="bbox 2132 1568 3701 1649">
     <span class='ocr_line' id='line_1_30' title="bbox 2132 1568 3701 1649; baseline -0.002 -23"><span class='ocrx_word' id='word_1_220' title='bbox 2132 1574 2225 1643; x_wconf 82' lang='grc' dir='ltr'><strong>ἀφ’</strong></span> <span class='ocrx_word' id='word_1_221' title='bbox 2257 1568 2331 1627; x_wconf 82' lang='grc' dir='ltr'>ὧν</span> <span class='ocrx_word' id='word_1_222' title='bbox 2355 1574 2574 1645; x_wconf 81' lang='grc' dir='ltr'>βεϐαίαν</span> <span class='ocrx_word' id='word_1_223' title='bbox 2607 1594 2666 1629; x_wconf 89' lang='grc' dir='ltr'><strong>τε</strong></span> <span class='ocrx_word' id='word_1_224' title='bbox 2705 1578 2889 1640; x_wconf 79' lang='grc' dir='ltr'>αὐτοῖς</span> <span class='ocrx_word' id='word_1_225' title='bbox 2913 1576 3138 1649; x_wconf 77' lang='grc' dir='ltr'>παρέχω</span> <span class='ocrx_word' id='word_1_226' title='bbox 3158 1576 3256 1647; x_wconf 77' lang='grc' dir='ltr'>τὴν</span> <span class='ocrx_word' id='word_1_227' title='bbox 3296 1572 3505 1628; x_wconf 75' lang='grc' dir='ltr'>οἰκείαν</span> <span class='ocrx_word' id='word_1_228' title='bbox 3535 1574 3701 1643; x_wconf 79' lang='grc' dir='ltr'>χάριν,</span> 
     </span>
    </p>
   </div>
   <div class='ocr_carea' id='block_1_31' title="bbox 2132 1667 3704 1742">
    <p class='ocr_par' dir='ltr' id='par_1_31' title="bbox 2132 1667 3704 1742">
     <span class='ocr_line' id='line_1_31' title="bbox 2132 1667 3704 1742; baseline -0.003 -22"><span class='ocrx_word' id='word_1_229' title='bbox 2132 1668 2225 1720; x_wconf 74' lang='grc' dir='ltr'><strong>καὶ</strong></span> <span class='ocrx_word' id='word_1_230' title='bbox 2248 1670 2313 1739; x_wconf 82' lang='grc' dir='ltr'>τῇ</span> <span class='ocrx_word' id='word_1_231' title='bbox 2340 1668 2651 1741; x_wconf 81' lang='grc' dir='ltr'>δικαιοσύνῃ</span> <span class='ocrx_word' id='word_1_232' title='bbox 2685 1672 2750 1742; x_wconf 82' lang='grc' dir='ltr'>τῇ</span> <span class='ocrx_word' id='word_1_233' title='bbox 2791 1670 2970 1741; x_wconf 77' lang='grc' dir='ltr'>οἰκείᾳ</span> <span class='ocrx_word' id='word_1_234' title='bbox 3002 1668 3342 1740; x_wconf 80' lang='grc' dir='ltr'>κεχρημένος</span> <span class='ocrx_word' id='word_1_235' title='bbox 3380 1667 3591 1729; x_wconf 83' lang='grc' dir='ltr'>πάντας</span> <span class='ocrx_word' id='word_1_236' title='bbox 3635 1682 3704 1716; x_wconf 83' lang='grc' dir='ltr'>τι-</span> 
     </span>
    </p>
   </div>
   <div class='ocr_carea' id='block_1_32' title="bbox 2135 1762 3678 1835">
    <p class='ocr_par' dir='ltr' id='par_1_32' title="bbox 2135 1762 3678 1835">
     <span class='ocr_line' id='line_1_32' title="bbox 2135 1762 3678 1835; baseline -0.005 -17"><span class='ocrx_word' id='word_1_237' title='bbox 2135 1762 2424 1834; x_wconf 64' lang='grc' dir='ltr'>μωρῶμαι</span> <span class='ocrx_word' id='word_1_238' title='bbox 2456 1765 2580 1828; x_wconf 84' lang='grc' dir='ltr'>τοὺς</span> <span class='ocrx_word' id='word_1_239' title='bbox 2614 1765 2763 1827; x_wconf 83' lang='grc' dir='ltr'>ὅπως</span> <span class='ocrx_word' id='word_1_240' title='bbox 2807 1765 2937 1818; x_wconf 81' lang='grc' dir='ltr'>ποτὲ</span> <span class='ocrx_word' id='word_1_241' title='bbox 2979 1764 3238 1835; x_wconf 84' lang='grc' dir='ltr'>βλάπτειν</span> <span class='ocrx_word' id='word_1_242' title='bbox 3279 1762 3477 1823; x_wconf 75' lang='grc' dir='ltr'>αὐτοὺς</span> <span class='ocrx_word' id='word_1_243' title='bbox 3504 1762 3678 1828; x_wconf 84' lang='grc' dir='ltr'>ἐπιχει</span> 
     </span>
    </p>
   </div>
   <div class='ocr_carea' id='block_1_33' title="bbox 451 1839 2027 1925">
    <p class='ocr_par' dir='ltr' id='par_1_33' title="bbox 451 1850 2027 1923">
     <span class='ocr_line' id='line_1_33' title="bbox 451 1850 2027 1923; baseline 0.001 -19"><span class='ocrx_word' id='word_1_244' title='bbox 451 1850 769 1921; x_wconf 88' lang='lat' dir='ltr'><strong>nipotentis,</strong></span> <span class='ocrx_word' id='word_1_245' title='bbox 828 1859 883 1907; x_wconf 90' lang='lat' dir='ltr'><strong>et</strong></span> <span class='ocrx_word' id='word_1_246' title='bbox 943 1853 1202 1921; x_wconf 86' lang='lat' dir='ltr'><strong>templum</strong></span> <span class='ocrx_word' id='word_1_247' title='bbox 1250 1852 1509 1908; x_wconf 61' lang='lat' dir='ltr'><strong>aediﬁcari</strong></span> <span class='ocrx_word' id='word_1_248' title='bbox 1564 1862 1866 1923; x_wconf 64' lang='lat' dir='ltr'><strong>emptum.»</strong></span> <span class='ocrx_word' id='word_1_249' title='bbox 1918 1853 2027 1922; x_wconf 79' lang='lat' dir='ltr'><strong>Age</strong></span> 
     </span>
    </p>
   </div>
   <div class='ocr_carea' id='block_1_34' title="bbox 2135 1839 3701 1925">
    <p class='ocr_par' dir='ltr' id='par_1_34' title="bbox 2139 1851 3701 1925">
     <span class='ocr_line' id='line_1_34' title="bbox 2139 1851 3701 1925; baseline -0.004 -18"><span class='ocrx_word' id='word_1_250' title='bbox 2139 1855 2383 1925; x_wconf 80' lang='grc' dir='ltr'>ρούντας.</span> <span class='ocrx_word' id='word_1_251' title='bbox 2427 1855 2666 1918; x_wconf 86' lang='grc' dir='ltr'>Ταύταις</span> <span class='ocrx_word' id='word_1_252' title='bbox 2720 1856 3075 1909; x_wconf 87' lang='grc' dir='ltr'>ἐπισυνάπτει</span> <span class='ocrx_word' id='word_1_253' title='bbox 3131 1857 3251 1918; x_wconf 86' lang='grc' dir='ltr'>ταῖς</span> <span class='ocrx_word' id='word_1_254' title='bbox 3310 1851 3701 1920; x_wconf 81' lang='grc' dir='ltr'>ἐπαγγελίαις·</span> 
     </span>
    </p>
   </div>
   <div class='ocr_carea' id='block_1_35' title="bbox 452 1943 2029 2014">
    <p class='ocr_par' dir='ltr' id='par_1_35' title="bbox 452 1943 2029 2014">
     <span class='ocr_line' id='line_1_35' title="bbox 452 1943 2029 2014; baseline -0.001 -17"><span class='ocrx_word' id='word_1_255' title='bbox 452 1958 621 2008; x_wconf 88' lang='lat' dir='ltr'><strong>nunc,</strong></span> <span class='ocrx_word' id='word_1_256' title='bbox 658 1944 855 2013; x_wconf 90' lang='lat' dir='ltr'><strong>inquit,</strong></span> <span class='ocrx_word' id='word_1_257' title='bbox 905 1943 989 1997; x_wconf 89' lang='lat' dir='ltr'><strong>his</strong></span> <span class='ocrx_word' id='word_1_258' title='bbox 1022 1945 1307 2013; x_wconf 89' lang='lat' dir='ltr'><strong>promissis</strong></span> <span class='ocrx_word' id='word_1_259' title='bbox 1343 1946 1478 2000; x_wconf 86' lang='lat' dir='ltr'><strong>meis</strong></span> <span class='ocrx_word' id='word_1_260' title='bbox 1501 1944 1865 2008; x_wconf 83' lang='lat' dir='ltr'><strong>attendentes,</strong></span> <span class='ocrx_word' id='word_1_261' title='bbox 1907 1958 2029 2014; x_wconf 65' lang='lat' dir='ltr'><strong>quae</strong></span> 
     </span>
    </p>
   </div>
   <div class='ocr_carea' id='block_1_36' title="bbox 452 2035 2027 2107">
    <p class='ocr_par' dir='ltr' id='par_1_36' title="bbox 452 2035 2027 2107">
     <span class='ocr_line' id='line_1_36' title="bbox 452 2035 2027 2107; baseline -0.001 -18"><span class='ocrx_word' id='word_1_262' title='bbox 452 2050 597 2105; x_wconf 67' lang='lat' dir='ltr'><strong>saepe</strong></span> <span class='ocrx_word' id='word_1_263' title='bbox 624 2050 722 2105; x_wconf 88' lang='lat' dir='ltr'><strong>per</strong></span> <span class='ocrx_word' id='word_1_264' title='bbox 761 2036 1058 2106; x_wconf 89' lang='lat' dir='ltr'><strong>prophetas</strong></span> <span class='ocrx_word' id='word_1_265' title='bbox 1109 2036 1264 2091; x_wconf 89' lang='lat' dir='ltr'><strong>vobis</strong></span> <span class='ocrx_word' id='word_1_266' title='bbox 1310 2035 1635 2107; x_wconf 83' lang='lat' dir='ltr'><strong>signiﬁcavi,</strong></span> <span class='ocrx_word' id='word_1_267' title='bbox 1680 2036 1849 2090; x_wconf 90' lang='lat' dir='ltr'><strong>multa</strong></span> <span class='ocrx_word' id='word_1_268' title='bbox 1901 2050 2027 2090; x_wconf 91' lang='lat' dir='ltr'><strong>cum</strong></span> 
     </span>
    </p>
   </div>
   <div class='ocr_carea' id='block_1_37' title="bbox 450 2126 2026 2195">
    <p class='ocr_par' dir='ltr' id='par_1_37' title="bbox 450 2126 2026 2195">
     <span class='ocr_line' id='line_1_37' title="bbox 450 2126 2026 2195; baseline 0 -12"><span class='ocrx_word' id='word_1_269' title='bbox 450 2126 742 2183; x_wconf 86' lang='lat' dir='ltr'><strong>sedulitate</strong></span> <span class='ocrx_word' id='word_1_270' title='bbox 785 2128 1007 2183; x_wconf 88' lang='lat' dir='ltr'><strong>domum</strong></span> <span class='ocrx_word' id='word_1_271' title='bbox 1037 2143 1213 2183; x_wconf 89' lang='lat' dir='ltr'><strong>meam</strong></span> <span class='ocrx_word' id='word_1_272' title='bbox 1264 2128 1653 2184; x_wconf 85' lang='lat' dir='ltr'><strong>absolvendam</strong></span> <span class='ocrx_word' id='word_1_273' title='bbox 1685 2141 1899 2195; x_wconf 89' lang='lat' dir='ltr'><strong>curate;</strong></span> <span class='ocrx_word' id='word_1_274' title='bbox 1938 2143 2026 2183; x_wconf 85' lang='lat' dir='ltr'><strong>re-</strong></span> 
     </span>
    </p>
   </div>
   <div class='ocr_carea' id='block_1_38' title="bbox 2141 1944 3702 2022">
    <p class='ocr_par' dir='ltr' id='par_1_38' title="bbox 2141 1944 3702 2022">
     <span class='ocr_line' id='line_1_38' title="bbox 2141 1944 3702 2022; baseline -0.003 -22"><span class='ocrx_word' id='word_1_275' title='bbox 2141 1967 2160 2000; x_wconf 72' lang='grc' dir='ltr'><strong>ι</strong></span> <span class='ocrx_word' id='word_1_276' title='bbox 2190 1948 2327 2001; x_wconf 86' lang='grc' dir='ltr'>Τάδε</span> <span class='ocrx_word' id='word_1_277' title='bbox 2379 1948 2525 2017; x_wconf 89' lang='grc' dir='ltr'>λέγει</span> <span class='ocrx_word' id='word_1_278' title='bbox 2558 1947 2764 2022; x_wconf 75' lang='grc' dir='ltr'>Κύριος</span> <span class='ocrx_word' id='word_1_279' title='bbox 2807 1944 3216 2016; x_wconf 85' lang='grc' dir='ltr'>παντοκράτωρ,</span> <span class='ocrx_word' id='word_1_280' title='bbox 3249 1945 3702 2014; x_wconf 74' lang='grc' dir='ltr'>Κατισχυέτωσαν</span> 
     </span>
    </p>
   </div>
   <div class='ocr_carea' id='block_1_39' title="bbox 2135 2037 3703 2112">
    <p class='ocr_par' dir='ltr' id='par_1_39' title="bbox 2135 2037 3703 2112">
     <span class='ocr_line' id='line_1_39' title="bbox 2135 2037 3703 2112; baseline -0.013 -16"><span class='ocrx_word' id='word_1_281' title='bbox 2135 2042 2192 2096; x_wconf 88' lang='grc' dir='ltr'><strong>αἰ</strong></span> <span class='ocrx_word' id='word_1_282' title='bbox 2225 2044 2405 2111; x_wconf 84' lang='grc' dir='ltr'>χεῖρες</span> <span class='ocrx_word' id='word_1_283' title='bbox 2434 2041 2587 2112; x_wconf 84' lang='grc' dir='ltr'>ὑμῶν</span> <span class='ocrx_word' id='word_1_284' title='bbox 2608 2042 2718 2095; x_wconf 89' lang='grc' dir='ltr'><strong>τῶν</strong></span> <span class='ocrx_word' id='word_1_285' title='bbox 2746 2042 3053 2095; x_wconf 83' lang='grc' dir='ltr'>ἀκουόντων</span> <span class='ocrx_word' id='word_1_286' title='bbox 3089 2041 3165 2110; x_wconf 88' lang='lat' dir='ltr'><strong>(p.</strong></span> <span class='ocrx_word' id='word_1_287' title='bbox 3185 2038 3313 2106; x_wconf 72' lang='grc'><strong>486)</strong></span> <span class='ocrx_word' id='word_1_288' title='bbox 3348 2039 3407 2091; x_wconf 84' lang='grc' dir='ltr'><strong>ἐν</strong></span> <span class='ocrx_word' id='word_1_289' title='bbox 3436 2039 3562 2101; x_wconf 84' lang='grc' dir='ltr'>ταῖς</span> <span class='ocrx_word' id='word_1_290' title='bbox 3580 2037 3703 2107; x_wconf 68' lang='grc' dir='ltr'><strong>ὴμέ-</strong></span> 
     </span>
    </p>
   </div>
   <div class='ocr_carea' id='block_1_40' title="bbox 2139 2129 3703 2204">
    <p class='ocr_par' dir='ltr' id='par_1_40' title="bbox 2139 2129 3703 2204">
     <span class='ocr_line' id='line_1_40' title="bbox 2139 2129 3703 2204; baseline -0.005 -17"><span class='ocrx_word' id='word_1_291' title='bbox 2139 2152 2258 2204; x_wconf 89' lang='grc' dir='ltr'>ραις</span> <span class='ocrx_word' id='word_1_292' title='bbox 2286 2133 2511 2199; x_wconf 82' lang='grc' dir='ltr'>ταύταις</span> <span class='ocrx_word' id='word_1_293' title='bbox 2545 2135 2671 2198; x_wconf 80' lang='grc' dir='ltr'>τοὺς</span> <span class='ocrx_word' id='word_1_294' title='bbox 2702 2133 2893 2202; x_wconf 82' lang='grc' dir='ltr'>λόγους</span> <span class='ocrx_word' id='word_1_295' title='bbox 2936 2132 3156 2196; x_wconf 85' lang='grc' dir='ltr'>τούτους</span> <span class='ocrx_word' id='word_1_296' title='bbox 3197 2134 3263 2185; x_wconf 87' lang='grc' dir='ltr'><strong>ἐκ</strong></span> <span class='ocrx_word' id='word_1_297' title='bbox 3308 2131 3582 2202; x_wconf 87' lang='grc' dir='ltr'>στόματος</span> <span class='ocrx_word' id='word_1_298' title='bbox 3612 2129 3703 2181; x_wconf 78' lang='grc' dir='ltr'><strong>τῶν</strong></span> 
     </span>
    </p>
   </div>
   <div class='ocr_carea' id='block_1_41' title="bbox 452 2217 2027 2295">
    <p class='ocr_par' dir='ltr' id='par_1_41' title="bbox 452 2221 2024 2292">
     <span class='ocr_line' id='line_1_41' title="bbox 452 2221 2024 2292; baseline 0.001 -18"><span class='ocrx_word' id='word_1_299' title='bbox 452 2228 725 2291; x_wconf 86' lang='lat' dir='ltr'><strong>putantes,</strong></span> <span class='ocrx_word' id='word_1_300' title='bbox 783 2237 813 2275; x_wconf 90' lang='lat' dir='ltr'><strong>a</strong></span> <span class='ocrx_word' id='word_1_301' title='bbox 850 2236 959 2292; x_wconf 89' lang='lat' dir='ltr'><strong>quo</strong></span> <span class='ocrx_word' id='word_1_302' title='bbox 1004 2231 1246 2291; x_wconf 91' lang='lat' dir='ltr'><strong>tempore</strong></span> <span class='ocrx_word' id='word_1_303' title='bbox 1296 2222 1424 2276; x_wconf 89' lang='lat' dir='ltr'><strong>huic</strong></span> <span class='ocrx_word' id='word_1_304' title='bbox 1475 2236 1656 2291; x_wconf 77' lang='lat' dir='ltr'><strong>operae</strong></span> <span class='ocrx_word' id='word_1_305' title='bbox 1709 2221 2024 2276; x_wconf 90' lang='lat' dir='ltr'><strong>incumbitis</strong></span> 
     </span>
    </p>
   </div>
   <div class='ocr_carea' id='block_1_42' title="bbox 2135 2217 3703 2295">
    <p class='ocr_par' dir='ltr' id='par_1_42' title="bbox 2135 2217 3703 2295">
     <span class='ocr_line' id='line_1_42' title="bbox 2135 2217 3703 2295; baseline -0.016 0"><span class='ocrx_word' id='word_1_306' title='bbox 2135 2223 2449 2295; x_wconf 70' lang='grc' dir='ltr'>προφητῶν.</span> <span class='ocrx_word' id='word_1_307' title='bbox 2516 2224 2609 2294; x_wconf 78' lang='grc' dir='ltr'><strong>ἀφ’</strong></span> <span class='ocrx_word' id='word_1_308' title='bbox 2639 2219 2709 2295; x_wconf 84' lang='grc' dir='ltr'>ἦς</span> <span class='ocrx_word' id='word_1_309' title='bbox 2757 2223 2972 2295; x_wconf 81' lang='grc' dir='ltr'>ἡμέρας</span> <span class='ocrx_word' id='word_1_310' title='bbox 3009 2222 3429 2293; x_wconf 83' lang='grc' dir='ltr'>τεθεμελείωται</span> <span class='ocrx_word' id='word_1_311' title='bbox 3488 2223 3522 2273; x_wconf 87' lang='grc' dir='ltr'>ὁ</span> <span class='ocrx_word' id='word_1_312' title='bbox 3574 2217 3703 2283; x_wconf 67' lang='grc' dir='ltr'>οἶκος</span> 
     </span>
    </p>
   </div>
   <div class='ocr_carea' id='block_1_43' title="bbox 451 2307 2027 2387">
    <p class='ocr_par' dir='ltr' id='par_1_43' title="bbox 451 2314 2026 2385">
     <span class='ocr_line' id='line_1_43' title="bbox 451 2314 2026 2385; baseline 0 -17"><span class='ocrx_word' id='word_1_313' title='bbox 451 2314 647 2369; x_wconf 86' lang='lat' dir='ltr'><strong>domus</strong></span> <span class='ocrx_word' id='word_1_314' title='bbox 675 2329 809 2369; x_wconf 67' lang='lat' dir='ltr'><strong>mea:</strong></span> <span class='ocrx_word' id='word_1_315' title='bbox 830 2314 1181 2381; x_wconf 62' lang='lat' dir='ltr'><strong>aediﬁcandae,</strong></span> <span class='ocrx_word' id='word_1_316' title='bbox 1205 2323 1411 2385; x_wconf 81' lang='lat' dir='ltr'><strong>quanto</strong></span> <span class='ocrx_word' id='word_1_317' title='bbox 1434 2315 1691 2371; x_wconf 87' lang='lat' dir='ltr'><strong>meliores</strong></span> <span class='ocrx_word' id='word_1_318' title='bbox 1716 2329 1806 2370; x_wconf 91' lang='lat' dir='ltr'><strong>res</strong></span> <span class='ocrx_word' id='word_1_319' title='bbox 1828 2322 2026 2369; x_wconf 59' lang='lat' dir='ltr'><strong>vestra;</strong></span> 
     </span>
    </p>
   </div>
   <div class='ocr_carea' id='block_1_44' title="bbox 2135 2307 3679 2387">
    <p class='ocr_par' dir='ltr' id='par_1_44' title="bbox 2135 2307 3679 2387">
     <span class='ocr_line' id='line_1_44' title="bbox 2135 2307 3679 2387; baseline -0.002 -19"><span class='ocrx_word' id='word_1_320' title='bbox 2135 2315 2332 2387; x_wconf 79' lang='grc' dir='ltr'>Κυρίου</span> <span class='ocrx_word' id='word_1_321' title='bbox 2360 2315 2798 2386; x_wconf 82' lang='grc' dir='ltr'>παντοκράτορος</span> <span class='ocrx_word' id='word_1_322' title='bbox 2820 2356 2835 2377; x_wconf 85' lang='grc'><strong>,</strong></span> <span class='ocrx_word' id='word_1_323' title='bbox 2865 2315 2960 2369; x_wconf 75' lang='grc' dir='ltr'><strong>καὶ</strong></span> <span class='ocrx_word' id='word_1_324' title='bbox 2997 2315 3026 2367; x_wconf 86' lang='grc' dir='ltr'><strong>ό</strong></span> <span class='ocrx_word' id='word_1_325' title='bbox 3061 2314 3188 2378; x_wconf 72' lang='grc' dir='ltr'>ναὸς</span> <span class='ocrx_word' id='word_1_326' title='bbox 3218 2314 3310 2384; x_wconf 77' lang='grc' dir='ltr'><strong>ἀφ’</strong></span> <span class='ocrx_word' id='word_1_327' title='bbox 3335 2307 3396 2368; x_wconf 72' lang='grc' dir='ltr'>οὗ</span> <span class='ocrx_word' id='word_1_328' title='bbox 3428 2313 3679 2384; x_wconf 79' lang='grc' dir='ltr'>ᾡκοδόμη</span> 
     </span>
    </p>
   </div>
   <div class='ocr_carea' id='block_1_45' title="bbox 450 2408 746 2463">
    <p class='ocr_par' dir='ltr' id='par_1_45' title="bbox 450 2408 746 2463">
     <span class='ocr_line' id='line_1_45' title="bbox 450 2408 746 2463; baseline 0.003 -2"><span class='ocrx_word' id='word_1_329' title='bbox 450 2408 746 2463; x_wconf 78' lang='lat' dir='ltr'><strong>evaserint.</strong></span> 
     </span>
    </p>
   </div>
   <div class='ocr_carea' id='block_1_46' title="bbox 2125 2406 3703 2478">
    <p class='ocr_par' dir='ltr' id='par_1_46' title="bbox 2125 2406 3703 2478">
     <span class='ocr_line' id='line_1_46' title="bbox 2125 2406 3703 2478; baseline -0.001 -19"><span class='ocrx_word' id='word_1_330' title='bbox 2125 2424 2234 2461; x_wconf 90' lang='grc' dir='ltr'>ται.</span> <span class='ocrx_word' id='word_1_331' title='bbox 2269 2426 2289 2460; x_wconf 74' lang='grc' dir='ltr'><strong>ι</strong></span> <span class='ocrx_word' id='word_1_332' title='bbox 2336 2408 2474 2478; x_wconf 78' lang='grc' dir='ltr'>Φέρε</span> <span class='ocrx_word' id='word_1_333' title='bbox 2506 2408 2715 2471; x_wconf 81' lang='grc' dir='ltr'>τοίνυν,</span> <span class='ocrx_word' id='word_1_334' title='bbox 2752 2407 2909 2477; x_wconf 76' lang='grc' dir='ltr'>φησὶ,</span> <span class='ocrx_word' id='word_1_335' title='bbox 2948 2406 3173 2471; x_wconf 87' lang='grc' dir='ltr'>ταύταις</span> <span class='ocrx_word' id='word_1_336' title='bbox 3206 2410 3325 2469; x_wconf 84' lang='grc' dir='ltr'>ταῖς</span> <span class='ocrx_word' id='word_1_337' title='bbox 3358 2408 3703 2473; x_wconf 75' lang='grc' dir='ltr'>ἐπαγγελίαις</span> 
     </span>
    </p>
   </div>
   <div class='ocr_carea' id='block_1_47' title="bbox 451 2494 3680 2569">
    <p class='ocr_par' dir='ltr' id='par_1_47' title="bbox 451 2494 3680 2569">
     <span class='ocr_line' id='line_1_47' title="bbox 451 2494 3680 2569; baseline -0 -18"><span class='ocrx_word' id='word_1_338' title='bbox 451 2498 811 2569; x_wconf 83' lang='grc' dir='ltr'>προσέχοντες</span> <span class='ocrx_word' id='word_1_339' title='bbox 836 2501 957 2563; x_wconf 83' lang='grc' dir='ltr'>ταῖς</span> <span class='ocrx_word' id='word_1_340' title='bbox 986 2500 1144 2569; x_wconf 84' lang='grc' dir='ltr'>ἐμαῖς</span> <span class='ocrx_word' id='word_1_341' title='bbox 1164 2538 1177 2562; x_wconf 93' lang='grc'><strong>,</strong></span> <span class='ocrx_word' id='word_1_342' title='bbox 1204 2497 1271 2561; x_wconf 80' lang='grc' dir='ltr'><strong>ἃς</strong></span> <span class='ocrx_word' id='word_1_343' title='bbox 1304 2497 1561 2563; x_wconf 83' lang='grc' dir='ltr'>πολλάκις</span> <span class='ocrx_word' id='word_1_344' title='bbox 1601 2497 1689 2551; x_wconf 75' lang='grc' dir='ltr'>διὰ</span> <span class='ocrx_word' id='word_1_345' title='bbox 1736 2498 1842 2552; x_wconf 88' lang='grc' dir='ltr'><strong>τῶν</strong></span> <span class='ocrx_word' id='word_1_346' title='bbox 1895 2494 2189 2568; x_wconf 78' lang='grc' dir='ltr'>προφητῶν</span> <span class='ocrx_word' id='word_1_347' title='bbox 2230 2495 2366 2567; x_wconf 80' lang='grc' dir='ltr'>πρὸς</span> <span class='ocrx_word' id='word_1_348' title='bbox 2410 2496 2555 2566; x_wconf 81' lang='grc' dir='ltr'>ὑμᾶς</span> <span class='ocrx_word' id='word_1_349' title='bbox 2596 2498 2959 2569; x_wconf 77' lang='grc' dir='ltr'>ἐποιησάμην,</span> <span class='ocrx_word' id='word_1_350' title='bbox 2996 2498 3135 2567; x_wconf 76' lang='grc' dir='ltr'>μετὰ</span> <span class='ocrx_word' id='word_1_351' title='bbox 3164 2497 3366 2569; x_wconf 78' lang='grc' dir='ltr'>πολλῆς</span> <span class='ocrx_word' id='word_1_352' title='bbox 3398 2498 3498 2567; x_wconf 80' lang='grc' dir='ltr'>τῆς</span> <span class='ocrx_word' id='word_1_353' title='bbox 3524 2500 3680 2569; x_wconf 76' lang='grc' dir='ltr'>ἐπιμε</span> 
     </span>
    </p>
   </div>
   <div class='ocr_carea' id='block_1_48' title="bbox 450 2586 3705 2660">
    <p class='ocr_par' dir='ltr' id='par_1_48' title="bbox 450 2586 3705 2660">
     <span class='ocr_line' id='line_1_48' title="bbox 450 2586 3705 2660; baseline -0.002 -18"><span class='ocrx_word' id='word_1_354' title='bbox 450 2590 599 2653; x_wconf 84' lang='grc' dir='ltr'>λείας</span> <span class='ocrx_word' id='word_1_355' title='bbox 638 2591 727 2644; x_wconf 79' lang='grc' dir='ltr'>τὸν</span> <span class='ocrx_word' id='word_1_356' title='bbox 764 2588 911 2644; x_wconf 79' lang='grc' dir='ltr'>οἷκον</span> <span class='ocrx_word' id='word_1_357' title='bbox 946 2588 1298 2660; x_wconf 78' lang='grc' dir='ltr'>ἐκπληρῶσαι</span> <span class='ocrx_word' id='word_1_358' title='bbox 1336 2588 1607 2642; x_wconf 83' lang='grc' dir='ltr'>σπεύσατε</span> <span class='ocrx_word' id='word_1_359' title='bbox 1654 2587 1743 2641; x_wconf 77' lang='grc' dir='ltr'><strong>τὸν</strong></span> <span class='ocrx_word' id='word_1_360' title='bbox 1799 2587 1950 2657; x_wconf 76' lang='grc' dir='ltr'>ἐμὸν,</span> <span class='ocrx_word' id='word_1_361' title='bbox 1993 2587 2432 2657; x_wconf 75' lang='grc' dir='ltr'>ἀναλογιζόμενοι</span> <span class='ocrx_word' id='word_1_362' title='bbox 2468 2586 2617 2653; x_wconf 80' lang='grc' dir='ltr'>ἐξότε</span> <span class='ocrx_word' id='word_1_363' title='bbox 2656 2605 2762 2658; x_wconf 89' lang='grc' dir='ltr'><strong>περ</strong></span> <span class='ocrx_word' id='word_1_364' title='bbox 2793 2588 2921 2658; x_wconf 81' lang='grc' dir='ltr'><strong>περί</strong></span> <span class='ocrx_word' id='word_1_365' title='bbox 2949 2587 3119 2641; x_wconf 81' lang='grc' dir='ltr'>ταῦτα</span> <span class='ocrx_word' id='word_1_366' title='bbox 3161 2590 3433 2659; x_wconf 81' lang='grc' dir='ltr'>ἐσχήκατε</span> <span class='ocrx_word' id='word_1_367' title='bbox 3465 2591 3562 2642; x_wconf 72' lang='grc' dir='ltr'><strong>καὶ</strong></span> <span class='ocrx_word' id='word_1_368' title='bbox 3597 2589 3705 2659; x_wconf 72' lang='grc' dir='ltr'>περὶ</span> 
     </span>
    </p>
   </div>
   <div class='ocr_carea' id='block_1_49' title="bbox 450 2678 3324 2754">
    <p class='ocr_par' dir='ltr' id='par_1_49' title="bbox 450 2678 3324 2754">
     <span class='ocr_line' id='line_1_49' title="bbox 450 2678 3324 2754; baseline 0 -19"><span class='ocrx_word' id='word_1_369' title='bbox 450 2683 551 2754; x_wconf 81' lang='grc' dir='ltr'>τὴν</span> <span class='ocrx_word' id='word_1_370' title='bbox 577 2682 913 2753; x_wconf 77' lang='grc' dir='ltr'>κατασκευὴν</span> <span class='ocrx_word' id='word_1_371' title='bbox 947 2681 1040 2736; x_wconf 78' lang='grc' dir='ltr'>τοῦ</span> <span class='ocrx_word' id='word_1_372' title='bbox 1074 2682 1222 2735; x_wconf 79' lang='grc' dir='ltr'>οἴκου</span> <span class='ocrx_word' id='word_1_373' title='bbox 1251 2680 1341 2734; x_wconf 73' lang='grc' dir='ltr'>τοῦ</span> <span class='ocrx_word' id='word_1_374' title='bbox 1373 2680 1528 2751; x_wconf 85' lang='grc' dir='ltr'>ἐμοῦ,</span> <span class='ocrx_word' id='word_1_375' title='bbox 1552 2680 1753 2750; x_wconf 82' lang='grc' dir='ltr'>ὁπόσην</span> <span class='ocrx_word' id='word_1_376' title='bbox 1779 2682 1877 2751; x_wconf 78' lang='grc' dir='ltr'>τὴν</span> <span class='ocrx_word' id='word_1_377' title='bbox 1912 2680 2003 2733; x_wconf 74' lang='grc' dir='ltr'>ἐπὶ</span> <span class='ocrx_word' id='word_1_378' title='bbox 2025 2679 2083 2733; x_wconf 86' lang='grc' dir='ltr'><strong>τὸ</strong></span> <span class='ocrx_word' id='word_1_379' title='bbox 2118 2682 2364 2751; x_wconf 83' lang='grc' dir='ltr'>κρεῖττον</span> <span class='ocrx_word' id='word_1_380' title='bbox 2396 2678 2697 2751; x_wconf 76' lang='grc' dir='ltr'>μεταϐολὴν</span> <span class='ocrx_word' id='word_1_381' title='bbox 2728 2680 2941 2748; x_wconf 78' lang='grc' dir='ltr'>ἐδέξατο</span> <span class='ocrx_word' id='word_1_382' title='bbox 2963 2681 3032 2735; x_wconf 85' lang='grc' dir='ltr'><strong>τά</strong></span> <span class='ocrx_word' id='word_1_383' title='bbox 3061 2682 3324 2753; x_wconf 81' lang='grc' dir='ltr'>ὑμέτερα.</span> 
     </span>
    </p>
   </div>
   <div class='ocr_carea' id='block_1_50' title="bbox 524 2775 2028 2847">
    <p class='ocr_par' dir='ltr' id='par_1_50' title="bbox 524 2775 2028 2847">
     <span class='ocr_line' id='line_1_50' title="bbox 524 2775 2028 2847; baseline -0.003 -16"><span class='ocrx_word' id='word_1_384' title='bbox 524 2777 690 2834; x_wconf 75' lang='lat' dir='ltr'><strong>Vens.</strong></span> <span class='ocrx_word' id='word_1_385' title='bbox 719 2779 802 2833; x_wconf 79' lang='grc'><strong>10.</strong></span> <span class='ocrx_word' id='word_1_386' title='bbox 829 2807 899 2817; x_wconf 93' lang='grc'><strong><em>-</em></strong></span> <span class='ocrx_word' id='word_1_387' title='bbox 926 2776 1088 2847; x_wconf 82' lang='lat'><strong>325</strong></span> <span class='ocrx_word' id='word_1_388' title='bbox 1122 2775 1325 2830; x_wconf 85' lang='lat' dir='ltr'><strong>Deinde</strong></span> <span class='ocrx_word' id='word_1_389' title='bbox 1352 2791 1417 2830; x_wconf 77' lang='lat' dir='ltr'><strong>ex</strong></span> <span class='ocrx_word' id='word_1_390' title='bbox 1455 2776 1696 2843; x_wconf 86' lang='lat' dir='ltr'><strong>priorum</strong></span> <span class='ocrx_word' id='word_1_391' title='bbox 1735 2788 2028 2844; x_wconf 83' lang='lat' dir='ltr'><strong>compara—</strong></span> 
     </span>
    </p>
   </div>
   <div class='ocr_carea' id='block_1_51' title="bbox 452 2860 2027 2931">
    <p class='ocr_par' dir='ltr' id='par_1_51' title="bbox 452 2860 2027 2931">
     <span class='ocr_line' id='line_1_51' title="bbox 452 2860 2027 2931; baseline -0.003 -6"><span class='ocrx_word' id='word_1_392' title='bbox 452 2872 601 2925; x_wconf 89' lang='lat' dir='ltr'><strong>tione</strong></span> <span class='ocrx_word' id='word_1_393' title='bbox 619 2864 1039 2922; x_wconf 78' lang='lat' dir='ltr'><strong>conversionem</strong></span> <span class='ocrx_word' id='word_1_394' title='bbox 1053 2860 1375 2917; x_wconf 88' lang='lat' dir='ltr'><strong>ostendcns:</strong></span> <span class='ocrx_word' id='word_1_395' title='bbox 1391 2883 1407 2915; x_wconf 77' lang='grc' dir='ltr'><strong>ι</strong></span> <span class='ocrx_word' id='word_1_396' title='bbox 1426 2862 1566 2931; x_wconf 82' lang='lat' dir='ltr'><strong>Quia</strong></span> <span class='ocrx_word' id='word_1_397' title='bbox 1591 2874 1717 2922; x_wconf 88' lang='lat' dir='ltr'><strong>ante</strong></span> <span class='ocrx_word' id='word_1_398' title='bbox 1741 2867 1858 2922; x_wconf 89' lang='lat' dir='ltr'><strong>dies</strong></span> <span class='ocrx_word' id='word_1_399' title='bbox 1883 2867 2027 2929; x_wconf 87' lang='lat' dir='ltr'><strong>illos.</strong></span> 
     </span>
    </p>
   </div>
   <div class='ocr_carea' id='block_1_52' title="bbox 452 2960 2032 3033">
    <p class='ocr_par' dir='ltr' id='par_1_52' title="bbox 452 2960 2032 3033">
     <span class='ocr_line' id='line_1_52' title="bbox 452 2960 2032 3033; baseline -0.004 -15"><span class='ocrx_word' id='word_1_400' title='bbox 452 2963 650 3033; x_wconf 83' lang='lat' dir='ltr'><strong>inquit,</strong></span> <span class='ocrx_word' id='word_1_401' title='bbox 674 2976 883 3017; x_wconf 87' lang='lat' dir='ltr'><strong>merces</strong></span> <span class='ocrx_word' id='word_1_402' title='bbox 904 2961 1184 3015; x_wconf 88' lang='lat' dir='ltr'><strong>hominum</strong></span> <span class='ocrx_word' id='word_1_403' title='bbox 1213 2976 1318 3013; x_wconf 91' lang='lat' dir='ltr'><strong>non</strong></span> <span class='ocrx_word' id='word_1_404' title='bbox 1342 2968 1460 3014; x_wconf 87' lang='lat' dir='ltr'><strong>erat</strong></span> <span class='ocrx_word' id='word_1_405' title='bbox 1479 2960 1532 3012; x_wconf 91' lang='lat' dir='ltr'><strong>in</strong></span> <span class='ocrx_word' id='word_1_406' title='bbox 1551 2960 1783 3024; x_wconf 87' lang='lat' dir='ltr'><strong>lucrum,</strong></span> <span class='ocrx_word' id='word_1_407' title='bbox 1803 2967 1856 3013; x_wconf 88' lang='lat' dir='ltr'><strong>et</strong></span> <span class='ocrx_word' id='word_1_408' title='bbox 1886 2975 2032 3013; x_wconf 83' lang='lat' dir='ltr'><strong>mer-</strong></span> 
     </span>
    </p>
   </div>
   <div class='ocr_carea' id='block_1_53' title="bbox 450 3051 2028 3127">
    <p class='ocr_par' dir='ltr' id='par_1_53' title="bbox 450 3051 2028 3127">
     <span class='ocr_line' id='line_1_53' title="bbox 450 3051 2028 3127; baseline -0.006 -15"><span class='ocrx_word' id='word_1_409' title='bbox 450 3072 544 3113; x_wconf 90' lang='lat' dir='ltr'><strong>ces</strong></span> <span class='ocrx_word' id='word_1_410' title='bbox 584 3058 957 3127; x_wconf 89' lang='lat' dir='ltr'><strong>jumentorum</strong></span> <span class='ocrx_word' id='word_1_411' title='bbox 993 3054 1141 3108; x_wconf 88' lang='lat' dir='ltr'><strong>nulla</strong></span> <span class='ocrx_word' id='word_1_412' title='bbox 1169 3062 1308 3116; x_wconf 87' lang='lat' dir='ltr'><strong>erat,</strong></span> <span class='ocrx_word' id='word_1_413' title='bbox 1363 3060 1417 3107; x_wconf 93' lang='lat' dir='ltr'><strong>et</strong></span> <span class='ocrx_word' id='word_1_414' title='bbox 1465 3068 1562 3107; x_wconf 91' lang='lat' dir='ltr'><strong>seu</strong></span> <span class='ocrx_word' id='word_1_415' title='bbox 1598 3051 1898 3119; x_wconf 73' lang='lat' dir='ltr'><strong>egredienti</strong></span> <span class='ocrx_word' id='word_1_416' title='bbox 1930 3065 2028 3105; x_wconf 89' lang='lat' dir='ltr'><strong>seu</strong></span> 
     </span>
    </p>
   </div>
   <div class='ocr_carea' id='block_1_54' title="bbox 454 3140 2030 3216">
    <p class='ocr_par' dir='ltr' id='par_1_54' title="bbox 454 3140 2030 3216">
     <span class='ocr_line' id='line_1_54' title="bbox 454 3140 2030 3216; baseline -0.004 -18"><span class='ocrx_word' id='word_1_417' title='bbox 454 3145 778 3216; x_wconf 76' lang='lat' dir='ltr'><strong>ingredienti</strong></span> <span class='ocrx_word' id='word_1_418' title='bbox 810 3143 959 3198; x_wconf 88' lang='lat' dir='ltr'><strong>nulla</strong></span> <span class='ocrx_word' id='word_1_419' title='bbox 987 3157 1089 3212; x_wconf 87' lang='lat' dir='ltr'><strong>pax</strong></span> <span class='ocrx_word' id='word_1_420' title='bbox 1117 3156 1146 3194; x_wconf 89' lang='lat' dir='ltr'><strong>a</strong></span> <span class='ocrx_word' id='word_1_421' title='bbox 1181 3141 1557 3195; x_wconf 83' lang='lat' dir='ltr'><strong>tribulatione:</strong></span> <span class='ocrx_word' id='word_1_422' title='bbox 1590 3147 1643 3194; x_wconf 90' lang='lat' dir='ltr'><strong>et</strong></span> <span class='ocrx_word' id='word_1_423' title='bbox 1673 3140 1883 3192; x_wconf 90' lang='lat' dir='ltr'><strong>mittam</strong></span> <span class='ocrx_word' id='word_1_424' title='bbox 1913 3152 2030 3192; x_wconf 86' lang='lat' dir='ltr'><strong>om-</strong></span> 
     </span>
    </p>
   </div>
   <div class='ocr_carea' id='block_1_55' title="bbox 454 3229 2023 3303">
    <p class='ocr_par' dir='ltr' id='par_1_55' title="bbox 454 3229 2023 3303">
     <span class='ocr_line' id='line_1_55' title="bbox 454 3229 2023 3303; baseline -0.006 -14"><span class='ocrx_word' id='word_1_425' title='bbox 454 3251 553 3290; x_wconf 73' lang='lat' dir='ltr'><strong>nes</strong></span> <span class='ocrx_word' id='word_1_426' title='bbox 569 3235 819 3288; x_wconf 86' lang='lat' dir='ltr'><strong>homines</strong></span> <span class='ocrx_word' id='word_1_427' title='bbox 838 3248 1281 3303; x_wconf 86' lang='lat' dir='ltr'><strong>unumquemque</strong></span> <span class='ocrx_word' id='word_1_428' title='bbox 1300 3244 1464 3298; x_wconf 89' lang='lat' dir='ltr'><strong>super</strong></span> <span class='ocrx_word' id='word_1_429' title='bbox 1480 3229 1786 3299; x_wconf 77' lang='lat' dir='ltr'><strong>proximum</strong></span> <span class='ocrx_word' id='word_1_430' title='bbox 1808 3244 1988 3283; x_wconf 91' lang='lat' dir='ltr'><strong>suum.</strong></span> <span class='ocrx_word' id='word_1_431' title='bbox 2006 3249 2023 3280; x_wconf 74' lang='grc' dir='ltr'><strong>ι</strong></span> 
     </span>
    </p>
   </div>
   <div class='ocr_carea' id='block_1_56' title="bbox 452 3318 2028 3392">
    <p class='ocr_par' dir='ltr' id='par_1_56' title="bbox 452 3318 2028 3392">
     <span class='ocr_line' id='line_1_56' title="bbox 452 3318 2028 3392; baseline -0.005 -12"><span class='ocrx_word' id='word_1_432' title='bbox 452 3322 617 3389; x_wconf 88' lang='lat' dir='ltr'><strong>Olim,</strong></span> <span class='ocrx_word' id='word_1_433' title='bbox 651 3324 847 3392; x_wconf 88' lang='lat' dir='ltr'><strong>inquit,</strong></span> <span class='ocrx_word' id='word_1_434' title='bbox 878 3330 932 3376; x_wconf 90' lang='lat' dir='ltr'><strong>et</strong></span> <span class='ocrx_word' id='word_1_435' title='bbox 959 3329 1085 3375; x_wconf 87' lang='lat' dir='ltr'><strong>ante</strong></span> <span class='ocrx_word' id='word_1_436' title='bbox 1108 3321 1293 3390; x_wconf 84' lang='lat' dir='ltr'><strong>templi</strong></span> <span class='ocrx_word' id='word_1_437' title='bbox 1322 3318 1738 3373; x_wconf 71' lang='lat' dir='ltr'><strong>azdiﬁcationem</strong></span> <span class='ocrx_word' id='word_1_438' title='bbox 1774 3319 1828 3371; x_wconf 94' lang='lat' dir='ltr'><strong>in</strong></span> <span class='ocrx_word' id='word_1_439' title='bbox 1860 3319 2028 3372; x_wconf 89' lang='lat' dir='ltr'><strong>multa</strong></span> 
     </span>
    </p>
   </div>
   <div class='ocr_carea' id='block_1_57' title="bbox 454 3404 2029 3475">
    <p class='ocr_par' dir='ltr' id='par_1_57' title="bbox 454 3404 2029 3475">
     <span class='ocr_line' id='line_1_57' title="bbox 454 3404 2029 3475; baseline -0.004 -11"><span class='ocrx_word' id='word_1_440' title='bbox 454 3410 821 3466; x_wconf 76' lang='lat' dir='ltr'><strong>versabamini</strong></span> <span class='ocrx_word' id='word_1_441' title='bbox 854 3408 1098 3474; x_wconf 88' lang='lat' dir='ltr'><strong>miseria,</strong></span> <span class='ocrx_word' id='word_1_442' title='bbox 1133 3418 1186 3461; x_wconf 90' lang='lat' dir='ltr'><strong>et</strong></span> <span class='ocrx_word' id='word_1_443' title='bbox 1210 3422 1277 3461; x_wconf 91' lang='lat' dir='ltr'><strong>ne</strong></span> <span class='ocrx_word' id='word_1_444' title='bbox 1304 3422 1371 3460; x_wconf 78' lang='lat' dir='ltr'><strong>ex</strong></span> <span class='ocrx_word' id='word_1_445' title='bbox 1403 3405 1779 3475; x_wconf 87' lang='lat' dir='ltr'><strong>jumentorum</strong></span> <span class='ocrx_word' id='word_1_446' title='bbox 1810 3404 2029 3474; x_wconf 82' lang='lat' dir='ltr'><strong>quidem</strong></span> 
     </span>
    </p>
   </div>
   <div class='ocr_carea' id='block_1_58' title="bbox 454 3498 2030 3573">
    <p class='ocr_par' dir='ltr' id='par_1_58' title="bbox 454 3498 2030 3573">
     <span class='ocr_line' id='line_1_58' title="bbox 454 3498 2030 3573; baseline -0.006 -15"><span class='ocrx_word' id='word_1_447' title='bbox 454 3511 762 3559; x_wconf 85' lang='lat' dir='ltr'><strong>vestrorum</strong></span> <span class='ocrx_word' id='word_1_448' title='bbox 792 3517 980 3573; x_wconf 88' lang='lat' dir='ltr'><strong>opera,</strong></span> <span class='ocrx_word' id='word_1_449' title='bbox 1003 3516 1180 3570; x_wconf 89' lang='lat' dir='ltr'><strong>neque</strong></span> <span class='ocrx_word' id='word_1_450' title='bbox 1202 3516 1266 3555; x_wconf 86' lang='lat' dir='ltr'><strong>ex</strong></span> <span class='ocrx_word' id='word_1_451' title='bbox 1290 3499 1477 3554; x_wconf 88' lang='lat' dir='ltr'><strong>multis</strong></span> <span class='ocrx_word' id='word_1_452' title='bbox 1512 3498 1793 3551; x_wconf 87' lang='lat' dir='ltr'><strong>laboribus</strong></span> <span class='ocrx_word' id='word_1_453' title='bbox 1820 3498 2030 3550; x_wconf 89' lang='lat' dir='ltr'><strong>lucrum</strong></span> 
     </span>
    </p>
   </div>
   <div class='ocr_carea' id='block_1_59' title="bbox 453 3589 2032 3667">
    <p class='ocr_par' dir='ltr' id='par_1_59' title="bbox 453 3589 2032 3667">
     <span class='ocr_line' id='line_1_59' title="bbox 453 3589 2032 3667; baseline -0.006 -15"><span class='ocrx_word' id='word_1_454' title='bbox 453 3597 672 3667; x_wconf 85' lang='lat' dir='ltr'><strong>aliquod</strong></span> <span class='ocrx_word' id='word_1_455' title='bbox 703 3595 1106 3666; x_wconf 86' lang='lat' dir='ltr'><strong>reportabatis;</strong></span> <span class='ocrx_word' id='word_1_456' title='bbox 1140 3608 1264 3647; x_wconf 88' lang='lat' dir='ltr'><strong>nam</strong></span> <span class='ocrx_word' id='word_1_457' title='bbox 1298 3593 1641 3646; x_wconf 80' lang='lat' dir='ltr'><strong>infructuosa</strong></span> <span class='ocrx_word' id='word_1_458' title='bbox 1664 3589 1847 3643; x_wconf 90' lang='lat' dir='ltr'><strong>omnia</strong></span> <span class='ocrx_word' id='word_1_459' title='bbox 1877 3589 2032 3643; x_wconf 90' lang='lat' dir='ltr'><strong>vobis</strong></span> 
     </span>
    </p>
   </div>
   <div class='ocr_carea' id='block_1_60' title="bbox 453 3678 2034 3757">
    <p class='ocr_par' dir='ltr' id='par_1_60' title="bbox 453 3678 2034 3757">
     <span class='ocr_line' id='line_1_60' title="bbox 453 3678 2034 3757; baseline -0.008 -14"><span class='ocrx_word' id='word_1_460' title='bbox 453 3687 720 3743; x_wconf 74' lang='lat' dir='ltr'><strong>efﬁciebat</strong></span> <span class='ocrx_word' id='word_1_461' title='bbox 751 3686 903 3757; x_wconf 89' lang='lat' dir='ltr'><strong>pacis</strong></span> <span class='ocrx_word' id='word_1_462' title='bbox 932 3684 1178 3753; x_wconf 84' lang='lat' dir='ltr'><strong>cujusvis</strong></span> <span class='ocrx_word' id='word_1_463' title='bbox 1208 3682 1563 3744; x_wconf 89' lang='lat' dir='ltr'><strong>desiderium,</strong></span> <span class='ocrx_word' id='word_1_464' title='bbox 1593 3680 1720 3735; x_wconf 91' lang='lat' dir='ltr'><strong>dum</strong></span> <span class='ocrx_word' id='word_1_465' title='bbox 1756 3678 2034 3748; x_wconf 85' lang='lat' dir='ltr'><strong>perpetuis</strong></span> 
     </span>
    </p>
   </div>
   <div class='ocr_carea' id='block_1_61' title="bbox 453 3769 2029 3852">
    <p class='ocr_par' dir='ltr' id='par_1_61' title="bbox 453 3769 2029 3852">
     <span class='ocr_line' id='line_1_61' title="bbox 453 3769 2029 3852; baseline -0.009 -16"><span class='ocrx_word' id='word_1_466' title='bbox 453 3782 729 3852; x_wconf 88' lang='lat' dir='ltr'><strong>variisque</strong></span> <span class='ocrx_word' id='word_1_467' title='bbox 782 3775 1233 3834; x_wconf 87' lang='lat' dir='ltr'><strong>tribulationibus</strong></span> <span class='ocrx_word' id='word_1_468' title='bbox 1296 3781 1631 3829; x_wconf 79' lang='lat' dir='ltr'><strong>vexarentur</strong></span> <span class='ocrx_word' id='word_1_469' title='bbox 1688 3786 1880 3826; x_wconf 90' lang='lat' dir='ltr'><strong>omnes</strong></span> <span class='ocrx_word' id='word_1_470' title='bbox 1935 3769 2029 3839; x_wconf 89' lang='lat' dir='ltr'><strong>qui</strong></span> 
     </span>
    </p>
   </div>
   <div class='ocr_carea' id='block_1_62' title="bbox 452 3860 2030 3939">
    <p class='ocr_par' dir='ltr' id='par_1_62' title="bbox 452 3860 2030 3939">
     <span class='ocr_line' id='line_1_62' title="bbox 452 3860 2030 3939; baseline -0.01 -12"><span class='ocrx_word' id='word_1_471' title='bbox 452 3873 645 3928; x_wconf 87' lang='lat' dir='ltr'><strong>urbem</strong></span> <span class='ocrx_word' id='word_1_472' title='bbox 673 3877 913 3927; x_wconf 84' lang='lat' dir='ltr'><strong>vestram</strong></span> <span class='ocrx_word' id='word_1_473' title='bbox 943 3866 1395 3939; x_wconf 81' lang='lat' dir='ltr'><strong>ingrediebantur</strong></span> <span class='ocrx_word' id='word_1_474' title='bbox 1421 3872 1517 3918; x_wconf 87' lang='lat' dir='ltr'><strong>aut</strong></span> <span class='ocrx_word' id='word_1_475' title='bbox 1548 3863 1674 3918; x_wconf 91' lang='lat' dir='ltr'><strong>inde</strong></span> <span class='ocrx_word' id='word_1_476' title='bbox 1700 3862 1942 3925; x_wconf 79' lang='lat' dir='ltr'><strong>exibant,</strong></span> <span class='ocrx_word' id='word_1_477' title='bbox 1978 3860 2030 3914; x_wconf 90' lang='lat' dir='ltr'><strong>id</strong></span> 
     </span>
    </p>
   </div>
   <div class='ocr_carea' id='block_1_63' title="bbox 450 3956 2029 4030">
    <p class='ocr_par' dir='ltr' id='par_1_63' title="bbox 450 3956 2029 4030">
     <span class='ocr_line' id='line_1_63' title="bbox 450 3956 2029 4030; baseline -0.008 -10"><span class='ocrx_word' id='word_1_478' title='bbox 450 3975 535 4021; x_wconf 83' lang='lat' dir='ltr'><strong>est</strong></span> <span class='ocrx_word' id='word_1_479' title='bbox 583 3963 733 4018; x_wconf 89' lang='lat' dir='ltr'><strong>urbis</strong></span> <span class='ocrx_word' id='word_1_480' title='bbox 773 3961 941 4017; x_wconf 88' lang='lat' dir='ltr'><strong>cives.</strong></span> <span class='ocrx_word' id='word_1_481' title='bbox 979 3960 1228 4030; x_wconf 79' lang='lat' dir='ltr'><strong>Augebat</strong></span> <span class='ocrx_word' id='word_1_482' title='bbox 1263 3967 1445 4013; x_wconf 86' lang='lat' dir='ltr'><strong>autem</strong></span> <span class='ocrx_word' id='word_1_483' title='bbox 1488 3956 1890 4011; x_wconf 88' lang='lat' dir='ltr'><strong>tribulationem</strong></span> <span class='ocrx_word' id='word_1_484' title='bbox 1935 3969 2029 4008; x_wconf 85' lang='lat' dir='ltr'><strong>ve-</strong></span> 
     </span>
    </p>
   </div>
   <div class='ocr_carea' id='block_1_64' title="bbox 452 4047 2028 4124">
    <p class='ocr_par' dir='ltr' id='par_1_64' title="bbox 452 4047 2028 4124">
     <span class='ocr_line' id='line_1_64' title="bbox 452 4047 2028 4124; baseline -0.008 -14"><span class='ocrx_word' id='word_1_485' title='bbox 452 4065 644 4116; x_wconf 87' lang='lat' dir='ltr'><strong>stram,</strong></span> <span class='ocrx_word' id='word_1_486' title='bbox 683 4052 830 4124; x_wconf 89' lang='lat' dir='ltr'><strong>quod</strong></span> <span class='ocrx_word' id='word_1_487' title='bbox 885 4051 1035 4106; x_wconf 87' lang='lat' dir='ltr'><strong>nulla</strong></span> <span class='ocrx_word' id='word_1_488' title='bbox 1075 4065 1207 4121; x_wconf 86' lang='lat' dir='ltr'><strong>pace</strong></span> <span class='ocrx_word' id='word_1_489' title='bbox 1260 4049 1584 4111; x_wconf 85' lang='lat' dir='ltr'><strong>utebamini,</strong></span> <span class='ocrx_word' id='word_1_490' title='bbox 1642 4047 1825 4101; x_wconf 91' lang='lat' dir='ltr'><strong>multis</strong></span> <span class='ocrx_word' id='word_1_491' title='bbox 1873 4053 2028 4100; x_wconf 76' lang='lat' dir='ltr'><strong>extra</strong></span> 
     </span>
    </p>
   </div>
   <div class='ocr_carea' id='block_1_65' title="bbox 448 4139 2027 4217">
    <p class='ocr_par' dir='ltr' id='par_1_65' title="bbox 448 4139 2027 4217">
     <span class='ocr_line' id='line_1_65' title="bbox 448 4139 2027 4217; baseline -0.008 -14"><span class='ocrx_word' id='word_1_492' title='bbox 448 4146 913 4217; x_wconf 79' lang='lat' dir='ltr'><strong>consurgentibus</strong></span> <span class='ocrx_word' id='word_1_493' title='bbox 962 4144 1301 4205; x_wconf 87' lang='lat' dir='ltr'><strong>hominibus,</strong></span> <span class='ocrx_word' id='word_1_494' title='bbox 1358 4142 1488 4196; x_wconf 89' lang='lat' dir='ltr'><strong>dum</strong></span> <span class='ocrx_word' id='word_1_495' title='bbox 1536 4155 1636 4210; x_wconf 79' lang='lat' dir='ltr'><strong>ego</strong></span> <span class='ocrx_word' id='word_1_496' title='bbox 1672 4155 1758 4193; x_wconf 91' lang='lat' dir='ltr'><strong>me</strong></span> <span class='ocrx_word' id='word_1_497' title='bbox 1790 4154 1820 4193; x_wconf 94' lang='lat' dir='ltr'><strong>a</strong></span> <span class='ocrx_word' id='word_1_498' title='bbox 1869 4139 2027 4193; x_wconf 77' lang='lat' dir='ltr'><strong>vobis</strong></span> 
     </span>
    </p>
   </div>
   <div class='ocr_carea' id='block_1_66' title="bbox 452 4234 2030 4301">
    <p class='ocr_par' dir='ltr' id='par_1_66' title="bbox 452 4234 2030 4301">
     <span class='ocr_line' id='line_1_66' title="bbox 452 4234 2030 4301; baseline -0.005 -8"><span class='ocrx_word' id='word_1_499' title='bbox 452 4249 776 4295; x_wconf 69' lang='lat' dir='ltr'><strong>averterant.</strong></span> <span class='ocrx_word' id='word_1_500' title='bbox 799 4236 903 4292; x_wconf 88' lang='lat' dir='ltr'><strong>Per</strong></span> <span class='ocrx_word' id='word_1_501' title='bbox 924 4237 1042 4292; x_wconf 66' lang='lat' dir='ltr'><strong>haec</strong></span> <span class='ocrx_word' id='word_1_502' title='bbox 1073 4245 1252 4291; x_wconf 89' lang='lat' dir='ltr'><strong>autem</strong></span> <span class='ocrx_word' id='word_1_503' title='bbox 1282 4234 1498 4290; x_wconf 85' lang='lat' dir='ltr'><strong>videtur</strong></span> <span class='ocrx_word' id='word_1_504' title='bbox 1522 4235 1712 4289; x_wconf 90' lang='lat' dir='ltr'><strong>eodem</strong></span> <span class='ocrx_word' id='word_1_505' title='bbox 1733 4248 1896 4288; x_wconf 85' lang='lat' dir='ltr'><strong>sensu</strong></span> <span class='ocrx_word' id='word_1_506' title='bbox 1920 4247 2030 4301; x_wconf 90' lang='lat' dir='ltr'><strong>quo</strong></span> 
     </span>
    </p>
   </div>
   <div class='ocr_carea' id='block_1_67' title="bbox 454 4324 2029 4399">
    <p class='ocr_par' dir='ltr' id='par_1_67' title="bbox 454 4324 2029 4399">
     <span class='ocr_line' id='line_1_67' title="bbox 454 4324 2029 4399; baseline -0.004 -14"><span class='ocrx_word' id='word_1_507' title='bbox 454 4332 642 4385; x_wconf 89' lang='lat' dir='ltr'><strong>beatus</strong></span> <span class='ocrx_word' id='word_1_508' title='bbox 670 4329 902 4399; x_wconf 66' lang='lat' dir='ltr'><strong>Aggaeus</strong></span> <span class='ocrx_word' id='word_1_509' title='bbox 936 4329 1223 4398; x_wconf 85' lang='lat' dir='ltr'><strong>prepheta,</strong></span> <span class='ocrx_word' id='word_1_510' title='bbox 1250 4325 1539 4381; x_wconf 78' lang='lat' dir='ltr'><strong>manifeste</strong></span> <span class='ocrx_word' id='word_1_511' title='bbox 1557 4324 1889 4394; x_wconf 80' lang='lat' dir='ltr'><strong>exprobrare</strong></span> <span class='ocrx_word' id='word_1_512' title='bbox 1921 4324 2029 4378; x_wconf 91' lang='lat' dir='ltr'><strong>illis</strong></span> 
     </span>
    </p>
   </div>
   <div class='ocr_carea' id='block_1_68' title="bbox 454 4417 2029 4488">
    <p class='ocr_par' dir='ltr' id='par_1_68' title="bbox 454 4417 2029 4488">
     <span class='ocr_line' id='line_1_68' title="bbox 454 4417 2029 4488; baseline 0.001 -17"><span class='ocrx_word' id='word_1_513' title='bbox 454 4419 760 4488; x_wconf 78' lang='lat' dir='ltr'><strong>ignaviam;</strong></span> <span class='ocrx_word' id='word_1_514' title='bbox 815 4420 1152 4474; x_wconf 81' lang='lat' dir='ltr'><strong>memorabat</strong></span> <span class='ocrx_word' id='word_1_515' title='bbox 1201 4419 1348 4474; x_wconf 92' lang='lat' dir='ltr'><strong>enim</strong></span> <span class='ocrx_word' id='word_1_516' title='bbox 1393 4421 1622 4487; x_wconf 81' lang='lat' dir='ltr'><strong>Aggaeus</strong></span> <span class='ocrx_word' id='word_1_517' title='bbox 1652 4418 1883 4473; x_wconf 89' lang='lat' dir='ltr'><strong>subnata</strong></span> <span class='ocrx_word' id='word_1_518' title='bbox 1920 4417 2029 4473; x_wconf 88' lang='lat' dir='ltr'><strong>illis</strong></span> 
     </span>
    </p>
   </div>
   <div class='ocr_carea' id='block_1_69' title="bbox 2208 2769 3705 2847">
    <p class='ocr_par' dir='ltr' id='par_1_69' title="bbox 2208 2769 3705 2847">
     <span class='ocr_line' id='line_1_69' title="bbox 2208 2769 3705 2847; baseline 0.002 -22"><span class='ocrx_word' id='word_1_519' title='bbox 2208 2773 2353 2847; x_wconf 81' lang='grc' dir='ltr'>Στίχ.</span> <span class='ocrx_word' id='word_1_520' title='bbox 2395 2772 2446 2826; x_wconf 87' lang='grc' dir='ltr'><strong>ι’.</strong></span> <span class='ocrx_word' id='word_1_521' title='bbox 2486 2804 2555 2813; x_wconf 90' lang='lat'><strong>——</strong></span> <span class='ocrx_word' id='word_1_522' title='bbox 2589 2769 2704 2827; x_wconf 74' lang='grc' dir='ltr'><strong>Εἶτ’</strong></span> <span class='ocrx_word' id='word_1_523' title='bbox 2755 2775 2819 2826; x_wconf 84' lang='grc' dir='ltr'><strong>ἐκ</strong></span> <span class='ocrx_word' id='word_1_524' title='bbox 2875 2774 3229 2845; x_wconf 85' lang='grc' dir='ltr'>παραθέσεως</span> <span class='ocrx_word' id='word_1_525' title='bbox 3280 2773 3391 2828; x_wconf 84' lang='grc' dir='ltr'><strong>τῶν</strong></span> <span class='ocrx_word' id='word_1_526' title='bbox 3440 2776 3705 2847; x_wconf 83' lang='grc' dir='ltr'>προτέρων</span> 
     </span>
    </p>
   </div>
   <div class='ocr_carea' id='block_1_70' title="bbox 2136 2865 3705 2939">
    <p class='ocr_par' dir='ltr' id='par_1_70' title="bbox 2136 2865 3705 2939">
     <span class='ocr_line' id='line_1_70' title="bbox 2136 2865 3705 2939; baseline -0.001 -20"><span class='ocrx_word' id='word_1_527' title='bbox 2136 2865 2347 2930; x_wconf 79' lang='grc' dir='ltr'>δεικνὺς</span> <span class='ocrx_word' id='word_1_528' title='bbox 2368 2866 2466 2938; x_wconf 78' lang='grc' dir='ltr'>τὴν</span> <span class='ocrx_word' id='word_1_529' title='bbox 2495 2866 2829 2937; x_wconf 77' lang='grc' dir='ltr'>μεταϐολήν·</span> <span class='ocrx_word' id='word_1_530' title='bbox 2863 2885 2881 2917; x_wconf 78' lang='grc' dir='ltr'><strong>ι</strong></span> <span class='ocrx_word' id='word_1_531' title='bbox 2906 2867 3050 2921; x_wconf 88' lang='grc' dir='ltr'>Διότι</span> <span class='ocrx_word' id='word_1_532' title='bbox 3081 2866 3185 2938; x_wconf 73' lang='grc' dir='ltr'>πρὸ</span> <span class='ocrx_word' id='word_1_533' title='bbox 3202 2867 3311 2920; x_wconf 90' lang='grc' dir='ltr'><strong>τῶν</strong></span> <span class='ocrx_word' id='word_1_534' title='bbox 3329 2867 3562 2939; x_wconf 81' lang='grc' dir='ltr'>ἡμερῶν</span> <span class='ocrx_word' id='word_1_535' title='bbox 3583 2869 3705 2920; x_wconf 79' lang='grc' dir='ltr'>ἐκεί-</span> 
     </span>
    </p>
   </div>
   <div class='ocr_carea' id='block_1_71' title="bbox 2134 2953 3707 3030">
    <p class='ocr_par' dir='ltr' id='par_1_71' title="bbox 2134 2953 3707 3030">
     <span class='ocr_line' id='line_1_71' title="bbox 2134 2953 3707 3030; baseline -0.001 -20"><span class='ocrx_word' id='word_1_536' title='bbox 2134 2975 2241 3010; x_wconf 91' lang='grc' dir='ltr'><strong>νων</strong></span> <span class='ocrx_word' id='word_1_537' title='bbox 2266 2959 2295 3011; x_wconf 88' lang='grc' dir='ltr'><strong>ὁ</strong></span> <span class='ocrx_word' id='word_1_538' title='bbox 2333 2957 2523 3027; x_wconf 88' lang='grc' dir='ltr'>μισθὸς</span> <span class='ocrx_word' id='word_1_539' title='bbox 2548 2958 2656 3011; x_wconf 90' lang='grc' dir='ltr'><strong>τῶν</strong></span> <span class='ocrx_word' id='word_1_540' title='bbox 2696 2958 2997 3029; x_wconf 86' lang='grc' dir='ltr'>ἀνθρώπων</span> <span class='ocrx_word' id='word_1_541' title='bbox 3028 2959 3130 3012; x_wconf 86' lang='grc' dir='ltr'><strong>ούκ</strong></span> <span class='ocrx_word' id='word_1_542' title='bbox 3159 2953 3226 3030; x_wconf 74' lang='grc' dir='ltr'>ἦν</span> <span class='ocrx_word' id='word_1_543' title='bbox 3256 2960 3337 3021; x_wconf 90' lang='grc' dir='ltr'><strong>εἰς</strong></span> <span class='ocrx_word' id='word_1_544' title='bbox 3370 2958 3593 3029; x_wconf 75' lang='grc' dir='ltr'>δνησιν,</span> <span class='ocrx_word' id='word_1_545' title='bbox 3628 2958 3707 3010; x_wconf 78' lang='grc' dir='ltr'><strong>καί</strong></span> 
     </span>
    </p>
   </div>
   <div class='ocr_carea' id='block_1_72' title="bbox 2134 3048 3705 3122">
    <p class='ocr_par' dir='ltr' id='par_1_72' title="bbox 2134 3048 3705 3122">
     <span class='ocr_line' id='line_1_72' title="bbox 2134 3048 3705 3122; baseline 0.001 -19"><span class='ocrx_word' id='word_1_546' title='bbox 2134 3052 2163 3103; x_wconf 87' lang='grc' dir='ltr'>ὁ</span> <span class='ocrx_word' id='word_1_547' title='bbox 2194 3048 2383 3119; x_wconf 81' lang='grc' dir='ltr'>μισθὸς</span> <span class='ocrx_word' id='word_1_548' title='bbox 2414 3049 2523 3103; x_wconf 90' lang='grc' dir='ltr'><strong>τῶν</strong></span> <span class='ocrx_word' id='word_1_549' title='bbox 2549 3049 2760 3119; x_wconf 84' lang='grc' dir='ltr'>κτηνῶν</span> <span class='ocrx_word' id='word_1_550' title='bbox 2792 3050 2891 3120; x_wconf 81' lang='grc' dir='ltr'><strong>οὐχ</strong></span> <span class='ocrx_word' id='word_1_551' title='bbox 2919 3050 3160 3121; x_wconf 81' lang='grc' dir='ltr'>ὑπῆρχε,</span> <span class='ocrx_word' id='word_1_552' title='bbox 3192 3051 3286 3103; x_wconf 82' lang='grc' dir='ltr'>καὶ</span> <span class='ocrx_word' id='word_1_553' title='bbox 3311 3050 3392 3121; x_wconf 83' lang='grc' dir='ltr'>τῷ</span> <span class='ocrx_word' id='word_1_554' title='bbox 3428 3054 3705 3122; x_wconf 80' lang='grc' dir='ltr'>ἐκπορευο-</span> 
     </span>
    </p>
   </div>
   <div class='ocr_carea' id='block_1_73' title="bbox 2139 3136 3706 3214">
    <p class='ocr_par' dir='ltr' id='par_1_73' title="bbox 2139 3136 3706 3214">
     <span class='ocr_line' id='line_1_73' title="bbox 2139 3136 3706 3214; baseline 0.002 -20"><span class='ocrx_word' id='word_1_555' title='bbox 2139 3141 2284 3211; x_wconf 86' lang='grc' dir='ltr'>μένῳ</span> <span class='ocrx_word' id='word_1_556' title='bbox 2311 3142 2405 3194; x_wconf 77' lang='grc' dir='ltr'><strong>καί</strong></span> <span class='ocrx_word' id='word_1_557' title='bbox 2432 3140 2509 3212; x_wconf 81' lang='grc' dir='ltr'>τῷ</span> <span class='ocrx_word' id='word_1_558' title='bbox 2546 3142 2983 3212; x_wconf 84' lang='grc' dir='ltr'>εἰσπορευομένῳ</span> <span class='ocrx_word' id='word_1_559' title='bbox 3021 3142 3123 3195; x_wconf 87' lang='grc' dir='ltr'><strong>ούκ</strong></span> <span class='ocrx_word' id='word_1_560' title='bbox 3152 3136 3221 3212; x_wconf 78' lang='grc' dir='ltr'>ἦν</span> <span class='ocrx_word' id='word_1_561' title='bbox 3249 3143 3445 3214; x_wconf 69' lang='grc' dir='ltr'>εἰρήνη</span> <span class='ocrx_word' id='word_1_562' title='bbox 3492 3144 3599 3196; x_wconf 81' lang='grc' dir='ltr'><strong>ἀπὸ</strong></span> <span class='ocrx_word' id='word_1_563' title='bbox 3622 3143 3706 3213; x_wconf 74' lang='grc' dir='ltr'>τῆς</span> 
     </span>
    </p>
   </div>
   <div class='ocr_carea' id='block_1_74' title="bbox 2135 3230 3703 3305">
    <p class='ocr_par' dir='ltr' id='par_1_74' title="bbox 2135 3230 3703 3305">
     <span class='ocr_line' id='line_1_74' title="bbox 2135 3230 3703 3305; baseline 0.001 -22"><span class='ocrx_word' id='word_1_564' title='bbox 2135 3230 2365 3300; x_wconf 80' lang='grc' dir='ltr'>θλίψεως</span> <span class='ocrx_word' id='word_1_565' title='bbox 2389 3248 2402 3261; x_wconf 79' lang='grc' dir='ltr'><strong><em>ο</em></strong></span> <span class='ocrx_word' id='word_1_566' title='bbox 2447 3232 2543 3284; x_wconf 73' lang='grc' dir='ltr'><strong>καὶ</strong></span> <span class='ocrx_word' id='word_1_567' title='bbox 2590 3231 2937 3298; x_wconf 82' lang='grc' dir='ltr'>ἐξαποστελῶ</span> <span class='ocrx_word' id='word_1_568' title='bbox 2975 3232 3181 3295; x_wconf 85' lang='grc' dir='ltr'>πάντας</span> <span class='ocrx_word' id='word_1_569' title='bbox 3216 3234 3346 3295; x_wconf 76' lang='grc' dir='ltr'>τοὺς</span> <span class='ocrx_word' id='word_1_570' title='bbox 3391 3234 3703 3305; x_wconf 79' lang='grc' dir='ltr'>ἀνθρώπους</span> 
     </span>
    </p>
   </div>
   <div class='ocr_carea' id='block_1_75' title="bbox 2133 3321 3703 3394">
    <p class='ocr_par' dir='ltr' id='par_1_75' title="bbox 2133 3321 3703 3394">
     <span class='ocr_line' id='line_1_75' title="bbox 2133 3321 3703 3394; baseline 0.004 -22"><span class='ocrx_word' id='word_1_571' title='bbox 2133 3321 2363 3374; x_wconf 71' lang='grc' dir='ltr'>ἕκαστον</span> <span class='ocrx_word' id='word_1_572' title='bbox 2401 3322 2492 3375; x_wconf 58' lang='grc' dir='ltr'><strong>ἐπὶ⁵</strong></span> <span class='ocrx_word' id='word_1_573' title='bbox 2538 3321 2630 3375; x_wconf 79' lang='grc' dir='ltr'>τὸν</span> <span class='ocrx_word' id='word_1_574' title='bbox 2678 3322 2903 3393; x_wconf 85' lang='grc' dir='ltr'>πλησίον</span> <span class='ocrx_word' id='word_1_575' title='bbox 2932 3321 3119 3377; x_wconf 78' lang='grc' dir='ltr'>αὑτοῦ.</span> <span class='ocrx_word' id='word_1_576' title='bbox 3148 3341 3166 3373; x_wconf 76' lang='grc' dir='ltr'><strong>ι</strong></span> <span class='ocrx_word' id='word_1_577' title='bbox 3205 3323 3382 3377; x_wconf 84' lang='grc' dir='ltr'>Πάλαι</span> <span class='ocrx_word' id='word_1_578' title='bbox 3444 3324 3547 3394; x_wconf 83' lang='grc' dir='ltr'>μὲν</span> <span class='ocrx_word' id='word_1_579' title='bbox 3590 3325 3703 3394; x_wconf 73' lang='grc' dir='ltr'>γὰρ.</span> 
     </span>
    </p>
   </div>
   <div class='ocr_carea' id='block_1_76' title="bbox 2134 3411 3705 3487">
    <p class='ocr_par' dir='ltr' id='par_1_76' title="bbox 2134 3411 3705 3487">
     <span class='ocr_line' id='line_1_76' title="bbox 2134 3411 3705 3487; baseline 0.003 -24"><span class='ocrx_word' id='word_1_580' title='bbox 2134 3412 2288 3481; x_wconf 69' lang='grc' dir='ltr'>φησι,</span> <span class='ocrx_word' id='word_1_581' title='bbox 2324 3411 2417 3465; x_wconf 69' lang='grc' dir='ltr'><strong>καὶ</strong></span> <span class='ocrx_word' id='word_1_582' title='bbox 2451 3411 2557 3483; x_wconf 84' lang='grc' dir='ltr'><strong>πρὸ</strong></span> <span class='ocrx_word' id='word_1_583' title='bbox 2586 3412 2685 3483; x_wconf 83' lang='grc' dir='ltr'>τῆς</span> <span class='ocrx_word' id='word_1_584' title='bbox 2708 3412 2994 3484; x_wconf 76' lang='grc' dir='ltr'>οἰκοδομῆς</span> <span class='ocrx_word' id='word_1_585' title='bbox 3020 3412 3112 3467; x_wconf 79' lang='grc' dir='ltr'>τοῦ</span> <span class='ocrx_word' id='word_1_586' title='bbox 3143 3413 3272 3468; x_wconf 80' lang='grc' dir='ltr'>ναοῦ</span> <span class='ocrx_word' id='word_1_587' title='bbox 3303 3415 3362 3467; x_wconf 88' lang='grc' dir='ltr'><strong>ἐν</strong></span> <span class='ocrx_word' id='word_1_588' title='bbox 3390 3417 3562 3487; x_wconf 77' lang='grc' dir='ltr'>πολλῇ</span> <span class='ocrx_word' id='word_1_589' title='bbox 3586 3416 3705 3469; x_wconf 81' lang='grc' dir='ltr'>καθ-</span> 
     </span>
    </p>
   </div>
   <div class='ocr_carea' id='block_1_77' title="bbox 2133 3505 3703 3581">
    <p class='ocr_par' dir='ltr' id='par_1_77' title="bbox 2133 3505 3703 3581">
     <span class='ocr_line' id='line_1_77' title="bbox 2133 3505 3703 3581; baseline 0.001 -24"><span class='ocrx_word' id='word_1_590' title='bbox 2133 3506 2434 3577; x_wconf 78' lang='grc' dir='ltr'>ειστήκειτε</span> <span class='ocrx_word' id='word_1_591' title='bbox 2487 3505 2829 3578; x_wconf 72' lang='grc' dir='ltr'>ταλαιπωρίᾳ</span> <span class='ocrx_word' id='word_1_592' title='bbox 2858 3523 2873 3538; x_wconf 86' lang='grc'><strong>·</strong></span> <span class='ocrx_word' id='word_1_593' title='bbox 2940 3506 3033 3560; x_wconf 75' lang='grc' dir='ltr'><strong>καὶ</strong></span> <span class='ocrx_word' id='word_1_594' title='bbox 3084 3506 3205 3561; x_wconf 75' lang='grc' dir='ltr'>οὔτε</span> <span class='ocrx_word' id='word_1_595' title='bbox 3249 3511 3317 3579; x_wconf 83' lang='grc' dir='ltr'>τῇ</span> <span class='ocrx_word' id='word_1_596' title='bbox 3363 3510 3475 3562; x_wconf 83' lang='grc' dir='ltr'><strong>τῶν</strong></span> <span class='ocrx_word' id='word_1_597' title='bbox 3508 3511 3703 3581; x_wconf 71' lang='grc' dir='ltr'>κτηνῶν</span> 
     </span>
    </p>
   </div>
   <div class='ocr_carea' id='block_1_78' title="bbox 2133 3596 3703 3669">
    <p class='ocr_par' dir='ltr' id='par_1_78' title="bbox 2133 3596 3703 3669">
     <span class='ocr_line' id='line_1_78' title="bbox 2133 3596 3703 3669; baseline 0.002 -20"><span class='ocrx_word' id='word_1_598' title='bbox 2133 3596 2241 3649; x_wconf 85' lang='grc' dir='ltr'><strong>τῶν</strong></span> <span class='ocrx_word' id='word_1_599' title='bbox 2274 3597 2553 3668; x_wconf 87' lang='grc' dir='ltr'>ὑμετέρων</span> <span class='ocrx_word' id='word_1_600' title='bbox 2586 3598 2817 3669; x_wconf 84' lang='grc' dir='ltr'>ἐργασίᾳ</span> <span class='ocrx_word' id='word_1_601' title='bbox 2849 3599 3232 3669; x_wconf 88' lang='grc' dir='ltr'>προσκείμενοι</span> <span class='ocrx_word' id='word_1_602' title='bbox 3262 3600 3326 3652; x_wconf 85' lang='grc' dir='ltr'><strong>ἐκ</strong></span> <span class='ocrx_word' id='word_1_603' title='bbox 3361 3600 3473 3653; x_wconf 81' lang='grc' dir='ltr'><strong>τῶν</strong></span> <span class='ocrx_word' id='word_1_604' title='bbox 3508 3602 3703 3654; x_wconf 77' lang='grc' dir='ltr'>πολλῶν</span> 
     </span>
    </p>
   </div>
   <div class='ocr_carea' id='block_1_79' title="bbox 2132 3689 3701 3764">
    <p class='ocr_par' dir='ltr' id='par_1_79' title="bbox 2132 3689 3701 3764">
     <span class='ocr_line' id='line_1_79' title="bbox 2132 3689 3701 3764; baseline 0.003 -22"><span class='ocrx_word' id='word_1_605' title='bbox 2132 3706 2185 3741; x_wconf 91' lang='grc' dir='ltr'><strong>τι</strong></span> <span class='ocrx_word' id='word_1_606' title='bbox 2230 3689 2409 3742; x_wconf 89' lang='grc' dir='ltr'>πόνων</span> <span class='ocrx_word' id='word_1_607' title='bbox 2463 3689 2804 3760; x_wconf 84' lang='grc' dir='ltr'>ἁπεφέρεσθε</span> <span class='ocrx_word' id='word_1_608' title='bbox 2852 3691 3080 3763; x_wconf 76' lang='grc' dir='ltr'>κέρδοςο</span> <span class='ocrx_word' id='word_1_609' title='bbox 3135 3693 3369 3762; x_wconf 84' lang='grc' dir='ltr'>ἀνόνητα</span> <span class='ocrx_word' id='word_1_610' title='bbox 3426 3693 3537 3764; x_wconf 81' lang='grc' dir='ltr'><strong>γάρ</strong></span> <span class='ocrx_word' id='word_1_611' title='bbox 3588 3695 3701 3762; x_wconf 73' lang='grc' dir='ltr'>ὑμίν</span> 
     </span>
    </p>
   </div>
   <div class='ocr_carea' id='block_1_80' title="bbox 2133 3782 3699 3856">
    <p class='ocr_par' dir='ltr' id='par_1_80' title="bbox 2133 3782 3699 3856">
     <span class='ocr_line' id='line_1_80' title="bbox 2133 3782 3699 3856; baseline 0.001 -21"><span class='ocrx_word' id='word_1_612' title='bbox 2133 3782 2351 3836; x_wconf 80' lang='grc' dir='ltr'>ἅπαντα</span> <span class='ocrx_word' id='word_1_613' title='bbox 2380 3783 2554 3837; x_wconf 90' lang='grc' dir='ltr'>ἐποίει</span> <span class='ocrx_word' id='word_1_614' title='bbox 2581 3784 2642 3835; x_wconf 82' lang='grc' dir='ltr'><strong>τὸ</strong></span> <span class='ocrx_word' id='word_1_615' title='bbox 2678 3784 2947 3855; x_wconf 80' lang='grc' dir='ltr'>μηδεμιᾶς</span> <span class='ocrx_word' id='word_1_616' title='bbox 2998 3786 3095 3856; x_wconf 84' lang='grc' dir='ltr'><strong>μὲν</strong></span> <span class='ocrx_word' id='word_1_617' title='bbox 3141 3787 3366 3856; x_wconf 83' lang='grc' dir='ltr'>εἰρήνης</span> <span class='ocrx_word' id='word_1_618' title='bbox 3397 3786 3699 3849; x_wconf 76' lang='grc' dir='ltr'>ἀπολαύειν,</span> 
     </span>
    </p>
   </div>
   <div class='ocr_carea' id='block_1_81' title="bbox 2133 3872 3702 3943">
    <p class='ocr_par' dir='ltr' id='par_1_81' title="bbox 2133 3872 3702 3943">
     <span class='ocr_line' id='line_1_81' title="bbox 2133 3872 3702 3943; baseline 0.003 -16"><span class='ocrx_word' id='word_1_619' title='bbox 2133 3873 2191 3927; x_wconf 73' lang='grc' dir='ltr'><strong>ἐν</strong></span> <span class='ocrx_word' id='word_1_620' title='bbox 2216 3872 2425 3942; x_wconf 67' lang='grc' dir='ltr'>θλίψεσι</span> <span class='ocrx_word' id='word_1_621' title='bbox 2448 3874 2504 3927; x_wconf 83' lang='grc' dir='ltr'>δὲ</span> <span class='ocrx_word' id='word_1_622' title='bbox 2530 3875 2760 3929; x_wconf 86' lang='grc' dir='ltr'>πάντοτε</span> <span class='ocrx_word' id='word_1_623' title='bbox 2787 3875 3133 3943; x_wconf 78' lang='grc' dir='ltr'>ἐξετάζεσθαι</span> <span class='ocrx_word' id='word_1_624' title='bbox 3166 3877 3439 3942; x_wconf 84' lang='grc' dir='ltr'>ποικίλαις</span> <span class='ocrx_word' id='word_1_625' title='bbox 3468 3878 3702 3939; x_wconf 79' lang='grc' dir='ltr'>ἅπαντας</span> 
     </span>
    </p>
   </div>
   <div class='ocr_carea' id='block_1_82' title="bbox 2136 3964 3698 4037">
    <p class='ocr_par' dir='ltr' id='par_1_82' title="bbox 2136 3964 3698 4037">
     <span class='ocr_line' id='line_1_82' title="bbox 2136 3964 3698 4037; baseline 0.003 -21"><span class='ocrx_word' id='word_1_626' title='bbox 2136 3964 2256 4028; x_wconf 82' lang='grc' dir='ltr'>τοὺς</span> <span class='ocrx_word' id='word_1_627' title='bbox 2279 3966 2372 4019; x_wconf 74' lang='grc' dir='ltr'><strong>ἐπὶ</strong></span> <span class='ocrx_word' id='word_1_628' title='bbox 2409 3967 2508 4037; x_wconf 82' lang='grc' dir='ltr'>τῆς</span> <span class='ocrx_word' id='word_1_629' title='bbox 2555 3966 2760 4031; x_wconf 86' lang='grc' dir='ltr'>πόλεως</span> <span class='ocrx_word' id='word_1_630' title='bbox 2790 3968 3056 4031; x_wconf 84' lang='grc' dir='ltr'>εἰσιόντας</span> <span class='ocrx_word' id='word_1_631' title='bbox 3102 3986 3160 4021; x_wconf 85' lang='grc' dir='ltr'><strong>τε</strong></span> <span class='ocrx_word' id='word_1_632' title='bbox 3203 3972 3297 4022; x_wconf 73' lang='grc' dir='ltr'><strong>καὶ</strong></span> <span class='ocrx_word' id='word_1_633' title='bbox 3337 3968 3578 4034; x_wconf 83' lang='grc' dir='ltr'>ἐξιόντας</span> <span class='ocrx_word' id='word_1_634' title='bbox 3606 3969 3698 4023; x_wconf 77' lang='grc' dir='ltr'><strong>τῶν</strong></span> 
     </span>
    </p>
   </div>
   <div class='ocr_carea' id='block_1_83' title="bbox 2132 4057 3686 4130">
    <p class='ocr_par' dir='ltr' id='par_1_83' title="bbox 2132 4057 3686 4130">
     <span class='ocr_line' id='line_1_83' title="bbox 2132 4057 3686 4130; baseline 0.003 -23"><span class='ocrx_word' id='word_1_635' title='bbox 2132 4057 2190 4109; x_wconf 92' lang='grc' dir='ltr'><strong>ἐν</strong></span> <span class='ocrx_word' id='word_1_636' title='bbox 2220 4058 2366 4127; x_wconf 80' lang='grc' dir='ltr'>ὑμῖν,</span> <span class='ocrx_word' id='word_1_637' title='bbox 2394 4057 2481 4111; x_wconf 83' lang='grc' dir='ltr'><strong>ἵνα</strong></span> <span class='ocrx_word' id='word_1_638' title='bbox 2510 4058 2640 4129; x_wconf 86' lang='grc' dir='ltr'>εἴπῃ</span> <span class='ocrx_word' id='word_1_639' title='bbox 2666 4058 2790 4120; x_wconf 80' lang='grc' dir='ltr'>τοὺς</span> <span class='ocrx_word' id='word_1_640' title='bbox 2822 4057 2915 4109; x_wconf 71' lang='grc' dir='ltr'><strong>ἐπὶ</strong></span> <span class='ocrx_word' id='word_1_641' title='bbox 2942 4057 3041 4127; x_wconf 77' lang='grc' dir='ltr'>τῆς</span> <span class='ocrx_word' id='word_1_642' title='bbox 3072 4058 3278 4121; x_wconf 87' lang='grc' dir='ltr'>πόλεως</span> <span class='ocrx_word' id='word_1_643' title='bbox 3304 4058 3686 4130; x_wconf 64' lang='grc' dir='ltr'>ἀναστρεφομέ-</span> 
     </span>
    </p>
   </div>
   <div class='ocr_carea' id='block_1_84' title="bbox 2132 4147 3695 4220">
    <p class='ocr_par' dir='ltr' id='par_1_84' title="bbox 2132 4147 3695 4220">
     <span class='ocr_line' id='line_1_84' title="bbox 2132 4147 3695 4220; baseline 0.003 -20"><span class='ocrx_word' id='word_1_644' title='bbox 2132 4165 2275 4210; x_wconf 81' lang='grc' dir='ltr'>νους.</span> <span class='ocrx_word' id='word_1_645' title='bbox 2318 4147 2525 4211; x_wconf 77' lang='grc' dir='ltr'>Ηύξανε</span> <span class='ocrx_word' id='word_1_646' title='bbox 2553 4147 2611 4199; x_wconf 85' lang='grc' dir='ltr'><strong>δέ</strong></span> <span class='ocrx_word' id='word_1_647' title='bbox 2632 4147 2802 4201; x_wconf 77' lang='grc' dir='ltr'>ταῦτα</span> <span class='ocrx_word' id='word_1_648' title='bbox 2831 4149 2959 4219; x_wconf 81' lang='grc' dir='ltr'>ὑμῖν</span> <span class='ocrx_word' id='word_1_649' title='bbox 2986 4150 3083 4220; x_wconf 82' lang='grc' dir='ltr'>τήν</span> <span class='ocrx_word' id='word_1_650' title='bbox 3103 4166 3164 4202; x_wconf 86' lang='grc' dir='ltr'><strong>τε</strong></span> <span class='ocrx_word' id='word_1_651' title='bbox 3198 4148 3395 4219; x_wconf 67' lang='grc' dir='ltr'>θλίψιν,</span> <span class='ocrx_word' id='word_1_652' title='bbox 3427 4152 3520 4204; x_wconf 71' lang='grc' dir='ltr'>καὶ</span> <span class='ocrx_word' id='word_1_653' title='bbox 3544 4151 3607 4203; x_wconf 77' lang='grc' dir='ltr'>τὸ</span> <span class='ocrx_word' id='word_1_654' title='bbox 3631 4151 3695 4220; x_wconf 78' lang='grc' dir='ltr'>μὴ</span> 
     </span>
    </p>
   </div>
   <div class='ocr_carea' id='block_1_85' title="bbox 2131 4240 3697 4315">
    <p class='ocr_par' dir='ltr' id='par_1_85' title="bbox 2131 4240 3697 4315">
     <span class='ocr_line' id='line_1_85' title="bbox 2131 4240 3697 4315; baseline 0.003 -23"><span class='ocrx_word' id='word_1_655' title='bbox 2131 4240 2190 4292; x_wconf 90' lang='grc' dir='ltr'><strong>ἐν</strong></span> <span class='ocrx_word' id='word_1_656' title='bbox 2218 4241 2408 4311; x_wconf 73' lang='grc' dir='ltr'>εἰρήνῃ</span> <span class='ocrx_word' id='word_1_657' title='bbox 2435 4240 2782 4306; x_wconf 90' lang='grc' dir='ltr'>καθεστάναι,</span> <span class='ocrx_word' id='word_1_658' title='bbox 2817 4241 2877 4292; x_wconf 86' lang='grc' dir='ltr'><strong>τὸ</strong></span> <span class='ocrx_word' id='word_1_659' title='bbox 2914 4240 3139 4304; x_wconf 80' lang='grc' dir='ltr'>πολλοὺς</span> <span class='ocrx_word' id='word_1_660' title='bbox 3173 4242 3301 4312; x_wconf 84' lang='grc' dir='ltr'>ὑμῖν</span> <span class='ocrx_word' id='word_1_661' title='bbox 3327 4244 3697 4315; x_wconf 79' lang='grc' dir='ltr'>ἐπεγείρεσθαι</span> 
     </span>
    </p>
   </div>
   <div class='ocr_carea' id='block_1_86' title="bbox 2129 4330 3694 4407">
    <p class='ocr_par' dir='ltr' id='par_1_86' title="bbox 2129 4330 3694 4407">
     <span class='ocr_line' id='line_1_86' title="bbox 2129 4330 3694 4407; baseline 0.001 -24"><span class='ocrx_word' id='word_1_662' title='bbox 2129 4331 2239 4384; x_wconf 86' lang='grc' dir='ltr'><strong>τῶν</strong></span> <span class='ocrx_word' id='word_1_663' title='bbox 2291 4330 2490 4396; x_wconf 79' lang='grc' dir='ltr'>ἔξωθεν</span> <span class='ocrx_word' id='word_1_664' title='bbox 2541 4330 2886 4403; x_wconf 82' lang='grc' dir='ltr'>ἀνθρώπων,</span> <span class='ocrx_word' id='word_1_665' title='bbox 2935 4333 3021 4386; x_wconf 74' lang='grc' dir='ltr'>διὰ</span> <span class='ocrx_word' id='word_1_666' title='bbox 3074 4334 3170 4405; x_wconf 79' lang='grc' dir='ltr'>τὴν</span> <span class='ocrx_word' id='word_1_667' title='bbox 3220 4336 3569 4407; x_wconf 67' lang='grc' dir='ltr'>ἀποστροφὴν</span> <span class='ocrx_word' id='word_1_668' title='bbox 3608 4336 3694 4405; x_wconf 81' lang='grc' dir='ltr'>τὴν</span> 
     </span>
    </p>
   </div>
   <div class='ocr_carea' id='block_1_87' title="bbox 2132 4423 3693 4497">
    <p class='ocr_par' dir='ltr' id='par_1_87' title="bbox 2132 4423 3693 4497">
     <span class='ocr_line' id='line_1_87' title="bbox 2132 4423 3693 4497; baseline 0.004 -24"><span class='ocrx_word' id='word_1_669' title='bbox 2132 4423 2272 4494; x_wconf 78' lang='grc' dir='ltr'>ἐμήν</span> <span class='ocrx_word' id='word_1_670' title='bbox 2290 4441 2302 4454; x_wconf 93' lang='grc'><strong>·</strong></span> <span class='ocrx_word' id='word_1_671' title='bbox 2338 4423 2480 4476; x_wconf 78' lang='grc' dir='ltr'>ἔοικε</span> <span class='ocrx_word' id='word_1_672' title='bbox 2507 4423 2563 4475; x_wconf 86' lang='grc' dir='ltr'><strong>δέ</strong></span> <span class='ocrx_word' id='word_1_673' title='bbox 2590 4423 2764 4497; x_wconf 74' lang='grc' dir='ltr'>ταῦτα</span> <span class='ocrx_word' id='word_1_674' title='bbox 2790 4425 2929 4479; x_wconf 89' lang='grc' dir='ltr'><strong>κατά</strong></span> <span class='ocrx_word' id='word_1_675' title='bbox 2956 4425 3053 4497; x_wconf 77' lang='grc' dir='ltr'>τὴν</span> <span class='ocrx_word' id='word_1_676' title='bbox 3096 4426 3301 4479; x_wconf 81' lang='grc' dir='ltr'>ἔννοιαν</span> <span class='ocrx_word' id='word_1_677' title='bbox 3329 4430 3440 4491; x_wconf 81' lang='grc' dir='ltr'>τοῖς</span> <span class='ocrx_word' id='word_1_678' title='bbox 3467 4427 3559 4480; x_wconf 77' lang='grc' dir='ltr'>τοῦ</span> <span class='ocrx_word' id='word_1_679' title='bbox 3602 4446 3693 4497; x_wconf 66' lang='grc' dir='ltr'>μαι</span> 
     </span>
    </p>
   </div>
   <div class='ocr_carea' id='block_1_88' title="bbox 453 4510 2027 4589">
    <p class='ocr_par' dir='ltr' id='par_1_88' title="bbox 453 4510 2027 4579">
     <span class='ocr_line' id='line_1_88' title="bbox 453 4510 2027 4579; baseline -0.003 -12"><span class='ocrx_word' id='word_1_680' title='bbox 453 4514 618 4576; x_wconf 83' lang='lat' dir='ltr'><strong>mala,</strong></span> <span class='ocrx_word' id='word_1_681' title='bbox 652 4527 776 4565; x_wconf 88' lang='lat' dir='ltr'><strong>cum</strong></span> <span class='ocrx_word' id='word_1_682' title='bbox 806 4512 873 4565; x_wconf 90' lang='lat' dir='ltr'><strong>ad</strong></span> <span class='ocrx_word' id='word_1_683' title='bbox 896 4511 1312 4566; x_wconf 68' lang='lat' dir='ltr'><strong>aediﬁcationem</strong></span> <span class='ocrx_word' id='word_1_684' title='bbox 1337 4510 1624 4579; x_wconf 87' lang='lat' dir='ltr'><strong>torpebant</strong></span> <span class='ocrx_word' id='word_1_685' title='bbox 1651 4528 1666 4577; x_wconf 87' lang='lat'><strong>;</strong></span> <span class='ocrx_word' id='word_1_686' title='bbox 1703 4510 2027 4565; x_wconf 88' lang='lat' dir='ltr'><strong>ostendebat</strong></span> 
     </span>
    </p>
   </div>
   <div class='ocr_carea' id='block_1_89' title="bbox 2135 4510 3669 4589">
    <p class='ocr_par' dir='ltr' id='par_1_89' title="bbox 2135 4513 3669 4589">
     <span class='ocr_line' id='line_1_89' title="bbox 2135 4513 3669 4589; baseline 0.005 -25"><span class='ocrx_word' id='word_1_687' title='bbox 2135 4513 2321 4584; x_wconf 83' lang='grc' dir='ltr'>καρίου</span> <span class='ocrx_word' id='word_1_688' title='bbox 2361 4515 2616 4583; x_wconf 85' lang='grc' dir='ltr'>Ἀγγαίου</span> <span class='ocrx_word' id='word_1_689' title='bbox 2643 4514 2739 4569; x_wconf 79' lang='grc' dir='ltr'>τοῦ</span> <span class='ocrx_word' id='word_1_690' title='bbox 2767 4516 3045 4588; x_wconf 77' lang='grc' dir='ltr'>προφήτου</span> <span class='ocrx_word' id='word_1_691' title='bbox 3090 4517 3274 4586; x_wconf 76' lang='grc' dir='ltr'>σαφῶς</span> <span class='ocrx_word' id='word_1_692' title='bbox 3305 4516 3381 4589; x_wconf 84' lang='lat' dir='ltr'><strong>(p.</strong></span> <span class='ocrx_word' id='word_1_693' title='bbox 3414 4518 3543 4587; x_wconf 64' lang='lat'><strong>487)</strong></span> <span class='ocrx_word' id='word_1_694' title='bbox 3569 4520 3669 4572; x_wconf 78' lang='grc' dir='ltr'>όνει</span> 
     </span>
    </p>
   </div>
   <div class='ocr_carea' id='block_1_90' title="bbox 452 4602 2025 4674">
    <p class='ocr_par' dir='ltr' id='par_1_90' title="bbox 452 4602 2025 4674">
     <span class='ocr_line' id='line_1_90' title="bbox 452 4602 2025 4674; baseline -0.003 -13"><span class='ocrx_word' id='word_1_695' title='bbox 452 4605 613 4661; x_wconf 91' lang='lat' dir='ltr'><strong>simul</strong></span> <span class='ocrx_word' id='word_1_696' title='bbox 633 4613 836 4674; x_wconf 85' lang='lat' dir='ltr'><strong>quanta</strong></span> <span class='ocrx_word' id='word_1_697' title='bbox 860 4603 999 4658; x_wconf 86' lang='lat' dir='ltr'><strong>facta</strong></span> <span class='ocrx_word' id='word_1_698' title='bbox 1025 4602 1218 4657; x_wconf 83' lang='lat' dir='ltr'><strong>fuisset</strong></span> <span class='ocrx_word' id='word_1_699' title='bbox 1245 4604 1296 4656; x_wconf 92' lang='lat' dir='ltr'><strong>in</strong></span> <span class='ocrx_word' id='word_1_700' title='bbox 1325 4602 1517 4656; x_wconf 90' lang='lat' dir='ltr'><strong>melius</strong></span> <span class='ocrx_word' id='word_1_701' title='bbox 1544 4602 1855 4665; x_wconf 88' lang='lat' dir='ltr'><strong>conversio,</strong></span> <span class='ocrx_word' id='word_1_702' title='bbox 1878 4610 2025 4673; x_wconf 89' lang='lat' dir='ltr'><strong>post-</strong></span> 
     </span>
    </p>
   </div>
   <div class='ocr_carea' id='block_1_91' title="bbox 450 4692 2020 4764">
    <p class='ocr_par' dir='ltr' id='par_1_91' title="bbox 450 4692 2020 4764">
     <span class='ocr_line' id='line_1_91' title="bbox 450 4692 2020 4764; baseline -0.001 -17"><span class='ocrx_word' id='word_1_703' title='bbox 450 4709 613 4764; x_wconf 87' lang='lat' dir='ltr'><strong>quam</strong></span> <span class='ocrx_word' id='word_1_704' title='bbox 667 4702 947 4764; x_wconf 77' lang='lat' dir='ltr'><strong>cmperant</strong></span> <span class='ocrx_word' id='word_1_705' title='bbox 995 4692 1165 4747; x_wconf 88' lang='lat' dir='ltr'><strong>divini</strong></span> <span class='ocrx_word' id='word_1_706' title='bbox 1224 4693 1411 4762; x_wconf 88' lang='lat' dir='ltr'><strong>templi</strong></span> <span class='ocrx_word' id='word_1_707' title='bbox 1464 4692 1753 4748; x_wconf 66' lang='lat' dir='ltr'><strong>aedilicium</strong></span> <span class='ocrx_word' id='word_1_708' title='bbox 1804 4709 2020 4763; x_wconf 81' lang='lat' dir='ltr'><strong>urgere.</strong></span> 
     </span>
    </p>
   </div>
   <div class='ocr_carea' id='block_1_92' title="bbox 453 4782 2026 4855">
    <p class='ocr_par' dir='ltr' id='par_1_92' title="bbox 453 4782 2026 4855">
     <span class='ocr_line' id='line_1_92' title="bbox 453 4782 2026 4855; baseline -0.001 -14"><span class='ocrx_word' id='word_1_709' title='bbox 453 4787 596 4841; x_wconf 86' lang='lat' dir='ltr'><strong>Idem</strong></span> <span class='ocrx_word' id='word_1_710' title='bbox 645 4786 747 4840; x_wconf 92' lang='lat' dir='ltr'><strong>hoc</strong></span> <span class='ocrx_word' id='word_1_711' title='bbox 788 4786 906 4841; x_wconf 91' lang='lat' dir='ltr'><strong>loco</strong></span> <span class='ocrx_word' id='word_1_712' title='bbox 951 4786 1146 4841; x_wconf 89' lang='lat' dir='ltr'><strong>beatus</strong></span> <span class='ocrx_word' id='word_1_713' title='bbox 1175 4782 1469 4839; x_wconf 87' lang='lat' dir='ltr'><strong>Zacharias</strong></span> <span class='ocrx_word' id='word_1_714' title='bbox 1499 4785 1653 4848; x_wconf 85' lang='lat' dir='ltr'><strong>dicit,</strong></span> <span class='ocrx_word' id='word_1_715' title='bbox 1700 4800 1897 4855; x_wconf 88' lang='lat' dir='ltr'><strong>nempe</strong></span> <span class='ocrx_word' id='word_1_716' title='bbox 1930 4798 2026 4839; x_wconf 88' lang='lat' dir='ltr'><strong>vos</strong></span> 
     </span>
    </p>
   </div>
   <div class='ocr_carea' id='block_1_93' title="bbox 451 4877 2023 4948">
    <p class='ocr_par' dir='ltr' id='par_1_93' title="bbox 451 4877 2023 4948">
     <span class='ocr_line' id='line_1_93' title="bbox 451 4877 2023 4948; baseline -0.001 -16"><span class='ocrx_word' id='word_1_717' title='bbox 451 4880 653 4934; x_wconf 85' lang='lat' dir='ltr'><strong>multas</strong></span> <span class='ocrx_word' id='word_1_718' title='bbox 709 4888 962 4947; x_wconf 81' lang='lat' dir='ltr'><strong>expertos</strong></span> <span class='ocrx_word' id='word_1_719' title='bbox 1007 4892 1128 4932; x_wconf 88' lang='lat' dir='ltr'><strong>esse</strong></span> <span class='ocrx_word' id='word_1_720' title='bbox 1180 4877 1539 4943; x_wconf 90' lang='lat' dir='ltr'><strong>calamitates,</strong></span> <span class='ocrx_word' id='word_1_721' title='bbox 1587 4878 1716 4931; x_wconf 90' lang='lat' dir='ltr'><strong>dum</strong></span> <span class='ocrx_word' id='word_1_722' title='bbox 1765 4879 2023 4948; x_wconf 91' lang='lat' dir='ltr'><strong>templum</strong></span> 
     </span>
    </p>
   </div>
   <div class='ocr_carea' id='block_1_94' title="bbox 448 4969 2025 5042">
    <p class='ocr_par' dir='ltr' id='par_1_94' title="bbox 448 4969 2025 5042">
     <span class='ocr_line' id='line_1_94' title="bbox 448 4969 2025 5042; baseline -0.002 -17"><span class='ocrx_word' id='word_1_723' title='bbox 448 4969 934 5042; x_wconf 56' lang='lat' dir='ltr'><strong>negligebatismed</strong></span> <span class='ocrx_word' id='word_1_724' title='bbox 968 4976 1252 5038; x_wconf 86' lang='lat' dir='ltr'><strong>postquam</strong></span> <span class='ocrx_word' id='word_1_725' title='bbox 1290 4976 1498 5022; x_wconf 83' lang='lat' dir='ltr'><strong>mutata</strong></span> <span class='ocrx_word' id='word_1_726' title='bbox 1534 4970 1829 5032; x_wconf 89' lang='lat' dir='ltr'><strong>sententia,</strong></span> <span class='ocrx_word' id='word_1_727' title='bbox 1870 4969 2025 5024; x_wconf 88' lang='lat' dir='ltr'><strong>debi-</strong></span> 
     </span>
    </p>
   </div>
   <div class='ocr_carea' id='block_1_95' title="bbox 450 5058 1987 5130">
    <p class='ocr_par' dir='ltr' id='par_1_95' title="bbox 450 5058 1987 5130">
     <span class='ocr_line' id='line_1_95' title="bbox 450 5058 1987 5130; baseline -0.002 -14"><span class='ocrx_word' id='word_1_728' title='bbox 450 5074 558 5116; x_wconf 87' lang='lat' dir='ltr'><strong>tam</strong></span> <span class='ocrx_word' id='word_1_729' title='bbox 592 5060 915 5129; x_wconf 87' lang='lat' dir='ltr'><strong>suscepistis</strong></span> <span class='ocrx_word' id='word_1_730' title='bbox 944 5060 1132 5129; x_wconf 90' lang='lat' dir='ltr'><strong>templi</strong></span> <span class='ocrx_word' id='word_1_731' title='bbox 1158 5073 1368 5123; x_wconf 89' lang='lat' dir='ltr'><strong>curam,</strong></span> <span class='ocrx_word' id='word_1_732' title='bbox 1405 5058 1537 5129; x_wconf 85' lang='lat' dir='ltr'><strong>quid</strong></span> <span class='ocrx_word' id='word_1_733' title='bbox 1570 5066 1685 5112; x_wconf 94' lang='lat' dir='ltr'><strong>tum</strong></span> <span class='ocrx_word' id='word_1_734' title='bbox 1722 5059 1987 5130; x_wconf 79' lang='lat' dir='ltr'><strong>contigit?</strong></span> 
     </span>
    </p>
   </div>
   <div class='ocr_carea' id='block_1_96' title="bbox 2129 4607 3692 4681">
    <p class='ocr_par' dir='ltr' id='par_1_96' title="bbox 2129 4607 3692 4681">
     <span class='ocr_line' id='line_1_96' title="bbox 2129 4607 3692 4681; baseline 0.002 -22"><span class='ocrx_word' id='word_1_735' title='bbox 2129 4607 2290 4670; x_wconf 74' lang='grc' dir='ltr'>δίζων</span> <span class='ocrx_word' id='word_1_736' title='bbox 2325 4608 2507 4671; x_wconf 83' lang='grc' dir='ltr'>αὐτοῖς</span> <span class='ocrx_word' id='word_1_737' title='bbox 2538 4607 2636 4680; x_wconf 82' lang='grc' dir='ltr'><strong>τὴν</strong></span> <span class='ocrx_word' id='word_1_738' title='bbox 2680 4609 2984 4680; x_wconf 75' lang='grc' dir='ltr'>ρᾳθυμίανο</span> <span class='ocrx_word' id='word_1_739' title='bbox 3022 4611 3394 4681; x_wconf 85' lang='grc' dir='ltr'>ἐμνημόνευσε</span> <span class='ocrx_word' id='word_1_740' title='bbox 3450 4611 3552 4681; x_wconf 81' lang='grc' dir='ltr'>μὲν</span> <span class='ocrx_word' id='word_1_741' title='bbox 3600 4610 3692 4664; x_wconf 76' lang='grc' dir='ltr'><strong>τῶν</strong></span> 
     </span>
    </p>
   </div>
   <div class='ocr_carea' id='block_1_97' title="bbox 2130 4701 3692 4775">
    <p class='ocr_par' dir='ltr' id='par_1_97' title="bbox 2130 4701 3692 4775">
     <span class='ocr_line' id='line_1_97' title="bbox 2130 4701 3692 4775; baseline 0.007 -23"><span class='ocrx_word' id='word_1_742' title='bbox 2130 4701 2529 4768; x_wconf 88' lang='grc' dir='ltr'>ἐπιγεγονότων</span> <span class='ocrx_word' id='word_1_743' title='bbox 2568 4703 2752 4767; x_wconf 77' lang='grc' dir='ltr'>αὐτοῖς</span> <span class='ocrx_word' id='word_1_744' title='bbox 2784 4703 2969 4757; x_wconf 86' lang='grc' dir='ltr'>κακῶν</span> <span class='ocrx_word' id='word_1_745' title='bbox 2989 4743 3004 4768; x_wconf 94' lang='grc'><strong>,</strong></span> <span class='ocrx_word' id='word_1_746' title='bbox 3036 4704 3268 4775; x_wconf 80' lang='grc' dir='ltr'>ὁπηνίκα</span> <span class='ocrx_word' id='word_1_747' title='bbox 3292 4706 3389 4775; x_wconf 79' lang='grc' dir='ltr'>τῆς</span> <span class='ocrx_word' id='word_1_748' title='bbox 3416 4706 3692 4774; x_wconf 79' lang='grc' dir='ltr'>οἰκοδομῆς</span> 
     </span>
    </p>
   </div>
   <div class='ocr_carea' id='block_1_98' title="bbox 2131 4790 3692 4865">
    <p class='ocr_par' dir='ltr' id='par_1_98' title="bbox 2131 4790 3692 4865">
     <span class='ocr_line' id='line_1_98' title="bbox 2131 4790 3692 4865; baseline 0.002 -23"><span class='ocrx_word' id='word_1_749' title='bbox 2131 4790 2618 4862; x_wconf 71' lang='grc' dir='ltr'>κατερρᾳθύμουνο</span> <span class='ocrx_word' id='word_1_750' title='bbox 2653 4792 2889 4864; x_wconf 81' lang='grc' dir='ltr'>ἐδήλωσε</span> <span class='ocrx_word' id='word_1_751' title='bbox 2936 4792 2992 4846; x_wconf 85' lang='grc' dir='ltr'><strong>δέ</strong></span> <span class='ocrx_word' id='word_1_752' title='bbox 3018 4793 3190 4864; x_wconf 87' lang='grc' dir='ltr'>πόσην</span> <span class='ocrx_word' id='word_1_753' title='bbox 3240 4794 3364 4865; x_wconf 75' lang='grc' dir='ltr'>ἔσχε</span> <span class='ocrx_word' id='word_1_754' title='bbox 3404 4796 3692 4865; x_wconf 73' lang='grc' dir='ltr'>μεταὸολην</span> 
     </span>
    </p>
   </div>
   <div class='ocr_carea' id='block_1_99' title="bbox 2132 4879 3692 4953">
    <p class='ocr_par' dir='ltr' id='par_1_99' title="bbox 2132 4879 3692 4953">
     <span class='ocr_line' id='line_1_99' title="bbox 2132 4879 3692 4953; baseline 0.003 -20"><span class='ocrx_word' id='word_1_755' title='bbox 2132 4879 2224 4933; x_wconf 78' lang='grc' dir='ltr'><strong>ἐπὶ</strong></span> <span class='ocrx_word' id='word_1_756' title='bbox 2249 4879 2309 4932; x_wconf 82' lang='grc' dir='ltr'>τὸ</span> <span class='ocrx_word' id='word_1_757' title='bbox 2334 4882 2579 4951; x_wconf 85' lang='grc' dir='ltr'>κρεῖττον</span> <span class='ocrx_word' id='word_1_758' title='bbox 2592 4881 2670 4935; x_wconf 70' lang='grc' dir='ltr'><strong>τά</strong></span> <span class='ocrx_word' id='word_1_759' title='bbox 2702 4882 2843 4935; x_wconf 87' lang='grc' dir='ltr'><strong>κατά</strong></span> <span class='ocrx_word' id='word_1_760' title='bbox 2886 4885 3012 4945; x_wconf 76' lang='grc' dir='ltr'>τοὺς</span> <span class='ocrx_word' id='word_1_761' title='bbox 3043 4882 3324 4953; x_wconf 80' lang='grc' dir='ltr'>ἑλομένους</span> <span class='ocrx_word' id='word_1_762' title='bbox 3370 4885 3467 4953; x_wconf 76' lang='grc' dir='ltr'>τῆς</span> <span class='ocrx_word' id='word_1_763' title='bbox 3507 4885 3692 4938; x_wconf 81' lang='grc' dir='ltr'>οἰκοδο-</span> 
     </span>
    </p>
   </div>
   <div class='ocr_carea' id='block_1_100' title="bbox 2134 4972 3669 5047">
    <p class='ocr_par' dir='ltr' id='par_1_100' title="bbox 2134 4972 3669 5047">
     <span class='ocr_line' id='line_1_100' title="bbox 2134 4972 3669 5047; baseline 0.002 -23"><span class='ocrx_word' id='word_1_764' title='bbox 2134 4972 2242 5042; x_wconf 83' lang='grc' dir='ltr'>μῆς</span> <span class='ocrx_word' id='word_1_765' title='bbox 2264 4972 2359 5025; x_wconf 81' lang='grc' dir='ltr'>τοῦ</span> <span class='ocrx_word' id='word_1_766' title='bbox 2392 4973 2521 5027; x_wconf 82' lang='grc' dir='ltr'>ναοῦ</span> <span class='ocrx_word' id='word_1_767' title='bbox 2554 4973 2859 5045; x_wconf 78' lang='grc' dir='ltr'>φροντίζειν</span> <span class='ocrx_word' id='word_1_768' title='bbox 2892 4974 2986 5028; x_wconf 79' lang='grc' dir='ltr'>τοῦ</span> <span class='ocrx_word' id='word_1_769' title='bbox 3029 4974 3173 5028; x_wconf 88' lang='grc' dir='ltr'>θείου</span> <span class='ocrx_word' id='word_1_770' title='bbox 3196 4993 3209 5006; x_wconf 74' lang='grc' dir='ltr'><strong>ο</strong></span> <span class='ocrx_word' id='word_1_771' title='bbox 3244 4975 3400 5029; x_wconf 79' lang='grc' dir='ltr'>τοῦτο</span> <span class='ocrx_word' id='word_1_772' title='bbox 3433 4978 3541 5047; x_wconf 78' lang='grc' dir='ltr'><strong>γάρ</strong></span> <span class='ocrx_word' id='word_1_773' title='bbox 3572 4980 3669 5030; x_wconf 79' lang='grc' dir='ltr'><strong>κάν</strong></span> 
     </span>
    </p>
   </div>
   <div class='ocr_carea' id='block_1_101' title="bbox 2129 5062 3688 5137">
    <p class='ocr_par' dir='ltr' id='par_1_101' title="bbox 2129 5062 3688 5137">
     <span class='ocr_line' id='line_1_101' title="bbox 2129 5062 3688 5137; baseline 0.005 -22"><span class='ocrx_word' id='word_1_774' title='bbox 2129 5062 2301 5117; x_wconf 83' lang='grc' dir='ltr'>ταῦθα</span> <span class='ocrx_word' id='word_1_775' title='bbox 2353 5066 2382 5117; x_wconf 87' lang='grc' dir='ltr'><strong>ὁ</strong></span> <span class='ocrx_word' id='word_1_776' title='bbox 2417 5065 2684 5137; x_wconf 83' lang='grc' dir='ltr'>μακάριος</span> <span class='ocrx_word' id='word_1_777' title='bbox 2714 5066 2988 5137; x_wconf 86' lang='grc' dir='ltr'>Ζαχαρίας</span> <span class='ocrx_word' id='word_1_778' title='bbox 3033 5067 3214 5135; x_wconf 82' lang='grc' dir='ltr'>λέγει,</span> <span class='ocrx_word' id='word_1_779' title='bbox 3244 5068 3323 5120; x_wconf 82' lang='grc' dir='ltr'><strong>ὅτι</strong></span> <span class='ocrx_word' id='word_1_780' title='bbox 3364 5070 3450 5121; x_wconf 84' lang='grc' dir='ltr'>Ἐν</span> <span class='ocrx_word' id='word_1_781' title='bbox 3485 5069 3688 5129; x_wconf 63' lang='grc' dir='ltr'>πολλαῖς</span> 
     </span>
    </p>
   </div>
   <div class='ocr_carea' id='block_1_102' title="bbox 445 5149 3687 5232">
    <p class='ocr_par' dir='ltr' id='par_1_102' title="bbox 445 5149 3687 5232">
     <span class='ocr_line' id='line_1_102' title="bbox 445 5149 3687 5232; baseline 0.004 -32"><span class='ocrx_word' id='word_1_782' title='bbox 445 5149 567 5225; x_wconf 75' lang='grc' dir='ltr'>ἦτε,</span> <span class='ocrx_word' id='word_1_783' title='bbox 591 5153 742 5222; x_wconf 75' lang='grc' dir='ltr'>φησί,</span> <span class='ocrx_word' id='word_1_784' title='bbox 761 5151 1154 5221; x_wconf 87' lang='grc' dir='ltr'>ταλαιπωρίαις</span> <span class='ocrx_word' id='word_1_785' title='bbox 1177 5151 1500 5221; x_wconf 77' lang='grc' dir='ltr'>ἀμελοῦντες</span> <span class='ocrx_word' id='word_1_786' title='bbox 1535 5151 1629 5206; x_wconf 76' lang='grc' dir='ltr'>τοῦ</span> <span class='ocrx_word' id='word_1_787' title='bbox 1658 5153 1828 5206; x_wconf 77' lang='grc' dir='ltr'>οἴκου·</span> <span class='ocrx_word' id='word_1_788' title='bbox 1853 5153 2042 5226; x_wconf 85' lang='grc' dir='ltr'>ἐπειδὴ</span> <span class='ocrx_word' id='word_1_789' title='bbox 2079 5153 2136 5209; x_wconf 81' lang='grc' dir='ltr'><strong>δὲ</strong></span> <span class='ocrx_word' id='word_1_790' title='bbox 2167 5158 2560 5226; x_wconf 78' lang='grc' dir='ltr'>μεταϐαλόντες</span> <span class='ocrx_word' id='word_1_791' title='bbox 2599 5159 2699 5231; x_wconf 77' lang='grc' dir='ltr'>τὴν</span> <span class='ocrx_word' id='word_1_792' title='bbox 2737 5160 2983 5231; x_wconf 85' lang='grc' dir='ltr'>γνώμην,</span> <span class='ocrx_word' id='word_1_793' title='bbox 3022 5159 3118 5231; x_wconf 82' lang='grc' dir='ltr'>τὴν</span> <span class='ocrx_word' id='word_1_794' title='bbox 3150 5162 3525 5232; x_wconf 81' lang='grc' dir='ltr'>προσήκουσαν</span> <span class='ocrx_word' id='word_1_795' title='bbox 3548 5163 3687 5232; x_wconf 79' lang='grc' dir='ltr'>ἔχετε</span> 
     </span>
    </p>
   </div>
   <div class='ocr_carea' id='block_1_103' title="bbox 426 5226 1493 5316">
    <p class='ocr_par' dir='ltr' id='par_1_103' title="bbox 426 5226 1493 5316">
     <span class='ocr_line' id='line_1_103' title="bbox 426 5226 1493 5316; baseline -0.001 -18"><span class='ocrx_word' id='word_1_796' title='bbox 426 5226 578 5316; x_wconf 32' lang='grc' dir='ltr'>Ιπερὶ</span> <span class='ocrx_word' id='word_1_797' title='bbox 602 5245 695 5297; x_wconf 75' lang='grc' dir='ltr'><strong>τὸν</strong></span> <span class='ocrx_word' id='word_1_798' title='bbox 727 5240 875 5297; x_wconf 79' lang='grc' dir='ltr'>οἷκον</span> <span class='ocrx_word' id='word_1_799' title='bbox 903 5244 1161 5315; x_wconf 82' lang='grc' dir='ltr'>σπουδὴν,</span> <span class='ocrx_word' id='word_1_800' title='bbox 1183 5244 1234 5295; x_wconf 90' lang='grc' dir='ltr'><strong>τί</strong></span> <span class='ocrx_word' id='word_1_801' title='bbox 1267 5245 1455 5313; x_wconf 85' lang='grc' dir='ltr'>γέγονε</span> <span class='ocrx_word' id='word_1_802' title='bbox 1480 5262 1493 5309; x_wconf 89' lang='grc'><strong>;</strong></span> 
     </span>
    </p>
   </div>
   <div class='ocr_carea' id='block_1_104' title="bbox 520 5339 2023 5414">
    <p class='ocr_par' dir='ltr' id='par_1_104' title="bbox 520 5339 2023 5414">
     <span class='ocr_line' id='line_1_104' title="bbox 520 5339 2023 5414; baseline 0.004 -21"><span class='ocrx_word' id='word_1_803' title='bbox 520 5341 685 5396; x_wconf 74' lang='lat' dir='ltr'><strong>Vens.</strong></span> <span class='ocrx_word' id='word_1_804' title='bbox 716 5341 895 5396; x_wconf 76' lang='grc'><strong>11-15.</strong></span> <span class='ocrx_word' id='word_1_805' title='bbox 922 5370 993 5380; x_wconf 91' lang='grc'><strong><em>-</em></strong></span> <span class='ocrx_word' id='word_1_806' title='bbox 1027 5360 1045 5391; x_wconf 77' lang='grc' dir='ltr'><strong>ι</strong></span> <span class='ocrx_word' id='word_1_807' title='bbox 1068 5339 1134 5393; x_wconf 84' lang='grc' dir='ltr'>Ει</span> <span class='ocrx_word' id='word_1_808' title='bbox 1155 5355 1303 5394; x_wconf 90' lang='lat' dir='ltr'><strong>nunc</strong></span> <span class='ocrx_word' id='word_1_809' title='bbox 1333 5357 1443 5396; x_wconf 89' lang='lat' dir='ltr'><strong>non</strong></span> <span class='ocrx_word' id='word_1_810' title='bbox 1473 5341 1629 5411; x_wconf 78' lang='lat' dir='ltr'><strong>juxta</strong></span> <span class='ocrx_word' id='word_1_811' title='bbox 1659 5343 1779 5399; x_wconf 90' lang='lat' dir='ltr'><strong>dies</strong></span> <span class='ocrx_word' id='word_1_812' title='bbox 1809 5343 2023 5414; x_wconf 88' lang='lat' dir='ltr'><strong>priores</strong></span> 
     </span>
    </p>
   </div>
   <div class='ocr_carea' id='block_1_105' title="bbox 2196 5336 3687 5410">
    <p class='ocr_par' dir='ltr' id='par_1_105' title="bbox 2196 5336 3687 5410">
     <span class='ocr_line' id='line_1_105' title="bbox 2196 5336 3687 5410; baseline -0.003 -17"><span class='ocrx_word' id='word_1_813' title='bbox 2196 5340 2347 5410; x_wconf 89' lang='grc' dir='ltr'>Στίχ.</span> <span class='ocrx_word' id='word_1_814' title='bbox 2386 5336 2562 5392; x_wconf 86' lang='grc' dir='ltr'>ια’-ιε’.</span> <span class='ocrx_word' id='word_1_815' title='bbox 2592 5367 2661 5377; x_wconf 89' lang='lat'><strong>——</strong></span> <span class='ocrx_word' id='word_1_816' title='bbox 2686 5356 2703 5388; x_wconf 77' lang='grc' dir='ltr'><strong>ι</strong></span> <span class='ocrx_word' id='word_1_817' title='bbox 2733 5338 2846 5392; x_wconf 73' lang='grc' dir='ltr'><strong>Καὶ</strong></span> <span class='ocrx_word' id='word_1_818' title='bbox 2873 5337 2967 5391; x_wconf 84' lang='grc' dir='ltr'>νῦν</span> <span class='ocrx_word' id='word_1_819' title='bbox 2989 5339 3049 5391; x_wconf 86' lang='grc' dir='ltr'><strong>ού</strong></span> <span class='ocrx_word' id='word_1_820' title='bbox 3081 5337 3224 5391; x_wconf 86' lang='grc' dir='ltr'><strong>κατά</strong></span> <span class='ocrx_word' id='word_1_821' title='bbox 3249 5338 3347 5401; x_wconf 71' lang='grc' dir='ltr'>τὰς</span> <span class='ocrx_word' id='word_1_822' title='bbox 3371 5338 3575 5409; x_wconf 79' lang='grc' dir='ltr'>ἡμέρας</span> <span class='ocrx_word' id='word_1_823' title='bbox 3596 5337 3687 5398; x_wconf 71' lang='grc' dir='ltr'>τὰς</span> 
     </span>
    </p>
   </div>
   <div class='ocr_carea' id='block_1_106' title="bbox 450 5425 2027 5503">
    <p class='ocr_par' dir='ltr' id='par_1_106' title="bbox 450 5430 2027 5503">
     <span class='ocr_line' id='line_1_106' title="bbox 450 5430 2027 5503; baseline 0.001 -18"><span class='ocrx_word' id='word_1_824' title='bbox 450 5432 592 5487; x_wconf 87' lang='lat' dir='ltr'><strong>facio</strong></span> <span class='ocrx_word' id='word_1_825' title='bbox 632 5432 881 5503; x_wconf 88' lang='lat' dir='ltr'><strong>reliquiis</strong></span> <span class='ocrx_word' id='word_1_826' title='bbox 919 5431 1106 5502; x_wconf 92' lang='lat' dir='ltr'><strong>populi</strong></span> <span class='ocrx_word' id='word_1_827' title='bbox 1144 5430 1327 5500; x_wconf 87' lang='lat' dir='ltr'><strong>hujus,</strong></span> <span class='ocrx_word' id='word_1_828' title='bbox 1378 5431 1510 5486; x_wconf 87' lang='lat' dir='ltr'><strong>dicit</strong></span> <span class='ocrx_word' id='word_1_829' title='bbox 1541 5433 1808 5489; x_wconf 86' lang='lat' dir='ltr'><strong>Dominus</strong></span> <span class='ocrx_word' id='word_1_830' title='bbox 1849 5436 2027 5488; x_wconf 90' lang='lat' dir='ltr'><strong>omni-</strong></span> 
     </span>
    </p>
   </div>
   <div class='ocr_carea' id='block_1_107' title="bbox 2135 5425 3685 5503">
    <p class='ocr_par' dir='ltr' id='par_1_107' title="bbox 2135 5425 3685 5503">
     <span class='ocr_line' id='line_1_107' title="bbox 2135 5425 3685 5503; baseline -0.004 -19"><span class='ocrx_word' id='word_1_831' title='bbox 2135 5428 2430 5503; x_wconf 70' lang='grc' dir='ltr'>ἔμπροσθεν</span> <span class='ocrx_word' id='word_1_832' title='bbox 2459 5428 2572 5499; x_wconf 87' lang='grc' dir='ltr'>ἐγὼ</span> <span class='ocrx_word' id='word_1_833' title='bbox 2599 5429 2736 5483; x_wconf 89' lang='grc' dir='ltr'>ποιῶ</span> <span class='ocrx_word' id='word_1_834' title='bbox 2763 5432 2877 5493; x_wconf 85' lang='grc' dir='ltr'>τοῖς</span> <span class='ocrx_word' id='word_1_835' title='bbox 2922 5431 3265 5494; x_wconf 87' lang='grc' dir='ltr'>καταλοίποις</span> <span class='ocrx_word' id='word_1_836' title='bbox 3298 5430 3387 5484; x_wconf 79' lang='grc' dir='ltr'>τοῦ</span> <span class='ocrx_word' id='word_1_837' title='bbox 3418 5427 3537 5483; x_wconf 78' lang='grc' dir='ltr'>λαοῦ</span> <span class='ocrx_word' id='word_1_838' title='bbox 3567 5425 3685 5479; x_wconf 85' lang='grc' dir='ltr'>τού-</span> 
     </span>
    </p>
   </div>
   <div class='ocr_carea' id='block_1_108' title="bbox 448 5518 2027 5594">
    <p class='ocr_par' dir='ltr' id='par_1_108' title="bbox 448 5520 2023 5593">
     <span class='ocr_line' id='line_1_108' title="bbox 448 5520 2023 5593; baseline 0.001 -17"><span class='ocrx_word' id='word_1_839' title='bbox 448 5532 663 5592; x_wconf 87' lang='lat' dir='ltr'><strong>potens,</strong></span> <span class='ocrx_word' id='word_1_840' title='bbox 700 5523 794 5578; x_wconf 87' lang='lat' dir='ltr'><strong>sed</strong></span> <span class='ocrx_word' id='word_1_841' title='bbox 829 5538 1020 5593; x_wconf 87' lang='lat' dir='ltr'><strong>pacem</strong></span> <span class='ocrx_word' id='word_1_842' title='bbox 1051 5522 1357 5576; x_wconf 86' lang='lat' dir='ltr'><strong>ostendam.</strong></span> <span class='ocrx_word' id='word_1_843' title='bbox 1394 5520 1563 5578; x_wconf 77' lang='lat' dir='ltr'><strong>Vinea</strong></span> <span class='ocrx_word' id='word_1_844' title='bbox 1597 5523 1750 5578; x_wconf 91' lang='lat' dir='ltr'><strong>dabit</strong></span> <span class='ocrx_word' id='word_1_845' title='bbox 1780 5523 2023 5578; x_wconf 90' lang='lat' dir='ltr'><strong>fructum</strong></span> 
     </span>
    </p>
   </div>
   <div class='ocr_carea' id='block_1_109' title="bbox 2135 5518 3681 5594">
    <p class='ocr_par' dir='ltr' id='par_1_109' title="bbox 2135 5518 3681 5594">
     <span class='ocr_line' id='line_1_109' title="bbox 2135 5518 3681 5594; baseline -0.005 -17"><span class='ocrx_word' id='word_1_846' title='bbox 2135 5541 2239 5588; x_wconf 79' lang='grc' dir='ltr'>του,</span> <span class='ocrx_word' id='word_1_847' title='bbox 2270 5522 2416 5589; x_wconf 86' lang='grc' dir='ltr'>λέγει</span> <span class='ocrx_word' id='word_1_848' title='bbox 2449 5521 2652 5593; x_wconf 87' lang='grc' dir='ltr'>Κύριος</span> <span class='ocrx_word' id='word_1_849' title='bbox 2687 5521 3081 5594; x_wconf 84' lang='grc' dir='ltr'>παντοκράτωρ</span> <span class='ocrx_word' id='word_1_850' title='bbox 3112 5538 3124 5552; x_wconf 84' lang='grc'><em>’</em></span> <span class='ocrx_word' id='word_1_851' title='bbox 3155 5521 3268 5575; x_wconf 81' lang='grc' dir='ltr'>ἀλλ’</span> <span class='ocrx_word' id='word_1_852' title='bbox 3296 5521 3329 5590; x_wconf 81' lang='grc' dir='ltr'>ἢ</span> <span class='ocrx_word' id='word_1_853' title='bbox 3360 5519 3510 5585; x_wconf 84' lang='grc' dir='ltr'>δείξω</span> <span class='ocrx_word' id='word_1_854' title='bbox 3534 5518 3681 5590; x_wconf 79' lang='grc' dir='ltr'>εἰρή-</span> 
     </span>
    </p>
   </div>
   <div class='ocr_carea' id='block_1_110' title="bbox 448 5613 2027 5684">
    <p class='ocr_par' dir='ltr' id='par_1_110' title="bbox 448 5613 2027 5684">
     <span class='ocr_line' id='line_1_110' title="bbox 448 5613 2027 5684; baseline -0.003 -13"><span class='ocrx_word' id='word_1_855' title='bbox 448 5630 637 5681; x_wconf 82' lang='lat' dir='ltr'><strong>suum,</strong></span> <span class='ocrx_word' id='word_1_856' title='bbox 675 5624 731 5671; x_wconf 90' lang='lat' dir='ltr'><strong>et</strong></span> <span class='ocrx_word' id='word_1_857' title='bbox 760 5623 907 5672; x_wconf 88' lang='lat' dir='ltr'><strong>terra</strong></span> <span class='ocrx_word' id='word_1_858' title='bbox 936 5614 1087 5669; x_wconf 86' lang='lat' dir='ltr'><strong>dabit</strong></span> <span class='ocrx_word' id='word_1_859' title='bbox 1114 5613 1357 5684; x_wconf 81' lang='lat' dir='ltr'><strong>germina</strong></span> <span class='ocrx_word' id='word_1_860' title='bbox 1405 5629 1525 5680; x_wconf 88' lang='lat' dir='ltr'><strong>sua,</strong></span> <span class='ocrx_word' id='word_1_861' title='bbox 1558 5622 1613 5669; x_wconf 87' lang='lat' dir='ltr'><strong>et</strong></span> <span class='ocrx_word' id='word_1_862' title='bbox 1643 5615 1841 5669; x_wconf 87' lang='lat' dir='ltr'><strong>coelum</strong></span> <span class='ocrx_word' id='word_1_863' title='bbox 1874 5615 2027 5669; x_wconf 91' lang='lat' dir='ltr'><strong>dabit</strong></span> 
     </span>
    </p>
   </div>
   <div class='ocr_carea' id='block_1_111' title="bbox 449 5706 2023 5777">
    <p class='ocr_par' dir='ltr' id='par_1_111' title="bbox 449 5706 2023 5777">
     <span class='ocr_line' id='line_1_111' title="bbox 449 5706 2023 5777; baseline -0.002 -16"><span class='ocrx_word' id='word_1_864' title='bbox 449 5721 629 5761; x_wconf 86' lang='lat' dir='ltr'><strong>rorem</strong></span> <span class='ocrx_word' id='word_1_865' title='bbox 657 5722 839 5772; x_wconf 87' lang='lat' dir='ltr'><strong>suum,</strong></span> <span class='ocrx_word' id='word_1_866' title='bbox 871 5706 1177 5777; x_wconf 80' lang='lat' dir='ltr'><strong>faciamque</strong></span> <span class='ocrx_word' id='word_1_867' title='bbox 1209 5715 1269 5761; x_wconf 92' lang='lat' dir='ltr'><strong>ut</strong></span> <span class='ocrx_word' id='word_1_868' title='bbox 1290 5706 1535 5777; x_wconf 78' lang='lat' dir='ltr'><strong>reliquiae</strong></span> <span class='ocrx_word' id='word_1_869' title='bbox 1559 5707 1741 5776; x_wconf 84' lang='lat' dir='ltr'><strong>populi</strong></span> <span class='ocrx_word' id='word_1_870' title='bbox 1774 5707 1877 5761; x_wconf 91' lang='lat' dir='ltr'><strong>mei</strong></span> <span class='ocrx_word' id='word_1_871' title='bbox 1908 5706 2023 5761; x_wconf 64' lang='lat' dir='ltr'><strong>hcc</strong></span> 
     </span>
    </p>
   </div>
   <div class='ocr_carea' id='block_1_112' title="bbox 460 5797 2023 5870">
    <p class='ocr_par' dir='ltr' id='par_1_112' title="bbox 460 5797 2023 5870">
     <span class='ocr_line' id='line_1_112' title="bbox 460 5797 2023 5870; baseline 0 -17"><span class='ocrx_word' id='word_1_872' title='bbox 460 5798 646 5853; x_wconf 89' lang='lat' dir='ltr'><strong>omnia</strong></span> <span class='ocrx_word' id='word_1_873' title='bbox 694 5798 1028 5870; x_wconf 84' lang='lat' dir='ltr'><strong>possideant.</strong></span> <span class='ocrx_word' id='word_1_874' title='bbox 1069 5797 1134 5853; x_wconf 83' lang='lat' dir='ltr'><strong>Et</strong></span> <span class='ocrx_word' id='word_1_875' title='bbox 1167 5798 1294 5864; x_wconf 88' lang='lat' dir='ltr'><strong>erit,</strong></span> <span class='ocrx_word' id='word_1_876' title='bbox 1332 5799 1474 5855; x_wconf 84' lang='lat' dir='ltr'><strong>sicut</strong></span> <span class='ocrx_word' id='word_1_877' title='bbox 1509 5798 1674 5854; x_wconf 87' lang='lat' dir='ltr'><strong>eratis</strong></span> <span class='ocrx_word' id='word_1_878' title='bbox 1713 5797 2023 5854; x_wconf 89' lang='lat' dir='ltr'><strong>maledictio</strong></span> 
     </span>
    </p>
   </div>
   <div class='ocr_carea' id='block_1_113' title="bbox 2124 5606 3681 5685">
    <p class='ocr_par' dir='ltr' id='par_1_113' title="bbox 2124 5606 3681 5685">
     <span class='ocr_line' id='line_1_113' title="bbox 2124 5606 3681 5685; baseline -0.001 -19"><span class='ocrx_word' id='word_1_879' title='bbox 2124 5631 2253 5684; x_wconf 84' lang='grc' dir='ltr'>νην·</span> <span class='ocrx_word' id='word_1_880' title='bbox 2292 5615 2324 5685; x_wconf 80' lang='grc' dir='ltr'>ἡ</span> <span class='ocrx_word' id='word_1_881' title='bbox 2356 5612 2599 5684; x_wconf 77' lang='grc' dir='ltr'>ἄμπελος</span> <span class='ocrx_word' id='word_1_882' title='bbox 2629 5612 2789 5666; x_wconf 85' lang='grc' dir='ltr'>δώσει</span> <span class='ocrx_word' id='word_1_883' title='bbox 2812 5613 2906 5667; x_wconf 79' lang='grc' dir='ltr'><strong>τὸν</strong></span> <span class='ocrx_word' id='word_1_884' title='bbox 2943 5613 3153 5685; x_wconf 85' lang='grc' dir='ltr'>καρπὸν</span> <span class='ocrx_word' id='word_1_885' title='bbox 3197 5612 3399 5684; x_wconf 83' lang='grc' dir='ltr'>αὐτῆς,</span> <span class='ocrx_word' id='word_1_886' title='bbox 3430 5611 3519 5665; x_wconf 76' lang='grc' dir='ltr'><strong>καὶ</strong></span> <span class='ocrx_word' id='word_1_887' title='bbox 3555 5611 3588 5678; x_wconf 75' lang='grc' dir='ltr'><strong>ἡ</strong></span> <span class='ocrx_word' id='word_1_888' title='bbox 3615 5606 3681 5677; x_wconf 81' lang='grc' dir='ltr'><strong>τῆ</strong></span> 
     </span>
    </p>
   </div>
   <div class='ocr_carea' id='block_1_114' title="bbox 2129 5701 3682 5777">
    <p class='ocr_par' dir='ltr' id='par_1_114' title="bbox 2129 5701 3682 5777">
     <span class='ocr_line' id='line_1_114' title="bbox 2129 5701 3682 5777; baseline -0.006 -17"><span class='ocrx_word' id='word_1_889' title='bbox 2129 5704 2289 5760; x_wconf 82' lang='grc' dir='ltr'>δώσει</span> <span class='ocrx_word' id='word_1_890' title='bbox 2333 5706 2402 5758; x_wconf 88' lang='grc' dir='ltr'><strong>τά</strong></span> <span class='ocrx_word' id='word_1_891' title='bbox 2461 5705 2745 5777; x_wconf 83' lang='grc' dir='ltr'>γενήματα</span> <span class='ocrx_word' id='word_1_892' title='bbox 2802 5706 2973 5774; x_wconf 77' lang='grc' dir='ltr'>αὐτῆς</span> <span class='ocrx_word' id='word_1_893' title='bbox 2992 5749 3005 5771; x_wconf 90' lang='grc'><strong>,</strong></span> <span class='ocrx_word' id='word_1_894' title='bbox 3037 5706 3131 5758; x_wconf 70' lang='grc' dir='ltr'>καὶ</span> <span class='ocrx_word' id='word_1_895' title='bbox 3162 5704 3386 5776; x_wconf 80' lang='grc' dir='ltr'>οὐρανὸς</span> <span class='ocrx_word' id='word_1_896' title='bbox 3415 5702 3562 5757; x_wconf 80' lang='grc' dir='ltr'>δώσει</span> <span class='ocrx_word' id='word_1_897' title='bbox 3592 5701 3682 5767; x_wconf 79' lang='grc' dir='ltr'>τὴν</span> 
     </span>
    </p>
   </div>
   <div class='ocr_carea' id='block_1_115' title="bbox 2129 5794 3679 5870">
    <p class='ocr_par' dir='ltr' id='par_1_115' title="bbox 2129 5794 3679 5870">
     <span class='ocr_line' id='line_1_115' title="bbox 2129 5794 3679 5870; baseline 0 -19"><span class='ocrx_word' id='word_1_898' title='bbox 2129 5797 2318 5870; x_wconf 88' lang='grc' dir='ltr'>δρόσον</span> <span class='ocrx_word' id='word_1_899' title='bbox 2354 5798 2517 5853; x_wconf 74' lang='grc' dir='ltr'>αὑτοῦ</span> <span class='ocrx_word' id='word_1_900' title='bbox 2541 5816 2553 5830; x_wconf 74' lang='grc' dir='ltr'><strong><em>ο</em></strong></span> <span class='ocrx_word' id='word_1_901' title='bbox 2596 5799 2688 5854; x_wconf 78' lang='grc' dir='ltr'><strong>καί</strong></span> <span class='ocrx_word' id='word_1_902' title='bbox 2721 5799 3253 5870; x_wconf 80' lang='grc' dir='ltr'>κατακληρονομήσω</span> <span class='ocrx_word' id='word_1_903' title='bbox 3298 5800 3409 5862; x_wconf 82' lang='grc' dir='ltr'>τοῖς</span> <span class='ocrx_word' id='word_1_904' title='bbox 3450 5794 3679 5853; x_wconf 80' lang='grc' dir='ltr'>καταλοί-</span> 
     </span>
    </p>
   </div>
  </div>
