3824 6512
125 321 213 376 549

977 312 1529 372 COMMENTARIUS
1577 314 1645 370 IN
1685 313 2056 371 ZACHARLE
2110 310 2267 366 CAP.
2315 310 2448 367 VIII.

3247 312 3351 369 550

123 450 226 496 ποις
256 428 342 483 τοῦ
367 428 492 482 λαοῦ
515 445 619 498 μου
647 429 823 483 πάντα
849 427 1022 481 ταῦτα
1042 446 1054 458 '
1082 429 1174 481 καὶ
1199 428 1350 482 ἔσται
1379 428 1437 481 ὃν
1468 428 1664 488 τρόπον

1795 436 1912 482 nter
1941 433 2151 497 gentes,
2185 440 2217 478 ο
2253 427 2447 480 domus
2468 423 2624 479 Judie
2655 433 2709 480 et
2749 424 2946 482 domus
2983 423 3226 490 lsraelis,
3276 428 3350 481 ita

121 521 202 594 ἦτε
240 522 439 592 κατάρα
486 521 541 572 ἐν
574 522 686 582 τοῖς
725 519 950 582 ἔθνεσιν,
984 520 1313 582 οἷκοςΊούδα
1337 561 1352 584 ,
1392 523 1484 576 καὶ
1519 516 1664 584 οἶκος

131 613 320 683 Ἰσραὴλ
347 652 360 675 ,
393 611 558 675 οὕτως
585 612 837 666 διασώσω
868 614 1036 683 ὑμᾶς,
1070 615 1163 666 καὶ
1197 614 1383 667 ἔσεσθε
1426 617 1480 666 ἐν
1512 615 1664 669 εύλο·

121 705 242 777 γίᾳ.»
264 706 366 774 Οὐχ
395 707 551 774 ὃμοια
583 707 694 767 τοῖς
725 706 962 774 πρόσθεν
990 707 1056 758 τὰ
1079 705 1171 758 νῦν
1199 709 1326 778 περὶ
1355 709 1479 770 τοὺς
1502 709 1663 760 ἐπαν-

123 797 414 868 εληλυθότας
460 798 768 868 γενήσεται,
809 797 902 861 οὒς
931 798 993 849 ἐκ
1033 797 1242 850 πολλῶν
1267 799 1373 850 τῶν
1398 799 1668 870 ἀπολομέ-

122 907 208 941 νων
237 888 438 956 ὀλίγους
478 889 925 959 περιλειφθέντας
957 889 1179 960 αὐξήσω
1228 891 1388 944 πάλιν
1436 891 1546 957 ἐγὼ
1574 894 1668 946 καὶ

124 981 234 1052 πρὸς
260 979 452 1049 πλῆθος
494 980 604 1044 ἄξω
635 1022 648 1044 ,
683 981 903 1052 εἰρήνης
931 998 989 1034 τε
1017 981 1214 1044 αὐτοὺς
1241 983 1468 1054 πλήρεις
1504 987 1665 1055 ἐργα-

124 1075 322 1143 σάμενος
341 1113 353 1135 ,
383 1071 476 1125 καὶ
511 1071 608 1142 τὴν
636 1072 744 1125 ἀπὸ
776 1072 884 1128 τῶν
913 1073 1142 1145 καρπῶν
1184 1075 1437 1144 εὐθηνίαν
1486 1077 1666 1140 αὐτοῖς

123 1164 371 1234 παρέχων,
411 1165 504 1216 καὶ
533 1165 747 1217 πάντων
779 1165 840 1236 δὴ
879 1167 1157 1236 συντόμως
1184 1169 1356 1220 εἰπεῖν
1395 1169 1500 1220 τῶν
1533 1169 1669 1237 ἀγα-

121 1254 210 1307 θῶν
238 1252 564 1324 δωρούμενος
591 1255 774 1317 αὐτοῖς
801 1255 899 1326 τὴν
927 1257 1224 1309 ἀπόλαυσιν
1246 1273 1257 1283 ·
1290 1258 1354 1310 ἶν’
1391 1257 1580 1328 ῶσπερ
1608 1257 1668 1310 τὸ

123 1345 318 1399 παλαιὸν
353 1347 626 1416 τιμωρίας
651 1346 937 1414 ἐφαίνεσθε
969 1350 1134 1401 πᾶσιν
1162 1351 1302 1417 ἄξιοι
1331 1350 1420 1402 διὰ
1445 1351 1542 1419 τὴν
1570 1350 1665 1420 όρ-

121 1439 202 1509 γὴν
223 1438 309 1509 τὴν
336 1437 472 1509 ἐμὴν
502 1481 515 1499 ,
554 1441 629 1510 (p.
664 1440 790 1507 488)
822 1439 994 1504 οὕτως
1035 1444 1099 1494 ἐκ
1131 1442 1230 1509 τῆς
1262 1442 1402 1512 ἐμῆς
1434 1443 1668 1512 κηδεμοη

122 1532 216 1594 νίας
247 1533 566 1602 μακαριστοὶ
605 1533 881 1600 φαίνοισθε
925 1535 1075 1605 παρά
1109 1538 1272 1588 πᾶσιν
1311 1535 1618 1607 ἀνθρώποις
1649 1551 1664 1564 ·

121 1623 195 1676 καί
219 1623 367 1675 πλέον
397 1622 835 1695 παραθαρρύνων
850 1625 1059 1690 αὐτοὺς,
1075 1645 1095 1679 ε
1119 1624 1383 1697 Θαρρεῖτε
1409 1624 1503 1676 καὶ
1534 1641 1666 1676 κατ-

123 1713 299 1785 ισχύετε
330 1716 385 1767 ἐν
421 1717 544 1778 ταῖς
578 1715 764 1786 χερσὶν
803 1713 975 1785 ὑμῶν.
1011 1715 1154 1767 Διότι
1186 1715 1312 1768 τάδε
1353 1715 1499 1782 λέγει
1556 1714 1668 1768 Κύ-

1772 520 1997 574 salvabo
2045 534 2161 582 vos,
2196 527 2246 572 et
2276 517 2505 572 eritisin
2537 517 2966 574 benedictione.)
3009 517 3166 574 llaud
3197 534 3352 588 usque

1772 626 1835 664 ac
1889 609 2314 679 antiquioribus,
2372 608 2445 662 ita
2495 610 2728 678 posteris
2787 610 3022 672 eveniet,
3074 624 3214 679 quos
3283 624 3351 662 ex

1772 703 1957 756 multis
1995 703 2284 757 exstinctis
2325 716 2528 772 paucos
2561 702 2801 767 relictos,
2829 717 3026 758 rursus
3057 717 3158 772 ego
3187 701 3356 772 326

1771 794 1983 864 augebo
2020 802 2073 848 et
2128 794 2180 847 in
2239 791 2641 846 multitudinem
2695 792 3010 862 proveliam,
3074 806 3209 863 pace
3257 807 3353 846 eos

1772 887 2079 951 cumulans,
2123 895 2175 940 et
2226 885 2440 954 frugum
2471 885 2684 954 capiam
2736 884 3133 954 suppeditans;
3189 892 3355 953 atque

1775 987 1831 1032 ut
1850 979 2174 1048 compendio
2189 978 2388 1040 dicam,
2412 977 2653 1029 omnium
2675 975 2943 1029 bonorum
2963 976 3168 1030 eisdem
3192 989 3352 1029 usum

1775 1071 2044 1134 tribuens,
2078 1077 2135 1122 ut
2163 1068 2322 1123 sicuti
2366 1067 2496 1122 olim
2530 1081 2690 1137 ptena
2729 1067 3061 1122 videbamini
3097 1066 3248 1136 digni
3283 1066 3355 1119 ob

1774 1162 1912 1216 iram
1957 1177 2154 1223 meam,
2207 1162 2281 1213 ita
2328 1170 2550 1230 prepter
2576 1159 2942 1229 patrocinium
2976 1174 3158 1214 meum
3209 1159 3355 1213 beati

1774 1252 2066 1308 videamini
2098 1254 2314 1307 cunctis
2346 1252 2678 1307 hominibus.
2717 1251 2782 1305 Et
2806 1254 2980 1322 magis
3011 1251 3191 1305 adhuc
3216 1250 3357 1305 ﬁdu-

1775 1346 1914 1399 ciam
1952 1344 2032 1399 eis
2071 1359 2300 1413 augens,
2334 1363 2352 1395 σ
2381 1343 2673 1409 Coniidite,
2710 1344 2906 1413 inquit,
2941 1350 2996 1399 et
3029 1344 3357 1398 roborentur

1777 1451 1971 1490 manus
2016 1449 2211 1490 veSIra‘
2242 1455 2252 1489 :
2289 1436 2546 1505 quoniam
2580 1436 2693 1490 haec
2728 1436 2862 1490 dicit
2890 1434 3153 1490 Dominus
3176 1437 3357 1490 omni-

1778 1537 2004 1599 potens:
2039 1513 2509 1595 Quem‘admodum
2541 1529 2775 1600 cogitavi
2816 1544 2914 1585 vos
2939 1529 3195 1600 afﬂigere,
3228 1529 3356 1599 quia

1776 1636 1864 1674 me
1916 1631 2101 1691 patres
2155 1621 2322 1676 vestri
2373 1621 2860 1686 exacerbaverant,
2912 1621 3045 1676 dicit
3095 1620 3358 1676 Dominus

1777 1713 2148 1783 omnipotens.
2179 1729 2354 1782 neque
2391 1721 2524 1768 tunc
2558 1729 2644 1770 me
2674 1713 2950 1784 pot-nituit,
2989 1714 3061 1768 ita
3096 1714 3355 1769 constitui

124 1825 214 1878 ριος
236 1807 625 1878 παντοκράτωρ
649 1847 663 1872 ,
725 1809 822 1862 Ὃν
851 1807 1049 1878 τρόπον
1071 1807 1350 1878 διενοήθην
1377 1806 1468 1859 τοῦ
1501 1805 1674 1858 κακῶ-

1785 1819 1842 1857 ac
1872 1805 2168 1859 deliberavi
2204 1806 2398 1863 diebus
2431 1806 2516 1862 bis
2552 1807 2896 1862 benefacere
2935 1808 3056 1862 urbi
3099 1808 3360 1866 Hierusa-

123 1915 192 1950 σαι
221 1899 350 1968 ὑμᾶς
379 1899 437 1951 ἐν
471 1898 551 1970 τῷ
582 1897 918 1969 παροργίσαι
967 1916 1032 1967 με
1063 1899 1186 1963 τοὺς
1221 1899 1465 1969 πατέρας
1500 1898 1673 1970 ὑμῶν,

121 1987 242 2058 λέγει
266 1989 460 2061 Κύριος
509 1991 902 2062 παντοκράτωρ
929 2030 944 2053 ,
991 1991 1084 2044 καὶ
1113 1991 1172 2043 οὐ
1213 1991 1518 2062 μετενόησα
1540 2031 1552 2050 ,
1587 1989 1678 2042 οὓ-

120 2099 208 2147 τως
234 2083 649 2154 παρατέταγμαι
685 2083 777 2137 καὶ
810 2084 1164 2155 διανενόημαι
1208 2085 1267 2136 ἐν
1295 2087 1413 2148 ταῖς
1440 2084 1679 2156 ἡμέραις

121 2175 313 2238 ταύταις
349 2174 442 2228 τοῦ
505 2175 689 2239 καλῶς
719 2177 940 2247 ποιῆσαι
970 2181 1036 2250 τῇ
1083 2177 1439 2248 Ἰερουσαλὴμ
1477 2178 1570 2231 καὶ
1601 2174 1679 2246 τῷ

121 2267 230 2338 οἴκῳ
267 2268 446 2322 Ἰούδα.
480 2287 500 2320 ›
539 2269 914 2341 ,Ἀποθέμενοι
947 2270 1010 2342 δή
1045 2271 1222 2325 πάντα
1261 2270 1424 2339 φόϐον
1452 2270 1544 2323 καὶ
1576 2271 1674 2323 πᾶα

123 2375 202 2412 σαν
229 2360 551 2430 ἀπόγνωσιν,
592 2364 650 2415 ἐν
675 2363 961 2434 εὐθυμίαις
986 2362 1176 2416 ἔσεσθε
1209 2364 1302 2416 καὶ
1328 2363 1514 2433 θάρσει
1545 2360 1674 2414 πολ-

122 2451 208 2521 λῷ·
234 2453 316 2508 καὶ
344 2453 481 2523 μετά
520 2455 724 2526 πολλῆς
763 2455 863 2524 τῆς
913 2456 1149 2525 σπουδῆς
1177 2454 1366 2526 ἔχεσθε
1400 2455 1498 2525 τῆς
1531 2457 1676 2509 οἱκο-

121 2542 255 2614 δομῆς
284 2546 371 2598 τού
397 2546 560 2600 ναοῦ·
596 2542 654 2600 εὖ
709 2547 907 2610 εἰδότες
939 2548 1020 2601 ὅτι
1057 2547 1244 2618 ὥσπερ
1302 2548 1564 2619 πρότερον
1596 2565 1676 2599 τιο

125 2634 301 2704 μωρίαν
321 2637 690 2709 ἀπεφηνάμην
717 2639 837 2691 καθ’
865 2638 1015 2708 ὑμῶν
1044 2637 1184 2709 ὑπὲρ
1223 2633 1297 2692 ῶν
1327 2635 1670 2708 πλημμελεῖν

122 2727 223 2790 τοὺς
244 2728 539 2800 ὑμετέρους
571 2729 888 2782 συνέϐαινεν
910 2731 987 2794 είς
1017 2732 1116 2801 ἐμὲ
1138 2773 1151 2796 ,
1186 2732 1279 2784 καὶ
1311 2731 1514 2801 ταύτην
1544 2731 1679 2802 ἤγα-

1778 1896 1879 1950 lem
1909 1906 1961 1950 et
1989 1897 2142 1952 Juda:
2169 1899 2374 1953 domui.
2402 1919 2419 1951 ι
2457 1899 2613 1954 Omni
2641 1901 2883 1968 seposito
2905 1900 3100 1954 timore
3126 1910 3180 1955 et
3205 1901 3354 1954 omni

1777 1987 2180 2057 desperatione,
2245 1989 2297 2043 in
2352 1989 2554 2060 gaudio
2603 1990 2758 2044 eritis
2806 1991 3086 2060 multaque
3135 1990 3357 2052 ﬁducia.

1779 2079 2134 2149 studioseque
2175 2078 2470 2134 admodum
2502 2080 2569 2134 ad
2605 2079 3023 2136 aediﬁcationem
3059 2082 3242 2151 templi
3277 2081 3360 2134 in-

1780 2171 2085 2227 cumbetis:
2123 2172 2289 2241 probe
2312 2173 2572 2238 scientes,
2613 2173 2756 2243 quod
2787 2175 2929 2228 sicut
2953 2181 3111 2228 antea
3138 2188 3360 2243 pmnam

1780 2265 1834 2320 in
1863 2280 1963 2322 vos
1998 2265 2332 2335 exprompsi,
2376 2276 2596 2336 propter
2644 2277 2860 2337 patrum
2908 2275 3218 2322 vcslrorum
3267 2266 3360 2320 ad-

1779 2373 1973 2412 versus
2011 2370 2097 2413 me
2122 2358 2462 2428 iniquitates,
2492 2369 2656 2430 atque
2693 2361 2840 2415 illam
2876 2376 3064 2431 reapse
3097 2362 3360 2418 immobili

1782 2451 2056 2506 sententia
2107 2453 2527 2506 consummari;
2591 2454 2665 2507 ita
2723 2469 2871 2508 nunc
2916 2455 3191 2524 promissa
3241 2470 3361 2510 mea

1784 2559 2014 2614 prorsus
2071 2558 2359 2613 exsequar,
2419 2559 2540 2614 quae
2572 2545 2640 2601 de
2669 2545 3008 2603 Hierusalem
3061 2547 3362 2618 signiﬁcari

1782 2636 1960 2705 deque
1987 2635 2242 2690 universa
2266 2632 2422 2689 Judaa
2450 2636 2594 2690 tribu
2617 2653 2630 2702 ;
2659 2639 2804 2706 quod
2833 2653 3027 2707 nempe
3055 2638 3144 2692 illa
3175 2654 3360 2693 rerum

1785 2727 1940 2798 copia
1975 2727 2202 2788 diﬂluct,
2241 2728 2354 2781 lucc
2384 2728 2555 2781 multa
2597 2727 2858 2784 felicitate
2887 2729 3121 2785 fruetur.

123 2831 199 2884 τον
224 2819 293 2880 είς
313 2819 484 2889 πέρας
505 2860 522 2884 ,
552 2819 613 2871 οὐ
649 2819 1084 2891 μεταϐαλόμενος
1111 2821 1209 2892 τὴν
1239 2821 1462 2893 γνώμην
1485 2840 1497 2853 ·
1531 2821 1674 2875 οὕτω
1698 2819 1790 2873 νῦν
1819 2818 1918 2882 τὰς
1952 2816 2286 2887 ἐπαγγελίας
2326 2818 2406 2880 εἰς
2437 2820 2610 2888 πέρας
2651 2818 2762 2882 ἄξω
2790 2821 3006 2884 πάντως
3041 2824 3109 2886 ἃς
3150 2823 3279 2892 περί
3309 2841 3365 2877 τε

122 2910 202 2980 τῆς
228 2911 574 2984 Ἰερουσαλὴμ
593 2912 982 2985 ἀπεφηνάμην,
1019 2914 1112 2968 καὶ
1138 2915 1317 2986 πάσης
1351 2913 1415 2986 δὴ
1443 2914 1542 2984 τῆς
1573 2913 1743 2966 Ἰούδα
1772 2912 1942 2982 φυλῆς
1963 2928 1975 2940 ·
2001 2911 2075 2974 ὡς
2101 2912 2133 2980 ἡ
2176 2910 2272 2980 μὲν
2313 2911 2367 2962 ἐν
2397 2909 2621 2962 εύθτνία
2659 2912 2964 2981 γενήσεται,
2993 2912 3041 2964 οἱ
3075 2912 3129 2965 δὲ
3167 2914 3367 2983 πολλῆς

127 3002 365 3072 μεθέξουσι
391 3004 494 3075 τῆς
532 3003 841 3073 εὐετηρίας.

183 3094 304 3165 Στίχ.
337 3095 432 3161 ις’,
457 3097 550 3162 ιζ’.
571 3127 640 3137 -
663 3097 773 3149 Καὶ
824 3098 1040 3163 δεικνὺς
1071 3099 1099 3152 ὃ
1142 3115 1193 3151 τι
1228 3099 1356 3152 ποτέ
1393 3098 1681 3162 ποιοῦντας

1854 3093 2020 3148 Vens.
2059 3092 2142 3156 16,
2176 3091 2514 3161 i7.-—Atqne
2543 3101 2601 3145 ut
2633 3091 2860 3146 suadeat
2889 3091 3089 3148 debere
3117 3108 3234 3156 eos,
3273 3093 3366 3164 qui

124 3191 329 3260 προσῆκε
356 3189 431 3260 τῷ
462 3189 673 3261 βεϐαίῳ
701 3189 924 3263 θαρρεῖν
953 3191 1062 3243 τῶν
1096 3191 1466 3260 ἐπαγγελιῶνο
1507 3192 1678 3264 «θαρ-

1785 3194 1930 3242 recte
1981 3186 2255 3249 facerent,
2305 3183 2551 3240 ﬁrmitati
2599 3184 2998 3253 promissorum
3052 3186 3364 3250 confidere,

127 3283 260 3344 σείτε,
295 3274 434 3334 οὗτοι
463 3283 522 3336 οἱ
556 3282 705 3351 λόγοι
737 3282 830 3345 οὓς
862 3283 1117 3354 ποιήσετε
1140 3325 1153 3347 ,
1182 3284 1394 3337 λαλεῖτε
1422 3282 1680 3356 ἀλήθειαν

124 3371 316 3436 ἕκαστος
346 3377 481 3446 πρὸς
512 3373 607 3428 τὸν
649 3374 872 3446 πλησίον
910 3373 1076 3428 αὑτοῦ
1104 3418 1118 3442 ,
1150 3375 1246 3429 καὶ
1275 3375 1449 3446 κρίμα
1478 3377 1683 3447 εἰρηνι-

127 3463 201 3517 κὸν
225 3467 426 3537 κρίνατε
453 3469 518 3521 ἐν
571 3469 693 3530 ταῖς
725 3466 923 3530 πύλαις
951 3466 1105 3538 ὑμῶν
1132 3484 1145 3497 ’
1182 3469 1277 3522 καὶ
1309 3469 1540 3532 ἕκαστος
1583 3467 1682 3539 τὴν

127 3559 290 3613 κακίαν
315 3559 404 3613 τοῦ
434 3560 672 3631 πλησίον
721 3560 797 3631 μὴ
828 3558 1109 3628 λογίζεσθε
1142 3560 1198 3612 ἐν
1230 3559 1478 3632 καρδίαις
1505 3559 1680 3630 ὑμῶν,

128 3650 200 3701 καὶ
233 3652 378 3721 ὅρκον
421 3653 601 3724 ψευδῆ
645 3651 718 3724 μὴ
750 3653 1042 3720 ἀγαπᾶτε·
1089 3651 1224 3706 διότι
1279 3636 1454 3706 ταῦτα
1503 3651 1684 3706 πάντα

126 3742 346 3815 ἐμίσησα,
377 3744 535 3814 λέγει
558 3744 760 3816 Κύριος
785 3743 1203 3814 παντοκράτωρ.
1239 3762 1255 3794 ι
1296 3741 1371 3814 (p.
1392 3743 1515 3813 489)
1542 3743 1684 3813 Θαρ-

130 3837 244 3904 ρεἶτε
276 3837 334 3910 δὴ
363 3842 483 3903 ταῖς
509 3837 870 3907 ἐπαγγελίαις
898 3839 1017 3901 ταῖς
1047 3837 1210 3907 ἐμαῖς
1236 3853 1249 3866 ·
1306 3837 1354 3888 εί
1383 3837 1588 3889 τούτων
1619 3835 1682 3905 δὴ

129 3917 281 4000 ὧνπερ
301 3925 388 3984 οὖν
415 3929 778 4001 συμϐουλεύω
800 3929 1001 4000 πολλὴν
1023 3927 1197 3999 ἔχοιτε
1222 3928 1319 3999 τὴν
1343 3927 1682 3998 ἐπιμέλειαν,

128 4019 296 4085 ἀδόλως
341 4022 437 4094 μὲν
464 4023 541 4076 τὰ
567 4021 702 4094 πρὸς
734 4020 1002 4091 ἀλλήλους
1035 4018 1370 4081 διατιθέντες
1392 4059 1406 4083 ,
1455 4015 1682 4087 ἀληθινῇ

125 4110 168 4164 δέ
186 4113 370 4187 διανοίᾳ
389 4116 488 4188 τὴν
519 4114 658 4184 πρὸς
679 4113 942 4184 ἀλλήλους
969 4111 1342 4174 ἀποσῶζοντες
1366 4109 1568 4178 φιλίαν,
1593 4108 1687 4161 καὶ

127 4205 178 4276 δὴ
207 4211 536 4278 φροντίζοιτε
580 4208 763 4271 πάσας
806 4207 904 4269 τὰς
935 4204 1314 4275 ἐμπιπτούσας
1351 4201 1687 4271 φιλονεικίας

126 4298 399 4366 διαλύοντες
429 4304 515 4366 εἰς
548 4299 732 4371 φιλίαν
767 4297 1099 4368 συνάγεσθαι
1140 4297 1458 4370 πρέπουσάν
1497 4312 1560 4363 γε
1592 4295 1687 4348 καὶ

128 4394 240 4462 πρὸς
295 4397 522 4468 εἰρήνην
597 4394 926 4456 συνιοῦσαν,
980 4393 1090 4446 τῶν
1151 4387 1687 4462 ἀμφισϐητουμένων

128 4483 402 4555 ποιούμενοι
427 4487 535 4557 τὴν
568 4485 850 4550 διάλυσιν,
890 4484 960 4538 τά
993 4481 1360 4553 συμϐαίνοντά
1398 4497 1456 4533 τε
1507 4497 1688 4550 παρα-

1789 3299 1806 3332 (
1829 3277 2118 3343 Conﬁditc,
2140 3278 2344 3347 inquit;
2373 3278 2463 3332 isti
2489 3286 2617 3332 sunt
2640 3292 2925 3334 sermones
2947 3294 3090 3348 quos
3113 3279 3326 3335 facietis
3352 3299 3364 3334 :

1785 3371 2074 3442 loquimini
2139 3371 2427 3425 veritatem
2484 3370 2864 3441 unusquisque
2933 3370 3001 3425 ad
3055 3371 3365 3445 proximum

1785 3478 1969 3528 suum,
2000 3469 2055 3515 et
2075 3461 2287 3530 justum
2315 3459 2586 3530 judicium
2609 3460 2852 3529 judicate
2875 3461 2927 3515 in
2952 3464 3124 3531 portis
3149 3463 3364 3517 vestris.

1787 3552 1851 3608 Et
1878 3553 2265 3622 unusquisque
2309 3552 2512 3605 malum
2556 3557 2805 3622 proximo
2851 3567 2953 3606 suo
2984 3568 3052 3607 ne
3083 3554 3365 3608 machine-

1785 3644 1920 3700 mini
1959 3645 2013 3699 in
2050 3644 2312 3699 cordibus
2347 3643 2568 3707 vestris,
2621 3652 2676 3698 et
2715 3643 2944 3697 mendax
2977 3643 3366 3713 jusjurandum

1783 3754 1854 3793 ne
1880 3736 2145 3808 diligatis,
2201 3735 2329 3806 quia
2368 3735 2483 3790 haec
2530 3735 2716 3790 omnia
2770 3733 2881 3800 odi,
2930 3735 3066 3790 dicit
3100 3735 3368 3791 Dominus

1784 3830 2157 3899 omnipotens.
2200 3847 2216 3879 ι
2259 3827 2533 3883 Conlidilc
2589 3828 2880 3897 promissis
2911 3828 3086 3892 meis;
3142 3828 3186 3882 si
3221 3839 3368 3882 certe

1784 3921 2147 3975 consiliorum
2201 3933 2323 3987 qua:
2359 3919 2515 3973 vobis
2549 3920 2698 3973 suasi
2734 3918 3000 3972 rationem
3040 3917 3364 3978 habueritis,

1786 4012 1904 4067 sine
1935 4010 2060 4064 dolo
2092 4009 2322 4063 invicem
2354 4015 2676 4070 tractantes,
2715 4015 2771 4062 et
2795 4022 2986 4062 verace
3025 4015 3206 4063 mente
3241 4023 3365 4061 inu-

1785 4111 1934 4157 tuam
1973 4099 2294 4155 charitatem
2321 4108 2637 4162 servantes;
2674 4107 2726 4151 et
2756 4097 2800 4152 si
2833 4110 3053 4167 operam
3079 4095 3362 4157 dederitis,

1787 4204 1847 4249 ut
1887 4193 2259 4248 incidentibus
2289 4191 2490 4262 jurgiis
2525 4190 2772 4260 praecisis
2798 4190 2853 4243 in
2875 4189 3172 4242 amicitiam
3207 4203 3365 4244 coea-

1787 4286 1857 4341 tis
1891 4285 2127 4340 debitam
2159 4294 2213 4340 et
2241 4285 2403 4356 327
2445 4284 2594 4355 pacis
2639 4283 2868 4348 sociam,
2901 4290 2955 4338 et
2998 4282 3230 4338 sublatis
3262 4281 3369 4334 liti-

1788 4379 1891 4433 bus
1946 4377 2186 4434 oﬂensas
2236 4393 2358 4447 quae
2410 4391 2704 4431 occurrere
2749 4375 2931 4430 solent
2984 4374 3366 4445 neglexeritis;

1789 4470 1936 4526 omni
1967 4470 2203 4539 denique
2230 4469 2516 4540 diligentia
2548 4468 2848 4539 perjuriuin
2880 4467 3208 4522 vitaveritis.
3243 4466 3370 4521 Haec

126 4572 402 4641 λογίζεσθαι
424 4576 541 4630 τῶν
575 4577 956 4648 πταισμάτων,
1001 4575 1094 4628 καὶ
1116 4576 1295 4628 πᾶσαν
1322 4571 1497 4643 ἔχοιτε
1523 4587 1684 4642 φρον-

1789 4563 1934 4618 enim
1994 4577 2096 4633 ego
2142 4562 2495 4618 vehementer
2549 4561 2661 4615 odi.
2725 4558 2836 4615 Vos
2883 4575 3015 4615 vero
3054 4559 3102 4616 si
3145 4558 3371 4629 reliquis

126 4667 223 4720 τίδα
243 4668 328 4723 τού
364 4669 440 4741 μὴ
464 4671 587 4741 μετ’
617 4669 904 4742 ἐπιορκίας
928 4668 1158 4739 ὀμνύναι
1185 4683 1194 4696 ·
1228 4665 1399 4721 ταῦτα
1429 4664 1537 4735 γὰρ
1565 4664 1688 4734 ἐμοὶ

131 4757 211 4823 μὲν
237 4759 320 4813 διὰ
355 4760 557 4830 μίσους
597 4760 744 4814 ἐστὶν
775 4760 913 4827 ἄγαν
939 4775 951 4788 ’
986 4759 1143 4830 ὑμεῖς
1171 4757 1227 4810 δέ
1262 4758 1311 4809 εί
1342 4758 1451 4818 τοῖς
1483 4754 1687 4818 λοιποῖς

129 4848 407 4922 πειθόμενοι
427 4856 546 4916 τοῖς
563 4851 713 4923 ἐμοῖς
732 4849 1010 4922 βούλοισθε
1036 4848 1236 4919 σπουδῇ
1255 4844 1685 4919 διαπράττεσθαι

126 4938 184 4991 τὰ
203 4941 624 5014 παρηγγελμένα
653 4941 782 5012 ὑμῖν
811 4939 1052 5009 ἀγαθῶν.

183 5033 316 5106 Στίχ.
347 5041 436 5107 ιη’,
474 5035 562 5091 ιθθ.
596 5063 668 5073 —
702 5051 720 5084 ι
750 5033 859 5086 Καὶ
891 5030 1108 5102 ἐγένετο
1131 5029 1288 5098 λόγος
1321 5028 1527 5100 Κυρίου
1552 5043 1691 5081 παν-

127 5128 425 5197 τοκράτορος
462 5128 604 5201 πρός
631 5143 700 5197 με
730 5126 905 5196 λέγων
932 5142 947 5156 ο
979 5124 1116 5178 Τάδε
1142 5122 1290 5191 λέγει
1321 5120 1526 5194 Κύριος
1555 5137 1691 5174 παν-

127 5217 417 5289 τοκράτωρ’
457 5217 706 5290 Νηστεία
763 5218 796 5287 ἡ
837 5216 930 5270 τοῦ
976 5215 1272 5287 τετάρτου,
1324 5215 1420 5267 καὶ
1467 5213 1690 5284 νηστεία

127 5306 205 5358 τοῦ
227 5310 494 5380 πέμπτου,
527 5311 622 5364 καὶ
640 5308 867 5380 νηστεία
890 5307 982 5361 τοῦ
1008 5307 1260 5378 ἑϐδόμου,
1290 5306 1382 5360 καὶ
1413 5303 1633 5376 νηστεία
1655 5305 1690 5376 ἡ

127 5397 205 5451 τοῦ
229 5400 448 5457 δεκάτου
480 5402 696 5456 ἔσονται
716 5400 794 5471 τῷ
816 5401 950 5471 οἴκῳ
977 5399 1149 5453 Ἰούδα
1175 5399 1254 5462 είς
1280 5397 1453 5468 χαράν
1480 5394 1576 5448 καὶ
1611 5395 1692 5459 είς

96 5479 440 5580 γεὺφροσύνην
488 5496 585 5550 καὶ
617 5493 809 5566 ἑορτὰς
841 5491 1072 5562 ἀγαθὰς,
1108 5491 1201 5545 καὶ
1229 5485 1688 5560 εὐφρανθήσεσθε,

98 5582 210 5636 ’καὶ
257 5586 353 5657 τὴν
406 5587 668 5660 ἀλήθειαν
713 5587 810 5640 καὶ
868 5586 969 5656 τὴν
1029 5583 1254 5656 εἰρήνην
1301 5581 1685 5651 ἀγαπήσατε.»

139 5673 333 5749 Ἐπειδὴ
358 5677 472 5750 γὰρ
511 5679 570 5731 ὲν
597 5679 710 5742 τοῖς
746 5674 1040 5745 ἀνωτέροις
1080 5672 1361 5744 παρόντων
1395 5668 1501 5723 τῶν
1540 5667 1689 5722 ἀλλο-

131 5765 274 5834 τρίων
311 5768 404 5832 οὓς
425 5769 477 5822 οἱ
497 5769 604 5824 τῶν
626 5767 794 5824 ἐθνῶν
819 5764 1232 5821 ἀπεστάλκεσαν
1263 5761 1524 5836 βασιλεῖς,
1549 5777 1689 5831 παρ-

1792 4655 2188 4710 monitionibus
2231 4655 2370 4710 meis
2412 4653 2750 4718 obedientes,
2778 4652 3023 4709 studiose
3054 4667 3149 4708 eas
3181 4651 3373 4708 obser-

1790 4747 2009 4814 vabitis,
2036 4747 2307 4817 promissa
2345 4747 2498 4804 vobis
2527 4747 2670 4802 bona
2701 4746 3138 4816 consequemini.

1860 5022 2026 5077 Vens.
2059 5021 2147 5087 18,
2184 5023 2270 5078 l9.
2305 5053 2375 5064 -—
2412 5041 2430 5076 ι
2481 5026 2547 5080 Et
2587 5022 2768 5079 factus
2825 5031 2910 5078 est
2935 5037 3118 5078 sermo
3157 5021 3370 5076 Domini

1792 5115 2180 5184 omnipotentis
2232 5114 2299 5169 ad
2341 5130 2428 5170 me
2467 5116 2655 5171 dicens
2708 5134 2721 5169 :
2768 5113 2895 5170 Haec
2937 5115 3072 5170 dicit
3105 5114 3370 5169 Dominus

1792 5214 2166 5276 omnipotens;
2190 5204 2465 5277 Jejunium
2491 5206 2694 5277 quarti,
2720 5213 2775 5261 et
2799 5206 3069 5276 jejunium
3088 5207 3287 5276 quinti,
3318 5215 3373 5261 et

1783 5297 2054 5369 jejunium
2078 5296 2318 5366 septimi,
2349 5302 2401 5350 et
2418 5285 2688 5365 jejunium
2722 5295 2919 5351 decimi
2947 5303 3107 5350 erunt
3131 5294 3184 5349 in
3210 5294 3374 5351 domo

1787 5389 1940 5445 Iuda:
1965 5389 2017 5443 in
2050 5388 2308 5460 gaudium
2329 5395 2384 5444 et
2408 5388 2646 5442 laetitiam
2685 5394 2740 5444 et
2773 5387 2946 5442 bonas
2972 5387 3374 5458 solemnitates;

1788 5491 1844 5538 et
1889 5479 2230 5544 laetabimini,
2253 5487 2308 5536 et
2347 5480 2635 5534 veritatem
2681 5494 2981 5550 pacemque
3024 5478 3282 5550 diligetis.
3346 5497 3366 5533 ι

1790 5573 1928 5642 Quia
1961 5575 2014 5628 in
2055 5572 2452 5643 superloribus,
2508 5581 2732 5642 propter
2772 5571 3200 5642 alienigenarum
3229 5587 3371 5642 prie-

1795 5667 2027 5722 sentiam
2045 5680 2185 5735 quos
2208 5665 2448 5735 gentium
2484 5679 2641 5734 rcges
2673 5664 2952 5727 miserant,
2987 5664 3372 5732 reprobavrrat

1797 5757 1940 5815 Deus
1969 5757 2261 5829 jejunium,
2304 5764 2358 5813 et
2395 5771 2458 5813 ea
2509 5772 2673 5828 opera
2706 5755 3084 5824 substituerat,
3112 5771 3233 5827 qua:
3257 5754 3370 5810 ﬁcri
