3824 6552
1625 343 1977 421 THEODORI

2123 360 2522 418 lPSUESTENI
3573 360 3659 416 55$

417 491 669 554 oportere
714 479 991 541 censebat.
1045 487 1101 532 ut
1156 495 1285 534 suos
1339 479 1500 534 simul
1554 489 1609 534 et
1653 481 1861 538 alienos
1908 482 2000 552 qui

2123 484 2339 553 γτήσατο
2375 479 2471 549 μὲν
2504 477 2604 548 τὴν
2634 475 2908 547 νηστείαν,
2943 475 3305 546 ἀντεισήγαγε
3343 473 3401 527 δέ
3431 475 3463 528 ἃ
3492 476 3661 545 χρῆναι

420 577 646 631 aderant
697 572 960 637 erudiret,
1009 572 1326 626 necessario
1365 571 1419 626 in
1465 571 1834 642 subsequente
1878 589 1999 628 mo-

420 669 536 723 nito
563 668 641 723 sic
665 667 922 736 loquitur,
955 664 1331 718 demonstrare
1381 666 1566 721 volens
1597 667 1739 721 haud
1777 683 1834 723 se
1858 667 2002 737 jeju-

421 759 571 814 nium
599 757 923 826 simpliciter
953 755 1290 825 improbasse
1309 796 1322 820 ,
1348 757 1441 812 sed
1471 757 1600 811 illud
1628 766 1837 812 tantum
1859 756 2005 828 quod

423 846 722 915 incongrue
753 843 914 899 ﬁebat
935 863 947 898 :
972 859 1132 898 secus
1155 860 1284 899 vero
1308 845 1352 899 si
1374 846 1762 900 convenienter
1790 855 2002 917 agatur,

423 946 554 991 tunc
587 952 648 990 se
678 935 910 991 libenter
934 935 1205 1006 excipere.
1235 935 1350 990 Hoc
1387 952 1516 1008 ergo
1549 939 1623 992 ait
1652 957 1664 991 :
1703 937 1807 994 Vos
1847 946 2005 993 antea

422 1043 522 1099 pro
554 1027 796 1098 peccatis
827 1031 1018 1084 vestris
1043 1044 1167 1083 cum
1203 1029 1349 1084 luctu
1382 1030 1741 1100 jejunabatis,
1771 1047 2006 1103 quorum

422 1135 590 1175 causa
617 1120 789 1176 tantis
832 1121 1064 1190 correpti
1125 1119 1307 1176 fuistis
1357 1124 1805 1180 calamitatibus:
1863 1138 2008 1178 nunc

425 1221 605 1266 autem
679 1211 916 1267 reditum
972 1215 1286 1268 consecutis
1341 1217 1595 1285 congruit
1647 1217 1802 1273 vobis
1863 1216 2007 1270 haud

423 1320 548 1358 cum
575 1304 725 1358 luctu
752 1304 1019 1374 jejunium
1054 1321 1338 1378 paragcre,
1369 1308 1465 1363 sed
1493 1309 1725 1364 libenter
1745 1308 2012 1379 jucunde-

425 1413 553 1468 que,
592 1396 730 1453 festo
762 1399 988 1470 dignum
1035 1408 1350 1469 reputantes
1398 1402 1690 1471 jejunium;
1753 1403 1879 1474 quia
1910 1419 2011 1459 nos

428 1487 520 1543 Dei
549 1488 884 1559 propinquos
917 1487 1093 1544 facere
1124 1489 1377 1544 idoneum
1425 1500 1528 1547 est.
1585 1492 1807 1548 Decebit
1865 1493 2011 1548 enim

426 1580 792 1648 vosjejunare
817 1582 1080 1645 laetanter,
1097 1581 1140 1635 si
1169 1583 1416 1638 veritatis
1437 1599 1500 1637 ac
1530 1585 1678 1654 pacis
1703 1591 2012 1654 respectum

427 1670 719 1727 habebitis.
739 1673 913 1741 Atque
939 1681 995 1726 ut
1017 1671 1270 1728 ostendat
1293 1675 1558 1729 bonorum
1581 1675 2014 1745 magnitudinem

427 1777 660 1832 quorum
693 1765 866 1834 gratia
921 1763 1076 1819 decet
1121 1779 1214 1820 eos
1241 1765 1294 1820 in
1344 1767 1689 1822 solemnitate
1718 1782 1782 1822 ac
1829 1765 2014 1822 laetitia

425 1853 650 1924 jejuniis
679 1855 779 1916 uti,
813 1855 892 1910 sic
927 1857 1310 1926 prosequitur:

2107 569 2442 644 πράττεσθαι
2463 569 2758 636 ἀναγκαῖον
2787 567 2988 637 ἠγεῖτο,
3011 565 3085 628 ὡς
3104 566 3169 617 ἂν
3192 563 3288 617 καὶ
3314 565 3440 628 τοὺς
3460 566 3665 630 οἰκείους

2107 660 2248 714 κατά
2276 657 2468 714 ταυτὸν
2513 657 2608 711 καὶ⁵
2639 656 2766 719 τοὺς
2801 654 3115 725 ἀλλοτρίους
3159 654 3432 724 παρόντας
3467 655 3664 710 παιδεῦ·

2109 769 2244 815 σειν,
2284 748 2595 818 ἀναγκαίως
2638 746 2776 818 μετά
2809 747 2907 817 τὴν
2944 744 3050 798 τῶν
3079 744 3317 815 καθεξῆς
3345 745 3667 799 διδασκαλίαν

2109 845 2302 913 ἐπάγει
2337 841 2517 908 ταυτὶ,
2549 841 2720 905 δεῖξαι
2763 839 3084 911 βουλόμενος
3105 839 3180 904 ὡς
3211 840 3271 892 ού
3319 840 3420 910 τὴν
3445 840 3669 909 νηστείαν

2108 935 2296 1000 ἁπλῶς
2343 935 2720 1006 παραιτεῖται,
2773 935 2849 1002 (p.
2897 930 3021 1002 490)
3062 929 3178 984 ἀλλ’
3221 932 3302 985 ὅτ’
3341 933 3409 985 ἂν
3445 932 3670 1001 γίγνηται

2114 1027 2187 1100 μὴ
2215 1029 2463 1090 δεόντως.
2516 1027 2579 1080 Εἰ
2621 1024 2676 1079 δὲ
2727 1025 2866 1096 μετά
2895 1025 2989 1078 τοῦ
3030 1026 3403 1096 προσήκοντος
3436 1025 3670 1094 γίγνοιτο,

2111 1121 2207 1175 καὶ
2249 1120 2390 1192 μάλα
2439 1136 2502 1188 γε
2551 1119 2720 1185 αὐτὴν
2758 1117 3080 1187 ἀποδέχεται
3121 1116 3491 1187 γιγνομένην·
3544 1118 3675 1170 τοῦτο

2110 1213 2289 1268 τοίνυν
2325 1212 2487 1284 φησιν
2531 1211 2633 1274 ὅτι,
2661 1209 2930 1281 Πρότερον
2982 1208 3079 1279 μὲν
3123 1208 3263 1280 ὑπὲρ
3297 1208 3409 1262 τῶν
3443 1209 3673 1280 apag“,

2117 1308 2299 1378 μάτων
2331 1303 2682 1375 νηστεύοντες
2705 1301 2981 1354 ἐπενθεῖτε
3016 1299 3124 1354 τῶν
3156 1299 3396 1366 οἰκείων,
3446 1301 3583 1371 ὑπὲρ
3615 1295 3674 1354 ὧν

2112 1396 2177 1468 δὴ
2206 1396 2298 1450 καὶ
2318 1395 2604 1457 τοσαύταις
2621 1390 2716 1464 ἦτε
2739 1391 3190 1463 περιϐεϐλημένοι
3207 1394 3330 1454 ταῖς
3358 1395 3674 1464 συμφοραῖς

2114 1487 2209 1542 νῦν
2251 1488 2308 1541 δέ
2354 1486 2540 1558 ἐπειδὴ
2587 1488 2684 1557 τῆς
2733 1485 2991 1538 ἐπανόδου
3028 1485 3388 1554 τετυχήκατε,
3429 1485 3677 1555 ἁρμόττον

2115 1583 2200 1653 εἴη
2237 1582 2301 1635 ἂν
2330 1581 2458 1651 ὑμῖν
2494 1578 2676 1632 πένθει
2709 1578 2949 1650 μετιέναι
2981 1577 3081 1649 τὴν
3113 1576 3387 1648 νηστείαν,
3418 1576 3552 1630 ἀλλά
3581 1577 3678 1646 μεθ’

2116 1673 2310 1744 ἡδονῆς
2352 1690 2411 1726 τε
2447 1672 2538 1726 καὶ
2583 1669 2940 1742 εὐφροσύνης,
2986 1672 3180 1742 ἑορτῆς
3223 1670 3372 1738 ἀξιον
3402 1671 3680 1742 τιθεμένης

2115 1763 2177 1816 τδ
2197 1761 2479 1834 νηστεύειν
2514 1761 2586 1826 ῶς
2628 1759 2898 1832 αὔταρκες
2932 1761 2991 1814 ὃν
3020 1761 3253 1815 οἰκειοῦν
3281 1761 3402 1834 Θεῷ
3426 1778 3441 1793 ⁸
3473 1763 3678 1833 ἁρμόσει

2055 1843 2098 1902 Β
2127 1857 2237 1929 γάρ
2271 1855 2399 1926 ὑμῖν
2451 1853 2511 1907 τὸ
2547 1853 2663 1924 μεθ’
2705 1853 2897 1924 ἡδονῆς
2941 1853 3244 1925 νηστεύειν,
3276 1857 3324 1908 εί
3359 1855 3612 1928 ἀληθείας
3637 1872 3682 1907 τε

430 1947 524 1999 καὶ
549 1949 772 2020 εἰρήνης
802 1949 1041 2002 ποιοῖσθε
1078 1949 1253 2018 λόγον.
1289 1950 1399 2004 Kal.
1432 1951 1645 2016 δεικνὺς
1673 1953 1782 2006 τῶν
1814 1951 2032 2022 ἀγαθῶν
2063 1950 2122 2004 τὸ
2165 1949 2396 2022 μέγεθος
2440 1946 2523 2018 ἐφ’
2565 1940 2646 2012 οἷς
2697 1947 2971 2018 προσῆκεν
3013 1947 3210 2012 αὐτοὺς
3250 1948 3604 2020 ἐορτάζοντάς
3637 1963 3683 2000 τι

431 2040 527 2092 καὶ
561 2040 1018 2112 εὐφραινομένους
1050 2043 1284 2112 χρῆσθαι
1310 2046 1432 2108 ταῖς
1459 2045 1757 2115 νηστείαις,
1791 2046 2006 2114 ἐπάγει·

504 2129 668 2188 Vsus.
697 2133 890 2189 20-93.
928 2134 1094 2205 328
1115 2164 1184 2174 —
1214 2153 1232 2187 ‹
1270 2135 1394 2192 Haec
1429 2137 1504 2192 ait
1534 2137 1797 2195 Dominus
1838 2138 2017 2193 omni-

341 2267 344 2282 .
433 2234 664 2296 potens:
697 2225 891 2282 Adhuc
923 2230 1140 2282 venient
1176 2229 1360 2299 populi
1395 2230 1572 2294 multi,
1594 2239 1649 2286 et
1680 2231 2017 2290 habitatores

433 2317 650 2371 urbium
676 2318 990 2372 multarum.
1016 2317 1080 2372 Et
1101 2321 1196 2390 qui
1226 2319 1476 2374 habitant
1502 2336 1665 2375 uuam
1689 2321 2018 2377 convenient

435 2405 504 2460 ad
535 2407 758 2462 alteram
795 2409 1068 2466 civitatem
1090 2450 1106 2475 ,
1145 2410 1390 2467 dicentes
1435 2431 1447 2466 :
1482 2412 1690 2468 Euntes
1737 2429 1926 2469 eamus
1960 2423 2019 2468 ut

434 2503 789 2575 deprecemur
839 2504 1033 2560 faciem
1085 2503 1322 2569 Domini,
1379 2512 1438 2560 ut
1486 2521 1794 2577 quaeramus
1825 2506 2017 2561 faciem

438 2595 653 2650 Domini
687 2596 1101 2666 omnipotentis.
1127 2595 1354 2668 Pergam
1385 2607 1438 2652 et
1466 2612 1587 2670 ego.
1621 2618 1640 2651 ›
1673 2595 1759 2652 Nil
1793 2599 2017 2663 mirum,

436 2687 636 2757 inquit,
667 2687 778 2741 haec
801 2687 943 2756 apud
983 2701 1081 2742 vos
1139 2688 1475 2758 contingere,
1527 2689 1796 2758 siquidem
1861 2687 2021 2742 multi

437 2779 754 2849 alienigena:
790 2778 1023 2835 diversis
1046 2779 1100 2834 in
1135 2779 1360 2836 urbibus
1390 2779 1723 2845 habitantes,
1762 2796 1828 2836 ex
1885 2796 2022 2834 una-

437 2886 655 2942 quaque
672 2872 806 2927 urbe
836 2873 889 2926 in
924 2887 1091 2926 unum
1115 2873 1340 2927 coibunt
1371 2889 1387 2928 :
1415 2873 1487 2926 ita
1511 2869 2018 2936 enimlvaletdictio,

441 2982 463 3016 ι
499 2963 602 3031 Qui
631 2963 879 3018 habitant
913 2963 1450 3032 unam,convenient
1477 2964 1542 3018 ad
1577 2965 1802 3018 alteram
1832 2965 2025 3018 civita-

438 3067 569 3112 tem.
604 3075 622 3107 ι
655 3054 720 3109 lli
743 3055 1064 3111 cxcitabunt
1092 3064 1391 3126 mutuoque
1418 3055 1790 3110 hortabuntur
1816 3057 1883 3111 ad
1919 3057 2024 3113 huc

439 3148 871 3212 adventantium,
898 3159 956 3202 ιιι
973 3155 1026 3202 et
1048 3148 1151 3218 ipsi
1180 3149 1234 3203 in
1269 3147 1478 3204 orando
1504 3147 1618 3202 Deo
1645 3157 2019 3217 perseverent,

439 3248 604 3306 atque
665 3238 734 3290 ah
785 3251 850 3290 eo
895 3237 1178 3305 quodlibet
1226 3238 1428 3291 bonum
1469 3235 2026 3307 exspectent.Quare

441 3331 764 3383 alterutrum
809 3328 1165 3382 hortabantur
1210 3328 1959 3408 dicentesuPergametego;
1989 3351 2007 3383 ι

2191 2129 2339 2201 Στίχ.
2368 2128 2556 2196 κ’-κγ’.
2580 2156 2647 2168 —-
2677 2145 2694 2178 ι
2720 2125 2860 2180 Τάδε
2883 2125 3028 2195 λέγει
3055 2127 3255 2198 Κύριος
3278 2130 3681 2202 παντοκράτωρ·

2123 2227 2244 2280 Ἔτι
2273 2224 2463 2295 ἥξουσι
2482 2219 2601 2275 λαοὶ
2635 2220 2836 2282 πολλοὶ,
2855 2220 2949 2272 καὶ
2964 2219 3344 2285 κατοικοῦντες
3375 2222 3558 2286 πόλεις
3577 2225 3685 2276 πο).-

2119 2318 2250 2382 λάς·
2306 2315 2401 2370 καὶ
2445 2312 2853 2368 συνελεύσονται
2880 2311 3260 2376 κατοικοῦντες
3293 2314 3427 2384 μίαν
3469 2316 3550 2378 είς
3580 2318 3687 2387 μίαν

2123 2408 2276 2461 πόλιν
2306 2406 2416 2478 (66)
2445 2405 2715 2473 λέγοντες,
2771 2403 3135 2476 Πορευθῶμεν
3177 2405 3535 2478 πορευόμενοι
3588 2410 3687 2476 δεηο

2123 2501 2283 2570 θῆναι
2312 2499 2407 2552 τοῦ
2439 2497 2731 2569 προσώπου
2763 2496 2988 2567 Κυρίου,
3013 2497 3106 2550 καὶ
3132 2498 3433 2570 ὲκζητῆσαι
3464 2499 3524 2553 τὸ
3545 2503 3687 2572 πρέσ.

2123 2610 2271 2646 ωπον
2313 2591 2520 2662 Κυρίου
2560 2589 3030 2660 παντοκράτορος-ο
3081 2590 3423 2662 πορεύσομαι
3471 2593 3639 2660 κάγώ.
3671 2615 3685 2643 ι

2123 2684 2450 2756 Θαυμαστὸν
2478 2685 2585 2754 γάρ
2618 2683 2801 2745 οὐδὲν,
2845 2683 3031 2753 φησὶν,
3074 2683 3121 2736 εί
3155 2685 3287 2754 παρ’
3317 2685 3473 2756 ὑμῶν
3513 2687 3690 2755 γίνοιτο

2123 2778 2316 2843 ταῦτα,
2348 2779 2483 2831 ὅπου
2510 2794 2572 2846 γε
2616 2776 2800 2830 πολλοὶ
2827 2777 2922 2831 καὶ
2955 2777 3062 2830 τῶν
3100 2777 3398 2851 ἀλλοτρίων
3439 2782 3495 2833 ἐν
3528 2782 3690 2850 διαφό-

2127 2887 2241 2942 ροις
2269 2871 2488 2924 πόλεσιν
2521 2867 2815 2931 οἰκοῦντες,
2851 2868 2942 2922 ἐπὶ
2988 2870 3182 2924 ταυτὸν
3220 2873 3313 2942 ἀφ’
3349 2872 3588 2944 ἑκάστης
3609 2875 3687 2925 πὸη

2124 2963 2259 3027 λεως
2285 2963 2569 3032 γεγονότες
2586 2980 2601 2994 ·
2635 2961 2793 3016 τοῦτο
2822 2965 2929 3034 γὰρ
2964 2962 3112 3032 λέγει
3136 2963 3221 3030 τὸ,
3247 2984 3263 3015 ι
3289 2964 3689 3020 Συνελεύσονται

2126 3054 2509 3116 κατοικοῦντες
2560 3054 2687 3124 μίαν
2733 3056 2813 3117 είς
2853 3055 2980 3124 μίαν
3014 3053 3186 3110 πόλιν.
3219 3074 3236 3107 ι
3288 3058 3606 3129 Διεγεροῦσι
3647 3059 3690 3111 ἰέ

2124 3145 2220 3199 καὶ
2253 3145 2648 3218 προτρέψονται
2675 3144 2936 3216 ἀλλήλους
2985 3148 3064 3208 είς
3101 3146 3198 3218 τὴν
3225 3145 3464 3201 ἐνταῦθα
3515 3166 3692 3220 rapat»

2128 3237 2269 3300 σίαν,
2310 3237 2385 3302 ὡς
2435 3238 2502 3292 ἂν
2538 3238 2634 3291 καὶ
2685 3238 2838 3290 αὐτοὶ
2878 3237 3180 3310 διαμένοιεν
3230 3256 3288 3292 τε
3334 3238 3581 3311 δεόμενοι
3617 3241 3690 3294 τοῦ

2125 3329 2282 3395 Θεοῦ,
2320 3330 2413 3384 καὶ
2435 3331 2562 3404 παρ’
2593 3329 2758 3384 αὑτοῦ
2796 3333 2903 3383 πᾶν
2935 3332 2964 3384 ὅ
2992 3348 3044 3383 τι
3083 3332 3448 3406 ἀναμένοντες
3477 3335 3688 3403 ἀγαθόν·

441 3421 494 3477 id
517 3429 622 3488 est,
647 3421 1036 3490 Unusquisque
1080 3421 1370 3477 sedulitate
1421 3421 1490 3476 ad
1521 3422 1834 3491 hujusmodi
1887 3439 2017 3493 opus

2129 3420 2259 3475 ὥσθ’
2321 3421 2551 3475 ἕκαστον
2608 3422 3052 3493 προτρεπόμενον
3111 3422 3199 3476 τὸν
3263 3424 3457 3496 ἓτερον
3501 3424 3690 3495 λέγειν,

440 3518 622 3575 utens,
685 3512 752 3566 ad
803 3527 902 3583 par
931 3513 1171 3568 studium
1222 3524 1447 3570 czeteros
1481 3529 1698 3585 quoque
1743 3514 2021 3571 excitabit.

441 3601 646 3657 Deinde
679 3603 831 3668 dicit,
867 3605 1134 3674 plurimos
1166 3621 1228 3660 ex
1259 3608 1448 3662 multis
1479 3606 1822 3676 diversisque
1852 3607 2027 3678 genti-

439 3695 546 3751 bus
574 3702 893 3752 ventaturos
938 3696 1278 3754 Hierusalem
1335 3697 1504 3754 Deum
1553 3699 1900 3770 prapitiaturi
1930 3715 2027 3769 pro

439 3790 680 3857 peccatis
714 3789 850 3850 suis.
892 3797 946 3844 et
997 3791 1064 3845 de
1101 3791 1345 3861 qualibet
1388 3791 1636 3862 ipsorum
1698 3793 2027 3861 necessitate

440 3881 806 3952 deprecaturi.
837 3881 960 3938 Mox
991 3884 1142 3939 addit
1176 3904 1187 3939 :
1222 3903 1241 3935 ι
1289 3884 1414 3940 "me
1445 3887 1522 3940 ait
1549 3885 1813 3942 Dominus
1843 3887 2024 3940 muni-

441 3980 635 4042 potens
679 3970 925 4028 :Diebus
979 3973 1088 4027 illis
1128 3975 1536 4045 apprehendent
1569 3977 1756 4032 decem
1812 3977 1912 4030 viri
1959 3992 2027 4031 ex

442 4064 686 4118 omnium
733 4063 975 4134 gentium
1020 4064 1242 4134 linguis,
1287 4066 1719 4134 apprehendent,
1778 4069 2023 4136 inquam,

443 4160 712 4216 fimbriam
750 4161 853 4214 viri
915 4159 1085 4214 Judaei
1127 4160 1420 4216 dicentes:
1475 4161 1769 4217 Venicmus
1822 4172 2024 4224 tecum,

443 4251 568 4322 quia
605 4251 910 4306 audivimus
945 4251 1111 4306 Deum
1143 4252 1424 4307 vobiscum
1461 4267 1604 4308 esse.
1635 4272 1654 4305 ι
1715 4251 1865 4306 Adeo
1904 4252 2030 4305 illu-

445 4354 612 4398 strem
639 4341 799 4396 faciet
835 4341 1192 4410 reliquiarum
1225 4339 1442 4397 Israelis
1478 4341 1738 4407 reditum,
1777 4351 1835 4396 ut
1872 4342 2025 4395 multi

445 4435 675 4490 diversis
697 4433 914 4488 oriundi
944 4435 1219 4502 gentibus,
1242 4442 1296 4489 et
1326 4435 1475 4489 illius
1504 4435 1835 4489 calamitatis
1863 4436 2030 4504 parti-

444 4525 616 4596 cipes,
648 4524 1026 4580 animadversa
1060 4525 1152 4580 Dei
1181 4541 1309 4594 erga
1356 4528 1610 4597 populum
1642 4544 1800 4582 suum
1845 4529 2030 4598 provi-

445 4616 652 4678 dentia,
688 4617 1028 4686 apprehenso
1052 4618 1295 4687 ipsorum
1322 4616 1590 4684 quolibet,
1617 4631 1683 4670 eo
1707 4617 1845 4672 duce
1869 4625 2028 4670 utau-

445 4714 536 4760 tur
570 4705 778 4760 reditus
808 4703 872 4757 ad
911 4707 1098 4759 urbem
1152 4703 1516 4770 Hierusalem,
1548 4707 1767 4762 cunctis
1798 4709 1931 4761 satis
1961 4706 2027 4760 ad.

2132 3513 2206 3580 (p.
2245 3509 2369 3579 491)
2402 3527 2422 3561 ι
2459 3511 2802 3580 Πορεύσομαι
2823 3511 2997 3581 κάγὼ,
3034 3533 3052 3565 ι
3080 3513 3164 3567 ἵνα
3196 3514 3346 3586 εἴπῃ,
3371 3516 3455 3568 δτι
3487 3517 3692 3579 ἐκαστπ

2131 3603 2410 3675 προθυμίᾳ
2439 3605 2507 3676 τῇ
2538 3605 2665 3675 περὶ
2701 3603 2763 3656 τδ
2812 3607 3047 3675 πρᾶγμα
3089 3609 3466 3678 κεχρημένος,
3514 3611 3603 3663 ἐπὶ
3638 3611 3692 3662 τὰ

2126 3697 2286 3767 ὅμοια
2311 3697 2544 3766 διεγερεῖ
2563 3697 2656 3748 καὶ
2677 3697 2803 3760 τοὺς
2833 3697 3043 3762 ἄλλους·
3078 3693 3192 3752 εἶτα
3217 3701 3299 3752 ὅτι
3323 3700 3566 3755 πλεῖστοι
3596 3705 3690 3756 ὅσοι

2128 3788 2194 3840 ἐκ
2225 3787 2436 3841 πολλῶν
2481 3788 2575 3842 καὶ
2619 3788 2893 3860 διαφόρων
2939 3791 3107 3842 ἐθνῶν
3138 3788 3473 3862 παρέσονται
3500 3797 3578 3860 εἰς
3609 3795 3689 3866 τὴν

2138 3880 2500 3951 Ἰερουσαλὴμ
2544 3880 2910 3951 ἐξιλεούμενοί
2937 3898 2996 3934 τε
3041 3881 3099 3935 τὸ
3128 3882 3285 3937 Θεῖον
3312 3885 3407 3938 ἐπὶ
3438 3888 3557 3948 ταῖς
3585 3890 3690 3941 ἑαυ-

2127 3970 2240 4024 τῶν
2274 3972 2592 4044 ἁμαρτίαις,
2643 3973 2738 4025 καὶ
2766 3974 2872 4026 πᾶν
2905 3974 3025 4026 ὅτου
3053 3973 3117 4027 ἂν
3147 3974 3351 4028 δέοιντο
3382 3981 3521 4048 παρ’
3549 3979 3689 4031 αὑτοῦ

2129 4061 2440 4134 ζητοῦντες.
2493 4060 2588 4127 Οἷς
2615 4065 2842 4134 ἐπάγειο
2883 4085 2901 4118 ι
2922 4066 3056 4120 Τάδε
3091 4067 3237 4137 λέγει
3266 4069 3473 4142 Κύριος
3519 4089 3689 4125 παντο-

2130 4158 2350 4230 κράτωρ
2371 4175 2384 4190 ·
2423 4159 2510 4211 Ἐν
2538 4161 2654 4223 ταῖς
2683 4161 2916 4231 ἡμέραις
2944 4160 3180 4226 ἐκείναις
3199 4163 3555 4235 ἐπιλήψονται
3581 4168 3689 4219 δέκα

2125 4245 2314 4318 ἄνδρες
2373 4248 2438 4300 ἐκ
2477 4249 2668 4301 πασῶν
2707 4248 2852 4320 [τῶν
2882 4247 3178 4322 γλωσσῶν]
3223 4249 3330 4302 τῶν
3376 4250 3568 4312 ἐθνῶν,
3616 4253 3691 4304 καί

2127 4340 2479 4411 ἐπιλήψονται
2527 4340 2622 4394 τοῦ
2661 4341 2969 4412 κρασπέδου
2999 4342 3189 4412 ἀνδρὸς
3239 4341 3501 4395 Ἰουδαίου
3533 4343 3691 4410 λέγον-

2127 4450 2236 4497 τος,
2288 4434 2674 4505 Πορευσόμεθα
2723 4434 2860 4505 μετά
2902 4435 3018 4500 σοῦ,
3055 4435 3188 4488 διότι
3231 4436 3550 4507 ἀκηκόαμεν
3572 4435 3690 4487 δτιό

2129 4526 2261 4590 Θεὸς
2284 4526 2402 4597 μεθ’
2431 4527 2582 4598 ὑμῶν
2613 4529 2781 4581 ἐστιν.
2814 4547 2832 4578 ι
2865 4527 3022 4581 Οὕτω
3043 4528 3151 4599 γάρ
3176 4527 3436 4598 λαμπρὰν
3457 4528 3564 4580 τῶν

2129 4617 2466 4688 λειπομένων
2498 4619 2781 4690 ποιήσεται
2811 4619 2943 4682 Θεὸς
2972 4619 3070 4691 τὴν
3101 4618 3378 4683 ἐπάνοδον,
3409 4618 3552 4671 ὥστε
3585 4616 3692 4670 πολ·

2126 4709 2252 4774 λοὺς
2282 4711 2345 4763 ἐκ
2370 4709 2641 4781 διαφόρων
2661 4711 2820 4774 δντας
2851 4710 3023 4765 ἐθνῶν
3055 4712 3148 4764 καὶ
3175 4711 3272 4780 τῆς
3307 4711 3590 4782 συμφορᾶς
3615 4724 3692 4759 κε·

445 4799 500 4852 id
535 4797 824 4852 concitatis
851 4811 918 4852 ex
937 4789 1173 4851 evidenti
1209 4798 1433 4854 notione
1487 4798 1629 4867 quod
1688 4799 1844 4853 vobis
1888 4798 2017 4853 atlSll

2128 4804 2526 4875 κοινωνηκότας
2549 4804 2782 4876 ἐκείνης,
2805 4803 3176 4874 θεασαμένους
3193 4801 3284 4856 τοῦ
3305 4802 3445 4855 Θεοῦ
3471 4803 3563 4874 τὴν
3586 4799 3694 4869 περὶ

445 4889 612 4956 Deus,
648 4897 789 4945 teste
843 4903 1070 4960 operum
1132 4905 1259 4959 erga
1286 4904 1385 4945 vos
1422 4889 1792 4944 mirabilitate.
1819 4889 2017 4945 Eteniu

2126 4892 2216 4946 τὸν
2235 4892 2361 4946 λαὸν
2387 4893 2743 4965 κηδεμονίαν,
2771 4894 3127 4948 ἐπιλαϐέσθαι
3155 4911 3212 4947 τε
3241 4896 3364 4947 ὅτου
3388 4894 3582 4966 δήποτε
3603 4890 3694 4944 τῶν

447 4985 553 5038 hoc
581 4985 745 5038 etiam
783 4984 907 5037 loco
942 4979 1168 5034 «decem
1182 4977 1854 5036 virOSihauddenumero
1877 4982 2012 5037 dicit

2126 4984 2186 5051 ἐξ
2216 4985 2413 5048 αὐτῶν,
2436 4986 2532 5038 καὶ
2556 4987 2688 5056 ήγου
2699 4987 2844 5060 μένῳ
2867 4987 3176 5059 χρήσασθαι
3198 4986 3390 5058 ἐκείνῳ
3407 4989 3486 5051 είς
3505 4989 3597 5056 τὴν
3619 4987 3694 5040 ἐπὶ

447 5076 542 5131 sed
566 5084 657 5131 utr
675 5073 879 5128 multos
895 5067 1371 5143 isigniticet.Exin
1396 5074 1661 5122 memorat
1685 5076 1874 5138 gentes
1914 5085 2017 5139 qua

2126 5075 2223 5146 τὴν
2266 5075 2622 5146 Ἰερουσαλὴμ
2661 5076 2918 5130 ἐπάνοδον
2955 5076 3377 5148 διεγειρομένων
3427 5079 3693 5148 αὐτάρκως

449 5170 542 5225 Dei
577 5170 775 5224 timore
802 5166 875 5220 ita
907 5179 966 5220 se
990 5171 1200 5234 gerent,
1224 5171 1338 5216 tum
1371 5171 1424 5217 et
1447 5162 1584 5217 alias
1614 5177 1735 5232 quae
1753 5161 1823 5216 ob
1843 5177 2017 5231 super-

2128 5166 2383 5220 ἁπάντων
2415 5167 2508 5220 ἐπὶ
2545 5166 2722 5238 τοῦτο,
2744 5169 2807 5222 ὲκ
2834 5167 2929 5222 τοῦ
2959 5167 3160 5238 γνῶσιν
3183 5168 3384 5239 ἀκριϐῆ
3415 5169 3596 5222 λαϐεῖν
3614 5165 3692 5219 τοῦ

449 5263 592 5317 biam
621 5274 776 5317 suam
805 5257 1007 5312 nullius
1028 5255 1182 5326 pensi
1214 5270 1329 5308 rem
1361 5253 1504 5308 hanc
1559 5253 1862 5308 habebunt.
1899 5252 2017 5307 Pro-

2131 5256 2248 5328 μεθ’
2277 5256 2431 5327 ὑμῶν
2455 5253 2594 5312 εἶναι
2619 5259 2712 5311 τὸν
2732 5258 2865 5312 Θεὸν
2890 5259 2976 5314 διὰ
3002 5260 3096 5313 τοῦ
3126 5260 3430 5334 παραδόξου
3454 5260 3561 5313 τῶν
3587 5256 3694 5327 περὶ

451 5363 638 5426 pterea
663 5348 834 5408 dicit:

2129 5349 2274 5421 ὑμᾶς
2298 5351 2599 5423 γινομένων
2621 5369 2632 5384 ⁸
2660 5352 2878 5423 καὶγὰρ
2901 5353 3180 5409 κάνταῦθα
3201 5355 3261 5408 τὸ
3281 5375 3300 5408 ι
3327 5355 3456 5409 δέκα
3472 5353 3652 5422 ἄνδρεῖ
3675 5369 3689 5398 ³

449 5446 551 5499 οὐκ
577 5444 670 5498 ἐπὶ
703 5439 922 5515 ἀριθμῷ
949 5438 1118 5507 λέγει,
1151 5436 1266 5491 ἀλλ’
1313 5436 1401 5490 ἵνα
1442 5436 1569 5507 εἴπῃ
1611 5434 1846 5491 «πολλοί.
1892 5454 1910 5486 ι
1949 5429 2081 5488 Εῐτα
2119 5435 2391 5507 μέμνηται
2425 5433 2535 5486 τῶν
2579 5435 2638 5486 ἐν
2676 5437 2790 5497 τοῖς
2833 5433 3010 5486 ἔθνεσι
3052 5433 3158 5485 τῶν
3202 5433 3302 5500 μὲν
3331 5432 3690 5502 ἐργασομένων

459 5537 608 5593 τοῦτο
624 5536 733 5589 δέει
761 5533 857 5587 τοῦ
873 5529 1030 5597 Θεοῦ,
1059 5529 1168 5584 τῶν
1200 5529 1257 5584 δὲ
1285 5530 1352 5584 δι’
1383 5530 1682 5600 ὑπεροψίαν
1712 5531 1772 5584 ού
1803 5530 2184 5602 ποιησαμένων
2215 5530 2406 5585 τούτου
2432 5530 2607 5602 λόγον.
2650 5531 2741 5583 Διὸ
2763 5527 2918 5598 φησί·

525 5669 746 5744 (86)_lta
777 5665 1050 5723 Theodori
1081 5664 1255 5744 codex
1283 5664 1374 5744 hic
1400 5673 1454 5720 et
1475 5664 1638 5744 infra,
1675 5666 2017 5744 consentient

2132 5668 2316 5732 πόλεις
2361 5669 2442 5730 εἰς
2472 5665 2653 5744 μίαν..
2839 5666 2894 5744 in
2927 5656 3307 5744 Qomptutensi
3343 5654 3489 5712 deest
3525 5649 3689 5704 πέντε.

457 5734 580 5800 cuin
619 5734 866 5796 'llebraeo
912 5747 966 5793 et
999 5735 1250 5812 antiquis
1306 5735 1719 5812 interpretibus:
1781 5737 2033 5812 Attamen
2133 5741 2277 5812 quod
2308 5734 2489 5795 tamen
2520 5734 2732 5806 legebat
2763 5734 2936 5789 Arabs
2962 5734 3252 5802 inter-pris.

455 5813 678 5872 Grauis
704 5819 908 5875 textus,
940 5808 1105 5864 etiam
1133 5805 1447 5873 Vaticanus,
1465 5805 1846 5872 κατοικοῦντες
1873 5806 2034 5862 πέντε
