3824 6512
160 382 223 401 ,ισ-

144 388 226 440 555

734 496 888 548 ΚΕΦ.
928 492 1002 545 Θ’.

195 597 324 668 ετεχ.
350 593 482 649 augt.
506 622 572 635 ...-
595 608 613 642 ι
632 590 835 659 Λῆμμα
859 587 1016 655 λόγου
1033 583 1233 656 Κυρίου
1259 585 1316 635 ἐν
1346 585 1416 653 γῇ
1433 579 1645 650 Ἐδράχ’

140 694 213 746 καὶ
231 685 494 757 Δαμασκδς
520 682 672 735 θυσία
705 676 868 733 αὐτοῦ
888 695 902 707 ο
957 676 1088 730 διότι
1117 674 1319 744 Κύριος
1361 672 1529 743 ἐφορᾷ
1559 671 1651 722 ἀν-

142 781 352 851 θρώπους
389 775 476 829 καὶ
522 773 696 834 πάσας
738 770 909 839 φυλάς
939 766 1032 819 τοῦ
1068 764 1301 836 Ἰσραὴλ,
1343 762 1437 815 καὶ
1473 758 1649 851 ’Πμὰθ

140 850 301 929 ἐντοῖς
325 867 482 936 ὁρίοις
519 861 704 931 αὐτῆς.
728 880 745 910 ι
787 857 1134 928 Δαμασκηνοὶ
1177 856 1272 925 μὲν
1301 853 1428 922 γὰρ,
1465 850 1648 920 φησὶν,

138 963 180 1016 οἵ
202 978 249 1014 τε
284 960 373 1028 τῆς
422 956 611 1027 Ἐδράχ
646 954 739 1006 καὶ
783 952 881 1022 τῆς
919 948 1110 1021 Ἑμὰθ,
1148 945 1282 1018 μετὰ
1314 944 1511 1014 πολλῆς
1552 944 1650 1013 τῆς

140 1054 333 1122 σπουδῆς
368 1050 693 1122 προσάξουσι
731 1045 808 1115 τῷ
834 1044 952 1115 Θεῷ
987 1043 1176 1105 Θυσίας
1201 1043 1275 1104 ὼς
1316 1039 1382 1093 ἂν
1406 1038 1650 1109 Δεσπότῃ

135 1146 208 1199 τοῦ
236 1143 434 1206 παντὸς,
485 1140 558 1209 (p.
594 1137 717 1207 492)
754 1136 849 1189 καὶ
892 1136 989 1205 μὲν
1028 1131 1341 1203 ἀνθρώπους
1389 1128 1649 1198 ἐφορῶντι

135 1237 193 1299 ti;
224 1235 279 1288 ἀν
310 1233 435 1303 ἔργα
461 1247 521 1282 τε
555 1229 646 1283 καὶ
681 1228 895 1289 οἰκέτας
931 1226 1113 1288 ἰδίους,
1153 1224 1423 1294 ἐξαίρετον
1467 1221 1521 1273 δέ
1564 1221 1652 1273 vé-

138 1343 261 1396 μοντι
285 1326 372 1394 τὴν
391 1320 709 1393 κηδεμονίαν
734 1318 811 1389 τῷ
844 1316 1078 1389 Ἰσραήλ.
1099 1335 1116 1366 ι
1146 1315 1318 1385 Τύρος
1348 1314 1441 1366 καὶ
1460 1310 1646 1374 Σιδὼν,

134 1420 195 1470 ὅτι
215 1414 492 1487 ἐφρόνησαν
516 1411 715 1481 σφόδρα
730 1427 745 1441 ο
772 1410 863 1463 καὶ
880 1408 1189 1480 ᾠκοδόμησε
1204 1406 1376 1476 Τύρος
1390 1403 1649 1474 ὀχύρωμα

136 1506 287 1574 αὐτῆς.
319 1502 406 1556 καὶ
437 1500 793 1572 ἐθησαύρισεν
826 1498 1085 1570 ἀργύριον
1120 1495 1195 1559 ὡς
1224 1494 1372 1565 χοῦν,
1399 1493 1490 1547 καὶ
1523 1509 1651 1562 χρυ-

136 1598 222 1649 σίον
244 1594 311 1658 ὡς
335 1592 496 1663 πηλὸν
526 1591 679 1646 ὁδῶν.
718 1590 816 1643 Διά
841 1588 998 1642 τοῦτο
1029 1587 1230 1659 Κύριος
1258 1585 1649 1656 κληρονομήσει

133 1689 309 1751 αὐτοὺς,
335 1686 425 1740 καὶ
451 1684 676 1750 κατάξει
700 1684 779 1746 είς
799 1681 1069 1735 θάλασσαν
1097 1678 1193 1751 τὴν
1214 1678 1439 1748 δύναμιν
1458 1677 1646 1747 αὐτῆς,

133 1780 205 1833 καὶ
231 1778 349 1847 αὐτὴ
380 1779 435 1832 ἐν
472 1776 612 1846 πυρὶ
643 1773 1173 1843 καταναλωθήσεται.
1197 1789 1216 1821 ι
1255 1769 1440 1839 Τύριοι
1468 1767 1646 1837 μέντοι

134 1873 204 1924 καὶ
226 1871 441 1923 Σιδώνιοι
479 1868 667 1940 ἐπειδὴ
707 1866 927 1937 μεγάλῳ
971 1865 1301 1937 χρησάμενοι
1342 1862 1419 1931 τῷ
1449 1860 1649 1931 φρονή-
1678 1856 1721 1910 Β

135 1980 233 2032 pm
252 1962 511 2033 ὑπερεῖδον
536 1964 638 2031 τῆς
662 1960 800 2029 ἐμῆς
838 1956 1151 2027 θεραπείας,
1185 1956 1279 2008 καὶ
1306 1955 1495 2024 ἀρκεῖν
1524 1954 1649 2005 ἐαυ-

131 2058 215 2115 τοῖς
233 2055 530 2125 νομίσαντες
557 2052 654 2121 τῆς
687 2050 795 2103 τῶν
817 2049 1008 2118 τειχῶν
1041 2046 1444 2116 ἐπεμελήσαντο
1473 2045 1649 2111 ἀσφα-

132 2146 263 2209 λείας,
284 2146 467 2216 χρυσόν
492 2160 554 2195 τε
584 2144 678 2195 καὶ
710 2142 946 2213 ἄργυρον
981 2138 1150 2209 πηλοῦ
1184 2137 1336 2203 δίκην
1363 2134 1649 2204 ἁθροίσαν-

131 2260 214 2305 τες,
240 2242 476 2310 ἀνάλογον
508 2241 611 2311 τῆς
638 2240 892 2301 ἀπονοίας
920 2236 1018 2307 τῆς
1045 2237 1249 2298 οἰκείας
1286 2234 1522 2299 δέξονται
1552 2235 1650 2302 τὴν

132 2333 376 2403 τιμωρίαν·
430 2334 692 2403 κτήσεται
725 2329 834 2399 γὰρ
881 2329 1075 2389 αὐτοὺς
1103 2329 1130 2378 ὀ
1170 2326 1300 2389 Θεὸς
1342 2326 1435 2377 καὶ
1466 2343 1652 2378 ταπει-

131 2426 255 2479 aliaet
283 2425 473 2487 πάντας
502 2425 721 2486 αὐτοὺς,
753 2420 981 2489 ἐγγύθεν
1015 2417 1148 2487 ούση
1175 2420 1238 2486 τῇ
1274 2416 1519 2488 θαλάσσῃ
1544 2418 1651 2468 πά-

134 2530 208 2567 ςιν
230 2515 388 2567 αὐτῶν
418 2513 648 2583 δύναμιν
680 2508 952 2583 παραδούς
972 2526 985 2538 ·
1029 2508 1179 2561 ἔσται
1210 2508 1264 2559 δὲ
1307 2505 1445 2576 αὑτὴ
1484 2507 1653 2576 πυρὸς

132 2609 254 2674 ἔργον
282 2606 339 2658 ἐκ
360 2605 463 2657 τῶν
493 2604 756 2657 ἐπιόντων
788 2602 923 2670 αὐτῇ
964 2599 1253 2669 πολεμίων.
1312 2598 1496 2651 Ταῦτα
1525 2600 1653 2670 περὶ

130 2696 270 2769 Τύρου
296 2714 348 2750 τε
374 2696 463 2749 καὶ
489 2694 722 2757 Σιδῶνος
752 2691 940 2757 εἰπὼν,
970 2692 1193 2759 ἐπάγει·

181 2788 303 2859 Στίχ.
331 2787 457 2851 ἔρξ’.
500 2818 575 2830 -—
620 2804 639 2837 ι
670 2784 898 2854 ὐψεται
934 2784 1232 2846 Ἀσκάλων,
1285 2784 1377 2837 καί¹
1415 2782 1656 2853 φοϐηθή-

134 2894 273 2931 σεται⁸
304 2880 389 2931 καὶ
426 2877 597 2942 Γάζα,
620 2878 712 2930 καὶ
739 2874 1123 2945 ὀδυνηθήσεται
1148 2874 1350 2944 σφόδρα
1371 2889 1386 2903 ’
1414 2874 1507 2927 καὶ
1536 2875 1657 2927 Ἀκ-

131 2968 290 3037 κάρων,
316 2971 388 3023 ὅτι
421 2965 773 3041 κατῃσχύνθη
796 2966 887 3017 ἐπὶ
913 2963 989 3033 τῷ
1018 2963 1422 3034 παραπτώματι
1443 2963 1613 3033 αὐτῆς
1639 3003 1651 3015 .

132 3058 201 3109 καὶ
222 3059 472 3113 ἀπολεῖται
499 3057 754 3129 βασιλεὺς
779 3058 842 3109 ἐκ
860 3054 1037 3125 Γάζης
1054 3072 1067 3084 ο
1095 3042 1186 3107 καὶ
1201 3056 1474 3107 Ἀσκάλων
1494 3054 1554 3107 ού
1582 3054 1657 3126 μὴ

130 3150 372 3223 κατοικηθῇ
391 3168 404 3182 ο
430 3152 523 3205 καὶ
544 3152 960 3220 κατοικήσουσιν
982 3149 1285 3215 ἀλλογενεῖς
1317 3149 1373 3199 ἐν
1405 3146 1621 3219 Ἀζώτῳ
1637 3164 1650 3177 ’

130 3242 200 3294 καὶ
213 3194 397 3296 καθελῶ
425 3243 585 3314 ὕϐριν
610 3194 940 3311 ἁλλοιόύλων,
973 3241 1066 3292 καὶ
1095 3194 1283 3310 ἐξαριῖἷ
1300 3239 1361 3290 τὸ
1396 3194 1533 3308 αἷμα
1560 3194 1654 3291 αΊύ-
1681 3194 1724 3256 C

131 3331 225 3400 τῶν,
245 3334 325 3388 καὶ
352 3334 415 3388 τὰ
446 3334 794 3405 βδελύγματα
816 3331 992 3386 αὐτῶν
1017 3333 1081 3384 ἐκ
1112 3331 1276 3400 μέσου
1302 3330 1527 3383 ὀδόντων
1556 3331 1653 3383 αύ-

131 3424 234 3476 τῶν’
266 3426 348 3478 καὶ
377 3426 867 3496 ύπολειφθήσονται
900 3423 995 3476 καὶ
1031 3417 1174 3475 οὗτοι
1212 3420 1289 3491 τῷ
1319 3422 1436 3491 Θεῷ
1464 3422 1650 3491 ἡμῶν·

132 3516 201 3569 καὶ
219 3516 403 3572 ἔσονται
422 3520 496 3581 ὡς
525 3518 808 3590 χιλίαρχος
836 3518 893 3569 ἐν
923 3514 1000 3585 τῷ
1031 3513 1221 3584 Ἰούδᾳ,
1256 3514 1347 3566 καλ⁹
1373 3514 1653 3582 Ἀκκάρων

130 3605 186 3667 ὡς
216 3607 525 3673 Ἰεύουσαῖος,
549 3630 570 3661 ι
610 3608 865 3661 Βούλεται
904 3608 999 3676 μὲν
1033 3608 1205 3659 εἰπεῖν
1234 3608 1312 3659 ὃτι
1342 3596 1653 3669 τοὺς’άλλοο

134 3699 284 3764 τύλους
311 3701 579 3767 ἐκδέξεται
611 3699 848 3771 τιμωρία
885 3700 1137 3767 μεγίστη,
1175 3701 1249 3767 (p.
1269 3699 1392 3769 493)
1419 3698 1653 3768 παραλε-

131 3790 329 3856 λοιπότας
359 3794 418 3863 δὴ
454 3795 553 3864 τὴν
602 3791 729 3861 περὶ
768 3790 859 3843 τὸν
893 3790 1024 3843 Θεὸν
1065 3790 1379 3859 θεραπείαν.
1414 3790 1656 3857 Λέγειδέ

131 3882 235 3937 αὑτά
254 3886 489 3948 ποικίλως
517 3880 1003 3954 ἀπαριθμούμενος
1028 3881 1126 3944 τὰς
1149 3882 1329 3944 πόλεις
1348 3898 1361 3911 ·
1397 3882 1476 3933 ὅτι
1505 3881 1654 3952 φόϐῳ

135 3974 211 4040 μὲν
246 3976 499 4028 Ἀσκάλων
527 3974 890 4043 ληφθήσεται,
912 3974 967 4025 ἐν
986 3969 1197 4034 ὀδύναις
1221 3970 1276 4024 δέ
1306 3970 1456 4023 ἔσται
1486 3971 1652 4035 Γάζα,

130 4060 361 4136 ’Δικάρων
374 4084 430 4118 τε
448 4069 503 4119 ἐν
516 4066 706 4127 αὐτοῖς
719 4063 1131 4134 αἰσχυνθήσεται
1143 4063 1227 4129 ἐφ’
1244 4057 1323 4124 οἷς
1336 4062 1547 4131 ἥμαρτε
1564 4062 1656 4114 καὶ

130 4155 416 4228 δοῦσαδξκην·
432 4157 865 4227 ἀφανισθήσεται
877 4156 931 4208 δὲ
944 4157 1036 4208 καὶ
1052 4158 1147 4226 τῆς
1158 4155 1334 4224 Γάζης
1346 4156 1373 4205 ὀ
1385 4153 1654 4224 βασιλεὺς,

129 4244 414 4313 ’Δτκάλωνος
441 4251 538 4321 μὲν
574 4250 679 4301 ούκ
704 4247 1022 4317 οἰκουμένης
1043 4246 1120 4298 ἔτι
1141 4263 1154 4275 ·
1172 4246 1465 4317 ἀλλοτρίων
1484 4245 1538 4297 δὲ
1558 4245 1656 4313 τὴν

1677 500 1723 557 Α

134 4338 328 4402 ⁹Ᾱζιυτον
342 4341 654 4394 οἰκούντων·
674 4338 846 4392 ταῦτα
855 4338 910 4391 δέ
927 4338 1199 4407 ἐπήγαγεν
1215 4338 1313 4407 οὐχ
1326 4337 1406 4389 ὅτι
1425 4335 1539 4389 τόδε
1558 4336 1656 4405 μὲν

132 4429 339 4495 incana
360 4434 409 4485 δὲ
442 4432 501 4485 ού
527 4426 675 4486 ὀἷον
710 4433 881 4483 εἰπεῖν
917 4429 1060 4503 Γάξῃ
1098 4430 1237 4492 τόδε,
1274 4430 1367 4484 καὶ
1396 4430 1511 4483 τόδε
1547 4423 1656 4483 οἷον

1006 369 1548 428 COMMENTARIUS
1577 367 1643 425 IN
1681 365 2053 424 ZACHARIJE
2094 364 2244 421 CAP.
2272 362 2359 418 lx.

3205 352 3309 407 εει

2394 496 2542 552 CAP.
2580 494 2671 549 IX.

1820 594 1984 664 329
2015 592 2181 648 Vens.
2215 591 2330 645 1-4.
2360 586 2786 657 -ιΑεειιιηριῑο
2813 581 2965 638 verbi
3009 579 3218 636 Domini
3254 594 3301 633 II

1751 693 1894 743 terra
1912 686 2142 741 Edrach.
2162 686 2226 738 Et
2250 683 2545 737 Damascus
2556 678 2879 736 sacrificium
2896 676 3035 745 ejus.
3051 674 3184 741 Quia
3201 673 3277 726 Do

1751 779 1932 834 minus
1950 778 2167 847 inspicit
2189 776 2435 831 homines
2452 780 2701 827 etomnes
2720 772 2894 824 tribus
2908 767 3312 834 Israelis,atque

1752 868 1943 923 Emath
1970 871 2023 924 in
2046 869 2244 923 finibus
2266 867 2408 935 ejus.
2448 883 2466 917 ι
2498 860 2817 917 Damasceni
2837 859 3075 930 quidem,
3108 855 3308 925 inquit.

1751 968 1805 1015 et
1837 961 2049 1016 Edracb
2084 960 2277 1014 incolae
2307 967 2471 1027 atque
2526 952 2742 1017 Ematb,
2777 952 2946 1004 multo
2972 963 3094 1003 cum
3128 946 3310 1002 studio

1751 1052 1861 1108 Deo
1915 1053 2185 1108 sacrificia
2232 1058 2504 1106 auuncent
2557 1062 2655 1103 ceu
2696 1045 2936 1098 omnium
2967 1041 3215 1105 Domino,
3256 1049 3311 1094 et

1751 1145 1998 1200 homines
2024 1144 2322 1213 speculanti
2349 1158 2447 1197 ceu
2472 1156 2635 1212 opera
2681 1138 3023 1205 famulosque
3046 1147 3193 1191 suos.
3217 1146 3312 1199 pe-

1751 1238 1942 1291 culiari
1970 1252 2098 1292 vero
2122 1237 2372 1291 lsraelem
2400 1232 2738 1305 providentia
2763 1230 2954 1284 tuenti.
2994 1245 3012 1278 ι
3050 1225 3226 1294 Tyrus
3249 1239 3312 1277 ac

1753 1327 1940 1391 Sidon,
1971 1327 2225 1396 quoniam
2266 1327 2535 1394 sapientes
2592 1322 2813 1377 fuerunt
2855 1318 3041 1373 nimis.
3091 1314 3155 1369 Et
3182 1315 3311 1370 adi-

1751 1418 1930 1472 ficavit
1958 1417 2134 1487 Tyrus
2168 1417 2499 1470 munitiones
2547 1429 2697 1480 suas,
2718 1420 2771 1466 et
2804 1406 3193 1465 thesaurizavit
3223 1421 3311 1459 ar-

1750 1519 1966 1580 gentum
1996 1518 2055 1564 ut
2083 1512 2379 1580 pulverem,
2414 1515 2467 1563 et
2489 1522 2678 1560 aurum
2703 1506 2844 1559 sicut
2871 1504 3045 1558 lutum
3078 1502 3309 1556 viarum.

1748 1602 2037 1675 Propterea
2070 1601 2329 1655 Dominus
2378 1599 2676 1670 possidebit
2730 1612 2847 1659 eos,
2876 1603 2931 1650 et
2966 1593 3213 1649 detrahet
3257 1593 3313 1644 in

1749 1709 1897 1747 mare
1922 1692 2290 1747 fortitudinem
2319 1691 2469 1761 ejus.
2494 1698 2547 1745 et
2576 1690 2693 1757 ipsa
2729 1687 2853 1756 igne
2882 1693 3253 1740 consumetur.
3292 1703 3309 1733 ο

1749 1782 1897 1856 Tyrii
1932 1784 2149 1855 quidem
2190 1792 2353 1854 atque
2392 1783 2625 1846 Sidonii,
2668 1781 2794 1851 quia
2827 1792 3023 1849 magna
3060 1777 3315 1847 superbia

1749 1877 1873 1933 elati
1901 1877 2105 1930 cultum
2135 1891 2312 1931 meum
2332 1880 2801 1944 contempserunt,
2832 1871 3046 1940 sibique
3070 1868 3318 1923 sufficere

1750 1975 2021 2036 putantes,
2083 1979 2361 2019 murorum
2406 1964 2750 2018 securitatem
2798 1966 3180 2030 procurarunt,
3220 1971 3316 2010 au-

1749 2072 1980 2125 rumque
2035 2063 2089 2111 et
2149 2064 2431 2126 argentum
2485 2054 2583 2107 luti
2659 2055 2835 2107 instar
2901 2057 3314 2111 coacervarunt,

1750 2148 1967 2218 dignam
2024 2147 2235 2201 insania
2293 2161 2391 2202 sua
2452 2160 2668 2214 pcanam
2710 2142 2966 2198 referent.
3019 2141 3319 2210 Occupabi.

1750 2238 1893 2291 enim
1919 2252 2012 2292 eos
2044 2236 2326 2297 Dominus.
2352 2250 2650 2305 onmesque
2703 2233 3028 2298 ltumiliabit,
3064 2242 3315 2288 cunctam

1751 2330 1965 2383 illorum
2019 2329 2379 2384 substantiam
2435 2329 2739 2399 prOpinquo
2789 2328 2923 2382 mari
2964 2327 3315 2381 contradens.

1752 2418 1869 2489 ipsa
1903 2434 2031 2474 vero
2078 2419 2255 2489 (urbs)
2298 2420 2438 2490 ignis
2464 2420 2763 2490 praeda'fiet
2788 2419 2857 2474 ab
2883 2418 3217 2474 irruentibus
3262 2418 3318 2471 in

1751 2526 1871 2565 eam
1924 2511 2193 2567 hostibus.
2256 2510 2350 2566 His
2387 2511 2455 2566 de
2487 2509 2632 2582 Tyro
2673 2519 2839 2581 atque
2892 2508 3095 2565 Sidone
3131 2509 3316 2571 dictis.
3380 2517 3382 2519 ’

1753 2603 2132 2673 prosequitur:

1823 2784 1992 2840 Vens.
2018 2785 2134 2839 5-7.
2167 2814 2238 2826 --
2274 2803 2294 2837 ι
2327 2783 2546 2839 Videbit
2597 2786 2856 2849 Ascalon.
2890 2796 2946 2846 et
2985 2788 3235 2855 timebit;
3268 2799 3322 2842 et

1753 2875 1919 2938 Gaza,
1942 2883 1995 2928 et
2025 2874 2232 2928 dolebit
2282 2874 2481 2939 nimis;
2514 2883 2567 2929 et
2593 2874 2860 2940 Accaron,
2888 2878 3145 2947 quoniam
3190 2890 3323 2930 con-
3410 2902 3413 2905 λ

1756 2966 1875 3020 fusa
1900 2974 1984 3021 est
2013 2981 2177 3035 super
2209 2967 2365 3022 ruina
2396 2983 2493 3023 sua
2549 2984 2563 3019 :
2596 2975 2650 3022 et
2693 2969 2892 3035 peribit
2927 2984 3017 3023 rex
3049 2969 3117 3023 de
3154 2968 3322 3027 Gaza.

1754 3064 1806 3113 et
1835 3058 2069 3112 Ascalon
2098 3073 2206 3112 non
2239 3060 2605 3127 habitabitur;
2636 3068 2690 3114 et
2718 3061 3038 3115 habitabunt
3067 3059 3325 3126 alienige-

1756 3168 1839 3207 nae
1872 3153 1927 3206 in
1958 3155 2149 3208 Azoto.
2186 3152 2252 3208 Et
2282 3154 2558 3208 destruam
2592 3154 2845 3223 iniuriam
2876 3155 3322 3225 alienigenarum,

1753 3251 1808 3300 et
1862 3244 2102 3299 auferam
2144 3246 2461 3315 sanguinem
2509 3260 2695 3300 eorum
2749 3247 2815 3301 de
2860 3262 2953 3301 ore
2981 3247 3244 3317 ipsorum,
3274 3255 3328 3299 et

1755 3336 2193 3390 abominationes
2238 3350 2425 3390 eorum
2454 3335 2520 3390 de
2551 3334 2730 3390 medio
2758 3335 2999 3390 dentium
3059 3335 3323 3405 ipsorum.

1756 3425 1822 3479 Et
1859 3426 2238 3495 relinquentur
2263 3433 2317 3481 et
2375 3427 2465 3482 isti
2541 3427 2648 3482 Deo
2680 3438 2908 3495 nostro;
2971 3437 3024 3484 et
3050 3437 3215 3485 erunt
3269 3438 3359 3503 uti

1756 3517 2010 3573 tribunus
2037 3518 2090 3572 in
2117 3516 2276 3582 Juda,
2306 3529 2360 3572 et
2410 3520 2653 3573 Accaron
2680 3520 2821 3575 sicut
2840 3519 3143 3575 Jehusazus.
3186 3540 3204 3573 ι
3239 3517 3331 3574 Dio

1755 3624 1879 3663 cere
1912 3609 2029 3661 vult
2065 3608 2180 3663 fore
2224 3618 2280 3663 ut
2332 3609 2667 3679 alienigenas
2703 3626 2861 3680 paena
2886 3614 3120 3666 maxima
3157 3613 3330 3666 corri-

1754 3698 1889 3767 piat,
1921 3698 2083 3768 330
2111 3700 2239 3769 quia
2267 3700 2523 3753 nimirum
2549 3700 2641 3754 Dei
2663 3702 2866 3756 cultum
2903 3702 3328 3772 dereliqueraut.

1759 3785 1919 3842 Varie
1938 3798 2121 3842 autem
2148 3805 2339 3858 pmuas
2361 3788 2485 3845 illas
2508 3793 2751 3861 exponit,
2773 3793 2938 3847 urbes
2961 3808 3287 3848 enumerans
3313 3812 3327 3847 :

1756 3894 1949 3949 nempe
1972 3880 2116 3948 quod
2149 3882 2383 3935 Asealnn
2438 3883 2633 3937 timore
2655 3885 3032 3954 occupabitur,
3068 3884 3209 3940 Gaza
3232 3886 3334 3939 do-

1754 3967 1913 4030 lebit,
1954 3968 2288 4024 Accaronem
2325 3973 2453 4025 item
2517 3973 2761 4042 pudebit,
2819 3974 2948 4028 dum
2981 3984 3329 4044 peccatorum

1758 4074 1981 4113 suorum
2010 4076 2202 4130 pcenas
2230 4062 2342 4115 luet
2378 4080 2392 4116 :
2438 4065 2567 4130 quin
2601 4072 2656 4118 et
2694 4063 2850 4118 Gazae
2881 4080 2972 4119 rex
3002 4067 3327 4134 deponetur.

1756 4156 1811 4202 et
1841 4149 2070 4203 Azotum
2108 4151 2348 4205 incolent
2394 4153 2661 4208 extranei.
2716 4152 2842 4208 Hzcc
2875 4162 3056 4209 autem
3082 4156 3330 4209 elocutus

1757 4248 1863 4303 est,
1896 4257 2005 4295 non
2038 4243 2166 4312 quia
2200 4244 2302 4297 hoc
2342 4244 2562 4314 quidem
2618 4244 2861 4299 futurum
2896 4256 3061 4304 esset.
3098 4253 3152 4302 ct
3184 4248 3329 4301 aliud

1758 4347 1918 4386 secus
1952 4332 2146 4402 :quasi
2174 4334 2317 4389 dicat
2344 4334 2502 4389 Gazae
2550 4335 2670 4399 hoc,
2716 4336 2844 4390 illud
2885 4352 3008 4391 vero
3038 4337 3331 4406 Ascaloni;

1758 4421 1853 4475 sed
1891 4421 2169 4478 idiotismo
2206 4437 2328 4485 suo,
2368 4423 2510 4494 quod
2541 4437 2829 4477 commune
2858 4433 2942 4478 est
2981 4424 3197 4479 divisim
3246 4425 3331 4478 di-

131 4521 268 4573 εἰπεῖν
295 4523 609 4585 Ἀσκάλωνι,
639 4521 774 4574 ἀλλά
801 4520 941 4573 κατά
970 4522 1029 4572 τὸ
1050 4522 1245 4573 οἰκεῖον
1278 4520 1470 4591 ἰδίωμα
1494 4521 1552 4572 ἐν
1587 4522 1653 4591 τῇ

1760 4512 1852 4574 cit,
1887 4528 2081 4581 nempe
2103 4513 2247 4583 quod
2279 4528 2441 4569 casus
2484 4514 2794 4583 bujusmodi
2825 4518 3038 4569 cunctis
3084 4515 3331 4570 evenient

130 4609 346 4682 διαιρέσει
372 4615 428 4666 τὸ
442 4614 623 4668 κοινὸν
639 4612 827 4675 εἰπὼν,
850 4612 929 4664 ὅτι
946 4612 1119 4665 ταῦτα
1140 4629 1204 4664 πε
1216 4612 1266 4682 pl.
1287 4612 1491 4674 πάντας
1506 4611 1657 4664 ἔσται

130 4702 227 4765 τοὺς
268 4705 605 4773 ἀλλοφύλους.
648 4703 808 4756 ’Ὅθεν
846 4704 982 4773 μετά
1017 4703 1112 4773 τὴν
1161 4702 1530 4773 ἀπαρίθμησιν
1560 4704 1658 4755 ἐπ-

134 4794 247 4858 άγει,
278 4814 294 4846 ι
321 4798 424 4849 Καὶ
456 4795 676 4850 καθελῶ
703 4794 858 4866 ὓϐριν
880 4793 1209 4862 ἁλλοψύλων,
1237 4814 1254 4845 ι
1290 4794 1372 4845 ἵνα
1394 4794 1519 4866 εἴπῃ
1554 4794 1657 4856 ὅτι,

141 4881 279 4955 ’Υπὲρ
322 4887 493 4957 πάσης
530 4888 734 4947 αὐτοὺς
767 4887 1147 4956 τιμωρήσομαι
1182 4885 1280 4955 τῆς
1340 4884 1657 4955 παροινίας*

132 4977 467 5048 τιμωρήσομαι
485 4976 686 5039 αύτοῦς
706 4976 967 5043 ἀνάλογον
998 4973 1076 5038 οἷς
1102 4975 1319 5046 ἐξέχεαν
1343 4977 1534 5041 αἵμασι
1554 4976 1661 5028 τῶν

141 5059 464 5136 Ἰσραηλιτῶν,
496 5067 580 5121 ἐτι
629 5063 977 5134 συγκαθελὼν
1019 5065 1200 5125 αὐτοῖς
1232 5065 1324 5116 καὶ
1361 5064 1427 5116 τὰ
1470 5063 1661 5116 εἴδωλα

136 5154 294 5219 πάντα,
314 5159 346 5212 ἃ
368 5160 429 5229 δὴ
455 5159 780 5230 θρησκεύειν
807 5158 1024 5211 ἐδόκουν
1042 5175 1056 5188 σ
1094 5157 1232 5210 ὥστε
1259 5159 1321 5209 ἐκ
1344 5157 1445 5224 τῆς
1470 5159 1663 5224 ἐπαγο-

134 5246 268 5316 μένης
295 5252 470 5314 αὐτοῖς
497 5251 789 5321 τιμωρίας,
822 5249 1046 5311 πολλοὺς
1082 5248 1174 5302 καὶ
1198 5247 1401 5300 τούτων
1429 5247 1662 5316 ληφθέν-

133 5352 208 5399 τις
226 5340 292 5410 τῷ
320 5343 420 5396 δέει
446 5343 558 5397 τῶν
596 5341 915 5411 γινομένων,
948 5342 1040 5393 ἐπὶ
1077 5341 1176 5407 τὴν
1211 5339 1305 5393 τοῦ
1338 5338 1473 5392 Θεοῦ
1501 5357 1663 5391 κατα-

134 5435 291 5498 φυγεῖν
308 5433 578 5506 λατρείαν,
594 5434 643 5489 οἳ
672 5433 790 5503 μεθ’
803 5434 836 5502 ἠ
845 5432 958 5502 μῶν
976 5431 1361 5502 ἀριθμήσονται
1382 5430 1660 5502 χιλιάρχου

132 5519 248 5583 τινὸς
266 5525 540 5594 ἐπέχοντες
563 5524 737 5588 τάξιν.
778 5522 964 5585 Οὕτως
996 5524 1221 5585 ἑαυτοὺς
1262 5521 1360 5591 τῆς
1391 5522 1663 5592 ἡμετέρας

134 5607 459 5683 ὲρ’ἷισάμενοι
497 5616 713 5686 μερίδος
740 5633 755 5645 ·
795 5614 1260 5686 περισωθήσονται
1289 5614 1344 5667 δέ
1374 5615 1470 5683 οὐχ
1504 5609 1663 5687 ἦττον

135 5701 207 5752 τοῦ
269 5707 562 5761 ιεόουσαίου
609 5708 699 5760 καὶ
746 5708 794 5760 οἱ
834 5706 892 5772 ἐξ
933 5708 1215 5777 Ἀκκάρων
1264 5705 1521 5759 τοιοῦτον
1570 5707 1666 5760 καὶ

138 5793 222 5866 γὰρ
246 5797 505 5852 κάνταῦθα
542 5799 648 5851 ἀπὸ
688 5799 785 5868 τῆς
827 5800 1042 5869 μνήμης
1080 5799 1177 5869 τῆς
1222 5799 1501 5869 Ἀκκάρων
1542 5800 1664 5860 τοὺς

388 5892 662 5950 l‘nwt.
701 5892 822 5950 Gn.
859 5893 958 5949 LX
976 5892 1069 5949 Η.

1759 4603 2098 4674 alienigenis.
2132 4604 2256 4660 Ideo
2303 4618 2425 4675 post
2458 4607 2604 4660 illam
2635 4608 3100 4661 enumerationem
3132 4607 3270 4659 addit
3315 4624 3327 4658 :

1763 4695 1875 4749 «Et
1911 4697 2189 4751 destruam
2238 4699 2494 4767 injuriam
2548 4699 3010 4769 alienigenarum;
3069 4716 3087 4749 ι
3142 4699 3194 4753 id
3228 4707 3333 4760 est.
3392 4719 3398 4725 ·

1760 4787 1977 4841 illorum
2007 4804 2221 4843 omnent
2266 4791 2502 4845 ulciscar
2546 4791 2845 4844 vesaniam.
2882 4789 3107 4843 Puniaut
3154 4802 3331 4843 autem

1760 4878 1881 4931 illos
1904 4892 2062 4948 pcena
2099 4880 2261 4951 digna
2323 4882 2392 4935 ob
2419 4880 2649 4936 eﬂ‘usum
2709 4881 3073 4935 Israelitarum
3115 4882 3335 4950 sangui-

1761 4982 1917 5033 nem;
1986 4970 2125 5023 idola
2185 4971 2347 5023 simul
2423 4973 2607 5026 omnia
2665 4972 2977 5034 destrucns,
3024 4987 3146 5042 quse
3230 4971 3333 5040 ipsi

1761 5059 1997 5114 adorare
2052 5060 2398 5115 videbantur.
2458 5066 2635 5132 Atque
2702 5066 2776 5115 ita
2826 5077 2888 5117 ex
2942 5061 3145 5115 inflicto
3196 5062 3333 5131 ipsis

1764 5151 2049 5221 supplicio,
2082 5151 2238 5205 multi
2286 5167 2351 5206 ex
2397 5152 2483 5207 bis
2519 5155 2712 5208 timore
2745 5163 3035 5207 eventuum
3075 5153 3331 5221 correpti,

1762 5243 1829 5295 ad
1853 5242 1942 5297 Dei
1979 5242 2185 5295 cultum
2224 5241 2579 5314 confugient;
2614 5244 2706 5312 qui
2732 5245 3014 5297 vobiscum
3037 5258 3335 5297 connume-

1763 5338 2051 5401 rabuntur,
2090 5336 2296 5389 tribuni
2342 5334 2745 5403 quodammodo
2781 5336 3024 5389 ordinem
3068 5341 3333 5396 tenentes.

1764 5431 1891 5484 dum
1949 5445 2008 5484 se
2038 5430 2103 5483 ad
2137 5438 2345 5483 vestras
2384 5436 2565 5496 partes
2601 5427 2923 5496 adjungunt.
2982 5425 3127 5480 Salvi
3157 5435 3334 5480 autem

1768 5521 1915 5583 fient,
1967 5520 2109 5574 haud
2171 5535 2331 5575 secus
2388 5534 2549 5589 quam
2601 5516 2924 5585 Jebusazus;
2954 5519 3152 5589 quippe
3198 5526 3252 5573 et
3283 5519 3334 5572 hi

1766 5612 2065 5667 Accaronis
2097 5611 2265 5666 cives.
2317 5610 2451 5665 Nam
2508 5611 2599 5665 hic
2655 5611 2840 5672 etiam,
2915 5619 3336 5666 commemorata

1764 5705 2066 5769 Accarone,
2094 5705 2335 5773 quinque
2382 5704 2744 5774 satrapiarum
2783 5704 3029 5757 homines
3072 5702 3135 5757 ad
3163 5703 3331 5770 pieta-

1767 5804 1873 5852 tem
1921 5811 2217 5869 conversos
2270 5795 2452 5851 dicere
2504 5797 2651 5865 vult;
2713 5796 3057 5869 significans,
3102 5794 3216 5849 fore
3272 5803 3332 5850 ut

2977 5888 3052 5946 18
