3934 6524
475 362 583 415 555

1636 353 1980 415 THEODORI
2017 354 2495 412 MOPSUESTENI

3594 356 3693 411 διο

478 473 777 532 Israelitico
813 473 1010 545 populo
1061 487 1539 534 conuumerentur,
1580 484 1739 540 atque
1776 470 1851 524 ita
1902 470 2031 524 salvi

2141 471 2205 523 ἐκ
2247 470 2355 522 τῶν
2403 472 2562 523 πέντε
2604 470 2946 540 σατραπειῶν
2980 468 3274 532 νεύσαντας
3298 469 3433 540 πρὸς
3473 468 3537 521 ea
3572 469 3704 523 διον.

478 566 628 632 fiant,
690 566 988 621 imminenti
1044 581 1215 635 paenae
1267 563 1569 626 subtracti,
1604 562 1914 632 quicunque
1968 577 2033 615 ex

477 660 613 730 ipsis
643 661 768 715 facti
801 660 939 730 frugi
970 659 1037 713 ad
1082 667 1284 713 rectam
1318 658 1439 711 vita:
1468 656 1731 709 rationem
1759 663 2038 724 spectave-

474 750 601 805 rint.

544 928 685 981 Vens
733 928 884 983 8-10.
926 960 991 969 —
1018 947 1035 978 ι
1081 927 1142 982 Et
1178 928 1443 998 prmslaho
1480 926 1662 980 domui
1704 941 1833 978 mea:
1860 926 2038 977 clm-a-

486 1022 709 1083 tioneni,
738 1022 1029 1090 quominus
1062 1022 1117 1074 in
1173 1037 1234 1074 ea
1293 1022 1383 1074 fiat
1420 1035 1614 1073 cursus
1663 1025 1716 1071 et
1742 1032 1996 1071 recursus
2026 1035 2038 1069 :

471 1127 647 1181 neque
676 1112 1022 1181 superveniet
1044 1112 1123 1166 eis
1150 1112 1289 1164 ultra
1318 1113 1561 1173 abaetor,
1588 1110 1714 1180 quia
1749 1123 1893 1163 nunc
1921 1107 2038 1162 viiii

472 1202 647 1256 oculis
678 1201 834 1256 meis.
880 1219 900 1254 ι
955 1200 1204 1255 Validum
1233 1200 1504 1271 quoddam
1531 1200 1731 1269 populo
1764 1214 1884 1253 meo
1915 1212 2041 1252 sus-

468 1294 650 1348 citabo
704 1292 1001 1355 auxilium,
1077 1292 1219 1362 quod
1274 1308 1461 1347 eiunes
1541 1300 1827 1345 extraneos
1883 1290 2040 1357 longe

470 1384 833 1446 submovebit,
858 1399 1035 1452 neque
1070 1385 1210 1438 sinet
1233 1384 1364 1437 fines
1395 1382 1742 1436 familiarium
1794 1388 2036 1435 meorum

473 1474 699 1543 ingredi,
732 1475 803 1527 ita
835 1484 889 1528 ut
925 1474 1479 1542 nemojaminvadere
1504 1474 1715 1538 audeat,
1741 1487 1913 1542 neque
1952 1487 2039 1526 re-

468 1566 681 1634 gionem
707 1579 902 1619 vexare
949 1564 1014 1619 ad
1042 1580 1125 1618 me
1157 1564 1513 1633 pertinentem
1544 1582 1558 1628 ;
1610 1562 1878 1633 siquidem
1919 1578 2040 1616 om-

468 1657 601 1709 nino
643 1655 951 1724 prospicere
977 1653 1045 1707 iis
1076 1653 1311 1717 decrevi,
1333 1653 1489 1722 331
1521 1663 1574 1707 et
1607 1668 1722 1707 mea
1756 1654 2041 1722 providen-

466 1747 544 1800 tia
576 1744 808 1815 dignari.
842 1742 976 1797 Nam
1001 1744 1182 1805 verba.
1219 1762 1237 1793 ι
1299 1745 1483 1798 domui
1530 1760 1683 1809 meae,
1748 1763 1768 1796 ι
1807 1745 1874 1799 de
1926 1753 2036 1798 tota

468 1836 689 1904 regione
718 1835 846 1887 dicit
877 1835 1113 1897 lsraelis,
1149 1842 1334 1903 utpote
1379 1835 1444 1888 ad
1468 1850 1526 1888 se
1557 1836 1883 1903 pertinente.
1915 1835 2037 1888 Mox

468 1928 809 1981 manifestius
861 1928 1123 1993 pandens,
1187 1926 1347 1992 cujus
1404 1940 1570 1993 opera
1637 1927 1749 1978 hac
1799 1925 1947 1989 fient,
1985 1934 2038 1980 et

466 2018 717 2085 quisnam
752 2031 781 2068 a
816 2014 923 2069 Deo
946 2018 1015 2069 sit
1045 2017 1286 2071 electus:
1332 2032 1349 2065 ι
1409 2013 1635 2078 Laetare,
1687 2016 1881 2084 inquit,
1920 2030 2034 2068 ma-

466 2122 722 2178 gnopere,
756 2108 859 2159 filia
893 2107 1051 2172 Sion;
1084 2108 1338 2176 praediea,
1366 2108 1472 2159 lilia
1507 2106 1869 2161 Hierusalem.
1901 2106 2039 2162 Ecce

469 2214 558 2251 rex
593 2206 717 2250 tuus
749 2197 891 2250 venit
920 2197 1015 2250 tibi
1037 2197 1221 2264 justus
1256 2203 1309 2250 et
1341 2196 1558 2251 salvans
1586 2216 1598 2249 :
1633 2196 1747 2265 ipse
1797 2195 2035 2262 humilis,

464 2298 519 2343 et
568 2290 809 2345 insidens
854 2288 1103 2358 jumento
1148 2300 1201 2345 et
1242 2290 1389 2359 pullo
1444 2290 1679 2345 novello.
1713 2289 1779 2343 Et
1816 2290 2035 2358 perdam

466 2380 757 2449 quadrigas
779 2394 846 2433 ex
877 2378 1189 2449 Ephraimo,
1222 2388 1275 2433 et
1319 2396 1519 2449 equum
1551 2379 1619 2435 de
1654 2379 1989 2434 Hierusalem
2020 2396 2032 2433 :

466 2480 521 2527 et
564 2472 921 2542 dissipabitur
950 2487 1110 2527 arcus
1148 2472 1379 2528 bellicus
1412 2489 1426 2526 :
1462 2473 1673 2543 eritque
1724 2472 2035 2535 multitudo,

470 2572 522 2616 ct
556 2580 656 2633 pax
693 2580 756 2617 ex
787 2564 1059 2633 gentibus.
1099 2580 1119 2616 ι
1172 2562 1357 2618 Gaude
1391 2565 1573 2634 igitur,
1608 2580 1639 2617 ο
1674 2563 2033 2625 Hierusalem,

466 2663 619 2707 tanto
656 2671 779 2724 rege
810 2654 906 2708 tibi
937 2655 1198 2710 divinitus
1256 2656 1621 2725 sugipeditato,
1662 2658 1751 2724 qui
1816 2655 1909 2707 tibi
1944 2654 2037 2707 ad-

464 2745 590 2809 erit,
624 2746 834 2799 salvare
862 2753 1054 2814 potens
1091 2747 1347 2815 populum
1380 2762 1537 2801 suum
1565 2746 1634 2799 ob
1672 2746 1893 2799 insitam
1932 2746 2035 2801 sibi

465 2837 702 2888 divinam
733 2838 861 2896 vim,
884 2846 936 2890 et
960 2838 1324 2891 omnimodam
1349 2838 1677 2893 adversariis
1704 2837 1903 2893 inferet
1934 2855 2037 2909 pu-

462 2924 773 2978 nitionetn:
829 2926 919 2993 qui
979 2925 1073 2979 vili
1119 2926 1333 2995 quidem
1397 2928 1616 2981 animali
1660 2928 1879 2993 insidet,
1936 2945 2035 2984 ccu

465 3030 638 3082 nuper
668 3014 734 3067 de
764 3014 1078 3082 captivitate
1114 3030 1390 3085 egressus,
1435 3016 1527 3070 sed
1562 3017 1786 3070 multam
1817 3025 2037 3070 contra-

2142 561 2315 613 εἰπεῖν
2341 560 2634 630 ἠϐουλήθη,
2674 560 2844 630 δηλῶν
2885 562 2966 614 ὅτι
3010 560 3498 631 συναριθμήσονταί
3544 577 3602 612 τε

2141 650 2255 720 λαῷ
2293 650 2370 721 τῷ
2428 652 2817 723 Ἰσραηλιτικῷ,
2866 654 2960 705 καὶ
2995 652 3460 723 περισωθὴσονται
3510 654 3707 705 ἐκσπα-

2144 742 2359 806 σθέντες
2394 744 2491 813 τῆς
2535 744 2876 813 ἐπαγομένης
2914 744 3096 806 αὐτοῖς
3141 743 3432 814 τιμωρίας,
3476 743 3528 795 οἳ
3569 743 3708 810 ἆνὲξ

2141 834 2319 888 αὐτῶν
2352 833 2807 906 σωφρονισθέντες
2828 833 3056 887 νεύσωσι
3086 835 3220 907 πρὸς
3256 834 3315 887 τὸ
3337 834 3473 888 δέον.

2213 925 2357 995 Στίχ.
2382 933 2516 995 η’-ι’.
2541 957 2611 966 —
2631 946 2649 977 ι
2670 926 2777 979 Καὶ
2798 926 3170 996 ὑποστήσομαι
3196 927 3273 996 τῷ
3292 926 3427 995 οἴκῳ
3452 942 3557 995 μου
3588 923 3713 976 ἀνά-

2144 1033 2327 1087 στημα
2374 1016 2467 1069 τοῦ
2524 1017 2596 1087 μὴ
2653 1015 3067 1087 διαπορεύεσθαι
3123 1016 3257 1088 μηδὲ
3296 1018 3704 1085 ἀνακάμπτειν

2144 1106 2217 1174 (p.
2248 1107 2372 1175 494)
2404 1107 2496 1160 καὶ
2526 1109 2585 1159 οὐ
2612 1107 2685 1177 μὴ
2712 1108 2914 1180 ἐπέλθῃ
2946 1109 3032 1159 ἐπ’
3066 1109 3261 1169 αὐτοὺς
3283 1107 3465 1160 οὐκέτι
3497 1105 3716 1170 ἐξελαύο

2142 1215 2279 1260 νων,
2339 1194 2469 1251 διότι
2523 1199 2616 1252 νῦν
2668 1199 2886 1271 ἑώρακα
2931 1202 2989 1253 ἐν
3039 1204 3151 1263 τοῖς
3198 1197 3495 1269 ὀφθαλμοῖς
3546 1215 3709 1268 μου..

2154 1288 2396 1360 Ἰσχυρὰν
2435 1290 2496 1360 δή
2548 1308 2667 1343 τινα
2712 1295 2822 1354 τοῖς
2865 1291 2987 1361 ἐμοὶ
3018 1292 3381 1361 προσήκουσιν
3421 1288 3713 1357 ἀναστήσω

2143 1378 2412 1450 βοήθειαν,
2434 1381 2467 1450 ἢ
2496 1383 2699 1445 πάντας
2724 1383 2848 1445 τοὺς
2870 1381 3183 1451 ἀλλοτρίους
3212 1380 3424 1451 μακρὰν
3439 1376 3710 1442 διώξεται,

2142 1470 2438 1523 ἐπιϐαίνειν
2470 1471 2577 1523 τῶν
2612 1473 2773 1542 ὁρίων
2801 1474 2900 1525 οὐκ
2940 1471 3084 1525 ἐῶσα
3111 1472 3219 1523 τῶν
3258 1472 3381 1540 ἐμοὶ
3405 1470 3710 1541 προσηκόν-

2141 1577 2282 1626 των,
2346 1561 2421 1624 ὡς
2475 1564 2610 1632 μήτε
2658 1563 2872 1615 ἐπιέναι
2924 1562 3044 1615 τινὰ
3114 1562 3318 1631 τολμᾷν
3390 1560 3512 1623 ἔτι,
3579 1560 3711 1629 μήτε

2145 1651 2235 1702 ἐπὶ
2301 1650 2398 1721 τὴν
2465 1651 2646 1722 χώραν
2717 1653 2959 1705 ἐλαύνειν
3027 1652 3125 1719 τὴν
3215 1652 3338 1721 ἐμοὶ
3411 1651 3711 1720 προσήκου-

2145 1757 2241 1792 σαν
2275 1755 2288 1770 ’
2351 1742 2647 1813 ἐπειδήπερ
2694 1742 2838 1807 ἆπαξ
2892 1744 3091 1811 ἐφορᾷν
3143 1742 3340 1802 αὐτοὺς
3389 1739 3709 1808 ἐδοκίμασα,

2140 1831 2237 1900 τῆς
2269 1848 2328 1883 τε
2356 1833 2608 1901 προνοίας
2631 1831 2812 1897 ἀξιοῦν
2840 1834 2937 1904 τῆς
2970 1834 3109 1903 ἐμῆς
3130 1849 3143 1863 ⁸
3177 1832 3238 1885 τὸ
3272 1832 3380 1901 γὰρ
3423 1852 3442 1881 ς
3467 1830 3546 1900 τῷ
3583 1832 3709 1900 οἴκῳ

2142 1940 2281 1991 μου,
2313 1943 2331 1974 ι
2386 1925 2532 1996 πάσῃ
2569 1928 2633 1996 τῇ
2680 1924 2830 1996 χώρᾳ
2873 1926 3022 1993 λέγει
3058 1926 3149 1979 τοῦ
3192 1926 3405 1996 Ἰσραὴλ
3448 1926 3525 1986 ὡς
3569 1924 3710 1994 αύτῷ

2139 2014 2506 2088 προσηκούσῃ.
2568 2014 2697 2067 Εἶτα
2747 2017 2841 2068 καὶ
2891 2016 3220 2087 σαφέστερον
3260 2016 3430 2067 ποιῶν
3480 2015 3548 2067 δι’
3592 2016 3707 2067 ὅτου

2141 2123 2245 2176 περ
2271 2106 2421 2159 ἔσται
2448 2104 2640 2170 ταῦτα,
2670 2108 2763 2160 καὶ
2794 2107 2878 2169 τίς
2917 2108 2944 2159 ὁ
2967 2108 3059 2159 ἐπὶ
3086 2106 3240 2159 τοῦτο
3274 2106 3423 2177 παρὰ
3452 2104 3547 2157 τοῦ
3578 2105 3707 2157 Θεοῦ

2137 2198 2610 2269 προϐεϐλημένος·
2678 2217 2694 2252 ι
2749 2200 2921 2269 Χαῖρε
2970 2199 3209 2269 σφόδρα,
3266 2198 3503 2266 θύγατερ
3555 2195 3709 2253 Σιὼν,

2138 2291 2400 2360 κήρυσσε,
2434 2290 2669 2362 θύγατερ
2706 2289 3087 2360 Ἰερουσαλήμ·
3140 2289 3246 2341 ἰδοὺ
3281 2289 3307 2339 ὀ
3337 2287 3587 2358 βασιλεύς
3619 2304 3709 2339 σου

2138 2380 2353 2451 ἔρχεταί
2393 2398 2475 2433 σοι
2534 2382 2739 2443 δίκαιος
2786 2382 2881 2433 καὶ
2927 2380 3147 2444 σώζωνο
3197 2381 3358 2441 αὐτὸς
3397 2381 3571 2448 πρᾶος
3619 2379 3710 2431 καὶ

2138 2471 2483 2540 ἐπιϐεϐηκὼς
2522 2473 2613 2524 ἐπὶ
2640 2470 2932 2538 ὑποζύγιον
2959 2472 3051 2523 καὶ
3094 2469 3268 2522 πῶλον
3300 2469 3420 2523 νέον
3447 2485 3459 2497 ·
3512 2469 3607 2520 καὶ
3632 2468 3711 2531 ἐξ·

2137 2562 2439 2631 ολοθρεύσω
2465 2562 2684 2632 ἅρματα
2714 2560 2772 2625 ἐξ
2812 2560 3077 2630 Ἐφραῖμ,
3106 2561 3198 2611 καὶ
3227 2560 3389 2611 ἵππον
3423 2558 3482 2621 ἐξ
3516 2559 3709 2627 Ἰερου-

2140 2652 2337 2722 σαλὴμ,
2370 2653 2462 2705 καὶ
2511 2651 3015 2723 ἐξολοθρευθήσεται
3047 2650 3194 2713 τόξον
3233 2649 3554 2719 πολεμικόν·
3617 2649 3711 2701 καὶ

2137 2744 2360 2812 πλῆθος,
2393 2744 2485 2797 καλ⁵
2522 2745 2707 2814 εἰρήνη
2743 2744 2801 2807 ἐξ
2838 2741 3023 2795 ἐθνῶν.
3049 2762 3065 2793 i
3098 2739 3402 2810 Εὐφραίνου
3432 2741 3633 2801 τοίνυν,
3663 2732 3706 2790 ὦ

2148 2835 2525 2906 Ἰερουσαλὴμ,
2561 2836 2799 2889 τοιούτου
2845 2852 2926 2887 σοι
2972 2835 3233 2906 βασιλέως
3276 2834 3429 2904 παρὰ
3455 2832 3547 2884 τοῦ
3575 2832 3709 2884 Θεοῦ

2137 2926 2598 2996 προϐεϐλημένου,
2635 2927 2693 2989 ὃς
2717 2926 2959 2996 παρέστη
2993 2943 3073 2978 σοι
3119 2922 3441 2994 περισώζειν
3471 2940 3528 2975 τε
3555 2922 3711 2974 δυνάο

2140 3034 2301 3087 μενος
2350 3020 2474 3080 τοὺς
2522 3019 2755 3079 οἰκείους
2782 3018 2871 3071 διὰ
2903 3017 3000 3087 τὴν
3031 3016 3334 3087 προσοῦσαν
3382 3014 3533 3084 αύτῷ
3562 3013 3712 3065 θείαν

466 3106 555 3159 hct
602 3106 973 3159 fortitudinem
1026 3122 1093 3161 ex
1157 3106 1340 3160 divina
1391 3109 1480 3161 vi:
1534 3108 1587 3161 in
1617 3116 1827 3162 tantum
1864 3120 1923 3163 ut
1967 3125 2031 3163 ex

2140 3108 2331 3177 ῥοπὴν,
2366 3109 2456 3160 καὶ
2486 3109 2664 3160 πᾶσαν
2688 3111 2798 3170 τοῖς
2836 3109 3097 3170 ἐναντίοις
3130 3106 3227 3177 τὴν
3248 3106 3462 3159 δικαίαν
3489 3105 3711 3171 ἐπάγων

465 3197 758 3265 Εριιτειὶιιιο
801 3206 854 3249 et
915 3196 1251 3252 ilierusalem
1307 3208 1537 3251 cunctos
1597 3200 2032 3253 adversariorum

462 3287 843 3341 destructurus
868 3288 937 3341 sit
963 3303 1183 3349 currus,
1212 3298 1265 3340 et
1286 3292 1584 3352 equitatum
1618 3290 1954 3353 universum,
1983 3298 2037 3345 et

463 3393 649 3430 arcum
685 3378 959 3433 bellicum.
985 3380 1089 3432 Pro
1110 3394 1174 3433 eo
1205 3394 1267 3433 ac
1301 3380 1447 3433 dicat
1469 3398 1481 3432 :
1502 3380 1703 3434 Omnes
1730 3378 2037 3449 proﬂigabit

464 3470 669 3534 hostes,
701 3476 760 3523 ut
788 3485 946 3525 nemo
1002 3470 1254 3540 deinceps
1284 3468 1630 3523 adversarius
1680 3466 1916 3522 Judaica:
1948 3486 2034 3524 re-

456 3561 610 3629 gioni
644 3561 906 3631 supersit.
969 3560 1179 3624 Perdet,
1238 3562 1433 3631 inquit,
1490 3576 1745 3630 magnum
1793 3562 2032 3616 hostium

463 3666 770 3714 numerum,
792 3666 852 3704 ac
876 3648 1008 3721 pace
1028 3652 1172 3704 omni
1198 3653 1452 3719 privahit,
1477 3652 1740 3705 contritos
1772 3652 2030 3706 nimirum

460 3756 523 3793 ac
555 3742 794 3811 perditos
830 3743 969 3796 bello
1003 3744 1147 3811 quod
1184 3744 1410 3811 ipsemet
1444 3750 1613 3811 geret.

2134 3198 2403 3267 τιμωρίαν
2424 3213 2435 3225 ·
2473 3197 2531 3261 ὃς
2560 3198 2850 3267 ἐπιϐέϐηκε
2899 3197 2998 3266 μὲν
3032 3199 3119 3250 ἐπ’
3146 3194 3397 3259 εὐτελοῦς
3428 3193 3522 3247 τοῦ
3548 3193 3708 3259 ζώου,

2134 3286 2227 3341 ἅτε
2260 3287 2354 3339 νῦν
2402 3289 2466 3341 ἐκ
2498 3288 2597 3357 τῆς
2644 3288 3016 3357 αἰχμαλωσίας
3065 3285 3474 3358 παραγεγονὼς,
3511 3284 3710 3349 πολλῆς

2132 3379 2189 3431 δὲ
2220 3379 2541 3448 ἐπιλήψεται
2583 3379 2863 3449 δυνάμεως
2892 3379 2978 3431 διὰ
3010 3379 3108 3447 τῆς
3152 3378 3300 3440 θείας
3336 3379 3529 3446 ῥοπῆς,
3565 3376 3703 3427 ὥστε

2134 3470 2240 3523 ἀπό
2264 3486 2326 3521 τε
2358 3468 2448 3521 τοῦ
2492 3469 2728 3540 Ἐφραῒμ
2770 3470 2863 3521 καὶ
2886 3469 2993 3521 ὰπὸ
3020 3468 3120 3538 τῆς
3154 3467 3510 3538 Ἰερουσαλὴμ
3529 3467 3709 3517 πάντα

2141 3562 2239 3633 μὲν
2281 3561 2391 3614 τῶν
2435 3561 2687 3613 ἐναντίων
2730 3560 2987 3629 ἀφανίσαι
3030 3560 3097 3612 τὰ
3151 3560 3394 3630 ἅρματα,
3446 3558 3622 3610 πάντα
3651 3556 3709 3609 δὲ

2139 3655 2304 3707 ἵππον
2335 3654 2429 3708 καὶ⁸
2459 3656 2566 3706 πᾶν
2590 3652 2740 3717 τόξον
2761 3652 3050 3721 πολεμικόν
3073 3669 3085 3681 ·
3114 3652 3189 3721 (p.
3214 3652 3339 3719 495)
3362 3651 3447 3702 ἴνα
3472 3649 3601 3718 εἴπῃ
3628 3648 3709 3699 ὅτι

2138 3747 2346 3809 πάντας
2380 3744 2717 3816 τροπώσεται
2764 3746 2888 3807 τοὺς
2928 3742 3235 3812 πολεμίους,
3270 3741 3344 3803 ὡς
3386 3739 3576 3810 μηδενὶ
3601 3736 3711 3788 τῶν

458 3836 733 3899 ἐναντίων,
764 3835 902 3890 κατὰ
928 3837 997 3890 τὰ
1021 3837 1119 3905 τῆς
1142 3836 1320 3908 χώρας
1342 3832 1480 3889 εἶναι
1512 3836 1611 3905 τῆς
1642 3835 1898 3900 Ἰουδαίας
1926 3837 2006 3891 ἔτι
2026 3856 2039 3869 ·
2093 3841 2312 3909 ἀφανιεῖ
2341 3840 2417 3905 δὲ,
2450 3842 2602 3911 φησι,
2652 3840 2745 3892 καὶ
2782 3838 2984 3909 πλῆθος
3026 3836 3158 3889 πολὺ
3186 3837 3294 3887 τῶν
3324 3833 3600 3889 ἐναντίων.
3630 3829 3707 3881 εί-

460 3926 629 3996 ρήνης
684 3926 736 3977 δὲ
787 3925 965 3997 πάσης
1023 3927 1177 3990 ἐκτὸς
1222 3926 1418 3988 αὐτοὺς
1463 3927 1827 3995 καταστήσει,
1890 3928 1987 3982 ἅτε
2038 3930 2485 4002 συντριϐομένους
2532 3947 2592 3983 τε
2641 3931 2735 3984 καὶ
2785 3929 3184 3999 ἀπολλυμένους
3231 3927 3309 3998 τῷ
3361 3926 3492 3996 παρ’
3546 3920 3711 3977 αὐτοῦ

458 4018 700 4086 πολέμῳ.

527 4109 644 4163 Jam
696 4109 840 4177 quod
886 4108 1001 4162 haec
1059 4108 1127 4162 de
1179 4106 1513 4162 Zorobabele
1552 4125 1700 4164 nunc
1752 4110 2029 4176 dicantur,

458 4203 801 4269 exploratum
836 4207 940 4252 est.
971 4202 1221 4252 Attamen
1248 4214 1348 4267 ego
1376 4200 1605 4254 miratus
1637 4216 1757 4254 sum
1795 4204 2031 4254 nonnul-

461 4291 562 4350 los,
603 4292 696 4359 qui
727 4290 780 4342 in
830 4287 1099 4342 absurdas
1135 4289 1399 4342 abeuntes
1452 4291 1763 4357 opiniones,
1818 4301 2026 4360 partem

458 4380 677 4448 quidem
701 4378 831 4432 dicti
864 4378 1029 4446 hujus
1065 4376 1132 4431 de
1162 4376 1499 4431 Zorobahele
1526 4378 1858 4448 intelligunt,
1900 4395 2026 4448 paro

2204 4109 2325 4163 Ὀτι
2375 4104 2470 4177 μὲν
2505 4102 2595 4159 οῦν
2637 4106 2808 4159 ταῦτα
2843 4104 2969 4175 περὶ
3019 4104 3108 4157 τοῦ
3138 4103 3441 4173 Ζοροϐάϐελ
3476 4104 3708 4158 ἐνταῦθα

2131 4202 2365 4269 λέγεται,
2407 4198 2584 4267 δῆλον.
2630 4197 2768 4265 Ἐγὼ
2794 4198 2849 4249 δὲ
2890 4197 3173 4266 ἐθαύμασα
3207 4196 3318 4248 τῶν
3361 4196 3448 4247 ἐπ’
3485 4196 3709 4249 ἀλλοκὸ-

2128 4310 2251 4355 τους
2294 4290 2644 4363 τρεπομένων
2689 4289 2943 4350 διανοίας,
2975 4288 3069 4341 καὶ
3114 4288 3175 4340 τὸ
3210 4288 3306 4357 μέν
3344 4306 3393 4340 τι
3424 4290 3588 4359 μέρος
3612 4292 3710 4342 ἐπὶ

2128 4381 2222 4434 τοῦ
2258 4380 2560 4451 Ζοροϐάϐελ
2603 4378 3071 4446 ἐκλαμϐανόντων,
3118 4376 3179 4428 τὸ
3219 4377 3274 4428 δὲ
3308 4377 3399 4428 ἐπὶ
3432 4377 3704 4429 Δεσπότου

460 4483 566 4523 tem
603 4481 782 4526 autem
830 4469 897 4524 de
942 4470 1163 4523 Christo
1197 4467 1431 4522 Domino
1465 4487 1478 4523 :
1512 4471 1655 4538 quod
1691 4471 1837 4525 aliud
1888 4472 2024 4526 nihil

2137 4472 2359 4543 Χριστοῦ
2386 4488 2398 4502 ’
2441 4473 2578 4542 ὅπερ
2608 4470 2763 4523 οὐθὲν
2802 4469 2982 4539 ἕτερόν
3019 4472 3163 4521 ἐστιν
3193 4468 3225 4538 ἢ
3263 4470 3591 4539 μεριζόντων
3622 4471 3707 4538 τῷ

458 4571 565 4627 est,
597 4563 702 4616 nisi
736 4562 879 4615 inter
911 4560 1303 4615 Zorobabelem
1334 4571 1389 4616 et
1426 4562 1701 4616 Christum
1735 4562 2025 4619 Dominum

459 4653 753 4723 prophetia:
784 4651 1019 4717 divisio;
1048 4667 1169 4720 qua:
1201 4666 1413 4705 summa
1455 4653 1667 4707 insania
1712 4663 1816 4707 est.
1850 4654 2025 4709 Verus

456 4755 638 4798 autem
688 4744 931 4797 locorum
983 4743 1295 4811 hujusmodi
1339 4760 1533 4798 sensus
1583 4744 1672 4799 ille
1718 4753 1823 4808 est,
1861 4762 2021 4815 quem

452 4837 565 4900 jam
611 4844 770 4889 antea
820 4851 905 4888 me
953 4836 1160 4888 dixisse
1218 4836 1355 4899 scio,
1402 4852 1596 4904 nempe
1642 4838 1787 4904 quod
1832 4838 2024 4891 umbra

453 4926 697 4980 (nunium
749 4925 953 4981 Christi
996 4926 1210 4979 Domini
1258 4941 1440 4980 rerum
1486 4930 1569 4980 lex
1618 4927 1806 4982 fuerit.
1853 4928 2022 4982 Multa

454 5024 619 5091 igitur
653 5022 788 5075 mire
833 5029 975 5081 acta,
1012 5021 1128 5075 sive
1179 5021 1329 5074 circa
1375 5024 1661 5090 populum,
1718 5022 1832 5076 sive
1874 5023 2019 5077 circa

452 5112 746 5165 nonnullos
780 5113 843 5163 ad
881 5110 1099 5178 aliquod
1149 5127 1348 5163 munus
1380 5112 1607 5175 electos,
1634 5112 1795 5182 332
1830 5113 2019 5167 recitat.

452 5202 795 5271 hyperbolice
848 5201 915 5254 de
972 5201 1244 5269 przedictis
1283 5200 1611 5270 Scriptura,
1664 5219 1790 5255 cum
1840 5214 2021 5258 tamen

449 5294 618 5346 dictio
648 5294 702 5345 in
732 5308 894 5345 sensu
933 5292 1093 5345 obvio
1127 5293 1406 5345 veritatem
1445 5308 1551 5346 non
1584 5294 1899 5348 contineat:
1926 5294 2021 5348 sed

446 5400 510 5438 ea
552 5392 665 5435 tun:
701 5384 919 5459 demum
966 5399 1091 5436 Vera
1138 5385 1578 5452 comperiantur,
1626 5400 1753 5437 cum
1800 5386 1867 5438 de
1902 5386 2020 5453 ipso

448 5484 743 5529 censentur
796 5476 1014 5529 Christo
1069 5473 1338 5535 Domino,
1398 5477 1490 5543 qui
1556 5477 1769 5529 sublata
1823 5477 2023 5546 ubique

450 5566 584 5643 legis
612 5567 825 5627 umbra,
850 5576 903 5621 et
929 5567 1148 5635 propria
1173 5567 1401 5643 veritate
1432 5568 1872 5632 subintroducta,
1901 5570 2020 5638 jure

450 5642 751 5726 meritoque
802 5656 1118 5724 hujusmodi
1166 5648 1387 5725 qudque
1437 5659 1738 5712 dictionum
1780 5659 2021 5714 ostendit

450 5748 756 5805 Veritatem.
792 5750 923 5803 Tale
966 5757 1049 5805 est
1098 5749 1231 5803 illud
1264 5750 1576 5805 Ahrahamo
1612 5750 1842 5819 dictum,
1872 5752 2017 5821 quod

2126 4582 2183 4617 τε
2201 4564 2501 4635 Ζοροϐάϐελ
2538 4564 2632 4616 καὶ
2676 4564 2753 4634 τῷ
2798 4561 3039 4631 Δεσπότῃ
3078 4561 3292 4631 Χριστῷ
3343 4564 3442 4632 τὴν
3490 4580 3705 4633 προφη-

2123 4658 2295 4711 τείαν.
2335 4659 2489 4711 Ἐστι
2518 4658 2574 4710 δὲ
2606 4658 2778 4711 ταῦτα
2813 4658 2910 4727 μὲν
2941 4657 3124 4719 ἀνοίας
3152 4659 3247 4726 τῆς
3274 4658 3511 4728 ἐσχάτης
3537 4676 3549 4689 ο
3581 4662 3609 4711 ὀ
3644 4659 3707 4712 δὲ

2125 4750 2329 4821 ἀληθὴς
2358 4750 2465 4803 τῶν
2484 4750 2737 4803 τοιούτων
2763 4751 2907 4811 νοῦς,
2926 4751 3127 4812 ἐκεῖνος
3160 4751 3303 4802 ἐστιν
3336 4751 3393 4801 ὃν
3420 4752 3513 4803 καὶ
3534 4754 3710 4821 πρόσ-

2127 4840 2218 4893 θεν
2282 4842 2517 4913 είρηκὼς
2544 4837 2679 4906 οἶδα,
2708 4844 2787 4894 ὅτι
2817 4842 2972 4894 σκιὰν
3004 4842 3032 4892 ὁ
3070 4842 3229 4911 νόμος
3259 4840 3405 4911 εἶχεν
3448 4844 3708 4897 ἁπάντων

2122 4930 2231 4983 τῶν
2267 4932 2405 4983 κατὰ
2446 4932 2535 4983 τὸν
2583 4932 2856 5000 Δεσπότην
2882 4932 3131 5001 Χριστόν.
3185 4931 3359 4984 Πολλὰ
3386 4933 3562 4984 τοίνυν
3587 4934 3709 4985 τῶν

2123 5022 2439 5092 παραδόξως
2489 5022 2807 5092 γινομένων,
2852 5021 2959 5073 εἴτε
2990 5022 3115 5091 περὶ
3143 5022 3232 5074 τὸν
3262 5022 3411 5087 λαὸν,
3440 5025 3546 5075 εἴτε
3571 5025 3709 5083 τοὺς

2122 5112 2213 5164 ἐπί
2236 5130 2375 5164 τισιν
2403 5112 2744 5181 ἐκλεγέντας,
2784 5113 2929 5181 λέγει
2960 5113 3058 5180 μὲν
3088 5112 3581 5183 ύπερϐολικώτερον
3602 5116 3701 5167 ἐπ’

2122 5205 2301 5256 αὐτῶν
2344 5206 2567 5258 ἐκείνων
2598 5208 2631 5275 ἡ
2677 5206 2883 5276 Γραψὴ,
2921 5206 3021 5275 τῆς
3050 5205 3244 5270 λέξεως
3297 5206 3438 5257 κατὰ
3464 5207 3525 5257 τὸ
3556 5207 3704 5275 πρό-

2119 5313 2300 5364 χειρον
2325 5297 2422 5365 τὴν
2452 5296 2707 5365 ἀλήθειαν
2728 5297 2826 5349 οὐκ
2850 5296 3079 5366 ἐχούσης
3105 5313 3117 5326 ⁸
3145 5296 3456 5367 εὑρίσκεται
3489 5295 3543 5347 δέ
3563 5296 3712 5368 ἀλη-

2123 5384 2187 5454 θῆ
2216 5385 2284 5437 τὰ
2312 5385 2555 5446 τοιαῦτα,
2586 5390 2661 5440 ὅτ’
2695 5388 2759 5439 ἂν
2790 5388 2875 5439 ἐπ’
2903 5387 3063 5440 αὑτοῦ
3092 5388 3341 5456 κρίνηται
3367 5387 3461 5440 τοῦ
3488 5389 3709 5440 Δεσπό-

2119 5492 2211 5526 του
2240 5478 2497 5547 Χριστοῦ,
2528 5478 2583 5538 ὃς
2606 5480 2663 5529 ἐν
2696 5477 2865 5531 ἅπασι
2902 5479 3113 5539 παύσας
3147 5478 3245 5548 μὲν
3271 5479 3363 5530 τοῦ
3394 5479 3552 5548 νόμου
3597 5479 3711 5550 τὴν

2121 5568 2299 5632 σκιὰν,
2344 5568 2723 5637 ἐπεισαγαγὼν
2768 5570 2823 5622 δὲ
2877 5572 2975 5640 τὴν
3021 5571 3279 5639 ἀλήθειαν
3315 5571 3417 5642 τὴν
3462 5572 3706 5632 οἰκείαν,

2120 5660 2342 5721 εἰκότως
2374 5661 2465 5712 καὶ
2486 5660 2593 5712 τῶν
2622 5661 2813 5728 φωνῶν
2838 5663 2943 5715 τῶν
2963 5662 3217 5714 τοιούτων
3241 5662 3570 5716 ἐπιδείκνυσι
3598 5663 3713 5736 τὴν

2120 5748 2400 5821 ἀλήθειαν.
2445 5751 2695 5804 Τοιοῦτόν
2744 5752 2859 5806 ἐστι
2906 5751 2964 5805 τὸ
2995 5754 3129 5825 πρὸς
3162 5755 3254 5808 τὸν
3306 5754 3575 5825 Ἁϐραάμ,
3614 5754 3709 5813 ὅτι
