3934 6524
229 422 328 476 :57

1163 428 1705 486 COMMENTARIUS
1744 430 1808 484 IN
1846 431 2215 487 ZACHARUE
2257 433 2409 487 CAP.
2451 433 2541 488 IX.

3355 449 3459 505 558

230 557 248 590 ι
271 535 783 607 Ἐνευλογηθήσεται
827 539 884 590 ἐν
927 541 1007 591 σοὶ
1040 542 1132 594 καὶ
1172 545 1229 595 ὲν
1268 542 1345 612 τῷ
1380 545 1652 615 σπέρματί
1700 561 1771 597 σοι

1901 564 1918 596 ι
1956 544 2353 601 Benedicentur
2404 549 2457 602 in
2519 559 2571 603 te
2622 558 2677 604 et
2733 552 2788 606 in
2848 556 3057 612 semine
3115 566 3210 613 tuo
3268 577 3459 623 omnes

228 629 405 682 πάντα
434 627 499 680 τὰ
520 627 644 697 ἔθνη
668 643 681 656 ·
708 647 726 679 ι
761 628 909 698 δηλοῖ
942 630 1040 699 μὲν
1065 631 1173 702 γὰρ
1197 634 1324 697 τοὺς
1360 635 1420 697 ἐξ
1446 634 1611 687 αὐτοῦ
1640 652 1795 703 γεγο-

226 719 385 780 νότας
418 719 560 770 κατά
590 718 648 770 τὸ
676 720 991 788 πρόχειρον·
1027 723 1058 791 ή
1086 723 1313 792 ἀλήθεια
1345 724 1400 776 δὲ
1424 725 1518 777 τοῦ
1552 728 1793 797 ῥήματος

226 811 318 861 ἐπὶ
359 808 455 861 τοῦ
485 810 750 863 Δεσπότου
794 816 1106 866 συνίσταται
1150 816 1407 885 Χριστοῦ,
1440 823 1515 885 (p.
1543 818 1670 883 496)
1708 821 1791 889 ἐφ’

223 894 399 973 οὗπερ
421 902 586 965 ὅντως
610 903 1024 975 ὲνευλογηθῆναι
1048 907 1235 975 γέγονε
1268 908 1333 961 τὰ
1358 909 1503 980 ἔθνη.
1545 912 1793 965 Τοιοῦτόν

225 996 341 1047 ἐστι
376 989 471 1049 καὶ
503 995 577 1065 τῷ
609 998 860 1067 μακαρίῳ
890 998 1068 1062 Δαυῒδ,
1103 1018 1120 1051 ι
1159 1002 1218 1053 Ὀ
1253 1001 1440 1072 Θρόνος
1468 1003 1631 1056 αὑτοῦ
1665 1006 1739 1069 ὡς
1766 1007 1793 1059 ὁ

221 1087 373 1157 ἥλιος
394 1088 632 1141 ἐναντίον
659 1106 782 1157 μου,
805 1089 899 1141 καὶ
914 1091 1034 1160 ὠςή
1060 1091 1254 1162 σελήνη
1282 1096 1688 1166 κατηρτισμένη
1712 1099 1794 1160 εἰς

222 1183 313 1230 τὸν
337 1178 529 1233 αἰῶνα’
554 1183 644 1233 καὶ
661 1180 893 1250 θήσομαι
937 1185 1017 1245 εἰς
1064 1200 1153 1234 τον
1190 1186 1359 1238 αἰῶνα
1399 1185 1491 1239 τοῦ
1518 1188 1711 1252 αἰῶνος
1733 1190 1794 1242 τὸ

225 1268 447 1338 σπέρμα
469 1270 651 1333 αὑτοῦ,
667 1271 758 1323 καὶ
778 1271 866 1323 τον
888 1272 1073 1341 θρόνον
1090 1273 1252 1325 αὑτοῦ
1266 1274 1341 1337 ὡς
1355 1275 1452 1338 τὰς
1467 1278 1572 1347 ήμέ
1578 1296 1678 1347 ρας
1699 1279 1791 1333 τοῦ

221 1362 280 1413 οὺ
291 1362 475 1430 ρανοῦ.
491 1380 508 1411 ι
532 1361 620 1430 Τῷ
639 1362 737 1429 μὲν
758 1362 865 1433 γὰρ
887 1365 1160 1435 προχείρῳ
1191 1365 1337 1419 δοκεῖ
1364 1369 1487 1431 τοὺς
1516 1369 1793 1439 διαδόχους

222 1452 423 1519 λέγειν,
453 1453 537 1521 ἐφ’
570 1447 643 1505 ὧν
670 1454 940 1521 διαμένειν
961 1456 1191 1525 ἤμελλεν
1211 1458 1242 1528 ἡ
1261 1457 1505 1526 βασιλεία
1526 1477 1539 1490 ·
1564 1463 1596 1531 ἡ
1624 1461 1680 1513 δὲ
1697 1461 1791 1514 τοῦ

222 1544 548 1611 πράγματος
576 1542 798 1613 ἀλήθεια
831 1544 924 1596 ἐπὶ
950 1545 1041 1598 τοῦ
1070 1548 1337 1600 Δεσπότου
1366 1548 1632 1604 δείκνυται
1661 1553 1793 1624 Χρι-

223 1633 372 1697 στοῦ,
387 1630 448 1688 οῦ
463 1634 669 1704 δντωςή
693 1635 935 1703 βασιλεία
949 1639 1141 1702 παντὸς
1163 1638 1260 1709 μὲν
1276 1640 1425 1711 ἡλίου
1444 1640 1793 1715 λαμπροτέρα

222 1724 547 1795 καθέστηκε,
568 1727 762 1788 παντὸς
798 1727 853 1779 δὲ
873 1728 1099 1797 οὐρανοῦ
1144 1733 1510 1805 μονιμωτέρα.
1542 1735 1793 1790 Τοιοῦτόν

219 1817 339 1867 ἐστι
361 1818 442 1879 τὸ,
464 1834 481 1867 ι
502 1817 612 1870 Οὐκ
626 1818 1016 1890 ἐγκατελείφθη
1031 1824 1062 1891 ἡ
1081 1822 1224 1893 ψυχὴ
1240 1824 1401 1877 αὑτοῦ
1418 1828 1495 1889 εἰς
1511 1826 1655 1897 ᾇδου,
1672 1829 1789 1881 οὐδὲ

1894 645 2082 706 gentes
2106 638 2171 691 θ’.
2203 658 2223 691 ›
2273 636 2478 711 Nempe
2507 640 2701 698 obvius
2729 646 2946 714 quidem
2984 663 3181 707 sensus
3207 662 3460 722 posteros

1894 726 2013 797 ejus
2043 729 2330 800 designat;
2363 743 2739 790 verumtamen
2769 737 2901 791 dicti
2932 741 3133 798 veritas
3160 743 3216 798 in
3239 746 3460 801 Cbrism

1895 819 2125 875 Domino
2178 830 2413 886 constat,
2466 822 2521 877 iu
2573 840 2681 894 quo
2732 842 2927 897 reapse
2974 832 3223 889 benedici
3267 846 3459 906 gentes

1895 912 2146 981 contigit.
2176 911 2308 968 Tale
2342 922 2428 968 est
2452 915 2616 969 etiam
2648 917 2781 972 illud
2816 921 2975 974 beato
3005 922 3195 980 Davidi
3219 928 3455 983 dictum-

1902 1021 1920 1055 ι
1948 1002 2202 1061 Thronus
2227 1007 2349 1075 ejus
2372 1009 2515 1062 sicut
2542 1009 2625 1063 sol
2651 1011 2705 1063 in
2730 1023 3027 1081 conspectu
3063 1034 3204 1079 meo.
3230 1030 3285 1075 et
3314 1023 3459 1077 sicut

1895 1094 2026 1147 luna
2078 1096 2321 1165 perlecta
2372 1099 2428 1152 in
2478 1108 2766 1156 aeternum.
2820 1104 2886 1156 Et
2921 1120 3118 1174 ponam
3169 1110 3225 1164 in
3285 1128 3456 1167 saecu-

1895 1187 2008 1242 lum
2061 1190 2242 1243 saeculi
2290 1206 2474 1245 semen
2527 1192 2680 1261 ejus,
2728 1203 2782 1249 et
2836 1195 3095 1251 thronum
3150 1201 3269 1270 ejus
3316 1205 3460 1259 sicut

1894 1278 2010 1333 dies
2055 1280 2268 1335 coeli“.
2312 1301 2331 1332 ι
2372 1280 2545 1337 Obvio
2589 1299 2721 1339 sane
2772 1302 2937 1341 sensu
2974 1290 3190 1344 videtur
3233 1309 3451 1349 succes-

1898 1382 2052 1423 sores
2098 1369 2313 1434 dicere,
2362 1372 2418 1425 in
2470 1375 2672 1442 quibus
2722 1392 2946 1446 regnum
2984 1392 3458 1449 perseveraturum

1894 1469 2051 1516 erat:
2084 1462 2177 1517 sed
2224 1472 2405 1520 tamen
2448 1467 2529 1520 rei
2577 1469 2779 1525 veritas
2852 1472 2907 1525 in
2962 1473 3181 1529 Christo
3230 1476 3459 1531 Domino

1895 1565 2136 1622 apparet,
2183 1557 2343 1626 cujus
2375 1574 2501 1614 vere
2535 1576 2764 1631 regnum
2797 1565 2911 1619 sole
2951 1568 3194 1636 quolibet
3227 1571 3445 1639 splendi

1893 1645 2017 1699 dius
2032 1657 2137 1707 est,
2169 1656 2222 1701 et
2245 1650 2487 1718 quolibet
2514 1655 2653 1708 caalo
2673 1660 3041 1712 constantius.
3071 1656 3201 1715 Tale
3226 1662 3462 1734 denique

1893 1746 2017 1791 est:
2053 1756 2071 1788 ‹
2108 1736 2226 1793 Non
2277 1748 2359 1794 est
2412 1743 2668 1799 derelicta
2724 1748 2905 1800 anima
2949 1749 3069 1818 ejus
3120 1753 3173 1806 in
3222 1754 3458 1819 inferno,

1893 1843 2069 1896 neque
2117 1845 2248 1884 caro
2304 1832 2424 1900 ejus
2482 1835 2618 1889 vidit
2677 1841 3088 1909 corruptionem
3118 1844 3199 1911 “;
3243 1866 3258 1896 ι
3313 1850 3458 1916 quod

218 1909 254 1977 ἡ
273 1906 411 1977 σὰρξ
428 1908 589 1961 αὑτοῦ
609 1906 713 1961 εἶδε
730 1886 1242 1985 διαφθορὰν,-›’δπερ
1257 1886 1625 1986 ὑπερϐολικῶς
1641 1886 1771 1992 εἰρη-

1982 1886 1994 1896 _
2331 1886 2349 1900 _
2498 1886 2615 1889 με--
2681 1886 2836 1892 π---
3185 1887 3199 1911 ,
3243 1886 3257 1896 .
3313 1886 3457 1916 κιαι...

1893 1920 2237 1990 hyperbolice
2265 1924 2474 1979 dictum
2504 1942 2533 1980 a
2564 1928 2725 1984 beato
2759 1886 2963 1988 Davide
2992 1935 3059 1989 de
3089 1937 3457 1995 Israelitarum

219 1998 383 2067 μένον
404 1999 551 2067 παρὰ
567 1998 662 2050 τοῦ
687 2001 952 2071 μακαρίου
967 1997 1135 2055 Δαυῖδ
1151 2006 1243 2058 ἐπὶ
1268 2007 1360 2060 τοῦ
1387 2008 1513 2062 λαοῦ
1542 2010 1648 2063 τῶν
1683 2012 1786 2065 Ἰσ-

122 2092 127 2097 ’
216 2088 512 2158 ραηλιτῶν,
547 2091 635 2143 ἐπ’
684 2090 851 2160 αὐτῆς
896 2094 993 2163 τῆς
1022 2094 1129 2146 τῶν
1161 2098 1498 2167 πραγμάτων
1531 2101 1787 2171 ἀληθείας

212 2172 397 2232 ὦπται
415 2180 633 2247 γεγονὸς
649 2183 739 2234 ἐπὶ
758 2182 849 2235 τοῦ
868 2186 1136 2238 Δεσπότου
1156 2188 1410 2258 Χριστοῦ.
1432 2190 1592 2245 Ὀθὲν
1607 2193 1670 2264 δὴ
1691 2196 1785 2247 καί¹

209 2273 281 2340 τῇ
306 2275 457 2342 φωνῇ
480 2273 699 2336 δικαίως
743 2277 770 2326 δ
793 2277 1057 2347 μακάριος
1087 2280 1354 2348 ἐχρήσατο
1374 2281 1577 2355 Πέτρος
1612 2284 1785 2353 λέγων

209 2363 318 2425 ὅτι,
366 2381 385 2412 ι
408 2363 519 2415 Οὐκ
550 2366 936 2438 ἐγκατελείφθη
969 2371 1000 2437 ή
1029 2369 1173 2440 ψυχὴ
1202 2372 1365 2425 αὐτοῦ
1394 2375 1472 2437 εἰς
1493 2374 1641 2445 ᾅδου,
1663 2379 1784 2432 οὐδὲ

208 2452 246 2521 ή
284 2451 420 2521 σὰρξ
439 2453 600 2506 αὑτοῦ
626 2451 730 2507 εἶδε
752 2456 1063 2527 διαφθοράν.
1097 2479 1116 2512 ι

286 2543 465 2595 Πολλὰ
496 2540 718 2597 τοιαῦτα
750 2546 899 2618 εὖροι
938 2566 1020 2611 τις
1052 2550 1137 2616 ἂν,
1182 2552 1218 2606 ἃ.
1253 2554 1460 2626 μακρὸν
1487 2556 1661 2626 λέγειν
1691 2561 1783 2616 ἐπὶ

204 2632 302 2685 τοῦ
339 2634 624 2704 παρόντος,
652 2636 687 2690 ἅ
716 2640 975 2710 πρότερον
1007 2642 1104 2712 μὲν
1142 2645 1514 2715 ὑπερϐολικῶς
1546 2651 1778 2718 ἐλέγετο,

205 2725 311 2777 οὐκ
341 2725 531 2795 ἔχοντα
556 2728 647 2780 τοῦ
668 2728 956 2801 λεγομένου
980 2736 1077 2806 τὴν
1106 2738 1359 2809 ἀλήθειαν
1388 2743 1608 2813 ἀκριϐῆ,
1635 2746 1781 2815 εὑρί-

204 2832 401 2869 σκεται
427 2818 484 2871 δὲ
514 2820 683 2884 οὕτως
713 2822 922 2892 ἔχοντα,
954 2826 1139 2897 ὥσπερ
1180 2826 1271 2883 οὖν
1300 2833 1532 2904 εἴρηται,
1566 2840 1656 2890 ἐπὶ
1683 2838 1777 2891 τοῦ

202 2911 481 2964 Δεσπότου
511 2915 765 2983 Χριστοῦ.
812 2918 1030 2971 Τοιοῦτο
1077 2921 1139 2992 δή
1180 2940 1232 2975 τι
1280 2928 1373 2978 καὶ
1410 2927 1564 2980 τοῦτό
1608 2932 1774 2984 ἐστιν.

213 3002 277 3054 '0
304 3003 407 3071 μὲν
440 3004 545 3074 γὰρ
577 3008 702 3074 περὶ
731 3008 821 3060 τοῦ
848 3010 1149 3081 Ζοροϐάϐελ
1173 3015 1356 3084 ἔλεγεν
1387 3021 1449 3071 ἐκ
1472 3021 1569 3090 τῆς
1603 3022 1778 3076 διαδο-

200 3094 306 3164 χῆς
342 3095 436 3147 τοῦ
462 3097 622 3150 Δαυῖδ
650 3100 789 3153 κατὰ
816 3102 1036 3172 γνώμην
1050 3106 1182 3158 Θεοῦ
1208 3109 1506 3178 ἡγουμένου
1531 3112 1639 3163 τῶν
1656 3115 1779 3167 Ἰουο

198 3182 389 3247 δαίων,
408 3183 561 3255 ῶτθη
581 3187 637 3239 δὲ
666 3187 728 3239 τὸ
752 3192 982 3261 πρᾶγμα
1002 3194 1391 3267 ἀναντίρρητον
1418 3199 1538 3270 ἔχον
1564 3203 1658 3255 ἐπὶ
1682 3204 1773 3257 τοῦ
1802 3236 1843 3294 C

198 3273 477 3325 Δεσπότου
507 3276 741 3345 Χριστοῦ
783 3282 881 3349 τὴν
914 3280 1202 3351 ἁλήθειαν’
1235 3288 1328 3338 τοῦ
1362 3288 1460 3357 μὲν

200 3363 344 3413 κατὰ
379 3362 487 3414 τῶν
514 3365 680 3419 ἐθνῶν
718 3369 956 3439 τιμωρία
1001 3376 1191 3446 μικρὰ,
1219 3376 1293 3446 (ρ.
1327 3379 1455 3443 497)
1478 3382 1571 3434 καὶ
1604 3385 1637 3453 ὴ
1666 3362 1775 3437 τῶν

197 3452 417 3504 οἰκείων
438 3455 676 3523 σωτηρία
699 3458 917 3529 εὐτελής
936 3476 949 3488 ·
974 3461 1095 3514 ὅθεν
1118 3465 1209 3516 καὶ
1235 3467 1536 3534 ἀκολούθως
1557 3473 1770 3540 ἐπάγει,

196 3542 306 3595 am
330 3538 731 3613 Ἐξολοθρεύσει
752 3548 971 3619 ἅρματα
989 3551 1048 3616 ἐξ
1082 3556 1318 3628 Ἐφραῖμ
1377 3563 1470 3613 καὶ
1518 3538 1685 3617 ἵππον
1713 3566 1772 3633 ἐξ

206 3634 587 3708 Ἰερουσαλὴμ,
612 3645 853 3714 »δεικνὺς
877 3644 956 3697 δτι
987 3646 1123 3717 πρὸς
1159 3650 1317 3703 τοῦτο
1349 3654 1531 3718 αὐτοῖς
1562 3658 1771 3726 συμϐα-

190 3727 369 3782 λεῖται
400 3731 462 3783 τὸ
487 3733 595 3785 τῶν
626 3735 872 3805 πολέμων
898 3741 1091 3805 αὐτοὺς
1113 3744 1491 3802 ἀπαλλάττειν.
1538 3747 1770 3822 Ἀληθὴς

187 3818 245 3871 δὲ
272 3822 305 3890 ἡ
349 3823 503 3892 φωνὴ
534 3825 772 3895 πέφηνεν
822 3830 916 3880 ἐπὶ
961 3830 1054 3883 τοῦ
1080 3836 1346 3889 Δεσπότου
1377 3839 1634 3910 Χριστοῦ,
1656 3818 1766 3911 'écj)‘

185 3903 366 3981 οὗπερ
385 3912 552 3978 ὅντως
579 3914 750 3969 ἔνεστι
785 3919 994 3991 χαίρειν
1021 3924 1247 3994 νόμιμόν
1274 3943 1333 3979 τε
1368 3903 1539 3999 χαρὰν
1568 3933 1661 3984 καὶ
1692 3903 1768 3985 δὶ-

183 4001 388 4069 ηνεκῆο
416 4003 475 4065 ὃς
498 4004 663 4068 ὅντως
687 4006 890 4072 δίκαιός
917 4012 1082 4075 ἐστιν,
1117 4014 1210 4066 ἆτε
1244 4016 1382 4085 μετὰ
1404 4018 1590 4072 τούτου
1618 4023 1765 4094 πασῃ

183 4091 396 4160 κρίνων
420 4096 485 4163 τῇ
512 4098 799 4169 οἰκουμένῃ
830 4101 923 4155 λαὶ
944 4101 1131 4167 ὅντως,
1166 4107 1194 4159 ὃ
1232 4125 1295 4175 γε
1328 4111 1532 4174 πάντας
1561 4113 1618 4177 ἐξ
1659 4091 1763 4167 (Ξιπζ

180 4180 387 4243 ωλείας
420 4185 502 4246 εἰς
531 4188 800 4258 σωτηρίαν
845 4193 1102 4261 μεθιστὰς
1129 4196 1349 4269 διηνεκῆ
1391 4203 1484 4253 καὶ
1518 4202 1757 4272 βεϐαίαν.

192 4271 466 4327 Ἐνταῦθα
480 4271 571 4328 οὖν
593 4278 805 4349 εἴρηται
834 4286 960 4353 περὶ
988 4285 1075 4338 τοῦ
1100 4289 1399 4358 Ζοροϐάϐελ
1421 4311 1483 4345 συ
1492 4312 1761 4368 μμετρου-

177 4360 361 4431 μένης
394 4363 494 4431 τῆς
536 4368 718 4438 φωνῆς
747 4369 825 4440 τί.)
852 4374 934 4440 ἐφ’
969 4368 1137 4447 οὗπερ
1170 4379 1386 4447 λέγεται
1421 4360 1760 4459 τὰτγεγραμ-

172 4452 320 4520 μένα
349 4469 364 4482 ·
399 4456 457 4506 ὲν
478 4456 534 4508 δὲ
559 4462 671 4522 τοῖς
692 4461 1043 4531 Εὐαγγελίοις
1071 4470 1160 4521 ἐπὶ
1183 4472 1272 4523 τὸν
1296 4452 1569 4547 Δεσπότην
1593 4452 1756 4549 ἦκται

167 4545 440 4616 Χριστὸν,
473 4550 529 4611 ὃς
559 4550 646 4606 διὰ
672 4554 885 4609 πάντων
922 4552 1118 4621 ὦπται,
1166 4566 1255 4616 καὶ
1291 4568 1461 4635 μέγας
1493 4545 1584 4623 καὶ
1616 4545 1751 4643 infan-
1785 4581 1829 4636 ι)

165 4637 262 4699 λὶς
294 4639 395 4691 καὶ
415 4639 621 4706 δίκαιος
647 4647 741 4698 καί
780 4648 964 4713 σώζων
1002 4654 1095 4705 καὶ
1144 4656 1401 4726 μονίμους
1433 4659 1529 4723 τὰς
1547 4637 1753 4729 οἰκείας

164 4730 438 4800 παρέχων
478 4733 813 4804 εὐεργεσίας,
845 4741 1213 4809 ἀμεταθέτους
1253 4763 1312 4799 τε
1344 4751 1620 4815 παντελῶς
1659 4759 1753 4808 καὶ

168 4820 489 4889 μεταϐολὴν
507 4824 762 4894 οὐδεμίαν
808 4829 1056 4895 δέξασθαι
1095 4835 1415 4907 δυναμένας.
1456 4842 1623 4895 Τοῦτο
1653 4846 1752 4915 μὲν

162 4911 263 4968 οὖν
294 4916 719 4976 ἀκολουθότατόν
750 4942 807 4978 τε
831 4927 921 4979 καὶ
945 4931 1152 5000 πρέπον
1175 4936 1266 4986 καὶ
1289 4936 1464 5005 λέγειν
1481 4942 1571 4993 καὶ
1590 4946 1748 4999 νοεῖν.

163 5008 239 5059 To
268 5008 333 5060 δὲ
370 5010 534 5078 μέρος
574 5014 669 5082 μὲν
693 5017 855 5070 αὐτοῦ
888 5019 1063 5089 λέγειν
1084 5026 1332 5095 εἰρῆσθαι
1363 5033 1491 5100 περὶ
1514 5034 1606 5086 τοῦ
1626 5038 1750 5105 Χρι-

156 5098 332 5160 στοῦ,
375 5101 659 5166 κατιόντας
701 5106 756 5159 δὲ
793 5109 1141 5177 μεθίστασθαι
1181 5118 1274 5171 ἐπὶ
1304 5121 1393 5172 τὸν
1424 5098 1744 5194 Ζοροϐάϐελ,

153 5190 255 5240 καὶ
280 5191 454 5243 πάλιν
482 5195 574 5246 ἐπὶ
610 5196 699 5249 τὸν
720 5200 953 5269 Χριστὸν
976 5206 1069 5257 ἀπ’
1089 5210 1318 5275 ἐκείνου,
1341 5216 1433 5267 καὶ
1455 5190 1616 5270 πάλιν
1652 5190 1745 5272 ὲπί

148 5278 247 5332 τὸν
267 5280 583 5349 Ζοροϐάϐελ
608 5286 715 5339 ἀπὸ
747 5289 840 5341 τοῦ
866 5294 1131 5349 Δεσπότου
1160 5300 1416 5370 Χριστοῦ,
1453 5307 1606 5361 οὐθὲν
1629 5309 1744 5361 ἓτε-

146 5371 249 5441 ρόν
285 5373 466 5434 ἐστιν,
500 5374 533 5443 ἢ
584 5379 799 5470 πρῶτον
843 5382 941 5451 μὲν
977 5386 1261 5445 ἀλλόκοτον
1296 5393 1616 5450 δεικνύντων
1646 5400 1743 5470 τὴν

144 5462 527 5531 προφητείαν,
563 5462 679 5521 εἶτα
720 5471 817 5536 τὰς
860 5477 1041 5542 φωνὰς
1091 5479 1190 5543 τὰς
1227 5488 1503 5554 γραφικὰς
1534 5488 1591 5553 ἐξ
1624 5462 1739 5545 ἴσου

145 5552 522 5623 μεριζόντων,
556 5558 634 5622 εἷς
668 5577 725 5614 τε
767 5565 858 5617 τὸν
912 5569 1127 5641 οἰκέτην
1161 5552 1386 5631 καὶήτὸν
1420 5582 1695 5652 Δεσπότην
1720 5600 1735 5614 ·

139 5642 279 5698 imi.
311 5646 411 5699 καὶ
438 5649 500 5700 τὸ
524 5649 700 5718 λέγειν
744 5656 823 5719 εἰς
851 5659 1120 5726 ἀπόδειξιν
1149 5665 1243 5718 τοῦ
1274 5669 1348 5734 μὴ
1381 5668 1459 5737 τῷ
1498 5642 1734 5737 Ζοροϐά-

1888 2014 2109 2082 populo,
2153 2014 2270 2084 ipsa
2320 2018 2396 2070 rei
2429 2027 2564 2073 actae
2609 2023 2836 2078 veritate
2875 2025 2929 2079 in
2978 2026 3198 2084 Christo
3227 2031 3457 2088 Domino

1887 2113 2241 2174 conspectum
2266 2116 2369 2163 est.
2404 2107 2587 2174 Quare
2627 2120 2680 2168 et
2727 2114 2831 2170 hoc
2857 2117 3006 2172 dicto
3052 2136 3183 2176 usus
3215 2133 3301 2180 est
3332 2125 3457 2206 jure

1886 2198 2193 2267 meritoque
2236 2198 2429 2255 beatus
2473 2200 2669 2258 Petrus
2708 2206 2898 2264 dicens
2934 2228 2953 2261 ι
2991 2210 3110 2266 Non
3149 2213 3321 2271 fuisse
3359 2200 3454 2273 de-

1886 2294 2129 2349 relictam
2181 2297 2418 2352 animam
2465 2301 2586 2369 ejus
2617 2302 2670 2356 in
2721 2304 2957 2373 inferno,
3006 2324 3185 2380 neque
3230 2327 3453 2370 carnem

1886 2385 2004 2453 ejus
2029 2386 2232 2441 vidisse
2259 2392 2668 2459 corruptionem
2692 2392 2757 2445 ⁸⁸.
2792 2412 2810 2444 ι

1955 2582 2120 2639 Multa
2170 2586 2485 2657 hujusmodi
2517 2596 2825 2665 comperire
2873 2597 3024 2662 licet,
3054 2616 3178 2671 qua:
3222 2603 3278 2657 in
3314 2620 3455 2673 pra:-

1885 2677 2024 2731 senti
2070 2693 2396 2747 percensere
2430 2683 2653 2755 longum
2704 2698 2882 2755 esset;
2932 2706 3054 2761 quae
3102 2694 3249 2748 dicta
3298 2695 3455 2751 tuere

1883 2765 2254 2837 hyperbolice,
2287 2776 2548 2842 quoniam
2592 2777 2753 2832 dieue
2795 2783 2870 2835 rei
2907 2784 3191 2839 veritatem
3226 2799 3455 2839 accura-

1882 2865 1990 2911 tam
2037 2876 2145 2915 non
2188 2866 2504 2932 continent;
2547 2869 2642 2922 sed
2691 2880 2870 2925 tamen
2908 2889 3100 2943 reapse
3147 2877 3221 2929 ita
3258 2892 3316 2932 se
3355 2879 3452 2932 ha-

1880 2950 2031 3015 bent,
2082 2963 2142 3007 ut
2181 2956 2443 3022 diximus,
2492 2960 2547 3013 in
2598 2961 2819 3017 Christo
2868 2964 3117 3022 Domino.
3158 2967 3309 3024 Talis
3367 2981 3452 3024 est

1880 3043 1989 3105 hic,
2035 3046 2102 3099 de
2133 3063 2241 3116 quo
2287 3051 2518 3119 agimus,
2572 3053 2745 3107 locus.
2796 3053 3065 3124 Propheta
3112 3060 3333 3126 quidem
3384 3064 3452 3117 de

1880 3135 2213 3194 Zorobabele
2273 3142 2510 3208 dicebat,
2575 3146 2797 3201 homine
2852 3148 2918 3203 de
2975 3152 3146 3222 stirpe
3202 3153 3474 3220 Davidis.-

1878 3226 1971 3281 Dei
1999 3232 2277 3286 voluntate
2332 3233 2642 3290 Judaaorum
2705 3241 2879 3306 duce;
2935 3243 3030 3297 sed
3084 3262 3174 3300 res
3226 3247 3449 3303 demum
3516 3246 3523 3249 ’

1493 3290 1598 3396 Υδξρ
1615 3294 1773 3396 fall")
1813 3290 1842 3294 γ
1876 3320 2127 3376 evidente
2156 3325 2386 3379 veritate
2428 3330 2605 3396 patuit
2655 3331 2712 3385 in
2761 3332 2980 3390 Christo
3014 3334 3264 3393 Domino.
3310 3338 3446 3394 Nam

1876 3409 2175 3468 Zorobabel
2207 3416 2435 3485 exiguas
2490 3418 2557 3474 de
2596 3424 2850 3489 gentibus
2877 3440 3069 3494 poenas
3099 3430 3358 3498 sumpsit,
3393 3441 3449 3487 et

1872 3500 2031 3572 333
2061 3519 2284 3559 suorum
2324 3516 2541 3563 tenuem
2584 3512 2815 3567 salutem
2846 3518 3111 3586 patravit;
3146 3520 3291 3575 unde
3319 3538 3443 3577 mox

1872 3594 2060 3649 addit:
2102 3615 2119 3646 ι
2151 3596 2345 3653 Perdet
2376 3616 2573 3656 currus
2616 3617 2679 3657 ex
2722 3603 3014 3674 Ephraimo
3046 3620 3101 3663 et
3139 3626 3340 3681 equum
3376 3629 3443 3668 ex

1870 3683 2247 3754 Hierusalem;
2288 3710 2305 3742 ι
2341 3693 2638 3748 ostendens
2680 3692 2796 3750 fore
2827 3704 2886 3749 ut
2928 3698 3015 3753 his
3054 3702 3196 3757 actis
3227 3703 3444 3758 contin-

1870 3787 1960 3846 gat
2007 3780 2113 3832 illis
2155 3782 2296 3835 bello
2341 3783 2584 3839 liberari.
2619 3784 2796 3841 Verax
2832 3800 3014 3845 autem
3067 3793 3235 3848 dictio
3274 3811 3443 3865 appa-

1869 3862 1980 3915 ruit
2022 3864 2073 3915 in
2106 3863 2329 3919 Christo
2370 3866 2620 3935 Domino,
2678 3872 2733 3925 in
2775 3890 2883 3942 quo
2933 3892 3059 3932 vere
3103 3880 3231 3935 licet
3261 3862 3441 3940 laet—ari

1868 3962 2154 4009 constante
2182 3966 2553 4029 perpetuaque
2599 3964 2803 4018 laetitia.
2838 3965 2887 4023 Is
2918 3969 3065 4024 enim
3102 3989 3231 4028 vere
3251 3985 3439 4043 justus

1865 4053 1970 4106 est,
1994 4047 2194 4117 quippe
2219 4051 2313 4118 qui
2340 4052 2654 4108 universum
2682 4059 3186 4134 mundumjudicat;
3204 4083 3439 4139 vereque

1865 4137 2075 4201 salvat,
2130 4140 2570 4212 quandoquidem
2629 4162 2822 4205 omnes
2879 4168 2944 4206 ex
3001 4159 3308 4223 perditione
3350 4137 3433 4217 Vad

1863 4226 2095 4280 salutem
2153 4233 2438 4285 transtulit
2495 4236 2707 4292 tirmam
2755 4247 2920 4311 atque
2963 4259 3276 4313 perennem.
3333 4242 3433 4307 llic

1861 4316 2029 4387 igitur
2058 4321 2124 4375 de
2154 4320 2489 4381 Zorobabele
2533 4344 2715 4385 sermo
2744 4342 2850 4398 est,
2884 4346 3163 4393 coarctata
3192 4341 3433 4402 dictione

1861 4409 1927 4461 ad
1985 4410 2135 4465 illum
2180 4413 2247 4468 de
2296 4432 2406 4485 quo
2463 4420 2742 4489 Scriptura
2803 4425 3064 4496 loquitur.
3116 4430 3319 4490 Verum
3370 4440 3425 4493 in

1862 4498 2169 4571 Evangeliis
2209 4504 2277 4557 ad
2312 4507 2597 4563 Christum
2642 4511 2928 4570 Dominum
2979 4521 3214 4579 trahitur
3235 4528 3301 4593 0‘;
3336 4531 3427 4599 qui

1852 4788 2082 4843 prorsus
2114 4786 2167 4830 et
2203 4780 2336 4833 nulli
2370 4786 2662 4840 mutationi
2717 4790 2975 4847 obnoxia.
3017 4794 3131 4864 Sic,
3177 4800 3425 4872 inquam.

1854 4864 2090 4920 maxime
2120 4879 2545 4926 consentaneum
2578 4886 2661 4931 est
2696 4888 2749 4932 et
2781 4882 2928 4951 loqui
2972 4895 3026 4941 et
3053 4864 3320 4959 cogitare.
3356 4864 3427 4949 At.

1855 4966 1987 5005 vero
2017 4962 2226 5021 partem
2269 4960 2486 5029 quidem
2518 4967 2763 5023 vaticinii
2794 4970 3062 5031 allirmare
3104 4978 3172 5033 de
3206 4980 3425 5037 Christo

1852 5041 2045 5111 loqui;
2095 5054 2149 5099 et
2203 5065 2326 5102 mox
2365 5055 2765 5121 progredieudo
2816 5066 3118 5121 transferre
3154 5072 3220 5123 ad
3256 5070 3424 5127 Zoro-

1849 5132 2130 5201 babelem;
2165 5153 2466 5211 rursusque
2498 5147 2566 5200 ab
2591 5149 2694 5203 hoc
2718 5152 2782 5205 ad
2808 5154 3085 5211 Christum
3112 5200 3125 5222 ,
3158 5174 3209 5215 et
3241 5163 3423 5219 denuo

1848 5224 1916 5276 ad
1949 5223 2344 5285 Zorobabelem
2376 5250 2405 5287 a
2435 5235 2654 5291 Christo
2687 5240 2949 5313 Domino;
2980 5251 3114 5303 nihil
3154 5265 3233 5305 est
3274 5258 3419 5311 aliud

1846 5331 2009 5385 quam
2045 5321 2224 5387 primo
2252 5326 2472 5392 quidem
2518 5330 2810 5386 absurdam
2849 5342 3139 5397 ostendere
3184 5349 3417 5416 prophe-

1848 5406 2014 5473 tiam;
2063 5410 2260 5469 deinde
2292 5416 2591 5489 Scriptura:
2638 5427 2905 5480 voeabula
2957 5436 3128 5500 aequis
3174 5406 3417 5503 part-ibus

1846 5499 2173 5559 distribuere
2211 5507 2353 5564 inter
2384 5527 2601 5566 servmn
2634 5531 2698 5569 ac
2730 5516 3031 5576 dominum.
3090 5526 3333 5596 Namque
3362 5543 3415 5584 et

1845 5589 2046 5655 dicere,
2102 5596 2171 5649 ob
2222 5599 2704 5660 demonstrandum
2756 5625 2867 5664 non
2922 5618 3214 5674 convenire
3267 5621 3413 5681 dicta

1844 5678 2188 5747 Zorobabeli,
2229 5688 2428 5755 dicere,
2466 5694 2710 5764 inquam,
2747 5704 2886 5769 apud
2925 5709 3242 5775 prophetam
3285 5678 3409 5785 logi,

215 5784 271 5817 “
308 5783 453 5843 Gen.
490 5805 600 5859 xw,
640 5793 674 5847 4
772 5798 814 5829 ⁸³
855 5799 996 5857 Psal.
1039 5820 1301 5877 Lxxxvm,
1342 5811 1431 5866 58.
1508 5815 1547 5845 “
1589 5812 1731 5871 Psal.
1770 5834 1858 5889 xv,
1903 5822 1986 5878 lO.
2064 5826 2109 5857 “
2148 5828 2267 5884 Act.
2312 5847 2371 5896 ιι,
2418 5834 2504 5888 51.
2585 5839 2631 5869 ⁸⁸
2666 5839 2824 5898 Joau.
2870 5860 2965 5911 xu,
3008 5847 3109 5903 15.“
