3934 6524
1688 448 2038 509 TllEODORl
2079 437 2564 501 MOPSUESTENI
3606 438 3684 495 560

532 604 554 639 ο
587 584 873 642 Adventat,
931 596 950 630 ι
985 589 1108 630 cum
1154 582 1333 627 tamen
1373 570 1486 640 jam
1543 568 1611 624 de
1644 568 1957 637 captivitate
2001 578 2118 620 re»

2219 557 2284 611 ςελ
2311 555 2607 628 προσήκειν
2623 552 2985 642 τᾲῌείρημένα,
3008 551 3089 606 δτι
3108 565 3126 599 ι
3146 546 3359 620 ἔρχεται
3381 567 3399 602 ι
3416 546 3443 601 δ
3464 550 3687 626 προφήτης

525 678 717 732 diisset
746 687 869 726 cum
903 669 1133 737 reliquis
1160 662 1486 725 Zorobabel,
1522 662 1626 716 hoc
1661 660 1796 715 satis
1834 656 2087 728 frigidum

526 761 972 841 superﬂuumque
1000 764 1108 821 est,
1135 765 1191 811 et
1219 752 1459 809 hominis
1490 751 1800 806 divinarum
1848 746 2092 817 Scriptu-

527 870 710 912 rarum
745 854 814 906 im
825 849 1006 921 periti.

595 947 755 1000 Certe
800 951 855 998 et
890 940 1019 994 illud
1052 957 1065 993 :
1098 955 1117 990 ι
1156 936 1440 1006 Tanquam
1483 935 1600 989 ovis
1652 933 1718 986 ad
1762 930 2090 987 occisionem

528 1045 725 1093 ductus
752 1043 836 1089 est
857 1031 923 1096 ⁸⁷,
958 1049 977 1082 ι
1011 1044 1121 1083 non
1146 1036 1400 1096 tanquam
1423 1024 1688 1087 futurum,
1718 1021 1811 1077 sed
1833 1030 2091 1089 tanquam

529 1128 863 1201 prxteritum
892 1122 1113 1179 ell‘ertur
1146 1137 1159 1173 :
1193 1133 1299 1172 non
1338 1118 1481 1171 enim
1512 1117 1665 1179 dixit,
1701 1115 1948 1173 ducetur,
1976 1109 2090 1175 sed,

537 1239 556 1273 ι
585 1221 784 1275 ductus
842 1222 928 1272 est
968 1233 980 1268 :
1018 1232 1039 1267 ι
1098 1228 1268 1283 quare
1329 1226 1395 1264 ne
1444 1210 1546 1263 hoc
1590 1206 1807 1278 quidem
1873 1203 2094 1259 Christo

534 1311 764 1365 Domino
802 1304 1115 1378 quadraret,
1148 1303 1304 1372 juxta
1334 1300 1864 1371 sapientissimorum
1899 1296 2091 1349 horum

537 1399 907 1463 ratiocinium,
957 1410 1096 1466 quos
1144 1394 1329 1464 potius
1389 1391 1529 1446 scire
1580 1395 1855 1459 oporteret
1896 1394 2098 1453 tempo-

537 1506 657 1546 rum
685 1489 890 1544 variam
922 1484 1207 1554 enallagen
1253 1480 1396 1551 apud
1427 1480 1665 1534 divinam
1718 1476 2095 1545 Scripturam;

535 1580 679 1653 quod
714 1595 814 1635 nos
845 1578 1064 1648 c0piose
1094 1576 1333 1644 satisque
1376 1574 1429 1625 in
1478 1570 1816 1623 Psalmorum
1858 1582 1920 1619 ac
1965 1565 2099 1619 Pro-

538 1674 825 1743 phetarum
856 1666 1304 1737 interpretatione
1333 1660 1495 1733 334
1520 1661 1826 1714 docuimus.
1866 1656 1979 1710 Hoc
2006 1672 2100 1708 au-

537 1773 646 1817 tem
678 1760 800 1814 loco
830 1774 900 1813 ne
926 1770 1057 1811 usus
1087 1754 1305 1824 quidem
1338 1751 1617 1811 dictionis,
1650 1750 1694 1803 si
1728 1749 1852 1818 quis
1882 1762 2000 1800 eam
2034 1745 2101 1799 ad

2194 644 2318 715 ἔφη,
2337 643 2510 695 καίτοι
2532 657 2597 709 γε
2619 639 2786 693 πάλαι
2806 639 2898 692 τοῦ
2917 636 3217 711 Ζοροϐάϐελ
3235 637 3342 689 ἀπὸ
3364 638 3452 707 τῆς
3472 641 3690 710 αἰχμαλω.

2193 736 2312 799 σίας
2339 734 2474 806 μετὰ
2493 732 2600 787 τῶν
2618 731 2818 785 λοιπῶν
2831 729 3306 801 ἐπανεληλυθότος,
3328 731 3399 799 (ι).
3416 731 3526 801 498)
3546 734 3693 805 ψυχρο-

2192 828 2375 895 λογίας
2391 825 2506 879 ὲστὶ
2532 825 2792 895 περιττῆς
2818 822 2911 876 καὶ
2931 820 3179 891 ἀπειρίας
3206 820 3314 873 τῶν
3332 820 3478 874 θείων
3495 823 3694 894 Γραφῶν.

2262 918 2335 971 Τὸ
2360 916 2507 987 γοῦν,
2550 935 2569 968 ι
2621 916 2707 979 Ὠς
2750 914 3020 986 πρόϐατον
3047 914 3140 965 ἐπὶ
3168 912 3381 982 σφαγὴν
3409 912 3561 1000 ἢχθη.
3590 918 3697 987 »οὐχ

2193 1010 2381 1081 ῶσπερ
2434 1008 2737 1078 μέλλοντος,
2781 1006 2856 1069 ὡς
2888 1004 3302 1077 περιγεγονότος
3331 1003 3386 1055 δὲ
3434 1004 3525 1075 ἤδη
3553 1006 3697 1074 λέγεν

2193 1102 2252 1153 οὐ
2284 1100 2392 1170 γὰρ
2432 1098 2747 1167 Ἀχθήσεται
2780 1092 2949 1160 εἶπεν,
3011 1093 3126 1147 ἀλλ’
3174 1096 3388 1163 Ἥχθη·
3438 1094 3506 1157 ὼς
3558 1097 3639 1149 οὐκ
3656 1098 3704 1149 ἂν

2196 1195 2484 1265 ἁρμόσειεν
2532 1192 2650 1243 οὐδὲ
2676 1188 2832 1241 τοῦτο
2859 1186 2938 1257 τῷ
2971 1187 3214 1257 Δεσπότῃ
3244 1183 3457 1255 Χριστῷ
3496 1189 3615 1241 κατὰ
3637 1188 3704 1241 τὸν

2195 1283 2303 1335 τῶν
2338 1280 2662 1349 σοφωτάτων
2693 1276 2869 1344 λόγον,
2890 1274 2983 1338 οὓς
3009 1275 3176 1346 ὲχρῆν
3203 1273 3397 1326 εἰδέναι
3418 1272 3515 1325 τῶν
3544 1276 3707 1343 χρόνων

2136 1372 2139 1375 ’
2196 1374 2294 1445 τὴν
2346 1370 2642 1441 ἐναλλαγὴν
2684 1369 2934 1439 ποικίλην
2967 1362 3132 1421 οὖσαν
3176 1365 3267 1418 ἐπὶ
3306 1365 3402 1433 τῆς
3445 1363 3574 1427 θείας
3600 1364 3705 1435 Γρα-

2200 1468 2325 1537 φῆς,
2349 1468 2484 1536 ὅπερ
2513 1460 2604 1517 οὖν
2639 1463 2726 1516 διὰ
2757 1460 2966 1515 πολλῶν
2995 1462 3157 1530 ἡμεῖς
3185 1460 3242 1511 έν
3279 1460 3345 1528 τῇ
3379 1457 3481 1508 τῶν
3514 1457 3710 1527 Ψαλμῶν

2200 1559 2484 1631 ἑρμηνείᾳ,
2518 1558 2610 1610 καλ⁵
2647 1556 2739 1608 ἐπὶ
2777 1554 2886 1608 τῶν
2919 1552 3209 1624 προφητῶν
3253 1549 3521 1618 ἐδείξαμεν
3558 1551 3713 1618 αὐτὰρ·

2201 1667 2330 1713 κως.
2372 1646 2636 1701 Ἐνταῦθα
2661 1646 2841 1717 μέντοι
2867 1660 2931 1713 γε
2964 1643 3083 1695 οὐδὲ
3110 1645 3143 1712 ἡ
3175 1641 3367 1711 χρῆσις
3391 1641 3480 1708 τῆς
3498 1642 3714 1709 φωνῆς,εἱ

2202 1741 2263 1811 δή
2296 1757 2377 1803 τις
2400 1738 2569 1809 αὐτὴν
2595 1739 2736 1791 κατὰ
2767 1737 2857 1789 τὸν
2899 1736 3088 1806 χρόνον
3112 1732 3305 1803 κρίνοι,
3346 1730 3712 1803 ἁρμόττουσατῇ

538 1866 789 1909 normam
823 1822 1337 1919 temporis—exigat,
1364 1843 1568 1898 Christi
1603 1840 1815 1894 Domini
1842 1836 2097 1892 adventui

2219 1832 2297 1886 τοῦ
2341 1832 2609 1886 Δεσπότου
2653 1826 2889 1902 Χριστοῦ
2939 1825 3243 1896 παρουσίᾳ·
3281 1826 3314 1890 ἡ
3352 1823 3447 1891 μὲν
3474 1822 3570 1892 γὰρ
3616 1826 3717 1893 μετὰ

538 1941 825 2012 congruit;
877 1901 965 1992 hic
991 1937 1134 1990 enim
1185 1901 1307 2004 post
1352 1932 1580 1985 multqu
1633 1938 1845 1998 tempus
1885 1928 2099 1980 futurus

2219 1922 2368 1976 τολὺν
2390 1921 2619 1993 ἤμελλεν
2650 1901 2899 1989 γενέσθαι
2916 1918 3006 1970 τὸν
3039 1916 3248 1986 χρόνον,
3272 1915 3300 1965 ὁ
3319 1912 3379 1965 δὲ
3406 1913 3500 1965 οὐκ
3527 1912 3719 1965 Ἐλεύσεη

539 2042 689 2097 erat;
723 2038 778 2085 at
806 2034 1067 2101 propheta
1099 2041 1206 2080 non
1231 2025 1323 2089 ait,
1344 2021 1548 2084 Aderit,
1578 2019 1721 2090 quod
1747 2020 1813 2073 de
1838 2035 1898 2073 re
1922 2017 2105 2071 futura

539 2125 647 2180 dici
695 2120 1002 2194 oportebat,
1046 2117 1161 2182 sed,
1196 2134 1214 2167 ι
1257 2113 1543 2173 Adventat,
1583 2131 1602 2164 ι
1637 2110 1778 2181 quod
1826 2109 1893 2164 de
1944 2110 2106 2163 rebus

541 2215 895 2279 instantibus,
936 2219 991 2267 et
1029 2224 1149 2280 qua:
1209 2208 1354 2261 illico
1405 2207 1560 2269 liuut,
1601 2202 1708 2257 dici
1759 2202 1917 2257 solet.
1965 2198 2109 2255 Sane

538 2311 695 2378 juxta
728 2308 920 2361 horum
954 2299 1345 2371 interpretandi
1375 2298 1661 2357 rationem,
1700 2295 1854 2365 plura
1891 2307 2110 2362 quoque

542 2400 651 2454 alia
695 2396 1041 2452 invenientur
1087 2403 1428 2460 supervacue
1457 2387 1598 2456 apud
1644 2386 1962 2457 prophetam
2013 2397 2111 2451 po-

545 2495 693 2549 sita:
722 2490 851 2561 quia
878 2487 1006 2543 Jesu
1039 2499 1257 2556 quoque
1296 2496 1442 2536 nunc
1475 2479 1690 2534 detrahi
1725 2478 1858 2531 dicit
1889 2475 2111 2531 sordida

545 2585 892 2644 vestimenta,
926 2594 1047 2649 qua:
1087 2574 1419 2647 captivitatis
1460 2571 1657 2626 indicia
1698 2578 1889 2633 erant;
1938 2582 2114 2637 quan-

548 2689 710 2743 quam
734 2671 1072 2741 exploratum
1099 2674 1184 2721 est
1213 2665 1390 2733 ipsum
1414 2660 1619 2730 pariter
1638 2675 1760 2713 cum
1781 2652 2115 2712 Zo'robahele

544 2762 656 2832 jam
712 2760 963 2821 rediisse,
1017 2754 1332 2824 captivitate
1380 2751 1631 2810 liberum,
1678 2757 1734 2803 et
1789 2746 2113 2802 sacerdotali

543 2852 734 2908 habitu
788 2848 1061 2905 indutum.
1110 2844 1474 2911 Quamobrem
1507 2851 1561 2895 et
1597 2841 1811 2894 beatum
1858 2838 2114 2908 Aggaeum

548 2946 871 3017 prophetam
902 2941 1266 2997 communiter
1297 2949 1409 2992 tum
1439 2932 1787 2994 Zorobabeli,
1823 2940 1933 2985 tum
1964 2928 2116 2994 Jesu,

548 3039 728 3094 dici-re
794 3042 1018 3105 apparet
1081 3029 1485 3100 suscipiendam
1544 3041 1668 3081 esse
1724 3024 1911 3093 templi
1952 3020 2121 3075 aedili-

551 3128 711 3184 candi
751 3141 976 3191 curam;
1008 3137 1290 3193 ptenaeque
1332 3133 1641 3174 mensuram
1681 3131 1827 3170 nunc
1858 3114 2117 3175 ablatam,

2203 2032 2292 2067 ται
2320 2010 2493 2077 εἶπεν,
2531 2014 2666 2083 ὅπερ
2699 2012 2966 2082 ἥρμοττεν
3002 2009 3093 2060 ἐπὶ
3132 2007 3224 2059 τοῦ
3260 2004 3533 2077 μέλλοντος
3568 2008 3719 2067 εἰπείν,

2207 2105 2319 2159 ἀλλ’
2341 2124 2359 2155 ι
2375 2106 2654 2175 Ἔρχεται,
2668 2121 2685 2153 ι
2702 2103 2837 2173 ὅπερ
2854 2099 3040 2153 εἴωθεν
3066 2098 3157 2151 ἐπὶ
3176 2098 3281 2151 τῶν
3312 2097 3476 2165 έγγὺς
3491 2097 3573 2148 καί
3586 2113 3721 2166 παρα-

2207 2198 2310 2267 χρῆ
2321 2213 2394 2266 μα
2426 2194 2723 2263 γινομένων
2750 2189 3196 2260 λέγεσθαι.Κατὰ
3216 2188 3272 2241 δέ
3299 2204 3365 2257 γε
3392 2185 3565 2241 τοῦτον
3584 2186 3723 2241 αὐτῶν

2208 2288 2298 2341 τὸν
2341 2287 2497 2356 λόγον
2549 2284 2717 2348 πολλὰ
2768 2284 2862 2336 καὶ
2895 2283 3056 2353 ἕτερα
3109 2280 3381 2352 περιττῶς
3434 2280 3725 2350 εὑρεθήσεται

2210 2378 2436 2448 κείμενα
2470 2378 2619 2448 παρὰ
2637 2376 2713 2447 τῷ
2744 2376 2993 2447 προφήτῃ
3013 2389 3026 2404 ο
3053 2372 3175 2426 ἐπεὶ
3212 2372 3306 2425 καὶ
3333 2369 3432 2424 τοῦ
3476 2370 3628 2441 Ἰησοῦ
3655 2369 3726 2421 νῦν

2212 2469 2561 2539 ἀφαιρεῖσθαι
2588 2469 2737 2536 λέγει
2770 2467 2839 2520 τὰ
2868 2465 3086 2537 ῥυπαρὰ
3110 2466 3318 2535 ἱμάτια,
3352 2464 3493 2530 ἅπερ
3513 2459 3574 2534 ἦν
3597 2462 3726 2533 δήλωο

2215 2581 2297 2627 σις
2341 2564 2438 2633 τῆς
2500 2562 2909 2633 αἰχμαλωσίας,
2957 2558 3049 2612 νῦν
3106 2576 3162 2611 τε
3211 2556 3359 2627 αὐτῷ
3415 2556 3473 2610 τὸ
3514 2556 3730 2628 ἱερατικὸν

2215 2653 2584 2726 περιτίθεσθαι
2622 2656 2804 2722 σχῆμα
2831 2668 2842 2681 ·
2876 2651 3051 2705 καίτοι
3078 2667 3141 2717 γε
3181 2649 3342 2719 δῆλον
3386 2650 3464 2701 ὅτι
3494 2648 3578 2701 καὶ
3612 2648 3731 2710 αὐτὸς

2220 2746 2355 2816 μετὰ
2394 2745 2488 2798 τοῦ
2542 2743 2845 2815 Ζοροϐάϐελ
2894 2740 3141 2812 ἐληλύθει
3166 2779 3180 2802 ,
3213 2739 3542 2807 ἀπαλλαγείς
3588 2756 3637 2791 τε
3662 2739 3733 2807 τῆς

2216 2838 2586 2908 αἰχμαλωσίας
2621 2837 2713 2889 καὶ
2740 2838 2796 2888 έν
2826 2833 2902 2905 τῷ
2932 2835 3030 2902 τῆς
3071 2832 3368 2904 ἱερωσύνης
3404 2833 3619 2901 σχήματι
3639 2828 3736 2882 καθ-

2219 2929 2409 2992 εστώς.
2454 2929 2613 2982 Ὅθεν
2666 2929 2760 2981 καὶ
2804 2929 2833 2980 ὁ
2880 2927 3165 2997 προφήτης
3223 2925 3492 2995 μακάριος
3540 2924 3736 2989 Ἀγγαῖος

2219 3022 2371 3091 κοινῇ
2411 3018 2546 3090 πρὸς
2577 3018 2667 3072 τὸν
2697 3016 3000 3089 Ζοροϐάϐελ
3031 3016 3124 3069 καὶ
3172 3015 3307 3087 πρὸς
3360 3014 3519 3068 αὑτὸν
3544 3013 3739 3083 φαίνεται

2219 3113 2391 3182 λέγων
2418 3110 2479 3164 τὸ
2507 3110 2704 3181 χρῆναι
2737 3108 2836 3178 τῆς
2870 3107 3162 3176 οἰκοδομῆς
3186 3105 3280 3159 τοῦ
3314 3105 3446 3158 ναοῦ
3490 3103 3736 3175 φροντίσαι.

550 3235 661 3275 una
701 3233 826 3273 eum
857 3214 1076 3272 lsraelis
1120 3221 1363 3283 peccato,
1401 3210 1477 3263 ait
1517 3208 1843 3278 Babylonem
1880 3205 2113 3257 transla-

2226 3203 2320 3259 καὶ
2347 3202 2408 3255 τὸ
2439 3202 2633 3271 μέτρον
2673 3200 2730 3252 δὲ
2767 3200 2867 3267 τῆς
2900 3199 3163 3269 τιμωρίας
3216 3196 3306 3250 νῦν
3343 3196 3619 3267 ἀφαιρεθὲν
3642 3193 3742 3263 μετὰ

552 3316 686 3362 tam.
732 3307 983 3359 Attamen
1029 3304 1142 3373 jam
1181 3301 1355 3369 Cyrus
1394 3299 1680 3352 Persarum
1710 3310 1802 3350 rex
1846 3292 1913 3347 de
1954 3291 2120 3361 capti-

554 3396 725 3449 vitate
770 3392 1028 3463 populum
1069 3389 1349 3449 emiserat,
1398 3386 1836 3455 Babylonenique
1871 3389 2121 3434 vastave-

558 3492 663 3539 rat.
694 3480 867 3537 Porro
901 3486 1120 3534 constat
1159 3478 1266 3531 dici
1318 3477 1430 3528 hzec
1469 3489 1499 3527 a
1547 3473 1811 3543 propheta
1862 3476 2123 3539 regnante

555 3573 741 3636 Dario,
773 3571 868 3641 qui
901 3569 1003 3625 fuit
1045 3576 1275 3639 quartus
1303 3581 1333 3619 a
1365 3564 1529 3635 Cyro.
1565 3563 1746 3628 Quare
1778 3558 2122 3627 intempesti-

558 3680 686 3721 vum
722 3664 938 3729 fuisset,
964 3661 1122 3730 juxta
1167 3660 1293 3713 talis
1319 3657 1599 3712 sententia:
1635 3661 1908 3716 auctores,
1945 3652 2127 3704 dicere

560 3773 706 3813 nunc
748 3755 885 3818 ﬁeri,
922 3768 1044 3823 qua:
1090 3751 1218 3805 olim
1253 3758 1307 3803 et
1339 3748 1509 3801 multo
1554 3756 1798 3814 tempore
1840 3750 1966 3796 ante
2006 3756 2129 3795 eve-

558 3855 775 3903 nerant.
802 3844 910 3901 Sed
939 3846 1083 3901 enim
1122 3844 1471 3912 perspicuum
1501 3846 1585 3892 est
1625 3851 1715 3891 res
1756 3834 1974 3903 quidem
2006 3833 2129 3886 illas

554 3940 669 4010 jam
696 3938 965 4002 evenisse,
1001 3935 1320 4006 prophetam
1365 3944 1492 3985 vero
1526 3926 1857 3983 revelatione
1892 3924 2131 3979 illustra-

2226 3293 2323 3364 τῆς
2355 3293 2625 3363 ἁμαρτίας
2652 3291 2744 3343 τοῦ
2784 3289 3018 3360 Ἰσραὴλ,
3070 3290 3233 3360 φησὶν
3265 3291 3347 3351 εἰς
3379 3287 3643 3339 Βαϐυλῶνα
3664 3285 3742 3337 ἀπ-

2225 3385 2527 3457 ενηνέχθαι.
2568 3384 2761 3436 Καίτοι
2790 3400 2851 3449 γε
2876 3382 3053 3453 Κύρος
3089 3383 3186 3451 μὲν
3218 3384 3246 3434 ὁ
3273 3382 3387 3433 τῶν
3409 3380 3616 3451 Περσῶν
3639 3377 3748 3433 Sacr-

2225 3477 2348 3539 λεὺς
2370 3476 2469 3546 τῆς
2513 3492 2571 3527 τε
2597 3474 2971 3544 αἰχμαλωσίας
3012 3474 3245 3525 ἀπέλυσε
3274 3472 3370 3524 τδν
3395 3472 3537 3532 λαὸν,
3562 3470 3625 3540 (p.
3652 3467 3744 3532 499)

2226 3569 2323 3624 καὶ
2357 3568 2457 3639 τὴν
2499 3566 2793 3619 Βαϐυλῶνα
2842 3564 3086 3619 καθεῖλε·
3112 3565 3363 3634 φαίνεται
3399 3564 3455 3617 δὲ
3501 3562 3652 3615 ταῦτα
3684 3560 3749 3610 ἐπὶ

2227 3661 2455 3732 Δαρείου
2494 3662 2585 3715 τοῦ
2622 3662 2882 3732 βασιλέως
2917 3663 3086 3730 λέγων
3114 3662 3142 3712 ὁ
3183 3661 3490 3732 προφήτης,
3521 3658 3573 3721 ὃς
3603 3656 3750 3723 τέταρ-

2229 3770 2320 3816 τος
2356 3750 2425 3824 ἦν
2450 3756 2558 3808 ἀπὸ
2604 3754 2815 3824 Κύρου·
2846 3754 2974 3808 ὥστ’
3006 3755 3107 3806 οὐκ
3141 3749 3251 3822 εἶχε
3303 3752 3533 3822 καιρὸν,
3573 3747 3687 3803 κατά
3708 3762 3751 3812 γε

2230 3848 2357 3910 τοὺς
2400 3845 2509 3898 τῶν
2538 3846 2791 3899 τοιούτων
2821 3844 3144 3915 νομοθέτας,
3174 3843 3269 3898 νῦν
3300 3844 3483 3911 λέγειν
3510 3837 3753 3909 γίνεσθαιᾶ

2234 3936 2401 3989 πάλαι
2435 3936 2529 3989 καὶ
2575 3936 2679 4007 πρὸ
2723 3935 2919 3988 πολ).οῦ
2950 3936 3160 4005 γεγόνει
3189 3934 3281 3987 τοῦ
3319 3935 3517 4005 χρόνου
3536 3950 3549 3963 ο
3578 3930 3671 3984 ἀλλ’
3694 3926 3756 3979 εἰν

560 4042 677 4086 tum
718 4030 936 4085 easdem
978 4042 1123 4082 nunc
1160 4036 1491 4092 cognoscere
1536 4027 1785 4089 peractas
1817 4016 1985 4070 fuisse
2020 4034 2033 4069 :
2074 4021 2133 4068 ut

558 4120 643 4173 sic
680 4120 972 4172 universus
1020 4118 1251 4187 populus
1300 4114 1501 4169 certior
1544 4112 1714 4173 lict-et,
1762 4109 1897 4163 nihil
1943 4121 2132 4160 eorum

562 4225 683 4279 qua:
716 4216 835 4262 acta
869 4208 1103 4271 fuerant,
1150 4221 1279 4259 casu
1320 4204 1403 4257 vel
1437 4218 1532 4273 per
1559 4217 1617 4255 se
1667 4201 1982 4268 contigisse,
2040 4197 2136 4252 sed

562 4301 747 4354 divina
794 4300 1070 4352 voluntate
1112 4312 1173 4349 ac
1215 4298 1435 4351 decreto
1478 4299 1789 4362 comparata
1826 4306 1948 4345 esse
1990 4305 2138 4358 qum-

563 4409 781 4462 cunque
824 4393 959 4461 ipsis
1010 4390 1321 4443 acciderant
1361 4388 1522 4441 bona.
1579 4384 1941 4449 Quamobrem
1994 4382 2118 4434 haut

2240 4389 2635 4441 ἐπιτετέλεσται
2659 4388 2722 4457 δὴ
2743 4388 2917 4441 πάντα
2946 4388 3015 4440 τὰ
3042 4388 3169 4459 περὶ
3198 4388 3401 4451 αὐτοὺς
3426 4386 3599 4455 ἀγαθά
3630 4401 3642 4415 ·
3669 4381 3760 4433 ὡστ’

568 4480 868 4537 absurdum
890 4489 995 4539 est,
1029 4495 1173 4533 nunc
1196 4480 1359 4532 etiam
1392 4476 1459 4529 de
1484 4477 1663 4545 populi
1694 4474 1893 4528 futuris
1919 4474 2118 4527 casihu:

2241 4480 2391 4533 οὐδὲν
2421 4481 2647 4542 ἀπεικὸς
2686 4476 2775 4551 ἧν,
2819 4480 2909 4533 καὶ
2960 4480 3055 4533 νῦν
3102 4480 3227 4549 περὶ
3252 4479 3364 4531 τῶν
3406 4474 3763 4549 προσεσομένων

566 4574 671 4628 sub
702 4570 1054 4626 Zorobabclis
1097 4584 1285 4637 regno,
1319 4567 1414 4622 Dei
1454 4570 1721 4622 sententia
1764 4566 1829 4618 ad
1865 4564 1918 4618 id
1956 4564 2114 4618 electi

2246 4572 2323 4641 τῷ
2352 4570 2464 4641 λαῷ
2492 4570 2580 4623 διὰ
2609 4572 2706 4641 τῆς
2749 4569 2841 4623 τοῦ
2875 4570 3177 4641 Ζοροϐάϐελ
3202 4568 3485 4639 βασιλείας
3518 4568 3645 4621 κατά
3667 4561 3764 4616 Θεοῦ

568 4666 879 4735 loquentem
930 4662 1269 4733 prophetam,
1306 4661 1487 4715 dicere
1521 4677 1538 4710 ι
1571 4658 1838 4713 Adventat
1864 4657 2049 4726 justus
2088 4672 2117 4711 e

2245 4660 2470 4732 γνώμην
2506 4664 2585 4725 εἰς
2618 4661 2776 4714 τοῦτο
2809 4660 3277 4730 προχειρισθέντος
3308 4660 3543 4728 λέγοντα
3565 4657 3645 4711 τὸν
3668 4669 3765 4723 προσ

571 4761 845 4818 salvator;
892 4773 911 4806 ι
963 4763 1020 4806 ιιι
1059 4753 1323 4822 signiﬁcet
1367 4751 1559 4805 adesse
1599 4750 1748 4815 illum
1781 4750 1848 4803 ad
1894 4749 1944 4801 id
1978 4762 2141 4817 nego-

573 4849 656 4909 tii,
688 4855 736 4902 et
770 4860 801 4899 a
822 4844 933 4901 Deo
969 4860 1148 4913 regem
1177 4848 1433 4907 electum,
1473 4853 1530 4897 ut
1559 4857 1621 4896 ea
1655 4850 1892 4910 praestet,
1928 4856 2050 4910 qua:
2089 4840 2145 4893 in

570 4937 1056 5010 subsequentibus,
1099 4952 1199 5006 pro
1231 4938 1431 5006 populo
1474 4939 1541 4990 ab
1584 4950 1648 4991 eo
1696 4944 1912 5004 peracta
1951 4933 2143 5001 fuisse,

568 5036 722 5091 dicit.

2234 4026 2391 4095 δηλον
2420 4027 2500 4080 ὅτι
2534 4028 2603 4080 τὰ
2644 4028 2739 4097 μὲν
2784 4029 3082 4097 πράγματα
3114 4026 3357 4095 γέγονεν,
3381 4029 3410 4080 ὁ
3448 4020 3755 4097 προφήτηςᾶ

2235 4117 2300 4169 δι’
2324 4118 2715 4187 ἀποκαλύψεως
2750 4120 2851 4189 ὁρᾷ
2892 4119 2987 4171 νῦν
3046 4120 3184 4171 αὐτὰ
3205 4118 3491 4188 γινόμενα,
3531 4117 3599 4179 ὡς
3624 4111 3757 4168 me

2237 4210 2533 4277 γεγονότων
2581 4211 2627 4261 οἱ
2669 4209 2761 4261 τοῦ
2799 4209 2928 4262 λαοῦ
2973 4210 3193 4278 μάθοιεν
3244 4212 3485 4273 πάντες,
3516 4211 3591 4261 ὅτι
3638 4204 3757 4274 μηδὲν

2239 4297 2346 4351 ἀπὸ
2392 4299 2730 4367 ταυτομάτου
2765 4299 2977 4365 γέγονε,
3000 4299 3117 4369 θείᾳ
3167 4299 3221 4350 δὲ
3262 4298 3524 4369 βουλήσει
3564 4296 3646 4349 καί
3684 4294 3760 4361 ὅρῳ

2248 4755 2423 4825 φήτην
2452 4756 2645 4821 εἰπεῖν,
2673 4754 2753 4807 ὅτι
2776 4773 2793 4804 ι
2822 4754 3077 4824 Ἔρχεται
3103 4753 3308 4816 δίκαιος
3342 4754 3441 4806 καὶ
3465 4752 3657 4817 σώζων,
3683 4766 3698 4796 ι
3718 4744 3767 4803 ὡν

2250 4848 2315 4901 ἂν
2341 4846 2630 4917 δηλώσειεν
2657 4847 2734 4899 ὅτι
2756 4846 2847 4898 ἐπὶ
2875 4845 3082 4908 τούτοις
3106 4844 3339 4916 πάρεστί
3359 4861 3423 4897 τε
3458 4844 3681 4913 καὶπρὸς
3702 4837 3770 4904 τὴν

2253 4940 2524 5011 βασιλείαν
2555 4938 2848 5005 ἐξείλεκται
2879 4938 3028 5008 παρὰ
3061 4937 3154 4991 τοῦ
3181 4938 3317 4991 Θεοῦ
3368 4939 3467 4991 ἐπὶ
3509 4935 3567 4988 τὸ
3603 4932 3773 4999 ποιῆσαι

2252 5032 2443 5095 ταῦτα,
2469 5031 2612 5102 ἆπερ
2633 5026 2726 5084 οῦν
2748 5032 2805 5082 ὲν
2834 5033 2945 5094 τοῖς
2976 5032 3102 5100 ἑξῆς
3127 5030 3253 5101 περὶ
3285 5029 3383 5083 τὸν
3409 5028 3539 5082 λαὸν
3570 5026 3632 5080 δι’
3653 5018 3773 5077 αὑτοῦ

2253 5122 2579 5194 γεγενῆσθαί
2615 5139 2800 5192 φησιν.

2324 5214 2471 5284 Στίχ.
2498 5212 2646 5282 ι’-ιβ’.
2675 5242 2746 5251 -
2786 5210 2945 5264 Ἀλλὰ
2982 5211 3150 5265 ταῦτα
3175 5210 3273 5280 μὲν
3318 5210 3406 5273 εἰς
3439 5200 3777 5279 ἀκριϐεστέραν

2255 5305 2492 5378 εἰρήσθω
2527 5302 2875 5356 διδασκαλίαν
2915 5300 3048 5368 (66).
3079 5300 3141 5355 Ὀ
3181 5301 3235 5353 δὲ
3267 5303 3564 5371 προφήτης
3588 5295 3695 5367 περί
3714 5287 3781 5342 τώ

2251 5396 2552 5469 Ζοροϐάϐελ
2579 5395 2772 5465 λέγων,
2804 5393 2898 5446 καὶ
2936 5393 3063 5463 περί
3092 5391 3256 5448 αὐτοῦ
3287 5392 3357 5463 δὴ
3388 5394 3461 5446 τὰ
3496 5392 3587 5443 νῦν
3616 5398 3782 5457 προφη-

587 5277 596 5285 ,
640 5217 802 5291 335
840 5217 1008 5272 Vatis.
1043 5216 1230 5273 10-12.
1252 5242 1325 5254 —
1362 5212 1467 5267 Sed
1528 5212 1792 5267 hactenus
1821 5227 1851 5266 a
1884 5200 2043 5266 nobis
2074 5213 2145 5266 ob

572 5313 895 5368 tradendam
922 5310 1316 5367 accuratiorem
1337 5307 1645 5360 doctrinam
1668 5304 1875 5358 dictum
1902 5306 1994 5358 sit.
2026 5304 2145 5359 Jam

577 5406 835 5475 prepheta
856 5402 923 5457 de
953 5398 1286 5454 Zurobabele
1310 5398 1557 5467 loquens,
1579 5396 1754 5464 deque
1782 5394 1971 5449 eodem
1997 5413 2141 5452 nunc

654 5551 695 5581 ⁸⁷
737 5547 842 5602 lsa.
881 5560 1001 5610 un,
1040 5544 1094 5597 7.

651 5689 774 5759 (66).
793 5685 1084 5759 Granditer
1102 5684 1380 5759 libereque
1402 5692 1559 5759 more
1576 5692 1676 5759 suo
1692 5676 1917 5759 criticas
1939 5675 2151 5759 herme-

583 5746 810 5815 rieuticte
832 5758 1044 5825 regulas
1067 5746 1415 5825 tradidit'hoc
1440 5751 1559 5801 loco
1576 5746 1925 5825 Theodorus;
1951 5748 2150 5825 quibus

580 5841 784 5891 tamen,
827 5815 941 5880 tum
975 5826 1059 5878 hic
1093 5834 1208 5878 tum
1238 5821 1390 5889 alibi,
1434 5819 1649 5873 nonnisi
1684 5833 1749 5870 ex
1777 5815 2151 5870 communiore

2258 5692 2447 5731 norma
2503 5684 2816 5731 sanctorum
2877 5675 3097 5729 Patrum
3156 5684 3399 5729 utemur.
3476 5670 3789 5726 Conferantuf

2256 5758 2406 5802 certe
2433 5748 2484 5800 in
2508 5750 2605 5801 hoc
2626 5746 2903 5800 Zacharia:
2923 5746 3157 5815 capitulo
3181 5745 3573 5815 Hieronymus.
3592 5732 3790 5815 Theodo-

2257 5826 2429 5883 retus,
2457 5817 2713 5887 Cyrillits.
2747 5818 2827 5873 Ad
2858 5804 3084 5870 Joan'nis
3115 5824 3289 5871 autem
3322 5804 3430 5879 xii,
3462 5813 3547 5877 15,
3567 5804 3791 5864 locumla-
