3824 6510
171 286 259 387 ssi

1052 320 1594 403 COMMENTARIUS
1620 321 1688 377 1N
1732 318 2103 376 ZACHARLE
2142 318 2295 375 CAP.
2325 316 2412 373 IX.

3258 314 3364 371 563

135 432 139 441 ’
172 442 335 501 τεύων,
355 437 401 490 εἰ
431 434 517 490 καί
537 451 658 488 τινα
681 433 978 503 φαντασίαν
1006 434 1082 498 ὥς
1113 438 1393 508 προφήτης
1417 438 1511 492 καὶ
1535 436 1695 500 αὐτὸς
1722 488 1724 497 Α

1825 434 2120 499 'aticinans,
2142 433 2407 502 siquidem
2434 430 2774 501 phantasiam
2806 432 3095 502 quamdam
3123 428 3190 485 de
3215 430 3363 487 futu-

175 523 394 597 περὶτῶν
421 520 707 593 μελλόντων
721 517 885 591 εἶχεν,
902 523 1095 592 ἐπάγει
1113 540 1127 554 ·
1145 544 1164 576 ι
1196 526 1468 596 Κατάρξει
1489 526 1693 580 ὑδάτων

173 616 262 671 ἀπὸ
286 614 537 683 θαλάσσης
566 614 669 677 ἕως
702 614 995 684 θαλάσσης,
1026 616 1119 669 καὶ
1154 616 1261 670 ἀπὸ
1285 616 1544 687 ποταμῶν
1588 616 1696 681 ἕως

174 706 428 760 διεκϐολῶν
460 706 573 774 γῆς.
620 723 638 756 ι
695 704 1102 775 ’Υπερϐολικῶς
1139 707 1232 761 καὶ
1271 708 1427 761 τοῦτο
1465 710 1602 763 κατά
1635 708 1696 762 τὸ

175 799 333 860 εἰωθὸς
356 794 605 868 εἰρηκὼς,
637 797 718 849 ὅτι
756 796 965 850 πολλῶν
1021 800 1432 869 περιγενήσεται
1470 799 1576 852 τῶν
1608 801 1696 853 ἐν·

175 889 358 951 αντίων,
387 887 477 955 καὶ
527 886 722 957 πολλὴν
771 886 987 952 καθέξει
1042 886 1246 958 χώραν,
1301 889 1571 956 Ἰουδαίοις
1601 890 1699 961 τὴν

174 978 355 1048 οἴκησιν
376 976 540 1046 αὐτῆς
567 975 856 1047 παραδούς.
886 977 1135 1041 Τοιοῦτός
1167 979 1279 1031 ἐστι
1316 979 1411 1031 καὶ
1444 978 1593 1050 παρά
1621 978 1701 1050 τῷ

178 1068 397 1141 μακαρίῳ
436 1066 593 1120 Δαυῖδ
620 1069 649 1121 ὁ
683 1067 1074 1137 ἐϐδομηκοστὸς
1106 1076 1153 1120 α’
1175 1069 1406 1140 ψαλμὸς,
1432 1072 1489 1123 ἐν
1536 1071 1701 1140 εὐχῆς

178 1158 380 1227 σχήματι
426 1155 652 1224 δήλωσιν
699 1155 837 1225 ἔχων
878 1157 974 1225 τῆς
1005 1158 1141 1210 κατὰ
1178 1160 1267 1211 τὸν
1299 1159 1587 1229 Σολομῶνα
1615 1161 1703 1213 εὺο

177 1246 383 1316 ετηρίας,
414 1244 536 1297 ἔνθα
584 1248 781 1316 φησιν’
811 1262 829 1296 ι
865 1245 976 1317 Πρὸ
1018 1246 1111 1299 τοῦ
1161 1247 1312 1318 ἡλίου
1359 1248 1602 1319 διαμενεῖ
1643 1249 1702 1302 τὸ

175 1340 316 1405 ὄνομα
345 1335 520 1399 αὑτοῦ,
552 1336 646 1390 καί⁵
675 1336 779 1407 πρὸ
832 1338 931 1406 τῆς
979 1338 1202 1408 σελήνης
1231 1340 1421 1407 γενεὰς
1464 1340 1664 1409 γενεῶν
1683 1357 1698 1372 ·

178 1435 237 1502 (p.
268 1430 377 1500 500)
418 1432 508 1483 καὶ
541 1430 959 1501 κατακυριεύσει
1007 1433 1112 1486 άπὸ
1161 1434 1432 1503 Θαλάσσης
1481 1435 1582 1500 ἕως
1609 1436 1705 1490 θα-

176 1522 367 1588 λάσσης,
386 1521 487 1573 ἀπὸ
510 1520 765 1589 ποταμῶν
788 1521 890 1584 ἕως
921 1521 1169 1592 περάτων
1192 1524 1288 1593 τῆς
1316 1526 1635 1595 οἰκουμένης
1653 1540 1667 1555 ·
1682 1544 1699 1575 ι

177 1611 225 1662 οὐ
245 1610 337 1679 γὰρ
360 1608 596 1679 δηλονότι
620 1608 988 1681 ὑπερϐολικῶς
1012 1610 1224 1681 εἴρηται
1252 1613 1345 1665 καὶ
1367 1613 1536 1666 ταῦτα
1557 1631 1571 1679 ;
1589 1610 1709 1666 εἶτα

178 1702 367 1767 ἐπάγει,
407 1719 424 1750 ι
458 1700 567 1754 Καὶ
594 1702 657 1754 σὺ
683 1702 739 1753 ἐν
763 1701 951 1771 αἵματι
984 1702 1242 1773 διαθήκης
1283 1721 1374 1756 σου
1405 1704 1712 1769 ἐξαπέστει-

1799 527 1876 581 ris
1899 526 2063 582 rebus
2092 526 2207 596 ipse
2230 538 2445 593 quoque
2475 537 2572 576 ceu
2603 522 2862 593 propheta
2889 521 3142 588 habebat,
3176 521 3361 578 addit:

1804 637 1824 670 ι
1850 617 2223 673 Dominabitur
2246 616 2403 686 aquis
2422 629 2451 667 a
2468 615 2601 668 mari
2626 615 2691 669 ad
2721 630 2889 679 mare,
2929 624 2981 667 et
3001 628 3032 668 a
3055 612 3367 669 ﬂuminibus

1800 722 1973 779 usque
1994 711 2059 761 ad
2077 707 2255 762 exitus
2286 714 2464 761 terrae.
2490 724 2509 758 ι
2540 705 2895 777 Hyperbolice
2915 706 3017 759 hoc
3036 705 3199 761 etiam
3217 720 3368 759 more

1802 815 1903 855 suo
1924 797 2230 868 dicit,quod
2255 812 2445 867 nempe
2462 796 2660 851 multos
2687 798 2962 867 superabit
2988 796 3196 861 hostes,
3222 797 3365 851 mul-

1802 902 2019 961 tamque
2038 888 2303 943 obtinebit
2320 886 2615 957 regionem,
2634 902 2794 956 quam
2812 886 3012 943 ludatis
3027 887 3366 943 incolendam

1805 984 1996 1039 tradet.
2025 980 2172 1036 Talis
2192 988 2274 1037 est
2290 980 2449 1035 etiam
2473 978 2616 1050 apud
2633 980 2847 1034 beatum
2871 977 3122 1035 Davidem
3150 984 3367 1048 septua-

1805 1074 2044 1145 gesiinus
2071 1076 2277 1143 primus
2294 1071 2556 1141 psalmus,
2572 1071 2675 1126 sub
2698 1071 2873 1141 procis
2890 1071 3068 1139 specie
3084 1070 3369 1125 declarans

1810 1163 2116 1219 Salomonis
2142 1163 2577 1233 prosperitatem,
2606 1163 2694 1216 ubi
2717 1163 2828 1217 ait:
2859 1180 2877 1215 ι
2896 1162 3035 1218 Ante
3053 1163 3220 1217 solem
3247 1177 3371 1232 per-

1808 1256 2044 1310 manebit
2067 1270 2261 1309 nomen
2285 1256 2425 1322 ejus,
2446 1262 2501 1310 et
2526 1264 2651 1308 ante
2674 1255 2855 1308 lunam
2882 1270 2976 1323 per
2994 1254 3371 1323 generationes

1808 1346 2233 1415 generationum.
2268 1345 2331 1399 Et
2357 1344 2727 1399 dominabitur
2759 1359 2790 1397 a
2819 1343 2953 1397 mari
2977 1342 3042 1396 ad
3075 1347 3311 1404 mare,et
3342 1356 3372 1392 ιι

1810 1436 2121 1492 ﬂuminibus
2157 1453 2325 1507 usque
2356 1437 2422 1490 ad
2455 1436 2720 1490 terminos
2756 1433 2995 1489 terrae“.
3021 1450 3040 1484 ι
3078 1430 3270 1485 Nonne
3320 1438 3375 1484 et

1812 1529 1928 1585 haec
1976 1530 2321 1601 hyperbolice
2352 1529 2499 1583 dicta
2547 1527 2807 1586 fuerunt!
2851 1526 2972 1580 Mox
3003 1524 3271 1581 subditzr
3311 1523 3375 1575 Et

1814 1628 1873 1675 tu
1901 1620 1956 1675 in
1980 1622 2246 1691 sanguine
2270 1620 2583 1675 testamenti
2609 1620 2687 1673 tui
2714 1617 2948 1672 emisisti
2975 1617 3222 1685 captivos
3253 1622 3377 1668 tuos

1815 1712 1883 1766 de
1912 1712 2030 1768 lacu
2061 1727 2256 1781 aquam
2288 1727 2396 1767 non
2419 1711 2651 1765 habente
2674 1718 2727 1764 et
2757 1709 3013 1764 sedebitis
3037 1707 3092 1762 in
3118 1705 3379 1759 munitio-

180 1792 259 1853 λας
284 1791 521 1861 δεσμίους
549 1808 641 1843 σου
683 1794 746 1844 ἐκ
790 1791 992 1845 λάκκου
1018 1793 1116 1845 οὐκ
1165 1793 1376 1863 ἔχοντος
1407 1794 1549 1867 ὕδωρ
1581 1814 1595 1827 ο
1618 1797 1712 1850 καί⁸

1825 1819 1883 1858 ne
1902 1805 2099 1873 captivi
2125 1801 2456 1874 Synagogaa:
2484 1810 2537 1857 et
2562 1816 2659 1872 pro
2683 1816 2792 1855 uno
2814 1801 2901 1855 die
2926 1797 3378 1870 peregrinationis

181 1880 432 1934 καθίσεσθε
464 1881 521 1932 ἐν
550 1880 869 1952 ὀχυρώματι
900 1882 1108 1953 δέσμιοι
1137 1884 1234 1954 τῆς
1257 1886 1596 1956 συναγωγῆς,
1618 1888 1713 1939 καὶ

180 1973 280 2025 ἀντὶ
314 1971 436 2041 μιᾶς
479 1972 695 2041 ἡμέρας
744 1975 1100 2043 παροικεσίας
1133 1993 1227 2029 σου
1275 1975 1437 2030 διπλᾶ
1481 1978 1717 2032 ἀνταπο-

180 2062 308 2115 δώσω
342 2080 435 2115 σοι.
473 2081 491 2113 ι
536 2064 627 2115 Ἐν
659 2063 831 2116 ἅπασι
866 2064 929 2136 δὴ
977 2066 1186 2128 τούτοις
1222 2068 1454 2137 μάλιστα
1486 2069 1555 2122 τά
1588 2071 1718 2140 περὶ

178 2154 253 2206 τὸν
280 2152 389 2223 Γὼγ
412 2156 644 2225 ἐσόμενα
671 2155 729 2206 ἐν
750 2158 870 2218 ταῖς
901 2156 995 2208 τοῦ
1022 2157 1325 2228 Ζοροϐάϐελ
1354 2158 1587 2231 ἡμέραις
1616 2178 1719 2231 μη-

180 2244 274 2297 νύει
298 2262 311 2275 ·
339 2245 467 2317 πρὸς
489 2246 550 2299 ὃν
576 2246 723 2313 λέγει
752 2248 832 2299 ὅτι
860 2246 1086 2312 πολλοὺς
1113 2250 1332 2311 ἀνελὼν,
1366 2253 1459 2305 καὶ
1504 2252 1715 2308 πολλῶν

182 2337 356 2406 αἵματα
408 2338 639 2406 ἐκχέας,
688 2339 781 2390 καὶ
837 2341 903 2408 τῇ
964 2338 1073 2392 τῶν
1140 2341 1392 2396 ἐναντίων
1442 2344 1715 2415 ἀναιρέσει

180 2428 340 2499 ὥσπερ
360 2428 464 2481 τισὶ
492 2427 791 2498 συνθήκαις
824 2428 1125 2499 βεϐαιώσας
1150 2433 1324 2503 ἐαυτῷ
1346 2435 1444 2503 τὴν
1473 2434 1565 2487 τοῦ
1586 2435 1715 2488 λαοῦ

182 2516 452 2586 βασιλείαν,
484 2517 786 2584 ἀπαλλάξει
823 2517 921 2588 μὲν
974 2518 1218 2584 ἅπαντας
1261 2522 1518 2576 κινδύνων
1566 2525 1720 2594 μεγί-

184 2612 395 2673 στων,ὲν
424 2604 503 2673 οἷς
547 2608 737 2682 ὥσπερ
770 2612 826 2663 ἐν
853 2610 1040 2681 λάκκῳ
1090 2612 1193 2665 τινὶ
1244 2613 1517 2682 διάγουσιν
1577 2615 1719 2687 ὕδωρ

180 2701 261 2752 οὐκ
293 2700 473 2771 ἔχοντι,
511 2702 603 2754 ἵνα
642 2703 790 2773 εἴπῃ,
845 2702 1293 2775 ἀπαραμυθήτως
1336 2710 1524 2770 κακοῖς
1550 2707 1722 2779 ψυχα-

183 2792 359 2857 γωγίαν
378 2791 594 2862 ἔχουσιν
618 2791 870 2862 οὐδεμίαν
890 2810 904 2824 ’
940 2794 1245 2864 διαμενείτε
1275 2796 1331 2848 δὲ
1353 2798 1401 2850 οἰ
1436 2798 1603 2852 πάλαι
1637 2799 1723 2852 δέ-

186 2897 307 2949 σμιοι
334 2883 427 2951 τῆς
452 2882 562 2936 τῶν
597 2883 861 2936 Ἰουδαίων
891 2886 1209 2955 συναγωγῆς
1245 2887 1379 2956 μετὰ
1408 2890 1602 2959 πολλῆς
1625 2892 1723 2961 τῆς

185 2969 446 3036 ἀσφαλείας
476 2972 758 3039 διάγοντες
796 2973 853 3024 ἐν
883 2975 994 3038 τοῖς
1029 2974 1247 3039 οἰκείοις
1276 2980 1342 3048 τῇ
1383 2980 1724 3049 προεστῶτος

1812 1902 1943 1955 tuae.
1981 1895 2217 1964 duplicia
2250 1895 2346 1948 tibi
2382 1894 2696 1949 retribuam.
2719 1912 2737 1945 ι
2790 1895 2847 1946 ln
2891 1893 2976 1948 his
3005 1890 3259 1946 omnibus
3291 1904 3380 1943 res

1811 1986 2231 2056 pracipueGogi
2260 1985 2470 2041 futuras
2486 1985 2835 2041 Zorobabelis
2858 1991 3017 2038 astate
3048 1981 3261 2037 innuit:
3292 1980 3379 2034 cui

1813 2076 1947 2130 dicit
1975 2076 2092 2131 fore
2120 2084 2197 2141 ut,
2228 2077 2417 2129 multis
2466 2075 2805 2143 interemptis
2841 2082 2894 2126 et
2926 2072 3221 2126 multorum
3251 2082 3380 2122 san-

1816 2166 1976 2236 guine
2006 2164 2198 2231 eﬂ'uso,
2231 2176 2285 2219 et
2316 2163 2753 2219 adversariorum
2790 2161 2959 2224 caede,
2990 2158 3147 2229 quasi
3179 2155 3383 2211 foedere

1815 2257 2072 2328 quodam,
2106 2256 2289 2326 populi
2315 2256 2416 2309 sibi
2447 2270 2611 2324 regno
2638 2260 2871 2316 asserto,
2892 2250 3032 2317 fore,
3062 2250 3303 2318 inquam,
3326 2256 3385 2300 ut

1816 2364 2006 2404 omnes
2032 2348 2283 2402 maximis
2330 2346 2586 2416 periculis
2630 2343 2905 2414 expediat,
2942 2342 2997 2395 in
3026 2339 3226 2410 quibus
3263 2344 3387 2390 tan-

1816 2456 1976 2511 quam
2003 2441 2121 2493 lacu
2156 2439 2391 2508 quodam
2420 2437 2579 2507 aquis
2608 2444 2831 2491 careute
2858 2434 3084 2502 degunt,
3121 2428 3175 2483 id
3210 2434 3297 2483 est
3326 2428 3385 2479 in

1822 2532 1981 2584 malis
2004 2531 2197 2584 solatio
2222 2529 2371 2584 omni
2394 2536 2447 2582 et
2474 2528 2813 2582 recreatione
2835 2523 3168 2578 carentibus.
3198 2518 3388 2573 Perse—

1822 2620 2081 2674 verabitis
2107 2630 2287 2672 autem
2320 2618 2413 2687 qui
2441 2617 2570 2672 olim
2599 2613 2953 2672 eratisJuda-i
2978 2611 3200 2683 captivi,
3222 2608 3388 2662 multa

1823 2725 1944 2764 cum
1980 2710 2275 2765 securitate
2303 2710 2355 2762 in
2386 2708 2561 2779 patria
2594 2709 2694 2763 sub
2727 2704 2974 2777 praasidis
3002 2702 3169 2758 vestri
3196 2698 3386 2754 tutela.

1824 2802 2003 2868 Quare
2035 2817 2132 2871 pro
2165 2802 2232 2856 iis
2263 2816 2385 2870 qua:
2418 2801 2563 2865 passi
2596 2799 2732 2854 estis
2760 2796 3094 2866 captivitatis
3127 2804 3390 2862 tempore.

1827 2894 1996 2947 multo
2032 2890 2207 2960 major
2238 2891 2393 2947 vobis
2419 2889 2769 2961 praesentium
2802 2886 3072 2942 bonorum
3116 2884 3273 2953 copia
3308 2896 3393 2936 re-

1826 2984 2116 3038 tribuetur.

187 3060 311 3131 ὑμῶν
352 3063 648 3134 ἀσφαλείᾳ·
704 3065 844 3118 ὥστε
882 3064 997 3118 ἀνθ’
1034 3058 1108 3119 ὧν
1142 3068 1443 3122 πεπόνθατε
1469 3110 1483 3132 ,
1535 3073 1768 3142 ὁπηνίκα
1801 3076 1858 3129 ἐν
1896 3075 2292 3147 αἰχμαλωσίαις
2320 3071 2418 3147 ἦτε
2449 3072 2758 3143 διάγοντες,
2817 3067 3041 3142 μείζονά
3090 3084 3181 3119 σου
3217 3063 3395 3135 πολλῷ

187 3154 275 3207 τῶν
299 3159 571 3229 παρόντων
606 3158 825 3228 ἀγαθῶν
861 3159 1111 3228 γενέσθαι
1139 3162 1238 3232 τὴν
1265 3163 1547 3220 ἀντίδοσιν.

243 3249 370 3320 Στίχ,
419 3251 613 3321 ιγ’-ιζ’.
637 3280 709 3292 -
750 3248 886 3306 Εἶτα
939 3254 1243 3318 ἀκολούθως
1293 3257 1531 3324 ἐπάγει·
1568 3277 1587 3311 ι
1624 3259 1723 3315 Διά

1893 3259 2055 3330 336
2083 3256 2244 3311 Vens.
2270 3254 2391 3310 15-!
2404 3253 2455 3308 7.
2486 3250 2767 3307 -——Postea
2801 3246 3150 3319 prosequitur
3178 3264 3191 3299 :
3217 3262 3236 3297 ι
3265 3243 3399 3297 Ριοο

185 3338 316 3393 τοῦτο
346 3342 583 3398 ἐνέτεινά
615 3360 675 3396 σε
704 3344 943 3415 ἐμαυτῷ,
970 3346 1161 3412 Ἰούδα,
1194 3347 1271 3410 ὡς
1310 3346 1481 3412 τόξον,
1519 3348 1731 3420 ἐπλησα

188 3430 250 3500 τῷ
294 3433 554 3506 Ἐφραῒμ·
609 3434 702 3489 καὶ
753 3434 990 3507 ἐξεγερῶ
1020 3436 1087 3490 τά
1132 3438 1298 3491 τέκνα
1349 3437 1487 3491 Σιὼν
1528 3440 1619 3493 ἐπὶ
1663 3442 1732 3497 τὰ

190 3520 324 3577 τέκνα
352 3525 453 3578 τῶν
515 3526 824 3596 Ἑλλήνων,
860 3528 953 3580 καὶ
1004 3526 1310 3599 ψηλαφήσω
1356 3547 1413 3582 σε
1465 3529 1539 3595 ὡς
1595 3534 1729 3601 ῥομ-

191 3614 329 3679 φαίαν
373 3615 644 3689 μαχητοῦ.
680 3637 699 3670 ι
754 3617 922 3672 Ἰούδα
953 3619 1046 3673 καί
1092 3618 1331 3692 Ἐιρραῖμ
1361 3620 1533 3689 λέγει,
1572 3622 1639 3675 ἵν’
1669 3624 1734 3676 ἐκ

193 3702 363 3775 μέρους
392 3709 481 3762 τοῦ
524 3710 868 3780 κυριωτάτου
896 3710 957 3763 τὸ
998 3710 1249 3783 σύστημα
1293 3715 1401 3767 τῶν
1465 3716 1735 3771 Ἰουδαίων

192 3797 315 3870 εἴπῃ.
346 3800 419 3869 (p.
454 3801 588 3871 501)
644 3801 731 3865 Ὠς
779 3800 932 3865 τόξον
984 3803 1165 3856 τοίνυν
1197 3805 1548 3875 ἐντεταμένον
1596 3807 1736 3861 κατὰ

192 3886 278 3941 τῶν
304 3890 570 3963 πολεμίων
605 3893 748 3963 ὑμᾶς
775 3894 1077 3965 ἐργάσομαι
1112 3896 1391 3965 ἰσχυροὺς,
1422 3896 1562 3951 ὥστε
1597 3898 1736 3952 κατά

194 3980 380 4035 πάντων
404 3985 510 4039 τῶν
534 3985 950 4055 ἐπεληλυθότων
978 3986 1104 4057 ὑμῖν
1130 3987 1425 4058 ἀλλοτρίων
1451 3990 1588 4059 μετά
1610 3989 1736 4042 πολ-

194 4070 271 4143 λῆς
301 4076 435 4147 ὑμᾶς
481 4079 840 4150 ὁρμήσαντας
869 4078 969 4149 τῆς
1009 4079 1317 4149 προθυμίας
1363 4081 1528 4134 πολὺν
1558 4081 1737 4135 αὐτῶν

193 4163 499 4232 ἐργάσασθαι
534 4170 635 4221 τὸν
687 4169 845 4238 φόνον
865 4187 878 4200 ·
903 4171 996 4223 καὶ
1025 4170 1146 4223 ὅσον
1175 4171 1319 4234 εἰκὸς
1348 4171 1407 4238 ἐξ
1431 4172 1624 4244 ἀνδρὸς
1649 4189 1734 4241 γε-

194 4254 350 4311 νέσθαι
381 4262 435 4312 ἐν
480 4263 690 4332 μάχαις
739 4262 833 4314 καὶ
878 4262 1131 4331 πολέμοις
1157 4263 1248 4315 κα)⁵
1274 4262 1455 4331 φόνοις
1492 4263 1552 4316 τὸ
1591 4262 1740 4331 ξίφος

193 4346 265 4400 ἀεὶ
290 4354 654 4421 γυμνάζοντος
690 4352 751 4405 τὸ
798 4355 1015 4406 οἰκεῖον.
1051 4353 1161 4406 Καὶ
1188 4353 1310 4407 ὅθεν
1341 4354 1515 4408 ταῦτα
1558 4355 1741 4417 αὐτοῖς

195 4442 447 4509 περιέσται
474 4444 677 4516 δηλῶν,
702 4463 720 4495 ι
743 4445 853 4498 Καὶ
875 4443 1074 4515 Κύριος
1100 4447 1183 4498 ἐπ’
1202 4446 1397 4509 αὐτοὺς
1422 4445 1738 4515 ὀφθήσεται,

195 4532 272 4583 καί
291 4533 623 4597 ἐξελεύσεται
656 4534 731 4598 ὡς
753 4535 1005 4606 ἀστραπὴ
1027 4535 1169 4605 βολίς
1203 4535 1365 4589 αὑτοῦ
1387 4554 1400 4567 ·
1425 4537 1519 4591 καὶ
1541 4536 1741 4607 Κύριος

1832 3357 2015 3422 pterea
2045 3346 2245 3404 tetendi
2308 3355 2361 3401 te
2408 3344 2575 3409 mihi,
2619 3342 2783 3405 Juda,
2821 3350 2881 3395 ut
2915 3355 3145 3405 arcum;
3198 3336 3397 3407 replevi

1830 3440 2149 3511 Ephraiino.
2177 3438 2245 3493 Et
2291 3436 2583 3494 concitabo
2631 3435 2774 3489 ﬁlios
2802 3433 2934 3488 Sion
2960 3433 3225 3486 adversus
3264 3428 3401 3482 lilios

1832 3532 2173 3596 Graecorum,
2207 3537 2261 3586 et
2293 3527 2596 3585 attrectabo
2630 3533 2683 3580 te
2716 3536 2973 3596 tanquam
3011 3522 3251 3593 gladium
3288 3519 3403 3591 bel—

1832 3623 2046 3679 latoris.
2073 3642 2091 3674 ι
2115 3621 2312 3677 Judam
2338 3630 2500 3691 atque
2527 3617 2879 3689 Ephraimum
2909 3616 3065 3679 dicit,
3095 3622 3154 3669 ut
3187 3628 3217 3667 a
3249 3620 3402 3682 parte

1834 3715 2220 3786 principaliore
2278 3717 2555 3768 nationem
2619 3708 2930 3765 Iudaeorum
2961 3707 3198 3762 denotet.
3239 3703 3403 3769 Quasi

1834 3822 2023 3862 arcum
2049 3808 2233 3876 itaque
2263 3813 2544 3860 extentum
2577 3804 2839 3858 adversus
2870 3801 3058 3855 hostes
3087 3798 3278 3851 faciam
3307 3808 3402 3849 vos

1835 3897 2064 3961 validos,
2100 3904 2158 3950 ut
2192 3896 2360 3950 multa
2393 3910 2517 3950 cum
2551 3893 2831 3947 alacritate
2862 3900 3052 3945 contra
3086 3901 3274 3941 omnes
3309 3900 3407 3939 ex-

1836 3996 2055 4043 traneos
2104 4001 2452 4057 aggressores
2500 3987 2757 4055 impetum
2796 3982 3083 4045 facientes,
3128 3978 3404 4047 copiosam

1835 4081 2053 4135 illorum
2088 4077 2424 4132 occidionem
2460 4076 2721 4147 patretis:
2757 4088 2952 4138 nempe
2984 4079 3145 4142 prout
3180 4070 3296 4123 viro
3322 4067 3408 4123 de-

1837 4179 1981 4225 ceret
2010 4168 2062 4221 in
2093 4167 2289 4238 pugnis
2322 4167 2587 4238 bellisque
2610 4177 2662 4221 et
2695 4165 2936 4220 caedibus
2970 4162 3212 4233 gladium
3244 4177 3404 4215 suum

1836 4261 2053 4315 vibrare
2098 4266 2379 4313 consueto.
2420 4259 2595 4327 Atque
2644 4259 2759 4311 haec
2811 4256 3083 4310 undenam
3138 4253 3248 4308 illis
3298 4252 3403 4307 sint

1840 4353 2139 4407 obventura
2168 4350 2395 4413 docens,
2432 4368 2449 4401 ι
2486 4348 2546 4403 Ει
2572 4347 2853 4412 Dominus,
2887 4347 3086 4416 inquit,
3118 4360 3284 4414 supra
3314 4358 3411 4397 eos

1840 4442 2141 4513 apparebit.
2178 4449 2233 4496 et
2279 4440 2450 4495 exibit
2490 4439 2642 4508 quasi
2678 4439 2858 4507 fulgur
2903 4438 3100 4506 sagitta
3152 4436 3295 4505 ejus.
3348 4432 3409 4485 Et

1844 4533 2107 4588 Dominus
2139 4532 2282 4588 Deus
2312 4531 2655 4600 omnipotens
2686 4530 2814 4584 tuba
2854 4536 3033 4594 canet,
3080 4536 3132 4581 et
3158 4524 3413 4596 procedet

194 4621 382 4688 ὁΘεὸςὸ
404 4627 800 4699 παντοκράτωρ
828 4629 884 4679 ἐν
910 4627 1168 4695 σάλπιγγι
1194 4627 1429 4692 σαλπιεῖ,
1459 4629 1553 4681 καὶ
1579 4630 1724 4680 ἐκπο-

1846 4625 1902 4679 in
1933 4625 2168 4695 procella
2194 4624 2464 4679 minarum
2496 4638 2751 4679 suarum:
2781 4621 3042 4675 Dominus
3066 4621 3412 4689 omnipotens
3472 4665 3481 4680 ,

198 4716 419 4784 ρεύσεται
440 4722 497 4772 ἐν
518 4719 670 4788 σάλῳ
688 4719 920 4789 ἀπειλῆς
938 4718 1121 4772 αὐτοῦ·
1140 4720 1339 4792 Κύριος
1355 4720 1748 4795 παντοκράτωρ

196 4801 492 4874 ὑπερασπιεῖ
527 4808 741 4860 αὐτῶν·
768 4808 861 4860 καὶ
902 4806 1371 4862 καταναλώσουσιν
1402 4810 1615 4872 αὐτοὺς,
1657 4809 1750 4862 καὶ

197 4895 579 4965 καταχώσουσιν
607 4897 801 4960 αὐτοὺς
822 4900 880 4951 ἐν
906 4897 1073 4960 λίθοις
1097 4899 1403 4970 σφενδόνης,
1422 4900 1515 4953 καὶ
1535 4900 1751 4953 ἐκπίον-

197 5000 271 5035 ται
288 4986 342 5037 τὸ
368 4983 502 5058 αἷμα
532 4988 716 5041 αὐτῶν
734 4988 808 5051 ὡς
828 4984 986 5047 οἶνον.
1012 4989 1105 5041 καὶ
1134 4989 1397 5057 πλήσουσι
1425 4988 1523 5052 τὰς
1554 4989 1751 5058 φιάλας

198 5078 353 5135 ἐλαίου
382 5084 455 5147 ὡς
485 5086 887 5156 θυσιαστήριον.
909 5103 928 5137 ι
956 5084 1245 5155 Γενήσεται
1267 5085 1322 5137 δέ
1350 5084 1739 5156 ταῦτα,φησὶν,

200 5169 363 5243 ἐπειδὴ
417 5174 548 5237 Θεὸς
605 5173 923 5245 στρατηγῶν
981 5174 1107 5243 ὑμῖν
1165 5175 1391 5245 φοϐερὸν
1446 5174 1587 5227 κατὰ
1635 5176 1745 5228 τῶν

200 5256 603 5331 ἐναντιουμένων
657 5264 784 5333 ὑμῖν
830 5264 1099 5317 ἀνατείνει
1132 5265 1192 5317 τὸ
1243 5264 1428 5335 δμμα,
1458 5264 1746 5337 ἀστραπῆς

201 5346 334 5418 δίκην
368 5354 695 5421 ἐπιπέμπων
741 5355 921 5420 αὐτοῖς
974 5355 1042 5409 τά
1087 5355 1212 5426 ξίφη
1239 5370 1253 5386 ·
1291 5356 1382 5409 καὶ
1425 5354 1614 5427 ὥσπερ
1643 5356 1750 5408 τινὶ

261 5465 301 5496 ⁸³
336 5463 476 5521 Psal.
517 5468 824 5531 Lxx1,5-8.

204 5592 380 5659 gantur
403 5584 740 5659 Augustinus
764 5586 818 5659 in
849 5583 1197 5659 Joan:sertn.
1222 5582 1751 5659 5|,Chrysostomus

206 5651 317 5705 item
344 5654 405 5725 in
437 5650 600 5725 Joan.
636 5656 821 5725 hotnil.
867 5654 964 5720 66,
989 5650 1463 5725 Cygillus.‘comm'.
1504 5653 1558 5705 in
1587 5650 1748 5725 Joag.

203 5733 313 5790 opp.
342 5723 402 5778 Τ.
435 5723 524 5789 ιγ,
558 5740 612 5795 p.
645 5724 767 5791 698,
801 5719 1048 5794 denique
1067 5722 1505 5792 Theophvlactus
1537 5737 1661 5792 opp.
1685 5719 1749 5778 Τ.

1847 4719 2089 4774 tuebitur
2132 4733 2247 4774 eos.
2283 4717 2351 4771 Et
2402 4718 2524 4771 illos
2579 4715 3027 4786 pessumdabunt,
3075 4720 3130 4767 et
3180 4712 3412 4767 obruent

1846 4823 1942 4862 eos
1970 4806 2239 4879 lapidibus
2267 4804 2431 4859 funda
2455 4804 2760 4875 ejaculatis,
2792 4812 2845 4858 et
2881 4803 3066 4857 bibent
3096 4802 3413 4870 sanguinem

1848 4899 2063 4953 illorum
2092 4896 2249 4968 quasi
2277 4897 2482 4958 vinum,
2514 4905 2567 4949 et
2596 4894 2899 4964 implebunt
2927 4893 3139 4962 phialas
3153 4893 3295 4953 oleo,
3315 4892 3414 4943 sic-

1849 4996 1907 5041 ut
1936 4987 2125 5041 altare.
2152 5005 2171 5038 ι
2217 4983 2373 5039 Fient
2398 4984 2532 5048 haec,
2558 4984 2755 5055 inquit,
2787 4984 2912 5053 quia
2948 4981 3110 5043 Deus,
3148 4980 3413 5035 bellorum

1848 5085 2154 5134 vestrorum
2187 5075 2322 5143 dux,
2358 5075 2652 5131 terribilem
2684 5074 2947 5128 adversus
2979 5072 3164 5125 hostes
3199 5068 3414 5123 oculum

1851 5171 2104 5236 intendit,
2136 5167 2365 5238 fulguris
2411 5167 2582 5221 instar
2611 5166 2912 5219 immittens
2942 5163 3021 5217 eis
3061 5158 3310 5230 gladios:
3365 5166 3417 5211 et

1854 5270 2109 5331 tanquam
2138 5260 2372 5316 claSsico
2398 5257 2654 5329 quodam,
2703 5257 2905 5309 virtute
2949 5268 3069 5316 sua,
3103 5266 3199 5306 vos
3228 5265 3418 5303 omnes

1855 5356 1922 5409 ad
1963 5355 2161 5410 bellum
2197 5352 2499 5415 concitans,
2529 5350 2643 5406 dux
2688 5359 2870 5404 vester
2922 5346 3046 5411 erit,
3096 5344 3260 5397 minis
3305 5343 3419 5397 suis

1858 5586 1902 5647 Ι,
1957 5600 2012 5653 p.
2065 5584 2189 5646 675,
2234 5584 2321 5639 ed.
2369 5583 2534 5645 Ven.,
2586 5583 2678 5652 qui
2732 5595 2922 5637 omnes
2972 5578 3308 5650 prophetiam
3356 5576 3421 5634 de

1857 5654 2076 5712 Christo
2106 5656 2423 5724 simpliciter
2468 5656 2788 5723 intelligunt.
