3934 6524
437 308 544 365 565

1595 318 1942 378 THEODORI
1979 322 2458 382 MOPSUESTEM

3573 317 3673 389 su

369 415 375 422 ’
438 437 668 483 cunctos
689 430 940 497 quatiens
962 428 1334 487 adversarios:
1361 438 1651 506 tantasque
1675 439 1830 496 vobis
1852 441 1990 497 f'avo-

2106 443 2364 514 σάλπιγγι
2385 448 2449 517 τῇ
2479 445 2654 517 οἰκεία
2683 445 2908 516 δυνάμει
2935 445 3142 509 πάντας
3162 447 3304 516 ὑμᾶς
3332 449 3412 511 είς
3444 448 3539 500 τὸν
3580 453 3675 504 πό-

439 533 496 572 re
525 535 627 574 suo
670 521 947 590 suppetias
979 518 1146 584 feret,
1203 530 1260 574 ut
1297 523 1665 582 incolumitate
1701 529 1854 584 vobis
1883 546 2001 584 ma-

377 639 380 641 -
439 620 622 674 ncnte,
657 611 999 667 adversarios
1043 627 1233 669 onmes
1281 615 1631 683 interimatis,
1663 630 1716 674 et
1766 622 2000 691 lapidum

439 703 637 756 ictibus
680 703 960 770 obruatis;
987 707 1303 775 sanguinem
1339 709 1572 780 denique
1616 712 1829 766 illorum
1883 729 2003 783 pro-

436 801 556 861 pter
587 793 805 845 nimiam
835 792 1151 848 effusionem
1187 801 1575 867 propemodum
1609 803 1792 860 bibere
1826 807 2003 860 videa-

434 881 588 942 mini.
618 880 746 935 dum
785 883 918 937 cadi
969 884 1184 939 illorum
1233 891 1400 942 multa
1432 907 1554 944 cum
1608 895 1887 952 alacritate
1921 898 2001 951 iu-

433 969 687 1040 dulgetis.
714 972 894 1042 Atque
916 974 990 1027 ita
1021 985 1140 1044 post
1172 977 1451 1032 victoriam
1481 982 1667 1051 plenas
1699 986 1820 1039 olco
1851 988 2002 1056 phia-

433 1061 535 1122 las,
567 1063 825 1117 sacrificii
871 1065 1048 1120 instar
1085 1066 1194 1122 Deo
1227 1069 1485 1136 ofi‘eretis,
1521 1073 1594 1128 ob
1622 1075 2002 1129 demonstran-

430 1151 554 1205 dam
593 1152 732 1222 (Dei)
761 1155 1123 1223 clementiam,
1157 1176 1184 1212 a
1216 1177 1319 1230 qua
1358 1161 1536 1216 tantas
1565 1167 1708 1222 vires
1756 1170 2002 1236 impetra-

430 1245 555 1297 stis.
586 1243 708 1299 Mox
741 1247 1011 1302 subnectit
1043 1250 1157 1305 fore
1193 1262 1249 1305 ut
1275 1252 1412 1308 Deus
1431 1270 1560 1311 suos
1590 1272 1778 1312 omnes
1807 1261 1997 1323 salvet,

429 1334 614 1388 oviqu
645 1336 821 1391 instar
857 1340 1159 1396 incolumes
1189 1345 1532 1412 custodiens;
1564 1348 1722 1417 cujus
1757 1351 1832 1403 rei
1865 1366 1998 1403 cau-

429 1439 548 1478 sam
573 1427 835 1491 recitans,
875 1427 1038 1494 «Quia
1079 1433 1283 1502 lapides
1319 1439 1514 1501 sancti,
1546 1439 1741 1508 inquit,
1772 1442 2002 1494 volvun-

429 1526 518 1569 tur
549 1532 716 1587 super
745 1530 942 1574 terram
975 1523 1136 1594 337
1165 1526 1307 1594 ejus,
1354 1529 1480 1596 quia
1515 1531 1560 1584 si
1603 1531 1731 1600 quid
1764 1533 1995 1598 bonum,

427 1604 581 1672 ejus;
611 1615 661 1661 et
693 1608 741 1662 si
774 1609 904 1679 quid
929 1613 1240 1680 pulchrum,
1269 1616 1410 1686 ejus.
1443 1637 1460 1668 ι
1497 1618 1648 1672 Multi
1695 1624 1861 1686 enim,
1912 1623 1996 1676 in-

427 1697 566 1763 quit,
597 1697 738 1752 inter
781 1715 878 1756 vos
910 1703 1152 1758 invenire
1181 1715 1264 1762 est
1305 1710 1525 1765 virtutis
1573 1713 1871 1778 studiosos,
1901 1715 1994 1784 qui

428 1803 552 1839 cum
593 1790 817 1860 reliquis
866 1793 1179 1852 hominibus
1227 1798 1281 1852 in
1331 1807 1472 1854 terra
1504 1818 1691 1872 repere
1726 1806 1990 1870 videntur,

2099 1812 2191 1864 ἐπὶ
2219 1811 2318 1879 τῆς
2347 1812 2446 1882 γῆς
2475 1812 2637 1864 αὐτοῦ
2659 1829 2672 1842 ·
2705 1813 2786 1865 ὅτι
2807 1811 2860 1864 εῐ
2892 1830 2942 1865 τι
2991 1812 3216 1880 ἀγαθὸν,
3247 1811 3412 1864 αὐτοῦ
3440 1828 3454 1842 ·
3483 1812 3580 1864 καὶ
3619 1809 3670 1862 εί
3763 1865 3775 1883 .

429 1879 602 1950 ignoti
633 1885 902 1952 pluribus.
935 1888 1003 1941 At
1035 1889 1175 1945 Deus
1204 1891 1397 1944 horum
1431 1897 1626 1963 gratia,
1656 1912 1721 1950 ne
1751 1898 1996 1967 reliquos

425 1972 643 2040 quidem
675 1976 958 2046 despiciet.
994 1979 1127 2034 Nam
1156 1983 1416 2051 quidquid
1449 1984 1650 2040 bonum
1679 1988 1996 2056 pulchrum-

423 2080 531 2133 que
555 2075 658 2130 est,
691 2083 830 2138 opus
860 2070 1008 2127 illius
1038 2083 1153 2129 est:
1197 2075 1427 2145 ideoque
1456 2086 1768 2133 sanctorum
1800 2088 1853 2134 et
1885 2083 1995 2135 vir-

423 2155 556 2210 tutis
606 2166 940 2214 sectatorum
989 2163 1206 2219 sibimet
1242 2167 1528 2222 vindicans
1562 2171 1866 2238 passiones,
1901 2187 1995 2240 pa-

421 2254 574 2300 ratus
613 2257 699 2304 est
748 2251 901 2307 alteri
956 2270 1174 2325 quoque
1217 2267 1436 2327 propter
1465 2261 1586 2315 illos
1617 2262 1752 2316 bene
1788 2262 1984 2317 facere.

422 2339 684 2398 Posthinc
739 2345 1042 2401 ubertatem
1096 2367 1314 2422 quoque
1363 2354 1498 2424 ipsis
1546 2357 1808 2412 nuntians
1863 2367 1988 2428 post

421 2432 660 2488 hostium
690 2438 915 2503 caedem,
935 2441 1106 2510 pergit
1139 2442 1353 2497 dicere:

2105 537 2268 606 λεμον
2318 538 2605 609 διεγείρας,
2642 539 3011 608 προηγήσεται
3050 537 3223 607 ὐμῶν,
3257 543 3321 610 τῇ
3372 541 3567 613 ἀπειλῇ
3611 547 3668 614 τῇ

2109 631 2213 700 ίδίᾳ
2262 631 2468 692 πάντας
2517 631 2756 683 σαλεύων
2799 632 2924 694 τοὺς
2963 632 3237 695 ἐναντίους
3266 651 3281 666 ·
3313 633 3582 705 τοσαύτην
3612 653 3669 690 τε

2104 720 2230 789 ὑμῖν
2252 720 2473 790 παρέξει
2502 719 2589 772 διά
2616 721 2717 789 τῆς
2741 721 2944 783 οἰκείας
2966 725 3255 794 συνεργίας
3275 723 3374 794 τὴν
3399 724 3666 794 βοήθειαν,

2103 809 2240 861 ὥστε
2292 811 2433 879 ὑμᾶς
2466 809 2719 873 ἀϐλαϐεῖς
2749 810 3044 881 διαμεῖναι,
3081 813 3172 866 καὶ
3224 815 3349 877 τοὺς
3399 815 3669 878 ἐναντίους

2103 900 2480 953 καταναλῶσαι
2509 901 2715 964 πάντας
2738 921 2746 931 ·
2778 901 2869 953 καὶ
2895 905 3012 965 ταῖς
3035 903 3141 954 τῶν
3165 903 3325 956 λίθων
3356 905 3669 974 καταχῶσαι

2104 988 2304 1056 βολαῖς,
2335 991 2395 1043 τὸ
2424 987 2559 1061 αἷμά
2591 1009 2648 1044 τε
2670 991 2849 1044 αὐτῶν
2880 995 2945 1062 τῇ
2979 993 3247 1065 ὑπερϐολῇ
3275 999 3374 1066 τῆς
3399 996 3669 1065 ἐκχύσεως

2106 1083 2262 1152 μόνον
2294 1083 2391 1135 οὐκ
2425 1085 2654 1146 ἐκπιεῖν,
2702 1083 2868 1153 πολλῇ
2903 1087 2968 1155 τῇ
3003 1084 3101 1154 τῆς
3133 1086 3465 1156 ἀναιρέσεως
3495 1087 3670 1139 αὐτῶν

2103 1173 2378 1244 προθυμίᾳ
2422 1174 2826 1244 κεχρημένους·
2853 1173 2992 1226 ὥστε
3026 1175 3162 1244 μετά
3209 1175 3307 1245 τὴν
3356 1176 3515 1246 νίκην
3539 1174 3672 1244 πλη-

2105 1262 2380 1334 ρώσαντας
2412 1265 2554 1333 ὑμᾶς
2579 1265 2758 1317 ἐλαίου
2783 1265 3001 1333 φιάλας,
3039 1264 3228 1327 θυσίας
3258 1265 3414 1334 δίκην
3449 1264 3528 1334 τῷ
3553 1265 3670 1337 Θεῷ

2102 1355 2485 1426 προσκομίσαι,
2521 1355 2595 1426 (μ.
2623 1357 2746 1424 50'2)
2781 1358 2860 1420 είς
2888 1357 3105 1426 ἔλεγχον
3135 1357 3232 1428 τῆς
3262 1357 3669 1427 φιλανθρωπίας
3743 1389 3748 1396 -

2099 1446 2166 1499 δι’
2200 1447 2266 1516 ἥν
2298 1449 2631 1516 τετυχήκατε
2671 1448 2772 1517 τῆς
2825 1447 3094 1518 τοσαύτης
3121 1449 3421 1518 δυνάμεως.
3449 1448 3669 1510 Τούτοις

2099 1536 2405 1601 ἀκολούθως
2459 1539 2674 1606 ἐπάγει,
2701 1540 2781 1592 ὅτι
2833 1541 3042 1604 πάντας
3072 1542 3198 1603 τοὺς
3229 1541 3465 1602 οίκείους
3517 1556 3668 1610 περι-

2100 1631 2261 1683 σώσει
2315 1631 2466 1693 Θεὸς,
2519 1632 2806 1702 προϐάτων
2857 1632 3007 1702 δίκην
3049 1633 3304 1694 ἀϐλαϐεῖς
3346 1631 3663 1700 φυλάττων·

2098 1721 2192 1772 καί⁸
2222 1721 2320 1790 τὴν
2349 1720 2526 1772 αἰτίαν
2557 1721 2747 1788 λέγων,
2788 1739 2806 1772 ι
2843 1722 2987 1774 Διότι
3025 1721 3160 1774 λίθοι
3196 1721 3341 1789 ἅγιοι
3392 1721 3666 1773 κυλίονται

2091 1920 2143 1954 τι
2193 1902 2375 1967 καλὸν,
2412 1903 2596 1957 αὐτοῦ.
2643 1922 2661 1954 ι
2697 1903 2930 1967 Πολλοὺς
2961 1905 3058 1975 μὲν
3106 1905 3214 1975 γὰρ
3263 1907 3319 1957 ἐν
3360 1905 3489 1973 ὑμῖν
3531 1899 3664 1956 εἶναι

2094 1993 2407 2063 συμϐέϐηκε
2428 2033 2443 2056 ,
2471 1994 2662 2064 φησὶν,
2694 1994 2893 2064 ἀρετῆς
2937 1993 3396 2064 ἐπιμελομένους,
3427 1993 3478 2046 οἶ
3531 1992 3663 2063 μετά

2089 2083 2197 2136 τῶν
2236 2084 2435 2138 λοιπῶν
2463 2085 2758 2156 ἀνθρώπιον
2801 2087 2893 2138 ἐπὶ
2923 2087 3022 2154 τῆς
3056 2087 3158 2155 γῆς
3181 2086 3369 2153 ἕρπειν
3394 2083 3662 2145 δοκοῦσιν,

2091 2175 2316 2243 ἀφανεῖς
2337 2176 2488 2240 ὄντες
2514 2180 2624 2240 τοῖς
2650 2177 2888 2242 πολλοῖς·
2921 2177 3051 2240 Θεὸς
3091 2177 3144 2230 δὲ
3181 2177 3248 2230 δι’
3283 2177 3524 2237 ἐκείνους
3548 2175 3664 2228 οὐδὲ

2091 2267 2216 2328 τοὺς
2245 2266 2464 2329 λοιποὺς
2494 2267 2850 2338 περιόψεται·
2885 2267 3069 2339 ἐπειδὴ
3101 2269 3206 2320 πᾶν
3227 2268 3254 2320 ὃ
3278 2284 3330 2319 τι
3367 2265 3573 2332 ἀγαθόν
3608 2280 3665 2316 τε

2093 2359 2187 2410 καὶ
2214 2359 2392 2421 καλὸν,
2423 2358 2582 2426 ἔργον
2612 2358 2776 2412 αὐτοῦ
2797 2376 2812 2391 ·
2848 2359 2929 2412 διὸ
2955 2359 3019 2430 δὴ
3064 2360 3158 2413 καὶ
3196 2359 3306 2412 τῶν
3354 2357 3528 2423 ἁγίων
3573 2355 3666 2408 καὶ

2095 2450 2229 2519 πρὸς
2251 2449 2448 2520 ἀρετὴν
2472 2450 2774 2521 βλεπόντων
2790 2452 3156 2523 οἰκειούμενος
3172 2451 3238 2504 τά
3258 2437 3427 2519 πάθῆ,
3450 2447 3666 2516 ἕτοιμός

421 2528 536 2582 ἐστι
572 2531 666 2582 καὶ
701 2532 918 2602 ἐτέρους
949 2536 1087 2608 ὑπὲρ
1119 2538 1296 2592 αὐτῶν
1324 2540 1578 2596 εὐποιεῖν.
1621 2537 1751 2597 Εἶτα
1781 2544 1872 2596 καὶ
1903 2545 2186 2614 εὐετηρίαν
2215 2546 2394 2610 αὐτοῖς
2425 2545 2901 2617 εὐαγγελιζόμενος
2943 2546 3081 2617 μετά
3110 2546 3207 2616 τὴν
3240 2545 3348 2598 τῶν
3394 2540 3668 2610 πολεμίων

418 2622 653 2693 σφαγὴν,
679 2625 871 2694 ἐπάγει
894 2643 908 2656 ·

2742 2721 2892 2776 ΚΕΦ.
2936 2723 2994 2777 I'.

2159 2813 2306 2882 Στίχ.
2340 2820 2490 2881 α’-γ’.
2515 2845 2585 2854 —
2609 2833 2627 2864 ι
2663 2812 2910 2867 Αίτεῖσθε
2943 2813 3089 2883 παρά
3117 2814 3324 2884 Κυρίου
3350 2811 3507 2865 ὐετὸν
3539 2812 3665 2868 καθ’

1079 2720 1232 2778 CAP.
1262 2723 1328 2776 Χ.

491 2805 656 2863 Vens
691 2811 806 2866 1-5.
841 2843 902 2854 -
941 2833 958 2863 ι
981 2813 1152 2869 Petite
1181 2832 1209 2869 a
1246 2817 1474 2871 Domino
1521 2818 1756 2887 pluviam
1786 2832 1989 2888 Oppor-

417 2907 628 2962 tunam.
690 2903 1010 2957 matutinam
1073 2914 1126 2960 et
1173 2909 1486 2962 serotinum.
1547 2908 1806 2964 Dominus
1862 2911 1989 2964 fecit

2095 2903 2233 2975 ὥραν
2271 2904 2517 2976 πρὼἶμον
2551 2905 2644 2959 καὶ
2677 2905 2904 2976 ὄψιμον·
2952 2905 3156 2976 Κύριος
3197 2907 3422 2974 ἐποίησε
3463 2923 3665 2974 φανταο

414 2991 752 3059 phantasias,
809 3002 864 3048 et
921 2995 1149 3050 imbrem
1194 2997 1479 3052 hiemalem
1509 2999 1660 3052 dabit
1706 3003 1806 3063 eis,
1861 2999 1986 3052 uni-

2095 2997 2232 3060 σίας,
2280 2999 2373 3051 καὶ
2423 2998 2575 3051 ὑετὸν
2627 2997 2928 3068 χειμερινὸν
2982 2997 3141 3050 δώσει
3185 2997 3405 3062 αὐτοῖς,
3450 2997 3664 3069 ἑκάστῳ

413 3081 614 3150 cuique
645 3083 865 3139 herbam
899 3085 952 3139 in
985 3101 1137 3156 agro.
1161 3106 1179 3139 ι
1213 3085 1297 3140 Ab
1331 3089 1449 3158 ipso
1478 3089 1747 3157 postulate
1776 3090 1988 3160 pluvias

2099 3086 2324 3157 βοτάνην
2362 3090 2418 3141 ἐν
2454 3087 2624 3159 ἀγρῷ.
2672 3107 2690 3139 ι
2721 3088 2879 3159 Παρὰ
2909 3085 3095 3140 τούτου
3124 3086 3186 3158 δὴ
3219 3087 3313 3140 καὶ
3356 3089 3546 3151 ὑετοὺς
3580 3091 3662 3142 αί-

417 3173 642 3229 idoneas
669 3175 884 3247 frugum
919 3180 1240 3247 proventui:
1289 3181 1381 3249 qui
1412 3182 1581 3235 multo
1622 3198 1744 3235 cum
1780 3189 1990 3238 terrore

2095 3181 2232 3230 τείτε
2281 3179 2612 3248 ἐπιτηδείους
2661 3181 2740 3242 εἰς
2791 3180 2888 3250 τὴν
2935 3179 3041 3232 τῶν
3085 3179 3313 3248 καρπῶν
3359 3179 3562 3248 φοράν·
3606 3179 3663 3242 δς

416 3266 613 3320 solitus
642 3283 821 3338 aerem
849 3253 1200 3335 conturbare,
1228 3281 1282 3327 et
1307 3281 1542 3327 mentem
1571 3273 1814 3327 omnium
1841 3290 1990 3328 com-

2095 3268 2296 3331 εἰωθὼς
2325 3270 2461 3340 μετὰ
2492 3269 2683 3323 πολλοῦ
2713 3269 2806 3323 τοῦ
2837 3269 3001 3339 φόϐου
3031 3270 3352 3341 συστρέφειν
3379 3271 3473 3322 τὸν
3500 3270 3657 3340 ἀέρα,

416 3373 635 3412 movere
668 3368 825 3413 terra:
862 3361 1162 3415 incolarum
1201 3364 1576 3432 magnitudine
1608 3365 1990 3434 piimnotneno-

2095 3366 2184 3418 καὶ
2215 3366 2504 3434 φαντάζειν
2531 3366 2774 3428 ἅπαντας
2799 3365 2925 3427 τοὺς
2951 3365 3043 3416 ἐπὶ
3071 3365 3169 3432 τῆς
3203 3365 3304 3434 γῆς
3333 3363 3411 3432 τῷ
3445 3362 3661 3433 μεγέθει

415 3464 561 3514 rum,
585 3451 817 3519 pluviam
846 3461 1021 3520 potest
1040 3464 1427 3523 congruentem
1446 3455 1600 3510 vobis
1619 3457 1987 3526 suppeditare,

2095 3458 2198 3510 τῶν
2227 3457 2522 3528 γινομένων
2541 3501 2554 3519 ,
2591 3457 2866 3526 αὐτάρκης
2893 3456 3044 3508 ὑετὸν
3080 3457 3206 3524 ὑμῖν
3239 3457 3540 3524 παρασχεῖν
3570 3451 3662 3505 τὸν

414 3547 476 3594 ιιι
515 3542 698 3594 omnia
731 3541 796 3594 de
839 3545 1032 3598 tellure
1077 3553 1411 3598 enascantur
1442 3547 1594 3602 vobis
1639 3549 1985 3605 necessaria:

413 3647 650 3702 namque
681 3632 900 3687 herbam
929 3637 1226 3705 generatim
1261 3637 1392 3692 dicit
1431 3653 1528 3708 pro
1575 3639 1816 3708 quolibet
1872 3640 1989 3695 fru-

412 3731 548 3791 ctu;
604 3724 770 3780 veluti
816 3733 898 3780 est
945 3728 1109 3780 illud:
1177 3727 1492 3784 «Germinet
1561 3737 1706 3786 terra
1761 3733 1984 3787 herbam

414 3812 522 3866 feni
549 3813 623 3879 ”;
645 3832 664 3863 ›
705 3814 794 3869 ubi
821 3824 1035 3871 constat
1071 3829 1266 3871 cuncta
1301 3817 1547 3873 denotari
1580 3837 1701 3889 qua:
1731 3821 1796 3877 de
1845 3830 1987 3876 terra

411 3913 718 3960 nascuntur
743 3907 1008 3976 germina.
1041 3908 1243 3966 Deinde
1278 3927 1470 3967 rursus
1505 3914 1764 3968 salutaris
1817 3915 1988 3968 moni-

412 3995 579 4050 tionis
605 4011 797 4061 causa,
836 4002 1107 4068 praeterita
1142 4003 1281 4055 mala
1311 4019 1765 4068 commemorans,
1799 4005 1984 4062 addit:

417 4084 726 4151 «Quoniam
762 4089 817 4142 hi
851 4091 942 4160 qui
981 4093 1360 4161 loquebantur,
1387 4095 1551 4148 locuti
1588 4109 1714 4150 sunt
1749 4098 1984 4159 labores.

411 4187 465 4229 et
499 4177 670 4232 divini
705 4178 871 4237 falsas
902 4183 1162 4251 visiones,
1197 4197 1250 4239 et
1283 4187 1495 4241 somnia
1535 4186 1747 4242 fallacia
1795 4203 1987 4242 narra-

412 4267 564 4332 bant,
617 4278 671 4324 et
719 4287 858 4328 vane
903 4275 1355 4331 consolabantur.
1410 4278 1535 4334 Ideo
1583 4280 1808 4335 arefacti
1859 4294 1987 4338 sunt

411 4358 555 4412 sicut
580 4373 730 4424 oves,
791 4371 845 4416 et
877 4365 1059 4420 afflicti
1095 4378 1244 4432 sunt,
1294 4369 1421 4438 quia
1454 4386 1560 4426 non
1589 4380 1707 4426 erat
1747 4375 1980 4428 sanatio.

2091 3548 2417 3620 καθήκοντα,
2451 3547 2580 3600 ὥσθ’
2611 3547 2824 3600 ἅπαντα
2863 3547 3016 3616 φύειν
3047 3548 3110 3600 ἐκ
3141 3549 3240 3617 τῆς
3275 3547 3379 3615 γῆς
3426 3545 3495 3597 τά
3533 3545 3662 3613 ὑμῖν

2089 3640 2390 3706 ἀναγκαῖα·
2428 3638 2653 3708 βοτάνην
2682 3640 2789 3708 γάρ
2828 3637 3020 3701 κοινῶς
3050 3637 3174 3699 τούς
3205 3637 3448 3707 καρποὺς
3475 3634 3624 3702 λέγει
3649 3653 3662 3664 ·

2088 3727 2198 3785 οἷόν
2225 3732 2338 3783 ἐστι
2358 3730 2452 3783 καὶ
2467 3730 2546 3795 τὸ,
2572 3750 2588 3780 ι
2614 3729 2976 3799 Βλαστησάτω
2997 3730 3028 3798 ἡ
3054 3729 3122 3798 γῆ
3148 3727 3374 3796 βοτάνην
3390 3727 3606 3797 χόρτου·
3636 3745 3654 3776 ι

2088 3819 2307 3890 εὔδηλον
2335 3819 2444 3889 γάρ
2464 3821 2544 3873 ὅτι
2570 3821 2730 3872 κάκεῖ
2758 3818 2932 3871 πάντα
2953 3817 3098 3886 λέγει
3121 3817 3186 3870 τά
3207 3819 3268 3868 ἐκ
3290 3817 3394 3886 γῆς
3416 3816 3664 3884 φυόμενα

2085 3912 2194 3964 τῶν
2234 3909 2582 3981 σπερμάτων.
2632 3906 2762 3961 Εἶτα
2799 3907 2958 3960 πάλιν
3013 3907 3107 3960 ἐπὶ
3156 3906 3518 3977 σωφρονισμῷ
3552 3905 3661 3958 τῶν

2088 4001 2494 4072 προειληφότων
2521 4000 2714 4061 αὐτοὺς
2742 3998 3174 4068 ὑπομιμνήσκων
3199 3997 3428 4062 ἐπάγει·
3461 4014 3479 4044 ι
3512 3994 3660 4046 Διότι

2087 4092 2554 4162 ἀποφθεγγόμενοι
2607 4089 2872 4158 ἐλάλησαν
2908 4088 3143 4150 κόπους·
3193 4087 3287 4139 καὶ
3335 4087 3384 4138 οἱ
3438 4086 3660 4154 μάντεις

2085 4186 2302 4257 ὁράσεις
2359 4182 2572 4252 ψευδεῖς
2627 4181 2720 4234 καὶ
2776 4178 2844 4232 τὰ
2901 4177 3126 4231 ἐνύπνια
3181 4177 3350 4246 ψευδῆ
3411 4175 3658 4239 ἐλάλουν,

2087 4279 2161 4348 (p.
2191 4277 2315 4342 505)
2345 4276 2549 4345 μάταια
2579 4272 2948 4343 παρεκάλουν·
2983 4269 3068 4322 διὰ
3099 4268 3254 4322 τοῦτο
3283 4268 3661 4340 ἐξηράνθησαν

2083 4368 2159 4432 ὡς
2192 4366 2457 4438 πρόϐατα,
2486 4365 2580 4418 καὶ
2611 4361 2988 4431 ἐκακώθησαν,
3018 4361 3098 4413 ὅτι
3125 4360 3225 4412 οὐκ
3249 4355 3316 4430 ἦν
3345 4360 3490 4422 ίασις
3515 4375 3529 4388 ·
3566 4359 3662 4410 ἐπὶ

412 4446 592 4518 Super
621 4459 868 4519 pastores
895 4458 1205 4512 concitatus
1240 4469 1324 4514 est
1345 4460 1499 4515 furor
1529 4478 1701 4530 meus,
1733 4475 1787 4519 et
1814 4481 1984 4537 agnos

2095 4463 2212 4524 τοὺς
2241 4459 2502 4530 ποιμένας
2528 4456 2852 4527 παρωξύνθη
2884 4458 2910 4508 ό
2946 4454 3114 4523 θυμός
3143 4470 3266 4524 μου,
3294 4453 3388 4505 καί⁵
3415 4453 3506 4504 ἐπὶ
3532 4452 3662 4514 τοὺς

410 4557 563 4597 meos
603 4545 853 4600 visitabo.
882 4565 900 4598 ι
941 4549 1080 4602 Olim
1113 4551 1353 4620 quidem,
1406 4553 1600 4622 inquit,
1641 4557 1862 4624 quando
1895 4557 1982 4610 di-

408 4633 552 4687 vinis
582 4635 945 4694 attendebatis
985 4642 1156 4694 multa
1187 4657 1311 4697 cum
1347 4642 1584 4701 falsitate
1614 4647 1770 4701 vobis
1799 4648 1984 4701 omnia

405 4722 751 4794 dicentibus,
800 4736 855 4783 et
905 4732 1186 4802 prOphetis
1238 4737 1435 4791 vestris
1483 4739 1768 4808 neglectis,
1821 4741 1986 4796 dictis

407 4813 629 4871 illorum
659 4819 841 4888 potius
874 4822 1220 4891 credebatis;
1263 4836 1394 4882 tunc
1429 4845 1525 4883 vos
1570 4831 1904 4887 insanabiles
1932 4843 1987 4887 et

406 4905 840 4967 inemendabiles
870 4912 1037 4984 338
1067 4927 1283 4982 nactus,
1319 4927 1575 4989 tanquam
1601 4937 1730 4976 oves
1769 4924 1981 4994 suppli-

407 4999 510 5055 ciis
561 5004 782 5067 tradidi,
839 5008 954 5075 pari
1005 5009 1082 5061 ira
1130 5009 1390 5065 adversus
1418 5012 1586 5068 duces
1615 5021 1669 5067 et
1715 5015 1979 5072 adversus

407 5092 658 5148 subditos
712 5103 892 5160 utens.
931 5114 1036 5168 qua
1065 5107 1119 5153 et
1158 5101 1257 5155 hos
1297 5111 1350 5156 et
1388 5103 1506 5156 illos
1547 5105 1708 5159 simul
1745 5107 1975 5177 perdidi.

405 5185 580 5251 Atque
610 5185 727 5240 haec
768 5189 987 5257 quidem
1017 5191 1090 5246 ob
1123 5193 1212 5247 illa
1243 5202 1372 5249 tunc
1407 5197 1733 5278 pertulistis.

476 5458 646 5517 Vsus.
675 5463 796 5518 ιη.
821 5497 892 5506 -
921 5465 1079 5521 Nunc
1115 5483 1243 5522 vero
1273 5468 1444 5537 quid?
1486 5488 1503 5520 ι
1528 5468 1595 5522 Et
1615 5468 1852 5524 visitavit
1875 5469 1979 5523 Do-

404 5552 587 5611 minus
633 5557 980 5629 omnipotens
1007 5575 1224 5633 gregem
1268 5575 1450 5628 suum,
1498 5561 1718 5618 domum
1753 5561 1922 5629 Iudae,
1955 5581 1972 5613 ι

475 5729 522 5764 ⁶⁹
553 5725 688 5786 ch.
720 5745 757 5793 ι,
785 5731 870 5790 Η.

2081 4553 2285 4625 ἀμνούς
2325 4570 2424 4623 μου
2466 4551 2852 4620 ἐπισκέψομαι.
2897 4567 2915 4600 ›
2957 4547 3129 4600 Πάλαι
3175 4545 3271 4615 μὲν
3305 4545 3434 4615 γάρ,
3471 4544 3656 4614 φησιν,

2081 4643 2315 4714 ὁπηνίκα
2343 4646 2456 4706 τοῖς
2505 4643 2727 4714 μάντεσι
2777 4638 3091 4711 προσείχετε
3142 4636 3276 4706 μετά
3320 4635 3517 4687 πολλοῦ
3564 4633 3660 4686 τοῦ

2080 4736 2308 4806 ψεύδους
2352 4736 2564 4789 ἅπαντα
2591 4730 2990 4800 διαλεγομένοις
3020 4729 3166 4798 ὑμῖν,
3199 4727 3292 4780 καί
3319 4727 3384 4795 δὴ
3419 4727 3528 4778 τῶν
3560 4725 3663 4794 μὲν

2083 4825 2377 4898 προφητῶν
2406 4826 2658 4896 ἠμελεῖτε
2688 4823 2795 4876 τῶν
2824 4821 2994 4891 ἐμῶν,
3035 4823 3144 4882 τοῖς
3179 4817 3306 4889 παρ’
3346 4819 3570 4870 ἐκείνων
3599 4817 3662 4870 δὲ

2086 4920 2398 4990 λεγομένοις
2431 4917 2708 4972 ἐπείθεσθε
2757 4916 2971 4987 μᾶλλον,
3005 4915 3124 4967 τότε
3153 4913 3215 4982 δὴ
3247 4911 3445 4964 ἀνίατά
3474 4927 3533 4963 τε
3564 4909 3662 4960 καὶ

2089 5012 2388 5084 ἀδιόρθωτα
2434 5010 2500 5062 τὰ
2547 5010 2664 5062 καθ’
2715 5009 2857 5078 ὑμᾶς
2906 5005 3101 5077 εὑρὼν,
3158 5003 3356 5054 ὡσανεὶ
3412 5001 3663 5072 πρόϐατα

2086 5104 2381 5175 τιμωρίαις
2409 5102 2699 5165 ἐκδέδωκα,
2732 5100 2813 5153 ἐνὶ
2837 5100 2914 5170 τῷ
2937 5097 3112 5169 θυμῷ,
3147 5096 3238 5148 ἐπί
3267 5112 3325 5147 τε
3351 5093 3477 5156 τοὺς
3499 5096 3661 5161 ἡγου-

2093 5198 2304 5268 μένους,
2338 5194 2428 5247 ἐπί
2455 5211 2514 5246 τε
2549 5195 2669 5256 τοὺς
2704 5193 2972 5263 ὑπηκόους
3001 5188 3362 5261 χρησάμενος,
3396 5179 3442 5254 ᾧ
3462 5186 3526 5254 δὴ
3556 5185 3661 5237 κὰ-

2084 5287 2293 5350 κείνους
2328 5285 2462 5338 κατά
2487 5284 2680 5337 ταυτὸν
2709 5281 2966 5335 ἀπώλεσα
3001 5281 3093 5333 καὶ
3118 5278 3339 5341 τούτους
3362 5294 3376 5306 ·
3407 5277 3528 5328 τότε
3560 5275 3662 5344 μὲν

2083 5378 2146 5448 δὴ
2183 5377 2276 5430 καὶ
2308 5375 2534 5430 τοιαῦτα
2565 5375 2704 5445 ὺπέρ
2729 5373 2951 5426 ἐκείνων
2977 5370 3302 5423 πεπόνθατε.

2155 5469 2301 5537 Στίχ.
2335 5466 2466 5530 δ’-ζἏ
2496 5495 2567 5507 -
2598 5466 2734 5518 Νυνὶ
2760 5465 2816 5517 δέ
2844 5464 2930 5528 τίς
2973 5481 2991 5514 ι
3027 5463 3136 5515 Καὶ
3161 5459 3518 5528 ἐπισκέψεται
3545 5456 3663 5511 K13-

2087 5577 2200 5632 ριος
2246 5560 2275 5613 ὁ
2317 5557 2710 5630 παντοκράτωρ
2749 5555 2809 5609 τὸ
2855 5553 3100 5625 ποίμνιον
3151 5549 3336 5615 αὐτοῦ,
3367 5549 3460 5603 τὸν
3510 5545 3663 5604 οἶκον
