3934 6518
250 376 361 434 5Βῖ

1199 365 1751 427 COMMENTARIUS
1789 363 1852 417 IN
1884 363 2256 420 ZACHARIAS
2295 365 2445 420 CAP.
2484 365 2551 423 Χ.

3376 359 3483 416 586

261 490 457 552 Ἰούδα,
493 506 512 541 ο
546 487 639 541 καὶ
657 487 726 540 τά
747 487 892 557 ἐξῆς,
922 478 996 538 ὧν
1025 485 1163 539 ὥστε
1198 484 1272 556 μὴ
1302 484 1579 556 μηκύνειν,
1608 483 1707 553 τὴν
1732 480 1813 533 λέ-

1918 485 1972 534 et
2002 478 2231 549 reliqua,
2270 494 2394 549 quae
2420 494 2589 546 nunc,
2630 493 2699 534 ne
2727 478 2971 549 prolixus
3010 476 3134 542 sim,
3168 482 3483 531 contextum

252 582 335 647 ξιν
362 581 581 635 ἃπασαν
615 579 707 631 ἐπὶ
735 578 829 631 τοῦ
861 578 1124 647 παρόντος
1162 577 1434 630 ἐκτιθέναι
1470 576 1692 646 παρεὶς,
1728 574 1819 627 τὸν

248 671 377 726 νοῦν
403 670 533 743 ἐρῶ,
561 668 691 722 Θεοῦ
720 670 923 741 χάριτι,
951 672 1071 733 ταῖς
1100 671 1462 741 προφητικῶς
1488 667 1696 731 λέξεσιν
1724 667 1820 720 αύ-

247 763 343 817 τὸν
381 764 461 825 εἰς
485 762 584 832 τὴν
606 760 714 813 τῶν
740 760 1171 829 ἐντυγχανόντων
1199 759 1521 827 κατανόησιν
1549 758 1822 828 ἐφαρμότ-

247 874 379 921 των,
410 854 559 923 λέγει
594 852 722 923 γάρ,
754 852 834 906 ὅτι
877 852 1304 923 Ἐπιμελήσομαι
1338 851 1431 903 τοῦ
1465 851 1611 903 οἴκου
1654 850 1821 903 ’ἰούδα

246 945 341 1008 οὓς
389 945 576 1013 ὥσπερ
630 943 876 1011 ποίμνιον
932 942 1061 994 ίδιον
1111 940 1345 1011 ἐθέμην·
1402 941 1716 1010 γενήσονται
1763 939 1819 990 δὲ

250 1036 465 1109 ἰσχυροὶ
499 1033 641 1087 κατά
669 1033 775 1085 τῶν
808 1033 1064 1086 ἐναντίων
1087 1033 1143 1084 ἐν
1166 1034 1277 1094 τοῖς
1308 1030 1584 1102 πολέμοις,
1622 1030 1820 1101 μᾶλλον

245 1128 283 1198 ἢ
327 1130 490 1190 ἵππος
540 1126 756 1197 ἰσχυρὸς
798 1124 901 1178 ὑπὸ
945 1124 1137 1194 ἀνδρὸς
1178 1122 1503 1193 πολεμιστοῦ
1535 1123 1675 1176 κατὰ
1714 1123 1820 1174 τῶν

247 1218 526 1287 πολεμίων
556 1215 968 1285 ἐξελαυνόμενος
985 1229 999 1242 ·
1033 1213 1093 1278 ἐξ
1124 1212 1287 1267 αὑτοῦ
1314 1213 1442 1284 γὰρ,
1470 1212 1611 1281 λέγω
1638 1212 1701 1283 δὴ
1726 1210 1818 1266 τοῦ

261 1308 458 1372 Ἰούδα,
487 1306 732 1378 προεῖδον
764 1305 959 1375 χρῆναι
984 1304 1073 1357 τὸν
1100 1303 1404 1373 Ζοροὸάϐελ
1430 1304 1817 1374 προϐληθῆναι,

248 1398 510 1451 κάκεῖθεν
542 1397 702 1449 αύτὸν
726 1395 905 1449 λαϐὼν
932 1396 1010 1459 εἰς
1039 1393 1134 1465 τὴν
1164 1394 1436 1464 βασιλείαν
1458 1394 1638 1459 ἔταξα,
1674 1396 1821 1463 ἰσχυ-

249 1488 346 1559 ρόν
380 1505 438 1541 τε
473 1487 632 1541 αὐτὸν
663 1489 756 1541 καὶ
782 1486 952 1557 θυμοῦ
988 1487 1219 1539 πνέοντα
1251 1487 1392 1539 κατά
1420 1487 1527 1538 τῶν
1564 1486 1821 1540 ἐναντίων

246 1579 615 1650 εἰργασάμην,
643 1577 830 1648 ἐπειδὴ
852 1579 943 1631 καὶ
969 1578 1222 1642 καθάπαξ
1246 1581 1309 1632 ἐκ
1334 1582 1433 1649 τῆς
1466 1579 1629 1631 ’ῐούδα
1650 1577 1823 1647 φυλῆς

242 1671 427 1741 ὥρισα
478 1669 723 1741 προϊέναι
774 1672 897 1732 τοὺς
940 1670 1223 1741 ἄρχοντας,
1267 1674 1358 1740 (p.
1406 1673 1545 1739 504)
1598 1673 1692 1735 οὓς
1730 1672 1823 1725 καὶ

248 1760 609 1830 προηγεῖσθαι
643 1761 915 1830 προσῆκεν
947 1762 1006 1813 ἐν
1034 1766 1144 1825 τοῖς
1183 1763 1439 1832 πολέμοις
1471 1764 1700 1817 πάντοτε
1726 1761 1821 1816 τοῦ

1924 578 2095 622 totum
2140 570 2194 623 in
2222 571 2477 640 praasenti
2502 569 2737 625 recitare
2765 570 3046 631 omittens,
3097 582 3317 625 sensum
3364 564 3511 633 eius'

1921 671 2205 727 exponam.
2273 657 2384 713 Deo
2428 657 2663 722 favente,
2722 657 3053 728 propheticis
3101 655 3284 710 verbis
3340 654 3489 708 hunc

1922 750 2356 813 accommodans,
2414 761 2471 805 ut
2519 765 2644 805 eum
2698 751 2928 805 lectores
2981 759 3337 818 cognoscant.
3396 748 3490 801 Ait

1920 841 2065 894 enim
2091 861 2103 894 :
2142 840 2422 897 Sollicitus
2451 857 2548 897 cro
2576 842 2643 897 de
2671 842 2833 897 domo
2860 840 3033 907 Judze,
3066 857 3226 911 quam
3271 848 3331 893 ut
3374 855 3490 910 gre-

1921 948 2038 1002 gem
2071 933 2202 986 mihi
2235 935 2514 1003 proprium
2546 939 2762 1002 reputo.
2804 931 2959 986 Fient
2983 941 3162 986 autem
3195 930 3358 984 validi
3388 931 3482 984 ad-

1922 1037 2113 1077 versus
2140 1022 2324 1079 hostes
2366 1024 2421 1077 in
2457 1024 2615 1079 bellis
2651 1023 2774 1093 plus
2800 1038 2963 1093 quam
3006 1024 3218 1078 validus
3247 1038 3422 1092 equus
3456 1036 3487 1077 α

1922 1112 2179 1167 bellicoso
2199 1114 2317 1168 viro
2339 1114 2392 1167 in
2434 1114 2619 1169 hostes
2640 1114 2884 1167 adactus.
2906 1112 2982 1166 Ex
3014 1113 3111 1166 hac
3130 1113 3273 1166 enim
3303 1114 3486 1177 domo,

1922 1207 2143 1275 praavidi
2194 1215 2447 1277 oportere
2494 1205 2884 1261 Zorobabelem
2932 1203 3093 1273 eligi;
3158 1220 3322 1272 reque
3360 1219 3488 1257 vera

1922 1296 2048 1352 inde
2067 1313 2189 1351 eum
2211 1309 2486 1367 sumptum
2510 1298 2657 1367 regia
2678 1295 2940 1365 dignitate
2965 1294 3160 1349 donavi
3186 1311 3200 1359 ;
3233 1294 3488 1346 validum-

1920 1403 2027 1457 que
2052 1388 2250 1457 ipsum,
2279 1397 2333 1443 et
2362 1389 2498 1442 iram
2527 1389 2793 1443 adversus
2824 1387 3010 1441 hostes
3041 1386 3335 1455 spirantem
3363 1384 3487 1447 reci,

1921 1477 2049 1547 quia
2082 1492 2307 1547 prorsus
2341 1478 2409 1532 de
2436 1475 2589 1531 Judaa
2612 1478 2756 1531 tribu
2789 1475 3003 1531 decrevi
3034 1473 3326 1544 procedere
3349 1473 3490 1542 prin-

1922 1569 2091 1638 cipes,
2133 1584 2272 1638 quos
2306 1584 2524 1639 semper
2555 1568 2737 1639 populi
2769 1567 2935 1622 duces
2964 1581 3087 1621 esse
3125 1566 3177 1618 in
3219 1564 3374 1618 bellis
3396 1562 3490 1616 dc-

1921 1661 2096 1716 cebit:
2155 1676 2387 1730 namque
2429 1660 2614 1715 hostes
2666 1673 2798 1714 suos
2839 1657 3136 1727 praeliando
3178 1654 3489 1724 superaturi

1923 1762 2072 1817 sunt,
2103 1760 2159 1806 ut
2184 1768 2280 1807 eos
2319 1754 2646 1806 conculcare
2678 1752 2777 1805 luti
2813 1751 2987 1805 instar
3017 1752 3233 1819 possint
3262 1746 3405 1816 quod
3435 1748 3486 1798 in

243 1853 414 1906 λαοῦ·
466 1856 585 1907 ἐπεὶ
635 1855 729 1907 καὶ
776 1855 1282 1924 κατακρατήσουσιν
1330 1852 1471 1905 οὕτω
1512 1852 1618 1905 τῶν
1665 1855 1813 1907 ἐναν-

1922 1844 2024 1899 viis
2049 1859 2079 1897 a
2107 1844 2517 1899 transeuntibus
2564 1844 2778 1898 teritur.
2828 1841 3022 1904 Tanta,
3061 1840 3256 1909 inquit,
3305 1838 3491 1892 hostes

243 1946 381 1997 τίων
432 1948 491 1996 ἐν
549 1949 662 2007 τοῖς
723 1944 1012 2014 πολέμοις,
1064 1944 1204 1996 ὥστε
1255 1946 1588 1996 καταπατεῖν
1624 1944 1817 2007 αὐτοὺς

249 2036 427 2107 πηλοῦ
464 2036 625 2107 δίκην
658 2038 713 2088 ἐν
740 2036 879 2099 ὁδοῖς
918 2036 1024 2089 ὑπὸ
1053 2035 1159 2088 τῶν
1190 2035 1429 2088 διιόντων
1459 2036 1814 2105 πατουμένου·

237 2128 421 2191 οὕτως
444 2128 797 2190 ἐκκείσονται,
823 2128 1006 2197 φησὶν,
1028 2128 1076 2179 οἰ
1102 2126 1347 2197 πολέμιοι
1377 2128 1673 2197 πάσχοντες
1696 2127 1813 2197 μὲν,

239 2216 715 2289 ἀντιμηχανᾶσθαι
749 2219 805 2271 δὲ
834 2218 1119 2288 δυνάμενοι
1149 2218 1305 2271 οὐθέν
1326 2234 1339 2247 ·
1371 2220 1465 2272 καὶ
1491 2218 1818 2290 θαρροῦντες

237 2308 309 2378 δή
351 2307 489 2380 πρὸς
518 2309 722 2372 πάντας
768 2309 1167 2379 παρατάξονται
1205 2310 1331 2374 τοὺς
1373 2311 1667 2376 ἐναντίους,
1718 2312 1817 2382 τὴν

242 2400 398 2453 θείαν
446 2401 629 2465 αὐτοῖς
677 2404 929 2473 παρεῖναι
967 2401 1317 2464 πιστεύοντες
1364 2401 1643 2473 βοήθειαν·
1694 2402 1816 2455 τότε

236 2492 698 2564 αἰσχυνθήσονται
730 2494 829 2565 μὲν
854 2493 963 2547 τῶν
988 2493 1259 2564 πολεμίων
1281 2494 1330 2546 οί
1357 2495 1440 2563 ἐφ’
1468 2494 1652 2556 ἵπποις
1675 2495 1816 2564 μέγα

236 2583 602 2655 φρονοῦντες·
654 2586 983 2657 φανήσονται
1038 2586 1094 2638 δὲ
1140 2576 1286 2638 οὗτοι
1334 2585 1555 2656 μεγάλοι
1606 2602 1665 2638 τε
1721 2587 1815 2639 καὶ

240 2677 459 2749 ἰσχυρὼ
488 2678 555 2747 τῇ
583 2678 688 2748 ἐμῇ
726 2675 977 2748 βοηθείᾳ·
1013 2671 1159 2729 οἷκον
1191 2676 1300 2747 γὰρ
1347 2674 1517 2728 Ἰούδα
1549 2676 1643 2728 καὶ
1670 2673 1814 2727 οἶκον

253 2766 481 2836 Ἰωσὴφ,
511 2766 598 2817 ἴνα
632 2765 761 2839 εἴπῃ
791 2765 881 2817 τὸν
910 2763 1057 2829 λαὸν,
1093 2765 1157 2818 ἐκ
1202 2764 1403 2834 μέρους
1430 2762 1521 2815 τὸν
1551 2762 1668 2815 ὅλον
1700 2764 1816 2815 ονο-

239 2854 434 2923 μάζων
459 2870 475 2885 ·
518 2853 737 2924 παρέξω
758 2870 817 2905 τε
845 2852 1025 2915 αὐτοῖς
1056 2850 1273 2919 ἀσφαλῆ
1302 2850 1399 2920 τὴν
1437 2850 1495 2901 ἐν
1523 2851 1633 2910 τοῖς
1665 2847 1814 2909 ἰδίοις

227 2944 477 3015 οἴκησιν,
502 2944 795 3013 ἐπειδήπερ
826 2942 1020 3003 αὐτοὺς
1055 2941 1345 3009 ἀγαπήσας
1381 2938 1680 3007 ἐδοκίμασα
1715 2937 1810 2989 αύ-

231 3036 370 3098 τοὺς
404 3036 504 3103 τῆς
536 3032 680 3104 ἐμῆς
709 3032 782 3103 μὴ
818 3031 1110 3084 ἀποϐαλεῖν
1146 3028 1428 3099 προνοίας·
1472 3026 1662 3095 ἔσομαι
1703 3025 1811 3095 γὰρ

229 3124 328 3178 ἀεὶ
355 3126 470 3195 μετ’
504 3122 704 3185 αὐτῶν,
732 3123 826 3176 κα)⁸
855 3123 912 3175 ἐν
937 3122 1202 3189 ἀνάγκαις
1230 3121 1326 3188 τὴν
1353 3119 1491 3189 ἐμὴν
1523 3118 1811 3171 αἰτούντων

1916 1934 2070 1989 clade
2109 1934 2431 1999 adicientur,
2470 1944 2529 1990 ut
2574 1949 2876 2005 repugnare
2923 1939 3216 2004 nequeant.
3272 1929 3341 1984 At
3382 1928 3490 1984 mei

1916 2026 2105 2095 grandi
2133 2026 2329 2080 ﬁducia
2349 2033 2539 2080 contra
2563 2026 2909 2081 adversarios
2930 2039 3120 2079 omnes
3142 2022 3487 2093 pugnabunt,

1914 2117 2153 2172 divinum
2189 2118 2294 2173 sibi
2340 2118 2507 2173 affore
2541 2119 2804 2174 auxilium
2836 2118 3141 2173 credentes.
3194 2114 3351 2170 Tunc
3383 2130 3487 2184 pu-

1916 2207 2065 2263 debit
2094 2209 2279 2266 hostes
2313 2210 2405 2280 qui
2435 2209 2592 2280 equis
2631 2212 2747 2266 suis’
2780 2224 3104 2280 magnopere
3149 2208 3486 2277 gloriantur:

1916 2307 1972 2352 at
2001 2299 2091 2354 isti
2125 2302 2306 2371 magni
2343 2302 2622 2372 fortesque
2670 2303 3030 2373 apparebunt,
3062 2315 3163 2369 ope
3196 2313 3315 2352 mea
3355 2297 3488 2367 ipsis

1915 2394 2276 2465 suppeditata.
2323 2394 2463 2450 Dicit
2509 2398 2654 2450 enim
2701 2397 2924 2450 domum
2962 2393 3115 2448 Judaa
3160 2400 3213 2448 et
3265 2391 3489 2445 domum

1912 2483 2155 2555 Iosephi,
2191 2497 2250 2540 ut
2277 2488 2535 2557 populum
2567 2487 2806 2552 denotet,
2838 2502 2867 2540 a
2907 2492 3062 2556 parte
3096 2492 3269 2539 totum
3296 2483 3490 2552 appel-

1915 2576 2055 2632 lans.
2089 2577 2323 2633 Eﬂiciam
2358 2595 2485 2633 vero
2519 2580 2654 2649 ipsis
2679 2588 2852 2633 tutum
2886 2579 2941 2633 in
2966 2578 3139 2648 patria
3168 2576 3488 2629 incolatum:

1913 2667 2171 2736 quoniam
2212 2683 2306 2722 eos
2339 2667 2592 2738 diligens,
2629 2669 2778 2722 uolui
2805 2671 2954 2739 ipsos
2999 2665 3342 2737 providentia
3369 2678 3489 2717 mea

1912 2760 2101 2827 procul
2133 2759 2396 2828 abjicere:
2449 2760 2541 2815 sed
2576 2761 2685 2815 illis
2729 2775 2947 2830 semper
2990 2759 3178 2822 adero,
3226 2764 3279 2811 et
3308 2756 3361 2809 in
3392 2768 3492 2807 an-

1913 2850 2106 2919 gustiis
2147 2851 2405 2904 auxilium
2441 2867 2617 2906 meum
2652 2852 3005 2921 implorantes
3073 2849 3403 2913 exaudiam;
3435 2851 3491 2899 et

1913 2937 1970 2991 in
2020 2939 2221 3007 praeliis
2271 2941 2584 3010 superiores
2636 2942 2920 2997 discedent
2958 2940 3124 3012 339
3166 2938 3313 3011 (nam
3363 2950 3489 2991 cum

1912 3027 2185 3098 Ephraimi
2242 3032 2442 3085 tribum
2486 3031 2639 3094 dicit,
2701 3048 2894 3088 rursus
2930 3045 2961 3086 a
3014 3039 3169 3102 parte
3221 3029 3487 3099 papulum

1912 3119 2207 3192 designat),
2239 3124 2313 3177 ita
2346 3133 2405 3177 ut
2431 3125 2665 3180 victores
2695 3128 2838 3180 caede
2866 3124 3103 3181 hostium
3136 3123 3310 3195 magis
3341 3121 3491 3193 gavi-

233 3214 515 3286 βοήθειαν,
540 3212 864 3282 ἀκούσομαι·
889 3212 979 3266 καὶ
1002 3212 1337 3282 κρατήσουσι
1361 3211 1505 3281 μάχῃ
1532 3210 1637 3262 τῶν
1663 3211 1813 3262 ἐναν-

1918 3214 2034 3266 suri
2061 3214 2191 3279 sint,
2218 3230 2376 3283 quam
2409 3216 2482 3269 illi
2512 3216 2602 3285 qui
2634 3217 2757 3272 vino
2786 3217 2929 3287 pleni
2957 3216 3254 3272 exsultant.

228 3308 393 3361 τίων·
425 3304 489 3357 τὸ
517 3303 626 3375 γὰρ
667 3320 687 3355 ί
722 3305 770 3355 οἱ
806 3302 900 3355 τοῦ
946 3302 1215 3373 Ἐφραῖμ,
1254 3322 1271 3354 ι
1299 3302 1458 3355 πάλιν
1508 3302 1614 3353 ἀπὸ
1667 3301 1867 3372 μέρους
1914 3303 2006 3357 τὸν
2051 3304 2177 3358 λαὸν
2232 3306 2411 3376 λέγει·
2456 3306 2596 3361 ὥστε
2637 3309 2832 3373 αὐτοὺς
2877 3310 2940 3363 ἐκ
2983 3308 3085 3379 τῆς
3134 3308 3345 3377 σφαγῆς
3380 3304 3488 3357 τῶν

230 3396 497 3454 ἐναντίων
544 3394 893 3465 νενικηκότας
946 3395 1156 3465 χαίρειν
1213 3394 1280 3463 τῇ
1326 3391 1549 3461 διανοίᾳ,
1610 3392 1807 3462 μᾶλλον
1837 3394 2254 3465 ἐμφορηθέντων
2287 3396 2453 3450 οἴνου.

301 3487 459 3558 Στίχ.
494 3484 659 3557 η’-ιβ’.
686 3514 756 3527 ——
780 3485 963 3539 Ταῦτα
988 3484 1045 3537 δὲ
1076 3483 1171 3536 καὶ
1199 3484 1248 3535 οἰ
1282 3483 1340 3549 ἐξ
1370 3483 1550 3536 αὐτῶν
1589 3483 1807 3548 ἰδόντες,

229 3580 291 3632 ἐν
320 3578 687 3648 εὐφροσύναις
716 3578 1036 3647 γενήσονται
1076 3574 1164 3629 διά
1193 3574 1292 3645 τὴν
1332 3576 1681 3646 ὑπάρχουσαν
1718 3576 1815 3627 αύ-

228 3675 349 3737 τοῖς
371 3671 524 3742 παρὰ
547 3669 641 3723 τοῦ
669 3668 803 3723 Θεοῦ
833 3668 1099 3739 βοήθειαν·
1130 3666 1317 3738 ὥσπερ
1349 3668 1606 3736 σάλπιγγι
1635 3668 1813 3720 τοίνυν

232 3764 490 3834 σημήνας
516 3761 758 3823 ἅπαντας
784 3761 980 3822 αὐτοὺς
1004 3758 1242 3830 ἀθροίσω
1269 3775 1329 3811 τε
1358 3759 1452 3811 καὶ
1482 3758 1809 3827 εἰσδέξομαι,

227 3854 490 3908 ἀπολύων
526 3854 723 3915 αὐτοὺς
754 3852 936 3920 πάσης
970 3852 1250 3920 ἀνάγκης·
1282 3849 1420 3902 ὥστε
1456 3848 1593 3918 μετά
1638 3852 1814 3917 ἀσφα-

229 3942 385 4006 λείας
420 3946 477 3995 ἐν
505 3946 617 4005 τοῖς
645 3941 862 4003 οἰκείοις
890 3941 1204 4008 διάγοντας,
1246 3942 1324 4002 εἰς
1358 3938 1555 4010 πλῆθος
1602 3937 1815 3992 ἐπιδοῦ-

228 4051 323 4088 ναι
360 4033 755 4103 παραπλησίως
783 4032 862 4103 τῷ
885 4031 1118 4102 πρόσθεν
1148 4032 1340 4102 χρόνῳ·
1371 4032 1446 4101 (p.
1480 4031 1605 4100 505)
1637 4047 1815 4083 στενοο

228 4120 614 4199 χωρουμένους
655 4142 714 4177 τε
758 4126 847 4177 ἐπὶ
882 4124 980 4193 τῆς
1018 4123 1125 4194 γῆς
1171 4127 1270 4193 τῆς
1318 4123 1523 4187 οἰκείας
1569 4122 1673 4175 ὑπὸ
1719 4121 1813 4175 τοῦ

228 4217 475 4288 πλήθους
497 4217 592 4269 τοῦ
616 4217 837 4279 οἰκείου,
871 4218 928 4269 ἐν
951 4216 1163 4277 πολλοῖς
1191 4216 1554 4285 διασπαρῆναι
1584 4215 1678 4267 καὶ
1705 4212 1812 4266 τῶν

226 4309 551 4380 ἀλλοτρίων,
582 4303 657 4362 ὧν
680 4310 1191 4379 κατακρατήσαντες
1222 4307 1508 4377 κτήσονταί
1536 4324 1595 4359 τε
1623 4307 1716 4359 καὶ
1738 4308 1814 4359 ol—

226 4406 463 4473 κήσουσι
499 4401 597 4472 τὴν
630 4401 839 4473 χώραν·
875 4400 923 4453 οἳ
955 4401 1153 4462 πάντες
1185 4401 1375 4472 μνήμῃ
1410 4402 1475 4470 τῇ
1507 4402 1611 4469 ἐμῇ
1642 4398 1729 4451 διά
1751 4399 1812 4452 τὸ

223 4494 339 4545 τῶν
378 4493 683 4561 γενομένων
718 4491 965 4561 μέγεθος,
1008 4493 1069 4543 οὐ
1110 4491 1267 4561 μόνον
1313 4490 1602 4561 βλάψουσιν
1637 4489 1808 4554 οὐδὲν,

221 4584 370 4636 ἀλλά
411 4585 519 4654 γάρ
553 4584 645 4635 καὶ
684 4584 865 4635 πᾶσαν
904 4582 1082 4635 αὐτῶν
1115 4580 1429 4651 ἐπιμέλειαν
1461 4583 1808 4651 ποιήσονται·

219 4676 391 4730 τοῦτο
421 4676 528 4745 γὰρ
553 4675 699 4743 λέγει
720 4674 835 4738 τὺ,‹
859 4672 1295 4745 Ἐκθρέψουσιτά
1324 4673 1487 4725 τέκνα
1510 4672 1687 4725 αὐτῶν
1716 4672 1809 4725 καὶ

1993 3484 2153 3542 Vens.
2181 3488 2335 3543 8-12.
2361 3519 2430 3528 —-
2463 3488 2589 3545 llaec
2615 3499 2796 3546 autem
2825 3492 2919 3546 lilii
2951 3493 3195 3562 ipsorum
3242 3492 3488 3546 videntes

1914 3575 2115 3633 laztitiis
2150 3579 2401 3634 incedent
2434 3591 2654 3651 propter
2692 3598 3015 3638 concessum
3053 3585 3157 3640 sibi
3188 3601 3216 3636 a
3248 3583 3357 3637 Deo
3390 3598 3487 3636 au-

1915 3669 2124 3724 xilium.
2167 3671 2333 3741 Igitur
2375 3674 2531 3742 quasi
2568 3674 2697 3728 tuba
2740 3677 2952 3745 signum
3002 3691 3206 3729 canens
3258 3683 3486 3728 cunctos

1914 3763 2254 3831 congregabo
2286 3770 2339 3817 et
2362 3764 2428 3817 ad
2460 3780 2544 3818 me
2577 3766 2856 3835 recipiam,
2890 3767 3035 3818 οιιιιιί
3082 3782 3176 3819 eos
3232 3780 3487 3834 pressura

1916 3851 2192 3919 liberans;
2223 3869 2332 3923 quo
2356 3857 2441 3908 lict
2472 3865 2528 3909 ut
2560 3856 2612 3909 in
2648 3858 2821 3925 patrio
2849 3858 2966 3912 solo
2995 3858 3169 3911 securi
3204 3857 3484 3926 degentes.

1915 3944 1970 3999 in
2039 3947 2438 4001 multitudinem
2492 3957 2811 4004 excrcscant
2884 3965 3037 4020 aeque
3090 3965 3155 4004 ac
3207 3950 3487 4019 superiore

1914 4043 2155 4105 tempore
2180 4055 2194 4102 ;
2224 4038 2276 4091 in
2299 4045 2508 4092 tantum
2539 4050 2595 4093 ut
2625 4041 2677 4093 in
2704 4041 2920 4109 propria
2944 4049 3087 4095 terra
3114 4039 3226 4108 jam
3252 4053 3484 4093 numero

1914 4128 2233 4194 angustiati,
2274 4130 2339 4183 ad
2370 4131 2573 4185 multos
2598 4132 2982 4201 dispergantur
3014 4132 3164 4186 locos
3193 4139 3480 4185 extraneo-

1914 4232 2055 4282 rum,
2097 4234 2236 4287 quos
2266 4220 2616 4275 devinccntes
2650 4222 3025 4291 possidebunt,
3056 4222 3485 4290 habitahuntque

1914 4306 2128 4362 illorum
2175 4312 2490 4380 regionem:
2549 4314 2637 4383 qui
2691 4327 2879 4368 omnes
2928 4314 3031 4366 mei
3076 4327 3364 4375 memores,
3415 4312 3483 4367 ob

1914 4405 2157 4450 actarum
2189 4414 2372 4453 rerum
2401 4400 2851 4469 magnitudinem,
2894 4416 3001 4455 non
3031 4400 3191 4454 modo
3212 4402 3348 4455 meis
3374 4414 3480 4454 non

1912 4491 2212 4554 nocebunt,
2240 4507 2426 4547 verum
2459 4495 2622 4548 etiam
2649 4508 2836 4548 curam
2868 4494 3235 4548 omnimodam
3265 4508 3484 4547 eorum-

1912 4581 2033 4635 dem
2081 4590 2291 4651 gerent.
2345 4581 2402 4638 ld
2452 4585 2597 4638 enim
2640 4583 2900 4639 denotant
2951 4585 3135 4650 verba,
3191 4583 3484 4639 «Nutriant

1914 4671 2052 4725 ﬁlios
2077 4688 2286 4739 eorum,
2335 4682 2389 4728 et
2421 4682 2842 4739 convertentur;
2870 4693 2889 4726 ι
2931 4675 2983 4728 id
3011 4682 3116 4741 est,
3152 4675 3268 4729 haec
3297 4682 3478 4745 agent,

220 4766 684 4837 ἐπιστρέφουσιν,
741 4785 760 4817 ι
805 4765 925 4819 ἀντὶ
967 4765 1082 4829 τοῦ,
1118 4764 1300 4817 Ταῦτα
1337 4766 1641 4835 ποιήσουσι,
1676 4766 1809 4835 πρὸς

1915 4767 1979 4819 ad
2014 4781 2099 4821 me
2133 4768 2343 4836 meique
2375 4769 2622 4822 notitiam
2652 4769 2891 4822 animum
2920 4778 3321 4824 convertentes.
3360 4768 3478 4822 Ca:-

219 4858 330 4928 ἐμὲ
365 4858 655 4919 νεύσαντες
680 4856 775 4909 καὶ
802 4854 898 4925 τὴν
924 4855 1124 4922 γνῶσιν
1148 4854 1244 4924 τὴν
1275 4854 1433 4924 ἐμήν.
1465 4854 1810 4923 Πανταχόθεν

216 4948 282 5002 δὲ
318 4947 509 5000 λοιπον
554 4948 676 5010 τοὺς
709 4946 767 5013 ἐξ
812 4947 990 5000 αὐτῶν
1022 4945 1450 5014 διεσπαρμένους
1473 4986 1485 5003 ,
1547 4947 1655 4997 εἴτε
1691 4945 1809 4997 κατ’

215 5040 541 5107 Αἴγυπτον,
582 5038 691 5089 εἴτε
732 5039 789 5090 ὲν
840 5041 905 5108 τῇ
938 5038 1044 5090 τῶν
1096 5038 1394 5109 Ἀσσυρίων
1422 5039 1604 5109 χώρα,
1650 5057 1811 5109 μετα·

214 5130 528 5198 ϐαλόμενος
558 5128 810 5191 ἐπανάξω
841 5131 920 5193 εἰς
953 5130 1022 5181 τά
1049 5130 1221 5181 οἰκεῖα
1244 5169 1259 5191 ,
1289 5129 1428 5181 ὥστε
1457 5130 1583 5191 τοὺς
1613 5130 1810 5192 τόπους

212 5222 400 5274 οἰκεῖν
442 5222 569 5282 τοὺς
601 5222 867 5285 οἰκείους,
905 5218 1129 5291 μηδενὸς
1162 5221 1265 5285 ἔξω
1296 5221 1498 5273 τούτων
1528 5221 1804 5290 διάγοντος

212 5313 302 5367 ἔτι
325 5328 344 5344 ·
376 5311 425 5365 οἳ
457 5312 545 5365 διά
574 5312 768 5367 πολλοῦ
796 5312 1221 5383 παρελεύσονται
1248 5311 1506 5381 πλήθους,
1540 5328 1801 5383 στενοχω-

214 5406 322 5476 ρού
333 5418 488 5473 μενοι
520 5405 617 5475 μὲν
648 5404 724 5474 τῷ
752 5404 942 5475 πλήθει
963 5404 1071 5457 τῶν
1100 5403 1373 5466 ἐναντίων,
1400 5404 1802 5476 κατακρατοῦν-

207 5515 313 5560 τες
344 5497 402 5548 δέ
440 5497 617 5549 αὐτῶν
644 5500 711 5568 τῇ
750 5499 856 5567 ἐμῇ
906 5497 1150 5566 δυνάμει,
1183 5496 1321 5549 ὥστε
1360 5496 1451 5550 καὶ
1483 5500 1659 5551 πᾶσαν
1700 5497 1799 5550 αύ-

207 5587 333 5639 τῶν
372 5587 634 5639 ἀπολέσαι
661 5587 759 5655 τὴν
808 5588 991 5654 ἰσχὺν,
1031 5586 1275 5649 ἅπαντάς
1306 5602 1365 5638 τε
1414 5588 1609 5649 αὐτοὺς
1645 5587 1800 5656 δίκην

208 5676 503 5746 θαλάσσης
544 5678 965 5748 κυματουμένης
1006 5677 1451 5747 ἀγριαινομένους
1492 5677 1614 5731 καθ’
1647 5678 1801 5748 ὑμῶν

207 5766 668 5839 τιμωρήσασθαι,
704 5768 1027 5838 περιστῆσαί
1056 5785 1114 5822 τε
1145 5772 1208 5840 τῇ
1237 5771 1410 5841 οἰκείᾳ
1440 5769 1675 5841 τιμωρίᾳ
1709 5772 1800 5824 καὶ

1910 4863 2084 4910 terum
2113 4872 2520 4926 quaqueversus
2549 4875 2643 4913 eos
2679 4861 2977 4928 dispersos,
3009 4862 3123 4915 sive
3162 4862 3215 4913 in
3243 4859 3480 4930 Egypto

1909 4945 2026 5000 sive
2056 4946 2110 4999 in
2132 4946 2483 5016 Assyriorum
2513 4950 2755 5017 regione,
2794 4965 3059 5005 converso
3090 4949 3285 5004 allectu
3316 4950 3481 5003 redu-

1908 5051 2029 5091 cam
2052 5052 2145 5092 eos
2178 5038 2232 5091 in
2264 5038 2516 5107 patriam,
2549 5046 2609 5093 ut
2641 5054 2769 5093 suos
2809 5040 3009 5110 singuli
3037 5041 3185 5095 locos
3214 5040 3476 5099 incolant,

1908 5129 2122 5183 nemine
2142 5136 2293 5183 extra
2320 5129 2419 5183 hos
2434 5128 2691 5199 deinceps
2711 5129 2957 5201 degente.
2977 5129 3120 5200 Ergo
3142 5130 3196 5183 in
3220 5143 3477 5198 magnum

1912 5236 2198 5274 numerum
2244 5230 2603 5277 excrescent:
2663 5229 2775 5276 tum
2836 5223 3072 5277 hostium
3130 5221 3478 5275 multitudine

1890 5308 2228 5377 .angustiati,
2271 5307 2357 5364 his
2391 5309 2747 5365 nihilominus
2779 5310 2981 5364 virtute
3013 5324 3133 5363 mea
3181 5309 3477 5378 superatis,

1908 5407 2163 5453 cunctam
2193 5399 2406 5454 illorum
2439 5401 2776 5456 enervabunt
2808 5400 3182 5455 fortitudinem
3208 5418 3223 5467 ;
3257 5416 3477 5455 omnes-

1888 5506 2015 5562 que
2042 5491 2182 5554 illos,
2207 5494 2359 5561 quasi
2392 5508 2541 5547 mare
2564 5494 2925 5562 procellosum
2958 5493 3245 5547 saevientes
3275 5494 3327 5546 in
3362 5508 3477 5561 per~

1907 5585 2104 5641 niciem
2148 5597 2403 5651 vestram,
2439 5586 2716 5639 contraria
2755 5586 2872 5640 vice
2917 5585 3186 5655 supplicio
3237 5594 3290 5641 et
3329 5590 3472 5641 caede

1907 5677 1975 5730 ad
2022 5679 2252 5732 nihilum
2306 5678 2582 5748 redigetis.
2632 5676 2722 5731 Sic
2759 5677 2904 5732 enim
2950 5678 3298 5748 intelligenda
3346 5689 3469 5733 sunt

1908 5770 2090 5834 verba,
2139 5788 2156 5822 ι
2186 5769 2692 5826 Etexsiccabuntur
2728 5769 2993 5840 profunda
3021 5770 3356 5837 ﬂuminum”
3409 5771 3463 5825 id
