  <div class='ocr_page' id='page_1' title='image "/cluster/home/n/w/nwhite01/storage/ocr_20150623/66/hvd.32044020183315/289.png"; bbox 0 0 3934 6520; ppageno 0'>
   <div class='ocr_carea' id='block_1_1' title="bbox 504 339 609 395">
    <p class='ocr_par' dir='ltr' id='par_1_1' title="bbox 504 339 609 395">
     <span class='ocr_line' id='line_1_1' title="bbox 504 339 609 395; baseline 0.01 -1"><span class='ocrx_word' id='word_1_1' title='bbox 504 339 609 395; x_wconf 72' lang='grc'><strong>367</strong></span> 
     </span>
    </p>
   </div>
   <div class='ocr_carea' id='block_1_2' title="bbox 1668 348 2060 414">
    <p class='ocr_par' dir='ltr' id='par_1_2' title="bbox 1668 348 2060 408">
     <span class='ocr_line' id='line_1_2' title="bbox 1668 348 2060 408; baseline 0.005 -4"><span class='ocrx_word' id='word_1_2' title='bbox 1668 348 2016 408; x_wconf 81' lang='lat' dir='ltr'><strong>TﬂEODORl</strong></span> <span class='ocrx_word' id='word_1_3' title='bbox 2058 353 2060 406; x_wconf 72' lang='grc' dir='ltr'>Ι</span> 
     </span>
    </p>
   </div>
   <div class='ocr_carea' id='block_1_3' title="bbox 2162 348 3718 414">
    <p class='ocr_par' dir='ltr' id='par_1_3' title="bbox 2162 351 3718 414">
     <span class='ocr_line' id='line_1_3' title="bbox 2162 351 3718 414; baseline 0.005 -8"><span class='ocrx_word' id='word_1_4' title='bbox 2162 351 2538 411; x_wconf 79' lang='lat' dir='ltr'><strong>PSUESTENI</strong></span> <span class='ocrx_word' id='word_1_5' title='bbox 3203 387 3206 390; x_wconf 57' lang='grc' dir='ltr'><strong>λ</strong></span> <span class='ocrx_word' id='word_1_6' title='bbox 3627 358 3718 414; x_wconf 70' lang='lat'><strong>568</strong></span> 
     </span>
    </p>
   </div>
   <div class='ocr_carea' id='block_1_4' title="bbox 501 462 2060 550">
    <p class='ocr_par' dir='ltr' id='par_1_4' title="bbox 501 462 2060 543">
     <span class='ocr_line' id='line_1_4' title="bbox 501 462 2060 543; baseline 0.007 -25"><span class='ocrx_word' id='word_1_7' title='bbox 501 473 609 519; x_wconf 75' lang='lat' dir='ltr'><strong>ou.</strong></span> <span class='ocrx_word' id='word_1_8' title='bbox 637 462 774 517; x_wconf 82' lang='lat' dir='ltr'><strong>tanti</strong></span> <span class='ocrx_word' id='word_1_9' title='bbox 807 464 1018 518; x_wconf 85' lang='lat' dir='ltr'><strong>numeri</strong></span> <span class='ocrx_word' id='word_1_10' title='bbox 1051 464 1234 524; x_wconf 83' lang='lat' dir='ltr'><strong>hostes</strong></span> <span class='ocrx_word' id='word_1_11' title='bbox 1261 466 1643 538; x_wconf 75' lang='lat' dir='ltr'><strong>proﬂigabunt.</strong></span> <span class='ocrx_word' id='word_1_12' title='bbox 1680 471 1746 526; x_wconf 87' lang='lat' dir='ltr'><strong>Et</strong></span> <span class='ocrx_word' id='word_1_13' title='bbox 1768 489 1942 543; x_wconf 89' lang='lat' dir='ltr'><strong>neque</strong></span> <span class='ocrx_word' id='word_1_14' title='bbox 1965 474 2060 529; x_wconf 82' lang='lat' dir='ltr'><strong>As-</strong></span> 
     </span>
    </p>
   </div>
   <div class='ocr_carea' id='block_1_5' title="bbox 2162 462 3717 550">
    <p class='ocr_par' dir='ltr' id='par_1_5' title="bbox 2171 476 3717 550">
     <span class='ocr_line' id='line_1_5' title="bbox 2171 476 3717 550; baseline 0.006 -21"><span class='ocrx_word' id='word_1_15' title='bbox 2171 479 2348 548; x_wconf 80' lang='grc' dir='ltr'>σφαγῇ</span> <span class='ocrx_word' id='word_1_16' title='bbox 2382 477 2464 541; x_wconf 88' lang='grc' dir='ltr'><strong>είς</strong></span> <span class='ocrx_word' id='word_1_17' title='bbox 2505 476 2668 547; x_wconf 80' lang='grc' dir='ltr'>μηδὲν</span> <span class='ocrx_word' id='word_1_18' title='bbox 2697 478 2824 541; x_wconf 80' lang='grc' dir='ltr'>τοὺς</span> <span class='ocrx_word' id='word_1_19' title='bbox 2854 478 3172 544; x_wconf 72' lang='grc' dir='ltr'>τοσούτους·</span> <span class='ocrx_word' id='word_1_20' title='bbox 3205 477 3360 532; x_wconf 78' lang='grc' dir='ltr'>τοῦτο</span> <span class='ocrx_word' id='word_1_21' title='bbox 3403 477 3514 550; x_wconf 80' lang='grc' dir='ltr'>γὰρ</span> <span class='ocrx_word' id='word_1_22' title='bbox 3545 478 3717 541; x_wconf 82' lang='grc' dir='ltr'>λέγει.</span> 
     </span>
    </p>
   </div>
   <div class='ocr_carea' id='block_1_6' title="bbox 505 553 2065 635">
    <p class='ocr_par' dir='ltr' id='par_1_6' title="bbox 505 553 2065 635">
     <span class='ocr_line' id='line_1_6' title="bbox 505 553 2065 635; baseline 0.009 -30"><span class='ocrx_word' id='word_1_23' title='bbox 505 553 669 608; x_wconf 71' lang='grc' dir='ltr'>ςιιίὶε</span> <span class='ocrx_word' id='word_1_24' title='bbox 696 555 841 610; x_wconf 84' lang='lat' dir='ltr'><strong>vires</strong></span> <span class='ocrx_word' id='word_1_25' title='bbox 867 555 1130 612; x_wconf 87' lang='lat' dir='ltr'><strong>adversus</strong></span> <span class='ocrx_word' id='word_1_26' title='bbox 1180 572 1332 615; x_wconf 86' lang='lat' dir='ltr'><strong>meos</strong></span> <span class='ocrx_word' id='word_1_27' title='bbox 1365 571 1714 630; x_wconf 83' lang='lat' dir='ltr'><strong>supererunt,</strong></span> <span class='ocrx_word' id='word_1_28' title='bbox 1766 579 1940 635; x_wconf 89' lang='lat' dir='ltr'><strong>neque</strong></span> <span class='ocrx_word' id='word_1_29' title='bbox 1966 565 2065 618; x_wconf 66' lang='grc' dir='ltr'><strong>ΔΕ-</strong></span> 
     </span>
    </p>
   </div>
   <div class='ocr_carea' id='block_1_7' title="bbox 502 648 2064 726">
    <p class='ocr_par' dir='ltr' id='par_1_7' title="bbox 502 648 2064 726">
     <span class='ocr_line' id='line_1_7' title="bbox 502 648 2064 726; baseline 0.01 -29"><span class='ocrx_word' id='word_1_30' title='bbox 502 648 735 718; x_wconf 67' lang='lat' dir='ltr'><strong>grptiis;</strong></span> <span class='ocrx_word' id='word_1_31' title='bbox 765 662 997 717; x_wconf 90' lang='lat' dir='ltr'><strong>quorum</strong></span> <span class='ocrx_word' id='word_1_32' title='bbox 1023 648 1074 702; x_wconf 86' lang='lat' dir='ltr'><strong>hi</strong></span> <span class='ocrx_word' id='word_1_33' title='bbox 1105 650 1236 704; x_wconf 88' lang='lat' dir='ltr'><strong>olim</strong></span> <span class='ocrx_word' id='word_1_34' title='bbox 1264 651 1480 708; x_wconf 62' lang='lat' dir='ltr'><strong>Judaos</strong></span> <span class='ocrx_word' id='word_1_35' title='bbox 1511 655 1563 708; x_wconf 91' lang='lat' dir='ltr'><strong>in</strong></span> <span class='ocrx_word' id='word_1_36' title='bbox 1595 659 1867 726; x_wconf 84' lang='lat' dir='ltr'><strong>mancipio</strong></span> <span class='ocrx_word' id='word_1_37' title='bbox 1899 659 2064 712; x_wconf 87' lang='lat' dir='ltr'><strong>hahe-</strong></span> 
     </span>
    </p>
   </div>
   <div class='ocr_carea' id='block_1_8' title="bbox 503 739 2061 813">
    <p class='ocr_par' dir='ltr' id='par_1_8' title="bbox 503 739 2061 813">
     <span class='ocr_line' id='line_1_8' title="bbox 503 739 2061 813; baseline 0.008 -23"><span class='ocrx_word' id='word_1_38' title='bbox 503 740 667 804; x_wconf 84' lang='lat' dir='ltr'><strong>bant;</strong></span> <span class='ocrx_word' id='word_1_39' title='bbox 714 739 790 793; x_wconf 86' lang='lat' dir='ltr'><strong>illi</strong></span> <span class='ocrx_word' id='word_1_40' title='bbox 831 749 1009 794; x_wconf 83' lang='lat' dir='ltr'><strong>autem</strong></span> <span class='ocrx_word' id='word_1_41' title='bbox 1062 753 1338 811; x_wconf 83' lang='lat' dir='ltr'><strong>postremo</strong></span> <span class='ocrx_word' id='word_1_42' title='bbox 1395 746 1642 813; x_wconf 85' lang='lat' dir='ltr'><strong>captivos</strong></span> <span class='ocrx_word' id='word_1_43' title='bbox 1698 748 2061 802; x_wconf 79' lang='lat' dir='ltr'><strong>abduxerunt.</strong></span> 
     </span>
    </p>
   </div>
   <div class='ocr_carea' id='block_1_9' title="bbox 500 829 2063 895">
    <p class='ocr_par' dir='ltr' id='par_1_9' title="bbox 500 829 2063 895">
     <span class='ocr_line' id='line_1_9' title="bbox 500 829 2063 895; baseline 0.009 -15"><span class='ocrx_word' id='word_1_44' title='bbox 500 829 787 893; x_wconf 81' lang='lat' dir='ltr'><strong>Quomodo</strong></span> <span class='ocrx_word' id='word_1_45' title='bbox 841 847 971 886; x_wconf 90' lang='lat' dir='ltr'><strong>vero</strong></span> <span class='ocrx_word' id='word_1_46' title='bbox 1024 833 1138 887; x_wconf 45' lang='lat' dir='ltr'><strong>habe</strong></span> <span class='ocrx_word' id='word_1_47' title='bbox 1191 833 1360 889; x_wconf 84' lang='lat' dir='ltr'><strong>ﬁent?</strong></span> <span class='ocrx_word' id='word_1_48' title='bbox 1415 835 1529 890; x_wconf 71' lang='lat' dir='ltr'><strong>«Et</strong></span> <span class='ocrx_word' id='word_1_49' title='bbox 1570 837 1836 892; x_wconf 89' lang='lat' dir='ltr'><strong>roborabo</strong></span> <span class='ocrx_word' id='word_1_50' title='bbox 1881 855 1974 895; x_wconf 91' lang='lat' dir='ltr'><strong>eos</strong></span> <span class='ocrx_word' id='word_1_51' title='bbox 2008 841 2063 894; x_wconf 91' lang='lat' dir='ltr'><strong>in</strong></span> 
     </span>
    </p>
   </div>
   <div class='ocr_carea' id='block_1_10' title="bbox 504 917 2057 996">
    <p class='ocr_par' dir='ltr' id='par_1_10' title="bbox 504 917 2057 996">
     <span class='ocr_line' id='line_1_10' title="bbox 504 917 2057 996; baseline 0.008 -26"><span class='ocrx_word' id='word_1_52' title='bbox 504 917 730 972; x_wconf 85' lang='lat' dir='ltr'><strong>Domino</strong></span> <span class='ocrx_word' id='word_1_53' title='bbox 773 919 884 975; x_wconf 89' lang='lat' dir='ltr'><strong>Deo</strong></span> <span class='ocrx_word' id='word_1_54' title='bbox 912 937 1032 983; x_wconf 88' lang='lat' dir='ltr'><strong>suo.</strong></span> <span class='ocrx_word' id='word_1_55' title='bbox 1067 931 1118 976; x_wconf 88' lang='lat' dir='ltr'><strong>et</strong></span> <span class='ocrx_word' id='word_1_56' title='bbox 1164 923 1218 977; x_wconf 91' lang='lat' dir='ltr'><strong>in</strong></span> <span class='ocrx_word' id='word_1_57' title='bbox 1252 925 1470 978; x_wconf 82' lang='lat' dir='ltr'><strong>nomine</strong></span> <span class='ocrx_word' id='word_1_58' title='bbox 1501 926 1620 994; x_wconf 84' lang='lat' dir='ltr'><strong>ejus</strong></span> <span class='ocrx_word' id='word_1_59' title='bbox 1662 927 2057 996; x_wconf 87' lang='lat' dir='ltr'><strong>gloriabuntur,</strong></span> 
     </span>
    </p>
   </div>
   <div class='ocr_carea' id='block_1_11' title="bbox 501 1009 2061 1090">
    <p class='ocr_par' dir='ltr' id='par_1_11' title="bbox 501 1009 2061 1090">
     <span class='ocr_line' id='line_1_11' title="bbox 501 1009 2061 1090; baseline 0.007 -29"><span class='ocrx_word' id='word_1_60' title='bbox 501 1011 578 1062; x_wconf 81' lang='lat' dir='ltr'><strong>ait</strong></span> <span class='ocrx_word' id='word_1_61' title='bbox 610 1009 892 1068; x_wconf 84' lang='lat' dir='ltr'><strong>Dominus.</strong></span> <span class='ocrx_word' id='word_1_62' title='bbox 915 1033 934 1065; x_wconf 77' lang='grc' dir='ltr'>ι</span> <span class='ocrx_word' id='word_1_63' title='bbox 988 1013 1121 1067; x_wconf 88' lang='lat' dir='ltr'><strong>Nam</strong></span> <span class='ocrx_word' id='word_1_64' title='bbox 1173 1016 1382 1071; x_wconf 86' lang='lat' dir='ltr'><strong>validos</strong></span> <span class='ocrx_word' id='word_1_65' title='bbox 1424 1031 1519 1071; x_wconf 90' lang='lat' dir='ltr'><strong>eos</strong></span> <span class='ocrx_word' id='word_1_66' title='bbox 1563 1017 1788 1072; x_wconf 79' lang='lat' dir='ltr'><strong>elﬁciam</strong></span> <span class='ocrx_word' id='word_1_67' title='bbox 1821 1019 1982 1090; x_wconf 58' lang='lat'><strong>340</strong></span> <span class='ocrx_word' id='word_1_68' title='bbox 2008 1029 2061 1074; x_wconf 86' lang='lat' dir='ltr'><strong>et</strong></span> 
     </span>
    </p>
   </div>
   <div class='ocr_carea' id='block_1_12' title="bbox 503 1100 2060 1168">
    <p class='ocr_par' dir='ltr' id='par_1_12' title="bbox 503 1100 2060 1168">
     <span class='ocr_line' id='line_1_12' title="bbox 503 1100 2060 1168; baseline 0.007 -17"><span class='ocrx_word' id='word_1_69' title='bbox 503 1100 751 1155; x_wconf 90' lang='lat' dir='ltr'><strong>hostibus</strong></span> <span class='ocrx_word' id='word_1_70' title='bbox 778 1103 993 1156; x_wconf 82' lang='lat' dir='ltr'><strong>cunctis</strong></span> <span class='ocrx_word' id='word_1_71' title='bbox 1030 1104 1284 1168; x_wconf 86' lang='lat' dir='ltr'><strong>invictos,</strong></span> <span class='ocrx_word' id='word_1_72' title='bbox 1332 1117 1389 1160; x_wconf 93' lang='lat' dir='ltr'><strong>ut</strong></span> <span class='ocrx_word' id='word_1_73' title='bbox 1430 1107 1649 1162; x_wconf 84' lang='lat' dir='ltr'><strong>nomine</strong></span> <span class='ocrx_word' id='word_1_74' title='bbox 1677 1123 1800 1163; x_wconf 91' lang='lat' dir='ltr'><strong>meo</strong></span> <span class='ocrx_word' id='word_1_75' title='bbox 1831 1110 2060 1164; x_wconf 81' lang='lat' dir='ltr'><strong>auxilio-</strong></span> 
     </span>
    </p>
   </div>
   <div class='ocr_carea' id='block_1_13' title="bbox 502 1191 1868 1268">
    <p class='ocr_par' dir='ltr' id='par_1_13' title="bbox 502 1191 1868 1268">
     <span class='ocr_line' id='line_1_13' title="bbox 502 1191 1868 1268; baseline 0.012 -29"><span class='ocrx_word' id='word_1_76' title='bbox 502 1205 608 1256; x_wconf 74' lang='lat' dir='ltr'><strong>que</strong></span> <span class='ocrx_word' id='word_1_77' title='bbox 636 1191 920 1261; x_wconf 87' lang='lat' dir='ltr'><strong>gloriaturi</strong></span> <span class='ocrx_word' id='word_1_78' title='bbox 953 1194 1081 1246; x_wconf 86' lang='lat' dir='ltr'><strong>sint.</strong></span> <span class='ocrx_word' id='word_1_79' title='bbox 1117 1193 1212 1249; x_wconf 86' lang='lat' dir='ltr'><strong>His</strong></span> <span class='ocrx_word' id='word_1_80' title='bbox 1243 1195 1427 1262; x_wconf 88' lang='lat' dir='ltr'><strong>dictis,</strong></span> <span class='ocrx_word' id='word_1_81' title='bbox 1466 1198 1817 1268; x_wconf 75' lang='lat' dir='ltr'><strong>prosequitur</strong></span> <span class='ocrx_word' id='word_1_82' title='bbox 1856 1220 1868 1255; x_wconf 92' lang='lat'>:</span> 
     </span>
    </p>
   </div>
   <div class='ocr_carea' id='block_1_14' title="bbox 2169 569 3722 643">
    <p class='ocr_par' dir='ltr' id='par_1_14' title="bbox 2169 569 3722 643">
     <span class='ocr_line' id='line_1_14' title="bbox 2169 569 3722 643; baseline 0.003 -23"><span class='ocrx_word' id='word_1_83' title='bbox 2169 586 2188 619; x_wconf 80' lang='grc' dir='ltr'><strong>ι</strong></span> <span class='ocrx_word' id='word_1_84' title='bbox 2227 569 2336 622; x_wconf 77' lang='grc' dir='ltr'>Καὶ</span> <span class='ocrx_word' id='word_1_85' title='bbox 2379 569 2770 642; x_wconf 79' lang='grc' dir='ltr'>ξηρανθήσεται</span> <span class='ocrx_word' id='word_1_86' title='bbox 2815 572 2990 624; x_wconf 85' lang='grc' dir='ltr'>πάντα</span> <span class='ocrx_word' id='word_1_87' title='bbox 3033 573 3102 626; x_wconf 89' lang='grc' dir='ltr'><strong>τά</strong></span> <span class='ocrx_word' id='word_1_88' title='bbox 3133 571 3268 643; x_wconf 83' lang='grc' dir='ltr'><strong>βάθη</strong></span> <span class='ocrx_word' id='word_1_89' title='bbox 3304 572 3722 643; x_wconf 75' lang='grc' dir='ltr'>ποταμῶν,ιῖνα</span> 
     </span>
    </p>
   </div>
   <div class='ocr_carea' id='block_1_15' title="bbox 2165 659 3722 731">
    <p class='ocr_par' dir='ltr' id='par_1_15' title="bbox 2165 659 3722 731">
     <span class='ocr_line' id='line_1_15' title="bbox 2165 659 3722 731; baseline 0.002 -20"><span class='ocrx_word' id='word_1_90' title='bbox 2165 659 2316 731; x_wconf 75' lang='grc' dir='ltr'>εἴπῃ,</span> <span class='ocrx_word' id='word_1_91' title='bbox 2340 663 2421 716; x_wconf 83' lang='grc' dir='ltr'>ὅτι</span> <span class='ocrx_word' id='word_1_92' title='bbox 2459 661 2700 730; x_wconf 78' lang='grc' dir='ltr'>Ἀφανιεῖ</span> <span class='ocrx_word' id='word_1_93' title='bbox 2736 663 2860 726; x_wconf 83' lang='grc' dir='ltr'>τοὺς</span> <span class='ocrx_word' id='word_1_94' title='bbox 2890 661 3030 716; x_wconf 74' lang='grc' dir='ltr'>οὕτω</span> <span class='ocrx_word' id='word_1_95' title='bbox 3065 663 3322 727; x_wconf 84' lang='grc' dir='ltr'>πολλούς·</span> <span class='ocrx_word' id='word_1_96' title='bbox 3353 663 3478 717; x_wconf 78' lang='grc' dir='ltr'>οὔτε</span> <span class='ocrx_word' id='word_1_97' title='bbox 3509 662 3568 714; x_wconf 78' lang='grc' dir='ltr'>δὲ</span> <span class='ocrx_word' id='word_1_98' title='bbox 3604 664 3722 715; x_wconf 81' lang='grc' dir='ltr'><strong>’Δσο</strong></span> 
     </span>
    </p>
   </div>
   <div class='ocr_carea' id='block_1_16' title="bbox 2165 751 3722 825">
    <p class='ocr_par' dir='ltr' id='par_1_16' title="bbox 2165 751 3722 825">
     <span class='ocr_line' id='line_1_16' title="bbox 2165 751 3722 825; baseline 0.003 -23"><span class='ocrx_word' id='word_1_99' title='bbox 2165 751 2365 822; x_wconf 90' lang='grc' dir='ltr'>συρίοις</span> <span class='ocrx_word' id='word_1_100' title='bbox 2421 753 2570 822; x_wconf 77' lang='grc' dir='ltr'>ίσχὺς</span> <span class='ocrx_word' id='word_1_101' title='bbox 2621 752 2698 805; x_wconf 78' lang='grc' dir='ltr'>ἐτι</span> <span class='ocrx_word' id='word_1_102' title='bbox 2749 754 3224 825; x_wconf 79' lang='grc' dir='ltr'><strong>περιλειφθήσεται</strong></span> <span class='ocrx_word' id='word_1_103' title='bbox 3275 756 3423 809; x_wconf 80' lang='grc' dir='ltr'>τουτὶ</span> <span class='ocrx_word' id='word_1_104' title='bbox 3471 753 3722 807; x_wconf 81' lang='grc' dir='ltr'>δύνασθαι</span> 
     </span>
    </p>
   </div>
   <div class='ocr_carea' id='block_1_17' title="bbox 2165 839 3719 916">
    <p class='ocr_par' dir='ltr' id='par_1_17' title="bbox 2165 839 3719 916">
     <span class='ocr_line' id='line_1_17' title="bbox 2165 839 3719 916; baseline 0.003 -24"><span class='ocrx_word' id='word_1_105' title='bbox 2165 841 2285 893; x_wconf 78' lang='grc' dir='ltr'>κατ’</span> <span class='ocrx_word' id='word_1_106' title='bbox 2312 841 2493 895; x_wconf 78' lang='grc' dir='ltr'>αὐτῶν</span> <span class='ocrx_word' id='word_1_107' title='bbox 2512 881 2527 906; x_wconf 95' lang='grc'><strong>,</strong></span> <span class='ocrx_word' id='word_1_108' title='bbox 2550 842 2671 896; x_wconf 80' lang='grc' dir='ltr'>οὔτε</span> <span class='ocrx_word' id='word_1_109' title='bbox 2697 845 3032 911; x_wconf 81' lang='grc' dir='ltr'>Αίγυπτίοις,</span> <span class='ocrx_word' id='word_1_110' title='bbox 3066 839 3140 900; x_wconf 81' lang='grc' dir='ltr'>ὧν</span> <span class='ocrx_word' id='word_1_111' title='bbox 3180 847 3230 900; x_wconf 83' lang='grc' dir='ltr'>οἱ</span> <span class='ocrx_word' id='word_1_112' title='bbox 3265 847 3362 916; x_wconf 84' lang='grc' dir='ltr'><strong>μὲν</strong></span> <span class='ocrx_word' id='word_1_113' title='bbox 3390 847 3590 906; x_wconf 76' lang='grc' dir='ltr'>αὐτοὺς</span> <span class='ocrx_word' id='word_1_114' title='bbox 3626 846 3719 897; x_wconf 84' lang='grc' dir='ltr'>πά-</span> 
     </span>
    </p>
   </div>
   <div class='ocr_carea' id='block_1_18' title="bbox 2164 926 3724 1006">
    <p class='ocr_par' dir='ltr' id='par_1_18' title="bbox 2164 926 3724 1006">
     <span class='ocr_line' id='line_1_18' title="bbox 2164 926 3724 1006; baseline 0.004 -25"><span class='ocrx_word' id='word_1_115' title='bbox 2164 929 2253 982; x_wconf 90' lang='grc' dir='ltr'><strong>λαι</strong></span> <span class='ocrx_word' id='word_1_116' title='bbox 2291 926 2433 1001; x_wconf 75' lang='grc' dir='ltr'>εἶχον</span> <span class='ocrx_word' id='word_1_117' title='bbox 2482 934 2540 985; x_wconf 83' lang='grc' dir='ltr'>ὲν</span> <span class='ocrx_word' id='word_1_118' title='bbox 2587 935 2654 1002; x_wconf 83' lang='grc' dir='ltr'>τῇ</span> <span class='ocrx_word' id='word_1_119' title='bbox 2702 933 2934 1004; x_wconf 72' lang='grc' dir='ltr'>δουλεία,</span> <span class='ocrx_word' id='word_1_120' title='bbox 2977 936 3027 988; x_wconf 82' lang='lat' dir='ltr'><strong>oi</strong></span> <span class='ocrx_word' id='word_1_121' title='bbox 3070 935 3126 988; x_wconf 82' lang='grc' dir='ltr'>δὲ</span> <span class='ocrx_word' id='word_1_122' title='bbox 3174 934 3397 1006; x_wconf 78' lang='grc' dir='ltr'>ὕστερον</span> <span class='ocrx_word' id='word_1_123' title='bbox 3445 937 3724 1005; x_wconf 75' lang='grc' dir='ltr'><strong>ἀπήγαγον</strong></span> 
     </span>
    </p>
   </div>
   <div class='ocr_carea' id='block_1_19' title="bbox 2167 1019 3725 1095">
    <p class='ocr_par' dir='ltr' id='par_1_19' title="bbox 2167 1019 3725 1095">
     <span class='ocr_line' id='line_1_19' title="bbox 2167 1019 3725 1095; baseline 0.004 -24"><span class='ocrx_word' id='word_1_124' title='bbox 2167 1019 2554 1089; x_wconf 82' lang='grc' dir='ltr'><strong>αἰχμαλώτους·</strong></span> <span class='ocrx_word' id='word_1_125' title='bbox 2579 1021 3050 1094; x_wconf 75' lang='grc' dir='ltr'><strong>ἀπαλλαγήσονται</strong></span> <span class='ocrx_word' id='word_1_126' title='bbox 3077 1024 3186 1095; x_wconf 87' lang='grc' dir='ltr'><strong>γάρ</strong></span> <span class='ocrx_word' id='word_1_127' title='bbox 3208 1025 3483 1080; x_wconf 84' lang='grc' dir='ltr'>ἀπάντων.</span> <span class='ocrx_word' id='word_1_128' title='bbox 3514 1025 3636 1078; x_wconf 87' lang='grc' dir='ltr'><strong>Τίνι</strong></span> <span class='ocrx_word' id='word_1_129' title='bbox 3654 1025 3725 1093; x_wconf 80' lang='grc' dir='ltr'>τῷ</span> 
     </span>
    </p>
   </div>
   <div class='ocr_carea' id='block_1_20' title="bbox 2163 1111 3727 1187">
    <p class='ocr_par' dir='ltr' id='par_1_20' title="bbox 2163 1111 3727 1187">
     <span class='ocr_line' id='line_1_20' title="bbox 2163 1111 3727 1187; baseline -0.009 -18"><span class='ocrx_word' id='word_1_130' title='bbox 2163 1111 2384 1182; x_wconf 73' lang='grc' dir='ltr'>τρόπῳς</span> <span class='ocrx_word' id='word_1_131' title='bbox 2420 1130 2438 1164; x_wconf 83' lang='grc' dir='ltr'><strong>ι</strong></span> <span class='ocrx_word' id='word_1_132' title='bbox 2475 1113 2586 1165; x_wconf 79' lang='grc' dir='ltr'><strong>Καὶ</strong></span> <span class='ocrx_word' id='word_1_133' title='bbox 2615 1114 2930 1183; x_wconf 81' lang='grc' dir='ltr'>κατισχύσω</span> <span class='ocrx_word' id='word_1_134' title='bbox 2959 1117 3157 1179; x_wconf 78' lang='grc' dir='ltr'>αὐτοὺς</span> <span class='ocrx_word' id='word_1_135' title='bbox 3186 1119 3243 1170; x_wconf 80' lang='grc' dir='ltr'>ὲν</span> <span class='ocrx_word' id='word_1_136' title='bbox 3270 1117 3459 1187; x_wconf 79' lang='grc' dir='ltr'>Κυρίῳ</span> <span class='ocrx_word' id='word_1_137' title='bbox 3486 1115 3610 1185; x_wconf 80' lang='grc' dir='ltr'>Θεῷ</span> <span class='ocrx_word' id='word_1_138' title='bbox 3637 1116 3727 1167; x_wconf 51' lang='lat' dir='ltr'><strong>uti-</strong></span> 
     </span>
    </p>
   </div>
   <div class='ocr_carea' id='block_1_21' title="bbox 2169 1200 3724 1276">
    <p class='ocr_par' dir='ltr' id='par_1_21' title="bbox 2169 1200 3724 1276">
     <span class='ocr_line' id='line_1_21' title="bbox 2169 1200 3724 1276; baseline 0.001 -24"><span class='ocrx_word' id='word_1_139' title='bbox 2169 1200 2299 1263; x_wconf 87' lang='grc' dir='ltr'>τῶν,</span> <span class='ocrx_word' id='word_1_140' title='bbox 2325 1205 2403 1271; x_wconf 89' lang='lat' dir='ltr'><strong>(p.</strong></span> <span class='ocrx_word' id='word_1_141' title='bbox 2431 1202 2557 1273; x_wconf 83' lang='lat'><strong>506)</strong></span> <span class='ocrx_word' id='word_1_142' title='bbox 2585 1203 2681 1257; x_wconf 71' lang='grc' dir='ltr'><strong>καὶ</strong></span> <span class='ocrx_word' id='word_1_143' title='bbox 2707 1205 2766 1256; x_wconf 80' lang='grc' dir='ltr'><strong>ἐν</strong></span> <span class='ocrx_word' id='word_1_144' title='bbox 2787 1203 2866 1275; x_wconf 85' lang='grc' dir='ltr'>τῷ</span> <span class='ocrx_word' id='word_1_145' title='bbox 2893 1204 3118 1276; x_wconf 86' lang='grc' dir='ltr'>ὀνόματι</span> <span class='ocrx_word' id='word_1_146' title='bbox 3150 1203 3314 1259; x_wconf 81' lang='grc' dir='ltr'>αὐτοῦ</span> <span class='ocrx_word' id='word_1_147' title='bbox 3343 1205 3724 1274; x_wconf 83' lang='grc' dir='ltr'>καυχήσονται,</span> 
     </span>
    </p>
   </div>
   <div class='ocr_carea' id='block_1_22' title="bbox 501 1285 3726 1367">
    <p class='ocr_par' dir='ltr' id='par_1_22' title="bbox 501 1285 3726 1367">
     <span class='ocr_line' id='line_1_22' title="bbox 501 1285 3726 1367; baseline 0.004 -30"><span class='ocrx_word' id='word_1_148' title='bbox 501 1285 648 1354; x_wconf 80' lang='grc' dir='ltr'>λέγει</span> <span class='ocrx_word' id='word_1_149' title='bbox 695 1287 918 1358; x_wconf 84' lang='grc' dir='ltr'>Κύριος.</span> <span class='ocrx_word' id='word_1_150' title='bbox 959 1307 981 1340; x_wconf 74' lang='grc' dir='ltr'>ι</span> <span class='ocrx_word' id='word_1_151' title='bbox 1049 1289 1263 1360; x_wconf 80' lang='grc' dir='ltr'><strong>Ἐπειδὴ</strong></span> <span class='ocrx_word' id='word_1_152' title='bbox 1327 1291 1577 1362; x_wconf 84' lang='grc' dir='ltr'>ίσχυρούς</span> <span class='ocrx_word' id='word_1_153' title='bbox 1629 1310 1690 1345; x_wconf 86' lang='grc' dir='ltr'><strong>τε</strong></span> <span class='ocrx_word' id='word_1_154' title='bbox 1743 1294 1936 1358; x_wconf 67' lang='grc' dir='ltr'>αὐτοὺς</span> <span class='ocrx_word' id='word_1_155' title='bbox 1986 1293 2288 1365; x_wconf 79' lang='grc' dir='ltr'>ἐργάσομαι</span> <span class='ocrx_word' id='word_1_156' title='bbox 2340 1297 2436 1351; x_wconf 74' lang='grc' dir='ltr'><strong>καὶ</strong></span> <span class='ocrx_word' id='word_1_157' title='bbox 2489 1297 2759 1367; x_wconf 81' lang='grc' dir='ltr'>ἀλήπτους</span> <span class='ocrx_word' id='word_1_158' title='bbox 2788 1300 2922 1353; x_wconf 83' lang='grc' dir='ltr'>πᾶσι</span> <span class='ocrx_word' id='word_1_159' title='bbox 2967 1303 3078 1361; x_wconf 82' lang='grc' dir='ltr'>τοῖς</span> <span class='ocrx_word' id='word_1_160' title='bbox 3119 1301 3404 1365; x_wconf 76' lang='grc' dir='ltr'>ἐναντίοις,</span> <span class='ocrx_word' id='word_1_161' title='bbox 3437 1297 3585 1352; x_wconf 81' lang='grc' dir='ltr'>ὥστε</span> <span class='ocrx_word' id='word_1_162' title='bbox 3639 1298 3726 1350; x_wconf 79' lang='grc' dir='ltr'>αύ-</span> 
     </span>
    </p>
   </div>
   <div class='ocr_carea' id='block_1_23' title="bbox 496 1379 3327 1463">
    <p class='ocr_par' dir='ltr' id='par_1_23' title="bbox 496 1379 3327 1463">
     <span class='ocr_line' id='line_1_23' title="bbox 496 1379 3327 1463; baseline 0.005 -32"><span class='ocrx_word' id='word_1_163' title='bbox 496 1379 628 1442; x_wconf 81' lang='grc' dir='ltr'>τοὺς</span> <span class='ocrx_word' id='word_1_164' title='bbox 656 1381 750 1434; x_wconf 72' lang='grc' dir='ltr'><strong>καὶ</strong></span> <span class='ocrx_word' id='word_1_165' title='bbox 779 1380 1135 1452; x_wconf 84' lang='grc' dir='ltr'><strong>σεμνύνεσθαι</strong></span> <span class='ocrx_word' id='word_1_166' title='bbox 1190 1383 1281 1436; x_wconf 68' lang='grc' dir='ltr'>ἐπί</span> <span class='ocrx_word' id='word_1_167' title='bbox 1328 1400 1387 1437; x_wconf 86' lang='grc' dir='ltr'><strong>τε</strong></span> <span class='ocrx_word' id='word_1_168' title='bbox 1422 1387 1487 1454; x_wconf 72' lang='grc' dir='ltr'>τῇ</span> <span class='ocrx_word' id='word_1_169' title='bbox 1525 1385 1788 1456; x_wconf 78' lang='grc' dir='ltr'><strong>ὀνομασίᾳ</strong></span> <span class='ocrx_word' id='word_1_170' title='bbox 1819 1387 1911 1440; x_wconf 76' lang='grc' dir='ltr'>καὶ</span> <span class='ocrx_word' id='word_1_171' title='bbox 1951 1390 2018 1458; x_wconf 80' lang='grc' dir='ltr'>τῇ</span> <span class='ocrx_word' id='word_1_172' title='bbox 2063 1387 2281 1460; x_wconf 76' lang='grc' dir='ltr'><strong>βοηθείᾳ</strong></span> <span class='ocrx_word' id='word_1_173' title='bbox 2305 1392 2370 1460; x_wconf 81' lang='grc' dir='ltr'><strong>τῇ</strong></span> <span class='ocrx_word' id='word_1_174' title='bbox 2414 1391 2542 1460; x_wconf 78' lang='grc' dir='ltr'>ἐμῇ.</span> <span class='ocrx_word' id='word_1_175' title='bbox 2575 1390 2760 1444; x_wconf 80' lang='grc' dir='ltr'>Ταῦτα</span> <span class='ocrx_word' id='word_1_176' title='bbox 2792 1390 3062 1463; x_wconf 71' lang='grc' dir='ltr'>εἰρηκὼς,</span> <span class='ocrx_word' id='word_1_177' title='bbox 3093 1394 3285 1462; x_wconf 72' lang='grc' dir='ltr'>ἐπάγει</span> <span class='ocrx_word' id='word_1_178' title='bbox 3310 1405 3327 1420; x_wconf 87' lang='grc'>⁶</span> 
     </span>
    </p>
   </div>
   <div class='ocr_carea' id='block_1_24' title="bbox 1143 1521 1420 1578">
    <p class='ocr_par' dir='ltr' id='par_1_24' title="bbox 1143 1521 1420 1578">
     <span class='ocr_line' id='line_1_24' title="bbox 1143 1521 1420 1578; baseline 0.004 -1"><span class='ocrx_word' id='word_1_179' title='bbox 1143 1521 1296 1577; x_wconf 85' lang='lat' dir='ltr'><strong>CAP.</strong></span> <span class='ocrx_word' id='word_1_180' title='bbox 1327 1521 1420 1578; x_wconf 79' lang='lat' dir='ltr'><strong>XI.</strong></span> 
     </span>
    </p>
   </div>
   <div class='ocr_carea' id='block_1_25' title="bbox 567 1650 2132 1727">
    <p class='ocr_par' dir='ltr' id='par_1_25' title="bbox 567 1650 2132 1727">
     <span class='ocr_line' id='line_1_25' title="bbox 567 1650 2132 1727; baseline 0.005 -23"><span class='ocrx_word' id='word_1_181' title='bbox 567 1650 734 1708; x_wconf 70' lang='lat' dir='ltr'><strong>Vrsas.</strong></span> <span class='ocrx_word' id='word_1_182' title='bbox 765 1653 877 1709; x_wconf 75' lang='grc'><strong>1-5.</strong></span> <span class='ocrx_word' id='word_1_183' title='bbox 918 1685 988 1695; x_wconf 90' lang='lat'><strong>-</strong></span> <span class='ocrx_word' id='word_1_184' title='bbox 1029 1657 1255 1726; x_wconf 66' lang='lat' dir='ltr'><strong>«Aperi,</strong></span> <span class='ocrx_word' id='word_1_185' title='bbox 1299 1656 1524 1721; x_wconf 88' lang='lat' dir='ltr'><strong>Libane,</strong></span> <span class='ocrx_word' id='word_1_186' title='bbox 1574 1666 1761 1727; x_wconf 90' lang='lat' dir='ltr'><strong>portas</strong></span> <span class='ocrx_word' id='word_1_187' title='bbox 1807 1663 1952 1720; x_wconf 70' lang='lat' dir='ltr'><strong>tuas,</strong></span> <span class='ocrx_word' id='word_1_188' title='bbox 2007 1665 2061 1712; x_wconf 88' lang='lat' dir='ltr'><strong>et</strong></span> <span class='ocrx_word' id='word_1_189' title='bbox 2091 1667 2132 1722; x_wconf 74' lang='grc' dir='ltr'><strong>Β</strong></span> 
     </span>
    </p>
   </div>
   <div class='ocr_carea' id='block_1_26' title="bbox 497 1746 2064 1820">
    <p class='ocr_par' dir='ltr' id='par_1_26' title="bbox 497 1746 2064 1820">
     <span class='ocr_line' id='line_1_26' title="bbox 497 1746 2064 1820; baseline 0.002 -21"><span class='ocrx_word' id='word_1_190' title='bbox 497 1747 748 1800; x_wconf 86' lang='lat' dir='ltr'><strong>comedat</strong></span> <span class='ocrx_word' id='word_1_191' title='bbox 793 1746 936 1817; x_wconf 91' lang='lat' dir='ltr'><strong>ignis</strong></span> <span class='ocrx_word' id='word_1_192' title='bbox 960 1746 1154 1803; x_wconf 89' lang='lat' dir='ltr'><strong>cedros</strong></span> <span class='ocrx_word' id='word_1_193' title='bbox 1180 1756 1322 1804; x_wconf 88' lang='lat' dir='ltr'><strong>tuas.</strong></span> <span class='ocrx_word' id='word_1_194' title='bbox 1361 1749 1536 1805; x_wconf 84' lang='lat' dir='ltr'><strong>Ululet</strong></span> <span class='ocrx_word' id='word_1_195' title='bbox 1565 1752 1745 1820; x_wconf 87' lang='lat' dir='ltr'><strong>pinus,</strong></span> <span class='ocrx_word' id='word_1_196' title='bbox 1777 1751 1904 1819; x_wconf 88' lang='lat' dir='ltr'><strong>quia</strong></span> <span class='ocrx_word' id='word_1_197' title='bbox 1926 1749 2064 1803; x_wconf 87' lang='lat' dir='ltr'><strong>ceci-</strong></span> 
     </span>
    </p>
   </div>
   <div class='ocr_carea' id='block_1_27' title="bbox 496 1838 2056 1909">
    <p class='ocr_par' dir='ltr' id='par_1_27' title="bbox 496 1838 2056 1909">
     <span class='ocr_line' id='line_1_27' title="bbox 496 1838 2056 1909; baseline 0.003 -20"><span class='ocrx_word' id='word_1_198' title='bbox 496 1838 577 1890; x_wconf 85' lang='lat' dir='ltr'><strong>dit</strong></span> <span class='ocrx_word' id='word_1_199' title='bbox 598 1838 815 1900; x_wconf 88' lang='lat' dir='ltr'><strong>cedrus,</strong></span> <span class='ocrx_word' id='word_1_200' title='bbox 860 1839 985 1909; x_wconf 88' lang='lat' dir='ltr'><strong>quia</strong></span> <span class='ocrx_word' id='word_1_201' title='bbox 1018 1841 1307 1908; x_wconf 80' lang='lat' dir='ltr'><strong>optimates</strong></span> <span class='ocrx_word' id='word_1_202' title='bbox 1343 1841 1499 1896; x_wconf 85' lang='lat' dir='ltr'><strong>valde</strong></span> <span class='ocrx_word' id='word_1_203' title='bbox 1531 1841 1713 1896; x_wconf 86' lang='lat' dir='ltr'><strong>miseri</strong></span> <span class='ocrx_word' id='word_1_204' title='bbox 1748 1840 1876 1895; x_wconf 82' lang='lat' dir='ltr'><strong>facti</strong></span> <span class='ocrx_word' id='word_1_205' title='bbox 1910 1847 2056 1895; x_wconf 90' lang='lat' dir='ltr'><strong>sunt.</strong></span> 
     </span>
    </p>
   </div>
   <div class='ocr_carea' id='block_1_28' title="bbox 503 1927 2064 2003">
    <p class='ocr_par' dir='ltr' id='par_1_28' title="bbox 503 1927 2064 2003">
     <span class='ocr_line' id='line_1_28' title="bbox 503 1927 2064 2003; baseline 0.004 -21"><span class='ocrx_word' id='word_1_206' title='bbox 503 1927 735 1992; x_wconf 87' lang='lat' dir='ltr'><strong>Ululate.</strong></span> <span class='ocrx_word' id='word_1_207' title='bbox 793 1946 1033 2000; x_wconf 83' lang='lat' dir='ltr'><strong>quercus</strong></span> <span class='ocrx_word' id='word_1_208' title='bbox 1085 1931 1436 1996; x_wconf 86' lang='lat' dir='ltr'><strong>Basanitidis,</strong></span> <span class='ocrx_word' id='word_1_209' title='bbox 1497 1935 1623 2003; x_wconf 87' lang='lat' dir='ltr'><strong>quia</strong></span> <span class='ocrx_word' id='word_1_210' title='bbox 1679 1934 1930 1989; x_wconf 84' lang='lat' dir='ltr'><strong>succisus</strong></span> <span class='ocrx_word' id='word_1_211' title='bbox 1979 1941 2064 1988; x_wconf 87' lang='lat' dir='ltr'><strong>est</strong></span> 
     </span>
    </p>
   </div>
   <div class='ocr_carea' id='block_1_29' title="bbox 501 2023 2060 2095">
    <p class='ocr_par' dir='ltr' id='par_1_29' title="bbox 501 2023 2060 2095">
     <span class='ocr_line' id='line_1_29' title="bbox 501 2023 2060 2095; baseline 0.003 -21"><span class='ocrx_word' id='word_1_212' title='bbox 501 2023 673 2077; x_wconf 82' lang='lat' dir='ltr'><strong>saltus</strong></span> <span class='ocrx_word' id='word_1_213' title='bbox 699 2025 963 2079; x_wconf 88' lang='lat' dir='ltr'><strong>consitus.</strong></span> <span class='ocrx_word' id='word_1_214' title='bbox 1001 2023 1115 2079; x_wconf 79' lang='lat' dir='ltr'><strong>Vox</strong></span> <span class='ocrx_word' id='word_1_215' title='bbox 1143 2025 1441 2095; x_wconf 83' lang='lat' dir='ltr'><strong>lugentium</strong></span> <span class='ocrx_word' id='word_1_216' title='bbox 1476 2035 1778 2093; x_wconf 89' lang='lat' dir='ltr'><strong>pastorum,</strong></span> <span class='ocrx_word' id='word_1_217' title='bbox 1803 2025 2060 2095; x_wconf 87' lang='lat' dir='ltr'><strong>quoniam</strong></span> 
     </span>
    </p>
   </div>
   <div class='ocr_carea' id='block_1_30' title="bbox 499 2113 2066 2186">
    <p class='ocr_par' dir='ltr' id='par_1_30' title="bbox 499 2113 2066 2186">
     <span class='ocr_line' id='line_1_30' title="bbox 499 2113 2066 2186; baseline 0.001 -20"><span class='ocrx_word' id='word_1_218' title='bbox 499 2113 698 2168; x_wconf 82' lang='lat' dir='ltr'><strong>misera</strong></span> <span class='ocrx_word' id='word_1_219' title='bbox 725 2113 866 2168; x_wconf 81' lang='lat' dir='ltr'><strong>facta</strong></span> <span class='ocrx_word' id='word_1_220' title='bbox 892 2121 976 2170; x_wconf 87' lang='lat' dir='ltr'><strong>est</strong></span> <span class='ocrx_word' id='word_1_221' title='bbox 995 2115 1394 2186; x_wconf 90' lang='lat' dir='ltr'><strong>magniﬁcentia</strong></span> <span class='ocrx_word' id='word_1_222' title='bbox 1420 2115 1682 2184; x_wconf 91' lang='lat' dir='ltr'><strong>ipsorum.</strong></span> <span class='ocrx_word' id='word_1_223' title='bbox 1715 2115 1826 2169; x_wconf 80' lang='lat' dir='ltr'><strong>Vox</strong></span> <span class='ocrx_word' id='word_1_224' title='bbox 1854 2116 2066 2183; x_wconf 81' lang='lat' dir='ltr'><strong>rugien-</strong></span> 
     </span>
    </p>
   </div>
   <div class='ocr_carea' id='block_1_31' title="bbox 501 2207 2057 2278">
    <p class='ocr_par' dir='ltr' id='par_1_31' title="bbox 501 2207 2057 2278">
     <span class='ocr_line' id='line_1_31' title="bbox 501 2207 2057 2278; baseline -0.001 -19"><span class='ocrx_word' id='word_1_225' title='bbox 501 2207 636 2260; x_wconf 87' lang='lat' dir='ltr'><strong>tium</strong></span> <span class='ocrx_word' id='word_1_226' title='bbox 668 2208 908 2270; x_wconf 88' lang='lat' dir='ltr'><strong>leonum,</strong></span> <span class='ocrx_word' id='word_1_227' title='bbox 929 2209 1054 2278; x_wconf 91' lang='lat' dir='ltr'><strong>quia</strong></span> <span class='ocrx_word' id='word_1_228' title='bbox 1074 2207 1350 2262; x_wconf 86' lang='lat' dir='ltr'><strong>debilitata</strong></span> <span class='ocrx_word' id='word_1_229' title='bbox 1374 2217 1459 2263; x_wconf 91' lang='lat' dir='ltr'><strong>est</strong></span> <span class='ocrx_word' id='word_1_230' title='bbox 1479 2208 1730 2278; x_wconf 86' lang='lat' dir='ltr'><strong>superbia</strong></span> <span class='ocrx_word' id='word_1_231' title='bbox 1748 2207 2022 2262; x_wconf 84' lang='lat' dir='ltr'><strong>Jordanis.</strong></span> <span class='ocrx_word' id='word_1_232' title='bbox 2038 2227 2057 2258; x_wconf 71' lang='grc' dir='ltr'><strong>ι</strong></span> 
     </span>
    </p>
   </div>
   <div class='ocr_carea' id='block_1_32' title="bbox 501 2295 2064 2369">
    <p class='ocr_par' dir='ltr' id='par_1_32' title="bbox 501 2295 2064 2369">
     <span class='ocr_line' id='line_1_32' title="bbox 501 2295 2064 2369; baseline -0.001 -18"><span class='ocrx_word' id='word_1_233' title='bbox 501 2295 769 2363; x_wconf 82' lang='lat' dir='ltr'><strong>Quoniam</strong></span> <span class='ocrx_word' id='word_1_234' title='bbox 813 2298 1026 2354; x_wconf 79' lang='lat' dir='ltr'><strong>dixerat</strong></span> <span class='ocrx_word' id='word_1_235' title='bbox 1067 2314 1127 2354; x_wconf 84' lang='lat' dir='ltr'><strong>sc</strong></span> <span class='ocrx_word' id='word_1_236' title='bbox 1179 2299 1538 2369; x_wconf 89' lang='lat' dir='ltr'><strong>undecunque</strong></span> <span class='ocrx_word' id='word_1_237' title='bbox 1582 2315 1675 2354; x_wconf 90' lang='lat' dir='ltr'><strong>eos</strong></span> <span class='ocrx_word' id='word_1_238' title='bbox 1704 2307 2064 2369; x_wconf 84' lang='lat' dir='ltr'><strong>congregatu-</strong></span> 
     </span>
    </p>
   </div>
   <div class='ocr_carea' id='block_1_33' title="bbox 502 2391 2059 2464">
    <p class='ocr_par' dir='ltr' id='par_1_33' title="bbox 502 2391 2059 2464">
     <span class='ocr_line' id='line_1_33' title="bbox 502 2391 2059 2464; baseline 0.001 -21"><span class='ocrx_word' id='word_1_239' title='bbox 502 2405 644 2456; x_wconf 89' lang='lat' dir='ltr'><strong>rnm,</strong></span> <span class='ocrx_word' id='word_1_240' title='bbox 680 2407 873 2463; x_wconf 89' lang='lat' dir='ltr'><strong>nempe</strong></span> <span class='ocrx_word' id='word_1_241' title='bbox 910 2408 976 2447; x_wconf 87' lang='lat' dir='ltr'><strong>ex</strong></span> <span class='ocrx_word' id='word_1_242' title='bbox 1010 2391 1242 2464; x_wconf 70' lang='lat' dir='ltr'><strong>Egypto</strong></span> <span class='ocrx_word' id='word_1_243' title='bbox 1271 2401 1325 2448; x_wconf 86' lang='lat' dir='ltr'><strong>et</strong></span> <span class='ocrx_word' id='word_1_244' title='bbox 1355 2408 1419 2448; x_wconf 82' lang='lat' dir='ltr'><strong>ex</strong></span> <span class='ocrx_word' id='word_1_245' title='bbox 1442 2393 1790 2464; x_wconf 85' lang='lat' dir='ltr'><strong>Assyriorum</strong></span> <span class='ocrx_word' id='word_1_246' title='bbox 1822 2391 2059 2460; x_wconf 81' lang='lat' dir='ltr'><strong>regione,</strong></span> 
     </span>
    </p>
   </div>
   <div class='ocr_carea' id='block_1_34' title="bbox 501 2483 2060 2554">
    <p class='ocr_par' dir='ltr' id='par_1_34' title="bbox 501 2483 2060 2554">
     <span class='ocr_line' id='line_1_34' title="bbox 501 2483 2060 2554; baseline 0 -18"><span class='ocrx_word' id='word_1_247' title='bbox 501 2483 742 2553; x_wconf 85' lang='lat' dir='ltr'><strong>nihilque</strong></span> <span class='ocrx_word' id='word_1_248' title='bbox 794 2484 1106 2554; x_wconf 88' lang='lat' dir='ltr'><strong>hujusmodi</strong></span> <span class='ocrx_word' id='word_1_249' title='bbox 1150 2499 1246 2540; x_wconf 89' lang='lat' dir='ltr'><strong>eos</strong></span> <span class='ocrx_word' id='word_1_250' title='bbox 1291 2485 1346 2539; x_wconf 89' lang='lat' dir='ltr'><strong>in</strong></span> <span class='ocrx_word' id='word_1_251' title='bbox 1395 2495 1670 2554; x_wconf 90' lang='lat' dir='ltr'><strong>posterum</strong></span> <span class='ocrx_word' id='word_1_252' title='bbox 1701 2492 2060 2552; x_wconf 78' lang='lat' dir='ltr'><strong>experturos;</strong></span> 
     </span>
    </p>
   </div>
   <div class='ocr_carea' id='block_1_35' title="bbox 498 2574 2061 2648">
    <p class='ocr_par' dir='ltr' id='par_1_35' title="bbox 498 2574 2061 2648">
     <span class='ocr_line' id='line_1_35' title="bbox 498 2574 2061 2648; baseline -0.001 -20"><span class='ocrx_word' id='word_1_253' title='bbox 498 2583 862 2630; x_wconf 80' lang='lat' dir='ltr'><strong>consentanee</strong></span> <span class='ocrx_word' id='word_1_254' title='bbox 903 2575 1163 2646; x_wconf 89' lang='lat' dir='ltr'><strong>deinceps</strong></span> <span class='ocrx_word' id='word_1_255' title='bbox 1205 2577 1272 2630; x_wconf 89' lang='lat' dir='ltr'><strong>ad</strong></span> <span class='ocrx_word' id='word_1_256' title='bbox 1300 2591 1395 2632; x_wconf 86' lang='lat' dir='ltr'><strong>eos</strong></span> <span class='ocrx_word' id='word_1_257' title='bbox 1439 2577 1530 2648; x_wconf 93' lang='lat' dir='ltr'><strong>qui</strong></span> <span class='ocrx_word' id='word_1_258' title='bbox 1561 2577 1840 2631; x_wconf 90' lang='lat' dir='ltr'><strong>dominatu</strong></span> <span class='ocrx_word' id='word_1_259' title='bbox 1874 2574 2061 2645; x_wconf 82' lang='lat' dir='ltr'><strong>Oppri-</strong></span> 
     </span>
    </p>
   </div>
   <div class='ocr_carea' id='block_1_36' title="bbox 498 2665 2064 2735">
    <p class='ocr_par' dir='ltr' id='par_1_36' title="bbox 498 2665 2064 2735">
     <span class='ocr_line' id='line_1_36' title="bbox 498 2665 2064 2735; baseline 0.001 -16"><span class='ocrx_word' id='word_1_260' title='bbox 498 2665 717 2720; x_wconf 89' lang='lat' dir='ltr'><strong>mebant</strong></span> <span class='ocrx_word' id='word_1_261' title='bbox 766 2667 1033 2722; x_wconf 83' lang='lat' dir='ltr'><strong>convertit</strong></span> <span class='ocrx_word' id='word_1_262' title='bbox 1071 2683 1380 2722; x_wconf 90' lang='lat' dir='ltr'><strong>sermonem</strong></span> <span class='ocrx_word' id='word_1_263' title='bbox 1405 2669 1628 2723; x_wconf 88' lang='lat' dir='ltr'><strong>dicens:</strong></span> <span class='ocrx_word' id='word_1_264' title='bbox 1677 2665 1722 2720; x_wconf 91' lang='lat'><strong>0</strong></span> <span class='ocrx_word' id='word_1_265' title='bbox 1754 2666 1956 2735; x_wconf 86' lang='lat' dir='ltr'><strong>magni,</strong></span> <span class='ocrx_word' id='word_1_266' title='bbox 2009 2673 2064 2720; x_wconf 89' lang='lat' dir='ltr'><strong>et</strong></span> 
     </span>
    </p>
   </div>
   <div class='ocr_carea' id='block_1_37' title="bbox 497 2756 2060 2831">
    <p class='ocr_par' dir='ltr' id='par_1_37' title="bbox 497 2756 2060 2831">
     <span class='ocr_line' id='line_1_37' title="bbox 497 2756 2060 2831; baseline -0.001 -19"><span class='ocrx_word' id='word_1_267' title='bbox 497 2758 671 2814; x_wconf 87' lang='lat' dir='ltr'><strong>instar</strong></span> <span class='ocrx_word' id='word_1_268' title='bbox 719 2756 913 2813; x_wconf 88' lang='lat' dir='ltr'><strong>Libani</strong></span> <span class='ocrx_word' id='word_1_269' title='bbox 972 2760 1345 2829; x_wconf 85' lang='lat' dir='ltr'><strong>magnitudine</strong></span> <span class='ocrx_word' id='word_1_270' title='bbox 1395 2761 1694 2831; x_wconf 87' lang='lat' dir='ltr'><strong>gloriantes</strong></span> <span class='ocrx_word' id='word_1_271' title='bbox 1748 2761 2060 2822; x_wconf 90' lang='lat' dir='ltr'><strong>cedrorum,</strong></span> 
     </span>
    </p>
   </div>
   <div class='ocr_carea' id='block_1_38' title="bbox 496 2847 2062 2920">
    <p class='ocr_par' dir='ltr' id='par_1_38' title="bbox 496 2847 2062 2920">
     <span class='ocr_line' id='line_1_38' title="bbox 496 2847 2062 2920; baseline 0.001 -18"><span class='ocrx_word' id='word_1_272' title='bbox 496 2847 978 2920; x_wconf 76' lang='lat' dir='ltr'><strong>fortitudinemque</strong></span> <span class='ocrx_word' id='word_1_273' title='bbox 1009 2859 1248 2906; x_wconf 87' lang='lat' dir='ltr'><strong>vestram</strong></span> <span class='ocrx_word' id='word_1_274' title='bbox 1278 2859 1642 2917; x_wconf 85' lang='lat' dir='ltr'><strong>ostentantes,</strong></span> <span class='ocrx_word' id='word_1_275' title='bbox 1682 2866 1829 2906; x_wconf 90' lang='lat' dir='ltr'><strong>nunc</strong></span> <span class='ocrx_word' id='word_1_276' title='bbox 1854 2850 2062 2906; x_wconf 88' lang='lat' dir='ltr'><strong>omissa</strong></span> 
     </span>
    </p>
   </div>
   <div class='ocr_carea' id='block_1_39' title="bbox 495 2937 2061 3013">
    <p class='ocr_par' dir='ltr' id='par_1_39' title="bbox 495 2937 2061 3013">
     <span class='ocr_line' id='line_1_39' title="bbox 495 2937 2061 3013; baseline 0.003 -21"><span class='ocrx_word' id='word_1_277' title='bbox 495 2937 847 2995; x_wconf 80' lang='lat' dir='ltr'><strong>familiarium</strong></span> <span class='ocrx_word' id='word_1_278' title='bbox 899 2955 1142 2997; x_wconf 83' lang='lat' dir='ltr'><strong>meorum</strong></span> <span class='ocrx_word' id='word_1_279' title='bbox 1191 2944 1615 3013; x_wconf 88' lang='lat' dir='ltr'><strong>oppugnatione,</strong></span> <span class='ocrx_word' id='word_1_280' title='bbox 1664 2942 1820 3013; x_wconf 89' lang='lat' dir='ltr'><strong>quasi</strong></span> <span class='ocrx_word' id='word_1_281' title='bbox 1872 2949 2061 3012; x_wconf 87' lang='lat' dir='ltr'><strong>portas</strong></span> 
     </span>
    </p>
   </div>
   <div class='ocr_carea' id='block_1_40' title="bbox 2791 1529 3098 1584">
    <p class='ocr_par' dir='ltr' id='par_1_40' title="bbox 2791 1529 3098 1584">
     <span class='ocr_line' id='line_1_40' title="bbox 2791 1529 3098 1584; baseline 0.01 -3"><span class='ocrx_word' id='word_1_282' title='bbox 2791 1529 2950 1582; x_wconf 82' lang='grc' dir='ltr'><strong>ΚΕΦ.</strong></span> <span class='ocrx_word' id='word_1_283' title='bbox 2995 1529 3098 1584; x_wconf 82' lang='lat' dir='ltr'><strong>IA&#39;.</strong></span> 
     </span>
    </p>
   </div>
   <div class='ocr_carea' id='block_1_41' title="bbox 2233 1656 3724 1733">
    <p class='ocr_par' dir='ltr' id='par_1_41' title="bbox 2233 1656 3724 1733">
     <span class='ocr_line' id='line_1_41' title="bbox 2233 1656 3724 1733; baseline 0.003 -24"><span class='ocrx_word' id='word_1_284' title='bbox 2233 1656 2379 1727; x_wconf 84' lang='grc' dir='ltr'>Στίχ.</span> <span class='ocrx_word' id='word_1_285' title='bbox 2417 1659 2557 1723; x_wconf 57' lang='lat' dir='ltr'><strong>cal-7&#39;.</strong></span> <span class='ocrx_word' id='word_1_286' title='bbox 2592 1690 2659 1700; x_wconf 84' lang='lat'><strong>--</strong></span> <span class='ocrx_word' id='word_1_287' title='bbox 2681 1678 2698 1710; x_wconf 82' lang='grc' dir='ltr'>ι</span> <span class='ocrx_word' id='word_1_288' title='bbox 2723 1658 3014 1727; x_wconf 80' lang='grc' dir='ltr'>Διάνοιξον,</span> <span class='ocrx_word' id='word_1_289' title='bbox 3069 1665 3097 1716; x_wconf 87' lang='grc' dir='ltr'><strong>ὀ</strong></span> <span class='ocrx_word' id='word_1_290' title='bbox 3132 1661 3382 1728; x_wconf 80' lang='grc' dir='ltr'>Λίϐανος,</span> <span class='ocrx_word' id='word_1_291' title='bbox 3422 1663 3524 1726; x_wconf 85' lang='grc' dir='ltr'><strong>τάς</strong></span> <span class='ocrx_word' id='word_1_292' title='bbox 3562 1663 3724 1733; x_wconf 74' lang='grc' dir='ltr'>θύρας</span> 
     </span>
    </p>
   </div>
   <div class='ocr_carea' id='block_1_42' title="bbox 2166 1750 3716 1826">
    <p class='ocr_par' dir='ltr' id='par_1_42' title="bbox 2166 1750 3716 1826">
     <span class='ocr_line' id='line_1_42' title="bbox 2166 1750 3716 1826; baseline 0.003 -24"><span class='ocrx_word' id='word_1_293' title='bbox 2166 1766 2286 1814; x_wconf 91' lang='grc' dir='ltr'>σου,</span> <span class='ocrx_word' id='word_1_294' title='bbox 2321 1750 2414 1803; x_wconf 72' lang='grc' dir='ltr'><strong>καὶ</strong></span> <span class='ocrx_word' id='word_1_295' title='bbox 2443 1751 2805 1819; x_wconf 82' lang='grc' dir='ltr'>καταφαγὲτω</span> <span class='ocrx_word' id='word_1_296' title='bbox 2839 1751 2950 1824; x_wconf 84' lang='grc' dir='ltr'>πῦρ</span> <span class='ocrx_word' id='word_1_297' title='bbox 2981 1753 3080 1817; x_wconf 82' lang='grc' dir='ltr'>τὰς</span> <span class='ocrx_word' id='word_1_298' title='bbox 3111 1754 3334 1826; x_wconf 86' lang='grc' dir='ltr'>κέδρους</span> <span class='ocrx_word' id='word_1_299' title='bbox 3373 1770 3497 1808; x_wconf 92' lang='grc' dir='ltr'>σου·</span> <span class='ocrx_word' id='word_1_300' title='bbox 3543 1754 3716 1807; x_wconf 83' lang='grc' dir='ltr'>ὀλολύ-</span> 
     </span>
    </p>
   </div>
   <div class='ocr_carea' id='block_1_43' title="bbox 2164 1839 3724 1915">
    <p class='ocr_par' dir='ltr' id='par_1_43' title="bbox 2164 1839 3724 1915">
     <span class='ocr_line' id='line_1_43' title="bbox 2164 1839 3724 1915; baseline 0.003 -23"><span class='ocrx_word' id='word_1_301' title='bbox 2164 1839 2308 1906; x_wconf 83' lang='grc' dir='ltr'>ξάτω</span> <span class='ocrx_word' id='word_1_302' title='bbox 2341 1842 2534 1905; x_wconf 85' lang='grc' dir='ltr'>πίτυς,</span> <span class='ocrx_word' id='word_1_303' title='bbox 2565 1841 2696 1894; x_wconf 83' lang='grc' dir='ltr'>διότι</span> <span class='ocrx_word' id='word_1_304' title='bbox 2738 1842 2988 1896; x_wconf 83' lang='grc' dir='ltr'>πέπτωκε</span> <span class='ocrx_word' id='word_1_305' title='bbox 3033 1844 3244 1914; x_wconf 75' lang='grc' dir='ltr'>κέδρος,</span> <span class='ocrx_word' id='word_1_306' title='bbox 3282 1846 3362 1898; x_wconf 85' lang='grc' dir='ltr'>ὅτι</span> <span class='ocrx_word' id='word_1_307' title='bbox 3409 1848 3724 1915; x_wconf 75' lang='grc' dir='ltr'>μεγιστᾶνες</span> 
     </span>
    </p>
   </div>
   <div class='ocr_carea' id='block_1_44' title="bbox 2165 1931 3724 2007">
    <p class='ocr_par' dir='ltr' id='par_1_44' title="bbox 2165 1931 3724 2007">
     <span class='ocr_line' id='line_1_44' title="bbox 2165 1931 3724 2007; baseline 0.003 -24"><span class='ocrx_word' id='word_1_308' title='bbox 2165 1931 2415 2001; x_wconf 77' lang='grc' dir='ltr'>μεγάλως</span> <span class='ocrx_word' id='word_1_309' title='bbox 2453 1931 2928 2003; x_wconf 62' lang='grc' dir='ltr'>ἐταλαιπώρησαν·</span> <span class='ocrx_word' id='word_1_310' title='bbox 2970 1934 3275 2001; x_wconf 79' lang='grc' dir='ltr'>ὀλολύξατε,</span> <span class='ocrx_word' id='word_1_311' title='bbox 3310 1936 3471 2007; x_wconf 90' lang='grc' dir='ltr'>δρύες</span> <span class='ocrx_word' id='word_1_312' title='bbox 3508 1939 3608 2007; x_wconf 80' lang='grc' dir='ltr'>τῆς</span> <span class='ocrx_word' id='word_1_313' title='bbox 3626 1935 3724 1988; x_wconf 85' lang='grc' dir='ltr'><strong>Βα-</strong></span> 
     </span>
    </p>
   </div>
   <div class='ocr_carea' id='block_1_45' title="bbox 2163 2021 3721 2096">
    <p class='ocr_par' dir='ltr' id='par_1_45' title="bbox 2163 2021 3721 2096">
     <span class='ocr_line' id='line_1_45' title="bbox 2163 2021 3721 2096; baseline 0.009 -23"><span class='ocrx_word' id='word_1_314' title='bbox 2163 2021 2460 2085; x_wconf 87' lang='grc' dir='ltr'>σανίτιδος,</span> <span class='ocrx_word' id='word_1_315' title='bbox 2505 2023 2586 2075; x_wconf 82' lang='grc' dir='ltr'>ὅτι</span> <span class='ocrx_word' id='word_1_316' title='bbox 2623 2023 2971 2095; x_wconf 77' lang='grc' dir='ltr'><strong>κατεσπάσθη</strong></span> <span class='ocrx_word' id='word_1_317' title='bbox 3025 2024 3054 2076; x_wconf 89' lang='grc' dir='ltr'><strong>ὁ</strong></span> <span class='ocrx_word' id='word_1_318' title='bbox 3090 2025 3294 2096; x_wconf 83' lang='grc' dir='ltr'>δρυμὸς</span> <span class='ocrx_word' id='word_1_319' title='bbox 3337 2028 3367 2080; x_wconf 79' lang='grc' dir='ltr'><strong>ὀ</strong></span> <span class='ocrx_word' id='word_1_320' title='bbox 3412 2024 3721 2095; x_wconf 69' lang='grc' dir='ltr'>σύμφυτος·</span> 
     </span>
    </p>
   </div>
   <div class='ocr_carea' id='block_1_46' title="bbox 2163 2112 3724 2188">
    <p class='ocr_par' dir='ltr' id='par_1_46' title="bbox 2163 2112 3724 2188">
     <span class='ocr_line' id='line_1_46' title="bbox 2163 2112 3724 2188; baseline 0.001 -22"><span class='ocrx_word' id='word_1_321' title='bbox 2163 2112 2313 2184; x_wconf 84' lang='grc' dir='ltr'>φωνὴ</span> <span class='ocrx_word' id='word_1_322' title='bbox 2343 2112 2678 2184; x_wconf 77' lang='grc' dir='ltr'><strong>θρηνούντων</strong></span> <span class='ocrx_word' id='word_1_323' title='bbox 2718 2115 3017 2186; x_wconf 81' lang='grc' dir='ltr'>ποιμένων,</span> <span class='ocrx_word' id='word_1_324' title='bbox 3062 2117 3142 2169; x_wconf 85' lang='grc' dir='ltr'>ὅτι</span> <span class='ocrx_word' id='word_1_325' title='bbox 3179 2115 3663 2188; x_wconf 82' lang='grc' dir='ltr'>τεταλαιπὼρηκεν</span> <span class='ocrx_word' id='word_1_326' title='bbox 3694 2121 3724 2187; x_wconf 77' lang='grc' dir='ltr'><strong>ή</strong></span> 
     </span>
    </p>
   </div>
   <div class='ocr_carea' id='block_1_47' title="bbox 2166 2205 3726 2278">
    <p class='ocr_par' dir='ltr' id='par_1_47' title="bbox 2166 2205 3726 2278">
     <span class='ocr_line' id='line_1_47' title="bbox 2166 2205 3726 2278; baseline 0 -20"><span class='ocrx_word' id='word_1_327' title='bbox 2166 2205 2518 2276; x_wconf 83' lang='grc' dir='ltr'>μεγαλωσύνη</span> <span class='ocrx_word' id='word_1_328' title='bbox 2564 2206 2744 2260; x_wconf 82' lang='grc' dir='ltr'>αὐτῶν</span> <span class='ocrx_word' id='word_1_329' title='bbox 2764 2223 2777 2237; x_wconf 92' lang='grc'><strong>·</strong></span> <span class='ocrx_word' id='word_1_330' title='bbox 2809 2208 2958 2278; x_wconf 75' lang='grc' dir='ltr'>φωνὴ</span> <span class='ocrx_word' id='word_1_331' title='bbox 2999 2207 3339 2278; x_wconf 78' lang='grc' dir='ltr'>ὀδυρομένων</span> <span class='ocrx_word' id='word_1_332' title='bbox 3366 2207 3618 2269; x_wconf 79' lang='grc' dir='ltr'>λεόντων,</span> <span class='ocrx_word' id='word_1_333' title='bbox 3647 2209 3726 2259; x_wconf 85' lang='grc' dir='ltr'><strong>δτι</strong></span> 
     </span>
    </p>
   </div>
   <div class='ocr_carea' id='block_1_48' title="bbox 2159 2295 3727 2370">
    <p class='ocr_par' dir='ltr' id='par_1_48' title="bbox 2159 2295 3727 2370">
     <span class='ocr_line' id='line_1_48' title="bbox 2159 2295 3727 2370; baseline 0.003 -23"><span class='ocrx_word' id='word_1_334' title='bbox 2159 2295 2607 2368; x_wconf 84' lang='grc' dir='ltr'>τεταλαιπώρηκε</span> <span class='ocrx_word' id='word_1_335' title='bbox 2636 2298 2696 2350; x_wconf 85' lang='grc' dir='ltr'><strong>τὺ</strong></span> <span class='ocrx_word' id='word_1_336' title='bbox 2722 2297 2986 2368; x_wconf 84' lang='grc' dir='ltr'>φρύαγμα</span> <span class='ocrx_word' id='word_1_337' title='bbox 3005 2298 3098 2351; x_wconf 83' lang='grc' dir='ltr'>τοῦ</span> <span class='ocrx_word' id='word_1_338' title='bbox 3139 2299 3422 2370; x_wconf 84' lang='grc' dir='ltr'>Ἰορδάνου.</span> <span class='ocrx_word' id='word_1_339' title='bbox 3457 2319 3477 2352; x_wconf 77' lang='grc' dir='ltr'><strong>ι</strong></span> <span class='ocrx_word' id='word_1_340' title='bbox 3516 2299 3727 2369; x_wconf 78' lang='grc' dir='ltr'>Ἐπειδὴ</span> 
     </span>
    </p>
   </div>
   <div class='ocr_carea' id='block_1_49' title="bbox 2160 2383 3720 2459">
    <p class='ocr_par' dir='ltr' id='par_1_49' title="bbox 2160 2383 3720 2459">
     <span class='ocr_line' id='line_1_49' title="bbox 2160 2383 3720 2459; baseline 0.002 -20"><span class='ocrx_word' id='word_1_341' title='bbox 2160 2387 2268 2457; x_wconf 85' lang='grc' dir='ltr'>γὰρ</span> <span class='ocrx_word' id='word_1_342' title='bbox 2301 2383 2452 2441; x_wconf 65' lang='grc' dir='ltr'>εἶπεν</span> <span class='ocrx_word' id='word_1_343' title='bbox 2476 2389 2578 2454; x_wconf 86' lang='grc' dir='ltr'>ὃτι,</span> <span class='ocrx_word' id='word_1_344' title='bbox 2611 2387 2950 2459; x_wconf 86' lang='grc' dir='ltr'>Πανταχόθεν</span> <span class='ocrx_word' id='word_1_345' title='bbox 2979 2389 3177 2453; x_wconf 76' lang='grc' dir='ltr'>αὐτοὺς</span> <span class='ocrx_word' id='word_1_346' title='bbox 3217 2391 3350 2456; x_wconf 75' lang='grc' dir='ltr'>ἄξω,</span> <span class='ocrx_word' id='word_1_347' title='bbox 3387 2392 3499 2443; x_wconf 77' lang='grc' dir='ltr'><strong>ἀπό</strong></span> <span class='ocrx_word' id='word_1_348' title='bbox 3537 2407 3596 2442; x_wconf 89' lang='grc' dir='ltr'><strong>τε</strong></span> <span class='ocrx_word' id='word_1_349' title='bbox 3624 2392 3720 2459; x_wconf 68' lang='grc' dir='ltr'>τῆς</span> 
     </span>
    </p>
   </div>
   <div class='ocr_carea' id='block_1_50' title="bbox 2160 2477 3727 2553">
    <p class='ocr_par' dir='ltr' id='par_1_50' title="bbox 2160 2477 3727 2553">
     <span class='ocr_line' id='line_1_50' title="bbox 2160 2477 3727 2553; baseline 0.002 -22"><span class='ocrx_word' id='word_1_350' title='bbox 2160 2477 2468 2547; x_wconf 73' lang='grc' dir='ltr'>Αἰγύπτου,</span> <span class='ocrx_word' id='word_1_351' title='bbox 2512 2479 2606 2532; x_wconf 86' lang='grc' dir='ltr'><strong>καὶ</strong></span> <span class='ocrx_word' id='word_1_352' title='bbox 2638 2479 2744 2533; x_wconf 84' lang='grc' dir='ltr'>ἀπὸ</span> <span class='ocrx_word' id='word_1_353' title='bbox 2783 2480 2884 2550; x_wconf 84' lang='grc' dir='ltr'>τῆς</span> <span class='ocrx_word' id='word_1_354' title='bbox 2944 2481 3244 2550; x_wconf 78' lang='grc' dir='ltr'>Ἀσσυρίων</span> <span class='ocrx_word' id='word_1_355' title='bbox 3276 2480 3480 2553; x_wconf 85' lang='grc' dir='ltr'>χώρας,</span> <span class='ocrx_word' id='word_1_356' title='bbox 3518 2485 3610 2534; x_wconf 77' lang='grc' dir='ltr'><strong>καὶ</strong></span> <span class='ocrx_word' id='word_1_357' title='bbox 3650 2484 3727 2534; x_wconf 78' lang='grc' dir='ltr'>ὅτι</span> 
     </span>
    </p>
   </div>
   <div class='ocr_carea' id='block_1_51' title="bbox 2164 2569 3726 2643">
    <p class='ocr_par' dir='ltr' id='par_1_51' title="bbox 2164 2569 3726 2643">
     <span class='ocr_line' id='line_1_51' title="bbox 2164 2569 3726 2643; baseline 0.001 -21"><span class='ocrx_word' id='word_1_358' title='bbox 2164 2569 2390 2641; x_wconf 80' lang='grc' dir='ltr'>μηδενὸς</span> <span class='ocrx_word' id='word_1_359' title='bbox 2417 2570 2496 2624; x_wconf 82' lang='grc' dir='ltr'>ἐτι</span> <span class='ocrx_word' id='word_1_360' title='bbox 2530 2571 2950 2643; x_wconf 82' lang='grc' dir='ltr'>πειραθήσονται</span> <span class='ocrx_word' id='word_1_361' title='bbox 2977 2573 3240 2637; x_wconf 90' lang='grc' dir='ltr'>τοιούτου,</span> <span class='ocrx_word' id='word_1_362' title='bbox 3275 2573 3586 2635; x_wconf 81' lang='grc' dir='ltr'>ἀκολούθως</span> <span class='ocrx_word' id='word_1_363' title='bbox 3619 2571 3726 2624; x_wconf 73' lang='grc' dir='ltr'>λοι-</span> 
     </span>
    </p>
   </div>
   <div class='ocr_carea' id='block_1_52' title="bbox 2159 2661 3724 2736">
    <p class='ocr_par' dir='ltr' id='par_1_52' title="bbox 2159 2661 3724 2736">
     <span class='ocr_line' id='line_1_52' title="bbox 2159 2661 3724 2736; baseline 0.002 -23"><span class='ocrx_word' id='word_1_364' title='bbox 2159 2661 2260 2714; x_wconf 81' lang='grc' dir='ltr'>πὸν</span> <span class='ocrx_word' id='word_1_365' title='bbox 2290 2663 2382 2714; x_wconf 73' lang='grc' dir='ltr'><strong>ἐπὶ</strong></span> <span class='ocrx_word' id='word_1_366' title='bbox 2404 2663 2530 2727; x_wconf 77' lang='grc' dir='ltr'>τοὺς</span> <span class='ocrx_word' id='word_1_367' title='bbox 2559 2663 2884 2734; x_wconf 82' lang='grc' dir='ltr'>κατέχοντας</span> <span class='ocrx_word' id='word_1_368' title='bbox 2911 2665 3098 2736; x_wconf 80' lang='grc' dir='ltr'>τρέπει</span> <span class='ocrx_word' id='word_1_369' title='bbox 3127 2666 3218 2718; x_wconf 84' lang='grc' dir='ltr'>τὸν</span> <span class='ocrx_word' id='word_1_370' title='bbox 3247 2665 3422 2733; x_wconf 86' lang='grc' dir='ltr'>λόγον,</span> <span class='ocrx_word' id='word_1_371' title='bbox 3451 2665 3612 2718; x_wconf 80' lang='grc' dir='ltr'>τοῦτο</span> 
     </span>
    </p>
   </div>
   <div class='ocr_carea' id='block_1_53' title="bbox 2159 2754 3728 2828">
    <p class='ocr_par' dir='ltr' id='par_1_53' title="bbox 2159 2754 3728 2828">
     <span class='ocr_line' id='line_1_53' title="bbox 2159 2754 3728 2828; baseline 0.001 -22"><span class='ocrx_word' id='word_1_372' title='bbox 2159 2770 2303 2823; x_wconf 88' lang='grc' dir='ltr'>γων·</span> <span class='ocrx_word' id='word_1_373' title='bbox 2329 2755 2392 2807; x_wconf 84' lang='grc' dir='ltr'><strong>Οί</strong></span> <span class='ocrx_word' id='word_1_374' title='bbox 2426 2754 2648 2825; x_wconf 83' lang='grc' dir='ltr'>μεγάλοι</span> <span class='ocrx_word' id='word_1_375' title='bbox 2689 2757 2782 2809; x_wconf 72' lang='grc' dir='ltr'>καὶ</span> <span class='ocrx_word' id='word_1_376' title='bbox 2809 2757 2965 2828; x_wconf 85' lang='grc' dir='ltr'>δίκην</span> <span class='ocrx_word' id='word_1_377' title='bbox 3009 2757 3102 2810; x_wconf 85' lang='grc' dir='ltr'>τοῦ</span> <span class='ocrx_word' id='word_1_378' title='bbox 3133 2756 3367 2811; x_wconf 86' lang='grc' dir='ltr'>Λιϐάνου</span> <span class='ocrx_word' id='word_1_379' title='bbox 3399 2755 3477 2826; x_wconf 83' lang='grc' dir='ltr'>τῷ</span> <span class='ocrx_word' id='word_1_380' title='bbox 3512 2755 3728 2825; x_wconf 70' lang='grc' dir='ltr'>μεγέθει</span> 
     </span>
    </p>
   </div>
   <div class='ocr_carea' id='block_1_54' title="bbox 2162 2846 3728 2918">
    <p class='ocr_par' dir='ltr' id='par_1_54' title="bbox 2162 2846 3728 2918">
     <span class='ocr_line' id='line_1_54' title="bbox 2162 2846 3728 2918; baseline 0.001 -21"><span class='ocrx_word' id='word_1_381' title='bbox 2162 2846 2544 2916; x_wconf 87' lang='grc' dir='ltr'>σεμνυνόμενοι</span> <span class='ocrx_word' id='word_1_382' title='bbox 2564 2847 2673 2900; x_wconf 89' lang='grc' dir='ltr'><strong>τῶν</strong></span> <span class='ocrx_word' id='word_1_383' title='bbox 2709 2847 2946 2917; x_wconf 84' lang='grc' dir='ltr'>κέδρων,</span> <span class='ocrx_word' id='word_1_384' title='bbox 2974 2849 3073 2918; x_wconf 78' lang='grc' dir='ltr'>τὴν</span> <span class='ocrx_word' id='word_1_385' title='bbox 3113 2850 3264 2918; x_wconf 71' lang='grc' dir='ltr'>ἰσχὺν</span> <span class='ocrx_word' id='word_1_386' title='bbox 3296 2847 3728 2917; x_wconf 80' lang='grc' dir='ltr'>ἐπιδεικνύμενοι</span> 
     </span>
    </p>
   </div>
   <div class='ocr_carea' id='block_1_55' title="bbox 2161 2937 3727 3010">
    <p class='ocr_par' dir='ltr' id='par_1_55' title="bbox 2161 2937 3727 3010">
     <span class='ocr_line' id='line_1_55' title="bbox 2161 2937 3727 3010; baseline -0.001 -20"><span class='ocrx_word' id='word_1_387' title='bbox 2161 2937 2258 3008; x_wconf 76' lang='grc' dir='ltr'>τὴν</span> <span class='ocrx_word' id='word_1_388' title='bbox 2288 2939 2511 3002; x_wconf 84' lang='grc' dir='ltr'>οἰκείαν,</span> <span class='ocrx_word' id='word_1_389' title='bbox 2547 2940 2881 3002; x_wconf 83' lang='grc' dir='ltr'>ἀποστάντες</span> <span class='ocrx_word' id='word_1_390' title='bbox 2906 2939 3001 2992; x_wconf 78' lang='grc' dir='ltr'><strong>τοῦ</strong></span> <span class='ocrx_word' id='word_1_391' title='bbox 3029 2940 3108 2993; x_wconf 74' lang='grc' dir='ltr'><strong>ἔτι</strong></span> <span class='ocrx_word' id='word_1_392' title='bbox 3146 2939 3413 3010; x_wconf 86' lang='grc' dir='ltr'>μάχεσθαι</span> <span class='ocrx_word' id='word_1_393' title='bbox 3458 2941 3572 3000; x_wconf 85' lang='grc' dir='ltr'><strong>τοίς</strong></span> <span class='ocrx_word' id='word_1_394' title='bbox 3608 2938 3727 3004; x_wconf 72' lang='grc' dir='ltr'>ἐμοὶ</span> 
     </span>
    </p>
   </div>
   <div class='ocr_carea' id='block_1_56' title="bbox 493 3006 2060 3104">
    <p class='ocr_par' dir='ltr' id='par_1_56' title="bbox 493 3031 2059 3102">
     <span class='ocr_line' id='line_1_56' title="bbox 493 3031 2059 3102; baseline 0.001 -17"><span class='ocrx_word' id='word_1_395' title='bbox 493 3032 757 3101; x_wconf 89' lang='lat' dir='ltr'><strong>quasdam</strong></span> <span class='ocrx_word' id='word_1_396' title='bbox 785 3031 919 3087; x_wconf 87' lang='lat' dir='ltr'><strong>ﬁnes</strong></span> <span class='ocrx_word' id='word_1_397' title='bbox 945 3042 1153 3088; x_wconf 87' lang='lat' dir='ltr'><strong>vestros</strong></span> <span class='ocrx_word' id='word_1_398' title='bbox 1178 3033 1416 3102; x_wconf 85' lang='lat' dir='ltr'><strong>pandite.</strong></span> <span class='ocrx_word' id='word_1_399' title='bbox 1439 3033 1651 3088; x_wconf 87' lang='lat' dir='ltr'><strong>cunctis</strong></span> <span class='ocrx_word' id='word_1_400' title='bbox 1677 3033 1903 3088; x_wconf 89' lang='lat' dir='ltr'><strong>liberum</strong></span> <span class='ocrx_word' id='word_1_401' title='bbox 1927 3047 2059 3086; x_wconf 92' lang='lat' dir='ltr'><strong>con-</strong></span> 
     </span>
    </p>
   </div>
   <div class='ocr_carea' id='block_1_57' title="bbox 2162 3006 3725 3104">
    <p class='ocr_par' dir='ltr' id='par_1_57' title="bbox 2163 3006 3725 3104">
     <span class='ocr_line' id='line_1_57' title="bbox 2163 3006 3725 3104; baseline -0.001 -21"><span class='ocrx_word' id='word_1_402' title='bbox 2163 3006 2558 3102; x_wconf 82' lang='grc' dir='ltr'>προσήκουσιν,</span> <span class='ocrx_word' id='word_1_403' title='bbox 2590 3031 2779 3103; x_wconf 85' lang='grc' dir='ltr'>ῶσπερ</span> <span class='ocrx_word' id='word_1_404' title='bbox 2806 3033 2957 3096; x_wconf 80' lang='grc' dir='ltr'>τινὰς</span> <span class='ocrx_word' id='word_1_405' title='bbox 2991 3006 3159 3104; x_wconf 82' lang='grc' dir='ltr'>θύρας</span> <span class='ocrx_word' id='word_1_406' title='bbox 3201 3006 3448 3096; x_wconf 78' lang='grc' dir='ltr'>ἀνοίξατε</span> <span class='ocrx_word' id='word_1_407' title='bbox 3489 3032 3558 3083; x_wconf 75' lang='grc' dir='ltr'>τὰ</span> <span class='ocrx_word' id='word_1_408' title='bbox 3602 3031 3725 3082; x_wconf 78' lang='grc' dir='ltr'>έαύ-</span> 
     </span>
    </p>
   </div>
   <div class='ocr_carea' id='block_1_58' title="bbox 493 3124 2055 3194">
    <p class='ocr_par' dir='ltr' id='par_1_58' title="bbox 493 3124 2055 3194">
     <span class='ocr_line' id='line_1_58' title="bbox 493 3124 2055 3194; baseline 0.001 -18"><span class='ocrx_word' id='word_1_409' title='bbox 493 3125 747 3178; x_wconf 86' lang='lat' dir='ltr'><strong>cedentes</strong></span> <span class='ocrx_word' id='word_1_410' title='bbox 781 3139 810 3176; x_wconf 91' lang='lat' dir='ltr'><strong>a</strong></span> <span class='ocrx_word' id='word_1_411' title='bbox 846 3124 998 3178; x_wconf 88' lang='lat' dir='ltr'><strong>vobis</strong></span> <span class='ocrx_word' id='word_1_412' title='bbox 1027 3125 1080 3177; x_wconf 91' lang='lat' dir='ltr'><strong>in</strong></span> <span class='ocrx_word' id='word_1_413' title='bbox 1104 3125 1335 3193; x_wconf 88' lang='lat' dir='ltr'><strong>patriam</strong></span> <span class='ocrx_word' id='word_1_414' title='bbox 1356 3126 1680 3188; x_wconf 89' lang='lat' dir='ltr'><strong>discessum,</strong></span> <span class='ocrx_word' id='word_1_415' title='bbox 1738 3126 2055 3194; x_wconf 88' lang='lat' dir='ltr'><strong>priusquam</strong></span> 
     </span>
    </p>
   </div>
   <div class='ocr_carea' id='block_1_59' title="bbox 495 3215 2055 3284">
    <p class='ocr_par' dir='ltr' id='par_1_59' title="bbox 495 3215 2055 3284">
     <span class='ocr_line' id='line_1_59' title="bbox 495 3215 2055 3284; baseline -0.001 -16"><span class='ocrx_word' id='word_1_416' title='bbox 495 3216 632 3284; x_wconf 89' lang='lat' dir='ltr'><strong>ignis</strong></span> <span class='ocrx_word' id='word_1_417' title='bbox 673 3215 848 3270; x_wconf 86' lang='lat' dir='ltr'><strong>instar</strong></span> <span class='ocrx_word' id='word_1_418' title='bbox 890 3215 1025 3270; x_wconf 89' lang='lat' dir='ltr'><strong>ultio</strong></span> <span class='ocrx_word' id='word_1_419' title='bbox 1053 3231 1170 3270; x_wconf 89' lang='lat' dir='ltr'><strong>mea</strong></span> <span class='ocrx_word' id='word_1_420' title='bbox 1203 3225 1451 3284; x_wconf 87' lang='lat' dir='ltr'><strong>potentes</strong></span> <span class='ocrx_word' id='word_1_421' title='bbox 1486 3227 1698 3271; x_wconf 88' lang='lat' dir='ltr'><strong>vestros</strong></span> <span class='ocrx_word' id='word_1_422' title='bbox 1734 3222 2055 3279; x_wconf 87' lang='lat' dir='ltr'><strong>consumat;</strong></span> 
     </span>
    </p>
   </div>
   <div class='ocr_carea' id='block_1_60' title="bbox 492 3303 2056 3374">
    <p class='ocr_par' dir='ltr' id='par_1_60' title="bbox 492 3303 2056 3374">
     <span class='ocr_line' id='line_1_60' title="bbox 492 3303 2056 3374; baseline -0.003 -14"><span class='ocrx_word' id='word_1_423' title='bbox 492 3314 547 3360; x_wconf 87' lang='lat' dir='ltr'><strong>et</strong></span> <span class='ocrx_word' id='word_1_424' title='bbox 569 3305 778 3358; x_wconf 83' lang='lat' dir='ltr'><strong>ululare</strong></span> <span class='ocrx_word' id='word_1_425' title='bbox 801 3312 959 3374; x_wconf 84' lang='lat' dir='ltr'><strong>cogat</strong></span> <span class='ocrx_word' id='word_1_426' title='bbox 988 3304 1339 3368; x_wconf 87' lang='lat' dir='ltr'><strong>inﬁrmiores,</strong></span> <span class='ocrx_word' id='word_1_427' title='bbox 1363 3303 1490 3358; x_wconf 88' lang='lat' dir='ltr'><strong>dum</strong></span> <span class='ocrx_word' id='word_1_428' title='bbox 1519 3305 1815 3373; x_wconf 87' lang='lat' dir='ltr'><strong>potentium</strong></span> <span class='ocrx_word' id='word_1_429' title='bbox 1844 3304 2056 3357; x_wconf 86' lang='lat' dir='ltr'><strong>ruinam</strong></span> 
     </span>
    </p>
   </div>
   <div class='ocr_carea' id='block_1_61' title="bbox 493 3395 2058 3468">
    <p class='ocr_par' dir='ltr' id='par_1_61' title="bbox 493 3395 2058 3468">
     <span class='ocr_line' id='line_1_61' title="bbox 493 3395 2058 3468; baseline -0.001 -18"><span class='ocrx_word' id='word_1_430' title='bbox 493 3397 698 3452; x_wconf 85' lang='lat' dir='ltr'><strong>vident.</strong></span> <span class='ocrx_word' id='word_1_431' title='bbox 744 3395 836 3452; x_wconf 88' lang='lat' dir='ltr'><strong>Sic</strong></span> <span class='ocrx_word' id='word_1_432' title='bbox 882 3398 1026 3452; x_wconf 90' lang='lat' dir='ltr'><strong>enim</strong></span> <span class='ocrx_word' id='word_1_433' title='bbox 1075 3396 1386 3468; x_wconf 84' lang='lat' dir='ltr'><strong>signiﬁcat:</strong></span> <span class='ocrx_word' id='word_1_434' title='bbox 1426 3413 1444 3446; x_wconf 84' lang='grc' dir='ltr'><strong>ι</strong></span> <span class='ocrx_word' id='word_1_435' title='bbox 1487 3395 1667 3450; x_wconf 85' lang='lat' dir='ltr'><strong>Ululet</strong></span> <span class='ocrx_word' id='word_1_436' title='bbox 1710 3396 1894 3465; x_wconf 86' lang='lat' dir='ltr'><strong>pinus,</strong></span> <span class='ocrx_word' id='word_1_437' title='bbox 1933 3397 2058 3464; x_wconf 88' lang='lat' dir='ltr'><strong>quia</strong></span> 
     </span>
    </p>
   </div>
   <div class='ocr_carea' id='block_1_62' title="bbox 493 3488 2057 3560">
    <p class='ocr_par' dir='ltr' id='par_1_62' title="bbox 493 3488 2057 3560">
     <span class='ocr_line' id='line_1_62' title="bbox 493 3488 2057 3560; baseline -0.003 -14"><span class='ocrx_word' id='word_1_438' title='bbox 493 3490 690 3546; x_wconf 85' lang='lat' dir='ltr'><strong>cecidit</strong></span> <span class='ocrx_word' id='word_1_439' title='bbox 730 3488 988 3545; x_wconf 59' lang='lat' dir='ltr'><strong>eedrusa</strong></span> <span class='ocrx_word' id='word_1_440' title='bbox 1031 3489 1166 3544; x_wconf 87' lang='lat' dir='ltr'><strong>Nam</strong></span> <span class='ocrx_word' id='word_1_441' title='bbox 1195 3496 1488 3559; x_wconf 90' lang='lat' dir='ltr'><strong>conspecta</strong></span> <span class='ocrx_word' id='word_1_442' title='bbox 1530 3489 1833 3558; x_wconf 88' lang='lat' dir='ltr'><strong>potentium</strong></span> <span class='ocrx_word' id='word_1_443' title='bbox 1876 3489 2057 3560; x_wconf 79' lang='lat' dir='ltr'><strong>ruina,</strong></span> 
     </span>
    </p>
   </div>
   <div class='ocr_carea' id='block_1_63' title="bbox 493 3580 2060 3654">
    <p class='ocr_par' dir='ltr' id='par_1_63' title="bbox 493 3580 2060 3654">
     <span class='ocr_line' id='line_1_63' title="bbox 493 3580 2060 3654; baseline -0.001 -18"><span class='ocrx_word' id='word_1_444' title='bbox 493 3582 562 3638; x_wconf 88' lang='lat' dir='ltr'><strong>de</strong></span> <span class='ocrx_word' id='word_1_445' title='bbox 595 3598 654 3638; x_wconf 81' lang='lat' dir='ltr'><strong>se</strong></span> <span class='ocrx_word' id='word_1_446' title='bbox 679 3584 832 3654; x_wconf 79' lang='lat' dir='ltr'><strong>ipsis,</strong></span> <span class='ocrx_word' id='word_1_447' title='bbox 863 3591 920 3637; x_wconf 91' lang='lat' dir='ltr'><strong>ut</strong></span> <span class='ocrx_word' id='word_1_448' title='bbox 959 3597 1058 3652; x_wconf 90' lang='lat' dir='ltr'><strong>par</strong></span> <span class='ocrx_word' id='word_1_449' title='bbox 1081 3589 1186 3646; x_wconf 87' lang='lat' dir='ltr'><strong>est,</strong></span> <span class='ocrx_word' id='word_1_450' title='bbox 1214 3580 1600 3652; x_wconf 87' lang='lat' dir='ltr'><strong>desperabunt.</strong></span> <span class='ocrx_word' id='word_1_451' title='bbox 1640 3580 1818 3650; x_wconf 64' lang='lat' dir='ltr'><strong>Eque</strong></span> <span class='ocrx_word' id='word_1_452' title='bbox 1870 3594 2060 3634; x_wconf 87' lang='lat' dir='ltr'><strong>omnes</strong></span> 
     </span>
    </p>
   </div>
   <div class='ocr_carea' id='block_1_64' title="bbox 495 3667 2062 3741">
    <p class='ocr_par' dir='ltr' id='par_1_64' title="bbox 495 3667 2062 3741">
     <span class='ocr_line' id='line_1_64' title="bbox 495 3667 2062 3741; baseline -0.003 -17"><span class='ocrx_word' id='word_1_453' title='bbox 495 3671 588 3740; x_wconf 89' lang='lat' dir='ltr'><strong>qui</strong></span> <span class='ocrx_word' id='word_1_454' title='bbox 618 3670 798 3741; x_wconf 88' lang='lat' dir='ltr'><strong>aliqua</strong></span> <span class='ocrx_word' id='word_1_455' title='bbox 827 3669 1204 3740; x_wconf 87' lang='lat' dir='ltr'><strong>gloriabuntur</strong></span> <span class='ocrx_word' id='word_1_456' title='bbox 1238 3668 1476 3740; x_wconf 87' lang='lat' dir='ltr'><strong>potentia</strong></span> <span class='ocrx_word' id='word_1_457' title='bbox 1524 3668 1832 3730; x_wconf 87' lang='lat' dir='ltr'><strong>ululabunt,</strong></span> <span class='ocrx_word' id='word_1_458' title='bbox 1869 3667 2062 3722; x_wconf 90' lang='lat' dir='ltr'><strong>viden-</strong></span> 
     </span>
    </p>
   </div>
   <div class='ocr_carea' id='block_1_65' title="bbox 496 3759 2062 3840">
    <p class='ocr_par' dir='ltr' id='par_1_65' title="bbox 496 3759 2062 3840">
     <span class='ocr_line' id='line_1_65' title="bbox 496 3759 2062 3840; baseline -0.002 -25"><span class='ocrx_word' id='word_1_459' title='bbox 496 3771 577 3818; x_wconf 89' lang='lat' dir='ltr'><strong>tes</strong></span> <span class='ocrx_word' id='word_1_460' title='bbox 599 3762 781 3833; x_wconf 89' lang='lat' dir='ltr'><strong>populi</strong></span> <span class='ocrx_word' id='word_1_461' title='bbox 817 3763 903 3816; x_wconf 91' lang='lat' dir='ltr'><strong>sui</strong></span> <span class='ocrx_word' id='word_1_462' title='bbox 933 3761 1335 3840; x_wconf 78' lang='lat' dir='ltr'><strong>multitudinem</strong></span> <span class='ocrx_word' id='word_1_463' title='bbox 1369 3771 1620 3829; x_wconf 85' lang='lat' dir='ltr'><strong>tanquam</strong></span> <span class='ocrx_word' id='word_1_464' title='bbox 1651 3759 1924 3813; x_wconf 90' lang='lat' dir='ltr'><strong>consitum</strong></span> <span class='ocrx_word' id='word_1_465' title='bbox 1959 3759 2062 3814; x_wconf 87' lang='lat' dir='ltr'><strong>sal-</strong></span> 
     </span>
    </p>
   </div>
   <div class='ocr_carea' id='block_1_66' title="bbox 495 3849 2058 3924">
    <p class='ocr_par' dir='ltr' id='par_1_66' title="bbox 495 3849 2058 3924">
     <span class='ocr_line' id='line_1_66' title="bbox 495 3849 2058 3924; baseline -0.004 -16"><span class='ocrx_word' id='word_1_466' title='bbox 495 3864 606 3909; x_wconf 91' lang='lat' dir='ltr'><strong>tum</strong></span> <span class='ocrx_word' id='word_1_467' title='bbox 657 3863 946 3918; x_wconf 85' lang='lat' dir='ltr'><strong>vastatam,</strong></span> <span class='ocrx_word' id='word_1_468' title='bbox 1004 3854 1150 3924; x_wconf 78' lang='lat' dir='ltr'><strong>ignis</strong></span> <span class='ocrx_word' id='word_1_469' title='bbox 1197 3853 1371 3909; x_wconf 88' lang='lat' dir='ltr'><strong>instar</strong></span> <span class='ocrx_word' id='word_1_470' title='bbox 1421 3852 1707 3922; x_wconf 82' lang='lat' dir='ltr'><strong>ingruente</strong></span> <span class='ocrx_word' id='word_1_471' title='bbox 1749 3850 1830 3906; x_wconf 88' lang='lat' dir='ltr'><strong>eis</strong></span> <span class='ocrx_word' id='word_1_472' title='bbox 1876 3849 2058 3904; x_wconf 87' lang='lat' dir='ltr'><strong>divina</strong></span> 
     </span>
    </p>
   </div>
   <div class='ocr_carea' id='block_1_67' title="bbox 493 3942 2059 4018">
    <p class='ocr_par' dir='ltr' id='par_1_67' title="bbox 493 3942 2059 4018">
     <span class='ocr_line' id='line_1_67' title="bbox 493 3942 2059 4018; baseline -0.004 -16"><span class='ocrx_word' id='word_1_473' title='bbox 493 3950 794 4018; x_wconf 90' lang='lat' dir='ltr'><strong>punitione.</strong></span> <span class='ocrx_word' id='word_1_474' title='bbox 823 3946 958 4000; x_wconf 84' lang='lat' dir='ltr'><strong>Nam</strong></span> <span class='ocrx_word' id='word_1_475' title='bbox 991 3947 1263 4017; x_wconf 86' lang='lat' dir='ltr'><strong>principes</strong></span> <span class='ocrx_word' id='word_1_476' title='bbox 1295 3945 1462 4000; x_wconf 88' lang='lat' dir='ltr'><strong>vestri</strong></span> <span class='ocrx_word' id='word_1_477' title='bbox 1492 3947 1547 3998; x_wconf 83' lang='lat' dir='ltr'><strong>in</strong></span> <span class='ocrx_word' id='word_1_478' title='bbox 1575 3945 1721 3997; x_wconf 91' lang='lat' dir='ltr'><strong>luctu</strong></span> <span class='ocrx_word' id='word_1_479' title='bbox 1750 3949 1930 4004; x_wconf 89' lang='lat' dir='ltr'><strong>erunt,</strong></span> <span class='ocrx_word' id='word_1_480' title='bbox 1965 3942 2059 4011; x_wconf 88' lang='lat' dir='ltr'><strong>qui</strong></span> 
     </span>
    </p>
   </div>
   <div class='ocr_carea' id='block_1_68' title="bbox 494 4034 2059 4096">
    <p class='ocr_par' dir='ltr' id='par_1_68' title="bbox 494 4034 2059 4096">
     <span class='ocr_line' id='line_1_68' title="bbox 494 4034 2059 4096; baseline -0.004 -3"><span class='ocrx_word' id='word_1_481' title='bbox 494 4041 626 4096; x_wconf 88' lang='lat' dir='ltr'><strong>meis</strong></span> <span class='ocrx_word' id='word_1_482' title='bbox 661 4039 1022 4094; x_wconf 81' lang='lat' dir='ltr'><strong>familiaribus</strong></span> <span class='ocrx_word' id='word_1_483' title='bbox 1058 4038 1259 4092; x_wconf 84' lang='lat' dir='ltr'><strong>bellum</strong></span> <span class='ocrx_word' id='word_1_484' title='bbox 1291 4037 1530 4090; x_wconf 86' lang='lat' dir='ltr'><strong>indicere</strong></span> <span class='ocrx_word' id='word_1_485' title='bbox 1556 4034 1676 4090; x_wconf 89' lang='lat' dir='ltr'><strong>ausi</strong></span> <span class='ocrx_word' id='word_1_486' title='bbox 1717 4041 1865 4095; x_wconf 86' lang='lat' dir='ltr'><strong>sunt.</strong></span> <span class='ocrx_word' id='word_1_487' title='bbox 1902 4048 2059 4089; x_wconf 84' lang='lat' dir='ltr'><strong>suas-</strong></span> 
     </span>
    </p>
   </div>
   <div class='ocr_carea' id='block_1_69' title="bbox 490 4125 2060 4203">
    <p class='ocr_par' dir='ltr' id='par_1_69' title="bbox 490 4125 2060 4203">
     <span class='ocr_line' id='line_1_69' title="bbox 490 4125 2060 4203; baseline -0.007 -15"><span class='ocrx_word' id='word_1_488' title='bbox 490 4149 594 4203; x_wconf 78' lang='lat' dir='ltr'><strong>que</strong></span> <span class='ocrx_word' id='word_1_489' title='bbox 623 4147 815 4187; x_wconf 87' lang='lat' dir='ltr'><strong>omnes</strong></span> <span class='ocrx_word' id='word_1_490' title='bbox 843 4131 986 4184; x_wconf 90' lang='lat' dir='ltr'><strong>vires</strong></span> <span class='ocrx_word' id='word_1_491' title='bbox 1009 4130 1256 4184; x_wconf 74' lang='lat' dir='ltr'><strong>succisos</strong></span> <span class='ocrx_word' id='word_1_492' title='bbox 1286 4127 1567 4181; x_wconf 89' lang='lat' dir='ltr'><strong>videbunt.</strong></span> <span class='ocrx_word' id='word_1_493' title='bbox 1595 4125 2060 4180; x_wconf 86' lang='lat' dir='ltr'><strong>Lamentabuntur</strong></span> 
     </span>
    </p>
   </div>
   <div class='ocr_carea' id='block_1_70' title="bbox 492 4215 2058 4295">
    <p class='ocr_par' dir='ltr' id='par_1_70' title="bbox 492 4215 2058 4295">
     <span class='ocr_line' id='line_1_70' title="bbox 492 4215 2058 4295; baseline -0.007 -17"><span class='ocrx_word' id='word_1_494' title='bbox 492 4241 638 4290; x_wconf 88' lang='lat' dir='ltr'><strong>vero,</strong></span> <span class='ocrx_word' id='word_1_495' title='bbox 667 4223 821 4295; x_wconf 89' lang='lat' dir='ltr'><strong>quasi</strong></span> <span class='ocrx_word' id='word_1_496' title='bbox 849 4223 1034 4278; x_wconf 89' lang='lat' dir='ltr'><strong>leones</strong></span> <span class='ocrx_word' id='word_1_497' title='bbox 1055 4221 1285 4291; x_wconf 91' lang='lat' dir='ltr'><strong>quisuis</strong></span> <span class='ocrx_word' id='word_1_498' title='bbox 1307 4218 1648 4273; x_wconf 87' lang='lat' dir='ltr'><strong>conﬁdebant</strong></span> <span class='ocrx_word' id='word_1_499' title='bbox 1672 4216 1898 4280; x_wconf 88' lang='lat' dir='ltr'><strong>viribus,</strong></span> <span class='ocrx_word' id='word_1_500' title='bbox 1926 4215 2058 4269; x_wconf 87' lang='lat' dir='ltr'><strong>dum</strong></span> 
     </span>
    </p>
   </div>
   <div class='ocr_carea' id='block_1_71' title="bbox 490 4308 2131 4404">
    <p class='ocr_par' dir='ltr' id='par_1_71' title="bbox 490 4308 2131 4404">
     <span class='ocr_line' id='line_1_71' title="bbox 490 4308 2131 4404; baseline -0.008 -33"><span class='ocrx_word' id='word_1_501' title='bbox 490 4324 720 4372; x_wconf 89' lang='lat' dir='ltr'><strong>cunctos</strong></span> <span class='ocrx_word' id='word_1_502' title='bbox 753 4313 973 4369; x_wconf 88' lang='lat' dir='ltr'><strong>miseria</strong></span> <span class='ocrx_word' id='word_1_503' title='bbox 1003 4326 1224 4384; x_wconf 86' lang='lat' dir='ltr'><strong>pressos</strong></span> <span class='ocrx_word' id='word_1_504' title='bbox 1252 4309 1411 4382; x_wconf 60' lang='lat'><strong>35.1</strong></span> <span class='ocrx_word' id='word_1_505' title='bbox 1449 4311 1713 4363; x_wconf 81' lang='lat' dir='ltr'><strong>videbunt</strong></span> <span class='ocrx_word' id='word_1_506' title='bbox 1739 4309 1831 4378; x_wconf 88' lang='lat' dir='ltr'><strong>qui</strong></span> <span class='ocrx_word' id='word_1_507' title='bbox 1863 4308 2055 4362; x_wconf 86' lang='lat' dir='ltr'><strong>adver—</strong></span> <span class='ocrx_word' id='word_1_508' title='bbox 2088 4349 2131 4404; x_wconf 67' lang='grc' dir='ltr'><strong>Β</strong></span> 
     </span>
    </p>
   </div>
   <div class='ocr_carea' id='block_1_72' title="bbox 491 4397 2052 4472">
    <p class='ocr_par' dir='ltr' id='par_1_72' title="bbox 491 4397 2052 4472">
     <span class='ocr_line' id='line_1_72' title="bbox 491 4397 2052 4472; baseline -0.007 -10"><span class='ocrx_word' id='word_1_509' title='bbox 491 4423 587 4463; x_wconf 80' lang='lat' dir='ltr'><strong>sus</strong></span> <span class='ocrx_word' id='word_1_510' title='bbox 616 4405 906 4461; x_wconf 79' lang='lat' dir='ltr'><strong>Jordanem</strong></span> <span class='ocrx_word' id='word_1_511' title='bbox 928 4403 1333 4472; x_wconf 85' lang='lat' dir='ltr'><strong>superbiebant.</strong></span> <span class='ocrx_word' id='word_1_512' title='bbox 1361 4400 1489 4452; x_wconf 84' lang='lat' dir='ltr'><strong>Nam</strong></span> <span class='ocrx_word' id='word_1_513' title='bbox 1513 4402 1639 4466; x_wconf 88' lang='lat' dir='ltr'><strong>quia</strong></span> <span class='ocrx_word' id='word_1_514' title='bbox 1665 4397 1930 4452; x_wconf 68' lang='lat' dir='ltr'><strong>Iordanes</strong></span> <span class='ocrx_word' id='word_1_515' title='bbox 1956 4398 2052 4451; x_wconf 65' lang='grc' dir='ltr'>ειυς</span> 
     </span>
    </p>
   </div>
   <div class='ocr_carea' id='block_1_73' title="bbox 493 4491 2057 4569">
    <p class='ocr_par' dir='ltr' id='par_1_73' title="bbox 493 4491 2057 4569">
     <span class='ocr_line' id='line_1_73' title="bbox 493 4491 2057 4569; baseline -0.003 -22"><span class='ocrx_word' id='word_1_516' title='bbox 493 4501 612 4553; x_wconf 85' lang='lat' dir='ltr'><strong>vius</strong></span> <span class='ocrx_word' id='word_1_517' title='bbox 636 4514 763 4569; x_wconf 88' lang='lat' dir='ltr'><strong>pars</strong></span> <span class='ocrx_word' id='word_1_518' title='bbox 790 4495 986 4550; x_wconf 68' lang='lat' dir='ltr'><strong>Judzeze</strong></span> <span class='ocrx_word' id='word_1_519' title='bbox 1014 4502 1151 4559; x_wconf 89' lang='lat' dir='ltr'><strong>erat,</strong></span> <span class='ocrx_word' id='word_1_520' title='bbox 1175 4499 1599 4546; x_wconf 81' lang='lat' dir='ltr'><strong>commemorato</strong></span> <span class='ocrx_word' id='word_1_521' title='bbox 1617 4491 1854 4545; x_wconf 77' lang='lat' dir='ltr'><strong>Jordane</strong></span> <span class='ocrx_word' id='word_1_522' title='bbox 1885 4492 2057 4560; x_wconf 82' lang='lat' dir='ltr'><strong>regio-</strong></span> 
     </span>
    </p>
   </div>
   <div class='ocr_carea' id='block_1_74' title="bbox 492 4583 2052 4654">
    <p class='ocr_par' dir='ltr' id='par_1_74' title="bbox 492 4583 2052 4654">
     <span class='ocr_line' id='line_1_74' title="bbox 492 4583 2052 4654; baseline -0.003 -13"><span class='ocrx_word' id='word_1_523' title='bbox 492 4603 613 4644; x_wconf 89' lang='lat' dir='ltr'><strong>nem</strong></span> <span class='ocrx_word' id='word_1_524' title='bbox 666 4586 1036 4642; x_wconf 86' lang='lat' dir='ltr'><strong>lsraelitarum</strong></span> <span class='ocrx_word' id='word_1_525' title='bbox 1081 4583 1353 4654; x_wconf 86' lang='lat' dir='ltr'><strong>signiﬁcat</strong></span> <span class='ocrx_word' id='word_1_526' title='bbox 1400 4584 1694 4652; x_wconf 83' lang='lat' dir='ltr'><strong>propheta:</strong></span> <span class='ocrx_word' id='word_1_527' title='bbox 1751 4592 1864 4637; x_wconf 88' lang='lat' dir='ltr'><strong>tum</strong></span> <span class='ocrx_word' id='word_1_528' title='bbox 1924 4584 2052 4653; x_wconf 88' lang='lat' dir='ltr'><strong>quia</strong></span> 
     </span>
    </p>
   </div>
   <div class='ocr_carea' id='block_1_75' title="bbox 495 4674 2049 4743">
    <p class='ocr_par' dir='ltr' id='par_1_75' title="bbox 495 4674 2049 4743">
     <span class='ocr_line' id='line_1_75' title="bbox 495 4674 2049 4743; baseline -0.004 -11"><span class='ocrx_word' id='word_1_529' title='bbox 495 4679 828 4734; x_wconf 82' lang='lat' dir='ltr'><strong>Hierusalem</strong></span> <span class='ocrx_word' id='word_1_530' title='bbox 874 4677 930 4731; x_wconf 92' lang='lat' dir='ltr'><strong>in</strong></span> <span class='ocrx_word' id='word_1_531' title='bbox 976 4682 1214 4730; x_wconf 84' lang='lat' dir='ltr'><strong>veterem</strong></span> <span class='ocrx_word' id='word_1_532' title='bbox 1247 4674 1564 4728; x_wconf 88' lang='lat' dir='ltr'><strong>restituetur</strong></span> <span class='ocrx_word' id='word_1_533' title='bbox 1611 4676 2049 4743; x_wconf 88' lang='lat' dir='ltr'><strong>prosperitatem,</strong></span> 
     </span>
    </p>
   </div>
   <div class='ocr_carea' id='block_1_76' title="bbox 493 4765 2055 4837">
    <p class='ocr_par' dir='ltr' id='par_1_76' title="bbox 493 4765 2055 4837">
     <span class='ocr_line' id='line_1_76' title="bbox 493 4765 2055 4837; baseline -0.001 -15"><span class='ocrx_word' id='word_1_534' title='bbox 493 4769 703 4826; x_wconf 85' lang='lat' dir='ltr'><strong>reddito</strong></span> <span class='ocrx_word' id='word_1_535' title='bbox 725 4767 869 4837; x_wconf 85' lang='lat' dir='ltr'><strong>genti</strong></span> <span class='ocrx_word' id='word_1_536' title='bbox 894 4765 1198 4821; x_wconf 82' lang='lat' dir='ltr'><strong>sacerdotio</strong></span> <span class='ocrx_word' id='word_1_537' title='bbox 1221 4779 1284 4818; x_wconf 89' lang='lat' dir='ltr'><strong>ac</strong></span> <span class='ocrx_word' id='word_1_538' title='bbox 1309 4779 1474 4834; x_wconf 89' lang='lat' dir='ltr'><strong>regno</strong></span> <span class='ocrx_word' id='word_1_539' title='bbox 1498 4781 1514 4830; x_wconf 86' lang='lat'><strong>;</strong></span> <span class='ocrx_word' id='word_1_540' title='bbox 1541 4773 1652 4818; x_wconf 85' lang='lat' dir='ltr'><strong>tum</strong></span> <span class='ocrx_word' id='word_1_541' title='bbox 1674 4767 1800 4835; x_wconf 89' lang='lat' dir='ltr'><strong>quia</strong></span> <span class='ocrx_word' id='word_1_542' title='bbox 1826 4767 2055 4835; x_wconf 87' lang='lat' dir='ltr'><strong>p0pulus</strong></span> 
     </span>
    </p>
   </div>
   <div class='ocr_carea' id='block_1_77' title="bbox 495 4858 2060 4931">
    <p class='ocr_par' dir='ltr' id='par_1_77' title="bbox 495 4858 2060 4931">
     <span class='ocr_line' id='line_1_77' title="bbox 495 4858 2060 4931; baseline -0.003 -15"><span class='ocrx_word' id='word_1_543' title='bbox 495 4863 855 4931; x_wconf 87' lang='lat' dir='ltr'><strong>undequaque</strong></span> <span class='ocrx_word' id='word_1_544' title='bbox 883 4859 1340 4929; x_wconf 78' lang='lat' dir='ltr'><strong>congregabitur;</strong></span> <span class='ocrx_word' id='word_1_545' title='bbox 1393 4865 1506 4910; x_wconf 89' lang='lat' dir='ltr'><strong>tum</strong></span> <span class='ocrx_word' id='word_1_546' title='bbox 1537 4859 1662 4926; x_wconf 89' lang='lat' dir='ltr'><strong>quia</strong></span> <span class='ocrx_word' id='word_1_547' title='bbox 1689 4858 1924 4928; x_wconf 89' lang='lat' dir='ltr'><strong>denique</strong></span> <span class='ocrx_word' id='word_1_548' title='bbox 1967 4874 2060 4913; x_wconf 91' lang='lat' dir='ltr'><strong>eo-</strong></span> 
     </span>
    </p>
   </div>
   <div class='ocr_carea' id='block_1_78' title="bbox 495 4949 2057 5022">
    <p class='ocr_par' dir='ltr' id='par_1_78' title="bbox 495 4949 2057 5022">
     <span class='ocr_line' id='line_1_78' title="bbox 495 4949 2057 5022; baseline -0.001 -16"><span class='ocrx_word' id='word_1_549' title='bbox 495 4969 612 5006; x_wconf 88' lang='lat' dir='ltr'><strong>rum</strong></span> <span class='ocrx_word' id='word_1_550' title='bbox 637 4953 822 5008; x_wconf 80' lang='lat' dir='ltr'><strong>hostes</strong></span> <span class='ocrx_word' id='word_1_551' title='bbox 848 4949 1036 5022; x_wconf 84' lang='lat' dir='ltr'><strong>puniet</strong></span> <span class='ocrx_word' id='word_1_552' title='bbox 1065 4951 1225 5012; x_wconf 89' lang='lat' dir='ltr'><strong>Deus,</strong></span> <span class='ocrx_word' id='word_1_553' title='bbox 1251 4949 1376 5004; x_wconf 87' lang='lat' dir='ltr'><strong>etin</strong></span> <span class='ocrx_word' id='word_1_554' title='bbox 1402 4949 1757 5018; x_wconf 86' lang='lat' dir='ltr'><strong>plurimorum</strong></span> <span class='ocrx_word' id='word_1_555' title='bbox 1789 4951 2057 5006; x_wconf 86' lang='lat' dir='ltr'><strong>bonorum</strong></span> 
     </span>
    </p>
   </div>
   <div class='ocr_carea' id='block_1_79' title="bbox 491 5039 2058 5116">
    <p class='ocr_par' dir='ltr' id='par_1_79' title="bbox 491 5039 2058 5116">
     <span class='ocr_line' id='line_1_79' title="bbox 491 5039 2058 5116; baseline -0.005 -14"><span class='ocrx_word' id='word_1_556' title='bbox 491 5045 645 5116; x_wconf 87' lang='lat' dir='ltr'><strong>copia</strong></span> <span class='ocrx_word' id='word_1_557' title='bbox 697 5059 829 5100; x_wconf 91' lang='lat' dir='ltr'><strong>suos</strong></span> <span class='ocrx_word' id='word_1_558' title='bbox 883 5041 1196 5098; x_wconf 87' lang='lat' dir='ltr'><strong>constituet.</strong></span> <span class='ocrx_word' id='word_1_559' title='bbox 1246 5041 1388 5107; x_wconf 79' lang='lat' dir='ltr'><strong>Quin</strong></span> <span class='ocrx_word' id='word_1_560' title='bbox 1438 5041 1573 5094; x_wconf 87' lang='lat' dir='ltr'><strong>adeo</strong></span> <span class='ocrx_word' id='word_1_561' title='bbox 1618 5039 1937 5096; x_wconf 87' lang='lat' dir='ltr'><strong>Zorobabeli</strong></span> <span class='ocrx_word' id='word_1_562' title='bbox 1991 5042 2058 5096; x_wconf 86' lang='lat' dir='ltr'><strong>ad</strong></span> 
     </span>
    </p>
   </div>
   <div class='ocr_carea' id='block_1_80' title="bbox 489 5133 2058 5212">
    <p class='ocr_par' dir='ltr' id='par_1_80' title="bbox 489 5133 2058 5212">
     <span class='ocr_line' id='line_1_80' title="bbox 489 5133 2058 5212; baseline -0.004 -16"><span class='ocrx_word' id='word_1_563' title='bbox 489 5155 714 5212; x_wconf 81' lang='lat' dir='ltr'><strong>regnum</strong></span> <span class='ocrx_word' id='word_1_564' title='bbox 743 5139 918 5194; x_wconf 89' lang='lat' dir='ltr'><strong>electo</strong></span> <span class='ocrx_word' id='word_1_565' title='bbox 947 5136 1213 5191; x_wconf 86' lang='lat' dir='ltr'><strong>maximas</strong></span> <span class='ocrx_word' id='word_1_566' title='bbox 1242 5133 1614 5204; x_wconf 86' lang='lat' dir='ltr'><strong>suppeditabit</strong></span> <span class='ocrx_word' id='word_1_567' title='bbox 1645 5135 1808 5200; x_wconf 88' lang='lat' dir='ltr'><strong>vires,</strong></span> <span class='ocrx_word' id='word_1_568' title='bbox 1858 5136 2058 5204; x_wconf 87' lang='lat' dir='ltr'><strong>quibus</strong></span> 
     </span>
    </p>
   </div>
   <div class='ocr_carea' id='block_1_81' title="bbox 489 5227 2054 5298">
    <p class='ocr_par' dir='ltr' id='par_1_81' title="bbox 489 5227 2054 5298">
     <span class='ocr_line' id='line_1_81' title="bbox 489 5227 2054 5298; baseline -0.003 -11"><span class='ocrx_word' id='word_1_569' title='bbox 489 5234 652 5288; x_wconf 83' lang='lat' dir='ltr'><strong>validi</strong></span> <span class='ocrx_word' id='word_1_570' title='bbox 683 5233 917 5288; x_wconf 89' lang='lat' dir='ltr'><strong>evadent</strong></span> <span class='ocrx_word' id='word_1_571' title='bbox 945 5239 1135 5285; x_wconf 86' lang='lat' dir='ltr'><strong>contra</strong></span> <span class='ocrx_word' id='word_1_572' title='bbox 1160 5229 1365 5290; x_wconf 87' lang='lat' dir='ltr'><strong>hostes,</strong></span> <span class='ocrx_word' id='word_1_573' title='bbox 1397 5227 1683 5282; x_wconf 82' lang='lat' dir='ltr'><strong>devincent</strong></span> <span class='ocrx_word' id='word_1_574' title='bbox 1715 5235 1891 5283; x_wconf 86' lang='lat' dir='ltr'><strong>autem</strong></span> <span class='ocrx_word' id='word_1_575' title='bbox 1921 5227 2054 5298; x_wconf 73' lang='lat' dir='ltr'><strong>Gogi</strong></span> 
     </span>
    </p>
   </div>
   <div class='ocr_carea' id='block_1_82' title="bbox 489 5319 2057 5388">
    <p class='ocr_par' dir='ltr' id='par_1_82' title="bbox 489 5319 2057 5388">
     <span class='ocr_line' id='line_1_82' title="bbox 489 5319 2057 5388; baseline -0.003 -9"><span class='ocrx_word' id='word_1_576' title='bbox 489 5327 787 5381; x_wconf 73' lang='lat' dir='ltr'><strong>exercitum</strong></span> <span class='ocrx_word' id='word_1_577' title='bbox 815 5319 1270 5379; x_wconf 87' lang='lat' dir='ltr'><strong>innumerabilem</strong></span> <span class='ocrx_word' id='word_1_578' title='bbox 1300 5326 1354 5374; x_wconf 88' lang='lat' dir='ltr'><strong>et</strong></span> <span class='ocrx_word' id='word_1_579' title='bbox 1381 5327 1539 5374; x_wconf 84' lang='lat' dir='ltr'><strong>antea</strong></span> <span class='ocrx_word' id='word_1_580' title='bbox 1576 5320 1855 5374; x_wconf 88' lang='lat' dir='ltr'><strong>invictum.</strong></span> <span class='ocrx_word' id='word_1_581' title='bbox 1882 5321 2057 5388; x_wconf 79' lang='lat' dir='ltr'><strong>Atque</strong></span> 
     </span>
    </p>
   </div>
   <div class='ocr_carea' id='block_1_83' title="bbox 490 5411 2058 5488">
    <p class='ocr_par' dir='ltr' id='par_1_83' title="bbox 490 5411 2058 5488">
     <span class='ocr_line' id='line_1_83' title="bbox 490 5411 2058 5488; baseline -0.003 -18"><span class='ocrx_word' id='word_1_582' title='bbox 490 5429 547 5472; x_wconf 84' lang='lat' dir='ltr'><strong>nt</strong></span> <span class='ocrx_word' id='word_1_583' title='bbox 595 5417 782 5488; x_wconf 88' lang='lat' dir='ltr'><strong>paucis</strong></span> <span class='ocrx_word' id='word_1_584' title='bbox 826 5415 1029 5478; x_wconf 91' lang='lat' dir='ltr'><strong>dicam,</strong></span> <span class='ocrx_word' id='word_1_585' title='bbox 1073 5413 1287 5467; x_wconf 88' lang='lat' dir='ltr'><strong>cunctis</strong></span> <span class='ocrx_word' id='word_1_586' title='bbox 1321 5427 1442 5481; x_wconf 63' lang='lat' dir='ltr'><strong>quae</strong></span> <span class='ocrx_word' id='word_1_587' title='bbox 1485 5411 1750 5465; x_wconf 85' lang='lat' dir='ltr'><strong>hactenus</strong></span> <span class='ocrx_word' id='word_1_588' title='bbox 1779 5411 1916 5464; x_wconf 79' lang='lat' dir='ltr'><strong>dixit</strong></span> <span class='ocrx_word' id='word_1_589' title='bbox 1964 5411 2058 5465; x_wconf 86' lang='lat' dir='ltr'><strong>de-</strong></span> 
     </span>
    </p>
   </div>
   <div class='ocr_carea' id='block_1_84' title="bbox 487 5502 2058 5576">
    <p class='ocr_par' dir='ltr' id='par_1_84' title="bbox 487 5502 2058 5576">
     <span class='ocr_line' id='line_1_84' title="bbox 487 5502 2058 5576; baseline -0.004 -12"><span class='ocrx_word' id='word_1_590' title='bbox 487 5512 736 5570; x_wconf 73' lang='lat' dir='ltr'><strong>claravit,</strong></span> <span class='ocrx_word' id='word_1_591' title='bbox 765 5515 1005 5576; x_wconf 85' lang='lat' dir='ltr'><strong>quantus</strong></span> <span class='ocrx_word' id='word_1_592' title='bbox 1039 5505 1253 5559; x_wconf 80' lang='lat' dir='ltr'><strong>futurus</strong></span> <span class='ocrx_word' id='word_1_593' title='bbox 1279 5504 1349 5559; x_wconf 88' lang='lat' dir='ltr'><strong>sit</strong></span> <span class='ocrx_word' id='word_1_594' title='bbox 1378 5502 1742 5558; x_wconf 88' lang='lat' dir='ltr'><strong>lsraelitarum</strong></span> <span class='ocrx_word' id='word_1_595' title='bbox 1775 5502 1829 5556; x_wconf 91' lang='lat' dir='ltr'><strong>in</strong></span> <span class='ocrx_word' id='word_1_596' title='bbox 1864 5502 2058 5558; x_wconf 86' lang='lat' dir='ltr'><strong>melius</strong></span> 
     </span>
    </p>
   </div>
   <div class='ocr_carea' id='block_1_85' title="bbox 487 5610 830 5666">
    <p class='ocr_par' dir='ltr' id='par_1_85' title="bbox 487 5610 830 5666">
     <span class='ocr_line' id='line_1_85' title="bbox 487 5610 830 5666; baseline 0.009 -21"><span class='ocrx_word' id='word_1_597' title='bbox 487 5610 830 5666; x_wconf 83' lang='lat' dir='ltr'><strong>progressus.</strong></span> 
     </span>
    </p>
   </div>
   <div class='ocr_carea' id='block_1_86' title="bbox 2159 3121 3727 3195">
    <p class='ocr_par' dir='ltr' id='par_1_86' title="bbox 2159 3121 3727 3195">
     <span class='ocr_line' id='line_1_86' title="bbox 2159 3121 3727 3195; baseline -0.001 -21"><span class='ocrx_word' id='word_1_598' title='bbox 2159 3121 2286 3184; x_wconf 89' lang='grc' dir='ltr'>τῶν,</span> <span class='ocrx_word' id='word_1_599' title='bbox 2318 3123 2484 3175; x_wconf 76' lang='grc' dir='ltr'>πᾶσιν</span> <span class='ocrx_word' id='word_1_600' title='bbox 2529 3124 2657 3193; x_wconf 86' lang='grc' dir='ltr'>ἀδεῆ</span> <span class='ocrx_word' id='word_1_601' title='bbox 2705 3123 3038 3194; x_wconf 83' lang='grc' dir='ltr'>παρέχοντες</span> <span class='ocrx_word' id='word_1_602' title='bbox 3064 3125 3162 3195; x_wconf 78' lang='grc' dir='ltr'>τὴν</span> <span class='ocrx_word' id='word_1_603' title='bbox 3205 3125 3297 3192; x_wconf 82' lang='grc' dir='ltr'><strong>ἀφ’</strong></span> <span class='ocrx_word' id='word_1_604' title='bbox 3328 3123 3484 3194; x_wconf 84' lang='grc' dir='ltr'>ὑμῶν</span> <span class='ocrx_word' id='word_1_605' title='bbox 3520 3122 3727 3189; x_wconf 77' lang='grc' dir='ltr'>ἀναχώ-</span> 
     </span>
    </p>
   </div>
   <div class='ocr_carea' id='block_1_87' title="bbox 2161 3213 3727 3284">
    <p class='ocr_par' dir='ltr' id='par_1_87' title="bbox 2161 3213 3727 3284">
     <span class='ocr_line' id='line_1_87' title="bbox 2161 3213 3727 3284; baseline 0 -20"><span class='ocrx_word' id='word_1_606' title='bbox 2161 3213 2318 3284; x_wconf 87' lang='grc' dir='ltr'>ρησίν</span> <span class='ocrx_word' id='word_1_607' title='bbox 2349 3231 2408 3266; x_wconf 87' lang='grc' dir='ltr'><strong>τε</strong></span> <span class='ocrx_word' id='word_1_608' title='bbox 2441 3215 2534 3268; x_wconf 80' lang='grc' dir='ltr'><strong>καὶ</strong></span> <span class='ocrx_word' id='word_1_609' title='bbox 2577 3215 2833 3268; x_wconf 77' lang='grc' dir='ltr'>ἐπάνοδον</span> <span class='ocrx_word' id='word_1_610' title='bbox 2880 3217 2961 3276; x_wconf 86' lang='grc' dir='ltr'><strong>είς</strong></span> <span class='ocrx_word' id='word_1_611' title='bbox 2992 3216 3059 3269; x_wconf 87' lang='grc' dir='ltr'><strong>τά</strong></span> <span class='ocrx_word' id='word_1_612' title='bbox 3092 3218 3286 3279; x_wconf 83' lang='grc' dir='ltr'>οἰκεῖα,</span> <span class='ocrx_word' id='word_1_613' title='bbox 3320 3218 3396 3284; x_wconf 89' lang='lat' dir='ltr'><strong>(p.</strong></span> <span class='ocrx_word' id='word_1_614' title='bbox 3432 3215 3561 3281; x_wconf 82' lang='lat'><strong>507)</strong></span> <span class='ocrx_word' id='word_1_615' title='bbox 3603 3215 3727 3282; x_wconf 75' lang='grc' dir='ltr'>πρὶν</span> 
     </span>
    </p>
   </div>
   <div class='ocr_carea' id='block_1_88' title="bbox 2158 3304 3727 3377">
    <p class='ocr_par' dir='ltr' id='par_1_88' title="bbox 2158 3304 3727 3377">
     <span class='ocr_line' id='line_1_88' title="bbox 2158 3304 3727 3377; baseline -0.002 -20"><span class='ocrx_word' id='word_1_616' title='bbox 2158 3304 2191 3374; x_wconf 80' lang='grc' dir='ltr'>ἦ</span> <span class='ocrx_word' id='word_1_617' title='bbox 2223 3305 2390 3372; x_wconf 84' lang='grc' dir='ltr'>πυρὸς</span> <span class='ocrx_word' id='word_1_618' title='bbox 2423 3305 2520 3375; x_wconf 83' lang='grc' dir='ltr'>μὲν</span> <span class='ocrx_word' id='word_1_619' title='bbox 2547 3305 2701 3376; x_wconf 85' lang='grc' dir='ltr'>δίκην</span> <span class='ocrx_word' id='word_1_620' title='bbox 2733 3307 2831 3377; x_wconf 76' lang='grc' dir='ltr'><strong>τήν</strong></span> <span class='ocrx_word' id='word_1_621' title='bbox 2866 3306 3004 3377; x_wconf 76' lang='grc' dir='ltr'>ἐμὴν</span> <span class='ocrx_word' id='word_1_622' title='bbox 3032 3307 3303 3377; x_wconf 78' lang='grc' dir='ltr'>τιμωρίαν</span> <span class='ocrx_word' id='word_1_623' title='bbox 3337 3307 3468 3368; x_wconf 71' lang='grc' dir='ltr'>τοὺς</span> <span class='ocrx_word' id='word_1_624' title='bbox 3507 3307 3566 3357; x_wconf 81' lang='grc' dir='ltr'><strong>ὲν</strong></span> <span class='ocrx_word' id='word_1_625' title='bbox 3606 3307 3727 3374; x_wconf 71' lang='grc' dir='ltr'>ὑμῖν</span> 
     </span>
    </p>
   </div>
   <div class='ocr_carea' id='block_1_89' title="bbox 2159 3397 3729 3467">
    <p class='ocr_par' dir='ltr' id='par_1_89' title="bbox 2159 3397 3729 3467">
     <span class='ocr_line' id='line_1_89' title="bbox 2159 3397 3729 3467; baseline -0.003 -16"><span class='ocrx_word' id='word_1_626' title='bbox 2159 3398 2415 3467; x_wconf 77' lang='grc' dir='ltr'>ἀφανίσαι</span> <span class='ocrx_word' id='word_1_627' title='bbox 2439 3398 2728 3463; x_wconf 80' lang='grc' dir='ltr'>δυνατοὺς,</span> <span class='ocrx_word' id='word_1_628' title='bbox 2755 3397 3024 3462; x_wconf 77' lang='grc' dir='ltr'>ὀλολύζειν</span> <span class='ocrx_word' id='word_1_629' title='bbox 3054 3398 3110 3450; x_wconf 84' lang='grc' dir='ltr'>δὲ</span> <span class='ocrx_word' id='word_1_630' title='bbox 3147 3399 3274 3460; x_wconf 82' lang='grc' dir='ltr'>τοὺς</span> <span class='ocrx_word' id='word_1_631' title='bbox 3307 3397 3729 3464; x_wconf 75' lang='grc' dir='ltr'>ἀσθενεστέρους</span> 
     </span>
    </p>
   </div>
   <div class='ocr_carea' id='block_1_90' title="bbox 2159 3489 3724 3562">
    <p class='ocr_par' dir='ltr' id='par_1_90' title="bbox 2159 3489 3724 3562">
     <span class='ocr_line' id='line_1_90' title="bbox 2159 3489 3724 3562; baseline -0.002 -20"><span class='ocrx_word' id='word_1_632' title='bbox 2159 3490 2401 3562; x_wconf 84' lang='grc' dir='ltr'>ὁρῶντας</span> <span class='ocrx_word' id='word_1_633' title='bbox 2443 3490 2550 3542; x_wconf 91' lang='grc' dir='ltr'><strong>τῶν</strong></span> <span class='ocrx_word' id='word_1_634' title='bbox 2578 3489 2820 3543; x_wconf 85' lang='grc' dir='ltr'>δυνατῶν</span> <span class='ocrx_word' id='word_1_635' title='bbox 2855 3490 2954 3560; x_wconf 80' lang='grc' dir='ltr'>τὴν</span> <span class='ocrx_word' id='word_1_636' title='bbox 2981 3489 3205 3542; x_wconf 84' lang='grc' dir='ltr'>πτῶσιν·</span> <span class='ocrx_word' id='word_1_637' title='bbox 3237 3491 3395 3542; x_wconf 80' lang='grc' dir='ltr'>τούτο</span> <span class='ocrx_word' id='word_1_638' title='bbox 3421 3490 3532 3559; x_wconf 72' lang='grc' dir='ltr'><strong>γαρ</strong></span> <span class='ocrx_word' id='word_1_639' title='bbox 3560 3489 3724 3555; x_wconf 76' lang='grc' dir='ltr'>λέγει,</span> 
     </span>
    </p>
   </div>
   <div class='ocr_carea' id='block_1_91' title="bbox 2158 3579 3728 3650">
    <p class='ocr_par' dir='ltr' id='par_1_91' title="bbox 2158 3579 3728 3650">
     <span class='ocr_line' id='line_1_91' title="bbox 2158 3579 3728 3650; baseline -0.003 -15"><span class='ocrx_word' id='word_1_640' title='bbox 2158 3599 2175 3632; x_wconf 86' lang='grc' dir='ltr'><strong>ι</strong></span> <span class='ocrx_word' id='word_1_641' title='bbox 2200 3581 2529 3650; x_wconf 80' lang='grc' dir='ltr'>Ὁλολυξάτω</span> <span class='ocrx_word' id='word_1_642' title='bbox 2539 3579 2852 3646; x_wconf 80' lang='grc' dir='ltr'>πίτυς,διότι</span> <span class='ocrx_word' id='word_1_643' title='bbox 2869 3581 3125 3634; x_wconf 87' lang='grc' dir='ltr'>πέπτωκε</span> <span class='ocrx_word' id='word_1_644' title='bbox 3143 3581 3350 3650; x_wconf 86' lang='grc' dir='ltr'>κέδρος.</span> <span class='ocrx_word' id='word_1_645' title='bbox 3367 3580 3646 3648; x_wconf 75' lang='grc' dir='ltr'>»Θεασάμε</span> <span class='ocrx_word' id='word_1_646' title='bbox 3655 3598 3728 3631; x_wconf 73' lang='grc' dir='ltr'>νος</span> 
     </span>
    </p>
   </div>
   <div class='ocr_carea' id='block_1_92' title="bbox 2158 3669 3730 3741">
    <p class='ocr_par' dir='ltr' id='par_1_92' title="bbox 2158 3669 3730 3741">
     <span class='ocr_line' id='line_1_92' title="bbox 2158 3669 3730 3741; baseline 0.001 -19"><span class='ocrx_word' id='word_1_647' title='bbox 2158 3669 2266 3740; x_wconf 76' lang='grc' dir='ltr'><strong>γὰρ</strong></span> <span class='ocrx_word' id='word_1_648' title='bbox 2301 3669 2398 3741; x_wconf 81' lang='grc' dir='ltr'>τὴν</span> <span class='ocrx_word' id='word_1_649' title='bbox 2433 3671 2539 3725; x_wconf 89' lang='grc' dir='ltr'><strong>τῶν</strong></span> <span class='ocrx_word' id='word_1_650' title='bbox 2582 3671 2822 3724; x_wconf 80' lang='grc' dir='ltr'>δυνατῶν</span> <span class='ocrx_word' id='word_1_651' title='bbox 2864 3670 3166 3735; x_wconf 84' lang='grc' dir='ltr'>ἀπώλειαν,</span> <span class='ocrx_word' id='word_1_652' title='bbox 3208 3670 3622 3739; x_wconf 83' lang='grc' dir='ltr'>ἀπογνώσονται</span> <span class='ocrx_word' id='word_1_653' title='bbox 3657 3672 3730 3731; x_wconf 83' lang='grc' dir='ltr'>ὡς</span> 
     </span>
    </p>
   </div>
   <div class='ocr_carea' id='block_1_93' title="bbox 2158 3761 3729 3832">
    <p class='ocr_par' dir='ltr' id='par_1_93' title="bbox 2158 3761 3729 3832">
     <span class='ocr_line' id='line_1_93' title="bbox 2158 3761 3729 3832; baseline -0.002 -17"><span class='ocrx_word' id='word_1_654' title='bbox 2158 3761 2303 3825; x_wconf 81' lang='grc' dir='ltr'>είκὸς</span> <span class='ocrx_word' id='word_1_655' title='bbox 2335 3761 2574 3815; x_wconf 79' lang='grc' dir='ltr'>ἑαυτῶν·</span> <span class='ocrx_word' id='word_1_656' title='bbox 2619 3763 2711 3816; x_wconf 74' lang='grc' dir='ltr'><strong>καὶ</strong></span> <span class='ocrx_word' id='word_1_657' title='bbox 2744 3763 2944 3827; x_wconf 88' lang='grc' dir='ltr'>πάντες</span> <span class='ocrx_word' id='word_1_658' title='bbox 2973 3764 3022 3816; x_wconf 83' lang='grc' dir='ltr'>οἱ</span> <span class='ocrx_word' id='word_1_659' title='bbox 3058 3763 3148 3815; x_wconf 82' lang='grc' dir='ltr'>ὲπί</span> <span class='ocrx_word' id='word_1_660' title='bbox 3183 3780 3286 3816; x_wconf 90' lang='grc' dir='ltr'>τινι</span> <span class='ocrx_word' id='word_1_661' title='bbox 3328 3762 3558 3832; x_wconf 75' lang='grc' dir='ltr'>δυνάμει</span> <span class='ocrx_word' id='word_1_662' title='bbox 3593 3763 3729 3830; x_wconf 83' lang='grc' dir='ltr'>μέγα</span> 
     </span>
    </p>
   </div>
   <div class='ocr_carea' id='block_1_94' title="bbox 2159 3851 3731 3926">
    <p class='ocr_par' dir='ltr' id='par_1_94' title="bbox 2159 3851 3731 3926">
     <span class='ocr_line' id='line_1_94' title="bbox 2159 3851 3731 3926; baseline -0.003 -19"><span class='ocrx_word' id='word_1_663' title='bbox 2159 3853 2481 3924; x_wconf 79' lang='grc' dir='ltr'>φρονοῦντες</span> <span class='ocrx_word' id='word_1_664' title='bbox 2526 3853 2864 3918; x_wconf 78' lang='grc' dir='ltr'>ὀλολύεουσιν</span> <span class='ocrx_word' id='word_1_665' title='bbox 2882 3896 2896 3918; x_wconf 97' lang='grc'><strong>,</strong></span> <span class='ocrx_word' id='word_1_666' title='bbox 2926 3852 3160 3926; x_wconf 89' lang='grc' dir='ltr'>ὀρῶντες</span> <span class='ocrx_word' id='word_1_667' title='bbox 3189 3853 3250 3906; x_wconf 81' lang='grc' dir='ltr'>τὸ</span> <span class='ocrx_word' id='word_1_668' title='bbox 3281 3854 3482 3907; x_wconf 73' lang='grc' dir='ltr'>οἰκεῖον</span> <span class='ocrx_word' id='word_1_669' title='bbox 3530 3851 3731 3919; x_wconf 70' lang='grc' dir='ltr'>πλῆθος</span> 
     </span>
    </p>
   </div>
   <div class='ocr_carea' id='block_1_95' title="bbox 2155 3942 3730 4016">
    <p class='ocr_par' dir='ltr' id='par_1_95' title="bbox 2155 3942 3730 4016">
     <span class='ocr_line' id='line_1_95' title="bbox 2155 3942 3730 4016; baseline 0.001 -20"><span class='ocrx_word' id='word_1_670' title='bbox 2155 3945 2354 3998; x_wconf 75' lang='grc' dir='ltr'>ὡσανεὶ</span> <span class='ocrx_word' id='word_1_671' title='bbox 2390 3943 2666 4015; x_wconf 88' lang='grc' dir='ltr'>σύμφυτον</span> <span class='ocrx_word' id='word_1_672' title='bbox 2693 3946 2896 4016; x_wconf 86' lang='grc' dir='ltr'>δρυμὸν</span> <span class='ocrx_word' id='word_1_673' title='bbox 2925 3945 3338 4016; x_wconf 72' lang='grc' dir='ltr'>ἀφανιζόμενον,</span> <span class='ocrx_word' id='word_1_674' title='bbox 3371 3944 3531 4013; x_wconf 81' lang='grc' dir='ltr'>δίκην</span> <span class='ocrx_word' id='word_1_675' title='bbox 3563 3942 3730 4012; x_wconf 65' lang='grc' dir='ltr'>πυρὸς</span> 
     </span>
    </p>
   </div>
   <div class='ocr_carea' id='block_1_96' title="bbox 2158 4035 3734 4108">
    <p class='ocr_par' dir='ltr' id='par_1_96' title="bbox 2158 4035 3734 4108">
     <span class='ocr_line' id='line_1_96' title="bbox 2158 4035 3734 4108; baseline -0.003 -19"><span class='ocrx_word' id='word_1_676' title='bbox 2158 4035 2553 4107; x_wconf 84' lang='grc' dir='ltr'>ὲπιπιπτούσης</span> <span class='ocrx_word' id='word_1_677' title='bbox 2608 4037 2790 4101; x_wconf 79' lang='grc' dir='ltr'>αὐτοῖς</span> <span class='ocrx_word' id='word_1_678' title='bbox 2831 4039 2932 4108; x_wconf 84' lang='grc' dir='ltr'>τῆς</span> <span class='ocrx_word' id='word_1_679' title='bbox 2975 4037 3125 4101; x_wconf 89' lang='grc' dir='ltr'>θείας</span> <span class='ocrx_word' id='word_1_680' title='bbox 3171 4037 3474 4108; x_wconf 83' lang='grc' dir='ltr'>τιμωρίας·</span> <span class='ocrx_word' id='word_1_681' title='bbox 3520 4036 3734 4087; x_wconf 79' lang='grc' dir='ltr'>ἔσονται</span> 
     </span>
    </p>
   </div>
   <div class='ocr_carea' id='block_1_97' title="bbox 2161 4126 3734 4200">
    <p class='ocr_par' dir='ltr' id='par_1_97' title="bbox 2161 4126 3734 4200">
     <span class='ocr_line' id='line_1_97' title="bbox 2161 4126 3734 4200; baseline -0.003 -20"><span class='ocrx_word' id='word_1_682' title='bbox 2161 4127 2258 4198; x_wconf 82' lang='grc' dir='ltr'>μὲν</span> <span class='ocrx_word' id='word_1_683' title='bbox 2286 4128 2394 4197; x_wconf 85' lang='grc' dir='ltr'><strong>γὰρ</strong></span> <span class='ocrx_word' id='word_1_684' title='bbox 2416 4130 2464 4181; x_wconf 84' lang='lat' dir='ltr'><strong>oi</strong></span> <span class='ocrx_word' id='word_1_685' title='bbox 2490 4127 2808 4199; x_wconf 79' lang='grc' dir='ltr'>ἐξάρχοντες</span> <span class='ocrx_word' id='word_1_686' title='bbox 2840 4129 2994 4200; x_wconf 77' lang='grc' dir='ltr'>ὑμῶν</span> <span class='ocrx_word' id='word_1_687' title='bbox 3023 4131 3080 4182; x_wconf 83' lang='grc' dir='ltr'>ὲν</span> <span class='ocrx_word' id='word_1_688' title='bbox 3106 4127 3347 4199; x_wconf 86' lang='grc' dir='ltr'>θρήνοις,</span> <span class='ocrx_word' id='word_1_689' title='bbox 3373 4126 3734 4180; x_wconf 74' lang='grc' dir='ltr'>ἀνθίστασθαι</span> 
     </span>
    </p>
   </div>
   <div class='ocr_carea' id='block_1_98' title="bbox 2157 4216 3735 4290">
    <p class='ocr_par' dir='ltr' id='par_1_98' title="bbox 2157 4216 3735 4290">
     <span class='ocr_line' id='line_1_98' title="bbox 2157 4216 3735 4290; baseline -0.004 -19"><span class='ocrx_word' id='word_1_690' title='bbox 2157 4218 2237 4272; x_wconf 77' lang='grc' dir='ltr'>ἔτι</span> <span class='ocrx_word' id='word_1_691' title='bbox 2261 4221 2372 4282; x_wconf 86' lang='grc' dir='ltr'>τοῖς</span> <span class='ocrx_word' id='word_1_692' title='bbox 2395 4220 2517 4289; x_wconf 68' lang='grc' dir='ltr'>ἐμοὶ</span> <span class='ocrx_word' id='word_1_693' title='bbox 2538 4220 2873 4290; x_wconf 82' lang='grc' dir='ltr'>προσήκουσι</span> <span class='ocrx_word' id='word_1_694' title='bbox 2895 4219 3219 4290; x_wconf 82' lang='grc' dir='ltr'>τολμῶντες,</span> <span class='ocrx_word' id='word_1_695' title='bbox 3251 4218 3489 4288; x_wconf 82' lang='grc' dir='ltr'>ὁρῶντες</span> <span class='ocrx_word' id='word_1_696' title='bbox 3514 4216 3735 4269; x_wconf 75' lang='grc' dir='ltr'>ἅπασαν</span> 
     </span>
    </p>
   </div>
   <div class='ocr_carea' id='block_1_99' title="bbox 2159 4305 3736 4379">
    <p class='ocr_par' dir='ltr' id='par_1_99' title="bbox 2159 4305 3736 4379">
     <span class='ocr_line' id='line_1_99' title="bbox 2159 4305 3736 4379; baseline -0.005 -17"><span class='ocrx_word' id='word_1_697' title='bbox 2159 4308 2338 4362; x_wconf 82' lang='grc' dir='ltr'>αὐτῶν</span> <span class='ocrx_word' id='word_1_698' title='bbox 2366 4307 2466 4379; x_wconf 83' lang='grc' dir='ltr'>τὴν</span> <span class='ocrx_word' id='word_1_699' title='bbox 2494 4309 2646 4378; x_wconf 78' lang='grc' dir='ltr'>ίσχὺν</span> <span class='ocrx_word' id='word_1_700' title='bbox 2674 4308 3078 4378; x_wconf 84' lang='grc' dir='ltr'>ἀπολλυμένην·</span> <span class='ocrx_word' id='word_1_701' title='bbox 3113 4307 3441 4378; x_wconf 80' lang='grc' dir='ltr'>θρηνήσονσι</span> <span class='ocrx_word' id='word_1_702' title='bbox 3470 4305 3528 4358; x_wconf 82' lang='grc' dir='ltr'>δὲ</span> <span class='ocrx_word' id='word_1_703' title='bbox 3559 4305 3660 4356; x_wconf 76' lang='grc' dir='ltr'><strong>καὶ</strong></span> <span class='ocrx_word' id='word_1_704' title='bbox 3688 4305 3736 4354; x_wconf 75' lang='grc' dir='ltr'>οἱ</span> 
     </span>
    </p>
   </div>
   <div class='ocr_carea' id='block_1_100' title="bbox 2159 4395 3736 4470">
    <p class='ocr_par' dir='ltr' id='par_1_100' title="bbox 2159 4395 3736 4470">
     <span class='ocr_line' id='line_1_100' title="bbox 2159 4395 3736 4470; baseline -0.005 -17"><span class='ocrx_word' id='word_1_705' title='bbox 2159 4399 2388 4453; x_wconf 85' lang='grc' dir='ltr'>λεόντων</span> <span class='ocrx_word' id='word_1_706' title='bbox 2424 4399 2579 4468; x_wconf 87' lang='grc' dir='ltr'>δίκην</span> <span class='ocrx_word' id='word_1_707' title='bbox 2615 4401 2680 4469; x_wconf 84' lang='grc' dir='ltr'>τῇ</span> <span class='ocrx_word' id='word_1_708' title='bbox 2725 4399 2901 4470; x_wconf 76' lang='grc' dir='ltr'>οἰκείᾳ</span> <span class='ocrx_word' id='word_1_709' title='bbox 2939 4398 3259 4460; x_wconf 88' lang='grc' dir='ltr'>πεποιθότες</span> <span class='ocrx_word' id='word_1_710' title='bbox 3293 4395 3470 4466; x_wconf 86' lang='grc' dir='ltr'>ίσχύῖ,</span> <span class='ocrx_word' id='word_1_711' title='bbox 3521 4396 3736 4455; x_wconf 83' lang='grc' dir='ltr'>πάντας</span> 
     </span>
    </p>
   </div>
   <div class='ocr_carea' id='block_1_101' title="bbox 2160 4488 3739 4564">
    <p class='ocr_par' dir='ltr' id='par_1_101' title="bbox 2160 4488 3739 4564">
     <span class='ocr_line' id='line_1_101' title="bbox 2160 4488 3739 4564; baseline -0.009 -16"><span class='ocrx_word' id='word_1_712' title='bbox 2160 4494 2392 4564; x_wconf 83' lang='grc' dir='ltr'>ὁρῶντες</span> <span class='ocrx_word' id='word_1_713' title='bbox 2423 4494 2480 4545; x_wconf 79' lang='grc' dir='ltr'>ὲν</span> <span class='ocrx_word' id='word_1_714' title='bbox 2520 4490 2913 4562; x_wconf 82' lang='grc' dir='ltr'>ταλαιπωρίαις</span> <span class='ocrx_word' id='word_1_715' title='bbox 2941 4490 3099 4552; x_wconf 74' lang='grc' dir='ltr'>ὄντας</span> <span class='ocrx_word' id='word_1_716' title='bbox 3129 4490 3254 4552; x_wconf 81' lang='grc' dir='ltr'>τοὺς</span> <span class='ocrx_word' id='word_1_717' title='bbox 3289 4488 3432 4557; x_wconf 87' lang='grc' dir='ltr'>μέγα</span> <span class='ocrx_word' id='word_1_718' title='bbox 3460 4502 3739 4554; x_wconf 71' lang='grc' dir='ltr'>πεφρονη-</span> 
     </span>
    </p>
   </div>
   <div class='ocr_carea' id='block_1_102' title="bbox 2159 4576 3737 4656">
    <p class='ocr_par' dir='ltr' id='par_1_102' title="bbox 2159 4576 3737 4656">
     <span class='ocr_line' id='line_1_102' title="bbox 2159 4576 3737 4656; baseline -0.003 -16"><span class='ocrx_word' id='word_1_719' title='bbox 2159 4587 2322 4650; x_wconf 83' lang='grc' dir='ltr'>κότας</span> <span class='ocrx_word' id='word_1_720' title='bbox 2353 4585 2495 4639; x_wconf 79' lang='grc' dir='ltr'>κατὰ</span> <span class='ocrx_word' id='word_1_721' title='bbox 2524 4585 2620 4638; x_wconf 79' lang='grc' dir='ltr'><strong>τοῦ</strong></span> <span class='ocrx_word' id='word_1_722' title='bbox 2675 4585 2957 4656; x_wconf 76' lang='grc' dir='ltr'>Ἰορδάνου.</span> <span class='ocrx_word' id='word_1_723' title='bbox 3008 4581 3221 4652; x_wconf 76' lang='grc' dir='ltr'>Ἐπειδὴ</span> <span class='ocrx_word' id='word_1_724' title='bbox 3266 4580 3376 4650; x_wconf 81' lang='grc' dir='ltr'><strong>γὰρ</strong></span> <span class='ocrx_word' id='word_1_725' title='bbox 3413 4579 3584 4649; x_wconf 81' lang='grc' dir='ltr'>μέρος</span> <span class='ocrx_word' id='word_1_726' title='bbox 3637 4576 3737 4643; x_wconf 80' lang='grc' dir='ltr'><strong>τῆς</strong></span> 
     </span>
    </p>
   </div>
   <div class='ocr_carea' id='block_1_103' title="bbox 2171 4669 3740 4749">
    <p class='ocr_par' dir='ltr' id='par_1_103' title="bbox 2171 4669 3740 4749">
     <span class='ocr_line' id='line_1_103' title="bbox 2171 4669 3740 4749; baseline -0.01 -17"><span class='ocrx_word' id='word_1_727' title='bbox 2171 4678 2424 4741; x_wconf 85' lang='grc' dir='ltr'>Ἰουδαίας</span> <span class='ocrx_word' id='word_1_728' title='bbox 2451 4673 2519 4749; x_wconf 77' lang='grc' dir='ltr'>ἦν</span> <span class='ocrx_word' id='word_1_729' title='bbox 2544 4679 2574 4729; x_wconf 88' lang='grc' dir='ltr'><strong>ὀ</strong></span> <span class='ocrx_word' id='word_1_730' title='bbox 2609 4677 2877 4748; x_wconf 86' lang='grc' dir='ltr'>Ἰορδάνης</span> <span class='ocrx_word' id='word_1_731' title='bbox 2905 4673 3166 4742; x_wconf 78' lang='grc' dir='ltr'>ποταμὸς.</span> <span class='ocrx_word' id='word_1_732' title='bbox 3191 4671 3298 4726; x_wconf 77' lang='grc' dir='ltr'>ἀπὸ</span> <span class='ocrx_word' id='word_1_733' title='bbox 3323 4671 3422 4740; x_wconf 80' lang='grc' dir='ltr'>τῆς</span> <span class='ocrx_word' id='word_1_734' title='bbox 3443 4669 3541 4721; x_wconf 81' lang='grc' dir='ltr'><strong>τού</strong></span> <span class='ocrx_word' id='word_1_735' title='bbox 3570 4684 3740 4720; x_wconf 80' lang='grc' dir='ltr'>ποτα-</span> 
     </span>
    </p>
   </div>
   <div class='ocr_carea' id='block_1_104' title="bbox 2164 4759 3744 4843">
    <p class='ocr_par' dir='ltr' id='par_1_104' title="bbox 2164 4759 3744 4843">
     <span class='ocr_line' id='line_1_104' title="bbox 2164 4759 3744 4843; baseline -0.011 -18"><span class='ocrx_word' id='word_1_736' title='bbox 2164 4771 2264 4843; x_wconf 76' lang='grc' dir='ltr'><strong>μοῦ</strong></span> <span class='ocrx_word' id='word_1_737' title='bbox 2295 4771 2508 4842; x_wconf 88' lang='grc' dir='ltr'>μνήμης</span> <span class='ocrx_word' id='word_1_738' title='bbox 2534 4769 2630 4840; x_wconf 81' lang='grc' dir='ltr'>τὴν</span> <span class='ocrx_word' id='word_1_739' title='bbox 2655 4766 2835 4839; x_wconf 82' lang='grc' dir='ltr'>χώραν</span> <span class='ocrx_word' id='word_1_740' title='bbox 2859 4766 2967 4818; x_wconf 89' lang='grc' dir='ltr'><strong>τῶν</strong></span> <span class='ocrx_word' id='word_1_741' title='bbox 3008 4762 3356 4834; x_wconf 87' lang='grc' dir='ltr'>Ἰσραηλιτῶν</span> <span class='ocrx_word' id='word_1_742' title='bbox 3377 4760 3692 4830; x_wconf 73' lang='grc' dir='ltr'>δεδήλωκεν</span> <span class='ocrx_word' id='word_1_743' title='bbox 3714 4759 3744 4808; x_wconf 84' lang='grc' dir='ltr'><strong>ὀ</strong></span> 
     </span>
    </p>
   </div>
   <div class='ocr_carea' id='block_1_105' title="bbox 2156 4850 3745 4933">
    <p class='ocr_par' dir='ltr' id='par_1_105' title="bbox 2156 4850 3745 4933">
     <span class='ocr_line' id='line_1_105' title="bbox 2156 4850 3745 4933; baseline -0.008 -19"><span class='ocrx_word' id='word_1_744' title='bbox 2156 4862 2476 4933; x_wconf 82' lang='grc' dir='ltr'>προφήτης·</span> <span class='ocrx_word' id='word_1_745' title='bbox 2517 4861 2599 4913; x_wconf 86' lang='grc' dir='ltr'>ὅτι</span> <span class='ocrx_word' id='word_1_746' title='bbox 2635 4876 2694 4911; x_wconf 90' lang='grc' dir='ltr'><strong>τε</strong></span> <span class='ocrx_word' id='word_1_747' title='bbox 2733 4859 2766 4929; x_wconf 85' lang='grc' dir='ltr'><strong>ή</strong></span> <span class='ocrx_word' id='word_1_748' title='bbox 2826 4855 3179 4927; x_wconf 82' lang='grc' dir='ltr'>Ἰερουσαλὴμ</span> <span class='ocrx_word' id='word_1_749' title='bbox 3221 4857 3300 4916; x_wconf 87' lang='grc' dir='ltr'><strong>είς</strong></span> <span class='ocrx_word' id='word_1_750' title='bbox 3346 4852 3446 4922; x_wconf 77' lang='grc' dir='ltr'>τὴν</span> <span class='ocrx_word' id='word_1_751' title='bbox 3494 4850 3745 4904; x_wconf 70' lang='grc' dir='ltr'>παλαιάν</span> 
     </span>
    </p>
   </div>
   <div class='ocr_carea' id='block_1_106' title="bbox 2156 4944 3746 5023">
    <p class='ocr_par' dir='ltr' id='par_1_106' title="bbox 2156 4944 3746 5023">
     <span class='ocr_line' id='line_1_106' title="bbox 2156 4944 3746 5023; baseline -0.014 -15"><span class='ocrx_word' id='word_1_752' title='bbox 2156 4952 2732 5023; x_wconf 84' lang='grc' dir='ltr'>ἀποκατασταθήσεται</span> <span class='ocrx_word' id='word_1_753' title='bbox 2757 4947 3082 5020; x_wconf 78' lang='grc' dir='ltr'>εὐπραγίαν,</span> <span class='ocrx_word' id='word_1_754' title='bbox 3112 4944 3469 5012; x_wconf 82' lang='grc' dir='ltr'>ἀποδοθείσης</span> <span class='ocrx_word' id='word_1_755' title='bbox 3504 4944 3614 5013; x_wconf 72' lang='grc' dir='ltr'>μὲν</span> <span class='ocrx_word' id='word_1_756' title='bbox 3645 4945 3746 5011; x_wconf 74' lang='grc' dir='ltr'><strong>τῆς</strong></span> 
     </span>
    </p>
   </div>
   <div class='ocr_carea' id='block_1_107' title="bbox 2155 5036 3748 5116">
    <p class='ocr_par' dir='ltr' id='par_1_107' title="bbox 2155 5036 3748 5116">
     <span class='ocr_line' id='line_1_107' title="bbox 2155 5036 3748 5116; baseline -0.009 -16"><span class='ocrx_word' id='word_1_757' title='bbox 2155 5065 2213 5100; x_wconf 92' lang='grc' dir='ltr'><strong>τε</strong></span> <span class='ocrx_word' id='word_1_758' title='bbox 2244 5044 2538 5116; x_wconf 79' lang='grc' dir='ltr'>ἱερωσύνης</span> <span class='ocrx_word' id='word_1_759' title='bbox 2562 5043 2654 5097; x_wconf 69' lang='grc' dir='ltr'><strong>καὶ</strong></span> <span class='ocrx_word' id='word_1_760' title='bbox 2685 5043 2784 5112; x_wconf 86' lang='grc' dir='ltr'>τῆς</span> <span class='ocrx_word' id='word_1_761' title='bbox 2824 5059 2882 5094; x_wconf 89' lang='grc' dir='ltr'><strong>τε</strong></span> <span class='ocrx_word' id='word_1_762' title='bbox 2911 5041 3184 5110; x_wconf 80' lang='grc' dir='ltr'>βασιλείας</span> <span class='ocrx_word' id='word_1_763' title='bbox 3212 5036 3290 5107; x_wconf 80' lang='grc' dir='ltr'><strong>τῷ</strong></span> <span class='ocrx_word' id='word_1_764' title='bbox 3324 5036 3489 5101; x_wconf 77' lang='grc' dir='ltr'>ἔθνει,</span> <span class='ocrx_word' id='word_1_765' title='bbox 3520 5039 3748 5088; x_wconf 74' lang='grc' dir='ltr'>ἐπισυν-</span> 
     </span>
    </p>
   </div>
   <div class='ocr_carea' id='block_1_108' title="bbox 2157 5130 3745 5208">
    <p class='ocr_par' dir='ltr' id='par_1_108' title="bbox 2157 5130 3745 5208">
     <span class='ocr_line' id='line_1_108' title="bbox 2157 5130 3745 5208; baseline -0.006 -17"><span class='ocrx_word' id='word_1_766' title='bbox 2157 5137 2410 5208; x_wconf 88' lang='grc' dir='ltr'>αχθέντος</span> <span class='ocrx_word' id='word_1_767' title='bbox 2432 5135 2489 5189; x_wconf 78' lang='grc' dir='ltr'>δὲ</span> <span class='ocrx_word' id='word_1_768' title='bbox 2520 5134 2616 5187; x_wconf 83' lang='grc' dir='ltr'>τοῦ</span> <span class='ocrx_word' id='word_1_769' title='bbox 2648 5133 2777 5187; x_wconf 77' lang='grc' dir='ltr'>λαοῦ</span> <span class='ocrx_word' id='word_1_770' title='bbox 2815 5131 3146 5202; x_wconf 87' lang='grc' dir='ltr'>πανταχόθεν</span> <span class='ocrx_word' id='word_1_771' title='bbox 3171 5147 3184 5161; x_wconf 85' lang='grc'><strong>·</strong></span> <span class='ocrx_word' id='word_1_772' title='bbox 3241 5130 3334 5182; x_wconf 76' lang='grc' dir='ltr'><strong>καὶ</strong></span> <span class='ocrx_word' id='word_1_773' title='bbox 3368 5130 3452 5181; x_wconf 85' lang='grc' dir='ltr'>ὃτι</span> <span class='ocrx_word' id='word_1_774' title='bbox 3477 5130 3745 5198; x_wconf 84' lang='grc' dir='ltr'>τιμωρή-</span> 
     </span>
    </p>
   </div>
   <div class='ocr_carea' id='block_1_109' title="bbox 2159 5222 3748 5300">
    <p class='ocr_par' dir='ltr' id='par_1_109' title="bbox 2159 5222 3748 5300">
     <span class='ocr_line' id='line_1_109' title="bbox 2159 5222 3748 5300; baseline -0.006 -19"><span class='ocrx_word' id='word_1_775' title='bbox 2159 5246 2310 5283; x_wconf 88' lang='grc' dir='ltr'>σεται</span> <span class='ocrx_word' id='word_1_776' title='bbox 2343 5229 2440 5300; x_wconf 71' lang='grc' dir='ltr'>μὲν</span> <span class='ocrx_word' id='word_1_777' title='bbox 2468 5228 2646 5283; x_wconf 80' lang='grc' dir='ltr'>αὐτῶν</span> <span class='ocrx_word' id='word_1_778' title='bbox 2682 5229 2806 5290; x_wconf 76' lang='grc' dir='ltr'>τοὺς</span> <span class='ocrx_word' id='word_1_779' title='bbox 2837 5227 3059 5297; x_wconf 81' lang='grc' dir='ltr'>ἐχθροὺς</span> <span class='ocrx_word' id='word_1_780' title='bbox 3085 5227 3115 5278; x_wconf 91' lang='grc' dir='ltr'><strong>ὀ</strong></span> <span class='ocrx_word' id='word_1_781' title='bbox 3147 5223 3302 5286; x_wconf 78' lang='grc' dir='ltr'>Θεὸς,</span> <span class='ocrx_word' id='word_1_782' title='bbox 3335 5225 3392 5275; x_wconf 82' lang='grc' dir='ltr'><strong>ὲν</strong></span> <span class='ocrx_word' id='word_1_783' title='bbox 3420 5222 3663 5288; x_wconf 84' lang='grc' dir='ltr'>ἀγαθῶν</span> <span class='ocrx_word' id='word_1_784' title='bbox 3691 5222 3748 5272; x_wconf 75' lang='grc' dir='ltr'>δὲ</span> 
     </span>
    </p>
   </div>
   <div class='ocr_carea' id='block_1_110' title="bbox 2157 5314 3751 5390">
    <p class='ocr_par' dir='ltr' id='par_1_110' title="bbox 2157 5314 3751 5390">
     <span class='ocr_line' id='line_1_110' title="bbox 2157 5314 3751 5390; baseline -0.005 -16"><span class='ocrx_word' id='word_1_785' title='bbox 2157 5321 2422 5375; x_wconf 90' lang='grc' dir='ltr'>πλείστων</span> <span class='ocrx_word' id='word_1_786' title='bbox 2467 5320 2695 5390; x_wconf 75' lang='grc' dir='ltr'>ἀφθονίᾳ</span> <span class='ocrx_word' id='word_1_787' title='bbox 2740 5319 3069 5388; x_wconf 83' lang='grc' dir='ltr'>καταστήσει</span> <span class='ocrx_word' id='word_1_788' title='bbox 3113 5315 3360 5378; x_wconf 85' lang='grc' dir='ltr'>τούτους.</span> <span class='ocrx_word' id='word_1_789' title='bbox 3425 5314 3600 5366; x_wconf 78' lang='grc' dir='ltr'><strong>Ἀλλά</strong></span> <span class='ocrx_word' id='word_1_790' title='bbox 3655 5316 3751 5368; x_wconf 63' lang='grc' dir='ltr'><strong>καὶ</strong></span> 
     </span>
    </p>
   </div>
   <div class='ocr_carea' id='block_1_111' title="bbox 2155 5404 3752 5481">
    <p class='ocr_par' dir='ltr' id='par_1_111' title="bbox 2155 5404 3752 5481">
     <span class='ocr_line' id='line_1_111' title="bbox 2155 5404 3752 5481; baseline -0.007 -16"><span class='ocrx_word' id='word_1_791' title='bbox 2155 5413 2237 5465; x_wconf 87' lang='grc' dir='ltr'>ὄτι</span> <span class='ocrx_word' id='word_1_792' title='bbox 2274 5411 2352 5481; x_wconf 83' lang='grc' dir='ltr'>τῷ</span> <span class='ocrx_word' id='word_1_793' title='bbox 2393 5409 2694 5481; x_wconf 87' lang='grc' dir='ltr'>Ζοροϐάϐελ</span> <span class='ocrx_word' id='word_1_794' title='bbox 2737 5409 2870 5480; x_wconf 74' lang='grc' dir='ltr'>πρὸς</span> <span class='ocrx_word' id='word_1_795' title='bbox 2905 5408 3005 5478; x_wconf 84' lang='grc' dir='ltr'>τὴν</span> <span class='ocrx_word' id='word_1_796' title='bbox 3049 5406 3324 5476; x_wconf 84' lang='grc' dir='ltr'>βασιλείαν</span> <span class='ocrx_word' id='word_1_797' title='bbox 3365 5404 3752 5473; x_wconf 76' lang='grc' dir='ltr'>ἐξειλεγμένῳ</span> 
     </span>
    </p>
   </div>
   <div class='ocr_carea' id='block_1_112' title="bbox 2159 5490 3753 5570">
    <p class='ocr_par' dir='ltr' id='par_1_112' title="bbox 2159 5490 3753 5570">
     <span class='ocr_line' id='line_1_112' title="bbox 2159 5490 3753 5570; baseline -0.006 -16"><span class='ocrx_word' id='word_1_798' title='bbox 2159 5501 2414 5570; x_wconf 86' lang='grc' dir='ltr'>πλείστην</span> <span class='ocrx_word' id='word_1_799' title='bbox 2449 5499 2574 5554; x_wconf 79' lang='grc' dir='ltr'>τινὰ</span> <span class='ocrx_word' id='word_1_800' title='bbox 2621 5499 2844 5570; x_wconf 77' lang='grc' dir='ltr'>παρέξει</span> <span class='ocrx_word' id='word_1_801' title='bbox 2877 5500 2974 5569; x_wconf 76' lang='grc' dir='ltr'>τὴν</span> <span class='ocrx_word' id='word_1_802' title='bbox 3023 5497 3222 5569; x_wconf 81' lang='grc' dir='ltr'>ῥοπὴν,</span> <span class='ocrx_word' id='word_1_803' title='bbox 3272 5496 3364 5565; x_wconf 85' lang='grc' dir='ltr'><strong>ἀφ’</strong></span> <span class='ocrx_word' id='word_1_804' title='bbox 3403 5490 3470 5566; x_wconf 76' lang='grc' dir='ltr'>ἧς</span> <span class='ocrx_word' id='word_1_805' title='bbox 3521 5497 3753 5567; x_wconf 74' lang='grc' dir='ltr'>ἰσχυροὶ</span> 
     </span>
    </p>
   </div>
   <div class='ocr_carea' id='block_1_113' title="bbox 2164 5586 3754 5663">
    <p class='ocr_par' dir='ltr' id='par_1_113' title="bbox 2164 5586 3754 5663">
     <span class='ocr_line' id='line_1_113' title="bbox 2164 5586 3754 5663; baseline -0.004 -18"><span class='ocrx_word' id='word_1_806' title='bbox 2164 5592 2262 5663; x_wconf 76' lang='grc' dir='ltr'>μὲν</span> <span class='ocrx_word' id='word_1_807' title='bbox 2312 5591 2522 5645; x_wconf 84' lang='grc' dir='ltr'>έσονται</span> <span class='ocrx_word' id='word_1_808' title='bbox 2556 5589 2696 5644; x_wconf 85' lang='grc' dir='ltr'>κατά</span> <span class='ocrx_word' id='word_1_809' title='bbox 2722 5590 2830 5643; x_wconf 89' lang='grc' dir='ltr'><strong>τῶν</strong></span> <span class='ocrx_word' id='word_1_810' title='bbox 2870 5588 3156 5652; x_wconf 74' lang='grc' dir='ltr'>ἐναντίων,</span> <span class='ocrx_word' id='word_1_811' title='bbox 3193 5589 3666 5657; x_wconf 81' lang='grc' dir='ltr'>περιγενήσονται</span> <span class='ocrx_word' id='word_1_812' title='bbox 3699 5586 3754 5638; x_wconf 69' lang='grc' dir='ltr'>δὲ</span> 
     </span>
    </p>
   </div>
   <div class='ocr_carea' id='block_1_114' title="bbox 485 5680 3754 5759">
    <p class='ocr_par' dir='ltr' id='par_1_114' title="bbox 485 5680 3754 5759">
     <span class='ocr_line' id='line_1_114' title="bbox 485 5680 3754 5759; baseline -0.002 -17"><span class='ocrx_word' id='word_1_813' title='bbox 485 5690 581 5742; x_wconf 71' lang='grc' dir='ltr'><strong>καὶ</strong></span> <span class='ocrx_word' id='word_1_814' title='bbox 615 5688 726 5744; x_wconf 86' lang='grc' dir='ltr'><strong>τῶν</strong></span> <span class='ocrx_word' id='word_1_815' title='bbox 773 5691 901 5759; x_wconf 70' lang='grc' dir='ltr'>περὶ</span> <span class='ocrx_word' id='word_1_816' title='bbox 950 5687 1042 5740; x_wconf 74' lang='grc' dir='ltr'>τὸν</span> <span class='ocrx_word' id='word_1_817' title='bbox 1094 5686 1218 5754; x_wconf 83' lang='grc' dir='ltr'>Γὼγ</span> <span class='ocrx_word' id='word_1_818' title='bbox 1266 5684 1654 5757; x_wconf 81' lang='grc' dir='ltr'>ἀναριθμήτων</span> <span class='ocrx_word' id='word_1_819' title='bbox 1691 5703 1750 5739; x_wconf 84' lang='grc' dir='ltr'><strong>τε</strong></span> <span class='ocrx_word' id='word_1_820' title='bbox 1793 5685 1959 5740; x_wconf 68' lang='grc' dir='ltr'>όντων</span> <span class='ocrx_word' id='word_1_821' title='bbox 2005 5689 2097 5740; x_wconf 79' lang='grc' dir='ltr'><strong>καὶ</strong></span> <span class='ocrx_word' id='word_1_822' title='bbox 2141 5687 2546 5758; x_wconf 86' lang='grc' dir='ltr'>ἀμαχωτάτων·</span> <span class='ocrx_word' id='word_1_823' title='bbox 2579 5685 2675 5739; x_wconf 77' lang='grc' dir='ltr'><strong>καὶ</strong></span> <span class='ocrx_word' id='word_1_824' title='bbox 2706 5684 2980 5754; x_wconf 85' lang='grc' dir='ltr'>συντόμως</span> <span class='ocrx_word' id='word_1_825' title='bbox 3012 5684 3186 5739; x_wconf 81' lang='grc' dir='ltr'>εἰπεῖν</span> <span class='ocrx_word' id='word_1_826' title='bbox 3221 5680 3311 5736; x_wconf 76' lang='grc' dir='ltr'>διὰ</span> <span class='ocrx_word' id='word_1_827' title='bbox 3353 5680 3588 5736; x_wconf 78' lang='grc' dir='ltr'>πάντων</span> <span class='ocrx_word' id='word_1_828' title='bbox 3641 5680 3754 5746; x_wconf 62' lang='grc' dir='ltr'><strong>τὲ»</strong></span> 
     </span>
    </p>
   </div>
   <div class='ocr_carea' id='block_1_115' title="bbox 490 5774 3093 5850">
    <p class='ocr_par' dir='ltr' id='par_1_115' title="bbox 490 5774 3093 5850">
     <span class='ocr_line' id='line_1_115' title="bbox 490 5774 3093 5850; baseline -0.002 -18"><span class='ocrx_word' id='word_1_829' title='bbox 490 5780 905 5850; x_wconf 70' lang='grc' dir='ltr'>προῤῥηοὲντων</span> <span class='ocrx_word' id='word_1_830' title='bbox 936 5777 1229 5850; x_wconf 77' lang='grc' dir='ltr'>ἐγνώρισεν</span> <span class='ocrx_word' id='word_1_831' title='bbox 1259 5777 1465 5849; x_wconf 79' lang='grc' dir='ltr'>ὁπόσην</span> <span class='ocrx_word' id='word_1_832' title='bbox 1501 5779 1593 5831; x_wconf 73' lang='grc' dir='ltr'><strong>ἐπὶ</strong></span> <span class='ocrx_word' id='word_1_833' title='bbox 1619 5777 1680 5830; x_wconf 73' lang='grc' dir='ltr'><strong>τὸ</strong></span> <span class='ocrx_word' id='word_1_834' title='bbox 1717 5781 1960 5849; x_wconf 83' lang='grc' dir='ltr'>κρεῖττον</span> <span class='ocrx_word' id='word_1_835' title='bbox 1989 5779 2053 5832; x_wconf 63' lang='grc' dir='ltr'>τι</span> <span class='ocrx_word' id='word_1_836' title='bbox 2087 5781 2205 5833; x_wconf 83' lang='grc' dir='ltr'>κατ’</span> <span class='ocrx_word' id='word_1_837' title='bbox 2237 5781 2432 5842; x_wconf 75' lang='grc' dir='ltr'>αύτούς</span> <span class='ocrx_word' id='word_1_838' title='bbox 2458 5777 2686 5846; x_wconf 73' lang='grc' dir='ltr'>λήψεται</span> <span class='ocrx_word' id='word_1_839' title='bbox 2712 5776 2807 5847; x_wconf 73' lang='grc' dir='ltr'>τὴν</span> <span class='ocrx_word' id='word_1_840' title='bbox 2838 5774 3093 5828; x_wconf 72' lang='grc' dir='ltr'>ἐπίδοσιν.</span> 
     </span>
    </p>
   </div>
  </div>
