3824 6512
121 366 202 421 530

1007 358 1553 417 COMMENTARIUS
1579 359 1648 414 ΙΝ
1686 358 2055 415 ΖΑΩΠΔΒΙΕ
2093 356 2247 413 CAP.
2294 356 2381 410 XI.

3185 349 3290 406 570

181 479 371 550 Ἐπειδὴ
397 478 452 532 δὲ
494 478 591 532 οὐκ
632 474 693 531 εὖ
732 479 1029 549 ἐχρήσαντο
1065 481 1306 534 Ἰουδαῖοι
1339 482 1408 550 τῇ
1449 495 1509 533 τε
1541 480 1631 531 εύ-

1803 477 1909 533 Sed
1938 477 2067 547 quia
2107 473 2277 528 Judaei
2312 487 2420 525 non
2454 470 2590 524 bene
2619 468 2704 523 usi
2736 474 2866 522 sunt
2918 463 3173 521 felicitate
3227 477 3287 514 ac

118 573 291 643 πραγίᾳ
332 573 417 625 καὶ
458 574 521 639 τῇ
568 570 758 641 εἰρήνῃ
792 566 861 641 ἧς
891 571 981 623 ἐπὶ
1016 571 1263 624 πλεῖστον
1292 571 1627 631 ἀπέλαυσαν,

118 663 307 731 tp.508)
354 660 767 731 μεταϐαλόμενοι
796 678 854 713 τε
901 660 1147 713 ἐντεῦθεν
1175 661 1311 731 πρὸς
1356 661 1418 713 τὸ
1454 662 1630 730 χεῖρον

117 749 396 812 ἐξώκειλαν,
447 748 579 816 πρὸς
619 748 926 801 τούναντίον
972 750 1067 818 μὲν
1114 750 1292 812 αὐτοῖς
1334 748 1632 819 ἐκϐέϐηκεν

117 842 292 893 ᾶπαντα
316 855 327 867 ·
373 838 543 908 πολλὴ
575 838 633 891 δέ
663 855 747 901 τις
780 840 1018 908 ἀκοσμία
1051 841 1143 892 καὶ
1174 838 1429 908 σύγχυσις
1456 840 1631 892 αὐτῶν

117 927 361 994 κατείληφε
380 927 438 978 τὸ
459 925 624 989 ἔθνος,
650 926 744 980 ἆτε
773 928 879 980 τῶν
899 928 1076 997 νόμων
1101 928 1480 996 ἀμελουμένων
1505 928 1632 998 παρ’

117 1019 263 1080 αὐτοῖς
290 1017 387 1070 τῶν
416 1017 571 1070 θείων
590 1034 603 1049 ο
634 1017 762 1071 ἔνιοι
790 1020 899 1089 γὰρ
927 1020 1034 1071 τῶν
1064 1019 1463 1089 ὑποδεεστέρων
1496 1021 1635 1091 πρὸς

118 1112 213 1171 τοὺς
230 1109 499 1179 ἀρχιερέας
521 1109 611 1161 καὶ
635 1110 967 1180 ἡγουμένους
986 1109 1077 1162 τοῦ
1098 1109 1226 1162 λαοῦ
1256 1110 1472 1172 παντὸς,
1499 1112 1635 1182 μετά

118 1198 281 1266 πολλῆς
321 1215 375 1250 τε
406 1198 683 1261 διέποντας
729 1199 888 1251 αὑτὸν
938 1200 1035 1267 τῆς
1068 1199 1387 1268 ἀκριϐείας,
1438 1202 1501 1253 ὲκ
1542 1200 1636 1253 τοῦ

119 1294 224 1357 πρὸς
246 1289 299 1341 τὸ
337 1290 511 1359 χεῖρον
552 1290 761 1359 ῥέπειν,
793 1290 945 1343 αὐτοὶ
989 1290 1338 1361 διηνέχθησαν
1367 1292 1441 1355 ὡς
1470 1292 1633 1357 είκὸς,

120 1378 188 1429 καὶ
216 1377 363 1447 μηδὲν
389 1380 508 1431 κατ’
540 1380 719 1435 αὐτῶν
766 1382 1100 1451 ἰσχύσαντες,
1149 1384 1237 1437 διὰ
1261 1386 1359 1454 τὴν
1383 1386 1529 1457 παρὰ
1559 1386 1638 1456 τῷ

117 1466 203 1535 λαῴ
226 1466 367 1529 δόξαν
392 1467 499 1520 τῶν
533 1468 757 1539 ἀνδρῶν,
802 1472 893 1523 ἐπὶ
920 1472 1044 1534 τοὺς
1072 1471 1321 1541 βασιλέας
1350 1473 1638 1542 ἐληλύθασι

116 1561 214 1619 τοὺς
252 1560 309 1608 ὲκ
351 1558 449 1626 τῆς
503 1559 876 1630 Μακεδονικῆς
919 1561 1163 1631 διαδοχῆς
1206 1563 1315 1615 τῶν
1351 1564 1492 1616 κατὰ
1540 1566 1639 1635 τὴν

118 1648 277 1713 Συρίαν
299 1648 628 1717 κρατοῦντας
656 1650 858 1722 μερῶν,
892 1654 983 1704 καὶ
1011 1652 1423 1722 παρεσκεύασαν
1460 1655 1556 1724 μὲν
1581 1657 1640 1708 ὲν

118 1740 335 1803 κινδύνοις
363 1741 486 1805 τοὺς
522 1742 860 1811 ἡγουμένους
903 1744 1081 1797 αὐτῶν
1113 1744 1400 1812 γενέσθαι,
1445 1746 1641 1816 ἄνδρας

118 1831 318 1901 νομίμως
346 1849 401 1884 τε
436 1832 812 1903 ίερατεύοντας
845 1836 937 1887 καὶ
959 1835 1192 1904 δοκίμως
1214 1851 1226 1863 ·
1272 1836 1557 1905 μεθίστατο
1583 1835 1639 1888 δὲ

119 1925 167 1973 τὲ
188 1922 681 1995 τῆςάρχιερωσύνης
708 1927 787 1987 είς
813 1924 1026 1996 ἐτέρους
1055 1926 1203 1996 παρὰ
1230 1927 1328 1995 τὴν
1355 1927 1462 1980 τῶν
1484 1926 1641 1981 θείων

118 2011 258 2077 νόμων
291 2010 618 2077 ἀκολουθίαν,
665 2014 805 2066 κατά
834 2015 895 2067 τὸ
936 2018 1047 2079 τοῖς
1096 2015 1370 2084 βασιλεῦσι
1416 2017 1638 2069 δοκοῦν⁹

118 2101 154 2151 ci
180 2103 432 2171 μονονουχὶ
458 2103 767 2168 πωλοῦντες
799 2106 861 2158 τὸ
898 2105 1049 2170 ἔθνος
1076 2110 1188 2170 τοῖς
1222 2108 1519 2178 βασιλεῦσι,
1550 2108 1645 2161 καὶ

120 2194 367 2262 χρημάτων
405 2194 559 2265 παρά
592 2196 652 2249 τὸ
698 2197 813 2250 δέον
840 2197 937 2269 τὴν
978 2200 1308 2270 προστασίαν
1350 2201 1644 2268 ὠνούμενοι

120 2281 189 2332 τοῦ
225 2282 358 2344 λαοῦ,
405 2284 635 2339 πλείστα
672 2287 769 2355 μὲν
809 2288 909 2341 ὅσα
956 2289 1333 2360 διεπράττοντο
1363 2292 1539 2354 κακὰ,
1586 2293 1645 2345 ὲν

120 2374 314 2447 ἀκοσμίᾳ
342 2376 395 2429 δὲ
420 2377 514 2431 καὶ
545 2380 805 2450 συγχύσει
837 2381 1105 2434 καθίστων
1128 2382 1341 2436 ἅπαντα
1363 2384 1453 2437 τὸν
1482 2383 1608 2436 λαόν
1627 2400 1642 2416 ’

121 2464 191 2515 καὶ
216 2465 515 2519 κατελέλυτο
553 2468 655 2536 μὲν
681 2467 933 2532 καθάπαξ
964 2471 997 2539 ἠ
1029 2470 1135 2521 τῶν
1166 2470 1345 2541 νόμων
1370 2470 1645 2539 ἀκρίϐεια,

122 2554 418 2623 ἁντεισήγετο
443 2554 498 2607 δὲ
528 2555 729 2619 ἀταξία
756 2572 815 2609 τε
840 2558 933 2609 καὶ
959 2558 1019 2610 τὸ
1050 2559 1181 2627 πρὸς
1209 2560 1514 2612 τούναντίον
1534 2563 1646 2623 τοῖς

123 2644 250 2741 θείοις
293 2646 464 2716 νόμοις
508 2648 729 2701 ἅπαντα
774 2648 1055 2717 γίγνεσθαι
1083 2666 1095 2678 ’
1152 2650 1291 2721 ὑπὲρ
1334 2650 1398 2721 δὴ
1446 2649 1648 2703 τούτων

123 2733 327 2786 ἁπάντων
360 2737 574 2806 μυρίοις
606 2738 705 2807 μὲν
736 2739 879 2802 ὅσοις
912 2739 1345 2811 περιεϐλήθησαν
1393 2743 1505 2803 τοῖς
1532 2729 1648 2793 ’κα-

125 2827 214 2887 κοῖς
241 2826 488 2879 Ἰουδαῖοι·
517 2828 633 2881 τῶν
656 2829 1032 2884 Μακκαϐαίων
1057 2830 1111 2882 δὲ
1141 2831 1205 2884 ὲκ
1234 2830 1327 2883 τοῦ
1361 2830 1435 2900 μὴ
1463 2831 1649 2900 φέρειν

124 2912 197 2983 τὴν
225 2918 335 2985 περὶ
366 2918 431 2970 τὰ
477 2918 605 2973 θεῖα
643 2919 1040 2989 πλημμέλειαν,
1072 2922 1204 2991 μηδὲ
1237 2922 1459 2974 ἀνεκτὸν
1498 2923 1651 2991 ἡγεῖ-

128 3004 223 3057 σθαι
244 3008 534 3076 ἡσυχάζειν,
589 3008 668 3080 (p.
696 3010 819 3079 509)
863 3011 1004 3064 οὕτω
1037 3012 1135 3080 μὲν
1164 3012 1650 3083 παραϐαινομένων

1731 585 1864 639 pace
1895 583 2000 638 qua
2029 567 2121 621 diu
2161 566 2308 619 fruiti
2340 570 2518 624 erant,
2548 569 2601 616 et
2627 560 2750 614 inde
2779 558 2963 611 animo
2993 562 3203 609 mutato
3223 551 3309 605 ad,

1731 660 1920 713 vitium
1952 658 2302 719 deﬂexerant,
2334 654 2389 707 in
2421 652 2752 706 contrarium
2773 649 2854 704 eis
2887 658 3080 701 cuncta
3108 658 3293 698 cesse.

1732 759 1888 817 runt;
1950 751 2225 818 multaque
2282 745 2617 815 perturbatio
2666 751 2720 796 et
2769 739 3023 806 confusio
3076 743 3290 805 gentem

1732 843 1974 910 ipsorum
2012 839 2329 908 occupavit,
2381 835 2582 889 divinis
2614 832 2869 885 nimirum
2914 829 3125 899 legibus
3148 829 3291 895 apud

1732 948 1827 987 eos
1855 933 2125 1003 neglectis
2172 927 2430 982 Nonnulli
2459 926 2604 979 enim
2630 921 2937 975 humilioris
2962 919 3292 973 conditionis

1736 1024 2006 1084 homines,
2069 1021 2333 1075 adversus
2390 1014 2673 1087 pontiﬁces
2715 1018 2769 1065 et
2809 1011 2991 1079 populi
3051 1006 3293 1062 universi

1735 1116 1924 1175 duces,
1973 1128 2133 1182 quem
2169 1111 2316 1165 omni
2347 1124 2470 1164 cum
2511 1106 2791 1175 diligentia
2821 1101 3293 1159 administrabant,

1736 1212 1957 1275 propter
2001 1219 2153 1257 suam
2198 1216 2418 1271 pravam
2454 1197 2646 1269 agendi
2682 1196 2947 1249 rationem
2978 1190 3296 1245 inimicitias

1736 1303 2115 1364 susceperunt,
2151 1304 2207 1348 ut
2245 1308 2474 1363 pronum
2512 1290 2657 1344 factu
2686 1297 2836 1354 erat;
2904 1285 3103 1354 quibus
3170 1295 3299 1334 cum

1737 1386 2027 1455 praevalere
2078 1400 2185 1437 non
2228 1389 2470 1452 possent,
2529 1385 2749 1446 propter
2777 1375 3020 1427 virorum
3081 1370 3301 1422 illorum

1737 1475 1876 1545 apud
1919 1475 2175 1544 populum
2217 1472 2581 1540 majestatem,
2619 1468 2685 1521 ad
2718 1481 2870 1533 reges
2897 1461 3120 1533 profecti
3152 1467 3302 1519 sunt,

1737 1568 1827 1637 qui
1877 1582 1943 1620 ex
1992 1564 2335 1618 Macedonica
2390 1559 2743 1616 successione
2792 1554 2963 1625 Syria:
3010 1551 3305 1621 provinciis

1737 1655 2117 1722 imperabant;
2190 1660 2244 1706 et
2309 1650 2548 1720 pericula
2600 1645 2906 1701 conﬂarunt
2961 1640 3306 1712 principibus

1738 1746 1874 1806 suis,
1899 1744 1992 1813 qui
2026 1742 2194 1811 probe
2225 1740 2572 1809 legitimeque
2614 1734 2976 1791 sacerdotium
3007 1730 3305 1800 gerebant;

1671 1809 1714 1867 Β
1743 1837 1815 1889 ita
1844 1809 2277 1910 ut'pontilicatns
2331 1829 2397 1883 ad
2434 1829 2571 1882 alios
2618 1827 2866 1880 homines
2915 1821 3309 1877 transferretur

1746 1934 1938 1995 praeter
1964 1925 2136 1991 legum
2167 1923 2473 1975 divinarum
2494 1919 2761 1979 ordinem,
2790 1929 2889 1984 pro
2911 1928 3096 1982 regum
3131 1912 3308 1966 libito.

1744 2016 1822 2071 Illi
1875 2015 2123 2070 videlicet
2181 2021 2395 2083 gentem
2442 2025 2597 2066 suam
2649 2005 3039 2078 propemodum
3087 2003 3313 2073 regibus

1743 2108 2129 2168 vendiderunt,
2161 2113 2215 2159 et
2249 2103 2478 2173 pecunia
2512 2108 2706 2170 praeter
2740 2097 2823 2153 fas
2848 2103 3096 2151 emerunt
3126 2094 3312 2164 populi

1742 2196 2105 2261 dominatum,
2145 2205 2200 2250 et
2230 2194 2461 2265 plurima
2489 2191 2630 2245 mala
2661 2189 3004 2251 invexerunt,
3033 2186 3315 2256 populum-

1744 2305 1851 2358 que
1883 2288 2198 2343 universum
2243 2286 2299 2339 in
2342 2282 2809 2353 perturbationem
2847 2288 2901 2333 et
2929 2275 3312 2332 confusionem

1746 2380 2119 2448 coniecerunt.
2144 2377 2306 2449 342
2329 2375 2483 2429 Tunc
2508 2373 2730 2428 omnino
2749 2371 2912 2425 desiit
2932 2370 3105 2438 legum
3132 2367 3319 2420 obser-

1745 2470 1950 2532 vantia,
2006 2469 2278 2523 successit
2322 2473 2504 2519 autem
2538 2463 2820 2532 iniquitas,
2872 2470 2924 2515 et
2954 2468 3011 2512 ut
3041 2456 3317 2512 contraria

1747 2562 1956 2631 legibus
1981 2560 2183 2615 divinis
2214 2566 2415 2613 cuncta
2447 2556 2657 2611 tierent.
2708 2552 2827 2608 Jam
2861 2552 2930 2605 ob
2969 2551 3082 2604 haec
3110 2548 3316 2609 omnia,

1748 2648 2050 2704 innumeris
2109 2648 2267 2702 malis
2322 2644 2499 2700 Judaei
2554 2641 2793 2711 correpti
2862 2640 3103 2693 fuerunt.
3161 2633 3319 2687 Tunc

1750 2740 2043 2796 llachabaei
2088 2754 2197 2793 non
2244 2736 2479 2791 ferentes
2508 2735 2712 2788 illatam
2746 2730 2990 2802 religioni
3021 2727 3309 2784 olfensam.

1750 2847 1927 2901 neque
1978 2830 2083 2887 sibi
2126 2827 2515 2899 quiescendum
2564 2833 2818 2895 putantes
2866 2820 3070 2875 divinis
3108 2815 3321 2886 legibus

1750 2931 2034 2991 tantopere
2068 2919 2308 2981 violatis,
2361 2924 2622 2987 tantaque
2652 2916 2865 2969 invecta
2897 2927 2959 2965 ac
3002 2908 3323 2963 dominante

1753 3016 2049 3086 impietate,
2089 3013 2143 3067 in
2188 3028 2247 3068 se
2273 3012 2472 3066 bellum
2513 3009 2779 3064 adversus
2808 3001 3172 3060 Macedonicae
3197 3011 3324 3053 suc-

126 3094 208 3146 τῶν
232 3098 398 3198 νόμων
414 3100 603 3166 θείων,
625 3101 889 3173 τοσαύτης
915 3103 970 3155 δὲ
1004 3102 1257 3166 ἀσεϐείας
1281 3104 1651 3175 ἀντεισαχθεί-

1755 3106 2021 3162 cessionis
2051 3118 2206 3174 reges
2244 3110 2588 3170 receperunt,
2613 3107 2667 3154 et
2695 3097 2841 3152 haud
2871 3093 3028 3165 pauci
3065 3092 3132 3147 de
3162 3096 3325 3159 gente

130 3204 205 3256 σης
235 3206 284 3241 τε
322 3190 410 3243 καὶ
439 3192 881 3262 πολιτευομένης,
914 3194 971 3245 ὲν
1004 3194 1186 3256 αὐτοῖς
1229 3193 1321 3247 τὸν
1358 3194 1492 3263 πρὸς
1527 3196 1653 3258 τοὺς

129 3280 449 3352 Μακεδονικῆς
483 3284 741 3355 διαδοχῆς
778 3285 1030 3354 βασιλέας
1062 3286 1296 3356 πόλεμον
1327 3285 1656 3357 ἀναδεξαμέ-

130 3386 226 3423 νων.
249 3373 334 3426 οὐκ
356 3375 519 3441 ὀλίγοι
552 3376 699 3438 τινες
728 3375 835 3428 τῶν
873 3378 951 3438 είς
977 3376 1037 3429 τὸ
1065 3375 1212 3439 ἔθνος
1234 3376 1529 3429 τελούντων
1556 3376 1656 3448 τὴν

134 3461 307 3515 ἐκείνων
338 3464 678 3535 ζηλώσαντες
706 3465 930 3537 γνώμην
960 3466 1321 3536 ἐκοινώνησαν
1361 3466 1454 3521 τοῦ
1483 3471 1653 3539 προρο

135 3552 338 3620 ῥηθέντος
372 3558 607 3637 πολέμου
630 3574 644 3588 ’
682 3558 773 3611 καὶ
802 3558 986 3625 γέγονε
1024 3559 1119 3627 μὲν
1144 3559 1268 3628 περί
1298 3576 1356 3610 τε
1385 3558 1480 3629 τὴν
1508 3559 1659 3612 πόλιν

135 3644 205 3695 καὶ
225 3646 301 3698 τὸν
320 3649 437 3703 ναὸν
463 3650 559 3703 τοῦ
591 3649 748 3713 Θεοῦ,
778 3651 870 3703 καὶ
892 3652 999 3702 πᾶν
1027 3650 1090 3719 δὴ
1117 3651 1177 3702 τὸ
1203 3650 1349 3713 ἔθνος
1380 3652 1658 3721 συντόμως

135 3737 268 3789 εἰπεῖν
294 3740 449 3811 μυρία
472 3742 581 3793 ὅσα
612 3740 762 3811 παρά
781 3740 889 3793 τῶν
917 3740 1242 3811 Μακεδόνων
1274 3741 1439 3805 κακὰ,
1464 3740 1498 3794 ἃ
1523 3741 1657 3811 μηδὲ

138 3829 277 3897 ῥᾴδιον
304 3834 461 3885 εἰπεῖν
486 3850 499 3863 ’
560 3833 784 3897 ἐδέξατο
822 3833 878 3885 δὲ
905 3833 1074 3886 ταῦτα
1101 3832 1398 3902 διόρθωσιν,
1425 3834 1659 3900 ὁπηνίκα

136 3920 236 3983 θεὸς
270 3926 327 3992 τῇ
358 3924 545 3995 γνώμη
595 3925 701 3977 τῶν
734 3926 858 3994 περὶ
882 3925 972 3976 τὸν
1006 3922 1360 3977 Μακκαϐαἰον
1388 3923 1659 3995 ἀρεσθεὶς,

139 4012 360 4081 παρέσχεν
400 4017 589 4077 αὐτοῖς
640 4015 741 4084 τὴν
796 4016 1000 4067 οἰκείαν
1052 4014 1265 4083 ῥοπήν·
1327 4011 1466 4064 ὥστε
1511 4012 1664 4082 παρά

138 4102 280 4153 πᾶσαν
303 4103 479 4156 ἐλπίδα
509 4102 927 4174 κεκρατηκότας
966 4103 1204 4162 ἐκείνους
1238 4099 1347 4152 τῶν
1379 4098 1663 4168 βασιλέων,

138 4194 278 4245 καίτοι
332 4212 392 4263 γε
453 4194 860 4269 εὐαριθμήτους
911 4194 1073 4256 ὄντας
1128 4193 1221 4245 καὶ
1281 4191 1413 4263 πρὸς
1469 4190 1667 4260 πολλὴν

138 4282 321 4355 δύναμιν
344 4289 702 4358 μαχομένους,
734 4286 1023 4356 δυνηθῆναι
1052 4284 1150 4355 τὴν
1176 4282 1488 4353 πρέπουσαν
1512 4282 1670 4335 εὐκο-

144 4380 272 4446 σμίαν
291 4382 576 4434 ἀποδοῦναι
601 4380 678 4448 τῷ
708 4377 866 4430 έθνει.
886 4375 1317 4443 Ἀναγκαιότατα
1348 4373 1410 4443 δὴ
1436 4374 1529 4425 καὶ⁹
1551 4372 1672 4426 τού-

1754 3193 2081 3249 sententiam
2126 3205 2317 3246 eorum
2365 3188 2704 3248 aemulantes,
2766 3184 3080 3255 praedictum
3124 3179 3324 3235 bellum

1754 3285 2165 3357 participarunt.
2199 3280 2336 3335 Hinc
2366 3279 2486 3334 urbi
2507 3287 2559 3333 et
2581 3277 2677 3332 Dei
2708 3276 2999 3346 templo,et
3030 3271 3322 3332 universae,

1756 3384 1815 3431 ut
1842 3390 1949 3429 uno
1978 3374 2145 3428 verbo
2175 3372 2385 3436 dicam',
2416 3370 2563 3440 genti
2601 3368 2746 3422 mala
2780 3366 3063 3420 innumera
3091 3376 3121 3414 a
3153 3358 3328 3413 Mace-

1757 3469 1992 3524 donibus
2042 3467 2191 3519 illata
2242 3465 2483 3520 fuerunt.
2535 3474 2657 3530 qua:
2692 3458 2803 3513 dici
2830 3456 2991 3510 facile
3023 3456 3326 3521 nequeunt.

1761 3560 1866 3614 Sed
1892 3560 2037 3614 enim
2087 3557 2172 3611 bis
2205 3555 2507 3610 remedium
2542 3552 2736 3616 adluit,
2773 3564 2897 3604 cum
2936 3547 3076 3600 Deus
3109 3541 3329 3597 Macha-

1760 3650 2001 3704 baaorum
2048 3645 2329 3717 proposito
2363 3643 2687 3703 delectatus,
2727 3655 2885 3695 suum
2922 3636 3032 3692 illis
3083 3630 3332 3701 adjuuxit

1761 3742 2066 3805 auxilium;
2129 3739 2203 3792 ita
2257 3748 2313 3791 ut
2354 3744 2549 3805 praeter
2593 3748 2810 3787 omnem
2861 3744 3011 3800 spem
3062 3722 3335 3796 superatis

1762 3829 2003 3897 regibus,
2024 3840 2336 3897 quanquam
2360 3823 2519 3894 pauci
2541 3836 2771 3877 numero
2794 3820 3055 3874 adversus
3081 3828 3332 3882 magnum

1763 3920 2066 3976 exercitum
2114 3917 2480 3977 decertantes,
2540 3914 2822 3968 decentem
2854 3909 3099 3963 ordinem
3134 3902 3339 3973 popqu

1763 4012 2053 4067 restituere
2108 4007 2408 4078 potuerint.
2453 4004 2713 4075 Apprime
2762 3999 2928 4070 igitur
2969 3992 3338 4050 necessariam

1767 4118 1950 4158 rerum
1984 4101 2175 4154 barum
2208 4106 2401 4153 nactus
2433 4096 2694 4167 propheta
2735 4108 2762 4144 a
2794 4090 2975 4144 divina
3004 4083 3337 4139 revelatione

1778 4192 2165 4263 cognitionem,
2206 4187 2452 4260 pradicit
2486 4186 2684 4257 populo
2719 4181 2933 4247 futura;
2969 4179 3340 4246 scriptamque

1771 4284 1966 4339 borum
1977 4282 2042 4336 ad
2059 4276 2639 4351 posterostransmittit
2658 4272 2903 4328 notitiam
2920 4265 3343 4338 insequentibus

1773 4374 1848 4428 ita
1879 4374 2124 4441 loquens.
2157 4367 2247 4424 Sic
2277 4377 2459 4423 autem
2488 4364 2703 4433 incipit:

147 4486 222 4521 των
244 4470 325 4541 τὴν
347 4472 542 4539 γνῶσιν
566 4471 859 4540 δεξάμενος
882 4471 909 4521 ὁ
932 4468 1211 4536 προφήτης
1235 4465 1293 4529 ἐξ
1319 4464 1712 4533 ἀποκαλύψεως
1733 4464 1900 4527 θείας,
1929 4461 2120 4534 μηνύει
2143 4478 2203 4514 τε
2224 4458 2301 4531 τῷ
2323 4458 2437 4530 λαῷ
2455 4457 2525 4510 τὰ
2545 4456 2775 4525 ἐσόμενα
2794 4471 2807 4483 ’
2832 4453 2922 4507 καὶ
2949 4450 3221 4520 ἔγγραφον
3247 4448 3345 4499 αύ-

144 4560 223 4612 :th
244 4563 312 4626 είς
324 4565 440 4626 τοὺς
457 4564 589 4633 ἑξῆς
607 4562 966 4631 παραπέμπει
986 4557 1084 4628 τὴν
1108 4556 1304 4625 γνῶσιν
1329 4558 1385 4608 ἐν
1406 4558 1518 4618 τοῖς
1540 4556 1772 4625 καθεξῆς
1786 4558 1900 4617 τοῖς
1926 4553 2055 4623 περὶ
2078 4551 2281 4605 τούτων
2305 4549 2581 4622 χρώμενος
2593 4547 3059 4616 λόγοις.Ἀρχεται
3075 4543 3130 4595 δὲ
3150 4540 3338 4603 οὕτως·

194 4653 301 4725 Στίχ
346 4656 405 4717 δ’,
437 4663 497 4712 ε’.
533 4684 608 4695 -—-
639 4675 656 4706 ι
681 4655 819 4707 Τάδε
846 4653 991 4721 λέγει
1021 4651 1224 4723 Κύριος
1259 4652 1653 4721 παντοκράτωρ

1846 4646 2009 4703 Vens.
2044 4648 2101 4713 4,
2142 4648 2193 4702 5.
2219 4676 2290 4687 -—
2324 4645 2489 4699 (Haec
2531 4644 2605 4698 ait
2654 4641 2915 4697 Dominus
2957 4638 3303 4707 omnipotens
3327 4652 3346 4688 ι

145 4745 357 4814 Ποίμαινε
384 4749 451 4801 τὰ
480 4746 734 4819 πρόϐατα
760 4745 859 4815 τῆς
891 4744 1121 4814 σφαγῆς,
1151 4763 1169 4794 ι
1241 4743 1399 4805 Ἐθος
1449 4744 1514 4812 τῇ
1558 4741 1653 4795 θείς

1778 4741 1949 4796 Pasce
1992 4755 2121 4794 oves
2165 4737 2478 4793 occisionis.
2504 4754 2522 4786 ι
2558 4733 2673 4789 Mos
2707 4740 2790 4788 est
2816 4731 3014 4785 divina:
3050 4728 3346 4797 Scripturze

145 4836 295 4909 Γραφῇ
340 4839 602 4903 πολλάκις
648 4834 1033 4907 προστακτικῷ
1078 4834 1316 4904 σχήματι
1354 4831 1576 4901 μηνύειν
1618 4849 1653 4885 τι

1780 4848 1922 4902 saepe
1950 4830 2109 4884 modo
2133 4828 2454 4896 imperativo
2479 4827 2722 4880 futurum
2756 4822 3038 4878 denatare.
3065 4817 3229 4874 veluti
3262 4826 3347 4871 est

144 4908 321 4993 μέλλον,
350 4928 455 4983 οἷόν
478 4934 599 4983 ἐστι
626 4929 708 4991 τὸ,
745 4929 944 4996 «Χαῖρε
968 4925 1190 4995 σφόδρα,
1218 4924 1455 4993 θύγατερ
1483 4920 1647 4974 Σιών⁶

1777 4925 2192 4981 illudthaatare
2222 4922 2589 4985 vehementer,
2624 4918 2732 4973 lilia
2767 4915 2970 4970 Sionis.
3013 4927 3030 4959 ι
3052 4909 3214 4979 Atqui
3254 4908 3345 4960 la.»-

144 5020 287 5072 καίτοι
315 5039 374 5089 γε
398 5023 519 5076 οὐδὲ
555 5024 616 5075 ὲν
647 5021 976 5089 έπιτάγματι
1004 5021 1179 5072 κεῖται
1212 5016 1271 5071 τὸ
1295 5015 1526 5086 χαίρειν,
1557 5012 1680 5065 ἐπεὶ

147 5111 255 5179 μήτε
284 5116 559 5183 παρόντων
588 5112 699 5165 τῶν
726 5111 894 5181 ἡδέων
928 5110 1147 5163 δυνατὸν
1186 5109 1258 5178 μὴ
1287 5107 1520 5178 χαίρειν,
1556 5103 1678 5174 χαί-

146 5219 238 5270 ρειν
259 5222 311 5256 τε
337 5208 432 5258 οὐκ
457 5206 666 5259 ἔνεστιν
684 5204 931 5258 ἀπόντων
964 5202 1072 5253 τῶν
1105 5201 1273 5270 ἡδέων
1293 5216 1306 5229 ο
1342 5197 1475 5251 ἀλλά
1508 5195 1677 5266 μηνύ·

148 5311 219 5345 σαι
248 5295 531 5367 βουλομένη
581 5298 682 5366 τὴν
731 5291 1139 5365 προσεσομένην
1184 5291 1366 5352 αὐτοῖς
1398 5287 1588 5359 ἡδονὴν
1616 5289 1681 5340 ὲκ

146 5385 225 5453 τῆς
243 5388 326 5440 τοῦ
349 5388 652 5460 Ζοροϐάϐελ
678 5386 991 5458 ἡγεμονίας,
1027 5381 1439 5455 προστακτικῶς
1471 5379 1562 5431 τοῦ
1594 5378 1684 5431 λό-

146 5492 223 5540 γον
243 5482 519 5550 πεποίηται
542 5481 640 5552 τὴν
664 5480 860 5549 ἀρχήν.
898 5479 974 5546 (p.
1001 5474 1124 5540 510)
1162 5473 1270 5526 Καὶ
1298 5470 1433 5541 μετά
1458 5469 1677 5540 βραχέα·

152 5586 167 5613 ι
195 5570 381 5625 Αἰτεῖτε
409 5572 562 5641 παρά
589 5572 791 5641 Κυρίου
823 5568 975 5622 ὑετὸν
1000 5566 1119 5620 καθ’
1148 5562 1295 5635 ὥραν
1326 5562 1569 5634 πρώῖμον
1592 5561 1685 5614 καὶ

148 5660 344 5727 “know
383 5684 401 5716 ι
444 5665 606 5733 δὴλου
641 5664 736 5733 μὲν
768 5662 919 5725 ὄντος
964 5660 1038 5722 ὡς
1084 5658 1184 5711 οὐκ
1214 5655 1278 5710 ἄν
1310 5673 1392 5718 τις
1431 5657 1488 5706 ὲν
1532 5652 1692 5725 χρείᾳ

151 5747 213 5801 ὒν
256 5756 540 5825 παραλίποι
589 5753 650 5808 τὸ
694 5754 903 5815 αἰτεῖν,
944 5748 1100 5819 εἴπερ
1146 5740 1238 5800 οὖν
1284 5746 1365 5798 ὅτι
1408 5743 1688 5815 δοθήσεται

1781 5017 1901 5070 titia
1928 5014 2186 5085 imperari
2234 5014 2462 5083 nequit;
2510 5026 2636 5066 nam
2665 5023 2841 5078 neque
2873 5004 3043 5061 laetari
3078 5019 3187 5057 non
3217 5016 3347 5069 pos-

1786 5124 1976 5164 sumus
2026 5107 2072 5162 si
2111 5105 2355 5176 jucunda
2402 5104 2613 5170 adsint;
2672 5116 2849 5171 neque
2888 5096 3126 5152 vicissim
3179 5091 3349 5146 laetari

1788 5214 2079 5270 possumus
2140 5196 2185 5252 si
2239 5196 2423 5250 absint
2467 5195 2733 5266 jucunda.
2804 5191 3004 5245 Verum
3067 5185 3349 5253 Scriptura

1788 5290 2096 5357 signiﬁcare
2127 5287 2315 5341 volens
2345 5284 2589 5339 futurum
2617 5282 2982 5338 lsraelitarum
3005 5273 3261 5347 gaudium
3284 5286 3350 5325 ex

1789 5376 2139 5433 Zorobabelis
2190 5376 2515 5446 principatu,
2580 5371 2899 5443 imperative
2949 5367 3077 5421 facit
3132 5361 3348 5418 dicendi

1788 5470 2024 5523 initium.
2077 5466 2141 5519 Et
2168 5465 2329 5534 paulo
2352 5472 2499 5533 post:
2547 5482 2565 5513 ι
2598 5461 2772 5516 Petite
2799 5475 2829 5513 a
2862 5457 3089 5512 Domino
3114 5452 3349 5524 pluviam

1790 5558 2187 5630 tempestivam,
2213 5555 2535 5610 matutinam
2560 5560 2613 5607 et
2638 5552 2953 5608 serotinam.
2977 5566 2996 5600 ι
3036 5545 3199 5614 Atqui
3229 5555 3353 5610 per-

1796 5651 2045 5719 spicuum
2090 5658 2209 5704 erat
2261 5648 2375 5702 fore
2409 5655 2469 5700 ut
2504 5660 2661 5700 nemo
2701 5643 2880 5713 pluvia
2908 5638 3158 5706 indigens
3191 5631 3351 5704 3&3

1794 5742 2066 5813 postulare
2088 5740 2377 5804 omitteret,
2410 5738 2455 5792 si
2481 5748 2625 5793 certe
2649 5752 2706 5791 se
2728 5738 3139 5805 impetraturum
3164 5729 3349 5785 sciret.
