3934 6562
483 370 586 429 57!

1658 369 2011 433 TBEODORI
2051 375 2535 433 MOPSUESTENI

3631 377 3726 434 57?

488 487 596 546 Sed
622 498 801 548 tamen
827 492 1010 549 dicere
1041 493 1230 550 volens
1262 496 1483 565 copiose
1511 495 1617 551 illis
1645 512 1708 551 ac
1738 497 2055 567 tempestive

2164 495 2376 558 πάντως
2422 496 2587 566 εἰδείη
2612 513 2626 528 ⁸
2678 498 2795 550 ἀλλ’
2842 497 2992 567 ὅμως
3036 495 3355 567 βουλόμενος
3408 493 3588 545 εἰπεῖν
3629 493 3725 556 ται,

488 587 723 655 pluviam
746 587 911 642 Deum
936 604 1355 655 concessurum,
1393 592 1712 661 imperativo
1740 593 1900 645 modo
1928 606 2056 660 prae-

488 678 781 733 dictionem
813 677 980 732 futuri
1006 679 1154 733 facit.
1194 681 1394 736 Eadem
1421 682 1632 736 ratione
1652 695 1795 735 nunc
1816 696 2053 750 quoque,

485 780 744 825 eventura
775 772 973 840 populo
999 773 1136 825 mala
1174 774 1498 842 imperativo
1524 774 1682 827 modo
1705 772 2052 833 vaticinatur,

485 863 673 916 dicens
708 863 989 917 videlicet:
1016 863 1141 919 llaec
1168 880 1199 918 a
1228 880 1312 919 me
1345 866 1543 935 populo
1571 867 1838 926 evenient,
1865 880 2056 933 quem-

484 951 774 1005 admodum
826 969 999 1022 nuper
1051 954 1206 1019 dixi;
1261 965 1314 1009 et
1360 956 1526 1009 tantis
1572 955 1802 1024 populus
1846 953 2055 1009 fruetur

486 1042 667 1105 bonis,
723 1052 777 1097 et
829 1044 1167 1100 Hierusalem
1216 1048 1389 1114 copiis
1421 1047 1646 1112 dillluet,
1703 1058 1757 1102 et
1808 1048 2054 1102 hostibus

484 1136 799 1204 superiores
830 1138 1085 1199 evadent,
1113 1153 1175 1192 ex
1202 1140 1401 1207 quibus
1431 1141 1628 1195 multas
1658 1142 1759 1196 sibi
1801 1143 2051 1211 colligent

490 1243 643 1295 opes.
668 1226 1055 1282 Verumtamen
1078 1216 1204 1299 quia
1222 1246 1331 1284 non
1361 1240 1506 1286 recte
1532 1233 1790 1287 felicitate
1810 1242 2051 1299 utentur,

483 1328 537 1369 et
568 1317 633 1369 ad
670 1318 825 1386 pejus
861 1321 1208 1388 spectabunt,
1248 1321 1353 1374 sub
1386 1322 1700 1391 pastoribus
1731 1322 1899 1377 futuri
1927 1334 2055 1378 sunt

486 1408 706 1472 talibus,
744 1423 772 1461 a
806 1409 1009 1478 quibus
1040 1411 1223 1464 ovium
1267 1412 1441 1466 instar
1473 1413 1538 1465 ad
1573 1415 1770 1468 eaedem
1802 1422 2052 1483 agentur.

486 1498 659 1552 Sicuti
679 1510 763 1553 est
785 1500 924 1569 apud
944 1501 1159 1557 beatum
1186 1501 1439 1557 Davidem
1462 1522 1475 1557 :
1517 1523 1534 1554 ι
1556 1503 1832 1559 ΔΕειίηιιιιὶ
1867 1523 2055 1561 sumus

485 1592 628 1645 sicut
684 1607 816 1646 oves
865 1588 1451 1663 oceisionis'°;iquod
1497 1596 1564 1649 de
1619 1596 1808 1651 iisdem
1852 1596 2055 1653 Iudaeis

486 1684 692 1737 dictum
735 1684 856 1737 fuit.
906 1684 1189 1755 Signilicat
1237 1698 1415 1742 autem
1462 1689 1609 1743 nulla
1655 1705 1749 1744 eos
1796 1689 1889 1744 Dei
1924 1706 2055 1744 cura

485 1774 683 1844 dignos
712 1773 947 1839 futuros,
986 1777 1081 1831 sed
1106 1778 1285 1831 omnia
1314 1779 1453 1832 mala
1486 1796 1766 1848 passuros,
1799 1788 2053 1850 tanquam

485 1866 623 1920 czedi
653 1867 1033 1921 tantummodo
1062 1868 1329 1923 addictos.
1359 1869 1564 1939 Reique
1593 1874 1812 1925 modum
1842 1871 2049 1927 dicens:

483 1956 867 2024 «Quas(oves),
908 1956 1102 2025 inquit,
1141 1972 1489 2025 possessores
1519 1958 1603 2012 sui
1628 1959 1969 2027 jttgulabanl,
2001 1968 2057 2014 et

484 2060 595 2100 non
629 2061 723 2101 eos
770 2048 1438 2115 pmnitebatmludaaorum
1481 2050 1731 2104 videlicet
1770 2068 1924 2119 reges
1954 2052 2055 2106 do-

483 2137 641 2201 mini,
689 2138 832 2191 band
864 2146 1126 2209 tanquam
1168 2142 1244 2195 rei
1292 2156 1406 2195 suae
1441 2142 1759 2211 parcebant,
1825 2144 1917 2198 sed
1960 2160 2056 2200 eos

482 2229 643 2297 quasi
689 2229 873 2285 hostes
934 2231 1287 2287 inclementer
1341 2233 1757 2290 interﬁciebant.
1808 2236 1863 2289 ld
1913 2237 2054 2290 enim

483 2320 669 2374 valet:
713 2321 776 2375 Et
824 2338 933 2377 non
980 2326 1303 2393 pmnitebat.
1353 2324 1462 2379 «Et
1496 2327 1587 2397 qui
1624 2328 1929 2382 vendebant
1963 2345 2058 2384 eos

483 2412 772 2466 dicebant:
830 2413 1159 2472 Benedictus
1204 2416 1483 2484 Dominus,
1540 2420 1667 2488 quia
1694 2420 1891 2475 divites
1927 2419 2052 2474 facti

484 2516 697 2557 sumus.
722 2522 739 2555 ι
784 2502 886 2569 Qui
919 2504 1255 2560 tradiderant
1292 2509 1507 2576 regibus
1534 2517 1769 2577 gentem,
1800 2519 1853 2563 et
1890 2525 2056 2578 pecu-

484 2593 632 2645 niam
686 2592 1234 2663 inde‘conﬂaverant,
1291 2608 1500 2652 tantum
1541 2602 1766 2654 aberant
1807 2614 1865 2655 ut
1896 2602 2054 2655 talem

486 2691 801 2753 tantamque
840 2689 1125 2741 avaritiam
1167 2688 1271 2744 sibi
1327 2690 1637 2756 ignominiae
1695 2691 2053 2766 ascriberent,

485 2784 545 2827 ut
569 2775 640 2830 ob
668 2776 978 2846 hujusmodi
1003 2795 1134 2849 opes
1158 2784 1361 2849 gratias
1391 2781 1496 2837 Deo
1524 2784 1759 2853 agendas
1783 2793 2054 2853 putarent.

488 2882 507 2916 ι
534 2864 596 2917 Et
644 2881 831 2921 earum
876 2879 1128 2938 pastores
1178 2874 1385 2927 nullum
1420 2889 1548 2945 erga
1582 2890 1674 2929 eas
1715 2876 2060 2945 patiebantur

484 2955 760 3013 allectum.
786 2979 804 3011 ι
844 2959 1053 3015 Traditi
1081 2961 1149 3015 ad
1182 2965 1478 3035 regendum
1522 2966 1743 3020 fuerunt
1773 2969 1928 3034 viris,
1964 2968 2057 3039 qui

483 3048 687 3102 nullam
722 3050 804 3106 eis
826 3052 1259 3107 misericordiam
1292 3054 1554 3111 exhibere
1584 3057 1866 3118 volebant.

554 3342 723 3399 Vsus.
750 3343 803 3398 6.
831 3375 899 3385 —
930 3360 949 3397 ι
970 3343 1098 3401 Ideo
1136 3360 1243 3401 non
1271 3362 1491 3417 paream
1528 3347 1759 3403 ulterius
1789 3357 1947 3405 teme
1974 3347 2059 3403 in-

483 3435 644 3497 colis,
704 3435 838 3490 dicit
894 3435 1220 3491 Dominus.»
1286 3437 1580 3507 Propterea
1633 3439 1734 3494 hos
1787 3440 2057 3503 deseram,

485 3529 747 3599 nullaque
775 3544 893 3583 mea
928 3531 1266 3599 providentia
1289 3532 1576 3601 dignabor.
1618 3552 1636 3583 ‹
1660 3532 1726 3586 Et
1750 3549 1877 3588 ecce
1905 3534 2061 3588 trado

486 3621 760 3683 homines,
802 3637 1246 3693 unumquemque
1298 3624 1353 3677 in
1407 3638 1625 3677 manum
1665 3625 1893 3693 proximi
1951 3625 2058 3691 sui,

486 3725 543 3767 et
572 3713 627 3767 in
666 3728 862 3769 manus
891 3716 1036 3783 regis
1083 3715 1194 3781 sui,
1241 3725 1294 3768 et
1326 3715 1617 3770 concident
1658 3716 1710 3769 in
1744 3726 1886 3770 terra
1915 3717 2060 3770 Cha-

488 3820 652 3860 naan.
675 3823 694 3856 ι
732 3802 918 3859 Sinam
955 3806 1080 3859 illos
1114 3807 1224 3876 pati
1265 3808 1586 3877 gravissima
1612 3816 1724 3860 tum
1751 3822 1780 3860 a
1813 3808 2061 3863 scelestis

394 3890 397 3899 ’
486 3897 631 3951 inter
668 3911 821 3961 suos,
858 3904 972 3950 tum
1014 3911 1044 3950 a
1078 3898 1296 3968 regibus
1332 3898 1472 3953 bello
1517 3914 1611 3953 eos
1660 3901 2058 3969 appetentilius,

485 3983 649 4057 344
707 3985 1143 4055 quandoquidem
1195 3987 1560 4057 semetipsos,
1614 4003 1712 4056 per
1765 3987 1879 4041 haec
1943 4005 2064 4058 qua:

487 4087 676 4147 agunt,
711 4076 908 4147 dignos
944 4078 1072 4131 talia
1108 4078 1217 4146 pati
1246 4078 1504 4132 elliciunt.
1534 4075 1625 4131 Sic
1655 4093 1845 4133 omnes
1868 4096 2065 4150 prope-

490 4169 712 4224 modum
733 4168 932 4223 Judaeae
948 4169 1139 4223 incolae
1158 4169 1573 4224 interlicientur.
1592 4168 1682 4223 Sic
1700 4171 1842 4224 enim
1866 4178 2065 4225 sonant

492 4259 695 4313 verba:
750 4258 1091 4313 (Concident
1132 4257 1562 4323 terrampnullo
1607 4272 1637 4310 a
1686 4274 1773 4312 me
1821 4261 2065 4328 praestito

490 4352 561 4405 iis
600 4350 805 4404 auxilio
835 4365 944 4418 quo
974 4366 1034 4404 se
1066 4349 1307 4404 hostium
1335 4348 1638 4402 dominatui
1660 4350 2062 4406 subtraherent.

491 4440 805 4509 Ducamque
827 4454 924 4495 eos
952 4440 1021 4494 ad
1056 4438 1279 4503 caedem,
1319 4438 1408 4493 cui
1434 4438 1503 4493 ab
1528 4439 1789 4508 operibus
1824 4440 2064 4509 propriis

489 4531 694 4586 addicti
736 4530 983 4597 fuerunt,
1035 4538 1091 4586 et
1118 4531 1338 4602 quidem
1372 4539 1434 4585 ut
1470 4547 1571 4601 par
1600 4540 1684 4587 est
1719 4542 1843 4586 ante
1873 4536 2063 4589 oculos
2099 4509 2119 4562 ί

488 4621 946 4677 (ἒιιειηειιαιοτυιη.
978 4621 1114 4677 Nam
1143 4623 1338 4677 verba:
1379 4640 1398 4674 ι
1420 4623 1644 4678 Pascam
1681 4638 1810 4678 oves
1839 4625 2066 4679 occisio-

489 4714 602 4779 nis,
623 4732 641 4766 ι
677 4722 955 4784 ponuntur
982 4729 1103 4783 pro,
1135 4713 1328 4767 ducam
1359 4728 1453 4770 eas
1476 4714 1543 4768 ad
1569 4716 1923 4777 occisionem,
1954 4731 2063 4769 non

490 4802 638 4873 quod
667 4804 786 4873 ipse
818 4802 1087 4865 occidam,
1118 4801 1214 4857 sed
1243 4802 1370 4871 quia
1404 4802 1679 4871 permitto.
1715 4802 1957 4871 Namque
2010 4811 2064 4857 et

492 4895 598 4950 hoc
620 4896 855 4965 positum
887 4902 973 4950 est
1000 4894 1057 4948 in
1080 4894 1277 4948 divinae
1310 4894 1608 4964 Scriptura:
1638 4909 1806 4959 more,
1853 4908 1911 4948 ut
1937 4912 2064 4965 per-

490 4986 814 5041 missionem
839 4986 1078 5039 divinam
1107 4992 1365 5053 tanquam
1389 5000 1500 5039 rem
1519 4996 1693 5040 actam
1717 4986 1880 5041 dicat.
1910 4987 2065 5041 Vcltlt

491 5074 655 5130 illud:
703 5074 1033 5131 «Declinasti
1078 5074 1301 5130 semitas
1345 5083 1567 5130 nostras
1621 5092 1649 5129 a
1697 5078 1785 5130 via
1822 5086 1914 5131 tua
1940 5080 2057 5132 τίει

488 5183 600 5223 non
626 5169 768 5237 quod
802 5167 945 5223 Deus
988 5185 1081 5224 eas
1115 5169 1519 5235 declinavisset,
1560 5169 1655 5224 sed
1700 5170 1829 5240 quia
1861 5172 2064 5226 siverat

492 5257 643 5328 ipsos
676 5259 744 5313 iis
774 5258 1126 5329 passionibus
1175 5260 1403 5329 corripi,
1445 5274 1566 5329 qum
1598 5273 1629 5312 a
1684 5270 1830 5316 recto
1881 5261 2064 5316 ofﬁcio

493 5353 715 5406 eosdem
772 5351 1062 5407 deﬂectere
1124 5354 1333 5408 idonea:
1392 5353 1689 5409 erant.¢ln
1737 5364 1879 5409 terra
1939 5370 2066 5408 vero

497 5443 881 5508 Chanaannid
918 5453 1003 5499 est
1030 5446 1083 5499 in
1124 5457 1421 5515 conspectu
1454 5448 1906 5516 alienigenarum.
1948 5447 2065 5501 Mo-

496 5534 690 5592 lestius
720 5536 866 5590 cnim
901 5536 1203 5601 accidebat,
1226 5538 1349 5592 illos
1378 5539 1468 5607 qui
1503 5548 1736 5593 veterem
1757 5536 2067 5594 Iudaeorum

590 5733 807 5793 '"Psal.
851 5752 1004 5807 um,
1043 5738 1133 5794 22.
1210 5738 1256 5772 "
1292 5736 1425 5793 Ibid.
1475 5740 1554 5794 19.

2172 583 2441 652 Ἀφθόνως
2492 586 2621 654 ὑμῖν
2673 587 2764 639 καὶ
2812 587 2931 640 καθ’
2981 586 3130 656 ὤραν
3168 586 3259 637 τὸν
3305 583 3459 636 ὑετὸν
3512 582 3727 653 παρέξει

2156 674 2309 737 Θεὸς,
2342 675 2399 727 ἐν
2434 676 2671 746 σχήματι
2706 676 3089 747 προστακτικῷ
3114 675 3211 746 τὴν
3245 676 3475 746 μήνυσιν
3503 675 3719 740 πεποίηο

2155 782 2247 817 ται
2277 764 2368 817 τοῦ
2396 766 2674 835 ἐσομένου.
2711 768 2813 819 Τὸν
2838 768 2999 820 αὑτὸν
3031 767 3095 837 δὴ
3129 767 3328 835 τρόπον
3360 763 3641 816 κάνταῦθα
3666 764 3729 816 τὰ

2157 856 2286 927 περὶ
2314 857 2404 909 τὸν
2440 856 2566 910 λαὸν
2594 858 2827 919 ἐσόμενα
2874 857 3021 910 κακὰ
3069 854 3456 927 προστακτικῷ
3493 854 3729 922 σχήματι

2158 948 2432 1019 προλέγει,
2464 948 2675 1004 τοιοῦτό
2713 967 2767 1002 τι
2814 948 3016 1017 λέγων,
3052 952 3132 1003 ὅτι
3188 948 3268 1000 Τὰ
3301 948 3399 1017 μὲν
3435 947 3568 1017 παρ’
3600 944 3729 1015 ἐμοῦ

2157 1042 2287 1110 περὶ
2321 1040 2412 1092 τὸν
2442 1040 2567 1093 λαὸν
2593 1040 2743 1092 ἔσται
2772 1034 2967 1110 οἷάπερ
2996 1038 3164 1108 ἔφθην
3192 1037 3357 1091 εἰπών
3376 1053 3392 1066 ⁸
3424 1038 3521 1089 καί⁵
3550 1035 3731 1087 τοσούο

2156 1150 2264 1185 των
2314 1132 2412 1202 μὲν
2445 1132 2738 1193 ἀπολαύσει
2768 1132 2827 1185 τὸ
2855 1132 3005 1194 ἔθνος
3032 1132 3270 1199 ἀγαθῶν,
3316 1131 3374 1181 ἐν
3414 1128 3650 1197 τοσαύτῃ
3678 1127 3729 1179 δέ

2157 1227 2441 1295 γενήσεται
2473 1226 2505 1294 ἡ
2564 1223 2912 1294 Ἰερουσαλὴμ
2943 1222 3164 1293 εὑθηνίᾳ
3189 1262 3204 1286 ,
3258 1217 3730 1289 κατακρατήσουσί

2158 1335 2216 1371 τε
2265 1320 2373 1370 τῶν
2419 1317 2722 1385 πολεμίων,
2758 1318 2849 1385 ἀφ’
2873 1311 2947 1369 ὧν
2979 1318 3042 1388 δὴ
3079 1316 3171 1369 καὶ
3208 1315 3373 1368 πολὺν
3419 1313 3729 1383 ἀθροίσωσι

2157 1406 2385 1460 πλοῦτον
2410 1424 2422 1436 ·
2474 1408 2573 1461 οὐκ
2619 1409 2698 1470 εἰς
2740 1406 2855 1459 δέον
2879 1406 2935 1459 δὲ
2962 1408 3028 1476 τῇ
3072 1404 3345 1476 εὐπραγίᾳ
3372 1404 3727 1474 χρησάμενοι,

2157 1499 2250 1551 καὶ
2276 1499 2338 1568 δὴ
2368 1500 2503 1569 πρὸς
2528 1501 2585 1552 τὺ
2627 1502 2806 1568 χεῖρον
2850 1499 3066 1560 ἰδόντες,
3095 1496 3199 1549 ὑπὸ
3226 1495 3491 1565 ποιμένας
3524 1495 3728 1546 ἔσονται

2157 1590 2429 1654 τοιούτους
2457 1591 2596 1645 ὥστε
2624 1592 2777 1661 δίκην
2807 1592 3092 1661 προϐάτων
3134 1588 3363 1656 ἄγεσθαι
3413 1588 3508 1639 ὑπ’
3553 1588 3727 1647 αὐτοῖς

2158 1682 2237 1744 είς
2280 1682 2491 1752 σφαγὴν
2534 1683 2896 1753 ἐκκειμένων⁹
2946 1678 3058 1735 οἷόν
3089 1683 3203 1734 ἐστι
3232 1680 3322 1732 καὶ
3347 1679 3502 1748 παρά
3526 1676 3605 1746 τῷ
3636 1694 3730 1745 μα-

2159 1777 2333 1847 καρίῳ
2374 1774 2536 1828 Δαυῒδ
2564 1774 2642 1838 τὸ,
2698 1793 2716 1825 ι
2759 1773 3144 1843 Ἐλογίσθημεν
3177 1771 3251 1833 ὡς
3297 1770 3548 1840 πρόϐατα
3595 1785 3728 1836 σῳ-

2156 1868 2279 1936 γῆς,
2312 1887 2330 1918 ι
2380 1868 2506 1938 περί
2547 1866 2654 1917 τῶν
2692 1866 2870 1918 αὐτῶν
2914 1863 3221 1935 εἰρημένον.
3265 1862 3525 1913 Βούλεται
3564 1859 3622 1911 δὲ
3654 1861 3727 1911 εἰ-

2157 1964 2297 2023 πεῖν,
2327 1960 2409 2013 ὅτι
2438 1959 2707 2029 Οὐδεμιᾶς
2747 1958 3138 2027 ἁξιωθήσονται
3180 1953 3519 2023 ἐπιμελείας,
3554 1952 3727 2002 πάντα

2155 2051 2212 2104 δὲ
2245 2052 2518 2105 πείσονται
2543 2051 2617 2113 ὡς
2639 2052 2719 2113 εἰς
2742 2050 2802 2102 τὸ
2834 2046 3162 2118 σφάττεσθαι
3187 2046 3344 2115 μόνον
3370 2043 3725 2112 ἐκδεδομένοι.

2154 2145 2266 2199 Καὶ
2293 2145 2385 2197 τὸν
2415 2144 2613 2214 τρόπον
2639 2142 2812 2211 λέγων
2832 2158 2845 2171 ·
2894 2160 2912 2192 ι
2929 2142 2995 2193 Ἀ
3021 2140 3069 2192 οἰ
3104 2137 3435 2207 κτησάμενοι
3461 2134 3731 2199 κατέσφα-

2159 2236 2270 2302 ζον,
2304 2238 2399 2289 καὶ
2426 2239 2487 2289 οὐ
2534 2235 2908 2306 μετεμέλοντο.
2949 2251 2967 2285 ι
3023 2232 3084 2284 Ol
3122 2230 3221 2301 μὲν
3265 2227 3375 2298 γὰρ
3405 2225 3728 2297 κρατοῦντες

2160 2330 2338 2382 αὐτῶν
2364 2328 2599 2397 βασιλεῖς
2627 2328 2724 2396 οὐχ
2750 2326 2825 2389 ὡς
2855 2326 2999 2378 ἰδίων
3028 2321 3389 2393 ἐπεμελοῦντο
3414 2318 3725 2388 κτημάτων.

2158 2423 2234 2484 ὠς
2263 2421 2320 2474 δὲ
2354 2419 2645 2490 πολεμίους
2673 2417 2904 2490 ἀνῄρουν
2946 2416 3185 2485 ἀνηλεῶς
3210 2432 3223 2444 ·
3258 2412 3417 2465 τοῦτο
3443 2410 3555 2480 γάρ
3589 2408 3732 2479 δηλοῖ

2159 2515 2240 2576 τὸ,
2268 2516 2338 2569 οὐ
2360 2514 2777 2582 μετεμέλοντο.
2800 2530 2817 2560 ι
2840 2511 2947 2563 Καὶ
2972 2509 3019 2559 οἰ
3046 2506 3349 2568 πωλοῦντες
3371 2503 3513 2557 αὐτὰ
3532 2502 3731 2568 ἔλεγον,

2160 2607 2462 2675 Εὐλογητὸς
2495 2605 2716 2670 Κύριος,
2750 2603 2842 2655 καὶ
2871 2600 3343 2670 πεπλουτήκαμεν.
3372 2615 3390 2646 ι
3426 2596 3489 2648 Ol
3521 2594 3577 2647 δὲ
3602 2593 3731 2645 ἀπο-

2158 2700 2422 2768 διδόμενοι
2451 2700 2562 2759 τοῖς
2592 2694 2866 2766 βασιλεῦσι
2889 2693 2948 2745 τὸ
2978 2691 3148 2754 ἔθνος,
3185 2690 3276 2742 καὶ
3305 2688 3505 2757 πόρους
3528 2688 3591 2737 ἐκ
3613 2682 3729 2735 τούο

2158 2808 2251 2843 του
2288 2789 2632 2855 συλλέγοντες
2652 2825 2666 2849 ,
2711 2782 2962 2837 τοσοῦτον
3010 2783 3233 2847 ἀπεῖχον
3264 2778 3356 2831 τοῦ
3384 2774 3735 2847 αἰσχύνεσθαι

2162 2881 2255 2934 ἐπὶ
2287 2883 2351 2950 τῇ
2388 2877 2625 2947 τοσαύτῃ
2664 2872 2964 2942 πλεονεξίᾳ,
3011 2873 3082 2940 (p.
3115 2869 3238 2935 5H)
3274 2867 3414 2920 ὥστε
3455 2868 3550 2919 καὶ
3579 2866 3733 2933 εὐχα-

2166 2970 2375 3043 ριστίας
2403 2968 2549 3033 ἄξιον
2576 2965 2827 3035 ἡγεῖσθαι
2861 2962 2958 3033 τὴν
2985 2960 3237 3030 τοιαύτην
3262 2958 3542 3028 εὐπορίαν.
3589 2976 3605 3005 ι
3629 2956 3734 3007 Καὶ

2160 3064 2207 3115 οἱ
2241 3061 2494 3130 ποιμένες
2530 3057 2709 3111 αὐτῶν
2739 3057 2839 3107 οὐκ
2884 3054 3117 3123 ἔπασχον
3145 3052 3295 3105 οὐδὲν
3344 3050 3429 3101 ἐπ’
3478 3048 3681 3108 αὐτοῖς.
3710 3065 3730 3097 ι

2083 3160 2126 3217 C
2173 3150 2548 3205 Ἐπιστεύοντο
2590 3148 2646 3201 δὲ
2694 3146 2870 3199 αὐτῶν
2904 3145 2998 3196 καὶ
3035 3143 3134 3213 τὴν
3177 3140 3500 3194 ἐπιστασίαν
3548 3137 3734 3207 ἄνδρες

2164 3244 2353 3297 οὐδένα
2390 3243 2536 3295 ἔλεον
2566 3240 2745 3294 αὐτῶν
2779 3237 3046 3292 ποιεῖσθαι
3080 3236 3376 3295 ἐθέλοντες.

2232 3357 2381 3426 Στίχ.
2417 3362 2489 3420 ς’.
2540 3384 2609 3397 --
2661 3374 2679 3405 ι
2706 3352 2805 3406 Διὰ
2833 3351 2991 3405 τοῦτο
3034 3350 3094 3403 ού
3127 3349 3385 3418 φείσομαι
3423 3346 3609 3399 οὐκέτι
3648 3344 3736 3396 ἐπὶ

2161 3447 2287 3509 τοὺς
2317 3445 2703 3506 κατοικοῦντας
2739 3443 2838 3512 τὴν
2885 3442 2991 3510 γῆν
3011 3480 3026 3503 ,
3068 3440 3215 3507 λέγει
3247 3438 3473 3508 Κύριος.
3504 3455 3521 3486 ι
3572 3435 3735 3503 ’Υπὲρ

2163 3538 2367 3591 τούτων
2392 3537 2585 3599 αὐτοὺς
2618 3535 2830 3605 ἀφήσω,
2867 3533 3135 3603 μηδεμιᾶς
3162 3528 3326 3594 ἀξιῶν
3352 3526 3611 3597 προνοίας
3642 3524 3735 3591 τῆς

2167 3630 2296 3701 παρ“
2324 3629 2478 3699 ἐμοῦ.
2512 3629 2649 3681 «Καὶ
2683 3627 2787 3680 ἰδοῦ
2815 3626 2925 3694 ἐγὼ
2948 3624 3244 3694 ἀποδίδωμι
3271 3624 3394 3685 τοὺς
3420 3620 3733 3691 ἀνθρώπους

2166 3723 2391 3775 ἕκαστον
2437 3722 2515 3783 εἰς
2546 3719 2642 3783 τὰς
2672 3720 2857 3789 χεῖρας
2898 3716 2991 3769 τοῦ
3042 3716 3266 3785 πλησίον
3314 3712 3505 3773 αὐτοῦ,
3538 3712 3631 3763 καὶ
3663 3713 3733 3772 εἰς

2167 3818 2352 3885 χεῖρας
2389 3811 2647 3881 βασιλέως
2678 3809 2840 3861 αὑτοῦ
2865 3826 2879 3839 ο
2932 3807 3025 3860 καὶ
3071 3804 3472 3872 κατακόψουσιν
3523 3803 3605 3863 εἰς
3646 3802 3734 3869 τὴν

2168 3908 2270 3976 γῆν
2304 3903 2543 3957 Χαναὰν.
2580 3922 2597 3954 ι
2652 3899 3059 3969 Καταλιμπάνω
3100 3897 3155 3949 δέ
3204 3895 3399 3956 αὐτοῦς
3437 3893 3733 3961 πάσχοντας

2167 3999 2234 4051 τὰ
2263 3998 2535 4067 ἀνήκεστα
2587 3994 2735 4062 παρὰ
2767 4009 2825 4043 τε
2858 3992 2963 4043 τῶν
3009 3992 3066 4042 ἐν
3115 3992 3227 4050 τοῖς
3269 3987 3493 4048 οἰκείοις
3532 3984 3731 4054 μοχθη-

2173 4088 2299 4161 ρῶν,
2336 4086 2429 4139 καὶ
2475 4084 2623 4154 παρά
2662 4081 2767 4133 τῶν
2799 4079 3058 4149 βασιλέων
3093 4073 3592 4145 ἐπιστρατευόντων
3643 4070 3733 4121 αύ-

2167 4181 2300 4241 τοῖς,
2351 4177 2645 4245 ἐπειδήπερ
2688 4174 2909 4232 ἑαυτοὺς
2948 4170 3004 4234 ἐξ
3056 4162 3131 4220 ὧν
3175 4167 3501 4236 πράττουσι,
3545 4161 3737 4214 τούτων

2170 4271 2352 4335 ἀξίους
2386 4268 2705 4340 ἐργάζονται
2741 4283 2754 4296 ·
2805 4264 2945 4317 οὕτω
2986 4279 3043 4313 τε
3090 4261 3287 4320 πάντες
3327 4258 3426 4328 μὲν
3457 4252 3729 4325 ἀναιρεθήο

2173 4380 2353 4416 σονται
2388 4358 2583 4429 μικροῦ
2614 4360 2662 4410 οἰ
2691 4356 2787 4427 τὴν
2834 4354 3088 4407 Ἰουδαίαν
3118 4350 3391 4411 οἰκοῦντες
3412 4364 3425 4376 ·
3461 4347 3620 4399 τοῦτο
3638 4345 3736 4412 γὰρ

2169 4448 2334 4515 λέγει,
2364 4444 2775 4513 «Κατακόψουσι
2800 4443 2896 4512 τὴν
2922 4440 3045 4510 γῆν,
3070 4461 3086 4491 ι
3120 4439 3374 4506 οὐδεμιᾶς
3401 4438 3589 4498 αὐτοῖς
3616 4433 3737 4502 παρ’

2172 4537 2305 4606 ἐμοῦ
2337 4535 2583 4606 βοηθείας
2620 4533 2998 4604 παρεχομένης
3033 4533 3111 4587 εἰς
3140 4528 3200 4580 τὸ
3233 4530 3328 4598 τῆς
3355 4527 3464 4579 τῶν
3491 4526 3736 4579 ἐναντίοιν

2172 4628 2522 4698 ἐπικρατείας
2569 4624 2982 4691 ἀπαλλαγῆναι·
3041 4621 3152 4685 ἄξω
3194 4620 3250 4671 δὲ
3295 4619 3422 4679 τοὺς
3473 4618 3602 4687 πρὸς
3647 4617 3738 4681 τὴν

2174 4721 2387 4789 σφαγὴν
2421 4720 2483 4770 ἐκ
2513 4716 2617 4769 τῶν
2646 4713 2859 4767 οἰκείων
2892 4712 3067 4783 ἔργων
3100 4711 3471 4777 ἐκκειμένους,
3504 4708 3579 4769 ὠς
3603 4704 3737 4765 εἰκὸς

2173 4809 2399 4880 ἄγεσθαι
2429 4812 2555 4871 τοὺς
2588 4806 2860 4867 τοιούτους
2909 4806 2993 4855 ἐπ’
3042 4801 3194 4871 ὕψεσι
3240 4801 3347 4851 τῶν
3383 4798 3700 4851 Χαναναίων
3722 4813 3736 4825 ο

2172 4902 2233 4954 τὺ
2251 4902 2379 4970 γὰρ,
2405 4920 2421 4950 ι
2438 4898 2691 4969 Ποιμανῶ
2716 4897 2782 4949 τὰ
2804 4894 3049 4966 πρόϐατα
3076 4892 3175 4960 τῆς
3200 4889 3438 4957 σφαγῆς,
3464 4884 3734 4961 ιῖναεῖπῃ.

2172 4994 2253 5046 ὅτι
2321 4992 2442 5043 Ἐπί
2486 4990 2584 5058 τὴν
2636 4988 2848 5057 σφαγὴν
2899 4983 3092 5044 αὐτοὺς
3145 4980 3275 5042 ἄξω,
3323 4980 3420 5045 οὐχ
3467 4977 3542 5037 ώς
3584 4974 3739 5030 αὐτὸς

2172 5084 2365 5147 ποιῶν,
2401 5082 2536 5134 ἀλλά
2585 5080 2662 5150 τῷ
2705 5079 2957 5147 ἀφιέναιο
3008 5074 3130 5127 ἐπεὶ
3176 5072 3269 5124 καὶ
3312 5068 3471 5121 τοῦτο
3514 5066 3631 5129 ἔθος
3677 5067 3736 5133 τῇ

2175 5175 2292 5246 θείᾳ
2322 5175 2511 5244 Γραφῇ
2534 5173 2592 5224 τὸ
2621 5172 2719 5240 τὴν
2748 5167 3093 5239 συγχώρησιν
3120 5168 3215 5234 τὴν
3238 5162 3385 5214 θείαν
3418 5161 3491 5221 ώς
3516 5160 3737 5230 πρᾶγμα

2172 5266 2350 5333 λέγειν
2371 5281 2384 5295 ·
2415 5270 2489 5334 (p.
2508 5262 2631 5331 51‘2)
2661 5257 2769 5315 οἷόν
2793 5263 2907 5313 ἐστι
2933 5258 3012 5320 τὸ,
3042 5277 3058 5307 ι
3085 5254 3390 5319 Ἐξέκλινας
3412 5252 3509 5313 τὰς
3529 5249 3736 5319 τρίδους

2139 5412 2143 5416 ,
2170 5358 2329 5428 ἡμῶν
2354 5357 2460 5409 ἀπὸ
2482 5356 2582 5425 τῆς
2607 5353 2725 5407 ὀδοῦ
2750 5369 2862 5406 σοῦ’
2890 5372 2907 5405 ι
2936 5352 3033 5420 οὐχ
3054 5351 3133 5402 ὅτι
3159 5347 3290 5409 Θεὸς
3319 5345 3609 5408 ἐξέκλινεν,

2173 5448 2252 5500 ὅτι
2298 5444 2636 5515 συνεχώρησε
2690 5443 2878 5496 παθεῖν
2932 5441 3074 5503 ἅπερ
3118 5438 3309 5497 αὐτοὺς
3344 5434 3600 5505 ἐκτρέψαι
3651 5428 3738 5481 τοῦ

2177 5537 2543 5608 προσήκοντος
2575 5530 2642 5606 ἦν
2668 5534 2844 5587 ἱκανά.
2865 5532 2936 5585 Τὸ
2961 5531 3038 5597 δὲ,
3063 5530 3184 5591 «Εἰς
3206 5529 3302 5597 τὴν
3334 5524 3437 5595 γῆν
3468 5522 3739 5583 Χαναὰν.»
