3934 6524
155 330 256 389 873

1064 329 1609 387 COMMENTARIUS
1641 326 1706 382 IN
1743 327 2111 385 ZACIIARUE
2137 329 2289 386 CAP.
2316 329 2411 387 XI.

3288 329 3393 386 574

158 449 425 503 τουτέστιν
461 450 550 503 ἐπ’
587 450 740 520 ὕψεσι
764 452 872 505 τῶν
911 450 1236 521 ἀλλοτρίων·
1288 452 1582 523 βαρύτερον
1614 446 1715 518 γὰρ

1825 447 2137 503 felicitatem
2190 456 2607 519 conspexerant,
2664 463 2811 505 nunc
2863 447 3047 504 subito
3080 444 3261 501 videre
3290 451 3391 501 bos

154 538 216 611 ἦν
245 542 307 594 τὺ
350 544 474 605 τοὺς
517 543 614 613 τὴν
661 543 895 596 παλαιὰν
935 544 1116 596 αὐτῶν
1148 545 1450 613 εὐπραγίαν
1492 543 1718 607 εἰδότας,

154 634 345 704 ἀθρόον
380 634 506 686 ἰδεῖν
534 637 591 687 ἐν
623 634 879 697 τοιούτοις
919 634 1344 704 ἐξεταζομένους
1374 638 1580 697 κακοῖς.

220 723 367 791 Στίχ.
400 724 465 785 ζ’,
490 729 560 792 η’.
590 753 647 763 -
686 726 824 777 «Καὶ
848 724 1083 795 λήψομαι
1112 724 1333 795 ἐμαυτῷ
1359 724 1450 775 δύο
1473 724 1720 794 ῥάϐδους,

152 815 249 881 τὴν
281 816 411 884 μίαν
439 817 673 869 ἐκάλεσα
708 816 922 882 κάλλος,
954 816 1047 869 καὶ
1085 816 1183 886 τὴν
1226 816 1479 887 δευτέραν
1520 817 1722 869 ἐπεκά-

152 905 280 958 λεσα
309 908 595 977 σχοίνισμα
617 928 629 939 ο
674 911 764 961 καὶ
795 907 1043 978 ποιμανῶ
1071 909 1137 960 τὰ
1167 908 1431 979 πρόϐατα.
1459 927 1478 959 ι
1519 910 1616 970 Ἂς
1640 907 1723 960 δέ-

148 997 295 1051 δωκα
342 1000 566 1062 αὐτοῖς,
621 1000 825 1069 φησιν,
879 1003 960 1062 είς
1012 998 1305 1069 ἠγεμονίαν
1369 999 1722 1061 συντελούσας

152 1088 344 1159 ἀρχὰς,
383 1090 654 1159 βασιλείαν
698 1108 754 1143 τε
796 1092 888 1143 καὶ
929 1090 1245 1160 ἱερωσύνην,
1274 1086 1360 1152 αἷς
1395 1089 1458 1159 δὴ
1491 1088 1724 1158 μάλιστα

153 1182 472 1250 κοσμεῖσθαί
523 1200 581 1234 τε
630 1182 824 1245 αὐτοὺς
870 1184 962 1235 καὶ
1008 1181 1427 1253 συγκρατεῖσθαι
1477 1181 1612 1249 πρὸς
1662 1180 1723 1232 τὸ

150 1274 267 1326 δέον
304 1276 493 1345 ἐχρῆν,
522 1275 741 1338 ταύτας,
774 1277 958 1346 ἐπειδὴ
992 1276 1253 1345 μοχθηροὶ
1278 1275 1370 1327 τὸν
1396 1275 1596 1345 τρόπον
1632 1290 1724 1340 γε·

147 1367 391 1435 γόνασιν,
434 1367 645 1435 ἀφελὼν
672 1367 730 1432 ἐξ
757 1368 954 1430 αὐτῶν,
991 1369 1267 1438 ἡγήσομαι
1310 1366 1485 1421 αὐτῶν
1525 1366 1615 1418 ἐπὶ
1642 1382 1720 1417 τι·

152 1459 331 1530 μωρίᾳ
363 1459 546 1513 λοιπόν
566 1475 577 1487 ·
628 1460 655 1511 ὃ
682 1460 787 1531 γάρ
816 1456 968 1512 εἶπεν
1006 1460 1281 1531 ἀνωτέρω,
1327 1478 1345 1510 ι
1365 1458 1624 1527 Ποιμανῶ
1653 1456 1719 1510 τά

148 1550 402 1619 πρόϐατα
428 1552 527 1621 τῆς
560 1553 793 1622 σφαγῆς,
824 1572 842 1604 ι
889 1550 1047 1603 τοῦτο
1084 1551 1245 1603 πάλιν
1282 1548 1513 1603 ἐνταῦθα
1540 1549 1721 1601 δευτε-

151 1640 258 1710 ρῶν
306 1638 453 1706 εἷπε,
495 1640 636 1695 «Καὶ
669 1642 940 1712 ποιμαινῶ
978 1643 1047 1694 τά
1096 1642 1359 1711 πρόϐατα.
1406 1642 1513 1693 Καὶ
1544 1640 1720 1710 ἐξαρῶ

144 1734 271 1794 τοὺς
300 1735 456 1803 τρεῖς
493 1734 751 1803 ποιμένας
777 1737 834 1786 ἐν
868 1734 997 1804 μηνὶ
1022 1734 1122 1786 ἐνί.
1159 1752 1177 1784 ι
1222 1732 1357 1785 Ούδέ
1396 1731 1627 1785 ἐνταῦθα
1658 1732 1718 1784 τὸ

143 1823 303 1890 τρεῖς
334 1824 567 1893 ἀριθμὸν
600 1824 846 1894 βούλεται
886 1824 1061 1893 λέγειν
1080 1864 1095 1888 ,
1142 1824 1255 1877 ἀλλ’
1284 1824 1581 1894 ἐπειδήπερ
1611 1824 1718 1877 ἀπὸ

156 1913 333 1983 Ἰησοῦ
361 1914 457 1966 τοῦ
492 1915 733 1967 Ἰωσεδὲκ
766 1915 955 1985 μέχρις
984 1914 1206 1967 ἐκείνων
1245 1913 1351 1966 τῶν
1383 1912 1587 1983 καιρῶν
1614 1913 1719 1965 ὑπὸ

142 2003 493 2075 ἀρχιερεῦσιν
515 2004 888 2073 ἐποιμαίνοντο
918 2004 1179 2073 δοκίμοις,
1198 2004 1499 2066 Ἀπαντας,
1533 2002 1715 2070 φησὶν,

141 2096 391 2157 ἐκείνους
442 2096 567 2158 τοὺς
614 2094 791 2165 ίερέας
844 2093 970 2157 τοὺς
1047 2094 1303 2163 δοκίμους
1355 2093 1442 2160 ὑφ’
1492 2092 1571 2144 ἐνὶ
1639 2091 1717 2163 τῷ

142 2185 323 2257 καιρῷ
350 2184 563 2248 παύσω,
585 2186 672 2237 ὅτε
695 2184 757 2254 δὴ
784 2183 919 2254 πρὸς
945 2184 1006 2236 τὸ
1030 2187 1205 2254 χεῖρον
1228 2178 1371 2237 οῦτοι
1394 2181 1714 2254 τραπέντες,

140 2278 265 2330 ἀντὶ
291 2277 396 2345 τῆς
423 2277 724 2347 κρείττονος
758 2274 1055 2346 ἱερωσύνης
1084 2276 1175 2328 καὶ
1197 2274 1448 2344 νομίμου,
1483 2274 1582 2343 τὴν
1607 2274 1718 2341 χεί-

141 2388 276 2441 ρονα
318 2371 417 2423 καὶ
450 2371 760 2439 παράνομον
790 2370 1003 2431 ἑαυτοῖς
1032 2368 1386 2432 ἐπιλέξονται.
1434 2365 1717 2428 Είωθότως

138 2463 251 2533 γὰρ
282 2463 355 2514 τά
384 2461 743 2531 συμὸαίνοντα
790 2462 971 2524 αὐτοῖς
1010 2461 1155 2514 κακὰ
1192 2459 1268 2529 τῷ
1306 2456 1580 2529 προσώπῳ
1621 2456 1714 2510 τοῦ

138 2551 278 2604 θεοῦ
326 2553 637 2621 περιάπτει,
687 2551 762 2614 ὡς
804 2551 871 2604 ἂν
902 2552 960 2603 ἐν
990 2553 1258 2622 τιμωρίας
1306 2550 1434 2601 εἴδει
1478 2550 1717 2617 φαίνοιτο

138 2645 320 2695 πάντα
353 2645 535 2705 αὐτοῖς
580 2642 966 2714 περιγεγονότα
1006 2642 1074 2694 τὰ
1118 2641 1303 2712 χείρω.
1352 2640 1506 2693 Οῦτω
1551 2641 1645 2692 καὶ
1687 2640 1716 2692 ό

140 2734 417 2802 μακάριος
445 2733 589 2800 λέγει
616 2731 844 2795 Παῦλος,
891 2732 967 2803 (p.
1001 2731 1128 2799 515)
1171 2729 1299 2782 ποτὲ
1329 2729 1449 2799 μὲν,
1506 2746 1525 2779 ι
1568 2729 1716 2798 "ap-

135 2824 347 2876 ἔδωκεν
381 2824 576 2885 αὐτοὺς
594 2824 623 2873 ὁ
643 2823 774 2885 Θεὸς
803 2824 881 2885 εἰς
910 2822 1166 2892 ἀδόκιμον
1185 2821 1328 2884 νοῦν,
1362 2839 1381 2871 ι
1412 2821 1509 2889 οὐχ
1528 2820 1601 2881 ὡς
1621 2818 1713 2871 τοῦ

134 2915 276 2967 Θεοῦ
313 2915 663 2985 παραδόντος,
702 2914 817 2968 ἀλλ’
846 2916 904 2966 ἐν
930 2913 1197 2985 τιμωρίας
1231 2912 1383 2983 μέρει
1406 2911 1594 2974 τιθεὶς.
1624 2910 1715 2964 καὶ

135 3008 235 3077 τὴν
264 3008 487 3077 χείρονα
518 3007 725 3077 αἰρεσιν
754 3005 861 3058 τῶν
889 3005 1024 3074 πρὸς
1054 3004 1211 3057 τοῦτο
1236 3004 1519 3065 νευόντων,
1544 3003 1618 3066 ὡς
1648 3003 1714 3055 ἂν

1823 552 1900 598 tot
1932 545 2089 598 malis
2116 544 2411 599 exercitos.

1892 726 2056 780 Vens.
2095 726 2146 789 7,
2179 732 2233 780 8.
2262 754 2335 823 -Ῑ
2371 726 2474 779 ιΕῑ
2531 740 2743 780 sumam
2802 724 2931 778 mihi
2999 723 3133 779 duas
3183 722 3383 791 virgas,

1828 836 1987 873 unam
2019 819 2282 889 appellavi
2316 817 2591 879 decorem,
2632 825 2685 869 et
2714 818 2935 869 alteram
2971 817 3290 875 funiculum,
3331 823 3385 869 et

1826 924 2044 979 pascam
2070 924 2218 962 oves.
2245 927 2263 958 ι
2298 908 2444 972 Quas
2475 904 2593 959 dedi
2626 905 2707 959 eis
2743 905 2988 974 regimini
3021 914 3175 972 aptas
3211 904 3387 965 dimi-

1825 1011 1983 1061 tates,
2042 1015 2268 1070 regnum
2308 1013 2371 1051 ac
2401 996 2789 1055 sacerdotium,
2818 994 3015 1062 quibus
3047 994 3383 1062 potissimum

1824 1094 2006 1149 ornari
2058 1108 2151 1147 eos
2202 1099 2364 1160 atque
2417 1088 2481 1142 ad
2533 1097 2739 1141 rectum
2799 1101 3000 1139 rnorem
3053 1082 3383 1137 conformari

1824 1186 2128 1255 oportebat,
2165 1184 2263 1238 has
2292 1198 2392 1252 ego
2425 1189 2711 1250 postquam
2752 1192 2916 1246 pravo
2943 1191 3093 1229 more
3120 1191 3239 1229 esse
3265 1188 3382 1227 caa-

1824 1283 2023 1347 perunt
2077 1276 2267 1330 iisdem
2318 1273 2579 1342 eripiens,
2634 1270 2826 1323 ducam
2870 1283 2964 1322 eos
3014 1265 3267 1332 deinceps
3318 1263 3384 1317 ad

1823 1369 2171 1439 supplicium.
2226 1367 2362 1419 Nam
2412 1363 2553 1433 quod
2610 1360 2861 1430 superius
2910 1359 3067 1419 dixit,
3120 1356 3384 1409 «Pascam

1821 1477 1950 1516 oves
1974 1460 2301 1525 occisionis;
2328 1478 2345 1510 ι
2368 1474 2511 1512 nunc
2534 1458 2727 1512 iterum
2762 1455 2837 1508 ait
2863 1470 2876 1506 :
2926 1446 3127 1502 «Pasco
3146 1462 3294 1502 oves.
3324 1448 3386 1500 Et

1823 1552 2070 1606 auferam
2106 1560 2217 1605 tres
2254 1558 2503 1619 pastores
2534 1550 2586 1603 in
2616 1561 2801 1601 mense
2827 1559 2953 1598 uno.
2979 1560 2997 1593 ι
3033 1541 3108 1595 Ne
3134 1540 3235 1593 hoc
3265 1540 3385 1591 loco

1820 1644 2043 1713 quidem
2078 1642 2407 1697 vocabulum
2427 1643 2595 1691 «tres:
2617 1636 2887 1707 signiﬁcat
2916 1648 3234 1695 numerum;
3289 1629 3383 1685 sed

1821 1737 1947 1806 quia
1975 1735 2073 1789 abs
2096 1732 2222 1787 Jesu
2245 1731 2493 1786 Josedeci
2526 1745 2697 1800 usque
2719 1729 2784 1781 ad
2814 1728 2903 1781 illa
2930 1734 3174 1793 tempora
3203 1737 3232 1774 a
3256 1737 3385 1791 pon-

1819 1826 2053 1879 lilii-ibus
2090 1823 2273 1892 probis
2301 1822 2433 1875 recti
2461 1820 2695 1880 fuerunt,
2716 1825 2934 1879 Omnes,
2961 1815 3157 1884 inquit,
3183 1813 3385 1882 probos

1819 1917 1941 1971 illos
1985 1916 2269 1985 pontilices
2304 1928 2414 1967 uno
2458 1922 2697 1981 tempore
2738 1909 2986 1963 desinere
3019 1906 3236 1967 faciam,
3268 1919 3379 1973 quo

1818 2008 2069 2071 videlicet
2126 2006 2216 2061 isti
2266 2004 2332 2059 ad
2374 2004 2613 2059 deterius
2661 2001 2936 2061 conversi,
2998 2013 3097 2068 pro
3164 1996 3385 2049 meliore

1817 2099 2166 2168 legitimoque
2235 2094 2565 2157 sacerdotio,
2635 2092 2872 2147 deterius
2930 2097 2983 2143 et
3042 2086 3383 2156 illegitimum

1816 2192 2038 2244 malent.
2072 2188 2219 2242 More
2244 2187 2387 2240 enim
2430 2183 2658 2239 solemni
2688 2181 2847 2252 345
2879 2196 3000 2245 suo,
3031 2192 3153 2249 quae
3178 2173 3383 2230 Iudaeis

1817 2281 2159 2344 eveniebant,
2200 2280 2254 2333 in
2293 2278 2385 2332 Dei
2420 2291 2704 2347 personam
2736 2273 2964 2334 confert,
2995 2280 3051 2325 ut
3090 2269 3191 2325 sub
3215 2282 3387 2337 paenae

1817 2376 1998 2445 specie
2028 2378 2323 2442 appareant
2364 2384 2555 2425 omnes
2586 2382 2708 2436 qua:
2738 2365 2846 2420 illis
2876 2363 3201 2431 contingunt
3241 2359 3387 2412 cala-

1816 2469 2053 2521 mitates.
2082 2465 2173 2520 Sic
2199 2466 2360 2517 etiam
2397 2462 2589 2516 beatus
2626 2457 2828 2512 Paulus
2862 2455 3023 2508 modo
3057 2453 3164 2506 ait:
3204 2469 3223 2502 ι
3247 2447 3386 2503 Tra-

1816 2556 1953 2611 didit
1988 2557 2109 2610 illos
2154 2555 2295 2609 Deus
2334 2551 2679 2622 passionibus
2726 2544 3174 2617 ignominiae";i
3224 2541 3385 2593 modo

1816 2655 2036 2700 autem:
2086 2664 2102 2695 ι
2130 2643 2377 2697 Tradidit
2423 2642 2543 2695 illos
2592 2638 2732 2692 Deus
2773 2636 3005 2705 reprobo
3045 2630 3228 2688 sensui
3254 2629 3378 2695 ’⁸;›

1816 2754 1923 2793 non
1952 2737 2096 2807 quod
2141 2735 2283 2790 Deus
2309 2749 2499 2802 reapse
2540 2729 2842 2789 tradiderit,
2896 2740 3079 2779 verum
3113 2722 3166 2777 id
3211 2734 3386 2791 poena:

1816 2832 1936 2886 loco
1962 2830 2133 2898 ponit,
2167 2834 2387 2897 propter
2409 2824 2645 2894 pejorem
2683 2822 3004 2875 electionem
3034 2817 3252 2869 illorum
3288 2813 3382 2881 qui

1816 2923 1884 2976 ad
1909 2923 2098 2976 vitium
2130 2918 2479 2989 spectabant;
2515 2913 2670 2984 quasi
2704 2913 2739 2965 ii
2772 2927 2801 2964 a
2824 2911 3005 2963 divina
3028 2907 3192 2960 tutela
3222 2902 3385 2958 alieni

1816 3022 2023 3077 essent,
2058 3011 2315 3081 quoniam
2358 3010 2494 3063 adeo
2525 3015 2900 3061 contumacem
2954 3003 3019 3057 ad
3055 3001 3247 3055 vitium
3287 3011 3381 3052 ce-

134 3100 248 3152 τῶν
281 3098 539 3151 τοιούτων
567 3096 1024 3167 ἀλλοτριουμένων
1073 3095 1170 3165 μὲν
1214 3096 1313 3164 τῆς
1363 3094 1512 3158 θείας
1558 3093 1714 3164 κηδε-

1820 3114 2008 3179 perant
2038 3104 2461 3158 inclinationem.
2490 3100 2601 3155 Hoc
2626 3100 2788 3169 igitur
2808 3098 2971 3151 etiam
2998 3095 3116 3147 loco
3143 3093 3219 3144 ait
3243 3089 3382 3154 fore.

138 3191 357 3259 μονίας,
409 3189 551 3242 οὕτω
586 3189 642 3240 δὲ
684 3186 1095 3257 ἀμεταμέλητον
1138 3185 1237 3255 τὴν
1285 3188 1342 3237 ἐν
1388 3184 1464 3254 τῷ
1510 3185 1712 3255 χείρονι

134 3281 528 3351 λαμϐανόντων
556 3281 746 3350 ῥοπήν.
778 3278 1071 3332 Κάνταῦθα
1092 3273 1185 3330 οὖν
1215 3275 1372 3329 τοῦτό
1400 3294 1581 3345 φησιν,
1606 3276 1709 3341 ὅτι,

135 3371 489 3441 Παυθήσεται
522 3371 619 3440 μὲν
651 3370 739 3439 ὑφ’
766 3369 843 3422 ἐνί
867 3387 970 3422 τινι
993 3367 1168 3439 καιρῷ
1192 3384 1204 3398 ⁸
1245 3368 1401 3423 τοῦτο
1436 3368 1544 3439 γὰρ
1566 3368 1713 3435 λέγει

133 3465 221 3523 τὸ,
279 3464 376 3515 Ἐν
408 3464 535 3532 μηνὶ
568 3462 648 3515 ἐνὶ
677 3464 709 3532 ή
743 3461 851 3514 τῶν
891 3461 1055 3514 πάλαι
1105 3459 1285 3523 καλῶς
1322 3460 1714 3529 ποιμαινόντων

131 3556 338 3617 αὐτοὺς
383 3552 671 3606 ἐπιστασία
693 3571 707 3585 ο
754 3552 963 3605 ἔσονται
992 3552 1049 3606 δέ
1088 3553 1191 3604 ύπό
1219 3569 1377 3615 τινας
1411 3552 1715 3622 μοχθηροὺς

133 3648 228 3699 καὶ
265 3645 605 3716 παρανόμως
650 3646 715 3713 τῇ
756 3646 1059 3713 προστασίᾳ
1101 3644 1270 3713 ταύτῃ
1321 3644 1711 3713 κεχρημένους.

135 3758 157 3789 ι
192 3740 304 3791 Kal.
338 3735 734 3808 βαρυνθήσεται
762 3738 794 3805 ἡ
819 3735 963 3804 ψυχή
1000 3751 1097 3804 μου
1134 3735 1218 3786 ἐπ’
1254 3735 1468 3796 αὐτούς.
1496 3754 1513 3785 ›
1551 3735 1714 3788 Ὅθεν

129 3833 193 3901 δὴ
236 3832 483 3901 μάλιστα
548 3830 798 3898 μέγιστον
860 3828 978 3880 κατ’
1038 3826 1217 3879 αὐτῶν
1276 3826 1603 3896 ἀναδέχομαι
1654 3827 1716 3879 τὸ

132 3929 317 3996 μῖσος,
349 3922 493 3991 ὁρῶν
516 3922 708 3985 αὐτοὺς
730 3922 849 3973 ἀντὶ
877 3918 1129 3972 τοιούτων
1152 3918 1375 3971 τοιαῦτα
1404 3919 1711 3987 ἑλομένους,

124 4018 225 4069 καὶ
256 4015 413 4068 οὕτω
457 4012 853 4081 ἐκϐεϐληκότας
904 4010 1001 4080 μὲν
1032 4008 1100 4062 τὰ
1135 4009 1385 4079 κρείττω,
1431 4010 1714 4079 ἑλομένους

124 4109 180 4161 δὲ
215 4108 287 4160 τὰ
329 4106 520 4177 χείρω.
567 4106 675 4158 Καὶ
702 4105 913 4165 δεικνὺς
939 4105 1021 4156 ὅτι
1059 4102 1271 4155 δικαίαν
1302 4103 1482 4162 αὐτοῖς
1513 4102 1714 4169 ταύτην

124 4201 393 4269 ἐπήγαγε
426 4197 526 4268 τὴν
560 4196 848 4266 τιμωρίαν,
884 4195 999 4248 ἀνθ’
1030 4188 1107 4247 ὧν
1136 4193 1289 4245 αὐτοὶ
1321 4193 1603 4260 γεγόνασιν
1637 4196 1716 4246 οί-

122 4291 252 4360 κείᾳ
299 4287 584 4360 μοχθηρία
631 4286 808 4341 κακοί.
856 4304 875 4337 ι
920 4287 1030 4338 Καὶ
1076 4285 1187 4357 γὰρ
1236 4286 1291 4337 αί
1330 4284 1498 4354 ψυχαὶ
1537 4284 1714 4337 αὐτῶν

120 4380 454 4450 ἐπωρύοντο
476 4380 560 4431 ἐπ’
584 4378 703 4447 ἐμέ.
730 4396 748 4429 ι
779 4378 1014 4449 Τοιαύτη
1040 4376 1167 4449 γάρ,
1193 4378 1373 4446 φησιν,
1396 4378 1713 4447 ἐχρησάμην

1818 3208 1876 3253 ut
1919 3214 1982 3253 ea
2034 3211 2217 3252 rerum
2258 3193 2496 3248 conditio
2540 3206 2648 3245 uno
2695 3184 3096 3258 quodammodo
3146 3190 3386 3250 tempore

1815 3289 2049 3345 desinat.
2089 3286 2180 3340 Sic
2218 3283 2363 3339 enim
2416 3280 2762 3351 intelligenda
2803 3285 2929 3331 sunt
2961 3274 3121 3328 verba
3154 3291 3168 3327 :
3204 3271 3387 3326 Iliense

1816 3397 1927 3438 uno
1961 3380 2174 3434 desinet
2203 3378 2471 3432 bonorum
2504 3373 2646 3443 apud
2670 3387 2766 3427 eos
2796 3378 3076 3439 pastorum
3109 3366 3383 3435 dignitas;

1816 3482 1869 3528 et
1900 3471 2226 3542 quibusdam
2264 3468 2624 3537 subjicientur
2660 3463 2946 3533 improbis,
2981 3460 3071 3527 qui
3105 3458 3385 3526 illegitime

1816 3580 2032 3619 sacrum
2056 3564 2202 3616 hunc
2231 3561 2604 3630 magistratum
2635 3554 2911 3610 tenebunt.
2952 3570 2970 3602 ι
2993 3550 3057 3604 Ει
3082 3564 3223 3618 aegre
3250 3547 3385 3602 feret

1818 3658 1938 3711 illos
1978 3656 2157 3709 anima
2186 3667 2323 3707 mea.
2354 3671 2372 3704 ι
2412 3650 2546 3703 Hinc
2576 3662 2676 3717 ego
2710 3647 2947 3699 maximo
2978 3658 3073 3697 eos
3101 3640 3226 3694 odio
3258 3653 3384 3708 pro-

1816 3761 2036 3816 sequar,
2065 3745 2252 3798 videns
2273 3757 2367 3797 eos
2397 3741 2517 3793 talia
2550 3754 2660 3809 prae
2685 3736 2885 3789 talibus
2913 3734 3197 3792 maleutes,
3222 3737 3384 3797 atque

1815 3840 1891 3892 ita
1921 3837 2147 3891 dimisso
2178 3833 2417 3887 melioris
2443 3832 2515 3884 rei
2559 3830 2761 3888 studio,
2796 3827 2981 3896 pejora
3027 3822 3201 3892 sequi.
3234 3819 3385 3872 Mox-

1815 3943 1921 3996 que
1976 3924 2215 3979 ostendit
2266 3938 2326 3977 se
2372 3922 2576 3989 justam
2632 3918 2740 3971 illis
2787 3914 3083 3969 adduxisse
3139 3924 3379 3981 poenam,

1815 4023 2102 4086 propterea
2155 4012 2301 4083 quod
2358 4012 2462 4081 ipsi
2534 4018 2833 4079 spontanea
2887 4004 3093 4058 malitia
3150 3998 3381 4067 improbi

1814 4113 2119 4162 evaserant.
2148 4104 2453 4172 «Siquidem
2473 4102 2664 4155 animae
2685 4114 2869 4154 eorum
2890 4096 3173 4164 rugiebant
3193 4099 3381 4144 contra

1816 4216 1956 4254 me.)
2002 4197 2391 4265 Hoc,inquam,
2417 4195 2596 4247 animo
2620 4193 2692 4246 fui
2722 4191 2982 4245 adversus
3012 4186 3155 4246 illos,
3175 4182 3298 4252 quia
3329 4186 3383 4232 et

1817 4293 1893 4347 illi
1927 4291 2161 4345 ferarum
2218 4288 2389 4340 instar
2429 4293 2616 4339 contra
2660 4298 2747 4337 me
2796 4281 3030 4334 furorem
3076 4290 3233 4328 suum
3284 4286 3383 4325 ex-

1817 4388 2234 4453 prompserunt:
2288 4394 2410 4431 nam
2438 4376 2697 4445 quidquid
2732 4379 2921 4427 contra
2964 4367 3163 4438 probos
3192 4378 3378 4418 sacer-

119 4471 329 4543 γνώμῃ
388 4470 513 4539 περὶ
562 4470 776 4531 αὐτοὺς,
822 4469 1007 4538 ἐπειδὴ
1052 4468 1289 4521 κάκεῖνοι
1320 4469 1475 4537 δίκην
1508 4468 1711 4539 θηρίων

1820 4477 1969 4529 dotes
2000 4481 2248 4541 egerunt,
2304 4470 2568 4522 adversus
2618 4481 2703 4519 me
2744 4460 3032 4517 manifeste
3075 4458 3191 4511 ausi
3231 4461 3377 4509 sunt.

117 4567 245 4619 κατ’
278 4562 427 4634 ἐμοῦ
461 4562 553 4615 τὸν
589 4561 755 4631 θυμὸν
787 4562 965 4615 αὐτῶν
1000 4558 1269 4624 ἐξέτειναν
1296 4576 1309 4589 ·
1356 4560 1538 4628 ἐπειδὴ
1570 4560 1709 4632 άπερ

1820 4563 1979 4619 Velut
2032 4562 2163 4617 illud
2221 4560 2288 4614 ad
2338 4559 2680 4613 Samuelem:
2742 4555 2900 4609 «lion
2941 4562 2993 4607 te
3042 4555 3378 4621 spreverunt.

114 4656 194 4718 είς
222 4658 370 4715 τοὺς
396 4654 652 4721 δοκίμους
676 4653 941 4719 ἔπραττον
968 4653 1164 4721 ἱερέας,
1193 4652 1273 4713 είς
1304 4652 1402 4720 ἐμὲ
1435 4651 1711 4720 προδήλως
1817 4656 1911 4712 sed
1943 4670 2028 4709 me
2050 4655 2115 4707 ⁷⁵.
2138 4672 2158 4706 ι

111 4742 380 4810 ἐτόλμων
406 4757 418 4770 ·
473 4734 583 4791 οἷόν
628 4742 741 4791 ἐστι
783 4740 843 4791 τὸ
876 4740 1010 4811 πρὸς
1035 4738 1124 4793 τὸν
1154 4740 1427 4810 Σαμουὴλ,
1487 4759 1504 4790 ι
1538 4741 1612 4794 υύ
1652 4742 1711 4792 σὲ

112 4833 582 4898 ἐξουδενώκασιν,
619 4831 733 4883 ἀλλ’
765 4830 882 4899 ἐμέ.
918 4849 935 4880 ι

183 4921 351 4989 Στίχ.
380 4919 454 4980 θ’,
492 4925 542 4971 ι’.
570 4949 637 4988 -τ
668 4937 687 4970 ι
726 4921 831 4972 Καὶ
882 4915 1053 4981 εἷπον,
1079 4921 1151 4973 Ού
1196 4921 1444 4989 ποιμανῶ
1482 4922 1644 4991 ὑμᾶς.
1686 4940 1706 4972 ι

123 5012 436 5068 Ἐντεῦθεν
467 5011 561 5065 τοῦ
591 5029 648 5063 τε
688 5012 997 5082 ποιμαίνειν
1028 5013 1220 5076 αὐτοὺς
1247 5014 1488 5084 ἀπέστην
1506 5015 1597 5067 καὶ
1616 5014 1709 5068 τοῦ

107 5106 209 5175 τὴν
271 5106 677 5177 προσήκουσαν
729 5104 907 5156 αὐτῶν
950 5105 1262 5173 ἐπιμέλειαν
1314 5106 1388 5167 ὡς
1427 5106 1711 5175 προϐάτων

107 5199 349 5251 οἰκείων
408 5196 700 5248 ποιεῖσθαι.
745 5195 951 5259 Ἐδειξε
997 5196 1051 5248 δὲ
1085 5196 1166 5248 ὅτι
1196 5198 1252 5248 ἐν
1279 5199 1391 5257 τοῖς
1424 5196 1712 5267 ἁνωτέροις

106 5291 169 5343 τὸ
189 5310 210 5340 ι
243 5288 520 5356 ποιμανῶ
543 5307 561 5337 ι
581 5289 671 5339 ἐπὶ
690 5286 804 5351 τοῦ,
830 5286 1140 5356 Παραδώσω
1162 5289 1226 5356 τῇ
1252 5287 1509 5357 τιμωρίᾳ,
1542 5288 1709 5355 λέγει.

106 5388 185 5449 (p.
222 5381 371 5448 514)
420 5378 687 5432 Ἐνταῦθα
718 5378 847 5445 γοῦν
871 5377 1054 5445 σαφῶς
1086 5378 1345 5442 τέθεικεν,
1372 5378 1430 5429 τὸ
1462 5397 1478 5428 ι
1507 5378 1566 5430 ού
1603 5396 1713 5431 ποι-

108 5473 298 5541 μανῶ,
330 5491 352 5524 ι
390 5471 457 5523 τὸ
482 5472 596 5540 μετ’
616 5470 929 5541 ἐπιμελείας
961 5470 1265 5539 ποιμαίνειν
1298 5470 1595 5539 σημαίνων,
1621 5470 1711 5524 καὶ

103 5567 188 5619 δτι
219 5564 457 5633 ταύτην
484 5565 666 5627 αὐτοῖς
706 5565 803 5634 οὐχ
832 5563 940 5627 ἔξει
970 5563 1067 5634 τὴν
1127 5561 1442 5633 θεραπείαν.
1488 5562 1711 5629 Ἐπάγει

1886 4928 2051 4982 Vens.
2077 4927 2130 4991 9,
2168 4926 2251 4980 10.
2279 4954 2350 4965 --
2386 4923 2491 4977 «Et
2546 4921 2697 4977 dixi:
2756 4918 2877 4974 Non
2934 4932 3153 4988 pascam
3205 4928 3321 4968 vos.
3349 4931 3368 4964 ι

1812 5021 2025 5074 Abhinc
2058 5034 2158 5089 ego
2199 5016 2368 5071 desivi
2418 5030 2448 5069 a
2487 5013 2760 5084 pascendo
2808 5025 2924 5072 vos,
2961 5016 3031 5071 ,et
3079 5019 3369 5074 congruam

1815 5126 2003 5165 curam
2041 5110 2197 5179 quasi
2246 5108 2439 5161 ovibus
2468 5105 2703 5177 propriis
2732 5098 3110 5172 impertienda.
3148 5098 3373 5150 Demon-

1815 5202 2007 5258 stravit
2055 5202 2276 5270 insuper
2314 5190 3047 5268 vocabulumupascamnin
3082 5184 3376 5257 superiori-

1816 5294 1919 5348 bus
1957 5293 2159 5347 dictum
2211 5290 2380 5344 fuisse
2438 5303 2556 5357 pro,
2610 5283 2878 5353 supplicio
2926 5281 3158 5334 tradam.
3223 5274 3377 5327 Nunc

1815 5402 1946 5442 vero
1978 5385 2265 5439 manifeste
2302 5382 2485 5452 posuit
2517 5368 2992 5437 dictionem,«Non
3022 5364 3377 5439 pascam,isi—

1816 5475 2081 5545 gmlicans
2122 5474 2359 5543 regimen
2392 5487 2513 5524 cum
2545 5465 2841 5536 diligentia,
2889 5474 2935 5515 et
2970 5459 3110 5529 quod
3142 5458 3244 5508 hoc
3272 5452 3376 5506 illis

1819 5581 1925 5620 non
1947 5564 2221 5621 exhibebit
2246 5562 2497 5617 ollicium.
2521 5560 2686 5614 Addit
2711 5570 2870 5627 ergo:
2906 5570 2923 5602 ι
2944 5548 3099 5617 Quod
3121 5552 3373 5609 moritur,

172 5720 221 5753 "
264 5718 429 5774 Ριοω
488 5731 525 5780 t,
554 5715 642 5770 ‘26.
720 5714 763 5746 ’³
799 5714 933 5770 Ibid.
965 5714 1053 5770 28.
1130 5717 1175 5748 ⁷³
1213 5715 1230 5770 Ι
1266 5716 1395 5789 Reg.
1430 5732 1544 5786 vm,
1586 5718 1632 5772 7.
