3934 6522
610 330 719 386 5⁸15

1805 324 2150 386 THEODOBI
2179 324 2664 387 ιιοΡευεετεΝι
3678 354 3748 416 επ

613 444 912 509 moriatur;
964 450 1018 499 et
1059 442 1204 513 quod
1254 442 1460 509 delieit,
1504 443 1763 511 deliciat;
1808 447 1971 519 35.6
1997 455 2052 505 et
2085 447 2179 518 qui

2289 447 2408 516 γοῦν
2423 464 2437 477 ·
2463 466 2482 501 ι
2507 449 2579 504 Τὸ
2596 449 2939 520 ἀποθνῆσκον
2960 449 3369 521 ἀποθνησκέτω,
3396 453 3480 504 καί
3502 453 3551 507 τὸ
3573 458 3750 522 lmine,

616 534 812 606 reliqui
842 532 1043 588 fuerint
1070 534 1359 588 comedant
1399 537 1775 608 unusquisque
1807 554 2002 594 carnes
2053 553 2181 609 pro-

614 629 743 682 ximi
793 627 940 683 sui.»
978 624 1185 691 Sinam,
1237 627 1434 697 inquit,
1478 645 1919 700 unumquemque
1944 646 2009 686 ex
2055 646 2183 701 pro-

615 721 731 789 pria
759 719 960 773 malitia
998 719 1279 789 percipere
1305 721 1665 789 puuitionem,
1700 722 1931 777 invicem
1978 736 2181 777 consu-

614 809 886 863 mentibus
928 824 1023 879 per
1060 810 1456 875 contentiones,
1506 812 1902 877 dimicationes,
1953 825 2007 869 et
2051 816 2182 869 insi-

613 900 827 953 diarum
896 908 1253 955 structuram.
1317 901 1423 957 «Et
1478 918 1687 959 sumam
1749 904 1952 974 virgam
2008 921 2181 960 meam

612 992 931 1060 pulchram,
995 983 1050 1067 et
1114 995 1399 1065 projiciam
1462 1009 1580 1050 eam
1638 996 1708 1051 ob
1763 997 2180 1067 dispergendum

613 1092 1001 1140 testamentum
1033 1101 1236 1150 meum,
1270 1088 1416 1157 quod
1446 1095 1741 1143 statueram
1780 1104 1905 1143 cum
1930 1089 2183 1145 omnibus

613 1182 772 1231 terra:
811 1179 1087 1247 populis.»
1128 1179 1386 1233 Auferam
1437 1181 1880 1251 probatissimum
1940 1188 1995 1235 et
2041 1182 2185 1250 opti-

616 1284 763 1323 mum
791 1270 1181 1337 sacerdotium,
1213 1273 1361 1327 humi
1391 1273 1500 1340 jam
1528 1282 1864 1345 prostratum
1895 1276 1963 1329 ab
1990 1276 2059 1331 iis
2090 1276 2184 1347 qui

615 1374 1059 1432 oppugnaverant
1096 1363 1261 1419 illud:
1296 1366 1427 1434 quin
1462 1375 1515 1421 et
1559 1376 1849 1422 extraneos
1877 1368 1946 1422 ab
1985 1382 2050 1423 eo
2084 1369 2184 1423 ab-

616 1454 882 1507 alienabo.
916 1451 1049 1507 Nam
1076 1456 1315 1509 extranei
1349 1457 1441 1526 qui
1469 1459 1638 1512 multo
1662 1465 1821 1513 antea
1848 1473 1973 1512 cum
2002 1460 2185 1514 studio

617 1543 684 1595 ad
724 1544 982 1612 templum
1009 1559 1187 1599 meum
1221 1545 1569 1600 conﬂuebant
1603 1547 1672 1602 ob
1700 1548 1903 1602 rituum
1933 1564 2187 1604 reveren-

614 1632 745 1686 tiam
778 1635 868 1703 qui
910 1634 1020 1689 illic
1068 1636 1306 1705 legitime
1334 1637 1776 1706 perliciebantur,
1829 1640 1931 1709 ipsi
1966 1654 2185 1710 quoque

616 1740 648 1778 a
693 1727 873 1794 priore
899 1730 1294 1785 consuetudine
1328 1731 1579 1786 recedent
1612 1742 1834 1801 propter
1864 1742 2182 1803 regnantem

616 1816 729 1870 illic
758 1817 1135 1874 confusionem
1168 1835 1231 1873 ac
1260 1822 1750 1891 perturbationem.
1788 1839 1817 1876 ιι
1849 1825 2011 1878 solito
2049 1834 2186 1878 tem-

615 1909 689 1979 pli
735 1925 960 1967 accessu
1001 1911 1267 1969 deterriti.
1302 1912 1415 1967 lloc
1457 1915 1601 1969 enim
1647 1916 1953 1986 signiﬁcant
2000 1918 2184 1983 verba,

619 2001 956 2074 «dispergere
984 2010 1369 2059 testamentum
1427 2020 1632 2069 meum,
1685 2006 1827 2075 quod
1887 2015 2185 2063 statueram

617 2105 739 2143 cum
767 2093 1018 2149 omnibus
1042 2100 1199 2149 terrae
1222 2095 1456 2165 populis.
1473 2116 1490 2148 ι
1508 2099 1642 2155 Dicit
1658 2097 1914 2151 nimirum
1934 2114 1946 2150 :
1967 2100 2186 2154 Curabo

619 2191 679 2234 ut
717 2182 951 2248 desinat,
999 2187 1141 2254 quod
1180 2187 1247 2239 ab
1290 2189 1566 2242 extraneis
1602 2190 1763 2243 etiam
1799 2198 1955 2244 antea
1991 2192 2184 2258 ﬁebat;

617 2272 849 2339 propriae
889 2272 1097 2328 scilicet
1137 2290 1379 2343 personae
1423 2277 1876 2341 accommodans,
1925 2278 2069 2348 quod
2119 2294 2187 2341 ex

619 2363 847 2416 aliorum
898 2365 1098 2418 malitia
1129 2367 1496 2434 contingebat.
1547 2366 1909 2433 Quamobrem
1960 2370 2072 2433 iraa,
2130 2380 2189 2425 ut

618 2455 933 2508 summatim
959 2457 1156 2522 dicam,
1188 2453 1426 2527 pessima
1467 2458 1620 2529 signa
1651 2462 2011 2530 apparebunt.

698 2719 865 2777 Vens.
892 2724 979 2788 il,
1004 2724 1092 2778 12.
1120 2754 1192 2766 —-
1228 2726 1324 2781 «Et
1357 2728 1445 2783 ﬁet
1481 2728 1751 2800 dispersio
1782 2730 1836 2786 in
1870 2731 1958 2788 die
1990 2732 2100 2800 illa,
2134 2741 2190 2789 et

619 2822 950 2883 cognoscent
978 2815 1269 2871 Chananazi
1300 2833 1430 2875 ονε-ε
1456 2834 1576 2889 quae
1600 2836 1684 2877 me
1709 2823 2027 2888 observant,
2060 2826 2187 2895 quia

618 2916 797 2957 sermo
842 2899 1057 2958 Domini
1108 2916 1255 2962 est.)
1295 2907 1471 2974 Tunc,
1516 2910 1712 2981 inquit,
1757 2912 1965 2969 desinet
1998 2916 2191 2971 adver-

618 2991 890 3046 sariorum
910 3009 1037 3064 erga
1063 2999 1325 3067 templum
1348 3015 1526 3054 meum
1548 3001 1893 3073 obsequium,
1918 3005 2188 3061 dissoluto

618 3083 699 3137 sic
729 3083 932 3140 foedere
957 3087 1102 3155 quod
1129 3103 1251 3143 cum
1284 3090 1391 3147 illis
1426 3094 1768 3162 pepigeram:
1806 3098 2027 3167 notique
2057 3096 2186 3152 ﬂent

617 3171 781 3225 etiam
812 3176 1086 3232 extraneis
1110 3180 1333 3247 quinam
1362 3197 1489 3237 vere
1518 3184 1621 3238 mei
1649 3186 1779 3249 sint,
1814 3196 1867 3241 et
1893 3189 2186 3245 voluntatis

620 3277 753 3318 meae
788 3266 1144 3324 observanda
1195 3273 1329 3326 satis
1368 3274 1631 3329 solliciti:
1687 3287 1742 3331 et
1771 3280 1915 3348 quod
1947 3280 2188 3336 divinum

617 3355 899 3412 decretum
938 3360 1201 3430 improbis
1256 3368 1397 3419 mala
1450 3367 1729 3437 immittit;
1787 3372 2006 3427 virtutis
2060 3388 2193 3428 vero

619 3445 905 3508 studiosis,
937 3447 1064 3503 licet
1092 3452 1302 3519 paucis,
1334 3468 1522 3509 curam
1554 3457 1777 3510 multam
1802 3457 2098 3527 impendit;
2133 3466 2191 3513 ut

624 3547 750 3587 vere
791 3548 1046 3606 appareat
1094 3554 1268 3595 meam
1322 3544 1459 3612 ipsis
1501 3545 1794 3599 amicitiam
1843 3548 1996 3600 lucro
2029 3562 2187 3615 esse;

621 3634 893 3693 quatenus
930 3636 1136 3683 tantam
1176 3631 1281 3685 mei
1316 3633 1711 3702 providentiam
1760 3637 2082 3702 sortiuntur,
2132 3646 2191 3692 ut

621 3715 953 3774 adversariis
978 3722 1165 3776 multis
1185 3730 1346 3792 atque
1371 3727 1681 3793 potentibus
1706 3726 1864 3782 facile
1891 3730 2186 3798 potiantur.

625 3806 827 3863 Deinde
877 3817 937 3863 ut
984 3813 1236 3867 ostendat
1286 3816 1535 3886 egregios
1585 3832 1810 3873 suorum
1862 3836 2063 3885 mores,
2124 3822 2192 3877 de

622 3898 947 3957 Macbabreis
993 3904 1207 3959 scilicet
1254 3906 1508 3977 loquens,
1559 3909 1652 3979 qui
1687 3925 1785 3979 pro
1818 3919 1978 3981 gente
2007 3922 2061 3967 et
2094 3930 2191 3984 pro

619 3991 821 4048 divinis
871 3993 1081 4064 legibus
1134 3996 1332 4053 bellum
1385 4008 1578 4055 contra
1630 4002 1981 4059 Macedonum
2028 4006 2191 4078 347

620 4098 775 4154 reges
801 4096 1113 4155 gesserunt,
1163 4089 1353 4145 addit:
1411 4109 1429 4142 ι
1453 4090 1518 4145 Et
1543 4092 1722 4148 dicam
1750 4095 1862 4150 eis:
1896 4096 1951 4151 Si
1989 4099 2190 4153 bonum

617 4184 702 4229 est
730 4174 786 4229 in
815 4186 1113 4246 conspectu
1143 4188 1347 4247 vestro,
1379 4181 1504 4239 date
1531 4185 1835 4241 mercedem
1868 4202 2068 4257 meam,
2097 4197 2193 4244 aut

622 4266 896 4321 renuite.»
940 4268 1267 4341 Tantopere,
1311 4273 1507 4343 inquit,
1547 4277 1701 4345 probi
1749 4286 1913 4333 erunt
1944 4296 2073 4351 erga
2104 4296 2193 4337 me

622 4356 889 4429 ﬁrmique,
951 4368 1007 4415 ut
1051 4377 1152 4433 ego
1199 4363 1522 4423 fiducialiter
1550 4368 1629 4424 eis
1656 4371 1837 4426 dicere
1865 4387 2094 4442 queam:
2133 4375 2189 4430 Si

2284 538 2571 604 ἐκλιπέτω,
2599 541 2692 593 καὶ
2716 540 2782 594 τά
2804 540 3106 593 κατάλοιπα
3147 539 3467 593 κατεσθιέτω
3492 544 3669 615 ἕκαστος
3686 573 3749 620 τι,

2284 631 2490 701 σάρκας
2512 631 2606 684 τοῦ
2640 632 2863 702 πλησίον
2875 632 3058 686 αὑτοῦ.
3088 651 3107 684 ι
3149 631 3373 701 ’Δφίημι
3400 632 3469 695 δὲ,
3498 640 3743 706 φησιν,ῑχα.

2283 738 2407 775 στον
2435 724 2499 775 ὲκ
2540 723 2638 793 τῆς
2667 722 2860 776 ἑαυτοῦ
2908 724 3107 787 κακίας
3145 723 3393 793 δέχεσθαι
3431 725 3515 793 τὴν
3537 734 3750 802 τιμωρίαν,

2282 810 2460 864 αὐτῶν
2488 811 2744 883 ἀλλήλους,
2768 812 3177 877 ἀναλισκόντων,
3201 815 3321 874 ταῖς
3337 829 3393 864 τε
3427 812 3548 883 ἐρισι
3571 822 3644 871 καὶ
3662 828 3745 880 ταῖς

2287 902 2489 976 μάχαις
2526 905 2620 958 καὶ
2646 908 2712 976 τῇ
2742 906 2841 976 τῆς
2880 904 3171 972 ἐπιϐουλῆς
3214 904 3490 975 ἐμμελείᾳ.
3524 925 3540 958 ι
3570 912 3655 965 Καὶ
3694 928 3737 987 λη

2282 994 2455 1065 ψομαι
2477 993 2574 1065 τὴν
2598 994 2792 1063 ῥάϐδον
2812 1012 2914 1064 μου
2941 995 3039 1065 τὴν
3069 994 3239 1064 καλὴν
3256 996 3347 1047 καί
3374 996 3626 1069 ἀπορρίψω
3641 1004 3752 1076 αὐτὴν.

2284 1085 2378 1138 τοῦ
2407 1085 2754 1139 διασκεδάσαι
2784 1087 2880 1155 τὴν
2900 1085 3164 1155 διαθήκην
3183 1102 3308 1155 μου,
3338 1086 3403 1155 ἢν
3426 1085 3642 1161 διεθέμην
3667 1098 3753 1166 πρὸ,

2285 1179 2491 1241 πάντας
2514 1180 2640 1240 τοὺς
2684 1177 2858 1241 ,λαοὺς
2893 1177 2993 1247 τῆς
3027 1178 3147 1248 γῆς.
3181 1197 3197 1229 ι
3250 1177 3457 1245 Ἀφελῶ
3486 1179 3542 1250 δὴ
3563 1184 3737 1252 τὴνδοιι

2289 1269 2540 1341 μωτάτην
2568 1269 2661 1322 καί
2692 1268 2924 1340 ἀρίστην
2948 1268 3263 1340 ἱερωσύνην,
3296 1268 3388 1321 καὶ
3416 1273 3567 1338 χαμαί
3591 1291 3669 1327 που
3685 1295 3743 1333 κει

2288 1360 2455 1431 μένην
2485 1359 2588 1413 ὑπὸ
2646 1359 2754 1412 τῶν
2812 1357 3226 1413 καταϐαλόντων
3256 1360 3442 1427 αὐτὴν,
3466 1361 3547 1430 ἀφ’
3570 1358 3624 1434 ἧς
3649 1384 3743 1436 μετα

2286 1452 2468 1522 στήσω
2507 1451 2600 1505 καὶ
2626 1451 2692 1504 τὰ
2717 1450 2822 1505 τῶν
2848 1451 3003 1514 ἐκτὸς
3025 1450 3117 1505 τοῦ
3155 1450 3340 1514 ἔθνους
3366 1452 3496 1523 πρὸς
3515 1456 3761 1515 τούναντίον,

2286 1546 2348 1595 Οἰ
2376 1544 2483 1613 γὰρ
2520 1545 2583 1596 ἐκ
2611 1542 2716 1596 τῶν
2763 1542 3057 1614 ἀλλοτρίων
3081 1544 3219 1614 μετὰ
3243 1542 3443 1612 πολλῆς
3469 1547 3759 1620 πρότεροντῆ,

2287 1630 2593 1701 προθυμίας
2652 1631 2744 1683 ἐπὶ
2791 1631 2883 1684 τὸν
2927 1632 3050 1684 ναὸν
3094 1632 3513 1701 κατατρέχοντες
3559 1634 3631 1687 τὸν
3660 1639 3762 1705 ἐμὸν,

2286 1723 2428 1775 αἰδοῖ
2456 1722 2564 1773 τῶν
2596 1721 2782 1776 αὐτόθι
2802 1722 3046 1793 νομίμως
3067 1724 3482 1792 ἐκτελουμένων,
3512 1725 3745 1796 rima-riam

2286 1834 2372 1869 ται
2397 1817 2487 1868 καὶ
2514 1811 2656 1869 οὗτοι
2689 1815 2857 1868 ταῦτα
2889 1816 3026 1870 αὐτὰ
3063 1819 3235 1869 ποιεῖν
3264 1815 3369 1868 ὑπὸ
3410 1816 3503 1886 τῆς
3543 1821 3766 1891 κρατούσης

2284 1907 2353 1961 τὰ
2383 1907 2571 1960 αὐτόθι
2618 1906 2929 1977 συγχύσεώς
2958 1926 3019 1961 τε
3052 1908 3145 1961 καί
3171 1906 3459 1975 ἀκοσμίας,
3487 1908 3659 1962 ἀνιέναι
3684 1927 3765 1961 συν-

2286 2000 2429 2070 ήθως
2452 2002 2530 2062 εἰς
2554 2000 2642 2053 τὸν
2664 2000 2789 2052 ναὸν
2818 2000 3168 2070 κωλυόμενοι.
3194 1999 3364 2053 Τοῦτο
3390 1996 3477 2053 οὖν
3496 2000 3638 2067 λέγει,
3657 2019 3670 2050 ι
3688 2002 3768 2053 Δια·

2289 2092 2542 2145 σκεδάσαι
2572 2092 2670 2163 τὴν
2683 2090 2946 2161 διαθήκην
2976 2108 3100 2161 μου,
3131 2091 3195 2161 ἢν
3225 2090 3477 2161 διεθέμην
3493 2091 3612 2161 πρὸς
3627 2092 3767 2167 πάντας

2286 2185 2411 2246 τοὺς
2462 2181 2622 2245 λαοὺς
2675 2183 2773 2253 τῆς
2815 2183 2919 2252 γῆς
2942 2200 2955 2213 ·
2996 2202 3013 2234 ι
3042 2184 3129 2235 ἵνα
3170 2183 3322 2252 είπῃ,
3349 2182 3429 2235 ὅτι
3465 2181 3638 2235 Παύσω
3662 2180 3769 2233 τοῦτο

2287 2278 2587 2347 γινόμενον,
2618 2277 2647 2329 δ
2679 2278 2771 2329 καὶ
2796 2276 2946 2347 παρὰ
2978 2275 3085 2328 τῶν
3133 2274 3425 2346 ἀλλοτρίων
3450 2274 3659 2342 ἐγίγνετο
3684 2276 3771 2343 πρό-

2286 2384 2441 2439 τερον
2465 2384 2478 2397 ⁸
2514 2366 2590 2437 τῷ
2627 2367 2809 2437 οἰκείῳ
2848 2365 3123 2438 προσώπῳ
3170 2366 3330 2418 πάλιν
3391 2366 3651 2435 περιτιθεὶς
3672 2368 3774 2417 τὸέκ

2287 2460 2384 2530 τῆς
2415 2461 2613 2531 ἐτέρων
2642 2459 2936 2530 συμϐαῖνον
2990 2459 3187 2521 κακίας
3212 2475 3226 2486 ’
3258 2457 3399 2510 ὥστε
3441 2458 3593 2527 ὀργῆς
3621 2457 3772 2515 αὐτοὺς,

2290 2551 2568 2622 συντόμως
2615 2552 2807 2618 εἰπεῖν,
2851 2551 3065 2605 ἅπαντα
3112 2549 3181 2603 τὰ
3214 2550 3385 2621 χείρω
3426 2547 3674 2617 φαίνεσθαι
3712 2564 3775 2616 ση·

2292 2645 2435 2713 μεῖα.

2361 2734 2509 2804 Στίχ.
2540 2732 2630 2796 ια’,
2665 2733 2749 2803 ιβ’.
2778 2764 2847 2775 --
2892 2749 2912 2786 ι
2943 2732 3055 2786 Καὶ
3109 2730 3607 2800 διασκεδασθήσεται
3651 2729 3694 2781 ἐν
3733 2729 3776 2795 τῇ

2289 2827 2472 2898 ήμέρᾳ.
2505 2826 2707 2896 ἐκείνῃ,
2731 2824 2805 2893 (p.
2829 2823 2955 2894 515)
2982 2824 3076 2877 καὶ
3092 2822 3393 2891 γνώσονται
3419 2823 3465 2874 οἱ
3486 2822 3723 2873 Χαναναῖοι
3738 2817 3780 2868 τὰ

2288 2916 2535 2988 πρόϐατα
2564 2917 2631 2969 τὰ
2673 2916 3058 2986 φυλασσόμενα
3092 2931 3181 2985 με,
3222 2914 3358 2967 διότι
3408 2915 3436 2966 ὁ
3464 2913 3607 2979 λόγος
3636 2909 3777 2977 Κυρίου

2288 3003 2425 3059 ἐστί.
2459 3024 2478 3055 ι
2517 3005 2669 3068 Τότε,
2709 3005 2861 3074 φησι,
2903 3003 3167 3057 παύσεται
3205 3004 3304 3074 μὲν
3330 3003 3365 3073 ή
3400 3002 3544 3072 παρὰ
3573 3000 3662 3052 τῶν
3680 3001 3781 3049 im-

2289 3096 2419 3150 τίων
2449 3098 2527 3160 είς
2553 3097 2642 3149 τὸν
2671 3096 2796 3150 ναὸν
2816 3096 3073 3166 γινομένη
3109 3095 3398 3165 θεραπεία,
3426 3090 3779 3161 συγκαταλυομὲ-

2289 3204 2387 3257 νης
2405 3187 2481 3251 ὡς
2506 3189 2651 3252 εἰκὸς
2676 3188 2851 3259 τούτῳ
2869 3190 2967 3257 τῆς
2986 3187 3249 3258 διαθήκης
3276 3189 3343 3257 ἦν
3374 3188 3509 3256 πρὸς
3528 3186 3690 3244 αὐτοὺς
3708 3182 3783 3235 ἐθί-

2295 3296 2427 3349 μην·
2456 3279 2668 3332 ἔσονται
2692 3278 2747 3332 δέ
2767 3278 3033 3350 γνώριμοι
3054 3280 3150 3334 καὶ
3176 3283 3288 3341 τοῖς
3304 3278 3595 3348 ἀλλοτρίοις
3620 3276 3785 3332 οἰδντως

2291 3369 2436 3441 ἐμοὶ,
2479 3372 2574 3424 καί
2631 3370 2828 3442 πολλὴν
2868 3372 2964 3440 τῆς
2996 3371 3105 3424 τῶν
3142 3371 3265 3441 ἐμοὶ
3294 3370 3589 3424 δοκούντων
3611 3362 3786 3435 φυλακῆς

2292 3458 2503 3530 ἔχοντες
2537 3460 2635 3529 τὴν
2683 3460 2967 3531 φροντίδαο
2995 3461 3088 3513 καί
3131 3461 3211 3512 ὅτι
3247 3461 3376 3530 ὅρος
3412 3458 3494 3520 τίς
3525 3452 3786 3511 ἐστιθεῖοςί

2290 3553 2416 3615 τοὺς
2450 3550 2547 3621 μὲν
2578 3551 2883 3622 μοχθηροὺς
2935 3552 3123 3614 ἐκδοὺς
3154 3555 3265 3613 τοῖς
3306 3552 3536 3622 χείροσι,
3569 3549 3660 3601 τῶν
3682 3548 3723 3599 δὲ
3750 3545 3788 3594 τὶ

2290 3643 2409 3696 δέον
2459 3642 2808 3714 ζητουμένων
2869 3644 2965 3696 καὶ
3019 3642 3217 3710 ὀλίγων
3261 3643 3439 3695 ὅντων
3490 3642 3620 3695 οὕτω
3650 3636 3787 3699 πολλὴν

2293 3733 2615 3804 ποιούμενος
2638 3734 2736 3803 τῆς
2764 3733 2904 3803 ἐμῆς
2928 3733 3255 3802 οἰκειότητος
3279 3731 3470 3785 αὐτῶν
3501 3727 3710 3799 γίνεσθαι
3730 3725 3790 3792 δὴ·

2291 3825 2410 3879 λον’
2442 3826 2500 3893 ἐξ
2532 3819 2605 3879 ὧν
2644 3826 2911 3896 τοσαύτης
2968 3825 3242 3891 ἀξιοῦνται
3277 3825 3383 3895 τῆς
3407 3825 3533 3896 παρ’
3562 3820 3674 3891 ἐμοῦ
3699 3833 3789 3886 apo.

2292 3919 2458 3983 νοίας,
2513 3919 2589 3983 ώς
2623 3919 2717 3973 καί
2764 3918 2874 3973 τῶν
2909 3919 3166 3973 ἐναντίων
3212 3918 3431 3972 πολλῶν
3462 3933 3521 3971 τε
3546 3916 3688 3971 ὄντων
3730 3911 3791 3963 καὶ

2290 4008 2529 4062 δυνατῶν
2570 4008 2765 4078 ῥᾳδίως
2818 4010 3056 4078 κρατεῖν.
3086 4008 3219 4061 Εἶτα
3250 4007 3575 4079 βουλόμενος
3601 4002 3729 4064 δεῖξις
3753 3998 3789 4049 τό

2291 4098 2511 4171 δόκιμον
2533 4099 2628 4152 τοῦ
2660 4099 2863 4170 τρόπου
2907 4098 3016 4152 τῶν
3048 4100 3289 4164 οἰκείων,
3320 4099 3473 4167 λέγει
3499 4098 3554 4151 δὲ
3584 4095 3686 4155 τοὺς
3708 4088 3792 4155 7:5?-

2290 4190 2400 4243 τῶν
2452 4189 2844 4253 Μακκαϐαίων,
2874 4189 2923 4242 οἶ
2971 4190 3063 4243 τὸν
3110 4190 3252 4260 ὑπὲρ
3284 4189 3384 4243 τοῦ
3420 4189 3597 4249 ἔθνους
3628 4185 3701 4259 καὶ
3723 4178 3792 4230 τῶν

2290 4282 2469 4354 νόμων
2496 4282 2602 4335 τῶν
2632 4280 2790 4335 θείων
2820 4281 3056 4352 πόλεμον
3083 4282 3218 4353 πρὸς
3244 4282 3374 4344 τοὺς
3400 4280 3510 4334 τῶν
3540 4273 3792 4333 Μακεδόνων

2292 4374 2496 4427 εἴλοντο
2540 4372 2813 4442 βασιλέας,
2850 4372 3062 4440 ἐπάγειο
3106 4390 3125 4423 ι
3167 4373 3276 4425 Καὶ
3313 4370 3431 4443 ἐρῶ
3470 4370 3600 4439 πρὸς
3628 4363 3793 4423 αὐτούς’

622 4449 777 4503 vobis
809 4452 986 4521 placet
1010 4455 1141 4510 mihi
1186 4471 1310 4512 esse
1354 4460 1634 4528 subjectis,
1691 4470 1745 4518 et
1787 4477 1920 4518 meae
1962 4465 2186 4521 subesse

2293 4465 2358 4519 Εἰ
2390 4463 2549 4519 καλὸν
2598 4462 2824 4517 ἐνώπιον
2880 4463 3033 4534 ὑμῶν
3066 4464 3203 4526 ἐστι,
3230 4463 3351 4516 δότε
3381 4462 3475 4515 τὸν
3502 4458 3670 4532 μισθόν
3713 4470 3793 4524 μου.

625 4542 900 4607 potestati,
951 4545 1137 4615 utique
1183 4549 1416 4618 praebete
1467 4552 1599 4607 mihi
1633 4553 2021 4612 benevolentiae
2054 4557 2186 4614 obe-

2292 4559 2327 4630 ἢ
2357 4556 2679 4612 ἀπείπασθε.
2707 4574 2725 4609 ι
2747 4555 2903 4609 Οὕτω
2916 4555 3044 4626 γὰρ,
3077 4555 3259 4625 φησιν,
3280 4545 3796 4621 ἓσονταιδόκιμοιπερὶ

624 4627 950 4701 dientiaeque
978 4644 1171 4689 vestrae
1198 4640 1715 4702 remunerationem.
1747 4640 1906 4708 Quod
1942 4644 1987 4698 si
2015 4645 2186 4699 mole-

2293 4627 2397 4723 ἐμὲ
2428 4651 2525 4705 καὶ
2580 4649 2806 4719 βέϐαιοι,
2854 4647 2997 4701 ὥστε
3035 4646 3342 4718 θαρροῦντά
3399 4663 3467 4717 με
3504 4642 3629 4715 πρὸς
3660 4638 3795 4696 αὑτάά

624 4727 770 4775 stum
796 4724 952 4780 vobis
979 4736 1083 4792 est,
1117 4728 1188 4784 ob
1215 4737 1456 4787 vestrum
1486 4747 1613 4803 erga
1642 4748 1728 4788 me
1756 4735 2077 4805 obsequium
2106 4743 2186 4791 tot

2293 4741 2469 4809 λέγειν
2506 4742 2611 4805 ὅτι,
2639 4740 2702 4792 ΕΞ
2732 4740 2831 4809 μὲν
2860 4738 3087 4808 ἀρεστὸν
3125 4738 3251 4807 ὑμῖν
3279 4738 3341 4790 τὸ
3373 4738 3469 4790 ὑπ’
3508 4736 3622 4807 ἐμοί
3642 4750 3689 4785 τε
3708 4726 3797 4783 εἶναι

622 4814 767 4868 mala
812 4819 1089 4886 experiri,
1142 4830 1277 4891 quot
1326 4839 1473 4879 nunc
1529 4825 1598 4879 ab
1645 4826 1893 4881 hostibus
1947 4827 2186 4897 perferre

2293 4834 2388 4887 καί
2411 4834 2511 4903 τῆς
2539 4831 2855 4892 ἐπιστασίας
2883 4828 3160 4896 ἀξιοῦσθαι
3187 4829 3285 4898 τῆς
3316 4830 3485 4899 ἐμῆς,
3516 4829 3604 4881 καὶ
3626 4825 3679 4893 δὴ
3704 4836 3795 4887 παρ’

619 4903 896 4973 cogimini,
934 4908 1207 4977 publicam
1236 4927 1265 4965 a
1312 4911 1597 4968 dominatu
1629 4932 1749 4971 meo
1782 4916 1944 4971 facite
1974 4928 2186 4988 aposta-

2292 4924 2445 4995 έχετέ
2476 4941 2565 4995 μοι
2589 4922 2689 4992 τῆς
2720 4920 2930 4983 εὐνοίας
2953 4920 3045 4973 καὶ
3072 4920 3450 5011 ἠςνὺπακοῆς
3475 4921 3571 5011 τῆς
3600 4912 3798 5011 ὑμετέρας

619 4996 781 5055 siam.
824 4998 1069 5071 Namque
1118 5004 1171 5059 id
1213 5006 1389 5063 simile
1413 5020 1497 5063 est
1527 5006 1741 5064 Domini
1774 5011 1842 5064 ad
1893 5011 2186 5084 discipulos

2289 5015 2382 5069 τὸν
2417 5012 2607 5085 μισθόν
2626 5027 2640 5042 °
2665 5013 2715 5065 εἰ
2768 5011 2824 5064 δὲ
2851 5011 2987 5081 βαρὺ
3012 5009 3071 5063 τὸ
3100 5010 3236 5081 πρὸς
3266 5010 3369 5080 ἐμὲ
3398 5009 3645 5069 νεύοντας
3672 4999 3799 5055 τοσηῇ-

618 5088 806 5144 dicto:
865 5090 1042 5146 «Num
1094 5110 1189 5151 vos
1235 5113 1455 5168 quoque
1499 5101 1664 5157 vultis
1691 5103 1841 5157 abire
1863 5104 1989 5157 ⁷⁵ἳ»
2048 5105 2186 5174 quod

2290 5123 2398 5159 των
2428 5102 2720 5174 πειρᾶσθαι
2767 5101 2975 5165 κακῶν,
3011 5100 3182 5154 ὁπόσα
3223 5116 3327 5171 περ
3383 5099 3665 5168 ὑπομένειν

618 5195 752 5237 sane
782 5183 927 5239 haud
970 5200 1064 5242 eos
1093 5190 1374 5247 avertendi
1407 5207 1573 5248 causa
1603 5209 1633 5248 a
1680 5196 1956 5251 consortio
1989 5199 2186 5264 aiebat,

2293 5198 2524 5263 κάζεσθε
2549 5196 2644 5250 νῦν
2679 5194 2828 5266 παρά
2847 5193 2958 5247 τῶν
3001 5192 3293 5263 πολεμίων,
3319 5192 3572 5263 φανερὰν
3608 5188 3690 5257 τῆς
3709 5183 3800 5250 ἐμῆς

618 5274 713 5329 sed
742 5283 800 5330 ut
829 5276 932 5333 hoc
960 5279 1107 5335 dicto
1130 5280 1396 5341 ﬁrmiores
1417 5286 1669 5342 elliceret.
1703 5286 1827 5342 Pari
1860 5288 2021 5343 modo
2046 5305 2186 5346 nunc

2295 5289 2616 5352 ἐπιστασίας
2685 5284 2985 5357 ποιήσασθε
3038 5283 3134 5354 τὴν
3186 5282 3549 5354 παραίτησιν.
3616 5283 3680 5349 (p.
3719 5272 3803 5374 Sit:

618 5363 771 5431 dicit,
826 5382 886 5423 se
932 5368 1255 5429 ﬁducialiter
1286 5374 1429 5431 hanc
1472 5376 1582 5433 illis
1635 5380 1909 5447 optionem
1959 5379 2186 5445 offerre;

2295 5383 2522 5453 Ὅμοιον
2562 5381 2672 5452 γάρ
2720 5381 2836 5433 ἐστι
2889 5378 2969 5448 τῷ
3007 5376 3157 5447 παρὰ
3203 5375 3293 5429 τοῦ
3328 5375 3545 5446 Κυρίου
3584 5373 3699 5440 πρὸς
3722 5363 3803 5419 τοὺς

621 5456 792 5524 probe
838 5460 1021 5517 sciens
1057 5462 1174 5520 fore
1202 5475 1261 5521 ut
1294 5467 1487 5522 malint
1515 5468 1742 5524 molesta
1772 5472 1999 5541 perpeti,
2028 5488 2186 5543 quam

2297 5473 2543 5545 μαθητὰς
2568 5471 2861 5544 εἰρημένῳ,
2891 5488 2909 5521 ι
2937 5470 3027 5541 Μὴ
3055 5469 3148 5522 καὶ
3171 5469 3329 5538 ὑμεῖς
3357 5467 3548 5520 θέλετε
3577 5461 3802 5559 utrorum:

621 5548 847 5605 meliore
869 5560 1018 5609 sorte
1040 5555 1289 5615 fruentes
1311 5564 1465 5615 extra
1491 5576 1669 5616 meum
1692 5563 2028 5620 dominatum
2051 5565 2186 5622 ﬁeri.

2292 5566 2430 5636 ὅπερ
2458 5564 2557 5618 οὐκ
2590 5560 2916 5633 ἀποτρέπων
2943 5558 3141 5621 αὐτοὺς
3165 5558 3410 5612 συνεῖναι
3445 5555 3613 5622 λέγει,
3633 5548 3738 5603 an:
3766 5545 3806 5609 τὲ

694 5726 739 5757 ⁷⁸
778 5726 936 5786 Joan.
978 5747 1073 5797 vn,
1114 5736 1201 5789 68.
