3934 6524
179 360 259 418 581
1105 347 1659 406 COMMENTARIUS
1694 348 1761 402 IN
1803 348 2175 403 ZACHAHUE
2208 348 2362 403 CAP.
2400 348 2514 403 XII.

3294 354 3402 412 589

175 469 373 542 παρέξω
425 468 524 540 τὴν
569 466 837 537 βοήθειαν,
881 466 973 517 καὶ
1006 466 1093 518 διὰ
1140 465 1248 517 τῶν
1280 465 1414 535 πρὸς
1443 465 1543 533 τὴν
1584 463 1708 534 ἐμὴκ

1826 463 2072 531 intelligit
2105 470 2285 516 autem
2315 461 2673 525 Machabazos,
2705 471 2960 518 cunctam
3005 464 3221 521 hostilis
3246 468 3402 536 equi-

173 562 397 633 ὁρώντων
456 561 707 629 βοήθειαν
769 556 1039 627 (βούλεται
1088 558 1144 609 δὲ
1184 556 1292 608 τῶν
1344 555 1720 610 Μακκαόαίων

174 653 341 720 εἰπεῖν)
377 654 554 704 πᾶσαν
578 651 673 719 τὴν
712 648 943 719 ἱππικὴν
964 647 1075 703 τῶν
1100 649 1355 701 ἐναντίων
1390 647 1720 712 καταπλήξω

172 748 394 815 δύναμιν,
448 745 583 796 ὥστε
647 744 737 795 καὶ
788 742 915 804 τοὺς
964 740 1358 811 ἐπιόεὸηκότας
1402 740 1580 793 αὐτῶν
1638 741 1720 802 εἱς

172 839 377 907 παντελῆ
406 839 830 906 παραφροσύνην
858 834 933 904 τῷ
968 834 1182 905 μεγέθει
1212 835 1317 887 τῶν
1340 833 1522 887 κακῶν
1548 834 1720 903 ἐμπε-

172 934 281 985 σεῖν.
311 930 418 980 Καὶ
446 927 615 979 ταῦτα
640 928 736 996 μὲν
765 928 1041 997 περὶτοὺς
1072 926 1344 988 ἐναντίους
1376 924 1713 995 ἐργάσομαι·

166 1024 259 1084 τοῖς
281 1020 335 1073 δὲ
365 1021 428 1071 ἐκ
457 1020 553 1089 τῆς
594 1017 763 1071 Ἰούδα
816 1017 1008 1087 φυλῆς,
1038 1016 1094 1082 ἐξ
1122 1011 1302 1087 ἧσπερ
1359 1010 1498 1086 ἦσαν
1544 1016 1637 1067 καὶ
1668 1014 1718 1067 οἱ

164 1110 433 1183 ἡγούμενοι
469 1108 560 1161 τοῦ
595 1108 830 1178 πολέμου
866 1106 1235 1169 Μακκαὸαῐοι,
1267 1106 1366 1177 τήν
1403 1123 1461 1159 τε
1492 1105 1720 1175 ἐποψίαν

165 1204 241 1257 καί
262 1202 358 1272 τὴν
378 1201 703 1271 κηδεμονίαν
724 1198 946 1271 παρέξω
966 1200 1066 1269 τὴν
1089 1198 1248 1269 ἐμὴν,
1275 1198 1419 1251 ἅπαν
1449 1198 1556 1251 τῶν
1573 1200 1721 1251 ἐναν-

162 1295 271 1347 τίων
295 1292 359 1345 τὸ
386 1294 607 1345 ἱππικὸν
639 1292 713 1356 ὡς
730 1293 794 1346 ἂν
813 1292 1083 1361 τυφλώσει
1112 1293 1216 1345 τινὶ
1238 1291 1599 1361 περιϐάλλων,
1626 1292 1721 1346 καὶ

161 1384 306 1445 οὕτως
341 1384 620 1455 ἄπρακτον
649 1384 790 1436 κατά
810 1383 917 1436 τῶν
940 1384 1062 1454 ἐμοὶ
1090 1385 1474 1455 προσηκόντων
1499 1382 1669 1435 ποιῶν
1695 1398 1709 1413 ο

160 1476 258 1530 τότε
273 1475 334 1544 δὴ
362 1474 546 1528 λοιπὸν
576 1477 624 1528 οἰ
652 1475 941 1546 ἡγούμενοι
963 1476 1055 1529 τοῦ
1085 1476 1251 1529 Ἰούδα
1277 1476 1601 1547 ᾑσθήσονται
1629 1475 1711 1527 ὅτι

140 1582 248 1636 ,περ
272 1566 455 1629 αὐτοῖς
476 1566 625 1619 ἄδεια
652 1566 859 1620 δέδοται
908 1566 1059 1638 παρὰ
1108 1567 1203 1620 τοῦ
1233 1566 1367 1619 Θεοῦ
1407 1565 1501 1618 τοῦ
1550 1565 1708 1619 πάλιν

1828 561 1973 608 tatus
2002 555 2298 622 potentiam
2328 554 2694 618 terrefaciam,
2716 558 2786 611 ita
2814 566 2872 610 ut
2895 558 3106 627 equites
3134 561 3402 615 omnimo-

1826 644 1897 699 do
1927 653 2151 715 stupore
2174 646 2243 699 ob
2268 647 2535 699 malorum
2558 649 2987 717 magnitudinem
3012 651 3402 720 percellantur.

1826 746 1990 807 atque
2033 738 2149 791 haec
2177 738 2396 807 quidem
2428 737 2665 793 inimicis
2690 738 2884 793 faciam
2908 759 2921 793 :
2961 750 3015 793 at
3034 740 3186 797 Judze
3211 743 3401 809 tribui,

1825 846 1889 886 ex
1916 844 2023 899 qua
2054 828 2273 884 oriundi
2303 829 2570 899 erantqui
2602 830 2769 885 duces
2786 832 2910 887 belli
2940 833 3159 889 fuerunt
3188 834 3377 890 Macba

1826 918 1949 985 basi,
1976 920 2371 988 providentiam
2402 934 2699 989 curamque
2722 936 2895 976 meam
2926 923 3255 994 impendam,
3284 927 3405 981 uni-

1818 1027 2037 1065 versum
2057 1012 2296 1065 hostium
2316 1006 2622 1081 equitatum
2646 1013 2803 1081 quasi
2822 1015 3066 1071 caecitate
3083 1018 3401 1074 obstruens.

1817 1115 1980 1173 atque
2012 1108 2085 1157 ita
2128 1104 2428 1158 invalidum
2463 1106 2728 1157 adversus
2760 1119 2914 1159 meos
2948 1106 3251 1163 familiares
3280 1108 3401 1163 elﬁ-

1818 1194 1994 1249 ciens.
2026 1191 2182 1245 Tunc
2208 1208 2337 1247 vero
2365 1192 2535 1247 duces
2562 1190 2718 1247 Iuda:
2746 1192 3060 1263 gaudebunt
3084 1194 3265 1249 datam
3296 1196 3397 1251 sibi

1818 1302 1847 1339 a
1880 1284 1991 1341 Deo
2015 1284 2329 1339 facultatem
2372 1283 2633 1340 redeundi
2666 1284 3007 1341 Hierusalem
3042 1287 3399 1351 conﬁdenter,

1818 1377 2003 1446 ibique
2033 1394 2156 1431 cum
2187 1381 2369 1448 priore
2409 1380 2773 1449 prosperitate
2820 1379 3128 1443 habitandi,
3170 1382 3402 1435 servatis

1816 1472 2072 1526 omnibus
2100 1487 2221 1542 qua:
2255 1472 2366 1525 illic
2405 1473 2612 1526 servari
2644 1473 2801 1527 decet
2843 1473 3067 1539 olliciis,
3101 1474 3170 1528 ab
3203 1475 3271 1529 iis
3306 1473 3401 1544 qui

1815 1562 1929 1619 Deo
1958 1566 2069 1619 sint
2097 1565 2376 1635 placituri.
2407 1564 2605 1620 Postea
2636 1566 3025 1636 prosequitur:

156 1659 377 1711 ἀνελθεῖν
428 1675 487 1710 τε
516 1661 595 1721 εἰς
619 1657 714 1728 τὴν
748 1658 1100 1727 Ἰερουσαλὴμ
1152 1657 1288 1728 μετά
1330 1656 1642 1728 παρρησίας
1678 1654 1772 1708 καὶ⁸
1816 1655 1956 1725 μετά
2000 1656 2097 1725 τῆς
2138 1654 2371 1725 πρόσθεν
2407 1654 2576 1724 αὐτὴν
2633 1655 2801 1707 οἰκεῖν
2833 1655 3108 1725 εὐθηνίας,
3146 1657 3401 1710 ἁπάντων

156 1752 557 1823 ἐπιμελομένους
588 1748 662 1805 ὧν
709 1752 986 1825 προσῆκόν
1024 1753 1173 1805 ἐστιν
1212 1750 1585 1822 ἐπιμελεῖσθαι
1627 1750 1753 1813 τοὺς
1793 1748 2073 1812 οἰκοῦντας
2114 1750 2322 1814 αὐτόθι,
2354 1750 2403 1802 εἰ
2439 1748 2503 1819 δὴ
2553 1749 2794 1819 μέλλοιεν
2838 1751 3091 1823 ἀρέσκειν
3123 1752 3263 1824 Θεῷ.
3289 1750 3401 1806 Καὶ

153 1845 368 1915 καθεξῆς
400 1847 595 1915 ἐπάγει
618 1863 633 1876 ·

211 1939 350 2009 Στίχ.
371 1938 539 2009 ’ς’-η’.
570 1968 639 1981 -ο
671 1959 689 1991 t
711 1941 799 1993 Ἐν
821 1942 886 2011 τῇ
910 1940 1093 2013 ἡμέρα
1114 1940 1297 2013 ἐκείνῃ
1327 1938 1560 2009 θήσομαι
1587 1938 1708 2000 τοὺς

1891 1932 2050 2004 351
2080 1930 2250 1985 Vens.
2295 1930 2417 1985 6-8.
2458 1960 2529 1972 —
2573 1929 2711 1986 «Die
2757 1930 2847 1984 illa
2897 1944 3095 1999 ponam
3146 1930 3400 1988 tribunos

149 2032 443 2105 χιλιάρχους
470 2032 638 2086 Ἰούδα
663 2032 737 2095 ὡς
759 2033 914 2087 δαλὸν
938 2034 1107 2105 πυρὸς
1130 2036 1185 2087 ἐν
1208 2033 1425 2103 καλάμῃ
1450 2050 1461 2061 ·
1494 2032 1587 2084 καὶ
1612 2048 1711 2084 κα-

150 2126 465 2195 ταφάγονται
493 2126 555 2177 ἐκ
582 2124 772 2188 δεξιῶν
812 2126 906 2178 καὶ
937 2126 997 2190 ἐξ
1026 2124 1320 2195 εὐωνύμων
1348 2125 1553 2186 πάντας
1584 2122 1710 2186 τοὺς

148 2218 287 2280 λαοὺς
309 2216 576 2269 κύκλοθεν
599 2232 611 2244 ·
640 2218 731 2269 καὶ
754 2218 1067 2288 κατοικήσει
1113 2215 1417 2287 Ἰερουσαλὴ
1427 2232 1465 2284 μ
1485 2214 1563 2266 ἔτι
1586 2213 1709 2266 καθ⁹

150 2306 324 2377 ἑαυτὴν
349 2309 409 2359 ἐν
455 2307 844 2376 Ἰερουσαλὴμο
886 2306 971 2375 (p.
1009 2307 1103 2360 521
1134 2315 1151 2376 )
1188 2307 1280 2359 καλ⁵
1312 2304 1475 2359 σώσει
1505 2303 1709 2374 Κύριος

146 2402 204 2454 τὰ
252 2398 589 2469 σκηνώματα
626 2397 792 2450 Ἰούδα
838 2398 1019 2460 καθὼς
1063 2399 1157 2451 ἀπ’
1187 2398 1361 2469 ἀρχῆς
1384 2415 1397 2427 ·
1433 2392 1579 2461 ὅπως
1634 2395 1708 2468 μὴ

151 2489 501 2560 μεγαλύνηται
535 2486 793 2557 καύχημα
825 2486 972 2539 οἴκου
996 2484 1181 2551 Δαυῒδ,
1214 2486 1308 2538 καὶ
1342 2485 1571 2555 ἔπαρσις
1600 2484 1708 2536 τῶν

148 2578 529 2632 κατοικούντων
570 2577 925 2649 Ἰερουσαλὴμ
966 2577 1057 2629 ἐπὶ
1102 2577 1193 2631 τὸν
1242 2576 1459 2630 Ἰούδαν.
1504 2596 1523 2628 ι
1575 2576 1708 2628 Τότε

146 2671 414 2741 δὴ,φησἰν,
436 2668 609 2733 οὕτως
632 2670 881 2740 ἰσχυροὺς
904 2669 1206 2740 ἐργάσομαι
1227 2670 1351 2732 τοὺς
1373 2667 1709 2738 ἡγουμένους

146 2763 233 2831 τῆς
273 2762 447 2815 Ἰούδα
478 2761 649 2831 φυλῆς
672 2760 815 2813 κατὰ
848 2760 957 2813 τῶν
990 2760 1264 2831 πολεμίων
1283 2799 1297 2823 ,
1328 2759 1468 2812 ὣστε
1499 2760 1708 2821 πάντας

145 2853 320 2915 αὐτοὺς
365 2855 494 2914 ταῖς
522 2852 756 2921 πληγαῖς
787 2853 881 2905 καὶ
908 2852 985 2923 τῷ
1018 2853 1162 2922 φόνῳ
1188 2852 1343 2923 δίκην
1382 2850 1553 2923 πυρὸς
1584 2853 1706 2903 ἐπι-

144 2946 384 3016 νέμεσθαι
429 2945 608 3012 ξύλοις
659 2943 1159 3015 ἐπιπεπτωκότοςῆ
1210 2944 1432 3015 καλάμῃ
1462 2959 1476 2973 '
1535 2942 1706 3007 οὕτως

141 3040 293 3093 πολὺν
325 3039 582 3092 ἐντεῦθέν
608 3056 666 3092 τε
687 3038 939 3092 κάκεῖθεν
970 3040 1063 3091 καὶ
1085 3038 1420 3109 πανταχόθεν
1447 3040 1471 3090 ἐ
1480 3040 1708 3111 ργάσον-

142 3150 217 3186 ται
252 3134 410 3203 φόνον
439 3133 549 3186 τῶν
570 3132 824 3185 ἐναντίων
848 3145 863 3160 ⁸
896 3132 1310 3203 περιγενήσεται
1340 3131 1396 3185 δὲ
1423 3133 1487 3202 τῇ
1516 3131 1709 3200 Ἰερου-

143 3226 306 3295 σαλὴμ
329 3227 393 3278 τὸ
418 3226 480 3278 ἐν
506 3225 697 3297 εἰρήνῃ
729 3224 935 3292 διάγειν
958 3224 1159 3289 λοιπὸν,
1196 3223 1465 3295 μηδεμίαν
1486 3222 1707 3293 ὄχλησιν

1810 2025 1962 2079 Judae
1979 2027 2333 2079 sicuttorrem
2358 2025 2500 2093 ignis
2530 2024 2583 2077 in
2602 2023 2800 2094 stipula
2822 2039 2836 2088 ;
2865 2022 3204 2076 vorabuntur
3220 2039 3247 2074 a
3267 2022 3402 2077 dex-

1812 2120 1912 2173 tris
1932 2126 1985 2172 et
2010 2133 2039 2171 a
2070 2116 2316 2171 sinistris
2338 2130 2530 2171 omnes
2554 2117 2699 2170 circa
2724 2116 2975 2185 pepulos.
3030 2112 3095 2167 Et
3129 2114 3400 2170 habitabit

1811 2208 2149 2265 Hierusalem
2203 2208 2381 2263 adhuc
2408 2224 2503 2278 per
2536 2224 2595 2264 se
2618 2209 2672 2262 in
2696 2207 3125 2273 Hierusalem,et
3143 2208 3396 2263 servabit

1812 2301 2079 2357 Dominus
2114 2302 2464 2356 tabernacula
2491 2300 2648 2356 Iudae
2678 2302 2821 2356 sicut
2848 2301 2916 2356 ab
2937 2301 3095 2355 initio
3124 2341 3140 2365 ,
3166 2317 3235 2357 ne
3274 2316 3397 2356 am-

1812 2393 2367 2463 pliﬁceturjactantia
2403 2394 2603 2449 domus
2635 2392 2881 2457 Davidis,
2922 2400 2977 2446 et
3022 2392 3189 2447 elatio
3231 2393 3398 2448 habi-

1813 2498 2046 2543 tatorum
2077 2487 2416 2543 Hierusalem
2460 2501 2627 2557 super
2654 2486 2870 2541 Judam.
2898 2507 2917 2539 ι
2952 2486 3109 2541 Tunc
3134 2502 3289 2549 sane,
3315 2487 3399 2541 in-

1810 2581 1950 2650 quit,
1994 2591 2101 2634 tam
2153 2581 2364 2635 validos
2398 2579 2627 2633 elliciam
2681 2580 2851 2634 duces
2893 2580 3072 2635 tribus
3105 2580 3258 2635 ludat
3292 2580 3397 2634 ad-

1810 2687 2004 2727 versus
2035 2672 2240 2735 hostes,
2266 2679 2325 2724 ut
2361 2672 2460 2725 hos
2487 2686 2679 2725 omnes
2704 2671 3023 2725 vulneribus
3045 2670 3398 2739 caedibusque

1811 2769 2171 2828 consumant;
2205 2759 2437 2814 llatnma:
2471 2762 2646 2813 instar
2670 2775 2793 2829 quze
2826 2761 2880 2813 in
2918 2760 3062 2829 ligna
3092 2759 3174 2814 vel
3222 2762 3401 2827 stipu-

1812 2854 1920 2907 lam
1958 2852 2169 2908 incidit.
2201 2853 2351 2907 Adeo
2386 2853 2611 2906 multam
2639 2852 2768 2906 hinc
2798 2860 2855 2906 et
2888 2853 3036 2906 illinc
3059 2860 3113 2906 et
3159 2852 3399 2905 ubicun-

1810 2961 1917 3015 que
1947 2953 2184 3014 stragem
2213 2944 2738 2999 edentiuimicorum
2762 2946 2776 2999 ἰ
2812 2943 2967 2999 Tunc
2992 2945 3112 2998 urbi
3132 2943 3399 3000 Hierusa-

1812 3036 1915 3089 lem
1945 3035 2000 3089 in
2027 3050 2158 3105 pace
2182 3036 2379 3105 degere
2409 3035 2616 3098 licebit,
2657 3036 2864 3089 nullam
2902 3037 2968 3087 ab
2999 3036 3253 3103 hostibus
3278 3049 3399 3088 mo-

1812 3127 2021 3181 lestiam
2056 3127 2325 3197 patienti;
2354 3141 2437 3180 me
2462 3126 2672 3181 scilicet
2698 3124 2851 3181 Judaa
2883 3127 3086 3181 tribum
3121 3129 3283 3197 eique
3300 3125 3398 3180 ad-

1811 3217 1988 3274 dictos
2034 3218 2300 3281 salvaute,
2357 3225 2412 3272 et
2462 3217 2517 3271 iu
2566 3220 2807 3288 priorem
2856 3218 3175 3273 felicitatem
3216 3220 3401 3273 vindi-

139 3317 232 3370 ὑπὸ
259 3317 363 3370 τῶν
414 3317 677 3369 ἐναντίων
725 3315 1016 3388 δεχομένῃ,
1044 3315 1137 3369 an
1172 3316 1379 3379 πάντας
1412 3314 1547 3386 ἐμοῦ
1585 3316 1708 3377 τοὺς

1814 3320 1994 3366 caute.
2058 3310 2214 3365 Tunc
2263 3325 2396 3365 vero
2438 3310 2597 3365 bonis
2646 3311 2763 3365 suis
2820 3312 3128 3381 superbire,
3176 3309 3396 3368 Davidis

135 3404 224 3477 τῆς
253 3409 427 3462 ’ἰούδα
479 3408 685 3478 φυλῆς,
723 3408 850 3471 τούς
878 3425 936 3460 τε
973 3408 1346 3479 προσήκοντας
1378 3408 1558 3470 αὐτοῖς
1603 3423 1704 3458 πε-

142 3499 450 3570 ρισὼζοντος
485 3502 575 3554 καί
601 3502 692 3553 ἐπὶ
720 3500 817 3570 τὴν
844 3500 1077 3570 πρόσθεν
1108 3498 1475 3567 ἐπανάγοντος
1495 3499 1705 3569 εὐπρα-

137 3592 275 3656 γίαν·
307 3591 438 3643 τότε
472 3591 528 3642 δὲ
556 3588 651 3643 τοῦ
690 3590 790 3661 μὲν
822 3588 1031 3660 μεγάλα
1064 3591 1279 3657 φρονεῖν
1316 3589 1409 3641 ἐπὶ
1432 3591 1544 3651 τοῖς
1576 3588 1705 3640 ἐαυ-

138 3681 232 3732 τῶν
260 3682 489 3750 ἀγαθοῖς
510 3723 525 3746 ,
554 3682 607 3735 οἵ
634 3699 692 3734 τε
723 3683 786 3734 ἐκ
828 3680 923 3733 τοῦ
960 3678 1123 3731 Δαυῖδ
1160 3679 1255 3731 καὶ
1291 3679 1490 3742 πάντες
1522 3680 1570 3731 οἰ
1606 3678 1706 3747 τὴν

142 3772 496 3842 Ἰερουσαλὴμ
546 3772 821 3835 οἰκοῦντες
858 3772 1099 3824 Ἰουδαῖοι
1143 3769 1478 3823 παύσονται·
1515 3768 1707 3839 αἰσθή-

136 3878 304 3914 σονται
340 3864 398 3917 δὲ
448 3864 505 3928 ἐξ
524 3862 703 3916 αὐτῶν
737 3862 844 3914 τῶν
870 3860 1207 3931 πραγμάτων
1234 3861 1317 3913 ὅτι
1352 3858 1617 3930 πρότερόν
1645 3874 1705 3910 τε

131 3954 182 4004 ὲν
215 3953 550 4025 εὐπραγίαις
579 3949 718 4025 ἦσαν
750 3952 887 4024 ἐμοῦ
934 3951 1255 4024 βουλομένου
1279 3992 1293 4015 ,
1324 3951 1479 4004 ούθέν
1511 3953 1575 4004 ὲκ
1605 3950 1707 4021 τῆς

131 4047 322 4109 οἰκείας
354 4049 576 4109 ἐαυτοῖς
629 4049 931 4117 περιποιεῖν
981 4047 1262 4117 δυνάμεως
1292 4040 1394 4097 οἶοί
1441 4060 1501 4095 τε
1529 4042 1702 4107 ὄντες,

130 4138 215 4189 καὶ
248 4139 346 4207 τῆς
374 4138 521 4208 ἐμῆς
550 4138 946 4208 ἀποθληθέντες
986 4138 1308 4210 κηδεμονίας
1334 4137 1420 4190 διὰ
1448 4136 1545 4207 τὴν
1578 4137 1706 4189 ἐαυ-

128 4230 226 4280 τών
250 4231 560 4301 μοχθηρίαν
584 4230 928 4302 ὴλέγχθησαν
948 4230 1326 4285 ἀσθενέστατοί
1352 4246 1411 4282 τε
1440 4229 1591 4292 ὄντες
1612 4228 1706 4281 καὶ

125 4321 377 4391 οὐδεμίαν
408 4324 625 4385 ἑαυτοῖς
673 4322 921 4393 βοήθειαν
952 4323 1211 4395 παρέχειν
1248 4321 1565 4391 δυνάμενον
1612 4321 1705 4373 καὶ

126 4412 267 4474 ὅπως
285 4413 453 4467 τοῦτο
476 4415 766 4483 γενήσεται
791 4412 983 4481 λέγων,
1022 4415 1161 4467 «Καὶ
1188 4413 1337 4466 ἔσται
1358 4416 1415 4465 ἐν
1433 4415 1498 4482 τῇ
1523 4411 1704 4482 ἡμέρᾳ

123 4505 297 4577 ἐκείνῃ
359 4506 697 4576 ὐπερασπιεῖ
730 4503 932 4575 Κύριος
983 4505 1123 4574 ὑπὲρ
1167 4505 1274 4559 τῶν
1310 4502 1704 4558 κατοικούντων

134 4591 497 4665 Ἰερουσαλήμ
528 4610 543 4624 ·
602 4594 697 4646 καὶ
743 4592 896 4647 ἔσται
944 4594 973 4645 ὁ
1020 4592 1261 4646 ἀσθενῶν
1306 4594 1362 4645 ἐν
1412 4594 1593 4655 αὐτοῖς
1646 4594 1704 4644 ἐν

122 4685 295 4758 ἐκείνῃ
324 4690 396 4758 τῇ
428 4686 617 4757 ἡμέρα
645 4685 720 4748 ὡς
748 4684 910 4738 Δαυῖδ
928 4700 941 4714 ⁶
978 4686 1006 4736 ό
1032 4684 1086 4736 δὲ
1111 4679 1257 4747 οἰκος
1278 4682 1437 4736 Δαυῒδ
1458 4683 1533 4747 ὡς
1556 4678 1703 4745 οἰκος

120 4777 244 4831 Θεοῦ
268 4820 283 4842 ,
332 4780 414 4842 ὡς
450 4778 680 4846 ἄγγελος
706 4776 913 4849 Κυρίου
961 4776 1189 4829 ἐνώπιον
1218 4775 1403 4829 αὐτοῦ.
1441 4794 1460 4826 ι
1504 4774 1704 4845 Αἰσθὴ-

119 4886 293 4926 σονται
321 4870 444 4941 γὰρ
494 4871 615 4922 τότε
648 4872 712 4940 τῇ
760 4872 867 4940 ἐμῇ
899 4868 1117 4939 βοηθείᾳ
1144 4868 1394 4921 τοσοῦτον
1428 4867 1569 4921 κατά
1596 4867 1705 4920 τῶν

118 4962 375 5015 ἐναντίων
415 4961 711 5031 δυνάμενοι
756 4960 957 5023 πάντες
980 5000 995 5023 ,
1048 4960 1123 5030 (p.
1149 4959 1274 5029 522)
1311 4960 1386 5022 ὠς
1424 4958 1531 5030 πρὸ
1576 4957 1707 5032 βρα-

114 5052 246 5121 χέως
276 5054 563 5116 ἀσθενεῖς,
585 5053 642 5105 ἐν
672 5051 907 5122 τοσαύτῃ
925 5050 1283 5121 γνωρίζεσθαι
1312 5051 1534 5121 δυνάμει
1561 5050 1704 5104 κατὰ

110 5146 214 5196 τῶν
268 5145 565 5216 πολεμίων
587 5185 601 5208 ,
643 5145 699 5197 ἐν
732 5146 832 5218 ὅσῃ
879 5162 983 5215 περ
1031 5139 1209 5197 ὦπται
1240 5142 1403 5197 Δαυῒδ
1434 5143 1578 5197 κατά
1610 5143 1703 5196 τὸν

110 5241 307 5292 οἰκεῖον
333 5237 628 5309 καιρὸντῇ
666 5240 807 5315 ῥοπῇ
842 5241 906 5309 τῇ
950 5238 1098 5310 θείῳ
1136 5236 1288 5289 ἔσται
1314 5253 1372 5289 τε
1404 5234 1644 5305 ζηλωτὸς
1675 5234 1705 5287 ὀ

108 5325 248 5395 οἶκος
281 5331 385 5386 τοῦ
411 5332 583 5384 Δαυῒδ
614 5330 794 5391 πάλιν,
821 5332 915 5384 καὶ
936 5328 1375 5400 θαυμαζόμενος,
1416 5329 1509 5397 ἀφ’
1545 5323 1620 5381 ῶν
1652 5328 1701 5379 oi

105 5424 315 5476 ἐκεῖθεν
355 5425 462 5477 καὶ
486 5423 584 5493 τῆς
611 5424 817 5476 ἐκείνου
852 5422 1021 5494 φυλῆς
1051 5422 1145 5475 τοῦ
1175 5421 1304 5474 λαοῦ
1340 5420 1700 5491 προεστῶτες,

105 5518 361 5570 τοσοῦτον
410 5514 682 5586 ὤφθησαν
730 5515 1006 5585 ἰσχύοντες
1039 5514 1179 5568 κατά
1229 5513 1337 5566 τῶν
1386 5512 1704 5584 ἀλλοτρίων,

106 5608 176 5672 ὡς
226 5609 501 5670 ἅπαντας
546 5608 911 5677 καταφεύγειν
943 5607 1028 5660 ἐπ’
1076 5607 1271 5668 αὐτοὺς
1322 5605 1396 5668 ὡς
1426 5605 1514 5657 ἐπ’
1558 5599 1705 5657 οἷκον

105 5700 257 5763 “toﬁ,
291 5698 520 5768 πολλὴν
550 5700 659 5763 τοῖς
699 5698 1070 5767 καταφυγοῦσι
1102 5696 1409 5767 παρέχοντα
1453 5695 1551 5767 τὴν
1578 5694 1707 5766 βοή-

1810 3402 2018 3472 posteri
2078 3411 2133 3457 et
2188 3402 2383 3456 incola:
2429 3400 2773 3456 Hierusalem
2830 3401 3027 3469 Judaai,
3084 3404 3393 3458 desinent:

1807 3496 2046 3549 sentient
2081 3495 2228 3548 enim
2259 3509 2324 3548 ex
2366 3496 2531 3549 rebus
2566 3494 2725 3564 ipsis,
2765 3510 2825 3549 se
2854 3502 3014 3549 antea
3058 3511 3145 3549 me
3177 3495 3398 3551 valente

1808 3584 2002 3639 felices
2036 3584 2229 3648 fuisse,
2278 3584 2414 3639 nihil
2448 3593 2633 3639 tamen
2676 3585 2890 3641 viribus
2940 3588 3176 3656 pr0priis
3208 3602 3269 3642 se
3298 3601 3396 3641 ac-

1807 3679 2027 3748 quirere
2042 3676 2314 3747 potuisse:
2346 3687 2402 3732 et
2417 3691 2539 3729 mox
2560 3692 2588 3729 a
2616 3690 2733 3729 mea
2781 3677 2951 3731 tutela
2979 3677 3228 3733 desertos
3266 3693 3397 3748 pro-

1808 3776 1932 3841 pter
1960 3784 2113 3823 suam
2140 3769 2462 3837 nequitiam,
2484 3767 2889 3823 inﬁrmissimos
2918 3785 3041 3824 esse
3062 3779 3392 3840 compertos,

1808 3860 2130 3928 nullumque
2158 3860 2380 3914 sibimet
2422 3860 2732 3914 subsidium
2773 3858 2917 3914 ferre
2951 3860 3210 3915 valentes.
3246 3860 3397 3927 Quo-

1808 3950 1971 4004 modo
1998 3958 2179 4004 autem
2217 3950 2271 4004 id
2313 3952 2384 4005 sit
2435 3950 2681 4005 futurum
2743 3952 2952 4014 dicens,
3000 3971 3019 4002 ε
3045 3953 3110 4005 Et
3149 3952 3274 4014 erit,
3307 3952 3395 4005 in-

1807 4043 1943 4111 quit,
1981 4042 2069 4096 die
2100 4042 2189 4095 illa
2219 4052 2463 4112 proteget
2504 4042 2770 4099 Dominus
2810 4044 3151 4101 habitatores
3193 4043 3392 4099 Hieru-

1808 4133 2000 4187 salem.
2035 4131 2100 4185 Et
2129 4132 2232 4186 erit
2256 4133 2506 4189 inﬁrmus
2543 4136 2685 4189 inter
2734 4135 2861 4191 illos
2888 4143 3150 4204 tanquam
3190 4134 3385 4197 David,

1807 4233 1860 4277 et
1885 4223 2080 4278 domus
2102 4223 2323 4279 Davidis
2355 4233 2613 4295 tanquam
2650 4226 2848 4281 domus
2894 4226 3011 4289 Dei,
3061 4233 3121 4280 ut
3157 4225 3389 4295 angelus

1810 4314 2024 4369 Domini
2056 4331 2243 4370 coram
2278 4316 2419 4387 ipso.
2452 4338 2469 4370 ι
2529 4319 2778 4373 δειιιίιιηι
2825 4329 2955 4373 tunc
3006 4319 3078 4373 ob
3125 4319 3388 4372 auxilium

1807 4422 1987 4463 meum
2013 4415 2297 4479 tantopere
2323 4425 2514 4466 omnes
2544 4426 2604 4466 se
2635 4413 2817 4466 valere
2853 4412 3120 4465 adversus
3178 4411 3385 4471 hostes,

1808 4507 1867 4552 ut
1902 4499 1994 4569 qui
2029 4509 2186 4555 antea
2228 4500 2430 4555 inﬁrmi
2478 4510 2657 4565 erant,
2687 4510 2901 4556 tantum
2949 4518 3095 4556 nunc
3128 4510 3390 4557 exserant

1806 4600 1997 4645 contra
2033 4593 2218 4648 hostes
2242 4595 2504 4664 vigorem,
2535 4605 2798 4664 quantum
2831 4594 2980 4649 visus
2999 4604 3081 4649 est
3105 4603 3263 4648 atate
3289 4608 3389 4647 sua

1736 4664 1779 4716 θ
1810 4683 1977 4738 David
2031 4685 2231 4741 habere
2278 4702 2307 4739 a
2354 4687 2540 4741 divino
2588 4688 2869 4743 instinctu.
2920 4688 3145 4758 Eritque
3188 4688 3387 4742 iterum

1809 4774 2065 4843 aptabilis
2088 4776 2533 4847 admirabilisque
2557 4777 2753 4832 domus
2798 4777 3037 4844 Davtdis,
3093 4779 3221 4849 quia
3262 4793 3390 4849 pos-

1808 4865 1909 4919 teri
1947 4865 2129 4933 hujus,
2170 4875 2223 4920 et
2266 4867 2359 4936 qui
2388 4868 2456 4921 de
2490 4866 2645 4923 Judae
2686 4868 2828 4922 tribu
2864 4869 3065 4939 populo
3091 4877 3387 4939 przeerant,

1809 4964 2093 5027 tantopere
2148 4958 2397 5014 hostibus
2444 4961 2755 5030 superiores
2789 4959 3033 5026 fuerunt,
3072 4972 3131 5015 ut
3180 4962 3385 5030 passim

1809 5049 2059 5103 homines
2091 5050 2157 5104 ad
2191 5064 2286 5105 eos
2314 5053 2659 5107 accurrerint
2689 5065 2951 5124 tanquam
2976 5054 3139 5126 352
3187 5054 3253 5108 ad
3289 5053 3387 5108 do-

1812 5157 1961 5195 mum
2003 5140 2118 5206 Dei,
2183 5144 2407 5197 multam
2461 5143 2903 5215 confugientibus
2940 5146 3005 5200 ad
3051 5164 3109 5203 se
3160 5145 3385 5200 tutelam

1811 5233 2139 5303 praebentem
2168 5251 2183 5300 ;
2223 5233 2305 5288 vel
2338 5243 2595 5305 tanquam
2627 5236 2695 5291 ad
2723 5237 3012 5306 quemdam
3042 5236 3296 5306 angelum
3317 5234 3385 5287 ad

1808 5326 2011 5381 caedem
2072 5326 2313 5382 hostium
2368 5328 2621 5394 missum,
2685 5328 3144 5398 quemadmodum
3177 5326 3388 5383 scilicet

1807 5420 2051 5492 Assyriis
2089 5419 2429 5475 Hierusalem
2467 5421 2872 5483 obsidentibus,
2925 5420 2990 5473 ad
3036 5418 3133 5474 Dei
3159 5418 3383 5473 domum

1807 5525 1997 5567 omnes
2014 5511 2397 5582 confugerunt,
2414 5512 2703 5584 atqueillic
2724 5512 2952 5583 contigit
2973 5511 3225 5583 angelum
3249 5510 3385 5566 mis-

1810 5620 1928 5659 sum
1950 5613 2157 5660 tantam
2190 5608 2427 5661 hostium
2451 5590 2854 5662 multitudinem
2882 5607 3217 5663 interimere.
3239 5604 3385 5671 Quo-

1810 5696 1973 5750 modo
2007 5708 2184 5751 autcm
2223 5699 2276 5753 id
2312 5700 2541 5763 accidet,
2576 5714 2701 5753 mox
2733 5699 2867 5754 dicit
2897 5717 2909 5753 :

106 5802 274 5865 θειαν,
306 5798 344 5869 ἦ
370 5793 577 5867 ὥσπερ
612 5794 703 5848 ἐπί
722 5812 840 5850 τινα
875 5795 1103 5865 ἄγγελον
1120 5796 1220 5850 ἐπὶ
1256 5795 1436 5867 πληγῇ
1458 5793 1777 5866 πεμφθέντα
1813 5794 1923 5849 τῶν
1953 5795 2241 5850 ἐναντίωνυ
2270 5795 2438 5865 ὅνπερ
2465 5794 2529 5865 δὴ
2568 5793 2765 5866 τρόπον
2793 5794 2894 5866 ῆδη
2934 5792 3044 5848 τῶν
3090 5788 3385 5858 ’Δσσυρίων
