3934 6552
574 358 682 415 585

1729 353 2081 410 TllEODURl
2124 348 2609 408 MOPSUESTENI
3639 363 3713 420 53‘

574 471 977 542 ἐπεληλυθότων
1013 474 1076 542 τῇ
1116 469 1484 543 Ἰερουσαλὴμ,
1520 472 1610 523 ἐπὶ
1658 470 1748 523 τὸν
1802 466 1946 522 οἶκόν
1993 486 2052 522 τε
2085 468 2385 537 κατέφυγον
2424 467 2658 530 ἀπαντες
2691 465 2785 518 τοῦ
2815 464 2949 518 Θεοῦ
2970 504 2987 529 ,
3048 465 3299 519 κάκεῖθεν
3349 466 3507 533 αὐτοῖς
3558 483 3713 546 περιγέ,

574 580 699 632 γονε
754 564 815 618 τὸ
857 564 946 618 τὸν
988 565 1215 632 ἄγγελον
1268 565 1629 633 ὲπεληλυθότα
1680 564 1899 617 τοσοῦτο
1935 562 2135 633 πλῆθος
2180 564 2387 615 ἀνελεῖν
2426 564 2533 617 τῶν
2579 561 2869 631 πολεμίων.
2932 560 3040 613 Καὶ
3086 560 3207 612 τίνα
3233 559 3422 630 τρόπον
3452 561 3574 618 ἔσται
3607 573 3715 625 τοῦς»

573 655 747 720 λέγων
778 669 793 684 ⁶

646 742 808 799 Vens.
848 744 901 807 9,
939 744 1023 800 10.
1051 774 1120 785 --
1147 763 1165 795 ι
1190 745 1251 799 Et
1281 744 1385 799 erit
1418 744 1505 799 die
1536 746 1628 799 illa
1656 760 1894 815 queram
1935 744 2149 798 auferre

2322 742 2467 812 Στίχ.
2500 741 2564 805 θ’,
2592 746 2644 793 ι’.
2668 771 2737 783 —
2770 759 2790 790 ι
2811 740 2918 793 Καὶ
2945 741 3097 792 ἔσται
3123 740 3181 791 ὲν
3203 740 3268 808 τῇ
3298 738 3468 810 ἡμέρα
3494 742 3635 819 ἐκείνη
3653 751 3715 819 ζη.

572 851 764 890 omnes
805 846 994 906 gentes
1028 852 1149 906 quae
1178 838 1407 891 veniunt
1437 848 1629 892 contra
1662 838 2025 893 Hierusalem.
2078 836 2144 890 Et

572 925 842 981 effundam
874 944 1042 999 super
1072 930 1290 984 domum
1338 929 1527 994 David,
1573 939 1627 984 et
1670 946 1834 1000 super
1875 931 2146 984 habitato-

572 1032 661 1071 res
703 1017 1040 1073 Hierusalem
1078 1022 1329 1089 spiritum
1373 1021 1561 1090 gratia
1594 1029 1648 1075 et
1682 1022 2089 1076 misericordiae.
2119 1040 2139 1073 ›

574 1105 730 1159 Tunc
772 1106 989 1175 quidem
1026 1122 1215 1162 omnes
1245 1106 1583 1163 Hierusalem
1638 1124 1987 1180 aggressores
2024 1126 2147 1179 per-

578 1197 728 1252 dam.
778 1196 956 1267 Super
989 1198 1210 1252 domum
1247 1210 1425 1255 autem
1470 1200 1712 1266 Davidis,
1762 1201 1815 1255 id
1855 1211 1940 1256 est
1984 1218 2148 1272 super

573 1288 837 1342 oriundos
868 1290 995 1344 inde
1017 1289 1184 1345 duces
1212 1294 1414 1361 populi,
1446 1308 1745 1364 omnesque
1776 1294 1843 1347 ad
1882 1294 2143 1349 Hierusa-

575 1378 680 1432 lem
712 1380 976 1434 ditionem
1030 1383 1385 1451 pertinentes,
1440 1386 1669 1439 multum
1706 1402 1882 1440 meam
1919 1387 2147 1455 gratiam

576 1486 642 1525 ac
673 1472 1058 1543 benignitatem
1106 1474 1402 1539 effundam,
1449 1492 1610 1533 omne
1654 1494 1825 1548 genus
1870 1480 2003 1546 ipsis
2038 1479 2146 1530 lar-

574 1566 729 1633 giens
778 1568 1089 1634 patrocinii.
1136 1567 1214 1622 Ex
1243 1583 1351 1637 quo
1404 1570 1532 1639 quid
1566 1571 1804 1624 accidet?
1855 1589 1874 1622 ι
1902 1569 1965 1622 Et
2003 1570 2151 1640 aspi-

576 1658 723 1711 cient
752 1661 816 1711 ad
848 1675 933 1712 me
956 1676 1116 1729 quem
1158 1661 1573 1716 transﬁxerunt.
1599 1662 1663 1714 Et
1693 1665 1945 1733 plangcnt
1987 1677 2151 1731 super

574 1764 700 1803 cum
741 1750 961 1819 planctu
1005 1766 1205 1820 magno
1239 1759 1499 1822 tanquam
1554 1770 1719 1823 super
1768 1756 2050 1813 dilectum,
2096 1762 2150 1807 et

574 1837 833 1894 dolebunt
856 1840 1042 1896 dolore
1068 1850 1325 1911 tanquam
1355 1857 1520 1912 super
1542 1844 1926 1915 primogenita.
1954 1863 1971 1895 ι
1996 1845 2151 1899 'l‘unc

574 1931 669 1999 qui
718 1943 876 1987 antea
919 1941 1029 1987 tam
1073 1935 1352 1988 contraria
1394 1936 1658 1989 voluntati
1708 1952 1840 1991 mea:
1880 1935 2153 1989 factitave-

575 2032 721 2089 rant,
763 2032 1025 2095 tantaque
1072 2026 1301 2081 audacia
1340 2028 1602 2083 adversus
1652 2044 1738 2083 me
1780 2028 1865 2084 usi
1915 2028 2147 2091 fuerant,

573 2116 1090 2171 inconsiderantiam
1148 2134 1304 2174 suam
1352 2127 1407 2175 et
1436 2120 1780 2190 iniquitatem
1814 2129 2147 2191 agnoscent;

574 2205 714 2260 adeo
754 2213 814 2260 ut
856 2206 1187 2275 pmnitentes
1233 2208 1493 2279 grandem
1533 2210 1737 2264 luctum
1795 2211 1907 2265 sint
1952 2212 2149 2273 acturi,

572 2297 721 2365 quali
752 2297 960 2353 scilicet
1014 2299 1062 2354 is
1096 2306 1343 2354 uteretur
1388 2300 1481 2370 qui
1534 2302 1951 2371 primogenitum
1992 2317 2151 2357 suum

576 2389 799 2458 lugeret.
853 2388 1058 2444 Deinde
1093 2389 1169 2443 ait
1195 2391 1395 2445 multos
1436 2389 1775 2446 Hierusalem
1819 2392 2154 2460 poeniteutes

573 2479 725 2535 cives
766 2480 1017 2550 planctus
1048 2480 1172 2548 ejus
1205 2480 1322 2536 fore
1367 2483 1685 2552 participes,
1748 2469 2155 2551 qui‘contraria

576 2569 805 2625 honesto
836 2572 991 2640 prius
1013 2570 1291 2638 fecerant;
1315 2571 1409 2627 sed
1435 2588 1581 2627 nunc
1600 2574 1775 2642 gentis
1801 2576 1865 2626 ad
1891 2574 2153 2627 virtutem

571 2661 994 2715 conversionem
1032 2670 1344 2724 cernentes,
1395 2660 1720 2729 resipiscere
1753 2668 1812 2713 ut
1841 2677 1939 2730 par
1975 2669 2094 2717 erat
2122 2677 2153 2716 a

568 2750 693 2805 suis
722 2750 1107 2819 iniquitatibus
1138 2752 1338 2805 volent.
1359 2748 1545 2819 Pergit
1564 2765 1688 2805 mox
1713 2766 2037 2808 enumerare
2056 2753 2157 2806 tri-

568 2842 699 2903 bus,
726 2842 1023 2898 ostendens
1044 2857 1486 2912 unamquamque
1519 2842 1737 2896 illarum
1760 2842 1980 2898 inluctu
2015 2842 2152 2911 fore;

568 2934 888 2989 sttmmatim
936 2950 1067 2990 vero
1088 2951 1281 2991 omnes
1318 2936 1409 3005 qui
1465 2935 1653 3006 pejora
1691 2936 1861 2989 secuti
1914 2934 2154 3001 fuerant,

572 3041 722 3081 nunc
758 3028 1136 3097 paenitentiam
1177 3026 1577 3083 acturos.Nam
1611 3035 1816 3096 quanta
1858 3027 2033 3084 fuerat
2053 3043 2154 3082 an-

569 3126 663 3172 tea
694 3118 872 3186 gentis
905 3119 970 3172 ad
1002 3119 1278 3173 deteriora
1306 3119 1623 3181 declinatio,
1649 3126 1801 3173 tanta
1836 3127 2022 3189 postea
2053 3121 2158 3175 sub

576 3208 1007 3265 Macbabaaorum
1064 3212 1268 3266 ducatu
1310 3212 1365 3265 in
1418 3212 1617 3267 melius
1658 3213 1947 3267 conversio
1996 3213 2156 3283 353

582 3300 817 3359 exstitit,
849 3315 914 3355 ex
966 3316 1078 3371 quo
1123 3301 1368 3355 divinum
1426 3299 1605 3371 adepti
1659 3309 1816 3355 erant
1872 3303 2152 3356 auxilium.

570 3573 721 3625 rium
751 3576 980 3627 decente
1014 3589 1143 3628 cura
1177 3576 1399 3629 tractari
1434 3584 1756 3645 coeperunt;
1794 3591 1859 3629 ac
1893 3584 2008 3629 tum
2047 3575 2147 3629 de-

578 3679 724 3717 mum
758 3662 929 3719 Judrei
964 3669 1278 3722 necessario
1308 3669 1664 3738 resipuerunt
1706 3670 1776 3724 ab
1809 3684 1871 3723 ea
1909 3670 1961 3722 in
1994 3685 2157 3738 quam

578 3761 735 3807 antea
765 3755 1107 3809 incurrerant
1145 3758 1421 3826 impietate
1451 3774 1514 3812 ac
1546 3759 1721 3827 legum
1768 3759 2151 3813 inobedieutia.

573 3843 693 3898 Jam
731 3848 823 3914 qui
881 3848 1158 3916 planctum
1206 3849 1420 3903 dixerat
1463 3858 1517 3905 et
1571 3851 1966 3921 pmniteuliam,
2013 3850 2152 3904 idem

574 3939 989 3992 conversionem
1041 3954 1259 4008 quoque
1305 3955 1489 3993 rerum
1538 3940 1592 3993 in
1624 3942 1819 3995 melius
1865 3957 1973 3995 non
2026 3942 2154 3995 reti-

572 4027 706 4090 cuit,
754 4043 877 4097 quae
918 4029 1177 4084 nimirum
1230 4039 1437 4085 tantam
1484 4031 1639 4086 illam
1682 4032 2059 4103 ptenitentiam
2094 4031 2151 4084 in

573 4123 787 4177 cunctis
817 4130 1210 4177 commoverat.

2244 835 2390 904 τήσω
2412 833 2599 903 ἐξᾶραι
2630 833 2805 886 πάντα
2842 832 2909 885 τά
2942 831 3067 900 ἔθνη
3089 830 3159 883 τά
3196 831 3452 899 ἐρχόμενα
3474 835 3550 887 ἐπὶ
3582 838 3700 909 Ἰερω

2248 925 2445 993 σαλὴμ,
2473 925 2562 976 καὶ
2594 924 2767 993 ὲκχεῶ
2797 924 2889 975 ἐπὶ
2920 922 3009 974 τὸν
3037 917 3185 973 οἶκον
3228 920 3388 973 Δαυῖδ
3422 924 3505 976 καὶ
3537 927 3608 978 ἐπὶ
3636 934 3720 993 tot;

2246 1016 2525 1078 οἰκοῦντας
2564 1014 2916 1084 Ἰερουσαλὴμ
2948 1012 3164 1081 πνεῦμα
3208 1011 3424 1080 χάριτος
3467 1014 3545 1065 καί
3582 1019 3706 1091 οἰκτιρ

2252 1109 2371 1178 μοῦ.
2398 1129 2414 1159 ι
2448 1108 2581 1161 Τότε
2610 1107 2719 1175 γὰρ
2752 1106 2814 1175 δὴ
2850 1106 2976 1168 τοὺς
3012 1105 3110 1174 μὲν
3153 1103 3293 1156 κατὰ
3327 1103 3421 1173 τῆς
3454 1106 3723 1181 Ἰερουσαλὴμ

2248 1199 2731 1269 ἑπικεχειρηκότας
2776 1196 2983 1260 πάντας
3013 1196 3257 1263 ἀφανιῶ·
3295 1196 3384 1247 ἐπὶ
3437 1197 3487 1249 δὲ
3531 1201 3603 1252 τὸν
3625 1199 3724 1258 οἴω,

2248 1291 2410 1345 Δαυῖδ
2433 1332 2445 1349 .
2494 1291 2577 1343 ἵνα
2612 1290 2741 1363 εἴπῃ
2765 1290 2891 1350 τοὺς
2930 1288 3137 1341 ἐκεῖθεν
3183 1289 3500 1358 ἡγουμένους
3525 1292 3602 1344 τοῦ
3623 1294 3710 1349 iw.

2251 1381 2491 1445 ἅπαντάς
2521 1397 2579 1433 τε
2608 1381 2733 1443 τοὺς
2764 1383 2829 1450 τῇ
2870 1379 3223 1449 Ἰερουσαλὴμ
3258 1380 3627 1449 προσήκοντας,

2236 1473 2346 1543 Δλὴν
2378 1474 2477 1543 τήν
2516 1490 2572 1524 τε
2605 1471 2884 1541 χάρινκαί
2916 1469 3013 1540 τὴν
3048 1470 3727 1543 φιλανθρωπίανὲπιδείξομαδ

2248 1564 2346 1634 τὴν
2375 1554 2545 1635 eum,
2563 1564 2668 1616 πᾶν
2690 1559 2827 1625 εἶδος
2851 1563 3030 1624 αὐτοῖς
3060 1561 3315 1630 παρέχων
3336 1562 3648 1632 κηδεμονίας·
3666 1568 3727 1634 ἀςῖ

2251 1653 2311 1710 οὗ
2330 1635 2393 1726 δὴ
2436 1657 2485 1708 τί
2517 1658 2832 1725 γενήσεται;
2870 1674 2888 1703 ι
2910 1654 3018 1705 Καὶ
3051 1653 3429 1720 ἐπιϐλέψονται
3461 1656 3577 1724 πρός
3602 1674 3652 1725 με
3678 1662 3727 1720 εἰς

2250 1748 2309 1801 ὃν
2339 1747 2693 1815 ἐξεκέντησαν
2718 1787 2732 1809 ,
2759 1747 2852 1798 καλ⁸
2880 1745 3134 1813 κόψονται
3181 1745 3266 1796 ἐπ’
3300 1744 3445 1813 αὐτῷ
3477 1748 3658 1799 κοπετὸν
3683 1750 3730 1810 ὡς

2252 1840 2344 1891 ἐπὶ
2367 1837 2652 1907 ἀγαπητῷ,
2680 1838 2772 1889 καὶ
2801 1836 3215 1905 όδυνηθήσονται
3252 1835 3339 1888 ἐπ’
3357 1834 3495 1904 αὑτῷ
3514 1835 3667 1907 ὀδύνην
3685 1838 3733 1901 ὡς

2252 1930 2344 1982 ἐπὶ
2376 1928 2722 1999 πρωτοτόκῳ.
2754 1948 2772 1979 ι
2807 1928 2941 1981 Τότε
2969 1927 3024 1979 δὲ
3061 1929 3110 1980 οἰ
3156 1927 3414 1979 τάναντία
3441 1928 3537 1980 τῶν
3569 1930 3661 1998 ἐμοὶ
3680 1932 3732 1982 δο-

2252 2020 2489 2074 κούντων
2520 2019 2762 2089 ἑλόμενοι
2818 2019 3110 2089 πρότερον,
3157 2018 3233 2088 (p.
3266 2018 3393 2085 525)
3441 2020 3525 2071 καὶ
3566 2020 3735 2090 τοσαύτῃ

2251 2113 2418 2184 τόλμῃ
2448 2112 2785 2183 χρησάμενοι
2822 2112 2939 2164 κατ’
2972 2111 3106 2181 ἐμοῦ
3129 2152 3144 2175 ,
3184 2110 3286 2179 τῆς
3323 2109 3559 2174 ἀϐουλίας
3582 2112 3733 2180 καὶτῆς

2252 2203 2592 2274 παρανομίας
2622 2202 2967 2273 αἰσθήσονται
2994 2202 3091 2272 τῆς
3138 2200 3301 2263 ἰδίας·
3340 2200 3477 2253 ὥστε
3521 2203 3599 2253 καὶ
3624 2220 3733 2270 μετα-

2256 2296 2577 2368 μελομένους
2601 2296 2798 2358 αὐτοὺς
2826 2293 3043 2365 μεγάλῳ
3069 2292 3306 2365 χρῆσθαι
3328 2293 3547 2363 κοπετῷ,
3563 2296 3636 2346 καί
3651 2296 3734 2362 οἴῳ-

2255 2407 2358 2460 περ
2391 2390 2455 2444 ἄν
2481 2405 2564 2450 τις
2592 2388 2853 2458 χρήσαιτο
2881 2385 3211 2455 ὀδυνώμενος
3243 2386 3335 2439 ἐπὶ
3362 2386 3566 2454 τελευτῇ
3589 2403 3739 2455 πρωτο-

2254 2480 2432 2534 τόκου.
2463 2474 2597 2533 Εἷτα
2623 2478 2769 2547 λέγει
2802 2478 2899 2547 μὲν
2946 2477 3028 2530 ὅτι
3061 2476 3243 2530 πολλοί
3274 2476 3386 2529 τῶν
3415 2478 3506 2547 τῆς
3542 2477 3737 2547 Ἰερουσα-

2252 2570 2364 2643 λὴμ
2396 2570 2820 2641 μεταμελόμενοι
2862 2566 2957 2621 τοῦ
2996 2566 3228 2622 κοπετοῦ
3285 2566 3557 2638 μεθέξουσι
3590 2568 3740 2625 τούτου.

2253 2665 2303 2718 οἳ
2332 2662 2589 2717 τάναντία
2634 2662 2743 2715 τῶν
2773 2662 3000 2715 δεόντων
3031 2661 3345 2732 αἱρούμενοι
3387 2662 3649 2732 πρότερον.
3678 2662 3741 2727 τὴν

2254 2754 2346 2807 ἐπὶ
2375 2752 2437 2806 τὸ
2490 2754 2736 2823 κρεῖττον
2790 2749 3088 2820 μεταϐολὴν
3121 2748 3214 2803 τοῦ
3265 2748 3450 2812 ἔθνους
3478 2749 3742 2819 θεασάμενοι,

2258 2842 2654 2913 μεταμέλεσθαι
2684 2844 2761 2904 ὼς
2794 2840 2939 2903 εἰκὸς
2976 2841 3067 2893 ἐπὶ
3097 2841 3214 2902 ταῖς
3245 2839 3594 2909 παρανομίαις
3627 2836 3742 2907 ἧμελο

2254 2934 2343 2988 λον
2377 2938 2497 2997 ταῖς
2526 2934 2703 2996 ἰδίαις.
2734 2933 2893 3000 Λέγει
2923 2932 2979 2984 δὲ
3007 2932 3101 2984 καί
3142 2931 3383 3000 καθεξῆς
3414 2929 3744 3001 ἀπαριθμούμῑο

2254 3044 2344 3090 νος
2375 3025 2474 3088 τὰς
2507 3025 2678 3093 φυλὰς
2702 3063 2718 3087 ,
2759 3022 2933 3093 δηλῶν
2971 3023 3053 3075 ὅτι
3080 3022 3285 3092 ἑκάστη
3318 3021 3443 3076 καθ’
3471 3020 3639 3091 ἑαυτὴν
3656 3020 3745 3088 ππ.

2257 3115 2506 3186 σεταιτῷ
2543 3115 2745 3179 πένθει,
2776 3114 2862 3167 ῖνα
2896 3113 3171 3184 συντόμως
3194 3113 3324 3186 εἴπῃ
3357 3113 3440 3168 ὅτι
3468 3112 3644 3175 πάντας
3662 3110 3744 3171 τοὺς

2255 3209 2322 3263 τά
2346 3208 2565 3279 χείρονα
2611 3206 2893 3277 ἑλομένους
2948 3205 3277 3276 μεταμέλεια
3325 3207 3545 3276 λήψεται
3568 3223 3581 3235 ·
3620 3203 3747 3269 ἐπειδὴ

2255 3299 2362 3370 γὰρ
2388 3298 2553 3368 πολλὴ
2585 3296 2682 3368 μέν
2711 3314 2795 3361 τις
2816 3296 3077 3369 πρότερον
3110 3299 3143 3367 ἡ
3174 3297 3264 3350 ἐπὶ
3296 3297 3362 3350 τὸ
3386 3300 3553 3367 χεῖρον
3575 3294 3747 3360 ἐγεγόνει

472 3406 475 3411 ·
570 3389 936 3454 Quamobrem
972 3402 1025 3445 et
1049 3391 1233 3446 hostes
1257 3406 1388 3447 suos
1422 3393 1825 3455 exstinxerunt,
1862 3402 1916 3447 et
1943 3392 1996 3446 in
2022 3395 2149 3448 urbe

2260 3390 2398 3462 ῥοπὴ
2433 3388 2523 3443 τοῦ
2554 3388 2738 3451 ἔθνους
2757 3427 2772 3451 ,
2802 3387 2972 3457 πολλὴ
3007 3386 3231 3458 ὕστερον
3262 3390 3295 3457 ὴ
3320 3389 3388 3440 ὲκ
3421 3388 3513 3457 τῆς
3530 3386 3619 3439 τῶν
3645 3385 3751 3440 Max-

582 3495 654 3535 ac
745 3480 838 3535 Dei
913 3484 1115 3552 templo
1184 3484 1423 3554 legitima
1486 3498 1551 3538 ac
1621 3483 1963 3538 sacerdotale
2036 3484 2161 3537 olli-

2254 3482 2496 3537 καϐαίων
2521 3480 2851 3551 προστασίας
2888 3481 2980 3533 ἐπὶ
3010 3479 3071 3533 τὸ
3094 3482 3340 3551 κρεῖττον
3374 3476 3616 3549 μεταϐολὴ
3643 3491 3751 3526 τιτλ-

2254 3575 2500 3645 χηκότων
2529 3574 2628 3642 τῆς
2663 3573 2812 3635 θείας
2836 3572 3008 3643 ῥοπῆς
3038 3589 3048 3599 ⁸
3083 3571 3157 3635 ώς
3186 3571 3534 3641 ἀναιρεθῆναι
3567 3570 3647 3638 μὲν
3671 3568 3754 3624 τεὺς

2255 3666 2528 3729 ἐναντίους
2550 3666 2644 3717 ὑπ’
2678 3665 2877 3726 αὐτῶν,
2909 3663 3359 3733 ἀποκαταστῆναι
3379 3663 3436 3715 δὲ
3458 3665 3521 3733 τῇ
3550 3660 3672 3712 πόλει
3693 3657 3753 3708 καὶ

2254 3758 2330 3829 τῷ
2355 3758 2448 3811 τοῦ
2478 3757 2612 3812 Θεοῦ
2643 3757 2755 3826 ναῷ
2781 3756 2878 3827 τὴν
2912 3757 3233 3826 εὐκοσμίαν,
3258 3757 3393 3818 τοὺς
3424 3755 3604 3823 νόμους
3623 3766 3669 3801 τε

2254 3851 2338 3903 λιν
2371 3852 2495 3912 τοὺς
2523 3848 2696 3914 θείους
2724 3850 2820 3918 τήν
2848 3866 2907 3900 τε
2935 3850 3031 3917 τῆς
3064 3846 3365 3916 ἱερωσύνης
3390 3844 3669 3915 ἐπιμέλειαν
3689 3838 3753 3902 τῆς

2258 3941 2642 4013 προσηκούσης
2674 3940 2960 4009 τυγχάνειν
2991 3938 3225 4006 σπουδῆς
3249 3978 3264 4001 ,
3300 3934 3605 4005 ἀναγκαίως
3621 3929 3756 3998 ἄραέκ

2252 4034 2350 4102 τῆς
2380 4031 2681 4102 μεταϐολῆς
2712 4030 3065 4101 μετεμέλοντο
3088 4070 3102 4093 ,
3138 4030 3221 4097 ἐφ’
3250 4022 3334 4090 οἷς
3376 4024 3595 4095 πρόσθεν
3622 4022 3680 4080 εις
3700 4032 3755 4067 το.

2257 4123 2460 4186 σαύτας
2489 4123 2743 4186 ἀσεϐείας
2778 4140 2839 4175 τε
2872 4123 2963 4175 καί.
3006 4121 3350 4191 παρανομίας
3382 4115 3664 4182 ἐξώκειλαν.
3688 4112 3759 4175 At;

573 4207 753 4271 λώσας
796 4209 853 4263 δὲ
878 4209 969 4263 τὸν
1012 4212 1240 4264 κοπετὸν
1283 4213 1379 4266 καὶ
1424 4212 1524 4283 τὴν
1561 4212 1923 4283 μεταμέλειαν
1947 4252 1962 4276 ,
2012 4210 2161 4281 λέγει
2193 4211 2291 4283 τὴν
2332 4214 2425 4266 ἐπὶ
2469 4213 2531 4265 τδ
2560 4215 2803 4284 κρεῖττον
2851 4211 3186 4283 μεταϐολὴν,
3238 4211 3333 4279 ἀφ’
3374 4204 3444 4280 ἧς
3480 4208 3541 4278 δὴ
3590 4202 3759 4275 μάλιπι

571 4297 645 4353 τὰ
662 4300 760 4370 τῆς
786 4301 1057 4371 τοσαύτης
1094 4303 1456 4373 μεταμελείας
1488 4305 1757 4373 ὲνεγίνετο
1788 4308 1971 4358 πᾶσιν.

1198 4390 1353 4445 CAP.
1393 4390 1538 4445 XIII.
1938 4420 1949 4431 ι
2024 4401 2029 4407 ’

642 4474 815 4532 Vens.
863 4478 975 4533 1-7.
1016 4508 1087 4519 --
1130 4497 1148 4530 ι
1178 4479 1272 4533 Illa
1298 4481 1464 4544 enim,
1498 4481 1695 4549 inquit,
1735 4479 1825 4533 die
1862 4479 2044 4534 omnis
2070 4479 2151 4531 lo-

576 4585 677 4625 cus
705 4578 928 4638 apertus
952 4570 1056 4625 erit
1085 4570 1271 4625 domui
1309 4570 1554 4625 Davidis.
1593 4591 1611 4624 »
1649 4570 1706 4626 Id
1735 4579 1839 4637 est,
1859 4573 2042 4626 cuncti
2080 4572 2149 4625 li-

576 4662 770 4717 benter
796 4663 916 4717 illos
940 4662 1109 4716 duces
1134 4664 1424 4732 excipient,
1454 4680 1578 4717 cum
1624 4665 1770 4719 omni
1809 4664 1879 4718 ad
1907 4680 2004 4719 eos
2033 4665 2147 4717 ala-

578 4753 773 4806 critate
812 4753 1213 4823 confugientes,
1263 4762 1323 4807 ut
1354 4755 1474 4823 pios
1525 4764 1579 4809 et
1637 4756 1900 4811 adversus
1959 4756 2144 4810 hostes

576 4842 762 4897 divina
800 4843 973 4912 palam
1017 4858 1119 4912 ope
1160 4843 1392 4912 adjutus.
1432 4844 1637 4900 Deinde
1673 4848 1970 4902 ostendens
2001 4864 2144 4917 quo-

578 4933 743 4988 modo
777 4951 865 4990 res
900 4936 1171 5003 religiosae
1205 4937 1274 4991 ad
1322 4946 1531 4991 rectum
1582 4946 1781 4994 statum
1814 4955 1910 5010 per
1940 4940 2151 4994 Macha-

579 5027 816 5080 baeorum
876 5027 1174 5096 potentiam
1229 5036 1594 5094 revertentur,
1671 5032 1991 5086 curantibus
2041 5032 2148 5087 illis

573 5120 771 5172 vitiosa
797 5120 979 5173 omnia
1005 5119 1309 5184 destruere,
1334 5128 1388 5175 et
1419 5118 1529 5176 Deo
1563 5122 1762 5190 placita
1812 5123 2145 5188 instaurare,

582 5230 600 5261 ι
627 5211 690 5263 Et
716 5210 841 5275 erit,
869 5209 1070 5279 inquit,
1105 5210 1192 5265 die
1225 5211 1341 5275 illa,
1364 5211 1500 5266 dicit
1526 5210 1809 5277 Dominus,
1840 5213 2032 5268 delebo
2052 5230 2150 5267 no—

577 5299 723 5353 mina
750 5300 1023 5355 idolorum
1055 5301 1121 5354 de
1155 5308 1322 5363 terra,
1356 5316 1535 5371 neque
1574 5303 1806 5358 ulterius
1837 5305 2040 5357 mentio
2076 5305 2142 5357 il-

577 5391 751 5444 lorqu
782 5391 907 5446 erit.
939 5392 1004 5443 Et
1035 5391 1548 5462 pseudoprophetas
1570 5406 1636 5447 ac
1670 5394 1924 5464 spiritum
1962 5396 2143 5463 impu-

576 5497 695 5536 rum
727 5484 793 5537 de
830 5492 975 5537 terra
1024 5484 1289 5538 auferam.
1325 5502 1347 5539 ι
1385 5484 1538 5539 Tunc
1594 5500 1725 5540 sane
1773 5486 1876 5540 sub
1921 5486 2140 5540 illorum

578 5574 899 5644 praefectura
957 5578 1135 5632 omnis
1174 5578 1445 5631 idolorum
1507 5577 1687 5631 cultus
1735 5576 2033 5639 auferetur,
2089 5586 2141 5632 et

578 5665 757 5720 omnis
802 5667 1406 5736 pseudOprophetarum
1454 5667 1605 5722 l‘raus
1650 5668 2002 5730 dissolvetur,
2043 5684 2139 5723 ne-

580 5756 722 5809 mine
749 5755 981 5811 audente
1004 5758 1294 5822 quidquam
1315 5759 1622 5824 huiusmodi
1655 5767 1943 5831 attentam.
1964 5760 2139 5830 Atque

2308 4430 2309 4433 η
2892 4385 3047 4440 ΚΕΦ.
3074 4386 3175 4441 II".

2322 4481 2470 4552 Στίχ.
2500 4479 2647 4544 α’-ζ’.
2680 4509 2751 4520 -—
2789 4496 2807 4530 ι
2830 4480 2916 4531 Ἐν
2945 4480 3127 4549 ἐκείνῃ
3164 4478 3273 4548 γὰρ
3294 4517 3310 4541 ,
3348 4477 3486 4549 φησί
3508 4516 3523 4537 .
3544 4476 3606 4544 τῇ
3631 4469 3765 4542 ﬁuit);

2254 4576 2360 4637 πᾶς
2385 4574 2546 4637 τόπος
2580 4572 2729 4625 ἔσται
2756 4571 3153 4639 διανοιγόμενος
3174 4568 3253 4639 τῷ
3284 4570 3423 4639 οἴκῳ
3441 4566 3615 4621 Δαυῖδ.
3642 4583 3657 4614 ι
3686 4563 3765 4613 Ἵνα

2252 4667 2380 4739 εἴπῃ
2409 4668 2491 4719 ὄτι
2530 4666 2727 4727 πάντες
2759 4664 2989 4733 ἑτοίμως
3026 4664 3102 4724 ὼς
3132 4661 3474 4733 ἡγουμένους
3507 4653 3766 4729 προσδὲξονο

2249 4776 2360 4821 ται,
2393 4757 2603 4828 (p.525)
2644 4756 2779 4826 μετά
2803 4754 2982 4824 πάσης
3013 4754 3196 4816 αὐτοῖς
3219 4753 3531 4823 προθυμίας
3556 4744 3764 4819 προστρὲ-

2248 4865 2462 4920 χοντες,
2498 4847 2573 4911 ώς
2612 4845 2857 4899 εὐσεϐέσι
2907 4861 2966 4897 τε
3020 4844 3115 4897 καὶ
3146 4846 3387 4921 ἰσχυροῖς
3440 4844 3507 4913 τῇ
3540 4839 3647 4909 θεία

2250 4937 2392 4992 κατά
2416 4936 2523 4989 τῶν
2548 4935 2802 4988 ἐναντίων
2842 4935 3105 5001 φανεῖσιν.
3138 4927 3271 4984 Εἶτα
3306 4930 3530 4992 δεικνὺς
3562 4929 3687 4985 ὅπως
3706 4921 3768 4972 xi“

2246 5032 2317 5081 τὰ
2357 5028 2454 5098 τῆς
2484 5025 2788 5088 θεοσεϐείας
2826 5024 2919 5077 ὲπὶ
2962 5023 3022 5075 τὸ
3050 5022 3166 5076 δέον
3211 5022 3298 5076 διά
3324 5021 3433 5091 τῆς
3459 5021 3564 5073 τῶν
3596 5018 3767 5071 Μακκα-

2248 5119 2417 5173 ϐαίων
2447 5117 2799 5189 ἐπικρατείας
2833 5116 3228 5186 μεταστήσεται
3250 5155 3262 5174 .
3292 5107 3770 5184 παρασκευαζόντωί

2249 5209 2605 5278 ἀφανίζεσθαι
2633 5209 2730 5280 μὲν
2752 5206 2970 5261 ἅπαντα
2999 5206 3067 5259 τὰ
3091 5205 3274 5276 χείρω,
3306 5206 3538 5275 κρατεῖν
3563 5200 3612 5253 δὲ
3636 5194 3693 5247 τά
3716 5190 3767 5258 τῷ

2246 5303 2365 5371 Θεῷ
2387 5301 2666 5364 δοκοῦντα,
2709 5317 2727 5350 ι
2751 5300 2860 5353 Καὶ
2891 5298 3042 5351 ἔσται
3066 5299 3122 5349 ὲν
3149 5299 3215 5367 τῇ
3238 5296 3427 5366 ἡμέρᾳ
3449 5295 3641 5364 ἐκείνῃ.
3667 5287 3772 5351 λέγει

2248 5395 2449 5467 Κύριος
2484 5393 2729 5458 Σαϐαὼθ,
2755 5383 3117 5461 ἐξολοθρεύσω
3144 5388 3212 5442 τὰ
3241 5390 3490 5458 ὀνόματα
3518 5385 3619 5437 τῶν
3660 5374 3771 5432 είδὼ·

2248 5486 2355 5538 λων
2379 5485 2486 5537 ἀπὸ
2516 5484 2616 5553 τῆς
2640 5484 2762 5553 γῆς,
2795 5484 2890 5535 καί
2911 5481 3088 5534 οὐκέτι
3119 5480 3265 5533 ἔσται
3294 5479 3485 5531 αὐτῶν
3510 5475 3654 5546 μνεία
3671 5485 3683 5499 ⁸
3707 5474 3772 5520 καὶ

2250 5576 2377 5638 τοὺς
2404 5576 2849 5646 ψευδοπροφήτας
2889 5573 2983 5626 καὶ
3033 5572 3091 5624 τὸ
3144 5569 3362 5639 πνεῦμα
3412 5569 3473 5622 τὸ
3518 5563 3772 5626 ἀκάθαρτιν

2246 5669 2422 5739 ἑξαρῶ
2447 5668 2553 5721 ἀπὸ
2582 5669 2677 5738 τῆς
2706 5667 2829 5736 γῆς.
2857 5686 2872 5718 t
2912 5666 3040 5719 Τότε
3068 5664 3176 5736 γὰρ
3214 5664 3273 5732 δὴ
3319 5662 3413 5715 διὰ
3464 5660 3561 5727 τῆς
3598 5654 3771 5709 ἐκείνων

2248 5760 2565 5824 ἐπιστασίας
2593 5762 2739 5813 πᾶσα
2768 5761 2866 5832 μὲν
2894 5761 2926 5831 ἡ
2960 5759 3066 5815 τῶν
3116 5760 3347 5815 εἰδώλων
3390 5751 3770 5827 ἀφαιρεθήσετιιδ
