3934 6524
221 367 312 424 535
1067 356 1693 417 COMMENTARIUSIN
1728 356 2095 412 ZACllARIIE
2133 358 2286 417 CAP.
2318 358 2454 413 XIII.
2796 374 2799 377 ‘
3338 358 3445 416 586

223 476 484 551 θεραπεία,
508 480 658 533 πᾶσα
693 478 754 531 δὲ
777 476 1207 547 καταλυθήσεται
1250 476 1355 530 τῶν
1402 476 1775 545 ψευδοπροφη-

1887 485 1936 527 ιιι
1963 475 2301 530 demonstret
2324 491 2489 545 quam
2518 476 2626 531 late
2660 476 2919 531 honestas
2954 473 3306 529 dominatura
3346 475 3440 536 sit,

222 570 372 638 τῶνή
420 569 635 639 ἀπάτη,
678 569 892 632 οὐδενὸς
924 568 1322 637 ἐπιτολμῶντος
1371 568 1523 619 οὐδὲν
1577 568 1766 636 ἐπιτη-

1889 559 2266 629 iemo,inquit,
2304 565 2396 618 illo
2423 572 2665 634 tempore
2694 565 2935 627 audebit,
2966 565 3020 618 in
3059 562 3296 617 medium
3312 577 3442 632 pro-

221 659 375 713 δεύειν
412 660 639 711 τοιοῦτο.
678 660 787 713 Καὶ
822 659 1033 722 δεικνὺς
1073 659 1242 729 ὁπόση
1270 676 1347 719 τις
1378 660 1410 727 ἡ
1450 658 1766 728 ἐπικράτεια

1888 654 2087 716 :edcns,
2125 655 2384 709 simulare
2414 654 2635 723 aliquod
2678 657 2997 711 vaticinium
3033 656 3213 709 alieno
3244 656 3441 725 spiritu

216 753 483 821 γενήσεται
505 749 599 802 τοῦ
630 749 817 809 καλοῦ,
838 751 1000 820 φησιν
1026 752 1105 803 ὅτι
1126 752 1173 803 εἱ
1197 749 1483 820 τολμήσειέ
1515 766 1597 812 τις
1624 767 1765 820 παρ-

1888 747 2197 812 nstinctus;
2244 762 2423 816 neque
2459 749 2603 803 etaim
2652 750 2945 820 quisquam
3007 751 3078 805 ob
3108 749 3161 803 id
3226 749 3441 803 facinus

220 843 370 894 ελθὼν
399 840 535 894 κατά
578 841 670 893 τὸν
707 842 896 911 καιρὸν
948 842 1151 894 ἐκεῖνον
1197 840 1666 910 προσποιήσασθαί
1714 859 1766 893 τι

1885 844 2028 907 itque
2053 842 2234 898 scelus
2265 845 2352 899 vel
2382 846 2452 899 ab
2480 845 2616 915 ipsis
2640 845 2957 913 parentibus
2989 843 3202 898 veniam
3235 849 3329 895 aut
3346 840 3438 895 mi-

220 933 312 986 τῶν
348 932 620 1001 ἐσομένων
665 934 887 1002 μηνύειν
936 935 999 986 ἐκ
1034 932 1338 1002 πνεύματος
1384 934 1767 1003 ἐνεργούμενος

1883 930 2220 985 sericordiam
2240 944 2686 1004 consequeretur.
2729 933 2832 1002 Ipsi
2856 936 2997 987 enim
3025 934 3099 986 illi
3132 934 3278 986 hunc
3308 947 3436 1001 pro-

220 1020 501 1090 ἀλλοτρίου,
538 1022 747 1085 οὐδενὸς
784 1023 878 1075 ἐπὶ
905 1022 984 1091 τῷ
1026 1021 1337 1093 τολμήματι
1366 1023 1539 1093 τούτῳ
1566 1023 1658 1077 καὶ
1689 1023 1767 1093 τῷ

1883 1022 2151 1077 temodum
2182 1024 2432 1095 ligantes,
2465 1026 2600 1080 falsa
2634 1025 3087 1092 fraudulentaque
3117 1022 3283 1094 355.
3309 1039 3436 1092 pro—

217 1115 623 1185 παρανομήματι
648 1113 769 1166 οὐδὲ
798 1114 946 1184 παρὰ
998 1113 1106 1166 τῶν
1149 1113 1564 1184 γεννησαμένων
1605 1115 1766 1167 αὐτὸν

1883 1112 2045 1166 thetia
2076 1114 2224 1170 abuti
2250 1132 2466 1182 ausum,
2485 1116 3062 1188 suppliciotraderent.
3082 1115 3173 1169 Sic
3203 1116 3436 1185 ignomi-

217 1207 526 1276 συγγνώμης
553 1208 585 1277 ἢ
620 1207 771 1260 ἐλέου
799 1207 1043 1271 τεύξεται
1083 1207 1162 1259 ἔτι
1180 1223 1194 1235 ·
1232 1207 1413 1270 αὐτοῖς
1440 1207 1547 1278 γὰρ
1574 1210 1765 1261 ἐκεῖνοι

1879 1201 1957 1255 nia
1993 1204 2216 1271 quidem
2256 1207 2559 1279 obruentur
2591 1223 2782 1263 omnes
2810 1206 2901 1276 qui
2929 1213 3059 1260 tunc
3080 1206 3195 1260 haec
3225 1206 3432 1261 scelera

218 1297 480 1368 μονονουχὶ
509 1298 863 1368 συνδήσαντες
913 1296 1075 1350 αὑτὸν
1103 1336 1117 1358 ,
1170 1298 1312 1366 ὑπὲρ
1342 1296 1406 1366 δὴ
1461 1297 1645 1356 ψευδεῖ
1674 1298 1766 1350 καὶ

1985 1296 2187 1351 ιίεετίηι
2220 1316 2233 1353 :
2266 1299 2333 1353 de
2366 1300 2688 1369 poenitentia
2726 1306 2906 1353 autem
2936 1298 3196 1367 luctuque
3226 1299 3434 1367 cogita—

216 1389 590 1462 πεπλανημένη
617 1391 923 1461 προφητείᾳ
961 1391 1259 1461 κεχρῆσθαι
1286 1391 1477 1460 τολμᾷ,
1516 1390 1767 1461 παραδώ-

1877 1387 2000 1440 bunt
2038 1397 2259 1459 propter
2295 1391 2611 1461 ingruentes
2641 1392 2774 1460 ipsis
2803 1388 3162 1443 calamitates.
3202 1384 3261 1440 Id
3286 1388 3430 1442 enim

216 1499 349 1534 σουσι
375 1482 616 1552 τιμωρίᾳ
637 1496 651 1509 '
676 1480 846 1543 οὕτως
882 1480 1111 1552 αἰσχύνῃ
1154 1483 1250 1552 μὲν
1284 1482 1765 1553 περιϐληθήσονται

1882 1476 2174 1544 significant
2205 1482 2370 1535 verba
2401 1502 2413 1535 :
2456 1501 2475 1533 ι
2500 1481 2793 1536 lnduentur
2824 1481 2960 1550 pelle
2998 1478 3232 1532 cilicina.
3258 1496 3280 1532 ι
3313 1476 3435 1532 Sic-

212 1574 395 1634 πάντες
443 1574 492 1624 οἱ
524 1572 823 1641 τηνικαῦτα
870 1572 1130 1636 τοιούτοις
1160 1573 1560 1644 ἐπιχειροῦντες
1580 1613 1593 1635 ,
1630 1572 1765 1642 πρὸς

1877 1577 1924 1621 ut
1956 1578 2039 1623 est
2076 1572 2215 1639 apud
2258 1573 2472 1627 beatum
2528 1572 2783 1627 Davidem
2817 1592 2831 1626 :
2870 1591 2889 1622 ι
2921 1570 3250 1625 Conscidisti
3308 1583 3430 1622 sae-

212 1664 560 1735 μεταμέλειαν
588 1664 645 1717 δὲ
676 1663 922 1716 νεύσουσι
951 1664 1042 1716 καὶ
1072 1664 1261 1726 πένθος
1302 1666 1365 1717 ἐκ
1390 1663 1497 1716 τῶν
1526 1665 1764 1731 ἐπιγινο-

1881 1672 1987 1713 :um
2032 1677 2228 1723 meum,
2271 1672 2325 1716 et
2354 1661 2765 1718 circumdedisti
2799 1675 2884 1715 me
2900 1654 3184 1719 laatitia";
3212 1672 3229 1703 ι
3252 1652 3308 1707 id
3328 1662 3434 1715 εει,

213 1756 370 1827 μένων
416 1756 599 1818 αὐτοῖς
630 1755 831 1808 κακῶν.
882 1758 957 1824 (p.
985 1756 1111 1825 5‘23)
1146 1756 1317 1809 Τοῦτο
1363 1756 1470 1827 γὰρ
1514 1756 1658 1821 λέγει
1684 1756 1765 1817 τὸ,

1888 1762 2013 1802 uctu
2067 1751 2314 1819 depulso.
2368 1754 2568 1822 gaudio
2613 1769 2698 1808 me
2727 1751 3087 1820 complevisti.
3122 1750 3191 1803 At
3231 1750 3308 1810 hi,
3350 1750 3432 1802 in-

213 1864 230 1895 ι
250 1844 546 1897 ἐνδύσονται
570 1844 750 1915 δέρῤιν
771 1844 1018 1916 τριχίνην
1036 1862 1048 1874 ο
1071 1866 1089 1896 ι
1116 1839 1226 1899 οἷόν
1251 1848 1367 1899 ἐστι
1382 1846 1533 1916 παρὰ
1558 1846 1634 1916 τῷ
1658 1864 1763 1916 μα-

1876 1842 2001 1910 quit,
2038 1844 2103 1896 ad
2147 1846 2519 1912 pmnitentiam
2563 1844 2836 1907 conversi,
2890 1854 2945 1898 et
2984 1842 3200 1911 lugubri
3250 1841 3429 1895 induti

206 1933 367 2003 καρίῳ
399 1931 562 1985 Δαυῒδ
592 1931 674 1994 τὸ,
712 1949 730 1981 ι
754 1932 1056 2003 Διέρρηξας
1082 1932 1137 1984 δὲ
1158 1932 1248 1984 τὸν
1269 1931 1471 1986 σάκκον
1500 1949 1600 2001 μου
1620 1972 1634 1995 ,
1669 1934 1759 1985 καὶ

1879 1932 2074 1994 tahitu,
2108 1934 2425 2002 imputatam
2450 1935 2554 1989 sibi
2590 1934 2833 1990 fraudem
2862 1933 3210 2003 denegabunt
3242 1932 3432 1986 dicen—

205 2022 535 2094 περιέζωσάς
569 2039 635 2090 με
687 2021 1056 2092 εὐφροσύνην·
1094 2040 1111 2072 ι
1169 2021 1255 2073 ἴνα
1304 2023 1429 2092 εἴπῃ
1455 2062 1469 2082 ,
1529 2021 1603 2072 Τὸ
1635 2022 1758 2073 πέν-

1875 2037 1961 2086 ,es,
1991 2038 2050 2078 se
2083 2024 2213 2077 nihil
2259 2025 2573 2093 hujusmodi
2616 2025 2780 2088 scire,
2827 2039 3002 2093 neque
3026 2023 3153 2077 talia
3190 2035 3428 2092 unquam

202 2115 287 2177 θος
336 2110 606 2184 περιελὼν
658 2112 994 2182 εὐφροσύνης
1054 2129 1120 2182 με
1172 2113 1560 2183 πεπλήρωκας.
1605 2113 1668 2165 Oi
1700 2111 1755 2181 δὴ

1877 2115 2272 2179 :ommissuros,
2310 2116 2403 2170 sed
2436 2116 2677 2171 colendae
2714 2117 2973 2185 deinceps
3005 2121 3164 2169 terrae
3206 2122 3430 2168 vacatu-

202 2202 445 2267 τοιοῦτοι,
476 2203 627 2273 φησὶ,
660 2202 796 2272 πρὸς
823 2202 1187 2273 μεταμέλειαν
1210 2202 1513 2267 νεύσαντες,
1532 2204 1622 2257 καὶ
1643 2220 1755 2256 πεν·

1876 2218 1953 2258 "os
1979 2221 1994 2269 ;
2025 2205 2168 2274 quod
2207 2206 2329 2261 vitae
2364 2222 2536 2277 genus
2571 2211 2758 2261 statim
2787 2222 2817 2260 a
2841 2206 3075 2276 pueritia
3103 2205 3201 2259 abs
3244 2218 3429 2273 paren-

204 2296 340 2349 θικόν
366 2295 719 2367 περιθέμενοι
748 2295 955 2365 σχῆμα,
988 2296 1397 2365 ἀπαρνήσονται
1430 2295 1529 2366 τὴν
1552 2296 1757 2365 ἀπάτην

1874 2294 2010 2348 libus
2035 2295 2151 2350 suis
2172 2294 2497 2351 didicerant.
2528 2296 2681 2363 Quod
2728 2297 2774 2352 si
2808 2297 2932 2366 quis
2971 2295 3094 2350 illos
3123 2294 3303 2349 adhuc
3339 2308 3427 2348 re-

204 2388 292 2457 τὴν
314 2386 829 2454 οἰκείαν,λέγοντες,
853 2386 928 2449 ὡς
949 2384 1073 2439 οὔτε
1101 2380 1244 2439 ἴσασί
1274 2404 1347 2449 τι,
1380 2385 1502 2440 οῦτε
1534 2388 1757 2458 χρήσον-

1876 2384 2120 2439 :entibus
2150 2385 2322 2456 plagis
2348 2395 2624 2443 tumentes
2654 2390 2945 2457 rogaverit,
2976 2388 3120 2442 unde
3153 2402 3247 2443 eas
3282 2393 3429 2442 retu-

202 2494 282 2532 ται
304 2478 394 2530 ἐπὶ
419 2476 673 2547 τοιούτῳ,
714 2476 1175 2548 ἀσχοληθήσονται
1221 2477 1277 2530 δὲ
1302 2477 1393 2531 τοῦ
1424 2477 1611 2530 λοιποῦ
1640 2478 1755 2549 περῖ

1864 2471 2088 2535 lissent,
2153 2473 2464 2531 fatebuntur
2517 2489 2703 2547 aperte
2733 2479 2867 2532 nihil
2928 2487 3211 2549 negantes,
3271 2477 3417 2549 quod

199 2568 290 2635 τὴν
317 2566 581 2636 ἐργασίαν
604 2565 703 2635 τῆς
737 2566 869 2635 γῆς,
895 2566 1032 2636 ὅπερ
1068 2561 1160 2619 οῦν
1190 2566 1285 2619 καὶ
1314 2565 1649 2633 ἐπιτηδεύειν
1678 2565 1752 2618 εύ-

1878 2564 2098 2617 ιιὶεηυηι
2133 2566 2235 2620 sibi
2281 2566 2513 2622 ollicium
2543 2577 2891 2638 usurpantes,
2933 2571 3149 2640 pr0pria
3178 2570 3234 2624 in
3267 2571 3428 2625 domo

198 2659 288 2721 θὺς
312 2661 374 2711 ἐκ
403 2658 631 2729 πρώτης
661 2656 860 2727 ἔμαθον
884 2657 1097 2728 ἡμέρας
1124 2656 1273 2727 παρά
1295 2656 1401 2710 τῶν
1426 2659 1751 2728 γεννησαμέ-

1870 2656 2087 2710 verbera
2118 2658 2205 2711 illa
2233 2660 2301 2713 ab
2334 2660 2402 2715 iis
2436 2663 2767 2731 acceperint,
2792 2663 2992 2732 quibus
3017 2664 3290 2733 praecipue
3308 2665 3423 2718 cari

198 2766 295 2803 νων
326 2748 546 2809 αὐτούς.
581 2747 697 2801 Κᾶν
731 2747 784 2798 el’
825 2762 968 2807 τινες
1005 2744 1062 2796 δὲ
1093 2746 1287 2809 αὐτοὺς
1318 2745 1396 2798 ἐτι
1442 2746 1640 2817 νεαρὰς
1666 2746 1751 2815 φέ-

1875 2762 1985 2803 esse
2008 2749 2349 2815 videbantur,
2375 2767 2472 2807 ceu
2500 2754 2655 2809 liberi
2697 2756 3039 2824 parentibus,
3074 2757 3167 2825 qui
3198 2772 3428 2827 peccan-

202 2857 374 2910 ροντας
415 2839 527 2891 τῶν
558 2836 944 2906 τυπτησάντων
990 2837 1186 2899 αὐτοὺς
1239 2836 1336 2899 τὰς
1368 2836 1579 2906 πληγὰς
1624 2838 1755 2907 ἐρω-

1874 2839 2011 2895 tibus
2050 2856 2158 2893 non
2189 2854 2571 2911 pepercerunt,
2620 2854 2906 2915 propterea
2959 2848 3101 2915 quod
3150 2846 3427 2917 religionis

197 2932 341 3000 τῷεν,
373 2932 502 2984 ὅθεν
532 2930 595 2999 δὴ
624 2928 824 2993 ταύτας
852 2928 1195 2998 ἐπιφέροιντο
1219 2968 1233 2990 ,
1261 2927 1622 2996 ἐπαγγελοῦσι
1658 2945 1750 2981 σα-

1591 2944 1622 2979 πι
1658 2926 1776 2981 σα-’
1864 2946 2050 2983 curam
2091 2935 2325 2988 naturali
2359 2938 2725 3005 compassioni
2772 2940 3144 3007 prmtnlerunt.

199 3027 301 3092 φῶς
350 3025 515 3077 οὐδὲν
561 3024 928 3094 ἀρνησάμενοι
985 3022 1064 3074 ὄτι
1118 3020 1516 3092 ἐπιχειροῦντες
1570 3017 1651 3082 οἷς
1697 3020 1758 3072 οὐ
1808 3024 2079 3094 προσῆκον
2135 3022 2236 3095 ἦν,
2273 3028 2364 3078 ἐπὶ
2411 3030 2509 3096 τῆς
2558 3030 2731 3093 οίκίας
2784 3031 2880 3100 τῆς
2924 3032 3128 3084 ἑαυτῶν
3182 3028 3292 3085 εἷεν
3341 3032 3426 3086 δε-

192 3119 439 3188 δεγμένοι
470 3118 567 3177 τὰς
618 3116 891 3186 μάστιγας
937 3115 1064 3186 παρ’
1104 3116 1326 3169 ἐκείνων
1364 3110 1445 3177 οἷς
1480 3115 1543 3186 δὴ
1590 3114 1820 3185 μάλιστα
1854 3118 2067 3172 πάντων
2105 3120 2378 3191 ἀγαπητοὶ
2419 3124 2706 3192 τυγχάνειν
2737 3125 2951 3178 ἐδόκουν
2974 3167 2989 3191 ,
3036 3128 3131 3181 ἅτε
3184 3130 3429 3197 γονεῦσιν

196 3210 324 3274 υἱοὶ,
370 3210 423 3263 οἳ
472 3208 741 3280 μηδεμίαν
791 3207 971 3261 αὐτῶν
1022 3207 1186 3276 φειδὼ
1232 3207 1552 3278 πεποίηνται
1602 3209 2038 3279 ἁμαρτανόντων,
2085 3212 2269 3284 ἐπειδὴ
2300 3214 2397 3284 τῆς
2440 3215 2718 3279 εὐσεϐείας
2748 3216 2848 3287 τὴν
2888 3219 3201 3289 ἐπιμέλειαν
3228 3220 3429 3274 ἀνωτέ-

197 3317 291 3371 ραν
312 3302 410 3372 τῆς
440 3300 680 3371 φυσικῆς
708 3298 891 3353 ἔθεντο
926 3298 1283 3370 συμπαθείας.

261 3392 401 3461 Στίχ.
422 3395 491 3457 ζ’.
518 3391 716 3445 -Ἀλλὰ
737 3394 845 3462 γὰρ
876 3391 974 3462 τὴν
1000 3390 1090 3442 ἐπὶ
1111 3391 1171 3442 τὸ
1197 3393 1439 3461 κρεῖττον
1471 3390 1765 3461 μεταϐολὴν
1793 3397 1814 3453 (

1941 3387 2109 3442 Vsus.
2155 3387 2204 3440 7.
2245 3416 2313 3425 —
2351 3385 2463 3456 Age
2501 3401 2627 3440 vero
2656 3396 2778 3457 post
2812 3390 3113 3443 nuntiatam
3151 3406 3333 3445 rerum
3371 3393 3424 3446 in

194 3483 295 3535 τῶν
312 3482 653 3554 πραγμάτων
675 3480 910 3553 εἰρηκὼς
935 3484 963 3535 ὁ
993 3486 1294 3552 προφήτης,
1312 3482 1457 3545 ὅπως
1482 3499 1541 3537 τε
1565 3485 1628 3553 τῇ
1651 3483 1747 3535 τῶν

1875 3481 2060 3535 melius
2105 3479 2541 3542 conversionem,
2573 3484 2623 3532 et
2663 3478 2936 3547 quomodo
2966 3480 3018 3533 in
3062 3478 3428 3536 Macchabaeo-

195 3574 563 3627 Μακκαϐαίων
594 3575 899 3644 προστασίᾳ
950 3573 1329 3644 καθῃρέθησαν
1382 3574 1479 3643 μὲν
1520 3575 1569 3626 οί
1608 3576 1748 3627 ἐναν-

1871 3587 1980 3625 rum
2011 3570 2315 3639 principatu
2350 3569 2513 3623 deleti
2544 3567 2744 3623 fuerint
2779 3569 2984 3633 hostes,
3033 3579 3088 3625 et
3124 3587 3258 3641 gens
3288 3574 3424 3626 bene

193 3665 309 3727 τίοιε
339 3666 535 3734 γέγονε
559 3666 615 3719 δὲ
650 3669 708 3718 ἐν
763 3666 1030 3735 εὐκοσμίᾳ
1074 3664 1134 3717 τὸ
1166 3664 1313 3727 ἔθνος
1361 3664 1568 3736 πολλῇ,
1616 3664 1746 3717 ὥστε

1872 3660 2153 3712 admodum
2186 3660 2510 3727 composita,
2566 3659 2774 3726 abjecta
2807 3660 3015 3714 scilicet
3048 3662 3195 3715 omni
3235 3664 3425 3732 impie-

194 3759 365 3812 πᾶσαν
415 3760 524 3829 μὲν
566 3757 819 3810 ἀσέϐειαν
853 3756 912 3819 ἐξ
948 3755 1125 3809 αὐτῶν
1168 3757 1259 3809 καὶ
1289 3758 1628 3827 παρανομίαν
1661 3759 1747 3811 ἁν-

1871 3759 1973 3805 tate
2002 3766 2067 3804 ac
2095 3752 2357 3819 nequitia,
2388 3758 2749 3821 revocatoque
2779 3752 3085 3806 divinarum
3111 3754 3287 3823 legum
3310 3762 3424 3809 stu-

190 3848 419 3916 ῃρῆσθαι
442 3889 457 3910 ,
490 3850 713 3917 κρατεῖν
742 3846 798 3898 δὲ
826 3848 1003 3900 πάντα
1034 3862 1099 3914 γε
1145 3846 1315 3899 ὁπόσα
1344 3850 1446 3909 τοῖς
1476 3847 1635 3910 θείοις
1673 3848 1743 3902 νό

1871 3843 1988 3906 dio;
2022 3858 2085 3896 ex
2120 3842 2433 3910 hujusmodi
2469 3843 2819 3905 revelatione,
2866 3859 3025 3912 quam
3061 3843 3264 3913 Spiritu
3297 3862 3424 3901 san-

194 3953 308 4004 μοις
338 3937 611 3989 ἀκόλουθα
642 3937 948 3990 συνέϐαινεν
972 3931 1132 4000 εἶναι,
1149 3936 1337 4006 ὥσπερ
1361 3938 1425 3991 ἐκ
1452 3939 1548 4006 τῆς
1573 3940 1747 3992 τοιαύ-

1867 3944 1957 3987 cto
1992 3944 2252 4002 operante
2281 3942 2587 4003 acceperat,
2631 3946 2808 3990 mente
2858 3937 3097 4005 percitus
3139 3939 3420 4008 propheta,

190 4042 279 4093 της
311 4026 742 4095 ἀποκαλύψεως,
776 4027 841 4096 ἣν
872 4029 940 4079 ἐκ
981 4026 1081 4095 τῆς
1119 4026 1213 4079 τοῦ
1254 4026 1407 4094 ἁγίου
1442 4028 1743 4099 Πνεύματος

1870 4041 1925 4080 ac
1947 4026 2130 4079 futura
2164 4027 2443 4081 evidenter
2471 4040 2803 4092 cernens,'et
2832 4045 3077 4098 quanam
3104 4040 3158 4084 et
3183 4046 3247 4084 ex
3288 4045 3423 4101 qua-

186 4118 427 4173 ἐδέδεκτο
467 4121 750 4189 ἐνεργείας
773 4162 787 4185 ,
818 4120 1005 4183 ἔνθους
1031 4138 1090 4173 τε
1115 4118 1370 4188 γεγονὼς.
1403 4121 1495 4173 καὶ
1526 4121 1739 4174 κατιδὼι

1867 4117 2003 4171 libus
2036 4133 2123 4171 res
2160 4117 2469 4171 Judaaorum
2514 4118 2709 4182 forent,
2753 4129 2808 4175 et
2837 4130 3094 4191 quantam
3130 4124 3234 4176 sub
3273 4122 3420 4176 Mac-

186 4210 423 4279 ἀκριϐῶς
458 4212 532 4263 τὰ
573 4211 812 4280 ἐσόμενα
838 4250 853 4272 ,
885 4207 973 4265 οἶά
1004 4227 1062 4262 τε
1112 4210 1171 4274 ἐξ
1201 4210 1325 4265 οἴων
1373 4212 1656 4282 γενήσεται
1687 4212 1739 4264 τε

1867 4206 2203 4260 chabzeorum
2236 4208 2539 4277 principatu
2571 4210 3001 4264 emendationem
3053 4222 3291 4265 nactum:
3334 4228 3420 4265 es-

200 4301 462 4354 Ίουδαίων
491 4345 507 4368 ,
545 4303 639 4354 καὶ
685 4303 799 4354 οἷαν
851 4302 948 4371 μὲν
993 4303 1055 4354 ἐκ
1088 4303 1184 4372 τῆς
1229 4303 1335 4355 τῶν
1381 4303 1753 4356 Μακκαϐαίων

1867 4307 2346 4368 sent;quantaque
2374 4315 2567 4354 rursus
2614 4302 2949 4369 perturbatio
2987 4302 3167 4356 futura
3201 4306 3270 4358 ob
3310 4306 3420 4360 illo-

184 4394 519 4461 προστασίας
565 4392 846 4463 διόρθωσιν
902 4392 1111 4458 δέξεται
1160 4394 1230 4449 τὰ
1284 4396 1403 4447 κατ’
1437 4395 1663 4457 αὐτοὺς,
1695 4397 1737 4447 ἐι

1865 4403 1979 4442 rum
2011 4388 2436 4458 improbitatem,
2466 4391 2560 4459 qui
2589 4405 2619 4444 a
2654 4393 2890 4460 regibus,
2939 4402 3132 4463 praeter
3179 4396 3260 4452 fas
3284 4397 3418 4465 legi-

183 4482 275 4555 ὅσῃ
322 4485 379 4538 δὲ
433 4485 661 4552 γέγονεν
693 4486 931 4555 ἀκοσμίᾳ
975 4493 1059 4555 (p.
1100 4486 1237 4555 59.6)
1287 4488 1350 4537 ἐκ
1387 4486 1482 4557 τῆς
1533 4488 1736 4540 ἐκείνωι

1864 4483 2048 4533 timum
2067 4496 2129 4533 ac
2141 4478 2407 4545 divinum,
2427 4490 2538 4535 tum
2554 4485 2936 4537 sacerdotalem
2951 4485 3284 4555 dignitatem.
3306 4498 3417 4541 tttm

183 4574 487 4645 μοχθηρίας
519 4577 568 4626 οί
600 4576 746 4645 παρὰ
775 4576 881 4628 τῶν
917 4574 1175 4643 βασιλέων
1202 4576 1351 4647 παρά
1376 4594 1432 4628 τε
1464 4577 1521 4648 τὸ
1547 4578 1736 4647 πρέποι

1865 4568 2017 4622 etiam
2055 4570 2235 4638 populi
2264 4570 2518 4625 ducatum
2552 4572 2901 4641 aeripientes,
2947 4576 3179 4627 maxima
3225 4579 3418 4631 cont’u-

180 4666 269 4716 καὶ
289 4665 353 4716 τὸ
386 4669 507 4727 τοῖς
532 4664 712 4733 νόμοις
741 4665 1031 4718 ἀκόλουθον
1066 4669 1175 4729 τοῖς
1197 4665 1358 4728 θείοις
1383 4666 1482 4735 τήν
1508 4684 1566 4718 τε
1597 4669 1726 4738 ἱερω

1867 4660 2009 4714 sione
2025 4663 2202 4714 omnia
2228 4664 2598 4732 repleverunt;
2618 4680 2830 4719 summa
2848 4665 3214 4735 indignatione
3228 4669 3420 4723 adverd

178 4754 342 4825 σύνην
357 4756 749 4825 ἁναδεχόμενοι
767 4757 861 4809 καὶ
883 4756 980 4827 τὴν
1000 4756 1093 4809 τοῦ
1112 4756 1239 4810 λαοῦ
1260 4759 1609 4828 προστασίαν,
1632 4775 1731 4825 συγ

1865 4768 1952 4806 sus
1980 4729 2350 4822 355boru‘m
2386 4755 2783 4824 improbitatem
2816 4766 3141 4821 commotus,
3172 4759 3261 4825 qui
3299 4768 3418 4811 tan-

175 4845 386 4914 χύσεως
434 4847 703 4917 μεγίστης
746 4847 1168 4917 πεπληρὼκασιν
1198 4848 1447 4912 ἅπαντα,
1493 4850 1728 4919 μεγίστη

1867 4852 2035 4896 torum
2078 4846 2342 4899 malorum
2365 4861 2530 4900 causa
2562 4846 2800 4911 fuerunt,
2836 4849 2890 4901 in
2923 4850 3034 4901 haec
3056 4850 3217 4902 verba
3243 4863 3420 4902 erum-

172 4939 293 4991 τινὰ
318 4940 426 5008 τὴν
458 4938 837 5007 ἀγανάκτησιν
871 4939 963 4990 ἐπὶ
1004 4942 1068 5007 τῇ
1101 4940 1369 5010 μοχθηρίᾳ
1401 4940 1507 4993 τῶν
1538 4939 1630 4993 τοῦ
1662 4957 1723 4992 το

1865 4934 1970 5001 pit:
1996 4953 2013 4982 ε
2039 4933 2287 4996 Framea,
2324 4950 2588 5006 consurge
2619 4937 2885 4992 adversus
2920 4947 3297 5007 pastorem,,et
3325 4956 3418 4995 su-

176 5026 365 5081 σούτου
399 5027 582 5081 κακοῦ
633 5027 930 5094 γεγονότων
982 5028 1164 5081 αἰτίων
1206 5028 1492 5098 δεξάμενος
1517 5071 1531 5092 ,
1578 5029 1725 5082 τοιάδ

1859 5039 1953 5092 per
1980 5025 2152 5077 virum
2182 5028 2354 5081 civem
2381 5027 2522 5095 ejus,
2545 5028 2678 5082 dicit
2709 5029 2974 5083 Dominus
3006 5029 3407 5098 omnipotensa

171 5119 333 5188 φησίν
368 5136 383 5148 ⁸
444 5139 464 5171 ι
494 5118 785 5187 Ῥομφαία,
823 5118 1134 5190 ἐξεγέρθητι
1161 5120 1252 5171 ἐπὶ
1275 5120 1366 5173 τὸν
1398 5121 1629 5190 ποιμένα
1661 5139 1724 5173 κα

1862 5112 2070 5169 Rursus
2097 5115 2199 5169 hoc
2248 5118 2410 5172 etiam
2461 5119 2581 5173 loco
2639 5120 2957 5189 imperative
3011 5136 3123 5175 rem
3179 5121 3415 5177 futuram

171 5210 255 5259 ἐπ’
288 5209 472 5277 ἄνδρα
529 5209 750 5277 πολίτην
784 5209 947 5261 αὐτοῦ
976 5250 989 5267 ,
1036 5209 1180 5277 λέγει
1216 5210 1415 5281 Κύριος
1448 5212 1724 5281 παντοκρά

1862 5206 2229 5274 signiﬁcat;et
2257 5210 2414 5278 quasi
2459 5211 2523 5264 ad
2556 5212 2726 5279 ipsum
2772 5213 3009 5283 gladium
3056 5212 3235 5267 verbis
3280 5226 3415 5265 ροη-

166 5313 299 5367 τωρ.
331 5317 351 5346 ι
387 5296 818 5367 Προστακτικῶς
879 5296 1038 5348 πάλιν
1076 5295 1352 5349 κάνταῦθα
1388 5295 1448 5347 τὸ
1500 5296 1719 5365 ἐσόμενα

1857 5298 2045 5361 versis,
2081 5298 2485 5364 Commovetor,
2517 5303 2713 5372 inquit,
2754 5322 2787 5357 ο
2814 5304 3009 5372 gladie,
3055 5312 3167 5357 tum
3216 5310 3410 5356 contra

172 5388 367 5458 μηνύει
391 5406 406 5418 ο
450 5388 549 5440 καὶ
582 5386 768 5457 ὥσπερ
809 5388 940 5457 πρὸς
975 5387 1106 5439 αὐτὸ
1145 5387 1203 5439 τὸ
1244 5387 1391 5456 ξίφος
1419 5387 1622 5457 τρέψας
1665 5388 1723 5440 τὸ

1862 5387 1975 5442 illos
2005 5388 2096 5457 qui
2133 5398 2239 5442 tam
2266 5392 2404 5445 male
2436 5394 2741 5463 principatu
2775 5402 3030 5455 utuntur,
3086 5404 3201 5447 tum
3252 5393 3415 5445 etiam

165 5478 345 5549 λόγον,
384 5479 663 5550 Κινήθητι
691 5480 775 5549 δὴ,
807 5480 992 5549 φησὶν,
1020 5473 1066 5531 ὦ
1096 5478 1335 5551 μάχαιρα
1363 5479 1503 5534 κατά
1523 5497 1579 5533 τε
1607 5479 1718 5533 ἐκεί

1867 5492 2043 5535 :ontra
2072 5498 2264 5539 omnes
2293 5487 2387 5553 qui
2422 5487 2569 5555 genti
2615 5494 2814 5541 nostrae
2860 5486 2980 5554 jure
3011 5484 3294 5539 societatis
3332 5483 3420 5536 ad-

162 5585 272 5623 νων
299 5571 417 5623 τῶν
440 5569 593 5624 οὕτω
622 5570 802 5633 κακῶς
827 5572 892 5639 τῇ
924 5570 1228 5641 προστασίᾳ
1252 5569 1630 5642 χρησαμένων,
1663 5586 1715 5623 xc

1869 5571 2005 5638 licti,
2069 5572 2249 5630 favere
2287 5577 2501 5631 illorum
2556 5578 2888 5646 improbitati
2929 5585 3215 5631 curarunt.
3251 5575 3422 5629 «Per-

232 5748 283 5781 ’δ
324 5746 489 5800 Psal.
536 5760 682 5807 χιιι,
724 5744 809 5796 1‘2.

466 5840 736 5907 Ρᾼτειοι.
770 5838 884 5896 Gn.
924 5837 1136 5899 LXVI.

3114 5843 3187 5902 19
