3804 6536
522 381 633 439 887

1690 370 2035 429 THEODORI
2068 368 2547 429 MOPSUESTENI
3611 381 3683 438 με

526 510 649 552 mne
681 505 971 565 pastorem.
1001 499 1053 544 et
1075 490 1458 560 dispergantnr
1484 503 1637 543 oves.
1675 511 1689 538 ι
1722 488 1842 541 Τιιο
1870 490 2092 543 verbere

2195 488 2337 542 κατὰ
2369 489 2584 540 πάντων
2621 486 2724 537 τῶν
2754 488 2863 537 ὅσοι
2902 486 2977 554 τῷ
3021 485 3159 538 ἔθνει
3213 488 3548 558 προσήκοντες
3588 512 3682 565 cap.

521 602 707 642 necem
740 583 879 638 infer
928 583 1011 635 his
1038 583 1129 651 qui
1181 588 1291 633 tam
1336 581 1476 633 male
1512 582 1695 649 populi
1749 580 1948 633 ducatu
2008 579 2092 631 usi

519 674 753 737 fuerant,
794 680 1076 742 totumque
1120 670 1417 723 faventium
1467 670 1577 723 illis
1632 678 1855 732 emtum,
1905 667 2092 722 eodem

520 779 642 817 cum
697 763 806 815 illis
840 763 946 813 ictu
1001 776 1271 829 paruaque
1312 759 1579 830 disperge.
1626 758 1724 815 llis
1781 758 2100 828 imperative

518 854 700 914 dictis,
750 853 813 904 ad
846 853 923 905 rei
966 851 1161 906 futura;
1214 853 1649 921 praedictionem,
1700 852 1873 921 pergit
1927 850 2101 919 loqui.

518 952 941 996 consentaneum
999 942 1339 1012 przedictioni
1397 942 1624 997 formam
1690 942 1962 996 sermonis
2016 950 2095 994 te-

517 1046 655 1086 nens
685 1049 736 1085 ἱ(
760 1032 826 1086 Εἴ
858 1042 1171 1087 convertam
1210 1048 1432 1087 manum
1469 1049 1641 1087 meam
1675 1042 1869 1087 contra
1916 1034 2097 1085 minu-

516 1132 603 1178 tos
626 1135 893 1189 pastores.
922 1142 940 1174 ι
976 1124 1034 1178 Si
1062 1124 1157 1192 qui
1186 1126 1292 1178 sub
1326 1125 1633 1194 principum
1671 1131 1943 1193 potestate
1978 1122 2097 1177 fue-

520 1215 648 1281 rint,
676 1224 729 1269 et
756 1216 922 1284 impio
951 1216 1166 1268 illorum
1200 1216 1432 1283 imperio
1477 1215 1658 1269 favere
1697 1216 1988 1277 voluerint,
2042 1222 2097 1269 et

520 1308 622 1376 ipsi
678 1322 895 1376 quoque
957 1316 1109 1376 parte
1153 1307 1336 1374 aliqua
1387 1306 1550 1360 cilicii
1602 1307 1705 1361 sibi
1752 1307 2093 1370 concredita,

518 1410 684 1464 prave
713 1410 772 1450 se
804 1411 990 1465 gerere
1012 1396 1295 1465 cmperint,
1335 1396 1434 1449 hos
1470 1397 1595 1449 item
1637 1397 1882 1465 puniam.
1918 1394 2085 1449 Nam-

518 1499 624 1555 que
655 1484 754 1540 hos
792 1486 1025 1555 appellat
1055 1487 1293 1539 minutos
1327 1492 1595 1555 pastores.

2191 581 2448 650 πράττειν
2486 579 2661 631 αὐτῶν
2722 578 2979 630 ἔσπευδον
3018 581 3080 648 τῇ
3136 578 3414 650 μοχθηρία.
3464 602 3480 632 ι
3506 584 3682 649 natatu

2193 672 2284 723 τὸν
2321 670 2572 739 ποιμένα,
2606 669 2700 720 καὶ
2730 669 3203 738 διασκορπισθήτω
3236 670 3301 721 τά
3334 670 3564 742 πρόὁατα.
3590 694 3603 725 ι
3628 677 3679 745 Τῇ

2196 763 2303 832 γάρ
2334 762 2513 832 πληγῇ
2541 763 2606 830 τῇ
2628 761 2802 830 οἰκείᾳ.
2834 760 3062 813 θάνατον
3095 763 3192 830 μὲν
3217 762 3453 829 ἐπάγαγε
3473 768 3564 827 τοῖς
3585 766 3683 819 οὕτω
3709 748 3719 798 “-

2202 852 2385 915 κακῶς
2417 855 2482 922 τῇ
2526 852 2825 921 προστασία
2872 851 2964 903 τοῦ
3018 851 3147 903 λαοῦ
3199 853 3683 922 χρησαμένοις,ᾶπαν

2203 944 2260 996 δὲ
2294 944 2400 995 τῶν
2430 944 2887 1013 συμπραττόντων
2933 942 3113 1005 αὐτοῖς
3158 943 3217 994 τὸ
3246 942 3483 1011 σύστημα
3523 946 3612 1013 ἅμα
3638 951 3681 1017 τῇ

2196 1035 2420 1086 ἐκείνων
2441 1034 2620 1103 πληγῇ
2645 1032 2995 1086 διασκέδασον
3022 1035 3085 1103 τῇ
3109 1033 3363 1103 τιμωρίᾳ.
3388 1032 3550 1087 Ταῦτα
3566 1052 3682 1105 apoc-

2194 1125 2468 1188 τακτικῶς
2530 1124 2766 1195 εἰρηκὼς
2797 1128 2875 1186 εἰς
2911 1126 3009 1194 τὴν
3041 1124 3148 1176 τῶν
3194 1124 3458 1194 ἐσομένων
3498 1128 3682 1195 μήνυσιν,

2194 1216 2388 1285 ἐπάγει
2419 1218 2486 1270 τά
2533 1217 2663 1286 ἑξῆς
2690 1257 2703 1279 ,
2742 1217 3035 1271 ἀκόλουθον
3080 1215 3375 1284 ἐπαγαγὼν
3404 1219 3504 1268 τοῖς
3540 1234 3684 1287 μηνιθ-

2196 1308 2378 1377 μένοις
2406 1309 2500 1361 τοῦ
2546 1310 2705 1378 λόγου
2738 1310 2797 1362 τὸ
2852 1310 3035 1378 σχῆμα
3056 1324 3072 1337 ·
3110 1326 3127 1357 ι
3162 1308 3273 1359 Kal
3310 1308 3587 1377 ἐπιστρέψω
3620 1312 3684 1378 τὴν

2192 1401 2348 1468 χεῖρά
2369 1417 2468 1469 μου
2500 1403 2593 1453 ἐπὶ
2616 1402 2742 1462 τοὺς
2776 1402 3004 1471 μικροὺς
3030 1398 3311 1467 ποιμένας.
3334 1418 3352 1449 ι
3385 1399 3487 1451 Kal
3513 1400 3600 1469 γὰρ
3621 1402 3682 1452 καὶ

2193 1488 2247 1539 εί
2275 1508 2416 1553 τινες
2460 1492 2564 1545 ὑπὸ
2594 1495 2704 1555 τοῖς
2747 1492 3065 1560 ἡγουμένοις
3095 1486 3204 1542 εἷεν
3230 1532 3243 1553 ,
3280 1491 3609 1560 συμπράττειν
3645 1509 3682 1543 τε

518 1576 696 1629 αὐτῶν
745 1579 810 1646 τῇ
853 1576 1099 1646 μοχθηρᾷ
1141 1577 1442 1647 προστασίᾳ
1493 1575 1835 1646 βουλόμενοι,
1878 1577 1971 1631 καὶ
2010 1577 2074 1647 δὴ
2121 1578 2213 1631 καὶ
2258 1583 2407 1635 αὐτοὶ
2453 1585 2593 1638 κατά
2638 1601 2757 1637 τινα
2799 1584 2950 1648 τάξιν
2998 1585 3094 1654 τὴν
3140 1583 3399 1637 δοκοῦσαν
3440 1584 3587 1643 αὐτοῖς
3619 1585 3683 1650 ὲμ-

518 1664 927 1727 πεπιστεῦσθαι,
978 1666 1265 1736 κατάρχειν
1298 1666 1688 1730 ἐσπουδακότες
1726 1666 1820 1719 τοῦ
1855 1667 2114 1739 χείρονος,
2167 1676 2545 1744 τιμωρήσομαι
2580 1674 2880 1737 κάκείνους.
2944 1677 3185 1748 Μικροὺς
3213 1676 3323 1746 γάρ
3353 1675 3581 1743 ποιμένας
3601 1677 3683 1735 τοὺς

520 1756 797 1818 τοιούτους
824 1756 998 1807 καλεῖ.

595 1847 757 1902 Vens.
788 1847 842 1907 8,
878 1852 927 1900 9.
966 1879 1033 1889 ——
1062 1847 1254 1902 Postea
1300 1864 1471 1917 pinna:
1518 1849 1823 1918 a-quitatem
1875 1851 2099 1905 demon-

2276 1851 2423 1919 Στίχ.
2447 1847 2517 1917 η’,
2543 1849 2607 1902 0'.
2633 1882 2697 1891 —-
2727 1845 2857 1901 Εἶτα
2901 1846 3113 1911 δεικνὺς
3137 1848 3199 1901 τὸ
3243 1848 3342 1917 τῆς
3384 1848 3609 1917 τιμωρίας

522 1947 735 1999 strans,
766 1956 786 1988 σ
816 1937 877 1990 Et
905 1938 1027 1999 erit,
1054 1938 1344 2008 inqttit,die
1367 1940 1453 1991 illa
1492 1940 1542 1992 in
1575 1941 1719 1993 omni
1752 1950 1916 2003 terra,
1969 1942 2092 1996 dicit

2200 1960 2353 1996 καιον
2378 1958 2389 1971 ·
2448 1961 2466 1993 ι
2507 1941 2616 1995 Kal
2652 1943 2806 1994 ἔσται
2854 1943 2911 1993 ἐν
2939 1945 3005 2011 τῇ
3034 1941 3221 2011 ἡμέρᾳ
3275 1940 3480 2011 ἐκείνῃ,
3511 1942 3557 1989 ἐν
3582 1938 3682 2007 πέσῃ

521 2028 806 2092 Dominus,
835 2028 955 2081 duae
977 2028 1150 2098 ipsius
1174 2040 1354 2098 partes
1381 2032 1632 2099 peribunt
1654 2040 1708 2086 et
1740 2034 2013 2096 deﬁcient,
2038 2043 2091 2088 et

522 2119 680 2173 tertia
712 2121 1051 2189 relinquetur
1082 2121 1135 2174 in
1164 2137 1249 2176 ea.
1287 2120 1349 2175 Et
1390 2122 1669 2176 traducam
1726 2130 1935 2178 tertiam
1977 2141 2095 2197 par-

521 2216 628 2263 tem
654 2225 750 2279 per
775 2210 990 2280 ignem;
1013 2222 1068 2263 et
1097 2209 1446 2264 inllantmaho
1477 2228 1570 2265 eos
1603 2229 1699 2265 ceu
1730 2214 2094 2268 inﬂammatur

522 2311 830 2370 argentum,
864 2311 917 2354 et
981 2303 1225 2371 probabo
1255 2317 1350 2355 eos
1377 2304 1521 2355 sicut
1570 2304 1830 2372 probatur
1879 2320 2090 2359 aurum.

525 2394 643 2462 Ipse
667 2394 939 2447 invocabit
968 2410 1164 2448 nomen
1202 2411 1401 2457 meum,
1434 2404 1485 2449 et
1509 2411 1608 2464 ego
1639 2398 1919 2451 exaudiam
1948 2414 2091 2451 eum.

526 2487 851 2556 Dicatnqne:
888 2486 1125 2555 Populus
1148 2503 1300 2540 meus
1333 2488 1419 2541 hic
1446 2496 1549 2540 est.
1584 2506 1606 2539 ι
1642 2488 1793 2553 Quod
1823 2490 2095 2557 hijnstam

524 2577 797 2646 patientur
852 2592 1089 2646 puniant,
1140 2593 1228 2631 res
1270 2580 1385 2647 ipsa
1445 2578 1801 2643 demonstrat,
1840 2582 2093 2649 quoniam

519 2677 728 2722 tantam
782 2667 1027 2722 fecerunt
1083 2670 1264 2737 populi
1293 2670 1358 2722 ad
1386 2671 1538 2737 pejus
1568 2670 2005 2734 declinationem,
2038 2683 2096 2725 ut

522 2764 643 2812 dum
695 2760 875 2828 populi
927 2771 1106 2828 partes
1158 2760 1224 2814 ad
1278 2763 1462 2815 vitium
1513 2764 1775 2834 prolapsa:
1831 2768 2097 2834 supplicio

523 2849 731 2902 tradita:
764 2849 894 2901 sint.
945 2850 1209 2903 Caeterum
1260 2850 1398 2906 duas
1430 2862 1610 2921 partes
1650 2855 1802 2917 dicit,
1852 2871 1947 2924 pro
1986 2858 2099 2926 plu-

525 2942 695 2993 rimis.
743 2939 1106 2994 Nihilominus
1164 2942 1303 2995 haud
1348 2944 1504 3012 pauci
1545 2944 1721 2998 adhuc
1773 2957 2097 3016 supererunt.

526 3032 826 3087 honestatis
859 3032 1023 3101 356
1057 3042 1349 3093 amatores.
1386 3050 1697 3104 quanquam
1727 3038 1779 3091 hi
1814 3040 2098 3108 pauciores

524 3124 666 3175 illis:
700 3123 751 3175 id
786 3125 928 3176 enim
962 3126 1244 3177 denotatur
1292 3132 1527 3185 attertia
1546 3140 1757 3200 parte»:
1810 3132 1901 3199 qui
1933 3133 2096 3185 veluti

526 3200 650 3285 igne
673 3217 931 3285 quodam.
966 3217 1293 3271 inﬂictorutn
1321 3220 1588 3272 malorum
1615 3222 1881 3289 gravitate
1911 3224 2101 3291 proha-

2194 2039 2258 2105 τῇ
2293 2038 2362 2105 γῇ
2382 2035 2563 2100 ,λέγει
2598 2035 2800 2103 Κύριος
2824 2074 2837 2091 ,
2874 2032 2941 2084 τὰ
2967 2033 3061 2085 δύο
3089 2034 3256 2102 αὐτῆς
3283 2031 3420 2102 μέρη
3448 2028 3681 2095 £50109sz-

2196 2124 2419 2197 θήσεται
2444 2126 2538 2178 καὶ
2584 2125 2851 2193 ἐκλείψει,
2887 2125 2982 2194 (p.
3013 2124 3154 2185 527)
3202 2124 3267 2175 τὸ
3311 2122 3365 2174 δὲ
3407 2122 3561 2188 τρίτον
3591 2121 3680 2199 itaa-

2194 2218 2542 2288 λειφθήσεται
2574 2219 2630 2269 ἐν
2656 2216 2791 2286 αὐτῇ
2810 2233 2824 2245 ·
2850 2216 2944 2267 καὶ
2966 2214 3130 2278 διάξω
3158 2214 3219 2266 τὸ
3250 2217 3424 2283 τρίτον
3448 2212 3522 2264 διὰ
3546 2210 3677 2279 πυρός’

2196 2308 2289 2359 καὶ
2320 2306 2556 2377 πυρώσω
2582 2307 2777 2367 αὐτοὺς
2829 2306 2903 2367 ὡς
2936 2304 3202 2375 πυροῦται
3249 2304 3312 2355 τὸ
3343 2303 3597 2372 ἀργύριον,
3620 2300 3680 2348 καὶ

2194 2399 2402 2469 δοκιμῶ
2445 2400 2643 2460 αὐτοὺς
2674 2397 2748 2459 ὡς
2794 2396 3141 2466 δοκιμάζεται
3185 2394 3248 2447 τὸ
3304 2394 3531 2464 χρυσίον·
3570 2390 3679 2450 αὐτὰ

2196 2489 2576 2543 ἐπικαλέσεται
2626 2487 2687 2540 τὸ
2734 2487 2900 2557 ὖνομά
2930 2504 3027 2556 μου
3054 2524 3069 2549 ,
3097 2485 3191 2538 καὶ
3246 2483 3355 2553 ἐγὼ
3393 2483 3677 2548 ἐπακούσομαι

2196 2582 2341 2651 αὐτῷ
2359 2598 2373 2611 ·
2401 2582 2492 2634 καὶ
2514 2580 2641 2651 ἐρῶ,
2671 2578 2811 2641 Λαός
2838 2595 2937 2646 μου
2965 2572 3116 2639 οὗτός
3138 2577 3258 2628 ἐστι
3280 2592 3294 2606 ⁸
3324 2576 3411 2628 καὶ
3435 2573 3568 2633 αὐτὸς
3588 2571 3677 2640 ἐρεῖ.

2198 2674 2398 2744 Κύριος
2421 2674 2449 2725 ὁ
2480 2672 2610 2734 Θεός
2647 2688 2767 2741 μου.
2796 2693 2813 2722 υ
2848 2670 2968 2721 Ὀτι
2997 2670 3102 2739 γὰρ
3123 2706 3138 2730 ,
3181 2668 3319 2737 φησι
3338 2708 3352 2732 ,
3380 2666 3560 2718 δικαίαν
3592 2662 3679 2713 ὐτο-

2202 2765 2451 2835 μενοῦσιν
2495 2766 2543 2816 οἱ
2592 2763 2821 2815 τοιοῦτοι
2871 2762 2970 2831 τὴν
3020 2761 3311 2830 τιμωρίαν,
3350 2757 3472 2811 αὐτὸ
3513 2752 3677 2823 δηλοῖτὺ

2198 2857 2429 2924 πρᾶγμα
2452 2895 2465 2917 ,
2507 2852 2555 2906 οἳ
2589 2852 2853 2922 τοσαύτην
2907 2850 3167 2921 ἐποίησαν
3200 2850 3295 2902 ἐπὶ
3340 2848 3397 2900 τὸ
3438 2849 3584 2917 χεῖρον
3617 2841 3676 2893 τα]

2200 2946 2381 3007 ἔθνους
2410 2944 2504 3013 τὴν
2538 2944 2810 3014 ἐκτροπὴν
2836 2982 2849 3005 ,
2882 2942 3021 2995 ὥστε
3054 2941 3122 2994 τὰ
3162 2940 3261 2994 δύο
3308 2940 3437 3011 μέρη
3476 2936 3556 2989 τοῦ
3591 2930 3676 2985 λαοῦ

2202 3037 2437 3107 ῥέψαντα
2487 3035 2621 3105 πρὸς
2667 3035 2727 3086 τὸ
2779 3035 2958 3103 χεῖρον
2995 3031 3236 3103 τιμωρίᾳ
3274 3023 3677 3102 παραδοθῆναι·τᾶ

2198 3128 2253 3180 δέ
2282 3128 2373 3179 δύο
2426 3127 2563 3196 μέρη
2597 3126 2757 3193 φησὶν
2776 3166 2791 3189 ,
2832 3126 2917 3177 ἵνα
2944 3124 3072 3196 εἴπῃ
3099 3125 3226 3185 τοὺς
3256 3123 3537 3184 πλείστους.
3573 3115 3677 3167 Ἀλλὰ

2200 3221 2309 3289 γὰρ
2339 3218 2510 3281 οὕτως
2553 3216 3031 3287 ὑπολειφθήσονται
3072 3216 3169 3269 οὐκ
3201 3216 3373 3282 ὀλίγοι
3412 3211 3494 3264 τοῦ
3531 3209 3676 3265 δέοντος

526 3306 588 3369 ti,
621 3306 799 3375 majus
823 3307 1038 3361 virtutis
1072 3308 1305 3376 pr0priaa
1348 3309 1621 3376 specimen
1654 3310 1938 3375 dederunt,
1972 3316 2092 3384 plu-

2200 3310 2457 3380 ἐρασταὶ,
2490 3312 2537 3362 εἰ
2578 3310 2670 3361 καὶ
2714 3309 2966 3371 ἐλάττους
3010 3308 3237 3360 ἐκείνων
3268 3301 3405 3359 οὗτοι
3430 3321 3439 3331 ·
3467 3300 3588 3354 τοῦτο
3606 3297 3676 3364 γὰρ

524 3397 663 3449 rima
696 3397 841 3464 passi
868 3396 1026 3457 mala,
1076 3411 1249 3463 neque
1299 3396 1499 3450 idcirco
1555 3412 1583 3449 a
1616 3413 1737 3451 meo
1782 3400 2093 3457 deficientes

525 3502 758 3542 amore:
795 3489 886 3556 qui
938 3488 1002 3540 ad
1043 3488 1299 3540 auxilium
1360 3504 1537 3542 meum
1601 3491 1974 3559 respicientes,
2028 3509 2095 3550 eo

524 3578 675 3647 digiti
704 3576 943 3633 fuerunt.
988 3578 1095 3649 Ego
1158 3594 1285 3633 vero
1344 3594 1439 3634 eos
1495 3580 1546 3633 in
1578 3596 1806 3636 numero
1848 3599 2091 3640 meorum

526 3668 806 3732 collocavi,
842 3684 1012 3723 meam
1064 3670 1338 3738 spondens
1367 3684 1586 3735 curant;
1620 3672 1806 3742 illique
1848 3674 2094 3730 vicissim

526 3774 657 3813 suas
680 3774 768 3814 res
806 3775 993 3814 omnes
1034 3760 1332 3814 dominatui
1376 3762 1786 3833 patrocinioque
1813 3779 1933 3819 meo
1965 3781 2096 3820 eon-

522 3849 893 3904 cretlidcrunt.
930 3849 1064 3904 Exin
1089 3851 1269 3905 denuo
1296 3851 1508 3905 locutus
1532 3852 1600 3906 de
1632 3852 1949 3911 dominante
1978 3873 2093 3910 ma-

524 3938 664 4002 litia,
695 3941 852 4009 culpa
879 3956 1068 3995 eorum
1120 3942 1212 4010 qui
1245 3943 1385 3996 male
1413 3941 1578 3996 rebus
1601 3954 1886 4012 prmerant,
1921 3955 1973 4001 et
2028 3948 2096 4002 de

526 4030 729 4085 inﬂicta
761 4033 964 4086 idcirco
1013 4034 1117 4087 illis
1164 4048 1346 4102 pmna,
1412 4044 1674 4088 memorat
1730 4040 1970 4093 vicissim
2010 4050 2095 4093 tu-

525 4124 684 4175 telam
721 4138 873 4176 suam
908 4139 1066 4192 quam
1098 4124 1197 4177 sibi
1250 4124 1401 4177 ﬁrme
1430 4124 1827 4181 adltrcreutibus
1870 4130 2097 4198 largitu-

524 4229 642 4266 rum
677 4214 1017 4282 promiserat.

2198 3402 2342 3469 λέγει
2382 3420 2398 3450 ι
2422 3400 2483 3452 τὸ
2501 3400 2679 3471 τρίτον
2701 3417 2716 3432 ο
2738 3420 2754 3451 ι
2790 3399 2838 3451 οἳ
2872 3399 3058 3469 ὥσπερ
3083 3399 3170 3451 διά
3199 3400 3369 3469 πυρός
3394 3413 3518 3457 τινος
3615 3405 3675 3459 με·

2198 3495 2346 3563 γέθει
2390 3493 2495 3545 τῶν
2520 3490 2861 3563 ἐπαχθέντων
2890 3492 3070 3553 αὐτοῖς
3098 3491 3288 3543 κακῶν
3329 3484 3672 3558 δοκιμασθέντες.

2202 3580 2419 3652 μείζονα
2443 3579 2542 3649 τῆς
2567 3580 2765 3651 ἀρετῆς
2789 3579 2886 3648 τῆς
2915 3577 3117 3640 οἰκείας
3152 3579 3475 3651 παρέσχοντο
3492 3576 3568 3643 τὴν
3587 3568 3674 3623 ἀπό-

2196 3670 2358 3736 δειξιν
2377 3712 2390 3735 ,
2437 3670 2660 3724 πλεῖστα
2697 3671 2795 3739 μὲν
2821 3670 2920 3723 ὅσα
2958 3670 3427 3739 ὑπομεμενηκότες
3454 3663 3592 3719 κακὰ.
3617 3659 3673 3709 οὗ·

2191 3763 2360 3833 δαμοῦ
2394 3763 2451 3816 δέ
2469 3762 2569 3831 τῆς
2594 3761 2720 3832 περί
2746 3762 2846 3831 ἐμὲ
2876 3760 3167 3821 ἐκστάντες
3203 3760 3414 3820 εὐνοίας
3434 3774 3447 3787 θ
3478 3754 3521 3807 οἳ
3550 3753 3592 3804 δὲ
3614 3748 3674 3801 ul

2193 3854 2328 3925 πρὸς
2364 3853 2460 3923 τὴν
2507 3852 2645 3923 ἐμὴν
2694 3851 2939 3922 βοήθειαν
2970 3848 3106 3903 εἶδον
3146 3850 3244 3902 καὶ
3268 3849 3561 3917 τετυχήκασι
3586 3838 3671 3892 ταῦ-

2190 3963 2290 4015 της
2309 3962 2321 3975 ³
2348 3944 2457 4013 ἐγώ
2493 3960 2551 3997 τε
2578 3944 2687 4015 γὰρ
2712 3944 2907 4005 αὐτοὺς
2932 3941 3160 4003 οἰκείους
3195 3942 3397 4011 ἐθέμην
3415 3983 3428 4004 ,
3453 3937 3533 4008 τὴν
3563 3932 3671 3999 v.65-

2196 4037 2381 4107 μονίαν
2409 4036 2774 4106 ὑποσχόμενος
2805 4035 2901 4104 τὴν
2953 4034 3090 4104 ἐμὴν
3112 4074 3127 4095 ,
3165 4033 3401 4085 κάκεῖνοι
3435 4031 3483 4083 δὲ
3511 4031 3557 4080 ἐν
3590 4021 3670 4091 ἐμοὶ

2197 4130 2259 4182 τὸ
2287 4132 2393 4182 πᾶν
2428 4127 2634 4189 ἔθεντο,
2664 4129 2729 4196 τῇ
2757 4143 2815 4178 τε
2851 4126 3133 4193 δεσποτεία
3167 4126 3263 4177 καὶ
3286 4128 3348 4193 τῇ
3380 4111 3672 4195 προστασίᾳτί

2201 4222 2308 4273 πᾶν
2342 4219 2723 4279 πιστεύσαντες
2752 4219 2817 4287 τῇ
2844 4218 2972 4286 ἐμῇ.
3009 4217 3117 4267 Kal
3152 4214 3215 4286 δὴ
3264 4216 3417 4268 πάλιν
3445 4211 3578 4265 εἰπὼν
3607 4206 3672 4271 τήν

526 4323 583 4358 τε
621 4306 988 4375 γεγενημένην
1044 4307 1397 4377 ἐπικράτειαν
1444 4306 1535 4359 τοῦ
1594 4309 1799 4371 κακοῦ,
1855 4315 1920 4381 τῇ
1969 4313 2075 4364 τῶν
2130 4312 2314 4375 κακῶς
2364 4309 2715 4381 προεστώτων
2761 4307 3068 4379 μοχθηρία,
3111 4308 3206 4359 καὶ
3245 4306 3342 4378 τὴν
3379 4302 3585 4358 ἐντεῦθεν
3610 4302 3672 4351 ἐπ·

524 4399 777 4467 αχθεῖσαν
823 4397 1004 4459 αὐτοῖς
1040 4398 1325 4468 τιμωρίαν,
1364 4400 1813 4471 ἀντιπαρατίθησι
1850 4403 1944 4471 τὴν
2006 4404 2333 4474 κηδεμονίαν
2373 4402 2437 4469 ἢν
2488 4402 2597 4462 τοῖς
2637 4400 2761 4470 περὶ
2800 4399 2928 4452 αὐτὸ
2968 4398 3304 4468 μεμενηκόσι
3352 4395 3552 4466 βεϐαίως
3580 4405 3670 4457 παρ

525 4489 731 4556 έτχετο.

1146 4577 1297 4631 CAP.
1330 4578 1470 4631 XIV.

597 4666 761 4721 Vatis.
792 4668 901 4723 1-4.
928 4699 995 4708 ——
1045 4686 1061 4717 ι
1093 4668 1229 4724 Ecce
1254 4670 1370 4724 dies
1418 4670 1627 4722 Domini
1672 4669 1834 4729 venit,
1874 4680 1926 4723 et
1955 4669 2092 4722 divi-

528 4760 726 4812 dentur
742 4758 913 4828 spolia
939 4768 1028 4812 tua
1058 4761 1111 4813 in
1145 4770 1215 4814 te.
1248 4760 1312 4813 Et
1334 4761 1669 4831 congregabo
1690 4776 1880 4817 omnes
1900 4769 2090 4832 gentes

526 4850 791 4905 adversus
818 4850 1152 4907 Hierusalem
1180 4852 1245 4907 ad
1271 4853 1469 4907 bellum
1490 4870 1505 4918 ;
1525 4864 1574 4907 et
1606 4854 1850 4924 capietur
1871 4852 2084 4916 civitas,

523 4940 851 5010 diripientur
876 4943 1091 5008 domus,
1122 4953 1176 4998 et
1206 4946 1461 5001 mulieres
1482 4945 1789 5015 polluentur
1817 4964 1829 4999 :
1873 4954 1924 4998 et
1941 4959 2088 5014 egre-

526 5035 707 5089 dietur
746 5036 967 5091 dimidia
1032 5053 1155 5106 pars
1206 5036 1444 5092 civitatis
1497 5037 1550 5090 in
1585 5035 1953 5105 captivitatem
1989 5054 2001 5089 :
2035 5044 2089 5089 et

527 5143 655 5197 pars
707 5127 910 5197 reliqua
966 5129 1147 5197 populi
1177 5129 1279 5181 mei
1329 5144 1437 5181 non
1464 5127 1665 5197 peribit
1686 5127 1753 5181 de
1794 5128 2032 5182 civitate.
2068 5149 2085 5179 ι

531 5216 717 5279 Adest,
747 5218 945 5286 inquit,
982 5226 1212 5287 tempus,
1255 5232 1364 5286 quo
1412 5218 1640 5287 plurima
1664 5217 2089 5286 alienigenarum

528 5300 823 5354 multitudo
843 5300 1242 5368 expeditionem
1268 5299 1427 5353 faciet
1450 5299 1711 5354 adversus
1732 5297 2091 5361 Hierusalem,

530 5398 807 5459 totamque
837 5390 982 5445 intus
1012 5391 1339 5461 Spoliabunt.
1372 5389 1437 5443 Et
1484 5390 1599 5459 ipsa
1623 5389 1840 5460 quidem
1894 5390 1963 5443 ab
2000 5390 2094 5442 ho-

527 5479 702 5535 stibus
730 5482 998 5550 capietur,
1027 5481 1351 5549 diripientur
1375 5495 1501 5535 vero
1523 5481 1703 5534 omnia
1737 5496 1857 5549 qua
1883 5481 1936 5534 in
1967 5479 2094 5534 aedi-

529 5570 633 5624 bus
657 5570 894 5645 fuerint;
926 5580 1185 5641 tantaque
1214 5573 1445 5627 victores
1471 5572 1832 5641 percellentur
1860 5572 2093 5635 insania,

528 5668 589 5713 ut
618 5676 686 5716 ne
706 5676 737 5715 a
765 5663 1052 5717 mulierum
1084 5662 1299 5733 quidem
1317 5663 1635 5734 corporibus
1666 5661 1933 5718 violandis
1970 5662 2091 5718 abs-

530 5752 758 5818 tineant,
808 5754 1180 5823 plurimosque
1249 5756 1396 5811 cives
1485 5754 1763 5808 abducant
1815 5754 2079 5823 captivos.

2827 4578 2983 4633 ΚΕΦ.
3028 4580 3124 4631 IA'.

2269 4666 2414 4733 Στίχ.
2453 4663 2589 4719 α’-δ¹.
2621 4695 2688 4704 ——
2728 4665 2886 4720 «Ἰδοὺ
2924 4668 3105 4738 ἡμέρα
3137 4670 3354 4741 ἔρχεται
3386 4665 3585 4737 Κυρίουο
3610 4658 3669 4712 καὶ

2196 4753 2670 4825 διαμερισθήσεται
2698 4754 2765 4806 τὰ
2794 4755 2963 4808 σκῦλά
2992 4774 3084 4809 σου
3111 4760 3168 4810 ἐν
3199 4758 3304 4823 σοὶ,
3324 4758 3414 4811 καὶ
3440 4747 3670 4809 ἐπισυνάξαι

2194 4846 2371 4898 πάντα
2419 4846 2484 4897 τὰ
2517 4844 2641 4915 ἔθνη
2677 4848 2769 4899 ἐπὶ
2810 4846 3160 4920 Ἰερουσαλὴμ
3212 4853 3292 4913 είς
3342 4849 3575 4918 πόλεμον.
3608 4840 3669 4893 καὶ

2194 4937 2456 4989 ἁλώσεται
2490 4939 2523 5008 ἡ
2556 4940 2736 5004 πόλις,
2771 4942 2846 5008 (p.
2892 4940 3016 5011 528)
3067 4942 3159 4993 καὶ
3193 4942 3604 5014 διαρπαγήσονται
3631 4931 3667 4981 οἱ

2191 5028 2356 5080 οἰκίαι
2380 5068 2394 5090 ,
2426 5031 2520 5082 καὶ
2548 5031 2604 5083 αἰ
2642 5034 2895 5097 γυναῖκες
2935 5031 3351 5104 μολυνθήσονται
3373 5073 3387 5095 ,
3417 5030 3499 5083 καὶ
3522 5020 3669 5091 ἐξελεά·

2196 5135 2347 5171 σεται
2378 5121 2439 5172 τὸ
2460 5121 2627 5190 ἣμισυ
2657 5121 2757 5188 τῆς
2790 5121 2995 5184 πόλεως
3028 5123 3086 5174 ἐν
3110 5122 3460 5193 αἰχμαλωσίᾳ,
3488 5119 3528 5171 ol
3550 5116 3667 5167 ὃὲκιο

2193 5209 2437 5263 τάλοιποι
2462 5210 2553 5263 τοῦ
2582 5210 2710 5263 λαοῦ
2743 5228 2843 5281 μου
2874 5212 2935 5263 οὐ
2965 5213 3041 5282 μὴ
3062 5211 3493 5283 ἐξολοθρευθῶσιν
3518 5209 3569 5259 ἐκ
3602 5200 3668 5283 τῆς

2194 5300 2420 5365 πόλεως.
2453 5321 2471 5352 ι
2526 5300 2896 5370 Παραγένεται
2942 5281 3083 5372 γὰρ,
3147 5281 3278 5373 φησὶ
3303 5344 3319 5367 ,
3368 5300 3534 5370 καιρὸς
3569 5298 3609 5347 ὲν

2192 5396 2430 5448 πλεῖστοι
2453 5395 2558 5448 τῶν
2580 5395 2869 5466 ἀλλοτρίων
2889 5396 3400 5465 ἐπιστρατεύσαντες
3428 5396 3487 5462 τῇ
3524 5391 3666 5457 ’ῐερουσ

2194 5484 2393 5556 σαλὴμ,
2423 5485 2637 5538 ἅπασαν
2657 5485 2825 5556 αὐτὴν
2857 5485 3236 5539 σκυλεύσουσιν
3257 5486 3395 5539 ἔνδον
3412 5501 3426 5515 ο
3456 5482 3531 5535 καὶ
3553 5480 3577 5546 ἡ
3601 5472 3666 5542 μὲν

2191 5577 2299 5627 ὑπὸ
2354 5576 2461 5629 τῶν
2520 5577 2787 5647 πολεμίων
2832 5576 3203 5648 ληφθήσεται,
3236 5558 3665 5647 διαρπαγήσεταιδέ

2200 5667 2375 5719 πάντα
2415 5667 2482 5719 τὰ
2506 5670 2623 5730 ταῖς
2658 5666 2853 5731 οἰκίαις
2884 5668 3068 5721 ἐνόντα
3095 5709 3110 5734 ,
3133 5667 3359 5736 τοσαύτῃ
3388 5679 3440 5717 τε
3468 5663 3508 5715 οἰ
3537 5660 3665 5710 ἐπεισ·

2196 5757 2506 5827 εληλυθὸτες
2529 5762 2596 5829 τῇ
2625 5759 2771 5813 πόλει
2795 5761 3080 5830 χρήσονται
3106 5763 3168 5831 τῇ
3191 5752 3534 5831 παροινία,ὡς
3566 5744 3665 5809 μήτε
