3934 6524
200 363 306 420 εδδ

1058 373 1059 376 ‘
1115 353 1663 414 COMMENTARIUS
1702 352 1765 406 lN
1810 352 2184 409 ΖΑΟΗΑΒΙΑΞ
2223 353 2375 409 CAP.
2418 355 2556 409 XIV.

3368 354 3484 412 ενι

216 475 367 528 λουσι
415 473 507 527 τὸν
552 473 774 545 χρόνον,
830 473 972 542 λέγω
1013 475 1070 528 δὲ
1131 479 1245 538 τοῖς
1295 473 1738 533 Μακκαϐαῖκοῖς,
1793 467 1975 531 πίστις
2097 471 2165 524 τὰ
2201 471 2511 542 πρόσφατον
2555 473 2683 542 περὶ
2731 472 2822 524 τὸν
2874 467 2996 540 Γὼγ
3039 472 3332 544 γινόμενα,
3385 480 3482 529 και

213 567 295 636 τῷ
326 567 579 637 προφήτῃ
603 565 660 618 δὲ
688 565 974 634 ἐγγένηται
1003 567 1101 635 τὴν
1131 567 1334 620 οἰκείαν
1380 561 1712 636 προφητείαν
1756 560 1836 622 εἰς
1875 563 2244 634 χρηστοτέραν
2281 564 2509 633 μήνυσιν
2541 565 2902 633 συμπερᾶναι.
2936 564 3103 631 Λέγει
3134 565 3311 618 τοίνυν
3330 580 3346 596 ·

289 662 438 731 Στίχ.
473 659 747 730 ιβ’-ιθ’.--
782 679 800 711 ι
840 663 949 712 Καὶ
995 660 1133 732 αὕτη
1184 661 1334 714 ἔσται
1390 663 1422 730 ἠ
1475 659 1680 720 πτῶσις
1726 657 1793 726 ἢν
1823 658 1869 714 Α

212 753 374 822 τιόψει
403 751 604 822 Κύριος
629 753 834 813 πάντας
856 753 983 816 τοὺς
1017 753 1194 816 λαοὺς,
1217 754 1330 805 ὅσοι
1353 750 1791 820 ἐπεστράτευσαν

216 843 312 894 ἐπὶ
352 841 726 912 Ἰερουσαλήμ.
770 861 789 892 ι
835 841 941 894 Τοῦ
971 842 1080 912 γάρ
1113 842 1322 904 ἔθνους,
1362 841 1546 910 φησὶν,
1582 839 1809 892 έκείνουκ

216 933 312 986 τοῦ
363 933 618 1003 μεγίστου
661 951 720 986 τε
772 935 865 986 καὶ
914 933 1278 1004 ἀμαχωτάτου
1326 933 1667 1003 περιέσονται
1725 934 1792 1001 τῇ

218 1025 340 1093 θείᾳ.
385 1024 642 1093 δυνάμει·
677 1025 754 1087 ὡς
796 1024 1045 1078 ἑστώτων
1079 1025 1177 1095 μὲν
1203 1024 1382 1078 αὐτῶν
1417 1027 1652 1094 τακῆναι
1693 1024 1794 1087 τάς

219 1117 453 1182 σάρκας,
487 1115 607 1168 οὐδὲ
647 1115 961 1185 προϐαίνειν
986 1117 1078 1168 ἐπὶ
1110 1115 1200 1167 τὸν
1241 1116 1474 1185 πόλεμον
1506 1115 1792 1185 ἐωμένων,

213 1207 297 1276 τῷ
341 1207 562 1275 φθάνειν
606 1207 782 1258 αὐτῶν
821 1206 918 1277 τὴν
948 1207 1123 1278 ὁρμὴν
1149 1209 1236 1260 τὸν
1266 1207 1396 1261 Θεὸν
1426 1207 1514 1261 διὰ
1553 1208 1652 1278 τῆς
1699 1210 1792 1261 ὲπο

217 1300 498 1368 ἀγομένης
536 1297 716 1360 αὐτοῖς
739 1297 1008 1368 τιμωρίας
1028 1314 1042 1327 ’
1071 1297 1496 1369 ἀφαιρεθήσεται
1529 1298 1587 1351 δὲ
1617 1297 1796 1350 αὐτῶν

217 1392 315 1442 καὶ
346 1394 378 1460 ή
421 1390 516 1442 τοῦ
561 1389 781 1460 βλέπειν
830 1391 1016 1460 ἰσχὺς,
1053 1393 1117 1443 ἑκ
1149 1390 1239 1443 τοῦ
1271 1391 1534 1460 μεγέθους
1555 1390 1664 1444 τῶν
1703 1409 1798 1445 κα-

215 1480 676 1550 ταλαμϐανόντων
724 1481 919 1543 αὐτοὺς
954 1482 1170 1543 κακῶν,
1222 1481 1442 1550 μενοῦσί
1491 1499 1552 1534 τε
1595 1483 1797 1550 ἄφωνοι

215 1571 308 1624 διὰ
333 1572 431 1636 τὴν
456 1570 560 1623 τῶν
581 1589 641 1623 συ
653 1572 899 1639 μϐάντων
923 1574 1152 1643 ἀπορίαν
1172 1591 1186 1604 ο
1209 1575 1302 1626 καὶ
1319 1573 1618 1643 συντόμως,
1642 1575 1796 1644 φησι,

214 1663 459 1735 τοσαύτη
508 1667 706 1728 αὐτοὺς
744 1665 916 1734 ἁθρόα
957 1667 1097 1720 κατά
1131 1666 1279 1719 θείαν
1327 1667 1494 1738 ὀργὴν
1545 1666 1800 1728 ἔκστασις

217 1755 484 1826 λήψεται,
537 1756 676 1808 ὥστε
722 1758 949 1814 ἕκαστον
998 1759 1091 1810 ἐπὶ
1122 1759 1213 1810 τὸν
1263 1758 1486 1828 πλησίον
1532 1759 1801 1828 τρέποντα

217 1848 319 1918 τὴν
344 1847 548 1900 οἰκείαν
579 1853 762 1918 χεῖρα,
813 1850 945 1920 μηδὲ
976 1850 1131 1902 τοῦτο
1163 1849 1359 1903 εἰδέναι
1381 1893 1394 1914 ,
1449 1849 1562 1902 ἀλλ’
1597 1849 1800 1901 οἴεσθαι

221 1941 521 2010 ἀλλοτρίων
579 1940 950 2007 ἐφάπτεσθαι,
1007 1941 1083 2003 ῶς
1129 1941 1271 1994 κατά
1320 1958 1382 2008 γε
1437 1940 1498 1992 τὸ
1549 1940 1797 1992 πλεῖστον

217 2030 387 2098 ἔργον
429 2027 625 2089 αὐτοὺς
668 2027 910 2098 αλλήλων
940 2027 1212 2096 γενέσθαι,
1252 2029 1498 2090 πλείονάς
1526 2046 1584 2080 τε
1616 2028 1794 2080 αὐτῶν
1829 2003 1871 2060 Β

219 2119 336 2172 ὑπὸ
363 2119 472 2171 τῶν
510 2118 724 2170 οἰκείων
756 2121 788 2188 ἢ
823 2119 927 2170 ύπό
955 2119 1062 2171 τῶν
1101 2119 1367 2172 Ἰουδαίων
1398 2119 1798 2188 πληττομένους

222 2213 432 2265 πεσεῖν,
480 2210 567 2279 (ι).
601 2211 740 2272 555)
809 2210 970 2262 Ἀλλὰ
1021 2209 1129 2281 γάρ
1183 2212 1242 2262 ὲν
1294 2211 1553 2274 τοιούτοις
1611 2213 1800 2274 κακοῖς

219 2301 628 2371 ἐξεταζομένων
666 2302 909 2361 ἐκείνων,
932 2303 1324 2372 παρατάξεται,
1357 2304 1512 2372 φησι,
1538 2303 1628 2356 καὶ
1670 2305 1800 2356 Ἰούο

219 2395 317 2456 δας
349 2396 405 2446 ἐν
461 2393 842 2462 Ἰερουσαλήμ·
893 2393 978 2444 ἴνα
1011 2391 1160 2463 εἴπῃ,
1189 2394 1270 2446 ὄτι
1324 2392 1539 2464 θαρρῶν
1583 2395 1675 2448 ἐπὶ
1709 2394 1799 2447 τὸν

221 2484 348 2536 κατ’
378 2483 557 2536 αὐτῶν
597 2482 935 2547 ἐξελεύσεται
969 2481 1201 2551 πόλεμον
1236 2483 1340 2535 ὑπὸ
1388 2482 1466 2553 τῷ
1499 2484 1800 2555 Ζοροϐάϐελ

222 2573 734 2644 στρατηγούμενος.
778 2573 836 2636 ὃς
867 2575 930 2626 ἐκ
957 2574 1056 2642 τῆς
1097 2574 1190 2626 τοῦ
1233 2574 1401 2626 Ἰούδα
1445 2575 1616 2645 φυλῆς
1644 2574 1798 2644 βασιο

221 2667 356 2726 λεὺς
397 2667 576 2718 αὐτῶν
615 2667 756 2718 κατά
796 2665 946 2718 θείαν
997 2665 1365 2719 ἀναδέδεικται
1407 2667 1620 2734 κρίσιν’
1661 2669 1801 2719 οὕτω

221 2774 284 2808 τε
316 2758 652 2827 κρατήσουσι
675 2755 785 2808 τῶν
816 2758 1074 2809 ἐναντίων
1094 2797 1107 2813 .
1129 2756 1268 2809 ῶστε
1300 2757 1476 2810 πάντα.
1516 2757 1698 2820 αὐτοῖς
1735 2758 1802 2810 τὰ

225 2849 536 2919 προσόντα,
578 2848 775 2918 χρυσόν
816 2866 874 2900 τε
906 2852 1000 2901 καὶ
1033 2850 1271 2920 ἄργυρον
1312 2836 1405 2902 καὶ
1434 2849 1664 2917 ἐσθῆτα,
1710 2851 1802 2903 καὶ

223 2943 255 2992 ὃ
282 2939 341 2993 τί
371 2941 490 2991 ποτ’
525 2940 590 2992 ἂν
640 2939 810 3008 ἔχοιεν
847 2942 976 3010 παρ’
1011 2941 1217 3003 ἑαυτοῖς
1267 2939 1469 3009 ἀγαθὸν
1489 2981 1503 3002 ,
1534 2941 1708 2994 ταῦτα
1737 2942 1801 3011 δὴ

226 3032 412 3084 πάντα
463 3031 825 3100 ἀφελομένους
869 3033 962 3085 τὸν
1015 3033 1210 3084 οἰκεῖον
1263 3031 1492 3101 αὐξῆσαι
1552 3033 1798 3085 πλοῦτον.

225 3122 405 3175 Τοῦτο
447 3122 554 3192 γὰρ
597 3119 752 3184 εἷπε,
789 3141 807 3174 ι
849 3125 959 3177 Καὶ
1011 3125 1224 3189 συνάξει
1268 3123 1366 3193 τὴν
1395 3125 1545 3194 ἰσχὺν
1588 3126 1802 3178 πάντων

224 3215 341 3266 τῶν
371 3215 514 3268 λαῶν
541 3214 802 3267 κυκλόθεν
823 3235 836 3247 υ
880 3235 896 3266 ι
935 3217 1086 3285 ἰσχὺν
1115 3215 1296 3269 αύτῶν
1326 3215 1494 3269 εἰπὼν
1529 3215 1596 3269 τὰ
1628 3232 1801 3287 προσ-

1970 654 2132 710 Vens.
2162 657 2345 712 12-19.
2388 687 2456 696 ——
2490 676 2508 705 ι
2545 657 2607 707 lit
2656 657 2774 711 haec
2833 659 2938 711 erit
2961 659 3116 712 ruina
3149 673 3256 728 qua
3287 674 3480 729 percu-

1893 747 1987 802 tiet
2025 747 2284 802 Dominus
2333 764 2524 802 (mines
2565 749 2820 816 populos,
2861 749 3175 820 quicunque
3211 750 3479 804 militave-

1894 848 2223 894 runtcontra
2253 838 2616 896 Hierusalem.
2656 859 2674 892 ι
2707 839 2894 894 Gentis
2944 842 3110 906 illius,
3143 842 3338 912 inquit,
3364 857 3490 896 ητα-ς

1895 929 2054 983 xime:
2103 939 2157 984 et
2210 932 2648 1002 inexpugnabilis
2716 933 2953 987 victores
3014 935 3245 989 evadent
3293 935 3475 989 divina

1893 1022 2094 1077 virtute
2127 1043 2138 1078 :
2179 1033 2432 1094 tanquam
2471 1026 2515 1079 si
2573 1025 2835 1081 stantium
2885 1025 3101 1080 illorum
3138 1027 3478 1082 tabescerent

1896 1129 2112 1178 carnes,
2140 1131 2314 1185 neque
2337 1116 2500 1188 360
2519 1117 2582 1169 ad
2613 1132 2843 1186 pugnam
2879 1118 3170 1186 procedere
3215 1121 3483 1184 sinerem,

1898 1209 2008 1263 Deo
2042 1210 2285 1279 ipsorum
2323 1211 2586 1279 impetum
2624 1212 2985 1280 praweniente
3035 1225 3204 1280 paena:
3251 1210 3480 1281 imposi-

1898 1304 2063 1358 tione.
2112 1302 2407 1357 Auferetur
2437 1318 2656 1371 quoque
2720 1303 2853 1372 ipsis
2882 1302 3140 1356 cernendi
3193 1303 3274 1357 vis
3304 1318 3334 1356 a
3363 1319 3480 1356 ma-

1898 1395 2184 1466 gnitudine
2254 1395 2687 1449 incumbentium
2733 1394 3019 1455 malorum,
3063 1394 3307 1464 mutique
3353 1394 3484 1449 fient

1898 1486 1970 1538 ob
1989 1495 2279 1539 eventuum
2314 1485 2624 1553 angustias.
2658 1486 2716 1538 In
2747 1499 2984 1546 summa,
3017 1493 3165 1536 tanta
3193 1484 3300 1538 illis
3327 1498 3354 1536 a
3387 1483 3486 1537 Dei

1901 1575 1982 1629 ira
2017 1576 2214 1630 mentis
2242 1574 2578 1646 perturbatio
2610 1573 2832 1636 incidet.
2881 1582 2941 1628 ut
2981 1575 3178 1643 singuli
3246 1575 3479 1628 invicem

1899 1679 2094 1720 manus
2110 1663 2415 1727 afferentes,
2443 1662 2587 1717 haud
2611 1665 2870 1727 sentiant,
2899 1663 2993 1718 sed
3036 1671 3326 1718 extraneos
3361 1665 3482 1734 pul-

1903 1769 2023 1808 sare
2051 1769 2112 1809 se
2138 1762 2350 1823 putent,
2383 1755 2624 1824 ﬁantque
2649 1765 2852 1809 mutua:
2875 1756 3039 1810 caedis
3065 1763 3338 1820 auctores,
3367 1770 3482 1808 ma-

1898 1845 2094 1914 jorque
2118 1845 2334 1900 illorum
2358 1860 2487 1915 pars
2529 1861 2557 1900 a
2586 1846 2703 1902 suis
2734 1862 2897 1916 quam
2934 1861 2964 1899 a
2990 1845 3193 1901 ludatis
3221 1861 3497 1915 percussa

1903 1935 2081 1988 cadat.
2114 1933 2310 1989 Verum
2348 1936 2475 1988 dum
2500 1935 2575 1988 illi
2615 1935 2698 1988 his
2719 1934 2878 1990 malis
2913 1933 3282 2002 implicantur,
3333 1948 3494 1987 com-

1899 2027 2112 2095 parabit
2143 2042 2202 2081 se
2235 2025 2300 2079 ad
2326 2025 2576 2096 praelium
2605 2025 2772 2080 Judas
2805 2026 2859 2079 in
2891 2025 3022 2078 urbe
3050 2023 3406 2088 Hierusalem,
3429 2023 3481 2077 id

1898 2125 1982 2172 est
2008 2153 2022 2178 ,
2041 2111 2300 2166 audacter
2313 2111 2484 2166 exidit
2498 2114 2564 2166 ad
2593 2115 2830 2172 hostium
2863 2115 3322 2184 oppugnationem
3343 2110 3483 2165 duce

1899 2207 2254 2266 Zorobabele,
2285 2206 2376 2275 qui
2414 2222 2505 2261 rex
2540 2207 2674 2276 ipsis
2705 2207 2893 2261 divino
2918 2206 3126 2276 judicio
3150 2205 3501 2259 constitutus

1897 2307 2001 2353 est.
2034 2299 2210 2367 Atque
2240 2300 2312 2350 ita
2367 2297 2644 2366 potientur
2668 2298 2938 2362 hostibus,
2966 2306 3025 2350 ut
3060 2311 3252 2352 omnes
3292 2309 3482 2350 eorum

1899 2407 2052 2460 epes,
2105 2405 2320 2454 aurum,
2344 2396 2652 2459 argentum.
2683 2397 2912 2451 vestem,
2947 2397 3002 2443 et
3055 2386 3321 2458 quidquid
3357 2384 3494 2440 boni-

1897 2497 2085 2537 secum
2118 2481 2428 2542 habuerint,
2484 2481 2810 2551 diripientes
2841 2480 2907 2534 ad
2938 2495 3161 2534 suarum
3200 2493 3362 2548 opum
3389 2493 3485 2530 cn-

1901 2577 2107 2630 mulum
2143 2576 2450 2630 conferant.
2476 2573 2567 2627 Sic
2580 2573 2725 2627 enim
2744 2570 3234 2641 significautverba
3257 2582 3268 2617 :
3296 2581 3314 2610 ί
3337 2563 3488 2622 Con-

1901 2668 2143 2739 gregabit
2165 2666 2542 2721 fortitudinem
2579 2665 2904 2735 populorum
2931 2663 3176 2715 omnium
3208 2659 3262 2713 in
3284 2658 3485 2709 circui-

1903 2771 1990 2822 tu,
2035 2779 2052 2810 ι
2088 2758 2462 2811 fortitudinem
2508 2756 2721 2810 illorum
2779 2754 2966 2807 dicens
3013 2768 3142 2821 opes
3195 2765 3226 2802 a
3286 2749 3499 2817 quibus.

1900 2854 2046 2905 vires
2075 2849 2437 2920 accipiebant.
2455 2844 2611 2910 Quod
2627 2844 2934 2905 declarans,
2953 2840 3027 2893 ait
3046 2859 3056 2891 :
3072 2840 3418 2907 «Aurumque
3431 2845 3492 2892 ct‘

1903 2952 2191 3015 argentum
2243 2951 2297 2998 et
2351 2949 2553 2996 vestem
2611 2940 2765 2991 valde
2819 2930 3272 3005 plurimam.»llis
3313 2927 3482 2988 addit,

1903 3038 2134 3091 multum
2158 3035 2276 3089 fore
2292 3047 2557 3103 equorum
2592 3031 2999 3091 detrimentum,
3027 3033 3082 3080 et
3115 3024 3410 3084 mulorum,
3431 3029 3494 3074 et.

1903 3127 2256 3190 camelorum,
2289 3135 2454 3194 atque
2489 3122 2804 3183 asinorump
2825 3120 3182 3185 onmiumque
3213 3112 3358 3183 apud
3387 3125 3484 3166 eos

1900 3221 2578 3290 jumentorum,quotquot
2633 3213 2774 3266 bello
2818 3211 2970 3264 utilia
3010 3207 3363 3266 aastimantes,
3395 3217 3491 3255 se-

223 3309 364 3360 όντα
400 3307 493 3376 ἀφ’
532 3301 606 3360 ὧν
636 3303 872 3378 εἶχονντὸ
916 3307 1190 3360 δύνασθαι.
1221 3307 1382 3359 Ὅθεν
1436 3309 1530 3360 καὶ
1571 3309 1801 3378 σαφηνί-

1908 3324 2032 3364 cum
2057 3307 2421 3362 adducebant.
2449 3304 2514 3358 Et
2535 3303 2789 3358 interitus
2837 3300 3056 3370 quidem
3088 3298 3303 3351 illorum
3325 3299 3488 3399 atque

228 3398 342 3459 ξων
381 3399 542 3462 αὐτὸ,
577 3401 855 3469 ἐπήγαγε⁸
907 3417 924 3449 ι
966 3398 1179 3470 Χρυσόν
1207 3415 1266 3450 τε
1299 3398 1394 3452 καὶ
1442 3399 1678 3469 ἄργυρον
1710 3398 1803 3452 καὶ

228 3492 529 3560 ἱματισμὸν
589 3493 665 3554 εἰς
721 3490 922 3560 πλῆθος
958 3491 1244 3564 σφόδρα.»
1300 3489 1520 3554 Τούτοις
1586 3490 1802 3558 ἐπάγει,

226 3585 317 3636 ὅτι
367 3581 530 3654 πολλή
565 3599 646 3645 τις
691 3582 933 3636 ἀπώλεια
978 3585 1070 3635 καὶ
1113 3583 1294 3634 ἵππων
1333 3581 1484 3636 ἔσται
1526 3584 1619 3635 καὶ
1647 3584 1806 3653 ἡμιό-

228 3691 342 3727 νων
382 3674 476 3726 καὶ
506 3672 766 3743 καμήλων
815 3674 909 3726 καὶ
942 3674 1076 3726 δνων
1119 3675 1213 3728 καὶ
1245 3674 1463 3728 πάντων
1493 3673 1600 3726 τῶν
1635 3691 1806 3745 προσ-

226 3767 402 3818 όντων
460 3765 641 3827 αύτοῖς
686 3765 928 3834 κτηνῶν,
981 3765 1152 3818 ὁπόσα
1201 3780 1308 3834 περ
1364 3765 1643 3836 ἐπιτήδειά
1690 3780 1804 3828 πως

231 3861 451 3920 ἑαυτοῖς
482 3860 561 3920 είς
582 3857 672 3909 τὸν
705 3857 935 3927 πόλεμον
967 3859 1284 3926 νομίσαντες
1313 3852 1449 3910 εἶναι
1471 3897 1486 3922 ,
1522 3857 1809 3910 συλλαϐόν-

229 3967 324 4011 τες
342 3945 474 4018 ἦγον
493 3948 610 4018 μεθ’
639 3949 862 4002 ἑαυτῶν.
896 3950 953 4001 ’0
978 3949 1076 4018 μὲν
1098 3949 1163 4019 δὴ
1192 3948 1417 4011 θάνατος
1435 3949 1631 4014 αὐτῶν,
1653 3952 1806 4020 φησι,

232 4043 332 4094 καὶ
358 4044 390 4112 ἡ
416 4040 658 4093 ἀπώλεια
682 4040 916 4110 τοσαύτη
932 4058 1014 4102 τις
1038 4040 1187 4094 ἔσται
1210 4041 1304 4092 καὶ
1323 4039 1544 4110 τοιαύτη
1564 4059 1579 4073 ο
1622 4042 1809 4096 ὁπόσοι

230 4133 277 4184 δ’
299 4130 369 4185 ἂν
394 4131 572 4184 αὐτῶν
595 4133 970 4203 περισωθεῖεν,
999 4131 1308 4199 ἐπιγνόντες
1330 4132 1422 4184 τοῦ
1444 4133 1576 4186 Θεοῦ
1596 4133 1694 4204 τὴν
1721 4134 1811 4186 δύ-

229 4241 402 4292 ναμιν
436 4223 494 4287 ἐξ
515 4216 589 4276 ὧν
611 4223 928 4284 πεπόνθασι,
952 4224 1114 4292 νόμον
1141 4223 1391 4292 θήσονται
1414 4225 1542 4294 παρ’
1574 4225 1808 4290 ἑαυτοῖς,

233 4314 502 4383 διηνεκῶς
523 4313 760 4374 ἀνιόντες
786 4313 877 4365 ἐπὶ
897 4313 994 4384 τὴν
1039 4313 1390 4384 Ἰερουσαλὴμ
1416 4316 1513 4385 τὴν
1541 4315 1811 4385 καθηκου-

236 4422 343 4458 σαν
379 4404 727 4456 ἀποτιννύναι
758 4403 837 4473 τῷ
873 4402 992 4473 Θεῴ
1021 4404 1411 4474 προσκύνησιν,
1455 4407 1718 4459 ἐπιτελεῖν
1754 4408 1810 4460 δὲ

237 4497 338 4549 καὶ
354 4497 451 4565 τὴν
468 4495 660 4566 ἑορτὴν
673 4495 771 4564 τῆς
791 4497 1182 4566 σκηνοπηγίας,
1197 4499 1380 4568 ἐπειδὴ
1401 4502 1512 4561 τοῖς
1529 4499 1810 4570 πόρρωθεν

237 4587 702 4657 παραγινομένοις
724 4587 1021 4657 ἐπιτήδειος
1050 4589 1077 4639 ὁ
1093 4588 1278 4658 καιρὸς
1297 4588 1351 4641 θε
1363 4590 1502 4657 ρινὸς
1516 4591 1774 4660 ὑπάρχων
1792 4610 1806 4624 ο

1904 3399 2130 3455 exitium
2184 3398 2291 3452 tale
2327 3396 2448 3450 erit.
2491 3394 2770 3463 Quotquot
2813 3399 2994 3444 autem
3037 3404 3100 3442 ex
3146 3388 3280 3457 ipsis
3350 3377 3491 3437 salvi

1908 3497 2253 3560 supererunt,
2283 3495 2644 3558 agnoscentes
2683 3483 2775 3539 Dei
2825 3482 3117 3554 potentiam
3163 3494 3228 3534 ex
3257 3478 3342 3533 his
3370 3487 3492 3546 qua:

1908 3591 2035 3636 sunt
2065 3580 2234 3650 passi,
2277 3579 2446 3647 legem
2497 3576 2716 3631 sibimet
2745 3581 2987 3629 statuent
3007 3568 3336 3626 ascendendi
3368 3583 3490 3636 per-

1911 3681 2072 3742 petuo
2101 3671 2166 3724 ad
2219 3670 2409 3723 urbem
2467 3667 2829 3727 Hierusalem,
2873 3663 3058 3733 ibique
3102 3660 3343 3714 debitum
3383 3657 3492 3710 Deo

1909 3763 2231 3830 obsequium
2291 3758 2654 3829 persolvendi,
2708 3772 2807 3811 nec
2854 3770 2959 3808 non
3017 3750 3490 3807 tabernaculorum

1913 3857 2115 3912 festum
2147 3853 2362 3923 agendi,
2389 3848 2828 3920 quandoquidem
2866 3847 2933 3900 iis
2970 3845 3061 3913 qui
3093 3843 3160 3896 de
3195 3840 3493 3911 longinquo

1911 3948 2139 4002 veniunt
2162 3960 2391 3999 vernum
2419 3951 2635 4011 tempus
2683 3939 2936 3994 idoneum
2966 3944 3069 3990 est.
3098 3933 3281 3988 Multis
3310 3940 3491 3986 autem

1912 4039 2149 4109 superbe
2181 4036 2296 4090 haec
2317 4031 2717 4104 negligentibus
2743 4044 2932 4097 pinnas
2973 4026 3226 4088 inferam,
3259 4023 3494 4092 pluviam

1911 4139 1966 4184 et
2034 4129 2334 4182 ubertatem
2389 4123 2607 4192 frugum
2661 4121 2932 4191 negando,
2983 4126 3041 4172 ut
3077 4121 3376 4187 agnoscant
3438 4127 3496 4166 se

1913 4220 2242 4275 universalis
2268 4217 2425 4286 361
2455 4213 2660 4270 domini
2703 4213 2964 4266 honorem
3014 4207 3336 4279 neglexisse.
3369 4205 3494 4258 Etsi

1913 4313 2133 4384 A‘Zgypti
2165 4311 2375 4368 incolae,
2403 4315 2456 4362 et
2486 4307 2532 4360 si
2558 4304 2777 4374 quidam
2829 4304 2919 4355 alii
2978 4300 3080 4354 hac
3121 4313 3285 4369 prava
3319 4303 3499 4351 mente

1913 4406 2136 4467 fuerint,
2171 4416 2386 4471 poenam
2431 4398 2662 4454 similem
2707 4393 3004 4464 perferent.
3042 4391 3169 4446 Vult
3209 4399 3388 4444 autem
3415 4386 3499 4440 di-

1912 4512 2057 4557 cere.
2085 4501 2381 4548 extraneos
2414 4491 2617 4544 multos
2649 4485 3025 4556 magnitudine
3077 4488 3366 4538 eventuum
3395 4490 3496 4533 ter-

1912 4592 2066 4650 ritos,
2099 4585 2267 4640 variis
2295 4598 2358 4638 ex
2409 4580 2546 4635 locis
2571 4579 2638 4633 ad
2667 4579 2853 4632 urbem
2892 4575 3228 4630 Hierusalem
3275 4583 3500 4625 concur-

239 4679 340 4729 καὶ
359 4676 573 4738 πολλοῖς
597 4676 654 4729 δὲ
676 4676 784 4730 τῶν
812 4677 878 4729 δι’
908 4678 1206 4746 ὑπεροψίαν
1232 4681 1331 4732 ούκ
1359 4680 1573 4751 ἀποπλη
1584 4682 1817 4751 ρούντων

1925 4697 2106 4745 suros,
2138 4678 2380 4733 debitum
2413 4675 2526 4729 Deo
2569 4673 2892 4743 obsequium
2944 4671 3260 4733 oblaturos;
3310 4672 3365 4723 et
3389 4662 3500 4718 nisi

237 4769 453 4826 ταῦτα,
492 4769 759 4840 τιμωρίαν
807 4768 1028 4833 ἐπάξω,
1077 4769 1307 4840 ἀϐροχία
1345 4771 1436 4824 καὶ
1467 4773 1530 4841 τῇ
1570 4775 1817 4828 ἐντεῦθεν

1927 4772 2175 4833 fecerint.
2206 4782 2422 4839 pmnam
2446 4767 2738 4821 relaturos.
2763 4765 2859 4819 llis
2879 4763 3030 4818 addit
3061 4779 3075 4816 :

237 4861 494 4933 ἀκιρπίᾳ
550 4860 924 4924 καταδέκάζων
972 4863 1204 4923 αὖτοὺς,
1272 4865 1358 4931 (P-
1415 4864 1549 4932 534)
1609 4867 1684 4930 ὡς
1737 4871 1803 4924 ἂν
1856 4870 2127 4926 αἴσθοιντο
2169 4861 2269 4930 τῆς
2311 4858 2404 4912 τοῦ
2449 4861 2664 4913 πάντων
2695 4857 2900 4928 Κυρίου
2945 4856 3108 4926 τιμῆς
3153 4852 3502 4926 ἀμελοῦντες.

239 4951 366 5004 Κᾶν
399 4954 446 5004 οἱ
479 4954 578 5021 τῆς
605 4952 876 5020 Αἰγύπτου
898 4951 975 5014 δὲ,
1007 4952 1108 5004 κᾶν
1141 4951 1193 5003 εί
1209 4968 1348 5014 τινες
1376 4953 1438 5023 δή
1467 4971 1595 5007 ποτε
1622 4958 1824 5030 ταύτην
1847 4957 2210 5022 ἀναδέξωνται
2241 4951 2338 5021 τὴν
2358 4949 2602 5020 γνώμην,
2622 4949 2719 5019 τὴν
2749 4947 2918 5018 αὐτὴν
2945 4945 3172 4999 δώσουσι
3199 4943 3469 5015 τιμωρίαν
3487 4960 3501 4975 ’

243 5045 499 5116 βοᾶλεται
526 5045 584 5097 δὲ
609 5047 780 5097 εἰπεῖν
811 5045 910 5106 ὃτι,
937 5044 1120 5097 πολλοὶ
1144 5044 1254 5098 τῶν
1276 5045 1570 5118 ἀλλοτρίων
1596 5051 1963 5121 ἐκπλαγέντες
1986 5052 2078 5104 ἐπὶ
2097 5047 2178 5117 τῷ
2215 5044 2434 5116 μεγέθει
2465 5043 2574 5095 τῶν
2599 5043 2900 5110 γεγονότων
2923 5039 3249 5110 πολλαχόθεν
3276 5039 3371 5090 ἐπὶ
3399 5037 3501 5104 τὴν

253 5138 616 5207 Ἰερουσαλὴμ
647 5137 1032 5208 συῤῥεύσουσι,
1061 5137 1160 5207 τὴν
1190 5139 1532 5209 καθήκουσαν
1561 5141 1638 5211 τῷ
1667 5143 1785 5216 Θεῷ
1812 5145 2188 5217 προσκύνησιν
2211 5137 2571 5199 ἀποδιδόντες,
2595 5135 2668 5197 ὡς
2697 5135 2790 5186 καὶ
2814 5133 3084 5204 τιμωρίαν
3107 5127 3502 5198 ἀπεκδέχεσθαι

239 5236 294 5286 εἰ
342 5232 416 5300 μὴ
460 5230 618 5284 τοῦτο
667 5235 884 5284 ποιοῖεν.
922 5233 1142 5295 Τούτοις
1175 5234 1371 5301 ἐπάγει
1396 5252 1407 5262 ·

320 5324 469 5392 Στίχ.
500 5323 567 5375 κ’.
602 5354 669 5363 -
707 5342 724 5373 ι
779 5325 867 5376 Ἐν
895 5327 960 5394 τῇ
1007 5325 1188 5396 ἡμέρᾳ
1240 5327 1420 5397 ἐκείνῃ
1450 5328 1602 5381 ἔσται
1637 5331 1696 5382 τὸ
1730 5331 1824 5384 ἐπὶ

241 5419 346 5472 τὸν
369 5415 580 5485 χαλινὸν
608 5415 701 5467 τοῦ
724 5416 888 5468 ἵππου
916 5417 1065 5483 ἅγιον
1081 5416 1158 5486 τῷ
1185 5418 1373 5486 Κυρίῳ
1402 5421 1816 5491 παντοκράτοριο

243 5508 354 5562 καὶ
376 5507 582 5559 ἔσονται
608 5509 656 5558 οἱ
681 5505 904 5577 λέϐητες
941 5508 996 5559 ὲν
1023 5507 1100 5575 τῷ
1122 5508 1255 5578 οἴκῳ
1287 5511 1488 5580 Κυρίου
1522 5510 1598 5573 ῶς
1637 5511 1824 5580 φιάλαι

245 5600 365 5671 πρὸ
413 5599 702 5670 προσώπου
748 5599 843 5652 τοῦ
893 5599 1299 5670 θυσιαστηρίου.
1360 5621 1377 5653 ι
1422 5603 1677 5655 Βούλεται
1730 5605 1826 5671 μὲν

248 5693 432 5746 εἰπεῖν
450 5693 531 5746 ὅτι
567 5691 738 5745 πολλὰ
765 5693 858 5744 καὶ
891 5691 967 5761 τῷ
991 5692 1109 5762 Θεῷ
1131 5694 1517 5763 ἀνατεθήσεται
1546 5695 1696 5765 παρά
1720 5695 1827 5747 τῶν

264 5784 616 5854 Ἰσραηλιτῶν
643 5784 749 5839 ἀπὸ
766 5785 874 5838 τῶν
904 5784 1178 5851 λαφύρων,
1198 5788 1232 5840 ὃ.
1254 5787 1397 5852 παρᾶ
1421 5787 1527 5840 τῶν
1559 5787 1829 5854 πολεμίων

1997 5328 2164 5383 Vens.
2199 5323 2290 5380 20.
2323 5353 2391 5364 —-
2422 5340 2441 5374 ι
2480 5321 2576 5375 Die
2618 5318 2709 5373 illa
2753 5319 2858 5373 erit
2889 5315 3033 5387 quod
3082 5330 3247 5385 super
3286 5312 3500 5370 frenum

1927 5422 2052 5492 equi
2097 5427 2200 5485 est,
2251 5424 2499 5472 sanctum
2544 5413 2774 5467 Domino
2808 5409 3189 5478 omnipotenti.
3239 5406 3305 5460 Et
3341 5413 3502 5459 erunt

1929 5514 2130 5568 lebetes
2172 5511 2226 5564 in
2262 5509 2422 5563 domo
2459 5504 2673 5558 Domini
2715 5502 2857 5556 sicut
2902 5499 3096 5570 phiala:
3140 5504 3267 5553 ante
3307 5494 3499 5550 faciem

1930 5603 2135 5656 altaris.
2173 5621 2190 5651 ι
2228 5599 2366 5653 Fore
2392 5597 2544 5657 dicit,
2577 5602 2635 5647 nt
2663 5591 2943 5661 complura
2971 5589 3080 5644 Deo
3108 5588 3404 5644 offerantur
3432 5587 3500 5639 ab

1930 5689 2190 5744 lsraelilis
2221 5687 2287 5741 de
2334 5684 2608 5740 manubiis
2654 5695 2775 5748 (line
2794 5693 2862 5732 ex
2885 5677 3136 5733 hostibus
3193 5675 3498 5740 retulerint,

1931 5780 2096 5835 multa
2147 5793 2278 5834 sane
2334 5785 2388 5833 et
2439 5774 2883 5830 innumerabilia.
2908 5771 3082 5828 Sicuti
3137 5769 3262 5824 fecit
3310 5769 3500 5824 beatus
