3804 6522
419 369 526 426 5’35
1578 364 1933 422 THEODORI
1970 367 2464 426 MOPSUESTENI
3578 364 3662 420 596

419 475 593 533 David
627 485 749 547 post
773 472 1012 529 Goliathi
1056 471 1258 528 credent
1296 473 1535 545 gladium
1587 475 1697 531 Deo
1728 477 1917 533 dedica

2161 484 2400 553 ήψονται,
2435 480 2607 534 πολλά
2631 496 2689 532 τε
2722 478 2852 532 δντα
2887 478 2980 531 καί
3014 474 3248 549 ἀριθμὸν
3288 475 3546 530 νικῶντα⁸
3574 472 3663 530 οἷον

422 568 567 623 Idem
592 566 680 621 hic
707 580 926 636 quoque
946 564 1102 627 dicit,
1140 578 1337 633 nempe
1358 564 1503 634 quod
1537 579 1803 634 equorum
1834 566 1924 622 ire:

2161 570 2426 640 ῖεποίηκεν
2455 571 2485 621 ό
2518 568 2788 639 μακάριος
2840 566 3005 619 Δαυῖδ
3054 566 3201 635 μετά
3248 564 3349 635 τὴν
3384 565 3476 617 τοῦ
3508 564 3663 619 Γολιὰθ

422 661 768 729 interemptis
813 658 1027 711 ablatos
1074 656 1184 711 Deo
1223 655 1470 712 ederent.
1514 656 1760 729 Namque
1793 676 1822 712 a
1864 659 1924 714 [τι

2163 662 2403 731 ναίρεσιν
2431 660 2494 713 τὸ
2522 658 2676 729 ξίφος
2694 656 2915 721 ἀναθεὶς
2952 656 3030 727 τῷ
3055 656 3195 726 Θεῷ.
3214 654 3287 708 Τὸ
3312 656 3525 725 atto}:
3549 656 3665 723 λέγει

422 762 686 821 tanquam
734 766 763 803 a
796 758 968 820 parte,
1011 750 1223 819 reliqua
1270 764 1420 802 arma
1454 758 1507 805 et
1552 752 1725 821 spolia
1772 752 1924 807 denot

2165 752 2421 814 ἀνταύθα,
2446 753 2527 804 ὅτι
2563 752 2659 804 καὶ
2707 750 2960 821 χαλινοὺς
2992 749 3197 810 ἵππων,
3234 746 3328 809 οὒς
3346 747 3457 799 τῶν
3494 748 3667 815 ἀναιρε-

426 860 548 915 qum
592 842 831 897 oblaturi
875 850 1054 905 erant,
1103 842 1335 912 singulis
1370 858 1469 912 pro
1500 859 1601 897 suo
1630 846 1913 914 proposito

2166 842 2325 895 έντων
2351 841 2652 909 ἀφείλοντο,
2677 840 3027 911 προσοίσουσι
3060 837 3182 890 τότε
3210 837 3288 906 τῷ
3311 837 3459 906 Θεῷ’
3478 837 3574 889 ἀπὸ
3587 839 3668 907 γὰρ

425 935 705 990 manubiis
758 934 904 1003 quod
965 934 1143 986 visum
1210 932 1372 986 fuerit
1430 932 1803 991 aﬁ‘erentibus.
1865 932 1927 988 Ui

2169 934 2215 986 νῦ
2242 932 2457 1003 χαλινοῦ
2485 932 2559 995 ὼς
2593 932 2703 985 ἀπὸ
2738 931 2937 1002 μέρους
2971 930 3243 999 ἠϐουλήθη
3278 929 3347 982 τά
3378 928 3537 981 λοιπά
3562 930 3671 980 ὅπλα

425 1027 598 1091 addit,
644 1025 849 1079 lebetes
886 1024 1157 1094 plui'imos
1204 1022 1497 1077 adductum
1549 1025 1614 1077 iri
1660 1038 1799 1093 quos
1830 1024 1927 1078 hos

2167 1044 2184 1078 ε
2221 1025 2317 1079 καὶ
2352 1025 2571 1095 λάφυρα
2594 1026 2788 1087 εἰπεῖν,
2817 1023 2960 1092 άπερ
2988 1017 3080 1074 οὖν
3110 1020 3423 1075 ἀνατιθέναι
3458 1019 3669 1089 ἤμελλον,

426 1134 614 1175 secum
656 1118 981 1180 habuerant,
1032 1123 1221 1185 utpote
1257 1116 1559 1185 coquendis
1603 1116 1867 1171 carnibus
1901 1116 1928 1169 ἱ‹

2172 1116 2357 1168 ιάστου
2393 1114 2536 1168 κατὰ
2564 1113 2664 1184 τὴν
2698 1112 2905 1165 οἰκείαν
2950 1110 3206 1182 πρόθεσιν
3245 1111 3601 1181 προσάγοντος
3629 1112 3674 1161 τὸ

427 1224 585 1273 neos,
627 1223 861 1279 quorum
912 1204 1208 1259 multitudo
1250 1205 1553 1274 phialarum
1596 1207 1716 1261 vice
1765 1206 1929 1277 iunge

2172 1207 2315 1260 ικοῦν
2343 1209 2406 1260 ὲκ
2434 1206 2544 1259 τῶν
2566 1205 2844 1276 λαφύρων.
2868 1205 3029 1257 Ὅθεν
3054 1204 3268 1272 ἐπάγει,
3296 1204 3379 1256 ὅτι
3410 1202 3674 1272 προσαχθῇ·

429 1302 485 1354 in
512 1300 676 1353 domo
706 1298 801 1352 Dei
833 1296 1100 1366 exposita.
1140 1293 1265 1348 Vult
1293 1305 1474 1349 autem
1509 1296 1698 1359 frenis,
1734 1312 1931 1351 armori

2172 1315 2311 1351 ονται
2342 1298 2437 1351 καὶ
2475 1297 2701 1368 λέϐητες
2758 1295 2999 1349 πλεῖστοι
3040 1295 3133 1358 οὓς
3178 1296 3453 1365 ἐπήγοντο
3482 1295 3528 1346 οί
3554 1293 3674 1347 πολὲ-

430 1392 770 1447 oblationem
799 1389 1127 1458 designare;
1160 1387 1451 1450 lebetibus,
1487 1387 1832 1451 divitiarum;
1874 1404 1932 1441 mi

2177 1408 2265 1452 ιοι,
2312 1388 2652 1460 ἐπιτηδείους
2708 1389 2923 1451 ἑαυτοῖς
2973 1382 3111 1441 εῖναι
3146 1386 3468 1457 νομίζοντες
3504 1388 3576 1448 είς
3599 1387 3674 1455 τὴν

435 1482 742 1553 Scriptura:
798 1486 1067 1534 consueto
1105 1493 1133 1529 a
1186 1486 1341 1547 parte
1393 1477 1804 1533 multitudinem
1858 1479 1937 1534 del

2170 1483 2324 1551 φησιν
2356 1481 2465 1534 τῶν
2508 1480 2707 1551 κρεῶν,
2740 1480 2788 1532 οἳ
2818 1479 2907 1532 διὰ
2946 1479 3007 1533 τὸ
3035 1478 3265 1549 πλῆθος,
3297 1478 3507 1547 φιαλῶν
3533 1477 3672 1544 δίκην,

430 1576 605 1641 tandi,
651 1574 1091 1644 quotiescunque
1140 1586 1605 1643 supervacaneam
1647 1571 1860 1640 judicat
1901 1587 1932 1641 p

2174 1588 2341 1625 τονται
2371 1571 2465 1625 τοῦ
2500 1570 2651 1623 οἴκου
2687 1570 3038 1641 προκείμενοι
3068 1568 3161 1623 τοῦ
3197 1569 3376 1621 Θείου.
3407 1568 3676 1638 Ἦϐουλήθη

432 1672 568 1721 tium
616 1674 928 1720 accuratam
969 1662 1460 1719 enumerationem.
1504 1662 1665 1717 Certe
1697 1662 1788 1718 hic
1832 1679 1934 1733 sup

2177 1683 2187 1716 ι
2218 1665 2326 1717 ἀπὸ
2356 1664 2454 1734 μὲν
2498 1662 2591 1715 τοῦ
2630 1662 2846 1733 χαλινοῦ
2880 1661 2947 1714 τὰ
2978 1660 3085 1714 ἀπὸ
3117 1660 3223 1713 τῶν
3253 1660 3433 1713 ὃπλων
3465 1658 3679 1711 ἀνατιθέ-

433 1761 601 1817 ﬁuum
649 1769 769 1815 erat
810 1772 1135 1815 enumerare
1175 1754 1493 1825 singillatim
1532 1755 1741 1817 hastas,
1786 1752 1929 1823 gladi

2178 1772 2268 1808 ενα
2320 1756 2514 1816 εἰπεῖν,
2545 1752 2621 1823 (p.
2657 1751 2780 1823 555)
2822 1751 2931 1804 ἀπὸ
2962 1751 3019 1803 δὲ
3072 1750 3181 1802 τῶν
3225 1749 3467 1818 λεϐήτων
3505 1748 3565 1800 τὰ
3599 1749 3680 1801 ἀπὸ

433 1856 659 1916 loricas,
714 1852 943 1914 lebetes,
1001 1857 1056 1904 et
1109 1847 1376 1918 quidquid
1430 1846 1496 1899 ad
1545 1862 1704 1902 usum
1754 1846 1934 1900 homin

2178 1847 2244 1899 ὦν
2273 1846 2589 1915 κτημάτων,
2625 1845 2701 1907 ὡς
2740 1841 2931 1896 εἴωθεν
2977 1843 3085 1897 ἀπὸ
3126 1842 3328 1913 μέρους
3371 1841 3440 1893 τά
3497 1840 3680 1892 πλεῖστα

431 1955 537 2007 est,
571 1944 721 1999 verbi
772 1942 944 2012 gratia
982 1939 1215 2001 catinos,
1257 1939 1474 2009 pocula,
1513 1949 1567 1992 et
1620 1939 1664 1992 si
1700 1937 1829 2007 quid
1881 1937 1932 1990 al

2179 1938 2322 2008 γλοῦν
2360 1941 2393 2007 ἡ
2448 1936 2569 1990 θεία
2618 1936 2830 2006 Γραφὴ,
2864 1936 2940 1988 ὅτ’
2978 1936 3043 1989 ἂν
3089 1933 3347 2003 περιττὴν
3373 1933 3575 2003 ἡγῆται
3607 1933 3681 1999 τὴν

435 2033 751 2103 huiusmodi
779 2041 883 2087 est.
913 2030 1021 2086 Sed
1063 2046 1093 2084 a
1130 2040 1303 2099 parte,
1331 2039 1390 2083 ut
1424 2045 1599 2100 nuper
1636 2029 1772 2089 dixi,
1803 2037 1857 2082 et
1884 2045 1937 2083 sa

2179 2028 2275 2082 ιτά
2322 2028 2488 2099 μέρος
2538 2025 2919 2097 ἀκριϐολογίαν
2945 2041 2958 2054 ⁸
2995 2024 3115 2076 ἐπεὶ
3146 2022 3423 2077 κάνταῦθα
3464 2022 3681 2093 περιττὸν

435 2125 711 2189 adnotavi,
756 2139 816 2179 se
866 2130 1040 2176 totum
1084 2122 1373 2190 designare
1418 2117 1927 2174 demonstratJam

2182 2134 2201 2167 ν
2220 2117 2282 2169 τὸ
2310 2115 2563 2186 ἀριθμεῖν
2590 2114 2793 2185 δόρατα
2820 2114 2913 2166 καὶ
2948 2113 3075 2182 ξίφη
3119 2114 3213 2165 καὶ
3248 2112 3528 2181 θώρακας,
3560 2112 3684 2181 λέϐης

434 2217 686 2273 ostendat
715 2216 1023 2271 oblatorum
1049 2213 1284 2268 lebetum
1314 2229 1497 2275 usum,
1524 2213 1605 2267 sic
1639 2211 1936 2282 prosequiti

2181 2210 2233 2271 ἂς
2276 2226 2335 2261 τε
2380 2209 2475 2262 καὶ
2514 2206 2586 2260 τά
2634 2208 2691 2259 ὲν
2728 2205 3033 2277 ἀνθρώπων
3082 2206 3308 2276 κείμενα
3344 2205 3562 2275 χρήσει,
3596 2200 3683 2255 οἷον

437 2311 612 2363 εἰπεῖν
662 2308 907 2371 πινάκια,
953 2306 1209 2377 ποτήρια,
1257 2306 1416 2375 ἢκαὶ
1456 2306 1509 2358 εἴ
1552 2322 1605 2359 τι
1638 2292 1879 2357 tomum"
1925 2305 1989 2355 ἐκ
2024 2303 2078 2356 δὲ
2116 2302 2207 2355 τοῦ
2253 2303 2472 2374 μέρους,
2502 2302 2577 2365 ὼς
2633 2297 2784 2353 εἶπόν
2830 2318 2888 2352 τε
2937 2299 3076 2369 ἤδη,
3131 2299 3224 2351 καὶ
3280 2298 3685 2369 ἐπεσημηνάμην

438 2400 715 2461 πολλάκις,
747 2397 983 2468 ἐδήλωσε
1018 2396 1080 2450 τὸ
1125 2397 1232 2449 πᾶν
1277 2397 1471 2450 εἰπεῖν.
1505 2398 1729 2459 Δεικνὺς
1776 2395 1885 2449 τῶν
1935 2394 2179 2466 λεϐήτων
2224 2396 2331 2448 τῶν
2354 2393 2755 2463 ἀνατιθεμένων
2786 2393 2884 2463 τὴν
2913 2392 3120 2463 χρείαν,
3149 2391 3378 2457 ἐπάγει·

510 2488 677 2545 Vens.
712 2489 803 2542 2i.
832 2519 899 2528 —
941 2505 959 2536 ι
998 2487 1221 2559 Eritque
1248 2490 1427 2543 omnis
1468 2490 1614 2545 lebes
1647 2491 1701 2543 in
1738 2490 1871 2543 urbe
1903 2487 2012 2543 Hic-

2203 2492 2273 2545 Στ
2283 2489 2351 2561 ίχ.
2361 2490 2547 2546 ια’.-‹
2561 2491 2668 2543 Καὶ
2682 2489 2831 2543 ἔσται
2848 2490 2954 2552 πᾶς
2966 2485 3164 2558 ὁλέϐης
3176 2488 3231 2537 ὲν
3250 2484 3315 2535 ἰε
3325 2500 3418 2553 ρον
3427 2481 3599 2549 σαλὴμ
3614 2480 3683 2531 zal

438 2581 676 2636 rusalem
707 2589 760 2634 et
799 2580 942 2650 apud
984 2578 1182 2634 ludam
1234 2592 1461 2636 sanctus
1510 2581 1738 2637 Domino
1778 2583 1940 2652 omni]

2184 2582 2286 2653 vqu
2310 2580 2477 2652 Ἰούδᾳ
2501 2581 2657 2649 ἀγιος
2670 2578 2748 2648 τῷ
2770 2578 2960 2650 Κυρίῳ
2977 2577 3397 2646 παντοκράτορι·
3423 2577 3520 2627 καὶ
3536 2574 3686 2643 ἥξοντι

438 2671 596 2726 tenti.
634 2670 796 2740 362
832 2668 898 2722 Et
938 2669 1159 2723 venient
1197 2670 1380 2723 cuncti
1431 2670 1799 2735 immolantes,
1846 2680 1900 2724 et

2182 2674 2337 2734 άντες
2366 2674 2413 2723 οἱ
2457 2669 2802 2733 θυσιάζοντες
2825 2709 2840 2730 ,
2872 2669 2963 2720 καὶ
3005 2667 3262 2738 λήψονται
3295 2666 3351 2730 ἐξ
3389 2664 3584 2723 αὐτῶν,
3611 2662 3684 2713 καὶ

440 2773 587 2819 ment
634 2761 781 2825 inde,
834 2767 887 2814 ct
949 2769 1189 2829 coquent
1238 2760 1291 2813 in
1351 2760 1451 2814 eis.
1496 2780 1514 2811 ι
1578 2759 1756 2815 Oblati
1807 2761 1938 2831 quid

2180 2764 2430 2833 θήσουσιν
2454 2762 2512 2813 ὲν
2545 2762 2748 2824 αὐτοῖς.
2794 2779 2811 2810 ι
2848 2760 2911 2812 Οἱ
2942 2760 3037 2829 μὲν
3076 2759 3184 2829 γάρ
3217 2756 3682 2826 προσκομισθέντες

440 2853 671 2915 lebetes,
728 2850 907 2905 sancti
961 2858 1148 2907 erunt,
1184 2858 1371 2918 utpote
1414 2851 1581 2904 oblati
1647 2852 1702 2904 in
1758 2860 1942 2920 poster

2185 2854 2383 2923 ίϐητες,
2417 2851 2605 2921 φησὶν,
2634 2851 2779 2918 ἀγιοι
2802 2848 3137 2911 ἓσονται,ἆτε
3168 2846 3519 2913 ἀνακείμενοι
3541 2843 3687 2894 λοιπὴν

446 2944 577 2999 Deo.
636 2939 1011 2997 Commoditas
1078 2955 1208 2995 vero
1265 2942 1391 2995 hinc
1465 2942 1569 2995 erit
1634 2942 1948 2997 adducentil

2182 2946 2215 3016 ξ)
2243 2943 2391 3014 Θεῷ’
2422 2943 2654 3013 ἀφθονία
2687 2942 2742 2995 δὲ
2778 2940 3029 2993 ἐντεῦθεν
3056 2939 3205 2991 ἔσται
3234 2941 3348 3001 τοῖς
3383 2938 3684 3008 προσάγοντι

440 3036 717 3095 victimas.
748 3032 962 3103 copiam
1009 3030 1241 3087 habendi
1279 3032 1370 3086 ubi
1401 3047 1641 3102 coquere
1668 3041 1942 3102 oporteat,

2187 3037 2235 3099 ig
2282 3036 2581 3099 θυσιάσεις,
2615 3034 2692 3103 τῷ
2746 3033 2891 3104 ἔχειν
2934 3033 3055 3085 ὅποι
3089 3030 3366 3101 προσῆκεν
3416 3029 3689 3097 ἑψήσαντας

444 3124 715 3182 sacriﬁcia
737 3123 998 3178 decenter
1032 3122 1313 3192 perﬁcere.
1358 3122 1547 3177 Nonne
1575 3124 1721 3176 enim
1766 3122 1819 3176 in
1858 3123 1940 3193 pri

2186 3128 2205 3181 Ξ
2246 3128 2353 3181 τῶν
2396 3128 2597 3181 θυσιῶν
2646 3126 2933 3197 πληρῶσαι
2979 3125 3039 3177 τὸ
3088 3123 3295 3193 πρέπον
3329 3138 3342 3149 ’
3390 3122 3425 3191 ἦ
3477 3120 3581 3188 γάρ
3612 3117 3688 3183 σξοι

444 3217 755 3292 Regnorum
782 3216 863 3273 sic
890 3214 1130 3286 loquitur
1156 3216 1341 3270 divina
1390 3215 1697 3286 Scriptura,
1729 3214 1859 3269 dum
1907 3231 1940 3268 n

2187 3221 2311 3286 ita);
2336 3223 2392 3274 ὲν
2422 3224 2487 3292 τῇ
2519 3220 2707 3291 πρώτῃ
2728 3219 2834 3272 τῶν
2851 3217 3144 3273 Βασιλειῶν
3165 3217 3198 3285 ἡ
3217 3214 3337 3268 θεία
3358 3214 3512 3281 λέγει
3534 3213 3569 3264 Γ
3574 3210 3689 3281 pagi]

444 3321 531 3367 rat
562 3311 800 3365 ﬁliorum
832 3308 950 3363 Heli
981 3309 1368 3377 iniquitatem?
1394 3324 1587 3377 nempe
1613 3308 1758 3378 quod
1788 3308 1944 3362 venie

2189 3312 2472 3384 ,ηγουμένη
2520 3312 2627 3365 τῶν
2657 3312 2786 3364 υἱῶν
2834 3311 2951 3363 Ἠλὶ
2978 3311 3074 3379 τὴν
3111 3306 3491 3377 παρανομίαν;
3518 3305 3590 3356 ὅτι
3614 3304 3691 3370 ἦρ·

446 3418 584 3478 puer
629 3401 957 3463 sacerdotis,
1009 3398 1338 3454 fuscinulam
1395 3398 1687 3452 tridentem
1730 3398 1937 3453 habens

2187 3422 2268 3458 ετο
2286 3405 2347 3458 τὸ
2377 3404 2659 3477 παιδάριον
2689 3402 2782 3456 τοῦ
2820 3403 3007 3471 ἱερέως
3042 3401 3117 3463 ὡς
3142 3399 3207 3452 ἂν
3232 3396 3418 3467 ἡψήθη
3451 3397 3514 3449 τὸ
3538 3396 3689 3464 κρέας.

448 3507 615 3547 manu
650 3505 770 3556 sua,
804 3488 1163 3557 mittebatque
1201 3486 1533 3541 fuscinulam
1581 3485 1635 3539 in
1669 3486 1898 3540 lebetem
1940 3503 1950 3541 ι

2189 3500 2242 3552 αἱ
2286 3498 2535 3570 κρεάγρα
2572 3496 2813 3567 τριόδους
2839 3498 2897 3548 ἐν
2930 3497 2997 3564 τῇ
3030 3494 3171 3564 χειρὶ
3200 3489 3389 3551 αὑτοῦ,
3422 3491 3517 3544 καὶ
3545 3486 3691 3540 καθίει

448 3580 715 3635 cacabum
779 3595 876 3635 seu
928 3577 1263 3641 caldariam;
1313 3585 1369 3630 et
1427 3592 1589 3631 omne
1630 3576 1776 3645 quod
1832 3578 1945 3632 leva

2191 3588 2314 3659 ὒτὴν
2346 3591 2426 3652 είς
2458 3590 2549 3641 τὸν
2576 3585 2855 3656 λέϐητα,ἢ
2906 3586 2985 3647 είς
3036 3584 3136 3653 τὴν
3189 3582 3419 3652 χύτραν,
3466 3581 3497 3650 ἦ
3555 3576 3693 3639 εἰςτὺ

451 3669 757 3735 fuscinula,
810 3669 1033 3724 tollebat
1061 3666 1321 3723 sacerdos
1366 3666 1469 3720 sibi
1494 3667 1563 3721 δ’.
1622 3664 1751 3719 Vult
1782 3682 1912 3738 ergo
1947 3688 1953 3716 ι

2190 3681 2368 3734 ιλκίον
2394 3696 2408 3711 ·
2433 3680 2526 3732 καὶ
2559 3680 2666 3732 πᾶν
2698 3677 2727 3729 δ
2763 3676 3042 3729 ἀνέϐαινεν
3080 3675 3137 3727 ὲν
3167 3676 3231 3743 τῇ
3272 3674 3526 3743 κρεάγρᾳ.
3562 3669 3692 3734 ἐλάμ-

452 3779 596 3830 cere,
636 3761 1087 3818 convenientibus
1142 3758 1209 3813 ad
1251 3757 1346 3811 Dei
1393 3758 1601 3811 cultum
1651 3758 1705 3811 in
1747 3760 1881 3811 urbe
1914 3756 1954 3810 ll

2190 3788 2303 3823 ινεν
2358 3769 2539 3839 ἑαυτῷ
2586 3770 2615 3820 ό
2648 3767 2861 3838 ίερεύς;
2897 3765 3065 3818 Τοῦτο
3101 3760 3195 3817 οὖν
3223 3764 3397 3815 εἰπεῖν
3428 3759 3692 3830 ἠϐουλήθη.

451 3856 689 3911 rusalem
737 3854 952 3923 copiam
1004 3851 1121 3906 fore
1186 3850 1446 3913 lebetum,
1502 3849 1703 3919 quibus
1749 3864 1889 3918 opus
1930 3864 1953 3903 ε

2190 3879 2227 3914 τι
2262 3860 2491 3930 ἀφθονία
2516 3859 2701 3913 λοιπὸν
2733 3860 2850 3920 τοῖς
2902 3858 2993 3909 ἐπὶ
3020 3858 3086 3926 τῇ
3134 3853 3401 3922 θεραπεία
3449 3850 3541 3903 τοῦ
3582 3846 3692 3900 Θεοῦ

453 3947 586 4018 ipsis
611 3944 678 3999 ad
706 3944 1035 4015 explendum
1084 3941 1483 3997 sacriliciorum
1513 3942 1698 3994 ritum.
1729 3939 1823 3994 His
1850 3938 1953 3993 add

2190 3950 2389 4004 υνιοῦσι
2419 3951 2499 4012 εἰς
2526 3949 2627 4018 τὴν
2669 3945 3022 4018 Ἰερουσαλὴμ
3051 3945 3203 3997 ἔσται
3232 3942 3497 4012 λεϐήτων,
3537 3941 3591 3991 ὲν
3629 3931 3692 3995 οἷς

460 4058 477 4088 ι
508 4038 573 4093 Et
605 4053 712 4091 non
752 4038 857 4091 erit
895 4034 1247 4089 Chananaaus
1276 4033 1507 4089 ulterius
1536 4033 1591 4087 in
1635 4031 1797 4087 domo
1832 4030 1962 4085 Dom

2192 4041 2425 4113 ροσῆκεν
2453 4040 2649 4102 αὐτοὺς
2676 4040 2774 4111 τὴν
2801 4039 2892 4090 ἐπὶ
2921 4040 3038 4100 ταῖς
3064 4035 3275 4097 θυσίαις
3303 4034 3491 4104 χρείαν
3517 4028 3693 4084 ἑαυτῶν

452 4128 844 4199 omnipotentis
889 4128 978 4183 die
1009 4127 1121 4181 illa.
1155 4146 1173 4179 ι
1217 4126 1356 4192 Quia
1386 4124 1621 4179 infames
1652 4131 1809 4178 erant
1842 4121 1953 4176 Cha

2190 4132 2476 4204 ιπληροῦν.
2533 4131 2756 4194 Τούτοις
2787 4131 2984 4197 ἐπάγει
3008 4146 3021 4158 ·
3057 4147 3073 4179 ι
3105 4127 3215 4181 Καὶ
3251 4126 3351 4179 ούκ
3398 4125 3512 4177 ἔστι
3544 4124 3692 4176 Χανα-

455 4222 559 4276 nati
626 4221 696 4275 ob
754 4218 1213 4287 irreligiositatem
1285 4231 1610 4285 morumque
1670 4214 1956 4285 pravitate:

2189 4228 2292 4290 ιῖος
2324 4223 2404 4277 ἔτι
2423 4225 2480 4275 ὲν
2504 4222 2579 4293 τῷ
2602 4224 2736 4292 οἴκῳ
2762 4222 2963 4289 Κυρίου
2994 4218 3456 4289 παντοκράτορος,
3489 4218 3563 4285 (p.
3588 4210 3691 4277 556)

456 4312 635 4369 innuit
677 4311 757 4367 sic
799 4311 1063 4379 propheta
1100 4310 1375 4364 desituros
1418 4309 1675 4379 deinceps
1711 4316 1943 4363 cunctos

2189 4334 2207 4369 ν
2244 4319 2310 4388 τῇ
2344 4314 2529 4388 ἡμέρᾳ
2557 4314 2761 4385 ἐκείνῃ.
2786 4331 2806 4363 ι
2852 4310 3071 4380 Ἐπειδὴ
3099 4307 3513 4376 ὲπιϐεϐλημένοι
3542 4305 3691 4356 Χανα·

454 4404 658 4475 populo
680 4401 981 4458 Israelitico
1021 4402 1091 4455 ab
1118 4400 1398 4470 impietate
1427 4410 1521 4455 aut
1546 4400 1791 4471 qualibet
1827 4415 1956 4453 mori

2190 4411 2286 4462 ιῖοι
2319 4407 2410 4460 τὸν
2434 4407 2635 4478 τρόπον
2666 4401 2807 4476 ἦσαν
2845 4403 2936 4455 ὲπί
2971 4419 3031 4455 τε
3071 4400 3297 4468 ἀσεϐείᾳ
3338 4398 3432 4450 ἐπί
3468 4413 3521 4449 τε
3570 4392 3692 4461 ἠθῶν

458 4494 690 4559 malitia,
722 4493 1009 4550 eventibus
1048 4493 1183 4563 ipsis
1217 4492 1394 4547 edocti
1425 4500 1690 4562 quantum
1734 4493 1939 4547 bonum

2190 4494 2444 4566 οχθηρίᾳ,
2472 4493 2633 4546 τοῦτο
2667 4492 2912 4563 βούλεται
2946 4490 3229 4554 είπείν,ὃτι
3265 4486 3558 4540 παύσονται
3582 4483 3692 4535 πάν-

458 4585 636 4655 pietas
663 4592 717 4639 et
744 4583 962 4638 virtutis
995 4583 1259 4639 studium.
1317 4580 1407 4637 Sic
1447 4583 1613 4637 etiam
1646 4582 1839 4637 beatus
1868 4580 1960 4636 03¢

2191 4605 2235 4651 ες
2253 4588 2438 4640 λοιπὸν
2469 4588 2519 4639 οί
2561 4584 2657 4639 τοῦ
2700 4584 2917 4657 Ἰσραὴλ
2942 4582 3037 4636 τοῦ
3064 4580 3209 4653 πρὸς
3254 4579 3506 4633 ἀσέϐειαν
3537 4578 3569 4646 η
3595 4591 3693 4629 τινα

461 4676 538 4731 ait
573 4675 654 4728 ⁸³ε
684 4693 702 4725 ι
731 4672 1010 4731 Chanaan.
1033 4669 1088 4725 in
1109 4687 1273 4727 manu
1307 4673 1429 4741 ejus
1467 4682 1669 4728 statera
1712 4674 1963 4742 iniquitat

2193 4680 2455 4751 οχθηρίαν
2502 4677 2679 4731 νεύειν
2721 4676 2889 4748 ἠθῶν,
2920 4676 2978 4742 ἐξ
3007 4672 3185 4729 αὐτῶν
3217 4671 3582 4740 δεδιδαγμένοι
3602 4665 3693 4718 τῶν

461 4768 776 4840 opprimere
815 4774 1179 4837 prapotenter
1202 4767 1411 4821 dilexit.
1448 4765 1698 4836 Dixitque
1735 4765 1963 4836 Ephrain

2194 4770 2491 4843 ραγμάτων
2528 4770 2714 4841 ἡλίκον
2764 4767 2966 4837 ἀγαθὸν
2996 4764 3275 4827 εὐσεϐείας
3305 4780 3364 4816 τε
3400 4764 3489 4815 καὶ
3518 4760 3694 4829 ἀρετῆς

467 4859 857 4918 Verumtamen
896 4860 1048 4916 dives
1099 4859 1278 4915 factus
1325 4874 1471 4924 sum,
1510 4858 1691 4914 inveni
1732 4859 1863 4912 mihi
1900 4863 1969 4914 sol

2191 4860 2632 4933 πιμέλεια.οὖτω
2659 4861 2754 4914 καὶ
2780 4862 2810 4913 ό
2841 4859 3108 4929 μακάριος
3154 4854 3311 4924 Ὠσηὲ
3349 4853 3522 4921 λέγει·
3547 4869 3566 4900 ι
3602 4849 3693 4901 Χα-

460 4956 633 5011 tium.
702 4974 723 5007 ι
780 4954 1002 5014 Scilicet
1051 4955 1486 5013 Chananaiorum
1576 4951 1799 5007 nomine
1833 4951 1962 5008 Israi

2192 4955 2281 5010 ιάν
2302 4993 2317 5016 ,
2338 4955 2396 5006 ὲν
2428 4955 2495 5023 τῇ
2548 4951 2690 5023 χειρὶ¹
2742 4948 2906 5005 αὐτοῦ
2956 4947 3117 5015 ζυγὸς
3157 4944 3389 5007 ἀδικίας,
3419 4941 3694 4996 καταδυνα-

461 5058 549 5107 tas
596 5050 721 5106 illos
759 5048 999 5121 appellat
1038 5047 1134 5120 qui
1178 5047 1376 5103 illicita
1426 5046 1675 5118 agebant,
1713 5047 1963 5102 Chanana

2195 5044 2361 5099 τεύειν
2389 5044 2670 5113 ἠγάπησε
2707 5043 2801 5097 καὶ
2834 5037 2987 5095 εἶπεν
3029 5037 3289 5110 Ἐφραῒμ,
3320 5036 3463 5105 Πλὴν
3492 5026 3697 5121 πεπλούο

462 5157 585 5198 rum
613 5157 794 5197 mores
820 5140 1126 5198 imitantes.

2193 5152 2316 5207 ﬁxa.
2354 5135 2570 5207 εὕρηκα
2605 5132 2887 5203 ἀναψυχὴν
2919 5129 3171 5201 ὲμαυτῷ’
3217 5148 3236 5181 ι
3268 5130 3337 5199 τῇ
3364 5125 3467 5178 τῶν
3495 5116 3695 5175 Χαναὰν

461 5233 834 5308 προσηγορίᾳ,
886 5232 1014 5297 τοὺς
1064 5230 1400 5305 Ἰσραηλίτας
1432 5230 1493 5285 τὸ
1546 5230 1620 5303 μὴ
1657 5230 1777 5285 δέον
1818 5228 2318 5303 διαπραττομένους
2366 5226 2636 5291 καλέσας,
2697 5224 2773 5289 ὡς
2802 5224 2870 5277 ἂν
2893 5222 2983 5275 τὸν
3037 5219 3261 5276 ἐκείνων
3316 5217 3506 5290 τρόπον
3546 5228 3695 5283 μεμιο

468 5342 543 5399 μη
552 5325 772 5399 μένους.

539 5502 587 5537 ⁸⁸
612 5499 635 5555 1
656 5500 789 5575 Reg.
820 5514 883 5568 ιι,
915 5500 1005 5558 15.
1083 5499 1131 5533 ⁸³
1160 5499 1283 5556 Osc.
1304 5514 1405 5564 xu,
1441 5499 1491 5553 7.
