3804 6518
151 390 238 448 597
1017 389 1569 447 COMMENTARIUS
1607 389 1669 446 IN
1713 390 2092 447 MALACIHA‘.‘
2132 393 2285 451 CAP.
2326 391 2369 448 1.
3255 398 3360 452 598

2869 552 3328 567 .Mh—m

575 697 1136 784 EPMHNEIA
1222 699 1683 786 ΜΑΛΛΧΙ(

1788 699 1810 783 ῗ
1919 699 2145 786 ΤΟΥ
2237 700 2878 790 ΠΡΟΦΗΤΟΥ.

140 1143 1242 1298 COMMENTARIUS
1307 1157 1445 1268 ΙΝ
1515 1153 2364 1267 MALACHIAM
2429 1151 3088 1265 PBOPHET
3102 1155 3345 1264 AM.

1704 1402 1775 1413 -ι

197 1518 301 1570 Τῶν
345 1518 624 1590 μακαρίων
656 1526 951 1595 προφητῶν
998 1527 1250 1598 Ἀγγαίου
1276 1548 1334 1584 τε
1368 1533 1461 1586 καὶ
1490 1535 1668 1602 Ζαχα-

1842 1532 2003 1603 363
2038 1531 2174 1584 Cum
2221 1530 2361 1585 beati
2395 1529 2669 1599 propheta:
2700 1529 2929 1597 Aggaeus
2963 1540 3025 1578 ac
3065 1522 3356 1577 Zacharias

142 1607 235 1677 ρίου
283 1610 412 1679 μετὰ
466 1609 563 1680 τὴν
611 1612 720 1665 ἀπὸ
773 1615 1093 1683 Βαϐυλῶνος
1127 1621 1382 1675 ἐπάνοδον
1411 1623 1503 1677 τοῦ
1544 1622 1672 1676 λαοῦ

141 1699 256 1751 κατά
308 1699 447 1751 θείαν
515 1707 1009 1773 προφητευσάντων
1066 1710 1379 1780 ἐνέργειαν,
1425 1714 1675 1780 Ἀγγαῖος

142 1789 221 1858 μὲν
243 1793 267 1842 ὁ
288 1792 550 1862 μακάριος
596 1795 723 1865 περί
767 1813 827 1848 τε
865 1799 964 1867 τῆς
997 1802 1127 1854 ναοῦ
1159 1803 1448 1873 οἰκοδομῆς
1482 1804 1674 1857 διείλε-

140 1898 238 1933 κται
267 1883 336 1952 τῷ
366 1883 496 1952 λαῷ,
533 1886 627 1938 καὶ
663 1886 726 1958 δὴ
768 1889 863 1942 καὶ
892 1891 999 1944 τῶν
1028 1895 1155 1966 περὶ
1203 1895 1293 1948 τὸν
1327 1895 1448 1964 Γὼγ
1485 1897 1674 1968 μηνύει

139 1974 216 2044 τήν
238 1975 496 2029 ἀπώλειαν
517 1995 532 2010 ο
574 1981 601 2032 ὀ
626 1979 681 2032 δὲ
705 1984 982 2054 μακάριος
1011 1988 1284 2058 Ζαχαρίας
1304 1988 1474 2043 ταῦτά
1504 2007 1561 2042 τε
1587 1989 1675 2043 λέ-

139 2082 226 2131 γει.
260 2067 558 2137 προστιθεὶς
589 2071 683 2123 καὶ
727 2072 796 2124 τὰ
817 2073 956 2128 κατὰ
979 2078 1103 2139 τοὺς
1133 2078 1516 2142 Μακκαϐαίους
1540 2080 1678 2150 μετὰ

138 2156 279 2209 πολὺν
305 2160 562 2226 γεγονότα
593 2162 685 2214 τὸν
711 2163 920 2234 χρόνον,
954 2168 1046 2220 καὶ
1079 2167 1141 2238 δὴ
1187 2171 1280 2222 καὶ
1307 2171 1677 2241 ἀποκαλύψεις

137 2249 306 2310 πολλάς
341 2254 432 2304 καὶ
469 2251 764 2324 διαφόρους
802 2257 1095 2318 ἐκτίθεται,
1127 2260 1192 2312 δι’
1222 2253 1295 2312 ὧν
1324 2261 1384 2314 τό
1411 2280 1469 2314 τε
1509 2264 1679 2316 ποικί-

135 2339 209 2392 λον
230 2343 316 2411 τῆς
359 2345 481 2413 περὶ
516 2347 718 2410 αὐτοὺς
748 2349 1068 2418 εὐεργεσίας
1102 2351 1337 2420 ἐδήλωσε
1372 2353 1464 2405 τοῦ
1521 2354 1674 2420 Θεοῦ,

139 2433 214 2484 καὶ
264 2433 608 2491 διδασκαλίαν
648 2441 972 2511 παρέσχετο,
1018 2442 1297 2516 θεοσεϐείᾳ
1337 2463 1394 2497 τε
1427 2447 1520 2500 καὶ
1566 2451 1680 2501 ἐπι-

142 2522 300 2594 μελεία
327 2523 436 2593 βίον
473 2529 776 2598 προσάγειν
809 2532 1005 2595 αὐτοὺς
1040 2532 1340 2604 δυναμένην
1370 2537 1677 2608 αὐτάρκως.

140 2615 200 2681 (ιι.
229 2615 340 2685 557)
392 2617 613 2690 Ἐπειδὴ
642 2619 698 2674 δὲ
745 2623 844 2692 τῆς
887 2621 1037 2687 θείας
1075 2627 1328 2696 προνοίας
1361 2628 1680 2694 ἀξιωθέντες

147 2705 374 2768 Ἰουδαῖοι,
424 2711 517 2763 καὶ
576 2713 676 2782 τῆς
711 2714 820 2766 ἀπὸ
853 2715 1170 2780 Βαϐυλῶνος
1204 2718 1485 2786 ἐπανόδου,
1527 2721 1681 2777 πλεί-

141 2811 254 2849 στων
294 2816 348 2851 τε
385 2801 522 2854 ὅσων
587 2805 949 2874 τετυχηκότες
989 2807 1230 2875 ἀγαθῶν,
1261 2811 1353 2864 καὶ⁵
1392 2811 1456 2883 δὴ
1490 2812 1585 2866 καὶ
1623 2815 1680 2865 ἐν

1777 1632 1898 1693 post
1921 1624 2104 1693 populi
2137 1621 2409 1690 Babylone
2450 1620 2680 1674 reditum
2713 1619 2899 1672 divino
2942 1615 3202 1669 instinctu
3239 1628 3373 1682 pro-

1776 1717 2081 1785 phetarcnt,
2119 1716 2306 1767 beatus
2321 1713 2537 1782 quidem
2567 1715 2794 1782 Aggmus
2827 1707 3091 1777 detempli
3117 1705 3352 1759 a‘diiica-

1776 1810 1924 1863 tione
1955 1807 2217 1863 disseruit
2260 1822 2383 1858 cum
2429 1806 2645 1874 populo,
2678 1813 2730 1857 et
2770 1802 2903 1871 (logi
2932 1801 3093 1855 etiam
3124 1798 3350 1853 exitium

1776 1899 2060 1970 praedixit;
2119 1899 2309 1952 beatus
2359 1904 2539 1950 autem
2595 1893 2890 1948 Zacharias
2961 1890 3151 1946 eadem
3196 1889 3354 1949 dixit,

1775 1989 2003 2059 adjectis
2050 1990 2214 2043 etiam
2275 1987 2740 2042 Macchabzeorum
2791 1987 2954 2041 rebus
3007 1999 3127 2054 qua:
3185 1983 3354 2035 multo

1775 2093 2020 2150 tempore
2071 2088 2193 2150 post
2224 2091 2526 2136 evenerunt
2558 2098 2570 2134 :
2606 2087 2718 2132 tum
2755 2086 2807 2131 et
2853 2078 3052 2130 inultas
3082 2076 3357 2130 diversas-

1776 2189 1880 2244 que
1934 2173 2292 2227 revelationes
2345 2171 2572 2233 addidit,
2623 2170 2822 2242 quibus
2864 2178 2917 2224 ct
2967 2168 3358 2224 beneficiorum

1781 2267 1870 2323 Dei
1914 2281 2041 2336 erga
2087 2264 2308 2320 Iudaeos
2343 2265 2656 2318 varietatem
2689 2262 3008 2323 declaravit,
3053 2268 3107 2314 et
3147 2259 3354 2313 doctri-

1777 2373 1902 2412 nam
1963 2355 2188 2412 tradidit
2256 2356 2600 2410 admovendo
2661 2355 2782 2408 illos
2854 2352 3104 2406 idoneam
3170 2349 3356 2420 pietati

1780 2463 2100 2518 morumque
2149 2448 2430 2517 probitati.
2483 2445 2586 2501 Sed
2633 2445 2761 2516 quia
2796 2444 3035 2498 divinam
3077 2443 3358 2512 providen-

1779 2539 1910 2594 tiam
1962 2540 2143 2610 adepti
2174 2538 2346 2592 Judaai
2383 2554 2482 2592 nec
2533 2553 2642 2592 non
2690 2535 2966 2607 Babylone
3011 2534 3264 2598 reditum,
3301 2541 3357 2586 ct

1781 2633 2015 2703 plurima
2073 2632 2199 2686 dein
2247 2631 2388 2684 bona
2430 2630 2734 2693 consecuti,
2784 2629 3060 2698 multaque
3117 2626 3358 2680 fruentes

1779 2723 2062 2788 felicitate,
2103 2721 2249 2777 haud
2290 2723 2428 2777 bene
2471 2721 2572 2776 hoc
2603 2722 2799 2776 solatio
2833 2728 2960 2776 sunt
3005 2720 3126 2785 usi;
3173 2734 3357 2774 sacer-

1781 2816 2003 2871 dotibus
2040 2814 2301 2868 nimirum
2344 2829 2408 2867 ac
2451 2814 2648 2882 pepqu
2687 2813 2943 2867 universo
2977 2817 3254 2881 peccante.
3283 2810 3358 2862 ita

140 2885 375 2959 εὐπραγία
421 2893 801 2957 καταστάντες
849 2896 1039 2968 πολλῇ,
1080 2900 1180 2954 οὐκ
1236 2904 1316 2966 είς
1348 2901 1464 2956 δέον
1512 2904 1678 2974 ἐχρή-

1788 2915 1842 2961 υι
1873 2921 1938 2962 ne
1963 2913 2166 2960 statuta
2197 2903 2418 2974 quidem
2468 2902 2739 2957 sacrificia
2770 2901 3162 2956 convenienter
3207 2900 3357 2952 face-

143 2994 276 3032 σαντο
302 2985 362 3052 τῇ
405 2983 613 3050 ἀνέσει,
653 2985 722 3038 τὰ
759 2987 858 3056 μὲν
887 2988 994 3042 τῶν
1034 2991 1344 3062 ίερέων,τὰ
1370 2993 1425 3047 δὲ
1461 2995 1553 3047 καὶ
1582 2994 1676 3047 τοῦ

141 3066 246 3122 λαοῦ
271 3072 713 3145 πλημμελῶντος
747 3079 966 3146 παντὸς,
1002 3081 1078 3146 ὡς
1112 3084 1205 3136 καὶ
1233 3083 1330 3146 τὰς
1353 3085 1494 3138 κατὰ
1516 3087 1680 3155 νόμον

138 3158 410 3231 ὡρισμένας
433 3165 632 3231 θυσίας
650 3169 724 3240 μή
746 3172 883 3241 μετὰ
910 3171 1003 3226 τοῦ
1031 3175 1396 3246 προσήκοντος
1419 3177 1679 3240 ἐκτελεῖν,

144 3250 413 3320 ἀναγκαίως
450 3259 479 3311 ὁ
525 3259 725 3330 παρὼν
780 3263 962 3316 οὑτοσὶ
1009 3268 1295 3338 προφήτης
1342 3268 1484 3323 κατὰ
1532 3269 1681 3324 θείαν

142 3341 377 3412 ἐνέργειαν
410 3351 502 3402 ἐπὶ
539 3350 704 3405 τοῦτο
733 3355 1081 3426 προϐληθεὶς,
1111 3357 1322 3428 ἐλέγχει
1358 3360 1456 3430 μὲν
1478 3360 1588 3413 τῶν
1622 3378 1681 3413 τε

143 3433 297 3502 ἱερέων
339 3440 562 3495 καὶτοῦ
608 3441 738 3496 λαοῦ
785 3445 886 3509 τὰς
933 3448 1330 3519 πλημμελείας,
1365 3452 1428 3514 ἃς
1480 3452 1682 3515 αἵτινές

143 3527 268 3591 εἰσιν,
291 3529 346 3595 ἐξ
369 3534 550 3588 αὐτῶν
575 3536 684 3590 τῶν
709 3540 1111 3611 γεγραμμένων
1153 3542 1373 3613 ἄμεινον
1406 3543 1567 3614 μάθοι
1596 3562 1681 3608 τις

143 3617 219 3719 ἄχο
258 3624 435 3693 μηνύει
479 3627 538 3680 δὲ
592 3629 684 3682 καί
733 3647 856 3684 τινα
891 3632 999 3685 τῶν
1055 3634 1348 3705 ἐσομένων.
1390 3637 1598 3707 Ὀνομα
1623 3637 1680 3689 δὲ

143 3723 202 3778 τῳ
221 3719 471 3792 προφήτῃ,
500 3721 647 3775 κατὰ
679 3723 778 3792 μὲν
810 3723 908 3796 τὴν
948 3725 1212 3796 Ἐλλήνων
1259 3727 1524 3797 γλῶτταν,
1554 3731 1682 3797 Ἀγ-

1781 3005 1938 3053 rent:
1988 2996 2304 3052 necessario
2352 2996 2442 3049 hic
2474 3002 2658 3048 noster
2707 2993 2969 3063 propheta
3013 2991 3196 3046 divina
3227 3005 3359 3060 ope-

1781 3093 1996 3145 ratione
2051 3089 2118 3142 ad
2154 3089 2258 3142 hoc
2305 3089 2530 3149 electus.
2573 3085 2918 3141 sacerdotum
2961 3085 3163 3155 pariter
3196 3091 3362 3151 atque

1783 3181 1968 3250 p0puli
2020 3188 2238 3249 peccata
2289 3179 2602 3249 redarguit:
2635 3193 2756 3248 quae
2799 3175 3107 3247 cujusmodi
3135 3175 3357 3240 fuerint,

1784 3290 1849 3328 ex
1882 3272 2015 3342 ipsis
2055 3271 2276 3340 scriptis
2322 3271 2520 3325 melius
2558 3270 2827 3340 quispiam
2859 3275 3170 3338 cognoscet.
3203 3266 3362 3332 Quae-

1785 3362 1909 3416 dam
1949 3363 2110 3416 etiam
2151 3360 2332 3414 futura
2366 3359 2629 3429 praedicit.
2665 3357 2872 3413 Nomen
2919 3367 3102 3412 autem
3131 3358 3362 3426 prophe-

1787 3465 1853 3508 ιω
1902 3462 1987 3509 est
2018 3453 2332 3508 Graecorum
2369 3452 2588 3520 quidem
2637 3451 2824 3521 lingua
2857 3449 3112 3519 angelus,
3160 3458 3215 3501 at
3259 3445 3363 3500 lle-

1786 3545 2054 3599 hrreorum
2095 3543 2419 3607 Malaehias;
2457 3541 2717 3612 quoniam
2765 3542 3018 3612 angelum
3068 3540 3142 3594 ita
3181 3539 3364 3593 dicere

1787 3640 1964 3693 solent
2005 3635 2236 3692 Hebraei.
2270 3635 2633 3701 Quamobrem
2680 3633 2733 3686 in
2765 3631 3078 3688 Graecorum
3113 3645 3365 3686 sermone

1788 3730 2010 3800 angelus
2060 3729 2365 3798 appellatur
2412 3742 2510 3796 pro
2544 3723 2829 3780 Malachia.
2865 3722 2955 3778 Sic
2983 3731 3162 3778 autem
3193 3720 3361 3776 dicit:

143 3803 296 3868 γελος⁶
338 3812 476 3865 κατὰ
525 3813 592 3868 δὲ
638 3814 735 3886 τήν
781 3817 1046 3889 Ἐϐραίων
1071 3859 1085 3882 ,
1123 3819 1407 3891 Μαλαχίας
1431 3839 1444 3852 ·
1501 3821 1691 3892 ἐπειδὴ
1738 3823 1828 3876 τὸν
1855 3822 2083 3890 ἄγγελον
2135 3820 2276 3873 οὕτω
2329 3819 2516 3873 καλεῖν
2555 3813 2826 3888 Ἑϐραίοις
2879 3814 3032 3878 ἔθος*
3090 3812 3212 3867 ὅθεν
3270 3815 3364 3867 καὶ

142 3899 368 3975 μεταϐολῇ
415 3908 480 3978 τῇ
521 3909 609 3971 είς
637 3908 736 3980 τὴν
785 3909 1052 3982 Ἐλλήνων
1107 3912 1355 3981 γλῶτταν
1403 3914 1631 3983 ἄγγελος
1681 3915 1942 3986 κέκληται
1965 3915 2087 3969 ἀντὶ
2107 3913 2412 3983 Μαλαχίου.
2447 3913 2610 3979 Λέγει
2637 3911 2694 3964 δὲ
2720 3909 2921 3973 οὕτως’
3201 3929 3204 3932 ’

765 4001 923 4054 ΚΕΦ.
955 4001 1033 4055 A'.

197 4080 326 4153 Στίχ.
365 4092 432 4154 α’,
462 4086 527 4158 β’.
573 4119 641 4128 -ο
680 4108 699 4141 ι
743 4090 956 4163 Λῆμμα
1011 4093 1168 4162 λόγου
1223 4095 1429 4162 Κυρίου
1472 4095 1566 4148 ἐπὶ
1591 4095 1682 4148 τὸν
1710 4082 1753 4138 ⁸]

152 4170 333 4260 Ἰσραήλ
357 4179 412 4232 ἐν
441 4181 592 4252 χειρὶ
621 4181 855 4251 ἀγγέλου
885 4183 1108 4238 αὐτοῦ..
1139 4186 1255 4238 Ἵνα
1286 4185 1416 4260 εἴπῃ
1435 4188 1517 4240 ὅτι
1544 4185 1686 4241 κατὰ

145 4258 266 4319 θείαν
289 4268 570 4340 ἐνέργειαν
595 4273 954 4346 ὲνεπιστεύθη
995 4275 1055 4329 τὸ
1089 4279 1188 4341 τῆς
1223 4258 1557 4349 προφητείας
1595 4277 1685 4350 ἐρ-

143 4369 218 4419 γον
246 4360 270 4411 ὀ
299 4360 520 4430 ἄγγελος
542 4365 626 4427 είς
656 4364 874 4436 ἔλεγχον
907 4366 1001 4421 τοῦ
1055 4366 1283 4439 Ἰσραήλ,
1315 4368 1500 4438 ἐπειδὴ
1531 4371 1681 4440 κοινῇ

141 4447 284 4522 ταύτῃ
313 4457 656 4528 προσηγορίᾳ
698 4458 825 4522 τούς
870 4476 932 4512 τε
967 4459 1147 4530 ἱερέας
1189 4460 1284 4513 καὶ
1314 4460 1406 4513 τὸν
1436 4459 1563 4514 λαὸν
1595 4477 1687 4531 ση-

145 4541 325 4607 μαίνειν
347 4547 580 4618 ήμελλεν
616 4565 632 4579 ⁸
677 4551 1005 4624 Ἰσραηλῖται
1038 4551 1146 4623 γὰρ
1179 4551 1413 4616 ἅπαντες
1441 4552 1688 4622 ἐλέγοντο

144 4634 336 4699 κοινῶς·
371 4636 504 4708 εἶτα,
521 4640 664 4711 μετὰ
689 4642 786 4713 τὴν
829 4643 1082 4697 εἰωθυῖαν
1128 4643 1332 4715 ταύτην
1362 4645 1686 4716 προγραφὴν

143 4726 232 4779 τῶν
258 4733 606 4804 προφητικῶν
652 4733 892 4804 βιϐλίων,
936 4738 1159 4807 ἄρχεται
1199 4738 1306 4791 τῶν
1343 4739 1558 4795 οἰκείων
1597 4740 1686 4793 λόο

144 4832 235 4881 γων
261 4823 287 4874 ὁ
317 4826 601 4897 προφήτης
628 4825 832 4891 οὕτως·
875 4845 892 4878 ι
923 4827 1091 4880 Θέσθε
1115 4828 1170 4881 δὲ
1205 4830 1296 4882 ἐπὶ
1328 4829 1428 4892 τὰς
1459 4829 1687 4901 καρδίας

145 4909 290 4976 ὑμῶν.
330 4932 348 4965 ι
381 4916 662 4970 Κάλλιστα
705 4917 781 4980 ὡς
825 4915 890 4970 ἂν
936 4915 1387 4987 παραλελοιπόσιν
1431 4918 1560 4990 ἄχρι
1594 4917 1684 4972 τοῦ

139 4997 277 5072 δεῦρο
311 5003 344 5058 ἃ
385 5009 562 5060 ποιεῖν
609 5008 808 5071 αὐτοὺς
856 5009 1135 5080 προσῆκον
1173 5004 1240 5080 ἦν
1278 5027 1292 5042 ο
1320 5009 1530 5064 κελεύει
1591 5011 1688 5065 νῦν

143 5091 192 5142 τὸ
216 5093 322 5149 δέον
371 5093 430 5151 εὖ
479 5099 825 5168 λογίσασθαι,
880 5103 956 5171 (p.
1005 5101 1132 5172 558)
1176 5103 1271 5157 καὶ
1307 5104 1538 5158 συνιδεῖν
1590 5106 1688 5176 μὲν

143 5178 264 5252 ᾇπερ
293 5185 581 5258 ἔπραττον,
610 5190 903 5261 δοκιμάσαι
936 5192 993 5245 δὲ
1043 5193 1242 5246 ὁπόσον
1271 5193 1548 5260 ἐξέϐαινον
1592 5195 1687 5250 τοῦ

146 5279 503 5350 προσήκοντος,
532 5281 609 5345 ὡς
639 5281 705 5337 ἄν
729 5301 851 5336 τινα
890 5285 984 5336 καὶ
1011 5283 1296 5355 διόρθωσιν
1325 5289 1445 5349 ταῖς
1479 5287 1687 5343 ἑαυτῶν

145 5368 518 5437 προσαγάγοιεν
573 5369 1000 5442 πλημμελεὶαις.
1048 5369 1182 5426 Εἶτα
1233 5375 1371 5444 μετὰ
1403 5376 1504 5447 τὴν
1553 5395 1688 5449 προ-

144 5456 324 5526 τροπὴν
359 5464 451 5513 καὶ
497 5461 600 5532 τὴν
629 5463 951 5532 παραίνεσιν
981 5463 1105 5518 καθ’
1127 5465 1193 5536 ἣν
1232 5466 1688 5537 ἐπιμελεστέρους

141 5543 316 5610 αὐτοὺς
341 5553 467 5623 περὶ
499 5551 564 5606 τδ
583 5553 700 5607 δέον
729 5555 1030 5626 εἰργάζετο,
1061 5557 1292 5625 ἐπάγει·
1327 5575 1348 5609 ι
1398 5559 1687 5630 Ἠγὰπησα

147 5632 288 5734 ὕιξίς,
311 5639 454 5734 λέγει
479 5644 703 5716 Κύριος.
728 5666 746 5697 ι
782 5647 978 5711 Καλῶς
1002 5649 1110 5721 γὰρ
1137 5653 1250 5714 τοῖς
1281 5651 1560 5722 άγνώμοσι
1583 5651 1689 5724 πρὸ

147 5732 339 5820 πάντων
366 5732 464 5802 τὴν
503 5734 723 5807 ἀγάπην
751 5736 898 5806 λέγει
925 5738 1023 5809 τὴν
1055 5741 1281 5804 οἰκείαν,
1325 5741 1524 5796 ὡσανεὶ
1552 5742 1688 5812 πρὸς

147 5826 326 5889 ταυτην
361 5822 630 5894 κρίνοιντο
660 5827 892 5899 μάλιστα
941 5829 1314 5902 ἐλεγχομένοις
1337 5833 1428 5887 ἐπὶ
1458 5837 1522 5906 τῇ
1550 5852 1686 5905 φαυ-

2459 3998 2613 4054 CAP.
2656 3999 2695 4053 l.

1857 4095 2026 4153 Vens.
2071 4097 2124 4160 1,
2156 4097 2210 4150 2.
2239 4125 2309 4137 ——
2352 4113 2371 4146 ι
2406 4093 2724 4163 Assumptio
2763 4091 2915 4146 verbi
2954 4089 3164 4145 Domini
3204 4104 3364 4158 super

1783 4187 2038 4245 lsraelem
2073 4187 2129 4243 in
2171 4203 2331 4242 manu
2379 4185 2553 4257 angeli
2589 4186 2782 4255 ipsius.
2818 4202 2836 4234 ι
2892 4180 2948 4237 ld
2980 4189 3064 4237 est
3097 4180 3261 4253 364
3285 4181 3357 4234 di.

1787 4282 1914 4336 vina
1968 4287 2284 4350 operatione
2330 4276 2703 4332 concreditum
2743 4283 2829 4329 est
2876 4273 3172 4344 praphetiae
3226 4287 3366 4340 opus

1788 4373 1998 4444 angelo,
2052 4371 2118 4426 ad
2165 4370 2384 4425 Israelis
2420 4367 2899 4440 reprehensionem
2932 4387 2945 4422 :
2984 4381 3220 4435 namque
3263 4365 3366 4419 hoc

1786 4466 2007 4519 nomine
2070 4463 2386 4519 sacerdotes
2456 4461 2619 4516 simul
2677 4449 2732 4515 et
2791 4459 3048 4531 populum
3106 4458 3368 4512 denotare

1790 4556 2044 4609 volebat:
2076 4554 2259 4610 cuncti
2309 4552 2632 4607 dicebantur
2672 4550 3038 4605 communiter
3081 4547 3362 4604 Israelita}.

1795 4646 2001 4702 Deinde
2037 4656 2160 4717 post
2210 4647 2313 4700 hoc
2341 4645 2562 4701 solitum
2616 4643 3062 4715 propheticorum
3100 4641 3364 4696 librorum

1792 4739 2116 4810 procemium
2141 4753 2235 4792 seu
2269 4737 2512 4798 titulum,
2542 4735 2624 4790 sic
2655 4735 2871 4789 initium
2895 4732 3028 4788 facit
3052 4746 3364 4788 sermonum

1792 4845 2017 4887 suorum
2061 4828 2405 4899 prophetam
2443 4824 2635 4880 Ponite
2682 4825 2738 4878 in
2777 4823 3038 4878 cordibus
3085 4820 3301 4876 vestris.
3339 4837 3360 4870 ι

1793 4923 2017 4994 Egregie
2059 4921 2140 4977 sic
2199 4921 2498 4992 alloquitur
2544 4921 2667 4975 illos
2718 4919 2812 4990 qui
2866 4917 3132 4972 hactenus
3181 4913 3366 4969 debita

1793 5015 1968 5070 ollicia
1995 5015 2367 5085 neglexerant.
2393 5012 2558 5068 Juhet
2583 5027 2715 5082 ergo
2741 5025 2886 5065 nunc
2905 5009 3034 5078 quid
3059 5024 3197 5078 opus
3221 5007 3366 5060 facto

1794 5109 1865 5163 sit
1894 5108 2156 5178 e0gitare,
2194 5114 2249 5162 et
2280 5105 2412 5177 quid
2459 5108 2668 5176 egerint
2696 5103 3069 5167 considerare,
3105 5107 3160 5155 et
3192 5113 3367 5169 quan-

1796 5207 1906 5252 tum
1940 5213 1969 5251 a
2007 5195 2334 5252 rectitudine
2378 5195 2830 5254 exorbitaverint,
2866 5201 2924 5248 ut
2969 5194 3208 5262 aliquam
3242 5205 3368 5259 pec.
3419 5216 3430 5238 ι

1795 5296 2043 5342 catorum
2083 5301 2307 5341 suorum
2339 5284 2777 5340 emendationem
2815 5289 3030 5338 curent.
3082 5279 3203 5334 Mox
3244 5285 3367 5348 post

1794 5381 2089 5450 impulsum
2119 5391 2172 5435 et
2207 5379 2664 5440 adhortationem,
2715 5391 2822 5446 qua
2861 5391 2956 5431 eos
2999 5374 3367 5443 diligentiores

1795 5470 1861 5524 ad
1921 5468 2153 5525 ofﬁcium
2211 5468 2469 5536 reddidit,
2519 5469 2871 5538 prosequitur
2913 5485 2926 5521 :
2965 5484 2984 5517 ι
3021 5464 3187 5520 Dilexi
3245 5477 3365 5525 vos,

1794 5561 1928 5618 dicit
1959 5562 2238 5616 Dominus.
2280 5581 2298 5613 ι
2321 5559 2483 5615 Bene
2525 5561 2752 5631 ingratis
2784 5567 2909 5614 ante
2935 5557 3118 5612 omnia
3159 5571 3368 5610 memo-

1793 5662 1879 5708 rat
1924 5667 2165 5708 amorem
2205 5668 2387 5714 suum,
2425 5659 2484 5706 ut
2528 5652 2652 5706 inde
2669 5651 3004 5722 judicentur,
3039 5649 3108 5703 d‘e
3140 5662 3366 5703 suorum

1772 5759 2008 5798 morum
2048 5743 2313 5815 pravitate
2367 5742 2626 5796 convicti.
2689 5761 2707 5795 ι
2737 5742 2802 5796 Et
2850 5742 3068 5797 dixistis
3102 5738 3200 5796 :-ln
3257 5753 3367 5806 quo

1791 5834 2029 5893 dilexisti
2080 5835 2220 5891 nos?
2253 5855 2271 5887 ι
2307 5835 2471 5905 Atqui
2526 5835 2792 5893 omnibus
2832 5834 3172 5894 exoloratum
3224 5835 3370 5894 erat,
