3804 6526
421 345 525 405 599

1580 354 1925 412 THEODORI
1954 356 2182 414 MOPSU
2194 357 2433 414 ICSTENI

3545 357 3628 419 608

423 472 751 533 quantorum
794 465 926 535 ipsis
956 466 1223 522 bonorum
1280 480 1471 525 auctor
1503 475 1824 537 exstitisset,
1868 476 1984 528 sive

2107 475 2266 543 ,ότητι
2295 474 2403 527 τῶν
2427 476 2641 544 τρόπων
2679 476 2787 527 τῶν
2824 475 3062 528 οἰκείων.
3101 492 3119 525 ι
3160 475 3271 528 Καὶ
3312 476 3523 536 εῐπατε,
3562 478 3632 529 Ἕν

423 564 584 610 antea
616 557 805 624 gestis.
840 557 956 612 sive
994 569 1179 627 postea
1222 576 1362 632 smpe
1394 579 1638 630 numero,
1671 568 1785 621 sive
1822 568 1986 621 etiam

427 662 601 715 .‘mpcr
657 648 907 716 patratis.
973 650 1081 704 Sed
1134 667 1251 707 mos
1302 663 1385 708 est
1442 656 1639 710 divinae
1697 656 1991 726 Scriptura;

428 750 611 791 vocem
658 751 760 805 pro
807 753 864 791 re
917 740 1198 803 adbibere,
1247 752 1299 797 et
1348 744 1625 799 hominum
1674 754 1874 800 statum
1908 747 1989 801 vel

426 826 675 880 aﬂ‘ectum
716 844 849 884 voce
880 830 1185 901 designare.
1219 833 1373 888 Velut
1428 837 1594 890 illud:
1625 856 1643 885 ι
1682 836 1985 892 Dixerunt:

426 918 562 987 Quis
587 920 790 975 videbit
812 939 908 978 eos
929 924 1012 977 “‘3
1034 945 1053 977 ι
1086 926 1141 981 id
1170 936 1275 988 est,
1294 928 1369 981 ita
1395 945 1453 982 se
1477 930 1801 992 habuerunt,
1833 929 1990 999 quasi

425 1027 521 1067 eos
562 1028 722 1067 nemo
754 1023 1043 1085 spectaret.
1092 1017 1254 1087 Atqui
1308 1021 1443 1073 nihil
1499 1021 1806 1088 hujusmodi
1848 1022 1992 1075 dixe-

426 1111 568 1158 rant.
630 1102 758 1158 Item
808 1125 821 1161 :
870 1124 889 1157 ι
924 1105 1066 1161 Dixit
1133 1110 1273 1163 enim
1333 1110 1385 1163 in
1444 1111 1607 1165 corde
1673 1126 1772 1165 suo
1821 1110 1989 1165 :Non

426 1193 688 1247 movebor
756 1209 787 1246 a
844 1197 1194 1264 generatione
1248 1199 1302 1251 in
1361 1201 1808 1269 generationem,
1874 1199 1991 1252 sine

429 1284 572 1337 man
593 1286 664 1339 ".
700 1305 718 1337 ι
781 1285 870 1339 Sic
917 1290 1059 1341 enim
1106 1303 1227 1342 sese
1283 1290 1585 1353 habebant,
1639 1290 1795 1358 quasi
1857 1290 1992 1343 nihil

430 1391 671 1445 unquam
724 1378 849 1431 mali
902 1387 1087 1434 essent
1128 1380 1366 1448 passuri.
1418 1380 1690 1449 Multaque
1726 1380 1992 1447 ejusmodi

426 1467 554 1535 quis
583 1469 838 1533 inveniet,
874 1485 995 1539 quas
1030 1485 1357 1525 coacervare
1398 1487 1505 1525 non
1544 1473 1707 1540 hujus
1735 1473 1994 1541 temporis

428 1567 531 1613 cst.
572 1557 664 1613 Sic
704 1576 834 1630 ergo
871 1578 1019 1616 nunc
1064 1564 1227 1616 etiam
1278 1563 1453 1617 dicit:
1485 1583 1502 1613 ι
1536 1563 1600 1616 Ει
1640 1564 1856 1617 dixistis
1896 1564 1994 1617 :In

428 1666 537 1719 quo
563 1652 803 1707 dilexisti
833 1656 970 1709 nos?
1009 1673 1028 1707 ι
1064 1656 1233 1720 Quasi
1277 1655 1425 1709 dicat
1457 1676 1468 1709 :
1504 1658 1549 1708 Α
1588 1671 1672 1710 me
1701 1656 1907 1717 dilecti,
1942 1662 1995 1709 et

431 1742 709 1799 beneﬁciis
753 1760 897 1815 δίοιδε
939 1745 1138 1809 aﬂ‘ecti,
1179 1747 1425 1816 improba
1460 1747 1775 1816 ingrataque
1818 1755 1995 1800 mente

2089 565 2191 616 τίνι
2218 565 2509 633 ἠγάπησας
2530 567 2678 633 ἡμᾶς
2708 581 2721 627 ;
2759 584 2776 614 ι
2820 563 2979 633 δήλου
3021 565 3171 632 παρὰ
3198 565 3333 616 πᾶσι
3365 565 3627 631 τυγχάνον-

2087 673 2178 719 τος
2212 658 2423 709 όπόσων
2476 656 2657 717 αὐτοῖς
2705 654 2923 722 ἀγαθῶν
2958 656 3125 717 αίτιος
3167 655 3430 722 ἐγεγόνει,
3459 654 3565 707 εἴτε
3585 658 3635 708 ἐκ

2087 746 2195 798 τῶν
2254 745 2487 816 πρόσθεν
2536 744 2915 815 ὑπαρξάντων,
2972 746 3078 797 εἴτε
3131 746 3223 797 καὶ
3281 744 3385 796 τῶν
3431 743 3634 813 ὕστερον

2090 831 2367 895 πολλάκις,
2401 834 2495 884 καὶ
2538 833 2601 901 δὴ
2656 834 2746 883 καὶ
2789 832 2895 884 τῶν
2943 833 3253 902 πρόσφατον
3310 834 3633 900 γεγονότων*

2091 924 2223 977 ἀλλά
2254 924 2363 993 γὰρ
2411 924 2529 987 ἔθος
2557 926 2622 994 τῇ
2655 924 2771 993 θείᾳ
2799 924 2988 994 Γραφῇ
3020 925 3117 994 τὴν
3166 924 3346 993 φωνὴν
3388 926 3482 977 ἐπὶ
3516 928 3636 995 πραο

2091 1032 2295 1084 γματος
2321 1014 2520 1081 λέγειν,
2561 1014 2655 1066 καὶ
2689 1014 2785 1083 τὴν
2815 1014 2922 1066 τῶν
2966 1031 3018 1066 τι
3069 1015 3365 1068 ποιούντων
3418 1016 3636 1070 διάθεσιν

2092 1108 2242 1176 φωνῇ
2275 1104 2555 1175 σημαίνειν
2575 1124 2588 1136 ·
2619 1100 2729 1157 οἷον
2758 1105 2818 1158 τό
2847 1122 2860 1135 ·
2900 1123 2919 1155 ι
2954 1102 3115 1158 Εἶπον
3136 1120 3155 1139 ’
3183 1106 3280 1169 Τίς
3322 1107 3514 1175 δψεται
3554 1109 3636 1159 αὖ·

2090 1193 2249 1261 τοὺςς
2288 1213 2306 1246 ι
2339 1196 2461 1247 ἀντὶ
2487 1194 2885 1257 τοῦ,Διέκειντο
2914 1196 2985 1257 ώς
3017 1196 3227 1259 οὐδενὸς
3260 1196 3566 1266 ἐφορῶντος
3587 1198 3640 1247 τὰ

2093 1286 2378 1355 γινόμενα’
2410 1286 2469 1337 οὑ
2509 1287 2615 1357 γὰρ
2637 1286 2699 1355 δὴ
2728 1286 2911 1353 ἔλεγον
2933 1285 3103 1349 οὕτως
3127 1302 3140 1314 °
3170 1288 3284 1349 καὶ,
3326 1304 3346 1337 ι
3389 1283 3525 1339 Eius
3554 1288 3640 1355 γὰρ

2094 1380 2151 1430 ὲν
2173 1378 2368 1447 καρδίᾳ
2392 1376 2575 1437 αὑτοῦ,
2605 1378 2678 1429 Οὑ
2710 1377 2783 1446 μὴ
2821 1376 3062 1429 σαλευθῶ
3099 1378 3206 1430 ἀπὸ
3231 1379 3424 1445 γενεᾶς
3450 1380 3533 1439 εἰς
3565 1394 3639 1443 γε·

2094 1465 2217 1517 νεὰν
2248 1465 2374 1517 ἄνευ
2410 1464 2579 1517 κακοῦ
2598 1503 2610 1515 .
2648 1483 2665 1513 ι
2692 1464 2980 1527 Διέκειντο,
3010 1466 3138 1536 γὰρ,
3178 1466 3365 1536 φησὶν.
3397 1466 3473 1527 ὡς
3503 1466 3643 1517 οὐθὲν

2096 1554 2489 1627 ὑπομενοῦντες
2516 1553 2731 1607 πώποτε
2756 1555 2950 1607 κακόν
2993 1556 3088 1607 καὶ
3116 1556 3282 1609 πολλά
3319 1555 3545 1608 τοιαῦτα
3581 1556 3640 1606 εί-

2098 1664 2186 1699 ποι
2208 1664 2291 1709 τις
2322 1646 2408 1707 ἂν,
2435 1646 2470 1699 ἃ.
2496 1646 2570 1716 μὴ
2595 1645 2687 1698 τοῦ
2708 1646 2969 1715 παρόντος
3001 1647 3117 1698 ἐστὶ
3145 1646 3423 1714 συλλέγειν
3442 1646 3641 1717 καιροῦ⁵

2096 1738 2266 1799 οὕτως
2292 1733 2382 1789 οὖν
2412 1735 2685 1789 κάνταῦθα
2708 1737 2854 1803 λέγει
2887 1738 2965 1798 τὸ,
2998 1756 3015 1787 ι
3054 1738 3161 1789 Καὶ
3188 1738 3394 1799 εἴπατε,
3444 1738 3537 1790 Ἐν
3559 1737 3647 1788 τίνι

432 1831 631 1896 fuistis,
664 1834 818 1903 quasi
856 1850 954 1889 nec
988 1852 1016 1888 a
1063 1851 1147 1890 me
1174 1836 1376 1896 dilecti,
1418 1851 1592 1905 neque
1624 1836 1734 1889 ullo
1757 1850 1992 1903 unquam

2107 1830 2387 1899 ἠγάπησας
2442 1829 2618 1898 ήμᾶς;
2671 1846 2689 1877 ι
2727 1829 2846 1881 ἀντὶ
2903 1828 3030 1895 τοῦ,
3073 1828 3472 1898 Ἀγαπηθέντες
3534 1828 3648 1897 παρ’

432 1925 691 1979 beneﬁcio
719 1927 927 1982 donati.
975 1926 1105 1982 Dein
1154 1927 1296 1982 facta
1326 1928 1478 1991 dicit,
1513 1926 1653 1981 unde
1694 1928 1749 1981 hi
1789 1942 1992 1998 cogno-

430 2027 581 2066 scere
608 2023 851 2083 possent,
885 2023 1088 2084 quanta
1118 2030 1147 2068 a
1184 2014 1293 2070 Deo
1322 2016 1462 2069 bona
1492 2014 1854 2084 accepissent.

2099 1925 2256 1995 ἐμοῦ,
2304 1925 2397 1978 καὶ
2446 1920 2504 1976 εὖ
2560 1925 2883 1989 πεπονθότες
2936 1926 3226 1991 πολλάκις,
3264 1925 3512 1997 μοχθηρᾷ
3571 1926 3646 1977 καὶ

2100 2016 2373 2087 ἀγνώμονι
2416 2017 2740 2087 κεχρημένοι
2790 2021 2855 2088 τῇ
2897 2018 3101 2088 διανοίᾳ
3140 2017 3440 2079 διέκεισθε,
3488 2016 3564 2077 rb;
3592 2017 3643 2068 ἂν

425 2101 549 2157 οὔτε
581 2106 923 2176 ἠγαπημένοι
957 2108 1086 2176 παρ’
1130 2107 1282 2175 ἐμοῦ,
1315 2104 1437 2159 οὑτε
1470 2106 1615 2167 τινὸς
1654 2106 2007 2174 τετυχηκότες
2040 2105 2257 2160 πώποτε
2288 2105 2511 2177 ἀγαθοῦ.
2578 2105 2669 2177 (p.
2696 2104 2845 2176 559)
2879 2101 3011 2159 Εἶτα
3052 2104 3197 2173 λέγει
3244 2102 3314 2155 τὰ
3360 2102 3644 2173 πράγματα

423 2187 608 2257 ἀφ’ὧν
628 2190 754 2262 ὲξῆν
777 2197 969 2256 αὐτοὺς
1005 2193 1231 2263 συνορᾷν
1272 2191 1472 2262 ἡλίκων
1521 2188 1706 2259 ἔτυχον
1754 2189 1905 2260 παρά
1948 2190 2072 2254 τοὺς
2106 2191 2294 2255 ἄλλους
2346 2194 2585 2262 ἀγαθῶν.

495 2272 656 2343 365
694 2272 856 2330 Vens.
896 2274 1016 2329 5-5.
1055 2306 1125 2317 —
1169 2295 1187 2327 ι
1233 2276 1423 2333 Nonne
1462 2279 1631 2334 frater
1675 2287 1794 2332 erat
1826 2277 1997 2334 Iacob

431 2362 613 2419 Esau?
650 2365 783 2421 dicit
816 2366 1112 2433 Dominus;
1144 2378 1197 2424 et
1231 2380 1410 2424 tamen
1434 2368 1597 2424 dilexi
1630 2370 1819 2433 Jacob,
1854 2370 1994 2425 Esau

430 2468 607 2512 autem
641 2459 767 2515 odio
799 2458 982 2516 habui.
1020 2462 1087 2515 Et
1114 2461 1277 2515 statui
1308 2461 1568 2517 terminos
1598 2463 1717 2530 ejus
1752 2463 1806 2516 in
1836 2462 1999 2517 deso-

431 2545 709 2609 lationem,
758 2558 812 2601 et
865 2548 1237 2603 baereditatem
1286 2551 1406 2618 ejus
1456 2551 1508 2603 in
1546 2550 1738 2605 domos
1772 2551 1998 2606 deserti.

430 2636 567 2701 Quia
599 2637 647 2691 si
677 2637 872 2693 dixerit
913 2657 927 2693 :
966 2637 1198 2693 Idumasa
1226 2654 1415 2695 eversa
1451 2649 1556 2704 est,
1582 2650 1637 2696 et
1668 2650 2003 2697 revertemur

432 2737 596 2798 atque
629 2729 1021 2786 aadiﬁcabimus
1051 2731 1271 2786 deserta
1306 2732 1463 2801 ejus:
1497 2733 1611 2787 haec
1638 2733 1714 2786 ait
1744 2733 2002 2788 Dominus

430 2822 779 2890 omnipotens
807 2840 819 2876 :
854 2821 959 2891 Ipsi
986 2822 1356 2885 :ediﬁcabunt,
1390 2833 1444 2878 et
1469 2840 1571 2893 ego
1607 2824 1909 2879 destruam.
1938 2825 2003 2878 Et

426 2912 772 2965 vocabuntur
802 2914 936 2982 ipsis
966 2915 1186 2968 termini
1223 2915 1547 2984 iniquitatis,
1575 2925 1627 2968 et
1651 2916 1884 2985 populus
1916 2914 2005 2969 ad-

428 3020 623 3060 versus
658 3021 818 3073 quem
851 3014 959 3059 stat
992 3008 1047 3059 in
1074 3006 1192 3061 acie
1222 3005 1487 3060 Dominus
1522 3021 1695 3074 usque
1739 3008 1793 3061 iu
1820 3021 1995 3062 szecuo

2173 2285 2317 2353 Στίχ.
2335 2286 2472 2352 γ’-ε’.
2491 2317 2561 2327 -
2594 2307 2611 2337 ι
2635 2288 2745 2340 Οὑκ
2765 2287 2987 2355 ἀδελφὸς
3005 2283 3070 2358 ἦν
3095 2286 3262 2340 Ἡσαῦ
3289 2284 3384 2338 τοῦ
3421 2282 3607 2338 Ἰακώϐ
3632 2299 3645 2345 ς

2104 2370 2252 2440 λέγει
2302 2374 2539 2444 κύριος’
2589 2376 2680 2427 καὶ
2737 2375 2997 2447 ἠγάπησα
3050 2376 3140 2428 τὸν
3198 2372 3645 2439 ’1ακὼ6,τδνδὲ

2115 2462 2285 2516 Ἠσαῦ
2316 2464 2585 2536 ἐμίσησα·
2616 2465 2711 2518 καὶ
2740 2465 2903 2531 ἔταξα
2940 2466 3010 2519 τὰ
3040 2467 3161 2536 ὅρια
3217 2463 3381 2518 αὑτοῦ
3420 2464 3502 2524 εἱς
3523 2463 3646 2530 ἀφα-

2103 2555 2311 2624 νισμὸν,
2346 2556 2439 2608 καὶ
2468 2557 2566 2627 τὴν
2602 2557 2959 2627 κληρονομίαν
2985 2556 3147 2610 αὑτοῦ
3182 2556 3261 2619 είς
3292 2554 3519 2623 δώματα
3543 2552 3648 2621 ὲρή·

2104 2662 2205 2715 μου
2244 2661 2258 2675 ο
2287 2644 2419 2697 διότι
2453 2644 2712 2718 ὲάνείπῃ,
2734 2639 3196 2717 Ἦ“ιδουμαία(68)
3231 2644 3649 2714 κατέστραπται,

2102 2736 2194 2787 καὶ
2238 2734 2633 2807 ἐπιστρέψομεν
2670 2738 2764 2789 καὶ
2794 2736 3282 2806 ἀνοικοδομήσομεν
3308 2733 3410 2796 τάς
3439 2736 3647 2803 ἠρημω-

2106 2827 2268 2897 μένας
2312 2826 2500 2897 αὑτῆς,
2529 2826 2655 2879 τάδε
2693 2826 2838 2895 λέγει
2867 2827 3069 2897 Κύριος
3118 2824 3530 2894 παντοκράτωρ,
3559 2824 3648 2875 Αὑ-

2101 2918 2182 2970 τοὶ
2230 2916 2661 2989 οἰκοδομήσουσι,
2692 2917 2786 2970 καὶ
2830 2916 2940 2985 ἐγὼ
2982 2916 3374 2987 καταστρέφω·
3410 2916 3503 2967 καὶ
3547 2914 3648 2965 ἐπι-

2103 3006 2430 3077 κληθήσεται
2486 3008 2666 3069 αὐτοῖς
2709 3007 2834 3077 ὅρια
2889 3004 3137 3075 ἀνομίας,
3183 3005 3277 3059 καὶ
3322 3002 3449 3065 λαὸς
3496 3001 3649 3069 ἐφ’δν

429 3097 563 3152 Ium.
595 3097 657 3150 Et
690 3099 833 3151 oculi
863 3100 1027 3152 vestri
1058 3099 1354 3171 videbunt;
1390 3108 1443 3153 et
1475 3114 1573 3153 vos
1608 3101 1800 3154 dicetis
1830 3119 1841 3154 :
1882 3102 1991 3154 Ma-

2107 3099 2509 3169 παρατέτακται
2536 3098 2738 3169 Κύριος
2768 3099 2873 3161 ἕως
2925 3098 3148 3160 αἰῶνος·
3176 3096 3270 3149 καὶ
3316 3098 3364 3148 οί
3405 3093 3649 3161 ὀφθαλμοὶ

430 3186 721 3253 gniﬁcatus
766 3196 849 3240 est
880 3184 1148 3242 Dominus
1198 3202 1362 3255 super
1395 3189 1658 3242 terminos
1696 3186 1933 3243 lsraelis.
1974 3208 1994 3241 ι

431 3276 614 3345 Nuper
646 3276 859 3332 fuerant
890 3278 1110 3332 Idumaei
1152 3280 1350 3348 puniti,
1388 3288 1441 3333 et
1477 3279 1743 3347 plurimas
1790 3281 1999 3347 experti

432 3366 793 3429 calamitates,
823 3375 1047 3436 propter
1078 3368 1221 3421 mala
1252 3384 1373 3436 quae
1392 3367 1652 3423 lsraelitis
1680 3368 1998 3432 intulerant,

431 3470 543 3525 quo
580 3464 824 3527 tempore
872 3457 1083 3527 Assyrii
1127 3458 1362 3527 primum
1395 3467 1449 3512 et
1491 3467 1677 3527 postea
1721 3457 2000 3528 Babylonii

434 3547 619 3604 hostes
666 3557 1108 3619 supervenerant.
1152 3548 1379 3619 Jamque
1428 3550 1543 3604 haec
1584 3549 1839 3619 przedicta
1886 3548 2004 3602 fue-

434 3645 562 3690 rant
597 3651 627 3690 a
663 3636 820 3693 beato
852 3638 1051 3694 Davide
1082 3640 1135 3693 in
1170 3639 1421 3702 Psalmis,
1460 3640 1550 3694 ubi
1582 3640 1697 3693 ait:
1740 3656 1758 3688 ι
1798 3637 2003 3692 Memor

434 3735 576 3791 esto,
602 3726 851 3791 Domine,
882 3728 1117 3784 ﬁliorum
1141 3728 1329 3793 Edom,
1356 3731 1410 3784 in
1443 3730 1531 3785 die
1559 3728 1882 3787 Jerusalem,
1909 3728 2001 3796 qui

436 3817 630 3874 dicunt
678 3837 691 3872 :
739 3818 1060 3885 Exiuanite,
1111 3822 1387 3877 exinanite
1436 3836 1620 3891 ,usque
1672 3819 1739 3872 ad
1805 3818 2002 3871 funda-

436 3917 621 3965 menta
667 3910 808 3979 ejus.
859 3909 995 3966 Filia
1046 3912 1339 3985 Babylonis
1388 3913 1587 3967 misera
1622 3910 1698 3963 “l
1741 3928 1758 3961 ι
1794 3908 2004 3974 Quibus

437 4001 617 4055 verbis
642 4003 899 4065 ostendit,
932 4003 1260 4074 Babylonios
1285 4020 1473 4074 poenas
1500 4002 1751 4067 daturos,
1783 4010 2005 4070 proliter

438 4091 583 4145 illata
631 4093 889 4149 Israelitis
942 4096 1103 4148 mala.
1155 4095 1376 4150 Idumaei
1423 4096 1586 4150 etiam
1630 4110 1755 4147 cum
1797 4093 1863 4146 iis
1901 4107 2003 4161 pu-

438 4181 677 4246 nientur,
716 4186 812 4254 qui
844 4186 896 4240 in
944 4187 1244 4257 amigendis
1295 4187 1553 4241 lsraelitis
1596 4186 1731 4241 socii
1762 4187 2003 4255 ipsorum

441 4274 678 4329 fuerunt.
716 4275 859 4331 Idem
892 4286 1077 4346 postea
1112 4279 1436 4347 praedixerat
1472 4278 1635 4331 etiam
1671 4277 1860 4330 beatus
1894 4275 2004 4328 Ab-

439 4367 559 4419 dias
602 4367 885 4437 propheta.
932 4367 1087 4423 Nunc
1122 4370 1253 4437 quia
1291 4369 1384 4422 illa
1424 4369 1630 4422 exitum
1666 4366 2004 4437 lbabuerant,

442 4468 795 4528 recentesque
841 4460 986 4529 apud
1017 4476 1207 4515 omnes
1240 4468 1397 4515 erant
1433 4458 1651 4512 inﬂicta:
1691 4457 1945 4512 Idumaais
1978 4472 2006 4509 a
2038 4449 2081 4503 D

442 4548 554 4601 Deo
584 4563 777 4617 pinnae,
820 4551 1012 4605 merito
1061 4566 1124 4604 ex
1163 4552 1574 4621 comparatione
1605 4566 1729 4605 cum
1766 4551 1875 4605 illis
1917 4550 2011 4604 de-

443 4648 713 4694 monstrat
740 4656 901 4695 suum
930 4657 1055 4713 erga
1090 4644 1364 4698 lsraelitas
1397 4658 1661 4706 amorem,
1699 4644 1767 4699 ab
1816 4643 2009 4696 horum

444 4732 884 4801 progenitoribus
942 4744 1108 4803 atque
1160 4735 1229 4791 ab
1274 4736 1519 4790 Idumaeis
1567 4745 1784 4804 sumpto
1833 4735 2008 4789 initio.

443 4822 573 4877 Erat
602 4827 747 4880 enim
775 4826 991 4881 illorum
1016 4828 1329 4899 progenitor
1348 4826 1552 4894 Jacob;
1586 4828 1778 4882 borum
1804 4835 2010 4890 autem,

444 4914 609 4970 Esau.
654 4916 799 4971 Dicit
843 4933 1010 4989 ergo,
1057 4920 1245 4974 ambos
1294 4918 1463 4973 fuisse
1507 4918 1732 4985 fratres;
1778 4933 2013 4987 cumque

443 5016 657 5061 natura:
694 5007 780 5062 lex
821 5011 1133 5064 communia
1164 5010 1301 5079 ipsis
1349 5010 1533 5064 omnia
1566 5008 1793 5075 faceret,
1822 5023 2015 5078 proge-

445 5098 677 5154 nitorem
704 5100 923 5170 quidem
954 5110 1218 5165 vestrum,
1252 5100 1447 5170 inquit,
1484 5100 1673 5165 dilexi,
1707 5110 1762 5154 at
1796 5101 2013 5155 illorum

446 5192 535 5246 odi
565 5192 709 5247 Esau
737 5210 751 5247 :
793 5200 847 5248 et
876 5207 1051 5263 usque
1087 5193 1143 5246 in
1168 5192 1491 5247 hodiernum
1523 5191 1668 5246 diem
1701 5204 2016 5261 persevera-

445 5282 521 5346 vi,
552 5283 756 5339 amoris
791 5283 957 5354 366
983 5298 1112 5354 erga
1144 5298 1261 5347 vos,
1292 5284 1403 5337 odii
1435 5297 1565 5337 vero
1594 5297 1723 5353 erga
1771 5282 1892 5336 illos
1921 5296 2012 5335 ar-

446 5381 700 5442 gumenta
730 5374 1007 5429 exhibere.
1057 5372 1303 5443 Namque
1335 5374 1643 5428 universam
1680 5374 1895 5427 illorum
1929 5387 2017 5427 re-

516 5509 565 5541 “
591 5506 739 5565 Psal.
762 5526 915 5575 um,
951 5510 1006 5567 6.
1077 5510 1128 5543 "
1149 5508 1297 5565 Psal.
1332 5526 1385 5575 x,
1411 5509 1462 5564 6.
1538 5510 1584 5541 ⁸⁸
1608 5508 1754 5563 Psal.
1790 5522 1990 5570 cxxxv,
2023 5506 2074 5559 7.

526 5648 638 5716 (68)
669 5649 855 5722 variat
874 5652 965 5707 hic
991 5650 1360 5722 interpunctio
1389 5651 1533 5722 apud
1554 5652 1810 5721 antiquos
1839 5651 2011 5722 initer-

458 5726 673 5786 pretes,
690 5721 810 5776 aliis
825 5733 957 5783 ante
999 5720 1454 5786 Idumwam,aliis
1482 5730 1604 5792 post
1636 5720 2012 5792 pausautibus.

2107 3188 2259 3258 ὑμῶν
2298 3188 2538 3257 ὄψονται,
2584 3190 2678 3242 καὶ
2710 3189 2867 3259 ὑμεῖς
2904 3191 3097 3258 ἐρεῖτε,
3149 3185 3517 3256 Ἐμεγαλῦνθη
3564 3185 3652 3235 K2}-

2108 3298 2221 3349 ριος
2260 3281 2511 3351 ὑπεράνω
2534 3280 2640 3333 τῶν
2687 3283 2847 3351 ὁρίων
2878 3278 3110 3349 Ἰσραήλ.
3139 3298 3155 3329 ι
3186 3278 3503 3347 ῐιρόσφατον
3530 3271 3649 3345 ἦσαν

2122 3373 2400 3442 Ἰδουμαῖοι
2453 3373 2909 3442 τετιμωρημένοι,
2956 3370 3049 3423 καὶ
3088 3369 3355 3423 πλείστων
3412 3370 3546 3421 ὅσων
3602 3368 3651 3418 ὲν

2108 3465 2273 3536 πείρα
2300 3466 2580 3533 γεγονότες
2607 3464 2792 3517 κακῶν
2811 3504 2825 3528 ,
2853 3464 2990 3533 ὑπὲρ
3018 3454 3091 3515 ὧν
3123 3460 3518 3516 διατεθείκεσαν
3543 3458 3651 3519 τοὺς

2121 3557 2453 3627 Ἰσραηλίτας
2485 3556 2623 3609 κατά
2650 3556 2740 3609 τὸν
2767 3553 2957 3624 καιρὸν
2984 3555 3189 3607 ἐκεῖνον
3235 3552 3358 3606 καθ’
3385 3552 3445 3605 ὃν
3478 3549 3649 3603 ’Δσσόσ

2111 3647 2214 3716 ριοί
2238 3663 2295 3699 τε
2335 3647 2515 3711 αὐτοῖς
2551 3646 2811 3717 πρότερον
2838 3648 2929 3698 καὶ
2961 3642 3289 3697 Βαϐυλώνιοι
3329 3642 3467 3713 μετὰ
3516 3638 3654 3692 τοῦτο

2111 3738 2361 3806 ἐπῆλθον.
2380 3738 2565 3790 Ταῦτα
2598 3738 2654 3790 δὲ
2684 3738 2976 3808 προείρητο
3011 3735 3109 3805 μὲν
3130 3733 3208 3804 τῷ
3236 3734 3489 3804 μακαρίῳ
3512 3728 3653 3783 Δαυῖδ

2111 3831 2168 3879 ὲν
2214 3829 2459 3897 Ψαλμοῖς
2491 3847 2505 3860 ·
2540 3828 2685 3895 λέγει
2723 3828 2869 3899 γὰρ,
2910 3843 2930 3877 ι
2983 3823 3285 3894 Μνήσθητι,
3325 3823 3516 3894 Κύριε,
3560 3820 3657 3872 τῶν

2113 3921 2242 3973 υἱῶν
2280 3920 2455 3991 Ἐδὼμ
2479 3920 2577 3990 τὴν
2605 3920 2815 3990 ἡμέραν
2850 3918 3220 3989 Ἰερουσαλὴμ,
3246 3917 3355 3970 τῶν
3388 3915 3649 3981 λεγόντων,

2125 4011 2459 4075 Ἐκκενοῦτε,
2486 4012 2769 4065 ὲκκενοῦτε
2798 4011 2901 4073 ἕως
2932 4009 3039 4064 τῶν
3072 4008 3331 4079 θεμελίων
3357 4006 3550 4074 αὑτῆς’
3574 4002 3653 4054 θν-

2112 4104 2290 4173 γάτηρ
2350 4102 2729 4173 Βαϐυλῶνοςή
2782 4103 3154 4173 ταλαίπωρος
3187 4119 3205 4151 ι
3239 4101 3298 4151 ὲν
3350 4093 3435 4159 οἷς
3481 4093 3653 4157 ἔδειξεν

2113 4198 2193 4249 ὃτι
2225 4197 2317 4249 καὶ
2347 4194 2673 4248 Βαϐυλώνιοι
2718 4195 2945 4247 δώσουσι
2990 4194 3145 4255 δίκας
3196 4190 3336 4260 ὑπὲρ
3375 4182 3452 4243 ὧν
3478 4187 3653 4244 αὐτοὺς

2111 4286 2473 4341 διατεθείκασι
2523 4286 2708 4339 κακῶν
2748 4304 2761 4317 ·
2796 4287 2889 4340 καὶ
2938 4285 3221 4354 Ἰδουμαῖοι
3266 4281 3323 4333 δὲ
3366 4275 3647 4349 πμωρηθήο

2117 4396 2293 4433 σονται
2320 4378 2736 4449 συμπράξαντες
2754 4379 2933 4440 αὑτοῖς
2955 4379 3013 4430 ὲν
3038 4377 3148 4438 τοῖς
3178 4372 3315 4428 κατά
3333 4371 3443 4425 τῶν
3469 4372 3654 4439 ἰσρατγ

2112 4469 2270 4523 λιτῶν
2309 4472 2515 4533 κακοῖς.
2554 4472 2787 4540 Προεῖπε
2821 4468 2877 4521 δὲ
2908 4469 3001 4521 καὶ
3043 4470 3071 4520 ό
3108 4468 3377 4538 μακάριος
3419 4460 3653 4517 ’Δὸδιοὺό

2111 4562 2394 4630 προφήτης
2431 4561 2566 4630 μετά
2603 4559 2789 4613 τοῦτο’
2824 4559 2936 4611 ἀλλ’
2980 4559 3164 4626 ἐπειδὴ
3197 4556 3291 4608 νῦν
3324 4556 3525 4628 εἰλήφει
3565 4552 3653 4620 τὴν

2113 4649 2332 4702 ἔκϐασιν
2381 4653 2582 4716 ἐκεῖνα,
2608 4651 2701 4704 καὶ
2735 4649 2899 4720 νεαρά
2941 4648 3089 4719 παρὰ
3122 4650 3287 4703 πᾶσιν
3326 4643 3454 4718 ἧνὴ
3488 4645 3650 4715 μνήμη

2110 4741 2208 4808 τῆς
2242 4742 2631 4811 ἐπιγενομένης
2682 4740 2823 4793 κατά
2875 4740 2984 4792 τῶν
3024 4739 3333 4809 Ἰδουμαίων
3385 4737 3524 4807 παρά
3568 4731 3651 4785 τοῦ

2112 4829 2245 4881 Θεοῦ
2288 4831 2571 4899 τιμωρίας,
2598 4831 2672 4899 (p.
2697 4830 2819 4901 540)
2850 4831 3070 4892 εἰκότως
3108 4831 3171 4881 ἐκ
3206 4829 3540 4899 παραθέσεως
3563 4824 3649 4891 τῆς

2115 4920 2249 4989 πρὸς
2270 4920 2506 4982 ἐκείνους
2524 4920 2851 4974 ἐνδείκνυται
2866 4920 2961 4990 τὴν
2977 4921 3191 4988 ἀγάπην
3213 4917 3400 4971 ἑαυτοῦ
3423 4919 3511 4987 τὴν
3534 4912 3651 4981 τπρὶ

2112 5009 2365 5072 τούτους,
2396 5008 2503 5062 ἀπὸ
2542 5011 2648 5063 τῶν
2687 5010 3043 5083 προπατόρων
3092 5012 3292 5063 τούτων
3339 5027 3399 5061 τε
3431 5009 3512 5060 καὶ
3549 5004 3650 5055 τῶν

2128 5098 2439 5169 Ἰδουμαίων
2462 5100 2561 5171 τὴν
2588 5101 2761 5171 ἀρχὴν
2789 5102 3169 5171 ποιησάμενος.
3197 5096 3304 5153 Ἦν
3338 5100 3440 5170 γάρ
3467 5096 3651 5149 τούτων

2119 5192 2219 5259 μὲν
2282 5191 2495 5257 Ἰακὼϐ,
2545 5194 2713 5247 Ἡσαῦ
2763 5194 2821 5247 δὲ
2884 5196 3123 5248 ἐκείνων.
3165 5194 3325 5261 Λέγει
3354 5192 3533 5248 τοίνυν,
3574 5188 3649 5239 ὅτι

2118 5280 2362 5349 Ἀδελιροὶ
2395 5284 2492 5351 μὲν
2524 5278 2661 5353 ἦσαν
2695 5285 3018 5355 ἀμφότεροι·
3050 5283 3143 5337 τοῦ
3186 5286 3348 5355 νόμου
3376 5284 3429 5336 δὲ
3447 5281 3534 5350 τῆς
3556 5275 3649 5345 φύο

2123 5388 2260 5435 σεως
2309 5373 2460 5427 κοινά
2492 5378 2688 5429 ιπάντα
2722 5376 2903 5440 αὐτοῖς
2935 5375 3231 5443 ποιοῦντος,
3271 5376 3515 5446 ἠγάπησα
3556 5368 3648 5440 μὲν

2119 5650 2468 5774 ξιτιτὲῧίῶτὲοο
2493 5648 2767 5720 conspirat
2798 5648 2992 5715 Arabs,
3019 5663 3141 5704 cum
3174 5646 3424 5703 Hebraico
3447 5644 3653 5699 Latinus

2121 5736 2392 5791 vulgatus.
