3904 6530
164 347 260 401 60!

1070 348 1622 406 COMMENTARIUS
1662 348 1726 401 IN
1766 349 2144 405 ΜΑΙΛΩΙΙΙἉΕ
2184 352 2336 406 CAP.
2380 354 2420 407 I.

3315 350 3425 409 609

168 468 254 518 τὸν
283 466 549 541 ὑμέτερον
581 471 923 544 προπάτορα,
945 472 1187 543 ἐμίσησα
1208 473 1265 526 δὲ
1290 473 1380 525 τὸν
1410 473 1635 526 ἐκείνων
1658 473 1747 526 τὸν

1882 471 2066 526 ianem
2102 473 2267 525 vestri
2308 470 2482 541 gratia
2515 470 2777 533 desolavi,
2829 483 3020 539 pmnas
3055 467 3127 523 ab
3160 467 3229 523 iis
3268 484 3430 538 τερος

178 560 379 614 Ἠσαῦο
405 563 497 615 καὶ
534 562 598 633 δὴ
626 564 1007 636 διαμεμένηκα
1044 566 1142 636 μὲν
1172 567 1298 637 ἄχρι
1326 566 1419 621 τοῦ
1451 566 1631 636 δεῦρο.
1650 566 1751 636 τῆς

1882 577 2011 617 cens
2044 561 2113 616 ob
2141 578 2204 616 ea
2239 578 2360 632 quae
2389 563 2443 616 in
2474 578 2572 617 vos
2605 563 2727 617 ausi
2763 571 2932 618 sunt:
2965 571 3081 615 tum
3118 569 3176 617 et
3210 561 3429 617 illarum

170 668 226 703 τε
268 654 399 722 περὶ
428 654 572 724 ὑμᾶς
604 656 844 727 ἀγάπης,
879 658 973 710 καί
1014 657 1107 711 τοῦ
1137 658 1268 728 περὶ
1295 657 1516 710 ἐκείνων
1564 658 1753 734 μίσους

164 742 265 812 τήν
299 744 575 812 ἀπόδειξιν
626 747 1000 817 παρεχόμενος
1021 766 1034 779 ·
1065 751 1247 803 πᾶσαν
1285 750 1383 819 μὲν
1412 748 1522 820 γὰρ
1572 749 1753 803 αὐτῶν

174 831 272 894 τὴν
299 831 483 905 χώραν
514 835 753 903 ἠφάνισα
787 836 853 889 δι’
879 838 1045 907 ὑμᾶς,
1073 837 1228 901 δίκας
1266 838 1462 899 αὐτοὺς
1493 839 1755 907 εἰσπρατ-

174 922 400 992 τόμενος
433 920 509 978 ὧν
532 926 652 978 καθ’
678 926 830 995 ὑμῶν
867 927 1229 999 τετολμήκασι
1250 942 1265 958 ν
1290 927 1469 978 πᾶσαν
1494 927 1550 979 δὲ
1575 928 1754 979 αὐτῶν

171 1013 269 1084 τήν
320 1016 511 1084 κτῆσιν
571 1020 878 1089 μετέστησα
931 1023 1010 1083 εἰς
1082 1018 1357 1089 ἐρημίαν,
1387 1017 1454 1087 ῆν
1485 1018 1753 1086 τοσαύτην

173 1108 359 1173 αὐτοῖς
404 1110 681 1181 ἐπήγαγον
731 1112 825 1165 καὶ
872 1112 1015 1165 οὕτω
1065 1110 1341 1182 χαλεπὴν,
1372 1109 1511 1163 ὥστε
1551 1112 1655 1164 κᾶν
1705 1113 1754 1164 εί

171 1202 603 1273 μεταϐαλόμενοί
633 1222 762 1258 ποτε
800 1205 1117 1276 βουληθεῖεν
1160 1202 1557 1275 διορθώσασθαι
1586 1203 1655 1256 τὰ
1687 1205 1758 1256 οἰ-

174 1296 323 1355 κεῖα,
353 1296 447 1347 καὶ
468 1298 887 1367 ἀνοικοδομῆσαι
919 1297 1015 1359 τὰς
1047 1299 1419 1370 ἠρημωμένας
1440 1297 1619 1352 αὐτῶν
1654 1295 1753 1348 πό·

172 1381 288 1446 λεις
305 1403 364 1437 τε
388 1387 483 1440 καὶ
516 1389 717 1459 χώρας,
751 1389 919 1459 μηθὲν
946 1388 1204 1443 δύνασθαι
1229 1391 1387 1444 τοῦτο
1414 1391 1587 1443 ποιεῖν
1608 1406 1621 1419 ·
1647 1389 1751 1440 ἁπ-

172 1476 462 1548 εφηνάμην
481 1481 587 1547 γὰρ
625 1483 742 1534 κατ’
769 1481 945 1535 αὐτῶν
980 1482 1237 1553 ἐρημίαν,
1254 1483 1348 1535 καὶ
1378 1479 1628 1551 οὐδαμῶς
1645 1473 1755 1531 οἷόν

172 1582 233 1616 τε
263 1570 527 1639 συστῆναι
571 1572 637 1625 τὰ
677 1573 899 1625 ἐκείνων
933 1573 1130 1627 πάλιν·
1167 1574 1356 1645 ἐπειδὴ
1395 1572 1498 1627 κᾶν
1552 1573 1758 1639 ἐπιχει-

174 1660 419 1729 ρήσωσιν
445 1662 813 1735 οἰκοδομῆσαι,
839 1666 1199 1736 καταστρέφω
1226 1665 1388 1718 πάλιν
1412 1683 1426 1695 θ
1451 1662 1592 1715 ὥστε
1619 1659 1761 1712 ἐκεί-

1848 654 2049 723 prmdia
2088 655 2271 708 omnia
2305 655 2359 708 in
2409 654 2760 710 solitudinem
2798 654 2960 716 verti,
3009 668 3176 723 quam
3220 661 3433 709 tantam

1849 755 2072 816 tamque
2102 746 2380 799 horridam
2424 745 2493 800 iis
2531 745 2711 808 intuli,
2759 753 2820 798 ut
2862 745 3078 799 etiamsi
3120 744 3262 800 forte
3298 759 3435 799 con-

1850 839 1994 892 versi
2025 838 2295 891 voluerint
2333 836 2631 906 aliquando
2672 846 2845 891 semet
2886 838 3199 903 emendare,
3249 846 3305 891 et
3334 836 3436 891 de—

1860 937 2035 984 sertas
2067 929 2231 984 urbes
2280 930 2642 999 regionesque
2686 935 3016 992 restaurare,
3047 930 3181 983 nihil
3214 930 3324 985 sint
3352 928 3436 982 ef-

1861 1018 2077 1073 fecturi.
2109 1017 2333 1073 Decrevi
2361 1019 2508 1074 enim
2552 1020 2770 1073 illorum
2822 1018 3068 1073 locorum
3099 1020 3436 1083 vastitatem,

1861 1124 1962 1162 nec
1986 1109 2211 1163 omnino
2241 1108 2354 1162 ﬁeri
2389 1109 2588 1178 poterit
2615 1115 2673 1161 ut
2706 1122 2794 1163 res
2816 1108 3061 1177 ipsorum
3091 1116 3435 1178 reparentur.

1861 1199 1995 1254 Nam
2028 1201 2073 1255 si
2113 1199 2388 1254 aediﬁcare
2416 1200 2738 1263 moliantur,
2771 1214 2872 1268 ego
2913 1213 3107 1253 rursus
3148 1206 3388 1253 evertam
3419 1214 3433 1250 :

1858 1292 1933 1346 ita
1962 1302 2020 1347 ut
2065 1292 2133 1347 iis
2171 1292 2309 1347 locis
2338 1292 2627 1361 appellatio
2666 1291 2891 1353 haereat,
2908 1287 3146 1344 Termini
3180 1289 3441 1358 iniquita-

1860 1384 1953 1444 tis,
2008 1392 2199 1453 utpote
2242 1384 2313 1437 ah
2362 1383 2651 1451 iniquitate
2704 1381 2990 1437 desolatis.
3038 1382 3107 1433 At
3158 1379 3314 1433 vobis
3366 1380 3441 1432 ita

1863 1474 2002 1529 bene
2038 1474 2218 1529 facere
2262 1473 2546 1536 constitui,
2578 1480 2639 1527 ut
2683 1480 3024 1543 spectatores
3059 1471 3278 1541 ipsimet
3314 1469 3441 1522 facti

1864 1567 2129 1622 bonarum
2154 1567 2311 1621 vobis
2339 1566 2688 1628 collatorum,
2733 1563 2827 1618 Dei
2862 1563 3153 1633 patentiam
3183 1575 3446 1632 agnosca-

1865 1658 1960 1721 tis,
1993 1658 2087 1727 qui
2119 1660 2283 1713 tantis
2316 1658 2475 1712 bonis
2502 1658 2668 1710 vitam
2700 1665 2937 1710 vestram
2971 1653 3230 1709 laetiﬁcat.

173 1767 289 1813 νθις
338 1754 435 1820 μὲν
481 1753 649 1824 ὄνομα
701 1758 1093 1827 ἐπικεκλῆσθαι
1152 1756 1405 1827 Ἀνομίας
1450 1756 1623 1825 ὃριον,
1679 1750 1773 1803 ἆτε
1808 1748 1912 1801 ὑπὸ
1954 1749 2295 1819 παρανομίας
2340 1747 2757 1819 ἠρημωμένοιςο
2811 1746 2939 1817 περὶ
2983 1746 3126 1815 ὑμᾶς
3172 1742 3226 1795 δὲ
3272 1741 3447 1803 οὕτως

176 1840 480 1911 ἐδοκίμασα
508 1846 615 1896 πᾶν
636 1846 664 1897 ὃ
690 1864 740 1899 τι
770 1847 931 1900 καλὸν
956 1847 1374 1918 διαπράξασθαι,
1404 1846 1544 1899 ὥστε
1573 1842 1768 1902 αὐτοὺς
1810 1840 1949 1909 ὑμᾶς
1978 1839 2173 1902 θεατὰς
2204 1841 2493 1908 γεγονότας
2518 1838 2624 1892 τῶν
2662 1837 3017 1909 δωρουμένων
3044 1836 3173 1905 ὑμῖν
3204 1830 3448 1902 ἀγαθῶν,

175 1928 477 1999 ἐπιγνῶναι
505 1936 598 1988 τοῦ
629 1936 761 1991 Θεοῦ
794 1940 893 2009 τὴν
921 1940 1147 2009 δύναμιν
1177 1940 1449 2003 τοσούτοις
1474 1936 1861 2009 φαιδρύναντος
1894 1932 2115 1999 ἀγαθοῖς
2134 1933 2200 1985 τὰ
2229 1932 2489 2003 ὑμέτερα.

248 2025 402 2095 Στίχ.
436 2034 511 2092 ς’.
541 2059 605 2069 -
656 2033 732 2100 (p.
761 2032 888 2102 541)
923 2030 1055 2086 Εἶτα
1084 2034 1365 2087 ἐπιτείνων
1391 2033 1450 2086 τὸ
1476 2032 1725 2101 ἔγκλημα
1744 2068 1758 2091 9

1938 2025 2104 2082 Vsus.
2119 2026 2455 2080 6.—Deinde
2473 2023 2969 2093 expastulationem
2987 2019 3295 2081 intendens,
3319 2038 3338 2069 ι
3358 2015 3420 2071 Fi
3447 2053 3451 2057 -

182 2135 202 2168 ι
229 2117 365 2181 Υἱὸς
395 2120 607 2184 δοξάζει
651 2124 883 2197 πατέρα,
914 2129 1008 2180 καὶ
1038 2126 1221 2189 δοῦλος
1248 2127 1338 2179 τὸν
1382 2126 1569 2197 κύριον
1595 2125 1760 2178 αὑτοῦ

178 2208 554 2279 φοόηθήσεται
588 2228 602 2243 ·
635 2214 727 2265 καὶ
762 2217 810 2267 εί
861 2218 1043 2287 πατήρ
1094 2220 1209 2289 εἰμι
1246 2217 1356 2286 ἐγὼ
1379 2259 1393 2281 ,
1424 2218 1526 2271 ποῦ
1557 2219 1703 2270 ἐστιν
1728 2219 1761 2287 η

177 2299 311 2364 δόξα
345 2318 481 2369 μου;
514 2304 607 2355 καὶ
639 2306 688 2356 εἰ
718 2305 917 2375 Κύριός
948 2308 1061 2377 εἰμι
1090 2307 1221 2375 ἐγὼ,
1241 2307 1343 2360 ποῦ
1367 2311 1513 2361 ἐστιν
1539 2310 1568 2360 ὁ
1600 2307 1763 2374 φόϐος

182 2408 287 2458 μου
319 2408 333 2453 ;
368 2392 518 2459 λέγει
565 2394 769 2465 Κύριος
819 2400 1239 2470 παντοκράτωρ.
1295 2420 1313 2451 ι
1355 2399 1498 2451 Υἱῶν
1547 2400 1644 2467 μὲν
1671 2394 1765 2451 οὖν

181 2481 339 2545 ἴδιον,
368 2487 524 2552 φησι,
550 2487 773 2540 τοιαῦτα
821 2489 1284 2560 διαπράττεσθαι,
1319 2492 1412 2559 ἀφ’
1462 2484 1536 2544 ὧν
1564 2492 1765 2561 κόσμος

178 2589 264 2635 τις
303 2575 401 2626 καὶ
431 2577 750 2645 σεμνολογία
805 2580 1090 2650 περιέσται
1122 2584 1233 2644 τοῖς
1265 2584 1531 2651 πατράσι’
1564 2582 1766 2637 δούλων

178 2663 234 2714 δὲ
268 2663 334 2715 τὸ
363 2664 503 2733 μετὰ
536 2666 729 2719 πολλοῦ
770 2668 863 2721 τοῦ
913 2669 1067 2732 δέους
1112 2670 1501 2741 ὑπηρετεῖσθαι
1538 2674 1650 2734 τοῖς
1683 2672 1768 2723 δε-

183 2758 467 2819 σποτικοῖς
522 2758 885 2830 ἐπιτάγμασιν
926 2776 938 2789 ·
968 2760 1076 2828 ἐγὼ
1121 2763 1199 2824 δὲ,
1257 2765 1441 2831 φησὶν,
1496 2764 1611 2833 εἰμὶ
1671 2764 1767 2832 μὲν

184 2845 346 2915 ὑμῶν
376 2846 601 2917 Κύριος,
626 2849 719 2901 ἆτε
741 2853 808 2912 ἐκ
836 2850 931 2902 τοῦ
970 2851 1044 2922 μὴ
1092 2851 1241 2914 ὄντος
1277 2854 1419 2921 ὑμᾶς
1443 2855 1523 2915 εἰς
1550 2853 1609 2905 τὸ
1629 2849 1768 2906 εἶναι

184 2936 536 3006 παραγαγών
571 2955 583 2967 ·
609 2939 673 2991 δι’
699 2941 1146 3011 ὑπερϐάλλουσαν
1179 2943 1234 2994 δὲ
1264 2943 1682 3014 ,φιλανθρωπίαν
1710 2940 1777 3003 τε

182 3026 283 3079 κιύ⁵
302 3030 660 3101 χρηστότητα
690 3031 1056 3102 ᾠκειωσάμην
1104 3051 1162 3085 τε
1194 3034 1338 3103 ὑμᾶς
1383 3036 1477 3088 καὶ⁸
1506 3035 1771 3107 ἐδεξάμην

186 3119 343 3183 υἱοὺς
373 3121 541 3189 ἐμοὺς
564 3121 843 3175 καλεῖσθαι
874 3141 887 3153 ·
918 3124 1265 3193 μεταδέδωκά
1299 3142 1358 3177 τε
1402 3126 1529 3195 ὑμῖν
1560 3129 1773 3196 παρρη-

188 3210 317 3272 σίας
342 3208 438 3263 τοῦ
469 3211 680 3282 πατέρα
714 3212 868 3281 ὑμῶν
898 3213 1186 3283 ὀνομάζειν
1226 3213 1326 3283 ἐμέ
1350 3230 1364 3244 ·
1398 3212 1509 3285 ὁρῶ
1542 3212 1597 3264 δὲ
1639 3212 1773 3283 πρὸς

184 3304 477 3374 οὐδέτερον
529 3307 672 3375 ὑμᾶς
709 3307 1185 3376 εύγνωμονοῦντας
1209 3325 1223 3338 ·
1254 3306 1378 3360 οὔτε
1424 3307 1533 3377 γὰρ
1563 3307 1636 3371 ὡς
1674 3324 1774 3359 πα-

186 3396 330 3468 τέρα
344 3400 413 3467 τῇ
432 3397 802 3468 καλοκαγαθίᾳ
832 3398 938 3451 τῶν
962 3400 1406 3470 ἐπιτηδευμάτων
1434 3400 1541 3452 τῶν
1566 3401 1779 3452 οἰκείων

190 3486 486 3556 σεμνύνειν
512 3489 900 3553 ἐσπουδάκατε,
933 3489 1056 3543 οὗτε
1083 3490 1157 3553 ὡς
1186 3491 1461 3560 Δεσπότην
1488 3489 1781 3553 δεδοικότες

188 3579 306 3632 τῶν
364 3580 756 3650 ἐπιταγμάτων
806 3580 1119 3651 φροντίζετε
1168 3582 1278 3634 τῶν
1313 3581 1481 3652 ἐμῶν.
1519 3581 1674 3635 Οὖτω
1717 3582 1782 3653 δὴ

191 3670 379 3723 κοινὸν
409 3672 551 3725 κατὰ
580 3671 798 3725 πάντων
830 3673 922 3725 τὸν
952 3672 1172 3743 ἔλεγχον
1198 3672 1586 3743 ποιησάμενος,
1615 3671 1783 3742 διορί-

193 3760 281 3825 ζει
329 3763 429 3815 καὶ
456 3762 526 3816 τὰ
570 3763 839 3834 πρόσωπα
876 3766 967 3817 καὶ
996 3766 1063 3817 τὰ
1095 3766 1418 3835 πράγματα,
1458 3765 1551 3818 καὶ
1575 3763 1638 3835 δὴ
1667 3763 1785 3817 δια-

192 3854 499 3925 λεγόμενος
528 3856 662 3927 πρὸς
708 3857 835 3937 τοὺς
870 3856 1046 3927 ἱερέας
1091 3857 1231 3909 οὕτω
1274 3857 1467 3927 φησίν
1514 3876 1531 3908 ι
1577 3856 1784 3927 Ὑμεῖς,

189 3947 242 3998 οἱ
275 3949 474 4018 ἱερεῖς,
497 3949 547 3999 οἱ
582 3948 929 4016 φαυλίζοντες
958 3950 1017 4002 τὸ
1041 3950 1211 4019 ὄνομά
1250 3966 1373 4019 μου.
1395 3967 1412 3999 ι
1451 3948 1656 4018 Ὑμεῖς,
1682 3966 1787 4019 φη-

197 4041 310 4101 σὶν,
346 4042 399 4092 οἱ
440 4040 541 4111 τὴν
582 4040 923 4112 λειτουργίαν
970 4042 1468 4113 ἐμπεπιστευμένω
1495 4042 1593 4111 τὴν
1615 4039 1786 4101 θείαν,

194 4135 296 4187 καὶ
326 4133 521 4203 ὁδηγοὶ
562 4136 673 4196 τοῖς
710 4135 911 4198 λοισι-οῖς
945 4136 1248 4204 ὀφείλοντες
1300 4131 1440 4187 εἶναι
1472 4134 1580 4186 τῶν
1613 4150 1789 4203 κρειτο

194 4225 401 4288 τόνων,
434 4224 658 4277 τοιαῦτα
703 4225 1096 4297 διαπράττεσθε
1123 4227 1214 4293 ἀφ’
1258 4220 1332 4277 ὧν
1383 4223 1595 4286 οὐδενὸς
1641 4223 1791 4288 ἄξιον

192 4318 331 4371 ὅντα
372 4335 447 4387 με
476 4318 636 4386 λόγου
664 4319 907 4371 δείκνυτε
952 4322 1065 4381 τοῖς
1099 4317 1166 4371 τὰ
1200 4317 1332 4387 παρ’
1376 4316 1529 4386 ὑμῶν
1558 4315 1793 4386 πραττό-

198 4427 347 4479 μενα
377 4410 570 4480 ὁρῶσι.
605 4428 623 4459 ι
666 4412 773 4463 Καὶ
801 4410 1014 4471 εἴπατε,
1058 4412 1147 4463 Ἐν
1182 4409 1289 4462 τίνι
1333 4410 1701 4479 ἐφαυλίσαμεν
1733 4409 1795 4461 τὸ

192 4502 385 4571 ὄνομά
412 4517 506 4551 σου
536 4518 550 4564 ;
592 4520 611 4552 ι
661 4501 893 4570 Ὁμοίως
942 4499 1220 4555 κάνταῦθα
1268 4501 1441 4568 λέγων
1473 4500 1534 4553 τὸ
1565 4500 1792 4563 εἴπατε,

195 4594 291 4645 ἵνα
349 4593 488 4661 εἴπῃ
520 4592 621 4652 ὅτι,
660 4593 753 4644 Ἐκ
795 4594 994 4663 πολλῆς
1044 4594 1140 4663 τῆς
1176 4592 1508 4665 ἀπροσεξίας
1548 4593 1666 4645 οὐδὲ
1713 4592 1799 4645 αῖ-

1865 2118 1992 2180 lius,
2030 2118 2226 2188 inquit,
2276 2118 2508 2170 honorat
2547 2123 2777 2184 patrem,
2825 2122 2881 2168 et
2927 2128 3121 2168 servus
3163 2110 3449 2165 dominum

1863 2224 2025 2263 suum
2056 2209 2287 2263 timebit.
2330 2208 2483 2274 Quod
2520 2210 2565 2262 si
2592 2217 2743 2277 pater
2764 2220 2866 2275 ego
2888 2219 3033 2266 sum,
3057 2204 3146 2257 ubi
3164 2211 3247 2258 εει
3274 2202 3451 2255 honor

1864 2301 2055 2356 meus?
2079 2308 2134 2356 et
2164 2301 2211 2355 si
2238 2299 2502 2354 Dominus
2523 2314 2625 2370 ego
2651 2313 2797 2359 sum,
2825 2296 2917 2350 ubi
2946 2303 3032 2350 est
3056 2294 3227 2348 timor
3254 2291 3449 2347 meus?

1864 2396 1943 2446 ait
1980 2393 2243 2449 Dominus
2290 2395 2663 2463 omnipotens.
2707 2411 2725 2443 ›
2762 2390 3028 2445 Filiorum
3063 2387 3288 2458 quidem
3337 2383 3453 2439 alii-

1866 2487 2009 2539 cium
2036 2493 2142 2546 est.
2168 2486 2363 2555 inquit,
2395 2500 2457 2539 ea
2485 2499 2645 2554 agere
2679 2483 2825 2536 unde
2861 2490 3245 2535 ornamentum
3274 2476 3452 2547 quod-

1866 2574 1989 2628 dum
2021 2582 2076 2629 et
2103 2575 2273 2629 decus
2319 2574 2640 2644 parentibus
2684 2571 2953 2625 canlletur
2982 2587 2996 2623 :
3043 2582 3328 2623 servorum
3358 2580 3457 2619 au-

1866 2676 1974 2722 tem
2001 2668 2173 2720 multa
2204 2682 2327 2719 cum
2361 2675 2508 2719 metu
2539 2664 2806 2719 herilibus
2834 2661 3150 2717 subservire
3177 2657 3453 2728 jussibus.

1869 2758 1980 2828 Ego
2003 2774 2152 2823 vero,
2184 2758 2383 2827 inquit,
2412 2757 2678 2811 Dominus
2719 2763 2902 2810 vester
2943 2767 3091 2817 sum,
3124 2765 3224 2804 ceu
3264 2750 3359 2819 qui
3387 2764 3458 2803 ex

1869 2849 2044 2903 nihilo
2070 2863 2167 2902 vos
2196 2848 2263 2901 ad
2297 2846 2675 2902 exsistendum
2707 2844 2935 2914 produxi
2959 2861 2973 2906 ;
3002 2850 3060 2895 et
3081 2855 3299 2895 summa
3336 2853 3459 2892 mea

1868 2940 2202 3009 benignitate
2232 2954 2297 2992 ac
2326 2939 2570 2993 bonitate
2597 2939 2654 2992 in
2686 2951 2863 2990 meam
2896 2933 3331 2988 familiaritatem
3373 2944 3462 2985 re-

1872 3032 2012 3101 cepi,
2058 3038 2111 3084 et
2163 3045 2313 3085 meos
2358 3028 2502 3083 ﬁlias
2554 3027 2829 3097 appellare
2858 3040 2957 3080 vos
3007 3038 3129 3078 sum
3179 3020 3461 3091 dignatus,

1873 3124 2239 3192 ﬁduciamque
2271 3119 2430 3175 vobis
2454 3119 2661 3174 indulsi
2722 3125 2783 3171 ut
2827 3116 3046 3170 Patrem
3092 3128 3181 3168 me
3234 3124 3463 3167 vocare-

1873 3222 1966 3275 tis.
2008 3219 2277 3274 Caeterum
2311 3230 2409 3269 vos
2447 3214 2601 3269 nulla
2653 3212 2709 3265 in
2758 3228 2820 3266 re
2868 3216 3055 3279 gratos
3082 3206 3285 3261 video:
3334 3218 3463 3257 nam

1881 3327 2056 3381 neque
2084 3322 2142 3363 ut
2174 3318 2407 3380 patrem,
2444 3314 2755 3360 vestrarum
2789 3311 3012 3357 actuum
3044 3301 3333 3355 honestate
3374 3309 3469 3348 me

1882 3406 2153 3458 honorare
2190 3399 2478 3469 satagitis;
2513 3412 2693 3467 neque
2753 3405 2814 3450 ut
2848 3394 3137 3449 Dominum
3164 3396 3417 3446 verentes
3447 3425 3465 3451 ,

1884 3498 2136 3552 mandata
2168 3509 2286 3549 mea
2316 3493 2469 3562 pensi
2515 3491 2750 3545 habetis.
2792 3489 2887 3542 Sic
2929 3500 3064 3557 ergo
3100 3481 3473 3539 communiter

1884 3592 2102 3648 cunctis
2127 3589 2453 3659 objurgatis,
2480 3601 2606 3640 mox
2636 3598 2903 3655 personas
2925 3578 3248 3651 singillatim
3269 3574 3471 3631 distin-

1886 3683 2002 3752 guit
2027 3692 2081 3735 et
2105 3690 2298 3745 actus;
2342 3688 2398 3733 et
2432 3676 2749 3733 sacerdotes
2778 3674 2996 3743 quidem
3038 3671 3346 3738 alloquens.
3388 3664 3471 3720 sic

1888 3773 2000 3827 ait:
2045 3790 2063 3822 ι
2102 3768 2214 3824 Vos
2256 3764 2700 3833 sarerdotes,qui
2745 3761 3026 3832 despicitis
3065 3757 3227 3829 367
3270 3767 3472 3810 nomen

1888 3878 2093 3917 meum.
2139 3881 2157 3913 ι
2188 3859 2321 3925 Vos,
2366 3857 2568 3929 quibus
2610 3856 2855 3911 divinum
2907 3850 3276 3907 ministerium
3319 3861 3474 3902 com-

1889 3959 2117 4011 missum
2142 3960 2247 4015 est,
2290 3953 2495 4021 quique
2524 3950 2694 4005 duces
2719 3946 2933 4003 caneris
2969 3944 3036 3998 ad
3061 3943 3315 3997 virtutem
3349 3952 3478 3993 esse

1891 4046 2123 4103 debetis.
2174 4045 2249 4097 ita
2296 4043 2499 4106 vivitis,
2552 4050 2613 4094 ut
2660 4039 2809 4096 nulla
2850 4033 3189 4104 medignum
3220 4034 3478 4097 respectu

1891 4134 2198 4190 ostendatis
2245 4132 2334 4194 iis,
2365 4130 2457 4199 qui
2515 4143 2697 4182 mores
2725 4133 2938 4181 vestros
2982 4118 3299 4177 observant.
3352 4134 3371 4167 ι
3411 4114 3481 4170 Et

1893 4228 2152 4284 dixistis:
2186 4224 2245 4277 in
2274 4238 2383 4294 quo
2415 4221 2769 4290 despeximus
2805 4232 3003 4272 nomen
3034 4212 3222 4269 tuum?
3250 4231 3270 4263 ι
3310 4207 3481 4264 Simi-

1894 4322 2018 4375 liter
2052 4318 2157 4373 hoc
2189 4316 2353 4372 etiam
2405 4314 2527 4367 loco
2575 4314 2652 4367 ait
2686 4332 2704 4363 ι
2759 4309 3000 4371 dixistis,
3038 4327 3057 4359 ι
3102 4319 3221 4375 pro,
3245 4301 3329 4361 0b
3353 4314 3481 4372 gra-

1896 4426 2013 4464 vem
2054 4407 2359 4463 socordiam
2397 4414 2654 4467 vestram,
2701 4419 2771 4457 ne
2814 4414 3037 4456 sensum
3083 4396 3301 4468 quidem
3340 4391 3478 4446 tanti

1899 4501 2106 4574 peccati
2154 4499 2387 4561 habetis,
2425 4497 2520 4551 sed
2565 4498 2639 4549 ita
2673 4495 2857 4548 animo
2898 4491 3081 4547 aﬂ'ecti
3114 4488 3271 4552 estis,
3317 4484 3478 4556 quasi

1900 4596 2034 4651 nihil
2095 4595 2456 4661 incongruum
2528 4588 2837 4658 gesseritis,
2902 4596 3215 4656 quanquam
3276 4585 3481 4632 tantam

198 4686 414 4757 σθησιν
450 4684 600 4754 ἔχετε
629 4686 720 4739 ἐπὶ
775 4686 852 4754 τῷ
901 4687 1138 4757 τοσούτῳ
1167 4686 1616 4756 πλημμελήματι,
1665 4686 1778 4738 at):

1903 4688 2075 4756 culpa:
2100 4683 2295 4737 molem
2329 4681 2636 4736 sustinetis.

189 4777 483 4832 διέκεισθε
514 4778 587 4840 ὡς
611 4778 761 4830 οὐδὲν
791 4778 985 4831 ἄτοπον
1008 4779 1494 4849 διαπραττόμενοι,
1521 4780 1695 4831 καίτοι
1733 4795 1796 4847 γε

193 4870 477 4925 τοσοῦτον
500 4870 853 4939 ἐργαζόμενοι
885 4872 1072 4924 κακόν.

270 4964 446 5032 Στίχ.
482 4962 547 5026 ζ’.
582 4992 653 5001 -—
679 4960 811 5015 Εἶτα
835 4962 983 5031 λέγει
1014 4963 1107 5015 καὶ
1134 4962 1194 5014 τὸ
1220 4963 1500 5031 γινόμενον
1520 4977 1533 4989 ·
1568 4979 1587 5011 ι
1624 4961 1799 5029 Προσ-

195 5059 452 5125 άγαντες
508 5055 642 5125 πρὸς
711 5056 774 5108 τὸ
822 5054 1204 5124 θυσιαστήριον
1261 5055 1457 5124 ἄρτους
1505 5052 1797 5122 ὴλισιγημέ-

195 5165 362 5210 νους.
407 5164 430 5197 ι
465 5145 540 5198 Οὐ
564 5146 672 5216 γὰρ
696 5146 837 5198 κατὰ
857 5145 954 5215 τὴν
984 5144 1078 5197 τοῦ
1105 5146 1268 5213 νόμου
1295 5142 1662 5204 διδασκαλίαν,
1686 5141 1807 5193 οὐδὲ

198 5240 363 5295 κατὰ
401 5238 506 5302 τὰς
537 5238 839 5301 Μωσαῖκὰς
871 5238 1161 5304 διατάξεις,
1206 5240 1283 5306 (p.
1315 5236 1440 5304 542)
1490 5235 1586 5287 σὺν
1614 5236 1810 5303 ἐπιμε-

196 5333 338 5403 λείᾳ
384 5329 632 5383 ποιεῖσθε
660 5329 767 5383 τῶν
788 5329 969 5400 ἄρτων
992 5330 1091 5399 τὴν
1116 5327 1392 5399 πρόθεσιν,
1435 5324 1569 5378 ἀλλὰ
1601 5325 1810 5387 κοινοὺς

198 5424 309 5478 καὶ
335 5423 429 5485 ὡς
460 5421 650 5492 ἔτυχεν
686 5421 977 5490 γεγονότας
1004 5421 1156 5493 παρὰ
1176 5420 1235 5472 τὸ
1257 5417 1677 5487 διατεταγμένον
1712 5415 1809 5470 λαι-

198 5519 440 5581 ὄόντες,
468 5518 664 5580 αὐτοὺς
691 5516 961 5570 ἐπιτίθετε
988 5519 1051 5587 τῇ
1073 5514 1319 5585 τραπέζῃ
1342 5531 1356 5544 ’
1381 5512 1527 5579 λέγει
1548 5510 1605 5563 δέ
1643 5528 1661 5560 ι
1697 5508 1811 5577 ἡλι-

202 5608 544 5681 σγημένους
573 5628 593 5661 ι
619 5608 743 5673 τοὺς
771 5608 1073 5678 ζυμωτοὺς,
1111 5606 1139 5659 ὃ
1170 5604 1449 5676 προδήλως
1485 5602 1722 5655 ἐναντίον
1744 5594 1812 5670 ἦν

198 5702 291 5771 τῷ
339 5698 501 5768 νόμῳ
545 5696 787 5769 ἀζύμους
837 5699 928 5749 ἐπὶ
960 5697 1052 5750 τοῦ
1107 5694 1489 5765 θυσιαστηρίου
1541 5690 1813 5745 κελεύοντι

206 5791 613 5863 προσάγεσθαι
650 5793 774 5854 τοὺς
795 5790 1010 5859 ἄρτους,
1038 5788 1283 5857 ζυμωτὸν
1310 5786 1367 5841 δὲ
1398 5784 1658 5857 μηδόλως.
1698 5782 1809 5836 Πᾶς

1978 4960 2145 5014 Vsns.
2176 4960 2232 5011 7.
2265 4988 2336 4997 -—
2359 4955 2481 5009 Mox
2515 4963 2569 5009 et
2598 4968 2710 5009 rem
2742 4959 2945 5024 gestam
2976 4955 3195 5003 narrat:
3221 4962 3240 4996 ι
3274 4942 3488 4999 Obtuli-

1910 5054 2011 5107 stis
2045 5052 2205 5105 altari
2258 5065 2381 5103 meo
2412 5061 2582 5117 panes
2626 5045 2886 5116 pollutos.
2932 5059 2952 5092 ι
2989 5039 3145 5094 llaud
3170 5038 3323 5107 juxta
3353 5034 3490 5105 legis

1907 5143 2235 5203 doctrinam,
2259 5155 2438 5209 neque
2452 5139 2609 5208 juxta
2631 5136 2903 5191 Mosaicae
2927 5128 3375 5187 constitutiones,
3398 5136 3492 5178 ac-

1908 5243 2097 5290 curate
2113 5231 2323 5287 fecistis
2344 5245 2543 5298 panum
2574 5224 3029 5299 prepositionem,
3061 5219 3157 5276 sed
3174 5229 3495 5273 communes

1911 5331 1967 5378 et
2013 5328 2178 5391 prout
2224 5319 2381 5374 vobis
2416 5323 2780 5373 occurrerunt
2820 5321 3017 5385 praeter
3059 5310 3145 5367 fas
3188 5313 3491 5367 sumentes,

1912 5426 2116 5469 mensae
2145 5409 2510 5481 imposuistis.
2548 5405 2795 5461 Pollutos
2836 5412 3019 5459 autem
3062 5397 3300 5470 appellat
3323 5408 3499 5466 panes

1914 5506 2307 5570 fermentatus;
2341 5500 2631 5557 manifeste
2648 5499 2705 5555 id
2720 5498 2867 5554 enim
2889 5491 3228 5551 contrarium
3252 5490 3356 5560 legi
3376 5501 3499 5544 erat

1913 5611 2136 5669 azymos
2171 5594 2385 5665 jubenti
2431 5608 2603 5664 panes
2632 5591 2850 5654 oﬂ'crre,
2895 5588 3279 5643 fermentatum
3333 5578 3494 5637 nihil.

1915 5689 2142 5745 Omnem
2181 5687 2351 5751 enim,
2377 5685 2575 5755 inquit,
2606 5683 2937 5738 oblationem
2956 5693 3125 5751 quam
3156 5674 3276 5731 Deo
3304 5670 3498 5728 aﬂere-

1924 5780 2149 5839 tis,slne
2192 5794 2386 5852 azyma
2420 5776 2657 5834 facietis.
2709 5774 2865 5842 Quod
2900 5787 3024 5828 cum
3054 5778 3165 5826 tam
3210 5762 3499 5839 perspicue
