  <div class='ocr_page' id='page_1' title='image "/cluster/home/n/w/nwhite01/storage/ocr_20150623/66/hvd.32044020183315/307.png"; bbox 0 0 3904 6554; ppageno 0'>
   <div class='ocr_carea' id='block_1_1' title="bbox 478 374 2020 439">
    <p class='ocr_par' dir='ltr' id='par_1_1' title="bbox 478 374 2000 433">
     <span class='ocr_line' id='line_1_1' title="bbox 478 374 2000 433; baseline 0.007 -11"><span class='ocrx_word' id='word_1_1' title='bbox 478 374 582 433; x_wconf 71' lang='lat'><strong>603</strong></span> <span class='ocrx_word' id='word_1_2' title='bbox 1648 376 1740 431; x_wconf 76' lang='grc' dir='ltr'>ΤΗ</span> <span class='ocrx_word' id='word_1_3' title='bbox 1751 376 2000 433; x_wconf 75' lang='grc' dir='ltr'>Εῡυθιιι</span> 
     </span>
    </p>
   </div>
   <div class='ocr_carea' id='block_1_2' title="bbox 2154 374 3696 439">
    <p class='ocr_par' dir='ltr' id='par_1_2' title="bbox 2154 376 3696 439">
     <span class='ocr_line' id='line_1_2' title="bbox 2154 376 3696 439; baseline 0.003 -7"><span class='ocrx_word' id='word_1_4' title='bbox 2154 376 2511 435; x_wconf 72' lang='lat' dir='ltr'>’SUESTENI</span> <span class='ocrx_word' id='word_1_5' title='bbox 3614 378 3696 439; x_wconf 64' lang='lat'>605</span> 
     </span>
    </p>
   </div>
   <div class='ocr_carea' id='block_1_3' title="bbox 480 484 2022 562">
    <p class='ocr_par' dir='ltr' id='par_1_3' title="bbox 480 487 2022 560">
     <span class='ocr_line' id='line_1_3' title="bbox 480 487 2022 560; baseline 0.001 -14"><span class='ocrx_word' id='word_1_6' title='bbox 480 490 806 546; x_wconf 79' lang='lat' dir='ltr'><strong>mandatum</strong></span> <span class='ocrx_word' id='word_1_7' title='bbox 829 488 1043 551; x_wconf 75' lang='lat' dir='ltr'><strong>fuisset,</strong></span> <span class='ocrx_word' id='word_1_8' title='bbox 1075 487 1411 543; x_wconf 76' lang='lat' dir='ltr'><strong>contrarium</strong></span> <span class='ocrx_word' id='word_1_9' title='bbox 1440 498 1559 543; x_wconf 90' lang='lat' dir='ltr'><strong>erat</strong></span> <span class='ocrx_word' id='word_1_10' title='bbox 1596 506 1795 560; x_wconf 87' lang='lat' dir='ltr'><strong>panum</strong></span> <span class='ocrx_word' id='word_1_11' title='bbox 1826 492 2022 548; x_wconf 82' lang='lat' dir='ltr'><strong>fermen</strong></span> 
     </span>
    </p>
   </div>
   <div class='ocr_carea' id='block_1_4' title="bbox 2153 484 3695 562">
    <p class='ocr_par' dir='ltr' id='par_1_4' title="bbox 2164 484 3695 562">
     <span class='ocr_line' id='line_1_4' title="bbox 2164 484 3695 562; baseline -0.003 -16"><span class='ocrx_word' id='word_1_12' title='bbox 2164 510 2262 546; x_wconf 90' lang='grc' dir='ltr'>σαν</span> <span class='ocrx_word' id='word_1_13' title='bbox 2294 493 2401 562; x_wconf 79' lang='grc' dir='ltr'>γὰρ</span> <span class='ocrx_word' id='word_1_14' title='bbox 2437 491 2646 553; x_wconf 86' lang='grc' dir='ltr'>θυσίαν,</span> <span class='ocrx_word' id='word_1_15' title='bbox 2681 489 2865 560; x_wconf 75' lang='grc' dir='ltr'>φησὶν,</span> <span class='ocrx_word' id='word_1_16' title='bbox 2897 488 2964 559; x_wconf 81' lang='grc' dir='ltr'>ῆν</span> <span class='ocrx_word' id='word_1_17' title='bbox 2990 488 3058 543; x_wconf 83' lang='grc' dir='ltr'>ἂν</span> <span class='ocrx_word' id='word_1_18' title='bbox 3088 488 3428 560; x_wconf 75' lang='grc' dir='ltr'>προσφέρητε</span> <span class='ocrx_word' id='word_1_19' title='bbox 3458 484 3629 558; x_wconf 77' lang='grc' dir='ltr'>Κυρίῳ</span> <span class='ocrx_word' id='word_1_20' title='bbox 3650 494 3695 541; x_wconf 71' lang='grc' dir='ltr'>εὖ</span> 
     </span>
    </p>
   </div>
   <div class='ocr_carea' id='block_1_5' title="bbox 485 574 2027 656">
    <p class='ocr_par' dir='ltr' id='par_1_5' title="bbox 485 580 2027 656">
     <span class='ocr_line' id='line_1_5' title="bbox 485 580 2027 656; baseline 0.003 -22"><span class='ocrx_word' id='word_1_21' title='bbox 485 591 726 636; x_wconf 88' lang='lat' dir='ltr'><strong>tatorum</strong></span> <span class='ocrx_word' id='word_1_22' title='bbox 757 580 1043 644; x_wconf 73' lang='lat' dir='ltr'>oblationi,</span> <span class='ocrx_word' id='word_1_23' title='bbox 1071 580 1232 648; x_wconf 85' lang='lat' dir='ltr'>cujus</span> <span class='ocrx_word' id='word_1_24' title='bbox 1257 594 1424 634; x_wconf 89' lang='lat' dir='ltr'><strong>causa</strong></span> <span class='ocrx_word' id='word_1_25' title='bbox 1457 581 1607 649; x_wconf 87' lang='lat' dir='ltr'><strong>juste</strong></span> <span class='ocrx_word' id='word_1_26' title='bbox 1644 597 1769 637; x_wconf 90' lang='lat' dir='ltr'>cum</span> <span class='ocrx_word' id='word_1_27' title='bbox 1802 585 1869 638; x_wconf 83' lang='lat' dir='ltr'>iis</span> <span class='ocrx_word' id='word_1_28' title='bbox 1896 600 2027 656; x_wconf 80' lang='lat' dir='ltr'><strong>expc</strong></span> 
     </span>
    </p>
   </div>
   <div class='ocr_carea' id='block_1_6' title="bbox 2153 574 3695 656">
    <p class='ocr_par' dir='ltr' id='par_1_6' title="bbox 2164 574 3695 654">
     <span class='ocr_line' id='line_1_6' title="bbox 2164 574 3695 654; baseline -0.001 -17"><span class='ocrx_word' id='word_1_29' title='bbox 2164 586 2415 654; x_wconf 80' lang='grc' dir='ltr'>ποιήσετε</span> <span class='ocrx_word' id='word_1_30' title='bbox 2454 582 2733 653; x_wconf 71' lang='grc' dir='ltr'>ζυμωτόνθ</span> <span class='ocrx_word' id='word_1_31' title='bbox 2768 574 2941 652; x_wconf 75' lang='grc' dir='ltr'>οὗπερ</span> <span class='ocrx_word' id='word_1_32' title='bbox 2971 580 3114 633; x_wconf 74' lang='grc' dir='ltr'>οὕτω</span> <span class='ocrx_word' id='word_1_33' title='bbox 3160 579 3346 649; x_wconf 81' lang='grc' dir='ltr'>σαφῶς</span> <span class='ocrx_word' id='word_1_34' title='bbox 3380 580 3695 651; x_wconf 76' lang='grc' dir='ltr'>διατεταγμέ·</span> 
     </span>
    </p>
   </div>
   <div class='ocr_carea' id='block_1_7' title="bbox 484 668 2026 744">
    <p class='ocr_par' dir='ltr' id='par_1_7' title="bbox 484 672 2026 744">
     <span class='ocr_line' id='line_1_7' title="bbox 484 672 2026 744; baseline 0.003 -16"><span class='ocrx_word' id='word_1_35' title='bbox 484 675 674 733; x_wconf 86' lang='lat' dir='ltr'><strong>stulat.</strong></span> <span class='ocrx_word' id='word_1_36' title='bbox 710 681 769 726; x_wconf 93' lang='lat' dir='ltr'>ut</span> <span class='ocrx_word' id='word_1_37' title='bbox 800 672 903 744; x_wconf 74' lang='lat' dir='ltr'><strong>legi</strong></span> <span class='ocrx_word' id='word_1_38' title='bbox 932 688 1156 742; x_wconf 84' lang='lat' dir='ltr'><strong>prorsus</strong></span> <span class='ocrx_word' id='word_1_39' title='bbox 1197 674 1725 731; x_wconf 73' lang='lat' dir='ltr'>contradicentibus.</span> <span class='ocrx_word' id='word_1_40' title='bbox 1776 696 1794 728; x_wconf 73' lang='grc' dir='ltr'>ι</span> <span class='ocrx_word' id='word_1_41' title='bbox 1833 676 1896 731; x_wconf 86' lang='grc' dir='ltr'>Ει</span> <span class='ocrx_word' id='word_1_42' title='bbox 1923 677 2026 732; x_wconf 82' lang='lat' dir='ltr'><strong>dixi</strong></span> 
     </span>
    </p>
   </div>
   <div class='ocr_carea' id='block_1_8' title="bbox 2154 668 3696 744">
    <p class='ocr_par' dir='ltr' id='par_1_8' title="bbox 2163 668 3696 742">
     <span class='ocr_line' id='line_1_8' title="bbox 2163 668 3696 742; baseline -0.003 -15"><span class='ocrx_word' id='word_1_43' title='bbox 2163 691 2253 727; x_wconf 92' lang='grc' dir='ltr'>νου</span> <span class='ocrx_word' id='word_1_44' title='bbox 2280 673 2515 726; x_wconf 80' lang='grc' dir='ltr'>ἐναντίον</span> <span class='ocrx_word' id='word_1_45' title='bbox 2532 668 2600 741; x_wconf 78' lang='grc' dir='ltr'>ἦν</span> <span class='ocrx_word' id='word_1_46' title='bbox 2621 671 2698 741; x_wconf 79' lang='grc' dir='ltr'>τῷ</span> <span class='ocrx_word' id='word_1_47' title='bbox 2719 671 3003 741; x_wconf 74' lang='grc' dir='ltr'>ζυμωτοὺς</span> <span class='ocrx_word' id='word_1_48' title='bbox 3024 671 3353 742; x_wconf 82' lang='grc' dir='ltr'>προσφέρειν</span> <span class='ocrx_word' id='word_1_49' title='bbox 3372 670 3493 733; x_wconf 79' lang='grc' dir='ltr'>τοὺς</span> <span class='ocrx_word' id='word_1_50' title='bbox 3516 670 3696 740; x_wconf 73' lang='grc' dir='ltr'>ἄρτους,</span> 
     </span>
    </p>
   </div>
   <div class='ocr_carea' id='block_1_9' title="bbox 482 759 2024 839">
    <p class='ocr_par' dir='ltr' id='par_1_9' title="bbox 482 764 2024 839">
     <span class='ocr_line' id='line_1_9' title="bbox 482 764 2024 839; baseline 0.001 -19"><span class='ocrx_word' id='word_1_51' title='bbox 482 768 629 820; x_wconf 87' lang='lat' dir='ltr'><strong>stis:</strong></span> <span class='ocrx_word' id='word_1_52' title='bbox 665 764 721 818; x_wconf 93' lang='lat' dir='ltr'><strong>In</strong></span> <span class='ocrx_word' id='word_1_53' title='bbox 755 780 866 834; x_wconf 91' lang='lat' dir='ltr'>quo</span> <span class='ocrx_word' id='word_1_54' title='bbox 899 764 1199 833; x_wconf 85' lang='lat' dir='ltr'>polluimus</span> <span class='ocrx_word' id='word_1_55' title='bbox 1232 766 1419 836; x_wconf 86' lang='lat' dir='ltr'><strong>ipsos?</strong></span> <span class='ocrx_word' id='word_1_56' title='bbox 1451 786 1469 818; x_wconf 72' lang='grc' dir='ltr'>ι</span> <span class='ocrx_word' id='word_1_57' title='bbox 1504 769 1683 837; x_wconf 83' lang='lat' dir='ltr'><strong>Atque</strong></span> <span class='ocrx_word' id='word_1_58' title='bbox 1721 770 1815 832; x_wconf 89' lang='lat' dir='ltr'><strong>ita,</strong></span> <span class='ocrx_word' id='word_1_59' title='bbox 1864 770 2024 839; x_wconf 68' lang='lat' dir='ltr'><strong>inquit</strong></span> 
     </span>
    </p>
   </div>
   <div class='ocr_carea' id='block_1_10' title="bbox 2157 759 3699 839">
    <p class='ocr_par' dir='ltr' id='par_1_10' title="bbox 2163 759 3699 837">
     <span class='ocr_line' id='line_1_10' title="bbox 2163 759 3699 837; baseline -0.003 -20"><span class='ocrx_word' id='word_1_60' title='bbox 2163 764 2303 837; x_wconf 81' lang='grc' dir='ltr'>ὑπὲρ</span> <span class='ocrx_word' id='word_1_61' title='bbox 2328 759 2389 818; x_wconf 75' lang='grc' dir='ltr'>οῦ</span> <span class='ocrx_word' id='word_1_62' title='bbox 2422 763 2485 835; x_wconf 83' lang='grc' dir='ltr'>δὴ</span> <span class='ocrx_word' id='word_1_63' title='bbox 2518 764 2756 815; x_wconf 80' lang='grc' dir='ltr'>αἰτιᾶται</span> <span class='ocrx_word' id='word_1_64' title='bbox 2783 763 3006 825; x_wconf 80' lang='grc' dir='ltr'>δικαίως</span> <span class='ocrx_word' id='word_1_65' title='bbox 3043 762 3239 824; x_wconf 77' lang='grc' dir='ltr'>αὐτοὺς</span> <span class='ocrx_word' id='word_1_66' title='bbox 3266 760 3341 823; x_wconf 83' lang='grc' dir='ltr'>ὡς</span> <span class='ocrx_word' id='word_1_67' title='bbox 3378 761 3617 813; x_wconf 76' lang='grc' dir='ltr'>τάναντία</span> <span class='ocrx_word' id='word_1_68' title='bbox 3639 765 3699 831; x_wconf 83' lang='grc' dir='ltr'>τῷ</span> 
     </span>
    </p>
   </div>
   <div class='ocr_carea' id='block_1_11' title="bbox 485 852 2027 930">
    <p class='ocr_par' dir='ltr' id='par_1_11' title="bbox 485 859 2027 930">
     <span class='ocr_line' id='line_1_11' title="bbox 485 859 2027 930; baseline 0.001 -17"><span class='ocrx_word' id='word_1_69' title='bbox 485 870 712 929; x_wconf 74' lang='lat' dir='ltr'><strong>agentes</strong></span> <span class='ocrx_word' id='word_1_70' title='bbox 759 876 829 914; x_wconf 90' lang='lat' dir='ltr'>ne</span> <span class='ocrx_word' id='word_1_71' title='bbox 855 859 1209 914; x_wconf 89' lang='lat' dir='ltr'><strong>considerare</strong></span> <span class='ocrx_word' id='word_1_72' title='bbox 1252 860 1471 930; x_wconf 86' lang='lat' dir='ltr'><strong>quidem</strong></span> <span class='ocrx_word' id='word_1_73' title='bbox 1519 862 1771 917; x_wconf 76' lang='lat' dir='ltr'><strong>voluistis</strong></span> <span class='ocrx_word' id='word_1_74' title='bbox 1805 864 1882 917; x_wconf 89' lang='lat' dir='ltr'>rei</span> <span class='ocrx_word' id='word_1_75' title='bbox 1931 870 2027 916; x_wconf 90' lang='lat' dir='ltr'><strong>aet:</strong></span> 
     </span>
    </p>
   </div>
   <div class='ocr_carea' id='block_1_12' title="bbox 2158 852 3700 930">
    <p class='ocr_par' dir='ltr' id='par_1_12' title="bbox 2163 852 3700 926">
     <span class='ocr_line' id='line_1_12' title="bbox 2163 852 3700 926; baseline -0.001 -18"><span class='ocrx_word' id='word_1_76' title='bbox 2163 855 2312 926; x_wconf 86' lang='grc' dir='ltr'>νόμῳ</span> <span class='ocrx_word' id='word_1_77' title='bbox 2343 855 2839 925; x_wconf 79' lang='grc' dir='ltr'>διαπραττομένους</span> <span class='ocrx_word' id='word_1_78' title='bbox 2873 854 3175 926; x_wconf 78' lang='grc' dir='ltr'>προδήλως.</span> <span class='ocrx_word' id='word_1_79' title='bbox 3211 871 3228 902; x_wconf 80' lang='grc' dir='ltr'>ι</span> <span class='ocrx_word' id='word_1_80' title='bbox 3265 852 3370 905; x_wconf 86' lang='lat' dir='ltr'>Kal</span> <span class='ocrx_word' id='word_1_81' title='bbox 3398 852 3596 916; x_wconf 78' lang='grc' dir='ltr'>εἴπατε,</span> <span class='ocrx_word' id='word_1_82' title='bbox 3630 854 3700 906; x_wconf 81' lang='grc' dir='ltr'>Ἐν</span> 
     </span>
    </p>
   </div>
   <div class='ocr_carea' id='block_1_13' title="bbox 486 943 2028 1019">
    <p class='ocr_par' dir='ltr' id='par_1_13' title="bbox 486 949 2028 1019">
     <span class='ocr_line' id='line_1_13' title="bbox 486 949 2028 1019; baseline 0.003 -16"><span class='ocrx_word' id='word_1_83' title='bbox 486 949 911 1003; x_wconf 86' lang='lat' dir='ltr'><strong>absurditatem.</strong></span> <span class='ocrx_word' id='word_1_84' title='bbox 983 949 1119 1003; x_wconf 83' lang='lat' dir='ltr'><strong>Nam</strong></span> <span class='ocrx_word' id='word_1_85' title='bbox 1190 951 1518 1005; x_wconf 83' lang='lat' dir='ltr'><strong>vocabulum</strong></span> <span class='ocrx_word' id='word_1_86' title='bbox 1565 972 1582 1002; x_wconf 75' lang='grc' dir='ltr'>ι</span> <span class='ocrx_word' id='word_1_87' title='bbox 1618 952 1857 1019; x_wconf 80' lang='lat' dir='ltr'><strong>dixistis,</strong></span> <span class='ocrx_word' id='word_1_88' title='bbox 1896 973 1913 1005; x_wconf 71' lang='grc' dir='ltr'>ι</span> <span class='ocrx_word' id='word_1_89' title='bbox 1980 955 2028 1007; x_wconf 92' lang='lat' dir='ltr'>hi</span> 
     </span>
    </p>
   </div>
   <div class='ocr_carea' id='block_1_14' title="bbox 2156 943 3698 1019">
    <p class='ocr_par' dir='ltr' id='par_1_14' title="bbox 2163 943 3698 1017">
     <span class='ocr_line' id='line_1_14' title="bbox 2163 943 3698 1017; baseline -0.002 -19"><span class='ocrx_word' id='word_1_90' title='bbox 2163 947 2270 1001; x_wconf 88' lang='grc' dir='ltr'>τίνι</span> <span class='ocrx_word' id='word_1_91' title='bbox 2334 946 2711 1017; x_wconf 82' lang='grc' dir='ltr'>ῆλισγὴσαμεν</span> <span class='ocrx_word' id='word_1_92' title='bbox 2780 945 3013 1009; x_wconf 81' lang='grc' dir='ltr'>αὐτούς;</span> <span class='ocrx_word' id='word_1_93' title='bbox 3058 964 3076 995; x_wconf 71' lang='grc' dir='ltr'>ι</span> <span class='ocrx_word' id='word_1_94' title='bbox 3135 946 3243 998; x_wconf 88' lang='lat' dir='ltr'>Kal</span> <span class='ocrx_word' id='word_1_95' title='bbox 3294 943 3481 1007; x_wconf 84' lang='grc' dir='ltr'>τοῦτο,</span> <span class='ocrx_word' id='word_1_96' title='bbox 3538 945 3698 1013; x_wconf 71' lang='grc' dir='ltr'>φησὶν,</span> 
     </span>
    </p>
   </div>
   <div class='ocr_carea' id='block_1_15' title="bbox 485 1036 2027 1112">
    <p class='ocr_par' dir='ltr' id='par_1_15' title="bbox 485 1040 2027 1112">
     <span class='ocr_line' id='line_1_15' title="bbox 485 1040 2027 1112; baseline 0.001 -17"><span class='ocrx_word' id='word_1_97' title='bbox 485 1041 650 1095; x_wconf 84' lang='lat' dir='ltr'><strong>etiam</strong></span> <span class='ocrx_word' id='word_1_98' title='bbox 693 1055 791 1109; x_wconf 88' lang='lat' dir='ltr'>pro</span> <span class='ocrx_word' id='word_1_99' title='bbox 824 1041 994 1093; x_wconf 88' lang='lat' dir='ltr'><strong>animi</strong></span> <span class='ocrx_word' id='word_1_100' title='bbox 1025 1040 1315 1095; x_wconf 83' lang='lat' dir='ltr'><strong>all‘ectione</strong></span> <span class='ocrx_word' id='word_1_101' title='bbox 1365 1042 1557 1111; x_wconf 87' lang='lat' dir='ltr'><strong>ponit:</strong></span> <span class='ocrx_word' id='word_1_102' title='bbox 1596 1042 1649 1096; x_wconf 88' lang='lat' dir='ltr'>id</span> <span class='ocrx_word' id='word_1_103' title='bbox 1682 1045 1950 1112; x_wconf 81' lang='lat' dir='ltr'><strong>est,quasi</strong></span> <span class='ocrx_word' id='word_1_104' title='bbox 1982 1046 2027 1099; x_wconf 81' lang='lat' dir='ltr'>ni</span> 
     </span>
    </p>
   </div>
   <div class='ocr_carea' id='block_1_16' title="bbox 2158 1036 3700 1112">
    <p class='ocr_par' dir='ltr' id='par_1_16' title="bbox 2166 1036 3700 1107">
     <span class='ocr_line' id='line_1_16' title="bbox 2166 1036 3700 1107; baseline -0.001 -16"><span class='ocrx_word' id='word_1_105' title='bbox 2166 1040 2464 1106; x_wconf 81' lang='grc' dir='ltr'>ποιοῦντες,</span> <span class='ocrx_word' id='word_1_106' title='bbox 2488 1039 2605 1094; x_wconf 82' lang='grc' dir='ltr'>οὐδὲ</span> <span class='ocrx_word' id='word_1_107' title='bbox 2638 1037 3044 1106; x_wconf 79' lang='grc' dir='ltr'>συλλογίζεσθαι</span> <span class='ocrx_word' id='word_1_108' title='bbox 3072 1036 3325 1107; x_wconf 81' lang='grc' dir='ltr'>βούλεσθε</span> <span class='ocrx_word' id='word_1_109' title='bbox 3350 1036 3441 1089; x_wconf 82' lang='grc' dir='ltr'>τοῦ</span> <span class='ocrx_word' id='word_1_110' title='bbox 3460 1037 3700 1107; x_wconf 77' lang='grc' dir='ltr'>γινομένου</span> 
     </span>
    </p>
   </div>
   <div class='ocr_carea' id='block_1_17' title="bbox 489 1125 2031 1202">
    <p class='ocr_par' dir='ltr' id='par_1_17' title="bbox 489 1128 2031 1196">
     <span class='ocr_line' id='line_1_17' title="bbox 489 1128 2031 1196; baseline 0.005 -14"><span class='ocrx_word' id='word_1_111' title='bbox 489 1128 564 1182; x_wconf 86' lang='lat' dir='ltr'>hil</span> <span class='ocrx_word' id='word_1_112' title='bbox 602 1128 864 1191; x_wconf 78' lang='lat' dir='ltr'><strong>feceritis,</strong></span> <span class='ocrx_word' id='word_1_113' title='bbox 915 1130 989 1184; x_wconf 90' lang='lat' dir='ltr'>ita</span> <span class='ocrx_word' id='word_1_114' title='bbox 1038 1130 1224 1184; x_wconf 90' lang='lat' dir='ltr'><strong>animo</strong></span> <span class='ocrx_word' id='word_1_115' title='bbox 1258 1131 1436 1185; x_wconf 75' lang='lat' dir='ltr'><strong>allecti</strong></span> <span class='ocrx_word' id='word_1_116' title='bbox 1483 1133 1640 1196; x_wconf 80' lang='lat' dir='ltr'><strong>estis,</strong></span> <span class='ocrx_word' id='word_1_117' title='bbox 1678 1135 1978 1189; x_wconf 80' lang='lat' dir='ltr'><strong>socorditcr</strong></span> <span class='ocrx_word' id='word_1_118' title='bbox 2012 1154 2031 1189; x_wconf 74' lang='grc' dir='ltr'>ε</span> 
     </span>
    </p>
   </div>
   <div class='ocr_carea' id='block_1_18' title="bbox 2162 1125 3704 1202">
    <p class='ocr_par' dir='ltr' id='par_1_18' title="bbox 2166 1125 3704 1202">
     <span class='ocr_line' id='line_1_18' title="bbox 2166 1125 3704 1202; baseline -0.003 -18"><span class='ocrx_word' id='word_1_119' title='bbox 2166 1130 2266 1202; x_wconf 81' lang='grc' dir='ltr'>τὴν</span> <span class='ocrx_word' id='word_1_120' title='bbox 2301 1131 2560 1184; x_wconf 57' lang='grc' dir='ltr'>ἀτοπίαν</span> <span class='ocrx_word' id='word_1_121' title='bbox 2589 1130 2650 1183; x_wconf 79' lang='grc' dir='ltr'>τὸ</span> <span class='ocrx_word' id='word_1_122' title='bbox 2678 1129 2806 1199; x_wconf 81' lang='grc' dir='ltr'>γὰρ,</span> <span class='ocrx_word' id='word_1_123' title='bbox 2841 1150 2856 1179; x_wconf 81' lang='grc' dir='ltr'>ι</span> <span class='ocrx_word' id='word_1_124' title='bbox 2898 1130 3008 1181; x_wconf 89' lang='lat' dir='ltr'>Kal</span> <span class='ocrx_word' id='word_1_125' title='bbox 3035 1129 3246 1191; x_wconf 77' lang='grc' dir='ltr'>εἴπατε,</span> <span class='ocrx_word' id='word_1_126' title='bbox 3284 1147 3301 1179; x_wconf 76' lang='grc' dir='ltr'>ι</span> <span class='ocrx_word' id='word_1_127' title='bbox 3344 1125 3604 1179; x_wconf 83' lang='grc' dir='ltr'>κάνταῦθα</span> <span class='ocrx_word' id='word_1_128' title='bbox 3626 1130 3704 1180; x_wconf 69' lang='grc' dir='ltr'>πάι</span> 
     </span>
    </p>
   </div>
   <div class='ocr_carea' id='block_1_19' title="bbox 489 1217 2031 1293">
    <p class='ocr_par' dir='ltr' id='par_1_19' title="bbox 489 1218 2029 1292">
     <span class='ocr_line' id='line_1_19' title="bbox 489 1218 2029 1292; baseline 0.004 -21"><span class='ocrx_word' id='word_1_129' title='bbox 489 1218 698 1288; x_wconf 88' lang='lat' dir='ltr'><strong>absque</strong></span> <span class='ocrx_word' id='word_1_130' title='bbox 724 1235 893 1275; x_wconf 90' lang='lat' dir='ltr'><strong>sensu</strong></span> <span class='ocrx_word' id='word_1_131' title='bbox 922 1228 1129 1274; x_wconf 87' lang='lat' dir='ltr'><strong>tantam</strong></span> <span class='ocrx_word' id='word_1_132' title='bbox 1158 1229 1437 1289; x_wconf 86' lang='lat' dir='ltr'><strong>patrantes</strong></span> <span class='ocrx_word' id='word_1_133' title='bbox 1461 1222 1823 1292; x_wconf 84' lang='lat' dir='ltr'><strong>iniquitatem.</strong></span> <span class='ocrx_word' id='word_1_134' title='bbox 1871 1242 1889 1274; x_wconf 82' lang='grc' dir='ltr'>ι</span> <span class='ocrx_word' id='word_1_135' title='bbox 1924 1227 1977 1277; x_wconf 90' lang='lat' dir='ltr'><strong>In</strong></span> <span class='ocrx_word' id='word_1_136' title='bbox 2002 1242 2029 1277; x_wconf 72' lang='grc' dir='ltr'>ρ</span> 
     </span>
    </p>
   </div>
   <div class='ocr_carea' id='block_1_20' title="bbox 2161 1217 3703 1293">
    <p class='ocr_par' dir='ltr' id='par_1_20' title="bbox 2167 1217 3703 1293">
     <span class='ocr_line' id='line_1_20' title="bbox 2167 1217 3703 1293; baseline -0.004 -18"><span class='ocrx_word' id='word_1_137' title='bbox 2167 1223 2249 1275; x_wconf 86' lang='grc' dir='ltr'>λιν</span> <span class='ocrx_word' id='word_1_138' title='bbox 2277 1223 2375 1293; x_wconf 83' lang='grc' dir='ltr'>τὴν</span> <span class='ocrx_word' id='word_1_139' title='bbox 2398 1223 2634 1276; x_wconf 84' lang='grc' dir='ltr'>διάθεσιν</span> <span class='ocrx_word' id='word_1_140' title='bbox 2672 1222 2855 1288; x_wconf 81' lang='grc' dir='ltr'>λέγει’</span> <span class='ocrx_word' id='word_1_141' title='bbox 2887 1221 2972 1273; x_wconf 83' lang='grc' dir='ltr'>ἵνα</span> <span class='ocrx_word' id='word_1_142' title='bbox 3016 1222 3176 1292; x_wconf 76' lang='grc' dir='ltr'>εἴπῃ,</span> <span class='ocrx_word' id='word_1_143' title='bbox 3198 1220 3282 1272; x_wconf 80' lang='grc' dir='ltr'>ὅτι</span> <span class='ocrx_word' id='word_1_144' title='bbox 3320 1218 3407 1279; x_wconf 83' lang='grc' dir='ltr'>Ὡς</span> <span class='ocrx_word' id='word_1_145' title='bbox 3448 1217 3591 1270; x_wconf 82' lang='grc' dir='ltr'>οὐθὲν</span> <span class='ocrx_word' id='word_1_146' title='bbox 3614 1218 3703 1270; x_wconf 85' lang='grc' dir='ltr'>δια-</span> 
     </span>
    </p>
   </div>
   <div class='ocr_carea' id='block_1_21' title="bbox 489 1308 2031 1385">
    <p class='ocr_par' dir='ltr' id='par_1_21' title="bbox 489 1309 2031 1384">
     <span class='ocr_line' id='line_1_21' title="bbox 489 1309 2031 1384; baseline 0.003 -22"><span class='ocrx_word' id='word_1_147' title='bbox 489 1309 635 1379; x_wconf 86' lang='lat' dir='ltr'><strong>quod</strong></span> <span class='ocrx_word' id='word_1_148' title='bbox 662 1311 843 1364; x_wconf 86' lang='lat' dir='ltr'><strong>dicitis</strong></span> <span class='ocrx_word' id='word_1_149' title='bbox 869 1331 880 1365; x_wconf 89' lang='lat'><strong>:</strong></span> <span class='ocrx_word' id='word_1_150' title='bbox 914 1310 1100 1366; x_wconf 86' lang='lat' dir='ltr'><strong>Mensa</strong></span> <span class='ocrx_word' id='word_1_151' title='bbox 1128 1311 1345 1367; x_wconf 83' lang='lat' dir='ltr'><strong>Domini</strong></span> <span class='ocrx_word' id='word_1_152' title='bbox 1376 1313 1630 1384; x_wconf 85' lang='lat' dir='ltr'><strong>despecta</strong></span> <span class='ocrx_word' id='word_1_153' title='bbox 1662 1323 1766 1377; x_wconf 83' lang='lat' dir='ltr'><strong>est,</strong></span> <span class='ocrx_word' id='word_1_154' title='bbox 1812 1323 1865 1369; x_wconf 92' lang='lat' dir='ltr'>et</span> <span class='ocrx_word' id='word_1_155' title='bbox 1901 1330 1987 1369; x_wconf 86' lang='lat' dir='ltr'>res</span> <span class='ocrx_word' id='word_1_156' title='bbox 2018 1335 2031 1367; x_wconf 78' lang='grc' dir='ltr'>ι</span> 
     </span>
    </p>
   </div>
   <div class='ocr_carea' id='block_1_22' title="bbox 2162 1308 3704 1385">
    <p class='ocr_par' dir='ltr' id='par_1_22' title="bbox 2170 1308 3704 1385">
     <span class='ocr_line' id='line_1_22' title="bbox 2170 1308 3704 1385; baseline -0.005 -18"><span class='ocrx_word' id='word_1_157' title='bbox 2170 1315 2532 1385; x_wconf 85' lang='grc' dir='ltr'>πραττόμενοι</span> <span class='ocrx_word' id='word_1_158' title='bbox 2582 1312 2875 1373; x_wconf 85' lang='grc' dir='ltr'>διάκεισθε,</span> <span class='ocrx_word' id='word_1_159' title='bbox 2931 1309 3259 1380; x_wconf 76' lang='grc' dir='ltr'>ἀναισθησίᾳ</span> <span class='ocrx_word' id='word_1_160' title='bbox 3305 1309 3402 1361; x_wconf 74' lang='grc' dir='ltr'>καὶ</span> <span class='ocrx_word' id='word_1_161' title='bbox 3448 1308 3704 1379; x_wconf 63' lang='grc' dir='ltr'>ἀπροσεξίᾳ</span> 
     </span>
    </p>
   </div>
   <div class='ocr_carea' id='block_1_23' title="bbox 490 1399 2032 1475">
    <p class='ocr_par' dir='ltr' id='par_1_23' title="bbox 490 1401 2029 1475">
     <span class='ocr_line' id='line_1_23' title="bbox 490 1401 2029 1475; baseline 0.004 -22"><span class='ocrx_word' id='word_1_162' title='bbox 490 1401 778 1470; x_wconf 88' lang='lat' dir='ltr'><strong>impositas</strong></span> <span class='ocrx_word' id='word_1_163' title='bbox 817 1401 1168 1471; x_wconf 80' lang='lat' dir='ltr'><strong>despexistis.</strong></span> <span class='ocrx_word' id='word_1_164' title='bbox 1208 1422 1227 1455; x_wconf 76' lang='grc' dir='ltr'>ι</span> <span class='ocrx_word' id='word_1_165' title='bbox 1281 1403 1497 1459; x_wconf 82' lang='lat' dir='ltr'><strong>Rursus</strong></span> <span class='ocrx_word' id='word_1_166' title='bbox 1539 1404 1627 1458; x_wconf 81' lang='lat' dir='ltr'>hic</span> <span class='ocrx_word' id='word_1_167' title='bbox 1676 1422 1895 1475; x_wconf 82' lang='lat' dir='ltr'><strong>quoque</strong></span> <span class='ocrx_word' id='word_1_168' title='bbox 1940 1407 2029 1459; x_wconf 86' lang='lat' dir='ltr'>dm</span> 
     </span>
    </p>
   </div>
   <div class='ocr_carea' id='block_1_24' title="bbox 2162 1399 3704 1475">
    <p class='ocr_par' dir='ltr' id='par_1_24' title="bbox 2168 1399 3704 1475">
     <span class='ocr_line' id='line_1_24' title="bbox 2168 1399 3704 1475; baseline -0.006 -19"><span class='ocrx_word' id='word_1_169' title='bbox 2168 1405 2266 1475; x_wconf 79' lang='grc' dir='ltr'>τὴν</span> <span class='ocrx_word' id='word_1_170' title='bbox 2308 1402 2578 1473; x_wconf 83' lang='grc' dir='ltr'>τοσαύτην</span> <span class='ocrx_word' id='word_1_171' title='bbox 2625 1399 2981 1468; x_wconf 76' lang='grc' dir='ltr'>ἐργαζόμενοι</span> <span class='ocrx_word' id='word_1_172' title='bbox 3028 1399 3425 1469; x_wconf 82' lang='grc' dir='ltr'>πλημμέλειαν.</span> <span class='ocrx_word' id='word_1_173' title='bbox 3465 1417 3482 1447; x_wconf 79' lang='grc' dir='ltr'>ι</span> <span class='ocrx_word' id='word_1_174' title='bbox 3522 1399 3608 1449; x_wconf 80' lang='grc' dir='ltr'>Ἕν</span> <span class='ocrx_word' id='word_1_175' title='bbox 3648 1399 3704 1467; x_wconf 76' lang='grc' dir='ltr'>τῷ</span> 
     </span>
    </p>
   </div>
   <div class='ocr_carea' id='block_1_25' title="bbox 490 1488 2032 1563">
    <p class='ocr_par' dir='ltr' id='par_1_25' title="bbox 490 1491 2032 1563">
     <span class='ocr_line' id='line_1_25' title="bbox 490 1491 2032 1563; baseline 0.001 -19"><span class='ocrx_word' id='word_1_176' title='bbox 490 1491 590 1555; x_wconf 86' lang='lat' dir='ltr'><strong>ait,</strong></span> <span class='ocrx_word' id='word_1_177' title='bbox 622 1511 637 1541; x_wconf 76' lang='grc' dir='ltr'>ι</span> <span class='ocrx_word' id='word_1_178' title='bbox 677 1492 729 1545; x_wconf 88' lang='lat' dir='ltr'>in</span> <span class='ocrx_word' id='word_1_179' title='bbox 756 1508 821 1546; x_wconf 91' lang='lat' dir='ltr'>eo</span> <span class='ocrx_word' id='word_1_180' title='bbox 853 1494 998 1561; x_wconf 88' lang='lat' dir='ltr'><strong>quod</strong></span> <span class='ocrx_word' id='word_1_181' title='bbox 1029 1493 1235 1557; x_wconf 87' lang='lat' dir='ltr'><strong>dicitis,</strong></span> <span class='ocrx_word' id='word_1_182' title='bbox 1275 1513 1293 1545; x_wconf 77' lang='grc' dir='ltr'>ι</span> <span class='ocrx_word' id='word_1_183' title='bbox 1330 1510 1431 1563; x_wconf 91' lang='lat' dir='ltr'>pro</span> <span class='ocrx_word' id='word_1_184' title='bbox 1465 1503 1588 1547; x_wconf 90' lang='lat' dir='ltr'><strong>actu</strong></span> <span class='ocrx_word' id='word_1_185' title='bbox 1618 1494 1871 1548; x_wconf 74' lang='lat' dir='ltr'><strong>affectum</strong></span> <span class='ocrx_word' id='word_1_186' title='bbox 1902 1496 2032 1548; x_wconf 80' lang='lat' dir='ltr'><strong>anin&#39;</strong></span> 
     </span>
    </p>
   </div>
   <div class='ocr_carea' id='block_1_26' title="bbox 2161 1488 3703 1563">
    <p class='ocr_par' dir='ltr' id='par_1_26' title="bbox 2169 1488 3703 1563">
     <span class='ocr_line' id='line_1_26' title="bbox 2169 1488 3703 1563; baseline -0.005 -17"><span class='ocrx_word' id='word_1_187' title='bbox 2169 1495 2345 1562; x_wconf 84' lang='grc' dir='ltr'>λέγειν</span> <span class='ocrx_word' id='word_1_188' title='bbox 2372 1495 2535 1563; x_wconf 76' lang='grc' dir='ltr'>ὑμᾶς,</span> <span class='ocrx_word' id='word_1_189' title='bbox 2558 1491 2817 1563; x_wconf 79' lang='grc' dir='ltr'>Τράπεζα</span> <span class='ocrx_word' id='word_1_190' title='bbox 2840 1490 3044 1561; x_wconf 79' lang='grc' dir='ltr'>Κυρίου</span> <span class='ocrx_word' id='word_1_191' title='bbox 3067 1488 3467 1558; x_wconf 79' lang='grc' dir='ltr'>ἐξουδενωμένη</span> <span class='ocrx_word' id='word_1_192' title='bbox 3490 1490 3615 1544; x_wconf 76' lang='grc' dir='ltr'>ἐστὶ,</span> <span class='ocrx_word' id='word_1_193' title='bbox 3636 1490 3703 1540; x_wconf 68' lang='grc' dir='ltr'>καὶ</span> 
     </span>
    </p>
   </div>
   <div class='ocr_carea' id='block_1_27' title="bbox 488 1579 2030 1654">
    <p class='ocr_par' dir='ltr' id='par_1_27' title="bbox 488 1582 2030 1653">
     <span class='ocr_line' id='line_1_27' title="bbox 488 1582 2030 1653; baseline 0.001 -18"><span class='ocrx_word' id='word_1_194' title='bbox 488 1582 665 1635; x_wconf 87' lang='lat' dir='ltr'><strong>dicit:</strong></span> <span class='ocrx_word' id='word_1_195' title='bbox 710 1584 758 1634; x_wconf 76' lang='grc' dir='ltr'>ἰςΙ</span> <span class='ocrx_word' id='word_1_196' title='bbox 789 1592 896 1647; x_wconf 92' lang='lat' dir='ltr'><strong>est,</strong></span> <span class='ocrx_word' id='word_1_197' title='bbox 924 1586 1051 1638; x_wconf 90' lang='lat' dir='ltr'>dum</span> <span class='ocrx_word' id='word_1_198' title='bbox 1086 1587 1158 1639; x_wconf 85' lang='lat' dir='ltr'>ita</span> <span class='ocrx_word' id='word_1_199' title='bbox 1189 1600 1288 1639; x_wconf 90' lang='lat' dir='ltr'>vos</span> <span class='ocrx_word' id='word_1_200' title='bbox 1316 1585 1501 1653; x_wconf 82' lang='lat' dir='ltr'><strong>agitis,</strong></span> <span class='ocrx_word' id='word_1_201' title='bbox 1532 1588 1669 1639; x_wconf 87' lang='lat' dir='ltr'><strong>nihil</strong></span> <span class='ocrx_word' id='word_1_202' title='bbox 1713 1587 1859 1639; x_wconf 80' lang='lat' dir='ltr'><strong>aliud</strong></span> <span class='ocrx_word' id='word_1_203' title='bbox 1892 1598 2030 1641; x_wconf 86' lang='lat' dir='ltr'><strong>ment</strong></span> 
     </span>
    </p>
   </div>
   <div class='ocr_carea' id='block_1_28' title="bbox 2165 1579 3707 1654">
    <p class='ocr_par' dir='ltr' id='par_1_28' title="bbox 2172 1579 3707 1654">
     <span class='ocr_line' id='line_1_28' title="bbox 2172 1579 3707 1654; baseline -0.005 -17"><span class='ocrx_word' id='word_1_204' title='bbox 2172 1585 2237 1637; x_wconf 77' lang='grc' dir='ltr'>τὰ</span> <span class='ocrx_word' id='word_1_205' title='bbox 2282 1584 2633 1654; x_wconf 79' lang='grc' dir='ltr'>ἐπιτιθέμενα</span> <span class='ocrx_word' id='word_1_206' title='bbox 2681 1582 3089 1649; x_wconf 81' lang='grc' dir='ltr'>ἐξουδενώσατε.</span> <span class='ocrx_word' id='word_1_207' title='bbox 3124 1602 3142 1632; x_wconf 69' lang='grc' dir='ltr'>ι</span> <span class='ocrx_word' id='word_1_208' title='bbox 3175 1580 3341 1634; x_wconf 78' lang='grc' dir='ltr'>Πάλιν</span> <span class='ocrx_word' id='word_1_209' title='bbox 3376 1579 3633 1631; x_wconf 71' lang='grc' dir='ltr'>κάνταῦθα</span> <span class='ocrx_word' id='word_1_210' title='bbox 3664 1581 3707 1630; x_wconf 78' lang='grc' dir='ltr'>τὸ</span> 
     </span>
    </p>
   </div>
   <div class='ocr_carea' id='block_1_29' title="bbox 492 1670 2034 1744">
    <p class='ocr_par' dir='ltr' id='par_1_29' title="bbox 492 1671 2032 1744">
     <span class='ocr_line' id='line_1_29' title="bbox 492 1671 2032 1744; baseline 0.005 -22"><span class='ocrx_word' id='word_1_211' title='bbox 492 1671 702 1741; x_wconf 85' lang='lat' dir='ltr'><strong>agitare</strong></span> <span class='ocrx_word' id='word_1_212' title='bbox 724 1672 1138 1737; x_wconf 84' lang='lat' dir='ltr'><strong>demonstratis,</strong></span> <span class='ocrx_word' id='word_1_213' title='bbox 1165 1691 1339 1744; x_wconf 84' lang='lat' dir='ltr'><strong>neque</strong></span> <span class='ocrx_word' id='word_1_214' title='bbox 1364 1676 1522 1729; x_wconf 85' lang='lat' dir='ltr'><strong>aliter</strong></span> <span class='ocrx_word' id='word_1_215' title='bbox 1544 1692 1641 1730; x_wconf 88' lang='lat' dir='ltr'>vos</span> <span class='ocrx_word' id='word_1_216' title='bbox 1671 1691 1789 1730; x_wconf 85' lang='lat' dir='ltr'><strong>esse</strong></span> <span class='ocrx_word' id='word_1_217' title='bbox 1812 1678 2032 1730; x_wconf 80' lang='lat' dir='ltr'><strong>alIectos</strong></span> 
     </span>
    </p>
   </div>
   <div class='ocr_carea' id='block_1_30' title="bbox 2164 1670 3706 1744">
    <p class='ocr_par' dir='ltr' id='par_1_30' title="bbox 2178 1670 3706 1744">
     <span class='ocr_line' id='line_1_30' title="bbox 2178 1670 3706 1744; baseline -0.005 -18"><span class='ocrx_word' id='word_1_218' title='bbox 2178 1694 2195 1726; x_wconf 81' lang='grc' dir='ltr'>ι</span> <span class='ocrx_word' id='word_1_219' title='bbox 2234 1678 2289 1728; x_wconf 89' lang='grc' dir='ltr'>ἐν</span> <span class='ocrx_word' id='word_1_220' title='bbox 2317 1674 2393 1744; x_wconf 76' lang='grc' dir='ltr'>τῷ</span> <span class='ocrx_word' id='word_1_221' title='bbox 2413 1674 2589 1740; x_wconf 80' lang='grc' dir='ltr'>λέγειν</span> <span class='ocrx_word' id='word_1_222' title='bbox 2622 1693 2639 1723; x_wconf 75' lang='grc' dir='ltr'>ι</span> <span class='ocrx_word' id='word_1_223' title='bbox 2669 1674 2809 1725; x_wconf 77' lang='grc' dir='ltr'>οὓτω</span> <span class='ocrx_word' id='word_1_224' title='bbox 2834 1673 3015 1741; x_wconf 67' lang='grc' dir='ltr'>φησιν,</span> <span class='ocrx_word' id='word_1_225' title='bbox 3039 1671 3111 1733; x_wconf 78' lang='grc' dir='ltr'>ὡς</span> <span class='ocrx_word' id='word_1_226' title='bbox 3149 1672 3267 1723; x_wconf 73' lang='grc' dir='ltr'>ἀντὶ</span> <span class='ocrx_word' id='word_1_227' title='bbox 3296 1670 3604 1739; x_wconf 68' lang='grc' dir='ltr'>πράγματες</span> <span class='ocrx_word' id='word_1_228' title='bbox 3634 1670 3706 1737; x_wconf 67' lang='grc' dir='ltr'>τὴν</span> 
     </span>
    </p>
   </div>
   <div class='ocr_carea' id='block_1_31' title="bbox 492 1758 2034 1836">
    <p class='ocr_par' dir='ltr' id='par_1_31' title="bbox 492 1763 2034 1836">
     <span class='ocr_line' id='line_1_31' title="bbox 492 1763 2034 1836; baseline 0.001 -21"><span class='ocrx_word' id='word_1_229' title='bbox 492 1764 575 1817; x_wconf 83' lang='lat' dir='ltr'>vel</span> <span class='ocrx_word' id='word_1_230' title='bbox 604 1763 747 1833; x_wconf 87' lang='lat' dir='ltr'><strong>quod</strong></span> <span class='ocrx_word' id='word_1_231' title='bbox 783 1780 971 1820; x_wconf 89' lang='lat' dir='ltr'><strong>mensa</strong></span> <span class='ocrx_word' id='word_1_232' title='bbox 1003 1780 1121 1820; x_wconf 89' lang='lat' dir='ltr'>mea</span> <span class='ocrx_word' id='word_1_233' title='bbox 1145 1767 1294 1820; x_wconf 88' lang='lat' dir='ltr'><strong>nullo</strong></span> <span class='ocrx_word' id='word_1_234' title='bbox 1322 1766 1391 1820; x_wconf 90' lang='lat' dir='ltr'>sit</span> <span class='ocrx_word' id='word_1_235' title='bbox 1429 1767 1590 1836; x_wconf 80' lang='lat' dir='ltr'><strong>digna</strong></span> <span class='ocrx_word' id='word_1_236' title='bbox 1622 1778 1891 1836; x_wconf 67' lang='lat' dir='ltr'><strong>respct&#39;ltt.</strong></span> <span class='ocrx_word' id='word_1_237' title='bbox 1927 1768 2034 1821; x_wconf 72' lang='lat' dir='ltr'><strong>idt‘c</strong></span> 
     </span>
    </p>
   </div>
   <div class='ocr_carea' id='block_1_32' title="bbox 2166 1758 3708 1836">
    <p class='ocr_par' dir='ltr' id='par_1_32' title="bbox 2173 1758 3708 1834">
     <span class='ocr_line' id='line_1_32' title="bbox 2173 1758 3708 1834; baseline -0.004 -18"><span class='ocrx_word' id='word_1_238' title='bbox 2173 1765 2410 1817; x_wconf 81' lang='grc' dir='ltr'>διάθεσιν</span> <span class='ocrx_word' id='word_1_239' title='bbox 2437 1764 2610 1834; x_wconf 82' lang='grc' dir='ltr'>δηλῶν</span> <span class='ocrx_word' id='word_1_240' title='bbox 2632 1780 2643 1792; x_wconf 78' lang='grc'><em>”</em></span> <span class='ocrx_word' id='word_1_241' title='bbox 2683 1762 2929 1831; x_wconf 77' lang='grc' dir='ltr'>βούλεται</span> <span class='ocrx_word' id='word_1_242' title='bbox 2977 1762 3084 1831; x_wconf 85' lang='grc' dir='ltr'>γὰρ</span> <span class='ocrx_word' id='word_1_243' title='bbox 3117 1763 3313 1823; x_wconf 89' lang='grc' dir='ltr'>εἰπεῖν,</span> <span class='ocrx_word' id='word_1_244' title='bbox 3340 1762 3421 1812; x_wconf 79' lang='grc' dir='ltr'>ὅτι</span> <span class='ocrx_word' id='word_1_245' title='bbox 3476 1759 3543 1810; x_wconf 79' lang='grc' dir='ltr'>Τὸ</span> <span class='ocrx_word' id='word_1_246' title='bbox 3573 1758 3708 1810; x_wconf 77' lang='grc' dir='ltr'>ταῦτα</span> 
     </span>
    </p>
   </div>
   <div class='ocr_carea' id='block_1_33' title="bbox 491 1836 2033 1928">
    <p class='ocr_par' dir='ltr' id='par_1_33' title="bbox 491 1856 2033 1928">
     <span class='ocr_line' id='line_1_33' title="bbox 491 1856 2033 1928; baseline 0.002 -20"><span class='ocrx_word' id='word_1_247' title='bbox 491 1871 599 1925; x_wconf 84' lang='lat' dir='ltr'>que</span> <span class='ocrx_word' id='word_1_248' title='bbox 650 1872 718 1910; x_wconf 90' lang='lat' dir='ltr'>ne</span> <span class='ocrx_word' id='word_1_249' title='bbox 764 1856 1217 1926; x_wconf 86' lang='lat' dir='ltr'><strong>imponendornm</strong></span> <span class='ocrx_word' id='word_1_250' title='bbox 1276 1859 1497 1928; x_wconf 86' lang='lat' dir='ltr'><strong>quidem</strong></span> <span class='ocrx_word' id='word_1_251' title='bbox 1552 1874 1748 1927; x_wconf 84' lang='lat' dir='ltr'><strong>panum</strong></span> <span class='ocrx_word' id='word_1_252' title='bbox 1805 1861 2033 1913; x_wconf 66' lang='lat' dir='ltr'><strong>delectu</strong></span> 
     </span>
    </p>
   </div>
   <div class='ocr_carea' id='block_1_34' title="bbox 2168 1836 3710 1928">
    <p class='ocr_par' dir='ltr' id='par_1_34' title="bbox 2174 1851 3710 1926">
     <span class='ocr_line' id='line_1_34' title="bbox 2174 1851 3710 1926; baseline -0.005 -18"><span class='ocrx_word' id='word_1_253' title='bbox 2174 1860 2345 1908; x_wconf 82' lang='grc' dir='ltr'>ποιεῖν</span> <span class='ocrx_word' id='word_1_254' title='bbox 2379 1857 2543 1926; x_wconf 76' lang='grc' dir='ltr'>ὑμᾶς,</span> <span class='ocrx_word' id='word_1_255' title='bbox 2594 1856 2692 1925; x_wconf 75' lang='grc' dir='ltr'>οὐχ</span> <span class='ocrx_word' id='word_1_256' title='bbox 2720 1853 2903 1923; x_wconf 72' lang='grc' dir='ltr'>ἕτερόν</span> <span class='ocrx_word' id='word_1_257' title='bbox 2953 1870 3005 1905; x_wconf 87' lang='grc' dir='ltr'>τι</span> <span class='ocrx_word' id='word_1_258' title='bbox 3046 1853 3186 1906; x_wconf 76' lang='grc' dir='ltr'>κατᾶ</span> <span class='ocrx_word' id='word_1_259' title='bbox 3235 1851 3475 1905; x_wconf 82' lang='grc' dir='ltr'>διάνοιαν</span> <span class='ocrx_word' id='word_1_260' title='bbox 3528 1852 3710 1919; x_wconf 70' lang='grc' dir='ltr'>ἔχοντας</span> 
     </span>
    </p>
   </div>
   <div class='ocr_carea' id='block_1_35' title="bbox 496 1942 2038 2020">
    <p class='ocr_par' dir='ltr' id='par_1_35' title="bbox 496 1948 2035 2020">
     <span class='ocr_line' id='line_1_35' title="bbox 496 1948 2035 2020; baseline 0.002 -19"><span class='ocrx_word' id='word_1_261' title='bbox 496 1948 667 2002; x_wconf 90' lang='lat' dir='ltr'><strong>ullum</strong></span> <span class='ocrx_word' id='word_1_262' title='bbox 708 1949 955 2004; x_wconf 86' lang='lat' dir='ltr'><strong>habeatis</strong></span> <span class='ocrx_word' id='word_1_263' title='bbox 987 1968 998 2003; x_wconf 88' lang='lat'><strong>:</strong></span> <span class='ocrx_word' id='word_1_264' title='bbox 1043 1951 1203 2019; x_wconf 86' lang='lat' dir='ltr'><strong>cujus</strong></span> <span class='ocrx_word' id='word_1_265' title='bbox 1234 1952 1310 2003; x_wconf 86' lang='lat' dir='ltr'>rei</span> <span class='ocrx_word' id='word_1_266' title='bbox 1341 1950 1603 2004; x_wconf 88' lang='lat' dir='ltr'><strong>indicium</strong></span> <span class='ocrx_word' id='word_1_267' title='bbox 1632 1951 1797 2020; x_wconf 78' lang='lat'>368</span> <span class='ocrx_word' id='word_1_268' title='bbox 1819 1960 1902 2004; x_wconf 90' lang='lat' dir='ltr'>est</span> <span class='ocrx_word' id='word_1_269' title='bbox 1927 1966 2035 2020; x_wconf 89' lang='lat' dir='ltr'>quo</span> 
     </span>
    </p>
   </div>
   <div class='ocr_carea' id='block_1_36' title="bbox 2168 1942 3710 2020">
    <p class='ocr_par' dir='ltr' id='par_1_36' title="bbox 2168 1942 3710 2016">
     <span class='ocr_line' id='line_1_36' title="bbox 2168 1942 3710 2016; baseline -0.005 -17"><span class='ocrx_word' id='word_1_270' title='bbox 2168 1947 2456 2009; x_wconf 88' lang='grc' dir='ltr'>δείκνυσιν,</span> <span class='ocrx_word' id='word_1_271' title='bbox 2495 1945 2602 1998; x_wconf 79' lang='grc' dir='ltr'>οὐδ’</span> <span class='ocrx_word' id='word_1_272' title='bbox 2633 1945 2833 2016; x_wconf 79' lang='grc' dir='ltr'>ἑτέρως</span> <span class='ocrx_word' id='word_1_273' title='bbox 2865 1960 2984 2007; x_wconf 88' lang='grc' dir='ltr'>πως</span> <span class='ocrx_word' id='word_1_274' title='bbox 3017 1942 3416 2013; x_wconf 81' lang='grc' dir='ltr'>διακειμένους,</span> <span class='ocrx_word' id='word_1_275' title='bbox 3458 1942 3565 1995; x_wconf 83' lang='grc' dir='ltr'>ἀλλ’</span> <span class='ocrx_word' id='word_1_276' title='bbox 3593 1942 3621 2010; x_wconf 84' lang='grc' dir='ltr'>ἦ</span> <span class='ocrx_word' id='word_1_277' title='bbox 3654 1942 3710 2003; x_wconf 83' lang='grc' dir='ltr'>ὡς</span> 
     </span>
    </p>
   </div>
   <div class='ocr_carea' id='block_1_37' title="bbox 495 2033 2037 2113">
    <p class='ocr_par' dir='ltr' id='par_1_37' title="bbox 495 2042 2037 2113">
     <span class='ocr_line' id='line_1_37' title="bbox 495 2042 2037 2113; baseline 0.001 -19"><span class='ocrx_word' id='word_1_278' title='bbox 495 2042 802 2095; x_wconf 82' lang='lat' dir='ltr'><strong>socorditer</strong></span> <span class='ocrx_word' id='word_1_279' title='bbox 825 2058 1025 2112; x_wconf 86' lang='lat' dir='ltr'><strong>panum</strong></span> <span class='ocrx_word' id='word_1_280' title='bbox 1049 2043 1450 2113; x_wconf 84' lang='lat' dir='ltr'><strong>impositionem</strong></span> <span class='ocrx_word' id='word_1_281' title='bbox 1472 2042 1674 2107; x_wconf 80' lang='lat' dir='ltr'><strong>facitis,</strong></span> <span class='ocrx_word' id='word_1_282' title='bbox 1701 2045 1903 2098; x_wconf 87' lang='lat' dir='ltr'><strong>nullius</strong></span> <span class='ocrx_word' id='word_1_283' title='bbox 1921 2059 2037 2113; x_wconf 79' lang='lat' dir='ltr'><strong>pen:</strong></span> 
     </span>
    </p>
   </div>
   <div class='ocr_carea' id='block_1_38' title="bbox 2171 2033 3713 2113">
    <p class='ocr_par' dir='ltr' id='par_1_38' title="bbox 2171 2033 3713 2109">
     <span class='ocr_line' id='line_1_38' title="bbox 2171 2033 3713 2109; baseline -0.005 -18"><span class='ocrx_word' id='word_1_284' title='bbox 2171 2038 2291 2091; x_wconf 70' lang='grc' dir='ltr'>οὔτε</span> <span class='ocrx_word' id='word_1_285' title='bbox 2320 2038 2419 2107; x_wconf 80' lang='grc' dir='ltr'>τῆς</span> <span class='ocrx_word' id='word_1_286' title='bbox 2444 2036 2723 2109; x_wconf 73' lang='grc' dir='ltr'>τραπέζης</span> <span class='ocrx_word' id='word_1_287' title='bbox 2747 2037 2847 2103; x_wconf 85' lang='grc' dir='ltr'>τῆς</span> <span class='ocrx_word' id='word_1_288' title='bbox 2871 2037 3007 2107; x_wconf 88' lang='grc' dir='ltr'>ἐμῆς</span> <span class='ocrx_word' id='word_1_289' title='bbox 3034 2037 3321 2105; x_wconf 78' lang='grc' dir='ltr'>τυγχάνειν</span> <span class='ocrx_word' id='word_1_290' title='bbox 3350 2034 3496 2096; x_wconf 83' lang='grc' dir='ltr'>τινὸς</span> <span class='ocrx_word' id='word_1_291' title='bbox 3518 2033 3713 2101; x_wconf 66' lang='grc' dir='ltr'>ὀφειλού-</span> 
     </span>
    </p>
   </div>
   <div class='ocr_carea' id='block_1_39' title="bbox 494 2125 2036 2203">
    <p class='ocr_par' dir='ltr' id='par_1_39' title="bbox 494 2129 2036 2203">
     <span class='ocr_line' id='line_1_39' title="bbox 494 2129 2036 2203; baseline 0 -18"><span class='ocrx_word' id='word_1_292' title='bbox 494 2129 761 2187; x_wconf 84' lang='lat' dir='ltr'><strong>habentes</strong></span> <span class='ocrx_word' id='word_1_293' title='bbox 794 2133 1049 2201; x_wconf 58' lang='lat' dir='ltr'><strong>legitimae</strong></span> <span class='ocrx_word' id='word_1_294' title='bbox 1081 2134 1444 2190; x_wconf 87' lang='lat' dir='ltr'><strong>institutionis</strong></span> <span class='ocrx_word' id='word_1_295' title='bbox 1477 2136 1901 2198; x_wconf 77' lang='lat' dir='ltr'><strong>observantiam,</strong></span> <span class='ocrx_word' id='word_1_296' title='bbox 1938 2150 2036 2203; x_wconf 65' lang='lat' dir='ltr'><strong>qua</strong></span> 
     </span>
    </p>
   </div>
   <div class='ocr_carea' id='block_1_40' title="bbox 2170 2125 3712 2203">
    <p class='ocr_par' dir='ltr' id='par_1_40' title="bbox 2173 2125 3712 2200">
     <span class='ocr_line' id='line_1_40' title="bbox 2173 2125 3712 2200; baseline -0.006 -16"><span class='ocrx_word' id='word_1_297' title='bbox 2173 2148 2271 2200; x_wconf 82' lang='grc' dir='ltr'>σης</span> <span class='ocrx_word' id='word_1_298' title='bbox 2323 2130 2578 2200; x_wconf 83' lang='grc' dir='ltr'>σπουδῆς,</span> <span class='ocrx_word' id='word_1_299' title='bbox 2622 2129 2935 2197; x_wconf 84' lang='grc' dir='ltr'>ἀναγκαίως</span> <span class='ocrx_word' id='word_1_300' title='bbox 2983 2146 3042 2181; x_wconf 91' lang='grc' dir='ltr'>τε</span> <span class='ocrx_word' id='word_1_301' title='bbox 3086 2126 3314 2181; x_wconf 78' lang='grc' dir='ltr'>καὶτῶν</span> <span class='ocrx_word' id='word_1_302' title='bbox 3360 2125 3712 2194; x_wconf 79' lang='grc' dir='ltr'>ἐπιτιθεμένων</span> 
     </span>
    </p>
   </div>
   <div class='ocr_carea' id='block_1_41' title="bbox 495 2217 2037 2297">
    <p class='ocr_par' dir='ltr' id='par_1_41' title="bbox 495 2222 2037 2297">
     <span class='ocr_line' id='line_1_41' title="bbox 495 2222 2037 2297; baseline 0.003 -22"><span class='ocrx_word' id='word_1_303' title='bbox 495 2222 645 2276; x_wconf 87' lang='lat' dir='ltr'><strong>niam</strong></span> <span class='ocrx_word' id='word_1_304' title='bbox 686 2224 810 2278; x_wconf 87' lang='lat' dir='ltr'><strong>illos</strong></span> <span class='ocrx_word' id='word_1_305' title='bbox 854 2224 1201 2293; x_wconf 89' lang='lat' dir='ltr'><strong>potissimum</strong></span> <span class='ocrx_word' id='word_1_306' title='bbox 1242 2242 1444 2281; x_wconf 75' lang='lat' dir='ltr'><strong>mensae</strong></span> <span class='ocrx_word' id='word_1_307' title='bbox 1489 2226 1849 2297; x_wconf 83' lang='lat' dir='ltr'><strong>imponendos</strong></span> <span class='ocrx_word' id='word_1_308' title='bbox 1907 2243 2037 2297; x_wconf 82' lang='lat' dir='ltr'><strong>pane</strong></span> 
     </span>
    </p>
   </div>
   <div class='ocr_carea' id='block_1_42' title="bbox 2171 2217 3713 2297">
    <p class='ocr_par' dir='ltr' id='par_1_42' title="bbox 2171 2217 3713 2293">
     <span class='ocr_line' id='line_1_42' title="bbox 2171 2217 3713 2293; baseline -0.007 -15"><span class='ocrx_word' id='word_1_309' title='bbox 2171 2224 2383 2288; x_wconf 78' lang='grc' dir='ltr'>οὐδενὸς</span> <span class='ocrx_word' id='word_1_310' title='bbox 2406 2223 2726 2293; x_wconf 82' lang='grc' dir='ltr'>ὀφειλόντων</span> <span class='ocrx_word' id='word_1_311' title='bbox 2756 2222 2920 2286; x_wconf 79' lang='grc' dir='ltr'>ἀξίων</span> <span class='ocrx_word' id='word_1_312' title='bbox 2948 2217 3086 2275; x_wconf 77' lang='grc' dir='ltr'>εἶναι</span> <span class='ocrx_word' id='word_1_313' title='bbox 3112 2222 3271 2287; x_wconf 67' lang='grc' dir='ltr'>λόγου</span> <span class='ocrx_word' id='word_1_314' title='bbox 3293 2238 3305 2249; x_wconf 91' lang='grc'><strong>·</strong></span> <span class='ocrx_word' id='word_1_315' title='bbox 3338 2225 3419 2289; x_wconf 88' lang='lat' dir='ltr'><strong>(p.</strong></span> <span class='ocrx_word' id='word_1_316' title='bbox 3446 2218 3565 2284; x_wconf 59' lang='grc'>545)</span> <span class='ocrx_word' id='word_1_317' title='bbox 3592 2217 3713 2270; x_wconf 73' lang='grc' dir='ltr'>τοῦτο</span> 
     </span>
    </p>
   </div>
   <div class='ocr_carea' id='block_1_43' title="bbox 495 2309 2037 2388">
    <p class='ocr_par' dir='ltr' id='par_1_43' title="bbox 495 2319 2037 2387">
     <span class='ocr_line' id='line_1_43' title="bbox 495 2319 2037 2387; baseline 0.001 -18"><span class='ocrx_word' id='word_1_318' title='bbox 495 2329 694 2369; x_wconf 85' lang='lat' dir='ltr'><strong>curare</strong></span> <span class='ocrx_word' id='word_1_319' title='bbox 722 2324 1021 2385; x_wconf 88' lang='lat' dir='ltr'><strong>oporteret,</strong></span> <span class='ocrx_word' id='word_1_320' title='bbox 1056 2333 1155 2373; x_wconf 93' lang='lat' dir='ltr'>ceu</span> <span class='ocrx_word' id='word_1_321' title='bbox 1187 2332 1286 2387; x_wconf 89' lang='lat' dir='ltr'>pro</span> <span class='ocrx_word' id='word_1_322' title='bbox 1316 2319 1573 2373; x_wconf 90' lang='lat' dir='ltr'><strong>universo</strong></span> <span class='ocrx_word' id='word_1_323' title='bbox 1604 2319 1806 2387; x_wconf 89' lang='lat' dir='ltr'><strong>populo</strong></span> <span class='ocrx_word' id='word_1_324' title='bbox 1839 2319 2037 2372; x_wconf 80' lang='lat' dir='ltr'><strong>oblatos</strong></span> 
     </span>
    </p>
   </div>
   <div class='ocr_carea' id='block_1_44' title="bbox 2172 2309 3714 2388">
    <p class='ocr_par' dir='ltr' id='par_1_44' title="bbox 2177 2309 3714 2388">
     <span class='ocr_line' id='line_1_44' title="bbox 2177 2309 3714 2388; baseline -0.008 -18"><span class='ocrx_word' id='word_1_325' title='bbox 2177 2318 2326 2388; x_wconf 84' lang='grc' dir='ltr'>δηλοῖ</span> <span class='ocrx_word' id='word_1_326' title='bbox 2346 2317 2405 2369; x_wconf 87' lang='grc' dir='ltr'>τὸ</span> <span class='ocrx_word' id='word_1_327' title='bbox 2429 2314 2684 2387; x_wconf 71' lang='grc' dir='ltr'>ῥᾳθύμως</span> <span class='ocrx_word' id='word_1_328' title='bbox 2709 2315 2851 2385; x_wconf 81' lang='grc' dir='ltr'>ὑμᾶς</span> <span class='ocrx_word' id='word_1_329' title='bbox 2880 2313 3146 2366; x_wconf 83' lang='grc' dir='ltr'>ποιεῖσθαι</span> <span class='ocrx_word' id='word_1_330' title='bbox 3168 2312 3276 2364; x_wconf 77' lang='grc' dir='ltr'>τῶν</span> <span class='ocrx_word' id='word_1_331' title='bbox 3306 2312 3490 2382; x_wconf 82' lang='grc' dir='ltr'>ἄρτων</span> <span class='ocrx_word' id='word_1_332' title='bbox 3511 2310 3601 2377; x_wconf 65' lang='grc' dir='ltr'>τὴν</span> <span class='ocrx_word' id='word_1_333' title='bbox 3617 2309 3714 2377; x_wconf 71' lang='grc' dir='ltr'>πρό-</span> 
     </span>
    </p>
   </div>
   <div class='ocr_carea' id='block_1_45' title="bbox 497 2400 2039 2476">
    <p class='ocr_par' dir='ltr' id='par_1_45' title="bbox 497 2404 2036 2473">
     <span class='ocr_line' id='line_1_45' title="bbox 497 2404 2036 2473; baseline 0 -14"><span class='ocrx_word' id='word_1_334' title='bbox 497 2404 632 2460; x_wconf 85' lang='lat' dir='ltr'><strong>Nam</strong></span> <span class='ocrx_word' id='word_1_335' title='bbox 658 2405 801 2462; x_wconf 87' lang='lat' dir='ltr'><strong>Deus</strong></span> <span class='ocrx_word' id='word_1_336' title='bbox 827 2407 1201 2473; x_wconf 86' lang='lat' dir='ltr'><strong>mandaverat,</strong></span> <span class='ocrx_word' id='word_1_337' title='bbox 1230 2420 1289 2464; x_wconf 92' lang='lat' dir='ltr'>ut</span> <span class='ocrx_word' id='word_1_338' title='bbox 1312 2425 1405 2464; x_wconf 80' lang='lat' dir='ltr'><strong>sex</strong></span> <span class='ocrx_word' id='word_1_339' title='bbox 1439 2424 1668 2464; x_wconf 84' lang='lat' dir='ltr'><strong>numero</strong></span> <span class='ocrx_word' id='word_1_340' title='bbox 1693 2416 1899 2469; x_wconf 86' lang='lat' dir='ltr'><strong>essent,</strong></span> <span class='ocrx_word' id='word_1_341' title='bbox 1932 2410 2036 2461; x_wconf 85' lang='lat' dir='ltr'>dua</span> 
     </span>
    </p>
   </div>
   <div class='ocr_carea' id='block_1_46' title="bbox 2172 2400 3714 2476">
    <p class='ocr_par' dir='ltr' id='par_1_46' title="bbox 2176 2400 3714 2476">
     <span class='ocr_line' id='line_1_46' title="bbox 2176 2400 3714 2476; baseline -0.008 -16"><span class='ocrx_word' id='word_1_342' title='bbox 2176 2408 2344 2472; x_wconf 80' lang='grc' dir='ltr'>θέσιν,</span> <span class='ocrx_word' id='word_1_343' title='bbox 2378 2406 2437 2458; x_wconf 80' lang='grc' dir='ltr'>οὐ</span> <span class='ocrx_word' id='word_1_344' title='bbox 2493 2405 2873 2476; x_wconf 74' lang='grc' dir='ltr'>φροντίζοντας</span> <span class='ocrx_word' id='word_1_345' title='bbox 2920 2404 3068 2465; x_wconf 81' lang='grc' dir='ltr'>ὅπως</span> <span class='ocrx_word' id='word_1_346' title='bbox 3113 2404 3177 2455; x_wconf 77' lang='grc' dir='ltr'>ἂν</span> <span class='ocrx_word' id='word_1_347' title='bbox 3208 2402 3348 2454; x_wconf 78' lang='grc' dir='ltr'>κατὰ</span> <span class='ocrx_word' id='word_1_348' title='bbox 3398 2401 3498 2470; x_wconf 81' lang='grc' dir='ltr'>τὴν</span> <span class='ocrx_word' id='word_1_349' title='bbox 3528 2400 3714 2468; x_wconf 69' lang='grc' dir='ltr'>νομικὴν</span> 
     </span>
    </p>
   </div>
   <div class='ocr_carea' id='block_1_47' title="bbox 495 2488 2037 2571">
    <p class='ocr_par' dir='ltr' id='par_1_47' title="bbox 495 2498 2036 2571">
     <span class='ocr_line' id='line_1_47' title="bbox 495 2498 2036 2571; baseline 0 -20"><span class='ocrx_word' id='word_1_350' title='bbox 495 2498 677 2553; x_wconf 86' lang='lat' dir='ltr'><strong>tribus</strong></span> <span class='ocrx_word' id='word_1_351' title='bbox 710 2500 764 2553; x_wconf 94' lang='lat' dir='ltr'>in</span> <span class='ocrx_word' id='word_1_352' title='bbox 793 2500 1023 2569; x_wconf 80' lang='lat' dir='ltr'><strong>singulis</strong></span> <span class='ocrx_word' id='word_1_353' title='bbox 1071 2500 1439 2571; x_wconf 80' lang='lat' dir='ltr'><strong>agnoscendo,</strong></span> <span class='ocrx_word' id='word_1_354' title='bbox 1491 2513 1550 2554; x_wconf 91' lang='lat' dir='ltr'>ut</span> <span class='ocrx_word' id='word_1_355' title='bbox 1598 2502 1651 2554; x_wconf 87' lang='lat' dir='ltr'>in</span> <span class='ocrx_word' id='word_1_356' title='bbox 1693 2516 1789 2555; x_wconf 77' lang='lat' dir='ltr'><strong>sex</strong></span> <span class='ocrx_word' id='word_1_357' title='bbox 1838 2500 2036 2570; x_wconf 86' lang='lat' dir='ltr'><strong>panibu</strong></span> 
     </span>
    </p>
   </div>
   <div class='ocr_carea' id='block_1_48' title="bbox 2172 2488 3714 2571">
    <p class='ocr_par' dir='ltr' id='par_1_48' title="bbox 2177 2488 3714 2568">
     <span class='ocr_line' id='line_1_48' title="bbox 2177 2488 3714 2568; baseline -0.008 -16"><span class='ocrx_word' id='word_1_358' title='bbox 2177 2497 2548 2568; x_wconf 81' lang='grc' dir='ltr'>ἐπιτελεσθείη</span> <span class='ocrx_word' id='word_1_359' title='bbox 2577 2496 2838 2561; x_wconf 81' lang='grc' dir='ltr'>διάταξιν.</span> <span class='ocrx_word' id='word_1_360' title='bbox 2869 2496 2979 2549; x_wconf 78' lang='lat' dir='ltr'>Kal</span> <span class='ocrx_word' id='word_1_361' title='bbox 3014 2494 3230 2563; x_wconf 81' lang='grc' dir='ltr'>πρῶτον</span> <span class='ocrx_word' id='word_1_362' title='bbox 3268 2494 3367 2564; x_wconf 82' lang='grc' dir='ltr'>μὲν</span> <span class='ocrx_word' id='word_1_363' title='bbox 3401 2488 3519 2544; x_wconf 80' lang='grc' dir='ltr'>εἷπε</span> <span class='ocrx_word' id='word_1_364' title='bbox 3558 2492 3612 2543; x_wconf 85' lang='grc' dir='ltr'>τὸ</span> <span class='ocrx_word' id='word_1_365' title='bbox 3634 2492 3714 2541; x_wconf 71' lang='grc' dir='ltr'>τῶν</span> 
     </span>
    </p>
   </div>
   <div class='ocr_carea' id='block_1_49' title="bbox 495 2583 2037 2661">
    <p class='ocr_par' dir='ltr' id='par_1_49' title="bbox 495 2587 2033 2661">
     <span class='ocr_line' id='line_1_49' title="bbox 495 2587 2033 2661; baseline -0.002 -17"><span class='ocrx_word' id='word_1_366' title='bbox 495 2587 786 2644; x_wconf 87' lang='lat' dir='ltr'><strong>duodecim</strong></span> <span class='ocrx_word' id='word_1_367' title='bbox 837 2591 1012 2645; x_wconf 90' lang='lat' dir='ltr'><strong>tribus</strong></span> <span class='ocrx_word' id='word_1_368' title='bbox 1048 2602 1456 2661; x_wconf 87' lang='lat' dir='ltr'><strong>reputarentur,</strong></span> <span class='ocrx_word' id='word_1_369' title='bbox 1502 2606 1600 2661; x_wconf 92' lang='lat' dir='ltr'>pro</span> <span class='ocrx_word' id='word_1_370' title='bbox 1638 2591 1838 2661; x_wconf 89' lang='lat' dir='ltr'><strong>quibus</strong></span> <span class='ocrx_word' id='word_1_371' title='bbox 1870 2605 2033 2659; x_wconf 86' lang='lat' dir='ltr'><strong>panm</strong></span> 
     </span>
    </p>
   </div>
   <div class='ocr_carea' id='block_1_50' title="bbox 2174 2583 3716 2661">
    <p class='ocr_par' dir='ltr' id='par_1_50' title="bbox 2176 2583 3716 2661">
     <span class='ocr_line' id='line_1_50' title="bbox 2176 2583 3716 2661; baseline -0.008 -16"><span class='ocrx_word' id='word_1_372' title='bbox 2176 2590 2375 2661; x_wconf 78' lang='grc' dir='ltr'>ἄρτων,</span> <span class='ocrx_word' id='word_1_373' title='bbox 2407 2590 2483 2652; x_wconf 84' lang='grc' dir='ltr'>ὡς</span> <span class='ocrx_word' id='word_1_374' title='bbox 2513 2590 2578 2643; x_wconf 87' lang='grc' dir='ltr'>ἂν</span> <span class='ocrx_word' id='word_1_375' title='bbox 2629 2588 2841 2659; x_wconf 81' lang='grc' dir='ltr'>πρῶτον</span> <span class='ocrx_word' id='word_1_376' title='bbox 2884 2587 3223 2658; x_wconf 76' lang='grc' dir='ltr'>ἁμάρτημα·</span> <span class='ocrx_word' id='word_1_377' title='bbox 3270 2585 3563 2654; x_wconf 77' lang='grc' dir='ltr'>ἐπειδήπερ</span> <span class='ocrx_word' id='word_1_378' title='bbox 3604 2583 3716 2634; x_wconf 67' lang='grc' dir='ltr'>ἐκείι</span> 
     </span>
    </p>
   </div>
   <div class='ocr_carea' id='block_1_51' title="bbox 498 2674 2040 2753">
    <p class='ocr_par' dir='ltr' id='par_1_51' title="bbox 498 2681 1357 2753">
     <span class='ocr_line' id='line_1_51' title="bbox 498 2681 1357 2753; baseline 0.001 -19"><span class='ocrx_word' id='word_1_379' title='bbox 498 2681 928 2752; x_wconf 73' lang='lat' dir='ltr'><strong>propositionem</strong></span> <span class='ocrx_word' id='word_1_380' title='bbox 964 2683 1077 2737; x_wconf 86' lang='lat' dir='ltr'><strong>ﬁeri</strong></span> <span class='ocrx_word' id='word_1_381' title='bbox 1108 2683 1357 2753; x_wconf 87' lang='lat' dir='ltr'><strong>jubebat.</strong></span> 
     </span>
    </p>
   </div>
   <div class='ocr_carea' id='block_1_52' title="bbox 2173 2674 3715 2753">
    <p class='ocr_par' dir='ltr' id='par_1_52' title="bbox 2180 2674 3715 2752">
     <span class='ocr_line' id='line_1_52' title="bbox 2180 2674 3715 2752; baseline -0.008 -17"><span class='ocrx_word' id='word_1_382' title='bbox 2180 2700 2303 2745; x_wconf 88' lang='grc' dir='ltr'>νους</span> <span class='ocrx_word' id='word_1_383' title='bbox 2338 2682 2571 2752; x_wconf 85' lang='grc' dir='ltr'>μάλιστα</span> <span class='ocrx_word' id='word_1_384' title='bbox 2613 2680 2739 2743; x_wconf 79' lang='grc' dir='ltr'>τοὺς</span> <span class='ocrx_word' id='word_1_385' title='bbox 2772 2680 2864 2732; x_wconf 75' lang='grc' dir='ltr'>ἐπὶ</span> <span class='ocrx_word' id='word_1_386' title='bbox 2890 2679 2988 2749; x_wconf 88' lang='grc' dir='ltr'>τῆς</span> <span class='ocrx_word' id='word_1_387' title='bbox 3015 2679 3293 2748; x_wconf 74' lang='grc' dir='ltr'>τραπέζης</span> <span class='ocrx_word' id='word_1_388' title='bbox 3336 2674 3715 2746; x_wconf 62' lang='grc' dir='ltr'>προτιθεμένας</span> 
     </span>
    </p>
   </div>
   <div class='ocr_carea' id='block_1_53' title="bbox 496 2769 3716 2851">
    <p class='ocr_par' dir='ltr' id='par_1_53' title="bbox 496 2769 3716 2851">
     <span class='ocr_line' id='line_1_53' title="bbox 496 2769 3716 2851; baseline -0.004 -18"><span class='ocrx_word' id='word_1_389' title='bbox 496 2780 693 2851; x_wconf 83' lang='grc' dir='ltr'>ἄρτους</span> <span class='ocrx_word' id='word_1_390' title='bbox 733 2780 1051 2851; x_wconf 81' lang='grc' dir='ltr'>ἐπιμελείας</span> <span class='ocrx_word' id='word_1_391' title='bbox 1089 2780 1378 2849; x_wconf 82' lang='grc' dir='ltr'>τυγχάνειν</span> <span class='ocrx_word' id='word_1_392' title='bbox 1420 2779 1610 2849; x_wconf 80' lang='grc' dir='ltr'>ἐχρῆν,</span> <span class='ocrx_word' id='word_1_393' title='bbox 1655 2778 1732 2843; x_wconf 86' lang='grc' dir='ltr'>ὡς</span> <span class='ocrx_word' id='word_1_394' title='bbox 1785 2778 1987 2849; x_wconf 82' lang='grc' dir='ltr'>τρόπον</span> <span class='ocrx_word' id='word_1_395' title='bbox 2029 2777 2153 2830; x_wconf 85' lang='grc' dir='ltr'>τινὰ</span> <span class='ocrx_word' id='word_1_396' title='bbox 2190 2778 2327 2847; x_wconf 82' lang='grc' dir='ltr'>ὑπὲρ</span> <span class='ocrx_word' id='word_1_397' title='bbox 2376 2776 2577 2838; x_wconf 86' lang='grc' dir='ltr'>παντὸς</span> <span class='ocrx_word' id='word_1_398' title='bbox 2621 2773 2715 2827; x_wconf 87' lang='grc' dir='ltr'>τοῦ</span> <span class='ocrx_word' id='word_1_399' title='bbox 2763 2772 2891 2827; x_wconf 85' lang='grc' dir='ltr'>λαοῦ</span> <span class='ocrx_word' id='word_1_400' title='bbox 2940 2772 3418 2843; x_wconf 81' lang='grc' dir='ltr'>προσαγομένους·</span> <span class='ocrx_word' id='word_1_401' title='bbox 3468 2769 3716 2837; x_wconf 72' lang='grc' dir='ltr'>ἐπειδήπερ</span> 
     </span>
    </p>
   </div>
   <div class='ocr_carea' id='block_1_54' title="bbox 494 2860 3717 2941">
    <p class='ocr_par' dir='ltr' id='par_1_54' title="bbox 494 2860 3717 2941">
     <span class='ocr_line' id='line_1_54' title="bbox 494 2860 3717 2941; baseline -0.004 -18"><span class='ocrx_word' id='word_1_402' title='bbox 494 2871 781 2925; x_wconf 75' lang='grc' dir='ltr'>ἐκέλευσεν</span> <span class='ocrx_word' id='word_1_403' title='bbox 806 2872 1002 2934; x_wconf 82' lang='grc' dir='ltr'>αὐτοὺς</span> <span class='ocrx_word' id='word_1_404' title='bbox 1034 2872 1065 2923; x_wconf 85' lang='grc' dir='ltr'>ό</span> <span class='ocrx_word' id='word_1_405' title='bbox 1102 2870 1254 2933; x_wconf 85' lang='grc' dir='ltr'>Θεὸς,</span> <span class='ocrx_word' id='word_1_406' title='bbox 1282 2870 1375 2923; x_wconf 74' lang='grc' dir='ltr'>καὶ</span> <span class='ocrx_word' id='word_1_407' title='bbox 1400 2870 1460 2935; x_wconf 84' lang='grc' dir='ltr'>ἒξ</span> <span class='ocrx_word' id='word_1_408' title='bbox 1481 2866 1617 2923; x_wconf 76' lang='grc' dir='ltr'>εἶναι</span> <span class='ocrx_word' id='word_1_409' title='bbox 1654 2870 1744 2923; x_wconf 85' lang='grc' dir='ltr'>τὸν</span> <span class='ocrx_word' id='word_1_410' title='bbox 1783 2867 2133 2941; x_wconf 79' lang='grc' dir='ltr'>ἀριθμὸν,δύο</span> <span class='ocrx_word' id='word_1_411' title='bbox 2168 2869 2349 2938; x_wconf 82' lang='grc' dir='ltr'>φυλῶν</span> <span class='ocrx_word' id='word_1_412' title='bbox 2393 2870 2449 2921; x_wconf 84' lang='grc' dir='ltr'>ἐν</span> <span class='ocrx_word' id='word_1_413' title='bbox 2474 2867 2688 2935; x_wconf 77' lang='grc' dir='ltr'>ἑκάστῳ</span> <span class='ocrx_word' id='word_1_414' title='bbox 2716 2864 3149 2935; x_wconf 75' lang='grc' dir='ltr'>γνωριζομένων,</span> <span class='ocrx_word' id='word_1_415' title='bbox 3186 2863 3261 2925; x_wconf 81' lang='grc' dir='ltr'>ὡς</span> <span class='ocrx_word' id='word_1_416' title='bbox 3298 2862 3363 2915; x_wconf 84' lang='grc' dir='ltr'>ἂν</span> <span class='ocrx_word' id='word_1_417' title='bbox 3396 2863 3455 2913; x_wconf 86' lang='grc' dir='ltr'>ἐν</span> <span class='ocrx_word' id='word_1_418' title='bbox 3483 2864 3587 2922; x_wconf 79' lang='grc' dir='ltr'>τοῖς</span> <span class='ocrx_word' id='word_1_419' title='bbox 3614 2860 3661 2922; x_wconf 79' lang='grc' dir='ltr'>ἒξ</span> <span class='ocrx_word' id='word_1_420' title='bbox 3678 2861 3717 2911; x_wconf 79' lang='lat' dir='ltr'>ai</span> 
     </span>
    </p>
   </div>
   <div class='ocr_carea' id='block_1_55' title="bbox 494 2957 3101 3036">
    <p class='ocr_par' dir='ltr' id='par_1_55' title="bbox 494 2957 3101 3036">
     <span class='ocr_line' id='line_1_55' title="bbox 494 2957 3101 3036; baseline -0.004 -17"><span class='ocrx_word' id='word_1_421' title='bbox 494 2963 701 3019; x_wconf 83' lang='grc' dir='ltr'>δώδεκα</span> <span class='ocrx_word' id='word_1_422' title='bbox 725 2963 1168 3036; x_wconf 77' lang='grc' dir='ltr'>παραλογίζοιντο</span> <span class='ocrx_word' id='word_1_423' title='bbox 1196 2962 1379 3033; x_wconf 73' lang='grc' dir='ltr'>φυλαὶ,</span> <span class='ocrx_word' id='word_1_424' title='bbox 1407 2963 1547 3035; x_wconf 81' lang='grc' dir='ltr'>ὑπὲρ</span> <span class='ocrx_word' id='word_1_425' title='bbox 1570 2957 1645 3017; x_wconf 82' lang='grc' dir='ltr'>ὧν</span> <span class='ocrx_word' id='word_1_426' title='bbox 1665 2965 1729 3035; x_wconf 76' lang='grc' dir='ltr'>δὴ</span> <span class='ocrx_word' id='word_1_427' title='bbox 1754 2965 1852 3036; x_wconf 81' lang='grc' dir='ltr'>τὴν</span> <span class='ocrx_word' id='word_1_428' title='bbox 1881 2962 2136 3034; x_wconf 82' lang='grc' dir='ltr'>πρόθεσιν</span> <span class='ocrx_word' id='word_1_429' title='bbox 2166 2962 2416 3015; x_wconf 87' lang='grc' dir='ltr'>ἐκέλευσε</span> <span class='ocrx_word' id='word_1_430' title='bbox 2453 2959 2732 3029; x_wconf 80' lang='grc' dir='ltr'>γίγνεσθαι</span> <span class='ocrx_word' id='word_1_431' title='bbox 2766 2958 2872 3011; x_wconf 83' lang='grc' dir='ltr'>τῶν</span> <span class='ocrx_word' id='word_1_432' title='bbox 2903 2958 3101 3028; x_wconf 82' lang='grc' dir='ltr'>ἄρτων.</span> 
     </span>
    </p>
   </div>
   <div class='ocr_carea' id='block_1_56' title="bbox 566 3126 2108 3213">
    <p class='ocr_par' dir='ltr' id='par_1_56' title="bbox 566 3136 2108 3209">
     <span class='ocr_line' id='line_1_56' title="bbox 566 3136 2108 3209; baseline 0.003 -18"><span class='ocrx_word' id='word_1_433' title='bbox 566 3136 736 3192; x_wconf 69' lang='lat' dir='ltr'><strong>Vens.</strong></span> <span class='ocrx_word' id='word_1_434' title='bbox 769 3137 897 3203; x_wconf 84' lang='lat'><strong>8,9.</strong></span> <span class='ocrx_word' id='word_1_435' title='bbox 930 3170 1002 3178; x_wconf 87' lang='lat'><strong>--</strong></span> <span class='ocrx_word' id='word_1_436' title='bbox 1032 3139 1189 3193; x_wconf 82' lang='lat' dir='ltr'><strong>Aliud</strong></span> <span class='ocrx_word' id='word_1_437' title='bbox 1220 3154 1437 3209; x_wconf 90' lang='lat' dir='ltr'><strong>quoque</strong></span> <span class='ocrx_word' id='word_1_438' title='bbox 1474 3155 1599 3194; x_wconf 85' lang='lat' dir='ltr'>mox</span> <span class='ocrx_word' id='word_1_439' title='bbox 1627 3140 1810 3195; x_wconf 90' lang='lat' dir='ltr'><strong>subdit</strong></span> <span class='ocrx_word' id='word_1_440' title='bbox 1847 3141 2065 3196; x_wconf 85' lang='lat' dir='ltr'><strong>illorum</strong></span> <span class='ocrx_word' id='word_1_441' title='bbox 2097 3156 2108 3204; x_wconf 73' lang='grc'><strong>4</strong></span> 
     </span>
    </p>
   </div>
   <div class='ocr_carea' id='block_1_57' title="bbox 2176 3126 3718 3213">
    <p class='ocr_par' dir='ltr' id='par_1_57' title="bbox 2243 3126 3718 3213">
     <span class='ocr_line' id='line_1_57' title="bbox 2243 3126 3718 3213; baseline -0.011 -18"><span class='ocrx_word' id='word_1_442' title='bbox 2243 3144 2388 3213; x_wconf 84' lang='grc' dir='ltr'>Στίχ.</span> <span class='ocrx_word' id='word_1_443' title='bbox 2418 3149 2488 3211; x_wconf 83' lang='grc' dir='ltr'>η’,</span> <span class='ocrx_word' id='word_1_444' title='bbox 2517 3141 2581 3195; x_wconf 87' lang='grc' dir='ltr'>θ’.</span> <span class='ocrx_word' id='word_1_445' title='bbox 2611 3170 2679 3180; x_wconf 89' lang='lat'>——</span> <span class='ocrx_word' id='word_1_446' title='bbox 2721 3138 2879 3208; x_wconf 81' lang='grc' dir='ltr'>Ἑξῆς</span> <span class='ocrx_word' id='word_1_447' title='bbox 2912 3138 2969 3189; x_wconf 85' lang='grc' dir='ltr'>δέ</span> <span class='ocrx_word' id='word_1_448' title='bbox 3000 3135 3195 3203; x_wconf 81' lang='grc' dir='ltr'>ἐπάγει</span> <span class='ocrx_word' id='word_1_449' title='bbox 3224 3136 3319 3187; x_wconf 79' lang='grc' dir='ltr'>καὶ</span> <span class='ocrx_word' id='word_1_450' title='bbox 3351 3132 3548 3204; x_wconf 75' lang='grc' dir='ltr'>ἑτέραν</span> <span class='ocrx_word' id='word_1_451' title='bbox 3578 3126 3718 3182; x_wconf 74' lang='grc' dir='ltr'>αὐτῶν</span> 
     </span>
    </p>
   </div>
   <div class='ocr_carea' id='block_1_58' title="bbox 498 3222 2040 3303">
    <p class='ocr_par' dir='ltr' id='par_1_58' title="bbox 498 3228 2040 3298">
     <span class='ocr_line' id='line_1_58' title="bbox 498 3228 2040 3298; baseline 0.002 -15"><span class='ocrx_word' id='word_1_452' title='bbox 498 3236 804 3298; x_wconf 88' lang='lat' dir='ltr'><strong>peccatum.</strong></span> <span class='ocrx_word' id='word_1_453' title='bbox 854 3247 872 3281; x_wconf 74' lang='grc' dir='ltr'>ι</span> <span class='ocrx_word' id='word_1_454' title='bbox 912 3228 1185 3295; x_wconf 89' lang='lat' dir='ltr'><strong>Quoniam</strong></span> <span class='ocrx_word' id='word_1_455' title='bbox 1233 3232 1279 3285; x_wconf 89' lang='lat' dir='ltr'>si</span> <span class='ocrx_word' id='word_1_456' title='bbox 1329 3231 1635 3285; x_wconf 89' lang='lat' dir='ltr'><strong>obtuleritis</strong></span> <span class='ocrx_word' id='word_1_457' title='bbox 1680 3246 1878 3285; x_wconf 68' lang='lat' dir='ltr'><strong>cmcam</strong></span> <span class='ocrx_word' id='word_1_458' title='bbox 1919 3234 2040 3287; x_wconf 87' lang='lat' dir='ltr'><strong>victi</strong></span> 
     </span>
    </p>
   </div>
   <div class='ocr_carea' id='block_1_59' title="bbox 2177 3222 3719 3303">
    <p class='ocr_par' dir='ltr' id='par_1_59' title="bbox 2179 3222 3719 3303">
     <span class='ocr_line' id='line_1_59' title="bbox 2179 3222 3719 3303; baseline -0.011 -16"><span class='ocrx_word' id='word_1_459' title='bbox 2179 3234 2580 3303; x_wconf 85' lang='grc' dir='ltr'>πλημμέλειαν.</span> <span class='ocrx_word' id='word_1_460' title='bbox 2615 3252 2633 3283; x_wconf 86' lang='grc'><em>‹</em></span> <span class='ocrx_word' id='word_1_461' title='bbox 2682 3230 2825 3282; x_wconf 84' lang='grc' dir='ltr'>Διότι</span> <span class='ocrx_word' id='word_1_462' title='bbox 2875 3228 2968 3280; x_wconf 87' lang='grc' dir='ltr'>ἐὰν</span> <span class='ocrx_word' id='word_1_463' title='bbox 3005 3225 3401 3298; x_wconf 81' lang='grc' dir='ltr'>προσαγάγητε</span> <span class='ocrx_word' id='word_1_464' title='bbox 3445 3222 3629 3291; x_wconf 66' lang='grc' dir='ltr'>τυφλὸν</span> <span class='ocrx_word' id='word_1_465' title='bbox 3662 3222 3719 3281; x_wconf 80' lang='grc' dir='ltr'>είς</span> 
     </span>
    </p>
   </div>
   <div class='ocr_carea' id='block_1_60' title="bbox 500 3311 2042 3389">
    <p class='ocr_par' dir='ltr' id='par_1_60' title="bbox 500 3319 2041 3379">
     <span class='ocr_line' id='line_1_60' title="bbox 500 3319 2041 3379; baseline 0.001 -7"><span class='ocrx_word' id='word_1_466' title='bbox 500 3334 669 3379; x_wconf 76' lang='lat' dir='ltr'><strong>mam,</strong></span> <span class='ocrx_word' id='word_1_467' title='bbox 703 3333 812 3373; x_wconf 89' lang='lat' dir='ltr'>non</span> <span class='ocrx_word' id='word_1_468' title='bbox 855 3326 940 3375; x_wconf 91' lang='lat' dir='ltr'>est</span> <span class='ocrx_word' id='word_1_469' title='bbox 984 3320 1210 3373; x_wconf 90' lang='lat' dir='ltr'><strong>malum.</strong></span> <span class='ocrx_word' id='word_1_470' title='bbox 1255 3319 1321 3373; x_wconf 87' lang='lat' dir='ltr'><strong>Et</strong></span> <span class='ocrx_word' id='word_1_471' title='bbox 1373 3320 1418 3375; x_wconf 91' lang='lat' dir='ltr'>si</span> <span class='ocrx_word' id='word_1_472' title='bbox 1469 3320 1781 3375; x_wconf 87' lang='lat' dir='ltr'><strong>obtuleritis</strong></span> <span class='ocrx_word' id='word_1_473' title='bbox 1831 3320 2041 3375; x_wconf 75' lang='lat' dir='ltr'><strong>claudat</strong></span> 
     </span>
    </p>
   </div>
   <div class='ocr_carea' id='block_1_61' title="bbox 2176 3311 3718 3389">
    <p class='ocr_par' dir='ltr' id='par_1_61' title="bbox 2178 3311 3718 3389">
     <span class='ocr_line' id='line_1_61' title="bbox 2178 3311 3718 3389; baseline -0.011 -11"><span class='ocrx_word' id='word_1_474' title='bbox 2178 3325 2387 3389; x_wconf 85' lang='grc' dir='ltr'>θυσίαν,</span> <span class='ocrx_word' id='word_1_475' title='bbox 2436 3325 2495 3377; x_wconf 79' lang='grc' dir='ltr'>οὐ</span> <span class='ocrx_word' id='word_1_476' title='bbox 2545 3324 2712 3377; x_wconf 84' lang='grc' dir='ltr'>κακόν</span> <span class='ocrx_word' id='word_1_477' title='bbox 2739 3340 2752 3352; x_wconf 88' lang='grc'><strong>·</strong></span> <span class='ocrx_word' id='word_1_478' title='bbox 2786 3323 2881 3375; x_wconf 78' lang='grc' dir='ltr'>καὶ</span> <span class='ocrx_word' id='word_1_479' title='bbox 2930 3322 3023 3374; x_wconf 76' lang='grc' dir='ltr'>ἐὰν</span> <span class='ocrx_word' id='word_1_480' title='bbox 3082 3315 3478 3388; x_wconf 77' lang='grc' dir='ltr'>προσαγάγητε</span> <span class='ocrx_word' id='word_1_481' title='bbox 3522 3311 3718 3383; x_wconf 73' lang='grc' dir='ltr'>χωλὸνῆ</span> 
     </span>
    </p>
   </div>
   <div class='ocr_carea' id='block_1_62' title="bbox 501 3402 2043 3488">
    <p class='ocr_par' dir='ltr' id='par_1_62' title="bbox 501 3411 2043 3481">
     <span class='ocr_line' id='line_1_62' title="bbox 501 3411 2043 3481; baseline 0.001 -18"><span class='ocrx_word' id='word_1_482' title='bbox 501 3411 586 3464; x_wconf 88' lang='lat' dir='ltr'>vel</span> <span class='ocrx_word' id='word_1_483' title='bbox 615 3418 990 3481; x_wconf 66' lang='lat' dir='ltr'><strong>aegrotantem,</strong></span> <span class='ocrx_word' id='word_1_484' title='bbox 1023 3425 1135 3465; x_wconf 91' lang='lat' dir='ltr'>non</span> <span class='ocrx_word' id='word_1_485' title='bbox 1172 3419 1256 3466; x_wconf 90' lang='lat' dir='ltr'>est</span> <span class='ocrx_word' id='word_1_486' title='bbox 1283 3412 1506 3466; x_wconf 91' lang='lat' dir='ltr'><strong>malum.</strong></span> <span class='ocrx_word' id='word_1_487' title='bbox 1550 3431 1568 3464; x_wconf 75' lang='grc' dir='ltr'>ι</span> <span class='ocrx_word' id='word_1_488' title='bbox 1610 3411 1748 3465; x_wconf 88' lang='lat' dir='ltr'><strong>Dum</strong></span> <span class='ocrx_word' id='word_1_489' title='bbox 1788 3413 2043 3481; x_wconf 78' lang='lat' dir='ltr'><strong>ejusmodi</strong></span> 
     </span>
    </p>
   </div>
   <div class='ocr_carea' id='block_1_63' title="bbox 2175 3402 3717 3488">
    <p class='ocr_par' dir='ltr' id='par_1_63' title="bbox 2180 3402 3717 3488">
     <span class='ocr_line' id='line_1_63' title="bbox 2180 3402 3717 3488; baseline -0.005 -19"><span class='ocrx_word' id='word_1_490' title='bbox 2180 3417 2460 3488; x_wconf 76' lang='grc' dir='ltr'>ἄρρωστον</span> <span class='ocrx_word' id='word_1_491' title='bbox 2485 3454 2500 3477; x_wconf 87' lang='grc'>,</span> <span class='ocrx_word' id='word_1_492' title='bbox 2542 3415 2601 3467; x_wconf 80' lang='grc' dir='ltr'>οὐ</span> <span class='ocrx_word' id='word_1_493' title='bbox 2646 3415 2833 3468; x_wconf 86' lang='grc' dir='ltr'>κακόν.</span> <span class='ocrx_word' id='word_1_494' title='bbox 2875 3431 2893 3463; x_wconf 74' lang='grc' dir='ltr'>ι</span> <span class='ocrx_word' id='word_1_495' title='bbox 2956 3413 3042 3464; x_wconf 84' lang='grc' dir='ltr'>Ἐν</span> <span class='ocrx_word' id='word_1_496' title='bbox 3077 3411 3133 3463; x_wconf 79' lang='grc' dir='ltr'>δὲ</span> <span class='ocrx_word' id='word_1_497' title='bbox 3169 3408 3247 3477; x_wconf 80' lang='grc' dir='ltr'>τῷ</span> <span class='ocrx_word' id='word_1_498' title='bbox 3281 3407 3543 3469; x_wconf 83' lang='grc' dir='ltr'>τοιαῦτα,</span> <span class='ocrx_word' id='word_1_499' title='bbox 3588 3402 3717 3472; x_wconf 68' lang='grc' dir='ltr'>φησὶ.</span> 
     </span>
    </p>
   </div>
   <div class='ocr_carea' id='block_1_64' title="bbox 500 3494 2042 3579">
    <p class='ocr_par' dir='ltr' id='par_1_64' title="bbox 500 3500 2042 3572">
     <span class='ocr_line' id='line_1_64' title="bbox 500 3500 2042 3572; baseline 0.004 -20"><span class='ocrx_word' id='word_1_500' title='bbox 500 3500 704 3569; x_wconf 87' lang='lat' dir='ltr'><strong>inquit,</strong></span> <span class='ocrx_word' id='word_1_501' title='bbox 735 3500 989 3556; x_wconf 82' lang='lat' dir='ltr'><strong>victimas</strong></span> <span class='ocrx_word' id='word_1_502' title='bbox 1033 3500 1261 3565; x_wconf 71' lang='lat' dir='ltr'><strong>offertis,</strong></span> <span class='ocrx_word' id='word_1_503' title='bbox 1315 3516 1542 3572; x_wconf 87' lang='lat' dir='ltr'><strong>peccare</strong></span> <span class='ocrx_word' id='word_1_504' title='bbox 1590 3518 1696 3555; x_wconf 90' lang='lat' dir='ltr'>non</span> <span class='ocrx_word' id='word_1_505' title='bbox 1727 3503 2042 3558; x_wconf 70' lang='lat' dir='ltr'><strong>existimati:</strong></span> 
     </span>
    </p>
   </div>
   <div class='ocr_carea' id='block_1_65' title="bbox 2178 3494 3720 3579">
    <p class='ocr_par' dir='ltr' id='par_1_65' title="bbox 2178 3494 3720 3579">
     <span class='ocr_line' id='line_1_65' title="bbox 2178 3494 3720 3579; baseline -0.01 -18"><span class='ocrx_word' id='word_1_506' title='bbox 2178 3494 2509 3579; x_wconf 42' lang='grc' dir='ltr'>’προσφέρειν</span> <span class='ocrx_word' id='word_1_507' title='bbox 2558 3506 2633 3576; x_wconf 80' lang='grc' dir='ltr'>τῷ</span> <span class='ocrx_word' id='word_1_508' title='bbox 2666 3505 2784 3576; x_wconf 84' lang='grc' dir='ltr'>Θεῴ</span> <span class='ocrx_word' id='word_1_509' title='bbox 2815 3503 3002 3565; x_wconf 85' lang='grc' dir='ltr'>θυσίας</span> <span class='ocrx_word' id='word_1_510' title='bbox 3043 3503 3245 3565; x_wconf 73' lang='grc' dir='ltr'>ἕνεκεν,</span> <span class='ocrx_word' id='word_1_511' title='bbox 3277 3500 3379 3570; x_wconf 78' lang='grc' dir='ltr'>οὐχ</span> <span class='ocrx_word' id='word_1_512' title='bbox 3435 3496 3720 3569; x_wconf 74' lang='grc' dir='ltr'>ἁμαρτάνειν</span> 
     </span>
    </p>
   </div>
   <div class='ocr_carea' id='block_1_66' title="bbox 502 3588 2044 3666">
    <p class='ocr_par' dir='ltr' id='par_1_66' title="bbox 502 3588 2044 3657">
     <span class='ocr_line' id='line_1_66' title="bbox 502 3588 2044 3657; baseline 0.004 -14"><span class='ocrx_word' id='word_1_513' title='bbox 502 3588 571 3643; x_wconf 83' lang='lat' dir='ltr'><strong>Et</strong></span> <span class='ocrx_word' id='word_1_514' title='bbox 601 3590 677 3646; x_wconf 87' lang='lat' dir='ltr'>rei</span> <span class='ocrx_word' id='word_1_515' title='bbox 698 3600 833 3646; x_wconf 68' lang='lat' dir='ltr'><strong>acta:</strong></span> <span class='ocrx_word' id='word_1_516' title='bbox 862 3591 1254 3647; x_wconf 86' lang='lat' dir='ltr'><strong>absurditatem</strong></span> <span class='ocrx_word' id='word_1_517' title='bbox 1284 3594 1619 3649; x_wconf 90' lang='lat' dir='ltr'><strong>ostendens:</strong></span> <span class='ocrx_word' id='word_1_518' title='bbox 1660 3614 1678 3644; x_wconf 76' lang='grc' dir='ltr'>ι</span> <span class='ocrx_word' id='word_1_519' title='bbox 1718 3593 1864 3648; x_wconf 71' lang='lat' dir='ltr'><strong>Oller</strong></span> <span class='ocrx_word' id='word_1_520' title='bbox 1884 3595 1959 3657; x_wconf 90' lang='lat' dir='ltr'>id,</span> <span class='ocrx_word' id='word_1_521' title='bbox 1998 3596 2044 3649; x_wconf 89' lang='lat' dir='ltr'>in</span> 
     </span>
    </p>
   </div>
   <div class='ocr_carea' id='block_1_67' title="bbox 2176 3588 3718 3666">
    <p class='ocr_par' dir='ltr' id='par_1_67' title="bbox 2179 3588 3718 3666">
     <span class='ocr_line' id='line_1_67' title="bbox 2179 3588 3718 3666; baseline -0.008 -14"><span class='ocrx_word' id='word_1_522' title='bbox 2179 3599 2388 3652; x_wconf 80' lang='grc' dir='ltr'>οῐεσθε”</span> <span class='ocrx_word' id='word_1_523' title='bbox 2441 3600 2535 3653; x_wconf 74' lang='grc' dir='ltr'>καὶ</span> <span class='ocrx_word' id='word_1_524' title='bbox 2588 3599 2800 3661; x_wconf 80' lang='grc' dir='ltr'>δεικνὺς</span> <span class='ocrx_word' id='word_1_525' title='bbox 2867 3596 2961 3650; x_wconf 88' lang='grc' dir='ltr'>τοῦ</span> <span class='ocrx_word' id='word_1_526' title='bbox 3011 3596 3293 3666; x_wconf 89' lang='grc' dir='ltr'>γινομένου</span> <span class='ocrx_word' id='word_1_527' title='bbox 3342 3594 3450 3665; x_wconf 77' lang='grc' dir='ltr'>τὴν</span> <span class='ocrx_word' id='word_1_528' title='bbox 3502 3588 3718 3645; x_wconf 80' lang='grc' dir='ltr'>ἀτοπίαν·</span> 
     </span>
    </p>
   </div>
   <div class='ocr_carea' id='block_1_68' title="bbox 500 3676 2042 3763">
    <p class='ocr_par' dir='ltr' id='par_1_68' title="bbox 500 3683 2042 3756">
     <span class='ocr_line' id='line_1_68' title="bbox 500 3683 2042 3756; baseline 0.003 -18"><span class='ocrx_word' id='word_1_529' title='bbox 500 3683 643 3753; x_wconf 89' lang='lat' dir='ltr'><strong>quit,</strong></span> <span class='ocrx_word' id='word_1_530' title='bbox 666 3683 793 3738; x_wconf 92' lang='lat' dir='ltr'><strong>duci</strong></span> <span class='ocrx_word' id='word_1_531' title='bbox 822 3693 934 3747; x_wconf 86' lang='lat' dir='ltr'><strong>tuo.</strong></span> <span class='ocrx_word' id='word_1_532' title='bbox 971 3685 1019 3740; x_wconf 91' lang='lat' dir='ltr'>si</span> <span class='ocrx_word' id='word_1_533' title='bbox 1041 3685 1296 3755; x_wconf 82' lang='lat' dir='ltr'><strong>excipiet,</strong></span> <span class='ocrx_word' id='word_1_534' title='bbox 1324 3686 1368 3740; x_wconf 91' lang='lat' dir='ltr'>si</span> <span class='ocrx_word' id='word_1_535' title='bbox 1393 3687 1655 3756; x_wconf 87' lang='lat' dir='ltr'><strong>suscipiet</strong></span> <span class='ocrx_word' id='word_1_536' title='bbox 1684 3687 1875 3742; x_wconf 82' lang='lat' dir='ltr'><strong>faciem</strong></span> <span class='ocrx_word' id='word_1_537' title='bbox 1909 3696 2042 3742; x_wconf 83' lang='lat' dir='ltr'><strong>tuan</strong></span> 
     </span>
    </p>
   </div>
   <div class='ocr_carea' id='block_1_69' title="bbox 2178 3676 3720 3763">
    <p class='ocr_par' dir='ltr' id='par_1_69' title="bbox 2187 3676 3720 3763">
     <span class='ocr_line' id='line_1_69' title="bbox 2187 3676 3720 3763; baseline -0.025 3"><span class='ocrx_word' id='word_1_538' title='bbox 2187 3709 2205 3739; x_wconf 75' lang='grc'><strong><em>⁸</em></strong></span> <span class='ocrx_word' id='word_1_539' title='bbox 2240 3690 2563 3763; x_wconf 70' lang='grc' dir='ltr'>[προσάγαγε</span> <span class='ocrx_word' id='word_1_540' title='bbox 2590 3689 2654 3761; x_wconf 69' lang='grc' dir='ltr'>δὴ</span> <span class='ocrx_word' id='word_1_541' title='bbox 2680 3690 2811 3741; x_wconf 76' lang='grc' dir='ltr'>αὐτὸ</span> <span class='ocrx_word' id='word_1_542' title='bbox 2840 3688 2916 3759; x_wconf 78' lang='grc' dir='ltr'>τῷ</span> <span class='ocrx_word' id='word_1_543' title='bbox 2938 3687 3221 3759; x_wconf 81' lang='grc' dir='ltr'>ἡγουμένῳ</span> <span class='ocrx_word' id='word_1_544' title='bbox 3245 3702 3361 3743; x_wconf 85' lang='grc' dir='ltr'>σου,</span> <span class='ocrx_word' id='word_1_545' title='bbox 3400 3686 3449 3735; x_wconf 86' lang='grc' dir='ltr'>εἰ</span> <span class='ocrx_word' id='word_1_546' title='bbox 3482 3676 3720 3752; x_wconf 70' lang='grc' dir='ltr'>προσδέᾷ-</span> 
     </span>
    </p>
   </div>
   <div class='ocr_carea' id='block_1_70' title="bbox 500 3774 2042 3852">
    <p class='ocr_par' dir='ltr' id='par_1_70' title="bbox 500 3774 2042 3847">
     <span class='ocr_line' id='line_1_70' title="bbox 500 3774 2042 3847; baseline 0.003 -18"><span class='ocrx_word' id='word_1_547' title='bbox 500 3774 637 3829; x_wconf 85' lang='lat' dir='ltr'><strong>dicit</strong></span> <span class='ocrx_word' id='word_1_548' title='bbox 658 3774 923 3830; x_wconf 88' lang='lat' dir='ltr'><strong>Dominus</strong></span> <span class='ocrx_word' id='word_1_549' title='bbox 949 3776 1319 3846; x_wconf 90' lang='lat' dir='ltr'><strong>omnipotens.</strong></span> <span class='ocrx_word' id='word_1_550' title='bbox 1352 3796 1370 3829; x_wconf 74' lang='grc' dir='ltr'>ι</span> <span class='ocrx_word' id='word_1_551' title='bbox 1408 3778 1621 3847; x_wconf 79' lang='lat' dir='ltr'><strong>Agesis,</strong></span> <span class='ocrx_word' id='word_1_552' title='bbox 1651 3778 1695 3833; x_wconf 90' lang='lat' dir='ltr'>si</span> <span class='ocrx_word' id='word_1_553' title='bbox 1719 3794 1814 3847; x_wconf 91' lang='lat' dir='ltr'>per</span> <span class='ocrx_word' id='word_1_554' title='bbox 1842 3780 1918 3833; x_wconf 90' lang='lat' dir='ltr'>rei</span> <span class='ocrx_word' id='word_1_555' title='bbox 1947 3788 2042 3834; x_wconf 86' lang='lat' dir='ltr'><strong>act:</strong></span> 
     </span>
    </p>
   </div>
   <div class='ocr_carea' id='block_1_71' title="bbox 2179 3774 3721 3852">
    <p class='ocr_par' dir='ltr' id='par_1_71' title="bbox 2179 3776 3721 3852">
     <span class='ocr_line' id='line_1_71' title="bbox 2179 3776 3721 3852; baseline -0.008 -17"><span class='ocrx_word' id='word_1_556' title='bbox 2179 3799 2290 3845; x_wconf 86' lang='grc' dir='ltr'>ται,</span> <span class='ocrx_word' id='word_1_557' title='bbox 2325 3786 2373 3834; x_wconf 81' lang='grc' dir='ltr'>εἰ</span> <span class='ocrx_word' id='word_1_558' title='bbox 2414 3781 2645 3852; x_wconf 74' lang='grc' dir='ltr'>λήψεται</span> <span class='ocrx_word' id='word_1_559' title='bbox 2690 3781 2980 3852; x_wconf 83' lang='grc' dir='ltr'>πρόσωπόν</span> <span class='ocrx_word' id='word_1_560' title='bbox 3016 3797 3130 3841; x_wconf 86' lang='grc' dir='ltr'>σου,</span> <span class='ocrx_word' id='word_1_561' title='bbox 3180 3778 3325 3845; x_wconf 84' lang='grc' dir='ltr'>λέγει</span> <span class='ocrx_word' id='word_1_562' title='bbox 3375 3776 3577 3845; x_wconf 63' lang='grc' dir='ltr'>Κύριος</span> <span class='ocrx_word' id='word_1_563' title='bbox 3620 3787 3721 3823; x_wconf 78' lang='grc' dir='ltr'>παν-</span> 
     </span>
    </p>
   </div>
   <div class='ocr_carea' id='block_1_72' title="bbox 500 3857 2042 3943">
    <p class='ocr_par' dir='ltr' id='par_1_72' title="bbox 500 3864 2042 3937">
     <span class='ocr_line' id='line_1_72' title="bbox 500 3864 2042 3937; baseline 0.003 -18"><span class='ocrx_word' id='word_1_564' title='bbox 500 3864 902 3920; x_wconf 74' lang='lat' dir='ltr'><strong>absm&#39;ditatem</strong></span> <span class='ocrx_word' id='word_1_565' title='bbox 946 3881 1055 3920; x_wconf 91' lang='lat' dir='ltr'>non</span> <span class='ocrx_word' id='word_1_566' title='bbox 1093 3871 1369 3937; x_wconf 80' lang='lat' dir='ltr'><strong>agnoscis,</strong></span> <span class='ocrx_word' id='word_1_567' title='bbox 1402 3866 1488 3920; x_wconf 78' lang='lat' dir='ltr'><strong>fac</strong></span> <span class='ocrx_word' id='word_1_568' title='bbox 1521 3868 1819 3936; x_wconf 91' lang='lat' dir='ltr'><strong>periculum</strong></span> <span class='ocrx_word' id='word_1_569' title='bbox 1856 3869 1910 3922; x_wconf 89' lang='lat' dir='ltr'>in</span> <span class='ocrx_word' id='word_1_570' title='bbox 1949 3870 2042 3925; x_wconf 68' lang='lat' dir='ltr'><strong>oﬂ‘e</strong></span> 
     </span>
    </p>
   </div>
   <div class='ocr_carea' id='block_1_73' title="bbox 2177 3857 3719 3943">
    <p class='ocr_par' dir='ltr' id='par_1_73' title="bbox 2178 3857 3719 3943">
     <span class='ocr_line' id='line_1_73' title="bbox 2178 3857 3719 3943; baseline -0.009 -18"><span class='ocrx_word' id='word_1_571' title='bbox 2178 3872 2481 3943; x_wconf 75' lang='grc' dir='ltr'>τοκράτωρ.</span> <span class='ocrx_word' id='word_1_572' title='bbox 2510 3891 2527 3922; x_wconf 74' lang='grc' dir='ltr'>ι</span> <span class='ocrx_word' id='word_1_573' title='bbox 2558 3871 2716 3923; x_wconf 69' lang='grc' dir='ltr'>Ἀλλὰ</span> <span class='ocrx_word' id='word_1_574' title='bbox 2737 3870 2844 3941; x_wconf 87' lang='grc' dir='ltr'>γὰρ</span> <span class='ocrx_word' id='word_1_575' title='bbox 2868 3873 2915 3923; x_wconf 86' lang='grc' dir='ltr'>εἰ</span> <span class='ocrx_word' id='word_1_576' title='bbox 2942 3869 3015 3941; x_wconf 82' lang='grc' dir='ltr'>μὴ</span> <span class='ocrx_word' id='word_1_577' title='bbox 3042 3869 3182 3922; x_wconf 71' lang='grc' dir='ltr'>κατὰ</span> <span class='ocrx_word' id='word_1_578' title='bbox 3209 3867 3408 3920; x_wconf 74' lang='grc' dir='ltr'>σαυτὸν</span> <span class='ocrx_word' id='word_1_579' title='bbox 3428 3864 3637 3932; x_wconf 81' lang='grc' dir='ltr'>συνορᾷς</span> <span class='ocrx_word' id='word_1_580' title='bbox 3652 3857 3719 3910; x_wconf 72' lang='grc' dir='ltr'>τοῦ</span> 
     </span>
    </p>
   </div>
   <div class='ocr_carea' id='block_1_74' title="bbox 502 3952 2044 4033">
    <p class='ocr_par' dir='ltr' id='par_1_74' title="bbox 502 3954 2044 4027">
     <span class='ocr_line' id='line_1_74' title="bbox 502 3954 2044 4027; baseline 0.003 -19"><span class='ocrx_word' id='word_1_581' title='bbox 502 3954 675 4010; x_wconf 90' lang='lat' dir='ltr'><strong>rendo</strong></span> <span class='ocrx_word' id='word_1_582' title='bbox 701 3954 938 4025; x_wconf 88' lang='lat' dir='ltr'><strong>principi</strong></span> <span class='ocrx_word' id='word_1_583' title='bbox 973 3957 1154 4025; x_wconf 85' lang='lat' dir='ltr'><strong>gentis</strong></span> <span class='ocrx_word' id='word_1_584' title='bbox 1186 3966 1313 4021; x_wconf 86' lang='lat' dir='ltr'><strong>tuae,</strong></span> <span class='ocrx_word' id='word_1_585' title='bbox 1350 3964 1404 4012; x_wconf 92' lang='lat' dir='ltr'>et</span> <span class='ocrx_word' id='word_1_586' title='bbox 1430 3956 1633 4011; x_wconf 88' lang='lat' dir='ltr'><strong>videsis</strong></span> <span class='ocrx_word' id='word_1_587' title='bbox 1668 3973 1796 4011; x_wconf 88' lang='lat' dir='ltr'>num</span> <span class='ocrx_word' id='word_1_588' title='bbox 1821 3959 2044 4027; x_wconf 79' lang='lat' dir='ltr'><strong>exeipial</strong></span> 
     </span>
    </p>
   </div>
   <div class='ocr_carea' id='block_1_75' title="bbox 2179 3952 3721 4033">
    <p class='ocr_par' dir='ltr' id='par_1_75' title="bbox 2180 3952 3721 4033">
     <span class='ocr_line' id='line_1_75' title="bbox 2180 3952 3721 4033; baseline -0.008 -17"><span class='ocrx_word' id='word_1_589' title='bbox 2180 3963 2466 4033; x_wconf 87' lang='grc' dir='ltr'>γινομένου</span> <span class='ocrx_word' id='word_1_590' title='bbox 2496 3962 2558 4014; x_wconf 83' lang='grc' dir='ltr'>τὸ</span> <span class='ocrx_word' id='word_1_591' title='bbox 2586 3962 2806 4026; x_wconf 83' lang='grc' dir='ltr'>ἄτοπον,</span> <span class='ocrx_word' id='word_1_592' title='bbox 2847 3960 3170 4033; x_wconf 73' lang='grc' dir='ltr'>πειράσθητι</span> <span class='ocrx_word' id='word_1_593' title='bbox 3220 3959 3352 4012; x_wconf 73' lang='grc' dir='ltr'>αὐτὸ</span> <span class='ocrx_word' id='word_1_594' title='bbox 3398 3952 3721 4027; x_wconf 78' lang='grc' dir='ltr'>προσαγαγεῖν</span> 
     </span>
    </p>
   </div>
   <div class='ocr_carea' id='block_1_76' title="bbox 503 4046 2045 4126">
    <p class='ocr_par' dir='ltr' id='par_1_76' title="bbox 503 4046 2045 4116">
     <span class='ocr_line' id='line_1_76' title="bbox 503 4046 2045 4116; baseline 0.003 -16"><span class='ocrx_word' id='word_1_595' title='bbox 503 4062 633 4101; x_wconf 89' lang='lat' dir='ltr'>num</span> <span class='ocrx_word' id='word_1_596' title='bbox 668 4046 747 4100; x_wconf 92' lang='lat' dir='ltr'>tui</span> <span class='ocrx_word' id='word_1_597' title='bbox 783 4060 1039 4102; x_wconf 88' lang='lat' dir='ltr'><strong>reverens</strong></span> <span class='ocrx_word' id='word_1_598' title='bbox 1085 4047 1228 4103; x_wconf 90' lang='lat' dir='ltr'><strong>hanc</strong></span> <span class='ocrx_word' id='word_1_599' title='bbox 1267 4048 1525 4116; x_wconf 90' lang='lat' dir='ltr'><strong>injuriam</strong></span> <span class='ocrx_word' id='word_1_600' title='bbox 1561 4048 1890 4104; x_wconf 89' lang='lat' dir='ltr'><strong>dissimulet.</strong></span> <span class='ocrx_word' id='word_1_601' title='bbox 1928 4050 2045 4104; x_wconf 80' lang='lat' dir='ltr'><strong>Non</strong></span> 
     </span>
    </p>
   </div>
   <div class='ocr_carea' id='block_1_77' title="bbox 2178 4046 3720 4126">
    <p class='ocr_par' dir='ltr' id='par_1_77' title="bbox 2180 4046 3720 4126">
     <span class='ocr_line' id='line_1_77' title="bbox 2180 4046 3720 4126; baseline -0.006 -19"><span class='ocrx_word' id='word_1_602' title='bbox 2180 4055 2257 4126; x_wconf 81' lang='grc' dir='ltr'>τῷ</span> <span class='ocrx_word' id='word_1_603' title='bbox 2286 4056 2383 4126; x_wconf 79' lang='grc' dir='ltr'>τὴν</span> <span class='ocrx_word' id='word_1_604' title='bbox 2422 4055 2719 4125; x_wconf 80' lang='grc' dir='ltr'>ἡγεμονίαν</span> <span class='ocrx_word' id='word_1_605' title='bbox 2758 4053 2911 4123; x_wconf 83' lang='grc' dir='ltr'>ὑμῶν</span> <span class='ocrx_word' id='word_1_606' title='bbox 2954 4051 3398 4122; x_wconf 83' lang='grc' dir='ltr'>πεπιστευμένῳ·</span> <span class='ocrx_word' id='word_1_607' title='bbox 3447 4050 3541 4101; x_wconf 69' lang='grc' dir='ltr'>καὶ</span> <span class='ocrx_word' id='word_1_608' title='bbox 3571 4046 3720 4098; x_wconf 66' lang='grc' dir='ltr'>θέασαι</span> 
     </span>
    </p>
   </div>
   <div class='ocr_carea' id='block_1_78' title="bbox 502 4137 2044 4216">
    <p class='ocr_par' dir='ltr' id='par_1_78' title="bbox 502 4139 2044 4210">
     <span class='ocr_line' id='line_1_78' title="bbox 502 4139 2044 4210; baseline 0.002 -17"><span class='ocrx_word' id='word_1_609' title='bbox 502 4153 573 4193; x_wconf 90' lang='lat' dir='ltr'>ne</span> <span class='ocrx_word' id='word_1_610' title='bbox 612 4148 805 4193; x_wconf 90' lang='lat' dir='ltr'><strong>contra</strong></span> <span class='ocrx_word' id='word_1_611' title='bbox 853 4146 974 4194; x_wconf 89' lang='lat' dir='ltr'>ate</span> <span class='ocrx_word' id='word_1_612' title='bbox 1023 4139 1200 4209; x_wconf 78' lang='lat' dir='ltr'><strong>magis</strong></span> <span class='ocrx_word' id='word_1_613' title='bbox 1245 4139 1489 4195; x_wconf 71' lang='lat' dir='ltr'><strong>offensus</strong></span> <span class='ocrx_word' id='word_1_614' title='bbox 1540 4156 1703 4210; x_wconf 91' lang='lat' dir='ltr'><strong>quam</strong></span> <span class='ocrx_word' id='word_1_615' title='bbox 1755 4140 2044 4198; x_wconf 75' lang='lat' dir='ltr'><strong>honoratus</strong></span> 
     </span>
    </p>
   </div>
   <div class='ocr_carea' id='block_1_79' title="bbox 2176 4137 3718 4216">
    <p class='ocr_par' dir='ltr' id='par_1_79' title="bbox 2180 4137 3718 4216">
     <span class='ocr_line' id='line_1_79' title="bbox 2180 4137 3718 4216; baseline -0.017 -3"><span class='ocrx_word' id='word_1_616' title='bbox 2180 4145 2244 4216; x_wconf 69' lang='grc' dir='ltr'>δὴ</span> <span class='ocrx_word' id='word_1_617' title='bbox 2264 4148 2313 4198; x_wconf 69' lang='grc' dir='ltr'>εἱ</span> <span class='ocrx_word' id='word_1_618' title='bbox 2339 4145 2568 4210; x_wconf 78' lang='grc' dir='ltr'>δέξεται,</span> <span class='ocrx_word' id='word_1_619' title='bbox 2594 4147 2641 4197; x_wconf 79' lang='grc' dir='ltr'>εἰ</span> <span class='ocrx_word' id='word_1_620' title='bbox 2666 4146 2804 4198; x_wconf 76' lang='grc' dir='ltr'>αἰδοῖ</span> <span class='ocrx_word' id='word_1_621' title='bbox 2823 4148 2888 4215; x_wconf 83' lang='grc' dir='ltr'>τῇ</span> <span class='ocrx_word' id='word_1_622' title='bbox 2914 4145 3049 4216; x_wconf 74' lang='grc' dir='ltr'>πρὸς</span> <span class='ocrx_word' id='word_1_623' title='bbox 3075 4145 3135 4197; x_wconf 75' lang='grc' dir='ltr'>σὲ</span> <span class='ocrx_word' id='word_1_624' title='bbox 3157 4146 3435 4213; x_wconf 84' lang='grc' dir='ltr'>κομιεῖται</span> <span class='ocrx_word' id='word_1_625' title='bbox 3460 4141 3556 4210; x_wconf 82' lang='grc' dir='ltr'>τὴν</span> <span class='ocrx_word' id='word_1_626' title='bbox 3580 4137 3718 4206; x_wconf 61' lang='grc' dir='ltr'>ὕϐριν</span> 
     </span>
    </p>
   </div>
   <div class='ocr_carea' id='block_1_80' title="bbox 500 4226 2042 4309">
    <p class='ocr_par' dir='ltr' id='par_1_80' title="bbox 500 4231 2042 4300">
     <span class='ocr_line' id='line_1_80' title="bbox 500 4231 2042 4300; baseline 0.001 -14"><span class='ocrx_word' id='word_1_627' title='bbox 500 4231 900 4286; x_wconf 89' lang='lat' dir='ltr'><strong>contumeliose</strong></span> <span class='ocrx_word' id='word_1_628' title='bbox 949 4238 1002 4285; x_wconf 91' lang='lat' dir='ltr'>te</span> <span class='ocrx_word' id='word_1_629' title='bbox 1050 4231 1263 4300; x_wconf 85' lang='lat' dir='ltr'><strong>rejiciet</strong></span> <span class='ocrx_word' id='word_1_630' title='bbox 1304 4248 1429 4285; x_wconf 90' lang='lat' dir='ltr'>eum</span> <span class='ocrx_word' id='word_1_631' title='bbox 1481 4232 1577 4286; x_wconf 89' lang='lat' dir='ltr'><strong>tali</strong></span> <span class='ocrx_word' id='word_1_632' title='bbox 1626 4232 1902 4288; x_wconf 90' lang='lat' dir='ltr'><strong>oblatione</strong></span> <span class='ocrx_word' id='word_1_633' title='bbox 1951 4242 2042 4288; x_wconf 87' lang='lat' dir='ltr'>tua</span> 
     </span>
    </p>
   </div>
   <div class='ocr_carea' id='block_1_81' title="bbox 2179 4226 3721 4309">
    <p class='ocr_par' dir='ltr' id='par_1_81' title="bbox 2181 4226 3721 4309">
     <span class='ocr_line' id='line_1_81' title="bbox 2181 4226 3721 4309; baseline -0.007 -18"><span class='ocrx_word' id='word_1_634' title='bbox 2181 4238 2298 4309; x_wconf 72' lang='grc' dir='ltr'>οὐχὶ</span> <span class='ocrx_word' id='word_1_635' title='bbox 2323 4238 2379 4291; x_wconf 85' lang='grc' dir='ltr'>δὲ</span> <span class='ocrx_word' id='word_1_636' title='bbox 2412 4238 2721 4291; x_wconf 80' lang='grc' dir='ltr'>τούναντίον</span> <span class='ocrx_word' id='word_1_637' title='bbox 2749 4237 2824 4302; x_wconf 83' lang='grc' dir='ltr'>ὡς</span> <span class='ocrx_word' id='word_1_638' title='bbox 2859 4239 2924 4292; x_wconf 82' lang='grc' dir='ltr'>ἂν</span> <span class='ocrx_word' id='word_1_639' title='bbox 2954 4236 3277 4307; x_wconf 82' lang='grc' dir='ltr'>ὑϐρισμένος</span> <span class='ocrx_word' id='word_1_640' title='bbox 3318 4233 3478 4305; x_wconf 78' lang='grc' dir='ltr'>παρὰ</span> <span class='ocrx_word' id='word_1_641' title='bbox 3505 4229 3592 4283; x_wconf 84' lang='grc' dir='ltr'>σοῦ</span> <span class='ocrx_word' id='word_1_642' title='bbox 3618 4226 3721 4297; x_wconf 68' lang='grc' dir='ltr'>μᾶλ-</span> 
     </span>
    </p>
   </div>
   <div class='ocr_carea' id='block_1_82' title="bbox 504 4316 2046 4401">
    <p class='ocr_par' dir='ltr' id='par_1_82' title="bbox 504 4318 2046 4392">
     <span class='ocr_line' id='line_1_82' title="bbox 504 4318 2046 4392; baseline 0.003 -20"><span class='ocrx_word' id='word_1_643' title='bbox 504 4318 887 4375; x_wconf 89' lang='lat' dir='ltr'><strong>Demonstrata</strong></span> <span class='ocrx_word' id='word_1_644' title='bbox 916 4335 1047 4374; x_wconf 89' lang='lat' dir='ltr'><strong>vero</strong></span> <span class='ocrx_word' id='word_1_645' title='bbox 1083 4329 1315 4390; x_wconf 89' lang='lat' dir='ltr'><strong>utraque</strong></span> <span class='ocrx_word' id='word_1_646' title='bbox 1344 4320 1682 4375; x_wconf 89' lang='lat' dir='ltr'><strong>absurditate</strong></span> <span class='ocrx_word' id='word_1_647' title='bbox 1726 4329 1840 4375; x_wconf 91' lang='lat' dir='ltr'>tum</span> <span class='ocrx_word' id='word_1_648' title='bbox 1880 4338 2046 4392; x_wconf 83' lang='lat' dir='ltr'><strong>panur</strong></span> 
     </span>
    </p>
   </div>
   <div class='ocr_carea' id='block_1_83' title="bbox 2181 4316 3723 4401">
    <p class='ocr_par' dir='ltr' id='par_1_83' title="bbox 2181 4316 3723 4401">
     <span class='ocr_line' id='line_1_83' title="bbox 2181 4316 3723 4401; baseline -0.007 -18"><span class='ocrx_word' id='word_1_649' title='bbox 2181 4329 2269 4383; x_wconf 89' lang='grc' dir='ltr'>λον</span> <span class='ocrx_word' id='word_1_650' title='bbox 2302 4330 2336 4400; x_wconf 81' lang='grc' dir='ltr'>ἢ</span> <span class='ocrx_word' id='word_1_651' title='bbox 2364 4329 2742 4400; x_wconf 85' lang='grc' dir='ltr'>τετιμημένος,</span> <span class='ocrx_word' id='word_1_652' title='bbox 2774 4316 3146 4401; x_wconf 73' lang='grc' dir='ltr'>προσυϐρίσας</span> <span class='ocrx_word' id='word_1_653' title='bbox 3178 4344 3235 4380; x_wconf 90' lang='grc' dir='ltr'>σε</span> <span class='ocrx_word' id='word_1_654' title='bbox 3265 4322 3582 4394; x_wconf 77' lang='grc' dir='ltr'>ἀποπέμψει</span> <span class='ocrx_word' id='word_1_655' title='bbox 3618 4316 3723 4389; x_wconf 74' lang='grc' dir='ltr'>μετὰ</span> 
     </span>
    </p>
   </div>
   <div class='ocr_carea' id='block_1_84' title="bbox 506 4409 2048 4490">
    <p class='ocr_par' dir='ltr' id='par_1_84' title="bbox 506 4410 2048 4481">
     <span class='ocr_line' id='line_1_84' title="bbox 506 4410 2048 4481; baseline 0.001 -17"><span class='ocrx_word' id='word_1_656' title='bbox 506 4418 623 4465; x_wconf 89' lang='lat' dir='ltr'>tum</span> <span class='ocrx_word' id='word_1_657' title='bbox 651 4411 1017 4474; x_wconf 80' lang='lat' dir='ltr'><strong>victimarum,</strong></span> <span class='ocrx_word' id='word_1_658' title='bbox 1040 4410 1190 4464; x_wconf 88' lang='lat' dir='ltr'><strong>addit</strong></span> <span class='ocrx_word' id='word_1_659' title='bbox 1220 4427 1232 4462; x_wconf 94' lang='lat'>:</span> <span class='ocrx_word' id='word_1_660' title='bbox 1270 4431 1287 4462; x_wconf 80' lang='grc' dir='ltr'>ι</span> <span class='ocrx_word' id='word_1_661' title='bbox 1309 4410 1464 4465; x_wconf 89' lang='lat' dir='ltr'><strong>Nunc</strong></span> <span class='ocrx_word' id='word_1_662' title='bbox 1487 4426 1618 4465; x_wconf 90' lang='lat' dir='ltr'><strong>vero</strong></span> <span class='ocrx_word' id='word_1_663' title='bbox 1650 4412 1859 4481; x_wconf 88' lang='lat' dir='ltr'><strong>placate</strong></span> <span class='ocrx_word' id='word_1_664' title='bbox 1887 4413 2048 4468; x_wconf 73' lang='lat' dir='ltr'><strong>faciei:</strong></span> 
     </span>
    </p>
   </div>
   <div class='ocr_carea' id='block_1_85' title="bbox 2181 4409 3723 4490">
    <p class='ocr_par' dir='ltr' id='par_1_85' title="bbox 2181 4409 3723 4490">
     <span class='ocr_line' id='line_1_85' title="bbox 2181 4409 3723 4490; baseline -0.006 -18"><span class='ocrx_word' id='word_1_665' title='bbox 2181 4419 2272 4473; x_wconf 83' lang='grc' dir='ltr'>τοῦ</span> <span class='ocrx_word' id='word_1_666' title='bbox 2319 4419 2811 4490; x_wconf 87' lang='grc' dir='ltr'>προσκομισθέντος</span> <span class='ocrx_word' id='word_1_667' title='bbox 2839 4420 2991 4490; x_wconf 73' lang='grc' dir='ltr'>ὄντος</span> <span class='ocrx_word' id='word_1_668' title='bbox 3036 4419 3312 4484; x_wconf 85' lang='grc' dir='ltr'>τοιούτου;</span> <span class='ocrx_word' id='word_1_669' title='bbox 3353 4418 3547 4481; x_wconf 79' lang='grc' dir='ltr'>Δείξας</span> <span class='ocrx_word' id='word_1_670' title='bbox 3585 4409 3723 4465; x_wconf 75' lang='grc' dir='ltr'>αὐτῶν</span> 
     </span>
    </p>
   </div>
   <div class='ocr_carea' id='block_1_86' title="bbox 504 4485 2046 4580">
    <p class='ocr_par' dir='ltr' id='par_1_86' title="bbox 504 4499 2046 4573">
     <span class='ocr_line' id='line_1_86' title="bbox 504 4499 2046 4573; baseline 0.004 -20"><span class='ocrx_word' id='word_1_671' title='bbox 504 4499 604 4557; x_wconf 90' lang='lat' dir='ltr'>Dei</span> <span class='ocrx_word' id='word_1_672' title='bbox 639 4502 829 4569; x_wconf 84' lang='lat' dir='ltr'><strong>vestri,</strong></span> <span class='ocrx_word' id='word_1_673' title='bbox 864 4515 1100 4573; x_wconf 89' lang='lat' dir='ltr'><strong>eumque</strong></span> <span class='ocrx_word' id='word_1_674' title='bbox 1130 4502 1520 4572; x_wconf 89' lang='lat' dir='ltr'><strong>deprecemini,</strong></span> <span class='ocrx_word' id='word_1_675' title='bbox 1549 4509 1608 4556; x_wconf 93' lang='lat' dir='ltr'>ut</span> <span class='ocrx_word' id='word_1_676' title='bbox 1630 4504 1796 4557; x_wconf 89' lang='lat' dir='ltr'><strong>vestri</strong></span> <span class='ocrx_word' id='word_1_677' title='bbox 1825 4505 2046 4560; x_wconf 87' lang='lat' dir='ltr'><strong>miserea</strong></span> 
     </span>
    </p>
   </div>
   <div class='ocr_carea' id='block_1_87' title="bbox 2182 4485 3724 4580">
    <p class='ocr_par' dir='ltr' id='par_1_87' title="bbox 2185 4485 3724 4580">
     <span class='ocr_line' id='line_1_87' title="bbox 2185 4485 3724 4580; baseline -0.008 -14"><span class='ocrx_word' id='word_1_678' title='bbox 2185 4485 2501 4580; x_wconf 67' lang='grc' dir='ltr'>ἀμφοτέρας</span> <span class='ocrx_word' id='word_1_679' title='bbox 2531 4485 2645 4574; x_wconf 40' lang='grc' dir='ltr'>’τὰς</span> <span class='ocrx_word' id='word_1_680' title='bbox 2684 4485 3039 4579; x_wconf 27' lang='grc' dir='ltr'>ἀτοπίαςκτήν</span> <span class='ocrx_word' id='word_1_681' title='bbox 3088 4527 3146 4562; x_wconf 85' lang='grc' dir='ltr'>τε</span> <span class='ocrx_word' id='word_1_682' title='bbox 3186 4507 3421 4561; x_wconf 78' lang='grc' dir='ltr'>ἐπὶτῶν</span> <span class='ocrx_word' id='word_1_683' title='bbox 3470 4506 3637 4577; x_wconf 80' lang='grc' dir='ltr'>ἄρτων</span> <span class='ocrx_word' id='word_1_684' title='bbox 3657 4500 3724 4553; x_wconf 71' lang='grc' dir='ltr'>καὶ</span> 
     </span>
    </p>
   </div>
   <div class='ocr_carea' id='block_1_88' title="bbox 503 4590 2045 4672">
    <p class='ocr_par' dir='ltr' id='par_1_88' title="bbox 503 4593 2045 4666">
     <span class='ocr_line' id='line_1_88' title="bbox 503 4593 2045 4666; baseline 0.004 -19"><span class='ocrx_word' id='word_1_685' title='bbox 503 4601 616 4648; x_wconf 89' lang='lat' dir='ltr'><strong>tur.</strong></span> <span class='ocrx_word' id='word_1_686' title='bbox 657 4612 677 4646; x_wconf 77' lang='grc' dir='ltr'>ι</span> <span class='ocrx_word' id='word_1_687' title='bbox 715 4593 827 4664; x_wconf 77' lang='lat' dir='ltr'>Age</span> <span class='ocrx_word' id='word_1_688' title='bbox 850 4594 964 4664; x_wconf 86' lang='lat' dir='ltr'><strong>jam</strong></span> <span class='ocrx_word' id='word_1_689' title='bbox 999 4594 1201 4649; x_wconf 89' lang='lat' dir='ltr'><strong>abhinc</strong></span> <span class='ocrx_word' id='word_1_690' title='bbox 1237 4595 1420 4664; x_wconf 87' lang='lat' dir='ltr'><strong>priora</strong></span> <span class='ocrx_word' id='word_1_691' title='bbox 1446 4595 1730 4651; x_wconf 88' lang='lat' dir='ltr'><strong>emendate</strong></span> <span class='ocrx_word' id='word_1_692' title='bbox 1758 4607 2000 4666; x_wconf 88' lang='lat' dir='ltr'><strong>peccata,</strong></span> <span class='ocrx_word' id='word_1_693' title='bbox 2029 4617 2045 4653; x_wconf 74' lang='grc' dir='ltr'>ε</span> 
     </span>
    </p>
   </div>
   <div class='ocr_carea' id='block_1_89' title="bbox 2181 4590 3723 4672">
    <p class='ocr_par' dir='ltr' id='par_1_89' title="bbox 2185 4590 3723 4672">
     <span class='ocr_line' id='line_1_89' title="bbox 2185 4590 3723 4672; baseline -0.008 -17"><span class='ocrx_word' id='word_1_694' title='bbox 2185 4600 2282 4672; x_wconf 82' lang='grc' dir='ltr'>τὴν</span> <span class='ocrx_word' id='word_1_695' title='bbox 2298 4603 2389 4655; x_wconf 74' lang='grc' dir='ltr'>ἐπὶ</span> <span class='ocrx_word' id='word_1_696' title='bbox 2409 4602 2515 4655; x_wconf 86' lang='grc' dir='ltr'>τῶν</span> <span class='ocrx_word' id='word_1_697' title='bbox 2532 4602 2804 4672; x_wconf 85' lang='grc' dir='ltr'>θυμάτων,</span> <span class='ocrx_word' id='word_1_698' title='bbox 2820 4604 3034 4670; x_wconf 81' lang='grc' dir='ltr'>ἐπάγει.</span> <span class='ocrx_word' id='word_1_699' title='bbox 3060 4619 3077 4651; x_wconf 77' lang='grc' dir='ltr'>ι</span> <span class='ocrx_word' id='word_1_700' title='bbox 3106 4601 3214 4654; x_wconf 85' lang='lat' dir='ltr'><strong>Kal</strong></span> <span class='ocrx_word' id='word_1_701' title='bbox 3229 4599 3323 4652; x_wconf 88' lang='grc' dir='ltr'>νῦν</span> <span class='ocrx_word' id='word_1_702' title='bbox 3340 4593 3668 4664; x_wconf 81' lang='grc' dir='ltr'>ἐξιλάσκεσθε</span> <span class='ocrx_word' id='word_1_703' title='bbox 3681 4590 3723 4643; x_wconf 68' lang='grc' dir='ltr'>τὸ</span> 
     </span>
    </p>
   </div>
   <div class='ocr_carea' id='block_1_90' title="bbox 503 4681 2045 4765">
    <p class='ocr_par' dir='ltr' id='par_1_90' title="bbox 503 4684 2044 4757">
     <span class='ocr_line' id='line_1_90' title="bbox 503 4684 2044 4757; baseline 0.003 -17"><span class='ocrx_word' id='word_1_704' title='bbox 503 4684 592 4742; x_wconf 89' lang='lat' dir='ltr'>his</span> <span class='ocrx_word' id='word_1_705' title='bbox 630 4687 879 4751; x_wconf 89' lang='lat' dir='ltr'><strong>omissis,</strong></span> <span class='ocrx_word' id='word_1_706' title='bbox 925 4687 1329 4757; x_wconf 66' lang='lat' dir='ltr'><strong>praeteritorum</strong></span> <span class='ocrx_word' id='word_1_707' title='bbox 1360 4687 1525 4741; x_wconf 90' lang='lat' dir='ltr'><strong>etiam</strong></span> <span class='ocrx_word' id='word_1_708' title='bbox 1575 4688 1848 4756; x_wconf 91' lang='lat' dir='ltr'><strong>postulate</strong></span> <span class='ocrx_word' id='word_1_709' title='bbox 1887 4705 1916 4742; x_wconf 92' lang='lat' dir='ltr'>a</span> <span class='ocrx_word' id='word_1_710' title='bbox 1970 4690 2044 4745; x_wconf 85' lang='lat' dir='ltr'>De</span> 
     </span>
    </p>
   </div>
   <div class='ocr_carea' id='block_1_91' title="bbox 2181 4681 3723 4765">
    <p class='ocr_par' dir='ltr' id='par_1_91' title="bbox 2186 4681 3723 4765">
     <span class='ocr_line' id='line_1_91' title="bbox 2186 4681 3723 4765; baseline -0.005 -20"><span class='ocrx_word' id='word_1_711' title='bbox 2186 4695 2473 4765; x_wconf 86' lang='grc' dir='ltr'>πρόσωπον</span> <span class='ocrx_word' id='word_1_712' title='bbox 2490 4692 2583 4746; x_wconf 84' lang='grc' dir='ltr'>τοῦ</span> <span class='ocrx_word' id='word_1_713' title='bbox 2604 4693 2737 4747; x_wconf 88' lang='grc' dir='ltr'>Θεοῦ</span> <span class='ocrx_word' id='word_1_714' title='bbox 2760 4696 2788 4746; x_wconf 86' lang='grc' dir='ltr'>ὑ</span> <span class='ocrx_word' id='word_1_715' title='bbox 2797 4693 2933 4762; x_wconf 84' lang='grc' dir='ltr'>μῶν,</span> <span class='ocrx_word' id='word_1_716' title='bbox 2962 4693 3055 4745; x_wconf 71' lang='grc' dir='ltr'>καὶ</span> <span class='ocrx_word' id='word_1_717' title='bbox 3075 4690 3299 4762; x_wconf 82' lang='grc' dir='ltr'>δεήθητε</span> <span class='ocrx_word' id='word_1_718' title='bbox 3328 4688 3521 4755; x_wconf 79' lang='grc' dir='ltr'>αὑτοῦ,</span> <span class='ocrx_word' id='word_1_719' title='bbox 3539 4690 3606 4757; x_wconf 91' lang='lat' dir='ltr'>(p.</span> <span class='ocrx_word' id='word_1_720' title='bbox 3629 4681 3723 4746; x_wconf 69' lang='lat'>5“)</span> 
     </span>
    </p>
   </div>
   <div class='ocr_carea' id='block_1_92' title="bbox 501 4773 2043 4855">
    <p class='ocr_par' dir='ltr' id='par_1_92' title="bbox 501 4778 2043 4849">
     <span class='ocr_line' id='line_1_92' title="bbox 501 4778 2043 4849; baseline 0.003 -16"><span class='ocrx_word' id='word_1_721' title='bbox 501 4778 741 4834; x_wconf 86' lang='lat' dir='ltr'><strong>veniam.</strong></span> <span class='ocrx_word' id='word_1_722' title='bbox 758 4779 938 4849; x_wconf 90' lang='lat' dir='ltr'><strong>lisque</strong></span> <span class='ocrx_word' id='word_1_723' title='bbox 955 4780 1148 4834; x_wconf 91' lang='lat' dir='ltr'><strong>merito</strong></span> <span class='ocrx_word' id='word_1_724' title='bbox 1165 4780 1414 4833; x_wconf 89' lang='lat' dir='ltr'><strong>timorem</strong></span> <span class='ocrx_word' id='word_1_725' title='bbox 1438 4780 1727 4845; x_wconf 88' lang='lat' dir='ltr'><strong>incutiens,</strong></span> <span class='ocrx_word' id='word_1_726' title='bbox 1740 4800 1759 4832; x_wconf 81' lang='grc' dir='ltr'>ι</span> <span class='ocrx_word' id='word_1_727' title='bbox 1784 4780 1839 4836; x_wconf 93' lang='lat' dir='ltr'>ln</span> <span class='ocrx_word' id='word_1_728' title='bbox 1856 4784 2043 4838; x_wconf 76' lang='lat' dir='ltr'><strong>vestris</strong></span> 
     </span>
    </p>
   </div>
   <div class='ocr_carea' id='block_1_93' title="bbox 2182 4773 3724 4855">
    <p class='ocr_par' dir='ltr' id='par_1_93' title="bbox 2185 4773 3724 4855">
     <span class='ocr_line' id='line_1_93' title="bbox 2185 4773 3724 4855; baseline -0.006 -20"><span class='ocrx_word' id='word_1_729' title='bbox 2185 4784 2273 4837; x_wconf 83' lang='grc' dir='ltr'>ἵνα</span> <span class='ocrx_word' id='word_1_730' title='bbox 2304 4784 2498 4855; x_wconf 74' lang='grc' dir='ltr'>ἐλεήσῃ</span> <span class='ocrx_word' id='word_1_731' title='bbox 2526 4785 2689 4855; x_wconf 80' lang='grc' dir='ltr'>ὑμᾶς.</span> <span class='ocrx_word' id='word_1_732' title='bbox 2732 4804 2751 4836; x_wconf 74' lang='grc' dir='ltr'>ι</span> <span class='ocrx_word' id='word_1_733' title='bbox 2800 4783 2957 4847; x_wconf 64' lang='lat' dir='ltr'><strong>mm</strong></span> <span class='ocrx_word' id='word_1_734' title='bbox 2986 4782 3095 4853; x_wconf 85' lang='grc' dir='ltr'>γὰρ</span> <span class='ocrx_word' id='word_1_735' title='bbox 3134 4780 3237 4834; x_wconf 83' lang='grc' dir='ltr'>κᾶν</span> <span class='ocrx_word' id='word_1_736' title='bbox 3274 4782 3387 4843; x_wconf 84' lang='grc' dir='ltr'>τοῖς</span> <span class='ocrx_word' id='word_1_737' title='bbox 3428 4780 3567 4851; x_wconf 75' lang='grc' dir='ltr'>μετὰ</span> <span class='ocrx_word' id='word_1_738' title='bbox 3590 4773 3724 4829; x_wconf 66' lang='grc' dir='ltr'>ταῦτα</span> 
     </span>
    </p>
   </div>
   <div class='ocr_carea' id='block_1_94' title="bbox 504 4864 2046 4947">
    <p class='ocr_par' dir='ltr' id='par_1_94' title="bbox 504 4864 2046 4940">
     <span class='ocr_line' id='line_1_94' title="bbox 504 4864 2046 4940; baseline 0.002 -15"><span class='ocrx_word' id='word_1_739' title='bbox 504 4867 709 4940; x_wconf 88' lang='lat' dir='ltr'><strong>inquit,</strong></span> <span class='ocrx_word' id='word_1_740' title='bbox 756 4870 1011 4925; x_wconf 90' lang='lat' dir='ltr'><strong>manibus</strong></span> <span class='ocrx_word' id='word_1_741' title='bbox 1043 4870 1159 4925; x_wconf 68' lang='lat' dir='ltr'><strong>haec</strong></span> <span class='ocrx_word' id='word_1_742' title='bbox 1189 4878 1335 4926; x_wconf 85' lang='lat' dir='ltr'><strong>sunt.</strong></span> <span class='ocrx_word' id='word_1_743' title='bbox 1372 4889 1391 4923; x_wconf 76' lang='grc' dir='ltr'>ι</span> <span class='ocrx_word' id='word_1_744' title='bbox 1436 4864 1649 4926; x_wconf 83' lang='lat' dir='ltr'><strong>Recens</strong></span> <span class='ocrx_word' id='word_1_745' title='bbox 1678 4880 1763 4926; x_wconf 85' lang='lat' dir='ltr'>est</span> <span class='ocrx_word' id='word_1_746' title='bbox 1795 4874 2046 4928; x_wconf 91' lang='lat' dir='ltr'><strong>calamita</strong></span> 
     </span>
    </p>
   </div>
   <div class='ocr_carea' id='block_1_95' title="bbox 2184 4864 3726 4947">
    <p class='ocr_par' dir='ltr' id='par_1_95' title="bbox 2184 4867 3726 4947">
     <span class='ocr_line' id='line_1_95' title="bbox 2184 4867 3726 4947; baseline -0.009 -19"><span class='ocrx_word' id='word_1_747' title='bbox 2184 4873 2561 4947; x_wconf 84' lang='grc' dir='ltr'>διωρθώσασθε</span> <span class='ocrx_word' id='word_1_748' title='bbox 2581 4876 2647 4929; x_wconf 84' lang='grc' dir='ltr'>τὰ</span> <span class='ocrx_word' id='word_1_749' title='bbox 2669 4874 2903 4946; x_wconf 88' lang='grc' dir='ltr'>πρόσθεν</span> <span class='ocrx_word' id='word_1_750' title='bbox 2925 4874 3076 4945; x_wconf 82' lang='grc' dir='ltr'>ὑμῶν</span> <span class='ocrx_word' id='word_1_751' title='bbox 3102 4873 3502 4943; x_wconf 83' lang='grc' dir='ltr'>ἁμαρτήματα,</span> <span class='ocrx_word' id='word_1_752' title='bbox 3522 4867 3611 4922; x_wconf 68' lang='grc' dir='ltr'>καὶ</span> <span class='ocrx_word' id='word_1_753' title='bbox 3628 4880 3726 4917; x_wconf 57' lang='grc' dir='ltr'>παν</span> 
     </span>
    </p>
   </div>
   <div class='ocr_carea' id='block_1_96' title="bbox 502 4957 2044 5039">
    <p class='ocr_par' dir='ltr' id='par_1_96' title="bbox 502 4960 2044 5033">
     <span class='ocr_line' id='line_1_96' title="bbox 502 4960 2044 5033; baseline 0.003 -18"><span class='ocrx_word' id='word_1_754' title='bbox 502 4969 620 5016; x_wconf 86' lang='lat' dir='ltr'>tum</span> <span class='ocrx_word' id='word_1_755' title='bbox 666 4960 1025 5031; x_wconf 82' lang='lat' dir='ltr'><strong>experientia,</strong></span> <span class='ocrx_word' id='word_1_756' title='bbox 1066 4961 1122 5016; x_wconf 92' lang='lat' dir='ltr'>in</span> <span class='ocrx_word' id='word_1_757' title='bbox 1170 4977 1310 5032; x_wconf 89' lang='lat' dir='ltr'><strong>quas</strong></span> <span class='ocrx_word' id='word_1_758' title='bbox 1340 4963 1503 5033; x_wconf 90' lang='lat' dir='ltr'><strong>paulo</strong></span> <span class='ocrx_word' id='word_1_759' title='bbox 1550 4971 1677 5018; x_wconf 89' lang='lat' dir='ltr'><strong>ante</strong></span> <span class='ocrx_word' id='word_1_760' title='bbox 1712 4964 1983 5021; x_wconf 88' lang='lat' dir='ltr'><strong>incidistis</strong></span> <span class='ocrx_word' id='word_1_761' title='bbox 2016 4982 2044 5021; x_wconf 82' lang='grc' dir='ltr'>ο</span> 
     </span>
    </p>
   </div>
   <div class='ocr_carea' id='block_1_97' title="bbox 2184 4957 3726 5039">
    <p class='ocr_par' dir='ltr' id='par_1_97' title="bbox 2186 4957 3726 5039">
     <span class='ocr_line' id='line_1_97' title="bbox 2186 4957 3726 5039; baseline -0.003 -19"><span class='ocrx_word' id='word_1_762' title='bbox 2186 4968 2408 5039; x_wconf 87' lang='grc' dir='ltr'>σάμενοι</span> <span class='ocrx_word' id='word_1_763' title='bbox 2455 4967 2548 5020; x_wconf 88' lang='grc' dir='ltr'>τοῦ</span> <span class='ocrx_word' id='word_1_764' title='bbox 2594 4968 2817 5020; x_wconf 88' lang='grc' dir='ltr'>τοιαῦτα</span> <span class='ocrx_word' id='word_1_765' title='bbox 2862 4964 3302 5039; x_wconf 85' lang='grc' dir='ltr'>διαπράττεσθαι,</span> <span class='ocrx_word' id='word_1_766' title='bbox 3344 4964 3428 5016; x_wconf 83' lang='grc' dir='ltr'>ἔτι</span> <span class='ocrx_word' id='word_1_767' title='bbox 3477 4965 3608 5030; x_wconf 78' lang='grc' dir='ltr'>ὑπὲρ</span> <span class='ocrx_word' id='word_1_768' title='bbox 3644 4957 3726 5009; x_wconf 69' lang='grc' dir='ltr'>τῶν</span> 
     </span>
    </p>
   </div>
   <div class='ocr_carea' id='block_1_98' title="bbox 502 5046 2044 5130">
    <p class='ocr_par' dir='ltr' id='par_1_98' title="bbox 502 5052 2044 5126">
     <span class='ocr_line' id='line_1_98' title="bbox 502 5052 2044 5126; baseline 0.005 -19"><span class='ocrx_word' id='word_1_769' title='bbox 502 5052 671 5109; x_wconf 89' lang='lat' dir='ltr'><strong>debiti</strong></span> <span class='ocrx_word' id='word_1_770' title='bbox 702 5053 864 5108; x_wconf 78' lang='lat' dir='ltr'><strong>cilicii</strong></span> <span class='ocrx_word' id='word_1_771' title='bbox 908 5054 1315 5125; x_wconf 83' lang='lat' dir='ltr'><strong>negligentiam,</strong></span> <span class='ocrx_word' id='word_1_772' title='bbox 1361 5071 1594 5126; x_wconf 91' lang='lat' dir='ltr'><strong>quorum</strong></span> <span class='ocrx_word' id='word_1_773' title='bbox 1646 5057 1917 5126; x_wconf 76' lang='lat' dir='ltr'><strong>praecipue</strong></span> <span class='ocrx_word' id='word_1_774' title='bbox 1966 5075 2044 5115; x_wconf 88' lang='lat' dir='ltr'>me</span> 
     </span>
    </p>
   </div>
   <div class='ocr_carea' id='block_1_99' title="bbox 2182 5046 3724 5130">
    <p class='ocr_par' dir='ltr' id='par_1_99' title="bbox 2182 5046 3724 5130">
     <span class='ocr_line' id='line_1_99' title="bbox 2182 5046 3724 5130; baseline -0.006 -19"><span class='ocrx_word' id='word_1_775' title='bbox 2182 5058 2629 5130; x_wconf 85' lang='grc' dir='ltr'>παρεληλυθότων</span> <span class='ocrx_word' id='word_1_776' title='bbox 2656 5060 2917 5130; x_wconf 85' lang='grc' dir='ltr'>αίτήσατε</span> <span class='ocrx_word' id='word_1_777' title='bbox 2941 5058 3265 5128; x_wconf 86' lang='grc' dir='ltr'>συγγνώμης</span> <span class='ocrx_word' id='word_1_778' title='bbox 3288 5060 3476 5127; x_wconf 79' lang='grc' dir='ltr'>τυχεῖν</span> <span class='ocrx_word' id='word_1_779' title='bbox 3499 5053 3638 5122; x_wconf 76' lang='grc' dir='ltr'>παρὰ</span> <span class='ocrx_word' id='word_1_780' title='bbox 3656 5046 3724 5102; x_wconf 67' lang='grc' dir='ltr'>τα]</span> 
     </span>
    </p>
   </div>
   <div class='ocr_carea' id='block_1_100' title="bbox 502 5143 2044 5221">
    <p class='ocr_par' dir='ltr' id='par_1_100' title="bbox 502 5143 2044 5218">
     <span class='ocr_line' id='line_1_100' title="bbox 502 5143 2044 5218; baseline 0.003 -18"><span class='ocrx_word' id='word_1_781' title='bbox 502 5158 686 5200; x_wconf 90' lang='lat' dir='ltr'><strong>mores</strong></span> <span class='ocrx_word' id='word_1_782' title='bbox 714 5143 955 5198; x_wconf 89' lang='lat' dir='ltr'><strong>studium</strong></span> <span class='ocrx_word' id='word_1_783' title='bbox 997 5160 1159 5200; x_wconf 90' lang='lat' dir='ltr'><strong>omne</strong></span> <span class='ocrx_word' id='word_1_784' title='bbox 1193 5145 1468 5200; x_wconf 88' lang='lat' dir='ltr'><strong>honestati</strong></span> <span class='ocrx_word' id='word_1_785' title='bbox 1497 5145 1711 5202; x_wconf 85' lang='lat' dir='ltr'><strong>debetis</strong></span> <span class='ocrx_word' id='word_1_786' title='bbox 1746 5147 2044 5218; x_wconf 64' lang='lat' dir='ltr'><strong>impendere</strong></span> 
     </span>
    </p>
   </div>
   <div class='ocr_carea' id='block_1_101' title="bbox 2182 5143 3724 5221">
    <p class='ocr_par' dir='ltr' id='par_1_101' title="bbox 2182 5144 3724 5221">
     <span class='ocr_line' id='line_1_101' title="bbox 2182 5144 3724 5221; baseline -0.005 -18"><span class='ocrx_word' id='word_1_787' title='bbox 2182 5150 2334 5203; x_wconf 87' lang='grc' dir='ltr'>Θεοῦ.</span> <span class='ocrx_word' id='word_1_788' title='bbox 2362 5153 2470 5204; x_wconf 78' lang='grc' dir='ltr'>Καὶ</span> <span class='ocrx_word' id='word_1_789' title='bbox 2506 5151 2685 5221; x_wconf 77' lang='grc' dir='ltr'>φοϐῶν</span> <span class='ocrx_word' id='word_1_790' title='bbox 2709 5152 2932 5216; x_wconf 84' lang='grc' dir='ltr'>εἰκότως</span> <span class='ocrx_word' id='word_1_791' title='bbox 2952 5168 2964 5181; x_wconf 82' lang='lat'><strong><em>°</em></strong></span> <span class='ocrx_word' id='word_1_792' title='bbox 3001 5170 3021 5203; x_wconf 75' lang='grc' dir='ltr'>ι</span> <span class='ocrx_word' id='word_1_793' title='bbox 3061 5151 3149 5204; x_wconf 88' lang='grc' dir='ltr'>Ἐν</span> <span class='ocrx_word' id='word_1_794' title='bbox 3178 5151 3362 5221; x_wconf 77' lang='grc' dir='ltr'>χερσὶν</span> <span class='ocrx_word' id='word_1_795' title='bbox 3392 5148 3549 5219; x_wconf 80' lang='grc' dir='ltr'>ὑμῶν</span> <span class='ocrx_word' id='word_1_796' title='bbox 3573 5144 3724 5215; x_wconf 83' lang='grc' dir='ltr'>γέγονε</span> 
     </span>
    </p>
   </div>
   <div class='ocr_carea' id='block_1_102' title="bbox 510 5235 2052 5314">
    <p class='ocr_par' dir='ltr' id='par_1_102' title="bbox 510 5235 2049 5305">
     <span class='ocr_line' id='line_1_102' title="bbox 510 5235 2049 5305; baseline 0.005 -19"><span class='ocrx_word' id='word_1_797' title='bbox 510 5254 530 5286; x_wconf 78' lang='grc' dir='ltr'>ι</span> <span class='ocrx_word' id='word_1_798' title='bbox 576 5235 659 5291; x_wconf 85' lang='lat' dir='ltr'><strong>An</strong></span> <span class='ocrx_word' id='word_1_799' title='bbox 685 5250 752 5290; x_wconf 79' lang='lat' dir='ltr'><strong>ex</strong></span> <span class='ocrx_word' id='word_1_800' title='bbox 792 5236 953 5290; x_wconf 89' lang='lat' dir='ltr'><strong>vobis</strong></span> <span class='ocrx_word' id='word_1_801' title='bbox 994 5235 1293 5305; x_wconf 87' lang='lat' dir='ltr'><strong>suspiciam</strong></span> <span class='ocrx_word' id='word_1_802' title='bbox 1322 5235 1491 5291; x_wconf 83' lang='lat' dir='ltr'><strong>facies</strong></span> <span class='ocrx_word' id='word_1_803' title='bbox 1530 5238 1779 5292; x_wconf 89' lang='lat' dir='ltr'><strong>vestras?</strong></span> <span class='ocrx_word' id='word_1_804' title='bbox 1815 5240 1951 5294; x_wconf 90' lang='lat' dir='ltr'><strong>dicit</strong></span> <span class='ocrx_word' id='word_1_805' title='bbox 1974 5240 2049 5295; x_wconf 87' lang='lat' dir='ltr'>Do</span> 
     </span>
    </p>
   </div>
   <div class='ocr_carea' id='block_1_103' title="bbox 2181 5235 3723 5314">
    <p class='ocr_par' dir='ltr' id='par_1_103' title="bbox 2181 5240 3723 5314">
     <span class='ocr_line' id='line_1_103' title="bbox 2181 5240 3723 5314; baseline -0.005 -20"><span class='ocrx_word' id='word_1_806' title='bbox 2181 5242 2371 5296; x_wconf 84' lang='grc' dir='ltr'>ταῦτα.</span> <span class='ocrx_word' id='word_1_807' title='bbox 2406 5262 2424 5294; x_wconf 77' lang='grc' dir='ltr'>ι</span> <span class='ocrx_word' id='word_1_808' title='bbox 2471 5243 2729 5312; x_wconf 77' lang='grc' dir='ltr'>Ἐγγύθεν</span> <span class='ocrx_word' id='word_1_809' title='bbox 2756 5244 2864 5314; x_wconf 84' lang='grc' dir='ltr'>γὰρ</span> <span class='ocrx_word' id='word_1_810' title='bbox 2886 5244 3036 5314; x_wconf 78' lang='grc' dir='ltr'>ἔχετε</span> <span class='ocrx_word' id='word_1_811' title='bbox 3059 5244 3168 5296; x_wconf 83' lang='grc' dir='ltr'>τῶν</span> <span class='ocrx_word' id='word_1_812' title='bbox 3198 5242 3384 5296; x_wconf 84' lang='grc' dir='ltr'>κακῶν</span> <span class='ocrx_word' id='word_1_813' title='bbox 3413 5242 3511 5310; x_wconf 77' lang='grc' dir='ltr'>τὴν</span> <span class='ocrx_word' id='word_1_814' title='bbox 3534 5240 3723 5303; x_wconf 77' lang='grc' dir='ltr'>πεῖραν·</span> 
     </span>
    </p>
   </div>
   <div class='ocr_carea' id='block_1_104' title="bbox 506 5327 2048 5408">
    <p class='ocr_par' dir='ltr' id='par_1_104' title="bbox 506 5327 2048 5402">
     <span class='ocr_line' id='line_1_104' title="bbox 506 5327 2048 5402; baseline 0.006 -22"><span class='ocrx_word' id='word_1_815' title='bbox 506 5328 689 5386; x_wconf 87' lang='lat' dir='ltr'><strong>minus</strong></span> <span class='ocrx_word' id='word_1_816' title='bbox 713 5329 1086 5399; x_wconf 84' lang='lat' dir='ltr'><strong>omnipotens.</strong></span> <span class='ocrx_word' id='word_1_817' title='bbox 1124 5347 1143 5381; x_wconf 74' lang='grc' dir='ltr'>ι</span> <span class='ocrx_word' id='word_1_818' title='bbox 1175 5327 1315 5383; x_wconf 83' lang='lat' dir='ltr'><strong>Hinc</strong></span> <span class='ocrx_word' id='word_1_819' title='bbox 1345 5328 1511 5399; x_wconf 76' lang='lat'>369</span> <span class='ocrx_word' id='word_1_820' title='bbox 1538 5328 1752 5384; x_wconf 88' lang='lat' dir='ltr'><strong>debetis</strong></span> <span class='ocrx_word' id='word_1_821' title='bbox 1787 5346 2048 5402; x_wconf 75' lang='lat' dir='ltr'><strong>cegnosce</strong></span> 
     </span>
    </p>
   </div>
   <div class='ocr_carea' id='block_1_105' title="bbox 2183 5327 3725 5408">
    <p class='ocr_par' dir='ltr' id='par_1_105' title="bbox 2183 5328 3725 5408">
     <span class='ocr_line' id='line_1_105' title="bbox 2183 5328 3725 5408; baseline -0.008 -20"><span class='ocrx_word' id='word_1_822' title='bbox 2183 5328 2259 5399; x_wconf 81' lang='grc' dir='ltr'>οἷς</span> <span class='ocrx_word' id='word_1_823' title='bbox 2287 5335 2348 5389; x_wconf 84' lang='grc' dir='ltr'>οὐ</span> <span class='ocrx_word' id='word_1_824' title='bbox 2379 5336 2486 5408; x_wconf 85' lang='grc' dir='ltr'>πρὸ</span> <span class='ocrx_word' id='word_1_825' title='bbox 2502 5335 2695 5389; x_wconf 81' lang='grc' dir='ltr'>πολλοῦ</span> <span class='ocrx_word' id='word_1_826' title='bbox 2721 5334 3173 5407; x_wconf 84' lang='grc' dir='ltr'>περιπεπτώκατε</span> <span class='ocrx_word' id='word_1_827' title='bbox 3210 5334 3296 5387; x_wconf 86' lang='grc' dir='ltr'>διὰ</span> <span class='ocrx_word' id='word_1_828' title='bbox 3327 5334 3426 5403; x_wconf 75' lang='grc' dir='ltr'>τὴν</span> <span class='ocrx_word' id='word_1_829' title='bbox 3462 5329 3555 5383; x_wconf 84' lang='grc' dir='ltr'>τοῦ</span> <span class='ocrx_word' id='word_1_830' title='bbox 3593 5341 3725 5396; x_wconf 72' lang='grc' dir='ltr'>προς-</span> 
     </span>
    </p>
   </div>
   <div class='ocr_carea' id='block_1_106' title="bbox 507 5419 2049 5499">
    <p class='ocr_par' dir='ltr' id='par_1_106' title="bbox 507 5420 2049 5495">
     <span class='ocr_line' id='line_1_106' title="bbox 507 5420 2049 5495; baseline 0.003 -20"><span class='ocrx_word' id='word_1_831' title='bbox 507 5435 587 5483; x_wconf 87' lang='lat' dir='ltr'>re,</span> <span class='ocrx_word' id='word_1_832' title='bbox 621 5438 709 5477; x_wconf 90' lang='lat' dir='ltr'>me</span> <span class='ocrx_word' id='word_1_833' title='bbox 739 5437 810 5477; x_wconf 90' lang='lat' dir='ltr'>ne</span> <span class='ocrx_word' id='word_1_834' title='bbox 849 5436 998 5476; x_wconf 90' lang='lat' dir='ltr'><strong>nunc</strong></span> <span class='ocrx_word' id='word_1_835' title='bbox 1049 5420 1274 5492; x_wconf 89' lang='lat' dir='ltr'><strong>quidem</strong></span> <span class='ocrx_word' id='word_1_836' title='bbox 1322 5436 1421 5476; x_wconf 89' lang='lat' dir='ltr'>vos</span> <span class='ocrx_word' id='word_1_837' title='bbox 1457 5429 1769 5490; x_wconf 86' lang='lat' dir='ltr'><strong>peccantes,</strong></span> <span class='ocrx_word' id='word_1_838' title='bbox 1828 5434 2049 5495; x_wconf 45' lang='lat' dir='ltr'><strong>respect‘</strong></span> 
     </span>
    </p>
   </div>
   <div class='ocr_carea' id='block_1_107' title="bbox 2182 5419 3724 5499">
    <p class='ocr_par' dir='ltr' id='par_1_107' title="bbox 2182 5419 3724 5499">
     <span class='ocr_line' id='line_1_107' title="bbox 2182 5419 3724 5499; baseline -0.019 -5"><span class='ocrx_word' id='word_1_839' title='bbox 2182 5427 2405 5498; x_wconf 81' lang='grc' dir='ltr'>ήκοντος</span> <span class='ocrx_word' id='word_1_840' title='bbox 2450 5427 2728 5497; x_wconf 82' lang='grc' dir='ltr'>ἀμέλειαν,</span> <span class='ocrx_word' id='word_1_841' title='bbox 2763 5421 2837 5481; x_wconf 83' lang='grc' dir='ltr'>ὧν</span> <span class='ocrx_word' id='word_1_842' title='bbox 2855 5430 2921 5499; x_wconf 81' lang='grc' dir='ltr'>τῇ</span> <span class='ocrx_word' id='word_1_843' title='bbox 2950 5428 3136 5498; x_wconf 80' lang='grc' dir='ltr'>μνήμῃ</span> <span class='ocrx_word' id='word_1_844' title='bbox 3169 5426 3401 5497; x_wconf 78' lang='grc' dir='ltr'>μάλιστα</span> <span class='ocrx_word' id='word_1_845' title='bbox 3418 5424 3593 5474; x_wconf 81' lang='grc' dir='ltr'>πᾶσαν</span> <span class='ocrx_word' id='word_1_846' title='bbox 3614 5419 3724 5487; x_wconf 78' lang='grc' dir='ltr'>ἔχειν</span> 
     </span>
    </p>
   </div>
   <div class='ocr_carea' id='block_1_108' title="bbox 506 5510 2048 5590">
    <p class='ocr_par' dir='ltr' id='par_1_108' title="bbox 506 5510 2048 5583">
     <span class='ocr_line' id='line_1_108' title="bbox 506 5510 2048 5583; baseline 0.003 -18"><span class='ocrx_word' id='word_1_847' title='bbox 506 5510 701 5581; x_wconf 77' lang='lat' dir='ltr'><strong>dignos</strong></span> <span class='ocrx_word' id='word_1_848' title='bbox 756 5511 1093 5579; x_wconf 88' lang='lat' dir='ltr'><strong>habiturum,</strong></span> <span class='ocrx_word' id='word_1_849' title='bbox 1134 5511 1241 5568; x_wconf 91' lang='lat' dir='ltr'><strong>nisi</strong></span> <span class='ocrx_word' id='word_1_850' title='bbox 1282 5510 1602 5583; x_wconf 64' lang='lat' dir='ltr'><strong>paenitendo</strong></span> <span class='ocrx_word' id='word_1_851' title='bbox 1648 5511 1844 5568; x_wconf 87' lang='lat' dir='ltr'><strong>delicta</strong></span> <span class='ocrx_word' id='word_1_852' title='bbox 1903 5526 2048 5571; x_wconf 86' lang='lat' dir='ltr'><strong>vestr</strong></span> 
     </span>
    </p>
   </div>
   <div class='ocr_carea' id='block_1_109' title="bbox 2183 5510 3725 5590">
    <p class='ocr_par' dir='ltr' id='par_1_109' title="bbox 2184 5512 3725 5590">
     <span class='ocr_line' id='line_1_109' title="bbox 2184 5512 3725 5590; baseline -0.005 -20"><span class='ocrx_word' id='word_1_853' title='bbox 2184 5519 2330 5589; x_wconf 79' lang='grc' dir='ltr'>ὑμᾶς</span> <span class='ocrx_word' id='word_1_854' title='bbox 2366 5519 2685 5587; x_wconf 85' lang='grc' dir='ltr'>ἐπιμέλειαν</span> <span class='ocrx_word' id='word_1_855' title='bbox 2712 5520 2973 5590; x_wconf 82' lang='grc' dir='ltr'>προσήκει</span> <span class='ocrx_word' id='word_1_856' title='bbox 3010 5518 3104 5570; x_wconf 88' lang='grc' dir='ltr'>τοῦ</span> <span class='ocrx_word' id='word_1_857' title='bbox 3143 5516 3329 5570; x_wconf 86' lang='grc' dir='ltr'>καλοῦ.</span> <span class='ocrx_word' id='word_1_858' title='bbox 3362 5535 3383 5565; x_wconf 77' lang='grc' dir='ltr'>ι</span> <span class='ocrx_word' id='word_1_859' title='bbox 3427 5516 3494 5567; x_wconf 83' lang='grc' dir='ltr'><strong>Εἰ</strong></span> <span class='ocrx_word' id='word_1_860' title='bbox 3523 5512 3725 5581; x_wconf 57' lang='grc' dir='ltr'>λήψομαι</span> 
     </span>
    </p>
   </div>
   <div class='ocr_carea' id='block_1_110' title="bbox 500 5602 3722 5681">
    <p class='ocr_par' dir='ltr' id='par_1_110' title="bbox 500 5602 3722 5681">
     <span class='ocr_line' id='line_1_110' title="bbox 500 5602 3722 5681; baseline 0 -24"><span class='ocrx_word' id='word_1_861' title='bbox 500 5602 824 5659; x_wconf 82' lang='lat' dir='ltr'><strong>emendetis.</strong></span> <span class='ocrx_word' id='word_1_862' title='bbox 2186 5610 2247 5675; x_wconf 78' lang='grc' dir='ltr'>ἐξ</span> <span class='ocrx_word' id='word_1_863' title='bbox 2268 5611 2421 5681; x_wconf 84' lang='grc' dir='ltr'>ὑμῶν</span> <span class='ocrx_word' id='word_1_864' title='bbox 2436 5612 2702 5680; x_wconf 85' lang='grc' dir='ltr'>πρόσωπα</span> <span class='ocrx_word' id='word_1_865' title='bbox 2723 5610 2895 5681; x_wconf 81' lang='grc' dir='ltr'>ὑμῶν,</span> <span class='ocrx_word' id='word_1_866' title='bbox 2913 5610 3058 5679; x_wconf 88' lang='grc' dir='ltr'>λέγει</span> <span class='ocrx_word' id='word_1_867' title='bbox 3080 5604 3687 5679; x_wconf 74' lang='grc' dir='ltr'>Κύριοςπαντοκράτωρ-</span> <span class='ocrx_word' id='word_1_868' title='bbox 3707 5613 3722 5644; x_wconf 80' lang='grc'><strong><em>³</em></strong></span> 
     </span>
    </p>
   </div>
   <div class='ocr_carea' id='block_1_111' title="bbox 519 5687 3727 5773">
    <p class='ocr_par' dir='ltr' id='par_1_111' title="bbox 519 5687 3727 5773">
     <span class='ocr_line' id='line_1_111' title="bbox 519 5687 3727 5773; baseline 0.001 -29"><span class='ocrx_word' id='word_1_869' title='bbox 519 5693 636 5761; x_wconf 66' lang='grc' dir='ltr'>Ἀφ’</span> <span class='ocrx_word' id='word_1_870' title='bbox 664 5687 740 5747; x_wconf 81' lang='grc' dir='ltr'>ὧν</span> <span class='ocrx_word' id='word_1_871' title='bbox 771 5695 1014 5764; x_wconf 78' lang='grc' dir='ltr'>ὀφείλετε</span> <span class='ocrx_word' id='word_1_872' title='bbox 1057 5694 1272 5759; x_wconf 77' lang='grc' dir='ltr'>εἰδέναι,</span> <span class='ocrx_word' id='word_1_873' title='bbox 1301 5693 1378 5755; x_wconf 83' lang='grc' dir='ltr'>ὡς</span> <span class='ocrx_word' id='word_1_874' title='bbox 1416 5692 1540 5746; x_wconf 78' lang='grc' dir='ltr'>οὐδὲ</span> <span class='ocrx_word' id='word_1_875' title='bbox 1569 5692 1663 5747; x_wconf 87' lang='grc' dir='ltr'>νῦν</span> <span class='ocrx_word' id='word_1_876' title='bbox 1687 5694 1830 5764; x_wconf 82' lang='grc' dir='ltr'>ὑμᾶς</span> <span class='ocrx_word' id='word_1_877' title='bbox 1866 5696 2274 5769; x_wconf 86' lang='grc' dir='ltr'>ἁμαρτάνοντας</span> <span class='ocrx_word' id='word_1_878' title='bbox 2304 5701 2713 5773; x_wconf 82' lang='grc' dir='ltr'>αίδεσθήσομαι,</span> <span class='ocrx_word' id='word_1_879' title='bbox 2772 5704 2819 5756; x_wconf 88' lang='grc' dir='ltr'>εί</span> <span class='ocrx_word' id='word_1_880' title='bbox 2864 5702 2939 5772; x_wconf 85' lang='grc' dir='ltr'>μὴ</span> <span class='ocrx_word' id='word_1_881' title='bbox 2968 5698 3296 5773; x_wconf 83' lang='grc' dir='ltr'>μεταμελεία</span> <span class='ocrx_word' id='word_1_882' title='bbox 3323 5697 3449 5750; x_wconf 79' lang='grc' dir='ltr'>τινὰ</span> <span class='ocrx_word' id='word_1_883' title='bbox 3474 5692 3727 5763; x_wconf 73' lang='grc' dir='ltr'>διόρθωσιν</span> 
     </span>
    </p>
   </div>
   <div class='ocr_carea' id='block_1_112' title="bbox 508 5780 1883 5859">
    <p class='ocr_par' dir='ltr' id='par_1_112' title="bbox 508 5780 1883 5859">
     <span class='ocr_line' id='line_1_112' title="bbox 508 5780 1883 5859; baseline -0.001 -18"><span class='ocrx_word' id='word_1_884' title='bbox 508 5780 840 5852; x_wconf 69' lang='grc' dir='ltr'>ἐπαγάγοιτε</span> <span class='ocrx_word' id='word_1_885' title='bbox 867 5789 978 5853; x_wconf 84' lang='grc' dir='ltr'>τοῖς</span> <span class='ocrx_word' id='word_1_886' title='bbox 1012 5784 1517 5858; x_wconf 82' lang='grc' dir='ltr'>πλημμελουμένοις</span> <span class='ocrx_word' id='word_1_887' title='bbox 1550 5786 1678 5859; x_wconf 78' lang='grc' dir='ltr'>παρ’</span> <span class='ocrx_word' id='word_1_888' title='bbox 1712 5785 1883 5857; x_wconf 76' lang='grc' dir='ltr'>ὑμῶν.</span> 
     </span>
    </p>
   </div>
   <div class='ocr_carea' id='block_1_113' title="bbox 2313 5933 2377 5943">
    <p class='ocr_par' dir='ltr' id='par_1_113' title="bbox 2313 5933 2377 5943">
     <span class='ocr_line' id='line_1_113' title="bbox 2313 5933 2377 5943; baseline 0.016 -3"><span class='ocrx_word' id='word_1_889' title='bbox 2313 5933 2377 5943; x_wconf 44' lang='grc' dir='ltr'>-ι--οἋ</span> 
     </span>
    </p>
   </div>
  </div>
