3904 6524
541 323 650 378 607

1707 343 2060 405 THEODOBI
2086 349 2565 412 MOPSUESTENI
3658 377 3740 436 608

543 437 843 503 sacriﬁcet,
885 439 953 506 is,
1001 442 1242 514 inquam,
1293 463 1507 504 summa
1563 453 1761 524 dignus
1794 475 1954 529 pmna
1986 474 2070 519 est

545 531 671 558 ιιι-ἶ-
719 530 824 558 ηιυι
861 535 1094 558 ,μη-εἷα-..
1135 536 1399 558 J-___:,,,,.,
1449 544 1460 555 ν
1571 554 1581 558 -
1788 555 1796 558 .
1880 554 1891 558 -

2225 467 2319 520 καὶ
2346 462 2458 522 οἷον
2496 472 2867 542 προσάγεσθαι
2912 476 3122 547 πρέπον
3158 477 3277 549 Θεῷ
3299 494 3311 510 ·
3357 497 3448 534 και
3493 487 3630 538 τοῦτο
3666 493 3744 558 μὲν

542 531 674 601 quia
717 530 826 586 Deo
859 535 1098 588 omnium
1130 536 1484 608 dominatori,
1532 554 1589 600 et
1617 555 1833 607 cunctis
1879 554 2119 610 homini-

543 620 648 675 bus
699 621 770 676 ob
824 625 1310 698 propr-immatura?
1367 639 1795 704 magnitudinem
1857 646 2116 715 cognito,

538 710 752 780 copiam
787 713 863 768 rei
888 713 1067 784 digna:
1102 718 1332 787 habens,
1369 723 1694 785 deteriorem
1724 732 1902 790 offert.

1197 1047 1350 1105 CAP.
1394 1053 1458 1107 ll.

605 1167 772 1227 Vens.
809 1175 857 1238 ι,
889 1175 943 1229 2.
978 1210 1045 1221 -
1076 1198 1097 1232 ι
1139 1181 1202 1236 Et
1233 1201 1383 1242 nunc
1414 1191 1729 1246 mandatum
1760 1194 1862 1250 hoc
1897 1198 1964 1252 ad
1992 1215 2110 1264 vus,

538 1278 573 1315 0
613 1267 971 1324 sacerdotes:
1005 1271 1121 1328 Nisi
1156 1278 1463 1343 audieritis,
1513 1292 1566 1337 et
1594 1285 1699 1340 nisi
1736 1291 2028 1357 posueritis
2059 1295 2111 1347 in

535 1356 701 1411 corde
729 1368 910 1415 vestro
940 1363 1068 1420 dare
1109 1368 1336 1437 gloriam
1381 1374 1587 1429 nomini
1627 1394 1769 1442 meo,
1813 1384 1888 1436 ait
1929 1383 2114 1440 Domi-

535 1460 641 1500 nus
677 1450 1055 1520 omnipotens,
1091 1460 1302 1513 mittam
1334 1477 1501 1532 super
1529 1482 1624 1522 vos
1651 1470 2106 1538 maledictionein,

532 1542 589 1588 et
620 1537 936 1594 maledicam
963 1545 1334 1604 henedictioni
1365 1563 1575 1617 vestrae,
1604 1568 1656 1612 et
1679 1561 1994 1617 mali-dicam
2027 1567 2107 1621 ei:

531 1632 586 1678 et
613 1626 770 1698 371
805 1632 1090 1705 dissipabo
1132 1640 1566 1701 benedictionem
1603 1659 1863 1718 vestram,
1909 1667 1962 1710 et
2003 1673 2107 1712 non

530 1718 641 1772 erit
682 1721 736 1774 in
782 1724 958 1790 vobis,
995 1731 1124 1798 quia
1168 1749 1265 1788 vos
1316 1752 1425 1791 non
1459 1740 1663 1808 ponitis
1716 1744 1768 1798 in
1817 1749 1984 1804 corde
2012 1767 2103 1805 ve-

531 1816 669 1865 stro.
713 1829 733 1864 »
772 1811 850 1869 Ειι
879 1833 980 1887 ego
1009 1820 1122 1875 haec
1151 1821 1219 1877 de
1255 1826 1407 1881 vobis
1437 1806 1696 1895 decerno,
1727 1835 1820 1903 qui
1851 1840 2105 1892 sacerdo-
2136 1806 2178 1860 Β

535 1903 629 1956 tali
677 1904 983 1964 ministerio
1032 1912 1352 1984 fungimini;
1402 1922 1548 1989 quod
1591 1924 1695 1977 nisi
1740 1943 1887 1982 nunc
1929 1932 2106 1987 velitis

533 1994 725 2050 sedulo
767 1998 930 2056 dictis
975 2005 1111 2059 meis
1150 2010 1451 2074 attendere,
1495 2022 1548 2067 et
1581 2018 1870 2072 ministerii
1906 2022 2108 2075 seduli-

431 2095 440 2104 '
533 2091 644 2140 tate
666 2087 902 2146 debitam
927 2104 1451 2171 convenientemque
1474 2103 1582 2160 Deo
1606 2109 1834 2177 gloriam
1859 2115 2103 2180 reddere,

534 2179 825 2233 maximam
853 2184 1007 2239 vobis
1035 2201 1250 2255 pmnani
1287 2191 1516 2247 inl'eram
1545 2215 1560 2261 ;
1585 2208 1637 2251 et
1668 2200 1815 2255 hunc
1845 2204 2104 2262 honorem

531 2282 642 2335 quo
681 2269 899 2327 interim
947 2275 1217 2344 fruimini,
1265 2284 1316 2336 in
1375 2285 1615 2343 dedecus
1655 2301 1707 2345 et
1739 2309 2104 2352 aerumnarum

530 2364 964 2430 experimentum
991 2382 1306 2428 convertam
1333 2396 1348 2443 ;
1379 2379 1642 2452 vobisque
1670 2399 1886 2442 omnem
1917 2407 2103 2446 sacer-

533 2452 767 2509 dotalem
808 2457 1090 2516 detraham
1133 2465 1421 2531 honorem,
1461 2473 1533 2526 ita
1581 2483 1642 2528 ut
1673 2492 1833 2532 nemo
1864 2490 2104 2538 vestrum

530 2542 781 2616 dignitati
815 2549 943 2606 huic
984 2557 1261 2611 succedat.
1295 2559 1447 2616 Patet
1489 2566 1632 2620 enim
1673 2569 2102 2626 maledictionein

529 2634 641 2690 dici
669 2654 768 2706 pro
798 2656 956 2710 pcena
1001 2654 1054 2700 et
1083 2665 1455 2706 aerumnarum
1495 2658 1865 2725 experimento
1897 2683 1911 2717 :
1943 2665 2102 2720 bene-

527 2727 824 2786 dictionem
875 2752 1027 2800 νει-ο,
1088 2755 1188 2809 pro
1250 2743 1518 2799 honorum
1568 2747 1847 2807 frnitione.
1905 2755 2106 2820 Quam-

527 2818 717 2874 obrem
754 2824 834 2879 sic
858 2830 1226 2884 sacerdotium
1260 2851 1479 2906 quoque
1503 2843 1759 2908 appellat,
1791 2860 1890 2898 ceu
1933 2847 2104 2901 bono-

528 2924 651 2962 rum
681 2915 980 2971 multorum
1007 2935 1229 2977 causam
1265 2934 1378 2979 tum
1411 2929 1494 2984 his
1517 2931 1609 2999 qui
1638 2934 1769 2987 illud
1802 2940 2101 3005 possident,

526 3006 643 3055 tum
685 3005 851 3060 etlam
905 3009 1016 3066 illis
1065 3028 1299 3082 quorum
1352 3021 1527 3088 gratia
1571 3023 1624 3076 id
1679 3032 1918 3082 exerceri
1968 3049 2102 3086 cmi-

525 3095 708 3167 tingit.

597 3275 765 3334 Vens.
799 3281 854 3340 5.
888 3283 941 3338 4.
970 3315 1041 3324 --
1075 3284 1278 3344 Deinde
1312 3291 1382 3345 ob
1413 3295 1586 3365 magis
1615 3297 2100 3360 demonstrandam

527 3367 955 3439 indignationem
1015 3394 1194 3444 suam,
1231 3399 1250 3432 ι
1288 3382 1428 3438 Ecce
1487 3401 1608 3456 ego,
1665 3390 1762 3456 ait,
1813 3395 2100 3462 projiciam

527 3456 852 3525 humerum,
913 3473 966 3518 et
1006 3467 1315 3540 dispergam
1379 3479 1744 3533 ventriculum
1815 3483 1869 3536 in
1931 3483 2101 3541 facies

527 3558 760 3618 vestras,
784 3563 839 3609 et
867 3559 1162 3628 suscipiam
1201 3579 1298 3618 vos
1325 3566 1378 3618 in
1405 3567 1454 3621 id
1493 3571 1695 3639 ipsum.
1733 3593 1753 3626 ι
1785 3575 2098 3634 Mandatum

524 3649 642 3694 erat
673 3657 703 3696 a
732 3644 868 3715 lege,
911 3658 967 3702 ut
1008 3653 1164 3719 quasi
1209 3656 1442 3712 electum
1471 3661 1715 3731 aliquod,
1750 3681 2100 3738 separaretnr

528 3730 638 3788 Deo
669 3735 951 3795 humerus.
997 3741 1156 3798 Haud
1202 3747 1344 3801 ultra
1392 3730 1656 3820 igiturine
1685 3757 1787 3812 hoc
1819 3761 2037 3830 quidem
2069 3781 2098 3817 a

526 3825 681 3881 vobis
743 3830 1041 3902 recipiam;
1101 3840 1304 3893 etenim
1363 3845 1512 3898 nulla
1569 3861 1628 3902 re
1673 3864 1773 3919 ego
1824 3851 2096 3922 indigens,

524 3921 779 3980 utilitatis
816 3937 1013 3982 vestra:
1043 3936 1218 4000 gratia
1246 3937 1324 3991 sic
1357 3937 1473 3993 ﬁeri
1505 3941 1916 4000 constitueram.
1941 3945 2099 4001 Nunc

521 4021 704 4069 autem
735 4019 861 4086 quia
891 4029 1100 4077 tantum
1134 4027 1238 4081 mei
1280 4040 1655 4101 contemptum
1697 4037 2008 4100 ostenditis,
2043 4048 2100 4091 nt

519 4119 608 4162 me
648 4123 712 4164 re
767 4112 863 4165 tali
917 4113 1186 4172 honorare
1229 4123 1454 4190 putetis,
1505 4124 1792 4181 humerum
1837 4129 2096 4183 nimirum

519 4199 656 4253 mihi
699 4201 995 4271 oﬂ‘erendo,
1041 4210 1196 4266 vobis
1240 4212 1386 4269 hunc
1431 4223 1704 4287 retroago,
1743 4226 1802 4272 ut
1851 4220 2100 4289 indigna-

518 4289 686 4346 tionis
730 4308 862 4348 mem
914 4309 1299 4367 argumentum
1354 4305 1510 4360 vobis
1550 4309 1858 4365 exhibeam.
1910 4309 2096 4365 Sinam

521 4395 652 4435 vero
682 4399 779 4439 vos
811 4385 914 4441 hoc
941 4390 1104 4444 etiam
1130 4395 1279 4448 vesci
1315 4411 1438 4450 cum
1472 4398 1788 4452 animalium
1822 4411 2096 4471 stercore;

521 4478 780 4542 quoniam
842 4479 944 4534 hoc
991 4496 1022 4534 a
1076 4483 1235 4539 vobis
1299 4487 1354 4539 in
1420 4487 1860 4545 solemnitatibus
1920 4492 2100 4547 oll‘erri

520 4565 748 4636 dignum
770 4581 874 4634 est,
907 4589 1046 4642 quas
1071 4577 1314 4646 nequitia
1337 4579 1583 4648 polluitis
1603 4598 1618 4648 ;
1640 4597 2097 4654 communemque

521 4655 592 4708 ob
643 4673 706 4710 ea
765 4675 888 4728 quae
925 4663 1118 4732 egistis
1167 4681 1385 4735 pcenam
1423 4668 1714 4726 adducam.
1751 4669 1805 4725 ld
1837 4673 1982 4726 enim
2022 4675 2095 4727 si-

519 4747 774 4817 gniﬁcant
829 4754 1068 4816 verba,i
1100 4759 1394 4827 suscipiam
1457 4776 1555 4816 vos
1607 4761 1661 4815 in
1715 4762 1769 4816 id
1821 4765 2022 4834 ipsum.
2063 4785 2082 4818 ι

525 4857 546 4889 ι
583 4840 644 4892 Et
696 4842 901 4905 scietis,
937 4846 1084 4914 quod
1127 4861 1230 4918 ego
1280 4847 1545 4905 Dominus
1592 4853 1838 4908 miserim
1892 4854 1961 4909 ad
1999 4871 2095 4912 vos

521 4944 852 5002 praeceptum
898 4937 1020 5000 hoc,
1061 4946 1119 4992 ut
1170 4949 1318 4995 esset
1373 4951 1764 4999 testamentum
1810 4961 1991 5003 meum
2028 4951 2094 5002 ad

519 5025 734 5090 levitas,
767 5026 901 5082 dicit
933 5028 1197 5085 Dominus
1226 5034 1594 5104 omnipotens.
1636 5056 1654 5089 ι
1689 5037 1843 5092 Tunc
1871 5056 1937 5094 ex
1970 5055 2096 5095 cor-

518 5114 751 5186 ripiente
769 5118 932 5189 372
960 5136 1056 5175 vos
1089 5122 1387 5192 ignominia
1427 5141 1698 5198 pmnaque
1724 5141 1982 5186 accurate
2009 5147 2099 5186 eo-

517 5209 793 5277 gnoscetis
817 5219 1159 5280 potentatum
1190 5215 1558 5288 virtutemque
1599 5235 1808 5284 meam;
1856 5232 1910 5276 et
1947 5223 2094 5292 quod

518 5313 618 5366 ego
645 5300 782 5356 bene
821 5301 1056 5358 faciendi
1095 5305 1253 5361 vobis
1283 5321 1448 5363 causa
1486 5309 1600 5377 jam
1648 5311 1772 5364 inde
1821 5313 1890 5366 ab
1937 5313 2094 5368 initio

519 5388 585 5441 ad
620 5389 1015 5446 sacerdotalem
1058 5396 1234 5450 extuli
1258 5395 1615 5466 dignitatem;
1664 5400 1777 5454 haec
1812 5402 2093 5458 vobiscum

519 5477 726 5536 hedera
774 5495 1134 5553 componens,
1190 5497 1247 5539 ut
1298 5501 1565 5543 concesso
1623 5504 1650 5542 a
1706 5507 1794 5546 me
1853 5493 2095 5552 fruentes

522 5566 753 5633 honore,
781 5580 982 5626 cuncta
1014 5572 1082 5626 ad
1115 5573 1408 5628 utilitatem
1446 5577 1681 5644 ageretis
1721 5579 1940 5634 illorum
1968 5597 2095 5651 pro-

524 5665 641 5728 pter
677 5675 817 5731 quos
861 5663 1234 5719 sacerdotium
1277 5666 1494 5721 tenetis.
1556 5664 1666 5723 Vos
1713 5685 1842 5724 vero
1890 5672 2092 5728 nullius

524 5750 639 5806 hac
675 5753 831 5824 pensi
863 5753 1156 5824 habuistis,
1187 5758 1279 5813 sed
1315 5758 1498 5812 datum
1534 5759 1686 5815 vobis
1730 5763 2094 5820 conculcastis

2221 566 2281 617 οὺ
2317 567 2629 637 προσάγων,
2669 569 2870 639 φαῦλον
2901 571 2960 624 δέ
3000 591 3052 626 τι
3097 575 3189 628 καὶ
3221 575 3599 645 διεφθαρμένον
3631 581 3741 638 θύων

2221 658 2299 728 τῷ
2331 659 2469 729 Θεῷ,
2507 660 2608 730 τῆς
2653 663 2888 734 ἐσχάτης
2929 665 3077 730 ἄξιός
3119 668 3235 718 ἐστι
3279 669 3565 738 τιμωρίαςο
3592 667 3740 748 ἐπειδὴ

2218 750 2338 814 Θεῷ
2369 751 2587 805 πάντων
2618 753 2970 823 βασιλεύοντι,
3004 757 3098 808 καὶ
3127 755 3277 826 παρά
3299 758 3462 810 πᾶσιν
3487 757 3740 830 ἀνθρώποις

2219 841 2420 911 ὁμοίως
2469 843 2563 895 ἐπὶ
2590 844 2668 912 τῷ
2699 843 2918 927 μεγέθει
2952 845 3050 914 τῆς
3090 848 3295 911 οἰκείας
3338 850 3741 927 ἐγνωσμένῳφύ-

2220 948 2376 992 σεως.
2414 932 2658 1002 εὐπορῶν
2689 926 2763 986 ὧν
2799 933 2896 1000 δεῖ,
2939 936 3202 1005 προσάγει
3235 939 3304 991 τὰ
3336 939 3412 1010 μὴ
3443 943 3662 998 τοιαῦτα.

2845 1073 3002 1126 ΚΕΦ.
3043 1073 3117 1126 B’.

2293 1199 2442 1269 Στίχ.
2485 1207 2557 1265 α’,
2590 1200 2654 1271 β’.
2684 1231 2754 1242 -
2796 1220 2814 1254 ι
2855 1203 2967 1257 Καὶ
3014 1203 3108 1258 νῦν
3155 1207 3187 1276 ή
3233 1205 3422 1277 ἐντολὴ
3468 1205 3596 1278 αὕτη
3639 1214 3740 1283 πρδε

2217 1292 2361 1360 ὑμᾶς
2382 1330 2398 1356 ,
2417 1291 2466 1344 οί
2481 1292 2664 1362 ἱερεῖς’
2683 1292 2809 1348 Ἐὰν
2823 1295 2897 1366 μὴ
2909 1293 3178 1365 ἀκούσητε
3189 1295 3282 1348 καὶ
3298 1294 3393 1347 ἐὰν
3412 1293 3486 1365 μὴ
3527 1299 3663 1353 θέσθε
3684 1306 3741 1366 είς

2212 1383 2311 1452 τὴν
2346 1383 2572 1454 καρδίαν
2617 1385 2773 1455 ὑμῶν
2812 1385 2875 1438 τὸ
2905 1385 3086 1440 δοῦναι
3115 1387 3272 1453 δόξαν
3297 1388 3376 1458 τῷ
3413 1389 3621 1459 ὀνόματί
3647 1410 3740 1462 μου,

2212 1474 2358 1543 λέγει
2415 1477 2618 1548 Κύριος
2682 1479 3102 1550 παντοκράτωρο
3160 1480 3254 1533 καὶ
3305 1482 3636 1547 ἐξαποστελῶ
3679 1488 3743 1552 ἐφ’

2213 1565 2356 1635 ὑμᾶς
2395 1566 2494 1637 τὴν
2543 1569 2807 1638 κατάραν,
2852 1571 2946 1622 καί
2993 1571 3466 1642 ἐπικαταράσομαι
3509 1571 3598 1641 τὴν
3624 1574 3739 1625 εὐλο-

2211 1659 2333 1726 γίαν
2361 1660 2534 1728 ὑμῶν,
2567 1661 2659 1714 καὶ
2689 1663 3068 1733 καταράσομαι
3100 1663 3289 1732 αὐτὴν,
3319 1666 3414 1716 καὶ
3452 1663 3742 1719 διασκεδάσω

2211 1754 2310 1820 τὴν
2340 1751 2588 1819 εὐλογίαν
2616 1753 2768 1822 ὑμῶν
2791 1772 2804 1784 ο
2833 1755 2928 1807 καὶ
2957 1755 3058 1808 οὐκ
3080 1755 3231 1808 ἔσται
3251 1757 3310 1807 ἐν
3332 1756 3487 1824 ὑμῖν,
3518 1756 3595 1807 ὅτι
3620 1757 3742 1826 ὑμεῖς

2211 1840 2271 1892 οὐ
2305 1840 2515 1892 τίθεσθε
2547 1841 2636 1893 ἐπὶ
2676 1842 2897 1913 καρδίας
2937 1845 3108 1913 ὑμῶν.
3151 1865 3170 1896 ι
3207 1853 3282 1915 (p.
3319 1845 3444 1914 5H)
3491 1845 3639 1898 Ἀλλὰ
3661 1847 3744 1918 γὰρ

2214 1929 2321 1982 ἰδοὺ
2372 1929 2544 1983 ταῦτα
2587 1933 2713 2002 περὶ
2764 1932 2917 2002 ὑμῶν
2970 1935 3337 2006 ἀποφαίνομαι
3382 1935 3496 1988 τῶν
3548 1937 3630 1988 ἐπὶ
3666 1939 3743 2006 τῆς

2210 2019 2492 2089 ἱερατικῆς
2543 2021 2896 2074 καθεστώτων
2951 2023 3323 2095 λειτουργίας·
3360 2025 3444 2078 ὅτι
3486 2026 3533 2078 εἰ
3568 2025 3634 2096 μὴ
3674 2025 3745 2078 νῦν

2207 2111 2338 2179 γοῦν
2371 2111 2714 2183 βουληθείητε
2746 2116 2947 2186 σπουδῇ
2993 2119 3103 2180 τοῖς
3147 2119 3275 2187 παρ’
3303 2115 3438 2186 ἐμοῦ
3479 2116 3744 2185 λεγομένοις

2210 2204 2516 2273 προσέχειν,
2549 2205 2642 2258 κα)⁵
2696 2209 2760 2276 τῇ
2806 2207 2904 2276 τῆς
2945 2206 3283 2279 λειτουργίας
3342 2206 3626 2278 ἐπιμελείᾳ
3671 2209 3745 2277 τὴν

2208 2295 2586 2365 προσήκουσάν
2635 2313 2692 2348 τε
2728 2297 2822 2349 καὶ
2866 2297 3220 2369 ὀφειλομένην
3265 2299 3527 2352 ἀποτῖσαι
3555 2299 3626 2368 τῷ
3655 2299 3745 2366 Θεῷ

2206 2385 2382 2449 δόξαν,
2421 2386 2680 2459 μεγίστην
2704 2390 2832 2460 ὑμῖν
2853 2390 3038 2456 ἐπάξω
3054 2392 3343 2461 τιμωρίαν,
3373 2392 3472 2444 καὶ
3505 2391 3599 2462 τὴν
3616 2394 3744 2462 τιμὴν

2206 2477 2263 2529 δὲ
2299 2476 2503 2549 ταύτην
2548 2474 2614 2550 ἦς
2667 2481 2968 2534 ἀπολαύετε
3006 2481 3121 2546 νῦν,
3172 2485 3256 2546 είς
3303 2484 3533 2554 ἀτιμίαν
3579 2501 3631 2537 τε
3674 2487 3745 2536 καὶ

2209 2571 2403 2640 πεῖραν
2439 2573 2762 2643 μεταστήσω
2796 2577 3003 2638 κακῶν,
3041 2572 3224 2629 πᾶσάν
3246 2593 3304 2628 τε
3335 2576 3496 2645 ὑμῶν
3524 2577 3616 2647 τὴν
3637 2577 3747 2646 ἱερα-

2205 2663 2362 2732 τικὴν
2389 2663 2572 2731 ἀφελῶ
2603 2666 2788 2735 τιμὴν,
2813 2666 2887 2729 ὡς
2923 2668 3127 2736 μηδένα
3158 2668 3218 2731 ἐξ
3246 2669 3400 2740 ὑμῶν
3437 2669 3518 2722 ἔτι
3548 2670 3748 2739 διάδοχον

2206 2755 2303 2824 τῆς
2340 2753 2494 2818 ἀξίας
2527 2756 2778 2822 γενέσθαι
2812 2756 3015 2826 ταύτης
3041 2774 3054 2787 ·
3086 2758 3306 2830 εὔδηλον
3365 2761 3480 2832 γὰρ
3519 2762 3597 2814 ὅτι
3645 2778 3748 2814 κατ-

2206 2847 2342 2914 άραν
2361 2845 2458 2916 μὲν
2484 2845 2580 2916 τὴν
2605 2848 2870 2917 τιμωρίαν
2903 2848 3070 2916 λέγει,
3089 2850 3180 2903 καὶ
3211 2851 3306 2921 τὴν
3332 2855 3530 2922 πεῖραν
3557 2853 3652 2904 τῶν
3674 2870 3747 2905 κα-

2206 2936 2346 2988 κῶν·
2386 2937 2632 3006 εὐλογίαν
2660 2937 2740 3004 δὲ,
2776 2939 2884 2991 τῶν
2923 2941 3142 3007 ἀγαθῶν
3170 2942 3269 3013 τὴν
3300 2944 3598 2996 ἀπόλαυσιν
3616 2961 3628 2974 ⁶
3653 2944 3748 2996 ὅθεν

2204 3027 2345 3081 οὕτω
2373 3030 2468 3082 καὶ
2497 3030 2595 3100 τὴν
2631 3030 2929 3100 ἱερωσύνην
2969 3033 3246 3102 ὀνομάζει,
3278 3035 3354 3098 ὡς
3385 3035 3601 3088 πολλῶν
3638 3037 3740 3102 ἀγα-

2131 3149 2173 3204 C
2209 3121 2314 3175 θῶν
2341 3123 2519 3176 αἰτίαν
2551 3127 2661 3187 τοῖς
2692 3141 2754 3176 τε
2774 3125 2956 3194 ἔχουσι
2989 3128 3080 3180 καὶ
3112 3131 3222 3191 τοῖς
3250 3129 3391 3199 ὑπὲρ
3417 3123 3496 3182 ῶν
3526 3129 3749 3182 ἐπιτελεῖ-

2208 3214 2329 3268 σθαι
2361 3233 2423 3268 συ
2432 3216 2674 3286 μὸέδηκε
2703 3218 2924 3289 ταύτην.

2277 3305 2423 3374 Στίχ.
2455 3305 2523 3372 γ’,
2545 3306 2692 3359 δ’.-
2719 3302 2853 3360 Εἶτα
2886 3309 2965 3371 εἰς
2998 3308 3216 3378 μείζονα
3244 3308 3472 3374 ἔνδειξιν
3495 3311 3590 3379 τῆς
3617 3311 3748 3378 ἀγαν-

2205 3398 2486 3466 ακτήσεως
2517 3398 2614 3468 τῆς
2643 3399 2848 3462 οἰκείας
2867 3418 2911 3450 ἰ
2952 3400 3083 3452 Ἰδοὺ
3132 3399 3242 3469 ἐγὼ
3263 3403 3516 3472 ἀφορίξω
3545 3404 3662 3474 ὑμῖν
3683 3403 3754 3456 τὸν

2204 3481 2375 3556 ὦμον,
2407 3488 2500 3541 καὶ
2527 3490 2770 3560 σκορπιῶ
2804 3490 3059 3564 ἔνυστρον
3083 3493 3177 3543 ἐπὶ
3210 3493 3276 3546 τά
3308 3494 3583 3563 πρόσωπα
3610 3495 3749 3562 ὑμῶν,

2203 3579 2298 3630 καὶ
2316 3578 2556 3650 λήψομαι
2576 3580 2720 3650 ὑμᾶς
2749 3583 2828 3644 είς
2846 3582 2907 3634 τὸ
2932 3582 3083 3635 αὑτό.
3112 3601 3130 3633 ι
3153 3584 3600 3654 Κεκελευσμένον
3629 3581 3685 3654 ἦν
3713 3587 3754 3634 ὲν

2200 3669 2281 3744 τῷ
2315 3672 2464 3741 νόμῳ
2488 3670 2562 3735 ῶς
2594 3689 2647 3724 τι
2678 3673 2953 3745 ἐξαίρετον
2983 3676 3046 3728 ἐκ
3073 3675 3180 3728 τῶν
3202 3675 3408 3728 Θυσιῶν
3438 3675 3753 3747 ἀφαιρεῖσθαι

2202 3761 2281 3832 τῷ
2296 3762 2413 3832 Θεῷ
2429 3763 2518 3816 τὸν
2538 3757 2707 3833 ὦμον·
2725 3764 3235 3838 Οὐκέτιοῦν,φησ“ιν,
3255 3767 3376 3819 οὐδὲ
3399 3766 3758 3834 τοῦτοδέξομιι

2204 3857 2332 3924 παρ’
2351 3856 2380 3907 ὑ
2387 3856 2523 3924 μῶν,
2539 3855 2663 3908 ἐπεί⁵
2683 3855 2844 3926 μηδὲν
2859 3856 3110 3928 δεόμενος
3129 3859 3209 3920 εἰς
3225 3856 3504 3928 ὠφέλειαν
3521 3857 3758 3928 ὑμετέραν

2200 3945 2532 4016 διεταξάμην
2580 3944 2723 3999 οὕτω
2765 3946 3040 4014 γίνεσθαιο
3083 3948 3268 4019 ἐπειδὴ
3298 3947 3354 4000 δὲ
3395 3949 3460 4001 ἐν
3518 3945 3757 4004 τοσούτοις

2200 4035 2300 4106 τὴν
2329 4038 2455 4107 περὶ
2489 4037 2589 4106 ἐμὲ
2622 4037 2927 4101 δεικνύντες
2974 4039 3252 4110 ἀμέλειαν,
3284 4037 3468 4109 τούτῳ
3502 4057 3575 4102 με
3609 4034 3756 4090 οἴεσθε

2199 4129 2386 4197 τιμᾷν,
2417 4127 2495 4197 τῷ
2529 4128 2622 4182 τὸν
2649 4122 2800 4198 ὦμον
2837 4130 3093 4200 ἀφαιρεῖν
3128 4147 3238 4200 μοι,
3273 4131 3404 4201 ὑμῖν
3449 4130 3615 4184 αὐτὸν
3648 4130 3754 4183 ἀπο-

2202 4219 2439 4289 στρέφω,
2467 4218 2566 4290 τῆς
2588 4221 3016 4292 ἀγανακτήσεως
3037 4221 3256 4292 ἔλεγχον
3287 4223 3664 4292 παρεχόμενος
3683 4221 3758 4288 τῆς

2201 4310 2365 4380 ἐμῆς·
2403 4309 2547 4364 ἐάσω
2582 4311 2636 4364 δὲ
2667 4312 2810 4382 ὑμᾶς
2841 4311 3184 4382 καρποῦσθαι
3215 4312 3502 4366 καὶτοῦτο
3532 4310 3666 4382 μετὰ
3682 4311 3760 4376 τῆς

2200 4401 2404 4471 κόπρου
2433 4401 2540 4454 τῶν
2569 4401 2720 4465 ζώων
2741 4417 2752 4429 ⁸
2788 4403 2975 4474 ἐπειδὴ
3001 4403 3158 4457 τοῦτο
3180 4404 3307 4472 ὑμῖν
3335 4403 3398 4456 ἐν
3433 4407 3564 4466 ταῖς
3581 4405 3759 4470 ἑορταῖς

2140 4493 2182 4546 D
2207 4493 2574 4562 προσάγεσθαι
2603 4494 2828 4564 πρέπον,
2854 4494 2929 4564 (p.
2956 4494 3081 4564 548)
3103 4494 3168 4558 ἃς
3193 4496 3258 4565 τῇ
3284 4494 3461 4566 κακίᾳ
3481 4493 3595 4547 τῶν
3621 4508 3762 4565 πρατ-

2197 4584 2436 4652 τομένων
2471 4583 2748 4654 μολύνετε,
2783 4587 2968 4656 κοινήν
3000 4603 3062 4639 τε
3097 4586 3301 4639 ἅπασιν
3335 4587 3474 4656 ὑμῖν
3510 4588 3609 4655 τὴν
3647 4584 3760 4651 ὑπὲρ

2196 4674 2304 4728 τῶν
2335 4677 2724 4747 πραττομένων
2770 4677 2957 4742 ἐπάξω
2986 4679 3284 4750 τιμωρίανο
3320 4679 3490 4732 τοῦτο
3535 4678 3642 4749 γάρ
3670 4678 3764 4728 ἐστι

2197 4764 2308 4829 τδ,‹
2338 4765 2577 4836 λήψομαι
2605 4769 2748 4837 ὑμᾶς
2767 4770 2846 4832 είς
2871 4769 2933 4822 τὸ
2961 4768 3110 4822 αὐτό.
3135 4787 3256 4819 ι--ι
3282 4769 3393 4821 Καὶ
3411 4767 3762 4837 ἐπιγνώσεσθε

2195 4854 2328 4907 διότι
2361 4855 2472 4923 ἐγὼ
2507 4856 2710 4929 Κύριος
2757 4855 3135 4924 ὲξαπέσταλκα
3169 4859 3303 4930 πρὸς
3332 4860 3491 4931 ὑμᾶς
3520 4861 3619 4930 τὴν
3642 4861 3763 4910 ἐντο-

2197 4945 2294 5017 λὴν
2322 4947 2543 5018 ταύτην,
2578 4947 2674 5002 τοῦ
2713 4945 2854 5004 εἶναι
2891 4950 2990 5020 τὴν
3035 4950 3298 5020 διαθήκην
3331 4967 3440 5019 μου
3485 4951 3625 5022 πρὸς
3662 4949 3763 5049 τοξῖ

2195 5037 2444 5102 Λευῒτας,
2479 5038 2628 5107 λέγει
2661 5040 2864 5112 Κύριος
2893 5042 3306 5112 παντοκράτωρ.
3341 5060 3360 5092 ι
3405 5041 3554 5095 Τότε
3595 5044 3657 5093 ἐκ
3684 5037 3763 5108 τῆς

2196 5133 2617 5203 περιγινομένης
2649 5133 2776 5204 ὑμῖν
2810 5133 3034 5204 ἀτιμίας
3061 5151 3120 5186 τε
3161 5131 3254 5186 καὶ
3271 5134 3570 5232 τιμωρίας
3601 5131 3764 5232 αἰτιθέ-

2198 5222 2354 5274 σεσθε
2384 5223 2624 5294 ἀκριϐῶς
2647 5225 2746 5294 τῆς
2766 5242 2824 5278 τε
2844 5226 3094 5290 ἐξουσίας
3123 5225 3219 5278 καὶ
3241 5224 3338 5295 τῆς
3364 5225 3661 5296 δυνάμεως
3687 5222 3764 5290 τῆς

2195 5316 2360 5386 Elui?
2396 5317 2490 5368 καὶ
2511 5318 2594 5370 ὅτι
2633 5316 2744 5385 ἐγὼ
2777 5318 2874 5388 μέν
2907 5318 3146 5371 εὐποιεῖν
3190 5318 3334 5389 ὑμᾶς
3365 5317 3695 5388 βουλόμενος

2195 5405 2367 5476 ἀρχῆς
2405 5408 2483 5469 είς
2513 5407 2611 5478 τὴν
2647 5407 2922 5480 ἱερατικὴν
2955 5410 3274 5481 παρήγαγον
3303 5409 3494 5473 ἀξίαν,
3532 5408 3763 5466 τοιαύτας

2195 5497 2345 5558 τινὰς
2374 5495 2598 5566 θέμενος
2624 5498 2761 5569 πρὸς
2788 5499 2932 5569 ὑμᾶς
2955 5500 3055 5563 τάς
3086 5500 3373 5571 συνθήκας,
3407 5501 3505 5553 ἵνα
3533 5499 3632 5568 τῆς
3653 5497 3765 5564 παρ’

2195 5585 2330 5655 ἐμοῦ
2363 5585 2608 5657 δοθείσης
2634 5588 2996 5654 ἀπολαύοντες
3031 5591 3218 5662 τιμῆς,
3251 5591 3476 5645 ἅπαντα
3513 5591 3651 5661 πρὸς
3684 5587 3764 5652 τὴν

2197 5678 2417 5732 ἐκείνων
2446 5679 2712 5749 ὠφέλειαν
2751 5684 2937 5753 ποιῆτε
2975 5682 3116 5753 ὑπὲρ
3147 5674 3222 5735 ῶν
3257 5681 3447 5752 μέτιτε
3478 5682 3582 5753 τὴν
3628 5683 3766 5747 lepu-

2199 5766 2388 5838 σύνηνο
2428 5769 2584 5840 ὑμεῖς
2631 5770 2686 5824 δὲ
2724 5771 2913 5826 οὐδένα
2961 5771 3161 5826 τούτων
3211 5772 3552 5844 ἐποιήσασθε
3606 5764 3760 5831 λόγον.
