3904 6530
191 367 280 417 θῢθ
1093 355 1644 412 COMMENTARIUS
1684 352 1751 409 IN
1774 352 2149 409 MALACIIIIE
2177 354 2332 409 CAP.
2373 352 2438 408 ll.
3298 345 3402 408 ϐυ)

187 477 298 533 ἀλλά
315 473 402 542 τῆς
428 485 481 522 τε
510 468 752 538 δοθείσης
779 471 908 538 ὑμῖν
936 470 1214 541 ὑπερίδετε
1246 475 1434 541 τιμῆς,
1459 476 1554 524 καὶ
1580 470 1716 538 ἀμε-

1875 482 2105 529 morem,
2155 482 2447 535 uicumque
2514 467 2882 522 ministerium
2937 466 3193 522 socordia
3259 470 3411 517 tanta

185 569 282 640 λεία
307 560 522 632 τοσαύτῃ
550 562 646 632 τὴν
672 563 810 632 ἐμὴν
838 562 1255 632 παραδεδώκατε
1284 563 1646 633 λειτουργίαν.
1820 559 2090 629 gessistis.

242 656 369 724 Στίχ.
393 650 522 715 ε’-ζκ
554 681 624 690 —
653 647 781 703 Εἶτα
834 651 1023 722 ἐπειδὴ
1059 650 1128 704 τὰ
1175 653 1272 722 τῆς
1316 653 1610 722 ἱερωσύνης
1658 653 1723 704 ἐκ

1891 649 2060 706 Vens.
2102 651 2216 705 5-7.
2252 680 2320 690 —
2349 650 2484 704 Exin
2519 652 2647 720 quia
2682 651 3052 706 sacerdotium
3088 667 3154 706 ex
3183 651 3403 707 Aarone

186 749 262 803 τοῦ
297 742 484 814 Ἀαρὼν
521 741 710 809 εἴληφε
743 742 839 811 τὴν
862 741 1068 812 ἀρχὴν,
1101 741 1159 804 ὃς
1186 741 1399 812 πρῶτος
1436 743 1722 812 ἀρχιερεὺς

1864 743 2044 796 litium
2091 751 2328 812 ceperat,
2378 745 2469 812 qui
2525 745 2732 812 primus
2773 746 3016 813 pontifex
3057 745 3243 799 divina
3297 745 3406 799 ele-

188 840 302 895 κατὰ
329 837 462 889 θείαν
505 835 771 904 προϐολὴν
819 835 1134 904 ἀπεδείχθη,
1169 835 1396 902 ἐπάγει·
1435 855 1454 885 ‹
1504 837 1565 887 'H
1605 836 1722 887 δια-

1863 833 2003 886 Lione
2034 834 2323 902 processit,
2362 834 2718 902 prosequitur
2747 849 2758 883 :
2797 851 2814 882 ι
2855 832 3055 887 Paulus
3091 848 3271 886 meum
3304 831 3405 885 fuit

187 936 304 1001 θήκη
335 945 427 998 μου
454 922 521 996 ἦν
556 925 671 994 μετ’
693 925 857 977 αὐτοῦ
887 926 988 994 τῆς
1020 925 1162 993 ζωῆς
1207 925 1300 977 καὶ
1328 925 1429 994 τῆς
1463 926 1686 996 εἰρήνης
1706 942 1719 955 ⁸

1863 941 1946 977 um
1987 941 2053 980 eo
2097 927 2222 979 vitze
2275 935 2327 978 et
2383 925 2557 994 pacis,
2614 932 2668 976 et
2721 925 2888 977 indidi
2939 926 2986 978 ei
3043 925 3292 978 timorem
3345 932 3405 976 ut

188 1023 264 1076 καὶ
301 1019 458 1070 ἔδωκα
485 1015 633 1083 αὐτῷ
659 1015 822 1084 φόϐον
851 1014 1132 1082 φοϐεῖσθαί
1163 1031 1252 1083 με.
1287 1017 1377 1067 καὶ
1409 1015 1516 1068 ἀπὸ
1557 1033 1724 1087 προσ-

1873 1025 2044 1071 meret
2073 1032 2182 1074 me.
2207 1025 2259 1069 et
2288 1031 2319 1069 a
2345 1015 2484 1068 facie
2509 1015 2748 1069 nominis
2779 1016 2881 1068 mei
2916 1014 3256 1068 formidaret.
3295 1013 3405 1067 Lex

189 1114 316 1165 ὡπου
353 1106 605 1174 ὀνόματός
666 1123 767 1175 μου
813 1106 1122 1159 στέλλεσθαι
1162 1107 1357 1158 αὐτόν·
1400 1107 1560 1176 νόμος
1590 1108 1724 1177 άλη-

1863 1107 2078 1161 eritatis
2114 1107 2216 1160 fuit
2268 1108 2324 1161 in
2380 1122 2476 1161 ore
2529 1107 2668 1174 ejus,
2731 1114 2782 1159 et
2837 1105 3101 1172 iniquitas
3158 1121 3265 1158 non
3320 1114 3405 1158 est

188 1204 312 1264 θείας
336 1195 398 1269 ἧν
414 1200 469 1250 ἐν
496 1195 574 1266 τῷ
597 1196 822 1266 στόματι
851 1197 1036 1260 αὐτοῦ,
1068 1198 1160 1250 καὶ
1186 1197 1367 1250 ἀδικία
1391 1199 1488 1266 ούχ
1518 1198 1725 1269 ηὑρέθη

1867 1205 2044 1251 iventa
2076 1197 2129 1250 in
2177 1196 2340 1250 labiis
2379 1196 2500 1263 ejus
2530 1213 2542 1248 :
2579 1197 2631 1248 in
2664 1209 2797 1264 pace
2831 1194 3074 1262 dirigens
3106 1194 3407 1248 ambulavit

187 1302 232 1350 ἐν
264 1292 476 1364 χείλεσιν
509 1288 700 1341 αὑτοῦ·
734 1290 790 1340 ἐν
835 1290 1024 1359 εἰρήνῃ
1074 1288 1414 1342 κατευθύνων
1456 1290 1724 1360 ἐπορεύθη

1863 1299 2062 1351 tecum,
2090 1295 2144 1340 et
2169 1285 2369 1340 multos
2397 1286 2668 1340 convertit
2695 1285 2766 1339 ab
2796 1287 3104 1354 iniquitate.
3131 1284 3404 1349 Quoniam

188 1384 286 1455 μετ’
312 1379 456 1450 ἐμοῦ,
483 1379 574 1431 καί
605 1378 826 1440 πολλοὺς
855 1378 1196 1448 ἀπέστρεψεν
1231 1379 1337 1431 ἀπὸ
1370 1380 1582 1442 ἀδικίας
1603 1397 1616 1411 ⁸
1647 1383 1727 1434 ὅτι

1861 1379 1970 1430 ibia
2027 1379 2328 1433 sacerdotis
2388 1377 2700 1432 custodiunt
2751 1378 3066 1439 scientiam,
3123 1387 3176 1428 ct
3235 1376 3403 1446 legem

185 1471 313 1541 χείλη
343 1467 524 1538 ἱερέως
559 1466 854 1535 φυλάξεται
897 1467 1118 1534 γνῶσιν,
1159 1474 1230 1537 (p.
1261 1469 1387 1528 549)
1429 1472 1522 1524 καὶ
1569 1471 1727 1542 νόμον

1862 1471 2108 1538 equirent
2138 1487 2204 1525 ex
2241 1486 2336 1524 ore
2374 1471 2516 1537 ejus,
2553 1472 2677 1538 quia
2709 1472 2936 1539 angelus
2978 1469 3193 1522 Domini
3231 1470 3404 1522 omni-

187 1561 545 1632 ἐκζητήσωσιν
592 1560 655 1612 ἐκ
688 1557 780 1610 τοῦ
829 1559 1095 1628 στόματος
1143 1561 1330 1625 αὑτοῦ,
1376 1563 1458 1614 ὅτι
1503 1563 1729 1631 ἄγγελος

1861 1563 2066 1616 ιοιθηιίε
2119 1572 2222 1617 est.
2259 1581 2278 1613 ι
2343 1563 2478 1616 Cum
2540 1564 2635 1617 illo
2693 1562 2875 1631 itaque
2933 1562 3108 1631 primo
3161 1561 3403 1613 omnium

184 1651 359 1720 Κυρίου
385 1647 820 1718 παντοκράτορός
846 1650 982 1701 ἐστι.
1019 1673 1037 1699 ι
1078 1649 1314 1704 Ἐκεῖνον
1335 1651 1464 1719 γοῦν
1492 1653 1726 1723 πρῶτον,

1863 1655 2002 1706 lecto
2038 1654 2215 1708 l'mdus
2247 1654 2446 1724 pepigi,
2486 1655 2810 1722 promittens
2850 1653 2898 1705 ei
2949 1652 3122 1720 longae
3155 1651 3278 1704 vitm
3309 1666 3405 1718 pa-

185 1748 343 1817 φησὶν,
375 1741 777 1810 ἐπιλεξάμενος,
809 1741 1082 1811 συνθήκας
1125 1742 1263 1812 πρὸς
1301 1743 1463 1796 αὑτὸν
1503 1744 1727 1815 ἐθέμην,

1867 1748 2022 1815 isque
2064 1762 2245 1808 usum,
2285 1745 2658 1812 mandansque
2705 1743 2881 1798 eidem
2917 1751 2976 1796 ut
3007 1743 3112 1795 mei
3149 1743 3403 1795 timorem

182 1835 619 1907 ἐπαγγειλάμενος
663 1833 763 1906 μὲν
793 1831 942 1902 αύτῷ
976 1833 1068 1885 καὶ
1098 1833 1244 1904 ζωῆς
1276 1837 1493 1906 μακρᾶς
1533 1838 1625 1890 καὶ
1654 1840 1724 1890 εξ-

1865 1847 2017 1892 :ieute
2043 1838 2322 1900 retineret,
2357 1838 2637 1904 multaque
2671 1852 2794 1888 cum
2830 1833 3129 1888 reverentia
3175 1836 3407 1886 tuentiu-

186 1932 330 2001 ρήνης
379 1927 694 1986 ἀπόλαυσινζ
743 1921 1006 1987 κελεύσας
1050 1923 1105 1975 δὲ
1147 1925 1237 1977 τὸν
1291 1925 1452 1992 φόϐον
1491 1928 1581 1980 ἐπὶ
1628 1931 1728 1998 τῆς

1869 1945 1953 1983 em
2001 1930 2104 1982 mei
2164 1928 2386 1982 faceret.
2440 1927 2504 1980 Et
2559 1927 2780 1995 quidem
2833 1927 2924 1980 ille
2983 1927 3150 1994 legi-tn
3191 1925 3406 1978 sibimet

181 2021 389 2082 διανοίας
420 2019 569 2088 ἔχειν
597 2019 688 2070 τὸν
719 2017 870 2086 ἐμὸν,
910 2019 1003 2071 καὶ
1045 2014 1182 2087 μετὰ
1225 2016 1416 2071 πολ)ιοῦ
1452 2017 1543 2070 τοῦ
1581 2019 1723 2083 δέους

1866 2019 2134 2080 onstituit,
2163 2019 2444 2071 veritatem
2476 2033 2573 2086 per
2604 2032 2818 2070 onlnem
2849 2016 3016 2068 vitam
3049 2013 3324 2077 servandi,
3353 2022 3408 2067 et

183 2113 262 2165 καὶ
287 2111 375 2181 τὴν
413 2113 635 2180 μνήμην
670 2107 938 2160 ποιεῖσθαι
970 2107 1068 2179 τὴν
1103 2110 1271 2180 ἐμήν·
1308 2109 1640 2180 ἠκολούθησε
1674 2111 1725 2163 δὲ

1870 2127 1993 2164 mne
2046 2125 2218 2178 genus
2269 2109 2542 2163 mendacii
2602 2108 2834 2161 vitandi.
2881 2107 3029 2161 Nihil
3084 2118 3259 2160 autem
3306 2122 3407 2159 un—

179 2206 273 2276 ἄρα
300 2201 482 2256 καὶτὰ
515 2201 645 2271 παρ’
681 2200 890 2253 ἐκείνου
931 2201 1205 2270 πρέποντα
1237 2203 1301 2271 τῇ
1342 2204 1472 2271 τιμῇ
1507 2205 1568 2271 τῇ
1599 2204 1721 2272 παρ

1871 2217 1992 2255 nam
2045 2191 2309 2269 injnsl‘um
2348 2203 2566 2256 locutus
2599 2211 2704 2262 est,
2742 2202 2824 2254 vel
2872 2201 3019 2269 quod
3050 2199 3407 2268 vituperatio-

183 2294 326 2364 ἐμοῦ·
356 2291 539 2362 ἐπειδὴ
577 2291 788 2342 τέθεικε
841 2290 938 2359 μὲν
981 2288 1157 2358 ἐαυτῷ
1199 2290 1359 2359 νόμον
1404 2290 1501 2342 τοῦ
1545 2289 1643 2360 ζῇν
1672 2308 1725 2342 τε

1873 2296 1918 2347 is
1941 2295 2158 2348 occasio
2187 2293 2572 2347 sacerdotibus
2596 2293 2767 2345 ﬁeret.
2795 2291 3091 2362 Propterea
3123 2290 3409 2359 promissis

183 2387 266 2439 σὺν
287 2383 527 2455 ἀληθείᾳ,
551 2383 643 2434 καὶ
669 2383 812 2434 άπαν
834 2379 1271 2452 ἀποστρέςεσθαι
1299 2381 1517 2450 ψεῦδος
1539 2381 1725 2449 ἐφθέγ-

1869 2388 1967 2440 reis
2007 2395 2397 2446 consentauee,
2437 2396 2491 2437 et
2536 2385 2653 2454 ipse
2684 2384 2965 2452 pacitlcam
3010 2385 3191 2452 exegit
3221 2385 3407 2441 vitam,

183 2475 290 2542 ξατο
307 2475 357 2528 δὲ
382 2472 720 2526 οὐδεπώποτε
740 2471 923 2524 ἄδικον
942 2470 1116 2529 ούθέν,
1148 2469 1258 2522 οὗθ’
1282 2471 1310 2523 δ
1332 2470 1534 2540 βλάϐης
1561 2472 1725 2524 αἴτιον

1875 2481 1981 2533 ulla
2042 2495 2255 2532 meeum
2316 2478 2601 2532 inimicitia
2649 2489 2927 2546 suscepta.
2983 2479 3226 2546 nihilque
3277 2477 3409 2529 mibi

181 2569 276 2628 τοῖς
290 2565 387 2618 ὑπὸ
399 2564 495 2633 τὴν
521 2559 822 2633 ἱερωσύνην
841 2559 1086 2628 ἐγίγνετο
1106 2574 1120 2586 ·
1140 2558 1278 2623 ὑπὲρ
1291 2558 1348 2610 δέ
1371 2557 1576 2610 τούτων
1605 2560 1723 2612 ἀκε-

1865 2572 2167 2624 ontrarium
2209 2586 2397 2640 agens.
2462 2571 2552 2623 Sic
2598 2572 2744 2623 enim
2797 2569 2908 2624 fere
2959 2578 3156 2624 sonant
3202 2569 3407 2623 verba:

181 2658 360 2719 λούθως
387 2658 504 2718 ταῖς
539 2652 886 2721 ἐπαγγελίαις
913 2653 1034 2714 ταῖς
1064 2652 1246 2719 ἐμαῖς,
1278 2649 1438 2712 αὑτός
1466 2666 1525 2703 τε
1555 2651 1612 2702 ἐν
1650 2652 1723 2702 εἱ-

1894 2663 1947 2716 in
1985 2677 2118 2730 pace
2167 2661 2408 2730 dirigens
2462 2662 2759 2714 amlmlavit
2802 2677 3033 2714 mecum.
3068 2679 3089 2713 ι
3139 2660 3411 2715 Plurimos

185 2751 302 2820 ρήνῃ
327 2746 594 2816 διῆγεν,ἐν
617 2743 793 2798 οὐδενὶ
812 2741 1029 2794 πώποτε
1045 2741 1178 2811 πρός
1203 2758 1268 2810 με
1284 2740 1598 2811 διενεχθεὶς,
1612 2741 1727 2794 οὐδέ

1867 2766 1962 2809 tem
2001 2753 2066 2806 ad
2110 2753 2390 2805 meliorem
2440 2751 2646 2819 frugem
2690 2767 2754 2803 ex
2795 2750 3064 2804 deteriore
3109 2751 3409 2804 transtulit.

180 2855 226 2892 τι
253 2839 352 2891 τῶν
376 2837 497 2908 ἐμοὶ
521 2833 963 2905 διαπραξάμενος
984 2831 1240 2884 ἐναντίων
1286 2831 1445 2884 τοῦτο
1463 2833 1570 2902 γὰρ
1585 2831 1722 2900 λέγει

1871 2863 1890 2898 ’l
1923 2859 2158 2903 summa,
2197 2842 2463 2911 quidquid
2501 2841 2777 2910 przceipue
2809 2839 3150 2894 sacerdotem
3182 2838 3413 2893 decebat

181 2933 275 2993 τὺ,‹
295 2931 348 2984 ἐν
365 2929 556 3001 είρηνῃ
581 2925 926 2981 κατευθύνων
955 2923 1226 2995 ἐπορεύθη
1255 2924 1372 2993 μετ’
1407 2923 1539 2994 ἐμοῦ
1564 2943 1576 2955 ο
1601 2944 1619 2976 ι
1640 2925 1723 2978 καὶ

1871 2937 1970 3007 git,
2003 2935 2255 2989 veritatis
2271 2934 2432 3004 373
2465 2934 2688 2987 tradens
2721 2933 2993 2996 notitiam,
3026 2940 3192 2999 atque
3223 2932 3288 2984 ad
3316 2930 3410 2985 Dei

183 3023 380 3084 πολλοὺς
409 3020 465 3072 δέ
496 3021 659 3081 ὅσους
689 3019 781 3071 ἐπὶ
801 3017 861 3070 τὸ
885 3018 1130 3087 κρεῖττον
1163 3017 1226 3068 ἐκ
1256 3015 1350 3068 τοῦ
1369 3017 1610 3086 χείρονος
1642 3018 1725 3068 ἐπ·

1873 3043 2008 3098 Ἤρη]
2053 3035 2288 3080 cunctos
2333 3026 2436 3079 sibi
2481 3025 2758 3093 subjectos
2805 3023 3146 3093 pel-trahens,
3185 3031 3237 3076 et
3279 3037 3415 3092 quo-

182 3113 389 3184 ανῆγεν·
425 3109 708 3179 συντόμως
740 3125 800 3160 τε
855 3106 1093 3166 εἰπεῖν,ό
1147 3105 1379 3176 μάλιστα
1425 3107 1631 3176 πρέπον
1662 3103 1724 3177 ἧν

1869 3116 1998 3169 mdo
2059 3130 2178 3168 eam
2255 3115 2613 3169 observarent
2671 3113 2896 3167 docens.
2951 3111 3064 3168 l‘loc
3123 3119 3204 3166 est
3267 3112 3411 3166 enim

183 3206 299 3274 ἱερεῖ
328 3203 700 3273 διεπράττετο,
747 3199 1016 3252 διδάσκων
1055 3197 1153 3268 μὲν
1198 3197 1296 3266 τῆς
1339 3197 1596 3268 ἀληθείας
1639 3199 1725 3270 τὴν

1875 3205 2145 3262 acer-dotis
2206 3221 2385 3275 opus,
2449 3215 2506 3259 ut
2565 3210 2634 3261 sit
2698 3207 2955 3258 nimirum
3007 3204 3184 3273 angeli
3244 3205 3417 3257 instar

180 3295 376 3363 γνῶσιν,
414 3295 557 3366 πρὸς
599 3294 654 3347 δὲ
688 3294 779 3346 τὸν
808 3293 971 3361 νόμον
999 3291 1091 3343 τὸν
1138 3289 1280 3343 θεῖον
1326 3291 1571 3355 ἅπαντας
1612 3294 1722 3355 τοὺς

1872 3298 2061 3352 asteris
2102 3297 2418 3351 hominibus
2475 3298 2659 3353 datus.
2718 3305 2776 3349 ut
2820 3311 3014 3351 omnes
3061 3295 3126 3349 ad
3164 3296 3414 3349 virtutem

181 3387 256 3440 ὑπ’
297 3387 452 3440 αὑτὸν
505 3385 821 3453 ἐπανάγων,
864 3383 959 3436 καὶ
995 3381 1258 3435 διδάσκων
1297 3382 1445 3445 ὅπως
1483 3382 1548 3436 ἂν
1575 3383 1723 3454 ἀσχο‹

1881 3391 2097 3450 educat,
2141 3391 2285 3458 quod
2322 3389 2567 3459 ipsorum
2615 3389 2933 3458 angelorum
2987 3403 3116 3457 erga
3163 3403 3265 3440 nos
3305 3384 3420 3439 olli-

181 3477 330 3531 λοῖντο
356 3476 596 3531 πάντοτε
625 3476 752 3546 περὶ
785 3474 947 3529 αὐτόν
965 3491 977 3504 ·
1009 3473 1164 3526 τοῦτο
1192 3473 1300 3544 γὰρ
1327 3473 1517 3544 ἱερέως
1554 3474 1723 3546 ἐργονε

1883 3482 1992 3534 ium
2018 3491 2119 3536 est.
2161 3481 2288 3535 Han
2327 3496 2429 3552 ego
2459 3497 2584 3534 cum
2617 3483 2832 3534 Aarone
2864 3478 3069 3534 hedera
3098 3480 3298 3549 pepigi.
3325 3479 3421 3547 qui

180 3568 388 3634 ἀγγέλου
415 3567 564 3629 τινὸς
601 3565 752 3630 τάξιν
781 3564 996 3634 ἐπέχειν
1027 3563 1356 3629 τεταγμένου
1389 3566 1500 3627 τοῖς
1533 3563 1722 3629 λοιποῖς

1877 3588 2038 3643 eapse
2069 3581 2472 3628 consentaneos
2511 3573 2613 3642 legi
2652 3588 2785 3626 mea:
2814 3587 2993 3626 mores
3033 3586 3143 3640 prae
3180 3587 3239 3625 se
3277 3572 3419 3623 tulit.

181 3654 478 3726 ἀνθρώποις,
508 3655 610 3709 καὶ
635 3654 840 3716 πάντας
868 3653 958 3704 ἐπὶ
987 3653 1084 3721 τὴν
1114 3653 1314 3722 ἀρετὴν
1348 3654 1723 3719 ἐπανάγοντος1

1881 3673 1910 3717 ηι
1940 3665 2084 3718 enim
2112 3679 2210 3718 vos
2245 3664 2618 3719 sacerdotium
2651 3663 2800 3718 illius
2841 3665 3192 3719 successione
3218 3662 3423 3720 sortiti,

177 3746 294 3817 ὅπερ
316 3743 404 3800 οὖν
436 3749 533 3800 καὶ
565 3748 678 3808 τοῖς
721 3744 967 3812 ἀγγέλοις
1001 3743 1128 3813 περὶ
1161 3745 1307 3813 ἡμᾶς
1343 3744 1502 3816 ἔργον
1539 3751 1719 3800 ποιεῖν

1880 3757 2044 3809 iirum
2096 3765 2362 3820 quantum
2407 3770 2438 3808 a
2493 3753 2766 3824 praedictis
2803 3755 3048 3809 moribus
3093 3754 3422 3814 abllorretss.

178 3837 370 3903 Ταύτας
403 3841 500 3910 μὲν
527 3838 601 3909 δὴ
629 3837 766 3908 πρὸς
796 3836 886 3889 τὸν
934 3835 1149 3905 Ἀαρὼν
1188 3834 1390 3907 ἐθέμην
1422 3837 1520 3901 τὰς
1547 3839 1720 3911 συνθηη

989 3835 1149 3905 ηαρὼν
1188 3834 1390 3907 ἐθέμην
1422 3837 1520 3901 τὰς
1547 3839 1742 3911 συνθή-
1848 3844 2131 3910 Quomodo
2159 3847 2236 3910 id,
2271 3846 2531 3916 inquam?

177 3947 281 3993 κας,
314 3933 389 4001 (p.
418 3931 548 4000 550)
583 3929 643 3993 ὃς
691 3928 786 3981 καὶ
831 3926 1100 3979 ἀκόλουθα
1135 3928 1247 3989 τοῖς
1288 3928 1441 3996 ἐμοῖς
1483 3927 1834 3999 διεπράττετο
1897 3934 2116 4004 νόμοις·
2164 3936 2324 4005 ὑμεῖς
2376 3935 2434 3989 δὲ
2460 3937 2511 3988 οἱ
2545 3935 2644 4005 τὴν
2688 3936 2986 4006 ἱερωσύνην
3044 3934 3422 4004 διαδεξάμενοι

176 4024 262 4093 τὴν
303 4023 532 4089 ἐκείνου,
575 4020 830 4091 πάμπολυ
877 4017 1082 4070 τούτων
1128 4016 1252 4069 ἐστὲ
1299 4019 1711 4088 κεχωρισμένοι.
1740 4021 1863 4085 Πῶς
1895 4023 1990 4075 καὶ
2020 4023 2139 4076 τίνα
2176 4025 2266 4077 τὸν
2299 4023 2530 4095 τρόπον;

235 4117 372 4188 Στξχ,
402 4123 545 4188 ιη’-ι’,
579 4144 647 4155 --
678 4131 696 4163 ι
738 4113 923 4184 Ὑμεῖς
953 4113 1010 4164 δὲ
1038 4111 1342 4177 ἐξεκλίνατε
1375 4114 1438 4165 ἐκ
1463 4111 1563 4182 τῆς
1589 4112 1732 4175 ὁδοῦ,

1913 4119 2077 4175 Vens.
2109 4117 2365 4172 8-lO.—i
2379 4115 2488 4172 Vos
2514 4124 2695 4170 autem
2725 4115 3048 4171 declinastis
3073 4131 3102 4169 ιι
3129 4115 3213 4169 via
3237 4156 3252 4182 ,
3284 4121 3425 4172 mul-

174 4210 256 4263 καὶ
291 4209 631 4279 ὴσθενήσατε
679 4203 908 4265 πολλοὺς
954 4204 1010 4254 ἐν
1049 4203 1229 4273 νόμῳ,
1267 4202 1606 4274 διεφθείρατε
1637 4207 1716 4276 τὴε

1879 4227 2038 4280 usque
2068 4211 2121 4265 in
2155 4211 2270 4279 lege
2302 4208 2654 4272 inﬁrmastis,
2695 4209 3018 4277 corrupistis
3056 4207 3180 4262 Levi
3213 4207 3421 4275 ﬁedus,

175 4301 422 4374 διαθήκην
465 4299 565 4355 τοῦ
627 4297 784 4359 Δευῖ,
833 4297 978 4365 λέγει
1013 4297 1217 4367 Κύριος
1261 4296 1674 4369 παντοκράτωρ.
1714 4320 1717 4350 λ

1886 4307 1924 4357 it
1960 4305 2220 4357 Dominus
2257 4300 2628 4370 omnipotens.
2656 4321 2674 4353 ι
2697 4300 3003 4371 Tantopere
3037 4303 3107 4356 ab
3141 4302 3305 4371 hujus
3337 4304 3420 4356 of-

185 4393 537 4465 Ἐξετράπητε
566 4392 678 4462 γάρ
702 4390 800 4459 τῆς
825 4389 953 4458 περὶ
974 4388 1142 4440 ταῦτα
1173 4388 1406 4459 σπουδῆς
1432 4405 1446 4418 ·
1479 4387 1620 4442 ὥστε
1645 4390 1727 4444 κοιἼ

1879 4397 1956 4450 lcii
1989 4393 2334 4452 observantia
2362 4392 2686 4448 declinaslis
2705 4434 2720 4458 ,
2741 4401 2797 4447 ut
2823 4400 3050 4446 caeteros
3076 4392 3239 4447 etiam
3267 4394 3421 4450 circa

173 4487 284 4551 τοὺς
309 4487 552 4551 λοιποὺς,
569 4483 844 4556 ῥᾳθύμους
866 4499 932 4534 πε
942 4481 994 4552 pl.
1018 4481 1110 4534 τὸν
1135 4481 1294 4551 νόμον
1317 4483 1561 4552 ποιῆσαι·
1595 4480 1715 4535 οὔτι.

1879 4503 2022 4558 agem
2052 4487 2310 4542 socordes
2340 4483 2584 4540 feceritis
2613 4501 2625 4537 :
2654 4494 2820 4552 atque
2848 4484 2919 4537 ita
2941 4524 2955 4548 ,
2981 4491 3040 4537 ut
3070 4483 3310 4538 breviter
3333 4485 3421 4538 di-

175 4590 226 4626 τε
253 4575 424 4639 πάσας
466 4573 753 4643 συντόμως
799 4572 976 4624 εἰπεῖν
1015 4571 1114 4631 τάς
1161 4570 1456 4640 συνθήκας,
1492 4570 1560 4634 ἃς
1605 4571 1717 4642 πρὸ.

1885 4592 1990 4640 oni,
2011 4575 2215 4628 malitia
2244 4581 2422 4630 vestra
2446 4573 2774 4642 corrupistis
2799 4572 3001 4628 ftedera
3024 4589 3145 4644 quae
3172 4589 3296 4628 cum
3315 4575 3427 4630 Aa-

175 4667 363 4720 ἐκεῖνον
396 4667 630 4737 ἐθέμην,
664 4664 983 4734 βουλόμενος
1010 4663 1180 4726 αὑτὰς
1212 4663 1307 4716 καὶ
1337 4663 1429 4715 ἐπὶ
1466 4662 1574 4715 τῶν
1605 4662 1717 4716 ἐκεί

1884 4682 1984 4722 one
2020 4666 2329 4736 pepigeram
2355 4706 2370 4730 ,
2397 4665 2590 4719 volens
2624 4679 2687 4718 ea
2713 4679 2839 4719 cum
2871 4664 3022 4719 illius
3053 4680 3271 4736 quoque
3299 4681 3426 4720 suc-

175 4772 256 4807 νου
281 4757 543 4826 διαδόχων
593 4755 837 4825 κρατεῖν,
863 4755 931 4824 τῇ
963 4751 1139 4822 οἰκείᾳ
1178 4751 1518 4822 διεφθείρατε
1554 4752 1717 4826 κακίᾳ

1886 4757 2167 4814 essoribus
2189 4755 2642 4826 permanere.«Et
2667 4771 2769 4826 ego
2798 4755 2921 4810 dedi
2949 4771 3048 4811 vos
3082 4764 3428 4825 contemptus

179 4866 195 4896 ι
233 4847 338 4900 Καὶ
371 4846 487 4916 ἐγὼ
519 4846 736 4899 δέδωκα
771 4845 914 4913 ὑμᾶς
945 4843 1400 4912 ἐξουδενωμένους
1431 4846 1526 4898 καὶ
1554 4864 1721 4918 παρει

1889 4862 1906 4904 ι
1938 4849 2185 4918 abjectos
2218 4849 2273 4902 in
2321 4863 2514 4902 omnes
2544 4855 2732 4918 gentes
2757 4886 2773 4914 ,
2818 4858 3100 4918 pr0pterea
3132 4850 3275 4918 quod
3309 4850 3431 4905 vias

178 4939 358 5005 μένους
392 4941 474 5002 είς
516 4937 698 4990 πάντα
726 4933 796 4988 τὰ
823 4934 949 5002 ἐθνη
976 4949 990 4964 ο
1025 4933 1141 4986 ἀνθ’
1169 4926 1248 4986 ὧν
1285 4935 1441 5005 ὑμεῖς
1474 4938 1576 4990 οὐκ
1615 4939 1718 5009 ἐφυ

1886 4955 2004 4996 leas
2048 4954 2157 4993 non
2205 4938 2564 5001 custodistis,
2610 4936 2706 4992 sed
2754 4935 3108 5009 accipiebatis
3160 4954 3428 5007 personas

174 5027 394 5093 λάξασθε
427 5029 532 5092 τὰς
585 5026 740 5090 ὁδούς
771 5043 872 5096 μου
901 5066 916 5089 ,
947 5023 1060 5078 ἀλλ’
1099 5023 1432 5096 ἐλαμϐάνετε
1478 5029 1716 5099 πρόσωπα

1884 5047 1907 5083 u
1945 5030 2082 5099 lege.
2113 5047 2132 5080 ι
2162 5027 2430 5081 Praeclare
2468 5042 2537 5081 ex
2569 5027 2642 5083 iis
2681 5043 2803 5099 quae
2843 5027 3005 5097 paulo
3041 5037 3168 5082 ante
3207 5029 3426 5084 accide-

177 5121 228 5170 ἐν
254 5122 422 5190 νόμῳ.
464 5140 484 5174 ο
539 5117 736 5180 Καλῶς
767 5118 832 5169 ἐκ
865 5114 978 5168 τῶν
1018 5115 1123 5187 πρὸ
1170 5115 1414 5186 βραχέως
1449 5119 1718 5188 γεγονὸτω

1881 5127 1976 5170 ant
2029 5117 2152 5170 illos
2205 5123 2555 5170 commonet:
2588 5117 2739 5172 Talia
2793 5117 2978 5181 enim,
3027 5116 3241 5186 inquit,
3299 5132 3422 5170 cum

175 5213 355 5277 αὐτοὺς
395 5209 760 5282 σωφρονίζει·
795 5206 1034 5260 Τοιαῦτα
1067 5207 1194 5277 γάρ,
1230 5209 1412 5277 φησὶν,
1443 5211 1588 5279 ὑμᾶς
1628 5210 1714 5265 δια

1887 5224 1950 5264 os
1996 5217 2218 5278 patrare
2266 5207 2697 5278 comperissem,
2742 5208 3046 5278 captivitati
3086 5208 3318 5266 tradidi.
3358 5206 3429 5260 ad

175 5305 573 5374 πραττομένους
625 5299 820 5371 εὑρὼν,
875 5297 1222 5368 αἰχμαλωσίᾳ
1285 5299 1639 5368 παραδέδωκα
1688 5318 1717 5353 τ

1885 5300 2082 5353 ιίιιὶιυιιι
2118 5298 2370 5354 redactos
2393 5338 2407 5360 ,
2439 5308 2494 5354 et
2521 5298 2671 5354 omni
2702 5298 3025 5353 sacerdotali
3059 5298 3267 5352 honore
3299 5312 3427 5367 spoo

179 5396 332 5466 μηδὲν
368 5393 666 5457 ἀποδείξας
690 5431 706 5454 ,
740 5391 834 5445 καὶ
863 5390 1040 5459 πάντη
1066 5389 1165 5459 τῆς
1206 5390 1480 5460 ἱερατικῆς
1511 5390 1617 5457 ἔξω
1645 5408 1716 5445 κα

1885 5397 2055 5444 latos:
2094 5386 2538 5458 quandoquidem
2590 5388 2795 5440 nullam
2849 5387 3231 5441 mandatorum
3283 5402 3427 5440 meo-

173 5490 439 5560 ταστήσας
495 5487 669 5556 τιμῆς
733 5483 850 5536 ἀνθ’
897 5475 973 5534 ὧν
1030 5480 1220 5533 οὐδένα
1271 5480 1425 5548 λόγον
1467 5481 1714 5536 ποιεῖσθα

1887 5496 1978 5535 um
2009 5481 2274 5534 rationem
2321 5479 2526 5536 habere
2560 5481 2812 5535 voluistis
2833 5522 2848 5543 ,
2885 5481 2994 5534 imo
3024 5488 3080 5536 et
3121 5480 3244 5534 aliis
3273 5494 3427 5549 atque

173 5579 271 5632 τῶν
290 5577 740 5648 προσταγμάτων
773 5571 1058 5628 ἐϐούλεσθε
1091 5572 1198 5624 τῶν
1233 5572 1398 5643 ἐμῶν,
1436 5575 1710 5646 συνεπράτ

1885 5589 2020 5645 :gem
2073 5573 2480 5644 negligentibus
2539 5581 2925 5643 cooperatores
2990 5569 3216 5634 fuistis,
3281 5583 3427 5640 quos

173 5687 282 5723 τετε
334 5673 392 5725 δέ
446 5671 548 5724 καὶΙ
581 5672 692 5733 τοῖς
731 5668 939 5729 λοιποῖς
990 5664 1210 5734 ἀμελεῖν
1259 5664 1365 5718 τῶν
1408 5666 1585 5738 νόμων
1606 5706 1622 5729 ,
1653 5666 1714 5720 οὒ

1880 5668 2041 5723 potius
2076 5682 2106 5720 a
2140 5667 2296 5722 vobis
2331 5667 2611 5722 emendari
2659 5666 2969 5736 oportebat.
3019 5663 3110 5718 Sic
3156 5663 3303 5718 enim
3337 5663 3422 5718 in-

178 5762 605 5834 σωφρονίζεσθαι
658 5762 784 5831 παρ’
825 5757 979 5829 ὑμῶν
1038 5756 1242 5809 δίκαιον
1271 5752 1374 5827 ἦν·
1427 5758 1583 5812 τοῦτο
1639 5759 1720 5828 γάέ

1879 5759 2147 5828 elligenda
2202 5766 2332 5815 sunt
2377 5759 2588 5818 verban
2622 5758 2979 5828 accipiebatis
3038 5769 3307 5826 personas
3365 5753 3421 5809 in
