3904 6520
484 352 586 408 6H

1681 337 2030 395 TIlEODORI
2061 337 2288 396 MOPSU
2301 336 2546 395 ESTENI
3613 341 3694 400 6|!

490 467 650 530 lege;
686 473 705 506 ι
737 452 790 511 id
843 450 1375 524 est.reprehendere
1416 451 1684 508 adversus
1725 451 1894 519 legem
1934 465 2064 520 pec-

2174 451 2313 518 λέγει
2351 450 2431 516 τὺ,
2480 469 2499 501 ι
2554 449 2884 518 ἐλαμεάνετε
2926 450 3190 520 πρόσωπα
3222 452 3279 505 ἐν
3328 449 3505 521 νόμῳ,
3548 475 3564 506 ι
3600 460 3695 518 ἀντὶ

489 557 685 604 cautes
721 545 998 601 noluistis.
1051 563 1069 594 ι
1099 541 1291 597 Nonne
1328 539 1471 596 Deus
1503 557 1645 595 unus
1683 556 1782 596 vos
1823 541 2074 595 creavit?

489 653 674 698 nonne
724 637 888 691 Pater
941 652 1084 690 unus
1139 634 1382 689 omnium
1439 633 1726 688 vestrum?
1779 631 1892 686 Cur
1941 647 2072 702 ergo

493 729 876 799 unusquisque
936 728 1148 783 sivistis
1201 725 1426 780 fratrem
1483 732 1723 779 vestrum
1779 724 2074 794 profanare

489 827 879 873 testamentum
921 827 1136 887 patrum
1191 815 1593 869 vestrorum?»
1623 815 1785 883 Atqui
1833 823 1888 868 et
1937 829 2070 875 vos.

493 910 708 979 inquit,
751 919 807 964 ct
842 910 965 969 ille,
1011 909 1060 962 id
1104 915 1189 962 est
1233 907 1448 966 Aaron,
1493 906 1561 960 ab
1603 922 1712 959 uno
1756 904 1864 960 Deo
1904 905 2073 960 creati

489 1003 658 1067 estis,
687 1015 829 1070 quos
860 1000 1026 1054 etiam
1060 999 1175 1068 pari
1213 1011 1344 1050 cura
1380 1005 1542 1066 atque
1577 995 1785 1050 honore
1816 994 2074 1065 dignatus

493 1091 635 1144 fuit:
685 1107 840 1154 aeque
894 1090 1038 1144 enim
1097 1088 1172 1142 illi
1231 1088 1496 1156 vobisque
1541 1085 1878 1156 dixit-.tEgo
1909 1085 2069 1140 dixi:

492 1183 576 1239 Dii
633 1181 768 1234 eStis
803 1215 817 1240 ,
878 1185 934 1230 et
1009 1179 1104 1233 lilii
1156 1175 1732 1239 Altissimiomnes";
1765 1195 1782 1227 ι
1813 1177 1959 1247 quod
1989 1177 2073 1230 di-

492 1282 645 1326 ctum
683 1287 779 1326 eos
812 1274 1058 1342 apprime
1092 1273 1319 1342 respicit
1354 1270 1444 1341 qui
1481 1269 1876 1324 sacerdotalem
1911 1267 2076 1340 374

491 1363 807 1434 dignitatem
831 1405 845 1428 ,
880 1365 963 1418 vel
988 1364 1248 1418 ducatum
1275 1363 1457 1433 pepuli
1491 1370 1695 1416 leuent.
1728 1359 1884 1414 Unde
1910 1360 2075 1429 igitur

493 1465 696 1510 tantam
733 1471 946 1510 morum
988 1456 1355 1526 corruptelam
1397 1455 1682 1515 traxistis,
1721 1462 1781 1506 ut
1819 1453 1909 1506 ille
1948 1455 2074 1520 qui-

492 1547 610 1602 dem
644 1547 727 1601 sui
763 1548 1024 1616 temporis
1065 1547 1314 1602 homines
1351 1545 1761 1605 emendaverit,
1803 1551 1969 1613 atque
2007 1542 2073 1595 ad

491 1641 724 1695 alliciunt
765 1641 1056 1709 diligenter
1091 1640 1410 1710 impulerit;
1443 1654 1541 1693 vos
1575 1647 1758 1692 autem
1793 1636 2073 1705 subjectos

492 1732 798 1786 sacerdotio
860 1732 1059 1788 fratres
1119 1743 1338 1788 vestros
1405 1731 1732 1802 negligatis,
1792 1737 2076 1798 tantopere

2174 537 2289 605 τοῦ,
2318 542 2588 612 Ἐλέγχειν
2615 545 2739 605 τοὺς
2767 543 3176 613 ἁμαρτάνοντας
3221 543 3371 612 παρὰ
3405 543 3462 596 τὸ
3485 543 3553 616 τῷ
3578 551 3692 622 νόμῳ

2175 631 2368 685 δοκοῦν
2411 633 2513 684 οὐκ
2577 630 2885 686 ἐδούλεσθε.
2957 650 2974 680 ι
3040 632 3174 700 Οὐχὶ
3225 631 3356 694 Θεὸς
3407 627 3484 696 εἷς
3525 636 3694 694 ἔκτισεν

2177 724 2356 792 ὑμᾶςς
2392 723 2515 792 οὐχὶ
2569 722 2758 793 Πατὴρ
2803 717 2882 785 εἷς
2913 723 3131 776 πάντων
3184 722 3378 792 ὐμῶν;
3436 723 3482 776 τί
3523 727 3592 780 ὅτι
3629 733 3697 799 ὲγ.

2176 813 2498 872 κατελίπετε
2561 813 2793 876 ἕκαστος
2829 814 2919 867 τὸν
2967 813 3192 882 ἀδελφὸν
3227 813 3392 867 αὑτοῦ
3439 815 3523 868 τοῦ
3572 818 3698 890 βεϐη.

2175 905 2346 958 λῶσαι
2397 906 2494 975 τὴν
2525 905 2786 975 διαθήκην
2827 905 2935 958 τῶν
2977 906 3226 976 πατέρων
3259 905 3445 975 ὐμῶνς
3501 926 3517 958 ι
3550 910 3698 965 Καίτοι

2175 1011 2259 1063 γε.
2291 997 2471 1066 φησὶν,
2505 998 2597 1049 καὶ
2623 998 2781 1067 ὑμεῖς
2813 999 3062 1061 κάκεῖνος
3107 997 3276 1066 (λέγει
3307 998 3364 1051 δὲ
3391 998 3478 1051 τὸν
3515 999 3698 1074 Ἀαρὼν)

2179 1093 2254 1156 (p.
2293 1089 2416 1156 551)
2460 1090 2548 1156 ὑφ’
2583 1090 2700 1152 ἐνός
2732 1106 2792 1142 τε
2824 1089 3081 1158 γεγόνατε
3123 1087 3255 1143 Θεοῦ
3282 1132 3297 1156 ,
3337 1091 3634 1161 κηδεμονίας
3657 1113 3699 1148 τε

2177 1179 2268 1231 καὶ
2297 1180 2461 1249 τιμῆς
2506 1179 2772 1251 ἠξιώθητε
2802 1181 2900 1250 τῆς
2927 1181 3095 1252 αὐτῆς
3119 1196 3134 1212 ·
3171 1183 3319 1252 κοινῇ
3351 1182 3459 1252 γὰρ
3489 1185 3570 1236 καὶ
3599 1188 3701 1256 πρὸς

2177 1272 2322 1340 ὑμᾶς
2370 1274 2505 1343 ἔφην
2534 1273 2594 1324 τὸ
2622 1314 2634 1335 ,
2677 1294 2694 1324 ι
2763 1273 2905 1340 Ἐγὼ
2937 1263 3112 1335 εἷπον,
3163 1273 3287 1328 Θεοὶ
3315 1277 3437 1328 ἐστὲ
3461 1319 3474 1339 ,
3511 1279 3593 1330 καὶ
3623 1283 3702 1333 υἱοὶ

2187 1363 2444 1431 Ὑψίστου
2473 1365 2679 1428 πάντες
2700 1381 2712 1394 ο
2764 1387 2782 1416 ι
2818 1365 2953 1434 ὅπερ
2973 1365 3038 1435 δὴ
3070 1365 3304 1436 μάλιστα
3327 1369 3440 1430 τοῖς
3475 1367 3564 1436 τῆς
3589 1370 3703 1438 ἱερα-

2175 1454 2334 1522 τικῆς
2373 1455 2663 1526 προεδρίας
2709 1455 3151 1527 ἐπειλημμένοις,
3187 1459 3282 1511 καὶ
3320 1458 3623 1528 ἡγουμένοις
3646 1464 3705 1513 ὲν-

2175 1546 2366 1600 τεῦθεν
2411 1547 2504 1600 τοῦ
2554 1547 2684 1601 λαοῦ
2729 1547 3021 1619 ἁρμόττον.
3061 1549 3232 1602 Πόθεν
3270 1549 3448 1602 τοίνυν
3489 1553 3707 1620 τοσαύτην

2176 1638 2268 1690 ἐπὶ
2321 1637 2429 1690 τῶν
2483 1639 2698 1710 τρόπων
2748 1639 3016 1710 ἐσχήκατε
3079 1639 3176 1710 τήν
3227 1640 3558 1710 διαφθοράν;
3600 1642 3707 1698 ὥστε

2179 1728 2386 1782 ἐκεῖνον
2428 1729 2528 1799 μὲν
2577 1730 3006 1800 ἐπανορθοῦσθαι
3040 1732 3166 1796 τοὺς
3211 1732 3334 1785 καθ’
3384 1735 3597 1796 ἐαυτὸν,
3640 1739 3709 1788 καὶ

492 1833 818 1893 peccantes,
853 1838 915 1878 ac
953 1824 1348 1893 propemodum
1386 1825 1565 1892 legum
1603 1835 1846 1876 mearum
1889 1819 2070 1874 obser‘

2182 1820 2316 1890 πρὸς
2347 1821 2406 1873 τὸ
2448 1821 2564 1874 δέον
2597 1823 2892 1891 ἐπανάγειν
2939 1825 3178 1895 σπουδῇ.
3223 1825 3368 1896 ὑμᾶς
3419 1827 3478 1878 δὲ
3508 1832 3712 1898 παρορᾷν

492 1914 727 1968 vautiam
758 1915 988 1984 pedibus
1017 1915 1458 1970 conculcantes?
1491 1914 1631 1980 Quid
1663 1929 1796 1982 ergo
1829 1911 2076 1967 accidit?

2177 1911 2305 1974 τοὺς
2331 1912 2436 1964 ὑπὸ
2463 1913 2562 1982 τὴν
2585 1913 2884 1985 ἱερωσύνην
2902 1915 3346 1984 δντας,ἅδε).φοὺς
3372 1917 3532 1979 ὄντας
3557 1919 3707 1983 ἰδίους,

491 2002 961 2074 εξαμαρτάνοντάς
1000 2021 1061 2058 τε
1105 2003 1298 2068 οὕτως,
1349 2003 1444 2056 καὶ
1487 2003 1766 2072 μονονουχὶ
1803 2000 2106 2062 πατοῦντας
2155 1999 2261 2052 τῶν
2310 2002 2491 2072 νόμιον
2532 2004 2642 2058 τῶν
2679 2005 2827 2076 ἐμῶν
2858 2005 2956 2077 τὴν
3003 2006 3307 2076 ἀκρίϐειαν.
3368 2007 3651 2078 Τοιγαροῦν
3674 2010 3712 2060 τί

491 2093 716 2163 γέγονεν
739 2112 758 2160 ;

559 2187 726 2246 Vens.
765 2191 852 2255 ll,
883 2191 1068 2246 11——
1095 2211 1115 2244 ι
1147 2191 1455 2247 Derelictus
1486 2201 1572 2246 est
1595 2190 1766 2244 Judas
1787 2230 1802 2252 ,
1847 2197 1901 2242 et
1935 2187 2068 2240 ahe-

493 2281 718 2335 rninatio
770 2283 912 2335 facta
952 2295 1038 2337 est
1079 2283 1132 2336 in
1178 2281 1376 2338 lsraele
1415 2291 1468 2337 et
1509 2281 1886 2341 Hierusalem,
1941 2279 2066 2348 quia

492 2375 884 2428 contaminavit
921 2374 1092 2430 .ludas
1131 2385 1323 2430 sancta
1363 2374 1576 2428 Domini
1616 2390 1736 2444 quae
1769 2373 2065 2433 dilexerat,

495 2479 549 2521 et
587 2469 783 2522 alienis
823 2469 930 2523 diis
971 2468 1212 2523 studium
1256 2467 1541 2536 impendit.
1575 2486 1594 2518 ι
1625 2465 1812 2536 Igitur,
1850 2465 1977 2534 quia
2015 2471 2069 2517 et

493 2560 732 2630 populus
789 2561 979 2615 illicita
1040 2559 1324 2630 patrahat,
1380 2568 1434 2614 et
1484 2559 1637 2610 vobis
1691 2557 2068 2611 sacerdotibus

492 2654 644 2707 nulla
697 2654 800 2707 fuit
849 2653 1158 2724 corrigendi
1221 2653 1370 2706 illum
1427 2650 1768 2713 sollicitudo,
1820 2644 2067 2703 destituti

493 2745 834 2815 providentia
894 2760 1011 2799 mea
1067 2745 1120 2798 in
1170 2743 1542 2812 captivitatem
1611 2741 1872 2795 abiistis:
1937 2739 2067 2808 quia

493 2838 751 2891 nimirum
785 2837 934 2890 cultu
967 2834 1056 2888 Dei
1093 2837 1338 2905 neglecto
1361 2874 1376 2895 ,
1413 2847 1573 2902 quem
1625 2847 1653 2884 a
1695 2830 1850 2883 vobis
1895 2830 2067 2898 potis-

493 2931 688 2986 simum
742 2929 1051 2984 vehementi
1109 2941 1240 2980 cura
1293 2923 1574 2979 observari
1627 2922 1950 2991 oportebat,
2002 2919 2072 2973 ad

493 3026 762 3080 idolorum
821 3023 1150 3093 obsequium
1199 3020 1451 3076 conversi
1503 3019 1657 3073 estis.
1705 3019 1880 3086 Atque
1927 3017 1997 3068 ita
2041 3031 2071 3068 a

494 3118 877 3172 sacerdotibus
913 3117 978 3169 ad
1013 3131 1206 3169 omnes
1259 3115 1422 3168 verba
1485 3110 1861 3174 transferens,
1912 3109 2068 3178 quasi

2239 2183 2387 2254 Στίχ.
2418 2191 2508 2247 ια’,
2551 2187 2635 2256 ιβ’.
2682 2219 2750 2227 -
2788 2208 2807 2238 ι
2875 2189 3297 2260 Ἐγκατελείφθη
3367 2189 3600 2253 Ἰούδας.
3643 2194 3713 2247 καὶ

2168 2274 2442 2345 βδέλυγμα
2482 2278 2698 2345 ἐγένετο
2725 2281 2782 2331 ἐν
2801 2279 2879 2349 τῷ
2908 2280 3123 2351 Ἰσραὴλ
3149 2282 3242 2333 καὶ
3283 2283 3342 2334 ἐν
3373 2281 3714 2351 Ἰερουσαλήμ·

2165 2367 2297 2420 διότι
2332 2368 2667 2438 ἐϐεϐήλωσεν
2699 2369 2894 2434 Ἰούδας
2920 2371 2990 2424 τὰ
3022 2371 3152 2440 ἅγια
3178 2374 3382 2444 Κυρίου
3419 2375 3478 2427 ἐν
3506 2369 3581 2438 οἷς
3606 2376 3718 2444 ήγὰ-

2167 2473 2328 2528 πησε,
2366 2461 2458 2512 καὶ
2489 2461 2848 2532 ἐπετήδευσεν
2873 2463 2954 2526 είς
2984 2463 3140 2525 θεοὺς
3189 2463 3528 2536 ἀλλοτρίους.
3563 2487 3580 2518 ι
3610 2466 3712 2518 Τοι-

2175 2551 2379 2620 γαροῦν
2405 2553 2590 2622 ἐπειδὴ
2621 2555 2714 2606 καὶ
2741 2556 2790 2606 οί
2823 2554 2916 2607 τοῦ
2941 2555 3072 2608 λαοῦ
3103 2556 3162 2609 τὸ
3195 2557 3270 2627 μὴ
3305 2557 3430 2610 δέον
3458 2557 3714 2628 ἔπραττον,

2175 2643 2269 2693 καὶ
2308 2642 2435 2709 ὑμῖν
2473 2645 2586 2706 τοίς
2621 2643 2825 2714 ἱερεῦσι
2869 2644 3026 2712 λόγος
3057 2645 3238 2709 οὐθεὶς
3267 2643 3334 2717 ἦν
3380 2647 3484 2717 τῆς
3522 2648 3712 2700 ἐκείνων

2173 2731 2505 2802 διορθώσεως
2529 2774 2545 2799 ,
2587 2733 2877 2803 ἀφεθέντες
2923 2739 3022 2806 τῆς
3063 2737 3317 2806 προνοίας
3357 2738 3464 2807 τῆς
3507 2738 3636 2810 ἐμῆς
3659 2740 3720 2800 εἰς

2173 2823 2549 2892 αίχμαλωσίαν
2594 2825 3005 2896 ἀπεληλύθατεο
3047 2826 3188 2896 ὑπὲρ
3237 2819 3314 2879 ὧν
3351 2827 3421 2897 δὴ
3456 2827 3552 2897 τῆς
3583 2826 3718 2896 θερα·

2177 2915 2336 2976 πείας
2369 2915 2741 2987 ἀμελήσαντες
2769 2915 2862 2969 τοῦ
2909 2915 3044 2970 Θεοῦ
3067 2955 3082 2981 ,
3127 2917 3194 2986 ἣν
3241 2917 3306 2988 δὴ
3342 2919 3582 2987 μάλιστα
3612 2919 3722 2987 μετὰ

2175 3005 2376 3074 πολλῆς
2411 3007 2554 3075 ὑμᾶς
2592 3007 2830 3075 μετιέναι
2883 3007 3162 3077 προσῆκον
3215 3003 3282 3078 ἦν
3321 3007 3423 3077 τῆς
3485 3008 3722 3077 σπουδῆς,

2179 3097 2259 3158 είς
2289 3094 2522 3148 εἰδώλων
2553 3095 2890 3168 ἐξετράπητε
2919 3096 3214 3166 θεραπείαν
3237 3114 3250 3128 ο
3286 3095 3468 3160 οὕτως
3502 3099 3603 3150 ἀπὸ
3636 3096 3724 3148 τῶν

492 3219 545 3264 et
579 3209 778 3280 reliqui
833 3208 887 3261 in
939 3207 1127 3262 eadem
1181 3205 1533 3260 sacerdotum
1587 3202 1832 3272 nequitia
1884 3217 2070 3256 versa-

2179 3190 2369 3259 ἰερέων
2414 3190 2494 3250 εἰς
2527 3187 2775 3251 ἅπαντας
2822 3187 3065 3242 ἐκϐαλὼν
3097 3189 3186 3243 τὸν
3221 3189 3381 3258 λόγον
3413 3231 3429 3253 ,
3459 3191 3535 3252 ὡς
3582 3191 3640 3242 ἂν
3672 3192 3724 3259 τῇ

494 3310 707 3365 rentur,
750 3299 1060 3355 communis
1106 3297 1489 3366 castigationis
1548 3311 1677 3366 ergo
1731 3296 1842 3349 haec
1877 3295 2066 3348 addit:

499 3411 518 3442 ι
549 3390 745 3448 Perdet
790 3391 1052 3446 Dominus
1097 3390 1370 3443 hominem
1407 3389 1500 3459 qui
1548 3389 1662 3442 haec
1706 3387 1930 3451 fecerit,
1969 3388 2070 3440 do-

391 3466 412 3480 ’
492 3495 594 3534 nec
625 3482 944 3536 humilietur
971 3480 1038 3534 de
1070 3479 1441 3532 tabernaculis
1479 3476 1684 3543 Jacob,
1731 3486 1786 3532 et
1828 3478 1895 3531 de
1938 3476 2072 3530 olfe-

495 3573 745 3627 reutihus
772 3571 1133 3641 omnipotenti
1169 3569 1398 3625 Domino
1429 3569 1778 3626 sacrificium.
1809 3589 1826 3620 ι
1855 3567 1972 3622 Nisi
2003 3568 2072 3622 ab

495 3661 597 3714 hoc
630 3662 754 3716 vitae
785 3677 986 3731 genere
1021 3661 1362 3715 recesseritis
1385 3701 1400 3724 ,
1433 3660 1745 3714 omnimoda
1781 3675 1878 3713 vos
1911 3660 2070 3712 ruina

494 3761 722 3805 cunctos
773 3751 1073 3821 corripiet,
1114 3753 1188 3806 ita
1249 3759 1306 3806 ut
1359 3751 1415 3805 in
1459 3761 1757 3807 extremam
1809 3750 2070 3818 ahjeetio-

494 3857 616 3896 nem
650 3851 762 3895 tum
803 3843 997 3911 reliqui
1029 3842 1359 3897 deveniant:
1395 3851 1510 3897 tum
1546 3852 1600 3898 et
1630 3858 1728 3897 vos
1770 3857 1838 3895 ex
1885 3856 2071 3896 sacer-

496 3933 628 3987 dotii
669 3933 950 3988 functioue
983 3943 1036 3988 et
1067 3935 1354 3989 sacrificiis
1400 3949 1520 4004 qua:
1571 3949 1668 4004 pro
1711 3932 1832 3987 aliis
1872 3933 2070 3987 offerre

495 4025 804 4087 simulatis,
841 4026 1049 4078 nullam
1087 4041 1184 4080 seu
1223 4041 1319 4080 vos
1368 4042 1462 4080 seu
1507 4025 1583 4079 illi
1635 4024 1924 4078 utilitatem
1973 4039 2067 4078 ca-

495 4114 678 4183 pietis.
712 4112 972 4168 Posthinc
1005 4113 1070 4166 ad
1105 4115 1250 4168 aliud
1286 4115 1500 4168 illorum
1535 4113 1732 4168 transit
1760 4121 2065 4182 peccatum.

495 4204 737 4275 Namque
771 4222 799 4258 a
835 4206 1152 4275 captivitate
1189 4207 1426 4268 reversi,
1460 4215 1515 4260 et
1549 4205 1676 4258 data
1716 4220 1745 4258 a
1795 4204 1907 4258 Deo
1949 4204 2069 4258 feli-

494 4298 658 4350 citate
685 4297 835 4367 putiti
859 4337 874 4357 ,
905 4298 970 4350 ad
1003 4298 1261 4352 Iascivam
1290 4298 1436 4351 versi
1467 4298 1629 4352 vitam
1651 4337 1666 4360 ,
1697 4297 1910 4367 priores
1939 4310 2068 4351 snas

499 4402 698 4442 usures
735 4387 1092 4452 dimiserant,
1131 4397 1298 4458 atque
1337 4389 1460 4444 aliis
1499 4389 1720 4442 oculum
1755 4387 2069 4458 cupiditatis

496 4478 848 4546 adjeceraut:
900 4487 955 4533 et
1002 4480 1124 4535 illas
1175 4480 1396 4550 quidem
1446 4496 1567 4551 quae
1607 4481 1770 4550 longo
1815 4495 1940 4534 cum
1987 4481 2068 4536 eis

497 4580 740 4639 tempore
785 4572 1072 4637 vixerant,
1120 4579 1173 4626 et
1214 4573 1481 4626 malorum
1530 4572 1692 4626 etiam
1738 4571 2068 4640 captivitatis

496 4661 791 4730 participes
830 4662 940 4714 illic
982 4661 1235 4726 fuerant,
1271 4661 1432 4731 375
1464 4676 1611 4716 nunc
1649 4669 1856 4714 temere
1892 4660 2070 4729 ejece-

497 4759 654 4815 rant,
685 4760 846 4819 atque
890 4752 1011 4805 aliis
1060 4767 1156 4821 per
1196 4753 1475 4806 libidinem
1532 4752 1902 4806 adhaerebant.
1949 4751 2068 4805 Jam

497 4858 623 4897 cum
654 4843 864 4896 nullum
899 4845 1115 4898 miseris
1146 4845 1466 4898 mulieribus
1498 4845 1737 4898 ferretur
1765 4845 2026 4898 auxilium
2053 4883 2069 4908 ,

497 4950 600 4988 nec
651 4935 940 5003 quisquam
991 4933 1134 4987 facta
1188 4935 1302 4989 haec
1352 4936 1707 5005 objurgaret,
1755 4936 2071 4989 necessario

497 5025 754 5093 injurialn
794 5025 1258 5093 Ignominiamquc
1293 5041 1400 5079 uon
1435 5028 1671 5081 ferentes
1704 5027 1834 5094 ipsa!
1876 5026 2071 5078 mulie-

496 5133 622 5181 res,
657 5116 866 5170 idcireo
915 5117 981 5170 ad
1031 5116 1197 5172 Deum
1255 5117 1648 5185 confugiebant
1703 5117 1892 5171 multis
1947 5131 2067 5170 cum

495 5207 752 5278 larrymis
804 5207 1103 5276 multisque
1148 5208 1477 5276 ejulatihus,
1525 5205 1726 5276 Deique
1778 5207 2068 5276 providen-

495 5304 622 5354 tiam
655 5313 710 5355 ut
747 5304 797 5354 in
829 5318 886 5356 re
913 5300 1201 5371 desperata
1238 5301 1621 5370 implorabant.
1662 5298 1950 5368 Propterea
1983 5299 2063 5352 sic

496 5395 636 5460 lnqui
669 5394 841 5462 pergit
870 5409 888 5447 :

2175 3281 2380 3334 τούτων
2422 3281 2588 3351 κακίᾳ
2624 3280 2719 3333 καὶ
2751 3281 2857 3332 τῶν
2895 3281 3096 3334 λοιπῶν
3129 3283 3441 3349 γεγονότων
3474 3283 3724 3343 τοιούτων,

2174 3370 2255 3431 είς
2312 3370 2689 3440 σωφρονισμὸν
2746 3371 3000 3423 ἁπάντων
3060 3376 3210 3443 κοινῇ
3272 3374 3466 3425 λοιπὸν
3529 3373 3727 3439 ἐπάγει·

2179 3480 2198 3512 ι
2258 3461 2653 3531 Ἐξολοθρεύσει
2689 3461 2890 3531 Κύριος
2934 3461 3025 3514 τὸν
3057 3461 3339 3534 ἄνθρωπον
3380 3465 3480 3518 τὸν
3509 3463 3728 3516 ποιοῦντα

2173 3553 2348 3606 ταῦτα
2369 3593 2383 3617 ,
2421 3553 2526 3616 ἕως
2554 3551 2620 3605 ἂν
2663 3554 2756 3605 καὶ
2797 3552 3108 3624 ταπεινωθῇ
3143 3555 3208 3607 ἐκ
3240 3556 3620 3625 σκηνωμάτων
3657 3554 3731 3604 Ἰα-

2174 3645 2310 3708 κὼὸ,
2346 3646 2440 3698 καὶ
2468 3647 2530 3697 ἐκ
2560 3646 2946 3716 προσαγόντων
2993 3645 3184 3700 θυσίαν
3217 3647 3296 3718 τῷ
3327 3649 3527 3719 Κυρίῳ
3559 3663 3730 3699 παντοο

2172 3734 2421 3806 κράτορι.
2461 3753 2479 3783 ι
2531 3734 2549 3801 (
2572 3751 2625 3804 p.
2679 3735 2814 3802 552)
2861 3734 3000 3786 Ἀλλ’
3047 3735 3101 3789 εί
3143 3753 3206 3804 γε
3253 3736 3328 3807 μὴ
3368 3736 3585 3789 τούτων
3622 3736 3734 3788 ἀπο-

2173 3826 2427 3893 σταίητε,
2457 3827 2624 3895 φησὶ,
2673 3825 2943 3896 παντελὴς
2986 3825 3226 3880 ἀπώλεια
3257 3827 3498 3896 λήψεται
3553 3827 3732 3886 πάντας

2173 3918 2337 3986 ὑμᾶς,
2372 3915 2511 3968 ὥστε
2539 3918 2618 3978 είς
2641 3915 2738 3986 τὴν
2765 3916 3001 3986 ἐσχάτην
3029 3919 3358 3969 ταπείνωσιν
3405 3917 3539 3979 τούς
3567 3933 3623 3970 τε
3646 3914 3735 3966 λοι-

2172 4012 2306 4072 ποὺς
2337 4009 2600 4078 ἀχθῆναι,
2638 4011 2733 4062 καὶ
2765 4009 2829 4080 δὴ
2876 4010 2967 4062 καὶ
3000 4010 3142 4079 ὑμᾶς
3188 4010 3313 4071 τοὺς
3362 4007 3665 4078 ἱερατεύειν
3686 4021 3734 4058 τε

2172 4102 2266 4155 καὶ
2296 4101 2394 4164 τὰς
2420 4102 2559 4172 ὑπὲρ
2589 4102 2797 4172 ἐτέρων
2826 4101 3016 4165 θυσίας
3043 4103 3577 4172 προσποιουμένους,
3605 4097 3737 4153 οὐθὲν

2171 4194 2293 4248 οὔτε
2322 4194 2474 4264 ὑμῶν
2507 4193 2629 4246 οὔτε
2674 4195 2896 4246 ἐκείνων
2933 4197 2996 4263 τῇ
3030 4195 3364 4263 προσαγωγῇ
3407 4195 3523 4245 τῶν
3562 4191 3738 4245 θυσιῶν

2171 4286 2496 4355 ὡφελεῖσθαι
2525 4286 2651 4338 οἴων
2673 4303 2729 4338 τε
2756 4285 2922 4338 ὄντων
2938 4301 2951 4315 ·
2982 4283 3229 4336 ἐντεῦθεν
3254 4285 3336 4352 ἐφ’
3359 4285 3563 4354 ἐτέραν
3583 4281 3739 4336 αὐτῶν

2174 4377 2493 4448 μεθίσταται
2524 4377 2871 4446 παρανομίαν
2894 4392 2909 4406 ·
2953 4375 3339 4438 ἐπανελθόντες
3377 4377 3495 4446 γὰρ
3522 4376 3631 4428 ἀπδ
3657 4372 3739 4440 τῆς

2172 4467 2574 4538 αἰχμαλωσίας.
2606 4467 2698 4519 καὶ
2726 4467 2823 4536 τῆς
2862 4466 2968 4519 ὑπὸ
2997 4465 3092 4519 τοῦ
3123 4465 3258 4518 Θεοῦ
3306 4465 3738 4537 παρασχεθείσης

2101 4548 2144 4603 Ῑ)
2173 4562 2354 4622 αὐτοῖς
2385 4558 2688 4628 εὐπραγίας
2721 4557 3117 4626 μετεσχηκότες
3137 4596 3152 4619 ,
3197 4558 3276 4618 εἰς
3322 4557 3634 4608 ἀκόλαστον
3664 4557 3740 4605 ἐκ·

2170 4649 2470 4720 τραπέντες
2495 4645 2628 4716 βίον,
2663 4645 2759 4708 τὰς
2794 4644 3030 4715 πρόσθεν
3057 4643 3267 4696 ἐαυτῶν
3300 4646 3581 4710 γυναῖκας
3606 4640 3741 4709 ἠφίε-

2173 4759 2290 4798 σαν,
2324 4740 2408 4808 ἐφ’
2444 4738 2636 4808 ἐτέρας
2679 4737 2828 4799 ὃπως
2859 4735 2987 4788 ποτέ
3027 4734 3322 4806 τρέποντες
3355 4733 3418 4786 τὸ
3445 4735 3643 4804 δμμα·
3667 4730 3744 4782 καὶ

2171 4832 2270 4894 τὰς
2301 4830 2398 4901 μὲν
2432 4831 2489 4881 ἐν
2535 4829 2731 4898 μακρῷ
2773 4826 2850 4897 τῷ
2877 4827 3052 4898 χρόνῳ
3100 4826 3504 4894 συγγεγονυίας
3544 4825 3744 4884 αὐτοῖς.

2169 4925 2264 4976 καὶ⁵
2300 4922 2363 4993 δὴ
2395 4921 2492 4974 καλ¹
2522 4919 2632 4972 τῶν
2665 4919 2807 4973 κατά
2854 4920 2953 4990 τὴν
2988 4918 3370 4988 αἰχμαλωσίαν
3420 4920 3622 4972 κακῶν
3654 4917 3747 4970 τῶν

2167 5033 2225 5069 τε
2259 5013 2444 5067 αὐτόθι
2486 5010 2876 5079 ταλαιπωριῶν
2924 5011 3387 5080 κεκοινωνηκυίας
3436 5012 3631 5073 αὐτοῖς
3661 5009 3747 5060 ἁπ-

2167 5107 2389 5161 έὸαλλον
2414 5103 2603 5166 ἀδεῶς.
2629 5103 2713 5170 ἐφ’
2731 5103 2922 5172 ἐτέρας
2948 5101 3006 5154 δέ
3034 5102 3323 5172 ἐτρέποντο
3346 5102 3404 5168 ἐξ
3433 5102 3745 5161 ἀκολασίας.

2167 5197 2263 5251 εἴτ’
2286 5195 2544 5265 οὐδεμιᾶς
2573 5191 2822 5246 ἐντεῦθεν
2841 5191 3093 5262 βοηθείας
3117 5193 3554 5263 προσαγομένης
3578 5189 3749 5249 κακῶς

2171 5290 2506 5362 πασχούσαις
2538 5289 2658 5350 ταῖς
2678 5283 2944 5354 γυναιξὶν,
2975 5282 3094 5336 οὐδέ
3123 5301 3267 5348 τινος
3294 5285 3412 5346 τοῖς
3447 5282 3751 5354 γινομένοις

2169 5379 2545 5453 ἐπιτιμῶντος,
2568 5375 2880 5445 ἀναγκαίως
2898 5376 2998 5445 τήν
3021 5391 3076 5427 τε
3103 5374 3259 5446 ὓϐριν
3279 5375 3373 5428 καὶ
3393 5375 3508 5446 τὴν
3539 5372 3751 5442 ἀτιμίαν

493 5488 548 5537 αἱ
575 5487 830 5553 γυναῖκες
853 5485 912 5536 οὐ
939 5486 1222 5554 φέρουσαι,
1241 5485 1413 5554 ταύτῃ
1441 5483 1534 5536 ἐπὶ
1556 5481 1645 5534 τὸν
1673 5483 1804 5534 Θεὸν
1833 5482 2170 5558 κατέτρεχον,
2211 5476 2423 5538 πολλοῖς
2447 5471 2546 5542 μὲν
2578 5471 2687 5532 τοῖς
2717 5467 2968 5538 δάκρυσι,
2993 5466 3213 5529 πολλαῖς
3245 5466 3303 5520 δὲ
3332 5469 3462 5528 ταῖς
3493 5464 3755 5535 οἰμωγαῖς

495 5579 847 5647 κεχρημέναι,
886 5578 980 5630 καὶ
1015 5579 1114 5648 τῆς
1144 5580 1294 5649 παρά
1330 5577 1464 5633 Θεοῦ
1497 5579 1748 5649 προνοίας
1789 5577 1863 5639 ὡς
1905 5577 1963 5628 ἐν
2000 5556 2320 5645 ἀϐοηθήτοις
2352 5568 2598 5636 ἀξιοῦσαι
2619 5567 2816 5636 τυχεῖν.
2867 5561 3039 5634 ’Υπὲρ
3069 5560 3133 5630 δὴ
3161 5559 3364 5613 τούτων
3411 5558 3575 5613 οὕτω
3613 5556 3752 5629 φησι·

574 5717 614 5747 ⁵⁷
664 5715 734 5770 Ps
775 5717 808 5768 l.
845 5731 1028 5782 Luxu,
1061 5714 1112 5770 6.
