3904 6520
191 331 275 389 διδ
338 304 345 309 “
1056 298 1602 378 consignamus
1631 320 1695 375 IN

1818 321 2112 385 tLACHIAZ
2153 320 2307 376 CAP.
2342 320 2400 377 ll.

244 444 367 513 Στίχ.
420 446 503 507 ιγ’.
552 471 619 479 -
664 456 683 489 ι
731 438 838 492 Καὶ
894 437 1063 492 ταῦτα
1101 438 1137 492 ά
1177 437 1400 507 ἐμίσουν
1441 441 1710 492 ὲποιεῖτε’
1746 450 1791 505 Α

188 536 469 592 ἐκαλύπτετε
519 532 752 603 δάκρυσι
806 530 867 582 τὸ
914 530 1299 601 θυσιαστήριον
1354 531 1575 601 Κυρίου,
1625 532 1720 583 καλ⁵

187 624 408 696 ςλαυθμῴ
448 624 541 676 καὶ
593 622 881 692 στεναγμῴ
938 623 1000 673 ἐκ
1045 622 1266 674 κόπων·
1308 621 1386 674 ἔτι
1415 622 1563 685 ἄξιον
1597 626 1719 675 ἐπι·

185 719 344 788 (ιλέψαι
378 716 449 777 εἰς
500 714 690 767 θυσίαν
736 714 908 783 ὑμῶν,
965 714 997 784 ἢ
1043 713 1241 766 λαϐεῖν
1284 715 1471 767 δεκτὸν
1508 717 1573 767 ἐκ
1612 716 1719 767 τῶν

184 808 377 882 χειρῶνς
426 825 443 856 ι
511 803 873 857 Ἐκαλύπτετε
937 804 1169 874 δάκρυσι
1218 805 1279 857 τὸ
1336 804 1719 875 θυσιαστήριον

184 900 371 971 Κυρίου,
399 904 470 964 (p.
498 895 620 965 555)
640 896 733 948 καὶ
756 894 1018 965 κλαυθμῷ
1040 896 1133 947 καὶ
1156 895 1442 965 στεναγμῷ
1459 912 1474 927 ο
1501 898 1560 948 οὐ
1584 896 1719 966 πρὸς

184 994 288 1054 τοὺς
314 987 653 1057 ὀδυρομένους
696 988 879 1056 φησιν,
905 986 1040 1039 ἀλλά
1064 987 1197 1057 πρὸς
1221 987 1345 1050 τοὺς
1367 985 1569 1048 αἰτίους
1596 985 1721 1038 τοὺ-

179 1098 284 1133 του’
314 1081 367 1131 οὐ
410 1077 514 1147 γάρ
543 1079 606 1149 δὴ
641 1081 759 1140 ταῖς
798 1079 905 1132 άπὸ
942 1079 1211 1150 τοσαύτης
1244 1079 1488 1148 ἀνάγκης
1527 1097 1586 1132 τε
1625 1080 1718 1133 καὶ

186 1170 415 1241 ἐπηρείας
450 1171 541 1222 ἐπὶ
572 1171 662 1223 τὸν
693 1170 823 1223 Θεὸν
848 1172 1202 1243 κατατρέχειν
1243 1172 1719 1243 ἀναγκαζομέναις

176 1265 253 1317 καὶ
287 1262 349 1315 τά
389 1261 766 1332 συμϐεϐηκότα
818 1262 1006 1325 αὑταῖς
1053 1263 1487 1335 ἀποδυρομέναις
1530 1263 1713 1327 κακὰ,

178 1352 449 1424 μέμφεσθαι
510 1352 740 1423 ἤμελλεν
784 1353 925 1423 ὑπὲρ
964 1345 1040 1405 ὧν
1083 1353 1257 1407 ταῦτα
1296 1354 1575 1416 ποιοῦσιν,
1600 1354 1716 1408 ἀλλ’

171 1446 363 1515 εὔδηλον
387 1446 463 1497 ὅτι
489 1447 599 1507 τοῖς
626 1444 869 1499 ἀδικοῦσι
898 1447 992 1498 καὶ
1028 1446 1137 1499 τῶν
1176 1446 1432 1501 τοιούτων
1458 1447 1715 1518 οἰμωγῶν

170 1557 217 1592 τε
240 1539 321 1591 καὶ
340 1536 581 1605 δακρύων
622 1537 815 1601 αἰτίοις
845 1537 1219 1608 ἐπιμέμφεται
1251 1538 1493 1602 δικαίως.
1523 1539 1596 1591 Τὸ
1622 1535 1715 1592 οὖν

171 1629 514 1683 «ἐκαλύπτετε
550 1649 567 1680 ι
605 1629 751 1698 λέγει
800 1630 919 1682 ἀντὶ
956 1628 1079 1693 τοῦ,
1117 1628 1561 1700 Παρεσκευάζετε
1614 1646 1715 1681 κα-

167 1716 447 1771 λύπτεσθαι.
504 1717 765 1769 Ἐποιείτε
801 1716 884 1787 δὴ,
922 1718 1077 1787 φησὶ,
1120 1717 1400 1770 καὶτοῦτο
1438 1718 1466 1770 ὃ
1498 1717 1715 1771 πάντων

3293 313 3400 371 6M

1893 437 2057 494 Vnus.
2093 439 2173 491 15.
2202 468 2268 478 --
2299 456 2316 487 ι
2346 436 2407 488 Et
2455 434 2570 490 haec
2625 449 2746 505 quae
2794 432 3018 488 oderam
3065 430 3393 487 faciebatis:

1821 531 2156 601 operiebatis
2191 528 2446 598 laeryinis
2479 529 2651 583 altare
2681 526 2931 587 Domini,
2968 532 3023 579 et.
3058 524 3282 595 planctu
3320 539 3387 577 ac

1820 622 2021 694 gemitu
2053 621 2123 677 de
2166 621 2465 675 laboribus.
2513 619 2780 674 Adbucne
2822 619 3046 689 dignum
3095 624 3181 672 est
3221 618 3399 686 respi-

1823 729 1948 769 cere
2008 712 2381 773 sacrificium,
2443 719 2538 765 aut
2589 713 2873 782 suscipere
2933 710 3268 781 acceptabile
3328 708 3398 764 de

1822 804 2075 858 manibus
2107 804 2347 859 vestris?
2377 823 2394 853 ι
2417 802 2758 873 Operiebatis
2798 804 3055 874 laerymis
3090 804 3258 855 altare
3289 798 3400 855 Do-

1822 895 1987 957 mini,
2020 904 2075 949 et
2104 896 2324 965 planctu
2358 910 2421 948 ac
2452 897 2653 965 gemitu
2684 912 2701 960 ;
2741 895 2885 964 quod
2915 910 3020 948 non
3056 894 3123 949 de
3164 894 3397 964 lugenti-

1822 984 1925 1040 bus
1962 985 2127 1047 dicit,
2159 985 2253 1041 sed
2291 986 2358 1040 de
2390 986 2457 1039 iis
2486 986 2580 1055 qui
2609 985 2828 1056 lugendi
2860 1000 3029 1039 causa
3062 994 3239 1039 erant.
3275 984 3395 1037 Non

1820 1078 1963 1131 enim
1998 1077 2139 1133 Deus
2170 1079 2489 1134 mulieribus
2522 1094 2641 1148 quae
2675 1095 2740 1134 ex
2785 1078 2953 1135 tantis
2996 1080 3267 1147 angustiis
3301 1088 3385 1131 at-

1820 1186 1926 1239 que
1977 1172 2177 1240 injuria
2224 1171 2291 1226 ad
2326 1187 2384 1226 se
2412 1171 2709 1241 confugere
2740 1170 3096 1240 cegebantur,
3130 1184 3396 1238 suamque

1820 1265 2183 1320 calamitatem
2201 1264 2931 1334 deﬂebant,exprobraturus
2948 1270 3064 1316 erat
3081 1261 3225 1330 quod
3247 1261 3318 1313 ita
3337 1274 3396 1315 se

1820 1366 2107 1423 gererent;
2137 1356 2228 1410 sed
2263 1364 2443 1425 patet,
2483 1355 2652 1409 Deum
2689 1353 2946 1422 iniuriam
2978 1350 3308 1405 facientibus
3341 1358 3397 1403 et

1819 1444 2133 1512 hujusmodi
2154 1448 2462 1517 ploratuum
2480 1462 2542 1499 ac
2560 1448 2928 1517 laerymarum
2949 1444 3397 1509 auctoribusme-

1819 1532 1923 1585 rito
1955 1534 2139 1588 irasci.
2170 1533 2311 1605 Ergo
2348 1555 2366 1586 ι
2392 1536 2721 1604 operiebatis
2752 1553 2769 1584 ι
2805 1532 2958 1595 dicit,
2992 1549 3110 1603 pro,
3143 1531 3398 1601 operien—

1819 1622 1946 1675 dum
1980 1625 2277 1680 curabatis.
2325 1623 2382 1677 ld
2421 1639 2552 1679 vero
2598 1625 2845 1696 agebatis
2886 1623 3032 1693 quod
3069 1640 3098 1676 a
3136 1639 3221 1677 me
3259 1637 3394 1690 prae-

1818 1715 1974 1783 cipue
2006 1718 2229 1770 vetitum
2263 1726 2383 1781 est,
2417 1718 2698 1787 multoque
2732 1717 2860 1772 odio
2892 1717 3112 1788 dignum
3148 1724 3391 1786 apparet.

166 1808 373 1875 μάλιστα
399 1806 767 1875 ἀπειρημένον
796 1801 863 1876 ἦν
895 1806 1037 1876 ἐμοὶ,
1070 1807 1163 1859 καὶ
1193 1806 1385 1859 πολλοῦ
1420 1824 1483 1874 γε
1520 1807 1712 1877 μίσους

1818 1806 2024 1872 Quibus
2059 1808 2320 1877 praeclare
2352 1808 2544 1863 addit:
2575 1827 2593 1859 ‹
2626 1808 2765 1863 Num
2814 1808 3037 1878 dignum
3084 1807 3263 1861 adhuc
3307 1817 3393 1860 est

167 1897 460 1965 φαινόμενον
512 1897 692 1960 ἄξιον·
740 1893 821 1959 οἷς
874 1897 1052 1960 καλῶς
1100 1900 1347 1969 ἐπήγαγε
1387 1898 1468 1961 τὸ,
1519 1918 1537 1949 ι
1590 1901 1710 1953 Ἔτι

160 1987 287 2054 ἄξιον
310 1985 596 2056 ἐπιϐλέψαι
626 1989 704 2052 είς
733 1988 921 2041 θυσίαν
948 1988 1123 2059 ὑμῶν,
1158 1989 1189 2059 ἢ
1228 1989 1410 2041 λαδεῖν
1437 1990 1623 2043 δεκτδν
1650 1993 1711 2042 ἐκ

157 2079 247 2131 τῶν
270 2079 456 2147 χειρῶν
487 2078 674 2147 ὑμῶν;
724 2101 741 2130 ι
778 2079 899 2143 Πῶς
920 2080 1029 2152 γάρ
1062 2079 1146 2150 δὴ,
1189 2083 1342 2150 φησὶ,
1370 2082 1463 2133 καὶ
1492 2082 1713 2134 δυνατὸν

159 2176 185 2239 ἦ
214 2170 388 2223 ουσίαν
416 2171 446 2240 ἧ
490 2171 619 2223 ἄλλο
645 2190 695 2224 τι
725 2171 830 2225 τῶν
862 2175 990 2243 παρ’
1014 2172 1165 2242 ὑμῶν
1198 2172 1713 2243 προσκομιζομένων

155 2260 381 2324 δέξασθαί
445 2278 537 2330 με,
600 2261 707 2313 τῶν
768 2262 1040 2328 γυναικῶν
1107 2262 1215 2314 τῶν
1284 2262 1562 2333 ὑμετέρων
1620 2264 1713 2315 ἐπὶ

156 2349 414 2412 τοσαύταις
450 2350 689 2412 ἀδικίαις
716 2367 775 2402 τε
815 2351 909 2403 κα)⁸
942 2351 1246 2420 παροινίαις
1281 2351 1345 2415 ἂς
1381 2352 1712 2423 ὑπομένουσι

155 2445 265 2511 παρ’
314 2442 486 2511 ὑμῶν,
548 2442 783 2513 τοσουτῳ
844 2445 940 2513 μὲν
993 2442 1278 2514 κλαυθμῷ.
1319 2443 1591 2506 τοσούτοις
1654 2444 1711 2497 δὲ

154 2534 382 2603 ὀδυρμοῖς
407 2536 495 2586 ἐπ’
528 2534 663 2603 ἐμοῦ
692 2534 1082 2605 κεχρημένων;
1124 2534 1190 2597 ἃς
1221 2536 1465 2605 παριδεῖν
1494 2537 1594 2589 οὐκ
1625 2537 1713 2587 εὑ-

150 2628 337 2696 πρεπὲς
391 2628 546 2697 ἐμοί’
591 2628 730 2680 ὣστε
781 2631 828 2680 εἰ
881 2628 1103 2691 καὶτὰς
1148 2630 1225 2691 εἰς
1279 2630 1377 2698 ἐμὲ
1425 2629 1712 2699 γινομένας

151 2715 284 2782 ὑμῶν
308 2714 686 2785 πλημμελείας
722 2717 1025 2788 παρίδοιμι.
1058 2716 1171 2769 ἀλλ’
1202 2716 1262 2769 οὗ
1294 2718 1344 2768 τί
1369 2734 1429 2784 γε
1466 2718 1564 2780 τὰς
1595 2717 1712 2769 ἀδι-

146 2806 253 2868 κίας
281 2807 603 2877 παρὸψομαι
635 2807 741 2860 τῶν
761 2808 1015 2879 γαμετῶν
1043 2808 1149 2860 τῶν
1181 2809 1462 2878 ὑμετέρων
1484 2824 1496 2836 ·
1529 2810 1711 2878 ὅμοιον

145 2896 195 2948 δέ
222 2899 329 2949 ἐστι
358 2897 439 2968 τῷ
479 2898 581 2951 τοῦ
624 2901 828 2969 Κυρίου
867 2901 924 2951 ἐν
983 2901 1095 2961 τοῖς
1139 2897 1493 2967 Εὑαγγελίοις
1532 2899 1714 2966 λέγον-

143 3004 238 3049 τος,
283 2990 450 3041 «Ἐάν
509 2991 829 3061 προσφέρῃς
878 2990 938 3042 τὸ
988 2990 1156 3061 δῶρόν
1216 3006 1308 3042 σου
1369 2990 1461 3042 ἐπὶ
1506 2989 1568 3041 τὸ
1624 2989 1715 3040 θυ-

145 3082 462 3150 σιαστήριον,
490 3083 588 3134 καὶ
626 3083 741 3133 ἐκεῖ
765 3082 1009 3154 μνησθῇς
1037 3084 1117 3135 ὅτι
1146 3085 1174 3135 ὁ
1213 3082 1439 3150 άδελιρός
1474 3098 1568 3134 σου
1598 3081 1708 3150 ἕχει

139 3187 185 3221 τι
218 3173 352 3224 κατά
391 3172 513 3235 σοῦ,
562 3174 695 3242 ἄφες
729 3177 844 3227 ἐκεῖ
876 3175 935 3228 τὸ
985 3175 1155 3245 δῶρόν
1190 3193 1281 3228 σου
1307 3175 1399 3226 ὲπί
1428 3173 1489 3224 τὸ
1519 3174 1708 3226 θυσια-

137 3268 471 3336 στήριον,κο.ὶ
502 3264 684 3330 ὕπαγε
724 3263 957 3336 πρῶτον,
1009 3263 1329 3335 διαλλάγηθι
1372 3261 1449 3333 τῷ
1494 3260 1708 3331 ἀδελφῷ

138 3366 238 3416 σου,
255 3362 344 3413 καὶ
359 3364 486 3416 τότε
500 3357 678 3414 ἐλθὼν
697 3359 970 3431 πρόσφερε
984 3359 1041 3411 τὸ
1055 3358 1227 3412 eam
1242 3373 1355 3409 σου.
1370 3375 1387 3404 ι
1399 3353 1605 3423 (9.554)
1619 3355 1707 3417 Ὠς

136 3444 231 3515 γὰρ
258 3448 371 3498 ἐκεῖ
408 3447 681 3518 περιττὴν
710 3445 847 3501 εἶναι
887 3448 1033 3516 λέγει
1082 3448 1181 3519 τὴν
1222 3447 1591 3518 προσκομιδὴν
1631 3446 1705 3515 μὴ

132 3535 213 3588 τοῦ
243 3540 586 3612 ἠδικημένου
614 3541 1038 3613 θεραπευθέντος
1064 3544 1350 3615 πρότερον,
1374 3544 1545 3606 οὕτως
1567 3545 1703 3596 κάν-

1815 1912 1900 1949 me
1945 1896 2013 1950 ad
2058 1908 2300 1953 vestrum
2351 1899 2683 1953 sacriﬁcium
2732 1901 3043 1968 respicere,
3091 1900 3175 1953 vel
3216 1899 3391 1968 quod-

1813 1987 1940 2043 libet
1985 1990 2051 2051 de
2095 1991 2349 2045 manibus
2382 1992 2581 2046 vestris
2629 2007 2831 2046 munus
2869 1991 3167 2061 accipere?
3199 2010 3216 2042 ι
3256 1989 3389 2044 Nam

1812 2082 1904 2148 qui
1969 2081 2083 2134 ﬁeri
2140 2084 2338 2151 poterit
2390 2091 2449 2135 ut
2503 2098 2604 2151 ego
2652 2082 2985 2137 sacriﬁcium
3037 2084 3119 2138 vel
3169 2082 3391 2153 quidvis

1813 2173 1957 2226 aliud
1988 2188 2015 2224 a
2045 2174 2199 2227 vobis
2223 2175 2467 2229 oblatum
2502 2174 2789 2228 admittam
2812 2215 2827 2238 ,
2858 2175 3099 2245 quandiu
3132 2174 3391 2229 mulieres

1812 2276 2007 2319 vestra:
2056 2268 2110 2319 in
2157 2277 2234 2321 tot
2282 2269 2500 2338 injuriis
2534 2284 2599 2321 ac
2639 2269 2959 2336 petulantiis
2998 2284 3137 2339 quas
3170 2282 3199 2320 a
3232 2267 3391 2322 vobis

1813 2358 2114 2425 patiuntur,
2165 2367 2318 2414 tanto
2369 2376 2454 2415 me
2500 2360 2705 2428 gemitu
2753 2360 3077 2430 ploratuque
3121 2359 3394 2429 pulsant?

1812 2465 1952 2517 quas
1980 2451 2299 2519 aspernari,
2334 2452 2655 2507 indecorum
2694 2453 2830 2506 mihi
2869 2452 3048 2507 foret:
3081 2453 3218 2507 adeo
3252 2460 3311 2505 ut
3343 2455 3390 2506 si

1816 2542 1959 2595 forte
1986 2551 2210 2611 peccata
2241 2554 2419 2599 vestra
2447 2546 2711 2601 adversus
2740 2562 2826 2602 me
2853 2546 3179 2617 negligerem
3202 2587 3216 2610 ,
3245 2545 3391 2599 haud

1813 2641 1995 2687 tamen
2052 2645 2360 2690 vestrarum
2417 2654 2649 2694 uxorum
2704 2639 2935 2709 injurias
2988 2654 3148 2708 aequo
3205 2637 3391 2691 animo

1815 2739 2079 2792 passurus
2114 2725 2240 2780 sim.
2278 2727 2385 2781 Par
2414 2744 2545 2781 vero
2581 2728 2681 2784 hoc
2723 2736 2809 2785 est
2857 2727 3074 2783 Domini
3123 2729 3179 2783 in
3212 2726 3391 2782 Evan-

1814 2816 1969 2883 geliis
1996 2815 2198 2870 effato:
2237 2838 2253 2868 ι
2286 2817 2342 2872 Si
2371 2818 2572 2873 oﬁeras
2608 2835 2809 2874 munus
2856 2827 3010 2874 tuum
3066 2818 3131 2872 ad
3188 2819 3389 2882 altare,

1814 2906 1995 2975 ibique
2031 2908 2357 2963 recordatus
2393 2910 2567 2965 fueris
2604 2912 2825 2964 fratrem
2861 2920 3015 2965 tuum
3052 2910 3253 2964 habere
3292 2912 3391 2963 ali-

1813 3000 1942 3067 quid
1988 3002 2251 3057 adversus
2283 3011 2334 3056 te
2358 3044 2373 3065 ,
2410 3004 2659 3073 relinque
2693 3005 2764 3058 ibi
2802 3020 3002 3058 munus
3036 3004 3201 3074 376
3238 3013 3390 3057 tuum

1815 3088 1867 3141 in
1903 3090 2101 3154 altari,
2132 3102 2185 3146 et
2215 3094 2354 3146 vade
2390 3094 2541 3162 prius
2587 3095 2929 3148 reconciliari
2979 3095 3133 3147 fratri
3180 3105 3305 3152 tuo,
3340 3102 3393 3146 et

1816 3187 1948 3234 tunc
2000 3182 2228 3236 veniens
2278 3181 2414 3235 offer
2464 3198 2664 3237 munus
2713 3192 2866 3237 tuum
2899 3185 2966 3239 ⁸⁸.
3003 3203 3020 3234 ι
3056 3182 3303 3251 Namque
3332 3189 3393 3234 ut

1817 3270 1928 3323 illic
1960 3286 2155 3325 vanam
2203 3288 2327 3327 esse
2362 3273 2496 3327 dicit
2537 3276 2869 3329 oblationem
2921 3284 3215 3346 antequam
3261 3275 3394 3328 laeso

1816 3362 2089 3431 satisﬁat;
2145 3366 2218 3418 ita
2256 3381 2401 3420 nunc
2451 3368 2527 3420 ait
2562 3384 2667 3423 non
2700 3383 2859 3437 pesse
2895 3368 3098 3437 aliquid
3139 3369 3206 3420 de
3236 3367 3391 3420 vobis

1815 3453 2020 3523 suscipi
2053 3454 2294 3509 oblatum
2321 3497 2335 3518 ,
2370 3458 2613 3526 quandiu
2640 3458 2738 3512 has
2772 3459 2844 3511 ita
2875 3472 2905 3511 a
2937 3458 3093 3513 vobis
3124 3457 3393 3526 injuriose

1815 3552 2073 3602 tractatas
2108 3563 2293 3603 cerno.
3139 3566 3143 3571 ’

132 3630 290 3685 ταῦθά
316 3651 513 3704 φησιν,
549 3635 636 3689 ὅτι
668 3634 743 3707 μὴ
780 3635 1001 3689 δυνατόν
1030 3653 1096 3700 με
1124 3636 1378 3703 δέξασθαί
1407 3652 1461 3688 τι
1488 3638 1613 3688 παο’
1637 3633 1790 3706 ὑμῶν
1819 3641 2283 3711 προσφερόμενον,
2310 3641 2408 3705 τάς
2434 3642 2659 3695 τοιαῦτα
2698 3645 2827 3714 παρ’
2862 3642 3015 3714 ὑμῶν
3054 3641 3393 3713 ἠδικημένας

129 3725 344 3793 δρῶντα.

190 3818 330 3887 Στίχ.
366 3818 452 3880 ιδ’,
482 3826 576 3871 ιε’.
598 3851 666 3860 -
687 3838 705 3869 ι
741 3820 849 3873 Καὶ
869 3819 1311 3883 εἷπατε,”Ενεκεν
1334 3817 1510 3885 τίνος;
1546 3818 1717 3871 »Κάν-

124 3908 285 3961 ταῦθα
320 3911 493 3963 πάλιν
534 3910 602 3962 τὸ
634 3929 654 3962 ι
699 3912 887 3964 εἴπατε
938 3929 956 3962 ι
999 3910 1198 3980 ὁμοίως
1233 3909 1403 3963 εἰπὼν
1441 3910 1561 3963 ἀντὶ
1594 3908 1711 3973 τοῦ,

124 4000 222 4053 Καὶ
243 4002 661 4074 διαπράττεσθε
696 4005 918 4057 τοσοῦτο
957 4005 1147 4071 κακον,
1178 4004 1252 4067 ὼς
1283 4002 1439 4055 οὐθὲν
1486 4001 1713 4073 ἐργαζό-

122 4111 295 4162 μενοι,
362 4096 641 4165 τοιαύτην
704 4096 826 4148 τινὰ
881 4095 1119 4149 διάθεσιν
1187 4097 1279 4147 ἐπὶ
1348 4096 1413 4164 τῇ
1470 4092 1705 4163 τοσαύτῃ

120 4189 441 4257 κεκτημένοι
491 4189 837 4258 παρανομίᾳ.
867 4180 998 4238 Εἶτα
1039 4186 1253 4248 δεικνὺς
1293 4184 1388 4237 τοῦ
1424 4182 1705 4253 γινομένου

118 4277 207 4346 τὴν
234 4280 515 4345 ἀτοπίαν,
570 4280 806 4347 ἐπάγει·
854 4280 1007 4333 «Ὅτι
1066 4277 1266 4348 Κύριος
1307 4275 1708 4347 διεμαρτύρατο

114 4369 211 4423 ἁνά
264 4373 437 4441 μέσον
502 4391 602 4426 σου
668 4372 761 4426 καὶ
819 4372 922 4424 ἀνὰ
980 4370 1142 4441 μέσον
1208 4367 1462 4436 γυναικὸς
1519 4366 1706 4436 νεότη-

113 4460 196 4525 τός
248 4479 367 4525 σου,
421 4465 494 4530 ἢν
548 4462 928 4529 ἐγκατέλιπες,
976 4460 1068 4512 καὶ
1097 4458 1233 4528 αὐτὴ
1287 4458 1538 4520 κοινωνός
1591 4474 1702 4518 σου,

113 4553 199 4604 καὶ
232 4554 379 4624 γυνὴ
422 4555 707 4624 διαθήκης
763 4570 888 4606 σου’
954 4552 1045 4603 καὶ
1104 4551 1202 4603 οὐκ
1247 4549 1403 4612 ἄλλος
1463 4548 1706 4617 ἐποίησε,

112 4638 199 4691 καὶ
236 4640 582 4712 ὑπόλειμμα
644 4640 953 4710 πνεύματός
1007 4656 1121 4692 σου.
1164 4659 1183 4691 ι
1237 4638 1380 4706 Ἐγὼ
1439 4637 1537 4707 μὲν
1576 4638 1706 4708 γὰρ,

108 4732 285 4797 φησὶν,
328 4731 561 4785 ἀνωθεν
610 4734 710 4788 ,καὶ
748 4734 811 4784 ὲκ
853 4730 1073 4802 πρώτης
1110 4730 1438 4799 διεταξάμην
1477 4730 1575 4798 τῆς
1616 4729 1709 4798 δη-

108 4825 397 4895 μιουργίας
440 4824 673 4893 πατέρα
713 4841 770 4876 τε
810 4824 904 4876 καὶ
937 4822 1148 4894 μητέρα
1199 4823 1479 4890 ἀφιέντας,
1510 4825 1575 4891 τῇ
1608 4838 1707 4888 γυ·-

103 4916 244 4967 ναικὶ
283 4912 755 4984 προσκολλᾶσθαι
794 4917 860 4984 τῇ
906 4914 1031 4984 ἰδία,
1067 4913 1142 4975 ὡς
1169 4912 1234 4965 ἂν
1277 4909 1383 4964 εἷεν
1415 4914 1493 4974 είς
1533 4910 1709 4981 σάρκα

104 5003 227 5070 μίαν
259 5008 309 5057 oi
333 5005 436 5059 δύο
456 5022 471 5034 ·
504 5006 675 5075 ὑμεῖς
698 5004 755 5057 δὲ
780 5003 1033 5057 τοσοῦτον
1065 5003 1171 5057 τῶν
1193 5003 1371 5073 νόμων
1396 5002 1709 5073 ἠμελήκατε

98 5094 201 5145 τῶν
230 5097 413 5165 ἐμῶν,
450 5096 612 5149 ὥστε
639 5097 738 5165 τὴν
788 5097 854 5148 ὲκ
910 5095 1155 5165 νεότητός
1218 5110 1301 5147 σοι
1351 5093 1708 5161 συναφθεῖσαν

101 5184 231 5255 πρὸς
261 5188 485 5256 γάμον,
532 5187 635 5238 καὶ
670 5185 923 5238 κοινωνόν
975 5201 1056 5237 σοι
1105 5184 1198 5236 τοῦ
1248 5183 1360 5252 βίου
1400 5184 1707 5250 γεγονυῖαν,

96 5278 291 5342 παντὸς
330 5280 588 5349 ἀφιέναι
644 5277 764 5347 δίχα
812 5276 971 5344 λόγου
1024 5276 1125 5344 τῆς
1172 5275 1347 5336 οἰκίας
1396 5271 1705 5343 ἐξωθούμε-

94 5382 177 5430 νος
198 5368 314 5439 (69)
352 5370 467 5439 τῆς
504 5368 673 5434 ἰδίας,
708 5368 845 5439 πρὸς
878 5368 945 5439 ἣν
972 5366 1215 5421 τοιαῦταί
1240 5383 1321 5417 σοι
1353 5365 1440 5418 διὰ
1460 5365 1567 5417 τῶν
1603 5383 1704 5433 γα-

94 5460 270 5528 μικῶν
308 5461 518 5533 νόμων
538 5458 687 5513 εἰσὶν
711 5461 767 5513 αἱ
790 5458 1055 5530 συνθῆκαι
1079 5474 1093 5488 ·
1134 5457 1207 5521 ὡς
1234 5456 1299 5510 ἂν
1336 5456 1434 5527 μία
1458 5473 1517 5509 τε
1556 5456 1703 5527 είητε

160 5613 206 5643 ⁸⁸
229 5613 440 5673 Matth.
470 5632 537 5680 ν,
575 5613 669 5667 ‘23.

160 5751 273 5819 (69)
306 5750 460 5807 Cod.
497 5767 531 5803 ν
561 5762 667 5819 pro
690 5767 736 5811 ς.

1887 3815 2051 3871 Vens.
2089 3817 2175 3881 14,
2205 3819 2292 3873 15.
2316 3849 2387 3859 ——
2419 3838 2438 3872 ι
2470 3819 2536 3873 Et
2565 3821 2811 3881 dixistis.
2840 3820 2997 3874 Cur?
3026 3838 3045 3871 ι
3079 3819 3192 3874 Hoc
3222 3821 3391 3874 etiam

1812 3910 1934 3963 loco
1967 3925 2161 3965 rursus
2190 3912 2421 3965 verbum
2452 3907 2853 3975 cdixistis,»ait,
2877 3926 2998 3980 pro,
3033 3917 3241 3963 tantum
3273 3925 3392 3961 ma-

1809 4002 1920 4055 lum
1971 4002 2202 4071 egistis;
2254 4012 2307 4057 et
2350 4006 2509 4073 quasi
2558 4003 2695 4057 nihil
2744 4002 3006 4070 egeritis,
3062 4000 3166 4053 hoc
3216 3998 3388 4053 animi

1816 4094 2004 4148 habitu
2061 4097 2194 4149 estis
2227 4096 2281 4148 in
2310 4103 2461 4148 tanta
2525 4094 2788 4162 nequitia.
2844 4091 3037 4145 Postea
3091 4089 3391 4144 ostendens

1814 4189 1891 4243 rei
1929 4196 2063 4242 acta!
2092 4189 2413 4257 pravitatem
2439 4228 2454 4253 ,
2491 4185 2679 4239 addit:
2712 4206 2730 4235 ι
2760 4184 2939 4237 Testis
2984 4191 3068 4237 est
3118 4181 3389 4235 Dominus

1816 4281 1957 4334 inter
1986 4290 2037 4333 te
2071 4287 2126 4334 et
2168 4294 2392 4333 uxorem
2440 4276 2824 4332 adolescentia:
2857 4284 2999 4338 tuae,
3032 4289 3198 4344 quam
3233 4271 3393 4328 dese-

1814 4372 2015 4426 ruisti:
2087 4385 2398 4440 quanquam
2463 4370 2580 4439 ipsa
2640 4369 2915 4437 particeps
2975 4375 3066 4419 tua
3122 4372 3272 4428 erat,
3330 4375 3387 4418 et

1814 4478 1955 4517 ιικοι·
2008 4462 2233 4516 foederis
2284 4462 2384 4515 tui.
2438 4460 2592 4514 Haud
2649 4460 2793 4513 alius
2849 4463 2951 4511 hoc
3006 4456 3135 4511 fecit
3180 4459 3386 4530 (idest,

1815 4554 2036 4623 nuptias
2086 4554 2403 4623 copulavit,
2460 4552 2562 4607 nisi
2618 4551 2801 4620 Deus)
2851 4560 2905 4605 et
2962 4557 3092 4605 sunt
3145 4547 3392 4617 reliquiae

1818 4647 2045 4715 spiritus
2076 4646 2175 4700 tui.
2211 4666 2228 4696 ι
2258 4644 2522 4714 Equidem
2545 4684 2560 4708 ,
2590 4645 2802 4713 inquit,
2837 4643 2969 4696 olim
3016 4650 3070 4697 et
3114 4641 3182 4695 ab
3232 4641 3391 4694 initio

1816 4734 2078 4789 constitui
2113 4734 2438 4798 creationis,
2468 4744 2527 4787 ut
2566 4733 2703 4796 viri,
2746 4740 2898 4801 patre
2938 4746 3002 4784 ac
3042 4737 3219 4784 matre
3254 4729 3387 4783 reli-

1817 4833 1905 4879 cta
1933 4868 1948 4890 ,
1984 4824 2141 4878 uxori
2174 4824 2406 4893 propria:
2434 4823 2806 4886 adbazrerent,
2840 4829 2896 4874 ut
2944 4821 3054 4875 duo
3107 4828 3294 4874 essent
3335 4819 3391 4871 in

1813 4932 1979 4970 carne
2008 4930 2154 4969 una:
2188 4931 2287 4969 vos
2322 4930 2450 4970 vero
2485 4922 2772 4984 tantopere
2816 4913 2961 4983 leges
3015 4927 3164 4967 meas
3207 4910 3388 4980 negle-

1815 5008 1977 5061 xistis
2011 5016 2069 5060 ut
2101 5007 2357 5061 feminam
2398 5007 2495 5059 tibi
2536 5007 2743 5075 nuptiis
2779 5007 2847 5060 ab
2892 5001 3261 5059 adolescentia
3298 5014 3391 5053 eo-

1811 5104 2051 5169 pulatam
2078 5136 2094 5161 ,
2130 5106 2183 5151 et
2214 5098 2336 5151 vita:
2371 5105 2479 5153 tua:
2510 5098 2718 5152 sociam
2742 5136 2758 5161 ,
2794 5097 2944 5151 nulla
2988 5094 3393 5150 interveniente

1811 5203 1981 5244 causa
2016 5188 2177 5243 domo
2212 5189 2429 5258 pr0pria
2461 5190 2677 5259 pulsam
2730 5188 3063 5251 dimittatis;
3115 5200 3240 5240 cum
3282 5201 3387 5252 qua

1784 5276 1785 5279 “
1817 5288 1999 5335 tamen
2033 5289 2143 5334 tam
2180 5296 2346 5351 grave
2378 5282 2665 5336 exstiterat
2693 5296 2759 5335 ex
2795 5279 3139 5349 nuptialibus
3176 5276 3391 5346 legibus

1816 5370 2037 5438 fmdus;
2074 5382 2133 5426 ut
2163 5387 2359 5443 nempe
2391 5387 2522 5427 caro
2559 5388 2668 5426 una
2705 5371 2903 5427 essetis
2927 5409 2943 5434 ,
2981 5376 3035 5423 et
3072 5365 3391 5422 communia

1813 5464 1996 5520 omnia
2032 5465 2171 5523 inter
2198 5482 2295 5523 vos
2329 5465 2624 5523 haberetis.
2658 5463 2857 5523 Postea
2891 5461 3250 5519 nihilominus
3283 5459 3391 5516 hac
