3904 6524
496 337 600 400 illa

1691 332 2043 391 TIIEODORI
2076 333 2561 393 MOPSUESTENI

3653 337 3749 396 6l6

492 455 758 520 dimissa,
819 461 930 508 tam
993 452 1232 523 legitime
1284 451 1381 506 tibi
1443 450 1735 522 capulata,
1792 450 1862 505 ad
1915 451 2076 504 aliam

2188 450 2336 523 σὰρξ,
2379 453 2475 505 καὶ
2523 451 2676 505 κοινά
2707 451 2925 522 ἡγοῖσθε
2962 449 3029 505 τὰ
3064 451 3329 522 ἀλλήλων.
3384 449 3521 507 Εἶτα
3561 453 3751 526 ταύτην

496 549 726 606 libidine
761 545 1078 603 stimulante
1115 542 1382 598 trausilis.
1429 542 1614 614 Neque
1647 542 1780 597 illud
1816 551 2074 613 reputas,

495 643 720 712 nuptias
773 639 845 694 ob
905 636 1126 709 generis
1189 636 1600 692 successionem
1665 641 1962 693 constare.
2019 640 2077 687 ut

497 733 668 802 stirps
744 730 1019 791 humana,
1048 743 1176 798 ηιιαι
1203 737 1380 782 morte
1420 726 1820 796 exstinguitur,
1873 726 2079 780 libero—

493 833 617 872 rum
682 818 936 887 genitura
997 825 1377 871 conservetur.
1438 814 1810 881 Quamobrem
1872 815 2079 885 nuptias

497 909 868 964 successionis
896 908 1398 962 machinamentum
1432 922 1462 960 a
1500 905 1610 961 Deo
1639 907 1875 961 inventa:
1903 914 2033 961 sunt
2058 923 2074 961 ι

499 1003 548 1056 id
580 1003 724 1056 enim
761 1003 916 1055 aiunt
946 1003 1111 1056 verba
1132 1019 1155 1052 ι
1180 1001 1424 1070 reliqnize
1456 999 1685 1069 spiritus
1717 999 1797 1052 tui
1821 1018 1866 1065 ,ι
1892 997 1947 1052 id
1969 1010 2072 1061 est,

497 1110 622 1146 cum
673 1094 960 1164 przesentis
1016 1093 1280 1162 temporis
1335 1093 1502 1145 vitam
1549 1089 1824 1159 deponere
1877 1090 2078 1144 debeas

500 1190 514 1253 (
548 1193 708 1256 prout
742 1186 946 1239 dictum
987 1193 1124 1245 est,c
1151 1183 1320 1236 exibit
1353 1182 1579 1252 spiritus
1610 1182 1730 1252 ejus
1754 1222 1768 1243 ,
1807 1188 1864 1234 et
1896 1196 2078 1235 rever-

497 1286 646 1331 tetur
677 1278 838 1330 homo
869 1277 924 1329 in
966 1277 1240 1346 pulverem
1277 1290 1434 1328 suum
1463 1273 1510 1306 ⁸⁹
1539 1290 1558 1324 ι
1583 1272 1683 1343 )ne
1705 1280 1853 1327 totus
1897 1273 2079 1343 perire

497 1369 772 1432 videaris,
821 1367 1045 1437 reliquit
1092 1367 1191 1420 tibi
1240 1364 1384 1420 Deus
1417 1364 1825 1420 successionem
1872 1379 2080 1418 memo-

498 1463 594 1516 riae
617 1461 818 1523 instar,
850 1469 903 1514 et
927 1457 1220 1515 residuum
1249 1457 1572 1512 substantia).
1603 1471 1919 1525 personaeve
1948 1463 2076 1510 tuae.

501 1553 574 1606 Ea
618 1564 841 1623 propter
873 1551 1253 1621 respicientem
1289 1559 1341 1602 te
1376 1549 1442 1603 ad
1475 1548 1786 1617 nuptiarum
1816 1562 2039 1601 causam
2061 1585 2077 1609 ,

498 1645 786 1713 oportebat
815 1643 978 1713 377
1013 1658 1126 1697 rem
1167 1643 1307 1695 hanc
1334 1640 1608 1700 revereri,
1637 1655 1812 1708 neque
1849 1653 2080 1708 peccare

498 1744 692 1788 contra
729 1736 874 1805 leges
906 1735 974 1788 de
1005 1735 1090 1788 his
1125 1749 1155 1786 a
1190 1732 1298 1786 Deo
1336 1731 1644 1801 antiquitus
1691 1731 1926 1800 positas,
1982 1729 2078 1784 sed

501 1841 599 1879 eas
637 1826 929 1880 inviolatas
976 1824 1293 1884 custodire.
1329 1833 1383 1877 et
1417 1822 1471 1876 in
1523 1821 1769 1890 priorum
1822 1819 2080 1889 conjugio

503 1934 878 1988 perseverare,
904 1934 1044 1988 quas
1069 1917 1356 1986 prmdictas
1389 1915 1460 1968 ob
1494 1925 1693 1966 causas
1723 1911 1994 1973 duxistis,
2026 1919 2081 1964 et

499 2031 610 2069 non
649 2015 832 2084 potius
869 2013 1134 2068 suadente
1170 2011 1434 2075 libidine,
1467 2009 1712 2063 dimissis
1749 2007 1941 2077 primis
2013 2005 2080 2059 ad

499 2108 774 2162 secundas
809 2105 1070 2160 transire.

573 2287 711 2343 Tum
743 2288 1066 2343 mirabiliter
1095 2287 1391 2341 admodum
1419 2286 1698 2340 addiditu
1731 2283 1794 2338 Et
1825 2283 2040 2337 dixistis
2064 2301 2082 2338 :

501 2381 773 2448 Quidnam
809 2380 1007 2449 quanit
1051 2378 1196 2435 Deus
1225 2378 1375 2432 aliud
1419 2394 1584 2449 quam
1621 2377 1848 2432 semen?
1879 2399 1899 2429 ι
1936 2375 2086 2442 Quo-

502 2474 651 2528 niam
727 2472 1057 2527 videbantur
1107 2488 1172 2526 ex
1237 2471 1534 2541 illegitimis
1589 2470 1756 2525 etiam
1820 2470 2085 2524 uxoribus

503 2566 705 2620 liberos
734 2565 1030 2633 suscipere,
1084 2564 1218 2632 Hoc,
1235 2565 1332 2631 ait,
1355 2564 1552 2630 facitis,
1602 2579 1712 2617 non
1736 2564 1863 2632 quia
1895 2578 2085 2619 sacras

500 2657 831 2712 reveremini
865 2657 1012 2727 leges
1038 2655 1105 2710 de
1129 2656 1336 2726 nuptiis
1369 2671 1397 2707 a
1434 2653 1545 2709 Deo
1568 2655 1800 2724 positas,
1838 2655 1933 2709 sed
1956 2655 2084 2725 quia

501 2764 656 2804 more
695 2747 967 2816 pecudqu
1011 2747 1077 2801 ad
1135 2748 1343 2801 coitum
1393 2747 1776 2800 tantummodo
1817 2758 1980 2817 atque
2018 2748 2085 2800 ad

504 2839 838 2911 gignendum
903 2839 1270 2905 ineutnbitis;
1334 2847 1390 2892 ct
1443 2849 1700 2907 tanquam
1751 2855 1778 2892 a
1840 2838 1950 2893 Deo
2007 2841 2087 2893 sic

497 2933 830 3004 comparati,
880 2932 952 2985 ita
986 2934 1199 3002 priores
1235 2947 1431 2986 uxores
1462 2932 1761 2993 dimittitis,
1811 2943 1976 3002 atque
2017 2933 2085 2986 ad

502 3027 707 3081 alteras
749 3026 1028 3090 transitis,
1081 3024 1219 3078 nihil
1272 3024 1543 3079 interesse
1591 3033 1850 3094 putantes
1902 3035 2084 3078 utrmn

503 3133 572 3171 cx
609 3117 692 3170 his
730 3117 933 3171 liberos
969 3115 1291 3186 suscipiatis
1336 3132 1403 3169 an
1451 3132 1517 3170 ex
1576 3116 1687 3171 illis
1725 3133 1737 3168 :
1773 3132 1896 3171 cum
1943 3119 2086 3172 seire

505 3208 804 3270 deberetis,
852 3208 1080 3262 liberam
1133 3209 1544 3277 propagationis
1589 3207 1866 3263 licentiam
1907 3208 2085 3264 brutis

507 3300 841 3366 convenire;
872 3299 1240 3353 rationalibus
1273 3314 1423 3360 vero,
1457 3300 1772 3370 nuptiarum
1799 3299 1956 3370 juxta
1986 3299 2082 3357 Dei

509 3390 658 3460 leges
703 3388 1006 3455 vinculum,
1038 3395 1204 3458 atque
1233 3403 1300 3442 ex
1343 3388 1429 3444 his
1461 3390 1600 3444 velle
1631 3389 1735 3445 sibi
1779 3391 2086 3446 successio-

507 3495 631 3531 nem
682 3490 1027 3546 comparare.
1048 3477 1261 3536 Etenim
1276 3483 1380 3538 hoc
1390 3482 1690 3538 etiamloco
1704 3482 1955 3545 verbum,
1970 3483 2082 3538 «di-

504 3565 682 3633 xistis,
706 3562 884 3620 phaud
945 3583 1133 3623 vocem
1161 3569 1415 3634 denotat;
1447 3585 1570 3624 nam
1597 3587 1698 3627 nec
1723 3572 1839 3628 ﬁeri
1872 3584 2084 3645 poterat

512 3675 568 3706 ..ι
600 3656 874 3720 dicereut,
927 3657 1097 3712 Deum
1139 3658 1275 3712 nihil
1309 3659 1456 3712 aliud
1495 3676 1660 3728 quam
1711 3679 1897 3719 semen
1935 3682 2082 3735 qua:-

505 3757 649 3806 rere,
700 3746 796 3799 sed
842 3747 1148 3816 improbam
1202 3751 1404 3804 mentis
1440 3750 1786 3808 affectionem
1838 3756 1953 3810 vult
1995 3758 2086 3812 de—

501 3842 858 3901 monstrare;
895 3848 949 3891 et
983 3837 1128 3907 quod
1162 3840 1345 3893 omnia
1383 3849 1627 3911 agerent,
1669 3859 1776 3898 non
1823 3853 2082 3917 tanquam

499 3923 755 3982 homines
815 3929 1149 3995 rationales,
1215 3932 1306 4000 qui
1367 3931 1580 4001 legibus
1635 3935 1834 3990 debent
1880 3937 2084 3995 divinis

501 4021 718 4083 vivere,
769 4020 864 4075 sed
921 4036 1072 4098 more
1123 4022 1391 4090 pecmlum
1445 4024 1647 4078 coitum
1707 4030 2083 4084 tantummodo

494 4119 552 4164 et
584 4111 1030 4181 propagationem
1060 4111 1399 4168 atl‘ectarent.
1439 4113 1641 4169 Deinde
1664 4117 1832 4188 legem
1863 4136 2084 4192 quoque

501 4203 658 4272 ponit
690 4222 703 4257 :
739 4221 759 4256 ι
790 4203 853 4256 Ει
883 4203 1158 4259 custodite
1189 4205 1243 4258 in
1283 4207 1480 4276 spiritu
1519 4217 1735 4271 vestro;
1778 4221 1832 4265 et
1858 4228 2081 4268 uxorem

499 4295 803 4363 iuventutis
853 4304 958 4349 tua:
993 4313 1062 4350 ne
1098 4297 1341 4352 deseras.
1375 4319 1395 4350 ι
1427 4298 1590 4355 Omni
1642 4303 1826 4372 itaque
1878 4307 2084 4360 seduli-

502 4394 615 4441 tate
669 4387 795 4441 date
854 4387 908 4440 in
954 4397 1233 4459 posterum
1293 4407 1539 4458 Operam,
1595 4404 1652 4448 ut
1714 4412 1822 4451 non
1875 4400 2083 4470 absque

2176 545 2334 613 ἀφεὶς
2357 545 2456 615 τὴν
2480 545 2574 598 ἐπὶ
2595 545 2859 608 τοιούτοις
2894 561 2975 597 σοι
3015 545 3398 614 συναφθεῖσαν,
3442 546 3530 614 ἐφ’
3576 545 3754 615 ἑτέραν

2179 634 2401 706 μετῄεις
2429 635 2486 701 ἐξ
2519 636 2843 699 ἀκολασίαςο
2897 636 3020 689 οὐδὲ
3069 639 3246 690 ἐκεῖνο
3281 637 3639 706 λογισάμενος
3675 637 3751 686 ὃτι

2179 727 2271 780 ἐπὶ
2307 727 2523 798 διαδοχῇ
2565 728 2756 796 γένους
2789 729 2817 779 ό
2865 729 3044 798 γάμος
3111 730 3469 797 συνέστηκεν.
3508 730 3588 795 (p.
3635 727 3750 788 5511)

2178 821 2265 873 ἵνα
2303 820 2520 891 θανάτῳ
2564 820 3018 891 διαφθειρόμενον
3051 820 3113 871 τὸ
3143 821 3296 887 γένος
3319 823 3416 873 ἀνα
3429 818 3669 886 σώζηται
3699 822 3755 887 τῇ

2176 913 2519 984 τεκνογονίᾳ·
2558 912 2697 967 ὥστε
2738 917 2766 967 ό
2814 915 2992 983 γάμος
3039 914 3338 984 μηχάνημα
3376 915 3478 983 τῆς
3519 912 3757 981 aliaalii

2178 1006 2406 1078 εὕρηται
2439 1005 2591 1078 παρά
2617 1005 2712 1058 τοῦ
2745 1006 2878 1058 Θεοῦ
2899 1023 2913 1038 ο
2941 1005 3099 1058 τοῦτο
3139 1005 3249 1076 γὰρ
3285 1005 3434 1073 λέγει
3472 1005 3534 1058 τὸ
3572 1025 3591 1056 ε
3638 1006 3756 1057 ὑπό-

2177 1096 2384 1166 λειμμα
2415 1096 2723 1166 πνεύματός
2755 1114 2870 1159 σου,
2923 1117 2940 1147 ι
2980 1098 3100 1148 ἀντὶ
3131 1097 3249 1155 τοῦ.
3311 1096 3536 1165 Ἐπειδὴ
3580 1096 3756 1148 ἀποτί-

2181 1191 2369 1246 θεσθαι
2425 1191 2638 1262 μέλλεις
2692 1189 2787 1243 τοῦ
2837 1190 3105 1260 παρόντος
3153 1189 3269 1260 βίου
3303 1189 3403 1259 τὴν
3443 1190 3613 1260 ζωὴν,
3659 1184 3758 1242 οἷόν

2179 1283 2292 1334 ἐστι
2330 1282 2410 1342 τὸ,
2447 1301 2465 1331 ί
2527 1280 2898 1344 Ἐξελεύσεται
2945 1281 3006 1333 τὸ
3058 1282 3274 1352 πνεῦμα
3321 1281 3486 1334 αὐτοῦ
3528 1281 3626 1333 καὶ
3656 1282 3760 1332 ἐπι-

2181 1373 2399 1444 στρέψει
2437 1376 2516 1436 είς
2562 1375 2654 1427 τὸν
2690 1373 2818 1444 χοῦν
2858 1374 3043 1437 αὑτοῦ,
3090 1395 3108 1421 ι
3146 1374 3221 1437 ὡς
3265 1375 3330 1427 ἂν
3372 1373 3448 1444 μὴ
3490 1373 3762 1434 «autem;

2179 1465 2512 1519 ἀπόλλυσθαι
2560 1466 2809 1535 δοκοίης,
2871 1467 3167 1521 ὑπελίπετό
3224 1485 3307 1519 σοι
3359 1469 3461 1535 τὴν
3525 1467 3762 1534 διαδοχὴν

2183 1557 2524 1629 μνημόσυνον
2550 1560 2578 1610 ό
2597 1557 2751 1622 Θεὸς,
2798 1559 2890 1611 καὶ
2924 1558 3177 1627 λείψανον
3202 1560 3301 1629 τῆς
3325 1575 3382 1610 τε
3418 1557 3761 1618 ὑποστάσεως

2180 1637 2278 1720 τῆς
2302 1649 2404 1719 σῆς
2429 1665 2440 1677 ·
2471 1647 2611 1716 ὥστε
2646 1649 2901 1719 καὶπρὸς
2944 1651 3043 1719 τὴν
3072 1650 3251 1703 αἰτίαν
3301 1649 3520 1721 ὁρῶντα
3552 1647 3649 1700 τοῦ
3677 1649 3763 1715 γάο

2185 1759 2304 1813 μου.
2341 1741 2668 1795 δεδίττεσθαι
2705 1742 2766 1795 τὸ
2800 1743 3030 1813 πρᾶγμα
3063 1743 3249 1814 ἐχρῆν,
3281 1743 3376 1796 καὶ
3408 1742 3484 1813 μὴ
3516 1741 3762 1810 πλημμεο

2114 1807 2152 1861 Β
2179 1834 2292 1887 λεῖν
2351 1835 2432 1896 είς
2477 1835 2604 1898 τοὺς
2634 1834 2762 1905 περὶ
2794 1833 2982 1886 τούτου
3025 1834 3280 1896 τεθέντας
3325 1835 3531 1904 νόμους
3569 1832 3762 1885 ἀνωθεν

2185 1925 2334 1997 παρά
2372 1924 2466 1978 τοῦ
2496 1926 2654 1988 Θεοῦ,
2700 1927 2991 1996 φυλάττειν
3025 1928 3081 1980 δὲ
3129 1929 3327 1990 αὐτοὺς
3365 1927 3668 1997 ἀκεραίους
3700 1925 3762 1994 τῷ

2187 2019 2368 2088 μένειν
2395 2018 2487 2070 ἐπὶ
2515 2018 2623 2071 τῶν
2653 2019 2954 2090 προτέρων.
2980 2018 3046 2082 ἃς
3068 2017 3211 2072 οὕτω
3231 2036 3288 2072 τε
3312 2019 3409 2071 καὶ
3436 2020 3532 2072 ἐπὶ
3564 2017 3762 2078 τούτοις

2183 2109 2481 2179 ἠγάγεσθε,
2531 2109 2604 2181 μὴ
2643 2110 2749 2181 μὴν
2797 2110 2856 2175 ἐξ
2901 2101 3201 2174 ἀκολασίας
3248 2112 3470 2180 ἀφιέναι
3530 2111 3633 2180 μὲν
3679 2111 3761 2171 τὰς

2185 2202 2426 2274 πρώτας,
2474 2201 2833 2272 μεθίστασθαι
2865 2203 2922 2255 δὲ
2951 2204 3035 2271 ἐφ’
3066 2203 3279 2274 ἐτέρας.

2257 2296 2362 2348 Καὶ
2401 2293 2827 2364 θαυμασιώτατα
2876 2296 3156 2366 ἐπήγαγε·
3215 2313 3234 2343 ι
3281 2295 3392 2348 Καὶ
3438 2294 3657 2353 εἴπατε,
3705 2293 3762 2345 τί

2185 2386 2314 2440 ἄλλο
2354 2384 2508 2455 ζητεῖ
2551 2389 2580 2440 ό
2635 2386 2787 2451 Θεὸς,
2825 2389 2856 2458 ἢ
2909 2387 3162 2457 σπέρμας
3220 2406 3237 2436 ι
3285 2386 3507 2455 Ἐπειδὴ
3559 2385 3760 2438 ἐδόκουν

2187 2478 2281 2530 καλ⁵
2336 2479 2400 2530 ὲκ
2459 2476 2568 2529 τῶν
2625 2477 2961 2549 παρανόμως
3025 2478 3449 2545 συναπτομένων
3503 2476 3762 2544 γυναικῶν

2188 2568 2638 2633 παιδοποιεῖσθαι,
2679 2569 2871 2632 Τοῦτο,
2910 2569 3096 2638 φησὶν,
3147 2569 3245 2637 οὐχ
3297 2568 3373 2630 ὡς
3438 2568 3642 2638 νόμους
3689 2569 3761 2618 ai-

2187 2659 2361 2712 δεῖσθε
2406 2660 2580 2723 θείους
2619 2660 2746 2724 τοὺς
2789 2661 2917 2731 περὶ
2951 2660 3044 2713 τοῦ
3087 2662 3266 2731 γάμου
3311 2661 3574 2722 τεθέντας
3630 2663 3763 2730 παρὰ

2189 2751 2281 2804 τοῦ
2323 2751 2479 2815 Θεοῦ,
2525 2751 2637 2804 ἀλλ’
2673 2751 2748 2813 ὡς
2793 2751 2949 2822 δίκην
3012 2750 3222 2819 ἀλόγων
3268 2753 3349 2814 εἰς
3393 2751 3683 2803 συνουσίαν
3711 2767 3761 2801 τε

2190 2843 2284 2895 καὶ
2310 2842 2386 2912 τῷ
2423 2842 2625 2894 τίκτειν
2671 2843 2830 2913 μόνον
2874 2841 3209 2912 ἐκκείμενον
3239 2843 3333 2896 καὶ
3360 2842 3453 2893 ἐπὶ
3480 2842 3653 2910 τούτῳ
3685 2858 3763 2909 τε-

2189 2935 2407 3003 γονότες
2456 2934 2606 3006 παρὰ
2653 2934 2746 2986 τοῦ
2795 2933 2954 2995 Θεοῦ,
2994 2934 3136 2986 οὕτω
3181 2917 3280 2996 τάς
3339 2934 3439 3004 μὲν
3500 2934 3761 3005 προτέρας

2190 3027 2401 3094 ἀφίετε,
2441 3028 2524 3094 ἐφ’
2561 3027 2754 3094 ἐτέρας
2787 3025 2842 3079 δὲ
2888 3026 3136 3096 ἔρχεσθε,
3186 3025 3447 3094 οὐδεμίαν
3506 3025 3763 3093 διαιρορὰν

2189 3117 2325 3173 εἶναι
2349 3121 2680 3190 νομίζοντες,
2713 3118 2745 3188 ἢ
2783 3118 2840 3185 ἐξ
2872 3119 3097 3171 ἐκείνων
3125 3121 3465 3185 τεκνογονεῖν
3497 3117 3530 3187 ἢ
3567 3121 3627 3169 ἐκ
3653 3117 3764 3168 τού-

2189 3229 2327 3266 των·
2380 3212 2498 3265 δέον
2555 3212 2772 3273 εἰδέναι,
2821 3211 3003 3263 ὅτιτὸ
3054 3211 3150 3281 μὲν
3201 3210 3354 3272 ἀδεὲς
3383 3210 3485 3278 τῆς
3523 3209 3764 3277 διαδοχῆς

2187 3305 2401 3373 ἀλόγοις
2437 3305 2727 3376 ἁρμόττον,
2776 3304 2852 3374 (p.
2895 3304 3021 3371 556)
3072 3306 3182 3366 τοῖς
3218 3303 3274 3356 δὲ
3320 3302 3481 3371 λόγου
3525 3301 3765 3372 μετειλη-

2188 3398 2313 3467 φόσι
2347 3397 2556 3469 πρέπον
2582 3397 2644 3449 τὸ
2677 3397 2815 3467 μετὰ
2841 3396 2950 3448 τῶν
2984 3396 3166 3466 νόμων
3197 3397 3302 3449 τῶν
3337 3395 3498 3447 θείων
3535 3394 3764 3464 μετιέναι

2185 3506 2243 3542 τε
2265 3491 2391 3552 τοὺς
2409 3488 2640 3559 γάμους,
2673 3489 2766 3541 καὶ
2795 3489 2892 3558 τὴν
2924 3487 3181 3541 ἐντεῦθεν
3211 3488 3465 3556 στέργειν
3489 3487 3760 3556 διαδοχήν·

2187 3581 2458 3634 κάνταῦθα
2510 3579 2616 3653 γάρ
2663 3581 2722 3633 τὸ
2757 3600 2774 3632 ι
2818 3582 3028 3639 εἴπατε,
3068 3600 3086 3632 ι
3124 3580 3184 3632 οὐ
3221 3582 3404 3648 φωνὴν
3447 3579 3614 3646 λέγει,
3656 3579 3766 3629 ἐπεὶ

2189 3669 2323 3740 μηδὲ
2357 3663 2469 3722 οἷόν
2497 3686 2555 3722 τε
2613 3665 2680 3740 ἦν
2715 3670 2910 3732 αὐτοὺς
2944 3669 3100 3722 τοῦτο
3125 3670 3316 3729 εἰπεῖν,
3353 3671 3434 3721 ὃτι
3472 3667 3624 3720 οὐδὲν
3651 3667 3766 3720 ἄλλο

2185 3760 2340 3830 ζητεῖ
2383 3760 2516 3817 Θεὸς
2561 3760 2676 3814 ἀλλ’
2727 3759 2760 3831 ἢ
2811 3761 3052 3832 σπέρμα.
3091 3761 3205 3814 ἀλλ’
3251 3763 3338 3814 ἵνα
3390 3761 3489 3831 τὴν
3540 3761 3765 3816 διάθεσιν

2185 3852 2315 3923 εἴπῃ
2353 3851 2451 3922 τῆς
2504 3850 2741 3914 διανοίας
2799 3850 3078 3922 μοχθηράν
3122 3848 3320 3906 οὖσαν·
3372 3855 3468 3906 καὶ
3513 3854 3593 3905 ὅτι
3634 3852 3765 3904 οὓτω

2186 3943 2362 3996 πάντα
2416 3942 2704 4014 ἔπραττον,
2754 3943 2851 4012 οὐχ
2894 3944 2968 4008 ὡς
3015 3944 3292 4014 ἄνθρωποι
3343 3944 3553 4013 λογικοὶ
3595 3945 3764 4013 νόμοις

2186 4038 2284 4109 ζῇν
2312 4037 2615 4104 ὀφείλοντες
2665 4034 2848 4098 θείοις,
2895 4035 3011 4088 ἀλλ’
3062 4035 3137 4100 ὼς
3187 4036 3344 4105 δίκην
3395 4038 3604 4104 ἀλόγων
3639 4035 3767 4105 ,ερὲς

2183 4131 2282 4198 τὴν
2313 4126 2456 4199 μίξιν
2487 4129 2645 4196 μόνον
2670 4128 2761 4180 καὶ
2789 4127 2888 4196 τὴν
2915 4127 3163 4196 διαδοχὴν
3193 4127 3473 4181 ἐκκεῖσθαι
3492 4144 3507 4157 ·
3540 4125 3652 4181 εἶτα
3678 4127 3767 4179 καὶ

2185 4221 2345 4290 νόμον
2373 4220 2559 4283 τιθεὶς,
2591 4237 2610 4270 ‹
2651 4218 2761 4270 Καὶ
2783 4217 3090 4287 φυλάξασθε
3116 4219 3173 4269 ἐν
3201 4219 3278 4288 τῷ
3306 4221 3576 4288 πνεύματι
3598 4220 3763 4288 ὑμῶν,

2185 4310 2278 4362 καὶ
2306 4309 2540 4376 γυναῖκα
2567 4307 2818 4377 νεότητός
2841 4325 2940 4359 ’σου
2977 4307 3051 4379 μὴ
3080 4307 3477 4379 ὲγκαταλίπῃς.
3515 4331 3532 4361 ι
3553 4311 3768 4377 Τοιγαρ-

2185 4399 2276 4453 οῦν
2331 4401 2515 4453 πᾶσαν
2569 4398 2885 4468 ἐπιμέλειαν
2946 4400 3244 4470 ποιήσασθε
3296 4400 3393 4452 τοῦ
3446 4401 3626 4454 λοιποῦ
3679 4400 3766 4452 τοῦ

505 4479 734 4534 decente
772 4479 969 4534 atl'ectu
1023 4497 1149 4535 cum
1188 4484 1459 4540 uxoribus
1527 4487 1722 4541 vivatis
1768 4505 1906 4558 quas
1951 4493 2079 4546 olim

2191 4493 2328 4562 μετὰ
2359 4492 2458 4562 τῆς
2496 4491 2812 4563 πρεπούσης
2843 4491 3138 4554 διαθέσεως
3179 4493 3299 4555 ταῖς
3351 4497 3609 4563 γαμεταῖς
3645 4510 3766 4545 συν-

503 4571 763 4631 duxistis.
801 4573 1000 4626 nedum
1045 4575 1143 4628 has
1178 4573 1489 4630 dimittatis.
1520 4577 1586 4631 Et
1617 4581 1744 4647 quia
1790 4582 1906 4650 ipse
1939 4582 2082 4639 Deus

505 4679 603 4734 per
637 4662 878 4735 Moysem
909 4664 1153 4719 libellum
1186 4667 1400 4735 repudii
1442 4667 1559 4722 dari
1593 4670 1761 4738 jussit
1791 4676 2079 4738 uxoribus,

503 4765 711 4824 quanta
736 4755 807 4809 sit
836 4755 978 4809 inter
1008 4763 1301 4827 utramque
1331 4773 1445 4812 rem
1486 4759 1796 4817 dill‘erentia
1840 4767 2086 4820 ostendit

501 4846 695 4901 dicens
731 4864 745 4900 :

577 4936 746 4993 Vens.
777 4937 863 4992 16.
883 4969 955 4978 —
976 4957 994 4989 ι
1018 4935 1124 4993 Sed
1151 4939 1196 4994 si
1222 4939 1349 4995 odio
1371 4941 1652 5007 habueris,
1684 4945 1919 5015 dimitte,
1953 4951 2087 5006 dicit

501 5027 772 5084 Dominus
797 5028 1140 5085 Deuslsrael.
1155 5031 1242 5085 »δί
1268 5033 1492 5102 quando
1515 5049 1581 5089 ex
1597 5035 1764 5108 378
1784 5042 2086 5096 acerbitate

503 5121 751 5180 muiieris
769 5162 784 5183 ,
811 5129 902 5175 aut
927 5137 1096 5191 pravo
1123 5123 1342 5193 ingenio
1361 5165 1375 5186 ,
1407 5135 1500 5179 aut
1523 5127 1659 5182 vitio
1685 5131 1930 5199 quolibet
1955 5149 2075 5188 eam

499 5215 632 5276 odio
654 5213 873 5285 dignam
918 5216 1173 5279 faciente,
1208 5218 1260 5270 in
1305 5218 1618 5288 hujusmodi
1652 5223 1719 5276 de
1764 5239 1826 5277 ea
1857 5235 2082 5280 senten-

501 5309 636 5361 tiam
663 5308 935 5363 adductus
962 5309 1155 5366 fueris.
1188 5318 1320 5364 tunc
1355 5327 1473 5365 cam
1504 5312 1778 5370 dimittere
1805 5319 2081 5383 mandavi,

503 5399 649 5454 haud
682 5401 935 5470 equidem
967 5401 1270 5472 nuptialem
1319 5403 1489 5473 legem
1524 5404 1851 5472 dissolvens,
1887 5411 1982 5466 sed
2016 5427 2082 5465 ex

506 5493 585 5547 rei
618 5494 905 5563 praesentis
952 5493 1253 5562 adiunctis,
1305 5508 1412 5547 non
1446 5501 1556 5548 tam
1594 5497 1666 5550 ob
1691 5505 1840 5553 tuam
1886 5517 2087 5570 quere-

506 5583 614 5638 lam
652 5585 970 5654 permittens
1011 5599 1131 5640 cam
1170 5583 1464 5649 dimittere,
1495 5602 1659 5656 quam
1707 5597 1767 5644 ut
1808 5606 1876 5645 ne
1907 5595 2084 5662 quoti-

587 5755 630 5786 ’τ’
650 5756 834 5814 Ecclc.
866 5776 961 5824 xu,
993 5760 1063 5828 7;
1142 5758 1267 5831 Sap.
1303 5777 1413 5825 xvi,
1443 5763 1527 5817 Η.

2191 4587 2348 4644 εἶναι,
2383 4583 2447 4645 ἃς
2480 4582 2683 4636 ἄνωθεν
2717 4581 2996 4653 εἰλήφατε,
3037 4585 3110 4654 μὴ
3149 4583 3255 4654 μὴν
3296 4585 3514 4652 ἀφιέναι
3546 4587 3767 4647 ταύτας·

2193 4677 2285 4727 καὶ
2313 4675 2502 4743 ἐπειδὴ
2537 4673 2698 4736 αὐτὸς
2742 4673 2829 4725 διὰ
2878 4675 3156 4737 Μωῦσέως
3203 4673 3406 4744 βιϐλίον
3449 4676 3771 4727 ἀποστασίου

2195 4767 2491 4839 προσέταξε
2520 4769 2755 4823 δίδοσθαι
2785 4772 2902 4832 ταῖς
2925 4767 3158 4836 γυναιξὶ,
3195 4771 3412 4834 δεικνὺς
3442 4771 3630 4823 ὁπόσον
3661 4773 3774 4822 ἐστὶ

2193 4859 2253 4911 τὸ
2280 4859 2553 4932 διάφορον,
2585 4863 2778 4929 ἐπάγει
2799 4878 2814 4892 ⁶

2258 4951 2405 5020 Στίχ.
2437 4952 2532 5017 ις’.
2571 4984 2639 4994 —-
2668 4972 2686 5004 ι
2735 4952 2874 5006 Ἀλλ’
2930 4953 3026 5006 ἐάν
3070 4955 3328 5024 μισήσῃς,
3378 4954 3773 5018 ὲξαπᾶστειλω.

2185 5045 2332 5112 λέγει
2357 5044 2562 5114 Κύριος
2592 5047 2620 5098 ό
2648 5045 2778 5108 Θεὸς
2825 5045 2919 5098 τοῦ
2966 5046 3202 5118 Ἰσραήλ.
3242 5065 3259 5097 ι
3301 5047 3422 5099 Ὃτ¹
3452 5047 3514 5101 ἂν
3541 5048 3641 5116 μὲν
3673 5046 3776 5113 γάρ

2191 5141 2254 5190 ἐκ
2294 5138 2578 5201 δυσκολίας
2618 5139 2893 5206 γυναικὸς,
2942 5141 2975 5210 ἦ
3022 5157 3165 5201 τινος
3213 5139 3510 5210 μοχθηρᾶς,
3555 5139 3584 5207 ῆ
3641 5140 3780 5199 ὅμως

2191 5229 2275 5280 ἑτέ
2283 5246 2390 5300 ρων
2416 5228 2575 5280 τινῶν
2604 5229 2710 5281 τῶν
2735 5229 2890 5292 ἀξίαν
2919 5231 3088 5300 αὐτὴν
3115 5229 3209 5281 τοῦ
3239 5231 3511 5300 μισεῖσθαι
3532 5229 3779 5280 Bura-.2»-

2191 5336 2316 5380 των,
2364 5321 2442 5382 είς
2482 5319 2540 5372 τὸ
2587 5320 2837 5390 τοιαύτην
2877 5321 3020 5414 ἔχειν
3050 5323 3151 5391 τὴν
3189 5321 3416 5392 γνώμην
3452 5324 3570 5392 περὶ
3607 5323 3781 5388 αὐτὴν

2193 5417 2488 5485 καταστῇς.
2515 5416 2770 5469 ἀπολύειν
2803 5418 2971 5488 αὐτὴν
3003 5417 3262 5468 ἐκέλευσα
3293 5418 3436 5475 τότε,
3466 5416 3520 5468 οὐ
3550 5414 3646 5466 τὸν
3680 5432 3780 5478 γα-

2196 5507 2352 5576 μικὸν
2379 5507 2522 5561 λύων
2555 5509 2736 5578 νόμον,
2771 5511 2833 5561 ἐκ
2863 5509 2917 5561 δὲ
2950 5508 3057 5561 τῶν
3084 5509 3506 5578 συμϐαινόντων,
3533 5507 3591 5558 οὖ
3631 5507 3787 5556 ποσὶ

2188 5599 2287 5668 τὴν
2317 5599 2413 5670 σὴν
2439 5600 2620 5653 αἰτίαν
2652 5602 2959 5672 ἐπιτρέπων
2989 5619 3068 5654 σοι
3102 5600 3302 5672 μᾶλλον
3339 5601 3504 5673 αὐτὴν
3531 5596 3783 5667 ἀφιέναι,
