3904 6528
175 359 272 412 617

1101 367 1651 428 COMMENTARIUS
1677 365 1747 435 1N
1782 363 2160 424 MALACHIA‘J
2201 371 2352 429 CAP.
2384 371 2450 428 ﬂ.

3334 369 3437 423 MS

173 498 203 571 ἢ
252 499 332 563 είς
387 496 786 569 καθ-ημερινοὺς
831 487 1202 548 ’καθίστασθαι
1251 495 1387 565 πρὸς
1437 493 1606 565 αὐτὴν
1642 491 1753 545 δια-

1859 489 2041 547 dianis
2083 493 2284 565 jurgiis
2312 509 2436 550 cum
2471 510 2534 550 ea
2582 496 2966 559 contenderes,
3016 502 3069 552 et
3115 511 3186 553 ne
3216 511 3440 569 gravms

173 589 565 660 πληκτισμοὺς,
602 587 680 660 (p.
712 585 838 656 557)
882 585 1089 657 μήποτέ
1132 603 1185 637 τι
1221 586 1317 637 καὶ
1359 585 1540 656 χεῖρον
1576 585 1605 636 ὁ
1654 599 1757 654 μα-

171 670 297 752 κρὸς
352 681 652 752 ἐργάσηται
704 679 919 751 χρόνος,
973 676 1068 731 καί
1123 694 1226 730 που
1276 677 1371 729 καὶ
1423 675 1559 746 πρὸς
1599 674 1758 745 φόνον

169 773 429 845 ὀπλισθῇς
454 773 552 844 τῆς
583 771 862 841 γυναικός.
904 769 1059 824 Οὕτω
1090 768 1199 840 γάρ
1232 767 1327 822 καὶ
1371 767 1401 820 ὁ
1452 766 1654 840 Κύριος
1699 767 1757 820 ἐν

169 851 277 926 τοῖς
340 865 695 935 Εὑαγγελίοις
755 864 892 935 πρὸς
950 861 1274 933 Φαρισαίους
1340 860 1756 932 ὲρωτήσαντας,

173 978 191 1010 ι
233 959 301 1011 Τί
337 952 428 1012 οὖν
460 958 704 1027 Μωῦσῆς
738 955 904 1010 έδωκε
933 953 1141 1026 βιϐλίον
1182 953 1554 1017 ἀποστασίους
1593 971 1612 1006 ι
1657 955 1757 1004 ἐπ’

169 1044 362 1124 ήγαγε,
399 1069 419 1102 ι
451 1043 597 1122 Πρός
631 1048 732 1120 τήν
784 1043 1214 1119 σκληροκαρδίαν
1261 1045 1414 1117 ὑμῶν
1460 1043 1758 1116 ἐπέτρεψεν

167 1144 308 1198 οὕτω
348 1142 609 1213 Μωῡσῆς,
661 1141 756 1195 ἀπ’
800 1140 976 1212 ἀρχῆς
1022 1139 1078 1193 δὲ
1127 1139 1188 1194 ού
1226 1139 1448 1208 γέγονεν
1493 1134 1697 1204 οὕτως’
1729 1135 1758 1188 ὁ

167 1235 274 1306 γὰρ
304 1233 537 1303 ποιήσας
567 1231 627 1296 ἐξ
654 1230 851 1304 ἀρχῆς,
885 1230 1050 1302 ἄρσεν
1075 1229 1170 1283 καὶ
1201 1225 1336 1300 θῆλυ
1366 1227 1622 1298 ἐποίησεν
1659 1226 1758 1281 αὐ-

165 1327 318 1390 τούς·
344 1326 436 1380 καὶ
457 1319 638 1378 εἶπεν·
706 1325 932 1378 Ἕνεκεν
957 1322 1147 1377 τούτου
1195 1319 1510 1391 καταλείψει
1551 1317 1760 1390 ἄνθρω-

165 1404 266 1484 πος
299 1419 391 1473 τὸν
439 1417 652 1489 πατέρα
701 1417 864 1472 αὐτοῦ
918 1418 1011 1470 καὶ
1057 1416 1154 1488 τὴν
1194 1414 1406 1487 μητέρα
1448 1412 1634 1477 αὑτοῦ,
1663 1412 1758 1466 καὶ

163 1509 697 1582 προσκολληθήσεται
759 1509 896 1580 πρὸς
961 1508 1061 1579 τὴν
1117 1509 1352 1576 γυναῖκα
1409 1505 1574 1561 αὐτοῦ
1595 1545 1610 1569 ,
1663 1505 1757 1559 καὶ

162 1601 378 1654 ἔσονται
407 1604 453 1655 οἱ
484 1602 577 1656 δύο
613 1603 693 1664 είς
729 1600 908 1672 σάρκα
936 1599 1083 1670 μίαν.
1127 1618 1146 1650 ι
1182 1599 1352 1652 Τοῦτο
1382 1598 1554 1666 λέγει,
1588 1597 1668 1650 ὅτι
1696 1595 1758 1648 τὸ

165 1691 266 1762 μὲν
295 1693 580 1746 κάλλιστον
622 1685 691 1764 ἦν
741 1691 883 1746 κατὰ
922 1689 1012 1743 τὸν
1060 1675 1266 1744 ἀνωθεν
1297 1689 1435 1760 μετά
1463 1687 1559 1742 τοῦ
1591 1706 1758 1761 προσ⁶

161 1784 390 1854 ήκοντος
417 1784 710 1854 διαμένειν,
737 1781 994 1854 ,ἀλλήλοις
1047 1769 1322 1845 συνόντας,
1370 1783 1539 1853 ἄνδρα
1577 1798 1637 1836 τε
1664 1783 1757 1835 καὶ

159 1879 433 1945 γυναῖκα⁸
457 1875 610 1940 εἰδὼς
652 1876 709 1930 δὲ
751 1877 904 1946 ὑμῶν
950 1876 1048 1939 τάς
1089 1874 1258 1948 ὀργάς
1284 1874 1619 1938 ἀκαθέκτους
1660 1872 1750 1928 ού-

161 1985 284 2032 σας,
321 1968 624 2030 ἐκέλευσεν,
668 1971 725 2045 εί
756 1970 812 2023 αἱ
857 1969 1122 2040 φυόμεναι
1165 1971 1224 2022 ἐν
1273 1968 1402 2038 ὑμῖν
1449 1968 1619 2048 αἰτίαι
1663 1968 1751 2021 δο-

159 2063 310 2122 κοῖεν
365 2060 711 2133 παροξυσμόν
757 2079 878 2116 τινα
942 2061 1238 2133 παρέχειν,
1292 2060 1491 2131 μᾶλλον
1536 2061 1752 2130 ἀφιέναι

156 2151 257 2223 τὴν
286 2155 521 2221 γυναῖκα
561 2151 591 2222 ἢ
641 2153 704 2205 ὲκ
755 2151 945 2223 μίσους
993 2151 1131 2222 πρὸς
1171 2150 1462 2223 ἐπιϐουλὴν
1493 2151 1753 2206 καθίστα-

158 2243 287 2298 σθαι
329 2244 514 2313 φόνου.
563 2239 698 2299 Εἶτα
743 2245 930 2316 ἐπειδὴ
957 2245 1085 2317 ἐνῆν
1115 2244 1291 2297 αἰτίαν
1319 2245 1379 2299 οὐ
1408 2244 1754 2320 παρεχούσης

154 2337 254 2406 τῆς
295 2335 574 2404 γυναικὸς,
624 2337 688 2389 ἐκ
740 2335 839 2405 τῆς
895 2334 1032 2407 πρὸς
1086 2333 1279 2405 ἑτέραν
1332 2335 1538 2405 ῥοπῆς,
1599 2336 1752 2404 μῖσος

153 2431 419 2492 πλάττειν
445 2429 621 2502 ἑαυτῴ
642 2429 703 2483 τὸ
733 2429 809 2500 μὴ
831 2429 1057 2491 δίκαιον,
1086 2447 1104 2479 ι
1142 2427 1503 2497 Ἀποκαλύψει
1531 2425 1753 2482 ἀσέϐεια

152 2522 222 2582 τὰ
252 2522 616 2594 ἐνθυμήματα
645 2521 828 2592 ὑμῶν,
859 2519 1004 2589 λέγει
1030 2519 1234 2592 Κύριος
1267 2519 1683 2592 παντοκράτωρ.
1727 2537 1746 2572 ›

151 2617 215 2668 Εἰ
247 2617 362 2686 γὰρ
404 2614 478 2686 μὴ
525 2613 726 2667 τούτων
758 2611 933 2676 οὕτως
974 2612 1230 2682 ἐχόντων,
1266 2611 1623 2681 πλαττόμενοι
1656 2611 1753 2683 τὴν

152 2709 342 2762 αἰτίαν
368 2705 783 2778 ἀποπέμποισθε
832 2705 930 2767 τὰς
969 2703 1176 2758 ἀνωθεν
1222 2703 1353 2771 ὑμῖν
1383 2703 1752 2773 συναφθείσας

149 2802 458 2869 γυναῖκας,
504 2799 650 2852 ἐστὶν
698 2798 727 2850 ὁ
791 2797 898 2850 τῶν
945 2795 1209 2851 ἀσεϐειῶν
1257 2795 1411 2868 ὑμῶν
1461 2797 1753 2863 ἐξεταστὴς

148 2892 310 2956 θεός.
337 2885 432 2955 Οἷς
473 2889 654 2954 καλῶς
696 2889 979 2960 ἐπήγαγε·
1013 2908 1032 2940 ι
1075 2888 1188 2944 Καὶ
1231 2888 1540 2957 φυλάξασθε
1579 2890 1636 2943 ἐν
1675 2889 1752 2962 τῷ

147 2983 431 3055 πνεύματι
450 2983 626 3052 ὑμῶν,
651 2983 746 3035 καὶ
769 2982 844 3053 μὴ
866 2980 1268 3053 ἐγκαταλίπητε
1295 2980 1392 3053 τὴν
1415 2982 1740 3054 συνθήκηνοι

1860 581 2064 653 aliquid
2099 585 2317 656 longum
2341 593 2557 657 tempus
2590 587 2907 652 adduceret,
2931 594 2986 645 et
3021 586 3255 644 fortasse
3276 589 3438 643 etiam

1859 674 1927 730 ad
1959 676 2147 733 uxoris
2173 677 2373 732 caedem
2407 692 2630 733 manum
2665 694 2931 736 armares.
2971 679 3064 735 Sic
3091 680 3238 735 enim
3272 678 3437 734 etiam

1861 763 2129 824 Dominus
2171 767 2225 821 in
2273 766 2605 838 Evangeliis,
2650 767 2942 826 Phariszeis
2999 770 3438 832 sciscitantibus,

1863 882 1882 914 ς
1900 862 2009 917 Cur
2024 877 2150 932 ergo
2168 860 2374 932 Moyses
2390 862 2601 932 repudii
2623 863 2860 920 libellum
2873 866 3058 922 dedit?
3077 885 3095 919 ι
3117 868 3426 938 respondit:

1863 937 1996 1009 ξοδ
2039 953 2292 1008 duritiam
2343 953 2521 1009 cordis
2562 957 2728 1011 vestri
2772 959 3018 1028 permisit
3060 959 3130 1014 ita
3171 937 3428 1031 Moyses:

1863 1046 1931 1100 ab
1983 1045 2139 1101 initio
2179 1055 2359 1101 autem
2406 1062 2514 1100 non
2573 1047 2675 1102 fuit
2713 1048 2812 1105 sic.
2860 1050 2993 1104 Nam
3033 1052 3140 1121 qui
3180 1051 3248 1106 ab
3280 1051 3436 1107 initio

1863 1137 2088 1201 creavit,
2129 1138 2428 1192 masculum
2470 1146 2526 1193 et
2569 1138 2826 1195 feminam
2858 1141 2988 1196 fecit
3015 1157 3129 1204 eos.
3163 1143 3434 1213 dixitque:

1862 1228 2090 1301 Propter
2140 1231 2242 1285 hoc
2285 1230 2623 1302 derclinquet
2683 1232 2848 1288 homo
2901 1242 3109 1304 patrem
3164 1250 3320 1289 suum
3375 1251 3440 1290 ac

1859 1327 2091 1374 matrem
2136 1335 2317 1388 suam,
2365 1329 2421 1376 et
2459 1321 2764 1378 adhaerebit
2794 1324 2954 1379 uxori
3004 1340 3137 1390 sure,
3171 1334 3226 1382 et
3275 1337 3439 1382 erunt

1859 1413 1969 1467 duo
1997 1412 2052 1467 in
2079 1429 2244 1470 carne
2270 1430 2398 1470 una.
2429 1433 2451 1469 ι
2486 1413 2601 1470 Hoc
2626 1431 2820 1488 nempe
2853 1416 2930 1471 ait
2961 1431 2976 1470 :
3002 1417 3436 1473 Pulcherrimum

1858 1505 2109 1577 profecto
2133 1518 2251 1563 erat
2282 1509 2436 1578 juxta
2466 1509 2706 1579 priscam
2740 1509 2912 1582 legem
2945 1510 2999 1564 in
3044 1511 3227 1566 debito
3261 1511 3439 1566 otIicio

1859 1615 2205 1671 permanere,
2231 1602 2488 1658 convictu
2523 1603 2748 1674 junctos
2776 1604 2953 1659 virum
2983 1615 3145 1676 atque
3175 1619 3436 1670 uxorem;

1859 1703 2237 1748 verumtamen
2294 1695 2406 1750 iras
2445 1703 2660 1750 vestras
2718 1695 3014 1752 effrenatas
3051 1695 3265 1764 videns,
3304 1712 3443 1766 prte-

1859 1784 2003 1854 cepit
2051 1791 2110 1837 ut
2145 1784 2190 1839 si
2243 1783 2383 1841 forte
2417 1795 2560 1842 natae
2602 1788 2748 1843 inter
2779 1803 2878 1844 vos
2918 1789 3153 1859 querelae
3187 1787 3443 1860 graviore

1859 1877 2276 1934 exacerbatione
2328 1878 2552 1960 tierent,
2609 1897 2750 1936 uxor
2795 1881 2982 1953 potius
3036 1881 3438 1944 dimitteretur,

1860 1982 2024 2036 quam
2078 1984 2145 2023 ex
2187 1970 2317 2025 odio
2362 1971 2428 2027 ad
2477 1972 2778 2029 inferendae
2814 1974 2966 2030 necis
3017 1975 3308 2030 consilium
3359 1974 3446 2028 vir

1860 2057 2202 2128 procederet.
2253 2060 2460 2118 Deinde
2503 2065 2632 2135 quia
2666 2065 2785 2121 fieri
2830 2074 3065 2136 poterat,
3121 2074 3180 2121 ut
3217 2081 3439 2121 causam

1860 2167 1968 2206 non
2019 2154 2294 2224 praebente
2331 2173 2524 2222 uxore,
2572 2159 2869 2230 cupiditate
2917 2162 3144 2217 alterius
3190 2161 3443 2216 mulieris

1858 2244 2044 2299 odium
2075 2247 2339 2318 injustum
2377 2249 2663 2307 simularet
2697 2253 2952 2320 maritus,
2979 2277 2998 2308 ι
3023 2253 3321 2317 Revelabit,
3355 2254 3441 2308 in-

1858 2337 2000 2406 quit,
2036 2338 2299 2411 iniquitas
2323 2342 2686 2414 cOgitationes
2710 2355 2940 2402 vestras.
2977 2367 2995 2398 ι
3035 2343 3091 2400 Si
3118 2363 3246 2415 ergo
3280 2346 3443 2403 rebus

1860 2428 1934 2483 ita
1979 2446 2037 2486 se
2091 2433 2444 2501 habentibus,
2501 2436 2758 2492 simulata
2810 2453 2975 2494 causa
3021 2439 3444 2511 repudiaveritis

1858 2523 2145 2592 capulalas
2192 2527 2348 2582 vobis
2402 2530 2534 2584 olim
2583 2546 2803 2598 uxores,
2849 2541 2933 2588 est
2979 2541 3289 2588 vestrarum
3338 2531 3446 2586 ini-

1860 2616 2136 2684 quitatum
2165 2619 2462 2690 inquisitor
2485 2622 2650 2678 Deus.
2689 2623 2828 2678 Tum
2865 2623 3003 2680 bene
3036 2624 3245 2679 addidit
3275 2643 3289 2679 :
3330 2643 3348 2676 ι
3378 2623 3445 2677 Et

1858 2709 2134 2767 custodite
2159 2713 2212 2766 in
2238 2714 2432 2783 spiritu
2467 2726 2670 2779 vestro.
2692 2734 2869 2788 neque
2893 2719 3076 2774 fmdus
3099 2718 3386 2773 deseratis.
3419 2738 3436 2770 ι

1857 2799 1993 2855 Tota
2057 2813 2238 2859 mente
2296 2805 2592 2878 debitoque
2649 2810 2816 2865 animi
2889 2810 3085 2866 allectu
3141 2811 3442 2882 nuptialem

1856 2893 2131 2968 custodite
2179 2897 2376 2970 legem,
2422 2908 2476 2956 et
2529 2911 2688 2972 pacta
2734 2903 2999 2958 inviolata
3036 2910 3276 2968 servate,
3318 2903 3444 2974 qui-

1854 2988 2088 3056 buscum
2127 2991 2256 3046 olim
2303 2993 2372 3047 ad
2419 2995 2722 3064 nuptialem
2755 2995 3070 3050 convictum
3104 2995 3441 3051 accessistis.

146 3080 323 3144 ὥστε,
384 3079 570 3149 φησὶν,
611 3077 689 3148 (ρ.
733 3076 862 3148 558)
908 3076 1007 3150 ὅλῃ
1050 3077 1260 3150 διανοίᾳ
1303 3079 1396 3131 καὶ
1435 3079 1672 3136 διαθέσει
1719 3086 1784 3154 τῇ
1825 3089 2178 3161 προσηκούσῃ
2234 3090 2374 3160 μετὰ
2394 3091 2495 3162 τῆς
2521 3092 2746 3164 δεούσης
2773 3094 3194 3166 εὐγνωμοσύνης
3219 3094 3313 3148 τὸν
3340 3110 3445 3162 γα-

149 3173 319 3244 μικὸν
391 3171 684 3241 φυλάττετε
753 3172 937 3242 νόμον,
992 3173 1088 3226 καί⁸
1156 3172 1255 3238 τὰς
1310 3174 1582 3246 συνθήκας
1661 3180 2012 3250 παραϐἀτους
2082 3190 2301 3257 τηρεῖτε
2353 3187 2471 3258 μεθ’
2522 3182 2597 3243 ὧν
2643 3190 2849 3244 ἄνωθεν
2901 3193 2982 3254 είς
3036 3191 3138 3261 τὴν
3200 3189 3444 3263 γαμικὴν

151 3266 462 3340 ἐληλύθατε
492 3268 814 3332 κοινωνίαν,

219 3448 378 3518 Στίχ.
398 3445 562 3510 ιζ’.--
581 3448 947 3519 Συμπεράνας
969 3449 1034 3520 δὴ
1059 3449 1128 3502 τά
1146 3450 1254 3503 τῶν
1273 3451 1548 3519 γυναικῶν
1569 3454 1626 3506 ἐν
1640 3451 1753 3506 τού-

1932 3453 2099 3511 Vnns.
2143 3457 2231 3512 Π.
2267 3488 2335 3498 ——
2367 3457 2459 3513 Sic
2487 3459 2743 3517 absoluto
2778 3460 2847 3516 de
2876 3461 3140 3517 uxoribus
3163 3478 3437 3527 sermone.

144 3556 289 3604 τοις,
309 3539 465 3607 λέγει
497 3539 591 3592 καὶ
619 3539 812 3612 ἑτέραν
841 3540 1020 3594 αὐτῶν
1051 3541 1112 3594 ού
1140 3541 1517 3628 πλημμέλειαν
1543 3543 1752 3608 ἁπλῶς,

143 3632 268 3688 ἀλλ’
295 3630 556 3684 ἀσέϐειαν
575 3647 588 3661 ⁸
619 3630 804 3684 πολλοὶ
830 3631 939 3703 γὰρ
961 3629 1068 3686 τῶν
1093 3631 1396 3703 ἀνθρώπων
1422 3633 1490 3687 τά
1510 3632 1605 3701 μὲν
1622 3631 1754 3702 παρ’

144 3724 336 3780 αὐτῶν
373 3723 802 3795 ἁμαρτανόμενα
833 3725 966 3796 ὁρᾷν
1019 3725 1119 3778 οὐκ
1167 3724 1460 3790 ἐθέλουσιν,
1490 3727 1604 3780 ἀλλ’
1633 3727 1756 3781 οὐδέ

139 3835 196 3872 τι
225 3818 470 3886 πάσχειν
500 3815 642 3886 ὑπὲρ
666 3814 872 3868 τούτων
909 3815 1154 3888 ἔχονταιο
1188 3817 1498 3871 τούναντίον
1534 3819 1634 3889 μὲν
1663 3815 1756 3873 οὖν

139 3909 243 3962 καὶ
269 3905 721 3977 δυσχεραίνουσιν
761 3905 821 3958 ὲν
847 3907 1014 3978 πείρᾳ
1045 3906 1435 3976 καθιστάμενοι
1476 3908 1752 3981 λυπηρῶν,

135 4002 242 4056 καὶ
268 3999 450 4054 ταῦτα
472 3993 636 4071 ἧττον
665 3997 927 4062 πολλάκις
966 3999 1266 4070 πάσχοντες
1293 3999 1393 4070 τῆς
1419 3998 1596 4064 ἀξίαςσ
1615 4000 1756 4069 ὑπὲρ

135 4095 356 4167 ἑτέρων
380 4093 440 4146 δὲ
467 4091 770 4162 μέμφονται
795 4090 872 4162 τῷ
898 4091 1017 4161 Θεῷ
1053 4091 1382 4163 προχείρως,
1407 4092 1483 4156 ὡς
1504 4093 1755 4163 ἁμαρτα-

131 4189 352 4243 νόντων
391 4186 492 4257 μὲν
545 4186 793 4248 πλεῖστα,
844 4185 998 4249 δίκας
1043 4185 1100 4238 δὲ
1147 4187 1207 4238 ού
1254 4185 1527 4240 διδόντων.
1583 4185 1754 4239 Τοῦτο

129 4282 203 4354 δὴ
235 4281 340 4334 καὶ
374 4278 506 4347 παρ’
535 4277 694 4330 ἐνίων
740 4277 849 4331 τῶν
884 4277 942 4330 ὲν
970 4280 1084 4340 τοῖς
1125 4277 1484 4349 Ἰσραηλίταις
1508 4278 1625 4332 τότε
1666 4295 1752 4346 γι-

126 4375 400 4443 νόμενον,
447 4370 507 4422 ὲν
552 4366 761 4431 τούτοις
815 4367 1138 4440 αἰτιώμενος
1190 4371 1219 4422 ὁ
1273 4370 1558 4440 προφήτης
1611 4369 1754 4424 οὕτω

128 4466 318 4536 φησίν
344 4479 357 4494 ·
395 4481 416 4514 ί
458 4462 521 4518 Οἱ
574 4462 970 4533 παροξύνοντες
1011 4461 1103 4514 τὸν
1149 4459 1280 4514 Θεὸν
1327 4463 1386 4513 ὲν
1424 4464 1535 4524 τοῖς
1574 4460 1754 4529 λόγοις

119 4558 339 4628 ὑμῶν’
373 4557 471 4612 καὶ
497 4558 710 4616 εἴπατε,
749 4555 839 4607 Ἐν
859 4552 967 4604 τίνι
1001 4551 1400 4623 παρωξύναμεν
1430 4552 1627 4618 αὑτόν;
1664 4554 1751 4606 Ἐν

129 4650 208 4720 τῷ
247 4649 446 4717 λέγειν
474 4649 639 4720 ὑμᾶς,
670 4648 784 4710 Πᾶς
833 4643 1004 4698 ποιῶν
1037 4643 1271 4714 πονηρὰ,
1315 4643 1477 4697 καλὸν
1522 4642 1751 4697 ἐνώπιον

119 4743 383 4813 Κυρίου,
415 4742 508 4794 καὶ
537 4742 596 4793 ὲν
623 4740 805 4802 αὐτοῖς
829 4737 990 4799 αὐτὸς
1015 4736 1281 4806 ηὑδόκησε
1305 4754 1317 4766 ο
1348 4736 1442 4789 καὶ
1476 4735 1578 4788 ποῦ
1602 4739 1748 4790 ἐστιν

1859 3545 1991 3602 dicit
2009 3557 2063 3603 et
2092 3549 2254 3602 aliam
2279 3547 2649 3606 lsraelitarum
2673 3567 2784 3610 non
2815 3553 3112 3623 nequitiam
3131 3554 3296 3626 379
3319 3565 3442 3612 tat:-

1860 3640 2144 3696 tummodo
2197 3642 2292 3696 sed
2363 3643 2724 3713 impietatem.
2772 3644 2929 3700 Multi
2985 3649 3129 3702 enim
3189 3647 3440 3704 homines

1859 3743 2082 3802 peccata
2111 3747 2210 3788 sua
2247 3743 2502 3804 spectare
2529 3737 2747 3800 nolunt,
2783 3735 2881 3792 sed
2912 3752 3014 3792 nec
3037 3737 3336 3808 quidquam
3369 3739 3440 3794 ob

1857 3826 1973 3882 haec
2005 3826 2320 3896 patiendum
2378 3828 2482 3882 sibi
2540 3837 2756 3898 putant.
2792 3829 2996 3884 Contra
3053 3831 3261 3900 potius,
3297 3846 3440 3900 τρεῖ-ο

1857 3909 2042 3974 ferunt
2092 3919 2140 3973 si
2193 3919 2324 3990 quid
2369 3921 2661 3976 molestum
2702 3923 2784 3978 eis
2837 3921 3074 3988 accidat,
3116 3924 3330 3977 etiamsi
3382 3923 3437 3977 id

1855 4009 2000 4064 infra
2052 4009 2298 4078 ipsorum
2329 4011 2588 4065 meritum
2621 4027 2764 4083 saepe
2812 4013 2906 4067 sit.
2937 4012 3138 4068 Verum
3189 4013 3256 4066 ad
3299 4014 3436 4069 alios

1847 4101 2001 4171 quod
2036 4100 2257 4165 attinet,
2287 4102 2610 4156 irascuntur
2641 4102 2804 4159 facile
2836 4103 2968 4165 Deo,
2998 4103 3144 4174 quod
3189 4105 3224 4158 ii
3268 4104 3438 4174 pluri-

1854 4212 2002 4250 mum
2034 4204 2289 4267 peccent,
2340 4213 2442 4253 nec
2493 4213 2687 4268 pmnas
2715 4199 2892 4252 luant.
2937 4196 3093 4262 Quod
3129 4212 3251 4251 cum
3289 4194 3434 4266 apud

1853 4289 2148 4344 nonnullos
2187 4304 2410 4360 quoque
2439 4289 2716 4346 Israelitas
2741 4297 2874 4345 tunc
2920 4290 3284 4360 contingeret,
3330 4290 3435 4344 hoc

1852 4380 2257 4448 reprehendens
2303 4382 2570 4452 pr0plieta
2624 4382 2705 4438 sic
2747 4383 2823 4436 ait
2858 4401 2871 4436 :
2924 4400 2944 4432 ι
2977 4381 3083 4448 Qui
3120 4382 3434 4452 provocatis

1851 4469 2020 4524 Deum
2062 4472 2115 4526 in
2171 4473 2521 4529 sermonibus
2554 4474 2775 4530 vestris.
2826 4472 2894 4528 Et
2944 4473 3162 4530 dixistis
3191 4493 3206 4528 :
3233 4472 3289 4529 ln
3321 4489 3434 4544 quo

1849 4564 2270 4631 provocavimus
2298 4580 2422 4620 eum
2447 4565 2470 4618 ?
2497 4564 2556 4620 ln
2583 4581 2648 4622 eo
2674 4581 2870 4637 nempe
2897 4567 3043 4637 quod
3077 4581 3175 4622 vos
3197 4566 3380 4622 dicitis
3414 4581 3430 4620 :

1850 4653 2041 4710 Omnis
2066 4655 2158 4725 qui
2187 4657 2329 4711 male
2359 4657 2514 4717 facit,
2541 4659 2744 4712 bonum
2771 4667 2857 4712 est
2877 4673 3062 4712 coram
3094 4657 3348 4722 Domino,
3378 4667 3432 4714 et

1850 4747 1904 4803 in
1955 4748 2042 4803 bis
2072 4748 2190 4818 ipse
2220 4751 2570 4819 complacuit.
2623 4749 2688 4804 Et
2727 4751 2948 4806 ubinam
2980 4758 3065 4808 est
3099 4751 3243 4808 Deus
3267 4753 3432 4822 justi-

120 4837 148 4887 ὃ
189 4835 349 4897 Θεὸς
382 4833 482 4904 τῆς
533 4830 908 4901 δικαιοσύνης;
952 4849 970 4881 ι
1015 4828 1174 4920 Ἀλλά
1218 4828 1326 4900 γὰρ
1364 4829 1483 4882 οὐδὲ
1528 4830 1741 4900 ἐκείνην

1854 4841 1974 4894 tiae?
2010 4861 2028 4891 ι
2068 4841 2175 4895 Sed
2223 4857 2291 4896 ne
2343 4842 2490 4896 illam
2521 4844 2742 4913 quidem
2777 4845 3190 4914 praetermittam
3231 4820 3427 4915 impie-

117 4930 148 4981 ὖ
158 4927 298 4998 μῶν
343 4925 581 4995 παρήσω
604 4923 700 4995 τὴν
725 4923 999 4986 ἀσέϐειαν,
1027 4921 1112 4990 ἐφ’
1142 4914 1286 4992 ᾗπερ
1325 4922 1404 4984 είς
1432 4921 1746 4992 ἀγανάκτη-

117 5039 210 5074 σιν
247 5017 390 5072 καθ’
417 5015 629 5072 ἑαυτῶν
666 5013 944 5078 κινοῦντες
975 5012 1065 5067 τὸν
1096 5012 1230 5066 Θεὸν
1255 5013 1355 5066 οὐκ
1390 5013 1708 5068 αἰσθάνεσθε
1729 5031 1742 5044 ·

118 5116 190 5166 τὸ
243 5112 397 5181 γὰρ,
452 5129 471 5161 ι
522 5109 633 5162 Καὶ
685 5109 894 5172 εἴπατε,
943 5108 1030 5159 Ἐν
1061 5106 1168 5159 τίνι
1200 5103 1596 5175 παρωξύναμεν
1632 5104 1735 5160 αὐ-

116 5206 228 5259 τόν
253 5222 272 5271 ;
323 5222 346 5253 ι
374 5199 654 5254 κάνταῦθα
681 5199 774 5253 ἐπὶ
792 5198 891 5266 τῆς
909 5196 1198 5258 διαθέσεως
1218 5193 1539 5262 αἰτιώμενος
1567 5190 1739 5262 λέγει,

117 5297 141 5366 (
163 5311 227 5366 p.
273 5291 429 5359 559)
459 5289 535 5351 ὡς
563 5287 684 5340 οὐδὲ
706 5285 802 5340 τοῦ
833 5284 1047 5338 ἀσεϐεῖν
1090 5285 1182 5337 ἐπὶ
1209 5283 1467 5345 τοιούτοις
1495 5281 1745 5353 αἴσθησιν

115 5389 405 5458 ἔχοντες.
440 5379 505 5434 Τί
535 5380 594 5432 δὲ
636 5374 704 5450 ἦν
732 5377 793 5430 τὸ
837 5375 1091 5447 ἀσέϐημα
1137 5374 1332 5444 δηλῶν,
1362 5374 1522 5440 Φατὲ,
1560 5376 1744 5446 φησὶν,

115 5483 214 5535 ὅτι
258 5477 458 5530 ἔοικεν
488 5472 819 5546 ἀρέσκεσθαι
846 5472 960 5532 τοῖς
986 5470 1055 5522 τὰ
1088 5469 1232 5523 κακά
1261 5468 1746 5541 διαπραττομένοις

116 5576 148 5625 ὁ
183 5568 354 5628 Θεὸς
376 5581 390 5594 °
427 5555 520 5617 καὶ
550 5563 710 5616 τούτο
739 5561 895 5632 δῆλον
931 5561 989 5627 ἐξ
1029 5553 1110 5612 ὧν
1152 5561 1244 5612 ἐπὶ
1268 5559 1543 5621 τοιαύταις
1573 5558 1752 5628 πλημ-

124 5658 418 5734 μελείαις
451 5656 510 5708 οὐ
559 5653 798 5708 διδόασιν
832 5652 1106 5725 ἄνθρωποι
1152 5651 1342 5712 δίκας’
1387 5649 1562 5703 καίτοι
1595 5666 1656 5717 γε
1701 5647 1754 5701 εί

120 5772 220 5816 τις
271 5749 453 5815 λόγος
489 5745 584 5799 τοῦ
627 5745 837 5797 δικαίου
866 5743 942 5812 τῷ
972 5742 1110 5812 Θεῷ,
1142 5742 1526 5813 προσηκόντως
1555 5741 1620 5796 ἂν
1654 5740 1754 5797 αὖ-

121 5850 263 5910 τοῖς
302 5841 542 5895 κόλασιν
570 5835 918 5905 ὑπαγαγόντι
947 5836 1044 5903 τὴν
1068 5836 1320 5905 ἐσχάτην.
1347 5835 1389 5887 Τ
1398 5835 1412 5887 ί
1438 5830 1578 5906 οὖν;¹

495 5953 773 6013 PATROL.
822 5947 939 6007 GR.
981 5946 1178 6013 LXVI.

1834 4941 2010 4992 .tatem
2047 4943 2308 4999 vestram,
2339 4950 2448 5004 qua
2489 4951 2586 4992 vos
2630 4938 2857 4994 nescitis
2886 4948 3224 5008 quantopere
3259 4937 3430 4994 Deum

1846 5025 2207 5094 exasperetis.
2233 5024 2370 5080 Nam
2403 5017 2643 5093 verbis,«
2675 5028 2742 5082 Et
2775 5029 2996 5086 dixistis
3024 5049 3036 5084 :
3072 5032 3128 5085 In
3161 5045 3272 5100 quo
3299 5046 3424 5086 eum
3455 5057 3469 5118 γ

1833 5115 2301 5184 ,ριόγοοονίιηυεῖ
2330 5135 2350 5168 ι
2386 5117 2476 5173 hic
2509 5119 2718 5186 pariter
2745 5120 2964 5174 illorum
2998 5121 3243 5175 animum
3270 5136 3428 5175 accu-
3456 5115 3462 5166 ἶ

1848 5215 1955 5273 sat,
2007 5221 2108 5262 ceu
2155 5208 2250 5278 qui
2301 5209 2382 5263 sic
2435 5209 2728 5280 loquendo,
2783 5211 2982 5282 impios
3031 5227 3092 5269 se
3148 5227 3271 5268 esse
3316 5228 3426 5268 non

1842 5300 2129 5356 sentirent.
2186 5300 2256 5354 Et
2287 5316 2538 5372 quamam
2584 5312 2734 5360 esset
2768 5305 3044 5376 impietas,
3096 5305 3423 5361 declarans:

1831 5388 2058 5453 Dicitis,
2091 5391 2290 5462 inquit,
2323 5392 2497 5447 videri
2537 5390 2707 5448 Deum
2741 5393 3003 5450 delectari
3036 5394 3179 5450 male
3212 5395 3428 5466 agenti-

1842 5481 1981 5547 bus;
2034 5481 2198 5552 idque
2228 5482 2354 5538 inde
2400 5499 2686 5554 apparere.
2725 5485 2873 5556 quod
2920 5487 2993 5542 ob
3033 5487 3164 5541 talia
3197 5495 3426 5558 peccata

1842 5587 2034 5641 pmnas
2061 5573 2312 5630 homines
2340 5591 2448 5629 non
2478 5578 2814 5646 persolvant.
2841 5578 2996 5644 Quod
3028 5579 3077 5634 si
3103 5577 3251 5635 Deus
3277 5578 3425 5650 juris

1842 5666 2110 5720 rationem
2153 5667 2402 5731 haberet,
2450 5670 2649 5723 merito
2681 5670 2789 5727 illis
2835 5687 3155 5742 supremum
3204 5672 3421 5744 suppli-

1842 5759 1985 5816 cium
2033 5759 2370 5817 deccrnerct.
2413 5761 2556 5828 Quid
2595 5765 2764 5835 ergo?

3143 5941 3222 6003 20
