3904 6524
473 5085 484 5127 l

495 304 597 360 619

1150 432 1303 486 CAP.
1346 430 1434 486 111.

576 529 741 586 Vens.
784 528 835 583 1.
860 557 929 568 --
959 546 975 579 ι
997 524 1138 581 Ecce
1171 540 1272 597 ego
1308 526 1468 578 mitto
1499 522 1752 594 angelum
1786 538 1990 587 meum,
2028 530 2084 578 et

499 626 757 696 inspiciet
789 624 929 678 viam
963 628 1091 678 ante
1136 619 1333 676 faciem
1365 632 1567 681 meam,
1600 626 1655 674 et
1688 619 1872 681 statim
1904 618 2085 673 veniet

499 717 569 770 ad
618 714 878 785 templum
914 728 1075 770 suum
1108 711 1372 767 Dominus
1411 724 1571 781 quem
1604 724 1701 765 vos
1732 709 1997 779 quaeritis,
2029 715 2085 763 et

499 805 814 863 testamenti
859 803 1090 875 angelus
1134 818 1299 874 quem
1337 817 1434 858 vos
1462 801 1652 857 vultis.
1676 820 1694 853 ι
1732 799 1875 868 Quia
1920 800 2085 872 igitur

498 901 614 955 haec
646 899 851 965 dicitis,
887 904 942 953 et
969 896 1198 968 iustitia:
1223 909 1414 951 curam
1450 902 1510 950 ut
1548 893 1760 966 punitio
1794 893 1905 959 fiat,
1940 908 1969 947 a
2000 909 2085 949 me

496 992 810 1061 exquiritis,
841 990 1055 1045 mittam
1087 988 1342 1060 angelum
1379 985 1467 1058 qui
1488 985 1694 1057 placitis
1716 983 1849 1040 meis
1869 983 2084 1040 subscr-

503 1083 628 1139 viat.
645 1082 779 1137 Nam
794 1078 978 1143 verba,
1002 1075 1277 1148 «Inspiciet
1296 1076 1433 1132 viam
1456 1085 1582 1130 ante
1622 1074 1818 1130 faciem
1848 1089 2043 1138 meam,
2059 1094 2078 1127 ι

500 1176 604 1230 hoc
638 1174 860 1239 dicunt;
895 1172 946 1227 id
983 1179 1089 1234 est,
1113 1170 1217 1225 iste
1249 1168 1399 1224 dabit
1430 1184 1679 1239 operam,
1726 1183 1825 1222 ceu
1860 1168 2081 1238 quidam

499 1279 828 1336 prarcursor,
863 1262 1029 1333 380
1063 1269 1122 1315 ut
1152 1259 1491 1315 voluntatem
1527 1274 1701 1313 meam
1735 1267 2083 1331 exsequatur.

499 1357 745 1429 Repente
773 1364 954 1409 autem
990 1352 1157 1407 adero
1191 1352 1266 1406 illi
1294 1366 1395 1422 ego
1423 1364 1666 1421 quoque,
1690 1350 1950 1419 operibus
1974 1365 2085 1403 me-

500 1460 613 1505 met
642 1447 1002 1504 manifestans
1032 1444 1086 1498 in
1112 1443 1313 1513 templo
1352 1460 1365 1496 :
1396 1442 1837 1512 quandoquidem
1868 1441 1921 1495 in
1958 1456 2087 1495 cun-

499 1540 603 1598 ctis
637 1553 756 1608 qua:
793 1535 883 1590 Dei
907 1535 1128 1590 decreto
1160 1532 1319 1597 fiunt,
1351 1532 1716 1586 ministerium
1749 1531 1968 1600 quidem
1991 1547 2087 1585 an-

500 1634 744 1703 gelorum
777 1626 1120 1698 intelligitur,
1158 1624 1254 1681 sed
1288 1622 1433 1679 Deus
1468 1623 1523 1678 in
1555 1623 1692 1693 ipsis
1721 1638 1958 1693 operans
1987 1638 2087 1693 per

414 1762 417 1763 ν
498 1740 562 1779 ea
596 1738 717 1794 qua:
763 1720 880 1775 fieri
914 1718 1181 1789 praecipit.
1221 1714 1314 1770 Sic
1343 1714 1509 1770 etiam
1544 1728 1746 1769 manna
1775 1714 1957 1769 cibum
1987 1730 2085 1768 an-

1715 316 2066 377 THEODORI
2103 317 2587 377 MOPSUESTENI

3660 316 3746 371 620

2847 432 3006 485 ΚΕΦ.
3047 431 3122 483 Γ’.

2256 524 2406 595 Στίχ.
2445 530 2516 578 α’.
2552 555 2622 564 —
2669 542 2687 575 ι
2727 523 2855 577 Ἰδοὺ
2889 523 3001 593 ἐγὼ
3040 523 3387 588 ἐξαποστελῶ
3412 524 3506 579 τδν
3543 524 3748 595 ἄγγελόν

2188 634 2312 688 μου,
2341 618 2434 671 καὶ
2472 616 2828 688 ἐπιϐλέψεται
2861 617 2978 671 ὁδὸν
3012 618 3121 689 πρὸ
3151 616 3448 688 προσώπου
3482 635 3587 689 μου
3612 637 3625 651 ·
3673 622 3749 673 καὶ

2185 707 2445 781 ἐξαίφνης
2471 709 2591 778 ἥξει
2633 710 2711 773 εἰς
2740 709 2830 763 τὸν
2862 710 2988 762 ναὸν
3014 709 3209 764 ἐαυτοῦ
3253 710 3481 783 Κύριος,
3521 712 3582 764 δν
3614 713 3750 783 ὑμεῖς

2186 796 2422 869 ζητεῖτε,
2440 800 2536 854 καὶ
2560 802 2588 855 6
2609 800 2842 870 ἄγγελος
2860 801 2961 872 τῆς
2981 801 3248 875 διαθήκης
3266 803 3326 857 6v
3349 804 3509 875 ὑμεῖς
3530 804 3745 857 θέλετε.»

2198 889 2417 961 Ἐπειδὴ
2438 891 2616 945 τοίνυν
2643 891 2868 946 τοιαῦτά
2893 909 3051 961 φατε,
3077 894 3172 947 καὶ
3194 893 3291 966 τὴν
3318 896 3448 966 περὶ
3474 895 3537 949 τὸ
3563 897 3752 951 δίκαιον

2186 982 2497 1053 ἐπιμέλειαν
2529 982 2618 1037 διὰ
2653 983 2756 1053 τῆς
2780 985 3050 1057 τιμωρίας
3080 985 3387 1057 ἐπιζητεῖτε
3433 988 3565 1059 παρ’
3612 989 3749 1059 ἐμοῦ,

2184 1072 2468 1125 ἀποστελῶ
2510 1073 2616 1155 ,μὲν
2666 1073 2896 1143 ἄγγελον
2943 1075 3423 1148 ὑπηρετησόμενον
3472 1080 3588 1143 τοῖς
3648 1081 3751 1150 ἐμοὶ

2184 1161 2435 1217 δοκοῦσι·
2477 1164 2540 1217 τὸ
2567 1164 2732 1235 γὰρ,‹
2776 1166 3160 1237 Ἐπισλέψεται
3186 1168 3305 1222 ὁδὸν
3338 1169 3447 1241 πρὸ
3474 1169 3751 1243 προσώπου

2188 1270 2312 1324 μου,
2348 1274 2367 1307 ›
2405 1252 2565 1309 τοῦτο
2590 1254 2768 1324 λέγει·
2802 1256 2924 1311 ἀντὶ
2967 1256 3084 1322 τοῦ,
3122 1257 3220 1322 ’ος
3255 1260 3490 1332 σπουδὴν
3520 1261 3750 1333 θήσεται,

2185 1344 2372 1415 ὥσπερ
2418 1361 2504 1408 τις
2572 1344 2916 1417 πρόδρομος,
2969 1346 3371 1419 διαπράξασθαι
3424 1350 3493 1403 τά
3533 1352 3660 1421 ἐμοί
3702 1370 3750 1419 γε

2184 1431 2447 1485 δοκοῦντα
2468 1448 2485 1463 ’
2531 1434 2842 1505 παρέσομαι
2890 1434 2949 1487 δέ
2999 1435 3195 1508 ἁθρόον
3242 1439 3303 1490 ἐν
3328 1438 3478 1509 αύτῷ
3504 1437 3663 1508 κάγὼ
3685 1441 3753 1494 διὰ

2185 1523 2293 1577 τῶν
2323 1524 2500 1596 ἔργων
2530 1526 2766 1597 ἐμαυτὸν
2794 1526 3007 1591 δεικνὺς
3035 1528 3094 1581 ἐν
3121 1527 3200 1598 τῷ
3238 1528 3351 1596 ναῷ
3370 1547 3383 1559 ·
3427 1531 3550 1584 ἐπεὶ
3593 1534 3689 1585 καὶ
3708 1535 3753 1586 ἐν

2187 1616 2361 1670 ἆπασι
2401 1619 2514 1681 τοῖς
2560 1612 2902 1689 γιγνομένοις
2952 1618 3065 1691 ὅρῳ
3108 1618 3246 1673 Θεοῦ
3280 1620 3315 1692 ἡ
3364 1620 3462 1693 μέν
3502 1624 3755 1694 ὑπουργία

2187 1710 2385 1762 νοεῖται
2428 1710 2539 1763 τῶν
2587 1709 2855 1779 ἀγγέλων,
2894 1710 3027 1774 Θεὸς
3066 1710 3125 1764 δὲ
3168 1713 3198 1765 6
3234 1711 3292 1765 ἐν
3318 1713 3499 1778 αὑτοῖς
3538 1713 3754 1784 ἐργαζό-

500 1781 745 1888 gclorum
778 1827 880 1868 ceu
917 1809 1293 1867 ministrorum
1327 1806 1489 1862 dicit:
1534 1824 1552 1858 ι
1582 1806 1803 1870 Panem,
1827 1825 1845 1858 ι
1882 1806 2079 1878 inquit,

2193 1817 2347 1871 μενος
2376 1800 2443 1853 δι’
2480 1793 2556 1855 ὧν
2594 1800 2869 1855 ἐπιτάττει
2894 1800 3176 1870 γίγνεσθαι
3194 1819 3210 1836 ·
3242 1801 3387 1856 οὑτω
3414 1804 3509 1856 καὶ.
3538 1781 3647 1874 τὴν
3676 1804 3754 1857 τοῦ

506 1928 527 1961 ι
549 1907 865 1979 angelorum
901 1900 1252 1959 manducavit
1278 1899 1538 1967 homo“;
1567 1913 1586 1945 ι
1638 1897 1732 1953 Dei
1766 1905 1945 1953 autem
1981 1913 2083 1953 ceu

503 2001 621 2055 dari
648 1998 928 2069 iubentis:
960 2013 978 2045 ‹
1003 1992 1279 2047 Mandavit
1300 1992 1447 2047 enim
1481 1989 1718 2045 nubibus
1749 1991 2005 2061 desuper,
2031 1998 2085 2045 et

498 2092 698 2165 januas
725 2088 848 2145 (ξαιιί
879 2086 1115 2157 aperuit,
1146 2092 1201 2139 et
1232 2083 1368 2153 pluit
1395 2082 1501 2137 illis
1531 2096 1731 2135 manna
1760 2082 1829 2137 ad
1857 2082 2087 2137 mandu-

502 2181 809 2240 candum".
843 2192 861 2226 ι
902 2176 1075 2233 Porro
1108 2174 1332 2231 verbum
1369 2192 1387 2225 ι
1413 2172 1594 2228 veniet
1614 2192 1631 2225 ι
1660 2181 1921 2229 consuete
1952 2173 2086 2227 dicit

502 2284 765 2346 tanquam
793 2271 849 2327 in
884 2270 1050 2325 rebus
1074 2266 1250 2337 angeli
1277 2264 1584 2319 ministerio
1609 2265 1769 2331 actis,
1801 2262 1912 2319 Deo
1942 2262 2085 2318 facto

503 2366 806 2438 conspicuo
836 2362 930 2435 qui
967 2359 1171 2431 negotii
1204 2358 1410 2429 peracti
1445 2370 1613 2411 causa
1648 2365 1753 2411 est.
1788 2354 1969 2412 Veluti
2002 2364 2086 2412 est

505 2460 651 2533 apud
677 2460 897 2514 beatum
919 2452 1208 2508 Davidem:
1234 2468 1252 2501 ι
1271 2447 1560 2505 inclinavit
1576 2449 1767 2512 caelos,
1788 2456 1841 2502 et
1856 2447 2087 2504 descen-

504 2553 619 2618 dit;
644 2558 700 2606 et
718 2548 893 2619 caligo
923 2546 1027 2600 sub
1060 2542 1289 2615 pedibus
1320 2539 1513 2609 ejus”.
1551 2556 1572 2592 ι
1610 2536 1667 2593 ld
1700 2546 1784 2593 est
1815 2537 1987 2608 ipsius
2017 2536 2084 2592 ad

504 2644 773 2701 auxilium
795 2647 1045 2695 nostrum
1070 2633 1377 2700 venientis,
1425 2646 1493 2687 ex
1544 2631 1806 2703 operibus
1860 2645 2083 2687 sensum

504 2737 774 2807 capimus.
791 2732 975 2799 Quare
996 2735 1287 2800 postquam
1308 2724 1445 2779 dixit
1465 2742 1508 2778 ει
1526 2722 1715 2779 Veniet
1743 2723 1798 2778 in
1823 2723 2084 2793 templum

504 2845 667 2887 suum
702 2825 966 2881 Dominus
994 2836 1157 2893 quem
1185 2819 1486 2890 quaeritis,»
1523 2815 1752 2880 addidit,
1802 2814 1897 2869 «Et
1919 2822 2086 2870 testa-

506 2920 677 2976 menti
726 2916 953 2987 angelus
995 2926 1156 2984 quem
1204 2925 1303 2965 vos
1349 2908 1557 2962 vultis:
1591 2926 1609 2960 ι
1664 2905 2082 2969 demonstrans,

505 3010 724 3084 quodin
756 3008 920 3064 rebus
940 3004 1247 3060 ministerio
1269 3000 1447 3072 angeli
1472 2998 1700 3057 effectis,
1738 2995 2085 3066 praesentiam

506 3120 664 3163 suam
714 3101 859 3159 Deus
898 3097 1169 3155 ostendet.
1219 3095 1331 3167 Ego
1371 3093 1535 3164 igitur
1579 3089 1825 3151 veniam,
1878 3087 2085 3157 inquit,

507 3212 667 3268 quem
689 3200 1038 3265 peccatorum
1064 3186 1336 3243 vindicem
1358 3182 1670 3254 exquiritis.
1706 3180 1897 3236 Aderit
1920 3180 2085 3235 simul

510 3282 741 3353 angelus
784 3277 1085 3336 fmderibus
1118 3274 1450 3339 inserviens,
1483 3286 1604 3342 quae
1633 3286 1777 3341 saepe
1798 3271 2085 3325 vobiscum

507 3372 719 3445 pepigi;
743 3385 902 3441 quem
927 3373 1256 3438 quaerentes,
1279 3363 1515 3418 ultorem
1537 3361 1886 3432 comperietis
1910 3373 2087 3419 trans-

509 3460 811 3535 gressionis
833 3458 1071 3513 illorum.
1106 3453 1234 3508 Haac
1267 3459 1635 3507 consentanea
1684 3451 1957 3520 prioribus
2001 3452 2087 3505 di-

510 3551 591 3602 xit
612 3546 897 3618 propheta.
928 3542 1081 3598 Hanc
1110 3550 1292 3596 autem
1315 3540 1381 3595 de
1409 3540 1551 3594 beati
1582 3538 1809 3595 Joannis
1828 3539 2086 3610 Baptista:

508 3641 743 3696 adventu
794 3636 1202 3709 pronuntiatam
1260 3632 1437 3688 fuisse
1480 3632 1812 3687 locutionem
1881 3632 2087 3694 “,non

507 3738 595 3788 est
640 3728 971 3793 mirandum,
1015 3727 1142 3797 quia
1174 3741 1243 3780 ex
1276 3724 1440 3779 rebus
1494 3738 1677 3778 verum
1729 3733 1858 3778 tunc
1916 3724 2091 3779 evasit

507 3823 751 3886 ell'atum,
832 3828 1188 3906 posteaquam
1261 3830 1573 3887 praecursor
1622 3824 1787 3886 atque
1839 3817 2092 3873 minister

507 3911 857 3967 decretorum
889 3903 985 3963 Dei
1031 3905 1255 3962 advenit
1292 3906 1485 3961 beatus
1524 3903 1798 3973 Joannes;
1834 3922 1958 3961 cum
1994 3923 2087 3963 eo-

505 4020 613 4076 que
650 4002 904 4074 apparuit
953 4001 1120 4056 etiam
1165 3998 1286 4064 ille,
1336 3998 1428 4052 cui
1476 3999 1852 4054 testimonium
1899 3999 2084 4064 dabat,

505 4095 761 4151 Christus
790 4092 1077 4158 Dominus,
1105 4092 1161 4145 in
1190 4103 1299 4160 quo
1327 4089 1573 4144 omnium
1604 4090 1887 4145 hominum
1921 4093 2087 4163 perli-

506 4187 699 4243 cienda
729 4186 876 4243 salus
904 4192 1045 4240 erat.

2187 1891 2363 1962 μάννα
2416 1893 2624 1965 τροφὴν
2689 1892 2943 1962 ἀγγέλων
3000 1892 3100 1964 μὲν
3140 1892 3217 1957 ὡς
3266 1893 3755 1966 ὑπηρετησαμένων

2184 1981 2333 2053 λέγει
2357 1997 2372 2013 ο
2415 2001 2434 2034 t
2466 1984 2668 2057 ’Ἄρτον
2692 1982 2823 2056 γὰρ,
2847 1984 3035 2056 φησιν,
3061 1984 3308 2054 ἀγγέλων
3336 1984 3538 2056 ἔφαγεν
3564 1986 3754 2057 ἄνθρω-

2185 2094 2319 2141 πος’
2354 2094 2375 2129 ι
2409 2076 2546 2130 Θεοῦ
2579 2076 2657 2143 δὲ,
2695 2076 2772 2141 ὡς
2800 2075 3162 2142 κελεύσαντος
3193 2077 3442 2149 δοθῆναι·
3484 2097 3503 2130 ι
3539 2079 3757 2132 Ἐνετεί-

2185 2168 2316 2223 λατο
2350 2168 2459 2241 γάρ
2502 2168 2755 2239 νεφέλαις
2784 2168 3155 2240 ὑπεράνωθεν,
3198 2169 3292 2223 καὶ
3335 2170 3503 2242 θύρας
3540 2170 3755 2241 ούρανοῦ

2186 2259 2414 2331 ἀνέῳξε,
2444 2260 2540 2313 καὶ
2577 2258 2799 2332 ἔϐρεξεν
2846 2260 3030 2325 αὑτοῖς
3065 2260 3241 2332 μάννα
3277 2263 3489 2331 φαγεῖν.
3527 2281 3549 2315 ι
3610 2262 3682 2314 T6
3711 2261 3759 2316 δι

2186 2350 2337 2419 ἥξει,
2367 2350 2612 2423 συνήθως
2636 2349 2785 2421 λέγει
2813 2350 2889 2415 ὡς
2918 2351 2987 2406 ἂν
3019 2352 3077 2405 ἐν
3106 2353 3220 2416 τοῖς
3245 2352 3513 2424 ὑπουργία
3549 2353 3648 2406 τοῦ
3676 2354 3757 2420 ἁγ-

2188 2442 2352 2512 γέλου
2391 2442 2735 2514 γιγνομένοις
2767 2442 2903 2498 Θεοῦ
2939 2443 3356 2516 διαφαινομένου
3384 2444 3477 2497 τοῦ
3504 2445 3621 2498 τῶν
3647 2446 3759 2498 ἁπο-

2186 2534 2523 2606 τελουμένων
2550 2534 2723 2589 αἰτίου
2744 2550 2758 2565 ·
2804 2535 2882 2606 (p.
2908 2534 3034 2607 560)
3078 2529 3189 2589 οἷόν
3218 2536 3334 2590 ἐστι
3376 2537 3470 2591 καὶ
3512 2537 3669 2607 παρὰ
3694 2536 3759 2608 τῷ

2191 2627 2446 2699 μακαρίῳ
2474 2626 2637 2681 Δαυῖδ
2660 2627 2741 2695 τὸ,
2782 2646 2802 2681 ι
2832 2628 3080 2683 Ἔκλινεν
3110 2628 3391 2699 ούρανοὺς,
3418 2630 3510 2683 καὶ
3544 2631 3758 2701 κατέϐη,

2188 2717 2283 2771 καὶ
2310 2718 2506 2788 γνόφος
2537 2718 2642 2772 ὑπὸ
2670 2720 2798 2784 τοὺς
2838 2720 3007 2784 πόδας
3037 2719 3201 2774 αὑτοῦ
3221 2737 3235 2752 ·
3268 2739 3287 2772 ι
3344 2722 3432 2774 ἶνα
3476 2721 3651 2796 εἴπῃ.
3691 2724 3757 2776 ὅτι

2195 2810 2639 2881 Παραγεγονότος
2663 2814 2743 2876 εἰς
2771 2811 3022 2883 βοήθειαν
3051 2810 3348 2884 ἡμετέραν,
3376 2813 3438 2866 ἐκ
3465 2812 3579 2866 τῶν
3602 2814 3761 2884 ἔργων

2187 2903 2456 2973 ἐλάϐομεν
2488 2904 2761 2975 αἴσθησιν.
2801 2904 2964 2959 Ὅθεν
2997 2903 3191 2973 εἰπὼν,
3222 2908 3302 2962 δτι
3342 2923 3362 2957 t
3392 2905 3553 2972 Ἥξει
3584 2908 3663 2969 εἰς
3684 2907 3759 2959 τὸν

2186 2996 2314 3050 ναὸν
2342 2995 2537 3050 ἐαυτοῦ
2572 2998 2777 3069 Κύριος
2812 2997 2871 3051 ὃν
2908 2998 3068 3068 ὑμεῖς
3095 2997 3359 3068 ἐζητεῖτε,
3390 3017 3408 3051 ι
3470 3000 3760 3071 ἐπήγαγεν.

2195 3106 2217 3143 ι
2246 3089 2356 3142 Καὶ
2398 3090 2427 3144 6
2475 3088 2707 3158 ἄγγελος
2741 3091 2840 3162 τῆς
2883 3088 3149 3161 διαθήκης
3198 3090 3258 3144 ὃν
3304 3092 3461 3161 ὑμεῖς
3508 3091 3711 3145 θέλετε·
3740 3111 3757 3142 ι

2190 3179 2404 3245 δεικνὺς
2447 3181 2528 3234 ὃτι
2566 3181 2625 3235 ἐν
2664 3183 2775 3246 τοῖς
2816 3182 3092 3259 ὑπουργία
3121 3182 3215 3236 τοῦ
3258 3183 3484 3253 ἀγγέλου
3516 3186 3764 3255 γιγνομὲ.

2191 3290 2304 3336 νοις
2344 3273 2444 3344 τὴν
2472 3274 2777 3342 παρουσίαν
2832 3274 3126 3341 ἐνδείξεται
3173 3275 3272 3346 τὴν
3322 3275 3532 3329 οἰκείαν
3559 3278 3589 3330 6
3622 3276 3760 3336 Θεὸς.

2206 3368 2348 3438 Ἐγώ
2374 3386 2436 3422 τε
2477 3364 2592 3432 οὖν,
2626 3369 2811 3440 φησὶν,
2846 3369 3160 3443 ἐλεύσομαι,
3204 3370 3265 3424 ὃν
3297 3370 3536 3442 τιμωρὸν
3576 3371 3765 3439 ἐπιζη-

2193 3464 2335 3515 τεῖτε
2364 3462 2472 3515 τῶν
2501 3461 2608 3533 πλη
2618 3462 3009 3533 μμελουμένων
3033 3479 3049 3493 ⁸
3100 3463 3369 3534 παρέσται
3408 3462 3461 3516 δέ
3496 3463 3591 3516 καὶ
3622 3465 3649 3515 6
3672 3461 3764 3528 ἆγ-

2193 3550 2349 3620 γελος
2374 3554 2403 3605 6
2428 3554 2547 3613 ταῖς
2574 3551 2866 3621 συνθήκαις
2889 3550 3371 3624 ὑπηρετησάμενος
3390 3546 3479 3612 αἷς
3502 3549 3765 3620 mminit:

2196 3642 2335 3713 πρὸς
2364 3643 2510 3713 ὑμᾶς
2544 3643 2803 3707 πολλάκις
2825 3659 2839 3676 ο
2876 3643 2935 3697 δν
2968 3642 3354 3713 ἐπιζητοῦντες
3381 3642 3642 3712 εὑρήσετε
3669 3641 3764 3693 τῶν

2195 3732 2332 3805 πρὸς
2378 3734 2479 3803 ἐμὲ
2520 3733 2801 3805 συνθηκῶν
2846 3733 2999 3805 ὑμῶν
3024 3733 3434 3808 τιμωρούμενον
3462 3734 3563 3804 τὴν
3592 3733 3763 3803 παρά·

2196 3824 2374 3880 ϐασιν.
2426 3824 2615 3879 Ταῦτα
2651 3824 2749 3896 μὲν
2779 3824 2842 3896 δὴ
2890 3826 3005 3889 τοῖς
3038 3825 3427 3897 προρρηθεῖσιν
3466 3824 3764 3884 ἀκολούθως

2195 3916 2416 3989 εἴρηκεν
2463 3902 2507 3971 ὁ⁴
2530 3918 2814 3989 προφήτης
2840 3934 2855 3948 ·
2911 3916 2972 3970 τὸ
3014 3915 3072 3969 δὲ
3115 3918 3209 3970 ἐπὶ
3233 3916 3335 3986 τῆς
3375 3914 3471 3968 τοῦ
3502 3915 3762 3986 μακαρίου

2206 4009 2454 4064 Ἰωάννου
2481 4008 2574 4063 τοῦ
2603 4007 2908 4063 Βαπτιστοῦ
2939 4007 3241 4080 παρουσίας
3270 4008 3371 4078 τὴν
3409 4006 3593 4078 φωνὴν
3624 4006 3765 4076 εἰρῆ-

2196 4099 2319 4153 σθαι
2346 4100 2571 4172 ταύτην,
2596 4100 2659 4154 οὑ
2685 4099 3014 4171 θαυμαστὸν,
3059 4101 3125 4153 ἐκ
3162 4099 3271 4151 τῶν
3307 4101 3649 4170 πραγμάτοιν
3670 4100 3762 4149 ἐπ-

2193 4191 2568 4263 αληθευούσης
2594 4193 2715 4245 τότε
2744 4191 2844 4261 τῆς
2870 4191 3075 4261 φωνῆς,
3119 4189 3198 4261 τῷ
3239 4191 3638 4262 παραγίνεσθαι
3672 4190 3765 4260 μὲν

507 4282 812 4354 πρόδρομον
841 4278 936 4332 καὶ
969 4275 1249 4347 ὑπηρέτην
1287 4273 1396 4327 τῶν
1455 4272 1779 4345 ὡρισμένων
1840 4275 1933 4328 τὸν
2000 4280 2272 4353 μακάριον
2344 4284 2630 4355 Ἰωάννην,
2667 4284 2781 4355 ἅμα
2814 4283 2872 4336 δέ
2924 4282 3073 4353 αὑτῷ
3115 4283 3361 4353 παρόντα
3396 4285 3627 4354 φανῆναι
3677 4284 3765 4336 καὶ

507 4375 600 4429 τὸν
626 4374 717 4426 ὑπ’
747 4369 911 4424 αὑτοῦ
943 4365 1391 4441 μαρτυρούμενον
1431 4366 1709 4437 Δεσπότην
1742 4366 1998 4438 Χριστὸν.
2058 4372 2118 4426 ἐν
2191 4367 2346 4447 ᾧπερ
2394 4378 2430 4447 ἡ
2483 4377 2702 4431 πάντων
2745 4374 3048 4448 ἀνθρώπων
3097 4374 3333 4446 ἤμελλεν
3377 4377 3768 4447 οἰκονομεῖσθαι

510 4461 773 4532 σωτηρία.

584 4574 750 4629 Vens.
779 4572 834 4627 2.
858 4600 926 4611 -
947 4570 1071 4625 Mox
1101 4570 1207 4625 sibi
1231 4577 1636 4628 consentaneus
1664 4573 1929 4643 propheta
1959 4591 2088 4646 pro-

2265 4575 2415 4648 Στίχ.
2459 4576 2525 4647 β’.
2573 4605 2644 4618 -
2705 4575 3039 4631 Ἀκολουθῶν
3077 4577 3260 4648 μέντοι
3304 4595 3369 4646 γε
3422 4581 3452 4635 6
3491 4579 3771 4650 προφήτης

512 4670 761 4738 sequitur
786 4684 833 4721 ει
858 4664 1000 4721 Ecce
1028 4664 1198 4733 venit,
1231 4665 1308 4719 ait
1338 4664 1605 4719 Dominus
1634 4666 2006 4737 omnipotens.
2027 4668 2093 4723 Et

512 4760 636 4832 quis
674 4758 968 4815 sustinebit
999 4757 1143 4813 diem
1173 4757 1433 4812 introitus
1479 4756 1638 4826 ejus?
1666 4756 1775 4812 Aut
1795 4758 1920 4828 quis
1949 4758 2095 4817 ferre

510 4855 715 4928 poterit
741 4860 1019 4924 aspectum
1047 4851 1206 4921 381
1244 4850 1432 4920 ejus?»
1454 4848 1590 4905 Cum
1622 4851 1858 4914 venerit,
1893 4852 2090 4922 inquit,

511 4945 658 5001 Deus
692 4944 942 5016 publicus
990 4940 1132 4995 haud
1166 4947 1315 4995 recte
1349 4939 1618 4995 factorum
1652 4938 1885 5004 vindex,
1932 4955 2094 4996 nemo

507 5045 754 5093 vestrum
780 5034 871 5105 qui
899 5034 1012 5087 haec
1037 5033 1221 5087 dicere
1250 5046 1396 5085 nunc
1422 5030 1608 5095 audet,
1639 5031 1943 5101 punitionis
1970 5048 2095 5103 gra-

512 5131 738 5183 vitatem
773 5126 1087 5183 sustinebit.
1118 5122 1414 5178 Evidenter
1433 5132 1613 5178 autem
1642 5123 1728 5178 his
1758 5124 1941 5180 verbis
1954 5141 2094 5195 prae-

509 5219 645 5274 dicit
691 5218 801 5273 illis
847 5232 911 5272 ea
946 5230 1068 5288 quae
1109 5215 1213 5271 sub
1259 5214 1619 5269 Macchabzeis
1654 5224 1917 5270 eventura
1951 5218 2094 5271 mala

510 5318 699 5378 erant,
744 5324 866 5381 qua:
916 5308 1123 5364 scilicet
1171 5307 1241 5362 ob
1296 5322 1454 5361 suam
1508 5306 1741 5376 populus
1790 5308 2092 5377 nequitiam

508 5402 757 5475 pertulit.
800 5401 926 5456 ideo
955 5400 1047 5470 qui
1084 5400 1227 5453 hanc
1257 5398 1553 5452 dictionem
1586 5398 1883 5453 convenire
1902 5399 2096 5453 existi-

509 5504 626 5552 mat
658 5496 877 5552 Christo
907 5493 1159 5555 Domino,
1192 5506 1296 5548 nec
1326 5489 1395 5544 de
1428 5490 1536 5544 alio
1568 5504 1731 5559 quam
1771 5489 1839 5543 de
1866 5506 1931 5545 eo
1967 5506 2093 5560 pro-

512 5589 839 5655 nuntiatam,
877 5586 1095 5643 videtur
1125 5586 1379 5657 ignorare
1409 5598 1596 5638 rerum
1632 5582 1723 5638 hic
1756 5583 2089 5653 scriptarum

586 5774 630 5807 ⁹¹
669 5772 815 5830 Psal.
843 5772 1163 5841 uxvnﬁz‘)’.
1218 5774 1286 5849 ﬂ"
1313 5773 1566 5847 ibid.‘25.
1643 5773 1689 5807 "
1731 5774 1876 5833 Psal.
1914 5790 2049 5844 xvn,
2080 5774 2165 5831 10.

2192 4668 2391 4739 ἐαυτῷ,
2423 4668 2654 4737 ἐπάγει·
2679 4686 2699 4719 ι
2742 4668 2874 4721 Ἰδοὺ
2912 4668 3152 4740 ἔρχεται,
3178 4668 3325 4738 λέγει
3351 4671 3549 4743 Κύριος
3575 4689 3770 4724 παντο-

2190 4762 2415 4835 κράτωρ
2436 4778 2449 4791 ·
2470 4760 2566 4815 καὶ
2583 4761 2667 4824 τίς
2684 4761 2947 4831 ὑπομενεῖ
2967 4762 3177 4831 ἡμέραν
3198 4763 3405 4816 εἰσόδου
3421 4763 3612 4827 αὐτοῦς
3640 4764 3674 4833 ἦ
3696 4764 3775 4827 τίς

2191 4854 2554 4925 ὑποστήσεται
2584 4853 2641 4905 ἐν
2672 4855 2739 4923 τῇ
2765 4853 2999 4924 ὀπτασίᾳ
3033 4853 3235 4917 αὐτοῦς
3267 4872 3287 4906 ι
3323 4856 3401 4925 (p.
3431 4854 3547 4923 56f)
3594 4856 3773 4908 Ἔπειο

2191 4948 2288 5001 δάν
2314 4946 2424 5017 γὰρ
2470 4945 2859 5017 παραγίνηται,
2896 4947 3094 5015 φησὶν,
3140 4949 3168 5000 6
3219 4946 3352 5011 Θεὸς
3382 4948 3625 5019 τιμωρὸς
3661 4951 3777 5001 ἐπι-

2196 5038 2520 5110 φαινόμενος
2552 5037 2662 5090 τῶν
2701 5039 2759 5090 ού
2800 5038 3026 5102 δεόντως
3065 5039 3389 5110 γινομένων,
3424 5041 3594 5102 οὐδεὶς
3625 5042 3777 5110 ὑμῶν

2194 5130 2301 5185 τῶν
2333 5128 2507 5184 ταῦτα
2554 5126 2649 5182 νῦν
2681 5128 2859 5195 λέγειν
2905 5129 3228 5201 τολμώντων
3278 5132 3649 5203 ὑποστήσεται
3685 5135 3781 5200 τῆς

2195 5219 2467 5290 τιμωρίας
2515 5216 2574 5271 τὸ
2611 5217 2839 5287 μέγεθος
2860 5235 2873 5247 ·
2926 5218 3082 5289 δῆλος
3110 5220 3167 5273 δέ
3210 5222 3359 5275 ἐστιν
3385 5226 3442 5276 ἐν
3468 5223 3687 5285 τούτοις
3716 5224 3781 5273 τὰ

2197 5312 2290 5363 ἐπὶ
2322 5309 2427 5362 τῶν
2455 5309 2831 5363 Μακκαϐαίων
2860 5311 3041 5373 αὐτοῖς
3072 5311 3292 5382 μηνύων
3317 5315 3483 5378 κακὰ,
3509 5313 3664 5384 άπερ
3690 5316 3783 5382 τῆς

2197 5403 2406 5457 ἐαυτῶν
2444 5402 2629 5456 ἕνεκεν
2664 5404 3112 5476 ὑπομεμενήκασι
3148 5406 3383 5470 κακίας·
3426 5409 3549 5471 ὠςό
3586 5425 3655 5476 γε
3691 5409 3783 5459 αὖ·

2193 5498 2293 5569 τὴν
2350 5496 2449 5567 τὴν
2513 5495 2696 5567 φωνὴν
2746 5497 3036 5568 ἁρμόττειν
3087 5498 3332 5569 οἰόμενος
3395 5500 3471 5570 τῷ
3516 5502 3786 5567 Δεσπότης

2192 5586 2414 5659 Χριστῷ
2453 5585 2530 5651 ὡς
2582 5586 2648 5641 ἂν
2675 5589 2802 5660 περὶ
2830 5588 2995 5643 αὐτοῦ
3051 5591 3144 5644 καὶ
3170 5591 3269 5662 οὐχ
3309 5593 3490 5663 ἐτέρου
3529 5608 3642 5645 του
3685 5594 3784 5662 ρη-

2278 5775 2325 5810 "
2360 5775 2553 5833 lllattlt.
2578 5793 2653 5845 ιιι,
2683 5777 2977 5849 10;Μ;ιῑε.
3012 5795 3050 5846 ι,
3076 5779 3142 5847 Ξ;
3177 5777 3307 5835 Luc.
3344 5776 3385 5845 ι,
3419 5779 3502 5843 17;
3544 5793 3656 5845 vn,
3689 5776 3777 5829 27.
