3904 6520
197 352 275 407 liii
1087 348 1729 412 COMMENTARIUSIN
1769 355 2154 411 MALAClIl/E
2193 357 2344 411 CAP.
2380 355 2470 410 lll.

3306 353 3406 412 61‘!

205 474 359 526 θεῖσαν
390 468 520 540 (70),
552 468 728 523 ἔοικεν
753 470 965 538 ἀγνοεῖν
997 474 1057 526 τὸ
1073 475 1336 547 ⁸διάφορον
1364 478 1474 530 τῶν
1506 478 1739 532 ἐνταῦθά

1847 477 2204 532 differentiam
2235 477 2304 531 ab
2332 477 2440 531 illis
2471 491 2592 546 qua}
2624 476 2678 531 in
2700 475 2903 532 Christi
2938 475 3148 531 Domini
3180 477 3414 531 adventu

202 581 251 617 τε
274 560 673 631 γεγραμμένων,
706 562 799 613 καὶ
821 563 928 615 τῶν
957 565 1050 616 ἐπὶ
1077 565 1177 634 τῆς
1205 568 1507 636 παρουσίας
1531 569 1738 620 οίκονοο

202 653 448 726 Momm
491 651 584 704 τοῦ
633 654 902 706 Δεσπότου
947 655 1205 727 Χριστοῦ,
1233 657 1293 721 ὃς
1333 660 1380 711 εἰ
1418 660 1512 712 καὶ
1550 658 1738 730 κριτοῦ

200 743 332 812 δίκην
366 740 623 811 διέκρινεν
671 742 729 796 ὲν
769 743 1037 807 Ἰουδαίοις
1069 747 1194 810 τοὺς
1228 746 1463 816 φαύλους
1499 748 1606 802 ἀπὸ
1631 749 1740 801 τῶν

200 833 522 907 κρειττόνων,
566 834 692 898 τοὺς
741 834 842 905 μὲν
871 837 959 888 ἐπ’
992 837 1152 890 αὐτὸν
1184 840 1614 903 πεπιστευκότας
1648 842 1740 893 ἐπὶ

197 927 248 978 τὸ
271 927 498 995 κρεῖττον
529 930 891 998 μεταστήσας,
922 929 1046 991 τοὺς
1075 930 1444 999 ἠπιστηκότας
1471 932 1528 984 δὲ
1557 950 1737 1003 παρα-

195 1018 302 1078 δοὺς
329 1015 578 1085 τιμωρία,
617 1016 733 1070 ἀλλ’
761 1017 979 1089 εὔδηλον
1009 1021 1091 1072 ὅτι
1124 1021 1202 1090 τῷ
1239 1022 1403 1093 κοινῷ
1439 1023 1582 1094 λόγῳ
1614 1041 1739 1078 σκο-

195 1107 282 1160 πὸν
309 1106 400 1175 τῆς
430 1107 634 1171 οἰκείας
681 1108 881 1180 ἔσχηκε
931 1113 1262 1182 παρουσίας,
1302 1114 1362 1168 ὃν
1403 1116 1432 1168 ὁ
1471 1116 1738 1186 μακάριος

206 1197 432 1266 Ἰωάννης
455 1196 756 1269 δεδήλωκεν
780 1201 970 1265 εἰπὼν,
1011 1221 1030 1255 ι
1047 1203 1151 1256 Ἴδε
1174 1205 1203 1257 ὁ
1232 1206 1401 1276 ἀμνὸς
1421 1207 1516 1260 τοῦ
1550 1208 1685 1262 Θεοῦ
1709 1210 1739 1261 ὁ

190 1292 343 1360 αίρων
370 1288 466 1358 τὴν
489 1289 762 1360 ἁμαρτίαν
793 1293 886 1346 τοῦ
913 1295 1116 1366 κόσμου
1141 1311 1154 1324 ·
1186 1314 1206 1349 ι
1244 1297 1340 1352 καὶ
1365 1297 1434 1352 τὰ
1456 1300 1654 1372 ἐφεξῆς
1679 1301 1737 1356 δὲ

191 1381 260 1434 ἔτι
283 1380 474 1451 μᾶλλον
501 1382 740 1444 δείκνυσι
764 1384 872 1438 τῶν
905 1388 1165 1458 ῥημάτων
1198 1390 1291 1443 τὸν
1317 1392 1535 1446 σκοπόν.
1577 1393 1740 1447 Ἐπάδ

186 1488 262 1539 γει
290 1469 430 1541 γάρ·

248 1561 383 1631 Στίχ.
421 1567 494 1630 γ’,
520 1562 583 1622 δ’.
608 1595 678 1604 —
711 1584 728 1617 t
753 1567 896 1621 Διότι
923 1569 1085 1634 αὐτὸς
1116 1573 1492 1642 εἰσπορεύεται
1522 1576 1598 1638 ὡς
1626 1575 1738 1644 πῦρ

184 1652 551 1722 χωνευτηρίου,
583 1655 678 1708 καὶ
713 1657 788 1721 ὡς
832 1659 937 1712 πόα
966 1659 1272 1714 πλυνόντων
1296 1676 1310 1690 ’
1352 1663 1444 1716 καὶ
1473 1664 1737 1718 καθιεῖται

1842 583 1939 637 per
1969 568 2434 637 dispensationem
2465 574 2600 622 acta:
2632 576 2795 622 sunt:
2829 569 2921 638 qui
2953 567 3205 638 quamvis
3239 566 3418 620 ofﬁcio

1837 660 2040 730 judicis
2067 659 2324 716 discrevit
2351 659 2663 715 Judaeorum
2698 661 2976 732 improbos
3013 675 3044 714 a
3076 659 3416 718 melioribus.

1840 753 2128 809 credentes
2150 753 2255 809 sibi
2280 754 2348 808 ad
2369 754 2647 810 meliorem
2673 754 2880 824 frugem
2901 755 3213 817 traducens,
3241 753 3418 806 incre.

1841 845 1999 899 dulos
2032 860 2192 914 paena
2211 844 2484 901 alliciens:
2511 854 2750 900 attamen
2775 848 3116 916 exploratum
3139 853 3244 907 est,
3271 843 3418 914 quod

1843 937 2080 1007 generali
2118 937 2330 991 ratione
2363 952 2590 1007 scopum
2607 936 3139 994 babueritadventus
3158 935 3243 991 sui
3265 934 3417 988 illum

1843 1043 2004 1096 quem
2022 1028 2214 1083 beatus
2229 1027 2468 1084 Joannes
2489 1028 2790 1083 declaravit
2804 1029 2994 1085 dicens
3015 1047 3058 1083 ει
3070 1027 3210 1082 Ecce
3225 1027 3414 1098 Agnus

1844 1119 1936 1175 Dei
1969 1121 2058 1190 qui
2090 1121 2231 1176 tollit
2259 1127 2543 1191 peccatum
2571 1121 2841 1175 mundi".
2880 1139 2897 1171 ι
2930 1120 3068 1174 Tum
3102 1121 3158 1175 in
3187 1135 3421 1190 sequen-

1842 1213 1989 1269 tibus
2031 1214 2294 1283 propheta
2338 1213 2512 1284 magis
2545 1213 2724 1270 adhuc
2760 1214 2936 1283 aperit
2963 1214 3251 1270 verborum
3289 1228 3422 1270 suo-

1842 1320 1964 1359 rum
2000 1321 2246 1376 scopum.
2283 1305 2446 1361 Addit
2471 1305 2610 1361 enim
2630 1323 2644 1360 :
2927 1310 2932 1316 '

1919 1576 2083 1632 Vsus.
2124 1577 2236 1639 3,4.
2264 1607 2328 1614 —-
2356 1594 2372 1628 ι
2399 1576 2534 1642 Quia
2583 1577 2700 1648 ipse
2746 1577 3045 1646 ingreditur
3085 1578 3239 1646 quasi
3280 1577 3420 1648 ignis

1843 1668 2179 1734 eonﬁatorii,
2223 1677 2279 1724 et
2325 1671 2484 1739 quasi
2533 1669 2703 1724 herba
2751 1667 3038 1723 fullonum.
3100 1668 3164 1722 Et
3210 1669 3419 1724 sedebit

184 1740 416 1809 χωνεύων
482 1743 576 1796 καὶ
634 1745 941 1818 καθαρίζων
996 1749 1076 1812 ὡς
1126 1751 1185 1803 τὺ
1233 1752 1493 1824 ἀργύριον
1541 1756 1634 1808 καὶ
1677 1756 1738 1808 τὸ

1847 1758 2087 1814 nonﬁans
2118 1768 2172 1813 et
2201 1773 2441 1829 purgans
2465 1759 2607 1814 sicut
2638 1773 2832 1813 aurum
2854 1765 2908 1822 et
2935 1759 3077 1813 sicut
3109 1771 3417 1828 argentum.

182 1835 390 1905 χρυσίον
421 1851 436 1866 ’
488 1837 582 1890 καὶ
611 1839 861 1910 καθαριεῖ
885 1841 1012 1904 τοὺς
1055 1842 1202 1906 υἱοὺς
1235 1845 1387 1908 Λευὶ,
1433 1846 1528 1898 καὶ
1562 1847 1741 1917 ἑκχεεῖ

182 1924 364 1988 αύτοὺς
407 1925 487 1990 ὡς
544 1927 606 1980 τὸ
654 1929 876 2000 χρυσίον
931 1931 1026 1984 καὶ
1075 1931 1150 1995 ὼς
1188 1932 1595 2005 τὸ·άργύριον·
1648 1938 1741 1990 καὶ

180 2015 376 2069 ἔσονται
395 2017 479 2088 τῷ
499 2018 686 2090 Κυρίῳ
711 2021 1074 2092 προσάγοντες
1098 2023 1288 2076 Θυσίαν
1314 2026 1371 2078 ἐν
1393 2025 1702 2098 δικαιοσύνῃ
1723 2042 1737 2058 ο

179 2109 267 2162 καὶ
292 2111 483 2183 άρέσει
512 2112 592 2183 τῷ
639 2114 826 2185 Κυρίῳ
863 2115 1024 2170 θυσία
1068 2116 1233 2170 Ἰούδα
1277 2119 1336 2170 ἐν
1372 2117 1738 2191 Ἰερουσαλὴμ,

177 2201 348 2266 καθὼς
382 2206 440 2257 αῖ
467 2204 673 2277 ἡμέραι
697 2204 793 2260 τοῦ
837 2207 1054 2274 αἰῶνος,
1088 2209 1184 2262 καὶ
1212 2209 1393 2273 καθὼς
1424 2209 1493 2263 τὰ
1536 2211 1630 2282 ἐτη
1671 2211 1742 2265 τὰ

177 2293 496 2365 ἐμπροσϐεν.
524 2315 544 2348 ι
589 2298 665 2368 (p.
706 2297 831 2370 562)
881 2299 1042 2354 Ἀλλὰ
1085 2299 1195 2372 γὰρ
1243 2301 1396 2355 ἔσται
1442 2321 1530 2368 τι,
1581 2305 1738 2372 φησὶ,

175 2382 351 2454 κέρδος
390 2385 460 2437 ἐκ
488 2387 587 2455 τῆς
617 2386 1070 2460 ἐπαχθησομένης
1107 2390 1232 2445 τότε
1262 2391 1532 2462 τιμωρίας
1568 2393 1698 2463 ὑμῖν
1723 2409 1737 2422 ·

169 2468 316 2545 δίκην
345 2475 446 2546 μὲν
479 2477 590 2548 γὰρ
620 2479 794 2550 πυρὸς
824 2481 883 2533 ἐν
924 2480 1123 2552 χωνείᾳ
1161 2481 1429 2553 ἀργύριόν
1462 2500 1522 2537 τε
1551 2484 1743 2538 καθαί-

172 2583 348 2639 ροντος
374 2570 477 2622 καὶ
503 2570 746 2641 χρυσίον,
774 2572 809 2644 ἢ
843 2574 940 2627 καὶ
973 2573 1111 2638 πόας
1145 2574 1237 2628 διὰ
1279 2575 1393 2629 τῶν
1436 2577 1742 2632 πλυνόντων

170 2662 538 2736 καθαιρούσης
566 2663 789 2736 ἐσθῆτα,
817 2667 938 2730 ταῖς
964 2668 1268 2739 συμφοραῖς
1291 2670 1409 2732 ταῖς
1441 2669 1744 2740 τηνικαῦτα

169 2756 537 2827 ἐπαγομέναις
579 2756 708 2828 ὑμῖν
739 2757 993 2830 καθαριεί
1036 2760 1244 2825 πάντας
1274 2761 1404 2825 τοὺς
1437 2762 1536 2834 τὴν
1580 2764 1742 2834 ἱερω-

168 2847 325 2919 σύνην
364 2848 687 2920 τολμῶντας
727 2850 967 2905 ἐκτελεῖν
1005 2852 1278 2923 ἀδοκίμως
1304 2870 1318 2884 ο
1361 2853 1503 2907 ὥστε
1543 2855 1742 2918 αὐτοὺς

166 2943 269 3004 τοῖς
299 2942 709 3013 ἐπιγινομένοις
750 2943 1217 3014 σωφρονισθέντας
1257 2944 1447 3010 κακοῖς
1478 2947 1742 3018 προσάγει

163 3033 336 3089 λοιπὸν
374 3035 457 3107 τῷ
503 3035 620 3106 Θεῷ
654 3035 864 3102 θυσίας,
906 3037 984 3101 ὡς
1029 3037 1256 3108 νόμιμον
1302 3039 1598 3109 προσάγειν
1621 3039 1742 3110 Θεῷ

164 3126 462 3198 προεστῶτι
506 3127 599 3180 τοῦ
631 3127 860 3193 δικαίου,
905 3122 950 3197 ᾧ
991 3128 1055 3199 δὴ
1086 3128 1223 3199 μετὰ
1247 3129 1441 3183 πολλοῦ
1469 3130 1563 3183 τοῦ
1589 3130 1740 3196 δέους

160 3222 250 3292 τὴν
279 3222 632 3293 λειτουργίαν
663 3224 938 3294 προσῆκον
966 3221 1298 3294 ἐκπληροῦν,
1328 3221 1404 3286 ὡς
1445 3222 1607 3276 εἰδότι
1646 3223 1741 3276 καὶ

161 3315 522 3386 τιμωρεῖσθαι
550 3314 676 3380 τοὺς
703 3314 1034 3386 καταμελεῖν
1066 3314 1346 3378 ἐθέλοντας
1375 3313 1562 3369 αὐτοῦ.
1605 3313 1738 3368 Τότε

159 3404 248 3476 δὴ,
281 3408 453 3477 φησὶν
479 3447 494 3470 ,
540 3407 779 3462 Ἰουδαῖοι
826 3406 919 3460 ἐπὶ
965 3406 1066 3477 τῆς
1102 3407 1457 3479 Ἰερουσαλὴμ
1501 3407 1738 3478 άρεστὰς

161 3498 510 3568 προσοίσουσι
542 3497 622 3568 τῷ
671 3497 788 3569 Θεῷ
831 3497 1020 3561 θυσίας
1040 3514 1054 3528 '
1104 3498 1364 3567 ἀνάλογον
1397 3497 1475 3569 τῷ
1505 3499 1741 3570 πρόσθεν

159 3589 347 3660 χρόνῳ,
388 3592 448 3644 ἐν
485 3583 644 3661 ᾧπερ
671 3593 784 3654 τοῖς
821 3590 1071 3659 γεγονόσι
1105 3589 1248 3643 κατὰ
1293 3590 1484 3660 καιρὸν
1512 3590 1738 3655 δικαίοις

159 3680 663 3754 ἐπιμελησαμένοις
719 3681 815 3736 τοῦ
883 3683 1248 3755 προσήκοντος
1283 3721 1298 3744 ,
1363 3682 1460 3746 τὰς
1533 3683 1740 3736 ἑαυτῶν

157 3775 454 3842 προσάγειν
490 3773 684 3839 θυσίας
709 3775 939 3845 νόμιμον
971 3765 1039 3844 ἦν
1057 3790 1070 3802 ο
1103 3771 1226 3826 οὔτε
1249 3772 1306 3825 δὲ
1327 3771 1408 3836 τὸ,
1443 3772 1742 3842 «Καθαριεῖ

156 3863 275 3927 τοὺς
299 3866 458 3929 υἱοὺς
483 3865 641 3930 Λευὶ,
672 3884 689 3917 ι
730 3863 853 3917 οὔτε
880 3865 962 3930 τὸ,
1000 3882 1018 3916 ι
1042 3863 1252 3935 ’Λρέσει
1271 3862 1347 3933 τῷ
1369 3864 1556 3934 Κυρίῳ
1581 3863 1741 3917 θυσία

164 3952 330 4009 Ἰούδα
373 3959 436 4009 ὲν
481 3956 863 4028 Ἰερουσαλὴμ,
897 3975 915 4009 ι
967 3955 1228 4027 ἁρμόσει,
1268 3955 1318 4007 εί
1373 3953 1450 4024 τῷ
1496 3953 1742 4025 Δεσπότῃ

154 4042 372 4120 Χριστῷ
405 4067 496 4112 τις
536 4051 836 4120 προσήκειν
859 4049 1024 4104 οἴοιτο
1046 4047 1114 4101 τὰ
1140 4047 1408 4118 λεγόμενα
1430 4063 1443 4075 ·
1484 4046 1604 4099 οὐδὲ
1633 4046 1740 4117 γὰρ

150 4139 252 4192 υἱοὶ
271 4141 368 4193 τοῦ
398 4142 544 4194 Λευὶ
576 4141 724 4211 μόνοι
745 4140 836 4194 τὸν
856 4140 1139 4211 καθαρμὸν
1169 4139 1415 4206 ἐδέξαντο
1435 4139 1577 4203 τότε,
1603 4139 1739 4194 ἀλλὰ

149 4228 347 4293 πάντες
382 4231 674 4302 ἄνθρωποι
692 4248 707 4263 ’
745 4227 939 4302 οἷσπερ
965 4228 1060 4283 οὖν
1087 4229 1429 4301 ἁρμόττουσα
1459 4227 1606 4300 ἡτοῦ
1639 4246 1743 4298 μα-

145 4324 339 4394 καρίου
376 4323 609 4379 Παύλου
640 4325 821 4396 φωνὴ,
870 4341 889 4376 ι
943 4322 1321 4393 Ἐκκαθάρατε
1363 4321 1462 4392 τὴν
1501 4319 1741 4375 παλαιὰν

145 4415 346 4488 ζύμην,
379 4419 478 4472 ἵνα
508 4414 611 4489 ἦτε
651 4417 770 4470 νέον
801 4417 1051 4489 φύραμα,
1085 4416 1263 4481 καθὼς
1316 4415 1437 4469 ἐστὲ
1466 4415 1685 4485 ἄζυμοι.
1717 4433 1736 4467 ι

155 4508 297 4562 Ἀλλ’
323 4510 460 4564 οὐδὲ
493 4512 530 4581 ἡ
573 4509 742 4563 Ἰούδα
771 4509 930 4562 θυσία
960 4509 1019 4561 ὲν
1061 4505 1414 4579 Ἰερουσαλὴμ
1436 4504 1598 4574 δεκτὴ
1624 4503 1744 4557 τότε

141 4601 334 4670 γέγονε
387 4603 476 4674 τῷ
533 4602 693 4672 Θεῷ·
748 4601 1054 4655 τούναντίον
1119 4599 1218 4669 μὲν
1273 4595 1366 4652 οὖν
1412 4598 1745 4668 πεπαυμένη

135 4694 364 4766 ἀπάσης
413 4695 663 4765 νομικῆς
707 4693 895 4757 θυσίας
946 4693 1006 4745 ὲν
1045 4692 1399 4762 Ἰερουσαλὴμ
1431 4692 1743 4763 γινομένης,

135 4785 211 4854 (p.
238 4785 374 4856 563)
441 4784 557 4839 ἆτε,
601 4783 695 4836 καὶ
741 4779 1284 4850 συγκαταλελυμένης
1324 4783 1392 4850 τῇ
1437 4779 1532 4832 τοῦ
1578 4778 1744 4832 τόπου

133 4879 572 4949 παρατηρήσει,
606 4875 889 4946 ἀνεδείχθη
926 4875 1087 4930 θυσία
1115 4873 1424 4946 ἀπόρρητος
1448 4891 1505 4926 τε
1534 4873 1628 4925 καὶ
1659 4872 1745 4924 λο-

132 4969 266 5041 γικὴ
319 4970 477 5040 (7i),
534 4968 603 5038 ἣν
645 4967 740 5020 ἐπὶ
788 4965 1116 5038 μνημοσύνῳ
1168 4964 1263 5017 τοῦ
1307 4981 1366 5017 τε
1412 4963 1615 5024 πάθους
1646 4959 1740 5013 τοῦ

200 5160 248 5191 ’⁸
279 5157 462 5215 Joan.
501 5173 548 5223 ι,
570 5156 661 5213 29.
743 5156 788 5188 "
817 5155 840 5209 1
867 5155 998 5210 Cor.
1041 5171 1094 5221 ν,
1132 5150 1183 5206 7.
1261 5154 1305 5183 θ’
1336 5151 1494 5207 Joan.
1516 5167 1589 5214 Iv,
1617 5150 1706 5204 21.

201 5325 322 5395 (70)
367 5322 619 5395 {tectius
657 5319 880 5395 omnino
924 5319 976 5395 in
1018 5315 1425 5395 commentariis
1473 5312 1738 5395 Hieronvo

127 5383 256 5464 mus
284 5383 315 5458 ,’
358 5393 626 5464 Cyrillus
661 5406 725 5446 ac
756 5389 1134 5464 Theodoretus
1154 5386 1445 5464 bialachia:
1476 5385 1641 5464 verba
1676 5383 1744 5464 de

122 5455 368 5522 Joannis
415 5455 671 5516 'tantum
711 5459 1096 5530 praedicatione
1146 5457 1462 5530 Christique
1509 5455 1744 5530 adventu

123 5537 448 5606 explicant.
483 5532 691 5606 Noster
712 5526 897 5586 autem
931 5545 1082 5606 more
1110 5543 1210 5583 suo
1241 5542 1356 5582 rem
1386 5527 1535 5606 illam
1567 5526 1747 5606 potius

124 5596 250 5661 κατ’
287 5605 572 5662 ἔκϐασιν.
616 5603 670 5657 id
703 5611 790 5658 est
834 5601 1121 5655 secundum
1161 5608 1396 5652 eventum
1437 5596 1746 5666 pleniorem,

122 5679 347 5732 mavult
375 5673 726 5743 intelligere,
755 5684 809 5728 et
825 5672 951 5725 huic
972 5685 1189 5739 quoque
1221 5672 1339 5724 loco
1370 5667 1752 5743 Macchabaica

123 5756 393 5818 tempora
434 5737 763 5814 importune
797 5737 1174 5795 admisecre’et
1206 5738 1620 5818 accommodare
1660 5737 1742 5790 ni-

124 5807 283 5875 titur.
326 5816 507 5877 Notae
534 5807 832 5883 'propterea
873 5820 998 5867 sunt
1046 5818 1235 5864 contra
1274 5807 1740 5879 Mopsuestenum,

1841 1852 1906 1903 Et
1937 1858 2100 1904 erunt
2134 1848 2364 1905 Domino
2397 1849 2732 1905 adducentes
2750 1850 3083 1905 sacriﬁcium
3108 1853 3162 1904 in
3185 1852 3416 1919 iustitia.

1841 1940 1907 1995 Et
1935 1942 2169 2010 placebit
2194 1940 2426 1996 Domino
2451 1941 2784 1997 sacriﬁcium
2814 1940 2968 1996 Judze
2995 1942 3049 1996 in
3079 1941 3416 1998 Hierusalem

1842 2032 1984 2085 sicut
2016 2031 2133 2087 dies
2165 2031 2350 2088 saeculi
2383 2039 2436 2085 et
2467 2031 2611 2086 sicut
2644 2032 2772 2086 anni
2808 2031 3045 2102 pristini.
3073 2053 3090 2083 ι
3131 2031 3422 2088 νενιιιιιιοε

1841 2136 1964 2176 men
1992 2121 2199 2191 aliquid
2231 2121 2388 2177 vobis
2412 2122 2769 2176 emolumenti
2791 2124 3069 2193 continget
3092 2139 3158 2178 ex
3184 2125 3421 2193 impacta

1842 2228 2023 2283 paena.
2053 2212 2299 2284 Namque
2329 2213 2471 2284 ignis
2495 2213 2671 2268 instar
2701 2213 2756 2268 in
2787 2214 3111 2269 conﬁatorio
3134 2223 3420 2285 argentum

1842 2306 2124 2374 purgantis
2156 2313 2211 2360 ct
2240 2306 2555 2366 aurum,vel
2590 2304 2774 2360 herba:
2806 2306 2970 2360 etiam
3002 2321 3123 2375 qua:
3152 2305 3418 2361 fullonum

1842 2411 2006 2466 opera
2053 2404 2262 2452 vestem
2296 2395 2590 2460 smundat,
2641 2397 3052 2452 calamitatibus
3101 2405 3232 2452 tunc
3265 2398 3422 2453 vobis

1843 2487 2065 2544 inﬂictis
2091 2488 2345 2559 purgabit
2362 2486 2506 2544 Deus
2526 2489 2650 2543 illos
2672 2488 2763 2559 qui
2784 2489 3148 2544 sacerdotium
3175 2488 3422 2560 improbe

1842 2589 2077 2635 tractare
2099 2579 2339 2634 audent:
2375 2587 2436 2633 ut
2462 2578 2517 2632 hi
2549 2578 2997 2637 incumbentibus
3032 2580 3192 2636 malis
3225 2595 3420 2636 emun—

1841 2671 1982 2732 dati.
2022 2670 2131 2726 Deo
2166 2669 2419 2741 posthinc
2448 2671 2678 2726 oﬁ'erant
2706 2670 3009 2734 sacriﬁcia,
3055 2680 3220 2740 prout
3253 2670 3419 2726 Deum

1841 2763 2006 2834 382
2027 2763 2183 2818 decet
2207 2760 2434 2832 iustitia:
2461 2760 2757 2824 vindicem,
2788 2761 2878 2815 cui
2910 2770 3066 2816 certe
3093 2761 3266 2816 multo
3294 2775 3418 2815 cum

1842 2857 2040 2912 timore
2071 2870 2291 2914 sacrum
2323 2854 2693 2911 ministerium
2727 2854 3144 2925 persolvendum
3183 2862 3290 2913 est.
3319 2867 3419 2906 ceu

1841 2947 2045 3002 valenti
2101 2955 2502 3017 contemptores
2535 2959 2668 3000 suos
2695 2945 2909 3016 punire.
2939 2944 3094 3000 Tunc
3123 2943 3318 3008 Judaei,
3336 2944 3420 2997 in-

1842 3039 1981 3109 quit.
2007 3039 2062 3093 in
2093 3038 2286 3095 urbem
2305 3037 2648 3095 Hierusalem
2679 3046 2834 3110 grata
2866 3039 2976 3094 Deo
3018 3036 3292 3092 adducent
3332 3052 3422 3090 sa-

1841 3130 2069 3195 criﬁcia,
2100 3130 2406 3200 superioris
2431 3131 2607 3186 atatis
2636 3145 2806 3194 more.
2847 3130 2904 3184 in
2935 3143 3044 3200 qua
3072 3129 3284 3198 aiustis
3327 3141 3424 3196 per

1842 3227 2084 3290 tempora
2112 3221 2527 3289 exsistentibus,
2567 3222 2700 3278 recti
2733 3218 2895 3277 ol'ﬁcii
2926 3220 3212 3284 studiosis,
3249 3219 3424 3273 sacri-

1843 3311 1963 3366 ﬁcia
1987 3313 2208 3383 propria
2234 3311 2417 3368 oﬁ‘erri
2441 3312 2741 3383 legitimum
2771 3321 2906 3368 erat.
2927 3309 3064 3364 Nam
3095 3323 3272 3379 neque
3303 3323 3422 3362 ver-

1843 3403 1909 3458 ba
1925 3401 2213 3475 «Purgabit
2246 3403 2388 3463 ﬁlios
2415 3401 2600 3470 Levip
2632 3418 2808 3477 neque
2835 3402 2964 3458 item
2996 3401 3111 3466 illa,
3148 3398 3420 3454 «Placebit

1842 3494 2072 3550 Domino
2119 3495 2453 3550 sacriﬁcium
2501 3493 2655 3550 Judae
2691 3495 2748 3549 in
2793 3492 3186 3557 Hierusalem”
3223 3505 3422 3544 convc-

1842 3590 2057 3644 nienter
2087 3588 2236 3643 dicta
2283 3587 2509 3654 fuerint,
2559 3589 2606 3645 si
2650 3588 2774 3659 quis
2811 3601 2876 3642 ea
2923 3585 3143 3642 Christo
3192 3583 3423 3637 Domino

1843 3679 2386 3752 congruerejudicet.
2409 3679 2596 3751 Neque
2619 3681 2763 3736 enim
2785 3678 2876 3732 ﬁlii
2905 3677 3029 3734 Levi
3049 3677 3423 3730 tantummodo

1845 3779 1976 3826 tunc
2003 3773 2382 3842 purgationem
2410 3770 2624 3841 experti
2671 3778 2836 3835 sunt,
2876 3767 2970 3822 sed
3015 3782 3204 3821 omnes
3246 3765 3421 3817 homi-

1843 3878 1978 3918 nes:
2012 3863 2212 3933 quibus
2249 3861 2457 3917 idcirco
2498 3862 2752 3930 congruit
2796 3860 2940 3914 beati
2975 3858 3126 3912 Pauli
3178 3857 3416 3910 locutio:

1848 3975 1866 4006 ι
1897 3954 2194 4027 Expurgatc
2226 3963 2378 4010 vetus
2399 3954 2739 4014 fermentum,
2766 3960 2821 4004 ut
2851 3949 2967 4004 sitis
2995 3962 3128 4001 nova
3158 3964 3422 4017 consper-

1845 4046 1959 4111 sio,
1989 4047 2135 4102 sicut
2166 4045 2301 4101 estis
2330 4041 2576 4116 azymi".
2617 4059 2635 4094 ι
2688 4040 2795 4096 Sed
2825 4055 2999 4109 neque
3027 4036 3181 4093 Judrc
3208 4037 3421 4093 sacriﬁ-

1845 4139 1991 4194 cium
2021 4138 2077 4205 in
2093 4137 2230 4194 urbe
2244 4128 2583 4193 Hierusalem
2615 4143 2747 4188 tttnc
2774 4132 3108 4202 acceptabilc
3140 4129 3250 4185 Deo
3283 4129 3418 4182 fuit:

1846 4233 1955 4287 imo
1984 4241 2193 4296 contra,
2239 4237 2488 4285 cessante
2524 4227 2672 4283 omni
2719 4224 3018 4283 secundum
3065 4225 3234 4293 legem
3278 4221 3422 4290 apud

1845 4320 2184 4377 Hierusalem
2229 4319 2522 4382 sacriﬁcio,
2553 4318 2682 4388 quia
2720 4315 2882 4371 simul
2912 4328 3037 4370 cum
3069 4314 3174 4367 loci
3208 4325 3424 4382 posses-

1847 4413 2001 4466 sione
2029 4410 2246 4472 dcsivit,
2267 4409 2478 4466 exstitit
2503 4408 2751 4478 posthinc
2777 4404 3104 4461 sacriﬁcium
3121 4402 3421 4457 inauditum

1847 4510 2013 4572 atque
2035 4501 2320 4564 rationale,
2345 4500 2488 4570 quod
2510 4500 2580 4554 ob
2608 4498 2921 4553 memoriam
2951 4492 3222 4565 passionis
3247 4491 3427 4546 Domi-

1849 4591 1989 4646 nica:
2025 4605 2089 4644 ac
2129 4591 2576 4652 resurrectionis,
2620 4605 2727 4643 non
2777 4589 2833 4642 in
2886 4587 3021 4641 urbe
3059 4583 3420 4642 Hierusalem.

1849 4681 1946 4736 sed
1980 4681 2182 4751 ubique
2210 4690 2478 4735 terrarum
2522 4686 2792 4749 quolquot
2840 4676 3176 4732 credidimus
3218 4675 3424 4746 pariter

1849 4773 2520 4829 oﬁcrimtts.t(lredcenim
2539 4772 2691 4836 mihi,
2745 4771 2944 4840 inquit,
3009 4768 3422 4838 omulier,quia

1849 4869 1996 4923 venit
2027 4869 2179 4933 hora,
2200 4865 2420 4938 quando
2442 4881 2616 4936 neque
2642 4861 3030 4935 Hierosolymis
3062 4877 3239 4932 neque
3265 4861 3318 4915 in
3341 4861 3424 4914 lo-

1849 4976 1916 5015 co
1943 4961 2050 5015 isto
2073 4959 2368 5016 adoraliitis
2389 4959 2603 5014 Patrem
2619 4957 2686 5011 ’⁷.
2702 4956 2934 5027 iReique
2949 4971 3172 5012 causam
3193 4954 3420 5009 dicens:

1854 5310 2010 5382 quasi
2059 5309 2429 5380 ὶουδαιόφρονα
2456 5345 2469 5370 .
2511 5315 2757 5382 veterum
2807 5300 3239 5382 criminationes.
3281 5300 3424 5382 Δςίιιπι

1848 5371 2486 5452 ᾐτεᾱίοοῑοτιιηιὶὶιιιειη,
2507 5377 2846 5452 aliorumque
2868 5373 3090 5452 Patrum
3113 5371 3424 5452 Christiana

1849 5444 2024 5520 inagis
2079 5450 2364 5520 prmsentis
2418 5449 2522 5502 loci
2586 5444 3036 5515 interpretatione
3098 5445 3422 5499 recentiores

1850 5524 2013 5578 etiam
2046 5522 2221 5575 critici
2255 5535 2364 5572 uno
2398 5535 2493 5573 ore
2525 5523 2849 5572 consonant.
3155 5528 3160 5532 τ

1927 5594 2039 5655 (Η)
2083 5591 2362 5644 Rationale
2403 5590 2750 5656 sacriﬁcium,
2797 5584 2847 5638 id
2881 5591 2997 5646 est,
3037 5581 3237 5659 absque
3262 5587 3433 5659 matv-

1857 5651 1973 5717 riali
2009 5651 2246 5731 victima.
2289 5660 2486 5714 Confer
2517 5651 2696 5731 tamen
2735 5651 3434 5731 quaesitosnadnotavimtts

1851 5741 1889 5786 t.
1925 5733 2012 5797 Vl,
2063 5733 2128 5785 ad
2171 5730 2442 5784 Theodori
2470 5721 2800 5782 Andidensis
2854 5723 2929 5778 De
2964 5721 3067 5779 SS.
3132 5722 3287 5775 missa
3321 5729 3431 5772 tra-

1851 5815 2073 5870 ctatum,
2106 5818 2157 5873 p.
2193 5801 2314 5857 558.
