3904 6522
443 339 544 396 623

1599 348 1960 415 ἸἪΕΟΒΟΠΙ
1998 357 2031 413 Μ

2142 355 2479 415 sussrsm
2701 353 2705 356 ·
2793 357 2798 364 ’
3609 335 3706 391 (ξεί

443 485 460 515 ι
483 463 745 536 Spiritus,
762 485 778 518 ι
803 466 1027 537 inquit,t
1051 466 1195 522 Deus
1209 468 1315 529 est,
1335 473 1388 523 et
1405 482 1500 524 eos
1517 469 1609 538 qui
1631 470 1860 524 adorant
1877 485 2026 531 eum,

2139 471 2449 525 δεσποτικοῦ
2475 472 2568 525 καὶ
2598 471 2690 543 τῆς
2724 469 2932 544 ἐκεῖθεν
2965 469 3335 535 ἀναστάσεως,
3370 471 3471 526 οὐκ
3519 472 3580 524 ὲν
3619 467 3713 525 Ἰε·

429 555 495 609 in
536 555 734 626 spiritu
775 569 839 609 ac
881 556 1109 618 veritate
1153 563 1371 626 oportet
1419 556 1682 614 adorare:
1714 575 1840 613 nam
1872 559 2032 614 Pater

435 648 577 702 tales
605 649 801 718 quierit
833 647 929 718 qui
962 646 1192 703 adorent
1218 650 1440 704 eum“:
1473 669 1491 702 ι
1520 652 1807 707 manifeste
1842 661 2029 707 osten-

436 741 593 807 dens,
629 757 689 797 se
723 741 844 796 illos
877 741 1099 810 quidem
1130 742 1476 812 repudiasse,
1505 745 1599 814 qui
1637 744 1782 798 intra
1830 743 2028 798 Hieru-

437 835 605 888 salem
625 831 1012 888 acSunariam
1055 831 1149 889 Dei
1181 835 1557 890 adorationem
1594 835 2024 892 circumscribe-

438 925 597 991 bant;
621 925 837 995 plurimi
860 933 1045 980 autem
1078 925 1260 982 facere
1275 927 1378 981 hos
1427 929 1676 982 veritatis
1714 937 2022 995 amatores,

433 1019 531 1087 qui
579 1017 790 1087 ubique
836 1027 1104 1072 terrarum
1145 1017 1372 1088 perinde
1420 1017 1660 1072 oﬂ‘erunt
1696 1017 2023 1074 sacriﬁcium

434 1110 672 1163 creatori
693 1110 947 1165 mitium
980 1110 1092 1166 Deo
1123 1111 1322 1180 ubique
1347 1113 1553 1179 pariter
1580 1112 1856 1180 prtesenti.

2138 562 2435 634 ρουσαλὴμ,
2463 562 2598 616 ἀλλά
2623 563 2899 632 πανταχοῦ
2929 563 3034 634 γῆς
3061 566 3110 617 oi
3141 565 3570 627 πεπιστευκότες
3599 566 3714 616 ἑπι-

2129 653 2389 723 τελοῦμεν
2409 653 2628 724 ὁμοίως
2654 673 2672 705 ι
2701 652 2932 706 Πίστευε
2961 655 3070 726 γάρ
3101 672 3210 726 μοι,
3236 673 3259 706 ι
3281 657 3467 728 φησιν,
3498 674 3516 707 ι
3537 653 3715 724 γύναι,

2127 746 2208 798 ὅτι
2238 743 2458 817 ἔρχεται
2485 746 2604 817 ὥρα
2626 746 2714 800 ὅτε
2743 744 2867 799 οὕτε
2891 748 2947 800 ὲν
2983 747 3246 816 Ἰεροσολύ
3256 765 3376 819 μοις
3400 747 3526 802 οὔτε
3564 750 3620 800 ἐν
3640 749 3716 818 τῷ

2127 834 2275 905 τόπῳ
2302 833 2478 906 τούτῳ
2511 837 2922 906 προσκυνήσετε
2951 833 3028 908 τῷ
3066 837 3275 911 Πατρίο
3307 849 3326 890 i
3374 839 3470 892 καὶ
3506 839 3608 910 τὴν
3635 842 3712 893 αἰ-

2125 928 2246 981 τίαν
2272 926 2468 995 λέγων,
2514 945 2533 978 ι
2571 928 2796 999 Πνεῦμα
2821 931 2849 982 ό
2874 925 3027 993 Θεὸς,
3054 930 3149 982 καὶ
3175 932 3302 994 τοὺς
3341 931 3714 1002 προσκυνοῦν-

2133 1036 2230 1082 τας
2261 1020 2448 1083 αὑτὸν,
2474 1020 2531 1078 ὲν
2561 1020 2832 1092 πνεύματι
2865 1021 2960 1073 καὶ
2987 1021 3216 1094 ἀληθείᾳ
3247 1022 3327 1075 δεῖ
3352 1027 3711 1094 προσκυνεῖν·

2133 1112 2226 1164 καὶ
2249 1110 2357 1181 γὰρ
2377 1113 2405 1163 ὁ
2429 1111 2620 1182 Πατὴρ
2645 1112 2922 1176 τοιούτους
2944 1111 3097 1183 ζητεῖ
3116 1117 3242 1176 τοὺς
3267 1115 3716 1183 προσκυνοῦντας

435 1205 630 1258 αὐτόν·
663 1224 681 1258 ι
718 1206 903 1277 σαφῶς
938 1207 1148 1269 δεικνὺς
1177 1207 1258 1260 ὅτι
1289 1207 1529 1271 ἐκείνους
1562 1207 1658 1277 μὲν
1711 1206 2094 1276 ἀπεπέμψατο,
2129 1207 2255 1270 τοὺς
2280 1208 2346 1277 τῇ
2419 1205 2774 1278 Ἰερουσαλὴμ
2840 1208 2934 1260 καὶ
2992 1210 3057 1278 τῇ
3123 1208 3408 1279 Σαμαρείᾳ
3451 1209 3717 1279 περιγρά-

435 1319 636 1370 φοντας
668 1303 768 1373 τὴν
814 1300 1180 1374 προσκύνησιν
1226 1302 1326 1372 τὴν
1361 1302 1544 1358 -θείαν,
1601 1301 1728 1370 περὶ
1775 1300 1965 1352 πολλοῦ
2032 1301 2088 1352 δὲ
2137 1302 2368 1352 ποιεῖται
2423 1299 2647 1362 τούτους
2705 1300 2832 1362 τοὺς
2889 1299 3125 1368 ἐραστὰς
3174 1299 3273 1370 τὴς
3320 1299 3602 1370 ἀληθείας,
3669 1299 3716 1351 οἳ

441 1392 715 1463 πανταχοῦ
744 1393 846 1462 γῆς
867 1393 1064 1463 ὁμοίως
1096 1393 1428 1461 προσάγουσι
1453 1393 1549 1462 τὴν
1581 1393 1768 1446 θυσίαν
1791 1391 1868 1460 τῷ
1892 1391 2000 1443 τῶν
2023 1390 2278 1444 ἁπάντων
2305 1393 2504 1462 ποιητῇ
2551 1387 2691 1461 Θεῷ,
2719 1391 2814 1443 καὶ
2837 1389 3111 1462 πανταχοῦ
3141 1407 3204 1458 γε
3229 1391 3463 1462 παρόντι
3494 1392 3714 1461 ὁμοίως.

512 1483 896 1538 Verumtamen
942 1483 1330 1538 convenienter
1388 1483 1502 1537 lucc
1559 1481 2024 1536 Macchabaeorum

438 1576 674 1646 tempori
706 1575 850 1630 dicta
881 1575 1129 1640 fuerunt;
1163 1589 1273 1644 quo
1303 1589 1428 1627 cum
1471 1574 1634 1644 383
1682 1575 1912 1643 plurima
1941 1571 2028 1628 es-

443 1678 564 1724 sent
592 1677 704 1722 tum
733 1683 924 1723 eorum
970 1667 1063 1738 qui
1114 1665 1424 1722 sacerdotio
1469 1667 1620 1736 fungi
1664 1666 2024 1732 videbantur,

440 1773 558 1816 tum
586 1763 750 1817 etiam
779 1761 962 1832 papuli
1003 1769 1263 1832 peccata,
1316 1760 1520 1829 objecit
1562 1775 1659 1815 eos
1697 1759 1839 1815 Deus
1883 1759 2024 1813 b‘éllo

445 1853 809 1908 Macedonicae
842 1852 1233 1918 successionis,
1266 1867 1296 1904 a
1323 1853 1526 1922 quibus
1562 1851 1812 1919 plurimis
1848 1850 2026 1919 impli-

442 1948 536 2001 citi
581 1946 798 2001 fueru’nt
834 1947 1114 2001 aerumnis.
1152 1944 1258 2000 Sed
1288 1944 1426 1998 Juda
1458 1944 1760 1998 Maccaban
1803 1943 2024 1998 tutelam

442 2041 642 2094 divinae
668 2039 808 2109 legis
843 2049 1096 2110 gerente,
1145 2038 1460 2106 bellumque
1513 2051 1611 2106 pro
1655 2051 1718 2089 ea
1765 2037 2027 2090 adversus

443 2131 820 2186 Macedonicos
867 2144 1023 2200 reges
1072 2128 1437 2198 suscipiente,
1499 2129 1668 2181 multa
1730 2128 1783 2180 in
1832 2126 2027 2181 melius

425 2222 732 2281 conversio
751 2222 1022 2276 universae
1049 2221 1226 2291 gentis
1260 2219 1403 2275 facta
1428 2227 1541 2275 est.
1574 2218 1707 2273 Nam
1742 2219 1832 2274 Dei
1875 2219 2028 2272 auxi-

443 2313 575 2366 lium
632 2313 775 2367 nacti
823 2309 1168 2371 Macchabaei,
1196 2321 1250 2366 et
1288 2327 1446 2381 reges
1492 2311 1934 2373 debellaverunt,
1975 2319 2028 2365 et

446 2404 709 2465 improbis
739 2403 954 2458 illorum
989 2405 1255 2460 ministris
1285 2404 1522 2474 punitis,
1567 2401 1747 2458 ordini
1795 2418 1857 2457 ac
1903 2416 2027 2472 pro-

447 2497 696 2566 s'peritati
728 2505 942 2567 gentem
969 2504 1137 2551 totam
1159 2498 1556 2552 restituerunt:
1587 2496 1661 2549 ita
1689 2502 1813 2550 utet
1833 2495 2028 2549 divinze

446 2590 594 2660 leges
626 2589 766 2658 apud
794 2605 912 2643 eam
959 2589 1345 2660 prtevalerent,
1388 2599 1441 2644 et
1486 2589 1665 2643 omnis
1715 2598 1871 2642 antea
1922 2587 2029 2642 late

447 2697 706 2752 grassans
741 2681 1003 2753 iniquitas
1033 2684 1426 2754 expelleretur:
1474 2681 1842 2738 sacerdotium
1875 2679 2027 2734 deni-

448 2789 554 2844 que
600 2783 653 2829 ct
708 2790 868 2829 omne
907 2775 1070 2845 hujus
1111 2777 1390 2846 proprium
1429 2777 1796 2830 ministerium
1842 2773 2028 2828 debito

448 2867 556 2919 ritu
580 2869 928 2920 tractaretur.
958 2867 1110 2932 Quod
1134 2866 1262 2922 item
1283 2868 1478 2922 beatus
1503 2864 1801 2919 Zacharias
1833 2864 1887 2917 in
1913 2863 2028 2918 suis

449 2957 773 3028 signiﬁcavit
803 2961 1170 3014 sermonibus.
1212 2957 1326 3013 lloc
1359 2961 1543 3029 itaque
1569 2972 1716 3012 nunc
1743 2958 1908 3012 etiam
1941 2955 2028 3010 di-

449 3049 558 3113 cit,
603 3065 801 3120 nempe
844 3050 1114 3116 Quoniam
1141 3051 1408 3120 judicium
1447 3050 1768 3121 postulatis,
1818 3055 2030 3117 tempus

451 3136 626 3198 aderit
656 3158 779 3197 cum
818 3153 998 3199 vestra
1028 3151 1249 3214 peccata
1297 3140 1542 3214 puniam,
1573 3160 1783 3215 vosque
1815 3126 2004 3196 niode-
2047 3160 2088 3217 ρ

453 3235 650 3288 stiores
681 3235 821 3288 mala
844 3234 1135 3304 inﬂigendo
1162 3235 1413 3299 eliieiam,
1437 3245 1490 3289 et
1517 3235 1676 3304 quasi
1707 3231 2028 3288 conﬂatorio

453 3327 482 3379 a
508 3327 753 3398 pristinis
778 3329 1018 3398 peccatis
1049 3343 1308 3398 purgans,
1341 3328 1670 3398 comparabo
1701 3341 1798 3382 vos
1825 3327 1891 3380 ad
1913 3340 2031 3380 om-

454 3419 604 3473 nium
654 3418 765 3474 Deo
813 3427 1090 3490 gratorum
1143 3417 1446 3474 ciliciorum
1494 3418 1926 3480 observantiam,
1977 3427 2050 3472 ct'

454 3507 674 3578 quidem
706 3508 868 3562 etiam
909 3509 972 3562 ad
1009 3509 1209 3579 placita
1260 3507 1370 3563 Deo
1413 3509 1683 3563 sacriﬁcia
1730 3507 2028 3563 offerenda.

455 3599 666 3666 Quibus
698 3601 1060 3666 subnectens,
1107 3604 1368 3672 quoniam
1400 3601 1704 3672 inlligenda:
1752 3602 1820 3657 iis
1858 3615 2033 3671 poenae

455 3694 743 3749 utilitatem
770 3701 1106 3758 narraverat,
1129 3695 1510 3764 perl’ectiorem
1537 3710 1597 3749 se
1623 3693 1690 3750 iis
1711 3701 2033 3748 curaturum

454 3785 916 3850 emendationem,
943 3786 1010 3840 ita
1042 3786 1172 3841 dicit
1201 3804 1212 3837 :

2212 1482 2615 1552 ’Λρμοττόντως
2638 1482 2694 1533 δὲ
2716 1481 2887 1534 ταῦτα
2908 1481 2986 1553 τῷ
3012 1481 3152 1535 κατά
3178 1484 3304 1545 τοὺς
3326 1483 3717 1547 Μακκαὸαίους

2132 1573 2343 1644 εἴρηται
2375 1569 2585 1644 καιρῷ,
2620 1573 2708 1625 ὅτε
2742 1571 3000 1643 πλείστης
3028 1573 3194 1644 ὅσης,
3237 1575 3387 1643 παρά
3415 1592 3477 1627 τε
3512 1575 3620 1627 τῶν
3647 1577 3716 1628 ἱε-

2136 1663 2380 1733 ρατεύειν
2406 1663 2726 1728 δοκούντων,
2762 1665 2856 1717 καὶ
2886 1664 3038 1736 παρά
3075 1666 3181 1718 τῶν
3207 1665 3300 1718 τοῦ
3334 1665 3468 1718 λαοῦ
3499 1666 3719 1736 γινομέ-

2131 1772 2229 1826 νης
2265 1755 2366 1824 τῆς
2402 1756 2803 1826 πλημμελείας,
2845 1756 3130 1827 παρέδωκε
3165 1757 3264 1827 μὲν
3294 1757 3496 1821 αὐτοὺς
3529 1758 3557 1809 ό
3590 1757 3718 1821 Θεὸς

2128 1844 2204 1915 τῷ
2235 1846 2454 1917 πολέμῳ
2497 1847 2604 1900 τῶν
2649 1850 2712 1900 ἐκ
2754 1847 2853 1918 τῆς
2897 1848 3276 1919 Μακεδονικῆς
3323 1835 3718 1918 βασιλευόντων

2128 1937 2399 2008 διαδοχῆς,
2429 1939 2517 2008 ὑφ’
2542 1933 2700 2010 ὧνδὴ
2731 1940 3006 2004 πλείστοις
3029 1940 3474 2012 περιεϐλήθησαν
3499 1943 3715 2004 κακοῖς

2129 2028 2233 2082 τῶν
2264 2029 2319 2082 δὲ
2348 2031 2476 2101 περὶ
2506 2031 2597 2084 τὸν
2627 2032 2989 2088 Μακκαϐαῖον
3033 2033 3233 2085 Ἰούδαν
3260 2033 3352 2086 τοῦ
3388 2034 3558 2104 νόμου
3589 2051 3716 2104 προ⁴

2131 2121 2368 2176 στάντων
2421 2121 2514 2176 τοῦ
2565 2122 2745 2187 θείου,
2796 2125 2893 2178 καὶ
2939 2125 3029 2178 τὸν
3083 2126 3222 2197 ὑπὲρ
3271 2125 3454 2179 αὑτοῦ
3487 2127 3716 2195 πόλεμον

2127 2214 2539 2285 ἀναδεξαμένων
2564 2215 2702 2286 πρὸς
2733 2217 2860 2281 τοὺς
2893 2217 3012 2271 τότε
3041 2217 3434 2288 βασιλεύοντας
3461 2221 3573 2272 τῶν
3604 2221 3715 2272 Μα-

2127 2304 2379 2371 κεδόνων,
2409 2306 2573 2378 πολλή
2607 2325 2691 2371 τις
2725 2309 2818 2360 ἐπὶ
2867 2310 2930 2361 τὸ
2978 2313 3226 2381 κρεῖττον
3271 2310 3550 2383 -μεταῦολὴ
3594 2312 3715 2382 περὶ

2130 2397 2273 2451 ἅπαν
2301 2399 2491 2468 γέγονε
2523 2400 2585 2452 τὸ
2623 2400 2789 2465 ’ἔθνος
2818 2418 2833 2432 ι
2881 2404 3244 2474 τετυχηκότες
3280 2405 3391 2475 γάρ
3438 2405 3542 2474 τῆς
3572 2405 3716 2469 θείας

2130 2490 2302 2561 ῥοπῆς
2346 2493 2393 2544 οί
2446 2493 2796 2546 Μακκαϐαῖοι
2841 2494 2970 2558 τούς
3017 2511 3075 2548 τε
3123 2495 3717 2567 βασιλέαςκατηγωνίο

2132 2596 2310 2646 σαντο,
2345 2584 2444 2636 καὶ.
2468 2584 2596 2647 τοὺς
2626 2585 2756 2656 παρ’
2789 2586 2973 2662 αὐτοῖς
3001 2586 3110 2641 τῶν
3147 2585 3438 2659 μοχθηρῶν
3469 2606 3714 2660 τιμωρη-

2132 2673 2374 2743 σάμενοι,
2423 2677 2498 2745 (p.
2527 2676 2652 2747 564)
2708 2678 2767 2729 ὲν
2816 2678 3201 2751 εὐσταθείᾳ
3235 2681 3331 2734 καὶ
3359 2681 3631 2752 εὐκοσμίᾳ
3661 2682 3715 2734 τδ

2131 2764 2283 2830 ἔθνος
2309 2767 2455 2822 ἅπαν
2488 2771 2910 2841 παρεσκεύασαν
2939 2767 3081 2825 ἐἶναι
3107 2786 3122 2800 ·
3177 2772 3318 2827 ὥστε
3354 2773 3450 2826 καὶ
3480 2776 3609 2837 τοὺς
3636 2775 3716 2826 νό-

2134 2876 2264 2929 μους
2283 2862 2411 2924 τοὺς
2435 2862 2612 2926 θείους
2635 2867 2854 2936 κρατεῖν
2882 2868 3009 2936 παρ’
3042 2866 3247 2932 αύτοῖς,
3281 2868 3631 2938 παρανομίαν
3658 2885 3709 2920 τε

2133 2954 2316 3006 πᾶσαν
2348 2954 2406 3020 ἐξ
2440 2955 2618 3010 αὐτῶν
2668 2956 3005 3028 ἀπελαθῆναι
3051 2959 3318 3030 πρότερον
3372 2958 3713 3028 κρατοῦσαν·

2132 3045 2225 3096 καὶ
2249 3044 2312 3116 δὴ
2343 3048 2438 3098 καὶ
2465 3047 2561 3117 τὴν
2599 3049 2898 3121 ἱερωσύνην
2931 3051 3112 3103 πᾶσάν
3140 3067 3199 3102 τε
3225 3051 3326 3120 τὴν
3350 3049 3526 3122 ταύτῃ
3552 3051 3716 3120 καθῆ-

2132 3153 2334 3190 κουσαν
2380 3137 2722 3210 λειτουργίαν
2755 3141 2894 3212 μετὰ
2932 3141 3038 3195 τοῦ
3075 3143 3450 3213 προσήκοντος
3482 3142 3715 3194 ἐκτελεῑο

2138 3229 2302 3285 σθαι·
2354 3232 2492 3304 ὅπερ
2533 3230 2626 3287 οῦν
2656 3235 2750 3287 καὶ
2782 3236 2810 3288 ό
2857 3235 3126 3306 μακάριος
3177 3235 3459 3306 Ζαχαρίας
3501 3237 3565 3288 ὲν
3611 3236 3718 3297 τοῖς

2138 3323 2333 3378 ἑαυτοῦ
2382 3325 2649 3396 δεδήλωκε
2708 3325 2888 3395 λόγοις
2915 3343 2934 3357 ο
2995 3325 3153 3380 τοῦτο
3216 3328 3398 3380 τοίνυν
3445 3327 3718 3381 κάνταῦθά

2144 3434 2330 3488 φησιν,
2386 3419 2470 3471 ὅτι
2561 3417 2776 3490 Ἐπειδὴ
2830 3420 2930 3491 τὴν
2975 3419 3193 3473 δικαίαν
3242 3419 3456 3491 ζητεῖτε
3516 3420 3717 3489 κρίσιν,

2140 3508 2292 3563 ἔσται
2326 3511 2516 3582 καιρὸς
2566 3513 2801 3583 ὁπηνίκα
2842 3512 3233 3584 ’τιμωρήσομαι
3285 3512 3386 3582 μὲν
3436 3512 3592 3581 ὑμῶν
3623 3511 3718 3572 τὰς

2141 3599 2535 3670 πλημμελείας,
2571 3604 3052 3674 σωφρονεστέρους
3076 3603 3132 3656 δὲ
3165 3604 3311 3674 ὑμᾶς
3344 3603 3434 3656 διά
3463 3603 3575 3656 τῶν
3603 3605 3718 3654 ἐπιο

2139 3690 2439 3763 γινομένων
2496 3695 2869 3766 ἐργασάμενος
2927 3695 3156 3760 κακῶν,
3207 3696 3301 3750 καὶ
3366 3696 3560 3766 ὥσπερ
3617 3698 3721 3748 τινὶ

2139 3786 2338 3856 χωνείᾳ
2385 3787 2496 3841 τῶν
2545 3787 2791 3841 παλαιῶν
2827 3788 3162 3859 ’ἐκκαθήρας
3210 3789 3724 3859 πλημμελημάτων,

456 3882 860 3954 παρασκευάσω
886 3882 949 3953 δὴ
991 3882 1206 3937 πάντων
1249 3901 1308 3936 τε
1356 3881 1730 3953 ἐπιμελεῖσθαι
1771 3879 1882 3934 τῶν
1949 3877 2072 3950 Θεῷ
2107 3879 2424 3946 δοκούντων,
2472 3884 2564 3936 καὶ
2594 3883 2658 3955 δὴ
2689 3884 2782 3938 καὶ
2808 3889 2906 3955 την
2969 3886 3077 3937 τῶν
3110 3883 3312 3937 θυσιῶν
3355 3885 3720 3956 προσ-κομιδὴν

455 3974 795 4046 ἀρεσκόντως
839 3975 1107 4028 ποιεῖσθαι
1153 3975 1306 4046 Θεῷο
1361 3970 1441 4039 οἷς
1489 3973 1798 4038 ἀκολούθως
1841 3973 2028 4044 ἐπειδὴ
2069 3973 2168 4043 τῆς
2197 3975 2647 4048 ὲπαχθησομένης
2688 3978 2872 4041 αὐτοῖς
2915 3977 3036 4031 τότε
3098 3978 3374 4051 τιμωρίας
3441 3978 3503 4031 τὸ
3536 3979 3721 4050 κέρδος

457 4067 583 4136 ἔφη,
651 4067 724 4131 ὡς
757 4067 822 4122 ἀν
852 4069 1234 4140 ἐντελεστέραν
1261 4060 1263 4062 ’
1300 4069 1638 4140 προσαγάγοι
1687 4070 1798 4131 τοῖς
1840 4064 2098 4120 ἀκούουσι
2138 4066 2236 4138 τὴν
2265 4066 2570 4139 διόρθωσιν,
2605 4069 2746 4122 οὕτω
2776 4069 2941 4139 φησίν
2961 4086 2974 4098 ·

531 4158 694 4242 Vsus.
730 4160 849 4215 5-7.
878 4193 944 4202 —-
978 4182 996 4213 ι
1039 4161 1106 4216 Ει
1143 4163 1400 4217 accedam
1435 4164 1500 4217 ad
1531 4178 1628 4218 vos
1662 4163 1716 4216 in
1745 4161 1977 4232 judicio.
2013 4179 2030 4211 ι

459 4249 514 4306 id
537 4252 644 4312 est,
669 4248 819 4305 vobis
837 4254 1110 4324 apparebo
1129 4265 1308 4311 vestra
1339 4272 1504 4325 opera
1524 4255 1895 4326 judicaturus.
1928 4273 1946 4303 ‹
1973 4251 2038 4322 Et

461 4361 556 4403 ero
595 4348 750 4404 testis
790 4349 947 4405 velox
983 4367 1148 4420 super
1189 4353 1588 4418 venelicos,.et
1622 4367 1787 4420 super
1821 4351 2036 4404 adnite—

463 4455 583 4506 ras,
623 4441 677 4495 et
717 4458 880 4510 super
913 4441 1165 4512 jurantes
1205 4444 1256 4496 in
1299 4445 1518 4496 nomine
1558 4457 1678 4516 meo
1717 4457 1841 4496 cum
1878 4458 2034 4498 men-

2155 4175 2159 4180 ‘
2215 4162 2364 4232 Στίχ.
2388 4161 2520 4226 ε’-ζ’.
2547 4194 2616 4204 -
2646 4181 2664 4214 ι
2702 4165 2810 4215 Καὶ
2857 4162 3288 4232 προσελεύσομαι
3329 4163 3464 4234 πρὸς
3496 4163 3637 4233 ὑμᾶς
3667 4163 3722 4213 έν

2146 4254 2355 4324 κρίσει·
2394 4273 2412 4305 ι
2453 4254 2572 4307 ἀντὶ
2611 4253 2728 4318 τοῦ,
2766 4253 3040 4324 Φανοῦμαι
3093 4256 3150 4307 ὲν
3189 4256 3316 4325 ὑμῖν
3360 4255 3481 4306 τότε
3526 4254 3722 4324 κρίνων

2143 4347 2256 4408 τοῖς
2290 4347 2420 4418 παρ’
2451 4345 2602 4415 ὑμῶν
2643 4344 3054 4416 πραττομένοις.
3087 4363 3107 4397 ι
3141 4345 3250 4397 Καί¹
3295 4344 3488 4414 ἔσομαι
3518 4345 3721 4414 μάρτυς

2143 4434 2310 4505 ταχὺς
2342 4435 2435 4488 ἐπὶ
2464 4436 2588 4498 τοὺς
2616 4434 2958 4505 φαρμακοὺς,
2990 4434 3084 4486 καὶ
3128 4434 3220 4486 ὲπὶ
3255 4432 3354 4496 τάς
3391 4433 3720 4505 μοιχαλίδας,

470 4530 632 4586 dacio
654 4572 668 4596 ,
704 4542 758 4588 et
791 4550 956 4605 super
988 4534 1301 4589 fraudantcs
1332 4533 1636 4588 mercedem
1673 4535 2031 4604 mercenarii,

2145 4529 2239 4581 καὶ
2268 4528 2362 4579 ἐπὶ
2405 4529 2531 4590 τοὺς
2568 4526 2866 4597 ὀμνύοντας
2896 4525 2974 4596 τῷ
3006 4525 3229 4596 ὀνόματί
3269 4542 3371 4595 μου
3403 4525 3495 4576 ἐπὶ
3517 4522 3721 4591 ψεύδει,

467 4632 521 4686 et
565 4622 856 4678 viduarum
904 4623 1387 4695 oppressores,'et
1433 4620 1803 4695 orplnanbru‘m
1848 4627 2040 4681 verbe-

466 4721 720 4779 ratores,
766 4725 820 4770 et
842 4717 953 4791 ~qui
1001 4726 1322 4786 pervertunt
1371 4719 1639 4788 judicium
1689 4719 1946 4784 adven-a3,
1986 4727 2040 4773 et

467 4805 560 4874 qui
610 4821 696 4860 me
745 4813 852 4862 nOn
906 4809 1136 4874 timent,
1169 4809 1301 4863 dicit
1331 4809 1592 4865 Dominus
1618 4811 1986 4880 omnipotens.
2016 4831 2034 4860 ι

466 4895 568 4967 llis
614 4883 798 4955 verbis
843 4899 1102 4954 nimirum
1147 4902 1390 4958 ostendit
1434 4912 1565 4974 quot
1597 4911 2039 4973 quantarumque

468 4998 808 5061 patratarum
867 4994 1217 5065 iniquitatum
1270 5011 1462 5066 panttS
1509 4993 1688 5050 daturi
1740 4996 1871 5051 Sitit.
1919 4995 2038 5050 Jam

468 5083 799 5141 locutionem
834 5084 1001 5156 384
1048 5086 1248 5144 ιΤθειίε
1272 5088 1450 5145 velox»
1478 5087 1608 5144 dicit
1631 5102 1744 5157 pro,
1795 5086 2038 5143 Celerem

425 5211 436 5264 Ι
468 5190 686 5245 poenam
731 5177 998 5232 adducam
1023 5217 1039 5241 ,
1073 5179 1274 5248 quippe
1296 5181 1397 5249 qui
1430 5189 1611 5234 vestra
1645 5178 1832 5235 omnia
1875 5194 2042 5232 accu-

467 5277 589 5322 rate
611 5268 768 5324 scio:
805 5277 858 5323 et
903 5269 1167 5326 adversus
1204 5272 1428 5326 omnino
1471 5281 1736 5340 cunctos,
1772 5280 2036 5342 quotquot

467 5359 673 5425 libere,
708 5361 916 5416 omisso
964 5362 1160 5418 timore
1206 5379 1364 5429 meo,
1423 5363 1681 5434 nequitiae
1729 5363 2040 5432 adhaerent,

465 5453 611 5508 hanc
643 5467 860 5523 poenam
893 5456 1153 5512 iudicam.
1198 5455 1322 5511 Mox
1350 5457 1537 5512 addit:
1570 5477 1587 5508 ‹
1621 5455 1760 5523 Quia
1805 5469 1907 5526 ego
1933 5453 2043 5508 Do-

469 5545 655 5600 minus
683 5546 828 5604 Deus
860 5558 1058 5614 vester,
1085 5561 1140 5606 et
1170 5566 1280 5606 non
1311 5552 1593 5606 immutor.
1642 5552 1710 5605 Et
1757 5565 1856 5605 vos
1876 5588 1892 5614 ,
1946 5547 2041 5602 lilii

465 5633 640 5691 Iacob
659 5680 674 5694 .
706 5655 816 5695 non
841 5643 1095 5700 receditis
1125 5659 1156 5698 a
1187 5646 1428 5716 peccatis
1457 5653 1674 5716 patrum
1701 5652 2007 5700 vestrorum
2027 5682 2044 5710 ,

542 5811 589 5846 "
609 5811 767 5870 Joan.
795 5831 868 5881 tv,
895 5819 986 5874 25.

2146 4610 2240 4674 καὶ
2286 4620 2382 4672 ἐπὶ
2417 4621 2540 4682 τοὺς
2584 4617 3017 4689 ἀποστεροῦντας
3070 4615 3258 4687 μισθὸν
3302 4614 3590 4686 μισθωτοῦ,
3629 4615 3725 4666 καὶ

2147 4711 2706 4774 καταδυναστεύοντας
2741 4711 2937 4782 χήρας,
2972 4707 3065 4762 καὶ
3111 4706 3524 4771 κονδυλίζοντας
3549 4707 3726 4774 ὀρφα-

2147 4805 2290 4870 νοὺς,
2327 4805 2420 4856 καὶ
2469 4805 2595 4866 τοὺς
2633 4801 2976 4864 ὲκκλίνοντας
3016 4799 3196 4870 κρίσιν
3239 4798 3598 4868 προσηλύτου,
3634 4796 3730 4847 καὶ

2147 4897 2272 4961 τοὺς
2331 4897 2407 4968 μὴ
2463 4895 2826 4966 φοϐουμένους
2881 4911 2978 4966 με,
3016 4894 3090 4962 (p.
3144 4891 3270 4963 565)
3330 4891 3480 4959 λέγει
3525 4891 3731 4957 Κύριος

2146 4981 2561 5061 παντοκράτωρ.
2604 5008 2622 5039 ι
2662 4989 2885 5050 Δεικνὺς
2942 4986 3028 5039 διὰ
3074 4984 3278 5038 τούτων
3328 4985 3472 5055 ὑπὲρ
3515 4982 3732 5035 ὁπόσων

2145 5076 2219 5152 ὧν
2249 5082 2668 5152 διαπράττονται
2700 5080 2821 5132 τότε
2851 5077 3035 5131 κακῶν
3072 5075 3306 5128 δώσουσι
3347 5075 3520 5136 δίκας.
3558 5072 3639 5124 Τὸ
3677 5071 3733 5123 δὲ

2153 5175 2424 5247 (μάρτυς
2479 5174 2667 5242 ταχὺς,
2703 5190 2720 5222 ι
2753 5171 2841 5224 ἵνα
2895 5171 3043 5240 είπῃ,
3104 5165 3316 5231 Ὀξεῖαν
3371 5169 3586 5235 ἐπάγων
3635 5166 3738 5236 τὴν

2123 5268 2436 5338 τιμωρίαν,
2461 5265 2534 5328 ὡς
2560 5265 2625 5318 ἂν
2663 5263 2902 5336 ἀκριϐῶς
2931 5263 2997 5317 τὰ
3029 5261 3148 5320 καθ’
3175 5262 3320 5336 ὑμᾶς
3347 5260 3734 5326 ἐπιστάμενος.

2164 5359 2287 5414 Ἐπὶ
2313 5359 2517 5420 πάντας
2549 5355 2612 5428 δὴ
2640 5355 2880 5420 τούτους,
2912 5353 3095 5424 φησὶν,
3130 5353 3224 5406 καὶ
3262 5350 3515 5413 καθάπαξ
3542 5349 3602 5401 δὲ
3652 5352 3739 5415 ἐᾷ

2152 5451 2396 5512 ἅπαντας
2423 5450 2538 5503 ὅσοι
2559 5445 2653 5500 τοῦ
2675 5445 2841 5515 φόϐου
2861 5443 3297 5515 καταμελοῦντες
3327 5441 3425 5495 τοῦ
3454 5437 3584 5511 ἐμοῦ
3624 5440 3742 5499 τοῖς

2155 5523 2392 5616 χείροσιν
2423 5539 2592 5602 ἀδεῶς
2618 5538 3020 5610 προστετήκασι
3064 5535 3320 5606 τοιαύτην
3353 5531 3530 5598 ἐπάξω
3555 5548 3744 5600 τιμω-

2157 5640 2300 5711 ρίαν.
2407 5632 2542 5694 Εἷτα
2587 5635 2810 5704 ἐπάγειο
2852 5652 2872 5688 ι
2905 5631 3050 5686 Διότι
3100 5628 3214 5701 ἐγὼ
3261 5627 3476 5699 ’Κύριος
3523 5627 3549 5680 ό
3598 5623 3744 5687 Θεὸς
