3904 6524
235 366 321 426 (ιιῦ
847 401 852 404 -
1147 357 1699 424 COMMENTARIUS
1731 357 1796 412 IN
1839 358 2218 416 MALACl-IIE
2259 360 2413 416 CAP.
2449 357 2537 413 ιιι.
3386 339 3494 395 6'21?

247 487 396 559 ὑμῶν.
451 481 539 536 καὶ
590 481 690 533 οὑκ
737 479 1070 549 ἠλλοίωμαι·
1112 480 1204 546 καὶ
1255 479 1412 548 ὑμεῖς
1456 477 1567 528 υἱοὶ
1606 475 1802 544 Ἰακὼϐ

1915 478 2230 533 tleclinastis
2279 494 2307 530 a
2356 473 2614 544 legitimis
2647 473 2828 562 mei‘si.
2854 485 2955 548 nec
2997 484 3060 523 ea
3095 464 3437 522 custodistis.
3473 484 3490 513 ι

245 583 329 634 οὐκ
355 571 602 642 ἀπέχεσθε
627 571 734 625 ἀπὸ
755 571 861 624 τῶν
891 570 1173 640 ἁμαρτιῶν
1203 569 1312 621 τῶν
1342 569 1597 639 πατέρων
1626 567 1800 638 ὑμῶν,

1915 570 2020 640 Ego
2045 613 2058 634 ,
2103 569 2311 638 inquit,
2354 581 2571 635 semper
2612 565 2746 618 mihi
2787 551 3024 633 consto.
3055 568 3109 614 et
3145 557 3494 628 quandonam

243 671 521 739 ἐξεκλίνατε
556 667 763 738 νόμιμά
795 685 916 737 μου,
951 665 1044 718 καὶ
1089 665 1188 729 οὑκ
1229 665 1550 734 ἐφυλάξατε.
1593 685 1611 715 ι
1663 663 1804 732 Ἐγὼ

1915 662 2178 731 patienter
2232 659 2520 715 ferendum
2571 659 2642 713 sit
2693 657 2840 720 scio,
2885 649 2950 708 et"
2980 646 3240 726 p‘itniendi
3292 650 3499 720 pariter

247 765 333 835 μὲν
357 762 455 831 γὰρ
495 759 655 821 αὑτός
715 761 827 828 εἰμι
873 758 1102 810 πάντοτε
1138 755 1381 826 ἐμαυτῷ,
1413 759 1505 810 καὶ
1554 756 1804 823 ἀνεξικα-

1915 763 2126 824 tempus
2158 754 2307 808 novi.
2350 751 2456 808 Vos
2489 765 2622 806 vero
2655 749 2854 805 summi
2889 747 3026 803 estis
3057 745 3362 800 imitatores
3393 757 3490 810 pa-

241 859 343 910 κείν
371 855 450 906 ὅτε
484 852 757 922 προσῆκεν
790 851 963 914 εἰδὼς,
999 851 1092 904 καὶ
1136 850 1406 921 τιμωρίας
1451 851 1640 921 καιρὸν
1687 852 1805 904 ἐπι-

1915 856 2191 902 ternorum
2230 837 2610 916 peccatorum,
2647 859 2800 916 aeque
2831 857 2894 896 ac
2930 840 3005 894 illi
3042 840 3220 910 legunt
3249 848 3494 892 mearum

244 947 516 1016 στάμενος·
551 944 710 1014 ὑμεῖς
741 942 797 996 δὲ
835 942 1082 1014 ἀκριϐεῖς
1120 943 1244 994 ἐστε
1281 943 1514 1014 μιμηταὶ
1551 941 1660 998 τῶν
1699 958 1806 994 πα-

1915 937 2405 1007 prawarieatores,
2445 951 2545 990 nec
2589 936 2655 989 de
2704 947 2893 988 earum
2943 928 3288 985 observantia
3339 925 3493 980 solli-

239 1035 410 1106 τρῴων
436 1033 866 1105 ἁμαρτημάτων,
898 1028 1293 1104 παραπλησίως
1325 1031 1574 1095 ἐκείνοις,
1604 1030 1714 1085 τῶν
1742 1047 1802 1083 τε

1915 1031 2048 1095 citi;
2081 1045 2245 1100 quam
2279 1031 2349 1082 ob
2375 1044 2488 1084 rem
2519 1028 2726 1099 justam
2759 1024 3046 1097 patiemini
3081 1021 3446 1092 punitionem.

239 1131 400 1200 νόμων
447 1123 811 1196 ἐκτραπέντες
882 1123 985 1176 τῶν
1060 1120 1230 1192 ἐμῶν,
1298 1121 1389 1176 καὶ
1435 1123 1532 1192 τῆς
1564 1121 1812 1192 φυλακῆς
1840 1121 2020 1176 αὐτῶν
2069 1123 2255 1177 οὐδένα
2301 1121 2614 1192 ποιούμενοι
2660 1119 2836 1187 λόγον,
2871 1116 3009 1187 ὑπὲρ
3048 1109 3121 1169 ὧν
3162 1114 3226 1183 δὴ
3267 1112 3360 1166 καὶ
3397 1099 3497 1178 τῆν

238 1216 486 1291 τιμωρίαν
513 1213 731 1279 δέξεσθε
761 1213 997 1268 δικαίαν.
1015 1282 1017 1284 η
1194 1227 1196 1229 ’
1483 1287 1487 1291 ι

301 1310 439 1380 Στίχ.
485 1312 620 1378 ἠ’-ι’.
660 1306 1084 1360 -Μεθίσταται
1141 1307 1199 1360 δὲ
1249 1306 1410 1361 πάλιν
1447 1309 1476 1360 ὁ
1522 1307 1805 1378 προφήτης

237 1404 315 1477 ἐφ’
350 1401 537 1471 ἑτέραν
591 1397 985 1468 πλημμέλειαν,
1028 1399 1096 1468 ἢν
1141 1397 1266 1471 περί
1306 1415 1367 1451 τε
1411 1397 1508 1461 τὰς
1553 1397 1807 1468 ἀπαρχὰς

237 1489 600 1564 ἐπλημμέλουν
643 1490 738 1543 καὶ
791 1490 890 1552 τὰς
939 1489 1204 1554 δεκάτας,
1250 1489 1558 1543 ἀποδιδόναι
1606 1488 1808 1552 ταύτας

238 1587 366 1644 κατὰ
397 1585 491 1656 τὴν
519 1584 613 1639 τοῦ
647 1585 812 1654 νόμου
849 1583 1091 1649 διάταξιν
1135 1571 1236 1638 οὑκ
1265 1584 1557 1650 ἐθέλοντες.
1594 1606 1612 1638 ι
1656 1586 1805 1638 Ἐπιο

237 1677 485 1748 στρέψαι-ε
521 1675 657 1747 πρός
688 1692 776 1745 με,
807 1676 900 1740 καὶ
947 1676 1430 1747 ἐπιστραφήσομαι
1477 1675 1613 1747 πρὸς
1643 1676 1806 1746 ὑμᾶς,

235 1769 369 1837 λέγει
412 1767 616 1838 Κύριος
655 1768 1071 1839 παντοκράτωρ.
1116 1787 1134 1816 ι
1166 1765 1408 1821 Νεὺσατε
1449 1769 1505 1821 δὲ
1553 1768 1686 1839 πρός
1719 1785 1806 1838 με,

235 1862 404 1931 φησιν,
442 1860 520 1922 ὡς
565 1859 631 1913 ἂν
670 1859 939 1912 ἀκόλουθα
984 1861 1111 1929 ὑμῖν
1139 1857 1431 1931 ὑπάρξειεν
1472 1861 1563 1913 καὶ
1585 1861 1652 1914 τὰ
1681 1861 1809 1929 παρ’

234 1951 378 2022 ἐμοῦ.
431 1968 448 2000 ι
504 1949 607 2003 Καὶ
662 1949 896 2016 εἴπατε,
974 1951 1062 2003 Ἐν
1131 1951 1233 2003 τίνι
1305 1951 1743 2022 ἐπιστρέψομεν;
1787 1969 1804 2002 ι

231 2045 303 2111 (p.
330 2041 452 2109 566)
509 2041 668 2094 Ἀλλὰ
717 2040 826 2112 γὰρ
851 2039 1047 2105 οἴεσθε,
1085 2042 1238 2112 φησὶ,
1273 2041 1407 2112 μηδὲ
1441 2042 1644 2095 δεῖσθαι
1671 2041 1812 2104 τινος

231 2134 590 2204 ἐπιστροφῆς·
643 2134 813 2196 οὑτως
853 2131 1176 2201 ἀναίσθητον
1209 2133 1329 2186 τινὰ
1388 2133 1481 2186 ἀπ’
1530 2133 1664 2203 ἐμοῦ
1716 2149 1810 2184 πε-

229 2225 443 2295 ποίησθε
491 2226 593 2296 τὴν
651 2225 944 2296 ἐκτροπὴν.
998 2244 1016 2277 ‹
1078 2225 1139 2278 Et
1189 2224 1465 2296 πτερνίζει
1527 2224 1811 2295 ἄνθρωπος

229 2319 384 2381 θεόν;
411 2317 549 2370 διότι
586 2317 744 2388 ὑμεῖς
779 2317 1096 2388 πτερνίζετέ
1130 2335 1236 2388 με;
1276 2337 1292 2369 ι
1333 2317 1441 2369 Καὶ
1466 2316 1666 2379 ταῦτα,
1708 2334 1813 2388 φη-

230 2411 326 2473 σὶν,
361 2410 502 2462 οὕτω
536 2403 809 2480 νομίζετε,
849 2411 1064 2482 ἀπατᾷν
1115 2427 1180 2481 με
1229 2411 1499 2480 οἰόμενοι·
1542 2411 1680 2480 ὅπερ
1719 2405 1811 2463 οὖν

223 2504 516 2572 ἐπιχειρεῖν
550 2502 858 2574 ἀνθρώποις
903 2503 1033 2573 περὶ
1074 2501 1227 2566 Θεὸν,
1257 2502 1356 2572 τῆς
1398 2502 1630 2571 ἐσχάτης
1663 2501 1810 2554 ἐστὶν

225 2594 469 2664 εὐηθείας
520 2593 722 2664 τεκαὶ
779 2593 996 2664 μανίας.
1049 2611 1068 2643 ι
1119 2593 1229 2646 Καὶ
1277 2593 1487 2656 εἴπατε,
1562 2593 1653 2645 Ἐν
1704 2591 1810 2645 τίνι

225 2683 616 2755 ἐπτερνίσαμέν
651 2701 710 2737 σε
735 2701 749 2749 ;
775 2704 792 2735 ι
824 2684 1074 2738 ἀλλὀὑδέ
1104 2684 1262 2738 τοῦτο
1284 2674 1582 2748 ποιοῦντές,
1615 2681 1810 2754 αἴσθη-

224 2792 302 2827 σιν
327 2775 475 2846 ἔχετε
504 2775 606 2845 τῆς
634 2776 864 2840 ἀτοπίας
886 2775 980 2830 τοῦ
1010 2775 1352 2846 γιγνομένου.
1382 2770 1516 2828 Εἶτα
1543 2775 1604 2827 τὸ
1631 2773 1810 2844 ἀμάρ-

222 2885 365 2937 τημα
397 2868 607 2937 λέγων·
643 2886 662 2920 ‹
700 2869 824 2922 Ὅτι
869 2859 938 2922 τά
985 2869 1278 2922 ἐπιδέκατα
1317 2868 1411 2921 καὶ
1461 2868 1516 2920 ai
1561 2867 1809 2938 ἀπαρχαὶ

227 2949 342 3029 μεθ’
373 2958 532 3030 ὑμῶν
558 2960 660 3011 εἰσι
681 2975 696 2990 θ
723 2959 817 3012 καὶ
850 2957 1252 3022 ἀποϐλέποντες
1282 2959 1440 3029 ὑμεῖς
1470 2957 1808 3012 ἀποϐλέπετε
1836 2993 1879 3053 C

221 3051 456 3116 είς-αὑτό
475 3068 491 3082 ο
521 3051 620 3103 καὶ
652 3050 810 3120 ὑμεῖς
837 3051 936 3120 ἐμὲ
964 3049 1295 3121 πτερνίξετε.
1339 3069 1356 3101 ι
1386 3051 1500 3113 Τὰς
1521 3049 1629 3120 γὰρ
1650 3049 1811 3102 δεκα-

221 3143 332 3203 τιὰς
359 3133 452 3195 καὶ
475 3140 580 3212 τὰς
612 3141 867 3212 ἀπαρχὰς
892 3142 952 3195 οὑ
981 3141 1120 3195 κατά
1142 3141 1203 3195 τὸ
1233 3141 1618 3212 νενομισμένον
1643 3158 1810 3211 προσ-

219 3233 372 3302 άγετε
400 3237 517 3299 τοῖς
564 3233 821 3305 ἱερεῦσιν,
852 3234 970 3287 ἀλλ’
1003 3234 1155 3305 ἔχετε
1199 3235 1332 3305 παρ’
1358 3236 1590 3298 ἑαυτοῖς·
1614 3228 1732 3287 εἶτά
1752 3249 1806 3286 τι

221 3327 403 3396 κέρδος
447 3329 664 3396 ἑαυτοῖς
712 3326 961 3381 ἐντεῦθεν
1011 3327 1288 3397 προξενεῖν
1341 3327 1668 3397 νομίζοντες,
1718 3327 1810 3379 καὶ

218 3419 289 3481 ὡς
317 3419 407 3470 ἐπί
432 3435 567 3472 τινα
589 3418 851 3490 μεγίστην
873 3419 1138 3487 ὠφέλειαν
1167 3418 1497 3490 ἀφορῶντες,
1534 3420 1612 3482 εἰς
1637 3417 1812 3474 ταῦτα.

219 3509 277 3580 δὴ
306 3509 338 3562 ἀ
371 3511 502 3580 παρ’
535 3510 694 3580 ὑμῶν
727 3510 1069 3563 ἀποδίδοσθαι
1098 3511 1374 3580 προσῆκον
1398 3506 1486 3582 ἦν,
1519 3509 1677 3564 τοῦτο
1712 3510 1811 3580 μὲν

217 3599 524 3674 εἰλικρινῶς
557 3603 728 3654 ποιεῖν
763 3601 862 3653 οὑκ
891 3599 1104 3653 ἐθέλετε
1125 3618 1139 3630 ο
1175 3599 1420 3672 βραχέων
1448 3600 1504 3654 δέ
1531 3618 1692 3653 τινων
1717 3601 1813 3652 καὶ

217 3691 446 3745 εὐτελῶν
497 3695 860 3762 πωσαγωγῇ,
901 3696 964 3745 τὸ
1001 3692 1230 3763 νόμιμον
1280 3692 1587 3745 ἀποδιδόναι
1639 3707 1812 3762 προσ-

201 3785 490 3838 ποιεῖσθε·
524 3785 667 3856 ὅπερ
704 3779 796 3837 οὖν
835 3784 986 3838 οὐδὲν
1031 3785 1217 3856 ἕτερον
1255 3785 1421 3846 ἐστὶν,
1455 3784 1568 3837 ἀλλ’
1599 3784 1632 3855 ἢ
1673 3785 1813 3837 ἀπα-

216 3875 308 3944 τᾷν
343 3893 410 3945 με
445 3877 820 3943 νομιζόντων·
860 3877 1078 3947 ἀπάτης
1113 3875 1220 3947 γὰρ
1264 3877 1349 3946 εἴη
1391 3876 1456 3930 ἂν
1484 3877 1544 3930 τὸ
1575 3877 1649 3947 μὴ
1684 3875 1814 3928 εἰλι-

215 3967 411 4036 κρινῶς
439 3969 506 4021 τὸ
540 3968 773 4039 νόμιμον
801 3969 960 4039 χρέος
1003 3961 1374 4040 ἀποπληροῦν,
1407 3971 1728 4039 πανουργεῖν
1756 3967 1813 4020 δὲ

215 4057 373 4110 αὐτοῦ
395 4061 535 4131 περὶ
565 4059 660 4130 τὴν
685 4060 1072 4131 ἀποπλήρωσιν
1094 4059 1406 4129 πειρᾶσθαι.
1433 4057 1565 4111 Εἶτα
1593 4060 1808 4128 ἐπάγει·

217 4167 235 4198 ι
275 4149 348 4201 Τὸ
381 4149 506 4213 ἔτος
562 4148 950 4220 συνετελέσθη·
986 4149 1082 4202 καὶ
1133 4149 1488 4220 εἰσηνέγκατε
1533 4151 1709 4203 πάντα
1745 4149 1814 4203 τὰ

213 4240 442 4311 ἐκφόρια
497 4243 586 4306 είς
638 4243 763 4304 τοὺς
821 4241 1145 4314 θησαυροὺς,
1203 4243 1297 4296 καὶ
1351 4243 1383 4312 ὴ
1443 4243 1667 4312 ἁρπαγὴ
1717 4241 1811 4296 τοῦ

1985 1298 2150 1358 Vens.
2189 1301 2344 1356 8-10.
2371 1331 2439 1341 —
2462 1297 2684 1353 Transit
2718 1296 2899 1372 denuo
2936 1291 3201 1364 propheta
3237 1287 3304 1342 ad
3348 1288 3495 1373 aliud

1914 1403 2198 1468 peccatum
2221 1434 2235 1458 ,
2264 1391 2412 1463 quod
2444 1391 2591 1445 circa
2622 1387 2895 1462 primitias
2939 1383 3293 1449 decimasque
3340 1394 3495 1434 com-

1915 1487 2208 1550 miserant,
2268 1481 2518 1538 nolentes
2571 1495 2664 1534 eas
2719 1477 2879 1548 juxta
2935 1474 3073 1544 legis
3128 1470 3494 1550 constitutum

1917 1578 2245 1651 persolvere.
2276 1595 2293 1626 ι
2327 1571 2686 1629 Revertimini
2722 1569 2789 1624 ad
2829 1583 2951 1630 me,
2999 1574 3053 1620 et
3096 1579 3198 1634 ego
3253 1569 3497 1617 revertar

1913 1672 1979 1726 ad
2013 1685 2110 1726 vos
2132 1711 2146 1734 ,
2182 1669 2313 1723 dicit
2357 1665 2621 1720 Dominus
2668 1662 3035 1732 omnipotens.
3067 1677 3084 1708 »
3123 1656 3399 1727 Respicite
3428 1655 3495 1708 ad

1915 1779 2001 1818 me
2026 1804 2039 1827 ,
2075 1761 2286 1831 inquit,
2321 1768 2382 1813 ut
2423 1764 2792 1812 consentanea
2824 1753 2979 1806 vobis
3021 1767 3050 1804 a
3099 1765 3186 1804 me
3219 1748 3492 1804 eveniant.

1919 1874 1936 1906 ι
1967 1854 2032 1909 Et
2063 1855 2282 1910 dixistis
2312 1871 2326 1908 :
2360 1851 2416 1905 ln
2456 1866 2565 1921 quo
2601 1846 2982 1904 revertemur?
3014 1863 3032 1894 ι
3059 1844 3270 1912 Quippe
3306 1837 3498 1895 existi-

1913 1947 2075 2001 matis
2101 1986 2115 2010 ,
2148 1946 2356 2016 inquit,
2393 1943 2543 1997 nulla
2574 1940 2889 1997 reversione
2922 1937 3166 2006 indigere
3194 1953 3207 1988 :
3244 1931 3380 1986 adeo
3411 1931 3498 1984 in-

1914 2049 2194 2094 sensatum
2224 2053 2253 2090 a
2284 2053 2370 2090 me
2396 2035 2703 2090 discessum
2736 2029 2980 2086 fecistis!
3014 2047 3030 2078 ι
3058 2025 3200 2080 Num
3231 2024 3494 2093 supplau-

1913 2132 2049 2185 tabit
2098 2131 2261 2184 homo
2310 2128 2516 2190 Deum,
2559 2126 2686 2195 quia
2721 2127 2835 2178 vos
2867 2118 3268 2193 supplantastis
3300 2115 3434 2170 me?
3468 2135 3485 2166 ι

1912 2222 2069 2289 Quod
2125 2221 2371 2292 profecto
2417 2218 2668 2273 homines
2721 2215 2988 2269 adversus
3037 2210 3207 2266 Deum
3255 2207 3486 2268 audere,

1911 2326 2167 2370 extremae
2201 2311 2448 2367 stultitia:
2484 2308 2822 2378 insaniaeque
2851 2313 2955 2360 est.
2991 2321 3011 2353 ι
3049 2300 3113 2355 Ει
3141 2299 3360 2356 dixistis
3388 2314 3400 2350 :
3437 2296 3491 2350 lu

1911 2423 2021 2480 quo
2053 2405 2526 2477 supplantavimus
2555 2403 2639 2458 te?
2674 2421 2690 2452 ι
2716 2398 2823 2455 Sed
2855 2411 3068 2467 neque,
3099 2394 3230 2448 dum
3263 2391 3336 2444 ita
3369 2403 3494 2460 age-

1910 2501 2078 2566 retis,
2121 2513 2344 2554 sensum
2387 2505 2589 2552 vestrze
2631 2491 2996 2549 absurditatis
3034 2485 3322 2542 habuistis.
3366 2483 3489 2536 Mox

1910 2599 2195 2663 peccatum
2226 2591 2496 2651 recitans,
2530 2588 2605 2641 ait
2633 2606 2646 2640 :
2681 2605 2700 2639 ι
2729 2584 3002 2652 Quoniam
3043 2581 3270 2638 decimze
3309 2577 3497 2648 primi-

1911 2685 2108 2755 tiaeque
2131 2683 2273 2754 apud
2303 2699 2402 2737 vos
2433 2691 2584 2738 sunt.
2620 2681 2684 2734 Et
2709 2694 2807 2735 vos
2835 2675 3194 2748 reSpicientes
3221 2669 3495 2739 respicitis

1910 2778 1967 2833 in
2001 2778 2053 2833 id
2090 2778 2292 2848 ipsum.
2334 2775 2398 2830 Et
2428 2791 2522 2830 vos
2553 2790 2640 2828 me
2670 2769 3090 2843 supplautastis.
3125 2786 3145 2820 ι
3171 2765 3305 2819 Nam
3339 2763 3492 2818 deci-

1913 2886 2032 2927 mas
2064 2879 2230 2941 atque
2262 2869 2537 2939 primitias
2585 2879 2935 2936 nequaquam
2987 2867 3146 2932 prout
3196 2857 3495 2928 legitimum

1911 2973 1998 3020 est
2023 2963 2404 3038 sacerdotibus
2434 2961 2666 3021 offertis,
2699 2957 2796 3014 sed
2821 2955 2923 3026 ipsi
2948 2952 3213 3008 retinetis.
3244 2948 3494 3002 Attamen

1912 3057 2070 3128 quasi
2112 3055 2335 3125 aliquod
2377 3054 2811 3108 emolumentum
2848 3061 3045 3117 capere
3079 3041 3455 3098 existimantes
3479 3079 3492 3096 .

1911 3159 1966 3204 et
2003 3147 2159 3218 quasi
2181 3139 2355 3217 385
2390 3145 2684 3198 maximam
2738 3141 2978 3210 aliquam
3031 3135 3322 3189 utilitatem
3371 3143 3496 3199 spe-

1913 3248 2125 3296 etantes
2146 3279 2161 3304 ,
2196 3254 2391 3309 nempe
2429 3238 2474 3291 si
2507 3235 2656 3306 quod
2683 3248 2822 3303 opus
2854 3239 2939 3285 est
2973 3227 3214 3284 reddatis
3235 3264 3249 3287 ,
3284 3237 3494 3291 nequa-

1912 3349 2074 3404 quam
2109 3329 2320 3402 integre
2357 3330 2410 3385 id
2443 3331 2610 3385 vultis
2647 3328 2871 3392 facere;
2912 3324 3006 3381 sed
3039 3323 3360 3392 exiguorum
3395 3317 3495 3369 ali—

1912 3431 2048 3494 quot
2077 3432 2242 3493 atque
2278 3422 2465 3475 vilium
2509 3420 2818 3483 oblatione,
2863 3415 3010 3486 quod
3055 3411 3358 3483 legitimum
3411 3414 3498 3460 est

1912 3527 2172 3588 praestare
2209 3515 2505 3570 simulatis.
2565 3512 2722 3578 Quod
2779 3525 2912 3566 sane
2972 3507 3108 3560 nihil
3163 3503 3494 3559 aliud'est‘,

1914 3623 2078 3677 quam
2127 3606 2412 3660 hominum
2469 3619 2556 3658 me
2604 3602 2859 3671 decipere
2905 3595 3214 3668 putanlium
3257 3591 3490 3645 facinus.

1913 3698 2046 3753 Nam
2096 3698 2250 3754 fraus
2303 3707 2421 3763 est,
2474 3694 2718 3750 debitum
2769 3692 3073 3763 legitimum
3123 3688 3334 3755 integre
3380 3697 3495 3736 non

1914 3791 2230 3860 persolvere
2254 3829 2268 3854 ,
2302 3787 2398 3844 sed
2446 3786 2720 3840 malitiose
2749 3797 2874 3837 cum
2907 3780 3020 3835 Deo
3048 3780 3196 3833 circa
3231 3777 3372 3829 hanc
3403 3785 3495 3827 so-

1914 3883 2176 3938 lutionem
2228 3896 2288 3936 se
2334 3894 2542 3951 gerere.
2587 3876 2724 3930 Tum
2755 3873 2930 3944 pergit
2975 3871 3200 3926 dicere:
3245 3886 3262 3918 ‹
3302 3866 3496 3919 Annus

1915 3974 2222 4044 completus
2255 3981 2357 4028 est.
2391 3970 2457 4024 Et
2489 3968 2755 4024 intulistis
2785 3979 2980 4019 omnes
3012 3961 3224 4016 fructus
3278 3959 3332 4011 in
3365 3957 3495 4008 bor-

1918 4083 2007 4122 rea
2028 4107 2043 4130 ,
2083 4074 2137 4120 et
2168 4064 2364 4136 rapina
2394 4075 2694 4133 pauperum
2728 4060 2783 4113 in
2815 4056 3071 4112 domibus
3099 4050 3303 4106 vestris
3337 4055 3441 4103 est.
3470 4065 3489 4098 ι

1916 4161 2057 4215 Anni
2091 4167 2244 4214 certe
2274 4157 2452 4212 exitus
2483 4162 2602 4218 est,
2639 4162 2694 4208 et
2740 4150 2867 4206 anni
2915 4146 3302 4204 conversiones
3339 4142 3492 4212 juxta

1919 4267 2095 4307 meam
2127 4249 2530 4304 ordinationem
2554 4246 2838 4316 periodum
2869 4259 3024 4300 suam
3050 4240 3493 4309 compleverunt,

209 4333 426 4404 πτωχοῦ
464 4335 527 4386 ἐν
567 4335 680 4397 τοῖς
712 4335 877 4398 οἴκοις
917 4334 1090 4405 ὑμῶν.
1135 4352 1154 4386 ι
1189 4335 1266 4405 (p.
1305 4333 1427 4405 567)
1463 4335 1536 4387 Τὸ
1574 4335 1670 4406 μὲν
1701 4334 1809 4405 γάρ

1915 4344 2060 4399 unde
2111 4342 2388 4397 fructuum
2443 4337 2732 4393 confectio
2766 4338 2846 4389 lit.
2894 4339 2963 4388 At
3009 4348 3106 4387 vos
3156 4329 3386 4384 maturis
3429 4325 3495 4380 de

207 4423 324 4487 ἔτος
357 4425 563 4495 εἴληφε
614 4425 804 4496 πέρας,
857 4426 951 4479 καὶ
1008 4426 1064 4478 αἱ
1110 4425 1202 4478 τοῦ
1249 4424 1402 4489 ἔτους
1434 4427 1632 4497 τροπαὶ
1668 4425 1810 4479 κατὰ

205 4515 304 4586 τὴν
331 4517 479 4588 ἐμὴν
512 4516 759 4582 διάταξιν
787 4515 886 4588 τὴν
924 4517 1244 4571 ἀκολουθίαν
1284 4517 1678 4589 πεπληρώκασι
1712 4517 1808 4589 τήν

193 4609 415 4662 ὀἰκείαν
438 4627 452 4640 ο
491 4611 593 4682 ἀφ’
631 4604 705 4666 ὧν
746 4614 779 4683 ἠ
817 4610 926 4663 τῶν
971 4613 1199 4684 καρπῶν
1237 4612 1428 4682 γέγονε
1476 4605 1644 4684 φορά·
1693 4608 1810 4666 εἶτα

189 4700 362 4770 ’ὑμεῖς
395 4703 647 4766 ἐντελεῖς
688 4704 814 4768 τοὺς
845 4703 952 4758 ἀπὸ
989 4705 1086 4776 τῆς
1122 4704 1227 4774 γῆς
1274 4706 1628 4775 κομισάμενοι
1675 4721 1812 4776 καρ-

205 4795 361 4859 ποὺς,
395 4793 528 4848 δέον
559 4795 700 4866 ὑπὲρ
729 4795 931 4849 τούτων
964 4797 1218 4850 ἀποτίσαι
1257 4797 1334 4867 τῷ
1376 4796 1496 4866 Θεῴ
1521 4796 1619 4867 τὴν
1649 4797 1814 4866 εὐχα-

202 4886 423 4954 ριστίαν
467 4887 569 4941 διὰ
626 4891 728 4958 τῆς
781 4887 889 4942 τῶν
933 4889 1196 4959 ἀπαρχῶν
1259 4888 1353 4940 καὶ
1395 4887 1504 4940 τῶν
1550 4885 1814 4940 δεκατιῶν

185 4976 612 5052 τῳοσκομιδῆς,
641 4979 799 5035 τοῦτο
832 4982 930 5052 μὲν
980 4982 1040 5034 οὑ
1088 4983 1456 5053 πεποιήκατε·
1513 4981 1723 5051 βραχέα
1757 4980 1813 5034 δέ

196 5090 319 5127 τινα
349 5074 654 5145 μονονουχὶ
685 5075 1082 5146 προσρίψαντες
1113 5077 1223 5137 τοῖς
1265 5074 1521 5145 ἱερεῦσιν,
1567 5076 1647 5136 είς
1687 5074 1812 5135 τοὺς

193 5163 525 5237 θησαυροὺς
577 5165 792 5220 ἅπαντα
834 5167 961 5230 τοὺς
1003 5165 1232 5229 οἰκείους
1272 5166 1659 5236 είσηνέγκατε·
1691 5165 1811 5219 οὑδέ

195 5253 377 5307 ἐκεῖνο
439 5253 822 5326 λογισάμενοι,
866 5251 948 5308 ὅτι
999 5255 1152 5309 οὐδὲν
1203 5255 1458 5308 ἀπέοικεν
1501 5254 1680 5317 τοῦτο,
1714 5255 1808 5308 τοῦ

193 5343 293 5406 τάς
317 5344 436 5398 τῶν
471 5345 732 5416 πενήτων
766 5344 1084 5415 διαρπάζειν
1111 5344 1333 5418 τροφὰς,
1371 5345 1508 5418 ὑπὲρ
1534 5338 1609 5398 ὧν
1633 5344 1804 5400 ταῦτα
1840 5346 2076 5401 δίδοσθαι
2139 5346 2454 5401 κεκέλευται

1913 4437 2106 4491 tellure
2141 4434 2374 4490 sublatis
2411 4431 2714 4493 fructibus,
2767 4443 2891 4482 cum
2922 4442 3023 4497 pro
3055 4425 3139 4478 his
3172 4419 3375 4492 gratias
3411 4434 3492 4471 re-

1913 4529 2059 4584 ferre
2090 4527 2197 4584 Deo
2227 4525 2597 4591 debuissetis,
2652 4519 2924 4593 primitias
2968 4517 3317 4583 decimasque
3369 4507 3491 4563 affe-

1916 4620 2124 4684 rendo,
2163 4617 2297 4671 nihil
2329 4613 2645 4682 hujusmodi
2680 4611 2869 4683 egistis
2899 4627 2912 4675 ;
2951 4607 3044 4664 sed
3101 4607 3300 4675 exigua
3348 4616 3492 4670 qua:-

1915 4713 2042 4767 dam
2098 4708 2483 4765 sacerdotibus
2525 4704 2914 4776 projieientes,
2965 4699 3152 4754 omnia
3199 4697 3254 4750 in
3297 4695 3492 4748 horrea

1918 4807 2099 4854 vestra
2128 4796 2392 4851 intulistis
2419 4813 2430 4849 :
2464 4811 2533 4850 ne
2559 4794 2662 4848 hoc
2688 4791 2907 4864 quidem
2942 4782 3197 4860 putantes
3221 4827 3234 4851 ,
3265 4780 3493 4854 perinde

1901 4889 1968 4944 ‘id
2003 4904 2126 4944 esse
2158 4903 2222 4943 ac
2253 4889 2298 4942 si
2332 4887 2592 4942 alimenta
2635 4899 2938 4955 pauperum
2987 4877 3300 4947 tliripiatis,
3357 4886 3485 4942 quo-

1915 4996 2036 5033 rum
2071 4979 2248 5050 gratia
2285 4978 2400 5032 hate
2440 4993 2470 5031 a
2512 4977 2669 5032 vobis
2700 4972 3040 5045 suppeditari
3092 4970 3308 5038 iussum
3363 4970 3489 5018 est:

1919 5087 2113 5141 nempe
2144 5079 2204 5124 ut
2233 5079 2288 5123 et
2318 5069 2410 5140 qui
2444 5069 2599 5121 altari
2633 5066 2988 5127 deserviunt,
3026 5069 3078 5115 et
3106 5061 3198 5128 qui
3234 5054 3493 5126 egestatis

1918 5177 2086 5216 causa
2118 5162 2323 5231 templo
2359 5176 2481 5214 meo
2511 5160 2798 5221 adsident,
2848 5152 3162 5210 necessaria
3197 5150 3319 5205 vita:
3362 5148 3492 5202 sub-

1918 5255 2057 5312 sidia
2088 5255 2214 5310 hinc
2245 5253 2500 5309 referant.
2535 5251 2742 5318 Quibus
2775 5249 3052 5306 subnectit
3084 5264 3097 5299 :

2563 5344 2690 5413 παρ’
2719 5341 2746 5394 ὑ
2757 5341 2902 5412 μῶν·
2933 5341 3026 5393 καὶ
3057 5337 3131 5400 ὡς
3161 5335 3230 5389 ἂν
3247 5335 3300 5387 οἵ
3325 5351 3382 5387 τε
3415 5331 3493 5396 τῷ

193 5436 592 5508 θυσιαστηρίῳ
639 5435 1109 5508 λειτουργοῦντες,
1150 5436 1204 5488 οἶ
1243 5451 1302 5488 τε
1347 5434 1436 5488 διὰ
1489 5433 1676 5488 πενίαν
1725 5434 1803 5506 τῷ
1840 5437 1950 5508 ναῷ
1985 5437 2434 5511 προσεδρεύοντες
2482 5436 2558 5507 τῷ
2602 5436 2719 5507 ἐμῷ
2745 5434 2880 5506 (72),
2933 5431 3032 5493 τὰς
3071 5425 3368 5494 ἀναγκαίας
3397 5440 3490 5474 κο·

191 5530 453 5597 μὶζοιντο
485 5527 702 5600 χρείας.
738 5525 836 5593 Οἷς
863 5527 1168 5592 ἀκολούθως
1195 5527 1466 5599 ἐπήγαγεν
1487 5545 1500 5560 ·

187 5725 190 5730 ·
263 5706 603 5780 (Ἰὲ)’νίᾶεε
645 5713 746 5766 sub
787 5712 904 5780 lege
938 5710 1099 5765 etiam
1143 5709 1379 5764 Mosaica
1425 5723 1628 5762 morem
1673 5724 1797 5776 pau-

185 5787 428 5852 peribus
465 5782 676 5850 templo
702 5783 1090 5836 assistentibus
1113 5781 1372 5852 largiendi
1397 5780 1797 5852 elecmosyuaut

188 5848 523 5933 pra-sutili:
555 5848 618 5908 ex
647 5855 820 5908 sacris
842 5853 1055 5934 opibus.
1094 5851 1183 5907 Sic
1204 5848 1255 5906 et
1281 5851 1369 5907 ille
1403 5849 1630 5906 claudus
1656 5848 1799 5919 apud

1907 5717 2117 5778 portam
2175 5707 2360 5778 templi
2427 5706 2730 5777 speciosam
2787 5708 3182 5775 clcemosynam
3238 5719 3266 5758 a
3328 5701 3484 5758 Petro

1909 5781 2155 5851 apostolo
2184 5781 2395 5850 petebat
2431 5781 2569 5850 (Act.
2606 5795 2685 5846 ut,
2715 5779 2791 5848 5).
2856 5799 2858 5802 ν
3174 5805 3180 5814 ι
