3904 6520
446 361 545 418 627

1607 388 1958 453 THEODORI
1990 394 2476 459 MOPSUESTENI

3618 412 3715 469 623

515 488 656 545 Vens
694 491 875 549 ll-l2.
903 527 973 537 —
1014 516 1032 549 ι
1070 497 1426 559 Rcvertimini
1458 520 1589 578 ergo
1624 507 1679 567 in
1714 510 1839 580 hoc,
1880 512 2009 570 dicit

526 581 702 609 ηιξκιε..
747 585 1088 609 ηωηΒᾎΑιΑ..-
1143 588 1258 609 ιις-ς
1316 607 1365 609 ,η
1690 599 1740 609 .-

2187 521 2335 593 Στίχ.
2362 530 2450 587 ια’,
2480 523 2565 595 ιβ’.
2585 554 2652 564 --
2676 545 2694 580 ι
2730 526 3122 600 Ἐπιστρέψατε
3156 532 3220 605 δὴ
3250 533 3309 587 ὲν
3339 536 3538 609 τούτῳ,
3570 538 3710 609 λέγει

442 577 705 640 Dominus
745 585 1111 655 omnipotens.
1143 588 1260 645 Nisi
1308 577 1576 663 aperuero
1618 599 1774 657 vobis
1810 577 2025 659 catara-

438 683 555 724 eius
586 672 731 732 caeli.
768 684 823 726 et
860 675 1134 734 eﬂundam
1167 680 1222 737 in
1252 697 1350 741 vos
1383 684 1816 747 benedictionem
1845 710 2022 751 meam

436 761 611 814 donec
664 762 916 820 suﬂiciat.
952 768 1018 823 Et
1056 770 1384 835 distribuam
1439 779 1594 837 vobis
1632 782 1688 840 in
1719 785 1923 851 cibum,
1968 798 2023 843 et

436 868 544 906 non
570 869 919 931 corrumpam
943 872 1155 920 vestras
1178 873 1338 926 terrae
1367 869 1572 945 fruges.
1606 882 1660 928 et
1686 875 1815 933 vitis
1841 889 2023 940 vestra

438 946 491 999 in
532 963 663 1019 agro
692 966 798 1006 non
824 952 1216 1024 inﬁrmabitur,
1245 962 1321 1016 ait
1355 961 1619 1022 Dominus
1648 971 2019 1043 omnipotens.

436 1036 502 1092 Et
530 1039 717 1098 beatos
734 1058 832 1101 vos
855 1045 1044 1109 dicent
1070 1064 1262 1106 omnes
1286 1064 1509 1125 gentes;
1542 1058 1670 1129 quia
1700 1036 1853 1118 eritis
1876 1072 2023 1120 terra

434 1132 843 1203 desiderabilis,
877 1141 953 1193 ait
1001 1139 1266 1201 Dominus
1315 1150 1683 1220 omnipotens.
1738 1174 1757 1208 ι
1803 1157 2021 1228 Agesis,

433 1221 635 1292 inquit,
684 1228 939 1284 conversi
982 1230 1101 1286 haec
1148 1234 1334 1288 omnia
1391 1238 1699 1296 emendate.
1754 1221 2023 1301 Videbitis

431 1314 604 1378 enim,
652 1321 928 1388 quomodo
960 1322 1116 1379 vobis
1152 1339 1254 1399 ego
1299 1328 1584 1397 copiosum
1624 1331 1851 1388 imbrem
1884 1350 2023 1405 pne-

432 1407 594 1473 bebo,
639 1419 693 1464 et
739 1412 1015 1488 quomodo
1064 1413 1281 1487 frugum
1332 1420 1549 1495 copiam
1598 1420 1668 1476 ad
1708 1426 2021 1484 satietatem

433 1502 814 1571 suppeditabo.
861 1503 919 1567 id
966 1507 1116 1565 enim
1157 1510 1323 1588 386
1355 1511 1621 1573 denotant
1655 1517 1839 1585 verba,
1872 1537 1891 1573 ι
1927 1519 2026 1577 Be-

432 1594 793 1657 nedictionem
815 1612 988 1652 meam
1007 1600 1182 1663 donec
1201 1603 1456 1672 suiﬁciat,
1484 1628 1503 1662 ι
1535 1615 1593 1663 ut
1616 1626 1682 1665 ex
1714 1610 1798 1666 his
1823 1613 2022 1685 pingue

432 1701 533 1743 vos
562 1686 809 1744 habeatis
832 1692 1253 1749 nutrimentum.
1278 1697 1415 1753 Nam
1436 1701 1621 1769 verba,
1656 1702 2021 1762 «Distribuam

2124 610 2331 683 Κύριος
2382 616 2810 689 παντοκράτωρτ
2865 618 2962 673 ἐὰν
3018 622 3094 694 μὴ
3145 624 3342 693 άνοίξω
3407 629 3539 699 ὑμῖν
3592 632 3710 697 τοὺς

2125 704 2513 778 καταρράκτας
2548 707 2643 765 τοῦ
2677 709 2926 781 ούρανοῦ,
2956 713 3047 773 καὶ
3063 716 3238 785 ὲκχεῶ
3273 718 3400 789 ὑμῖν
3430 721 3532 792 τὴν
3564 724 3710 779 εὐλο-

2124 793 2249 864 γίαν
2276 796 2385 869 μου
2413 797 2517 864 ἕως
2539 798 2636 853 τοῦ
2678 803 3027 874 ίκανωθῆναι,
3057 807 3151 860 καὶ
3182 808 3445 865 διαστεὶῶ
3477 814 3608 885 ὑμῖν
3633 818 3709 882 είς

2123 883 2349 955 βρῶσιν,
2379 890 2474 943 καὶ
2511 890 2570 943 οὐ
2609 892 2685 966 μὴ
2717 892 3012 966 διαφθείρω
3051 896 3206 968 ὑμῶν
3234 901 3325 956 τὸν
3368 883 3584 975 καρπὸν
3614 908 3708 978 τῆς

2121 978 2358 1050 γῆς,,καὶ
2378 978 2437 1041 ού
2459 982 2535 1056 μὴ
2555 984 2825 1058 ἀσθενήσῃ
2847 987 2999 1058 ὑμῶν
3019 989 3052 1060 ή
3075 990 3319 1062 ἄμπελος
3345 996 3401 1049 ὲν
3430 997 3509 1069 τῷ
3531 999 3706 1072 άγρῷ,

2122 1071 2268 1140 λέγει
2318 1072 2520 1145 Κύριος
2565 1078 2987 1154 παντοκράτωρ·
3031 1083 3127 1139 καὶ
3172 1088 3539 1159 μακαριοῦσιν
3570 1091 3708 1161 ὑμᾶς

2122 1164 2301 1220 πάντα
2326 1167 2395 1220 τὰ
2438 1167 2585 1240 ἔθνη,
2616 1170 2750 1225 διότι
2787 1171 2976 1226 ἔσεσθε
3019 1176 3177 1247 ὑμεῖς
3204 1179 3275 1251 γῆ
3314 1181 3537 1255 θελητὴ.
3565 1183 3707 1249 λέγει

2123 1255 2325 1327 Κύριος
2351 1262 2763 1336 παντοκράτωρ.
2807 1283 2826 1316 ι
2881 1266 3042 1321 Ἀλλὰ
3064 1270 3191 1346 γὰρ,
3221 1272 3375 1343 φησι,
3410 1274 3709 1345 μεταϐαλό-

2124 1362 2309 1415 μενοι,
2365 1347 2651 1420 διόρθωσιν
2711 1352 2917 1413 τούτων
2974 1356 3039 1428 δὴ
3097 1361 3393 1430 ποιήσασθε
3450 1364 3703 1419 πάντων*

2119 1435 2314 1508 ὂψεσθε
2339 1438 2448 1511 γὰρ
2476 1441 2626 1506 ὅπως
2663 1442 2763 1513 μὲν
2793 1444 2921 1515 ὑμῖν
2944 1446 3199 1506 πλούσιον
3242 1451 3465 1522 παρέξω
3491 1451 3585 1507 τὸν
3624 1454 3706 1512 ύε-

2118 1528 2230 1594 τὸν,
2263 1530 2411 1594 ὅπως
2440 1531 2497 1584 δὲ
2524 1533 2653 1604 ύμῖν
2684 1533 2793 1589 τῶν
2824 1537 3053 1608 καρπῶν
3078 1541 3300 1613 παρέξω
3320 1543 3421 1612 τὴν
3449 1546 3706 1614 ἀφθονίαν

2119 1620 2199 1683 είς
2230 1621 2390 1694 κόρον
2412 1618 2619 1678 ’τοῦτο
2644 1626 2753 1698 γὰρ
2796 1627 2964 1697 λέγει,
2993 1650 3013 1682 ι
3047 1631 3146 1703 τὴν
3180 1633 3430 1702 εὐλογίαν
3470 1655 3573 1708 μου
3606 1638 3706 1702 ἕως

2118 1710 2213 1764 τοῦ
2269 1708 2619 1786 ίκανωθῆναι,
2681 1736 2701 1770 ι
2753 1724 2832 1799 (p.
2876 1720 3003 1793 568)
3055 1723 3197 1778 ὥστε
3254 1725 3516 1781 πλουσίαν
3564 1729 3705 1799 ἔχειν

414 1774 584 1835 vobis
628 1780 683 1835 in
723 1783 980 1846 cibumu
1040 1786 1092 1841 id
1142 1789 1479 1864 signiﬁcant,
1534 1796 2009 1856 Conscrvabuntut

2121 1805 2263 1877 ὑμᾶς
2285 1807 2382 1879 τὴν
2416 1809 2474 1877 ἐξ
2495 1774 2673 1871 αὐτίῦν
2699 1774 3008 1872 ἀπόλαυσιν·
3032 1816 3092 1871 τὸ
3115 1818 3243 1889 γὰρ,
3268 1837 3284 1869 ι
3307 1819 3414 1877 Καὶ
3438 1774 3703 1879 διαστελιῦ

430 1880 612 1926 autem
651 1874 810 1930 vobis
845 1876 1151 1936 incolumes
1188 1881 1402 1945 fructus
1435 1901 1647 1955 omnes,
1679 1889 1889 1961 largum
1923 1908 2009 1948 vo-

432 1961 512 1983 [Β-
545 1982 557 1983 κ
581 1963 614 1983 3-
636 1981 644 1983 μ
735 1968 771 1983 -'
1017 1982 1023 1983 ν
1475 1980 1484 1983 ‘

2121 1874 2249 1967 ὑμῖν
2298 1874 2377 1962 είς
2396 1874 2614 1971 βρῶσιν,
2640 1925 2659 1958 ι
2701 1909 2862 1962 τοῦτο
2881 1874 3148 1981 σημαίνειἰ
3170 1874 3701 1983 Ᾰιαφυλαχθήσονταί

430 1961 514 2019 bis
544 1963 654 2021 vite
700 1968 864 2023 etiam
914 1982 1096 2027 vestra
1126 1982 1315 2050 potum
1359 1980 1674 2048 prazbcnte:
1720 1984 1795 2039 ita
1846 1996 1902 2039 ut
1941 1988 2009 2045 ob

2118 1961 2177 2042 τε
2234 1961 2407 2062 ὑμῶν.
2431 1961 2753 2069 ’ἀδιάφθοροι
2799 1961 3000 2063 πάντ’ές
3053 2001 3104 2053 oi.
3154 1961 3377 2074 καρποὶ,
3414 1961 3699 2061 Λπλουσίαν

434 2059 740 2124 generalem
786 2064 926 2131 apud
960 2081 1056 2119 vos
1108 2066 1344 2138 c0piam,
1391 2074 1578 2130 cuncti
1623 2076 1787 2130 etiam
1837 2080 2009 2134 exteri

2120 2081 2246 2152 ύμῖν
2272 2059 2389 2139 καὶ
2434 2086 2534 2157 τῆς
2580 2059 2831 2156 ἀμπέλου
2859 2091 2958 2162 τὴν
2980 2059 3189 2151 οἰκείαν
3217 2059 3521 2150 ἀπόλαυσιν

435 2165 534 2205 vos
578 2150 767 2209 beatos
811 2154 1012 2210 dicturi
1058 2158 1189 2226 sint,
1221 2169 1274 2215 et
1307 2163 1453 2232 quod
1502 2180 1628 2221 vere
1667 2167 1822 2226 vobis
1865 2168 2009 2227 Deus

2116 2150 2374 2245 εχούσηςσ
2405 2150 2546 2230 ὥστε
2590 2150 2655 2234 ἐκ
2693 2181 2792 2252 τῆς
2829 2150 3247 2256 πολιτευομένης
3284 2186 3345 2241 ἐν
3379 2188 3510 2257 ὑμῖν
3544 2150 3700 2257 εὐθη-

432 2244 635 2314 optima
668 2262 899 2319 quaeque
943 2249 1209 2318 decernit,
1252 2252 1380 2309 dum
1414 2264 1575 2319 terrae
1598 2270 1792 2319 νοείτω
1840 2263 2013 2333 pluri-

426 2351 574 2395 mam
605 2354 713 2407 pne
748 2342 960 2405 czeteris
1002 2342 1219 2415 frugum
1248 2345 1639 2412 abundantiam
1668 2353 1938 2413 concedit.

498 2611 664 2669 Vens.
698 2614 881 2678 l5-I6,
924 2647 993 2657 —-
1024 2616 1229 2683 Deinde
1274 2621 1342 2681 ad
1376 2622 1586 2696 priores
1624 2625 1764 2683 redit
1802 2643 2011 2691 sermo-

424 2721 559 2769 nes,
601 2709 759 2781 quasi
810 2724 949 2769 nova
1005 2711 1381 2770 admonitione
1433 2714 1666 2786 dignaris
1727 2720 2007 2793 improbos

426 2799 547 2855 illos
580 2816 646 2855 ac
674 2800 895 2875 impios,
940 2803 1168 2877 aitque:
1219 2824 1237 2857 ι
1286 2805 1697 2877 Aggravavistis
1727 2826 1894 2887 super
1920 2829 2007 2869 me

423 2907 706 2953 sermones
756 2901 991 2965 vestros,
1048 2895 1185 2953 dicit
1234 2896 1500 2959 Dominus
1554 2902 1924 2973 omnipotens.
1981 2925 2000 2959 ι

422 2986 667 3058 Asperis,
718 2987 922 3059 inquit,
981 2991 1245 3051 conviciis
1296 3008 1385 3049 me
1439 2995 1801 3073 appetivistis.
1859 3015 1877 3049 ι
1938 2998 2007 3053 Et

421 3078 640 3141 dixistis
682 3079 785 3135 :ln
830 3098 941 3153 quo
983 3083 1078 3138 tibi
1120 3084 1363 3139 oblocuti
1414 3087 1647 3147 sumus?
1702 3107 1721 3141 ι
1784 3088 2006 3151 Siccine

2117 2264 2254 2330 νίας,
2281 2264 2525 2333 ἅπαντας
2565 2268 2629 2343 δὴ
2673 2272 2800 2337 τοὺς
2851 2275 3009 2340 ἐκτὸς
3053 2278 3378 2352 μακαρίζειν
3415 2280 3584 2351 ὑμᾶς,
3622 2283 3700 2338 ὅτι

2114 2357 2284 2422 ὅντως
2312 2360 2438 2431 ύμῖν
2476 2361 2545 2415 τὰ
2586 2362 2845 2420 κάλλιστα
2877 2366 3199 2441 βεϐούληται
3240 2370 3395 2435 Θεὸς,
3436 2372 3581 2426 ὥστε
3612 2371 3700 2430 καὶ

2109 2451 2175 2519 τῇ
2203 2452 2270 2520 γῇ
2300 2451 2539 2523 ὑμετέρᾳ
2562 2453 2824 2526 πλείστην
2856 2457 3008 2528 παρὰ
3035 2460 3162 2526 τοὺς
3190 2460 3414 2526 λοιποὺς
3438 2462 3700 2535 παρέχειν

2107 2543 2205 2614 τὴν
2238 2544 2497 2613 ἀφθονίαν
2531 2547 2637 2602 τῶν
2672 2550 2917 2622 καρπῶν.

2177 2637 2329 2709 Στίχ.
2362 2645 2549 2707 ιγὀις’.
2582 2671 2649 2681 -
2673 2640 2809 2697 Εἶτα
2838 2644 2930 2698 ἐπὶ
2964 2644 3092 2710 τοὺς
3130 2644 3365 2718 πρόσθεν
3410 2646 3696 2719 ἀνατρέχει

2111 2729 2333 2799 λόγους,
2385 2730 2461 2796 ὡς
2496 2732 2562 2787 ἂν
2604 2734 2883 2800 δυσσεϐεῖς
2938 2738 3033 2791 καὶ
3078 2737 3387 2811 μοχθηροὺς
3438 2739 3695 2811 δευτέρας

2111 2818 2278 2885 ἀξιῶν
2309 2820 2606 2890 νουθεσίας,
2653 2825 2748 2879 καί¹
2781 2826 2975 2896 φησιν’
3019 2843 3039 2878 t
3082 2827 3413 2899 Ἐϐαρύνατε
3460 2830 3549 2881 ἐπ’
3597 2829 3693 2900 ἐμὲ

2111 2910 2237 2979 τοὺς
2287 2911 2473 2981 λόγους
2514 2914 2667 2985 ὑμῶν
2691 2955 2709 2980 ,
2756 2916 2904 2985 λέγει
2947 2917 3151 2990 Κύριος
3205 2919 3634 2991 παντοκράτωρ·
3670 2939 3691 2973 ι

2114 3002 2407 3072 χαλεπαῖς.
2462 3007 2627 3076 φησὶ,
2673 3005 2963 3080 λοιδορίαις
3012 3011 3319 3085 ἐχρήσασθε
3361 3013 3483 3066 κατ’
3541 3011 3693 3083 ἐμοῦ.

2119 3110 2137 3143 ι
2172 3093 2281 3146 Καὶ
2319 3092 2533 3160 εἴπατε,
2573 3095 2661 3155 Ἑν
2704 3096 2812 3152 τίνι
2858 3098 3307 3172 κατελαλήσαμέν
3362 3118 3493 3169 σου;
3528 3120 3550 3155 ι
3582 3096 3696 3161 εἶτα

419 3187 549 3241 ergo
570 3189 639 3228 ne
660 3190 883 3232 sensum
908 3181 1126 3249 quidem
1164 3192 1331 3241 tantae
1366 3185 1718 3257 blasphemiae
1745 3188 2004 3251 habetis?

2116 3184 2225 3239 οὐδὲ
2265 3186 2517 3259 αἴσθησιν
2547 3188 2645 3266 τῆς
2685 3189 2955 3260 τοσαύτης
2994 3191 3303 3265 λαμϐάνετε
3349 3195 3692 3267 δυσφημίας,

424 3263 635 3334 Ubique
673 3270 820 3327 enim
866 3272 955 3327 hic
1000 3276 1261 3345 propheta
1318 3278 1545 3333 verbum
1604 3298 1624 3331 ι
1686 3280 1907 3341 dixistis
1976 3300 1995 3332 ι

423 3358 614 3426 ponit,
660 3363 817 3431 quasi
866 3363 1002 3434 ipsis
1044 3369 1384 3437 exprobrans
1441 3387 1660 3445 gravem
1717 3374 2004 3451 stupidita-

422 3457 725 3531 tcmhqua
771 3455 1017 3526 improbe
1071 3461 1333 3530 agebant,
1377 3464 1588 3524 nullum
1640 3465 1718 3524 rei
1777 3482 2001 3524 sensum

422 3544 722 3614 capientes.
772 3549 867 3604 sed
912 3551 987 3609 ita
1028 3551 1085 3611 in
1132 3558 1251 3609 suis
1301 3557 1539 3625 peccatis
1576 3568 1861 3619 versantes
1900 3576 2003 3616 ceu

423 3636 471 3690 si
534 3653 641 3698 non
696 3655 956 3710 peccasse
1003 3644 1403 3703 existimarent.
1457 3647 1581 3709 Mox
1627 3653 1791 3722 quale
1838 3652 2005 3709 fuerit

424 3736 707 3795 peccatum
743 3732 1082 3801 edisserens,
1116 3756 1135 3793 ι
1177 3736 1423 3804 Dixistis,
1450 3740 1648 3811 inquit,
1669 3742 1860 3801 inutile
1882 3759 2004 3801 esse

418 3818 533 3874 Deo
580 3822 808 3881 servire.
860 3844 879 3881 ι
930 3824 1116 3897 Neque
1164 3831 1311 3885 enim
1360 3831 1521 3887 nobis
1567 3832 1752 3904 aliqua
1796 3835 2005 3892 utilitas

419 3915 617 3975 accidit
662 3917 921 3973 mandata
964 3924 1315 3981 servantibus
1351 3944 1364 3981 :
1421 3942 1600 3997 neque
1649 3926 1821 3983 Deum
1862 3945 2006 4000 sazpe

416 4007 845 4075 deprecantibus
874 4011 1003 4067 boni
1037 4015 1337 4085 quidquam
1370 4018 1625 4074 accessit.
1674 4017 1752 4079 Eo
1780 4019 2003 4076 demum

415 4114 505 4154 res
548 4110 749 4158 nostra:
779 4116 1089 4173 cesserunt,
1136 4117 1197 4162 nt
1237 4124 1340 4169 nos
1386 4111 1441 4165 in
1475 4113 1742 4182 angustiis
1776 4129 2004 4184 pressu-

415 4193 604 4266 risque
648 4196 991 4265 languentes,
1037 4199 1226 4259 beatos
1275 4204 1415 4264 alios
1461 4206 1714 4268 dicamus
1741 4208 1835 4277 qui
1881 4209 2005 4265 nul-

2104 3275 2279 3335 διόλου
2309 3278 2418 3349 γὰρ
2444 3280 2473 3332 ό
2500 3280 2787 3352 προφήτης
2827 3275 2983 3347 οὗτος
3016 3284 3077 3338 τὸ
3104 3303 3124 3338 ι
3159 3284 3352 3340 εἴπατε
3384 3307 3405 3340 ι
3428 3288 3689 3356 τέθεικεν,

2103 3367 2293 3442 ὥσπερ
2333 3370 2606 3437 ὀνειδίζων
2651 3373 2833 3439 αὐτοῖς
2878 3375 3236 3450 ἀναισθησίαν
3299 3378 3528 3451 πολλὴν,
3580 3375 3692 3452 μεθ’

2103 3455 2172 3533 ἧς
2196 3460 2462 3533 ἔπραττον
2489 3463 2557 3518 τὰ
2589 3463 2785 3531 ἄτοπα,
2820 3466 3076 3539 οὐδεμίαν
3117 3470 3204 3523 ἐπ’
3247 3471 3434 3536 αὐτοῖς
3488 3471 3692 3544 λαμϐά-

2108 3571 2291 3619 νοντες
2312 3554 2584 3626 αἴσθησιν,
2609 3556 2723 3611 ἀλλ’
2745 3557 2918 3624 οὕτως
2939 3560 3033 3614 ἐπὶ
3059 3564 3173 3627 τοῖς
3199 3564 3563 3637 ἁμαρτήμασι
3584 3567 3694 3622 διας

2107 3645 2379 3718 τιθέμενοι
2416 3650 2528 3712 τοῖς
2578 3649 2807 3718 ἑαυτῶν,
2854 3651 2932 3715 ὡς
2974 3653 3110 3724 μηδὲ
3160 3654 3501 3727 ἁμαρτάνειν
3546 3658 3691 3729 ἠγεῖ-

2108 3734 2252 3789 σθαι.
2297 3733 2431 3791 Εἶτα
2482 3737 2655 3806 λέγων
2699 3739 2762 3793 τὸ
2811 3740 3150 3817 ἁμάρτημα⁹
3181 3762 3200 3795 ι
3232 3744 3476 3813 Εἴπατε,
3513 3748 3691 3817 φησὶν,

2108 3828 2185 3892 ὡς
2221 3829 2497 3900 ἀνωφελὲς
2544 3830 2622 3903 τῷ
2664 3830 2784 3903 Θεῷ
2834 3832 3141 3891 δουλεύεινο
3179 3855 3199 3889 ο
3235 3836 3358 3891 οὐδὲ
3408 3839 3522 3912 γὰρ
3564 3841 3691 3911 ημῖν

2107 3926 2467 3996 προσεγένετό
2488 3944 2539 3980 τι
2567 3926 2758 3997 ὄφελος
2790 3928 3164 4001 ἑπιμεληθείσι
3188 3931 3287 4002 τῆς
3312 3932 3559 4004 φυλακῆς
3586 3932 3691 3986 τῶν

2109 4016 2239 4088 παρ’
2262 4017 2428 4075 αὑτοῦ
2450 4019 2942 4091 προστεταγμένων
2962 4038 2976 4051 ·
3014 4022 3128 4076 ἀλλ’
3157 4023 3278 4077 οὐδὲ
3301 4024 3571 4095 δεηθεῖσιν
3600 4024 3692 4077 αὐ-

2106 4106 2201 4165 τοῦ
2219 4108 2499 4175 πολλάκις,
2517 4110 2668 4163 οὐδὲν
2689 4110 2899 4183 ὑπῆρξε
2920 4113 3106 4167 πλέον·
3128 4114 3344 4185 (p.569)
3367 4117 3688 4189 περιέστηκε

2109 4199 2167 4252 δὲ
2194 4200 2274 4263 είς
2298 4199 2458 4261 τοῦτο
2496 4200 2565 4258 τὰ
2601 4202 2925 4274 πράγματα,
2973 4203 3112 4258 ὥστε
3150 4206 3297 4278 ἡμᾶς
3333 4206 3436 4276 μὲν
3467 4202 3600 4260 εἶναι
3628 4209 3689 4259 ἐν

416 4286 523 4345 lam
566 4285 767 4347 divinae
797 4291 1099 4349 voluntatis
1154 4296 1424 4352 rationem
1466 4299 1687 4364 habent,
1715 4301 1916 4371 quibus
1944 4302 2001 4357 in

2116 4291 2373 4361 ἀνάγκαις
2401 4292 2497 4348 καὶ
2530 4292 2761 4369 θλίψεσι,
2795 4294 3120 4367 μακαρίζειν
3148 4297 3205 4350 δὲ
3232 4297 3476 4368 ἐτέρους,
3508 4297 3689 4351 οὐδένα

414 4375 613 4436 melius
679 4395 769 4441 res
830 4385 1171 4453 procedunt,
1232 4404 1548 4459 quanquam
1612 4391 1726 4448 Deo
1784 4408 2004 4464 semper

2116 4381 2214 4435 τῶν
2246 4382 2397 4455 αὐτῷ
2427 4383 2723 4440 δοκούντων
2763 4386 3162 4457 πεποιημένους
3192 4388 3373 4457 λόγον,
3404 4385 3488 4454 οἷς
3514 4390 3598 4443 ἐπὶ
3625 4390 3688 4442 τὸ

414 4466 862 4538 adversantibus,
917 4490 947 4529 a
1000 4492 1112 4548 quo
1156 4485 1340 4534 tamen
1389 4481 1527 4537 nihil
1567 4482 1877 4540 detrimenti
1905 4500 2000 4554 pa-

414 4558 628 4589 ιῖιιηι..-
684 4580 702 4589 -
734 4561 857 4589 ιι..-
911 4567 1146 4589 -ι.ι,-,,.ε
1195 4580 1315 4589 μω.
1396 4588 1401 4589 γ
1464 4574 1475 4585 .
1524 4575 1559 4589 _.
1657 4576 1669 4589 .
1770 4585 1781 4589 ,
1819 4577 1854 4589 λ
1956 4578 1969 4589 σ

2116 4477 2355 4546 κρεῖττον
2399 4477 2685 4547 προϐαίνει
2725 4477 2795 4532 τὰ
2840 4480 3162 4552 πράγματα,
3200 4481 3557 4552 ἁνθεστηκόσι
3583 4482 3688 4550 μὲν

413 4558 648 4617 tiuntur.
682 4580 702 4613 ι
734 4561 859 4620 Haec
906 4567 1147 4625 oblocuti
1191 4580 1341 4635 sunt,
1385 4574 1478 4642 qui
1524 4575 1789 4631 timebant
1816 4577 2002 4631 Domi-

2116 4568 2256 4640 ιύτῷ
2308 4569 2561 4635 πάντοτε,
2618 4569 3007 4643 βλαπτομένοις
3050 4573 3108 4629 δὲ
3138 4573 3300 4629 οὐδὲν
3351 4575 3421 4627 ὲκ
3479 4574 3685 4628 τούτου.

411 4666 584 4720 num,
631 4657 1016 4729 unusquisque
1063 4660 1132 4715 ad
1175 4664 1483 4732 proximum
1546 4682 1729 4722 suum.
1794 4687 1813 4720 ι
1872 4667 1999 4725 Haec

2116 4682 2130 4714 ι
2172 4660 2358 4715 Ταῦτα
2400 4661 2774 4733 κατελάλησαν
2829 4664 2880 4717 οἱ
2928 4664 3251 4735 φοϐούμενοι
3298 4665 3391 4719 τὸν
3450 4667 3683 4739 Κύριον,

411 4739 659 4809 quidem.
705 4743 906 4817 inquit,
959 4746 1101 4804 inter
1149 4764 1209 4805 se
1261 4750 1496 4808 invicem
1553 4754 1701 4825 loqui
1751 4772 1860 4811 non
1895 4758 1999 4819 du-

2116 4753 2334 4817 ἔκαστος
2366 4753 2503 4826 πρὸς
2544 4754 2635 4807 τὸν
2665 4754 2889 4826 πλησίον
2930 4756 3116 4812 αὑτοῦ.
3156 4775 3176 4808 ι
3210 4757 3399 4812 Ταῦτα
3422 4758 3504 4829 δὴ,
3530 4758 3684 4828 φησι,

407 4835 677 4901 bitarunt,
723 4838 819 4910 qui
859 4838 1192 4904 simulabant
1221 4859 1280 4898 se
1308 4860 1415 4913 pne
1454 4848 1710 4903 omnibus
1739 4850 1999 4922 alienige-

2116 4846 2245 4919 πρὸς
2271 4846 2533 4917 ἀλλήλους
2562 4846 2741 4916 λέγειν
2768 4847 2870 4903 οὐκ
2894 4847 3120 4913 ὤκνουν,
3150 4850 3201 4902 οί
3228 4849 3687 4921 προσποιούμενοι

409 4928 497 4983 nis
518 4928 770 4986 timorem
793 4946 972 4990 meum
1004 4934 1260 4994 retinere.
1287 4936 1500 5003 Quibus
1524 4939 1665 4995 Deus
1685 4943 1993 5005 attendens,

2116 4939 2256 5008 παρὰ
2305 4939 2511 5003 πάντας
2560 4940 2687 5004 τοὺς
2733 4939 3044 5012 ἀλλοτρίους
3074 4940 3167 4994 τὸν
3207 4941 3374 5010 φόϐον
3416 4942 3551 5012 ἔχειν
3586 4941 3688 4994 τόν

411 5022 731 5077 memoriam
767 5039 959 5080 eorum
990 5029 1249 5098 scriptam
1277 5032 1510 5100 posteris
1549 5033 1789 5103 reliquit,
1828 5034 1994 5106 387

2116 5029 2265 5100 ἐμόν·
2295 5025 2379 5093 οἷς
2408 5032 2799 5103 προσεσχηκώς
2835 5033 2865 5089 ὁ
2908 5032 3059 5099 Θεὸς,
3099 5033 3158 5088 ὲν
3206 5037 3394 5106 γραφῇ
3420 5035 3515 5105 τὴν
3543 5035 3686 5106 μνή-

404 5125 505 5179 pro
517 5127 582 5166 eo
600 5123 845 5184 tempore
859 5134 965 5188 quo
979 5135 1166 5190 pmnas
1186 5124 1493 5191 persolvent
1510 5124 1560 5178 hi
1578 5125 1667 5194 qui
1688 5124 1997 5195 hujusmodi

2116 5137 2220 5191 μην
2264 5121 2444 5175 αὐτῶν
2482 5125 2592 5186 τοῖς
2640 5123 2934 5193 μετέπειτα
2980 5123 3402 5189 καταλέλοιπεν,
3451 5125 3688 5196 ὁπηνίκα

406 5213 639 5259 utuntur
690 5211 1064 5276 sermonibus,
1113 5230 1285 5283 seque
1326 5217 1476 5272 omni
1504 5218 1700 5287 “generi
1738 5219 1996 5288 nequitize

2116 5214 2205 5282 μὲν
2247 5212 2479 5268 δώσουσι
2519 5214 2672 5279 δίκας
2718 5216 2768 5269 οἱ
2807 5219 2920 5280 τοῖς
2949 5216 3209 5280 τοιούτοις
3241 5219 3560 5289 κεχρημένοι
3590 5218 3686 5270 λό-

404 5295 694 5351 οιιιιίρυιιι.
736 5299 911 5356 Secus
950 5316 1100 5366 vero,
1132 5304 1284 5375 nihil
1340 5306 1469 5359 boni
1514 5323 1624 5361 non
1669 5308 1884 5362 eveniet
1923 5308 1990 5363 iis

2116 5323 2237 5376 (οις.
2269 5308 2362 5360 καὶ
2402 5307 2538 5379 πρὸς
2575 5310 2683 5363 πᾶν
2716 5307 2856 5374 εἶδος
2886 5309 3235 5382 παρανομίας
3265 5312 3488 5374 ἑαυτοὺς
3523 5311 3685 5363 axes-

403 5385 497 5450 qni
546 5402 697 5443 meas
740 5405 869 5444 vere
915 5390 1061 5462 leges
1097 5372 1512 5462 observabant;
1555 5412 1697 5465 quos
1731 5397 1987 5469 equidem

2116 5372 2362 5461 hoxdtac'
2400 5372 2681 5469 περιέσται
2722 5399 2779 5454 δὲ
2810 5372 2919 5454 πᾶν
3035 5418 3087 5455 τι
3104 5372 3321 5470 ’ἀγαθὸν
3360 5407 3470 5466 τοῖς
3509 5403 3681 5463 ὅντως

382 5488 654 5545 tempore
699 5481 794 5535 illo
844 5499 954 5553 quo
988 5486 1162 5541 malos
1200 5489 1448 5555 puniam,
1486 5488 1829 5556 providentia
1867 5504 1989 5544 mea

2116 5492 2511 5562 ιπιμελομένοις
2548 5489 2655 5547 τῶν
2684 5493 2864 5564 νόμων
2897 5493 3006 5547 τῶν
3037 5493 3213 5565 ἐμῶν,
3244 5493 3339 5557 οὓς
3369 5511 3471 5564 περ
3495 5488 3581 5545 οὖν
3615 5493 3680 5544 ὲν

402 5569 726 5638 dignabor:
759 5574 841 5628 sic
883 5575 1145 5629 nimirum
1187 5576 1498 5641 declarans,
1544 5593 1603 5632 se
1640 5576 1741 5631 hos
1788 5577 1990 5634 habere

2116 5584 2296 5655 :xeivrp
2321 5582 2400 5654 τῷ
2425 5583 2601 5657 καιρῷ
2624 5584 2745 5638 καθ’
2779 5584 2839 5638 ὂν
2866 5587 3253 5657 τιμωρήσομαι
3273 5586 3399 5670 τούς
3420 5584 3675 5653 φαύλους.

400 5666 457 5718 in
481 5680 705 5718 suorum
729 5670 1183 5733 necessariorium
1209 5688 1460 5737 numero,
1490 5684 1544 5729 et
1585 5675 1765 5730 omnia
1789 5675 1993 5745 optima

409 5752 513 5778 ζιιιη
584 5762 660 5778 ..Λα
676 5755 979 5778 ..ἒιηημ--..μ
1027 5776 1035 5778 .
1100 5776 1117 5778 _
1180 5777 1187 5778 ,
1270 5777 1275 5778 ,
1310 5762 1323 5778 ι
1440 5762 1454 5778 ι
1649 5765 1679 5778 ι.
1768 5765 1777 5775 .

2116 5674 2197 5744 τῆς
2227 5676 2550 5745 κηδεμονίας
2590 5675 2808 5740 ἀξιώσω
2840 5677 2939 5747 τῆς
2985 5677 3155 5748 ἐμῆς·
3189 5666 3362 5741 οὕτως
3390 5676 3678 5778 αύτοὺςθεν

408 5752 517 5806 illis
584 5755 1039 5812 retributnrnm:
1090 5762 1552 5829 quemadmodum
1612 5765 1812 5833 aliquis
1871 5780 1997 5834 erga

2116 5767 2215 5826 τοῖς
2254 5767 2601 5830 οἰκειοτάτοις
2630 5766 2774 5836 ἔχειν
2797 5767 3136 5837 αἱρούμενος,
3161 5769 3256 5822 καὶ
3285 5772 3390 5823 πᾶν
3410 5770 3437 5822 ὅ
3458 5785 3506 5820 τι
3530 5766 3678 5819 κάλι-

401 5848 691 5923 proprium
769 5849 937 5905 lilium
1005 5853 1335 5924 adiceretur,
1420 5860 1514 5929 qui
1581 5859 1807 5913 multum
1880 5857 1986 5915 sibi

2116 5868 2276 5911 ιιστον
2320 5857 2443 5927 περὶ
2476 5858 2669 5923 αὐτοὺς
2701 5859 3010 5929 δοκιμάζων
3039 5862 3245 5917 ποιεῖν*
3292 5863 3369 5926 ὡς
3414 5861 3476 5916 ἂν
3499 5861 3546 5913 ετ
3574 5877 3671 5924 τις
