3804 6562
152 360 242 417 ῦίθ

1052 356 1600 421 COMMENTARIUS
1634 361 1708 420 IN
1745 360 2123 422 MALACHIIE
2161 364 2313 421 CAP.
2350 366 2443 421 iV.

3268 360 3372 419 630

150 482 261 554 περὶ
278 480 387 534 υίδν
407 435 600 534 ἑαυτοῦ
622 475 915 551 διατεθείη,
934 478 1136 549 πολλὴν
1156 478 1254 550 τὴν
1282 477 1688 551 εὐγνωμοσύνηι

1804 493 2047 535 amorem
2101 480 2554 551 omnitempore
2614 477 2972 535 ostendisset.
3036 478 3244 535 Deinde
3284 480 3384 535 ad-

149 571 554 640 ἐπιδεδειγμένον
579 571 808 625 πάντοτε
835 587 902 623 πε
912 569 965 641 pl.
994 570 1178 625 αὐτόν.
1213 566 1346 625 Εἶτα
1372 571 1587 640 ἐπάγειο

207 664 342 733 Στίχ.
361 669 521 732 η’.--
542 682 561 713 ι
593 663 699 715 Καὶ
727 661 1221 734 ἐπιστραφήσεσθε,
1240 663 1336 717 καὶ
1362 662 1558 734 ὄψεσθε
1588 664 1694 719 ἀνά

151 758 294 827 μέσον
312 755 513 808 δικαίου
530 796 545 821 ,
578 756 669 808 καὶ
692 757 797 809 ἀνά
825 756 988 827 μέσον
1026 758 1249 829 ἀνόμου,
1279 760 1374 812 καὶ
1401 758 1504 813 ἀνά
1530 759 1692 830 μέσον

148 844 229 899 τού
248 843 577 908 δουλεύοντος
603 845 741 915 Θεῷ,
762 846 859 899 κα)⁵
883 845 987 900 ἀνά
1015 847 1180 917 μέσον
1202 846 1298 900 τοῦ
1324 847 1398 919 μὴ
1422 847 1692 902 δουλεύον-

147 954 223 1000 τος
257 936 417 1005 αὐτῷ.
458 954 477 987 ι
514 937 647 990 Τότε
678 937 888 1009 φανερά
918 938 1205 1009 γενήσεται
1235 941 1268 1010 ἡ
1293 940 1564 1012 διάκρισις
1584 940 1693 994 τῶν

146 1048 193 1083 τε
217 1028 443 1093 δικαίων,
474 1028 571 1082 καὶ
606 1029 712 1082 τῶν
758 1030 1113 1101 παρανόμων,
1158 1030 1252 1085 καὶ
1283 1030 1390 1085 τῶν
1422 1031 1691 1085 δουλεύειν

144 1141 194 1174 τε
217 1121 613 1175 ἐσπουδακότων
639 1120 777 1193 Θεῷ,
810 1123 905 1176 καὶ
937 1122 1045 1176 τῶν
1080 1124 1283 1194 μηδένα
1308 1124 1497 1178 τούτου
1527 1128 1692 1178 ποιεῖν

146 1212 249 1266 σθαι
270 1211 418 1281 λόγον
457 1210 770 1279 ἐθελόντων,
812 1213 912 1283 τῆς
942 1231 1001 1266 τε
1032 1215 1145 1278 τοῖς
1176 1216 1367 1279 κακοῖς
1408 1216 1691 1287 ἐπαγομέ-

144 1323 226 1375 νης
249 1307 328 1376 (p.
378 1305 517 1375 570)
570 1306 873 1378 τιμωρίας,
925 1307 1020 1361 καὶ
1068 1308 1177 1363 τῶν
1228 1311 1341 1373 τοῖς
1382 1309 1689 1381 εὐγνωμοσι

144 1397 538 1470 περιγινομένων
577 1397 819 1464 ἀγαθῶν,
863 1399 955 1453 καὶ
986 1398 1095 1452 τῶν
1135 1398 1304 1453 ὄντων
1334 1400 1518 1454 κακῶν
1544 1403 1689 1472 σαφῆ

143 1489 448 1559 ποιουμένων
482 1488 585 1559 τὴν
612 1488 904 1559 διάκρισιν,
933 1489 1041 1543 τῶν
1068 1506 1127 1542 τε
1149 1489 1320 1543 ὄντων
1346 1490 1567 1559 ἀγαθῶν
1595 1492 1691 1545 καὶ

142 1579 231 1631 τῶν
270 1579 429 1633 ὄντων
474 1579 693 1632 κακῶν
742 1578 889 1648 λέγει
938 1579 996 1632 δὲ
1043 1579 1338 1633 καὶταῦτα
1382 1580 1691 1645 ἀκολούθως

142 1674 235 1733 vi;
260 1669 483 1742 πρόσθεν
512 1671 646 1743 περὶ
663 1670 773 1724 τῶν
801 1670 1074 1742 ἐσομένων
1101 1670 1244 1725 κατὰ
1269 1670 1360 1724 τὸν
1391 1672 1501 1725 τῶν
1531 1674 1691 1727 Μακ-

143 1761 354 1815 καϐαίων
382 1761 596 1831 καιρὸν,
644 1762 732 1816 ὅτε
775 1762 840 1833 δὴ
888 1762 1122 1833 μάλιστα
1158 1761 1469 1835 βαρυτάτην
1510 1764 1607 1835 μὲν
1637 1764 1689 1818 oi

1795 570 1878 626 dit
1910 588 1924 625 :

1870 682 1889 716 ι
1932 664 2000 718 Ει
2040 663 2460 729 convertemini,
2502 673 2559 720 et
2604 662 2844 719 cernetis
2893 662 3041 718 inter
3079 662 3292 733 justum
3323 673 3381 719 et

1794 751 2095 823 injustum;
2140 763 2195 809 et
2229 754 2371 808 inter
2404 752 2760 809 famulantem
2804 751 2939 819 Deo,
2972 760 3028 807 et
3056 765 3168 808 non
3200 754 3350 808 famn

1794 844 1995 901 lantem
2048 845 2246 906 eidem.
2289 864 2307 895 ι
2371 843 2528 899 Tunc
2581 843 2874 900 manifesta
2934 843 3027 899 ﬁet
3090 843 3377 901 distinctio

1789 936 2069 1006 justorum
2108 939 2178 993 ab
2205 937 2435 1007 iniquis,
2461 945 2516 990 et
2544 952 2731 993 eorum
2767 938 2861 1008 qui
2884 937 3095 993 servire
3121 936 3230 993 Deo
3256 945 3376 993 stu-

1794 1028 2034 1083 duerunt
2062 1029 2131 1083 ab
2165 1029 2274 1085 illis
2295 1030 2389 1099 qui
2418 1028 2557 1083 nihil
2585 1030 2740 1100 pensi
2766 1029 2821 1085 id
2845 1030 3156 1086 habuerunt
3184 1049 3198 1087 :
3244 1031 3375 1086 item

1795 1121 1937 1175 inter
1968 1120 2228 1175 inﬂictam
2260 1122 2524 1193 improbis
2560 1137 2799 1192 pmnam,
2829 1130 2882 1178 et
2911 1123 3054 1179 inter
3077 1124 3219 1179 bona
3244 1138 3377 1193 pro-

1792 1211 1878 1266 bis
1904 1211 2181 1282 impertita
2213 1231 2226 1268 :
2261 1214 2486 1269 omnino
2512 1213 2777 1269 discretio
2807 1214 2911 1269 erit
2930 1213 3074 1270 inter
3093 1215 3288 1282 malos,
3318 1225 3375 1273 et

1794 1299 1939 1356 inter
1964 1301 2157 1357 bonos.
2191 1302 2282 1355 Ait
2313 1310 2496 1357 autem
2529 1303 2644 1357 haec
2677 1311 3049 1359 consentanee
3074 1303 3239 1360 dictis
3272 1320 3373 1359 an-

1792 1400 1878 1446 tea
1917 1391 1984 1447 de
2033 1395 2200 1447 rebus
2246 1401 2407 1449 aetate
2462 1393 2897 1450 Maccabaaorum
2948 1395 3200 1452 futuris:
3261 1413 3372 1468 quo

1792 1492 2038 1555 tempore
2075 1494 2348 1556 quotquot
2394 1485 2547 1541 fuere
2588 1486 2717 1540 mali
2761 1487 2817 1541 in
2864 1487 3068 1557 populo
3106 1488 3371 1557 gravissi-

1791 1589 1939 1629 mum
1975 1576 2123 1645 passi
2172 1582 2302 1631 sunt
2347 1576 2720 1645 supplicium;
2771 1576 3182 1646 maximumque
3206 1576 3371 1635 vicis-

1792 1663 1895 1718 sim
1929 1666 2079 1719 nacti
2113 1673 2244 1720 sunt
2272 1682 2302 1719 a
2333 1663 2443 1723 Deo
2463 1666 2727 1720 auxilium
2755 1666 2846 1736 qui
2878 1667 3104 1722 virtutis
3130 1676 3370 1724 sectato-

1790 1772 1879 1813 res
1927 1758 2169 1813 t'uerunt.
2218 1759 2399 1826 Quare
2445 1760 2517 1815 ob
2569 1758 2848 1815 dictorum
2890 1759 3377 1817 conﬁrmationem

144 1855 277 1907 κακοὶ
302 1857 391 1907 τοῦ
421 1854 551 1910 λαοῦ
587 1855 688 1927 τὴν
717 1856 989 1928 τιμωρίαν
1023 1855 1292 1923 ἐδέξαντο,
1331 1833 1594 1929 μεγίστης
1630 1858 1688 1911 δὲ

1803 1851 1873 1908 sic
1904 1851 2262 1923 prosequitur
2301 1870 2315 1906 :

143 1947 190 1997 ἐν
212 1945 366 2000 ἀπασι
398 1948 494 2014 τῆς
538 1946 692 2011 θείας
731 1947 919 2019 ἔτυχον
966 1950 1140 2020 ῥοπῆς
1165 1949 1218 2002 οἱ
1257 1947 1352 2002 τοῦ
1382 1950 1692 2020 κρείττονος

144 2038 355 2107 ἐρασταί.
386 2037 546 2092 Ὅθεν
579 2038 662 2103 είς
687 2037 979 2110 βεϐαίωσιν
1008 2038 1116 2093 τῶν
1141 2039 1446 2112 εἰρημένων
1470 2042 1686 2111 ἐπάγει·

716 2171 967 2226 ΚΕΦΑΛ.
999 2174 1072 2226 Δ⁹.

199 2304 329 2374 Στίχ.
351 2304 493 2375 α’-β⁴.
515 2336 587 2349 -
613 2323 634 2357 ι
662 2305 787 2359 Ὅτι
823 2306 933 2360 ἰδοὺ
962 2305 1146 2378 ἡμέρα
1176 2304 1397 2379 ἔρχεται
1420 2309 1688 2380 καιομένη

146 2393 206 2457 ὡς
228 2394 477 2461 κλίϐανος,
512 2397 611 2451 καὶ
648 2396 832 2465 φλέξει
858 2398 1057 2463 αύτούς
1076 2416 1092 2432 ο
1128 2400 1224 2455 καὶ
1250 2400 1460 2454 ἔσονται
1490 2400 1689 2464 πάντες

146 2486 183 2537 oi
205 2484 482 2553 ἀλλογενεῖς
501 2486 598 2540 καὶ
624 2486 825 2551 πάντες
842 2490 891 2542 oi
910 2490 1190 2556 ποιοῦντες
1214 2492 1411 2562 ἄνομα,
1440 2490 1682 2563 καλάμη·

148 2577 224 2629 καὶ
243 2577 419 2647 ἀνάψει
442 2577 639 2642 αὐτοὺς
666 2578 699 2649 ἠ
731 2578 913 2651 ἡμέρα
934 2582 968 2652 ἡ
996 2582 1286 2654 ἐρχομένη,
1311 2582 1458 2652 λέγει
1481 2582 1684 2655 Κύριος

149 2668 519 2738 παντοκράτωρ·
554 2667 652 2721 καὶ
676 2668 736 2721 οὐ
771 2668 847 2741 μὴ
881 2670 1177 2743 ὑπολειφθῇ
1204 2672 1384 2726 αὐτῶν
1417 2672 1543 2743 ῥίζα
1566 2672 1688 2726 οὐδὲ

151 2756 321 2827 κλῆμα.
351 2772 369 2808 ι
418 2758 507 2813 Ἑν
547 2759 744 2831 ἐκείνῳ
780 2759 910 2834 γὰρ,
954 2762 1111 2833 φησὶ,
1158 2762 1238 2834 τῷ
1264 2763 1442 2835 καιρῷ
1478 2763 1554 2828 ὡς
1585 2764 1690 2817 ὑπὸ

153 2850 259 2919 πυρὶ
298 2850 683 2923 φλεχθήσονται
738 2852 791 2905 οἱ
821 2869 881 2906 τε
922 2853 1194 2926 ἀλλότριοι
1242 2855 1464 2920 πάντες,
1504 2856 1598 2910 καὶ
1640 2856 1690 2911 οί

150 2942 229 3012 τῆς
261 2944 473 3014 ἀνομίας
502 2936 739 3016 ἐργάται
783 2944 1037 3017 καλάμης
1072 2946 1230 3017 δίκην
1259 2946 1364 3001 ὑπὸ
1391 2948 1490 3019 τῆς
1522 2964 1690 3018 προσ-

152 3032 413 3106 πιπτούσης
440 3035 629 3098 αὐτοῖς
656 3033 1045 3105 ἀφανιζόμενοι
1090 3036 1361 3109 τιμωρίας
1381 3052 1395 3068 ο
1437 3038 1532 3091 καὶ
1562 3036 1691 3107 περὶ

157 3125 235 3195 μὲν
274 3122 356 3181 οὖν
391 3128 515 3192 τοὺς
544 3127 752 3192 κακοὺς
789 3126 965 3182 ταῦτά
1001 3141 1168 3197 φησι·
1209 3130 1321 3192 τοῖς
1369 3127 1430 3181 δὲ
1482 3128 1682 3197 φοϐου-

159 3216 307 3285 μένοις
333 3219 418 3283 τί;
462 3237 480 3271 ι
527 3217 645 3273 Καὶ
671 3218 918 3272 ἀνατελεί
944 3219 1074 3290 ὑμῖν
1107 3220 1222 3283 τοῖς
1245 3217 1598 3292 φοϐουμένοις
1625 3219 1689 3274 τδ

155 3309 291 3381 δνομά
316 3328 408 3383 μου
438 3314 588 3385 ἥλιος
612 3311 980 3382 δικαιοσύνης,
1020 3312 1117 3367 καὶ
1142 3312 1285 3377 ῐασις
1317 3314 1377 3368 ὲν
1402 3316 1522 3377 ταῖς
1556 3312 1687 3369 πτέ-

159 3402 280 3470 ρυξιν
314 3403 487 3461 αὐτοῦ.
521 3422 541 3458 ι
613 3405 774 3476 ’Υμῖν
801 3404 859 3458 δὲ
1102 3405 1203 3477 μὲν
1243 3405 1527 3477 περιέσται
1554 3406 1692 3478 λαμ-

154 3492 324 3563 πρότης
351 3495 565 3560 δικαίως
611 3495 741 3566 ὑμῖν
782 3494 935 3568 παρὰ
981 3494 1076 3549 τοῦ
1124 3492 1259 3548 Θεοῦ
1311 3495 1687 3568 χορηγουμένη

159 3583 270 3654 ὑπὲρ
316 3586 407 3656 τῆς
460 3588 538 3651 είς
583 3585 751 3640 αὑτὸν
808 3584 1055 3649 εὐνοίαςο
1102 3585 1405 3652 ἀπαλλάξει
1441 3586 1497 3640 δὲ
1546 3586 1690 3656 ὑμᾶς

161 3676 321 3740 παντὸς
340 3678 522 3744 κακοῦ,
547 3680 742 3751 ὥσπερ
766 3678 878 3733 τισὶ
899 3677 1128 3750 πτέρυξι
1146 3680 1213 3749 τῇ
1242 3678 1540 3750 κηδεμονίᾳ
1567 3678 1690 3733 σκέ-

162 3785 253 3821 των
276 3774 332 3843 τῇ
360 3772 560 3843 οἰκεία*
598 3772 619 3842 (
642 3786 699 3842 p.
734 3772 834 3828 57l
861 3770 879 3842 )
908 3770 1003 3826 καὶ
1034 3769 1282 3834 διοίσετε,
1308 3769 1494 3840 φησὶν,
1540 3768 1692 3822 οὐδὲν

166 3862 431 3933 μοσχαρίων
459 3863 841 3917 ἀπολυθέντων
861 3878 924 3916 τε
945 3863 1009 3916 ἐκ
1034 3860 1252 3933 δεσμῶν
1277 3860 1372 3916 καὶ
1401 3858 1541 3931 μετά
1564 3858 1693 3913 πολ-

162 3948 239 4021 λῆς
263 3953 583 4025 σκιρτῶντων
613 3954 714 4026 τῆς
740 3954 965 4025 ἡδονῆςο
992 3953 1298 4024 κρατήσετε
1325 3950 1436 4022 γὰρ
1458 3949 1552 4004 καὶ
1582 3949 1692 4004 τῶν

164 4048 593 4118 παρανομούντων,
610 4047 658 4100 οἶ
684 4045 876 4103 σποδοῦ
899 4045 1055 4117 δίκην
1082 4044 1189 4099 ὑπὸ
1219 4045 1331 4109 τοῖς
1362 4043 1520 4096 ποσὶν
1543 4041 1693 4095 ἔσον-

164 4151 233 4188 ται
253 4142 349 4204 τοῖς
369 4141 673 4213 ὑμετέροις,
695 4138 836 4193 κατά
858 4138 950 4192 τὸν
972 4137 1162 4209 καιρὸν
1184 4137 1390 4190 ἐκεῖνον
1412 4134 1533 4188 οὐδὲ
1564 4135 1693 4205 μιᾶς

165 4227 432 4299 ἐπιμελείας
454 4235 488 4305 ἧ
518 4250 667 4297 τινος
694 4229 1007 4303 ἀξιούμενοι
1031 4228 1370 4301 διορθώσεως
1396 4227 1479 4282 ἔτι
1502 4243 1517 4258 ο
1543 4228 1691 4296 λέγει

166 4318 208 4372 ll
243 4322 417 4390 ταῦτα,
463 4326 535 4390 ὡς
564 4323 826 4388 πολλάκις
864 4323 1021 4395 ἔφην,
1060 4321 1154 4376 ἐπὶ
1194 4320 1286 4375 τοῦ
1315 4319 1509 4391 καιροῦ
1532 4336 1693 4390 γεγο-

164 4412 266 4465 νότα
298 4416 394 4469 τῶν
432 4417 826 4481 Μακκαϐαίων,
866 4414 1102 4489 ὁπηνίκα
1129 4414 1229 4487 τὴν
1261 4412 1456 4467 ἑαυτοῦ
1511 4428 1692 4483 παρα‹

2405 2170 2634 2229 CAPUT
2670 2170 2758 2229 ιν.

1861 2306 2021 2363 Vens.
2042 2309 2094 2374 l,
2117 2308 2168 2362 2.
2184 2341 2256 2354 —
2274 2308 2436 2376 «Quia
2457 2328 2582 2368 ecce
2599 2315 2713 2370 dies
2730 2316 2879 2372 venit
2896 2317 3091 2374 ardens
3112 2318 3251 2376 sicut
3269 2321 3366 2377 eli-

1793 2398 1989 2465 banus,
2014 2409 2069 2456 et
2091 2404 2373 2458 comburet
2397 2420 2508 2459 eos.
2538 2406 2818 2476 Eruntque
2843 2424 3030 2464 omnes
3053 2410 3367 2482 alienigenae

1793 2506 2088 2562 omnesque
2114 2502 2333 2564 agentes
2359 2496 2563 2565 iniqua,
2594 2497 2733 2554 sicut
2752 2500 2967 2569 stipula.
2991 2501 3057 2556 Et
3075 2503 3369 2557 suceendet

1798 2596 1893 2637 eos
1932 2584 2049 2639 dies
2101 2586 2347 2650 veniens,
2402 2587 2533 2643 dicit
2584 2588 2845 2647 Dominus
2891 2592 3268 2664 omnipotens;
3313 2602 3370 2651 et

1799 2687 1910 2728 non
1941 2675 2210 2744 supererit
2255 2677 2676 2748 illorumbradix
2720 2692 2815 2737 aut
2860 2699 3063 2739 ramus.
3089 2703 3108 2737 ι
3138 2686 3254 2749 illo,
3285 2686 3369 2739 in-

1789 2765 1931 2835 quit,
1961 2776 2212 2837 tempore
2249 2772 2515 2835 tanquam
2547 2766 2616 2819 ab
2649 2766 2775 2836 igne
2811 2766 3209 2821 comburentur
3233 2766 3372 2822 alie-

1789 2857 2000 2929 nigenae
2033 2871 2262 2924 omnes;
2303 2864 2359 2912 et
2393 2855 2654 2927 nequitiae
2684 2864 3004 2927 operatores
3032 2856 3248 2927 stipula:
3278 2858 3337 2911 in
3356 2884 3370 2899 ι

1788 2955 1905 3003 star
1956 2962 1987 3002 a
2030 2947 2363 3017 corripiente
2410 2961 2506 3002 eos
2558 2962 2721 3017 penna
2767 2946 3143 3003 destruentur.
3194 2946 3260 3001 Et
3300 2948 3370 3005 de

1791 3038 2057 3108 improbis
2084 3037 2253 3109 388
2284 3036 2502 3108 quidem
2536 3037 2613 3093 ait
2646 3038 2782 3092 haec.
2821 3037 2900 3093 De
2936 3038 3213 3094 timoratis
3235 3052 3370 3094 vero

1790 3130 1919 3201 quid
1938 3130 1960 3184 ?
1979 3148 1998 3183 ι
2028 3128 2097 3183 Ει
2118 3131 2325 3185 orietur
2339 3129 2495 3185 vobis
2514 3129 2834 3187 timentibus
2859 3145 3058 3187 nomen
3080 3145 3260 3186 meum
3288 3131 3371 3187 sol

1786 3223 2039 3293 justitiae,
2068 3230 2124 3279 et
2154 3222 2361 3279 sanitas
2388 3222 2444 3277 in
2468 3223 2665 3293 pennis
2695 3222 2839 3292 ejus.
2880 3241 2901 3276 ι
2944 3219 3116 3280 Vobis
3143 3222 3369 3295 quidem

1790 3315 1981 3380 multa,
2013 3320 2074 3369 ut
2096 3329 2203 3385 par.
2218 3321 2323 3381 est,
2341 3314 2516 3385 gloria
2537 3314 2666 3379 erit,
2700 3330 2731 3369 a
2758 3313 2869 3370 Deo
2887 3322 3112 3386 propter
3127 3325 3368 3371 vestram

1788 3419 1917 3473 erga
1949 3418 2075 3459 eum
2120 3402 2555 3459 benevolentiam
2604 3419 2890 3461 concessa.
2943 3403 3080 3462 Tum
3129 3415 3186 3461 et
3221 3405 3373 3462 omni

1791 3497 1936 3550 malo
1975 3494 2251 3567 expediet.
2284 3496 2388 3552 alis
2415 3495 2585 3552 veluti
2622 3496 2974 3567 providentia
3016 3512 3118 3554 sua
3154 3505 3369 3569 tegens.

1788 3586 2047 3659 Nihilque
2106 3587 2373 3645 dilleretis
2435 3603 2469 3643 a
2528 3589 2725 3647 vitulis-
2765 3590 2860 3662 qui
2914 3590 3152 3647 vinculis
3203 3590 3372 3646 soluti

1791 3682 1960 3736 multa
2025 3696 2151 3737 cum
2224 3682 2539 3753 voluptate.
2580 3683 2864 3741 exsiliunt.
2946 3681 3372 3738 Dominabimini

1790 3772 1955 3827 etiam
1988 3771 2216 3842 iniquis,
2245 3772 2340 3842 qui
2370 3771 2529 3843 quasi
2577 3772 2720 3828 cinis
2742 3773 2974 3843 pedibus
3001 3772 3203 3828 vestris
3238 3770 3373 3827 sub-

1789 3871 1973 3929 erunt,
2008 3864 2139 3933 quia
2186 3864 2281 3919 illo
2308 3872 2561 3935 tempore
2599 3879 2735 3919 cura
2772 3880 2893 3919 mea
2928 3865 3077 3919 nulla
3106 3865 3191 3919 vel
3218 3865 3368 3919 leva-

1792 3961 1976 4009 mento
2014 3954 2164 4026 «ligni
2202 3954 2575 4011 habebuntur.
2619 3954 2747 4011 llaec
2778 3964 2959 4011 autem
2990 3957 3088 4018 ait.
3132 3963 3190 4010 ut
3227 3970 3372 4027 saepe

1790 4046 1928 4105 dixi.
1968 4047 2036 4102 de
2076 4047 2244 4103 rebus
2284 4063 2406 4118 qua:
2439 4048 2870 4103 Maecabaaorum
2904 4057 3152 4119 tempore
3188 4049 3369 4103 conti-

1790 4145 2011 4209 gerunt,
2040 4152 2166 4192 cum
2202 4154 2365 4194 suum
2410 4139 2660 4210 praebens
2689 4139 2953 4193 auxilium
2994 4138 3157 4203 Deus,
3196 4139 3371 4196 malos

1792 4242 1953 4300 pcena
1999 4229 2293 4300 implicuit,
2339 4231 2396 4286 in
2429 4231 2632 4287 solatio
2661 4238 2849 4289 autem
2903 4238 2958 4286 et
3004 4230 3369 4301 prosperitate

1790 4336 1887 4378 eos
1920 4323 2209 4378 constituit
2254 4322 2349 4393 qui
2400 4323 2549 4394 leges
2590 4323 2764 4394 ipsius
2810 4322 3168 4392 protegebant
3209 4337 3225 4375 :
3272 4321 3369 4393 qui

1792 4423 1942 4471 certe
1975 4414 2309 4486 puniverunt
2340 4422 2505 4485 atque
2537 4414 2872 4470 domnerunt
2918 4414 3147 4470 omnino
3176 4412 3370 4470 adver-

170 4504 282 4574 σχὼν
316 4508 471 4580 ῥοπὴν
509 4510 538 4562 ὁ
566 4509 703 4573 Θεὸς
736 4509 1115 4580 ἐτιμωρήσατο
1155 4505 1255 4578 μὲν
1300 4507 1425 4569 τοὺς
1463 4504 1685 4566 κακοὺς,

1803 4508 1969 4565 sarius
1988 4524 2143 4573 suos,
2163 4524 2273 4563 non
2288 4524 2357 4564 ex
2384 4508 2708 4579 alienigenis
2729 4514 2968 4575 tantum,
2990 4522 3180 4562 verum
3201 4507 3367 4563 etiam

167 4596 213 4647 ἐν
234 4597 390 4653 ἀνέσει
415 4601 469 4655 δὲ
494 4603 591 4656 καὶ
616 4600 890 4671 εὐπραγίᾳ
909 4597 1212 4668 κατέστησε
1238 4597 1363 4661 τοὺς
1387 4594 1496 4649 τῶν
1521 4594 1693 4649 αὑτοῦ

166 4686 369 4756 νομίμων
417 4690 833 4763 ἀντεχομένους’
890 4688 942 4742 οἳ
986 4686 1080 4740 καὶ
1136 4686 1546 4757 ἐτιμωρήσαντο
1595 4684 1691 4738 καὶ

167 4781 527 4853 κατεκράτησαν
554 4781 835 4846 παντελῶς
866 4780 975 4835 τῶν
1005 4779 1280 4843 ἐναντίων,
1314 4779 1374 4831 οὐ
1403 4778 1512 4830 τῶν
1537 4776 1691 4848 παρὰ

167 4871 252 4931 τοῖς
270 4871 540 4945 ἀλλοτρίοις
562 4875 745 4947 μόνον,
777 4873 912 4928 ἀλλά
942 4872 1052 4945 γάρ
1071 4870 1290 4926 καὶτῶν
1314 4870 1529 4923 οἰκείων
1549 4885 1563 4899 ·
1590 4869 1689 4937 ἀφ’

166 4950 227 5011 ὧν
251 4961 306 5033 δη
329 4966 414 5018 καὶ
448 4967 605 5038 δῆλον
626 4966 830 5021 ἅπασιν
858 4966 1073 5035 ἐγένετο
1093 4966 1215 5018 ὅσον
1239 4964 1358 5019 ἐστὶ
1392 4962 1454 5016 τὸ
1484 4962 1689 5032 μεταξὺ

169 5050 252 5105 τῶν
277 5072 328 5108 τε
364 5056 713 5115 δουλευόντων
755 5057 895 5129 Θεῷ,
941 5058 1035 5111 καὶ
1082 5056 1192 5111 τῶν
1241 5055 1502 5110 τάναντία
1554 5071 1691 5125 φρο-

170 5142 376 5239 νούντων,
397 5149 483 5218 ἀφ’
506 5130 584 5239 ὧη
606 5151 669 5239 οἱ,
682 5150 779 5220 μὲν
809 5149 1118 5221 βαρυτάτην
1138 5147 1383 5211 ἐδέξαντο
1397 5148 1690 5217 τιμωρίαν,

168 5232 208 5281 οἱ
231 5234 276 5286 δὲ
300 5238 349 5289 ἐν
384 5232 601 5314 εὐθηνίᾲ
631 5232 691 5295 τε
723 5241 818 5295 καὶ
856 5241 1134 5313 εὐπραγίᾳ
1161 5240 1501 5309 κατέστησαν
1544 5239 1695 5293 πλεί-

1792 4615 1859 4657 ex
1895 4599 2263 4672 popularibus
2291 4602 2431 4657 suis.
2467 4600 2548 4656 Ex
2588 4616 2698 4672 quo
2727 4599 2943 4655 cunctis
2974 4599 3213 4654 innotuit
3237 4598 3369 4670 quid

1790 4690 2089 4747 interesset
2119 4691 2266 4746 inter
2289 4690 2401 4746 Deo
2428 4691 2753 4754 servientes,
2779 4696 2833 4746 et
2852 4690 2996 4745 inter
3025 4689 3368 4745 contrarium

1790 4792 2052 4855 agentes;
2108 4797 2220 4854 qua
2271 4781 2339 4838 de
2392 4797 2563 4838 causa
2610 4781 2666 4837 hi
2718 4781 3100 4852 gravissimam
3151 4794 3368 4852 pmnam

1791 4874 2156 4944 pertulerunt.
2199 4874 2279 4929 illi
2331 4882 2514 4929 autem
2546 4887 2840 4944 prosperos
2870 4887 3165 4928 successus
3199 4870 3372 4926 felici-

1791 4972 2071 5035 tatemque
2092 4965 2384 5035 plurimam
2405 4964 2554 5018 nacti
2578 4972 2725 5020 sunt.
2751 4962 2815 5017 Et
2841 4963 3126 5035 prophetia
3145 4961 3369 5032 quidem

1793 5054 1939 5109 beati
1963 5055 2160 5125 Angeli
2188 5055 2263 5111 ita
2286 5070 2347 5111 se
2368 5055 2584 5119 habuit,
2614 5069 2778 5126 quam
2813 5053 2881 5109 de
2904 5054 3070 5109 rebus
3101 5063 3211 5107 tum
3242 5061 3371 5107 asta-

1794 5157 1849 5202 te
1881 5147 1997 5211 illa.
2030 5154 2147 5202 tum
2178 5146 2282 5203 sub
2304 5145 2651 5212 Maccabzeis,
2676 5146 2745 5202 ad
2778 5144 3056 5201 lsraelitas
3088 5144 3370 5215 pertinen-

1795 5240 1944 5295 tibus
1976 5236 2129 5295 fecit.

174 5340 268 5396 στῃο
307 5330 363 5384 Ἠ
405 5335 497 5405 μὲν
532 5337 590 5391 δὲ
632 5336 771 5409 πρὸς
850 5335 941 5389 τὸν
1012 5335 1142 5388 λαὸν
1184 5332 1490 5406 προφητεία
1551 5333 1643 5388 τοῦ
1694 5333 1964 5405 μακαρίου
2014 5332 2268 5402 Ἀγγέλου
2307 5332 2494 5387 τοῦτον
2535 5331 2662 5403 ἔσχε
2712 5331 2803 5385 τὸν
2869 5329 3089 5402 τρόπον,
3136 5329 3204 5400 ἢν
3244 5332 3371 5398 περὶ

168 5420 255 5472 τῶν
281 5426 440 5495 αὐτοῖς
466 5433 847 5504 προσηκόντων
875 5430 1019 5485 κατά
1042 5448 1101 5484 τε
1120 5429 1211 5485 τὸν
1238 5429 1425 5502 καιρὸν
1455 5429 1679 5496 ἐκεῖνον,
1722 5430 1865 5485 κατά
1895 5447 1955 5483 τε
1988 5429 2080 5483 τὸν
2106 5428 2214 5483 τῶν
2242 5427 2615 5484 Μακκαὸαίων
2642 5427 2955 5496 ἐποιήσατο.

236 5514 426 5593 Ἐπειδὴ
484 5524 539 5578 δὲ
590 5520 896 5588 τελευταῖος
936 5523 1110 5588 οὕτως
1138 5514 1369 5592 ἐγένετο
1412 5523 1695 5594 προφήτης

172 5601 385 5665 ἁπάντων
427 5616 529 5671 τῶν
581 5606 769 5690 γραφῇ
819 5617 918 5681 τὰς
960 5615 1170 5671 ἑαυτῶν
1230 5615 1692 5687 παραδεδωκότων

177 5703 489 5770 προφητείας,
519 5708 692 5772 καλῶς
725 5708 868 5779 ἔχειν
901 5708 1145 5777 ἡγήσατο
1174 5704 1357 5758 λοιπὸν
1388 5703 1559 5769 δεῖξαι
1593 5705 1692 5776 μὲν

177 5785 252 5838 τοῦ
284 5792 426 5859 νόμον
466 5800 558 5870 τὴν
603 5800 918 5863 κατάλυσιν,
964 5800 1132 5865 δεῖξαι
1174 5798 1231 5852 δὲ
1264 5798 1329 5852 τά
1360 5797 1495 5868 μετά
1535 5796 1693 5851 τοῦτο

1871 5520 2010 5587 Quia
2078 5536 2211 5576 vero
2275 5527 2591 5590 postremus
2649 5518 2741 5574 bic
2785 5516 3030 5571 omnium
3076 5513 3373 5586 propheta-

1799 5629 1922 5667 rum
1973 5612 2099 5678 fuit,
2148 5612 2242 5684 qui
2274 5627 2404 5669 suas
2430 5612 2638 5683 scripto
2678 5609 2995 5683 prophetias
3018 5607 3371 5668 mandarunt,

1799 5715 1947 5761 recte
1973 5723 2033 5761 se
2062 5706 2248 5761 facere
2286 5704 2559 5775 judicavit
2588 5701 3023 5760 demonstrando
3053 5701 3252 5757 deinde
3299 5699 3376 5753 le-

1799 5799 1882 5872 Bis
1909 5800 2300 5867 εεεεὲῑίοιιεωι
2331 5806 2385 5855 ει
2412 5812 2532 5869 Quae
2564 5806 2754 5870 postea
2777 5802 2964 5854 essent
2980 5799 3372 5852 consecutura.
