  <div class='ocr_page' id='page_1' title='image "/cluster/home/n/w/nwhite01/storage/ocr_20150623/66/hvd.32044020183315/321.png"; bbox 0 0 3904 6540; ppageno 0'>
   <div class='ocr_carea' id='block_1_1' title="bbox 404 333 501 394">
    <p class='ocr_par' dir='ltr' id='par_1_1' title="bbox 404 333 501 394">
     <span class='ocr_line' id='line_1_1' title="bbox 404 333 501 394; baseline -0.021 0"><span class='ocrx_word' id='word_1_1' title='bbox 404 333 501 394; x_wconf 71' lang='grc'><strong>651</strong></span> 
     </span>
    </p>
   </div>
   <div class='ocr_carea' id='block_1_2' title="bbox 1582 325 3633 387">
    <p class='ocr_par' dir='ltr' id='par_1_2' title="bbox 1582 325 3633 387">
     <span class='ocr_line' id='line_1_2' title="bbox 1582 325 3633 387; baseline 0 -4"><span class='ocrx_word' id='word_1_2' title='bbox 1582 325 1941 384; x_wconf 73' lang='lat' dir='ltr'><strong>THEODORI</strong></span> <span class='ocrx_word' id='word_1_3' title='bbox 1967 325 2451 387; x_wconf 67' lang='lat' dir='ltr'><strong>MOPSUESTENI</strong></span> <span class='ocrx_word' id='word_1_4' title='bbox 3553 329 3633 384; x_wconf 69' lang='lat'><strong>652</strong></span> 
     </span>
    </p>
   </div>
   <div class='ocr_carea' id='block_1_3' title="bbox 408 450 1990 527">
    <p class='ocr_par' dir='ltr' id='par_1_3' title="bbox 408 451 1981 527">
     <span class='ocr_line' id='line_1_3' title="bbox 408 451 1981 527; baseline -0.002 -17"><span class='ocrx_word' id='word_1_5' title='bbox 408 476 429 510; x_wconf 75' lang='grc' dir='ltr'><strong>ι</strong></span> <span class='ocrx_word' id='word_1_6' title='bbox 470 456 800 513; x_wconf 83' lang='lat' dir='ltr'><strong>Mementote</strong></span> <span class='ocrx_word' id='word_1_7' title='bbox 825 453 965 527; x_wconf 81' lang='lat' dir='ltr'><strong>legis</strong></span> <span class='ocrx_word' id='word_1_8' title='bbox 994 451 1199 524; x_wconf 76' lang='lat' dir='ltr'><strong>Moysis</strong></span> <span class='ocrx_word' id='word_1_9' title='bbox 1230 452 1376 509; x_wconf 83' lang='lat' dir='ltr'><strong>servi</strong></span> <span class='ocrx_word' id='word_1_10' title='bbox 1422 452 1552 517; x_wconf 90' lang='lat' dir='ltr'><strong>mei,</strong></span> <span class='ocrx_word' id='word_1_11' title='bbox 1589 453 1734 507; x_wconf 90' lang='lat' dir='ltr'><strong>sicut</strong></span> <span class='ocrx_word' id='word_1_12' title='bbox 1762 454 1812 508; x_wconf 88' lang='lat' dir='ltr'><strong>ei</strong></span> <span class='ocrx_word' id='word_1_13' title='bbox 1840 466 1981 523; x_wconf 65' lang='lat' dir='ltr'><strong>pra:-</strong></span> 
     </span>
    </p>
   </div>
   <div class='ocr_carea' id='block_1_4' title="bbox 2098 450 3639 527">
    <p class='ocr_par' dir='ltr' id='par_1_4' title="bbox 2098 450 3639 524">
     <span class='ocr_line' id='line_1_4' title="bbox 2098 450 3639 524; baseline 0.002 -19"><span class='ocrx_word' id='word_1_14' title='bbox 2098 452 2353 524; x_wconf 71' lang='grc' dir='ltr'>ίσόμεναο</span> <span class='ocrx_word' id='word_1_15' title='bbox 2401 450 2483 505; x_wconf 88' lang='grc' dir='ltr'>διό</span> <span class='ocrx_word' id='word_1_16' title='bbox 2531 468 2665 523; x_wconf 80' lang='grc' dir='ltr'>φησι</span> <span class='ocrx_word' id='word_1_17' title='bbox 2712 451 2895 523; x_wconf 84' lang='grc' dir='ltr'>(Στίχ.</span> <span class='ocrx_word' id='word_1_18' title='bbox 2930 450 3043 520; x_wconf 84' lang='grc' dir='ltr'><strong>ς¹)’</strong></span> <span class='ocrx_word' id='word_1_19' title='bbox 3104 471 3125 504; x_wconf 76' lang='grc' dir='ltr'><strong>ι</strong></span> <span class='ocrx_word' id='word_1_20' title='bbox 3168 451 3463 523; x_wconf 76' lang='grc' dir='ltr'>Μνήσθητε</span> <span class='ocrx_word' id='word_1_21' title='bbox 3504 453 3639 524; x_wconf 73' lang='grc' dir='ltr'>νόμον</span> 
     </span>
    </p>
   </div>
   <div class='ocr_carea' id='block_1_5' title="bbox 404 542 1990 619">
    <p class='ocr_par' dir='ltr' id='par_1_5' title="bbox 404 542 1990 619">
     <span class='ocr_line' id='line_1_5' title="bbox 404 542 1990 619; baseline -0.004 -14"><span class='ocrx_word' id='word_1_22' title='bbox 404 550 521 619; x_wconf 65' lang='lat' dir='ltr'><strong>cepi</strong></span> <span class='ocrx_word' id='word_1_23' title='bbox 558 550 613 603; x_wconf 89' lang='lat' dir='ltr'><strong>in</strong></span> <span class='ocrx_word' id='word_1_24' title='bbox 653 547 872 604; x_wconf 88' lang='lat' dir='ltr'><strong>Choreb</strong></span> <span class='ocrx_word' id='word_1_25' title='bbox 913 545 982 600; x_wconf 90' lang='lat' dir='ltr'><strong>ad</strong></span> <span class='ocrx_word' id='word_1_26' title='bbox 1031 547 1351 600; x_wconf 84' lang='lat' dir='ltr'><strong>universum</strong></span> <span class='ocrx_word' id='word_1_27' title='bbox 1417 542 1671 600; x_wconf 89' lang='lat' dir='ltr'><strong>lsraelem</strong></span> <span class='ocrx_word' id='word_1_28' title='bbox 1733 544 1990 599; x_wconf 85' lang='lat' dir='ltr'><strong>mandata</strong></span> 
     </span>
    </p>
   </div>
   <div class='ocr_carea' id='block_1_6' title="bbox 403 630 1989 708">
    <p class='ocr_par' dir='ltr' id='par_1_6' title="bbox 403 630 1989 708">
     <span class='ocr_line' id='line_1_6' title="bbox 403 630 1989 708; baseline -0.006 -15"><span class='ocrx_word' id='word_1_29' title='bbox 403 638 928 708; x_wconf 87' lang='lat' dir='ltr'><strong>etjustificationes.</strong></span> <span class='ocrx_word' id='word_1_30' title='bbox 965 634 1030 688; x_wconf 80' lang='lat' dir='ltr'><strong>Et</strong></span> <span class='ocrx_word' id='word_1_31' title='bbox 1068 649 1200 691; x_wconf 82' lang='lat' dir='ltr'><strong>ecce</strong></span> <span class='ocrx_word' id='word_1_32' title='bbox 1231 648 1334 705; x_wconf 87' lang='lat' dir='ltr'><strong>ego</strong></span> <span class='ocrx_word' id='word_1_33' title='bbox 1364 635 1577 689; x_wconf 89' lang='lat' dir='ltr'><strong>mittam</strong></span> <span class='ocrx_word' id='word_1_34' title='bbox 1621 632 1779 687; x_wconf 83' lang='lat' dir='ltr'><strong>vobis</strong></span> <span class='ocrx_word' id='word_1_35' title='bbox 1814 630 1989 685; x_wconf 87' lang='lat' dir='ltr'><strong>Eliam</strong></span> 
     </span>
    </p>
   </div>
   <div class='ocr_carea' id='block_1_7' title="bbox 403 724 1997 798">
    <p class='ocr_par' dir='ltr' id='par_1_7' title="bbox 403 724 1997 798">
     <span class='ocr_line' id='line_1_7' title="bbox 403 724 1997 798; baseline -0.004 -15"><span class='ocrx_word' id='word_1_36' title='bbox 403 728 745 793; x_wconf 70' lang='lat' dir='ltr'><strong>Thesbiten),</strong></span> <span class='ocrx_word' id='word_1_37' title='bbox 793 737 922 783; x_wconf 73' lang='lat' dir='ltr'><strong>ante</strong></span> <span class='ocrx_word' id='word_1_38' title='bbox 967 742 1135 798; x_wconf 88' lang='lat' dir='ltr'><strong>quam</strong></span> <span class='ocrx_word' id='word_1_39' title='bbox 1178 726 1365 781; x_wconf 81' lang='lat' dir='ltr'><strong>veniat</strong></span> <span class='ocrx_word' id='word_1_40' title='bbox 1398 725 1517 781; x_wconf 90' lang='lat' dir='ltr'><strong>dies</strong></span> <span class='ocrx_word' id='word_1_41' title='bbox 1545 724 1764 779; x_wconf 86' lang='lat' dir='ltr'><strong>Domini</strong></span> <span class='ocrx_word' id='word_1_42' title='bbox 1795 732 1997 796; x_wconf 82' lang='lat' dir='ltr'><strong>magna</strong></span> 
     </span>
    </p>
   </div>
   <div class='ocr_carea' id='block_1_8' title="bbox 403 817 1988 890">
    <p class='ocr_par' dir='ltr' id='par_1_8' title="bbox 403 817 1988 890">
     <span class='ocr_line' id='line_1_8' title="bbox 403 817 1988 890; baseline -0.003 -15"><span class='ocrx_word' id='word_1_43' title='bbox 403 830 459 875; x_wconf 89' lang='lat' dir='ltr'><strong>et</strong></span> <span class='ocrx_word' id='word_1_44' title='bbox 488 821 749 886; x_wconf 74' lang='lat' dir='ltr'><strong>illustris,</strong></span> <span class='ocrx_word' id='word_1_45' title='bbox 784 820 879 890; x_wconf 92' lang='lat' dir='ltr'><strong>qui</strong></span> <span class='ocrx_word' id='word_1_46' title='bbox 904 819 1285 875; x_wconf 89' lang='lat' dir='ltr'><strong>reconciliabit</strong></span> <span class='ocrx_word' id='word_1_47' title='bbox 1311 833 1409 873; x_wconf 88' lang='lat' dir='ltr'><strong>cor</strong></span> <span class='ocrx_word' id='word_1_48' title='bbox 1436 817 1609 889; x_wconf 78' lang='lat' dir='ltr'><strong>patris</strong></span> <span class='ocrx_word' id='word_1_49' title='bbox 1632 833 1761 889; x_wconf 90' lang='lat' dir='ltr'><strong>erga</strong></span> <span class='ocrx_word' id='word_1_50' title='bbox 1796 818 1988 881; x_wconf 83' lang='lat' dir='ltr'><strong>lilium,</strong></span> 
     </span>
    </p>
   </div>
   <div class='ocr_carea' id='block_1_9' title="bbox 404 910 1991 987">
    <p class='ocr_par' dir='ltr' id='par_1_9' title="bbox 404 910 1991 987">
     <span class='ocr_line' id='line_1_9' title="bbox 404 910 1991 987; baseline -0.003 -19"><span class='ocrx_word' id='word_1_51' title='bbox 404 921 459 969; x_wconf 88' lang='lat' dir='ltr'><strong>et</strong></span> <span class='ocrx_word' id='word_1_52' title='bbox 487 928 585 968; x_wconf 86' lang='lat' dir='ltr'><strong>eor</strong></span> <span class='ocrx_word' id='word_1_53' title='bbox 610 913 853 968; x_wconf 84' lang='lat' dir='ltr'><strong>hominis</strong></span> <span class='ocrx_word' id='word_1_54' title='bbox 869 928 1000 987; x_wconf 85' lang='lat' dir='ltr'><strong>erga</strong></span> <span class='ocrx_word' id='word_1_55' title='bbox 1025 912 1333 983; x_wconf 81' lang='lat' dir='ltr'><strong>proximum</strong></span> <span class='ocrx_word' id='word_1_56' title='bbox 1354 926 1537 973; x_wconf 87' lang='lat' dir='ltr'><strong>suum.</strong></span> <span class='ocrx_word' id='word_1_57' title='bbox 1562 927 1630 965; x_wconf 90' lang='lat' dir='ltr'><strong>ne</strong></span> <span class='ocrx_word' id='word_1_58' title='bbox 1646 926 1745 982; x_wconf 84' lang='lat' dir='ltr'><strong>ego</strong></span> <span class='ocrx_word' id='word_1_59' title='bbox 1766 910 1991 966; x_wconf 82' lang='lat' dir='ltr'><strong>veniens</strong></span> 
     </span>
    </p>
   </div>
   <div class='ocr_carea' id='block_1_10' title="bbox 407 999 1989 1073">
    <p class='ocr_par' dir='ltr' id='par_1_10' title="bbox 407 999 1989 1073">
     <span class='ocr_line' id='line_1_10' title="bbox 407 999 1989 1073; baseline -0.002 -14"><span class='ocrx_word' id='word_1_60' title='bbox 407 1004 655 1060; x_wconf 89' lang='lat' dir='ltr'><strong>funditus</strong></span> <span class='ocrx_word' id='word_1_61' title='bbox 718 1004 904 1059; x_wconf 84' lang='lat' dir='ltr'><strong>omnia</strong></span> <span class='ocrx_word' id='word_1_62' title='bbox 944 1003 1268 1073; x_wconf 82' lang='lat' dir='ltr'><strong>percutiam.</strong></span> <span class='ocrx_word' id='word_1_63' title='bbox 1320 1020 1339 1054; x_wconf 76' lang='grc' dir='ltr'><strong>ι</strong></span> <span class='ocrx_word' id='word_1_64' title='bbox 1396 1000 1561 1072; x_wconf 76' lang='lat'><strong>389</strong></span> <span class='ocrx_word' id='word_1_65' title='bbox 1600 999 1989 1056; x_wconf 85' lang='lat' dir='ltr'><strong>Verumtamen</strong></span> 
     </span>
    </p>
   </div>
   <div class='ocr_carea' id='block_1_11' title="bbox 405 1093 1989 1168">
    <p class='ocr_par' dir='ltr' id='par_1_11' title="bbox 405 1093 1989 1168">
     <span class='ocr_line' id='line_1_11' title="bbox 405 1093 1989 1168; baseline -0.003 -16"><span class='ocrx_word' id='word_1_66' title='bbox 405 1105 603 1168; x_wconf 64' lang='lat' dir='ltr'><strong>praeter</strong></span> <span class='ocrx_word' id='word_1_67' title='bbox 631 1097 817 1152; x_wconf 85' lang='lat' dir='ltr'><strong>omnia</strong></span> <span class='ocrx_word' id='word_1_68' title='bbox 846 1112 969 1167; x_wconf 65' lang='lat' dir='ltr'><strong>quae</strong></span> <span class='ocrx_word' id='word_1_69' title='bbox 996 1094 1142 1151; x_wconf 90' lang='lat' dir='ltr'><strong>dicta</strong></span> <span class='ocrx_word' id='word_1_70' title='bbox 1174 1093 1419 1158; x_wconf 87' lang='lat' dir='ltr'><strong>fuerunt,</strong></span> <span class='ocrx_word' id='word_1_71' title='bbox 1462 1094 1567 1149; x_wconf 89' lang='lat' dir='ltr'><strong>hoc</strong></span> <span class='ocrx_word' id='word_1_72' title='bbox 1587 1093 1743 1149; x_wconf 91' lang='lat' dir='ltr'><strong>vobis</strong></span> <span class='ocrx_word' id='word_1_73' title='bbox 1768 1102 1989 1163; x_wconf 83' lang='lat' dir='ltr'><strong>postre-</strong></span> 
     </span>
    </p>
   </div>
   <div class='ocr_carea' id='block_1_12' title="bbox 405 1187 1992 1258">
    <p class='ocr_par' dir='ltr' id='par_1_12' title="bbox 405 1187 1992 1258">
     <span class='ocr_line' id='line_1_12' title="bbox 405 1187 1992 1258; baseline -0.004 -13"><span class='ocrx_word' id='word_1_74' title='bbox 405 1204 555 1245; x_wconf 85' lang='lat' dir='ltr'><strong>mum</strong></span> <span class='ocrx_word' id='word_1_75' title='bbox 589 1189 909 1244; x_wconf 88' lang='lat' dir='ltr'><strong>mandatum</strong></span> <span class='ocrx_word' id='word_1_76' title='bbox 957 1188 1136 1253; x_wconf 81' lang='lat' dir='ltr'><strong>trado.</strong></span> <span class='ocrx_word' id='word_1_77' title='bbox 1173 1196 1232 1241; x_wconf 93' lang='lat' dir='ltr'><strong>ut</strong></span> <span class='ocrx_word' id='word_1_78' title='bbox 1272 1188 1410 1258; x_wconf 85' lang='lat' dir='ltr'><strong>legis</strong></span> <span class='ocrx_word' id='word_1_79' title='bbox 1441 1201 1577 1241; x_wconf 69' lang='lat' dir='ltr'><strong>mere</strong></span> <span class='ocrx_word' id='word_1_80' title='bbox 1601 1200 1872 1241; x_wconf 84' lang='lat' dir='ltr'><strong>memores</strong></span> <span class='ocrx_word' id='word_1_81' title='bbox 1916 1187 1992 1241; x_wconf 87' lang='lat' dir='ltr'><strong>si-</strong></span> 
     </span>
    </p>
   </div>
   <div class='ocr_carea' id='block_1_13' title="bbox 403 1278 1990 1354">
    <p class='ocr_par' dir='ltr' id='par_1_13' title="bbox 403 1278 1990 1354">
     <span class='ocr_line' id='line_1_13' title="bbox 403 1278 1990 1354; baseline -0.004 -16"><span class='ocrx_word' id='word_1_82' title='bbox 403 1285 501 1347; x_wconf 86' lang='lat' dir='ltr'><strong>tis,</strong></span> <span class='ocrx_word' id='word_1_83' title='bbox 533 1298 697 1354; x_wconf 88' lang='lat' dir='ltr'><strong>quam</strong></span> <span class='ocrx_word' id='word_1_84' title='bbox 744 1299 839 1353; x_wconf 89' lang='lat' dir='ltr'><strong>per</strong></span> <span class='ocrx_word' id='word_1_85' title='bbox 877 1280 1119 1354; x_wconf 81' lang='lat' dir='ltr'><strong>Moysem</strong></span> <span class='ocrx_word' id='word_1_86' title='bbox 1171 1282 1434 1337; x_wconf 82' lang='lat' dir='ltr'><strong>universo</strong></span> <span class='ocrx_word' id='word_1_87' title='bbox 1481 1280 1674 1335; x_wconf 88' lang='lat' dir='ltr'><strong>lsraeli</strong></span> <span class='ocrx_word' id='word_1_88' title='bbox 1729 1278 1990 1349; x_wconf 87' lang='lat' dir='ltr'><strong>imposui,</strong></span> 
     </span>
    </p>
   </div>
   <div class='ocr_carea' id='block_1_14' title="bbox 406 1371 1992 1447">
    <p class='ocr_par' dir='ltr' id='par_1_14' title="bbox 406 1371 1992 1447">
     <span class='ocr_line' id='line_1_14' title="bbox 406 1371 1992 1447; baseline -0.003 -17"><span class='ocrx_word' id='word_1_89' title='bbox 406 1392 755 1447; x_wconf 61' lang='lat' dir='ltr'><strong>quaecunque</strong></span> <span class='ocrx_word' id='word_1_90' title='bbox 786 1375 855 1430; x_wconf 87' lang='lat' dir='ltr'><strong>ab</strong></span> <span class='ocrx_word' id='word_1_91' title='bbox 904 1391 969 1430; x_wconf 88' lang='lat' dir='ltr'><strong>eo</strong></span> <span class='ocrx_word' id='word_1_92' title='bbox 1035 1374 1157 1430; x_wconf 82' lang='lat' dir='ltr'><strong>ﬁeri</strong></span> <span class='ocrx_word' id='word_1_93' title='bbox 1214 1381 1494 1444; x_wconf 87' lang='lat' dir='ltr'><strong>oporteret</strong></span> <span class='ocrx_word' id='word_1_94' title='bbox 1543 1371 1837 1427; x_wconf 81' lang='lat' dir='ltr'><strong>manifeste</strong></span> <span class='ocrx_word' id='word_1_95' title='bbox 1876 1372 1992 1427; x_wconf 85' lang='lat' dir='ltr'><strong>edi-</strong></span> 
     </span>
    </p>
   </div>
   <div class='ocr_carea' id='block_1_15' title="bbox 404 1464 2005 1538">
    <p class='ocr_par' dir='ltr' id='par_1_15' title="bbox 404 1464 2005 1538">
     <span class='ocr_line' id='line_1_15' title="bbox 404 1464 2005 1538; baseline -0.004 -15"><span class='ocrx_word' id='word_1_96' title='bbox 404 1485 564 1523; x_wconf 87' lang='lat' dir='ltr'><strong>cens.</strong></span> <span class='ocrx_word' id='word_1_97' title='bbox 597 1467 689 1523; x_wconf 88' lang='lat' dir='ltr'><strong>Sic</strong></span> <span class='ocrx_word' id='word_1_98' title='bbox 716 1483 845 1538; x_wconf 87' lang='lat' dir='ltr'><strong>ergo</strong></span> <span class='ocrx_word' id='word_1_99' title='bbox 890 1467 945 1521; x_wconf 93' lang='lat' dir='ltr'><strong>in</strong></span> <span class='ocrx_word' id='word_1_100' title='bbox 996 1468 1191 1538; x_wconf 82' lang='lat' dir='ltr'><strong>primis</strong></span> <span class='ocrx_word' id='word_1_101' title='bbox 1242 1465 1568 1520; x_wconf 66' lang='lat' dir='ltr'><strong>obedientiaa</strong></span> <span class='ocrx_word' id='word_1_102' title='bbox 1601 1464 1803 1520; x_wconf 89' lang='lat' dir='ltr'><strong>dabitis</strong></span> <span class='ocrx_word' id='word_1_103' title='bbox 1851 1464 2005 1518; x_wconf 39' lang='lat' dir='ltr'><strong>indis</strong></span> 
     </span>
    </p>
   </div>
   <div class='ocr_carea' id='block_1_16' title="bbox 406 1556 1990 1628">
    <p class='ocr_par' dir='ltr' id='par_1_16' title="bbox 406 1556 1990 1628">
     <span class='ocr_line' id='line_1_16' title="bbox 406 1556 1990 1628; baseline -0.004 -12"><span class='ocrx_word' id='word_1_104' title='bbox 406 1564 583 1628; x_wconf 89' lang='lat' dir='ltr'><strong>cium,</strong></span> <span class='ocrx_word' id='word_1_105' title='bbox 605 1563 650 1616; x_wconf 92' lang='lat' dir='ltr'><strong>si</strong></span> <span class='ocrx_word' id='word_1_106' title='bbox 678 1560 969 1615; x_wconf 85' lang='lat' dir='ltr'><strong>Dominum</strong></span> <span class='ocrx_word' id='word_1_107' title='bbox 1000 1562 1305 1615; x_wconf 87' lang='lat' dir='ltr'><strong>venientem</strong></span> <span class='ocrx_word' id='word_1_108' title='bbox 1329 1558 1656 1628; x_wconf 76' lang='lat' dir='ltr'><strong>exceperitis</strong></span> <span class='ocrx_word' id='word_1_109' title='bbox 1685 1556 1990 1620; x_wconf 89' lang='lat' dir='ltr'><strong>Christum,</strong></span> 
     </span>
    </p>
   </div>
   <div class='ocr_carea' id='block_1_17' title="bbox 406 1648 1989 1723">
    <p class='ocr_par' dir='ltr' id='par_1_17' title="bbox 406 1648 1989 1723">
     <span class='ocr_line' id='line_1_17' title="bbox 406 1648 1989 1723; baseline -0.004 -16"><span class='ocrx_word' id='word_1_110' title='bbox 406 1654 502 1723; x_wconf 86' lang='lat' dir='ltr'><strong>qui</strong></span> <span class='ocrx_word' id='word_1_111' title='bbox 535 1660 761 1723; x_wconf 86' lang='lat' dir='ltr'><strong>propter</strong></span> <span class='ocrx_word' id='word_1_112' title='bbox 791 1653 1038 1707; x_wconf 89' lang='lat' dir='ltr'><strong>omnium</strong></span> <span class='ocrx_word' id='word_1_113' title='bbox 1073 1650 1358 1706; x_wconf 84' lang='lat' dir='ltr'><strong>hominum</strong></span> <span class='ocrx_word' id='word_1_114' title='bbox 1387 1650 1621 1706; x_wconf 72' lang='lat' dir='ltr'><strong>sdutem</strong></span> <span class='ocrx_word' id='word_1_115' title='bbox 1662 1648 1950 1719; x_wconf 89' lang='lat' dir='ltr'><strong>apparebit</strong></span> <span class='ocrx_word' id='word_1_116' title='bbox 1977 1667 1989 1715; x_wconf 91' lang='lat'><strong>;</strong></span> 
     </span>
    </p>
   </div>
   <div class='ocr_carea' id='block_1_18' title="bbox 406 1742 1991 1817">
    <p class='ocr_par' dir='ltr' id='par_1_18' title="bbox 406 1742 1991 1817">
     <span class='ocr_line' id='line_1_18' title="bbox 406 1742 1991 1817; baseline -0.004 -16"><span class='ocrx_word' id='word_1_117' title='bbox 406 1748 611 1817; x_wconf 81' lang='lat' dir='ltr'><strong>quique</strong></span> <span class='ocrx_word' id='word_1_118' title='bbox 658 1746 761 1816; x_wconf 81' lang='lat' dir='ltr'><strong>legi</strong></span> <span class='ocrx_word' id='word_1_119' title='bbox 803 1746 965 1800; x_wconf 84' lang='lat' dir='ltr'><strong>linem</strong></span> <span class='ocrx_word' id='word_1_120' title='bbox 1012 1745 1275 1812; x_wconf 86' lang='lat' dir='ltr'><strong>imponet,</strong></span> <span class='ocrx_word' id='word_1_121' title='bbox 1329 1751 1385 1799; x_wconf 91' lang='lat' dir='ltr'><strong>et</strong></span> <span class='ocrx_word' id='word_1_122' title='bbox 1428 1742 1816 1813; x_wconf 82' lang='lat' dir='ltr'><strong>perfectionem</strong></span> <span class='ocrx_word' id='word_1_123' title='bbox 1863 1756 1991 1810; x_wconf 84' lang='lat' dir='ltr'><strong>pro-</strong></span> 
     </span>
    </p>
   </div>
   <div class='ocr_carea' id='block_1_19' title="bbox 408 1832 1991 1907">
    <p class='ocr_par' dir='ltr' id='par_1_19' title="bbox 408 1832 1991 1907">
     <span class='ocr_line' id='line_1_19' title="bbox 408 1832 1991 1907; baseline -0.005 -16"><span class='ocrx_word' id='word_1_124' title='bbox 408 1838 583 1907; x_wconf 91' lang='lat' dir='ltr'><strong>priam</strong></span> <span class='ocrx_word' id='word_1_125' title='bbox 615 1836 1040 1891; x_wconf 84' lang='lat' dir='ltr'><strong>demonstrabit.</strong></span> <span class='ocrx_word' id='word_1_126' title='bbox 1072 1834 1329 1889; x_wconf 83' lang='lat' dir='ltr'><strong>Profecto</strong></span> <span class='ocrx_word' id='word_1_127' title='bbox 1359 1834 1497 1888; x_wconf 88' lang='lat' dir='ltr'><strong>bene</strong></span> <span class='ocrx_word' id='word_1_128' title='bbox 1527 1832 1723 1887; x_wconf 82' lang='lat' dir='ltr'><strong>fuisset</strong></span> <span class='ocrx_word' id='word_1_129' title='bbox 1750 1847 1850 1887; x_wconf 92' lang='lat' dir='ltr'><strong>vos</strong></span> <span class='ocrx_word' id='word_1_130' title='bbox 1879 1842 1991 1889; x_wconf 81' lang='lat' dir='ltr'><strong>sta-</strong></span> 
     </span>
    </p>
   </div>
   <div class='ocr_carea' id='block_1_20' title="bbox 404 1925 1989 1997">
    <p class='ocr_par' dir='ltr' id='par_1_20' title="bbox 404 1925 1989 1997">
     <span class='ocr_line' id='line_1_20' title="bbox 404 1925 1989 1997; baseline -0.004 -13"><span class='ocrx_word' id='word_1_131' title='bbox 404 1930 528 1993; x_wconf 82' lang='lat' dir='ltr'><strong>tim,</strong></span> <span class='ocrx_word' id='word_1_132' title='bbox 552 1937 605 1985; x_wconf 91' lang='lat' dir='ltr'><strong>et</strong></span> <span class='ocrx_word' id='word_1_133' title='bbox 644 1929 697 1982; x_wconf 91' lang='lat' dir='ltr'><strong>in</strong></span> <span class='ocrx_word' id='word_1_134' title='bbox 729 1929 904 1997; x_wconf 87' lang='lat' dir='ltr'><strong>primo</strong></span> <span class='ocrx_word' id='word_1_135' title='bbox 939 1927 1060 1997; x_wconf 84' lang='lat' dir='ltr'><strong>ejus</strong></span> <span class='ocrx_word' id='word_1_136' title='bbox 1099 1928 1336 1982; x_wconf 84' lang='lat' dir='ltr'><strong>adventu</strong></span> <span class='ocrx_word' id='word_1_137' title='bbox 1378 1925 1623 1988; x_wconf 90' lang='lat' dir='ltr'><strong>credere,</strong></span> <span class='ocrx_word' id='word_1_138' title='bbox 1650 1934 1811 1993; x_wconf 88' lang='lat' dir='ltr'><strong>atque</strong></span> <span class='ocrx_word' id='word_1_139' title='bbox 1843 1925 1989 1978; x_wconf 89' lang='lat' dir='ltr'><strong>hunc</strong></span> 
     </span>
    </p>
   </div>
   <div class='ocr_carea' id='block_1_21' title="bbox 410 2018 1989 2092">
    <p class='ocr_par' dir='ltr' id='par_1_21' title="bbox 410 2018 1989 2092">
     <span class='ocr_line' id='line_1_21' title="bbox 410 2018 1989 2092; baseline -0.003 -17"><span class='ocrx_word' id='word_1_140' title='bbox 410 2038 709 2092; x_wconf 82' lang='lat' dir='ltr'><strong>agnoscere</strong></span> <span class='ocrx_word' id='word_1_141' title='bbox 735 2022 885 2075; x_wconf 88' lang='lat' dir='ltr'><strong>illum</strong></span> <span class='ocrx_word' id='word_1_142' title='bbox 918 2036 1044 2075; x_wconf 79' lang='lat' dir='ltr'><strong>esse</strong></span> <span class='ocrx_word' id='word_1_143' title='bbox 1102 2034 1263 2089; x_wconf 82' lang='lat' dir='ltr'><strong>quem</strong></span> <span class='ocrx_word' id='word_1_144' title='bbox 1296 2018 1510 2089; x_wconf 81' lang='lat' dir='ltr'><strong>Moyses</strong></span> <span class='ocrx_word' id='word_1_145' title='bbox 1535 2018 1833 2087; x_wconf 90' lang='lat' dir='ltr'><strong>cunctique</strong></span> <span class='ocrx_word' id='word_1_146' title='bbox 1862 2030 1989 2085; x_wconf 86' lang='lat' dir='ltr'><strong>pro-</strong></span> 
     </span>
    </p>
   </div>
   <div class='ocr_carea' id='block_1_22' title="bbox 408 2107 1992 2185">
    <p class='ocr_par' dir='ltr' id='par_1_22' title="bbox 408 2107 1992 2185">
     <span class='ocr_line' id='line_1_22' title="bbox 408 2107 1992 2185; baseline -0.004 -21"><span class='ocrx_word' id='word_1_147' title='bbox 408 2112 585 2185; x_wconf 69' lang='lat' dir='ltr'><strong>pheta:</strong></span> <span class='ocrx_word' id='word_1_148' title='bbox 620 2112 934 2174; x_wconf 89' lang='lat' dir='ltr'><strong>innuerant,</strong></span> <span class='ocrx_word' id='word_1_149' title='bbox 973 2109 1134 2164; x_wconf 84' lang='lat' dir='ltr'><strong>linem</strong></span> <span class='ocrx_word' id='word_1_150' title='bbox 1169 2108 1270 2177; x_wconf 89' lang='lat' dir='ltr'><strong>legi</strong></span> <span class='ocrx_word' id='word_1_151' title='bbox 1304 2107 1719 2177; x_wconf 86' lang='lat' dir='ltr'><strong>impositurum,</strong></span> <span class='ocrx_word' id='word_1_152' title='bbox 1754 2114 1807 2160; x_wconf 85' lang='lat' dir='ltr'><strong>et</strong></span> <span class='ocrx_word' id='word_1_153' title='bbox 1838 2120 1992 2160; x_wconf 80' lang='lat' dir='ltr'><strong>com-</strong></span> 
     </span>
    </p>
   </div>
   <div class='ocr_carea' id='block_1_23' title="bbox 409 2198 1991 2271">
    <p class='ocr_par' dir='ltr' id='par_1_23' title="bbox 409 2198 1991 2271">
     <span class='ocr_line' id='line_1_23' title="bbox 409 2198 1991 2271; baseline -0.004 -15"><span class='ocrx_word' id='word_1_154' title='bbox 409 2217 633 2256; x_wconf 86' lang='lat' dir='ltr'><strong>munem</strong></span> <span class='ocrx_word' id='word_1_155' title='bbox 665 2202 907 2255; x_wconf 89' lang='lat' dir='ltr'><strong>omnium</strong></span> <span class='ocrx_word' id='word_1_156' title='bbox 940 2202 1120 2271; x_wconf 89' lang='lat' dir='ltr'><strong>palam</strong></span> <span class='ocrx_word' id='word_1_157' title='bbox 1148 2198 1468 2254; x_wconf 78' lang='lat' dir='ltr'><strong>eﬂ‘ecmrum</strong></span> <span class='ocrx_word' id='word_1_158' title='bbox 1501 2198 1733 2253; x_wconf 86' lang='lat' dir='ltr'><strong>salutem</strong></span> <span class='ocrx_word' id='word_1_159' title='bbox 1760 2215 1773 2249; x_wconf 91' lang='lat'>:</span> <span class='ocrx_word' id='word_1_160' title='bbox 1801 2212 1863 2251; x_wconf 78' lang='lat' dir='ltr'><strong>ex</strong></span> <span class='ocrx_word' id='word_1_161' title='bbox 1883 2211 1991 2266; x_wconf 89' lang='lat' dir='ltr'><strong>quo</strong></span> 
     </span>
    </p>
   </div>
   <div class='ocr_carea' id='block_1_24' title="bbox 410 2290 1993 2363">
    <p class='ocr_par' dir='ltr' id='par_1_24' title="bbox 410 2290 1993 2363">
     <span class='ocr_line' id='line_1_24' title="bbox 410 2290 1993 2363; baseline -0.004 -15"><span class='ocrx_word' id='word_1_162' title='bbox 410 2293 546 2348; x_wconf 88' lang='lat' dir='ltr'><strong>illud</strong></span> <span class='ocrx_word' id='word_1_163' title='bbox 582 2310 805 2363; x_wconf 85' lang='lat' dir='ltr'><strong>quoque</strong></span> <span class='ocrx_word' id='word_1_164' title='bbox 855 2292 1113 2347; x_wconf 88' lang='lat' dir='ltr'><strong>omnibus</strong></span> <span class='ocrx_word' id='word_1_165' title='bbox 1165 2291 1520 2355; x_wconf 85' lang='lat' dir='ltr'><strong>innotuisset,</strong></span> <span class='ocrx_word' id='word_1_166' title='bbox 1559 2290 1663 2345; x_wconf 87' lang='lat' dir='ltr'><strong>hoc</strong></span> <span class='ocrx_word' id='word_1_167' title='bbox 1696 2304 1818 2345; x_wconf 90' lang='lat' dir='ltr'><strong>esse</strong></span> <span class='ocrx_word' id='word_1_168' title='bbox 1846 2303 1993 2344; x_wconf 76' lang='lat' dir='ltr'><strong>(nco-</strong></span> 
     </span>
    </p>
   </div>
   <div class='ocr_carea' id='block_1_25' title="bbox 406 2382 1990 2455">
    <p class='ocr_par' dir='ltr' id='par_1_25' title="bbox 406 2382 1990 2455">
     <span class='ocr_line' id='line_1_25' title="bbox 406 2382 1990 2455; baseline -0.003 -16"><span class='ocrx_word' id='word_1_169' title='bbox 406 2385 609 2440; x_wconf 70' lang='lat' dir='ltr'><strong>nomia:</strong></span> <span class='ocrx_word' id='word_1_170' title='bbox 663 2386 830 2441; x_wconf 87' lang='lat' dir='ltr'><strong>totius</strong></span> <span class='ocrx_word' id='word_1_171' title='bbox 886 2384 1027 2455; x_wconf 88' lang='lat' dir='ltr'><strong>legis</strong></span> <span class='ocrx_word' id='word_1_172' title='bbox 1087 2391 1254 2454; x_wconf 91' lang='lat' dir='ltr'><strong>caput</strong></span> <span class='ocrx_word' id='word_1_173' title='bbox 1303 2384 1715 2453; x_wconf 79' lang='lat' dir='ltr'><strong>maximumque</strong></span> <span class='ocrx_word' id='word_1_174' title='bbox 1766 2382 1990 2446; x_wconf 88' lang='lat' dir='ltr'><strong>bonum,</strong></span> 
     </span>
    </p>
   </div>
   <div class='ocr_carea' id='block_1_26' title="bbox 408 2470 1990 2545">
    <p class='ocr_par' dir='ltr' id='par_1_26' title="bbox 408 2470 1990 2545">
     <span class='ocr_line' id='line_1_26' title="bbox 408 2470 1990 2545; baseline -0.004 -16"><span class='ocrx_word' id='word_1_175' title='bbox 408 2489 607 2545; x_wconf 89' lang='lat' dir='ltr'><strong>nempe</strong></span> <span class='ocrx_word' id='word_1_176' title='bbox 646 2484 704 2529; x_wconf 94' lang='lat' dir='ltr'><strong>ut</strong></span> <span class='ocrx_word' id='word_1_177' title='bbox 746 2487 937 2529; x_wconf 89' lang='lat' dir='ltr'><strong>omnes</strong></span> <span class='ocrx_word' id='word_1_178' title='bbox 985 2474 1235 2529; x_wconf 82' lang='lat' dir='ltr'><strong>homines</strong></span> <span class='ocrx_word' id='word_1_179' title='bbox 1280 2474 1347 2527; x_wconf 88' lang='lat' dir='ltr'><strong>ad</strong></span> <span class='ocrx_word' id='word_1_180' title='bbox 1370 2471 1653 2528; x_wconf 85' lang='lat' dir='ltr'><strong>Christum</strong></span> <span class='ocrx_word' id='word_1_181' title='bbox 1701 2470 1990 2525; x_wconf 88' lang='lat' dir='ltr'><strong>Dominum</strong></span> 
     </span>
    </p>
   </div>
   <div class='ocr_carea' id='block_1_27' title="bbox 410 2565 1994 2638">
    <p class='ocr_par' dir='ltr' id='par_1_27' title="bbox 410 2565 1994 2638">
     <span class='ocr_line' id='line_1_27' title="bbox 410 2565 1994 2638; baseline -0.003 -17"><span class='ocrx_word' id='word_1_182' title='bbox 410 2566 841 2632; x_wconf 85' lang='lat' dir='ltr'><strong>adducerentur,</strong></span> <span class='ocrx_word' id='word_1_183' title='bbox 884 2567 980 2638; x_wconf 89' lang='lat' dir='ltr'><strong>qui</strong></span> <span class='ocrx_word' id='word_1_184' title='bbox 1024 2566 1163 2621; x_wconf 90' lang='lat' dir='ltr'><strong>tanti</strong></span> <span class='ocrx_word' id='word_1_185' title='bbox 1187 2566 1320 2620; x_wconf 91' lang='lat' dir='ltr'><strong>boni</strong></span> <span class='ocrx_word' id='word_1_186' title='bbox 1360 2565 1538 2636; x_wconf 87' lang='lat' dir='ltr'><strong>gratia</strong></span> <span class='ocrx_word' id='word_1_187' title='bbox 1592 2572 1840 2635; x_wconf 89' lang='lat' dir='ltr'><strong>tempore</strong></span> <span class='ocrx_word' id='word_1_188' title='bbox 1889 2578 1994 2619; x_wconf 89' lang='lat' dir='ltr'><strong>suo</strong></span> 
     </span>
    </p>
   </div>
   <div class='ocr_carea' id='block_1_28' title="bbox 410 2656 1992 2730">
    <p class='ocr_par' dir='ltr' id='par_1_28' title="bbox 410 2656 1992 2730">
     <span class='ocr_line' id='line_1_28' title="bbox 410 2656 1992 2730; baseline -0.003 -15"><span class='ocrx_word' id='word_1_189' title='bbox 410 2660 748 2715; x_wconf 81' lang='lat' dir='ltr'><strong>adventurus</strong></span> <span class='ocrx_word' id='word_1_190' title='bbox 780 2670 917 2714; x_wconf 90' lang='lat' dir='ltr'><strong>erat.</strong></span> <span class='ocrx_word' id='word_1_191' title='bbox 961 2658 1070 2715; x_wconf 88' lang='lat' dir='ltr'><strong>Sed</strong></span> <span class='ocrx_word' id='word_1_192' title='bbox 1103 2660 1231 2728; x_wconf 82' lang='lat' dir='ltr'><strong>quia</strong></span> <span class='ocrx_word' id='word_1_193' title='bbox 1265 2658 1525 2730; x_wconf 67' lang='lat' dir='ltr'><strong>praesenti</strong></span> <span class='ocrx_word' id='word_1_194' title='bbox 1555 2657 1634 2712; x_wconf 91' lang='lat' dir='ltr'><strong>illi</strong></span> <span class='ocrx_word' id='word_1_195' title='bbox 1658 2656 1992 2712; x_wconf 83' lang='lat' dir='ltr'><strong>malevolen-</strong></span> 
     </span>
    </p>
   </div>
   <div class='ocr_carea' id='block_1_29' title="bbox 407 2749 1996 2815">
    <p class='ocr_par' dir='ltr' id='par_1_29' title="bbox 407 2749 1996 2815">
     <span class='ocr_line' id='line_1_29' title="bbox 407 2749 1996 2815; baseline -0.002 -9"><span class='ocrx_word' id='word_1_196' title='bbox 407 2753 543 2806; x_wconf 82' lang='lat' dir='ltr'><strong>tiam</strong></span> <span class='ocrx_word' id='word_1_197' title='bbox 592 2760 830 2807; x_wconf 79' lang='lat' dir='ltr'><strong>vestram</strong></span> <span class='ocrx_word' id='word_1_198' title='bbox 864 2751 1193 2815; x_wconf 87' lang='lat' dir='ltr'><strong>ostendetis,</strong></span> <span class='ocrx_word' id='word_1_199' title='bbox 1247 2751 1447 2808; x_wconf 85' lang='lat' dir='ltr'><strong>beatus</strong></span> <span class='ocrx_word' id='word_1_200' title='bbox 1489 2749 1558 2804; x_wconf 91' lang='lat' dir='ltr'><strong>ad</strong></span> <span class='ocrx_word' id='word_1_201' title='bbox 1610 2764 1711 2805; x_wconf 90' lang='lat' dir='ltr'><strong>vos</strong></span> <span class='ocrx_word' id='word_1_202' title='bbox 1750 2750 1996 2804; x_wconf 84' lang='lat' dir='ltr'><strong>mittetur</strong></span> 
     </span>
    </p>
   </div>
   <div class='ocr_carea' id='block_1_30' title="bbox 410 2838 1994 2907">
    <p class='ocr_par' dir='ltr' id='par_1_30' title="bbox 410 2838 1994 2907">
     <span class='ocr_line' id='line_1_30' title="bbox 410 2838 1994 2907; baseline -0.003 -11"><span class='ocrx_word' id='word_1_203' title='bbox 410 2842 583 2907; x_wconf 84' lang='lat' dir='ltr'><strong>Elias,</strong></span> <span class='ocrx_word' id='word_1_204' title='bbox 630 2850 759 2897; x_wconf 87' lang='lat' dir='ltr'><strong>ante</strong></span> <span class='ocrx_word' id='word_1_205' title='bbox 798 2841 1102 2898; x_wconf 86' lang='lat' dir='ltr'><strong>secundum</strong></span> <span class='ocrx_word' id='word_1_206' title='bbox 1152 2841 1360 2897; x_wconf 84' lang='lat' dir='ltr'><strong>Christi</strong></span> <span class='ocrx_word' id='word_1_207' title='bbox 1424 2840 1640 2894; x_wconf 90' lang='lat' dir='ltr'><strong>Domini</strong></span> <span class='ocrx_word' id='word_1_208' title='bbox 1697 2838 1994 2894; x_wconf 87' lang='lat' dir='ltr'><strong>adventum</strong></span> 
     </span>
    </p>
   </div>
   <div class='ocr_carea' id='block_1_31' title="bbox 411 2932 1995 3004">
    <p class='ocr_par' dir='ltr' id='par_1_31' title="bbox 411 2932 1995 3004">
     <span class='ocr_line' id='line_1_31' title="bbox 411 2932 1995 3004; baseline -0.003 -16"><span class='ocrx_word' id='word_1_209' title='bbox 411 2934 505 3004; x_wconf 80' lang='lat' dir='ltr'><strong>qui</strong></span> <span class='ocrx_word' id='word_1_210' title='bbox 540 2934 608 2988; x_wconf 84' lang='lat' dir='ltr'><strong>de</strong></span> <span class='ocrx_word' id='word_1_211' title='bbox 635 2935 776 2989; x_wconf 70' lang='lat' dir='ltr'><strong>caelo</strong></span> <span class='ocrx_word' id='word_1_212' title='bbox 805 2935 1023 2989; x_wconf 86' lang='lat' dir='ltr'><strong>futurus</strong></span> <span class='ocrx_word' id='word_1_213' title='bbox 1053 2942 1157 2997; x_wconf 87' lang='lat' dir='ltr'><strong>est,</strong></span> <span class='ocrx_word' id='word_1_214' title='bbox 1190 2942 1250 2989; x_wconf 91' lang='lat' dir='ltr'><strong>ut</strong></span> <span class='ocrx_word' id='word_1_215' title='bbox 1281 2949 1377 2991; x_wconf 88' lang='lat' dir='ltr'><strong>eos</strong></span> <span class='ocrx_word' id='word_1_216' title='bbox 1399 2933 1493 3004; x_wconf 91' lang='lat' dir='ltr'><strong>qui</strong></span> <span class='ocrx_word' id='word_1_217' title='bbox 1520 2932 1804 3002; x_wconf 89' lang='lat' dir='ltr'><strong>religionis</strong></span> <span class='ocrx_word' id='word_1_218' title='bbox 1830 2946 1995 2986; x_wconf 82' lang='lat' dir='ltr'><strong>causa</strong></span> 
     </span>
    </p>
   </div>
   <div class='ocr_carea' id='block_1_32' title="bbox 413 3023 1995 3094">
    <p class='ocr_par' dir='ltr' id='par_1_32' title="bbox 413 3023 1995 3094">
     <span class='ocr_line' id='line_1_32' title="bbox 413 3023 1995 3094; baseline -0.002 -17"><span class='ocrx_word' id='word_1_219' title='bbox 413 3023 557 3079; x_wconf 89' lang='lat' dir='ltr'><strong>inter</strong></span> <span class='ocrx_word' id='word_1_220' title='bbox 585 3038 645 3079; x_wconf 92' lang='lat' dir='ltr'><strong>se</strong></span> <span class='ocrx_word' id='word_1_221' title='bbox 674 3024 947 3080; x_wconf 88' lang='lat' dir='ltr'><strong>dissident</strong></span> <span class='ocrx_word' id='word_1_222' title='bbox 980 3025 1220 3094; x_wconf 89' lang='lat' dir='ltr'><strong>copulet,</strong></span> <span class='ocrx_word' id='word_1_223' title='bbox 1249 3039 1353 3079; x_wconf 90' lang='lat' dir='ltr'><strong>nec</strong></span> <span class='ocrx_word' id='word_1_224' title='bbox 1386 3038 1497 3078; x_wconf 87' lang='lat' dir='ltr'><strong>non</strong></span> <span class='ocrx_word' id='word_1_225' title='bbox 1532 3029 1590 3075; x_wconf 89' lang='lat' dir='ltr'><strong>ut</strong></span> <span class='ocrx_word' id='word_1_226' title='bbox 1615 3031 1870 3092; x_wconf 91' lang='lat' dir='ltr'><strong>parentes</strong></span> <span class='ocrx_word' id='word_1_227' title='bbox 1897 3033 1995 3091; x_wconf 89' lang='lat' dir='ltr'><strong>per</strong></span> 
     </span>
    </p>
   </div>
   <div class='ocr_carea' id='block_1_33' title="bbox 413 3112 1995 3186">
    <p class='ocr_par' dir='ltr' id='par_1_33' title="bbox 413 3112 1995 3186">
     <span class='ocr_line' id='line_1_33' title="bbox 413 3112 1995 3186; baseline -0.002 -18"><span class='ocrx_word' id='word_1_228' title='bbox 413 3113 592 3185; x_wconf 87' lang='lat' dir='ltr'><strong>ipsius</strong></span> <span class='ocrx_word' id='word_1_229' title='bbox 617 3115 899 3186; x_wconf 87' lang='lat' dir='ltr'><strong>religionis</strong></span> <span class='ocrx_word' id='word_1_230' title='bbox 920 3116 1173 3169; x_wconf 81' lang='lat' dir='ltr'><strong>netitiam</strong></span> <span class='ocrx_word' id='word_1_231' title='bbox 1220 3115 1289 3170; x_wconf 90' lang='lat' dir='ltr'><strong>ad</strong></span> <span class='ocrx_word' id='word_1_232' title='bbox 1313 3113 1668 3170; x_wconf 89' lang='lat' dir='ltr'><strong>concordiam</strong></span> <span class='ocrx_word' id='word_1_233' title='bbox 1703 3127 1829 3167; x_wconf 88' lang='lat' dir='ltr'><strong>eum</strong></span> <span class='ocrx_word' id='word_1_234' title='bbox 1862 3112 1995 3166; x_wconf 83' lang='lat' dir='ltr'><strong>libe-</strong></span> 
     </span>
    </p>
   </div>
   <div class='ocr_carea' id='block_1_34' title="bbox 420 3204 1994 3278">
    <p class='ocr_par' dir='ltr' id='par_1_34' title="bbox 420 3204 1994 3278">
     <span class='ocr_line' id='line_1_34' title="bbox 420 3204 1994 3278; baseline -0.001 -17"><span class='ocrx_word' id='word_1_235' title='bbox 420 3208 501 3263; x_wconf 89' lang='lat' dir='ltr'><strong>ris</strong></span> <span class='ocrx_word' id='word_1_236' title='bbox 533 3208 839 3278; x_wconf 81' lang='lat' dir='ltr'><strong>Pertrahat,</strong></span> <span class='ocrx_word' id='word_1_237' title='bbox 877 3208 1211 3265; x_wconf 84' lang='lat' dir='ltr'><strong>dissidentes</strong></span> <span class='ocrx_word' id='word_1_238' title='bbox 1240 3218 1401 3264; x_wconf 86' lang='lat' dir='ltr'><strong>antea</strong></span> <span class='ocrx_word' id='word_1_239' title='bbox 1424 3207 1673 3277; x_wconf 82' lang='lat' dir='ltr'><strong>ejusdem</strong></span> <span class='ocrx_word' id='word_1_240' title='bbox 1710 3204 1994 3276; x_wconf 89' lang='lat' dir='ltr'><strong>religionis</strong></span> 
     </span>
    </p>
   </div>
   <div class='ocr_carea' id='block_1_35' title="bbox 412 3297 1995 3362">
    <p class='ocr_par' dir='ltr' id='par_1_35' title="bbox 412 3297 1995 3362">
     <span class='ocr_line' id='line_1_35' title="bbox 412 3297 1995 3362; baseline -0.002 -9"><span class='ocrx_word' id='word_1_241' title='bbox 412 3312 584 3353; x_wconf 86' lang='lat' dir='ltr'><strong>causa</strong></span> <span class='ocrx_word' id='word_1_242' title='bbox 612 3316 628 3353; x_wconf 89' lang='lat'><strong>:</strong></span> <span class='ocrx_word' id='word_1_243' title='bbox 653 3300 708 3353; x_wconf 93' lang='lat' dir='ltr'><strong>in</strong></span> <span class='ocrx_word' id='word_1_244' title='bbox 740 3313 979 3362; x_wconf 88' lang='lat' dir='ltr'><strong>summa,</strong></span> <span class='ocrx_word' id='word_1_245' title='bbox 1011 3308 1072 3354; x_wconf 90' lang='lat' dir='ltr'><strong>ut</strong></span> <span class='ocrx_word' id='word_1_246' title='bbox 1096 3314 1289 3355; x_wconf 89' lang='lat' dir='ltr'><strong>omnes</strong></span> <span class='ocrx_word' id='word_1_247' title='bbox 1321 3300 1572 3354; x_wconf 87' lang='lat' dir='ltr'><strong>homines</strong></span> <span class='ocrx_word' id='word_1_248' title='bbox 1614 3312 1725 3352; x_wconf 91' lang='lat' dir='ltr'><strong>uno</strong></span> <span class='ocrx_word' id='word_1_249' title='bbox 1767 3297 1995 3352; x_wconf 81' lang='lat' dir='ltr'><strong>eodem-</strong></span> 
     </span>
    </p>
   </div>
   <div class='ocr_carea' id='block_1_36' title="bbox 414 3389 1996 3462">
    <p class='ocr_par' dir='ltr' id='par_1_36' title="bbox 414 3389 1996 3462">
     <span class='ocr_line' id='line_1_36' title="bbox 414 3389 1996 3462; baseline -0.001 -19"><span class='ocrx_word' id='word_1_250' title='bbox 414 3404 525 3461; x_wconf 90' lang='lat' dir='ltr'><strong>que</strong></span> <span class='ocrx_word' id='word_1_251' title='bbox 546 3390 769 3445; x_wconf 85' lang='lat' dir='ltr'><strong>vinculo</strong></span> <span class='ocrx_word' id='word_1_252' title='bbox 820 3391 1208 3462; x_wconf 88' lang='lat' dir='ltr'><strong>constringat:</strong></span> <span class='ocrx_word' id='word_1_253' title='bbox 1258 3392 1334 3445; x_wconf 89' lang='lat' dir='ltr'><strong>ita</strong></span> <span class='ocrx_word' id='word_1_254' title='bbox 1375 3400 1435 3445; x_wconf 90' lang='lat' dir='ltr'><strong>ut</strong></span> <span class='ocrx_word' id='word_1_255' title='bbox 1470 3390 1565 3461; x_wconf 89' lang='lat' dir='ltr'><strong>qui</strong></span> <span class='ocrx_word' id='word_1_256' title='bbox 1594 3396 1732 3444; x_wconf 89' lang='lat' dir='ltr'><strong>tunc</strong></span> <span class='ocrx_word' id='word_1_257' title='bbox 1790 3389 1996 3444; x_wconf 89' lang='lat' dir='ltr'><strong>inventi</strong></span> 
     </span>
    </p>
   </div>
   <div class='ocr_carea' id='block_1_37' title="bbox 415 3480 1998 3553">
    <p class='ocr_par' dir='ltr' id='par_1_37' title="bbox 415 3480 1998 3553">
     <span class='ocr_line' id='line_1_37' title="bbox 415 3480 1998 3553; baseline -0.002 -16"><span class='ocrx_word' id='word_1_258' title='bbox 415 3482 626 3537; x_wconf 83' lang='lat' dir='ltr'><strong>fuerint</strong></span> <span class='ocrx_word' id='word_1_259' title='bbox 659 3482 973 3553; x_wconf 84' lang='lat' dir='ltr'><strong>irreligiosi,</strong></span> <span class='ocrx_word' id='word_1_260' title='bbox 1022 3483 1092 3538; x_wconf 87' lang='lat' dir='ltr'><strong>ab</strong></span> <span class='ocrx_word' id='word_1_261' title='bbox 1138 3498 1206 3539; x_wconf 86' lang='lat' dir='ltr'><strong>eo</strong></span> <span class='ocrx_word' id='word_1_262' title='bbox 1249 3484 1501 3537; x_wconf 86' lang='lat' dir='ltr'><strong>notitiam</strong></span> <span class='ocrx_word' id='word_1_263' title='bbox 1534 3482 1788 3538; x_wconf 88' lang='lat' dir='ltr'><strong>veritatis</strong></span> <span class='ocrx_word' id='word_1_264' title='bbox 1817 3480 1998 3535; x_wconf 87' lang='lat' dir='ltr'><strong>susci-</strong></span> 
     </span>
    </p>
   </div>
   <div class='ocr_carea' id='block_1_38' title="bbox 414 3572 1999 3645">
    <p class='ocr_par' dir='ltr' id='par_1_38' title="bbox 414 3572 1999 3645">
     <span class='ocr_line' id='line_1_38' title="bbox 414 3572 1999 3645; baseline -0.001 -19"><span class='ocrx_word' id='word_1_265' title='bbox 414 3573 590 3643; x_wconf 85' lang='lat' dir='ltr'><strong>piant,</strong></span> <span class='ocrx_word' id='word_1_266' title='bbox 634 3581 689 3627; x_wconf 87' lang='lat' dir='ltr'><strong>et</strong></span> <span class='ocrx_word' id='word_1_267' title='bbox 712 3589 836 3628; x_wconf 89' lang='lat' dir='ltr'><strong>cum</strong></span> <span class='ocrx_word' id='word_1_268' title='bbox 870 3573 1149 3645; x_wconf 87' lang='lat' dir='ltr'><strong>religiosis</strong></span> <span class='ocrx_word' id='word_1_269' title='bbox 1194 3572 1459 3644; x_wconf 90' lang='lat' dir='ltr'><strong>deinceps</strong></span> <span class='ocrx_word' id='word_1_270' title='bbox 1492 3572 1833 3642; x_wconf 86' lang='lat' dir='ltr'><strong>conspirent.</strong></span> <span class='ocrx_word' id='word_1_271' title='bbox 1871 3572 1999 3625; x_wconf 67' lang='lat' dir='ltr'><strong>Haec</strong></span> 
     </span>
    </p>
   </div>
   <div class='ocr_carea' id='block_1_39' title="bbox 416 3662 1999 3735">
    <p class='ocr_par' dir='ltr' id='par_1_39' title="bbox 416 3662 1999 3735">
     <span class='ocr_line' id='line_1_39' title="bbox 416 3662 1999 3735; baseline -0.001 -18"><span class='ocrx_word' id='word_1_272' title='bbox 416 3662 581 3719; x_wconf 89' lang='lat' dir='ltr'><strong>faciet</strong></span> <span class='ocrx_word' id='word_1_273' title='bbox 618 3664 712 3735; x_wconf 84' lang='lat' dir='ltr'><strong>qui</strong></span> <span class='ocrx_word' id='word_1_274' title='bbox 752 3666 999 3720; x_wconf 87' lang='lat' dir='ltr'><strong>omnium</strong></span> <span class='ocrx_word' id='word_1_275' title='bbox 1044 3665 1333 3720; x_wconf 90' lang='lat' dir='ltr'><strong>hominum</strong></span> <span class='ocrx_word' id='word_1_276' title='bbox 1377 3665 1573 3721; x_wconf 87' lang='lat' dir='ltr'><strong>salutis</strong></span> <span class='ocrx_word' id='word_1_277' title='bbox 1622 3678 1813 3719; x_wconf 86' lang='lat' dir='ltr'><strong>curam</strong></span> <span class='ocrx_word' id='word_1_278' title='bbox 1856 3662 1999 3733; x_wconf 86' lang='lat' dir='ltr'><strong>gerit</strong></span> 
     </span>
    </p>
   </div>
   <div class='ocr_carea' id='block_1_40' title="bbox 415 3754 1998 3828">
    <p class='ocr_par' dir='ltr' id='par_1_40' title="bbox 415 3754 1998 3828">
     <span class='ocr_line' id='line_1_40' title="bbox 415 3754 1998 3828; baseline 0.002 -21"><span class='ocrx_word' id='word_1_279' title='bbox 415 3754 595 3821; x_wconf 89' lang='lat' dir='ltr'><strong>Deus;</strong></span> <span class='ocrx_word' id='word_1_280' title='bbox 627 3770 696 3811; x_wconf 90' lang='lat' dir='ltr'><strong>ne</strong></span> <span class='ocrx_word' id='word_1_281' title='bbox 721 3754 863 3811; x_wconf 88' lang='lat' dir='ltr'><strong>forte</strong></span> <span class='ocrx_word' id='word_1_282' title='bbox 900 3758 958 3811; x_wconf 90' lang='lat' dir='ltr'><strong>in</strong></span> <span class='ocrx_word' id='word_1_283' title='bbox 988 3758 1267 3828; x_wconf 85' lang='lat' dir='ltr'><strong>impietate</strong></span> <span class='ocrx_word' id='word_1_284' title='bbox 1292 3765 1727 3827; x_wconf 83' lang='lat' dir='ltr'><strong>perseverantes,</strong></span> <span class='ocrx_word' id='word_1_285' title='bbox 1756 3764 1998 3811; x_wconf 90' lang='lat' dir='ltr'><strong>tremen-</strong></span> 
     </span>
    </p>
   </div>
   <div class='ocr_carea' id='block_1_41' title="bbox 412 3846 1993 3921">
    <p class='ocr_par' dir='ltr' id='par_1_41' title="bbox 412 3846 1993 3921">
     <span class='ocr_line' id='line_1_41' title="bbox 412 3846 1993 3921; baseline 0.001 -20"><span class='ocrx_word' id='word_1_286' title='bbox 412 3846 545 3901; x_wconf 88' lang='lat' dir='ltr'><strong>dum</strong></span> <span class='ocrx_word' id='word_1_287' title='bbox 574 3847 867 3903; x_wconf 87' lang='lat' dir='ltr'><strong>adventum</strong></span> <span class='ocrx_word' id='word_1_288' title='bbox 896 3849 1020 3918; x_wconf 83' lang='lat' dir='ltr'><strong>ejus</strong></span> <span class='ocrx_word' id='word_1_289' title='bbox 1044 3850 1419 3920; x_wconf 80' lang='lat' dir='ltr'><strong>experiantur,</strong></span> <span class='ocrx_word' id='word_1_290' title='bbox 1454 3849 1550 3921; x_wconf 91' lang='lat' dir='ltr'><strong>qui</strong></span> <span class='ocrx_word' id='word_1_291' title='bbox 1584 3848 1652 3903; x_wconf 86' lang='lat' dir='ltr'><strong>ad</strong></span> <span class='ocrx_word' id='word_1_292' title='bbox 1675 3862 1993 3919; x_wconf 85' lang='lat' dir='ltr'><strong>supremum</strong></span> 
     </span>
    </p>
   </div>
   <div class='ocr_carea' id='block_1_42' title="bbox 413 3937 1192 4008">
    <p class='ocr_par' dir='ltr' id='par_1_42' title="bbox 413 3937 1192 4008">
     <span class='ocr_line' id='line_1_42' title="bbox 413 3937 1192 4008; baseline 0.005 -17"><span class='ocrx_word' id='word_1_293' title='bbox 413 3937 789 4008; x_wconf 86' lang='lat' dir='ltr'><strong>improborum</strong></span> <span class='ocrx_word' id='word_1_294' title='bbox 820 3940 1047 3997; x_wconf 79' lang='lat' dir='ltr'><strong>exitium</strong></span> <span class='ocrx_word' id='word_1_295' title='bbox 1081 3940 1192 3995; x_wconf 81' lang='lat' dir='ltr'><strong>fiet.</strong></span> 
     </span>
    </p>
   </div>
   <div class='ocr_carea' id='block_1_43' title="bbox 2093 542 3644 616">
    <p class='ocr_par' dir='ltr' id='par_1_43' title="bbox 2093 542 3644 616">
     <span class='ocr_line' id='line_1_43' title="bbox 2093 542 3644 616; baseline 0.001 -17"><span class='ocrx_word' id='word_1_296' title='bbox 2093 545 2264 615; x_wconf 86' lang='grc' dir='ltr'><strong>Μωσῆ</strong></span> <span class='ocrx_word' id='word_1_297' title='bbox 2302 544 2397 599; x_wconf 81' lang='grc' dir='ltr'>τοῦ</span> <span class='ocrx_word' id='word_1_298' title='bbox 2426 542 2610 598; x_wconf 87' lang='grc' dir='ltr'>δούλου</span> <span class='ocrx_word' id='word_1_299' title='bbox 2648 561 2771 615; x_wconf 86' lang='grc' dir='ltr'>μου,</span> <span class='ocrx_word' id='word_1_300' title='bbox 2803 545 2991 599; x_wconf 81' lang='grc' dir='ltr'><strong>καθότι</strong></span> <span class='ocrx_word' id='word_1_301' title='bbox 3022 548 3376 616; x_wconf 74' lang='grc' dir='ltr'><strong>ἐνετειλάμην</strong></span> <span class='ocrx_word' id='word_1_302' title='bbox 3404 548 3421 615; x_wconf 93' lang='grc'>(</span> <span class='ocrx_word' id='word_1_303' title='bbox 3444 562 3497 616; x_wconf 87' lang='lat' dir='ltr'><strong>p.</strong></span> <span class='ocrx_word' id='word_1_304' title='bbox 3527 548 3644 615; x_wconf 74' lang='lat'><strong>572)</strong></span> 
     </span>
    </p>
   </div>
   <div class='ocr_carea' id='block_1_44' title="bbox 2093 637 3644 710">
    <p class='ocr_par' dir='ltr' id='par_1_44' title="bbox 2093 637 3644 710">
     <span class='ocr_line' id='line_1_44' title="bbox 2093 637 3644 710; baseline 0.004 -21"><span class='ocrx_word' id='word_1_305' title='bbox 2093 637 2240 707; x_wconf 81' lang='grc' dir='ltr'>αὐτῷ</span> <span class='ocrx_word' id='word_1_306' title='bbox 2269 638 2329 691; x_wconf 78' lang='grc' dir='ltr'>ὲν</span> <span class='ocrx_word' id='word_1_307' title='bbox 2374 637 2578 709; x_wconf 81' lang='grc' dir='ltr'>Χωρὴϐ</span> <span class='ocrx_word' id='word_1_308' title='bbox 2637 639 2775 710; x_wconf 85' lang='grc' dir='ltr'>πρὸς</span> <span class='ocrx_word' id='word_1_309' title='bbox 2822 639 2999 694; x_wconf 79' lang='grc' dir='ltr'>πάντα</span> <span class='ocrx_word' id='word_1_310' title='bbox 3043 640 3135 693; x_wconf 84' lang='grc' dir='ltr'><strong>τὸν</strong></span> <span class='ocrx_word' id='word_1_311' title='bbox 3177 638 3390 710; x_wconf 72' lang='grc' dir='ltr'>Ἰσραὴλ</span> <span class='ocrx_word' id='word_1_312' title='bbox 3437 641 3644 710; x_wconf 77' lang='grc' dir='ltr'>προστά-</span> 
     </span>
    </p>
   </div>
   <div class='ocr_carea' id='block_1_45' title="bbox 2091 729 3647 804">
    <p class='ocr_par' dir='ltr' id='par_1_45' title="bbox 2091 729 3647 804">
     <span class='ocr_line' id='line_1_45' title="bbox 2091 729 3647 804; baseline 0.003 -23"><span class='ocrx_word' id='word_1_313' title='bbox 2091 745 2278 798; x_wconf 87' lang='grc' dir='ltr'>γματα</span> <span class='ocrx_word' id='word_1_314' title='bbox 2303 730 2397 783; x_wconf 79' lang='grc' dir='ltr'>καὶ</span> <span class='ocrx_word' id='word_1_315' title='bbox 2433 729 2797 801; x_wconf 74' lang='grc' dir='ltr'>δικαιώματα,</span> <span class='ocrx_word' id='word_1_316' title='bbox 2825 732 2919 786; x_wconf 74' lang='grc' dir='ltr'><strong>καὶ</strong></span> <span class='ocrx_word' id='word_1_317' title='bbox 2955 733 3063 785; x_wconf 81' lang='grc' dir='ltr'>ἰδοὺ</span> <span class='ocrx_word' id='word_1_318' title='bbox 3094 734 3208 801; x_wconf 86' lang='grc' dir='ltr'><strong>ἐγὼ</strong></span> <span class='ocrx_word' id='word_1_319' title='bbox 3232 735 3515 787; x_wconf 84' lang='grc' dir='ltr'>ἀποστελῶ</span> <span class='ocrx_word' id='word_1_320' title='bbox 3542 735 3647 804; x_wconf 82' lang='grc' dir='ltr'>ὑμῖν</span> 
     </span>
    </p>
   </div>
   <div class='ocr_carea' id='block_1_46' title="bbox 2104 821 3648 897">
    <p class='ocr_par' dir='ltr' id='par_1_46' title="bbox 2104 821 3648 897">
     <span class='ocr_line' id='line_1_46' title="bbox 2104 821 3648 897; baseline 0.005 -25"><span class='ocrx_word' id='word_1_321' title='bbox 2104 821 2291 876; x_wconf 81' lang='grc' dir='ltr'>Ἠλίαν</span> <span class='ocrx_word' id='word_1_322' title='bbox 2319 822 2410 875; x_wconf 81' lang='grc' dir='ltr'><strong>τὸν</strong></span> <span class='ocrx_word' id='word_1_323' title='bbox 2438 822 2725 895; x_wconf 83' lang='grc' dir='ltr'>Θεσϐίτην,</span> <span class='ocrx_word' id='word_1_324' title='bbox 2759 825 2892 895; x_wconf 72' lang='grc' dir='ltr'>πρὶν</span> <span class='ocrx_word' id='word_1_325' title='bbox 2927 824 2959 895; x_wconf 76' lang='grc' dir='ltr'>ἢ</span> <span class='ocrx_word' id='word_1_326' title='bbox 2997 825 3171 879; x_wconf 85' lang='grc' dir='ltr'>ὲλθεῖν</span> <span class='ocrx_word' id='word_1_327' title='bbox 3190 827 3287 896; x_wconf 82' lang='grc' dir='ltr'><strong>τὴν</strong></span> <span class='ocrx_word' id='word_1_328' title='bbox 3322 826 3532 897; x_wconf 79' lang='grc' dir='ltr'><strong>ἡμέραν</strong></span> <span class='ocrx_word' id='word_1_329' title='bbox 3554 829 3648 879; x_wconf 82' lang='grc' dir='ltr'><strong>Κυ-</strong></span> 
     </span>
    </p>
   </div>
   <div class='ocr_carea' id='block_1_47' title="bbox 2097 912 3648 988">
    <p class='ocr_par' dir='ltr' id='par_1_47' title="bbox 2097 912 3648 988">
     <span class='ocr_line' id='line_1_47' title="bbox 2097 912 3648 988; baseline 0.003 -22"><span class='ocrx_word' id='word_1_330' title='bbox 2097 912 2210 983; x_wconf 83' lang='grc' dir='ltr'>ρίου</span> <span class='ocrx_word' id='word_1_331' title='bbox 2257 914 2357 985; x_wconf 80' lang='grc' dir='ltr'>τὴν</span> <span class='ocrx_word' id='word_1_332' title='bbox 2411 914 2655 987; x_wconf 80' lang='grc' dir='ltr'><strong>μεγάλην</strong></span> <span class='ocrx_word' id='word_1_333' title='bbox 2702 916 2795 968; x_wconf 77' lang='grc' dir='ltr'><strong>καὶ</strong></span> <span class='ocrx_word' id='word_1_334' title='bbox 2829 917 3106 987; x_wconf 79' lang='grc' dir='ltr'>ἐπιφανῆ,</span> <span class='ocrx_word' id='word_1_335' title='bbox 3152 917 3211 981; x_wconf 78' lang='grc' dir='ltr'>ὃς</span> <span class='ocrx_word' id='word_1_336' title='bbox 3235 919 3648 988; x_wconf 65' lang='grc' dir='ltr'><strong>ἀποκαταστήσει</strong></span> 
     </span>
    </p>
   </div>
   <div class='ocr_carea' id='block_1_48' title="bbox 2092 1009 3649 1082">
    <p class='ocr_par' dir='ltr' id='par_1_48' title="bbox 2092 1009 3649 1082">
     <span class='ocr_line' id='line_1_48' title="bbox 2092 1009 3649 1082; baseline 0.001 -21"><span class='ocrx_word' id='word_1_337' title='bbox 2092 1009 2321 1081; x_wconf 81' lang='grc' dir='ltr'>καρδίαν</span> <span class='ocrx_word' id='word_1_338' title='bbox 2368 1010 2574 1080; x_wconf 87' lang='grc' dir='ltr'>πατρὸς</span> <span class='ocrx_word' id='word_1_339' title='bbox 2612 1010 2749 1080; x_wconf 81' lang='grc' dir='ltr'>πρὸς</span> <span class='ocrx_word' id='word_1_340' title='bbox 2778 1009 2913 1075; x_wconf 80' lang='grc' dir='ltr'>υἱὸν,</span> <span class='ocrx_word' id='word_1_341' title='bbox 2964 1012 3060 1063; x_wconf 74' lang='grc' dir='ltr'><strong>καὶ</strong></span> <span class='ocrx_word' id='word_1_342' title='bbox 3106 1011 3334 1082; x_wconf 79' lang='grc' dir='ltr'>καρδίαν</span> <span class='ocrx_word' id='word_1_343' title='bbox 3385 1011 3649 1082; x_wconf 82' lang='grc' dir='ltr'>ἀνθρώπου</span> 
     </span>
    </p>
   </div>
   <div class='ocr_carea' id='block_1_49' title="bbox 2095 1099 3652 1171">
    <p class='ocr_par' dir='ltr' id='par_1_49' title="bbox 2095 1099 3652 1171">
     <span class='ocr_line' id='line_1_49' title="bbox 2095 1099 3652 1171; baseline 0 -18"><span class='ocrx_word' id='word_1_344' title='bbox 2095 1100 2231 1170; x_wconf 86' lang='grc' dir='ltr'>πρὸς</span> <span class='ocrx_word' id='word_1_345' title='bbox 2262 1100 2354 1153; x_wconf 80' lang='grc' dir='ltr'><strong>τὸν</strong></span> <span class='ocrx_word' id='word_1_346' title='bbox 2382 1099 2610 1171; x_wconf 83' lang='grc' dir='ltr'><strong>πλησίον</strong></span> <span class='ocrx_word' id='word_1_347' title='bbox 2649 1100 2835 1166; x_wconf 76' lang='grc' dir='ltr'>αὐτοῦ,</span> <span class='ocrx_word' id='word_1_348' title='bbox 2876 1100 2950 1171; x_wconf 77' lang='grc' dir='ltr'><strong>μὴ</strong></span> <span class='ocrx_word' id='word_1_349' title='bbox 2981 1100 3155 1155; x_wconf 80' lang='grc' dir='ltr'>ἐλθὼν</span> <span class='ocrx_word' id='word_1_350' title='bbox 3182 1102 3412 1166; x_wconf 82' lang='grc' dir='ltr'><strong>πατάξω</strong></span> <span class='ocrx_word' id='word_1_351' title='bbox 3440 1102 3537 1171; x_wconf 83' lang='grc' dir='ltr'><strong>τὴν</strong></span> <span class='ocrx_word' id='word_1_352' title='bbox 3562 1101 3652 1171; x_wconf 76' lang='grc' dir='ltr'>γῆν</span> 
     </span>
    </p>
   </div>
   <div class='ocr_carea' id='block_1_50' title="bbox 2094 1188 3656 1264">
    <p class='ocr_par' dir='ltr' id='par_1_50' title="bbox 2094 1188 3656 1264">
     <span class='ocr_line' id='line_1_50' title="bbox 2094 1188 3656 1264; baseline 0.002 -22"><span class='ocrx_word' id='word_1_353' title='bbox 2094 1189 2283 1261; x_wconf 80' lang='grc' dir='ltr'>ἄρδην.</span> <span class='ocrx_word' id='word_1_354' title='bbox 2324 1208 2342 1240; x_wconf 73' lang='grc' dir='ltr'><strong>ι</strong></span> <span class='ocrx_word' id='word_1_355' title='bbox 2391 1188 2552 1244; x_wconf 85' lang='grc' dir='ltr'>Ἀλλά</span> <span class='ocrx_word' id='word_1_356' title='bbox 2579 1190 2688 1260; x_wconf 86' lang='grc' dir='ltr'>γὰρ</span> <span class='ocrx_word' id='word_1_357' title='bbox 2716 1190 2800 1259; x_wconf 75' lang='grc' dir='ltr'><strong>ἐφ’</strong></span> <span class='ocrx_word' id='word_1_358' title='bbox 2828 1189 2997 1245; x_wconf 67' lang='grc' dir='ltr'>ἅπασι</span> <span class='ocrx_word' id='word_1_359' title='bbox 3033 1194 3142 1255; x_wconf 84' lang='grc' dir='ltr'>τοῖς</span> <span class='ocrx_word' id='word_1_360' title='bbox 3171 1193 3483 1264; x_wconf 77' lang='grc' dir='ltr'><strong>εἰρημένοις</strong></span> <span class='ocrx_word' id='word_1_361' title='bbox 3512 1193 3656 1262; x_wconf 72' lang='grc' dir='ltr'>ἐσχά-</span> 
     </span>
    </p>
   </div>
   <div class='ocr_carea' id='block_1_51' title="bbox 2092 1280 3655 1356">
    <p class='ocr_par' dir='ltr' id='par_1_51' title="bbox 2092 1280 3655 1356">
     <span class='ocr_line' id='line_1_51' title="bbox 2092 1280 3655 1356; baseline 0.003 -23"><span class='ocrx_word' id='word_1_362' title='bbox 2092 1296 2192 1350; x_wconf 87' lang='grc' dir='ltr'><strong>την</strong></span> <span class='ocrx_word' id='word_1_363' title='bbox 2225 1280 2428 1351; x_wconf 83' lang='grc' dir='ltr'>ταύτην</span> <span class='ocrx_word' id='word_1_364' title='bbox 2463 1282 2590 1350; x_wconf 84' lang='grc' dir='ltr'>ὑμῖν</span> <span class='ocrx_word' id='word_1_365' title='bbox 2619 1282 2966 1353; x_wconf 84' lang='grc' dir='ltr'>παραδίδωμι</span> <span class='ocrx_word' id='word_1_366' title='bbox 2997 1284 3096 1356; x_wconf 78' lang='grc' dir='ltr'>τὴν</span> <span class='ocrx_word' id='word_1_367' title='bbox 3126 1284 3366 1354; x_wconf 72' lang='grc' dir='ltr'>ἐντολὴν,</span> <span class='ocrx_word' id='word_1_368' title='bbox 3407 1285 3473 1337; x_wconf 78' lang='grc' dir='ltr'><strong>ἵν’</strong></span> <span class='ocrx_word' id='word_1_369' title='bbox 3512 1284 3655 1354; x_wconf 78' lang='grc' dir='ltr'>ἔχητε</span> 
     </span>
    </p>
   </div>
   <div class='ocr_carea' id='block_1_52' title="bbox 2093 1371 3658 1447">
    <p class='ocr_par' dir='ltr' id='par_1_52' title="bbox 2093 1371 3658 1447">
     <span class='ocr_line' id='line_1_52' title="bbox 2093 1371 3658 1447; baseline 0.003 -22"><span class='ocrx_word' id='word_1_370' title='bbox 2093 1371 2184 1425; x_wconf 78' lang='grc' dir='ltr'>τὸν</span> <span class='ocrx_word' id='word_1_371' title='bbox 2210 1373 2373 1443; x_wconf 86' lang='grc' dir='ltr'>νόμον</span> <span class='ocrx_word' id='word_1_372' title='bbox 2415 1376 2472 1427; x_wconf 79' lang='grc' dir='ltr'>ὲν</span> <span class='ocrx_word' id='word_1_373' title='bbox 2513 1376 2704 1447; x_wconf 82' lang='grc' dir='ltr'>μνήμῃ</span> <span class='ocrx_word' id='word_1_374' title='bbox 2734 1374 2827 1428; x_wconf 87' lang='grc' dir='ltr'><strong>τὸν</strong></span> <span class='ocrx_word' id='word_1_375' title='bbox 2880 1375 3030 1445; x_wconf 74' lang='grc' dir='ltr'>ἐμὸν,</span> <span class='ocrx_word' id='word_1_376' title='bbox 3079 1376 3140 1428; x_wconf 83' lang='grc' dir='ltr'>ὃν</span> <span class='ocrx_word' id='word_1_377' title='bbox 3176 1376 3263 1429; x_wconf 69' lang='grc' dir='ltr'><strong>διὰ</strong></span> <span class='ocrx_word' id='word_1_378' title='bbox 3289 1376 3384 1429; x_wconf 71' lang='grc' dir='ltr'>τοῦ</span> <span class='ocrx_word' id='word_1_379' title='bbox 3430 1378 3658 1437; x_wconf 78' lang='grc' dir='ltr'><strong>Μωσέως</strong></span> 
     </span>
    </p>
   </div>
   <div class='ocr_carea' id='block_1_53' title="bbox 2096 1465 3660 1537">
    <p class='ocr_par' dir='ltr' id='par_1_53' title="bbox 2096 1465 3660 1537">
     <span class='ocr_line' id='line_1_53' title="bbox 2096 1465 3660 1537; baseline 0.001 -22"><span class='ocrx_word' id='word_1_380' title='bbox 2096 1465 2230 1535; x_wconf 86' lang='grc' dir='ltr'>πρὸς</span> <span class='ocrx_word' id='word_1_381' title='bbox 2268 1466 2483 1519; x_wconf 79' lang='grc' dir='ltr'>ἅπαντα</span> <span class='ocrx_word' id='word_1_382' title='bbox 2519 1465 2725 1518; x_wconf 80' lang='grc' dir='ltr'>δέδωκα</span> <span class='ocrx_word' id='word_1_383' title='bbox 2766 1465 2859 1518; x_wconf 83' lang='grc' dir='ltr'><strong>τὸν</strong></span> <span class='ocrx_word' id='word_1_384' title='bbox 2917 1465 3151 1537; x_wconf 74' lang='grc' dir='ltr'>Ἰσραὴλ,</span> <span class='ocrx_word' id='word_1_385' title='bbox 3199 1466 3356 1520; x_wconf 71' lang='grc' dir='ltr'>ἅτινα</span> <span class='ocrx_word' id='word_1_386' title='bbox 3412 1468 3660 1536; x_wconf 77' lang='grc' dir='ltr'>πράττειν</span> 
     </span>
    </p>
   </div>
   <div class='ocr_carea' id='block_1_54' title="bbox 2096 1555 3661 1630">
    <p class='ocr_par' dir='ltr' id='par_1_54' title="bbox 2096 1555 3661 1630">
     <span class='ocr_line' id='line_1_54' title="bbox 2096 1555 3661 1630; baseline 0 -19"><span class='ocrx_word' id='word_1_387' title='bbox 2096 1560 2290 1621; x_wconf 80' lang='grc' dir='ltr'>αὐτοὺς</span> <span class='ocrx_word' id='word_1_388' title='bbox 2329 1558 2413 1627; x_wconf 73' lang='grc' dir='ltr'><strong>ἐφ’</strong></span> <span class='ocrx_word' id='word_1_389' title='bbox 2440 1557 2657 1629; x_wconf 73' lang='grc' dir='ltr'>ἑκάστῳ</span> <span class='ocrx_word' id='word_1_390' title='bbox 2686 1557 2812 1629; x_wconf 83' lang='grc' dir='ltr'>χρὴ,</span> <span class='ocrx_word' id='word_1_391' title='bbox 2842 1559 3030 1627; x_wconf 79' lang='grc' dir='ltr'>σαφῶς</span> <span class='ocrx_word' id='word_1_392' title='bbox 3063 1558 3327 1630; x_wconf 82' lang='grc' dir='ltr'>είρηκώς’</span> <span class='ocrx_word' id='word_1_393' title='bbox 3365 1558 3552 1628; x_wconf 78' lang='grc' dir='ltr'>ὥσπερ</span> <span class='ocrx_word' id='word_1_394' title='bbox 3578 1555 3661 1612; x_wconf 78' lang='grc' dir='ltr'><strong>οὖν</strong></span> 
     </span>
    </p>
   </div>
   <div class='ocr_carea' id='block_1_55' title="bbox 2095 1649 3663 1722">
    <p class='ocr_par' dir='ltr' id='par_1_55' title="bbox 2095 1649 3663 1722">
     <span class='ocr_line' id='line_1_55' title="bbox 2095 1649 3663 1722; baseline -0.001 -19"><span class='ocrx_word' id='word_1_395' title='bbox 2095 1651 2331 1721; x_wconf 83' lang='grc' dir='ltr'>πρῶτον,</span> <span class='ocrx_word' id='word_1_396' title='bbox 2372 1650 2467 1702; x_wconf 77' lang='grc' dir='ltr'>τοῦ</span> <span class='ocrx_word' id='word_1_397' title='bbox 2506 1649 2790 1703; x_wconf 86' lang='grc' dir='ltr'>πείθεσθαι</span> <span class='ocrx_word' id='word_1_398' title='bbox 2847 1649 3114 1722; x_wconf 79' lang='grc' dir='ltr'>παρέξετε</span> <span class='ocrx_word' id='word_1_399' title='bbox 3144 1651 3451 1721; x_wconf 85' lang='grc' dir='ltr'>γνώρισμα,</span> <span class='ocrx_word' id='word_1_400' title='bbox 3488 1651 3547 1703; x_wconf 83' lang='grc' dir='ltr'><strong>τὸ</strong></span> <span class='ocrx_word' id='word_1_401' title='bbox 3582 1652 3663 1703; x_wconf 78' lang='grc' dir='ltr'><strong>τὸν</strong></span> 
     </span>
    </p>
   </div>
   <div class='ocr_carea' id='block_1_56' title="bbox 2096 1742 3664 1815">
    <p class='ocr_par' dir='ltr' id='par_1_56' title="bbox 2096 1742 3664 1815">
     <span class='ocr_line' id='line_1_56' title="bbox 2096 1742 3664 1815; baseline 0 -20"><span class='ocrx_word' id='word_1_402' title='bbox 2096 1744 2371 1815; x_wconf 86' lang='grc' dir='ltr'>Δεσπότην</span> <span class='ocrx_word' id='word_1_403' title='bbox 2403 1743 2814 1813; x_wconf 79' lang='grc' dir='ltr'>παραγεγονότα</span> <span class='ocrx_word' id='word_1_404' title='bbox 2841 1742 3098 1807; x_wconf 81' lang='grc' dir='ltr'>δέξασθαι</span> <span class='ocrx_word' id='word_1_405' title='bbox 3123 1743 3377 1815; x_wconf 81' lang='grc' dir='ltr'>Χριστὸν,</span> <span class='ocrx_word' id='word_1_406' title='bbox 3408 1744 3549 1814; x_wconf 75' lang='grc' dir='ltr'>ὑπὲρ</span> <span class='ocrx_word' id='word_1_407' title='bbox 3575 1747 3664 1813; x_wconf 79' lang='grc' dir='ltr'><strong>τῆς</strong></span> 
     </span>
    </p>
   </div>
   <div class='ocr_carea' id='block_1_57' title="bbox 2098 1830 3663 1906">
    <p class='ocr_par' dir='ltr' id='par_1_57' title="bbox 2098 1830 3663 1906">
     <span class='ocr_line' id='line_1_57' title="bbox 2098 1830 3663 1906; baseline 0.002 -20"><span class='ocrx_word' id='word_1_408' title='bbox 2098 1834 2350 1887; x_wconf 83' lang='grc' dir='ltr'>ἁπάντων</span> <span class='ocrx_word' id='word_1_409' title='bbox 2375 1830 2674 1901; x_wconf 81' lang='grc' dir='ltr'>ἀνθρώπων</span> <span class='ocrx_word' id='word_1_410' title='bbox 2701 1834 3036 1905; x_wconf 77' lang='grc' dir='ltr'>φανούμενον</span> <span class='ocrx_word' id='word_1_411' title='bbox 3060 1836 3353 1906; x_wconf 83' lang='grc' dir='ltr'>σωτηρίας,</span> <span class='ocrx_word' id='word_1_412' title='bbox 3386 1837 3445 1900; x_wconf 83' lang='grc' dir='ltr'>ὃς</span> <span class='ocrx_word' id='word_1_413' title='bbox 3477 1837 3663 1889; x_wconf 69' lang='grc' dir='ltr'>παύσει</span> 
     </span>
    </p>
   </div>
   <div class='ocr_carea' id='block_1_58' title="bbox 2100 1922 3663 1995">
    <p class='ocr_par' dir='ltr' id='par_1_58' title="bbox 2100 1922 3663 1995">
     <span class='ocr_line' id='line_1_58' title="bbox 2100 1922 3663 1995; baseline 0.001 -20"><span class='ocrx_word' id='word_1_414' title='bbox 2100 1923 2197 1991; x_wconf 85' lang='grc' dir='ltr'><strong>μὲν</strong></span> <span class='ocrx_word' id='word_1_415' title='bbox 2222 1923 2314 1975; x_wconf 86' lang='grc' dir='ltr'><strong>τὸν</strong></span> <span class='ocrx_word' id='word_1_416' title='bbox 2330 1923 2511 1992; x_wconf 84' lang='grc' dir='ltr'>νόμον,</span> <span class='ocrx_word' id='word_1_417' title='bbox 2540 1924 2766 1990; x_wconf 80' lang='grc' dir='ltr'>ἐκφανεῖ</span> <span class='ocrx_word' id='word_1_418' title='bbox 2783 1922 2840 1975; x_wconf 77' lang='grc' dir='ltr'>δὲ</span> <span class='ocrx_word' id='word_1_419' title='bbox 2865 1922 2962 1993; x_wconf 81' lang='grc' dir='ltr'>τὴν</span> <span class='ocrx_word' id='word_1_420' title='bbox 2982 1922 3295 1995; x_wconf 72' lang='grc' dir='ltr'><strong>τελειότητα</strong></span> <span class='ocrx_word' id='word_1_421' title='bbox 3322 1925 3419 1995; x_wconf 83' lang='grc' dir='ltr'>τὴν</span> <span class='ocrx_word' id='word_1_422' title='bbox 3439 1926 3663 1979; x_wconf 77' lang='grc' dir='ltr'>οἰκείαν·</span> 
     </span>
    </p>
   </div>
   <div class='ocr_carea' id='block_1_59' title="bbox 2097 2010 3669 2088">
    <p class='ocr_par' dir='ltr' id='par_1_59' title="bbox 2097 2010 3669 2088">
     <span class='ocr_line' id='line_1_59' title="bbox 2097 2010 3669 2088; baseline 0.001 -20"><span class='ocrx_word' id='word_1_423' title='bbox 2097 2016 2232 2085; x_wconf 82' lang='grc' dir='ltr'>ὅπερ</span> <span class='ocrx_word' id='word_1_424' title='bbox 2268 2010 2361 2068; x_wconf 75' lang='grc' dir='ltr'><strong>οὖν</strong></span> <span class='ocrx_word' id='word_1_425' title='bbox 2395 2014 2572 2077; x_wconf 83' lang='grc' dir='ltr'>καλῶς</span> <span class='ocrx_word' id='word_1_426' title='bbox 2601 2016 2701 2083; x_wconf 84' lang='grc' dir='ltr'><strong>μὲν</strong></span> <span class='ocrx_word' id='word_1_427' title='bbox 2728 2011 2871 2085; x_wconf 72' lang='grc' dir='ltr'>εἶχεν</span> <span class='ocrx_word' id='word_1_428' title='bbox 2902 2016 3048 2085; x_wconf 76' lang='grc' dir='ltr'>ὑμᾶς</span> <span class='ocrx_word' id='word_1_429' title='bbox 3076 2015 3206 2069; x_wconf 84' lang='grc' dir='ltr'><strong>εὐθῦ</strong></span> <span class='ocrx_word' id='word_1_430' title='bbox 3237 2016 3329 2070; x_wconf 75' lang='grc' dir='ltr'><strong>καὶ</strong></span> <span class='ocrx_word' id='word_1_431' title='bbox 3355 2018 3500 2070; x_wconf 85' lang='grc' dir='ltr'><strong>κατά</strong></span> <span class='ocrx_word' id='word_1_432' title='bbox 3530 2016 3669 2088; x_wconf 87' lang='grc' dir='ltr'>πρώ-</span> 
     </span>
    </p>
   </div>
   <div class='ocr_carea' id='block_1_60' title="bbox 2096 2107 3671 2176">
    <p class='ocr_par' dir='ltr' id='par_1_60' title="bbox 2096 2107 3671 2176">
     <span class='ocr_line' id='line_1_60' title="bbox 2096 2107 3671 2176; baseline 0.003 -17"><span class='ocrx_word' id='word_1_433' title='bbox 2096 2124 2194 2170; x_wconf 89' lang='grc' dir='ltr'><strong>τας</strong></span> <span class='ocrx_word' id='word_1_434' title='bbox 2224 2107 2443 2175; x_wconf 80' lang='grc' dir='ltr'>φανέντι</span> <span class='ocrx_word' id='word_1_435' title='bbox 2476 2108 2788 2172; x_wconf 79' lang='grc' dir='ltr'>πιστεῦσαι,</span> <span class='ocrx_word' id='word_1_436' title='bbox 2822 2108 2912 2161; x_wconf 77' lang='grc' dir='ltr'><strong>καὶ</strong></span> <span class='ocrx_word' id='word_1_437' title='bbox 2934 2108 3137 2176; x_wconf 83' lang='grc' dir='ltr'>γνῶναι</span> <span class='ocrx_word' id='word_1_438' title='bbox 3169 2108 3358 2163; x_wconf 79' lang='grc' dir='ltr'>τοῦτον</span> <span class='ocrx_word' id='word_1_439' title='bbox 3381 2110 3511 2163; x_wconf 75' lang='grc' dir='ltr'>ὄντα</span> <span class='ocrx_word' id='word_1_440' title='bbox 3536 2112 3671 2163; x_wconf 76' lang='grc' dir='ltr'>ἐκεῖ-</span> 
     </span>
    </p>
   </div>
   <div class='ocr_carea' id='block_1_61' title="bbox 2104 2195 3668 2272">
    <p class='ocr_par' dir='ltr' id='par_1_61' title="bbox 2104 2195 3668 2272">
     <span class='ocr_line' id='line_1_61' title="bbox 2104 2195 3668 2272; baseline 0.004 -25"><span class='ocrx_word' id='word_1_441' title='bbox 2104 2212 2193 2247; x_wconf 92' lang='grc' dir='ltr'><strong>νον</strong></span> <span class='ocrx_word' id='word_1_442' title='bbox 2240 2195 2299 2247; x_wconf 83' lang='grc' dir='ltr'><strong>ὃν</strong></span> <span class='ocrx_word' id='word_1_443' title='bbox 2341 2195 2544 2266; x_wconf 76' lang='grc' dir='ltr'>Μωσῆς</span> <span class='ocrx_word' id='word_1_444' title='bbox 2578 2214 2636 2250; x_wconf 90' lang='grc' dir='ltr'><strong>τε</strong></span> <span class='ocrx_word' id='word_1_445' title='bbox 2672 2198 2769 2250; x_wconf 74' lang='grc' dir='ltr'>καὶ</span> <span class='ocrx_word' id='word_1_446' title='bbox 2798 2198 2995 2261; x_wconf 85' lang='grc' dir='ltr'>πάντες</span> <span class='ocrx_word' id='word_1_447' title='bbox 3028 2200 3259 2270; x_wconf 82' lang='grc' dir='ltr'>ἐμήνυον</span> <span class='ocrx_word' id='word_1_448' title='bbox 3292 2202 3341 2253; x_wconf 86' lang='grc' dir='ltr'>οἱ</span> <span class='ocrx_word' id='word_1_449' title='bbox 3372 2201 3668 2272; x_wconf 61' lang='grc' dir='ltr'>προφῆταέ,</span> 
     </span>
    </p>
   </div>
   <div class='ocr_carea' id='block_1_62' title="bbox 2096 2286 3674 2363">
    <p class='ocr_par' dir='ltr' id='par_1_62' title="bbox 2096 2286 3674 2363">
     <span class='ocr_line' id='line_1_62' title="bbox 2096 2286 3674 2363; baseline 0.004 -25"><span class='ocrx_word' id='word_1_450' title='bbox 2096 2286 2252 2350; x_wconf 83' lang='grc' dir='ltr'>τέλος</span> <span class='ocrx_word' id='word_1_451' title='bbox 2284 2287 2381 2356; x_wconf 86' lang='grc' dir='ltr'>μὲν</span> <span class='ocrx_word' id='word_1_452' title='bbox 2407 2287 2738 2358; x_wconf 77' lang='grc' dir='ltr'>ἐπιθήσοντα</span> <span class='ocrx_word' id='word_1_453' title='bbox 2770 2288 2849 2359; x_wconf 81' lang='grc' dir='ltr'>τῷ</span> <span class='ocrx_word' id='word_1_454' title='bbox 2874 2290 3044 2361; x_wconf 83' lang='grc' dir='ltr'>νόμῳ,</span> <span class='ocrx_word' id='word_1_455' title='bbox 3075 2290 3175 2360; x_wconf 77' lang='grc' dir='ltr'>τὴν</span> <span class='ocrx_word' id='word_1_456' title='bbox 3205 2288 3391 2363; x_wconf 79' lang='grc' dir='ltr'>κοινὴν</span> <span class='ocrx_word' id='word_1_457' title='bbox 3419 2292 3478 2344; x_wconf 68' lang='grc' dir='ltr'>δὲ</span> <span class='ocrx_word' id='word_1_458' title='bbox 3511 2292 3674 2345; x_wconf 73' lang='grc' dir='ltr'>ἀπάν-</span> 
     </span>
    </p>
   </div>
   <div class='ocr_carea' id='block_1_63' title="bbox 2098 2376 3675 2454">
    <p class='ocr_par' dir='ltr' id='par_1_63' title="bbox 2098 2376 3675 2454">
     <span class='ocr_line' id='line_1_63' title="bbox 2098 2376 3675 2454; baseline 0.004 -25"><span class='ocrx_word' id='word_1_459' title='bbox 2098 2393 2206 2429; x_wconf 88' lang='grc' dir='ltr'>των</span> <span class='ocrx_word' id='word_1_460' title='bbox 2248 2376 2636 2447; x_wconf 73' lang='grc' dir='ltr'>ὲκκαλύψοντα</span> <span class='ocrx_word' id='word_1_461' title='bbox 2690 2380 3003 2452; x_wconf 75' lang='grc' dir='ltr'>σωτηρίανο</span> <span class='ocrx_word' id='word_1_462' title='bbox 3053 2380 3194 2435; x_wconf 75' lang='grc' dir='ltr'>ὥστε</span> <span class='ocrx_word' id='word_1_463' title='bbox 3248 2386 3473 2437; x_wconf 79' lang='grc' dir='ltr'>κάκεῖνο</span> <span class='ocrx_word' id='word_1_464' title='bbox 3527 2383 3675 2454; x_wconf 70' lang='grc' dir='ltr'>δῆλον</span> 
     </span>
    </p>
   </div>
   <div class='ocr_carea' id='block_1_64' title="bbox 2100 2467 3675 2545">
    <p class='ocr_par' dir='ltr' id='par_1_64' title="bbox 2100 2467 3675 2545">
     <span class='ocr_line' id='line_1_64' title="bbox 2100 2467 3675 2545; baseline 0.005 -24"><span class='ocrx_word' id='word_1_465' title='bbox 2100 2467 2302 2522; x_wconf 74' lang='grc' dir='ltr'>ἅπασιν</span> <span class='ocrx_word' id='word_1_466' title='bbox 2332 2468 2616 2537; x_wconf 82' lang='grc' dir='ltr'>γενέσθαι,</span> <span class='ocrx_word' id='word_1_467' title='bbox 2642 2474 2723 2524; x_wconf 81' lang='grc' dir='ltr'>ὅτι</span> <span class='ocrx_word' id='word_1_468' title='bbox 2748 2470 2812 2542; x_wconf 82' lang='grc' dir='ltr'>δὴ</span> <span class='ocrx_word' id='word_1_469' title='bbox 2854 2470 3014 2526; x_wconf 83' lang='grc' dir='ltr'>τοῦτο</span> <span class='ocrx_word' id='word_1_470' title='bbox 3053 2473 3235 2544; x_wconf 78' lang='grc' dir='ltr'>πάσης</span> <span class='ocrx_word' id='word_1_471' title='bbox 3276 2476 3377 2545; x_wconf 78' lang='grc' dir='ltr'><strong>τῆς</strong></span> <span class='ocrx_word' id='word_1_472' title='bbox 3413 2477 3557 2529; x_wconf 79' lang='grc' dir='ltr'><strong>κατά</strong></span> <span class='ocrx_word' id='word_1_473' title='bbox 3591 2476 3675 2529; x_wconf 82' lang='grc' dir='ltr'><strong>τὸν</strong></span> 
     </span>
    </p>
   </div>
   <div class='ocr_carea' id='block_1_65' title="bbox 2098 2558 3677 2637">
    <p class='ocr_par' dir='ltr' id='par_1_65' title="bbox 2098 2558 3677 2637">
     <span class='ocr_line' id='line_1_65' title="bbox 2098 2558 3677 2637; baseline 0.005 -26"><span class='ocrx_word' id='word_1_474' title='bbox 2098 2558 2260 2629; x_wconf 83' lang='grc' dir='ltr'>νόμον</span> <span class='ocrx_word' id='word_1_475' title='bbox 2296 2560 2607 2631; x_wconf 82' lang='grc' dir='ltr'>οἰκονομίας</span> <span class='ocrx_word' id='word_1_476' title='bbox 2642 2563 2759 2615; x_wconf 69' lang='grc' dir='ltr'>ἐστὶ</span> <span class='ocrx_word' id='word_1_477' title='bbox 2793 2561 2853 2617; x_wconf 85' lang='grc' dir='ltr'>τό</span> <span class='ocrx_word' id='word_1_478' title='bbox 2888 2579 2946 2616; x_wconf 84' lang='grc' dir='ltr'><strong>τε</strong></span> <span class='ocrx_word' id='word_1_479' title='bbox 2990 2565 3280 2633; x_wconf 86' lang='grc' dir='ltr'>κεφάλαιον</span> <span class='ocrx_word' id='word_1_480' title='bbox 3311 2568 3405 2619; x_wconf 71' lang='grc' dir='ltr'><strong>καὶ</strong></span> <span class='ocrx_word' id='word_1_481' title='bbox 3429 2567 3493 2619; x_wconf 73' lang='grc' dir='ltr'>τὸ</span> <span class='ocrx_word' id='word_1_482' title='bbox 3526 2568 3677 2637; x_wconf 81' lang='grc' dir='ltr'>μέγι-</span> 
     </span>
    </p>
   </div>
   <div class='ocr_carea' id='block_1_66' title="bbox 2102 2650 3679 2729">
    <p class='ocr_par' dir='ltr' id='par_1_66' title="bbox 2102 2650 3679 2729">
     <span class='ocr_line' id='line_1_66' title="bbox 2102 2650 3679 2729; baseline 0.005 -27"><span class='ocrx_word' id='word_1_483' title='bbox 2102 2667 2224 2704; x_wconf 82' lang='grc' dir='ltr'>στον</span> <span class='ocrx_word' id='word_1_484' title='bbox 2245 2650 2467 2719; x_wconf 84' lang='grc' dir='ltr'>ἀγαθὸν,</span> <span class='ocrx_word' id='word_1_485' title='bbox 2490 2653 2552 2705; x_wconf 84' lang='grc' dir='ltr'><strong>τὸ</strong></span> <span class='ocrx_word' id='word_1_486' title='bbox 2578 2653 2788 2718; x_wconf 80' lang='grc' dir='ltr'>πάντας</span> <span class='ocrx_word' id='word_1_487' title='bbox 2808 2655 3125 2728; x_wconf 82' lang='grc' dir='ltr'>ἀνθρώπους</span> <span class='ocrx_word' id='word_1_488' title='bbox 3157 2657 3237 2728; x_wconf 82' lang='grc' dir='ltr'>τῷ</span> <span class='ocrx_word' id='word_1_489' title='bbox 3252 2659 3505 2729; x_wconf 80' lang='grc' dir='ltr'>Δεσπὸτῃ</span> <span class='ocrx_word' id='word_1_490' title='bbox 3529 2677 3679 2728; x_wconf 74' lang='grc' dir='ltr'>προσ·</span> 
     </span>
    </p>
   </div>
   <div class='ocr_carea' id='block_1_67' title="bbox 2100 2744 3677 2818">
    <p class='ocr_par' dir='ltr' id='par_1_67' title="bbox 2100 2744 3677 2818">
     <span class='ocr_line' id='line_1_67' title="bbox 2100 2744 3677 2818; baseline 0.005 -23"><span class='ocrx_word' id='word_1_491' title='bbox 2100 2746 2325 2812; x_wconf 88' lang='grc' dir='ltr'>αγαγεῖν</span> <span class='ocrx_word' id='word_1_492' title='bbox 2352 2744 2573 2816; x_wconf 81' lang='grc' dir='ltr'>Χριστῷ</span> <span class='ocrx_word' id='word_1_493' title='bbox 2600 2745 2691 2799; x_wconf 72' lang='grc' dir='ltr'>ἐπὶ</span> <span class='ocrx_word' id='word_1_494' title='bbox 2711 2748 2827 2811; x_wconf 85' lang='grc' dir='ltr'>τοῖς</span> <span class='ocrx_word' id='word_1_495' title='bbox 2858 2747 3131 2812; x_wconf 77' lang='grc' dir='ltr'>τοσούτοις</span> <span class='ocrx_word' id='word_1_496' title='bbox 3158 2750 3382 2818; x_wconf 77' lang='grc' dir='ltr'>ἀγαθοῖς</span> <span class='ocrx_word' id='word_1_497' title='bbox 3416 2751 3565 2804; x_wconf 74' lang='grc' dir='ltr'>κατὰ</span> <span class='ocrx_word' id='word_1_498' title='bbox 3594 2753 3677 2805; x_wconf 63' lang='grc' dir='ltr'><strong>τὶν</strong></span> 
     </span>
    </p>
   </div>
   <div class='ocr_carea' id='block_1_68' title="bbox 2098 2835 3680 2913">
    <p class='ocr_par' dir='ltr' id='par_1_68' title="bbox 2098 2835 3680 2913">
     <span class='ocr_line' id='line_1_68' title="bbox 2098 2835 3680 2913; baseline 0.006 -26"><span class='ocrx_word' id='word_1_499' title='bbox 2098 2835 2290 2905; x_wconf 82' lang='grc' dir='ltr'>καιρὸν</span> <span class='ocrx_word' id='word_1_500' title='bbox 2325 2836 2640 2909; x_wconf 79' lang='grc' dir='ltr'>φανουμὲνῳ</span> <span class='ocrx_word' id='word_1_501' title='bbox 2679 2838 2773 2892; x_wconf 85' lang='grc' dir='ltr'><strong>τὸν</strong></span> <span class='ocrx_word' id='word_1_502' title='bbox 2824 2840 3051 2893; x_wconf 79' lang='grc' dir='ltr'>οἰκεῖον·</span> <span class='ocrx_word' id='word_1_503' title='bbox 3105 2842 3288 2913; x_wconf 76' lang='grc' dir='ltr'>ἐπειδὴ</span> <span class='ocrx_word' id='word_1_504' title='bbox 3339 2842 3396 2895; x_wconf 82' lang='grc' dir='ltr'>δὲ</span> <span class='ocrx_word' id='word_1_505' title='bbox 3450 2844 3546 2896; x_wconf 73' lang='grc' dir='ltr'>καὶ</span> <span class='ocrx_word' id='word_1_506' title='bbox 3594 2845 3680 2896; x_wconf 78' lang='grc' dir='ltr'><strong>ἐπὶ</strong></span> 
     </span>
    </p>
   </div>
   <div class='ocr_carea' id='block_1_69' title="bbox 2100 2926 3680 3005">
    <p class='ocr_par' dir='ltr' id='par_1_69' title="bbox 2100 2926 3680 3005">
     <span class='ocr_line' id='line_1_69' title="bbox 2100 2926 3680 3005; baseline 0.006 -28"><span class='ocrx_word' id='word_1_507' title='bbox 2100 2926 2198 2997; x_wconf 83' lang='grc' dir='ltr'><strong>τῆς</strong></span> <span class='ocrx_word' id='word_1_508' title='bbox 2230 2928 2439 2981; x_wconf 76' lang='grc' dir='ltr'>ἐκείνου</span> <span class='ocrx_word' id='word_1_509' title='bbox 2478 2929 2696 2995; x_wconf 81' lang='grc' dir='ltr'>δείξεως</span> <span class='ocrx_word' id='word_1_510' title='bbox 2718 2932 2818 3003; x_wconf 81' lang='grc' dir='ltr'><strong>τὴν</strong></span> <span class='ocrx_word' id='word_1_511' title='bbox 2845 2934 3237 3003; x_wconf 76' lang='grc' dir='ltr'>ἀγνωμοσύνην</span> <span class='ocrx_word' id='word_1_512' title='bbox 3261 2934 3564 2998; x_wconf 75' lang='grc' dir='ltr'>ἐπιδείξετε</span> <span class='ocrx_word' id='word_1_513' title='bbox 3588 2935 3680 3005; x_wconf 69' lang='grc' dir='ltr'><strong>τὴν</strong></span> 
     </span>
    </p>
   </div>
   <div class='ocr_carea' id='block_1_70' title="bbox 2102 3019 3682 3097">
    <p class='ocr_par' dir='ltr' id='par_1_70' title="bbox 2102 3019 3682 3097">
     <span class='ocr_line' id='line_1_70' title="bbox 2102 3019 3682 3097; baseline 0.004 -26"><span class='ocrx_word' id='word_1_514' title='bbox 2102 3019 2328 3083; x_wconf 76' lang='grc' dir='ltr'>οἰκείαν,</span> <span class='ocrx_word' id='word_1_515' title='bbox 2364 3021 2455 3092; x_wconf 87' lang='lat' dir='ltr'><strong>(p.</strong></span> <span class='ocrx_word' id='word_1_516' title='bbox 2491 3021 2633 3093; x_wconf 79' lang='lat' dir='ltr'><strong>5T5)</strong></span> <span class='ocrx_word' id='word_1_517' title='bbox 2681 3022 2871 3086; x_wconf 80' lang='grc' dir='ltr'>Ἠλίας</span> <span class='ocrx_word' id='word_1_518' title='bbox 2904 3025 3341 3096; x_wconf 76' lang='grc' dir='ltr'>ἀποσταλήσεται</span> <span class='ocrx_word' id='word_1_519' title='bbox 3374 3027 3516 3097; x_wconf 72' lang='grc' dir='ltr'>πρὶς</span> <span class='ocrx_word' id='word_1_520' title='bbox 3544 3026 3682 3096; x_wconf 75' lang='grc' dir='ltr'>ὑμᾶς</span> 
     </span>
    </p>
   </div>
   <div class='ocr_carea' id='block_1_71' title="bbox 2102 3111 3680 3187">
    <p class='ocr_par' dir='ltr' id='par_1_71' title="bbox 2102 3111 3680 3187">
     <span class='ocr_line' id='line_1_71' title="bbox 2102 3111 3680 3187; baseline 0.003 -24"><span class='ocrx_word' id='word_1_521' title='bbox 2102 3111 2130 3163; x_wconf 88' lang='grc' dir='ltr'>ὁ</span> <span class='ocrx_word' id='word_1_522' title='bbox 2161 3113 2451 3183; x_wconf 83' lang='grc' dir='ltr'>μακάριος,</span> <span class='ocrx_word' id='word_1_523' title='bbox 2478 3114 2583 3185; x_wconf 85' lang='grc' dir='ltr'><strong>πρὸ</strong></span> <span class='ocrx_word' id='word_1_524' title='bbox 2610 3114 2711 3184; x_wconf 81' lang='grc' dir='ltr'>τῆς</span> <span class='ocrx_word' id='word_1_525' title='bbox 2740 3113 2998 3186; x_wconf 80' lang='grc' dir='ltr'>δευτέρας</span> <span class='ocrx_word' id='word_1_526' title='bbox 3019 3114 3111 3168; x_wconf 80' lang='grc' dir='ltr'>τοῦ</span> <span class='ocrx_word' id='word_1_527' title='bbox 3143 3116 3412 3169; x_wconf 85' lang='grc' dir='ltr'>Δεσπὸτου</span> <span class='ocrx_word' id='word_1_528' title='bbox 3448 3117 3492 3169; x_wconf 90' lang='grc' dir='ltr'><strong>Χ</strong></span> <span class='ocrx_word' id='word_1_529' title='bbox 3502 3116 3680 3187; x_wconf 80' lang='grc' dir='ltr'>ριστοῦ</span> 
     </span>
    </p>
   </div>
   <div class='ocr_carea' id='block_1_72' title="bbox 2103 3202 3680 3279">
    <p class='ocr_par' dir='ltr' id='par_1_72' title="bbox 2103 3202 3680 3279">
     <span class='ocr_line' id='line_1_72' title="bbox 2103 3202 3680 3279; baseline 0.005 -24"><span class='ocrx_word' id='word_1_530' title='bbox 2103 3202 2425 3274; x_wconf 81' lang='grc' dir='ltr'>παρουσίας,</span> <span class='ocrx_word' id='word_1_531' title='bbox 2464 3206 2532 3275; x_wconf 73' lang='grc' dir='ltr'>ἠν</span> <span class='ocrx_word' id='word_1_532' title='bbox 2569 3207 2662 3259; x_wconf 86' lang='grc' dir='ltr'>ἀπ’</span> <span class='ocrx_word' id='word_1_533' title='bbox 2700 3206 2946 3278; x_wconf 77' lang='grc' dir='ltr'>οὐρανῶν</span> <span class='ocrx_word' id='word_1_534' title='bbox 2998 3208 3315 3279; x_wconf 74' lang='grc' dir='ltr'><strong>ποιήσεται⁸</strong></span> <span class='ocrx_word' id='word_1_535' title='bbox 3366 3208 3511 3263; x_wconf 79' lang='grc' dir='ltr'>ὥστε</span> <span class='ocrx_word' id='word_1_536' title='bbox 3564 3213 3680 3273; x_wconf 58' lang='grc' dir='ltr'>τοὺς</span> 
     </span>
    </p>
   </div>
   <div class='ocr_carea' id='block_1_73' title="bbox 2103 3296 3680 3371">
    <p class='ocr_par' dir='ltr' id='par_1_73' title="bbox 2103 3296 3680 3371">
     <span class='ocr_line' id='line_1_73' title="bbox 2103 3296 3680 3371; baseline 0.004 -23"><span class='ocrx_word' id='word_1_537' title='bbox 2103 3296 2193 3348; x_wconf 82' lang='grc' dir='ltr'>διὰ</span> <span class='ocrx_word' id='word_1_538' title='bbox 2223 3297 2321 3367; x_wconf 88' lang='grc' dir='ltr'>τὴν</span> <span class='ocrx_word' id='word_1_539' title='bbox 2371 3296 2654 3351; x_wconf 79' lang='grc' dir='ltr'>εὐσέϐειαν</span> <span class='ocrx_word' id='word_1_540' title='bbox 2688 3298 2825 3368; x_wconf 79' lang='grc' dir='ltr'>πρὸς</span> <span class='ocrx_word' id='word_1_541' title='bbox 2870 3298 3130 3367; x_wconf 84' lang='grc' dir='ltr'>ἀλλήλους</span> <span class='ocrx_word' id='word_1_542' title='bbox 3163 3299 3531 3371; x_wconf 79' lang='grc' dir='ltr'>διῃρημένους</span> <span class='ocrx_word' id='word_1_543' title='bbox 3570 3319 3680 3354; x_wconf 87' lang='grc' dir='ltr'>συν-</span> 
     </span>
    </p>
   </div>
   <div class='ocr_carea' id='block_1_74' title="bbox 2106 3387 3679 3461">
    <p class='ocr_par' dir='ltr' id='par_1_74' title="bbox 2106 3387 3679 3461">
     <span class='ocr_line' id='line_1_74' title="bbox 2106 3387 3679 3461; baseline 0.002 -20"><span class='ocrx_word' id='word_1_544' title='bbox 2106 3387 2261 3457; x_wconf 77' lang='grc' dir='ltr'>άψαι,</span> <span class='ocrx_word' id='word_1_545' title='bbox 2304 3389 2398 3441; x_wconf 79' lang='grc' dir='ltr'><strong>καὶ</strong></span> <span class='ocrx_word' id='word_1_546' title='bbox 2429 3389 2494 3460; x_wconf 77' lang='grc' dir='ltr'>δὴ</span> <span class='ocrx_word' id='word_1_547' title='bbox 2544 3391 2636 3443; x_wconf 77' lang='grc' dir='ltr'>καὶ</span> <span class='ocrx_word' id='word_1_548' title='bbox 2684 3390 2926 3461; x_wconf 85' lang='grc' dir='ltr'>πατέρας</span> <span class='ocrx_word' id='word_1_549' title='bbox 2957 3390 3046 3443; x_wconf 78' lang='grc' dir='ltr'>διὰ</span> <span class='ocrx_word' id='word_1_550' title='bbox 3094 3390 3192 3461; x_wconf 86' lang='grc' dir='ltr'>τῆς</span> <span class='ocrx_word' id='word_1_551' title='bbox 3232 3392 3373 3443; x_wconf 83' lang='grc' dir='ltr'><strong>κατά</strong></span> <span class='ocrx_word' id='word_1_552' title='bbox 3404 3392 3507 3461; x_wconf 83' lang='grc' dir='ltr'>τὴν</span> <span class='ocrx_word' id='word_1_553' title='bbox 3535 3393 3679 3444; x_wconf 75' lang='grc' dir='ltr'>εὗσέ-</span> 
     </span>
    </p>
   </div>
   <div class='ocr_carea' id='block_1_75' title="bbox 2106 3480 3673 3554">
    <p class='ocr_par' dir='ltr' id='par_1_75' title="bbox 2106 3480 3673 3554">
     <span class='ocr_line' id='line_1_75' title="bbox 2106 3480 3673 3554; baseline 0.003 -22"><span class='ocrx_word' id='word_1_554' title='bbox 2106 3480 2257 3533; x_wconf 86' lang='grc' dir='ltr'>ϐειαν</span> <span class='ocrx_word' id='word_1_555' title='bbox 2301 3480 2649 3549; x_wconf 72' lang='grc' dir='ltr'>ἐπιγνώσεως</span> <span class='ocrx_word' id='word_1_556' title='bbox 2687 3484 2768 3546; x_wconf 90' lang='grc' dir='ltr'><strong>είς</strong></span> <span class='ocrx_word' id='word_1_557' title='bbox 2800 3482 2899 3553; x_wconf 79' lang='grc' dir='ltr'>τὴν</span> <span class='ocrx_word' id='word_1_558' title='bbox 2922 3482 3030 3535; x_wconf 86' lang='grc' dir='ltr'><strong>τῶν</strong></span> <span class='ocrx_word' id='word_1_559' title='bbox 3057 3484 3261 3536; x_wconf 79' lang='grc' dir='ltr'>τέκνων</span> <span class='ocrx_word' id='word_1_560' title='bbox 3294 3484 3527 3552; x_wconf 83' lang='grc' dir='ltr'>ἀγαγεῖν</span> <span class='ocrx_word' id='word_1_561' title='bbox 3551 3484 3673 3554; x_wconf 68' lang='grc' dir='ltr'>ὁμὸ-</span> 
     </span>
    </p>
   </div>
   <div class='ocr_carea' id='block_1_76' title="bbox 2106 3572 3677 3645">
    <p class='ocr_par' dir='ltr' id='par_1_76' title="bbox 2106 3572 3677 3645">
     <span class='ocr_line' id='line_1_76' title="bbox 2106 3572 3677 3645; baseline 0.002 -21"><span class='ocrx_word' id='word_1_562' title='bbox 2106 3588 2275 3639; x_wconf 81' lang='grc' dir='ltr'>νοιαν,</span> <span class='ocrx_word' id='word_1_563' title='bbox 2308 3572 2667 3644; x_wconf 81' lang='grc' dir='ltr'>διῃρημένους</span> <span class='ocrx_word' id='word_1_564' title='bbox 2695 3573 2960 3645; x_wconf 85' lang='grc' dir='ltr'>πρότερον</span> <span class='ocrx_word' id='word_1_565' title='bbox 3003 3574 3066 3627; x_wconf 87' lang='grc' dir='ltr'><strong>ἐκ</strong></span> <span class='ocrx_word' id='word_1_566' title='bbox 3097 3575 3197 3643; x_wconf 78' lang='grc' dir='ltr'>τῆς</span> <span class='ocrx_word' id='word_1_567' title='bbox 3230 3574 3374 3627; x_wconf 81' lang='grc' dir='ltr'><strong>κατά</strong></span> <span class='ocrx_word' id='word_1_568' title='bbox 3404 3575 3505 3645; x_wconf 85' lang='grc' dir='ltr'>τὴν</span> <span class='ocrx_word' id='word_1_569' title='bbox 3530 3574 3677 3627; x_wconf 72' lang='grc' dir='ltr'>εὐσέ-</span> 
     </span>
    </p>
   </div>
   <div class='ocr_carea' id='block_1_77' title="bbox 2106 3664 3680 3736">
    <p class='ocr_par' dir='ltr' id='par_1_77' title="bbox 2106 3664 3680 3736">
     <span class='ocr_line' id='line_1_77' title="bbox 2106 3664 3680 3736; baseline 0.003 -20"><span class='ocrx_word' id='word_1_570' title='bbox 2106 3664 2256 3717; x_wconf 88' lang='grc' dir='ltr'>ϐειαν</span> <span class='ocrx_word' id='word_1_571' title='bbox 2278 3666 2457 3729; x_wconf 78' lang='grc' dir='ltr'>αἰτίας</span> <span class='ocrx_word' id='word_1_572' title='bbox 2477 3681 2491 3696; x_wconf 86' lang='grc'><strong>·</strong></span> <span class='ocrx_word' id='word_1_573' title='bbox 2532 3667 2738 3729; x_wconf 82' lang='grc' dir='ltr'>πάντας</span> <span class='ocrx_word' id='word_1_574' title='bbox 2771 3683 2829 3719; x_wconf 85' lang='grc' dir='ltr'><strong>τε</strong></span> <span class='ocrx_word' id='word_1_575' title='bbox 2862 3664 3179 3735; x_wconf 85' lang='grc' dir='ltr'>ἀνθρώπους</span> <span class='ocrx_word' id='word_1_576' title='bbox 3202 3667 3487 3736; x_wconf 84' lang='grc' dir='ltr'>συντόμως</span> <span class='ocrx_word' id='word_1_577' title='bbox 3513 3669 3680 3721; x_wconf 78' lang='grc' dir='ltr'>εἰπεῖν</span> 
     </span>
    </p>
   </div>
   <div class='ocr_carea' id='block_1_78' title="bbox 2104 3757 3679 3829">
    <p class='ocr_par' dir='ltr' id='par_1_78' title="bbox 2104 3757 3679 3829">
     <span class='ocr_line' id='line_1_78' title="bbox 2104 3757 3679 3829; baseline 0.002 -21"><span class='ocrx_word' id='word_1_578' title='bbox 2104 3759 2186 3820; x_wconf 85' lang='grc' dir='ltr'><strong>είς</strong></span> <span class='ocrx_word' id='word_1_579' title='bbox 2215 3757 2345 3828; x_wconf 82' lang='grc' dir='ltr'>μίαν</span> <span class='ocrx_word' id='word_1_580' title='bbox 2385 3758 2481 3811; x_wconf 76' lang='grc' dir='ltr'>καὶ</span> <span class='ocrx_word' id='word_1_581' title='bbox 2518 3760 2616 3829; x_wconf 83' lang='grc' dir='ltr'>τὴν</span> <span class='ocrx_word' id='word_1_582' title='bbox 2648 3757 2817 3828; x_wconf 79' lang='grc' dir='ltr'>αὐτὴν</span> <span class='ocrx_word' id='word_1_583' title='bbox 2843 3758 3185 3827; x_wconf 82' lang='grc' dir='ltr'>καταστῆσαι</span> <span class='ocrx_word' id='word_1_584' title='bbox 3215 3759 3545 3827; x_wconf 76' lang='grc' dir='ltr'>συνάφειανο</span> <span class='ocrx_word' id='word_1_585' title='bbox 3574 3759 3679 3812; x_wconf 83' lang='grc' dir='ltr'>τῶν</span> 
     </span>
    </p>
   </div>
   <div class='ocr_carea' id='block_1_79' title="bbox 2105 3848 3677 3920">
    <p class='ocr_par' dir='ltr' id='par_1_79' title="bbox 2105 3848 3677 3920">
     <span class='ocr_line' id='line_1_79' title="bbox 2105 3848 3677 3920; baseline -0.001 -19"><span class='ocrx_word' id='word_1_586' title='bbox 2105 3850 2163 3902; x_wconf 81' lang='grc' dir='ltr'>ἐν</span> <span class='ocrx_word' id='word_1_587' title='bbox 2206 3848 2432 3920; x_wconf 80' lang='grc' dir='ltr'>ἀσεϐείᾳ</span> <span class='ocrx_word' id='word_1_588' title='bbox 2466 3849 2589 3901; x_wconf 79' lang='grc' dir='ltr'>τότε</span> <span class='ocrx_word' id='word_1_589' title='bbox 2637 3848 3227 3920; x_wconf 82' lang='grc' dir='ltr'>καταλαμϐανομένων,</span> <span class='ocrx_word' id='word_1_590' title='bbox 3250 3848 3558 3919; x_wconf 79' lang='grc' dir='ltr'>δεχομένων</span> <span class='ocrx_word' id='word_1_591' title='bbox 3581 3850 3677 3918; x_wconf 80' lang='grc' dir='ltr'>μὲν</span> 
     </span>
    </p>
   </div>
   <div class='ocr_carea' id='block_1_80' title="bbox 2103 3939 3676 4011">
    <p class='ocr_par' dir='ltr' id='par_1_80' title="bbox 2103 3939 3676 4011">
     <span class='ocr_line' id='line_1_80' title="bbox 2103 3939 3676 4011; baseline 0 -18"><span class='ocrx_word' id='word_1_592' title='bbox 2103 3942 2231 4011; x_wconf 85' lang='grc' dir='ltr'>παρ’</span> <span class='ocrx_word' id='word_1_593' title='bbox 2280 3939 2442 3994; x_wconf 77' lang='grc' dir='ltr'>αὑτοῦ</span> <span class='ocrx_word' id='word_1_594' title='bbox 2481 3940 2581 4011; x_wconf 83' lang='grc' dir='ltr'><strong>τὴν</strong></span> <span class='ocrx_word' id='word_1_595' title='bbox 2619 3941 2719 4009; x_wconf 85' lang='grc' dir='ltr'>τῆς</span> <span class='ocrx_word' id='word_1_596' title='bbox 2752 3939 3010 4011; x_wconf 76' lang='grc' dir='ltr'>ἀληθείας</span> <span class='ocrx_word' id='word_1_597' title='bbox 3049 3940 3363 4009; x_wconf 69' lang='grc' dir='ltr'>ἐπίγνωσιν,</span> <span class='ocrx_word' id='word_1_598' title='bbox 3406 3940 3676 4010; x_wconf 73' lang='grc' dir='ltr'>ἐχομένων</span> 
     </span>
    </p>
   </div>
   <div class='ocr_carea' id='block_1_81' title="bbox 413 4027 3674 4106">
    <p class='ocr_par' dir='ltr' id='par_1_81' title="bbox 413 4027 3674 4106">
     <span class='ocr_line' id='line_1_81' title="bbox 413 4027 3674 4106; baseline 0 -24"><span class='ocrx_word' id='word_1_599' title='bbox 413 4027 472 4081; x_wconf 73' lang='grc' dir='ltr'><strong>δι</strong></span> <span class='ocrx_word' id='word_1_600' title='bbox 502 4033 596 4083; x_wconf 77' lang='grc' dir='ltr'>καὶ</span> <span class='ocrx_word' id='word_1_601' title='bbox 631 4031 732 4100; x_wconf 81' lang='grc' dir='ltr'>τὴν</span> <span class='ocrx_word' id='word_1_602' title='bbox 768 4032 1017 4086; x_wconf 77' lang='grc' dir='ltr'>ἐντεῦθεν</span> <span class='ocrx_word' id='word_1_603' title='bbox 1090 4034 1233 4106; x_wconf 77' lang='grc' dir='ltr'>πρὸς</span> <span class='ocrx_word' id='word_1_604' title='bbox 1273 4036 1401 4100; x_wconf 81' lang='grc' dir='ltr'>τοὺς</span> <span class='ocrx_word' id='word_1_605' title='bbox 1444 4034 1691 4098; x_wconf 79' lang='grc' dir='ltr'>εὐσεϐεῖς</span> <span class='ocrx_word' id='word_1_606' title='bbox 1757 4033 2071 4088; x_wconf 83' lang='grc' dir='ltr'>κοινωνίαν’</span> <span class='ocrx_word' id='word_1_607' title='bbox 2109 4033 2281 4087; x_wconf 80' lang='grc' dir='ltr'>ταῦτα</span> <span class='ocrx_word' id='word_1_608' title='bbox 2313 4034 2371 4087; x_wconf 78' lang='grc' dir='ltr'>δὲ</span> <span class='ocrx_word' id='word_1_609' title='bbox 2419 4036 2704 4105; x_wconf 80' lang='grc' dir='ltr'>ποιήσεται</span> <span class='ocrx_word' id='word_1_610' title='bbox 2744 4034 2844 4105; x_wconf 85' lang='grc' dir='ltr'>τῆς</span> <span class='ocrx_word' id='word_1_611' title='bbox 2892 4035 3142 4088; x_wconf 84' lang='grc' dir='ltr'>ἁπάντων</span> <span class='ocrx_word' id='word_1_612' title='bbox 3180 4031 3485 4103; x_wconf 84' lang='grc' dir='ltr'>ἀνθρώπων</span> <span class='ocrx_word' id='word_1_613' title='bbox 3523 4050 3674 4102; x_wconf 60' lang='grc' dir='ltr'>(ερον-</span> 
     </span>
    </p>
   </div>
   <div class='ocr_carea' id='block_1_82' title="bbox 415 4119 3673 4199">
    <p class='ocr_par' dir='ltr' id='par_1_82' title="bbox 415 4119 3673 4199">
     <span class='ocr_line' id='line_1_82' title="bbox 415 4119 3673 4199; baseline 0.002 -27"><span class='ocrx_word' id='word_1_614' title='bbox 415 4119 578 4183; x_wconf 76' lang='grc' dir='ltr'>τίζων</span> <span class='ocrx_word' id='word_1_615' title='bbox 616 4123 885 4195; x_wconf 86' lang='grc' dir='ltr'>σωτηρίας</span> <span class='ocrx_word' id='word_1_616' title='bbox 916 4126 944 4177; x_wconf 85' lang='grc' dir='ltr'><strong>ὁ</strong></span> <span class='ocrx_word' id='word_1_617' title='bbox 976 4125 1141 4190; x_wconf 76' lang='grc' dir='ltr'>Θεόςο</span> <span class='ocrx_word' id='word_1_618' title='bbox 1171 4128 1247 4191; x_wconf 84' lang='grc' dir='ltr'>ὡς</span> <span class='ocrx_word' id='word_1_619' title='bbox 1274 4128 1340 4181; x_wconf 83' lang='grc' dir='ltr'>ἂν</span> <span class='ocrx_word' id='word_1_620' title='bbox 1379 4129 1454 4199; x_wconf 84' lang='grc' dir='ltr'>μὴ</span> <span class='ocrx_word' id='word_1_621' title='bbox 1480 4128 1734 4199; x_wconf 80' lang='grc' dir='ltr'>μένοντες</span> <span class='ocrx_word' id='word_1_622' title='bbox 1763 4128 1858 4181; x_wconf 73' lang='grc' dir='ltr'><strong>ἐπὶ</strong></span> <span class='ocrx_word' id='word_1_623' title='bbox 1890 4131 1989 4199; x_wconf 79' lang='grc' dir='ltr'>τῆς</span> <span class='ocrx_word' id='word_1_624' title='bbox 2028 4128 2303 4196; x_wconf 85' lang='grc' dir='ltr'>ἀσεϐείας,</span> <span class='ocrx_word' id='word_1_625' title='bbox 2332 4128 2567 4199; x_wconf 76' lang='grc' dir='ltr'>φοϐερᾶς</span> <span class='ocrx_word' id='word_1_626' title='bbox 2598 4129 2762 4184; x_wconf 74' lang='grc' dir='ltr'>αὐτοῦ</span> <span class='ocrx_word' id='word_1_627' title='bbox 2787 4128 2889 4199; x_wconf 76' lang='grc' dir='ltr'>τῆς</span> <span class='ocrx_word' id='word_1_628' title='bbox 2955 4128 3254 4199; x_wconf 82' lang='grc' dir='ltr'>παρουσίας</span> <span class='ocrx_word' id='word_1_629' title='bbox 3320 4126 3673 4199; x_wconf 77' lang='grc' dir='ltr'>πειραθῶσιν,</span> 
     </span>
    </p>
   </div>
   <div class='ocr_carea' id='block_1_83' title="bbox 414 4216 1893 4297">
    <p class='ocr_par' dir='ltr' id='par_1_83' title="bbox 414 4216 1893 4297">
     <span class='ocr_line' id='line_1_83' title="bbox 414 4216 1893 4297; baseline 0.007 -28"><span class='ocrx_word' id='word_1_630' title='bbox 414 4216 510 4270; x_wconf 70' lang='grc' dir='ltr'><strong>ἐπὶ</strong></span> <span class='ocrx_word' id='word_1_631' title='bbox 535 4216 821 4290; x_wconf 76' lang='grc' dir='ltr'>ἀφανισμῷ</span> <span class='ocrx_word' id='word_1_632' title='bbox 852 4222 1105 4277; x_wconf 86' lang='grc' dir='ltr'>παντελεῖ</span> <span class='ocrx_word' id='word_1_633' title='bbox 1129 4223 1238 4279; x_wconf 83' lang='grc' dir='ltr'>τῶν</span> <span class='ocrx_word' id='word_1_634' title='bbox 1267 4224 1556 4295; x_wconf 80' lang='grc' dir='ltr'>μοχθηρῶν</span> <span class='ocrx_word' id='word_1_635' title='bbox 1579 4225 1893 4297; x_wconf 78' lang='grc' dir='ltr'>γινομένης.</span> 
     </span>
    </p>
   </div>
  </div>
