  <div class='ocr_page' id='page_1' title='image "/cluster/home/n/w/nwhite01/storage/ocr_20150623/66/hvd.32044020183315/323.png"; bbox 0 0 3904 6540; ppageno 0'>
   <div class='ocr_carea' id='block_1_1' title="bbox 466 386 580 446">
    <p class='ocr_par' dir='ltr' id='par_1_1' title="bbox 466 386 580 446">
     <span class='ocr_line' id='line_1_1' title="bbox 466 386 580 446; baseline 0 -2"><span class='ocrx_word' id='word_1_1' title='bbox 466 386 580 446; x_wconf 70' lang='grc'><strong>655</strong></span> 
     </span>
    </p>
   </div>
   <div class='ocr_carea' id='block_1_2' title="bbox 1655 379 2526 440">
    <p class='ocr_par' dir='ltr' id='par_1_2' title="bbox 1655 379 2526 440">
     <span class='ocr_line' id='line_1_2' title="bbox 1655 379 2526 440; baseline 0 -2"><span class='ocrx_word' id='word_1_2' title='bbox 1655 379 2004 439; x_wconf 79' lang='lat' dir='ltr'><strong>‘l‘iiEODORI</strong></span> <span class='ocrx_word' id='word_1_3' title='bbox 2045 379 2526 440; x_wconf 73' lang='lat' dir='ltr'><strong>MOPSUESTENI</strong></span> 
     </span>
    </p>
   </div>
   <div class='ocr_carea' id='block_1_3' title="bbox 3609 392 3707 447">
    <p class='ocr_par' dir='ltr' id='par_1_3' title="bbox 3609 392 3707 447">
     <span class='ocr_line' id='line_1_3' title="bbox 3609 392 3707 447; baseline 0 0"><span class='ocrx_word' id='word_1_4' title='bbox 3609 392 3707 447; x_wconf 75' lang='lat'><strong>636</strong></span> 
     </span>
    </p>
   </div>
   <div class='ocr_carea' id='block_1_4' title="bbox 388 501 3715 580">
    <p class='ocr_par' dir='ltr' id='par_1_4' title="bbox 388 501 3715 580">
     <span class='ocr_line' id='line_1_4' title="bbox 388 501 3715 580; baseline -0 -23"><span class='ocrx_word' id='word_1_5' title='bbox 388 570 391 573; x_wconf 21' lang='grc' dir='ltr'>λ</span> <span class='ocrx_word' id='word_1_6' title='bbox 420 554 423 557; x_wconf 72' lang='grc'><strong>,</strong></span> <span class='ocrx_word' id='word_1_7' title='bbox 472 508 600 580; x_wconf 78' lang='lat' dir='ltr'><strong>ejus</strong></span> <span class='ocrx_word' id='word_1_8' title='bbox 633 504 781 577; x_wconf 83' lang='lat' dir='ltr'><strong>quod</strong></span> <span class='ocrx_word' id='word_1_9' title='bbox 818 502 1254 561; x_wconf 89' lang='lat' dir='ltr'><strong>ostendebatur:</strong></span> <span class='ocrx_word' id='word_1_10' title='bbox 1312 517 1477 573; x_wconf 88' lang='lat' dir='ltr'><strong>quam</strong></span> <span class='ocrx_word' id='word_1_11' title='bbox 1505 513 1558 559; x_wconf 90' lang='lat' dir='ltr'><strong>et</strong></span> <span class='ocrx_word' id='word_1_12' title='bbox 1616 504 1757 558; x_wconf 89' lang='lat' dir='ltr'><strong>verti</strong></span> <span class='ocrx_word' id='word_1_13' title='bbox 1793 501 1955 567; x_wconf 75' lang='lat' dir='ltr'><strong>dixit,</strong></span> <span class='ocrx_word' id='word_1_14' title='bbox 1996 512 2055 557; x_wconf 92' lang='lat' dir='ltr'><strong>ut</strong></span> <span class='ocrx_word' id='word_1_15' title='bbox 2082 511 2127 566; x_wconf 77' lang='grc' dir='ltr'>Α</span> <span class='ocrx_word' id='word_1_16' title='bbox 2155 504 2466 574; x_wconf 73' lang='lat' dir='ltr'><strong>prohibitus</strong></span> <span class='ocrx_word' id='word_1_17' title='bbox 2500 504 2728 559; x_wconf 87' lang='lat' dir='ltr'><strong>introitu</strong></span> <span class='ocrx_word' id='word_1_18' title='bbox 2762 502 3029 574; x_wconf 81' lang='lat' dir='ltr'><strong>paradisi,</strong></span> <span class='ocrx_word' id='word_1_19' title='bbox 3086 501 3285 558; x_wconf 90' lang='lat' dir='ltr'><strong>merito</strong></span> <span class='ocrx_word' id='word_1_20' title='bbox 3331 501 3715 574; x_wconf 74' lang='lat' dir='ltr'><strong>castigaretur.</strong></span> 
     </span>
    </p>
   </div>
   <div class='ocr_carea' id='block_1_5' title="bbox 406 594 2048 664">
    <p class='ocr_par' dir='ltr' id='par_1_5' title="bbox 406 594 2048 664">
     <span class='ocr_line' id='line_1_5' title="bbox 406 594 2048 664; baseline -0.005 -7"><span class='ocrx_word' id='word_1_21' title='bbox 406 598 407 601; x_wconf 54' lang='grc'><em>“</em></span> <span class='ocrx_word' id='word_1_22' title='bbox 474 600 801 657; x_wconf 74' lang='lat' dir='ltr'><strong>assiduitate</strong></span> <span class='ocrx_word' id='word_1_23' title='bbox 842 604 1026 652; x_wconf 86' lang='lat' dir='ltr'><strong>motus</strong></span> <span class='ocrx_word' id='word_1_24' title='bbox 1061 610 1385 659; x_wconf 86' lang='lat' dir='ltr'><strong>coruscans,</strong></span> <span class='ocrx_word' id='word_1_25' title='bbox 1436 595 1736 650; x_wconf 89' lang='lat' dir='ltr'><strong>terribilem</strong></span> <span class='ocrx_word' id='word_1_26' title='bbox 1765 605 1820 650; x_wconf 90' lang='lat' dir='ltr'><strong>et</strong></span> <span class='ocrx_word' id='word_1_27' title='bbox 1874 594 2048 664; x_wconf 89' lang='lat' dir='ltr'><strong>majo-</strong></span> 
     </span>
    </p>
   </div>
   <div class='ocr_carea' id='block_1_6' title="bbox 476 686 2047 747">
    <p class='ocr_par' dir='ltr' id='par_1_6' title="bbox 476 686 2047 747">
     <span class='ocr_line' id='line_1_6' title="bbox 476 686 2047 747; baseline -0.004 0"><span class='ocrx_word' id='word_1_28' title='bbox 476 706 593 747; x_wconf 86' lang='lat' dir='ltr'><strong>rem</strong></span> <span class='ocrx_word' id='word_1_29' title='bbox 624 688 831 745; x_wconf 83' lang='lat' dir='ltr'><strong>videnti</strong></span> <span class='ocrx_word' id='word_1_30' title='bbox 875 689 1128 743; x_wconf 87' lang='lat' dir='ltr'><strong>timorem</strong></span> <span class='ocrx_word' id='word_1_31' title='bbox 1158 687 1384 743; x_wconf 90' lang='lat' dir='ltr'><strong>faceret.</strong></span> <span class='ocrx_word' id='word_1_32' title='bbox 1415 686 1709 744; x_wconf 88' lang='lat' dir='ltr'><strong>Cherubim</strong></span> <span class='ocrx_word' id='word_1_33' title='bbox 1740 701 1870 742; x_wconf 89' lang='lat' dir='ltr'><strong>vero</strong></span> <span class='ocrx_word' id='word_1_34' title='bbox 1926 688 2047 742; x_wconf 91' lang='lat' dir='ltr'><strong>ani-</strong></span> 
     </span>
    </p>
   </div>
   <div class='ocr_carea' id='block_1_7' title="bbox 477 779 2050 851">
    <p class='ocr_par' dir='ltr' id='par_1_7' title="bbox 477 779 2050 851">
     <span class='ocr_line' id='line_1_7' title="bbox 477 779 2050 851; baseline -0.004 -12"><span class='ocrx_word' id='word_1_35' title='bbox 477 782 701 839; x_wconf 88' lang='lat' dir='ltr'><strong>malium</strong></span> <span class='ocrx_word' id='word_1_36' title='bbox 745 780 879 835; x_wconf 88' lang='lat' dir='ltr'><strong>dicit</strong></span> <span class='ocrx_word' id='word_1_37' title='bbox 912 779 1177 851; x_wconf 84' lang='lat' dir='ltr'><strong>quasdam</strong></span> <span class='ocrx_word' id='word_1_38' title='bbox 1223 779 1432 836; x_wconf 82' lang='lat' dir='ltr'><strong>formas</strong></span> <span class='ocrx_word' id='word_1_39' title='bbox 1473 779 1744 835; x_wconf 83' lang='lat' dir='ltr'><strong>terribiles</strong></span> <span class='ocrx_word' id='word_1_40' title='bbox 1775 787 1830 834; x_wconf 90' lang='lat' dir='ltr'><strong>et</strong></span> <span class='ocrx_word' id='word_1_41' title='bbox 1864 788 2050 848; x_wconf 90' lang='lat' dir='ltr'><strong>poten-</strong></span> 
     </span>
    </p>
   </div>
   <div class='ocr_carea' id='block_1_8' title="bbox 477 871 2051 931">
    <p class='ocr_par' dir='ltr' id='par_1_8' title="bbox 477 871 2051 931">
     <span class='ocr_line' id='line_1_8' title="bbox 477 871 2051 931; baseline -0.001 -4"><span class='ocrx_word' id='word_1_42' title='bbox 477 883 561 931; x_wconf 90' lang='lat' dir='ltr'><strong>tes</strong></span> <span class='ocrx_word' id='word_1_43' title='bbox 590 873 948 929; x_wconf 83' lang='lat' dir='ltr'><strong>tremel’acere</strong></span> <span class='ocrx_word' id='word_1_44' title='bbox 977 873 1279 929; x_wconf 84' lang='lat' dir='ltr'><strong>videntem.</strong></span> <span class='ocrx_word' id='word_1_45' title='bbox 1320 871 1477 926; x_wconf 86' lang='lat' dir='ltr'><strong>Sicut</strong></span> <span class='ocrx_word' id='word_1_46' title='bbox 1506 873 1652 927; x_wconf 90' lang='lat' dir='ltr'><strong>enim</strong></span> <span class='ocrx_word' id='word_1_47' title='bbox 1712 886 1814 926; x_wconf 90' lang='lat' dir='ltr'><strong>nos</strong></span> <span class='ocrx_word' id='word_1_48' title='bbox 1838 872 2051 925; x_wconf 89' lang='lat' dir='ltr'><strong>anima-</strong></span> 
     </span>
    </p>
   </div>
   <div class='ocr_carea' id='block_1_9' title="bbox 474 961 2048 1035">
    <p class='ocr_par' dir='ltr' id='par_1_9' title="bbox 474 961 2048 1035">
     <span class='ocr_line' id='line_1_9' title="bbox 474 961 2048 1035; baseline -0.001 -16"><span class='ocrx_word' id='word_1_49' title='bbox 474 965 550 1019; x_wconf 90' lang='lat' dir='ltr'><strong>lia</strong></span> <span class='ocrx_word' id='word_1_50' title='bbox 587 964 833 1035; x_wconf 63' lang='lat' dir='ltr'><strong>quaedam</strong></span> <span class='ocrx_word' id='word_1_51' title='bbox 868 964 1097 1020; x_wconf 81' lang='lat' dir='ltr'><strong>forsitan</strong></span> <span class='ocrx_word' id='word_1_52' title='bbox 1129 963 1314 1035; x_wconf 76' lang='lat' dir='ltr'><strong>ianuis</strong></span> <span class='ocrx_word' id='word_1_53' title='bbox 1347 964 1760 1023; x_wconf 89' lang='lat' dir='ltr'><strong>constituimus,</strong></span> <span class='ocrx_word' id='word_1_54' title='bbox 1789 962 1871 1017; x_wconf 88' lang='lat' dir='ltr'><strong>sic</strong></span> <span class='ocrx_word' id='word_1_55' title='bbox 1905 961 2048 1017; x_wconf 89' lang='lat' dir='ltr'><strong>Deus</strong></span> 
     </span>
    </p>
   </div>
   <div class='ocr_carea' id='block_1_10' title="bbox 474 1055 2050 1125">
    <p class='ocr_par' dir='ltr' id='par_1_10' title="bbox 474 1055 2050 1125">
     <span class='ocr_line' id='line_1_10' title="bbox 474 1055 2050 1125; baseline -0.003 -13"><span class='ocrx_word' id='word_1_56' title='bbox 474 1057 778 1113; x_wconf 81' lang='lat' dir='ltr'><strong>ﬂammeam</strong></span> <span class='ocrx_word' id='word_1_57' title='bbox 804 1057 1066 1111; x_wconf 79' lang='lat' dir='ltr'><strong>frameam</strong></span> <span class='ocrx_word' id='word_1_58' title='bbox 1096 1058 1387 1113; x_wconf 87' lang='lat' dir='ltr'><strong>constituit</strong></span> <span class='ocrx_word' id='word_1_59' title='bbox 1413 1065 1468 1113; x_wconf 93' lang='lat' dir='ltr'><strong>et</strong></span> <span class='ocrx_word' id='word_1_60' title='bbox 1516 1055 1823 1119; x_wconf 84' lang='lat' dir='ltr'><strong>cherubim,</strong></span> <span class='ocrx_word' id='word_1_61' title='bbox 1868 1063 1926 1108; x_wconf 93' lang='lat' dir='ltr'><strong>ut</strong></span> <span class='ocrx_word' id='word_1_62' title='bbox 1954 1071 2050 1125; x_wconf 80' lang='lat' dir='ltr'><strong>per</strong></span> 
     </span>
    </p>
   </div>
   <div class='ocr_carea' id='block_1_11' title="bbox 475 1146 2049 1218">
    <p class='ocr_par' dir='ltr' id='par_1_11' title="bbox 475 1146 2049 1218">
     <span class='ocr_line' id='line_1_11' title="bbox 475 1146 2049 1218; baseline -0.001 -15"><span class='ocrx_word' id='word_1_63' title='bbox 475 1161 621 1214; x_wconf 89' lang='lat' dir='ltr'><strong>eam,</strong></span> <span class='ocrx_word' id='word_1_64' title='bbox 653 1162 775 1218; x_wconf 60' lang='lat' dir='ltr'><strong>qua!</strong></span> <span class='ocrx_word' id='word_1_65' title='bbox 804 1158 890 1204; x_wconf 89' lang='lat' dir='ltr'><strong>est</strong></span> <span class='ocrx_word' id='word_1_66' title='bbox 919 1146 1185 1204; x_wconf 86' lang='lat' dir='ltr'><strong>terribilis</strong></span> <span class='ocrx_word' id='word_1_67' title='bbox 1205 1147 1273 1203; x_wconf 89' lang='lat' dir='ltr'><strong>de</strong></span> <span class='ocrx_word' id='word_1_68' title='bbox 1303 1148 1451 1214; x_wconf 88' lang='lat' dir='ltr'><strong>visu,</strong></span> <span class='ocrx_word' id='word_1_69' title='bbox 1483 1146 1658 1201; x_wconf 85' lang='lat' dir='ltr'><strong>Adam</strong></span> <span class='ocrx_word' id='word_1_70' title='bbox 1693 1161 1817 1200; x_wconf 91' lang='lat' dir='ltr'><strong>cum</strong></span> <span class='ocrx_word' id='word_1_71' title='bbox 1850 1146 2049 1201; x_wconf 86' lang='lat' dir='ltr'><strong>timore</strong></span> 
     </span>
    </p>
   </div>
   <div class='ocr_carea' id='block_1_12' title="bbox 487 1352 982 1387">
    <p class='ocr_par' dir='ltr' id='par_1_12' title="bbox 487 1352 982 1387">
     <span class='ocr_line' id='line_1_12' title="bbox 487 1352 982 1387; baseline -0.004 0"><span class='ocrx_word' id='word_1_72' title='bbox 487 1352 982 1387; x_wconf 54' lang='lat' dir='ltr'><strong>h—a———-—</strong></span> 
     </span>
    </p>
   </div>
   <div class='ocr_carea' id='block_1_13' title="bbox 2150 592 3717 665">
    <p class='ocr_par' dir='ltr' id='par_1_13' title="bbox 2150 592 3717 665">
     <span class='ocr_line' id='line_1_13' title="bbox 2150 592 3717 665; baseline -0.001 -16"><span class='ocrx_word' id='word_1_73' title='bbox 2150 594 2269 649; x_wconf 81' lang='lat' dir='ltr'><strong>Non</strong></span> <span class='ocrx_word' id='word_1_74' title='bbox 2302 595 2448 650; x_wconf 90' lang='lat' dir='ltr'><strong>enim</strong></span> <span class='ocrx_word' id='word_1_75' title='bbox 2486 595 2791 650; x_wconf 81' lang='lat' dir='ltr'><strong>invisibiles</strong></span> <span class='ocrx_word' id='word_1_76' title='bbox 2819 594 3085 665; x_wconf 86' lang='lat' dir='ltr'><strong>quasdam</strong></span> <span class='ocrx_word' id='word_1_77' title='bbox 3115 593 3347 648; x_wconf 83' lang='lat' dir='ltr'><strong>virtutes</strong></span> <span class='ocrx_word' id='word_1_78' title='bbox 3403 592 3540 647; x_wconf 85' lang='lat' dir='ltr'><strong>dicit</strong></span> <span class='ocrx_word' id='word_1_79' title='bbox 3594 593 3717 648; x_wconf 84' lang='lat' dir='ltr'><strong>che-</strong></span> 
     </span>
    </p>
   </div>
   <div class='ocr_carea' id='block_1_14' title="bbox 2152 682 3718 755">
    <p class='ocr_par' dir='ltr' id='par_1_14' title="bbox 2152 682 3718 755">
     <span class='ocr_line' id='line_1_14' title="bbox 2152 682 3718 755; baseline -0.003 -14"><span class='ocrx_word' id='word_1_80' title='bbox 2152 687 2331 742; x_wconf 87' lang='lat' dir='ltr'><strong>rubim</strong></span> <span class='ocrx_word' id='word_1_81' title='bbox 2362 687 2474 753; x_wconf 91' lang='lat' dir='ltr'><strong>hic,</strong></span> <span class='ocrx_word' id='word_1_82' title='bbox 2510 688 2655 742; x_wconf 90' lang='lat' dir='ltr'><strong>sicut</strong></span> <span class='ocrx_word' id='word_1_83' title='bbox 2684 686 2902 755; x_wconf 86' lang='lat' dir='ltr'><strong>quidam</strong></span> <span class='ocrx_word' id='word_1_84' title='bbox 2923 685 3296 739; x_wconf 82' lang='lat' dir='ltr'><strong>arbitrantur:</strong></span> <span class='ocrx_word' id='word_1_85' title='bbox 3326 682 3589 755; x_wconf 86' lang='lat' dir='ltr'><strong>quoniam</strong></span> <span class='ocrx_word' id='word_1_86' title='bbox 3615 699 3718 737; x_wconf 88' lang='lat' dir='ltr'><strong>non</strong></span> 
     </span>
    </p>
   </div>
   <div class='ocr_carea' id='block_1_15' title="bbox 2153 761 3718 848">
    <p class='ocr_par' dir='ltr' id='par_1_15' title="bbox 2153 761 3718 848">
     <span class='ocr_line' id='line_1_15' title="bbox 2153 761 3718 848; baseline -0.001 -18"><span class='ocrx_word' id='word_1_87' title='bbox 2153 777 2364 848; x_wconf 88' lang='lat' dir='ltr'><strong>aliquid</strong></span> <span class='ocrx_word' id='word_1_88' title='bbox 2395 778 2614 832; x_wconf 84' lang='lat' dir='ltr'><strong>valeh‘at</strong></span> <span class='ocrx_word' id='word_1_89' title='bbox 2652 776 2943 832; x_wconf 86' lang='lat' dir='ltr'><strong>invisibilis</strong></span> <span class='ocrx_word' id='word_1_90' title='bbox 2984 761 3179 831; x_wconf 86' lang='lat' dir='ltr'><strong>natura</strong></span> <span class='ocrx_word' id='word_1_91' title='bbox 3218 776 3312 841; x_wconf 84' lang='lat' dir='ltr'><strong>ibi,</strong></span> <span class='ocrx_word' id='word_1_92' title='bbox 3362 791 3489 831; x_wconf 89' lang='lat' dir='ltr'><strong>cum</strong></span> <span class='ocrx_word' id='word_1_93' title='bbox 3544 778 3718 831; x_wconf 81' lang='lat' dir='ltr'><strong>sensi-</strong></span> 
     </span>
    </p>
   </div>
   <div class='ocr_carea' id='block_1_16' title="bbox 2155 866 3716 937">
    <p class='ocr_par' dir='ltr' id='par_1_16' title="bbox 2155 866 3716 937">
     <span class='ocr_line' id='line_1_16' title="bbox 2155 866 3716 937; baseline -0.001 -14"><span class='ocrx_word' id='word_1_94' title='bbox 2155 869 2287 924; x_wconf 91' lang='lat' dir='ltr'><strong>bilis</strong></span> <span class='ocrx_word' id='word_1_95' title='bbox 2323 869 2476 925; x_wconf 88' lang='lat' dir='ltr'><strong>visus</strong></span> <span class='ocrx_word' id='word_1_96' title='bbox 2505 884 2629 925; x_wconf 89' lang='lat' dir='ltr'><strong>esse</strong></span> <span class='ocrx_word' id='word_1_97' title='bbox 2654 869 2899 933; x_wconf 82' lang='lat' dir='ltr'><strong>deberet,</strong></span> <span class='ocrx_word' id='word_1_98' title='bbox 2936 874 2990 921; x_wconf 91' lang='lat' dir='ltr'><strong>et</strong></span> <span class='ocrx_word' id='word_1_99' title='bbox 3019 882 3140 936; x_wconf 78' lang='lat' dir='ltr'><strong>quae</strong></span> <span class='ocrx_word' id='word_1_100' title='bbox 3190 866 3362 921; x_wconf 80' lang='lat' dir='ltr'><strong>Adam</strong></span> <span class='ocrx_word' id='word_1_101' title='bbox 3402 866 3716 937; x_wconf 77' lang='lat' dir='ltr'><strong>castigaret.</strong></span> 
     </span>
    </p>
   </div>
   <div class='ocr_carea' id='block_1_17' title="bbox 2154 955 3718 1030">
    <p class='ocr_par' dir='ltr' id='par_1_17' title="bbox 2154 955 3718 1030">
     <span class='ocr_line' id='line_1_17' title="bbox 2154 955 3718 1030; baseline -0.002 -18"><span class='ocrx_word' id='word_1_102' title='bbox 2154 957 2268 1014; x_wconf 83' lang='lat' dir='ltr'><strong>Nec</strong></span> <span class='ocrx_word' id='word_1_103' title='bbox 2295 959 2462 1030; x_wconf 83' lang='lat' dir='ltr'><strong>igitur</strong></span> <span class='ocrx_word' id='word_1_104' title='bbox 2488 958 2739 1013; x_wconf 82' lang='lat' dir='ltr'><strong>flammea</strong></span> <span class='ocrx_word' id='word_1_105' title='bbox 2778 956 2987 1011; x_wconf 82' lang='lat' dir='ltr'><strong>framea</strong></span> <span class='ocrx_word' id='word_1_106' title='bbox 3014 964 3210 1010; x_wconf 88' lang='lat' dir='ltr'><strong>natura</strong></span> <span class='ocrx_word' id='word_1_107' title='bbox 3257 964 3377 1010; x_wconf 85' lang='lat' dir='ltr'><strong>erat</strong></span> <span class='ocrx_word' id='word_1_108' title='bbox 3413 955 3583 1025; x_wconf 80' lang='lat' dir='ltr'><strong>ignis,</strong></span> <span class='ocrx_word' id='word_1_109' title='bbox 3629 956 3718 1009; x_wconf 81' lang='lat' dir='ltr'><strong>sed</strong></span> 
     </span>
    </p>
   </div>
   <div class='ocr_carea' id='block_1_18' title="bbox 2153 1047 3726 1113">
    <p class='ocr_par' dir='ltr' id='par_1_18' title="bbox 2153 1047 3726 1113">
     <span class='ocr_line' id='line_1_18' title="bbox 2153 1047 3726 1113; baseline 0 -10"><span class='ocrx_word' id='word_1_110' title='bbox 2153 1051 2281 1104; x_wconf 88' lang='lat' dir='ltr'><strong>talis</strong></span> <span class='ocrx_word' id='word_1_111' title='bbox 2321 1050 2510 1106; x_wconf 86' lang='lat' dir='ltr'><strong>visus:</strong></span> <span class='ocrx_word' id='word_1_112' title='bbox 2570 1064 2672 1104; x_wconf 91' lang='lat' dir='ltr'><strong>nec</strong></span> <span class='ocrx_word' id='word_1_113' title='bbox 2730 1048 3015 1104; x_wconf 81' lang='lat' dir='ltr'><strong>cherubim</strong></span> <span class='ocrx_word' id='word_1_114' title='bbox 3072 1047 3351 1113; x_wconf 82' lang='lat' dir='ltr'><strong>animalia,</strong></span> <span class='ocrx_word' id='word_1_115' title='bbox 3403 1049 3503 1103; x_wconf 86' lang='lat' dir='ltr'><strong>sed</strong></span> <span class='ocrx_word' id='word_1_116' title='bbox 3574 1048 3726 1103; x_wconf 80' lang='lat' dir='ltr'><strong>visus</strong></span> 
     </span>
    </p>
   </div>
   <div class='ocr_carea' id='block_1_19' title="bbox 2154 1144 2305 1199">
    <p class='ocr_par' dir='ltr' id='par_1_19' title="bbox 2154 1144 2305 1199">
     <span class='ocr_line' id='line_1_19' title="bbox 2154 1144 2305 1199; baseline 0.013 -2"><span class='ocrx_word' id='word_1_117' title='bbox 2154 1144 2305 1199; x_wconf 89' lang='lat' dir='ltr'><strong>talis.</strong></span> 
     </span>
    </p>
   </div>
   <div class='ocr_carea' id='block_1_20' title="bbox 1112 1547 3105 1683">
    <p class='ocr_par' dir='ltr' id='par_1_20' title="bbox 1112 1547 3105 1683">
     <span class='ocr_line' id='line_1_20' title="bbox 1112 1547 3105 1683; baseline -0.001 -46"><span class='ocrx_word' id='word_1_118' title='bbox 1112 1547 1835 1639; x_wconf 73' lang='lat' dir='ltr'><strong>FRAGMENTA</strong></span> <span class='ocrx_word' id='word_1_119' title='bbox 1936 1548 2211 1636; x_wconf 85' lang='lat' dir='ltr'><strong>ALIA</strong></span> <span class='ocrx_word' id='word_1_120' title='bbox 2294 1550 2447 1638; x_wconf 88' lang='lat' dir='ltr'><strong>lN</strong></span> <span class='ocrx_word' id='word_1_121' title='bbox 2537 1548 3105 1683; x_wconf 10' lang='lat' dir='ltr'><strong>GEANESIN.</strong></span> 
     </span>
    </p>
   </div>
   <div class='ocr_carea' id='block_1_21' title="bbox 1350 1700 2917 1802">
    <p class='ocr_par' dir='ltr' id='par_1_21' title="bbox 1350 1700 2917 1802">
     <span class='ocr_line' id='line_1_21' title="bbox 1350 1700 2917 1802; baseline -0.003 -10"><span class='ocrx_word' id='word_1_122' title='bbox 1350 1740 1425 1792; x_wconf 81' lang='lat' dir='ltr'><strong>Ex</strong></span> <span class='ocrx_word' id='word_1_123' title='bbox 1445 1741 1628 1792; x_wconf 84' lang='lat' dir='ltr'><strong>Catena</strong></span> <span class='ocrx_word' id='word_1_124' title='bbox 1648 1738 1916 1801; x_wconf 84' lang='lat' dir='ltr'><strong>Nicephori</strong></span> <span class='ocrx_word' id='word_1_125' title='bbox 1938 1737 2181 1800; x_wconf 86' lang='lat' dir='ltr'><strong>monachi,</strong></span> <span class='ocrx_word' id='word_1_126' title='bbox 2207 1737 2385 1801; x_wconf 67' lang='lat' dir='ltr'><strong>Lipsize</strong></span> <span class='ocrx_word' id='word_1_127' title='bbox 2414 1737 2535 1788; x_wconf 77' lang='lat'><strong>1772</strong></span> <span class='ocrx_word' id='word_1_128' title='bbox 2555 1736 2718 1789; x_wconf 86' lang='lat' dir='ltr'><strong>in-fol.</strong></span> <span class='ocrx_word' id='word_1_129' title='bbox 2746 1700 2843 1802; x_wconf 7' lang='lat' dir='ltr'><strong>(al).</strong></span> <span class='ocrx_word' id='word_1_130' title='bbox 2868 1708 2871 1709; x_wconf 11' lang='grc' dir='ltr'><em>ν</em></span> <span class='ocrx_word' id='word_1_131' title='bbox 2900 1704 2917 1707; x_wconf 9' lang='grc' dir='ltr'><strong>γ’</strong></span> 
     </span>
    </p>
   </div>
   <div class='ocr_carea' id='block_1_22' title="bbox 1145 2058 1382 2117">
    <p class='ocr_par' dir='ltr' id='par_1_22' title="bbox 1145 2058 1382 2117">
     <span class='ocr_line' id='line_1_22' title="bbox 1145 2058 1382 2117; baseline -0.008 0"><span class='ocrx_word' id='word_1_132' title='bbox 1145 2060 1297 2117; x_wconf 81' lang='lat' dir='ltr'><strong>CAP.</strong></span> <span class='ocrx_word' id='word_1_133' title='bbox 1339 2058 1382 2115; x_wconf 92' lang='grc'><strong>1.</strong></span> 
     </span>
    </p>
   </div>
   <div class='ocr_carea' id='block_1_23' title="bbox 562 2169 2051 2241">
    <p class='ocr_par' dir='ltr' id='par_1_23' title="bbox 562 2169 2051 2241">
     <span class='ocr_line' id='line_1_23' title="bbox 562 2169 2051 2241; baseline -0.007 -6"><span class='ocrx_word' id='word_1_134' title='bbox 562 2176 835 2241; x_wconf 58' lang='grc' dir='ltr'>νηεάι.</span> <span class='ocrx_word' id='word_1_135' title='bbox 870 2203 940 2217; x_wconf 87' lang='lat'><strong>-—</strong></span> <span class='ocrx_word' id='word_1_136' title='bbox 972 2172 1254 2229; x_wconf 78' lang='lat' dir='ltr'><strong>Theodori.</strong></span> <span class='ocrx_word' id='word_1_137' title='bbox 1298 2171 1462 2228; x_wconf 84' lang='lat' dir='ltr'><strong>Fiant</strong></span> <span class='ocrx_word' id='word_1_138' title='bbox 1495 2172 1782 2227; x_wconf 76' lang='lat' dir='ltr'><strong>luminaria</strong></span> <span class='ocrx_word' id='word_1_139' title='bbox 1808 2173 1863 2226; x_wconf 84' lang='lat' dir='ltr'><strong>in</strong></span> <span class='ocrx_word' id='word_1_140' title='bbox 1897 2169 2051 2236; x_wconf 69' lang='lat' dir='ltr'><strong>coelo,</strong></span> 
     </span>
    </p>
   </div>
   <div class='ocr_carea' id='block_1_24' title="bbox 486 2264 2057 2337">
    <p class='ocr_par' dir='ltr' id='par_1_24' title="bbox 486 2264 2057 2337">
     <span class='ocr_line' id='line_1_24' title="bbox 486 2264 2057 2337; baseline -0.005 -10"><span class='ocrx_word' id='word_1_141' title='bbox 486 2272 591 2337; x_wconf 88' lang='lat' dir='ltr'><strong>ait,</strong></span> <span class='ocrx_word' id='word_1_142' title='bbox 627 2286 739 2325; x_wconf 88' lang='lat' dir='ltr'><strong>non</strong></span> <span class='ocrx_word' id='word_1_143' title='bbox 764 2271 815 2324; x_wconf 92' lang='lat' dir='ltr'><strong>ei</strong></span> <span class='ocrx_word' id='word_1_144' title='bbox 854 2266 1217 2333; x_wconf 66' lang='lat' dir='ltr'><strong>adhaerentia,</strong></span> <span class='ocrx_word' id='word_1_145' title='bbox 1256 2266 1354 2323; x_wconf 84' lang='lat' dir='ltr'><strong>sed</strong></span> <span class='ocrx_word' id='word_1_146' title='bbox 1398 2266 1548 2321; x_wconf 91' lang='lat' dir='ltr'><strong>velut</strong></span> <span class='ocrx_word' id='word_1_147' title='bbox 1588 2281 1755 2337; x_wconf 88' lang='lat' dir='ltr'><strong>super</strong></span> <span class='ocrx_word' id='word_1_148' title='bbox 1794 2264 1930 2321; x_wconf 91' lang='lat' dir='ltr'><strong>illud</strong></span> <span class='ocrx_word' id='word_1_149' title='bbox 1960 2265 2057 2319; x_wconf 84' lang='lat' dir='ltr'><strong>de-</strong></span> 
     </span>
    </p>
   </div>
   <div class='ocr_carea' id='block_1_25' title="bbox 488 2356 2059 2431">
    <p class='ocr_par' dir='ltr' id='par_1_25' title="bbox 488 2356 2059 2431">
     <span class='ocr_line' id='line_1_25' title="bbox 488 2356 2059 2431; baseline -0.006 -11"><span class='ocrx_word' id='word_1_150' title='bbox 488 2365 756 2421; x_wconf 87' lang='lat' dir='ltr'><strong>stinatum</strong></span> <span class='ocrx_word' id='word_1_151' title='bbox 787 2361 892 2417; x_wconf 87' lang='lat' dir='ltr'><strong>sibi</strong></span> <span class='ocrx_word' id='word_1_152' title='bbox 919 2375 1144 2417; x_wconf 87' lang='lat' dir='ltr'><strong>cursum</strong></span> <span class='ocrx_word' id='word_1_153' title='bbox 1175 2359 1545 2431; x_wconf 83' lang='lat' dir='ltr'><strong>perﬁcientia.</strong></span> <span class='ocrx_word' id='word_1_154' title='bbox 1572 2357 1786 2412; x_wconf 85' lang='lat' dir='ltr'><strong>Pariter</strong></span> <span class='ocrx_word' id='word_1_155' title='bbox 1813 2358 1958 2413; x_wconf 92' lang='lat' dir='ltr'><strong>enim</strong></span> <span class='ocrx_word' id='word_1_156' title='bbox 1989 2356 2059 2411; x_wconf 85' lang='lat' dir='ltr'><strong>de</strong></span> 
     </span>
    </p>
   </div>
   <div class='ocr_carea' id='block_1_26' title="bbox 487 2450 2057 2520">
    <p class='ocr_par' dir='ltr' id='par_1_26' title="bbox 487 2450 2057 2520">
     <span class='ocr_line' id='line_1_26' title="bbox 487 2450 2057 2520; baseline -0.004 -9"><span class='ocrx_word' id='word_1_157' title='bbox 487 2456 663 2512; x_wconf 79' lang='lat' dir='ltr'><strong>Adam</strong></span> <span class='ocrx_word' id='word_1_158' title='bbox 696 2454 903 2509; x_wconf 90' lang='lat' dir='ltr'><strong>dictum</strong></span> <span class='ocrx_word' id='word_1_159' title='bbox 936 2462 1023 2507; x_wconf 91' lang='lat' dir='ltr'><strong>est</strong></span> <span class='ocrx_word' id='word_1_160' title='bbox 1078 2466 1093 2503; x_wconf 91' lang='lat'><strong>:</strong></span> <span class='ocrx_word' id='word_1_161' title='bbox 1129 2450 1324 2505; x_wconf 80' lang='lat' dir='ltr'><strong>Posuit</strong></span> <span class='ocrx_word' id='word_1_162' title='bbox 1360 2467 1483 2506; x_wconf 83' lang='lat' dir='ltr'><strong>eum</strong></span> <span class='ocrx_word' id='word_1_163' title='bbox 1530 2451 1586 2504; x_wconf 81' lang='lat' dir='ltr'><strong>in</strong></span> <span class='ocrx_word' id='word_1_164' title='bbox 1617 2450 1868 2520; x_wconf 77' lang='lat' dir='ltr'><strong>paradiso</strong></span> <span class='ocrx_word' id='word_1_165' title='bbox 1890 2489 1906 2515; x_wconf 94' lang='lat'><strong>,</strong></span> <span class='ocrx_word' id='word_1_166' title='bbox 1948 2465 2057 2504; x_wconf 93' lang='lat' dir='ltr'><strong>non</strong></span> 
     </span>
    </p>
   </div>
   <div class='ocr_carea' id='block_1_27' title="bbox 487 2540 2061 2612">
    <p class='ocr_par' dir='ltr' id='par_1_27' title="bbox 487 2540 2061 2612">
     <span class='ocr_line' id='line_1_27' title="bbox 487 2540 2061 2612; baseline -0.004 -12"><span class='ocrx_word' id='word_1_167' title='bbox 487 2560 622 2600; x_wconf 92' lang='lat' dir='ltr'><strong>sane</strong></span> <span class='ocrx_word' id='word_1_168' title='bbox 648 2552 805 2599; x_wconf 73' lang='lat' dir='ltr'><strong>terra:</strong></span> <span class='ocrx_word' id='word_1_169' title='bbox 841 2542 1084 2607; x_wconf 79' lang='lat' dir='ltr'><strong>allixum,</strong></span> <span class='ocrx_word' id='word_1_170' title='bbox 1121 2541 1219 2597; x_wconf 89' lang='lat' dir='ltr'><strong>sed</strong></span> <span class='ocrx_word' id='word_1_171' title='bbox 1248 2556 1417 2612; x_wconf 89' lang='lat' dir='ltr'><strong>super</strong></span> <span class='ocrx_word' id='word_1_172' title='bbox 1444 2549 1647 2595; x_wconf 88' lang='lat' dir='ltr'><strong>terram</strong></span> <span class='ocrx_word' id='word_1_173' title='bbox 1682 2540 1789 2594; x_wconf 87' lang='lat' dir='ltr'><strong>huc</strong></span> <span class='ocrx_word' id='word_1_174' title='bbox 1820 2541 2061 2609; x_wconf 88' lang='lat' dir='ltr'><strong>illucque</strong></span> 
     </span>
    </p>
   </div>
   <div class='ocr_carea' id='block_1_28' title="bbox 488 2632 2061 2709">
    <p class='ocr_par' dir='ltr' id='par_1_28' title="bbox 488 2632 2061 2709">
     <span class='ocr_line' id='line_1_28' title="bbox 488 2632 2061 2709; baseline -0.005 -16"><span class='ocrx_word' id='word_1_175' title='bbox 488 2644 795 2709; x_wconf 78' lang='lat' dir='ltr'><strong>vagantem.</strong></span> <span class='ocrx_word' id='word_1_176' title='bbox 844 2633 1020 2689; x_wconf 88' lang='lat' dir='ltr'><strong>Simili</strong></span> <span class='ocrx_word' id='word_1_177' title='bbox 1062 2634 1272 2688; x_wconf 89' lang='lat' dir='ltr'><strong>ratione</strong></span> <span class='ocrx_word' id='word_1_178' title='bbox 1308 2632 1468 2702; x_wconf 87' lang='lat' dir='ltr'><strong>jubet</strong></span> <span class='ocrx_word' id='word_1_179' title='bbox 1513 2632 1604 2687; x_wconf 90' lang='lat' dir='ltr'><strong>bic</strong></span> <span class='ocrx_word' id='word_1_180' title='bbox 1661 2632 1953 2686; x_wconf 88' lang='lat' dir='ltr'><strong>luminaria</strong></span> <span class='ocrx_word' id='word_1_181' title='bbox 2003 2632 2061 2686; x_wconf 91' lang='lat' dir='ltr'><strong>in</strong></span> 
     </span>
    </p>
   </div>
   <div class='ocr_carea' id='block_1_29' title="bbox 492 2722 2061 2798">
    <p class='ocr_par' dir='ltr' id='par_1_29' title="bbox 492 2722 2061 2798">
     <span class='ocr_line' id='line_1_29' title="bbox 492 2722 2061 2798; baseline -0.005 -13"><span class='ocrx_word' id='word_1_182' title='bbox 492 2730 835 2785; x_wconf 85' lang='lat' dir='ltr'><strong>firmamento</strong></span> <span class='ocrx_word' id='word_1_183' title='bbox 877 2727 1003 2783; x_wconf 88' lang='lat' dir='ltr'><strong>coeli</strong></span> <span class='ocrx_word' id='word_1_184' title='bbox 1049 2727 1263 2798; x_wconf 89' lang='lat' dir='ltr'><strong>reponi.</strong></span> <span class='ocrx_word' id='word_1_185' title='bbox 1314 2724 1485 2782; x_wconf 79' lang='lat' dir='ltr'><strong>Recte</strong></span> <span class='ocrx_word' id='word_1_186' title='bbox 1520 2735 1701 2781; x_wconf 91' lang='lat' dir='ltr'><strong>autem</strong></span> <span class='ocrx_word' id='word_1_187' title='bbox 1755 2725 1947 2794; x_wconf 81' lang='lat' dir='ltr'><strong>adjicit</strong></span> <span class='ocrx_word' id='word_1_188' title='bbox 1991 2722 2061 2779; x_wconf 85' lang='lat' dir='ltr'><strong>ad</strong></span> 
     </span>
    </p>
   </div>
   <div class='ocr_carea' id='block_1_30' title="bbox 489 2816 2064 2890">
    <p class='ocr_par' dir='ltr' id='par_1_30' title="bbox 489 2816 2064 2890">
     <span class='ocr_line' id='line_1_30' title="bbox 489 2816 2064 2890; baseline -0.006 -12"><span class='ocrx_word' id='word_1_189' title='bbox 489 2821 936 2878; x_wconf 74' lang='lat' dir='ltr'><strong>illumiuationem</strong></span> <span class='ocrx_word' id='word_1_190' title='bbox 975 2836 1132 2890; x_wconf 72' lang='lat' dir='ltr'><strong>super</strong></span> <span class='ocrx_word' id='word_1_191' title='bbox 1158 2828 1380 2889; x_wconf 81' lang='lat' dir='ltr'><strong>terram,</strong></span> <span class='ocrx_word' id='word_1_192' title='bbox 1406 2816 1569 2889; x_wconf 85' lang='lat' dir='ltr'><strong>quasi</strong></span> <span class='ocrx_word' id='word_1_193' title='bbox 1596 2818 1768 2880; x_wconf 89' lang='lat' dir='ltr'><strong>dicat,</strong></span> <span class='ocrx_word' id='word_1_194' title='bbox 1805 2823 1865 2870; x_wconf 92' lang='lat' dir='ltr'><strong>ut</strong></span> <span class='ocrx_word' id='word_1_195' title='bbox 1904 2823 2064 2871; x_wconf 70' lang='lat' dir='ltr'><strong>terra:</strong></span> 
     </span>
    </p>
   </div>
   <div class='ocr_carea' id='block_1_31' title="bbox 492 2898 2065 2979">
    <p class='ocr_par' dir='ltr' id='par_1_31' title="bbox 492 2898 2065 2979">
     <span class='ocr_line' id='line_1_31' title="bbox 492 2898 2065 2979; baseline -0.006 -7"><span class='ocrx_word' id='word_1_196' title='bbox 492 2898 817 2977; x_wconf 79' lang='lat' dir='ltr'><strong>inserviant.</strong></span> <span class='ocrx_word' id='word_1_197' title='bbox 868 2913 967 2971; x_wconf 80' lang='lat' dir='ltr'><strong>llis</strong></span> <span class='ocrx_word' id='word_1_198' title='bbox 1004 2913 1152 2979; x_wconf 84' lang='lat' dir='ltr'><strong>enim</strong></span> <span class='ocrx_word' id='word_1_199' title='bbox 1196 2911 1266 2969; x_wconf 91' lang='lat' dir='ltr'><strong>de</strong></span> <span class='ocrx_word' id='word_1_200' title='bbox 1297 2912 1487 2968; x_wconf 85' lang='lat' dir='ltr'><strong>causis</strong></span> <span class='ocrx_word' id='word_1_201' title='bbox 1522 2912 1579 2967; x_wconf 87' lang='lat' dir='ltr'><strong>in</strong></span> <span class='ocrx_word' id='word_1_202' title='bbox 1622 2911 1765 2967; x_wconf 74' lang='lat' dir='ltr'><strong>cmlo</strong></span> <span class='ocrx_word' id='word_1_203' title='bbox 1794 2908 2065 2967; x_wconf 88' lang='lat' dir='ltr'><strong>collocata</strong></span> 
     </span>
    </p>
   </div>
   <div class='ocr_carea' id='block_1_32' title="bbox 491 3019 646 3065">
    <p class='ocr_par' dir='ltr' id='par_1_32' title="bbox 491 3019 646 3065">
     <span class='ocr_line' id='line_1_32' title="bbox 491 3019 646 3065; baseline 0 0"><span class='ocrx_word' id='word_1_204' title='bbox 491 3019 646 3065; x_wconf 85' lang='lat' dir='ltr'><strong>sunt.</strong></span> 
     </span>
    </p>
   </div>
   <div class='ocr_carea' id='block_1_33' title="bbox 1147 3137 1419 3197">
    <p class='ocr_par' dir='ltr' id='par_1_33' title="bbox 1147 3137 1419 3197">
     <span class='ocr_line' id='line_1_33' title="bbox 1147 3137 1419 3197; baseline 0.004 -1"><span class='ocrx_word' id='word_1_205' title='bbox 1147 3138 1303 3196; x_wconf 81' lang='lat' dir='ltr'><strong>CAP.</strong></span> <span class='ocrx_word' id='word_1_206' title='bbox 1352 3137 1419 3197; x_wconf 86' lang='lat' dir='ltr'><strong>ll.</strong></span> 
     </span>
    </p>
   </div>
   <div class='ocr_carea' id='block_1_34' title="bbox 568 3250 2079 3311">
    <p class='ocr_par' dir='ltr' id='par_1_34' title="bbox 568 3250 2079 3311">
     <span class='ocr_line' id='line_1_34' title="bbox 568 3250 2079 3311; baseline -0.005 -3"><span class='ocrx_word' id='word_1_207' title='bbox 568 3254 738 3311; x_wconf 73' lang='lat' dir='ltr'><strong>Vens.</strong></span> <span class='ocrx_word' id='word_1_208' title='bbox 779 3253 834 3308; x_wconf 73' lang='grc'><strong>2.</strong></span> <span class='ocrx_word' id='word_1_209' title='bbox 864 3282 934 3294; x_wconf 95' lang='grc'><strong><em>-</em></strong></span> <span class='ocrx_word' id='word_1_210' title='bbox 969 3251 1035 3308; x_wconf 87' lang='lat' dir='ltr'><strong>Et</strong></span> <span class='ocrx_word' id='word_1_211' title='bbox 1070 3254 1452 3308; x_wconf 76' lang='lat' dir='ltr'><strong>consummavit</strong></span> <span class='ocrx_word' id='word_1_212' title='bbox 1494 3250 1635 3307; x_wconf 75' lang='lat' dir='ltr'><strong>Deus</strong></span> <span class='ocrx_word' id='word_1_213' title='bbox 1676 3251 1731 3306; x_wconf 80' lang='lat' dir='ltr'><strong>in</strong></span> <span class='ocrx_word' id='word_1_214' title='bbox 1782 3250 1868 3305; x_wconf 84' lang='lat' dir='ltr'><strong>die</strong></span> <span class='ocrx_word' id='word_1_215' title='bbox 1921 3259 2079 3307; x_wconf 32' lang='lat' dir='ltr'><strong>sexto.</strong></span> 
     </span>
    </p>
   </div>
   <div class='ocr_carea' id='block_1_35' title="bbox 498 3342 2075 3417">
    <p class='ocr_par' dir='ltr' id='par_1_35' title="bbox 498 3342 2075 3417">
     <span class='ocr_line' id='line_1_35' title="bbox 498 3342 2075 3417; baseline -0.003 -15"><span class='ocrx_word' id='word_1_216' title='bbox 498 3362 661 3417; x_wconf 78' lang='lat' dir='ltr'><strong>opera</strong></span> <span class='ocrx_word' id='word_1_217' title='bbox 687 3362 810 3410; x_wconf 76' lang='lat' dir='ltr'><strong>sua,</strong></span> <span class='ocrx_word' id='word_1_218' title='bbox 844 3359 960 3416; x_wconf 76' lang='lat' dir='ltr'><strong>qua:</strong></span> <span class='ocrx_word' id='word_1_219' title='bbox 989 3344 1148 3413; x_wconf 74' lang='lat' dir='ltr'><strong>fecit;</strong></span> <span class='ocrx_word' id='word_1_220' title='bbox 1185 3355 1234 3399; x_wconf 85' lang='lat' dir='ltr'><strong>et</strong></span> <span class='ocrx_word' id='word_1_221' title='bbox 1264 3345 1511 3415; x_wconf 77' lang='lat' dir='ltr'><strong>requievit</strong></span> <span class='ocrx_word' id='word_1_222' title='bbox 1542 3345 1597 3399; x_wconf 87' lang='lat' dir='ltr'><strong>in</strong></span> <span class='ocrx_word' id='word_1_223' title='bbox 1634 3342 1721 3397; x_wconf 83' lang='lat' dir='ltr'><strong>die</strong></span> <span class='ocrx_word' id='word_1_224' title='bbox 1751 3344 1992 3413; x_wconf 69' lang='lat' dir='ltr'><strong>septimo,</strong></span> <span class='ocrx_word' id='word_1_225' title='bbox 2019 3351 2075 3398; x_wconf 86' lang='lat' dir='ltr'><strong>et</strong></span> 
     </span>
    </p>
   </div>
   <div class='ocr_carea' id='block_1_36' title="bbox 2803 2061 3076 2116">
    <p class='ocr_par' dir='ltr' id='par_1_36' title="bbox 2803 2061 3076 2116">
     <span class='ocr_line' id='line_1_36' title="bbox 2803 2061 3076 2116; baseline 0 -1"><span class='ocrx_word' id='word_1_226' title='bbox 2803 2061 2961 2116; x_wconf 80' lang='grc' dir='ltr'><strong>ΚΕΦ.</strong></span> <span class='ocrx_word' id='word_1_227' title='bbox 3004 2062 3076 2115; x_wconf 82' lang='lat' dir='ltr'><strong>A&#39;.</strong></span> 
     </span>
    </p>
   </div>
   <div class='ocr_carea' id='block_1_37' title="bbox 2229 2169 3733 2247">
    <p class='ocr_par' dir='ltr' id='par_1_37' title="bbox 2229 2169 3733 2247">
     <span class='ocr_line' id='line_1_37' title="bbox 2229 2169 3733 2247; baseline 0.003 -21"><span class='ocrx_word' id='word_1_228' title='bbox 2229 2174 2375 2246; x_wconf 87' lang='grc' dir='ltr'>Στίχ.</span> <span class='ocrx_word' id='word_1_229' title='bbox 2414 2172 2498 2230; x_wconf 84' lang='grc' dir='ltr'>ιδ’.</span> <span class='ocrx_word' id='word_1_230' title='bbox 2523 2205 2594 2215; x_wconf 92' lang='lat'><strong>-—</strong></span> <span class='ocrx_word' id='word_1_231' title='bbox 2623 2174 2945 2244; x_wconf 81' lang='grc' dir='ltr'>Θεοδώρου.</span> <span class='ocrx_word' id='word_1_232' title='bbox 2983 2176 3149 2229; x_wconf 80' lang='grc' dir='ltr'>Ὥστε</span> <span class='ocrx_word' id='word_1_233' title='bbox 3196 2169 3358 2242; x_wconf 77' lang='grc' dir='ltr'>εἶναι,</span> <span class='ocrx_word' id='word_1_234' title='bbox 3398 2175 3593 2247; x_wconf 70' lang='grc' dir='ltr'>φησὶν,</span> <span class='ocrx_word' id='word_1_235' title='bbox 3641 2176 3733 2230; x_wconf 80' lang='grc' dir='ltr'><strong>αύ-</strong></span> 
     </span>
    </p>
   </div>
   <div class='ocr_carea' id='block_1_38' title="bbox 2160 2267 3736 2341">
    <p class='ocr_par' dir='ltr' id='par_1_38' title="bbox 2160 2267 3736 2341">
     <span class='ocr_line' id='line_1_38' title="bbox 2160 2267 3736 2341; baseline 0.002 -22"><span class='ocrx_word' id='word_1_236' title='bbox 2160 2269 2285 2332; x_wconf 79' lang='grc' dir='ltr'>τοὺς</span> <span class='ocrx_word' id='word_1_237' title='bbox 2322 2268 2414 2321; x_wconf 75' lang='grc' dir='ltr'><strong>ἐπὶ</strong></span> <span class='ocrx_word' id='word_1_238' title='bbox 2463 2267 2554 2322; x_wconf 81' lang='grc' dir='ltr'>τοῦ</span> <span class='ocrx_word' id='word_1_239' title='bbox 2602 2269 2831 2341; x_wconf 82' lang='grc' dir='ltr'>ούρανοῦ</span> <span class='ocrx_word' id='word_1_240' title='bbox 2882 2270 2942 2323; x_wconf 89' lang='grc' dir='ltr'><strong>ού</strong></span> <span class='ocrx_word' id='word_1_241' title='bbox 2999 2267 3334 2340; x_wconf 82' lang='grc' dir='ltr'><strong>πεπηγότας,</strong></span> <span class='ocrx_word' id='word_1_242' title='bbox 3385 2268 3505 2323; x_wconf 77' lang='grc' dir='ltr'>ἀλλ’</span> <span class='ocrx_word' id='word_1_243' title='bbox 3541 2269 3617 2333; x_wconf 78' lang='grc' dir='ltr'><strong>ὼς</strong></span> <span class='ocrx_word' id='word_1_244' title='bbox 3654 2271 3736 2323; x_wconf 72' lang='grc' dir='ltr'><strong>ἐπ’</strong></span> 
     </span>
    </p>
   </div>
   <div class='ocr_carea' id='block_1_39' title="bbox 2162 2358 3738 2433">
    <p class='ocr_par' dir='ltr' id='par_1_39' title="bbox 2162 2358 3738 2433">
     <span class='ocr_line' id='line_1_39' title="bbox 2162 2358 3738 2433; baseline 0.001 -22"><span class='ocrx_word' id='word_1_245' title='bbox 2162 2358 2349 2421; x_wconf 81' lang='grc' dir='ltr'>αὑτοῦ,</span> <span class='ocrx_word' id='word_1_246' title='bbox 2383 2360 2473 2413; x_wconf 82' lang='grc' dir='ltr'>τὸν</span> <span class='ocrx_word' id='word_1_247' title='bbox 2500 2361 2696 2414; x_wconf 79' lang='grc' dir='ltr'>οἰκεῖον</span> <span class='ocrx_word' id='word_1_248' title='bbox 2726 2362 3108 2428; x_wconf 77' lang='grc' dir='ltr'><strong>ἐξελαύνοντας</strong></span> <span class='ocrx_word' id='word_1_249' title='bbox 3130 2361 3349 2433; x_wconf 83' lang='grc' dir='ltr'>δρόμον.</span> <span class='ocrx_word' id='word_1_250' title='bbox 3389 2361 3481 2425; x_wconf 80' lang='lat'><strong>&#39;0;</strong></span> <span class='ocrx_word' id='word_1_251' title='bbox 3509 2362 3608 2415; x_wconf 79' lang='grc' dir='ltr'>καὶ</span> <span class='ocrx_word' id='word_1_252' title='bbox 3650 2361 3738 2414; x_wconf 73' lang='grc' dir='ltr'><strong>ἐπὶ</strong></span> 
     </span>
    </p>
   </div>
   <div class='ocr_carea' id='block_1_40' title="bbox 2162 2449 3735 2523">
    <p class='ocr_par' dir='ltr' id='par_1_40' title="bbox 2162 2449 3735 2523">
     <span class='ocr_line' id='line_1_40' title="bbox 2162 2449 3735 2523; baseline 0.001 -19"><span class='ocrx_word' id='word_1_253' title='bbox 2162 2449 2255 2504; x_wconf 80' lang='grc' dir='ltr'>τοῦ</span> <span class='ocrx_word' id='word_1_254' title='bbox 2296 2450 2465 2523; x_wconf 80' lang='grc' dir='ltr'>Ἀδάμ</span> <span class='ocrx_word' id='word_1_255' title='bbox 2491 2468 2677 2522; x_wconf 82' lang='grc' dir='ltr'>φησιν,</span> <span class='ocrx_word' id='word_1_256' title='bbox 2712 2455 2913 2508; x_wconf 82' lang='grc' dir='ltr'>Ἐθετο</span> <span class='ocrx_word' id='word_1_257' title='bbox 2938 2453 3126 2508; x_wconf 76' lang='grc' dir='ltr'>αὑτὸν</span> <span class='ocrx_word' id='word_1_258' title='bbox 3160 2453 3231 2507; x_wconf 78' lang='grc' dir='ltr'><strong>ἐν</strong></span> <span class='ocrx_word' id='word_1_259' title='bbox 3250 2452 3332 2519; x_wconf 79' lang='grc' dir='ltr'>τῷ</span> <span class='ocrx_word' id='word_1_260' title='bbox 3358 2453 3735 2523; x_wconf 78' lang='grc' dir='ltr'>παραδείσῳ,</span> 
     </span>
    </p>
   </div>
   <div class='ocr_carea' id='block_1_41' title="bbox 2163 2542 3741 2618">
    <p class='ocr_par' dir='ltr' id='par_1_41' title="bbox 2163 2542 3741 2618">
     <span class='ocr_line' id='line_1_41' title="bbox 2163 2542 3741 2618; baseline 0.004 -24"><span class='ocrx_word' id='word_1_261' title='bbox 2163 2542 2260 2613; x_wconf 87' lang='grc' dir='ltr'><strong>ούχ</strong></span> <span class='ocrx_word' id='word_1_262' title='bbox 2300 2542 2376 2607; x_wconf 85' lang='grc' dir='ltr'><strong>ὡς</strong></span> <span class='ocrx_word' id='word_1_263' title='bbox 2417 2545 2703 2615; x_wconf 78' lang='grc' dir='ltr'><strong>πεπηγότα</strong></span> <span class='ocrx_word' id='word_1_264' title='bbox 2747 2546 2839 2599; x_wconf 78' lang='grc' dir='ltr'>ἐπὶ</span> <span class='ocrx_word' id='word_1_265' title='bbox 2880 2547 2977 2618; x_wconf 81' lang='grc' dir='ltr'><strong>τῆς</strong></span> <span class='ocrx_word' id='word_1_266' title='bbox 3008 2547 3131 2617; x_wconf 82' lang='grc' dir='ltr'>γῆς,</span> <span class='ocrx_word' id='word_1_267' title='bbox 3158 2546 3272 2601; x_wconf 81' lang='grc' dir='ltr'>ἀλλ’</span> <span class='ocrx_word' id='word_1_268' title='bbox 3311 2547 3388 2610; x_wconf 79' lang='grc' dir='ltr'><strong>ὡς</strong></span> <span class='ocrx_word' id='word_1_269' title='bbox 3423 2546 3741 2617; x_wconf 85' lang='grc' dir='ltr'>κινούμενον</span> 
     </span>
    </p>
   </div>
   <div class='ocr_carea' id='block_1_42' title="bbox 2166 2635 3741 2710">
    <p class='ocr_par' dir='ltr' id='par_1_42' title="bbox 2166 2635 3741 2710">
     <span class='ocr_line' id='line_1_42' title="bbox 2166 2635 3741 2710; baseline 0.003 -22"><span class='ocrx_word' id='word_1_270' title='bbox 2166 2636 2252 2688; x_wconf 72' lang='grc' dir='ltr'><strong>ἐπ’</strong></span> <span class='ocrx_word' id='word_1_271' title='bbox 2286 2636 2485 2706; x_wconf 76' lang='grc' dir='ltr'><strong>αὐτῆς·</strong></span> <span class='ocrx_word' id='word_1_272' title='bbox 2537 2636 2678 2691; x_wconf 79' lang='grc' dir='ltr'>οὕτω</span> <span class='ocrx_word' id='word_1_273' title='bbox 2710 2636 2991 2694; x_wconf 77' lang='grc' dir='ltr'>κάνταῦθα</span> <span class='ocrx_word' id='word_1_274' title='bbox 3018 2635 3157 2693; x_wconf 77' lang='grc' dir='ltr'>εἶναι</span> <span class='ocrx_word' id='word_1_275' title='bbox 3185 2640 3283 2710; x_wconf 76' lang='grc' dir='ltr'>μὲν</span> <span class='ocrx_word' id='word_1_276' title='bbox 3305 2640 3364 2694; x_wconf 82' lang='grc' dir='ltr'>ἐν</span> <span class='ocrx_word' id='word_1_277' title='bbox 3394 2638 3477 2710; x_wconf 80' lang='grc' dir='ltr'>τῷ</span> <span class='ocrx_word' id='word_1_278' title='bbox 3513 2638 3741 2710; x_wconf 76' lang='grc' dir='ltr'>στερεώ-</span> 
     </span>
    </p>
   </div>
   <div class='ocr_carea' id='block_1_43' title="bbox 2170 2727 3743 2803">
    <p class='ocr_par' dir='ltr' id='par_1_43' title="bbox 2170 2727 3743 2803">
     <span class='ocr_line' id='line_1_43' title="bbox 2170 2727 3743 2803; baseline 0.003 -23"><span class='ocrx_word' id='word_1_279' title='bbox 2170 2744 2298 2799; x_wconf 88' lang='grc' dir='ltr'>ματι</span> <span class='ocrx_word' id='word_1_280' title='bbox 2331 2727 2423 2780; x_wconf 78' lang='grc' dir='ltr'>τοῦ</span> <span class='ocrx_word' id='word_1_281' title='bbox 2453 2728 2680 2800; x_wconf 81' lang='grc' dir='ltr'>ούρανοῦ</span> <span class='ocrx_word' id='word_1_282' title='bbox 2718 2731 2845 2794; x_wconf 80' lang='grc' dir='ltr'>τοὺς</span> <span class='ocrx_word' id='word_1_283' title='bbox 2869 2733 3162 2803; x_wconf 76' lang='grc' dir='ltr'>φωστῆρας</span> <span class='ocrx_word' id='word_1_284' title='bbox 3188 2730 3423 2786; x_wconf 81' lang='grc' dir='ltr'><strong>κελεύει.</strong></span> <span class='ocrx_word' id='word_1_285' title='bbox 3464 2731 3668 2794; x_wconf 78' lang='grc' dir='ltr'>Καλῶς</span> <span class='ocrx_word' id='word_1_286' title='bbox 3689 2731 3743 2785; x_wconf 62' lang='grc' dir='ltr'>δὲ</span> 
     </span>
    </p>
   </div>
   <div class='ocr_carea' id='block_1_44' title="bbox 2169 2821 3745 2896">
    <p class='ocr_par' dir='ltr' id='par_1_44' title="bbox 2169 2821 3745 2896">
     <span class='ocr_line' id='line_1_44' title="bbox 2169 2821 3745 2896; baseline 0.003 -23"><span class='ocrx_word' id='word_1_287' title='bbox 2169 2821 2471 2896; x_wconf 72' lang='grc' dir='ltr'>ἐπήγαγεν,</span> <span class='ocrx_word' id='word_1_288' title='bbox 2496 2823 2601 2888; x_wconf 69' lang='lat' dir='ltr'><strong>Eb;</strong></span> <span class='ocrx_word' id='word_1_289' title='bbox 2642 2822 2872 2892; x_wconf 74' lang='grc' dir='ltr'>φαῦσιν</span> <span class='ocrx_word' id='word_1_290' title='bbox 2902 2824 3005 2878; x_wconf 77' lang='grc' dir='ltr'><strong>ἐπὶ</strong></span> <span class='ocrx_word' id='word_1_291' title='bbox 3046 2823 3159 2893; x_wconf 79' lang='grc' dir='ltr'><strong>τῆς</strong></span> <span class='ocrx_word' id='word_1_292' title='bbox 3183 2823 3330 2893; x_wconf 81' lang='grc' dir='ltr'><strong>τῆς·</strong></span> <span class='ocrx_word' id='word_1_293' title='bbox 3366 2824 3457 2878; x_wconf 75' lang='grc' dir='ltr'>ἵνα</span> <span class='ocrx_word' id='word_1_294' title='bbox 3484 2823 3644 2895; x_wconf 70' lang='grc' dir='ltr'>εἴπῃ,</span> <span class='ocrx_word' id='word_1_295' title='bbox 3668 2824 3745 2877; x_wconf 76' lang='grc' dir='ltr'><strong>ὅτι</strong></span> 
     </span>
    </p>
   </div>
   <div class='ocr_carea' id='block_1_45' title="bbox 2169 2911 3749 2988">
    <p class='ocr_par' dir='ltr' id='par_1_45' title="bbox 2169 2911 3749 2988">
     <span class='ocr_line' id='line_1_45' title="bbox 2169 2911 3749 2988; baseline 0.002 -23"><span class='ocrx_word' id='word_1_296' title='bbox 2169 2911 2267 2987; x_wconf 79' lang='grc' dir='ltr'><strong>τὴν</strong></span> <span class='ocrx_word' id='word_1_297' title='bbox 2298 2912 2486 2985; x_wconf 80' lang='grc' dir='ltr'><strong>χρείαν</strong></span> <span class='ocrx_word' id='word_1_298' title='bbox 2531 2914 2921 2985; x_wconf 79' lang='grc' dir='ltr'><strong>παρεχέτωσαν</strong></span> <span class='ocrx_word' id='word_1_299' title='bbox 2956 2917 3025 2988; x_wconf 71' lang='grc' dir='ltr'>τῇ</span> <span class='ocrx_word' id='word_1_300' title='bbox 3056 2918 3150 2987; x_wconf 80' lang='grc' dir='ltr'><strong>γῇ.</strong></span> <span class='ocrx_word' id='word_1_301' title='bbox 3180 2914 3380 2970; x_wconf 82' lang='grc' dir='ltr'>Τούτου</span> <span class='ocrx_word' id='word_1_302' title='bbox 3424 2914 3542 2987; x_wconf 78' lang='grc' dir='ltr'>γὰρ</span> <span class='ocrx_word' id='word_1_303' title='bbox 3569 2915 3749 2970; x_wconf 69' lang='grc' dir='ltr'>ἕνεκεν</span> 
     </span>
    </p>
   </div>
   <div class='ocr_carea' id='block_1_46' title="bbox 2169 3003 2957 3080">
    <p class='ocr_par' dir='ltr' id='par_1_46' title="bbox 2169 3003 2957 3080">
     <span class='ocr_line' id='line_1_46' title="bbox 2169 3003 2957 3080; baseline 0.008 -23"><span class='ocrx_word' id='word_1_304' title='bbox 2169 3003 2266 3058; x_wconf 74' lang='grc' dir='ltr'><strong>ἐπὶ</strong></span> <span class='ocrx_word' id='word_1_305' title='bbox 2289 3004 2383 3060; x_wconf 83' lang='grc' dir='ltr'>τού</span> <span class='ocrx_word' id='word_1_306' title='bbox 2410 3006 2643 3080; x_wconf 79' lang='grc' dir='ltr'>ούρανοῦ</span> <span class='ocrx_word' id='word_1_307' title='bbox 2670 3006 2957 3063; x_wconf 82' lang='grc' dir='ltr'><strong>τέθεινται.</strong></span> 
     </span>
    </p>
   </div>
   <div class='ocr_carea' id='block_1_47' title="bbox 2818 3138 3096 3197">
    <p class='ocr_par' dir='ltr' id='par_1_47' title="bbox 2818 3138 3096 3197">
     <span class='ocr_line' id='line_1_47' title="bbox 2818 3138 3096 3197; baseline 0.011 -3"><span class='ocrx_word' id='word_1_308' title='bbox 2818 3139 2979 3195; x_wconf 70' lang='grc' dir='ltr'><strong>ΚΕΦ.</strong></span> <span class='ocrx_word' id='word_1_309' title='bbox 3019 3138 3096 3197; x_wconf 90' lang='lat' dir='ltr'><strong>B&#39;.</strong></span> 
     </span>
    </p>
   </div>
   <div class='ocr_carea' id='block_1_48' title="bbox 2243 3246 3754 3321">
    <p class='ocr_par' dir='ltr' id='par_1_48' title="bbox 2243 3246 3754 3321">
     <span class='ocr_line' id='line_1_48' title="bbox 2243 3246 3754 3321; baseline 0.004 -19"><span class='ocrx_word' id='word_1_310' title='bbox 2243 3246 2394 3319; x_wconf 85' lang='grc' dir='ltr'>Στίχ.</span> <span class='ocrx_word' id='word_1_311' title='bbox 2432 3246 2500 3319; x_wconf 82' lang='grc' dir='ltr'><strong>β’.</strong></span> <span class='ocrx_word' id='word_1_312' title='bbox 2534 3276 2599 3289; x_wconf 92' lang='grc'><strong>-</strong></span> <span class='ocrx_word' id='word_1_313' title='bbox 2639 3247 2754 3303; x_wconf 79' lang='lat' dir='ltr'><strong>Kal</strong></span> <span class='ocrx_word' id='word_1_314' title='bbox 2806 3249 3213 3306; x_wconf 73' lang='grc' dir='ltr'>συνετέλεσεν</span> <span class='ocrx_word' id='word_1_315' title='bbox 3263 3252 3300 3307; x_wconf 83' lang='grc' dir='ltr'><strong>δ</strong></span> <span class='ocrx_word' id='word_1_316' title='bbox 3348 3249 3503 3319; x_wconf 75' lang='grc' dir='ltr'><strong>Θεὸς</strong></span> <span class='ocrx_word' id='word_1_317' title='bbox 3558 3251 3635 3307; x_wconf 76' lang='grc' dir='ltr'><strong>ἐγ</strong></span> <span class='ocrx_word' id='word_1_318' title='bbox 3680 3250 3754 3321; x_wconf 80' lang='lat' dir='ltr'><strong>ti</strong></span> 
     </span>
    </p>
   </div>
   <div class='ocr_carea' id='block_1_49' title="bbox 2174 3338 3756 3413">
    <p class='ocr_par' dir='ltr' id='par_1_49' title="bbox 2174 3338 3756 3413">
     <span class='ocr_line' id='line_1_49' title="bbox 2174 3338 3756 3413; baseline 0.004 -20"><span class='ocrx_word' id='word_1_319' title='bbox 2174 3340 2365 3412; x_wconf 74' lang='grc' dir='ltr'>ἡμέρᾳ</span> <span class='ocrx_word' id='word_1_320' title='bbox 2398 3338 2474 3410; x_wconf 77' lang='grc' dir='ltr'>τῇ</span> <span class='ocrx_word' id='word_1_321' title='bbox 2517 3340 2662 3411; x_wconf 76' lang='grc' dir='ltr'>ἕκτῃ</span> <span class='ocrx_word' id='word_1_322' title='bbox 2694 3341 2768 3396; x_wconf 81' lang='grc' dir='ltr'>τὰ</span> <span class='ocrx_word' id='word_1_323' title='bbox 2806 3341 2952 3412; x_wconf 76' lang='grc' dir='ltr'>ἔργα</span> <span class='ocrx_word' id='word_1_324' title='bbox 2995 3343 3202 3409; x_wconf 86' lang='grc' dir='ltr'>αὑτοῦ,</span> <span class='ocrx_word' id='word_1_325' title='bbox 3246 3342 3288 3398; x_wconf 78' lang='grc' dir='ltr'><em>ἃ</em></span> <span class='ocrx_word' id='word_1_326' title='bbox 3327 3344 3621 3413; x_wconf 75' lang='grc' dir='ltr'>ἐποίησε,</span> <span class='ocrx_word' id='word_1_327' title='bbox 3661 3344 3756 3398; x_wconf 77' lang='lat' dir='ltr'><strong>ul</strong></span> 
     </span>
    </p>
   </div>
   <div class='ocr_carea' id='block_1_50' title="bbox 501 3432 2093 3509">
    <p class='ocr_par' dir='ltr' id='par_1_50' title="bbox 501 3433 2068 3501">
     <span class='ocr_line' id='line_1_50' title="bbox 501 3433 2068 3501; baseline -0.001 -10"><span class='ocrx_word' id='word_1_328' title='bbox 501 3443 723 3491; x_wconf 67' lang='lat' dir='ltr'><strong>caetera.</strong></span> <span class='ocrx_word' id='word_1_329' title='bbox 758 3433 972 3501; x_wconf 86' lang='lat' dir='ltr'><strong>Quibus</strong></span> <span class='ocrx_word' id='word_1_330' title='bbox 1010 3433 1289 3500; x_wconf 86' lang='lat' dir='ltr'><strong>declarat,</strong></span> <span class='ocrx_word' id='word_1_331' title='bbox 1339 3449 1401 3491; x_wconf 88' lang='lat' dir='ltr'><strong>se</strong></span> <span class='ocrx_word' id='word_1_332' title='bbox 1432 3434 1521 3491; x_wconf 92' lang='lat' dir='ltr'><strong>die</strong></span> <span class='ocrx_word' id='word_1_333' title='bbox 1560 3446 1717 3492; x_wconf 79' lang='lat' dir='ltr'><strong>sexto</strong></span> <span class='ocrx_word' id='word_1_334' title='bbox 1763 3434 1838 3488; x_wconf 87' lang='lat' dir='ltr'><strong>ita</strong></span> <span class='ocrx_word' id='word_1_335' title='bbox 1866 3442 2068 3489; x_wconf 90' lang='lat' dir='ltr'><strong>cuncta</strong></span> 
     </span>
    </p>
   </div>
   <div class='ocr_carea' id='block_1_51' title="bbox 2178 3432 3757 3509">
    <p class='ocr_par' dir='ltr' id='par_1_51' title="bbox 2178 3432 3757 3509">
     <span class='ocr_line' id='line_1_51' title="bbox 2178 3432 3757 3509; baseline 0.001 -20"><span class='ocrx_word' id='word_1_336' title='bbox 2178 3435 2549 3489; x_wconf 77' lang='grc' dir='ltr'><strong>κατέπαυσεν</strong></span> <span class='ocrx_word' id='word_1_337' title='bbox 2576 3433 2647 3487; x_wconf 79' lang='grc' dir='ltr'><strong>ἐν</strong></span> <span class='ocrx_word' id='word_1_338' title='bbox 2665 3432 2741 3503; x_wconf 77' lang='grc' dir='ltr'>τῇ</span> <span class='ocrx_word' id='word_1_339' title='bbox 2776 3434 2967 3505; x_wconf 77' lang='grc' dir='ltr'>ἡμέρᾳ</span> <span class='ocrx_word' id='word_1_340' title='bbox 2992 3434 3069 3505; x_wconf 77' lang='grc' dir='ltr'>τῇ</span> <span class='ocrx_word' id='word_1_341' title='bbox 3095 3436 3336 3506; x_wconf 77' lang='grc' dir='ltr'>ἐϐδόμῃ,</span> <span class='ocrx_word' id='word_1_342' title='bbox 3382 3437 3480 3491; x_wconf 74' lang='grc' dir='ltr'>καὶ</span> <span class='ocrx_word' id='word_1_343' title='bbox 3510 3436 3581 3491; x_wconf 71' lang='grc' dir='ltr'>τὰ</span> <span class='ocrx_word' id='word_1_344' title='bbox 3612 3436 3757 3509; x_wconf 78' lang='grc' dir='ltr'><strong>ἑξῆς.</strong></span> 
     </span>
    </p>
   </div>
   <div class='ocr_carea' id='block_1_52' title="bbox 501 3527 2071 3597">
    <p class='ocr_par' dir='ltr' id='par_1_52' title="bbox 501 3527 2071 3597">
     <span class='ocr_line' id='line_1_52' title="bbox 501 3527 2071 3597; baseline -0.001 -14"><span class='ocrx_word' id='word_1_345' title='bbox 501 3541 952 3592; x_wconf 86' lang='lat' dir='ltr'><strong>consummasse,</strong></span> <span class='ocrx_word' id='word_1_346' title='bbox 1003 3534 1062 3581; x_wconf 94' lang='lat' dir='ltr'><strong>ut</strong></span> <span class='ocrx_word' id='word_1_347' title='bbox 1092 3527 1232 3581; x_wconf 90' lang='lat' dir='ltr'><strong>nihil</strong></span> <span class='ocrx_word' id='word_1_348' title='bbox 1264 3527 1390 3582; x_wconf 90' lang='lat' dir='ltr'><strong>novi</strong></span> <span class='ocrx_word' id='word_1_349' title='bbox 1423 3527 1622 3584; x_wconf 88' lang='lat' dir='ltr'><strong>deinde</strong></span> <span class='ocrx_word' id='word_1_350' title='bbox 1669 3528 1738 3583; x_wconf 91' lang='lat' dir='ltr'><strong>iis</strong></span> <span class='ocrx_word' id='word_1_351' title='bbox 1787 3527 2071 3597; x_wconf 88' lang='lat' dir='ltr'><strong>adjiceret,</strong></span> 
     </span>
    </p>
   </div>
   <div class='ocr_carea' id='block_1_53' title="bbox 503 3615 2074 3689">
    <p class='ocr_par' dir='ltr' id='par_1_53' title="bbox 503 3615 2074 3689">
     <span class='ocr_line' id='line_1_53' title="bbox 503 3615 2074 3689; baseline 0.001 -17"><span class='ocrx_word' id='word_1_352' title='bbox 503 3618 727 3689; x_wconf 78' lang='lat' dir='ltr'><strong>quando</strong></span> <span class='ocrx_word' id='word_1_353' title='bbox 762 3615 911 3671; x_wconf 81' lang='lat' dir='ltr'><strong>omni</strong></span> <span class='ocrx_word' id='word_1_354' title='bbox 960 3631 1027 3671; x_wconf 80' lang='lat' dir='ltr'><strong>ex</strong></span> <span class='ocrx_word' id='word_1_355' title='bbox 1078 3624 1234 3686; x_wconf 88' lang='lat' dir='ltr'><strong>parte</strong></span> <span class='ocrx_word' id='word_1_356' title='bbox 1278 3616 1525 3687; x_wconf 88' lang='lat' dir='ltr'><strong>perfecta</strong></span> <span class='ocrx_word' id='word_1_357' title='bbox 1569 3617 1921 3673; x_wconf 88' lang='lat' dir='ltr'><strong>videbantur.</strong></span> <span class='ocrx_word' id='word_1_358' title='bbox 1971 3615 2074 3673; x_wconf 91' lang='lat' dir='ltr'><strong>Sc-</strong></span> 
     </span>
    </p>
   </div>
   <div class='ocr_carea' id='block_1_54' title="bbox 503 3707 2075 3778">
    <p class='ocr_par' dir='ltr' id='par_1_54' title="bbox 503 3707 2075 3778">
     <span class='ocr_line' id='line_1_54' title="bbox 503 3707 2075 3778; baseline -0.001 -14"><span class='ocrx_word' id='word_1_359' title='bbox 503 3710 677 3770; x_wconf 79' lang='lat' dir='ltr'><strong>ntimo</strong></span> <span class='ocrx_word' id='word_1_360' title='bbox 711 3717 894 3764; x_wconf 90' lang='lat' dir='ltr'><strong>autem</strong></span> <span class='ocrx_word' id='word_1_361' title='bbox 928 3708 1015 3764; x_wconf 92' lang='lat' dir='ltr'><strong>die</strong></span> <span class='ocrx_word' id='word_1_362' title='bbox 1035 3709 1254 3778; x_wconf 88' lang='lat' dir='ltr'><strong>operari</strong></span> <span class='ocrx_word' id='word_1_363' title='bbox 1284 3707 1514 3765; x_wconf 88' lang='lat' dir='ltr'><strong>destitit.</strong></span> <span class='ocrx_word' id='word_1_364' title='bbox 1539 3708 1667 3765; x_wconf 90' lang='lat' dir='ltr'><strong>ldeo</strong></span> <span class='ocrx_word' id='word_1_365' title='bbox 1694 3719 1876 3765; x_wconf 89' lang='lat' dir='ltr'><strong>autem</strong></span> <span class='ocrx_word' id='word_1_366' title='bbox 1908 3709 2075 3765; x_wconf 89' lang='lat' dir='ltr'><strong>istum</strong></span> 
     </span>
    </p>
   </div>
   <div class='ocr_carea' id='block_1_55' title="bbox 502 3800 2078 3873">
    <p class='ocr_par' dir='ltr' id='par_1_55' title="bbox 502 3800 2078 3873">
     <span class='ocr_line' id='line_1_55' title="bbox 502 3800 2078 3873; baseline 0 -18"><span class='ocrx_word' id='word_1_367' title='bbox 502 3800 651 3858; x_wconf 88' lang='lat' dir='ltr'><strong>diem</strong></span> <span class='ocrx_word' id='word_1_368' title='bbox 698 3800 931 3873; x_wconf 86' lang='lat' dir='ltr'><strong>adjecit,</strong></span> <span class='ocrx_word' id='word_1_369' title='bbox 983 3801 1236 3872; x_wconf 87' lang='lat' dir='ltr'><strong>quamvis</strong></span> <span class='ocrx_word' id='word_1_370' title='bbox 1293 3800 1447 3857; x_wconf 79' lang='lat' dir='ltr'><strong>omni</strong></span> <span class='ocrx_word' id='word_1_371' title='bbox 1502 3816 1673 3872; x_wconf 90' lang='lat' dir='ltr'><strong>opere</strong></span> <span class='ocrx_word' id='word_1_372' title='bbox 1734 3817 1970 3856; x_wconf 90' lang='lat' dir='ltr'><strong>vacuum</strong></span> <span class='ocrx_word' id='word_1_373' title='bbox 2020 3808 2078 3855; x_wconf 81' lang='lat' dir='ltr'><strong>et</strong></span> 
     </span>
    </p>
   </div>
   <div class='ocr_carea' id='block_1_56' title="bbox 504 3890 2078 3963">
    <p class='ocr_par' dir='ltr' id='par_1_56' title="bbox 504 3890 2078 3963">
     <span class='ocr_line' id='line_1_56' title="bbox 504 3890 2078 3963; baseline 0 -15"><span class='ocrx_word' id='word_1_374' title='bbox 504 3892 577 3948; x_wconf 87' lang='lat' dir='ltr'><strong>ab</strong></span> <span class='ocrx_word' id='word_1_375' title='bbox 614 3892 762 3947; x_wconf 90' lang='lat' dir='ltr'><strong>omni</strong></span> <span class='ocrx_word' id='word_1_376' title='bbox 810 3891 1090 3947; x_wconf 87' lang='lat' dir='ltr'><strong>creatione</strong></span> <span class='ocrx_word' id='word_1_377' title='bbox 1130 3892 1404 3959; x_wconf 90' lang='lat' dir='ltr'><strong>liberum,</strong></span> <span class='ocrx_word' id='word_1_378' title='bbox 1454 3901 1515 3947; x_wconf 92' lang='lat' dir='ltr'><strong>ut</strong></span> <span class='ocrx_word' id='word_1_379' title='bbox 1559 3893 1657 3949; x_wconf 90' lang='lat' dir='ltr'><strong>illo</strong></span> <span class='ocrx_word' id='word_1_380' title='bbox 1687 3892 1923 3963; x_wconf 88' lang='lat' dir='ltr'><strong>hujusce</strong></span> <span class='ocrx_word' id='word_1_381' title='bbox 1967 3890 2078 3948; x_wconf 90' lang='lat' dir='ltr'><strong>diei</strong></span> 
     </span>
    </p>
   </div>
   <div class='ocr_carea' id='block_1_57' title="bbox 504 3983 2076 4057">
    <p class='ocr_par' dir='ltr' id='par_1_57' title="bbox 504 3983 2076 4057">
     <span class='ocr_line' id='line_1_57' title="bbox 504 3983 2076 4057; baseline 0.001 -18"><span class='ocrx_word' id='word_1_382' title='bbox 504 3984 623 4042; x_wconf 90' lang='lat' dir='ltr'><strong>otio</strong></span> <span class='ocrx_word' id='word_1_383' title='bbox 662 3985 920 4056; x_wconf 88' lang='lat' dir='ltr'><strong>probaret</strong></span> <span class='ocrx_word' id='word_1_384' title='bbox 965 3983 1151 4039; x_wconf 83' lang='lat' dir='ltr'><strong>omnia</strong></span> <span class='ocrx_word' id='word_1_385' title='bbox 1191 3983 1307 4055; x_wconf 88' lang='lat' dir='ltr'><strong>jam</strong></span> <span class='ocrx_word' id='word_1_386' title='bbox 1357 3999 1588 4056; x_wconf 86' lang='lat' dir='ltr'><strong>prorsus</strong></span> <span class='ocrx_word' id='word_1_387' title='bbox 1640 3986 1888 4057; x_wconf 84' lang='lat' dir='ltr'><strong>perlecta</strong></span> <span class='ocrx_word' id='word_1_388' title='bbox 1932 4000 2076 4041; x_wconf 88' lang='lat' dir='ltr'><strong>esse.</strong></span> 
     </span>
    </p>
   </div>
   <div class='ocr_carea' id='block_1_58' title="bbox 506 4074 2078 4147">
    <p class='ocr_par' dir='ltr' id='par_1_58' title="bbox 506 4074 2078 4147">
     <span class='ocr_line' id='line_1_58' title="bbox 506 4074 2078 4147; baseline 0.001 -18"><span class='ocrx_word' id='word_1_389' title='bbox 506 4074 669 4144; x_wconf 84' lang='lat' dir='ltr'><strong>Quod</strong></span> <span class='ocrx_word' id='word_1_390' title='bbox 692 4074 836 4130; x_wconf 88' lang='lat' dir='ltr'><strong>enim</strong></span> <span class='ocrx_word' id='word_1_391' title='bbox 859 4085 915 4131; x_wconf 92' lang='lat' dir='ltr'><strong>et</strong></span> <span class='ocrx_word' id='word_1_392' title='bbox 934 4078 1135 4145; x_wconf 83' lang='lat' dir='ltr'><strong>primo,</strong></span> <span class='ocrx_word' id='word_1_393' title='bbox 1159 4083 1213 4130; x_wconf 88' lang='lat' dir='ltr'><strong>et</strong></span> <span class='ocrx_word' id='word_1_394' title='bbox 1226 4076 1494 4142; x_wconf 89' lang='lat' dir='ltr'><strong>secundo,</strong></span> <span class='ocrx_word' id='word_1_395' title='bbox 1518 4083 1574 4131; x_wconf 87' lang='lat' dir='ltr'><strong>et</strong></span> <span class='ocrx_word' id='word_1_396' title='bbox 1590 4076 1768 4138; x_wconf 90' lang='lat' dir='ltr'><strong>tertio,</strong></span> <span class='ocrx_word' id='word_1_397' title='bbox 1787 4084 1842 4130; x_wconf 89' lang='lat' dir='ltr'><strong>et</strong></span> <span class='ocrx_word' id='word_1_398' title='bbox 1861 4084 2078 4147; x_wconf 87' lang='lat' dir='ltr'><strong>quarto,</strong></span> 
     </span>
    </p>
   </div>
   <div class='ocr_carea' id='block_1_59' title="bbox 508 4168 2077 4240">
    <p class='ocr_par' dir='ltr' id='par_1_59' title="bbox 508 4168 2077 4240">
     <span class='ocr_line' id='line_1_59' title="bbox 508 4168 2077 4240; baseline -0.002 -16"><span class='ocrx_word' id='word_1_399' title='bbox 508 4172 798 4240; x_wconf 82' lang='lat' dir='ltr'><strong>et-quinto,</strong></span> <span class='ocrx_word' id='word_1_400' title='bbox 818 4177 871 4224; x_wconf 92' lang='lat' dir='ltr'><strong>et</strong></span> <span class='ocrx_word' id='word_1_401' title='bbox 897 4178 1053 4224; x_wconf 76' lang='lat' dir='ltr'><strong>sexto</strong></span> <span class='ocrx_word' id='word_1_402' title='bbox 1077 4169 1171 4224; x_wconf 93' lang='lat' dir='ltr'><strong>die</strong></span> <span class='ocrx_word' id='word_1_403' title='bbox 1203 4183 1422 4238; x_wconf 87' lang='lat' dir='ltr'><strong>semper</strong></span> <span class='ocrx_word' id='word_1_404' title='bbox 1449 4169 1581 4239; x_wconf 91' lang='lat' dir='ltr'><strong>quid</strong></span> <span class='ocrx_word' id='word_1_405' title='bbox 1600 4168 1726 4223; x_wconf 90' lang='lat' dir='ltr'><strong>novi</strong></span> <span class='ocrx_word' id='word_1_406' title='bbox 1754 4168 2077 4239; x_wconf 87' lang='lat' dir='ltr'><strong>protulerat,</strong></span> 
     </span>
    </p>
   </div>
   <div class='ocr_carea' id='block_1_60' title="bbox 507 4257 2080 4330">
    <p class='ocr_par' dir='ltr' id='par_1_60' title="bbox 507 4257 2080 4330">
     <span class='ocr_line' id='line_1_60' title="bbox 507 4257 2080 4330; baseline 0.001 -18"><span class='ocrx_word' id='word_1_407' title='bbox 507 4258 659 4330; x_wconf 81' lang='lat' dir='ltr'><strong>quod</strong></span> <span class='ocrx_word' id='word_1_408' title='bbox 700 4258 967 4315; x_wconf 88' lang='lat' dir='ltr'><strong>creationi</strong></span> <span class='ocrx_word' id='word_1_409' title='bbox 1000 4257 1200 4315; x_wconf 85' lang='lat' dir='ltr'><strong>deesse</strong></span> <span class='ocrx_word' id='word_1_410' title='bbox 1236 4258 1551 4326; x_wconf 86' lang='lat' dir='ltr'><strong>videbatur,</strong></span> <span class='ocrx_word' id='word_1_411' title='bbox 1600 4260 1952 4315; x_wconf 77' lang='lat' dir='ltr'><strong>manifestum</strong></span> <span class='ocrx_word' id='word_1_412' title='bbox 1988 4260 2080 4325; x_wconf 88' lang='lat' dir='ltr'><strong>lit,</strong></span> 
     </span>
    </p>
   </div>
   <div class='ocr_carea' id='block_1_61' title="bbox 510 4351 2083 4424">
    <p class='ocr_par' dir='ltr' id='par_1_61' title="bbox 510 4351 2083 4424">
     <span class='ocr_line' id='line_1_61' title="bbox 510 4351 2083 4424; baseline 0.001 -17"><span class='ocrx_word' id='word_1_413' title='bbox 510 4352 635 4407; x_wconf 88' lang='lat' dir='ltr'><strong>ideo</strong></span> <span class='ocrx_word' id='word_1_414' title='bbox 665 4366 791 4407; x_wconf 89' lang='lat' dir='ltr'><strong>eum</strong></span> <span class='ocrx_word' id='word_1_415' title='bbox 828 4352 1063 4421; x_wconf 85' lang='lat' dir='ltr'><strong>septimo</strong></span> <span class='ocrx_word' id='word_1_416' title='bbox 1092 4351 1182 4407; x_wconf 89' lang='lat' dir='ltr'><strong>die</strong></span> <span class='ocrx_word' id='word_1_417' title='bbox 1210 4352 1280 4406; x_wconf 90' lang='lat' dir='ltr'><strong>ab</strong></span> <span class='ocrx_word' id='word_1_418' title='bbox 1317 4352 1470 4407; x_wconf 90' lang='lat' dir='ltr'><strong>omni</strong></span> <span class='ocrx_word' id='word_1_419' title='bbox 1501 4368 1667 4424; x_wconf 74' lang='lat' dir='ltr'><strong>opere</strong></span> <span class='ocrx_word' id='word_1_420' title='bbox 1708 4353 2045 4409; x_wconf 89' lang='lat' dir='ltr'><strong>abstinuisse</strong></span> <span class='ocrx_word' id='word_1_421' title='bbox 2065 4390 2083 4417; x_wconf 91' lang='lat'><strong>,</strong></span> 
     </span>
    </p>
   </div>
   <div class='ocr_carea' id='block_1_62' title="bbox 511 4443 2086 4501">
    <p class='ocr_par' dir='ltr' id='par_1_62' title="bbox 511 4443 2086 4501">
     <span class='ocr_line' id='line_1_62' title="bbox 511 4443 2086 4501; baseline 0.001 -2"><span class='ocrx_word' id='word_1_422' title='bbox 511 4452 575 4499; x_wconf 86' lang='lat' dir='ltr'><strong>ut</strong></span> <span class='ocrx_word' id='word_1_423' title='bbox 596 4445 703 4500; x_wconf 89' lang='lat' dir='ltr'><strong>isto</strong></span> <span class='ocrx_word' id='word_1_424' title='bbox 720 4443 846 4499; x_wconf 72' lang='grc' dir='ltr'><strong>ποιίο</strong></span> <span class='ocrx_word' id='word_1_425' title='bbox 873 4443 1182 4501; x_wconf 83' lang='lat' dir='ltr'><strong>declararet</strong></span> <span class='ocrx_word' id='word_1_426' title='bbox 1207 4445 1543 4501; x_wconf 87' lang='lat' dir='ltr'><strong>creationem</strong></span> <span class='ocrx_word' id='word_1_427' title='bbox 1570 4444 1792 4501; x_wconf 89' lang='lat' dir='ltr'><strong>tandem</strong></span> <span class='ocrx_word' id='word_1_428' title='bbox 1820 4460 2086 4500; x_wconf 85' lang='lat' dir='ltr'><strong>consum-</strong></span> 
     </span>
    </p>
   </div>
   <div class='ocr_carea' id='block_1_63' title="bbox 511 4535 2089 4609">
    <p class='ocr_par' dir='ltr' id='par_1_63' title="bbox 511 4535 2089 4609">
     <span class='ocr_line' id='line_1_63' title="bbox 511 4535 2089 4609; baseline 0.001 -16"><span class='ocrx_word' id='word_1_429' title='bbox 511 4545 717 4593; x_wconf 80' lang='lat' dir='ltr'><strong>matam</strong></span> <span class='ocrx_word' id='word_1_430' title='bbox 752 4551 899 4592; x_wconf 85' lang='lat' dir='ltr'><strong>esse.</strong></span> <span class='ocrx_word' id='word_1_431' title='bbox 932 4535 1153 4607; x_wconf 88' lang='lat' dir='ltr'><strong>Septem</strong></span> <span class='ocrx_word' id='word_1_432' title='bbox 1182 4552 1313 4609; x_wconf 77' lang='lat' dir='ltr'><strong>ergo</strong></span> <span class='ocrx_word' id='word_1_433' title='bbox 1340 4537 1556 4594; x_wconf 90' lang='lat' dir='ltr'><strong>dierum</strong></span> <span class='ocrx_word' id='word_1_434' title='bbox 1586 4552 1817 4594; x_wconf 89' lang='lat' dir='ltr'><strong>numero</strong></span> <span class='ocrx_word' id='word_1_435' title='bbox 1843 4537 2089 4594; x_wconf 84' lang='lat' dir='ltr'><strong>deﬁnivit</strong></span> 
     </span>
    </p>
   </div>
   <div class='ocr_carea' id='block_1_64' title="bbox 512 4628 2087 4696">
    <p class='ocr_par' dir='ltr' id='par_1_64' title="bbox 512 4628 2087 4696">
     <span class='ocr_line' id='line_1_64' title="bbox 512 4628 2087 4696; baseline 0.001 -13"><span class='ocrx_word' id='word_1_436' title='bbox 512 4628 731 4683; x_wconf 81' lang='lat' dir='ltr'><strong>dierum</strong></span> <span class='ocrx_word' id='word_1_437' title='bbox 790 4628 1027 4696; x_wconf 87' lang='lat' dir='ltr'><strong>seriem,</strong></span> <span class='ocrx_word' id='word_1_438' title='bbox 1080 4644 1208 4684; x_wconf 91' lang='lat' dir='ltr'><strong>cum</strong></span> <span class='ocrx_word' id='word_1_439' title='bbox 1254 4629 1401 4685; x_wconf 91' lang='lat' dir='ltr'><strong>idem</strong></span> <span class='ocrx_word' id='word_1_440' title='bbox 1447 4645 1546 4686; x_wconf 76' lang='lat' dir='ltr'><strong>sex</strong></span> <span class='ocrx_word' id='word_1_441' title='bbox 1596 4630 1819 4686; x_wconf 90' lang='lat' dir='ltr'><strong>illorum</strong></span> <span class='ocrx_word' id='word_1_442' title='bbox 1872 4631 2087 4686; x_wconf 90' lang='lat' dir='ltr'><strong>dierum</strong></span> 
     </span>
    </p>
   </div>
   <div class='ocr_carea' id='block_1_65' title="bbox 516 4718 2081 4793">
    <p class='ocr_par' dir='ltr' id='par_1_65' title="bbox 516 4718 2081 4793">
     <span class='ocr_line' id='line_1_65' title="bbox 516 4718 2081 4793; baseline 0.002 -18"><span class='ocrx_word' id='word_1_443' title='bbox 516 4719 696 4788; x_wconf 85' lang='lat' dir='ltr'><strong>spatio</strong></span> <span class='ocrx_word' id='word_1_444' title='bbox 746 4718 929 4775; x_wconf 73' lang='lat' dir='ltr'><strong>facere</strong></span> <span class='ocrx_word' id='word_1_445' title='bbox 978 4721 1288 4791; x_wconf 91' lang='lat' dir='ltr'><strong>potuisset,</strong></span> <span class='ocrx_word' id='word_1_446' title='bbox 1319 4722 1521 4793; x_wconf 88' lang='lat' dir='ltr'><strong>quibus</strong></span> <span class='ocrx_word' id='word_1_447' title='bbox 1577 4722 1917 4778; x_wconf 87' lang='lat' dir='ltr'><strong>creationem</strong></span> <span class='ocrx_word' id='word_1_448' title='bbox 1953 4738 2081 4793; x_wconf 89' lang='lat' dir='ltr'><strong>per-</strong></span> 
     </span>
    </p>
   </div>
   <div class='ocr_carea' id='block_1_66' title="bbox 2173 3524 3757 3600">
    <p class='ocr_par' dir='ltr' id='par_1_66' title="bbox 2173 3524 3757 3600">
     <span class='ocr_line' id='line_1_66' title="bbox 2173 3524 3757 3600; baseline 0.002 -22"><span class='ocrx_word' id='word_1_449' title='bbox 2173 3526 2433 3590; x_wconf 82' lang='grc' dir='ltr'>Δεικνὺς,</span> <span class='ocrx_word' id='word_1_450' title='bbox 2487 3524 2569 3579; x_wconf 81' lang='grc' dir='ltr'><strong>ὅτι</strong></span> <span class='ocrx_word' id='word_1_451' title='bbox 2622 3524 2717 3579; x_wconf 74' lang='grc' dir='ltr'><strong>ἐπὶ</strong></span> <span class='ocrx_word' id='word_1_452' title='bbox 2776 3525 2877 3597; x_wconf 80' lang='grc' dir='ltr'>μὲν</span> <span class='ocrx_word' id='word_1_453' title='bbox 2929 3525 3032 3597; x_wconf 84' lang='grc' dir='ltr'><strong>τῆς</strong></span> <span class='ocrx_word' id='word_1_454' title='bbox 3086 3526 3250 3600; x_wconf 73' lang='grc' dir='ltr'>ἕκτης</span> <span class='ocrx_word' id='word_1_455' title='bbox 3306 3527 3757 3600; x_wconf 72' lang='grc' dir='ltr'>συμπεπλήρωκε</span> 
     </span>
    </p>
   </div>
   <div class='ocr_carea' id='block_1_67' title="bbox 2174 3614 3758 3690">
    <p class='ocr_par' dir='ltr' id='par_1_67' title="bbox 2174 3614 3758 3690">
     <span class='ocr_line' id='line_1_67' title="bbox 2174 3614 3758 3690; baseline 0.003 -21"><span class='ocrx_word' id='word_1_456' title='bbox 2174 3616 2373 3682; x_wconf 81' lang='grc' dir='ltr'>πάντα,</span> <span class='ocrx_word' id='word_1_457' title='bbox 2408 3615 2503 3670; x_wconf 84' lang='grc' dir='ltr'>ἆτε</span> <span class='ocrx_word' id='word_1_458' title='bbox 2529 3614 2695 3687; x_wconf 82' lang='grc' dir='ltr'>μηδὲν</span> <span class='ocrx_word' id='word_1_459' title='bbox 2723 3615 2908 3681; x_wconf 83' lang='grc' dir='ltr'>αὐτοῖς</span> <span class='ocrx_word' id='word_1_460' title='bbox 2934 3616 3280 3688; x_wconf 81' lang='grc' dir='ltr'><strong>προστιθέναι</strong></span> <span class='ocrx_word' id='word_1_461' title='bbox 3311 3618 3530 3690; x_wconf 83' lang='grc' dir='ltr'><strong>μέλλων</strong></span> <span class='ocrx_word' id='word_1_462' title='bbox 3556 3620 3758 3681; x_wconf 78' lang='grc' dir='ltr'>καινὸν,</span> 
     </span>
    </p>
   </div>
   <div class='ocr_carea' id='block_1_68' title="bbox 2175 3706 3759 3781">
    <p class='ocr_par' dir='ltr' id='par_1_68' title="bbox 2175 3706 3759 3781">
     <span class='ocr_line' id='line_1_68' title="bbox 2175 3706 3759 3781; baseline 0.003 -20"><span class='ocrx_word' id='word_1_463' title='bbox 2175 3707 2363 3779; x_wconf 74' lang='grc' dir='ltr'>ἐπειδὴ</span> <span class='ocrx_word' id='word_1_464' title='bbox 2392 3706 2525 3779; x_wconf 82' lang='grc' dir='ltr'>μηδὲ</span> <span class='ocrx_word' id='word_1_465' title='bbox 2543 3706 2751 3761; x_wconf 81' lang='grc' dir='ltr'><strong>λείπειν</strong></span> <span class='ocrx_word' id='word_1_466' title='bbox 2774 3723 2829 3760; x_wconf 89' lang='grc' dir='ltr'><strong>τι</strong></span> <span class='ocrx_word' id='word_1_467' title='bbox 2850 3707 3033 3772; x_wconf 82' lang='grc' dir='ltr'>αὐτοῖς</span> <span class='ocrx_word' id='word_1_468' title='bbox 3055 3710 3255 3780; x_wconf 75' lang='grc' dir='ltr'>ἡγεῖτο.</span> <span class='ocrx_word' id='word_1_469' title='bbox 3286 3709 3606 3766; x_wconf 82' lang='grc' dir='ltr'>Ἐπαύσατο</span> <span class='ocrx_word' id='word_1_470' title='bbox 3624 3711 3680 3764; x_wconf 65' lang='grc' dir='ltr'>δὲ</span> <span class='ocrx_word' id='word_1_471' title='bbox 3696 3712 3759 3781; x_wconf 78' lang='grc' dir='ltr'>τῇ</span> 
     </span>
    </p>
   </div>
   <div class='ocr_carea' id='block_1_69' title="bbox 2174 3799 3762 3875">
    <p class='ocr_par' dir='ltr' id='par_1_69' title="bbox 2174 3799 3762 3875">
     <span class='ocr_line' id='line_1_69' title="bbox 2174 3799 3762 3875; baseline 0.005 -24"><span class='ocrx_word' id='word_1_472' title='bbox 2174 3800 2361 3872; x_wconf 69' lang='grc' dir='ltr'>ἡμέρα</span> <span class='ocrx_word' id='word_1_473' title='bbox 2396 3803 2464 3871; x_wconf 72' lang='grc' dir='ltr'><strong>τῇ</strong></span> <span class='ocrx_word' id='word_1_474' title='bbox 2505 3799 2708 3875; x_wconf 75' lang='grc' dir='ltr'>ἑϐδόμῃ</span> <span class='ocrx_word' id='word_1_475' title='bbox 2750 3799 2844 3854; x_wconf 79' lang='grc' dir='ltr'><strong>τοῦ</strong></span> <span class='ocrx_word' id='word_1_476' title='bbox 2890 3804 3089 3856; x_wconf 88' lang='grc' dir='ltr'>ποιεῖν.</span> <span class='ocrx_word' id='word_1_477' title='bbox 3127 3802 3330 3857; x_wconf 82' lang='grc' dir='ltr'><strong>Τούτου</strong></span> <span class='ocrx_word' id='word_1_478' title='bbox 3356 3820 3422 3873; x_wconf 87' lang='grc' dir='ltr'>γε</span> <span class='ocrx_word' id='word_1_479' title='bbox 3447 3804 3645 3858; x_wconf 64' lang='lat' dir='ltr'><strong>Evser</strong></span> <span class='ocrx_word' id='word_1_480' title='bbox 3670 3804 3762 3875; x_wconf 63' lang='grc' dir='ltr'>τὴν</span> 
     </span>
    </p>
   </div>
   <div class='ocr_carea' id='block_1_70' title="bbox 2178 3890 3763 3967">
    <p class='ocr_par' dir='ltr' id='par_1_70' title="bbox 2178 3890 3763 3967">
     <span class='ocr_line' id='line_1_70' title="bbox 2178 3890 3763 3967; baseline 0.003 -23"><span class='ocrx_word' id='word_1_481' title='bbox 2178 3892 2394 3964; x_wconf 77' lang='grc' dir='ltr'>ἡμέραν</span> <span class='ocrx_word' id='word_1_482' title='bbox 2410 3890 2614 3963; x_wconf 89' lang='grc' dir='ltr'>ταύτην</span> <span class='ocrx_word' id='word_1_483' title='bbox 2626 3891 3034 3963; x_wconf 75' lang='grc' dir='ltr'>προστέθεικεν,</span> <span class='ocrx_word' id='word_1_484' title='bbox 3058 3894 3338 3967; x_wconf 76' lang='grc' dir='ltr'>ἄπρακτον</span> <span class='ocrx_word' id='word_1_485' title='bbox 3362 3890 3563 3962; x_wconf 80' lang='grc' dir='ltr'>οὖσαν,</span> <span class='ocrx_word' id='word_1_486' title='bbox 3589 3896 3686 3951; x_wconf 81' lang='grc' dir='ltr'>καὶ</span> <span class='ocrx_word' id='word_1_487' title='bbox 3704 3898 3763 3949; x_wconf 69' lang='grc' dir='ltr'>ἐν</span> 
     </span>
    </p>
   </div>
   <div class='ocr_carea' id='block_1_71' title="bbox 2178 3980 3765 4062">
    <p class='ocr_par' dir='ltr' id='par_1_71' title="bbox 2178 3980 3765 4062">
     <span class='ocr_line' id='line_1_71' title="bbox 2178 3980 3765 4062; baseline 0.004 -23"><span class='ocrx_word' id='word_1_488' title='bbox 2178 3980 2213 4061; x_wconf 76' lang='grc' dir='ltr'>ᾖ</span> <span class='ocrx_word' id='word_1_489' title='bbox 2234 3984 2490 4052; x_wconf 81' lang='grc' dir='ltr'>καθάπαξ</span> <span class='ocrx_word' id='word_1_490' title='bbox 2505 3984 2801 4059; x_wconf 82' lang='grc' dir='ltr'>πεποίηκεν</span> <span class='ocrx_word' id='word_1_491' title='bbox 2815 3985 2988 4051; x_wconf 75' lang='grc' dir='ltr'>οὐδὲν,</span> <span class='ocrx_word' id='word_1_492' title='bbox 3011 3984 3086 4051; x_wconf 84' lang='grc' dir='ltr'><strong>ὼς</strong></span> <span class='ocrx_word' id='word_1_493' title='bbox 3102 3988 3169 4040; x_wconf 72' lang='grc' dir='ltr'>ἂν</span> <span class='ocrx_word' id='word_1_494' title='bbox 3180 3989 3250 4059; x_wconf 79' lang='grc' dir='ltr'>τῇ</span> <span class='ocrx_word' id='word_1_495' title='bbox 3266 3987 3413 4044; x_wconf 80' lang='grc' dir='ltr'>κατὰ</span> <span class='ocrx_word' id='word_1_496' title='bbox 3429 3988 3536 4059; x_wconf 82' lang='grc' dir='ltr'><strong>τὴν</strong></span> <span class='ocrx_word' id='word_1_497' title='bbox 3555 3989 3765 4062; x_wconf 69' lang='grc' dir='ltr'>ἡμέραν</span> 
     </span>
    </p>
   </div>
   <div class='ocr_carea' id='block_1_72' title="bbox 2180 4075 3764 4153">
    <p class='ocr_par' dir='ltr' id='par_1_72' title="bbox 2180 4075 3764 4153">
     <span class='ocr_line' id='line_1_72' title="bbox 2180 4075 3764 4153; baseline 0.001 -21"><span class='ocrx_word' id='word_1_498' title='bbox 2180 4078 2349 4149; x_wconf 79' lang='grc' dir='ltr'>ἀργίᾳ</span> <span class='ocrx_word' id='word_1_499' title='bbox 2376 4075 2689 4149; x_wconf 83' lang='grc' dir='ltr'>δηλώσειεν,</span> <span class='ocrx_word' id='word_1_500' title='bbox 2714 4079 2797 4131; x_wconf 83' lang='grc' dir='ltr'>ὅτι</span> <span class='ocrx_word' id='word_1_501' title='bbox 2827 4078 3007 4132; x_wconf 86' lang='grc' dir='ltr'>πάντα</span> <span class='ocrx_word' id='word_1_502' title='bbox 3028 4078 3142 4150; x_wconf 79' lang='grc' dir='ltr'>ἔχει</span> <span class='ocrx_word' id='word_1_503' title='bbox 3164 4080 3335 4151; x_wconf 81' lang='grc' dir='ltr'>πέρας</span> <span class='ocrx_word' id='word_1_504' title='bbox 3359 4080 3538 4153; x_wconf 81' lang='grc' dir='ltr'>αὐτῷ.</span> <span class='ocrx_word' id='word_1_505' title='bbox 3582 4082 3644 4134; x_wconf 89' lang='lat'><strong>&#39;0</strong></span> <span class='ocrx_word' id='word_1_506' title='bbox 3664 4082 3764 4151; x_wconf 76' lang='grc' dir='ltr'>γὰρ</span> 
     </span>
    </p>
   </div>
   <div class='ocr_carea' id='block_1_73' title="bbox 2180 4168 3767 4246">
    <p class='ocr_par' dir='ltr' id='par_1_73' title="bbox 2180 4168 3767 4246">
     <span class='ocr_line' id='line_1_73' title="bbox 2180 4168 3767 4246; baseline 0.003 -23"><span class='ocrx_word' id='word_1_507' title='bbox 2180 4169 2277 4224; x_wconf 77' lang='grc' dir='ltr'>καὶ</span> <span class='ocrx_word' id='word_1_508' title='bbox 2306 4172 2373 4241; x_wconf 76' lang='grc' dir='ltr'>τῇ</span> <span class='ocrx_word' id='word_1_509' title='bbox 2404 4168 2615 4243; x_wconf 74' lang='grc' dir='ltr'>πρώτῃ,</span> <span class='ocrx_word' id='word_1_510' title='bbox 2640 4169 2737 4223; x_wconf 73' lang='grc' dir='ltr'>καὶ</span> <span class='ocrx_word' id='word_1_511' title='bbox 2759 4172 2825 4241; x_wconf 76' lang='grc' dir='ltr'>τῇ</span> <span class='ocrx_word' id='word_1_512' title='bbox 2866 4169 3113 4243; x_wconf 75' lang='grc' dir='ltr'>δευτέρᾳ,</span> <span class='ocrx_word' id='word_1_513' title='bbox 3140 4171 3234 4224; x_wconf 82' lang='grc' dir='ltr'><strong>καὶ</strong></span> <span class='ocrx_word' id='word_1_514' title='bbox 3256 4173 3323 4243; x_wconf 80' lang='grc' dir='ltr'><strong>τῇ</strong></span> <span class='ocrx_word' id='word_1_515' title='bbox 3359 4172 3546 4246; x_wconf 74' lang='grc' dir='ltr'>τρίτῃ,</span> <span class='ocrx_word' id='word_1_516' title='bbox 3580 4175 3679 4227; x_wconf 71' lang='grc' dir='ltr'>καὶ</span> <span class='ocrx_word' id='word_1_517' title='bbox 3704 4175 3767 4243; x_wconf 72' lang='grc' dir='ltr'><strong>τῇ</strong></span> 
     </span>
    </p>
   </div>
   <div class='ocr_carea' id='block_1_74' title="bbox 2180 4259 3768 4333">
    <p class='ocr_par' dir='ltr' id='par_1_74' title="bbox 2180 4259 3768 4333">
     <span class='ocr_line' id='line_1_74' title="bbox 2180 4259 3768 4333; baseline 0.003 -21"><span class='ocrx_word' id='word_1_518' title='bbox 2180 4260 2435 4332; x_wconf 80' lang='grc' dir='ltr'>τετάρτῃ.</span> <span class='ocrx_word' id='word_1_519' title='bbox 2474 4260 2571 4314; x_wconf 81' lang='grc' dir='ltr'>καὶ</span> <span class='ocrx_word' id='word_1_520' title='bbox 2602 4262 2668 4331; x_wconf 78' lang='grc' dir='ltr'><strong>τῇ</strong></span> <span class='ocrx_word' id='word_1_521' title='bbox 2692 4259 2918 4332; x_wconf 82' lang='grc' dir='ltr'>πέμπτῃ</span> <span class='ocrx_word' id='word_1_522' title='bbox 2937 4302 2953 4327; x_wconf 87' lang='grc'><strong>,</strong></span> <span class='ocrx_word' id='word_1_523' title='bbox 2985 4260 3079 4314; x_wconf 77' lang='grc' dir='ltr'>καὶ</span> <span class='ocrx_word' id='word_1_524' title='bbox 3109 4262 3176 4333; x_wconf 78' lang='grc' dir='ltr'>τῇ</span> <span class='ocrx_word' id='word_1_525' title='bbox 3216 4260 3348 4332; x_wconf 79' lang='grc' dir='ltr'>ἕκτῃ</span> <span class='ocrx_word' id='word_1_526' title='bbox 3382 4262 3475 4315; x_wconf 80' lang='grc' dir='ltr'>ἀεί</span> <span class='ocrx_word' id='word_1_527' title='bbox 3506 4281 3558 4316; x_wconf 87' lang='grc' dir='ltr'><strong>τι</strong></span> <span class='ocrx_word' id='word_1_528' title='bbox 3585 4264 3768 4319; x_wconf 74' lang='grc' dir='ltr'>καινὸν</span> 
     </span>
    </p>
   </div>
   <div class='ocr_carea' id='block_1_75' title="bbox 2184 4350 3770 4429">
    <p class='ocr_par' dir='ltr' id='par_1_75' title="bbox 2184 4350 3770 4429">
     <span class='ocr_line' id='line_1_75' title="bbox 2184 4350 3770 4429; baseline 0.004 -23"><span class='ocrx_word' id='word_1_529' title='bbox 2184 4350 2522 4423; x_wconf 84' lang='grc' dir='ltr'>πεποιηκὼς,</span> <span class='ocrx_word' id='word_1_530' title='bbox 2553 4350 2582 4404; x_wconf 82' lang='grc' dir='ltr'><strong>ὃ</strong></span> <span class='ocrx_word' id='word_1_531' title='bbox 2601 4350 2810 4405; x_wconf 87' lang='grc' dir='ltr'>λείπειν</span> <span class='ocrx_word' id='word_1_532' title='bbox 2837 4353 3022 4423; x_wconf 74' lang='grc' dir='ltr'>ἠγεῖτο</span> <span class='ocrx_word' id='word_1_533' title='bbox 3051 4355 3117 4424; x_wconf 75' lang='grc' dir='ltr'>τῇ</span> <span class='ocrx_word' id='word_1_534' title='bbox 3156 4354 3329 4408; x_wconf 86' lang='grc' dir='ltr'>κτίσει</span> <span class='ocrx_word' id='word_1_535' title='bbox 3351 4371 3368 4385; x_wconf 88' lang='grc'><strong>·</strong></span> <span class='ocrx_word' id='word_1_536' title='bbox 3398 4356 3654 4429; x_wconf 75' lang='grc' dir='ltr'>εὗδηλον,</span> <span class='ocrx_word' id='word_1_537' title='bbox 3694 4359 3770 4412; x_wconf 78' lang='grc' dir='ltr'>ὃτι</span> 
     </span>
    </p>
   </div>
   <div class='ocr_carea' id='block_1_76' title="bbox 2182 4442 3769 4517">
    <p class='ocr_par' dir='ltr' id='par_1_76' title="bbox 2182 4442 3769 4517">
     <span class='ocr_line' id='line_1_76' title="bbox 2182 4442 3769 4517; baseline 0.004 -20"><span class='ocrx_word' id='word_1_538' title='bbox 2182 4442 2272 4498; x_wconf 81' lang='grc' dir='ltr'><strong>διὰ</strong></span> <span class='ocrx_word' id='word_1_539' title='bbox 2305 4442 2463 4498; x_wconf 82' lang='grc' dir='ltr'>τοῦτο</span> <span class='ocrx_word' id='word_1_540' title='bbox 2499 4445 2591 4497; x_wconf 77' lang='grc' dir='ltr'><strong>ἐπὶ</strong></span> <span class='ocrx_word' id='word_1_541' title='bbox 2634 4443 2736 4514; x_wconf 85' lang='grc' dir='ltr'><strong>τῆς</strong></span> <span class='ocrx_word' id='word_1_542' title='bbox 2781 4444 3016 4517; x_wconf 76' lang='grc' dir='ltr'>ἑϐδόμης</span> <span class='ocrx_word' id='word_1_543' title='bbox 3044 4444 3141 4498; x_wconf 84' lang='grc' dir='ltr'>τοῦ</span> <span class='ocrx_word' id='word_1_544' title='bbox 3176 4449 3349 4501; x_wconf 79' lang='grc' dir='ltr'>ποιεῖν</span> <span class='ocrx_word' id='word_1_545' title='bbox 3381 4448 3769 4513; x_wconf 83' lang='grc' dir='ltr'>ἀπεπαύσατο,</span> 
     </span>
    </p>
   </div>
   <div class='ocr_carea' id='block_1_77' title="bbox 2183 4535 3773 4612">
    <p class='ocr_par' dir='ltr' id='par_1_77' title="bbox 2183 4535 3773 4612">
     <span class='ocr_line' id='line_1_77' title="bbox 2183 4535 3773 4612; baseline 0.003 -21"><span class='ocrx_word' id='word_1_546' title='bbox 2183 4536 2260 4600; x_wconf 84' lang='grc' dir='ltr'>ὡς</span> <span class='ocrx_word' id='word_1_547' title='bbox 2297 4535 2363 4591; x_wconf 79' lang='grc' dir='ltr'>ἂν</span> <span class='ocrx_word' id='word_1_548' title='bbox 2390 4538 2457 4608; x_wconf 76' lang='grc' dir='ltr'><strong>τῇ</strong></span> <span class='ocrx_word' id='word_1_549' title='bbox 2492 4536 2660 4609; x_wconf 75' lang='grc' dir='ltr'>ἀργία</span> <span class='ocrx_word' id='word_1_550' title='bbox 2686 4538 2755 4607; x_wconf 76' lang='grc' dir='ltr'>τῇ</span> <span class='ocrx_word' id='word_1_551' title='bbox 2786 4538 2844 4591; x_wconf 83' lang='grc' dir='ltr'>ἐν</span> <span class='ocrx_word' id='word_1_552' title='bbox 2867 4537 3006 4609; x_wconf 78' lang='grc' dir='ltr'>αὐτῇ</span> <span class='ocrx_word' id='word_1_553' title='bbox 3030 4536 3223 4604; x_wconf 81' lang='grc' dir='ltr'>δείξειε</span> <span class='ocrx_word' id='word_1_554' title='bbox 3256 4538 3317 4591; x_wconf 84' lang='grc' dir='ltr'>τὸ</span> <span class='ocrx_word' id='word_1_555' title='bbox 3343 4539 3527 4612; x_wconf 79' lang='grc' dir='ltr'>πέρας</span> <span class='ocrx_word' id='word_1_556' title='bbox 3552 4542 3773 4612; x_wconf 70' lang='grc' dir='ltr'>εἰληφέ-</span> 
     </span>
    </p>
   </div>
   <div class='ocr_carea' id='block_1_78' title="bbox 2186 4626 3775 4700">
    <p class='ocr_par' dir='ltr' id='par_1_78' title="bbox 2186 4626 3775 4700">
     <span class='ocr_line' id='line_1_78' title="bbox 2186 4626 3775 4700; baseline 0.004 -21"><span class='ocrx_word' id='word_1_557' title='bbox 2186 4643 2274 4680; x_wconf 91' lang='grc' dir='ltr'><strong>ναι</strong></span> <span class='ocrx_word' id='word_1_558' title='bbox 2300 4626 2400 4697; x_wconf 78' lang='grc' dir='ltr'>τὴν</span> <span class='ocrx_word' id='word_1_559' title='bbox 2432 4626 2625 4681; x_wconf 85' lang='grc' dir='ltr'>κτίσιν.</span> <span class='ocrx_word' id='word_1_560' title='bbox 2653 4627 2820 4681; x_wconf 85' lang='grc' dir='ltr'>Ὅθεν</span> <span class='ocrx_word' id='word_1_561' title='bbox 2847 4626 2941 4681; x_wconf 70' lang='grc' dir='ltr'>καὶ</span> <span class='ocrx_word' id='word_1_562' title='bbox 2967 4628 3025 4681; x_wconf 83' lang='grc' dir='ltr'>ὲν</span> <span class='ocrx_word' id='word_1_563' title='bbox 3047 4628 3188 4682; x_wconf 78' lang='grc' dir='ltr'>ἑπτὰ</span> <span class='ocrx_word' id='word_1_564' title='bbox 3208 4628 3449 4700; x_wconf 77' lang='grc' dir='ltr'>ἡμέραις</span> <span class='ocrx_word' id='word_1_565' title='bbox 3476 4631 3575 4685; x_wconf 78' lang='grc' dir='ltr'><strong>τὸν</strong></span> <span class='ocrx_word' id='word_1_566' title='bbox 3598 4632 3775 4686; x_wconf 71' lang='grc' dir='ltr'>πάντα</span> 
     </span>
    </p>
   </div>
   <div class='ocr_carea' id='block_1_79' title="bbox 2189 4716 3776 4793">
    <p class='ocr_par' dir='ltr' id='par_1_79' title="bbox 2189 4716 3776 4793">
     <span class='ocr_line' id='line_1_79' title="bbox 2189 4716 3776 4793; baseline 0.005 -22"><span class='ocrx_word' id='word_1_567' title='bbox 2189 4716 2389 4772; x_wconf 84' lang='grc' dir='ltr'>κύκλον</span> <span class='ocrx_word' id='word_1_568' title='bbox 2422 4717 2531 4771; x_wconf 86' lang='grc' dir='ltr'><strong>τῶν</strong></span> <span class='ocrx_word' id='word_1_569' title='bbox 2570 4716 2795 4789; x_wconf 78' lang='grc' dir='ltr'>ἡμερῶν</span> <span class='ocrx_word' id='word_1_570' title='bbox 2841 4717 3179 4791; x_wconf 78' lang='grc' dir='ltr'>περιέγραψε</span> <span class='ocrx_word' id='word_1_571' title='bbox 3197 4762 3213 4787; x_wconf 89' lang='grc'><strong>,</strong></span> <span class='ocrx_word' id='word_1_572' title='bbox 3236 4721 3542 4793; x_wconf 79' lang='grc' dir='ltr'>δυνάμενος</span> <span class='ocrx_word' id='word_1_573' title='bbox 3572 4724 3638 4778; x_wconf 71' lang='grc' dir='ltr'>ὲν</span> <span class='ocrx_word' id='word_1_574' title='bbox 3660 4726 3776 4789; x_wconf 76' lang='grc' dir='ltr'><strong>ταῖς</strong></span> 
     </span>
    </p>
   </div>
   <div class='ocr_carea' id='block_1_80' title="bbox 515 4783 2093 4887">
    <p class='ocr_par' dir='ltr' id='par_1_80' title="bbox 515 4808 2079 4886">
     <span class='ocr_line' id='line_1_80' title="bbox 515 4808 2079 4886; baseline 0.003 -19"><span class='ocrx_word' id='word_1_575' title='bbox 515 4809 667 4867; x_wconf 84' lang='lat' dir='ltr'><strong>fecit.</strong></span> <span class='ocrx_word' id='word_1_576' title='bbox 695 4808 803 4867; x_wconf 76' lang='lat' dir='ltr'><strong>Sex</strong></span> <span class='ocrx_word' id='word_1_577' title='bbox 836 4811 1004 4883; x_wconf 72' lang='lat' dir='ltr'><strong>igitur</strong></span> <span class='ocrx_word' id='word_1_578' title='bbox 1026 4814 1120 4870; x_wconf 88' lang='lat' dir='ltr'><strong>isti</strong></span> <span class='ocrx_word' id='word_1_579' title='bbox 1155 4814 1271 4870; x_wconf 90' lang='lat' dir='ltr'><strong>dies</strong></span> <span class='ocrx_word' id='word_1_580' title='bbox 1299 4815 1569 4871; x_wconf 88' lang='lat' dir='ltr'><strong>rationem</strong></span> <span class='ocrx_word' id='word_1_581' title='bbox 1597 4816 1843 4886; x_wconf 66' lang='lat' dir='ltr'><strong>praebent</strong></span> <span class='ocrx_word' id='word_1_582' title='bbox 1888 4830 2079 4872; x_wconf 90' lang='lat' dir='ltr'><strong>eorum</strong></span> 
     </span>
    </p>
   </div>
   <div class='ocr_carea' id='block_1_81' title="bbox 2178 4783 3776 4887">
    <p class='ocr_par' dir='ltr' id='par_1_81' title="bbox 2190 4783 3776 4887">
     <span class='ocr_line' id='line_1_81' title="bbox 2190 4783 3776 4887; baseline 0.004 -25"><span class='ocrx_word' id='word_1_583' title='bbox 2190 4809 2250 4877; x_wconf 77' lang='grc' dir='ltr'><strong>ἐξ</strong></span> <span class='ocrx_word' id='word_1_584' title='bbox 2285 4809 2442 4864; x_wconf 81' lang='grc' dir='ltr'>τοῦτο</span> <span class='ocrx_word' id='word_1_585' title='bbox 2483 4783 2725 4880; x_wconf 63' lang='grc' dir='ltr'>ποιησαι,</span> <span class='ocrx_word' id='word_1_586' title='bbox 2749 4810 2809 4865; x_wconf 81' lang='grc' dir='ltr'>ὲν</span> <span class='ocrx_word' id='word_1_587' title='bbox 2848 4783 2937 4874; x_wconf 44' lang='lat' dir='ltr'><strong>ait;</strong></span> <span class='ocrx_word' id='word_1_588' title='bbox 2978 4783 3776 4887; x_wconf 38' lang='lat' dir='ltr'><strong>cn-vsrrlijpwoe&#39;ﬁjv&#39;x‘rlmv;</strong></span> 
     </span>
    </p>
   </div>
   <div class='ocr_carea' id='block_1_82' title="bbox 516 4902 2091 4977">
    <p class='ocr_par' dir='ltr' id='par_1_82' title="bbox 516 4902 2091 4977">
     <span class='ocr_line' id='line_1_82' title="bbox 516 4902 2091 4977; baseline 0.003 -19"><span class='ocrx_word' id='word_1_589' title='bbox 516 4902 815 4974; x_wconf 65' lang='lat' dir='ltr'><strong>quaefacta</strong></span> <span class='ocrx_word' id='word_1_590' title='bbox 861 4912 1030 4974; x_wconf 83' lang='lat' dir='ltr'><strong>sunt;</strong></span> <span class='ocrx_word' id='word_1_591' title='bbox 1081 4907 1351 4977; x_wconf 84' lang='lat' dir='ltr'><strong>septimus</strong></span> <span class='ocrx_word' id='word_1_592' title='bbox 1395 4915 1581 4963; x_wconf 90' lang='lat' dir='ltr'><strong>autem</strong></span> <span class='ocrx_word' id='word_1_593' title='bbox 1628 4907 1840 4963; x_wconf 87' lang='lat' dir='ltr'><strong>indicat</strong></span> <span class='ocrx_word' id='word_1_594' title='bbox 1892 4918 2091 4963; x_wconf 84' lang='lat' dir='ltr'><strong>cuncta</strong></span> 
     </span>
    </p>
   </div>
   <div class='ocr_carea' id='block_1_83' title="bbox 518 4988 2093 5069">
    <p class='ocr_par' dir='ltr' id='par_1_83' title="bbox 518 4988 2093 5069">
     <span class='ocr_line' id='line_1_83' title="bbox 518 4988 2093 5069; baseline 0.004 -21"><span class='ocrx_word' id='word_1_595' title='bbox 518 4994 686 5049; x_wconf 84' lang='lat' dir='ltr'><strong>finem</strong></span> <span class='ocrx_word' id='word_1_596' title='bbox 740 5010 904 5050; x_wconf 89' lang='lat' dir='ltr'><strong>suum</strong></span> <span class='ocrx_word' id='word_1_597' title='bbox 966 4997 1310 5069; x_wconf 69' lang='lat' dir='ltr'><strong>contigisse,</strong></span> <span class='ocrx_word' id='word_1_598' title='bbox 1360 5004 1418 5054; x_wconf 84' lang='lat' dir='ltr'><strong>et</strong></span> <span class='ocrx_word' id='word_1_599' title='bbox 1452 4996 1567 5068; x_wconf 86' lang='lat' dir='ltr'><strong>jam</strong></span> <span class='ocrx_word' id='word_1_600' title='bbox 1615 4997 1767 5053; x_wconf 86' lang='lat' dir='ltr'><strong>nulla</strong></span> <span class='ocrx_word' id='word_1_601' title='bbox 1820 5014 1887 5055; x_wconf 78' lang='lat' dir='ltr'><strong>ex</strong></span> <span class='ocrx_word' id='word_1_602' title='bbox 1933 4988 2093 5069; x_wconf 84' lang='lat' dir='ltr'><strong>parte</strong></span> 
     </span>
    </p>
   </div>
   <div class='ocr_carea' id='block_1_84' title="bbox 516 5082 777 5141">
    <p class='ocr_par' dir='ltr' id='par_1_84' title="bbox 516 5082 777 5141">
     <span class='ocr_line' id='line_1_84' title="bbox 516 5082 777 5141; baseline 0 -2"><span class='ocrx_word' id='word_1_603' title='bbox 516 5082 777 5141; x_wconf 84' lang='lat' dir='ltr'><strong>deﬁcere.</strong></span> 
     </span>
    </p>
   </div>
   <div class='ocr_carea' id='block_1_85' title="bbox 590 5172 2087 5250">
    <p class='ocr_par' dir='ltr' id='par_1_85' title="bbox 590 5172 2087 5250">
     <span class='ocr_line' id='line_1_85' title="bbox 590 5172 2087 5250; baseline 0.005 -23"><span class='ocrx_word' id='word_1_604' title='bbox 590 5172 946 5229; x_wconf 79' lang='lat' dir='ltr'><strong>Manifestum</strong></span> <span class='ocrx_word' id='word_1_605' title='bbox 992 5174 1141 5246; x_wconf 89' lang='lat' dir='ltr'><strong>quod</strong></span> <span class='ocrx_word' id='word_1_606' title='bbox 1167 5176 1307 5231; x_wconf 87' lang='lat' dir='ltr'><strong>nihil</strong></span> <span class='ocrx_word' id='word_1_607' title='bbox 1342 5178 1469 5234; x_wconf 89' lang='lat' dir='ltr'><strong>novi</strong></span> <span class='ocrx_word' id='word_1_608' title='bbox 1504 5188 1629 5250; x_wconf 90' lang='lat' dir='ltr'><strong>post</strong></span> <span class='ocrx_word' id='word_1_609' title='bbox 1686 5187 1903 5234; x_wconf 82' lang='lat' dir='ltr'><strong>sextum</strong></span> <span class='ocrx_word' id='word_1_610' title='bbox 1941 5178 2087 5234; x_wconf 91' lang='lat' dir='ltr'><strong>diem</strong></span> 
     </span>
    </p>
   </div>
   <div class='ocr_carea' id='block_1_86' title="bbox 518 5263 2093 5342">
    <p class='ocr_par' dir='ltr' id='par_1_86' title="bbox 518 5263 2093 5342">
     <span class='ocr_line' id='line_1_86' title="bbox 518 5263 2093 5342; baseline 0.003 -21"><span class='ocrx_word' id='word_1_611' title='bbox 518 5263 726 5321; x_wconf 86' lang='lat' dir='ltr'><strong>factum</strong></span> <span class='ocrx_word' id='word_1_612' title='bbox 762 5266 875 5331; x_wconf 89' lang='lat' dir='ltr'><strong>sit,</strong></span> <span class='ocrx_word' id='word_1_613' title='bbox 922 5267 1053 5322; x_wconf 91' lang='lat' dir='ltr'><strong>licet</strong></span> <span class='ocrx_word' id='word_1_614' title='bbox 1083 5270 1332 5339; x_wconf 86' lang='lat' dir='ltr'><strong>quotidie</strong></span> <span class='ocrx_word' id='word_1_615' title='bbox 1373 5278 1430 5326; x_wconf 88' lang='lat' dir='ltr'><strong>et</strong></span> <span class='ocrx_word' id='word_1_616' title='bbox 1470 5272 1669 5342; x_wconf 67' lang='lat' dir='ltr'><strong>plantae</strong></span> <span class='ocrx_word' id='word_1_617' title='bbox 1703 5280 1757 5327; x_wconf 90' lang='lat' dir='ltr'><strong>et</strong></span> <span class='ocrx_word' id='word_1_618' title='bbox 1792 5271 2004 5327; x_wconf 89' lang='lat' dir='ltr'><strong>semina</strong></span> <span class='ocrx_word' id='word_1_619' title='bbox 2036 5280 2093 5326; x_wconf 92' lang='lat' dir='ltr'><strong>et</strong></span> 
     </span>
    </p>
   </div>
   <div class='ocr_carea' id='block_1_87' title="bbox 518 5358 2092 5427">
    <p class='ocr_par' dir='ltr' id='par_1_87' title="bbox 518 5358 2092 5427">
     <span class='ocr_line' id='line_1_87' title="bbox 518 5358 2092 5427; baseline 0.004 -14"><span class='ocrx_word' id='word_1_620' title='bbox 518 5358 781 5413; x_wconf 82' lang='lat' dir='ltr'><strong>animalia</strong></span> <span class='ocrx_word' id='word_1_621' title='bbox 807 5371 1132 5415; x_wconf 89' lang='lat' dir='ltr'><strong>nascantur.</strong></span> <span class='ocrx_word' id='word_1_622' title='bbox 1178 5359 1304 5417; x_wconf 64' lang='lat' dir='ltr'><strong>llaec</strong></span> <span class='ocrx_word' id='word_1_623' title='bbox 1338 5364 1484 5417; x_wconf 89' lang='lat' dir='ltr'><strong>enim</strong></span> <span class='ocrx_word' id='word_1_624' title='bbox 1531 5380 1641 5419; x_wconf 90' lang='lat' dir='ltr'><strong>non</strong></span> <span class='ocrx_word' id='word_1_625' title='bbox 1677 5379 1843 5427; x_wconf 90' lang='lat' dir='ltr'><strong>nova,</strong></span> <span class='ocrx_word' id='word_1_626' title='bbox 1894 5365 1988 5420; x_wconf 89' lang='lat' dir='ltr'><strong>sed</strong></span> <span class='ocrx_word' id='word_1_627' title='bbox 2021 5363 2092 5419; x_wconf 88' lang='lat' dir='ltr'><strong>ad</strong></span> 
     </span>
    </p>
   </div>
   <div class='ocr_carea' id='block_1_88' title="bbox 519 5448 2093 5523">
    <p class='ocr_par' dir='ltr' id='par_1_88' title="bbox 519 5448 2093 5523">
     <span class='ocr_line' id='line_1_88' title="bbox 519 5448 2093 5523; baseline 0.003 -19"><span class='ocrx_word' id='word_1_628' title='bbox 519 5448 754 5504; x_wconf 86' lang='lat' dir='ltr'><strong>formam</strong></span> <span class='ocrx_word' id='word_1_629' title='bbox 784 5466 975 5505; x_wconf 88' lang='lat' dir='ltr'><strong>eorum</strong></span> <span class='ocrx_word' id='word_1_630' title='bbox 1007 5467 1129 5522; x_wconf 68' lang='lat' dir='ltr'><strong>quae</strong></span> <span class='ocrx_word' id='word_1_631' title='bbox 1151 5454 1305 5523; x_wconf 89' lang='lat' dir='ltr'><strong>prius</strong></span> <span class='ocrx_word' id='word_1_632' title='bbox 1328 5454 1551 5510; x_wconf 88' lang='lat' dir='ltr'><strong>condita</strong></span> <span class='ocrx_word' id='word_1_633' title='bbox 1580 5462 1733 5520; x_wconf 88' lang='lat' dir='ltr'><strong>sunt,</strong></span> <span class='ocrx_word' id='word_1_634' title='bbox 1760 5463 1816 5510; x_wconf 92' lang='lat' dir='ltr'><strong>et</strong></span> <span class='ocrx_word' id='word_1_635' title='bbox 1848 5455 1918 5509; x_wconf 88' lang='lat' dir='ltr'><strong>ad</strong></span> <span class='ocrx_word' id='word_1_636' title='bbox 1939 5471 2093 5510; x_wconf 88' lang='lat' dir='ltr'><strong>eam-</strong></span> 
     </span>
    </p>
   </div>
   <div class='ocr_carea' id='block_1_89' title="bbox 519 5539 2092 5616">
    <p class='ocr_par' dir='ltr' id='par_1_89' title="bbox 519 5539 2092 5616">
     <span class='ocr_line' id='line_1_89' title="bbox 519 5539 2092 5616; baseline 0.006 -23"><span class='ocrx_word' id='word_1_637' title='bbox 519 5539 646 5595; x_wconf 88' lang='lat' dir='ltr'><strong>dem</strong></span> <span class='ocrx_word' id='word_1_638' title='bbox 674 5541 871 5611; x_wconf 75' lang='lat' dir='ltr'><strong>legem,</strong></span> <span class='ocrx_word' id='word_1_639' title='bbox 903 5543 1060 5612; x_wconf 80' lang='lat' dir='ltr'><strong>juxta</strong></span> <span class='ocrx_word' id='word_1_640' title='bbox 1092 5544 1357 5600; x_wconf 89' lang='lat' dir='ltr'><strong>indictam</strong></span> <span class='ocrx_word' id='word_1_641' title='bbox 1390 5544 1531 5616; x_wconf 90' lang='lat' dir='ltr'><strong>ipsis</strong></span> <span class='ocrx_word' id='word_1_642' title='bbox 1557 5561 1587 5601; x_wconf 91' lang='lat' dir='ltr'><strong>a</strong></span> <span class='ocrx_word' id='word_1_643' title='bbox 1612 5544 1724 5604; x_wconf 89' lang='lat' dir='ltr'><strong>Deo</strong></span> <span class='ocrx_word' id='word_1_644' title='bbox 1748 5546 2092 5605; x_wconf 86' lang='lat' dir='ltr'><strong>benedictio-</strong></span> 
     </span>
    </p>
   </div>
   <div class='ocr_carea' id='block_1_90' title="bbox 507 5635 1461 5706">
    <p class='ocr_par' dir='ltr' id='par_1_90' title="bbox 507 5635 1461 5706">
     <span class='ocr_line' id='line_1_90' title="bbox 507 5635 1461 5706; baseline 0.003 -17"><span class='ocrx_word' id='word_1_645' title='bbox 507 5648 671 5702; x_wconf 71' lang='lat' dir='ltr'><strong>~nem,</strong></span> <span class='ocrx_word' id='word_1_646' title='bbox 696 5635 936 5706; x_wconf 79' lang='lat' dir='ltr'><strong>singulis</strong></span> <span class='ocrx_word' id='word_1_647' title='bbox 959 5637 1155 5694; x_wconf 87' lang='lat' dir='ltr'><strong>diebus</strong></span> <span class='ocrx_word' id='word_1_648' title='bbox 1177 5646 1461 5695; x_wconf 88' lang='lat' dir='ltr'><strong>crescunt.</strong></span> 
     </span>
    </p>
   </div>
   <div class='ocr_carea' id='block_1_91' title="bbox 582 5815 1597 5893">
    <p class='ocr_par' dir='ltr' id='par_1_91' title="bbox 582 5815 1597 5893">
     <span class='ocr_line' id='line_1_91' title="bbox 582 5815 1597 5893; baseline 0.005 -21"><span class='ocrx_word' id='word_1_649' title='bbox 582 5815 675 5891; x_wconf 78' lang='grc' dir='ltr'>,(α)</span> <span class='ocrx_word' id='word_1_650' title='bbox 707 5816 949 5875; x_wconf 83' lang='lat' dir='ltr'><strong>Titulum</strong></span> <span class='ocrx_word' id='word_1_651' title='bbox 982 5820 1256 5893; x_wconf 77' lang='lat' dir='ltr'><strong>integrum</strong></span> <span class='ocrx_word' id='word_1_652' title='bbox 1281 5821 1415 5881; x_wconf 80' lang='lat' dir='ltr'><strong>vide‘</strong></span> <span class='ocrx_word' id='word_1_653' title='bbox 1434 5820 1597 5878; x_wconf 85' lang='lat' dir='ltr'><strong>infra.</strong></span> 
     </span>
    </p>
   </div>
   <div class='ocr_carea' id='block_1_92' title="bbox 2188 4897 3779 4981">
    <p class='ocr_par' dir='ltr' id='par_1_92' title="bbox 2188 4897 3779 4981">
     <span class='ocr_line' id='line_1_92' title="bbox 2188 4897 3779 4981; baseline 0.005 -25"><span class='ocrx_word' id='word_1_654' title='bbox 2188 4902 2275 4956; x_wconf 81' lang='grc' dir='ltr'>ἵνα</span> <span class='ocrx_word' id='word_1_655' title='bbox 2333 4903 2390 4957; x_wconf 91' lang='grc' dir='ltr'><strong>αί</strong></span> <span class='ocrx_word' id='word_1_656' title='bbox 2423 4902 2520 4973; x_wconf 79' lang='grc' dir='ltr'>μὲν</span> <span class='ocrx_word' id='word_1_657' title='bbox 2559 4900 2639 4967; x_wconf 79' lang='grc' dir='ltr'><strong>ἓξ,</strong></span> <span class='ocrx_word' id='word_1_658' title='bbox 2670 4903 2903 4974; x_wconf 83' lang='grc' dir='ltr'>δήλωσις</span> <span class='ocrx_word' id='word_1_659' title='bbox 2944 4897 3048 4959; x_wconf 80' lang='grc' dir='ltr'>ὦσι</span> <span class='ocrx_word' id='word_1_660' title='bbox 3097 4903 3207 4959; x_wconf 84' lang='grc' dir='ltr'><strong>τῶν</strong></span> <span class='ocrx_word' id='word_1_661' title='bbox 3242 4907 3595 4975; x_wconf 83' lang='grc' dir='ltr'>γεγονότων·</span> <span class='ocrx_word' id='word_1_662' title='bbox 3640 4911 3679 4981; x_wconf 74' lang='grc' dir='ltr'><strong>ἡ</strong></span> <span class='ocrx_word' id='word_1_663' title='bbox 3726 4909 3779 4963; x_wconf 70' lang='grc' dir='ltr'><strong>δὶ</strong></span> 
     </span>
    </p>
   </div>
   <div class='ocr_carea' id='block_1_93' title="bbox 2186 4994 3783 5071">
    <p class='ocr_par' dir='ltr' id='par_1_93' title="bbox 2186 4994 3783 5071">
     <span class='ocr_line' id='line_1_93' title="bbox 2186 4994 3783 5071; baseline 0.005 -24"><span class='ocrx_word' id='word_1_664' title='bbox 2186 4994 2412 5066; x_wconf 76' lang='grc' dir='ltr'>ἑϐδόμη,</span> <span class='ocrx_word' id='word_1_665' title='bbox 2434 4994 2615 5050; x_wconf 83' lang='grc' dir='ltr'>πάντα</span> <span class='ocrx_word' id='word_1_666' title='bbox 2632 4995 2914 5067; x_wconf 75' lang='grc' dir='ltr'>εἰληφέναι</span> <span class='ocrx_word' id='word_1_667' title='bbox 2940 4996 3115 5069; x_wconf 82' lang='grc' dir='ltr'>πέρας</span> <span class='ocrx_word' id='word_1_668' title='bbox 3139 4997 3234 5052; x_wconf 83' lang='grc' dir='ltr'>καὶ</span> <span class='ocrx_word' id='word_1_669' title='bbox 3262 4999 3434 5071; x_wconf 76' lang='grc' dir='ltr'>μηδὲν</span> <span class='ocrx_word' id='word_1_670' title='bbox 3456 5001 3659 5067; x_wconf 78' lang='grc' dir='ltr'>αὐτοῖς</span> <span class='ocrx_word' id='word_1_671' title='bbox 3678 5003 3783 5056; x_wconf 79' lang='grc' dir='ltr'>λεί-</span> 
     </span>
    </p>
   </div>
   <div class='ocr_carea' id='block_1_94' title="bbox 2188 5087 2444 5143">
    <p class='ocr_par' dir='ltr' id='par_1_94' title="bbox 2188 5087 2444 5143">
     <span class='ocr_line' id='line_1_94' title="bbox 2188 5087 2444 5143; baseline 0.008 -2"><span class='ocrx_word' id='word_1_672' title='bbox 2188 5105 2310 5142; x_wconf 86' lang='grc' dir='ltr'>πειν</span> <span class='ocrx_word' id='word_1_673' title='bbox 2343 5087 2444 5143; x_wconf 73' lang='grc' dir='ltr'>ἔτι.</span> 
     </span>
    </p>
   </div>
   <div class='ocr_carea' id='block_1_95' title="bbox 2256 5180 3786 5256">
    <p class='ocr_par' dir='ltr' id='par_1_95' title="bbox 2256 5180 3786 5256">
     <span class='ocr_line' id='line_1_95' title="bbox 2256 5180 3786 5256; baseline 0.005 -23"><span class='ocrx_word' id='word_1_674' title='bbox 2256 5180 2492 5252; x_wconf 77' lang='grc' dir='ltr'>Εὔδηλον</span> <span class='ocrx_word' id='word_1_675' title='bbox 2528 5181 2639 5253; x_wconf 86' lang='grc' dir='ltr'>γὰρ</span> <span class='ocrx_word' id='word_1_676' title='bbox 2674 5182 2751 5248; x_wconf 81' lang='grc' dir='ltr'><strong>ὡς</strong></span> <span class='ocrx_word' id='word_1_677' title='bbox 2799 5183 2954 5237; x_wconf 82' lang='grc' dir='ltr'>οὐδὲν</span> <span class='ocrx_word' id='word_1_678' title='bbox 3006 5182 3107 5237; x_wconf 83' lang='grc' dir='ltr'>οὐκ</span> <span class='ocrx_word' id='word_1_679' title='bbox 3152 5182 3233 5237; x_wconf 78' lang='grc' dir='ltr'>ἔτι</span> <span class='ocrx_word' id='word_1_680' title='bbox 3280 5184 3469 5239; x_wconf 79' lang='grc' dir='ltr'>καινὸν</span> <span class='ocrx_word' id='word_1_681' title='bbox 3504 5188 3665 5256; x_wconf 79' lang='grc' dir='ltr'>μετά</span> <span class='ocrx_word' id='word_1_682' title='bbox 3691 5187 3786 5256; x_wconf 74' lang='grc' dir='ltr'>τὴν</span> 
     </span>
    </p>
   </div>
   <div class='ocr_carea' id='block_1_96' title="bbox 2187 5273 3788 5348">
    <p class='ocr_par' dir='ltr' id='par_1_96' title="bbox 2187 5273 3788 5348">
     <span class='ocr_line' id='line_1_96' title="bbox 2187 5273 3788 5348; baseline 0.002 -23"><span class='ocrx_word' id='word_1_683' title='bbox 2187 5273 2353 5344; x_wconf 72' lang='grc' dir='ltr'>ἕκτην</span> <span class='ocrx_word' id='word_1_684' title='bbox 2400 5273 2638 5343; x_wconf 76' lang='grc' dir='ltr'>ἐγένετο,</span> <span class='ocrx_word' id='word_1_685' title='bbox 2681 5275 2981 5347; x_wconf 85' lang='grc' dir='ltr'>γινομένων</span> <span class='ocrx_word' id='word_1_686' title='bbox 3029 5276 3128 5348; x_wconf 79' lang='grc' dir='ltr'>μὲν</span> <span class='ocrx_word' id='word_1_687' title='bbox 3170 5276 3257 5330; x_wconf 80' lang='grc' dir='ltr'><strong>ἀεὶ</strong></span> <span class='ocrx_word' id='word_1_688' title='bbox 3290 5277 3387 5330; x_wconf 73' lang='grc' dir='ltr'><strong>καὶ</strong></span> <span class='ocrx_word' id='word_1_689' title='bbox 3429 5278 3655 5346; x_wconf 81' lang='grc' dir='ltr'>φυτῶν,</span> <span class='ocrx_word' id='word_1_690' title='bbox 3696 5280 3788 5332; x_wconf 76' lang='grc' dir='ltr'>καὶ</span> 
     </span>
    </p>
   </div>
   <div class='ocr_carea' id='block_1_97' title="bbox 2191 5363 3791 5442">
    <p class='ocr_par' dir='ltr' id='par_1_97' title="bbox 2191 5363 3791 5442">
     <span class='ocr_line' id='line_1_97' title="bbox 2191 5363 3791 5442; baseline 0.001 -23"><span class='ocrx_word' id='word_1_691' title='bbox 2191 5367 2540 5437; x_wconf 82' lang='grc' dir='ltr'>σπερμάτων,</span> <span class='ocrx_word' id='word_1_692' title='bbox 2578 5369 2672 5423; x_wconf 72' lang='grc' dir='ltr'>καὶ</span> <span class='ocrx_word' id='word_1_693' title='bbox 2695 5368 2851 5433; x_wconf 77' lang='grc' dir='ltr'>ζώων</span> <span class='ocrx_word' id='word_1_694' title='bbox 2871 5385 2885 5399; x_wconf 74' lang='grc' dir='ltr'>ο</span> <span class='ocrx_word' id='word_1_695' title='bbox 2916 5369 2977 5421; x_wconf 85' lang='grc' dir='ltr'><strong>ού</strong></span> <span class='ocrx_word' id='word_1_696' title='bbox 3005 5369 3207 5422; x_wconf 86' lang='grc' dir='ltr'>καινῶν</span> <span class='ocrx_word' id='word_1_697' title='bbox 3228 5368 3306 5431; x_wconf 80' lang='grc' dir='ltr'>δὲ,</span> <span class='ocrx_word' id='word_1_698' title='bbox 3333 5368 3451 5422; x_wconf 80' lang='grc' dir='ltr'>ἀλλ’</span> <span class='ocrx_word' id='word_1_699' title='bbox 3479 5363 3698 5442; x_wconf 71' lang='grc' dir='ltr'>οἷάπερ</span> <span class='ocrx_word' id='word_1_700' title='bbox 3722 5366 3791 5439; x_wconf 73' lang='grc' dir='ltr'>ἦν</span> 
     </span>
    </p>
   </div>
   <div class='ocr_carea' id='block_1_98' title="bbox 2189 5457 3793 5533">
    <p class='ocr_par' dir='ltr' id='par_1_98' title="bbox 2189 5457 3793 5533">
     <span class='ocr_line' id='line_1_98' title="bbox 2189 5457 3793 5533; baseline 0 -23"><span class='ocrx_word' id='word_1_701' title='bbox 2189 5457 2260 5511; x_wconf 84' lang='grc' dir='ltr'>τὰ</span> <span class='ocrx_word' id='word_1_702' title='bbox 2278 5458 2543 5532; x_wconf 88' lang='grc' dir='ltr'>πρότερον</span> <span class='ocrx_word' id='word_1_703' title='bbox 2563 5460 2849 5529; x_wconf 86' lang='grc' dir='ltr'>γεγονότα,</span> <span class='ocrx_word' id='word_1_704' title='bbox 2875 5462 2995 5514; x_wconf 79' lang='grc' dir='ltr'>κατ’</span> <span class='ocrx_word' id='word_1_705' title='bbox 3019 5462 3226 5513; x_wconf 75' lang='grc' dir='ltr'>ἐκεῖνον</span> <span class='ocrx_word' id='word_1_706' title='bbox 3251 5459 3342 5513; x_wconf 81' lang='grc' dir='ltr'>τὸν</span> <span class='ocrx_word' id='word_1_707' title='bbox 3366 5461 3514 5533; x_wconf 81' lang='grc' dir='ltr'>ὅρον,</span> <span class='ocrx_word' id='word_1_708' title='bbox 3554 5462 3663 5516; x_wconf 77' lang='grc' dir='ltr'><strong>καὶ</strong></span> <span class='ocrx_word' id='word_1_709' title='bbox 3696 5463 3793 5531; x_wconf 75' lang='grc' dir='ltr'>τὴν</span> 
     </span>
    </p>
   </div>
   <div class='ocr_carea' id='block_1_99' title="bbox 2189 5551 3797 5622">
    <p class='ocr_par' dir='ltr' id='par_1_99' title="bbox 2189 5551 3797 5622">
     <span class='ocr_line' id='line_1_99' title="bbox 2189 5551 3797 5622; baseline 0.005 -19"><span class='ocrx_word' id='word_1_710' title='bbox 2189 5551 2279 5603; x_wconf 74' lang='grc' dir='ltr'><strong>ἐπ’</strong></span> <span class='ocrx_word' id='word_1_711' title='bbox 2317 5551 2499 5616; x_wconf 81' lang='grc' dir='ltr'>αὐτοῖς</span> <span class='ocrx_word' id='word_1_712' title='bbox 2520 5552 2796 5622; x_wconf 78' lang='grc' dir='ltr'>ἀπόφασίν</span> <span class='ocrx_word' id='word_1_713' title='bbox 2824 5569 2886 5606; x_wconf 90' lang='grc' dir='ltr'><strong>τε</strong></span> <span class='ocrx_word' id='word_1_714' title='bbox 2918 5551 3015 5607; x_wconf 74' lang='grc' dir='ltr'>καὶ</span> <span class='ocrx_word' id='word_1_715' title='bbox 3050 5551 3301 5620; x_wconf 80' lang='grc' dir='ltr'>εὐλογίαν</span> <span class='ocrx_word' id='word_1_716' title='bbox 3321 5551 3415 5605; x_wconf 79' lang='grc' dir='ltr'><strong>τοῦ</strong></span> <span class='ocrx_word' id='word_1_717' title='bbox 3450 5552 3629 5622; x_wconf 78' lang='grc' dir='ltr'>Θεοῦ,</span> <span class='ocrx_word' id='word_1_718' title='bbox 3659 5556 3797 5610; x_wconf 68' lang='grc' dir='ltr'>πάν-</span> 
     </span>
    </p>
   </div>
   <div class='ocr_carea' id='block_1_100' title="bbox 2190 5642 3474 5723">
    <p class='ocr_par' dir='ltr' id='par_1_100' title="bbox 2190 5642 3474 5723">
     <span class='ocr_line' id='line_1_100' title="bbox 2190 5642 3474 5723; baseline 0.009 -27"><span class='ocrx_word' id='word_1_719' title='bbox 2190 5658 2299 5698; x_wconf 87' lang='grc' dir='ltr'><strong>των</strong></span> <span class='ocrx_word' id='word_1_720' title='bbox 2330 5642 2452 5698; x_wconf 82' lang='grc' dir='ltr'>καθ’</span> <span class='ocrx_word' id='word_1_721' title='bbox 2484 5642 2723 5717; x_wconf 76' lang='grc' dir='ltr'>ἑκάστην</span> <span class='ocrx_word' id='word_1_722' title='bbox 2752 5643 3098 5705; x_wconf 77' lang='grc' dir='ltr'>ἐπιδιδόντων</span> <span class='ocrx_word' id='word_1_723' title='bbox 3117 5647 3217 5722; x_wconf 76' lang='grc' dir='ltr'>τὴν</span> <span class='ocrx_word' id='word_1_724' title='bbox 3242 5649 3474 5723; x_wconf 72' lang='grc' dir='ltr'>ἡμέραν.</span> 
     </span>
    </p>
   </div>
  </div>
