3904 6520
156 396 232 452 637
1258 397 1681 455 FRAGMENTA
1734 395 1802 453 IN
1857 392 2173 451 GENESIN.
3248 391 3350 446 638

87 520 91 525 ⁷
207 507 328 579 Στίχο
359 505 419 570 ξ’·
446 536 514 549 --
532 508 657 571 Τοῖς
682 508 782 579 μὲν
800 510 909 580 γὰρ
931 510 1147 579 ἀλόγοις
1169 511 1279 565 ἀπὺ
1300 513 1401 584 τῆς
1425 514 1679 584 εἰσπνοῆς

1854 512 2023 565 Vnns.
2063 510 2117 563 7.
2148 539 2217 549 —
2248 508 2519 564 Animalia
2566 508 2785 581 quidem
2816 506 3037 564 ratione
3084 505 3354 562 destituta

155 601 229 657 τοῦ
251 599 369 654 κατὰ
407 597 497 652 τὸν
523 600 662 672 άέρα
690 602 999 673 πνεύματος
1037 605 1371 677 ὲψχῶσθαι,
1404 606 1559 677 ἐδόθη
1610 606 1671 660 τὸ

1789 605 1940 658 vitam
1982 602 2257 669 obtinent,
2286 603 2418 657 dum
2461 602 2592 658 ﬂatu
2632 601 2866 675 spiritus
2892 600 3217 655 animantur
3251 598 3348 669 qui

154 696 255 767 ζῇν·
290 690 356 762 τῷ
378 690 450 753 δὲ,
479 692 539 756 ἐξ
564 693 736 765 αὐτῆς
751 695 851 765 τῆς
883 696 1152 750 ἀθανάτου
1184 698 1278 750 καὶ
1306 698 1671 768 διαφερούσης

1789 712 1868 751 ter
1902 711 2069 763 aera;
2118 696 2281 750 homo
2314 703 2498 751 autem
2547 695 2722 765 ipsius
2750 690 3083 750 immortalis
3111 698 3166 748 et
3208 707 3352 762 prae-

155 788 321 849 οὐσίας.
365 783 740 852 Ἐνεφύσησε
766 786 874 857 γάρ
908 792 940 841 ὀ
972 790 1116 854 Θεὸς
1141 792 1228 855 εις
1256 789 1319 843 τὸ
1348 790 1676 858 πρόσωπον

1789 787 2128 843 ttantissima:
2154 798 2363 841 natura:
2394 787 2687 858 particeps.
2718 786 3008 857 Insumavit
3030 783 3178 841 enim
3208 782 3353 837 Dcus

152 876 306 932 αὐτοῦ
333 873 522 941 πνοὴν
556 873 728 945 ζωῆς,
771 880 871 932 καὶ
901 879 1139 948 ἐγένετο
1180 884 1212 935 ό
1247 880 1556 948 ἄνθρωπος
1589 885 1677 949 εἰς

1789 882 1830 934 in
1847 881 2037 950 faciem
2057 881 2171 951 ejus
2200 880 2526 951 spiraculum
2558 881 2699 945 uitta,
2729 889 2780 935 ct
2814 880 2991 949 factus
3009 888 3088 934 est
3111 879 3270 933 homo
3296 878 3353 931 in

154 969 316 1035 πνοὴν
343 966 545 1028 ζῶσαν.
588 971 700 1025 Καὶ
738 973 851 1035 τοῖς
903 973 1030 1043 μὲν,
1070 970 1341 1026 δουλεύειν
1383 972 1474 1026 καὶ
1514 972 1677 1045 ἄρχε·

1789 975 2013 1027 animum
2042 974 2316 1030 viventem.
2357 973 2479 1028 Alia
2526 972 2750 1044 quidem
2788 972 2999 1029 servire
3040 979 3096 1029 et
3126 970 3357 1028 obedire

155 1063 252 1116 σθαι
276 1062 589 1133 προσετάγη,
624 1064 703 1135 τῷ
733 1065 789 1118 δὲ
813 1066 1002 1137 ἄρχειν
1033 1066 1128 1119 καὶ
1158 1067 1462 1132 δεσπόζειν.

1789 1064 2063 1128 iubentur,
2095 1066 2237 1121 alius
2266 1080 2400 1120 vero
2426 1064 2701 1119 dominari
2726 1070 2781 1120 et
2804 1078 3061 1133 regnare.

209 1156 304 1208 Οὐκ
337 1149 449 1207 εἷπε
481 1154 558 1217 δὲ,
583 1156 666 1209 ὅτι
701 1156 916 1225 ἐγένετο
947 1160 980 1229 ἡ
1006 1156 1142 1230 σὰρξ
1166 1161 1245 1223 εἰς
1267 1159 1445 1231 ψυχὴν
1474 1160 1675 1227 ζῶσαν,

1844 1154 1965 1212 Νοη
1987 1157 2126 1212 dixit
2150 1167 2357 1223 autem,
2377 1155 2544 1212 Facta
2560 1163 2647 1213 est
2667 1170 2799 1213 caro
2823 1156 2881 1211 in
2899 1154 3143 1210 animam
3165 1153 3356 1208 viven-

151 1246 246 1300 ἀλλ’
275 1244 523 1313 Ἐγένετο
542 1248 576 1300 ὀ
596 1247 904 1316 ἄνθρωπος
924 1252 1013 1316 εἰς
1031 1249 1243 1320 Ψυχὴν
1264 1250 1477 1318 ζῶσαν,
1494 1256 1561 1325 τῇ
1582 1252 1675 1306 τοῦ

1789 1262 1923 1314 ιοῐη,
1983 1249 2102 1314 sed,
2132 1245 2333 1304 Factus
2378 1256 2457 1304 est
2502 1248 2657 1303 homo
2699 1248 2757 1304 in
2800 1247 3037 1301 animam
3078 1245 3355 1308 viventem,

151 1337 393 1410 ἀνθρώπου
418 1338 760 1410 χρησάμενος
791 1341 1076 1414 ὀνομασίᾳ,
1104 1344 1138 1415 ἢ
1169 1346 1319 1416 κοινή
1343 1345 1406 1414 γὲ
1435 1348 1552 1399 ἐστι
1581 1344 1675 1400 τοῦ

1789 1356 1977 1395 noraen
2045 1340 2289 1398 hominis
2346 1355 2666 1413 usurpans,
2714 1339 2937 1410 utrique
2991 1335 3146 1392 sexui
3200 1349 3356 1390 com-

151 1431 535 1503 συναμφοτέρου.
599 1432 709 1485 Καὶ
746 1434 949 1505 ταύτην
1001 1435 1100 1506 μὲν
1152 1436 1422 1508 εἰρηκὼς,
1457 1438 1523 1491 δι’
1555 1439 1678 1493 ὅλου

1789 1447 1965 1487 mune.
1998 1431 2142 1488 Sane
2168 1432 2273 1487 hac
2306 1434 2676 1504 appellatione
2702 1430 3034 1503 designabat
3058 1436 3357 1496 utrumque

146 1526 193 1578 τὸ
222 1522 603 1594 συναμφότερον
634 1523 845 1594 ἐδήλου.
874 1527 955 1598 Τῇ
986 1526 1247 1599 διαιρέσει
1275 1527 1332 1581 δὲ
1372 1529 1473 1599 τῆς
1522 1531 1682 1600 ποιή-

1789 1526 2077 1594 conjungi;
2123 1526 2483 1582 distinctione
2538 1534 2723 1581 autem
2783 1520 3089 1579 creationis
3124 1528 3358 1575 naturas

148 1633 261 1678 σεως
300 1614 570 1686 διακρίνας
620 1615 717 1680 τὰς
756 1616 976 1685 φύσεις,
1023 1620 1117 1672 καὶ
1164 1619 1243 1689 τῷ
1303 1621 1423 1691 μὲν,
1450 1623 1680 1678 ἔπλασε

1789 1617 2150 1683 discreverat,
2172 1619 2286 1683 illo,
2315 1629 2365 1674 et
2382 1618 2539 1689 ﬁnxit
2564 1617 2831 1688 pulverem
2858 1615 2924 1671 dc
2950 1624 3356 1679 terra,carnem

144 1708 271 1779 χοῦν
308 1706 419 1762 ἀπὸ
472 1706 583 1776 τῆς
641 1708 785 1779 γῆς,
830 1710 929 1781 τὴν
964 1710 1143 1784 σάρκα
1174 1711 1455 1784 δηλώσας·
1495 1713 1573 1785 τῷ
1601 1713 1678 1781 δὲ,

1789 1710 2051 1775 indicans,
2083 1712 2176 1765 illo
2214 1720 2417 1777 autem,
2439 1720 2489 1765 et
2518 1710 2806 1781 insufflauit
2840 1707 3178 1778 spiraculum
3212 1706 3356 1771 vitm,

140 1801 444 1868 ἐνεφύσησε
473 1800 672 1869 πνοὴν
700 1800 877 1871 ζωῆς,
908 1803 1008 1875 τὴν
1037 1804 1214 1876 ψυχὴν
1245 1806 1490 1878 ἐμφήνας
1511 1823 1525 1837 ·
1561 1801 1681 1861 εἶτα

1789 1800 2070 1858 declarans
2094 1804 2333 1858 animam
2357 1822 2372 1871 ;
2399 1802 2599 1859 deinde
2618 1810 2868 1874 utraque
2893 1800 3057 1857 simul
3079 1797 3233 1855 addit
3258 1798 3358 1859 εει

141 1888 255 1940 κατὰ
276 1886 440 1941 γοινοῦ
464 1887 627 1942 πάλιν
647 1890 918 1960 ἐπήγαγε,
938 1874 1302 1963 Καίὲγένετο
1322 1874 1681 1964 όᾶνθρωπος

1789 1892 1957 1960 lactus
1986 1906 2064 1950 est
2098 1894 2252 1949 homo
2282 1896 2339 1950 in
2371 1897 2607 1949 animam
2637 1895 2909 1949 viventem:

140 1982 211 2044 εἰς
234 1978 429 2047 ψυχὴν
453 1978 671 2039 ζῶσαν.

194 2071 323 2141 Sail.
352 2076 419 2137 η’.
443 2100 514 2111 -—
530 2072 689 2142 Ἐδὲμ
710 2072 769 2127 δὲ
790 2072 965 2129 ἔοικεν
981 2074 1266 2147 ὀνομάζειν
1294 2077 1385 2131 τὸν
1401 2078 1567 2132 τόπον
1587 2079 1680 2135 τὸν

137 2165 255 2217 κατὰ
275 2164 531 2227 ἀνατολὰς
554 2164 825 2235 κείμενον,
848 2169 906 2221 ἐν
931 2161 1085 2239 ᾧπερ
1107 2171 1136 2223 ό
1164 2171 1489 2241 παράδεισος
1506 2168 1596 2244 ἦν,
1616 2173 1678 2227 οὐ

136 2257 304 2327 μικρὸν
348 2274 400 2309 τι
430 2257 601 2329 μέρος
648 2260 747 2329 τῆς
780 2260 888 2332 γῆς
926 2262 1069 2316 οὕτω
1108 2263 1308 2318 καλῶν.
1351 2266 1541 2333 Μέγαν
1572 2266 1681 2338 γὰρ

132 2347 335 2403 δείκνυσι
356 2349 443 2401 τὸν
464 2350 814 2420 παράδεισον,
836 2354 949 2421 είγε
972 2356 1001 2407 ό
1023 2353 1210 2408 τοῦτον
1233 2356 1411 2426 άρδων
1438 2358 1681 2427 ποταμὸς

133 2442 249 2509 μετά
264 2442 356 2513 τὴν
371 2443 581 2496 ἐκείνου
601 2444 787 2514 χρείαν
804 2444 908 2511 ἔξω
922 2447 1239 2519 φερόμενος,
1251 2449 1524 2521 τέσσαρας
1537 2449 1679 2504 οὕτω

133 2534 388 2601 μεγίστους
412 2537 667 2591 ἀποτελεί
684 2538 981 2610 ποταμούς.
1003 2540 1112 2595 Καί
1130 2540 1259 2610 μετ’
1287 2542 1481 2611 ὀλίγα·
1516 2541 1678 2595 Ὥστε

127 2627 182 2693 τῇ
211 2625 291 2677 τοῦ
326 2625 484 2696 Ἐδὲμ
506 2629 853 2701 προσηγορίᾳ
881 2630 956 2701 μὴ
986 2628 1077 2684 τὸν
1118 2630 1446 2702 παράδεισον
1483 2632 1682 2703 ὀνομά-

129 2713 289 2775 ζεσθαι
312 2716 489 2785 μόνον,
520 2717 662 2773 ἀλλὰ
691 2720 787 2773 καί⁵
814 2717 1012 2784 ἔξωθεν
1030 2720 1092 2773 οὐ
1122 2720 1328 2793 βραχύν
1352 2738 1475 2777 τινα
1491 2722 1677 2790 τόπον,

126 2804 267 2874 μέρος
310 2806 409 2877 μὲν
439 2802 587 2862 εἷναι
625 2809 975 2882 νομιζόμενον
1002 2810 1100 2866 τοῦ
1137 2813 1300 2884 Ἐδὲμ
1342 2812 1678 2885 καλουμένου

124 2896 286 2965 τόπου,
325 2901 761 2971 προσεγγίζοντα
798 2902 879 2969 δὲ,
910 2903 987 2968 ὡς
1016 2903 1192 2971 εἰκὸς,
1221 2902 1302 2975 τῷ
1346 2903 1675 2975 παραδείσῳ.

126 2987 266 3043 ὐθεν
297 2993 426 3063 περὶ
462 2991 566 3047 τοῦ
595 2993 735 3048 Κάῖν
761 2995 905 3050 οὕτω
928 2996 1060 3067 φησί
1082 3012 1099 3029 °
1141 2996 1251 3052 Kal
1274 2994 1497 3062 ἐξῆλθε
1526 2996 1681 3052 Κάτν

122 3081 222 3135 ἀπὸ
254 3083 584 3153 προσώπου
614 3086 720 3142 τοῦ
748 3088 932 3154 Θεοῦ,
978 3087 1077 3142 καί
1124 3086 1476 3157 κατῴκησεν
1504 3088 1574 3143 ἐν
1598 3086 1680 3157 γῆ

1848 2076 2019 2134 Vens.
2052 2078 2107 2134 8.
2134 2109 2206 2120 —
2240 2077 2473 2133 Videtur
2520 2078 2744 2134 nomine
2778 2075 2948 2134 Edem
2981 2092 3090 2133 non
3127 2092 3355 2150 parvam

1778 2177 1941 2227 terrae
1973 2182 2184 2242 partem
2225 2172 2558 2242 appellasse,
2595 2171 2693 2226 sed
2726 2171 2875 2226 illam
2925 2186 3143 2227 omnem
3175 2170 3359 2242 regio-

1778 2278 1901 2318 nem
1926 2279 2049 2334 qua:
2072 2262 2137 2318 ad
2161 2264 2453 2329 orientem,
2479 2278 2589 2335 qua
2613 2263 2908 2336 paradisus
2929 2273 3071 2319 erat.
3096 2263 3356 2334 Magnum

1779 2356 1927 2412 enim
1954 2356 2129 2413 fuisse
2163 2358 2482 2428 paradisum
2507 2356 2757 2413 declarat
2784 2355 2922 2412 illud
2943 2356 3089 2427 quod
3129 2356 3358 2412 numine

1779 2448 2044 2520 irrigatus
2073 2448 2265 2514 fuerit,
2292 2448 2347 2503 in
2371 2456 2612 2519 quatuor
2640 2449 2884 2504 maximo
2907 2448 3134 2503 ﬂumine
3153 2447 3355 2510 diviso,

1778 2540 1924 2611 quod
1968 2541 2097 2597 dein
2135 2543 2202 2598 ad
2233 2543 2510 2598 exteriora
2539 2541 2843 2598 ferebatur.
2883 2541 2951 2596 Et
2968 2542 3130 2611 paulo
3177 2548 3296 2609 post
3325 2556 3347 2594 :

1775 2632 2006 2689 Nomine
2028 2633 2199 2690 Edem
2226 2632 2549 2705 designatur
2582 2648 2694 2689 non
2722 2632 3017 2704 paradisus
3039 2632 3226 2695 modo,
3258 2630 3357 2688 sed

1777 2727 1930 2799 regio
1973 2734 2203 2784 externa
2254 2726 2400 2781 haud
2443 2741 2648 2797 parva,
2703 2741 2827 2797 quae
2879 2740 3007 2796 pars
3058 2724 3359 2795 putabatur

1777 2834 1903 2877 esse
1944 2818 2152 2885 Edem,
2186 2819 2449 2889 paradiso
2494 2828 2680 2875 autem
2722 2818 3032 2890 adjacebat.
3080 2815 3240 2873 Unde
3286 2818 3359 2873 de

1780 2910 1917 2966 Cain
1947 2910 2088 2966 dixit
2124 2928 2137 2966 :
2173 2908 2435 2981 Egressus
2468 2920 2547 2965 est
2570 2921 2746 2965 autem
2770 2909 2905 2965 Cain
2935 2925 2968 2964 α
2987 2908 3125 2978 facie
3160 2906 3277 2969 Dei,
3306 2913 3359 2960 et

1778 3002 2043 3057 habitavit
2083 3002 2140 3058 in
2176 3011 2319 3057 terra
2344 3000 2483 3056 Ναξιί
2516 3012 2703 3056 contra
2737 3000 2902 3056 Edam
2940 2998 3095 3072 (Gen.
3128 3015 3204 3063 tv,
3240 2996 3356 3069 16).

1779 3091 1987 3148 Credas
2018 3092 2187 3164 igitur
2228 3108 2325 3148 eos
2360 3093 2517 3163 prius
2556 3094 2612 3147 in
2646 3091 2812 3148 Edem
2845 3091 3211 3154 hablavisse,
3262 3088 3358 3143 ubi

119 3174 263 3241 Νατὸ,
300 3178 625 3234 κατέναντι
672 3180 863 3252 Ἐδέμ.
930 3182 1019 3247 Ὦς
1047 3182 1114 3236 ἂν
1157 3183 1421 3257 πρότερον
1454 3184 1553 3256 μὲν
1577 3184 1677 3239 αὑ-

1789 3180 1923 3237 Deus
1941 3181 2080 3253 ipsis
2111 3190 2466 3255 apparuerat.
2489 3182 2724 3249 Quando
2740 3188 2925 3237 autem
2952 3190 3140 3251 postea
3167 3196 3199 3237 e
3219 3178 3362 3235 locis

120 3267 211 3320 τῶν
248 3272 303 3324 ὲν
338 3272 503 3343 Ἐδὲμ
529 3272 847 3337 οἰκούντων,
890 3273 1126 3346 ἔνθαπερ
1158 3274 1342 3340 αὐτοῖς
1368 3276 1464 3330 καί
1490 3277 1519 3330 ὁ
1546 3276 1677 3343 Θεὸς

1789 3273 1887 3330 illis
1925 3274 2245 3346 egreditur,
2303 3284 2527 3346 propter
2578 3274 2843 3329 malitiam
2884 3289 3042 3329 suam
3085 3270 3281 3343 procul
3324 3282 3360 3323 a

118 3361 435 3432 ἐπεφαίνετο.
482 3366 709 3439 Ἐπειδὴ
734 3367 791 3422 δὲ
823 3367 929 3433 ἔξω
952 3366 1060 3421 τῶν
1084 3368 1266 3422 τόπων
1291 3368 1506 3439 ἐγένετο
1532 3370 1679 3424 ἐκεί-

117 3470 224 3518 νων,
252 3457 591 3529 ἀπορριφεὶς
618 3458 713 3513 τοῦ
739 3459 876 3514 Θεοῦ
900 3460 991 3515 διὰ
1028 3460 1131 3531 τὴν
1160 3460 1368 3516 οἰκείαν
1395 3478 1679 3533 κακοπρα-

116 3546 234 3617 γίαν,
262 3550 320 3603 ὲν
348 3552 535 3624 ἑτέρῳ
589 3553 740 3625 τόπῳ
786 3553 972 3610 λοιπὸν
1022 3555 1182 3619 οἰκεῖ,
1226 3552 1681 3627 ὲπονομαζομένῳ

114 3638 246 3706 Ναῖδ,
274 3644 332 3707 do;
358 3646 603 3719 ἀντικρὺ
631 3645 727 3704 τοῦ
773 3646 935 3719 Ἐδὲμ
984 3647 1197 3719 ὑπῆρχε
1228 3647 1416 3712 τόπου,
1467 3649 1526 3701 ὲν
1548 3643 1595 3714 ᾧ
1616 3646 1680 3701 τὸ

114 3734 352 3808 πρότερον
397 3737 611 3808 ᾤκουν.
659 3738 817 3793 Οὕτω
857 3740 967 3810 γὰρ
995 3738 1090 3793 καὶ
1131 3739 1225 3793 τὸν
1271 3738 1443 3809 ’Δδὰμ
1481 3739 1679 3810 ἐκϐλη-

111 3822 249 3878 θέντα
268 3828 362 3882 τοῦ
384 3829 755 3903 παραδείσου,
782 3829 1119 3901 κατῳκίσθαι
1142 3829 1246 3900 ἔφη
1273 3828 1562 3884 κατέναντι
1582 3829 1677 3883 τοῦ

110 3918 437 3986 παραδείσου.
490 3921 698 3976 Τοίνυν
739 3919 799 3987 ἐξ
828 3922 1045 3992 ἁπάσης
1071 3922 1171 3992 τῆς
1214 3920 1320 3991 γῆς
1346 3921 1534 3992 ὥσπερ
1557 3919 1680 3974 τινὰ

106 4004 270 4077 ἔξοχον
295 4010 468 4065 τόπον
494 4011 650 4066 κατά
678 4011 944 4076 ἀνατολὰς
971 4011 1350 4082 ἐκλεξάμενος,
1381 4011 1543 4081 Ἐδὲμ
1565 4011 1684 4064 dvo-

1775 3365 1889 3423 Deo
1921 3367 2165 3438 reiectus
2190 3408 2207 3435 ,
2249 3367 2511 3438 deinceps
2553 3366 2724 3421 alium
2759 3366 2941 3422 locum
2971 3365 3193 3431 incolit,
3227 3362 3363 3419 ch

1774 3465 2059 3528 vocatum,
2092 3458 2189 3531 qui
2220 3468 2419 3514 contra
2447 3458 2618 3515 Edem
2662 3458 2905 3530 priorem
2934 3456 3113 3529 ipsius
3147 3456 3358 3514 sedem.

1777 3550 1961 3608 Simili
2008 3552 2227 3607 ratione
2272 3551 2481 3607 dicitur
2518 3550 2694 3606 Adam
2743 3565 2776 3607 e
2826 3550 3088 3621 paradiso
3121 3550 3359 3619 ejectus,

1780 3652 1973 3701 contra
2009 3643 2327 3715 paradisum
2365 3644 2653 3700 collocari.
2685 3643 2769 3700 Ex
2813 3644 2967 3700 omni
2999 3644 3170 3715 igitur
3209 3653 3361 3700 terra

1780 3734 1946 3807 elegit
1981 3735 2127 3792 Deus
2160 3733 2229 3789 ad
2272 3734 2546 3792 orientem
2576 3736 2899 3791 continuam
2930 3734 3229 3807 quamdam
3269 3751 3360 3791 re-

1782 3828 2021 3900 gionem,
2062 3843 2173 3899 qua
2218 3828 2537 3900 paradisum
2590 3828 2929 3885 institueret.
2973 3827 3148 3895 Quam
3190 3828 3360 3883 etiam

1782 3920 1995 3977 homini
2030 3928 2217 3977 creato
2259 3918 2606 3976 incolendam
2661 3920 2926 3989 tradidit,
2976 3920 3157 3994 ipsum
3195 3936 3364 3977 rene—

1790 4022 1910 4069 ratu
1920 4027 2032 4067 rus.

106 4099 412 4173 μαζόμενον,
449 4107 513 4161 ὲν
547 4104 706 4176 αὐτῷ
734 4105 800 4179 δὴ
829 4105 921 4159 τὸν
965 4106 1292 4179 παράδεισον
1322 4104 1741 4162 κατεσκεύασεν.
1787 4106 1876 4160 Ἐν
1898 4098 1944 4174 ᾧ
1975 4104 2040 4178 δὴ
2075 4105 2304 4178 τιμῆσαι
2335 4104 2618 4178 βουληθεὶς
2654 4104 2917 4177 γεγονότα
2945 4108 3042 4162 τὸν
3073 4106 3365 4179 ἄνθρωπον

102 4194 271 4260 ἔταξεν
300 4200 500 4254 οἰκεῖν.

162 4293 303 4364 Στίχ.
333 4296 421 4351 ιθ’.
473 4325 556 4338 -
602 4294 719 4367 Οὐχ
745 4295 828 4350 ὅτι
858 4294 993 4351 ἄλλα
1022 4294 1137 4361 ζῶα
1167 4294 1306 4366 μετὰ
1330 4293 1557 4349 τοιαῦτα
1584 4310 1685 4346 πεο

101 4385 308 4455 ποίηκεν
354 4388 424 4440 ὲκ
467 4387 583 4459 τῆς
630 4387 757 4459 γῆς,
794 4387 931 4442 ἀλλὰ
960 4387 1224 4458 περὶτῶν
1256 4387 1356 4457 ἤδη
1385 4385 1685 4455 γεγονότων

103 4476 225 4529 κατὰ
268 4479 648 4553 ὲπανάληψιν,
699 4480 789 4535 διὰ
816 4480 877 4533 τὸ
908 4481 1268 4551 προκείμενον
1297 4479 1465 4548 λέγει.
1503 4479 1576 4531 Τὸ
1600 4478 1678 4545 δὲ,

98 4568 257 4633 ἓτι,ἔκ
274 4588 423 4636 τινος
444 4574 753 4643 ἰδιώματος
767 4573 865 4644 τῆς
880 4571 1158 4642 Ἐὕρατδος
1172 4570 1493 4643 προστίθησι
1506 4568 1681 4639 γλώσ-

100 4675 203 4729 σης.
240 4662 399 4718 Οὕτω
427 4667 532 4720 καὶ
567 4665 655 4732 τὸ,
696 4664 1105 4731 Ἐξανέτειλεν
1133 4664 1220 4720 ἔτι
1248 4667 1282 4720 ό
1320 4665 1464 4731 Θεὸς
1484 4664 1552 4718 ἐκ
1573 4662 1683 4733 τῆς

95 4750 213 4819 γῆς.
1058 4754 1061 4755 ⁷

709 4891 963 4948 ΚΕΦΔΛ.
1002 4893 1079 4949 I".

150 5025 294 5100 Στίχ.
330 5027 401 5093 ζ’.
438 5060 519 5070 -
566 5029 842 5102 Ἀνοήτως
876 5031 1021 5095 τινὲς
1053 5030 1262 5100 ἔφασαν
1295 5028 1686 5100 πεπληρῶσθαι

93 5115 139 5167 τὸ
185 5121 335 5191 παρὰ
382 5123 489 5177 τοῦ
551 5123 811 5177 διαϐόλου
862 5122 1002 5196 πρὸς
1043 5124 1143 5194 τὴν
1182 5124 1414 5192 γυναῖκα
1477 5120 1643 5191 ῥηθέν
1667 5136 1685 5152 ’

89 5208 261 5285 ἐπειδὴ
308 5215 338 5267 ὁ
375 5216 485 5286 μὲν
517 5216 661 5286 ἔφη,
704 5216 1235 5286 Διανοιχθήσονται
1272 5212 1441 5284 ὑμῶν
1480 5216 1536 5267 ol
1583 5213 1689 5281 ὀφ-

86 5302 282 5372 θαλμοὶ
301 5346 317 5368 ,
360 5308 471 5360 καὶ
509 5306 748 5362 ἔσεσθε
788 5307 869 5372 ὠς
896 5307 1040 5371 θεοὶ,
1078 5305 1473 5376 γινώσκοντες
1500 5302 1690 5357 καλὸν

86 5393 169 5445 καὶ
202 5400 490 5466 πονηρόν
521 5413 538 5428 ⁸
600 5398 636 5450 ὁ
678 5399 962 5470 προφήτης
984 5399 1040 5451 δὲ
1071 5397 1187 5467 ἃμα
1213 5395 1290 5467 τῷ
1316 5398 1528 5465 φαγεῖν,
1559 5394 1687 5464 ἔφη.

84 5484 151 5538 ἔτι
202 5490 691 5561 Διηνοίχθησαν
735 5493 789 5545 οὶ
838 5490 1133 5560 ὀφθαλμοὶ
1184 5488 1304 5543 τῶν
1359 5488 1521 5553 δύω,
1589 5486 1690 5541 καί

84 5578 348 5643 ἔγνωσαν
380 5583 482 5636 ὅτι
513 5583 750 5653 γυμνοί
772 5584 893 5637 εισι
914 5599 930 5613 ·
984 5582 1101 5640 δέον
1135 5582 1364 5635 συνιδεῖν
1383 5619 1399 5645 ,
1442 5581 1524 5634 ὅτι
1554 5580 1688 5634 πολὺ

88 5667 176 5721 τῶν
202 5675 537 5747 εἰρημένων
573 5674 647 5729 τὸ
692 5675 968 5747 διάφορον.
1027 5675 1086 5729 '0
1141 5675 1239 5745 μὲν
1284 5673 1393 5745 γὰρ
1422 5673 1685 5737 διάὸολοςν

85 5762 173 5829 τὴν
198 5764 471 5833 διάνοιξιν
508 5768 638 5821 τῶν
666 5767 956 5839 ὀφθαλμῶν
980 5766 1123 5821 οὕτω
1151 5766 1337 5839 φησὶν,
1366 5765 1441 5829 ὡς
1473 5764 1541 5818 ἂν
1568 5763 1690 5817 κατ’

82 5851 280 5913 ἔννοιαν
330 5855 637 5927 ὀξυτέρων
685 5858 976 5929 ἐσομένων,
1036 5858 1126 5912 καὶ
1167 5856 1478 5928 δυναμένων
1536 5855 1691 5927 δίκην

1861 4288 2029 4345 Vens.
2050 4288 2138 4344 l9.
2168 4318 2237 4331 -—-
2260 4286 2380 4343 Non
2407 4290 2567 4359 quasi
2605 4288 2710 4343 alia
2736 4289 2993 4346 animalia
3024 4290 3267 4362 posthaec
3293 4291 3364 4346 de

1790 4392 1935 4438 terra
1988 4382 2275 4446 ﬂuxisset,
2331 4380 2428 4436 sed
2474 4380 2770 4436 occasione
2809 4380 2974 4449 data,
3032 4383 3125 4437 illa
3164 4396 3366 4438 rursus

1789 4482 2057 4531 memorat
2087 4489 2209 4544 qua:
2248 4480 2410 4527 antea
2450 4469 2596 4525 facta
2627 4470 2865 4527 fuerant.
2907 4473 3019 4528 Vox
3048 4482 3231 4528 autem
3264 4472 3365 4525 ad-

1784 4569 1888 4622 huc
1913 4566 2192 4622 chraicaz
2251 4564 2450 4636 lingua:
2476 4562 2808 4634 proprietas.
2850 4562 2922 4619 Ut
2958 4566 3125 4621 etiam
3173 4563 3307 4621 illud
3333 4582 3352 4618 :

1789 4658 1859 4713 Et
1889 4657 2140 4729 produxit
2173 4654 2345 4711 adhuc
2376 4653 2518 4709 Deus
2544 4652 2609 4709 de
2635 4664 2796 4709 terra.

2423 4885 2581 4944 CAP.
2622 4884 2716 4941 ΙΙΙ.

1859 5025 2030 5082 Vsus.
2052 5024 2106 5078 'l.
2129 5051 2202 5065 -—
2226 5022 2417 5093 Inepte
2447 5018 2783 5093 quibusdam
2810 5017 2991 5073 visum
3017 5023 3104 5071 est
3133 5012 3364 5084 impleta

1789 5119 1966 5175 luisse
1990 5132 2114 5188 qua:
2135 5116 2393 5172 diabolus
2429 5115 2497 5169 ad
2533 5114 2818 5168 mulierem
2857 5110 3103 5175 dixerat,
3154 5106 3308 5161 hisce
3334 5123 3354 5159 :

1786 5212 2102 5282 Aperientur
2135 5209 2275 5264 oculi
2316 5207 2474 5263 uestri
2500 5246 2516 5272 ,
2562 5214 2613 5260 ct
2650 5203 2798 5260 eritis
2833 5204 2973 5257 sicut
2999 5201 3111 5263 dii,
3138 5200 3365 5254 scientes

1789 5307 1983 5361 bonum
2032 5314 2081 5359 et
2120 5304 2343 5357 malum.
2387 5299 2706 5356 Docuerunt
2743 5296 2874 5363 hoc,
2910 5293 3039 5364 quia
3071 5290 3363 5363 propheta,

1790 5406 2011 5471 gustato
2043 5396 2191 5463 cibo,
2223 5394 2481 5467 protinus
2518 5390 2672 5447 addit
2700 5407 2714 5444 :
2752 5386 2822 5441 Et
2854 5384 3027 5455 aperti
3061 5390 3186 5437 sunt
3224 5379 3367 5435 oculi

1789 5487 2090 5552 amborum,
2120 5496 2171 5541 et
2195 5490 2520 5557 agnoverunt
2549 5481 2677 5553 quia
2704 5476 2833 5532 nudi
2859 5482 3035 5530 erant.
3065 5472 3135 5528 At
3163 5480 3365 5527 notan-

1790 5583 1921 5637 dum
1948 5591 2033 5637 est
2068 5580 2186 5635 haec
2226 5575 2521 5647 multiplici
2561 5573 2782 5629 ratione
2823 5570 2970 5626 inter
3017 5580 3080 5622 se
3117 5563 3363 5619 diﬂ'erre.

1791 5674 1931 5729 Nam
1983 5671 2242 5727 diabolus
2278 5668 2475 5724 oculos
2513 5680 2580 5721 eo
2618 5678 2787 5720 sensu
2822 5657 3158 5732 aperiendas
3202 5655 3361 5721 dicit,

1792 5765 1953 5837 quasi
1998 5764 2137 5835 ipsis
2178 5778 2335 5817 mens
2378 5760 2562 5815 acrior
2589 5756 2776 5811 futura
2813 5760 2999 5819 esset,
3036 5758 3091 5806 et
3122 5747 3363 5805 facultas

1795 5857 1862 5913 ad
1885 5856 2166 5926 exemplar
2198 5853 2289 5911 Dei
2315 5852 2501 5908 animo
2533 5847 2781 5904 intuendi
2817 5853 2872 5904 et
2912 5844 3119 5901 bonum
3148 5855 3180 5896 a
3207 5838 3355 5896 malo
