3904 6526
160 338 240 397 6H
1297 356 1719 419 FRAGMENTA
1762 367 1822 419 IN
1848 367 2164 423 GENESIN.

3263 377 3370 433 θ·ιῖ

95 467 101 478 .
155 458 348 530 ἀσφαλεῖ
392 456 768 527 τεθαρρηκὸσι.
827 463 1051 533 Πρῶτον
1101 464 1193 522 οὖν
1237 471 1474 526 δείκνυσι
1519 477 1585 546 τῇ
1635 493 1673 528 τι

1799 481 2121 551 impendens
2163 499 2310 538 mors
2355 485 2422 538 ad
2463 486 2868 543 observandum
2908 491 3222 546 mandatum
3250 508 3368 546 mo~

153 553 267 604 δόσει
291 547 378 617 τῆς
420 550 656 620 ἐντολῆς.
703 555 796 606 καὶ
824 555 912 608 διὰ
954 557 1054 626 τῆς
1088 564 1372 632 παρακοῆς
1416 565 1523 617 τῶν
1557 569 1683 637 περὶ

132 627 226 751 iter
264 641 433 708 Ἀδὰμ.
461 642 541 694 ὅτι
579 646 844 716 συμφέρει
871 651 903 718 ἡ
940 627 1201 722 θνητότης
1225 671 1236 683 ⁸
1283 627 1376 707 καὶ
1403 657 1522 710 τότε
1548 627 1681 711 ταύ-

131 733 230 812 ίτην
255 733 465 796 δίδωσιν,
516 733 652 802 ὁμοῦ
687 739 777 789 καὶ
816 739 1017 792 πείθων
1049 743 1387 814 ἀνθρώπους,
1441 751 1534 802 καὶ
1575 751 1680 803 τῶν

127 813 494 900 συμφερόντων
526 828 624 878 οὐκ
654 830 1040 902 ἀφιστάμενος.
1078 836 1198 889 ’Ότι
1230 839 1337 910 γὰρ
1380 841 1457 910 τῷ
1502 843 1678 914 θνητῷ

152 917 232 984 βίῳ
255 917 331 967 τὸν
360 916 636 986 ἄνθρωπον
678 924 1025 992 ηὐτρέπιζεν,
1071 929 1200 981 αὐτὸ
1249 931 1310 984 τὸ
1357 935 1537 1004 σχῆμα
1583 937 1680 990 τοῦ

151 1008 341 1076 ἇρῥενος
363 1007 450 1058 καὶ
476 1009 567 1061 τοῦ
603 1012 787 1081 θήλεος
822 1015 1109 1083 δείκνυσιν,
1145 1020 1200 1072 ἐν
1228 1024 1292 1092 τῇ
1323 1023 1546 1094 δυνάμει
1580 1027 1677 1098 τὴν

147 1100 444 1152 παιὼποιίαν
473 1101 631 1166 εὐθὺς
662 1107 751 1158 καὶ
781 1109 842 1160 ἐκ
872 1110 1091 1181 πρώτης
1120 1113 1481 1185 δεικνύμενον.
1515 1120 1675 1175 Ὥστε

147 1195 171 1261 ἡ
200 1193 282 1261 μὲν
319 1192 508 1254 πλάσις
573 1198 875 1269 ἡτοιμάσθη
910 1202 985 1272 τῷ
1017 1205 1193 1274 Θνητῷ
1240 1207 1339 1277 βίῳ
1362 1226 1377 1240 ο
1425 1212 1456 1280 ἡ
1492 1212 1548 1264 δὲ
1577 1215 1676 1284 τῆς

141 1285 330 1353 ἐντολῆς
361 1285 520 1347 δόσις,
563 1291 655 1342 καὶ
682 1292 741 1343 τὸ
774 1295 1115 1361 αὐτεξούσιον
1147 1301 1550 1372 προεγύμνοισε,
1587 1306 1678 1358 καὶ

140 1377 278 1428 ἔδωκε
304 1379 364 1447 τῇ
401 1380 592 1452 γνώμη
636 1385 742 1437 τῶν
774 1385 1110 1457 αὐθαιρέτων
1142 1392 1365 1458 ἀγώνων
1410 1395 1504 1465 τὴν
1543 1399 1678 1469 πρύ-

137 1489 291 1536 φασιν,
326 1473 412 1525 καὶ
442 1474 501 1526 τὸ
523 1481 621 1546 τῆς
656 1479 976 1551 θνητότητος
1010 1485 1284 1557 συμφέρον
1317 1487 1536 1552 ἔδειξεν.

1788 590 1915 629 vere
1947 577 2160 640 valuit,
2207 577 2370 632 iidem
2408 580 2838 638 immortalitatis
2885 601 3112 640 munere
3149 587 3366 640 contir—

1790 668 1958 730 mati,
2006 670 2256 725 securius
2303 671 2405 724 sibi
2447 681 2706 726 aeternam
2750 676 2965 748 ruinam
3002 679 3362 750 peperissent.

1786 756 2029 812 Primum
2072 762 2243 832 igitur
2277 765 2518 819 ostendit
2572 767 2716 823 Deus
2770 769 2904 840 legis
2939 773 3364 833 constitutione,

1787 861 1840 904 et
1868 866 1964 920 per
1994 853 2135 908 hanc
2179 856 2369 910 Adami
2417 859 2877 926 inobedientiam,
2914 865 3074 919 nobis
3104 866 3366 934 prodesse

1787 945 2208 1014 mortalitatem;
2267 959 2329 1003 ac
2369 950 2574 1005 deinde
2640 957 2900 1009 mortales
2952 971 3052 1011 nos
3107 957 3362 1016 instituit,

1789 1035 1952 1088 simul
1991 1039 2512 1106 reprehensionibus
2539 1046 2747 1100 nostris
2779 1062 3102 1111 occurrens,
3133 1057 3184 1101 et
3214 1063 3366 1101 com-

1782 1128 1961 1182 modis
1990 1132 2196 1185 nostris
2235 1134 2562 1191 inserviens.
2594 1137 2750 1202 Quod
2780 1140 2925 1193 enim
2963 1142 3229 1195 mortales
3263 1156 3363 1195 nos

1781 1218 1992 1275 efficere
2031 1223 2365 1290 decreverit,
2415 1229 2609 1296 probat
2655 1231 2772 1299 ipsa
2824 1233 2992 1288 maris
3038 1242 3093 1288 ct
3151 1233 3364 1286 femina:

1784 1310 2105 1379 distinctio,
2152 1334 2259 1386 qua
2324 1320 2558 1375 facultas
2625 1323 2827 1378 liberos
2886 1325 3109 1378 creandi
3157 1325 3243 1380 vel
3293 1325 3363 1377 ab

1784 1403 1942 1459 initio
1992 1407 2139 1462 data.
2179 1409 2260 1462 Ad
2295 1416 2582 1466 mortalem
2632 1416 2800 1484 igitur
2857 1418 3024 1470 vitam
3069 1418 3362 1472 constituti

1787 1494 2001 1550 fuerant
2029 1499 2314 1568 homines;
2346 1505 2586 1559 mandati
2619 1516 2802 1560 autem
2830 1507 2910 1561 lex
2937 1517 2989 1560 et
3020 1510 3229 1563 liberos
3263 1521 3361 1560 nos

145 1569 404 1634 constituit,
438 1581 492 1627 et
547 1579 866 1634 exercendae
933 1573 1233 1641 voluntatis
1292 1587 1642 1643 occasionem
1701 1593 1976 1659 praebuit,
2013 1605 2068 1652 et
2119 1598 2420 1653 declaravit
2496 1611 2764 1672 quantum
2835 1605 2994 1659 nobis
3066 1603 3359 1678 prodesset

133 1663 432 1717 mortalitas.

191 1759 320 1828 Στίχ.
354 1760 457 1828 κβ¹.
492 1793 562 1802 —-
603 1764 873 1835 Ἐζητεῖτε
901 1772 958 1824 τί
987 1775 1104 1825 ἐστι
1123 1775 1378 1842 χιτῶνας
1398 1775 1674 1846 δερματί-

1858 1778 2020 1835 Vens.
2059 1780 2149 1834 2‘2.
2183 1812 2250 1823 —-
2291 1782 2546 1856 Rogast‘is
2590 1788 2719 1857 quid
2763 1787 2868 1842 sibi
2923 1789 3090 1841 velint
3130 1789 3234 1843 ilhc
3276 1800 3362 1843 tu-

130 1869 272 1916 νους.
321 1853 458 1906 Ἀλλ’
490 1858 536 1908 εἰ
566 1859 664 1926 μὲν
692 1861 843 1924 ζώων
878 1868 1214 1935 σφαγέντων,
1247 1869 1306 1934 ἐξ
1351 1873 1530 1925 αὐτῶν
1555 1873 1673 1940 ἐ.γέ-

1786 1871 1922 1926 nica:
1951 1873 2210 1942 pellicere.
2259 1877 2414 1941 Quod
2461 1879 2504 1932 si
2553 1895 2617 1933 ex
2667 1880 2964 1933 immolatis
3024 1881 3357 1937 animalibus

128 1961 256 1996 νοντο
285 1946 346 1998 τὰ
368 1948 653 2018 ἐνδύματα,
683 1955 901 2027 εὔδηλον
928 1962 1008 2013 ὅτι
1044 1963 1265 2016 ἐπέλιπε
1294 1967 1354 2018 τὸ
1383 1969 1539 2034 γένος
1567 1967 1676 2022 τῶν

129 2039 436 2105 σφαγέντων.
481 2046 636 2114 "Apr:
685 2051 781 2118 μὲν
822 2052 914 2105 τοῦ
958 2054 1090 2108 Θεοῦ
1116 2057 1284 2128 ἄρρεν
1313 2077 1370 2111 τε
1402 2063 1494 2115 καὶ
1544 2062 1673 2132 θῆλυ

127 2135 477 2203 πεποιηκότος,
519 2139 668 2192 οὔπω
697 2144 751 2195 δὲ
785 2147 995 2211 οὐδενὸς
1023 2153 1382 2221 τεταγμένου,
1432 2155 1568 2224 πρὸς
1587 2155 1676 2225 τῷ

124 2226 316 2278 κάκεῖνο
352 2231 422 2301 μὴ
459 2232 767 2304 ἐνδέχεσθαι
796 2240 1051 2309 νομίζειν,
1092 2245 1174 2296 ὃτι
1205 2246 1317 2309 ζῶα
1348 2248 1676 2315 σφάττεσθαι.

124 2320 382 2374 ἐκέλευσεν
425 2325 452 2375 δ
501 2325 650 2389 Θεὸς,
699 2329 786 2381 ὅτε
838 2334 1001 2402 μήπω
1050 2340 1354 2406 κρεοφαγίαι
1394 2337 1461 2411 ἦν
1493 2345 1675 2396 ἐπιτε-

122 2413 382 2484 τραμμένη
416 2418 531 2478 τοῖς
563 2418 872 2491 ἀνθρώποις
900 2439 911 2452 ⁸
959 2430 1083 2491 τοὺς
1119 2431 1192 2500 μὴ
1227 2431 1385 2494 ὄντας
1419 2433 1475 2486 δὲ
1513 2436 1678 2505 χιτῶα

121 2522 201 2566 νας
242 2506 314 2558 ἔτι
349 2508 512 2561 πλέον
552 2513 798 2583 ἀπρεπὲς
844 2519 1103 2587 νομίζειν,
1155 2524 1235 2576 ὅτι
1282 2527 1600 2596 παρήγαγεν
1647 2530 1674 2580 ὁ

118 2596 248 2660 Θεὸς,
290 2601 347 2664 ὃς
373 2605 438 2673 τῇ
488 2601 579 2657 to?)
608 2607 893 2679 ἀνθρώπου
930 2616 1145 2684 ποιήσει
1176 2617 1268 2668 τοῦ
1312 2622 1483 2670 ποιεῖν
1514 2639 1565 2672 τι
1600 2621 1673 2692 μὴ

116 2688 165 2738 ὃν
191 2691 565 2758 ἀπεπαύσατο,
591 2698 665 2762 ὡς
690 2701 747 2752 ἐν
769 2702 939 2773 τούτῳ
963 2705 1056 2758 τοῦ
1085 2708 1288 2776 κόσμου
1317 2709 1516 2773 παντὸς
1545 2729 1677 2780 συμ-

119 2784 335 2850 περάνας
363 2786 461 2856 τὴν
499 2791 739 2858 ποίησιν.
770 2793 1004 2864 Εὔδηλον
1033 2793 1145 2858 οὖν,
1177 2800 1252 2861 ὡς
1283 2802 1390 2853 οὐδ’
1420 2803 1483 2856 ἂν
1515 2804 1675 2873 χιτῶ-

118 2891 197 2936 νας
221 2875 578 2946 δερματίνους
618 2884 677 2936 ἐκ
706 2885 796 2938 τοῦ
833 2889 906 2958 μὴ
936 2889 1084 2953 ὄντος
1125 2894 1462 2963 παρήγαγεν.
1515 2896 1674 2949 Ἀλλὰ

117 2966 207 3036 γὰρ
247 2970 542 3042 ἠγνίησαν,
567 2975 640 3040 ὡς
680 2977 872 3042 ἔοικεν,
901 2984 950 3032 οἱ
978 2985 1102 3052 περὶ
1133 2985 1334 3039 τούτων
1364 2990 1670 3057 ζητοῦντες,

112 3059 182 3109 ὅτι
222 3060 461 3132 δέρματα
503 3067 565 3119 οὑ
604 3068 762 3137 μόνον
792 3073 858 3125 τὰ
889 3075 950 3126 ἐκ
978 3076 1086 3128 τῶν
1118 3078 1270 3141 ζώων
1299 3081 1674 3152 ἀφαιρούμενα

112 3150 325 3218 ὶέγεται,
359 3158 499 3212 ἀλλά
532 3163 628 3214 καὶ
661 3164 728 3215 τὰ
758 3167 820 3218 ἐκ
848 3167 954 3218 τῶν
987 3169 1238 3240 δένδρων.
1272 3173 1306 3226 ἃ
1337 3176 1429 3227 καὶ
1458 3177 1674 3243 φλοιοὺς
1702 3219 1742 3275 C

112 3247 372 3275 ἒηιν..ηιν-...
417 3250 543 3275 ιο--
592 3257 696 3275 --9-
759 3274 764 3275 ,
820 3257 868 3275 \\
910 3261 932 3275 υ
1046 3261 1100 3275 on
1188 3263 1236 3275 ιι.
1279 3263 1301 3275 ιι
1531 3267 1542 3275 .

109 3247 372 3314 ὀνομάζειν
415 3250 543 3315 ἔθος
588 3257 698 3318 τοῖς
747 3257 981 3321 πολλοῖς.
1046 3261 1138 3313 Ἐκ
1182 3263 1412 3332 δένδρων
1460 3267 1670 3332 τοίνυν,

109 3340 427 3409 ἐπιτηδείους
496 3364 616 3409 πως
685 3349 899 3415 φλοιοὺς
945 3353 1175 3420 ἐχόντων
1234 3356 1312 3416 εἰς
1362 3356 1673 3425 ἐνδυμάτων

108 3438 432 3506 κατασκευὴν
465 3441 516 3491 οἱ
566 3441 693 3510 περὶ
733 3443 822 3496 τὸν
871 3445 1040 3514 Ἀδὰμ
1079 3442 1231 3518 ἧκον,
1266 3449 1358 3501 τοῦ
1389 3449 1522 3501 Θεοῦ
1553 3455 1672 3503 κατ’

106 3525 293 3580 ἔννοιαν
337 3531 530 3594 αὐτοῖς
567 3533 918 3603 ὑποθεμένου,
960 3538 1076 3600 πῶς
1109 3539 1210 3608 χρὴ
1244 3541 1399 3593 τοῦτο
1428 3543 1668 3611 ποιῆσαι.

163 3620 302 3690 Στίχ.
331 3622 432 3676 κδ’.
470 3654 542 3663 -——
575 3627 685 3678 Οὐκ
718 3628 982 3697 ἀοράτους
1030 3631 1182 3693 τινὰς
1226 3632 1484 3703 δυνάμεις
1525 3636 1673 3702 λέγει

102 3710 157 3760 τὰ
186 3712 467 3786 Χερουϐὶμ
487 3754 502 3776 ,
529 3714 607 3778 ὥς
627 3733 765 3780 τινες
804 3719 1018 3772 οἴονται·
1063 3725 1182 3776 ἐπεὶ
1232 3727 1365 3794 μηδὲ
1405 3730 1672 3782 συνετέλει

99 3818 142 3850 τι
185 3804 414 3872 ἀόρατος
465 3807 632 3876 φύσις
681 3813 814 3874 ἐκεῖ,
848 3814 1111 3885 αίσθητῆς
1139 3817 1312 3885 ὅψεως
1357 3820 1673 3891 ὀφειλούσης

98 3885 220 3944 εἶναι
259 3896 359 3964 τῆς
407 3899 506 3950 τὸν
549 3901 722 3971 Ἀδὰμ
762 3904 1142 3978 παιδευούσηςῖ
1191 3910 1326 3962 Οὔτε
1359 3908 1510 3981 οὖνή
1544 3914 1674 3978 φλου

93 3983 202 4051 γένη
246 3989 501 4057 ῥομφαία
553 3992 713 4057 φύσις
741 3989 809 4063 ἦν
843 3998 1011 4066 πυρὸς
1032 4039 1047 4057 ,
1100 4001 1213 4052 ἀλλ’
1246 4001 1366 4068 ὄψις
1408 4004 1628 4075 τοιαύτη
1655 4023 1668 4036 ⁸

93 4076 199 4127 οῦδὲ
232 4080 296 4131 τὰ
333 4083 632 4154 Χερουϐὶμ
663 4083 796 4150 ζῶα,
835 4090 947 4141 ἀλλ’
974 4091 1096 4159 ὄψις
1121 4095 1344 4163 τοιαύτη
1369 4111 1383 4126 ο
1430 4096 1551 4148 ἐπεὶ
1580 4098 1674 4150 καὶ

100 4167 343 4242 ’ἶεζεκιὴλ
391 4180 848 4248 τετραπρόσωπα
896 4184 962 4236 τά
1000 4185 1277 4256 Χερουϐὶμ
1310 4189 1430 4257 ὁρᾷ.
1467 4190 1674 4258 Τετρα-

91 4262 345 4322 irrisui-:1
374 4269 432 4321 δὲ
463 4270 705 4341 ἀόρατος
733 4273 892 4341 φύσις
929 4277 1027 4329 οὐκ
1059 4277 1203 4330 ἔστιν
1225 4296 1236 4308 ·
1294 4279 1427 4332 ἀλλὰ
1469 4282 1673 4351 Χερου-

87 4344 177 4414 δῖμ
229 4356 384 4411 καλεῖ
426 4364 548 4415 πᾶν
598 4364 656 4416 τὸ
696 4365 916 4419 δυνατόν
949 4387 962 4399 ·
1010 4369 1151 4422 οὕτω
1196 4369 1364 4437 λέγει,
1422 4373 1485 4424 '0
1531 4376 1676 4426 καθ-ο

87 4437 295 4509 ήμενος
323 4446 426 4500 ἐπὶ
448 4454 578 4502 τῶν
597 4458 902 4527 Χερουϐὶμ,
935 4462 1054 4515 ἀντὶ
1079 4462 1195 4525 τοῦ,
1222 4466 1250 4516 ὁ
1276 4464 1497 4527 δυνατὸς
1521 4465 1674 4533 βασι»

1779 1973 1962 2019 vestes
2015 1967 2408 2033 conﬁciendze,
2470 1973 2823 2026 manifestum
2881 1988 3054 2041 genus
3120 1974 3353 2028 istorum

1779 2058 2098 2113 animalium
2127 2061 2192 2113 ad
2218 2061 2422 2121 exitum
2455 2079 2576 2118 esse
2601 2064 2946 2132 perductum.
2996 2065 3138 2120 Deus
3173 2076 3353 2121 autem

1779 2164 1950 2217 nuper
1993 2166 2051 2205 ea
2091 2154 2417 2208 condiderat
2464 2157 2774 2212 masculum
2813 2165 2869 2210 et
2911 2156 3208 2222 feminam,
3255 2170 3356 2212 uec

1779 2257 2014 2311 unquam
2039 2245 2487 2312 quid-statuerat.
2517 2248 2662 2303 unde
2688 2248 3018 2304 concludere
3044 2251 3354 2318 possimus.

1777 2336 1920 2402 quod
1956 2337 2211 2391 animalia
2243 2341 2725 2408 mactarijusserit
2750 2381 2763 2402 ,
2799 2342 2926 2396 dum
2961 2343 3201 2396 nondum
3228 2358 3355 2396 car-

1778 2442 1896 2479 nem
1922 2427 2083 2482 edere
2108 2429 2421 2485 hominibus
2450 2432 2662 2487 liceret.
2691 2433 3002 2489 Absurdius
3026 2437 3188 2490 etiam
3214 2434 3364 2489 foret.

1776 2521 2112 2574 contendere
2160 2520 2329 2574 Deum
2367 2523 2582 2580 tunicas
2622 2541 2688 2578 ex
2743 2525 2917 2578 nihilo
2964 2526 3202 2590 fecisse.
3258 2527 3352 2594 qui

1777 2610 2017 2665 hominis
2049 2611 2366 2668 conditione
2402 2617 2670 2669 creationi
2703 2633 2766 2670 ex
2815 2618 2987 2670 nihilo
3036 2618 3193 2682 ﬁnem
3249 2619 3354 2672 im-

1775 2706 1992 2771 posuit,
2044 2711 2303 2776 tanquam
2336 2707 2390 2760 in
2439 2709 2531 2760 illo
2564 2725 2747 2763 rerum
2786 2711 3030 2764 omnium
3061 2710 3354 2780 perfectio-

1777 2811 1896 2848 nem
1953 2811 2346 2853 consummans
2385 2818 2396 2852 :
2444 2801 2589 2854 unde
2630 2802 2793 2855 etiam
2840 2813 3103 2872 apparet,
3138 2804 3352 2856 tunicas

1775 2888 2034 2956 polliceas
2084 2905 2191 2943 non
2232 2907 2295 2946 ex
2347 2892 2514 2946 nihilo
2571 2892 2765 2949 factas.
2825 2893 2939 2947 Non
2997 2896 3353 2949 attcndcrunt

1775 2987 1984 3043 autem,
2017 2990 2074 3032 ut
2120 2983 2254 3035 mihi
2285 2983 2503 3038 videtur
2528 3024 2540 3045 ,
2578 2985 2670 3053 qui
2719 2986 2820 3038 hac
2850 2986 2917 3040 de
2955 3003 3010 3040 re
3045 2987 3348 3055 inquirunt,

1775 3071 1944 3138 pelles
1971 3073 2152 3125 vocari
2197 3090 2304 3127 non
2354 3077 2530 3129 solum
2570 3093 2691 3146 qua}
2736 3093 2799 3130 ex
2845 3079 3200 3141 animalibus,
3253 3081 3350 3134 scd

1775 3165 1937 3218 etiam
1975 3182 2096 3233 quae
2147 3183 2210 3220 ex
2256 3169 2579 3232 arboribus,
2637 3188 2757 3239 quze
2801 3172 3040 3226 cortices
3077 3172 3349 3227 nominari

1776 3257 2096 3326 plerumque
2125 3261 2322 3314 solent.
2359 3262 2441 3316 Ab
2489 3264 2783 3318 arboribus
2833 3265 3000 3334 igitur
3042 3274 3351 3335 Opportune

1776 3350 1980 3404 cortice
2017 3352 2304 3407 instructis
2328 3354 2634 3423 desumpsit
2658 3356 2830 3410 Adam
2865 3357 3189 3412 vestimenta
3224 3373 3349 3421 sua,

1775 3441 2006 3496 docente
2038 3442 2148 3497 Deo
2174 3460 2279 3513 qua
2318 3447 2529 3499 ratione
2567 3448 2668 3502 hoc
2702 3448 3013 3504 faciendum
3057 3450 3150 3504 sit.

1848 3626 2012 3680 Vens.
2047 3627 2140 3680 24.
2190 3660 2257 3668 —
2301 3628 2418 3682 Non
2479 3630 2781 3684 invisibiles
2823 3631 3070 3700 qumdam
3121 3630 3349 3687 virtutes

1775 3728 2040 3770 vocantur
2082 3718 2169 3772 hic
2217 3719 2504 3773 cherubim
2530 3761 2543 3780 ,
2594 3721 2670 3774 uti
2731 3722 2983 3790 pluribus
3022 3721 3200 3775 visum
3242 3733 3344 3776 est.

1775 3808 1914 3873 Quid
1969 3811 2112 3863 enim
2171 3812 2524 3879 prazstitisset
2576 3813 2687 3867 illic
2753 3814 3048 3867 invisibilis
3124 3821 3345 3876 natura,

1774 3915 1896 3954 cum
1943 3901 2190 3955 sensibili
2247 3905 2562 3971 spectaculo
2607 3906 2778 3958 Adam
2827 3905 3166 3960 erudiendus
3199 3906 3347 3957 erat?

1773 3991 1885 4045 Nec
1928 3993 2176 4046 flammea
2213 3995 2380 4064 igitur
2413 3997 2725 4066 rhomphma
2771 3998 2911 4062 ignis
2956 4005 3076 4052 crat
3130 4009 3345 4060 natura,

1775 4084 1871 4136 sed
1913 4084 1984 4135 ita
2017 4085 2355 4152 apparebat;
2397 4101 2496 4140 nec
2545 4095 2704 4141 erant
2753 4089 3036 4142 cherubim
3069 4089 3342 4147 animalia.

1775 4175 1868 4230 sed
1921 4178 1992 4229 ita
2044 4176 2394 4230 videbantur.
2456 4177 2590 4231 Nam
2646 4179 2894 4232 Ezechiel
2940 4195 3160 4247 quoque
3209 4179 3348 4231 vidit

1774 4269 2058 4322 cherubim
2093 4269 2442 4339 quadruplici
2497 4269 2637 4324 facie
2681 4271 3019 4335 instructos,
3063 4271 3184 4324 licet
3223 4271 3350 4324 talis

1775 4378 1882 4415 non
1912 4362 1984 4416 sit
2015 4369 2208 4414 natura
2240 4363 2557 4416 invisibilis.
2590 4361 2659 4416 At
2683 4363 2964 4415 cherubim
2989 4371 3149 4416 vocat
3176 4363 3349 4430 quod-

1776 4469 1996 4518 cunque
2042 4462 2314 4522 potestate
2380 4463 2636 4524 praes-tat;
2677 4453 2758 4506 sic
2797 4454 3010 4514 dicens,
3050 4453 3155 4518 Qui
3204 4454 3348 4507 sedet

84 4532 195 4596 λεῦς
224 4537 298 4588 ὧν
324 4555 337 4567 ’
359 4541 478 4606 καὶ,
526 4544 738 4614 Ἐπέϐη
759 4551 854 4603 ἐπὶ
887 4555 1193 4622 Χερουϐὶμ,
1225 4558 1319 4608 καὶ
1352 4557 1671 4625 ἐπετάσϐη,

1783 4563 1934 4612 super
1966 4546 2231 4598 cherubim
2275 4547 2293 4617 (
2321 4546 2467 4599 Psal.
2495 4561 2661 4599 κει-ιιι
2691 4586 2703 4607 ,
2731 4547 2753 4599 1
2781 4546 2796 4615 )
2825 4587 2839 4609 ,
2876 4545 3032 4614 quasi
3060 4546 3225 4600 dicat.
3251 4547 3344 4614 qui

84 4627 315 4679 civ-.1705
340 4671 354 4688 ,
407 4633 562 4698 μετὰ
605 4637 800 4706 πολλῆς
848 4644 1179 4712 παρεγένετο
1219 4646 1318 4714 τῆς
1371 4646 1668 4716 δυνάμεωςο

85 4713 146 4764 Τὸ
174 4713 290 4776 οὖν.
317 4719 556 4784 Ἕτίιξε
595 4725 667 4779 τὰ
687 4729 988 4799 Χερουϐὶμ,
1019 4732 1100 4784 ἵνα
1122 4732 1267 4806 εἴπῃ·
1288 4737 1522 4804 Δυνατήν
1553 4753 1673 4787 τινα

81 4807 164 4858 καὶ
204 4811 454 4882 φοϐερὰν
491 4815 622 4884 ὄψιν
670 4820 761 4870 καὶ
804 4823 1014 4892 μορφὴν
1061 4825 1262 4878 ὡσανεί
1308 4845 1468 4879 τινων
1519 4825 1673 4888 ζώων

77 4899 337 4970 ἐπέστησε
367 4909 439 4978 τῇ
484 4908 684 4979 εἰσόδῳ
711 4911 804 4963 τοῦ
838 4915 1185 4984 παραδείσου,
1223 4918 1360 4970 ὥστε
1391 4918 1672 4988 ἀπείργειν

77 4991 158 5044 τὸν
203 4997 331 5049 Ἀδὰ
342 5016 406 5067 μ.

693 5189 942 5246 ΚΕΦᾹΛ.
981 5194 1081 5247 18'.

134 5269 277 5340 Στίχ.
313 5281 388 5342 γ’.
448 5309 529 5316 -
591 5279 726 5332 Οὔτε
776 5285 840 5352 τῇ
895 5284 1052 5350 φύσει
1102 5285 1290 5356 ἄνδρες
1336 5282 1509 5354 ἦσαν,
1557 5287 1671 5339 ἀλλ’

70 5359 277 5416 ἐδόκουν
302 5362 480 5430 εἷναι,
509 5367 642 5422 οὔτε
673 5371 873 5441 ἔφαγον
903 5376 974 5438 ὡς
997 5377 1292 5447 ἄνθρωποι,
1317 5379 1430 5432 ἀλλ’
1456 5380 1672 5433 ἐδόκουν

68 5454 258 5511 ἐσθίειν
309 5464 379 5532 τῇ
427 5461 569 5531 ὄψει
613 5464 720 5516 τῶν
752 5467 1034 5538 ὁρώντων,
1081 5471 1515 5543 ἀναλισκομένων
1560 5474 1670 5527 τῶν

68 5550 484 5621 προτιθεμένων
523 5555 672 5608 κατὰ
698 5556 847 5610 Θείαν
874 5559 1174 5630 ἐνέργειαν.

129 5637 273 5710 Στίχ.
323 5643 437 5695 λα’.
498 5653 580 5683 ——-‘
615 5645 821 5698 Οὐκοῦν
847 5650 907 5700 οὐ
951 5651 1120 5714 πάθος
1155 5654 1447 5718 ἀκολασίας
1473 5655 1669 5727 ἤλασεν

69 5723 226 5787 αὑτὰς
247 5767 264 5793 ,
311 5734 460 5786 ἀλλά
515 5735 691 5804 φειδὼ
726 5737 816 5790 τοῦ
848 5739 1054 5805 γένους.
1088 5743 1248 5796 Ὅθεν
1283 5747 1663 5800 εὐσύγνωστοι.

1779 4648 1973 4706 potens
2000 4647 2082 4690 est
2105 4655 2196 4691 rex
2225 4656 2238 4701 ;
2263 4640 2351 4691 .ita
2389 4640 2578 4703 etiam,
2609 4639 2860 4693 Ascendit
2892 4655 3048 4707 super
3074 4638 3346 4691 cherubim

1775 4738 1822 4780 et
1850 4730 2038 4782 volavit
2073 4730 2262 4798 (Psal.
2294 4747 2430 4791 xvu,
2463 4732 2585 4799 11),
2616 4733 2721 4785 hoc
2743 4737 2848 4793 est,
2885 4731 3052 4784 multa
3083 4747 3204 4783 cum
3247 4745 3347 4799 po-

1777 4826 1974 4873 testate
2008 4821 2277 4888 apparuit.
2327 4819 2460 4874 lllud
2524 4821 3011 4889 igitur,ordinavit
3057 4821 3342 4885 cherubim,

1777 4912 1918 4965 idem
1944 4920 2103 4964 sonat
2151 4926 2212 4966 ac
2249 4927 2259 4962 :
2295 4912 2574 4966 Potentem
2621 4922 2675 4966 et
2725 4913 3022 4966 terribilem
3053 4913 3344 4982 quemdam

1773 5003 2040 5057 visionem
2091 5018 2152 5055 ac
2198 5002 2424 5055 formam
2453 5043 2467 5061 ,
2518 5011 2774 5068 tanquam
2808 4997 3166 5066 animalium,
3222 5014 3346 5057 ante

1775 5092 1979 5146 aditum
2007 5093 2243 5161 paradisi
2273 5093 2595 5155 constituit,
2625 5109 2731 5161 qua
2775 5093 2947 5147 Adam
2981 5102 3340 5148 averteretur.

2391 5183 2544 5237 CAP.
2582 5185 2724 5238 XIX.

1849 5276 2012 5331 Vens.
2053 5276 2109 5330 5.
2138 5307 2206 5318 -
2233 5275 2351 5330 Νοη
2373 5285 2532 5332 erant
2564 5285 2761 5331 natura
2793 5278 3071 5342 homines,
3104 5279 3197 5332 sed
3226 5290 3345 5330 esse

1771 5369 2132 5433 videbantur;
2166 5383 2266 5422 nec
2299 5369 2657 5423 comedebant
2683 5376 2741 5421 ut
2775 5369 3047 5432 homines,
3075 5368 3167 5421 sed
3195 5367 3342 5419 vide-

1771 5463 1973 5516 bantur
2003 5461 2287 5515 comedere
2311 5460 2650 5514 cernentium
2673 5459 2875 5524 oculis,
2902 5459 3136 5513 sublatis
3159 5457 3341 5511 divina

1772 5553 2010 5625 potentia
2043 5568 2163 5621 quae
2190 5550 2579 5608 offerebantur.

1841 5646 2122 5701 Vens.5l.
2160 5677 2227 5684 —
2262 5644 2377 5698 Non
2439 5645 2796 5715 indulgebant
2854 5643 3022 5713 igitur
3092 5640 3339 5695 libidinis

1771 5739 2046 5803 mutibtts,
2101 5739 2194 5794 sed
2247 5738 2431 5809 generi
2473 5752 2572 5792 suo
2622 5737 2938 5807 parcebant.
2985 5732 3139 5789 Unde
3178 5733 3338 5788 venia

1777 5831 1972 5900 dignm.
