3904 6558
2773 266 2789 301 \

528 315 634 373 615
1700 310 2051 380 TIIEODORI
2103 317 2331 379 MOPSU
2342 320 2587 379 ESTENI
3638 329 3721 387 ιιι

604 433 773 493 Vens.
798 438 888 494 ΞΩ.
919 467 987 478 --
1020 435 1229 492 Furtim
1266 452 1328 494 se
1357 451 1483 493 cum
1515 444 1672 509 patre
1694 437 1952 491 miscent.
1988 433 2105 490 Non
2134 464 2146 493 λ

2174 474 2182 491 .
2280 436 2429 507 Στίχ.
2461 437 2561 507 λβ’.
2611 467 2677 478 --
2709 435 3014 491 κλέπτουσι
3042 434 3138 490 τοῦ
3186 433 3390 506 πατρὸς
3425 434 3516 508 τὴν
3555 441 3716 513 κοίτην.

533 527 781 602 fugiebat
812 530 957 587 enim
992 543 1088 584 eas
1112 528 1285 584 sobrii
1328 530 1502 601 patris
1532 528 1924 600 temperantia.

2211 527 2467 599 ’ῌδεισαν
2498 529 2609 603 γὰρ
2638 532 2899 603 νήφοντος
2925 530 3025 601 τὴν
3052 527 3401 600 σωφροσύνην
3430 528 3596 585 αὑτοῦ.

1161 643 1318 701 CAP.
1350 643 1473 699 XX.

2810 646 3067 701 ΚΕΦΑΛ.
3098 647 3181 701 K’.

603 756 770 817 Vens.
792 761 846 816 5.
870 791 942 802 —
968 757 1084 816 Non
1114 760 1559 832 intemperantia,
1586 758 1787 830 inquit,
1809 756 1958 814 volui
1982 771 2109 813 cum

2275 758 2426 829 Στῑχ.
2460 765 2525 813 ε’.
2546 788 2618 802 —-
2637 758 2753 813 Οὐκ
2795 759 3082 831 ἀκολασίᾳ,
3116 758 3304 830 φησιν,
3331 753 3610 830 ἠϐουλήθην
3632 780 3722 815 συν-

531 869 597 909 ea
627 853 893 925 conjungi
913 894 931 921 ,
981 853 1079 909 sed
1113 854 1297 926 magni
1329 869 1457 911 esse
1474 852 1709 917 credidi,
1743 852 1790 910 si
1821 849 2073 909 mulierer

2207 850 2382 906 ελθεῑν
2420 851 2583 923 αὐτῇ,
2624 852 2741 907 ἀλλ’
2773 853 2850 918 ὼς
2893 852 3107 907 δικαίαν
3152 847 3246 906 καὶ
3295 846 3521 923 ἀδελφὴν
3562 851 3721 909 δαείω

531 953 782 1002 sanctam
824 953 880 1002 et
922 945 1031 1002 viri
1075 947 1256 1003 sancti
1290 960 1538 1003 sororem
1588 946 1647 1003 in
1694 942 2073 1002 matrimoniur

2019 957 2109 999 um
2210 944 2467 1016 μέγιστον
2490 945 2808 1018 ἡγησάμην,
2839 944 2889 999 ei
2916 942 3184 1017 ἀγάγοιμι
3213 940 3353 1015 πρὸς
3376 943 3561 1014 γάμον.

530 1037 808 1095 ducerem.

1121 1150 1275 1208 CAP.
1309 1148 1527 1207 XXVII.

2792 1147 3039 1205 ΚΕΦΔΛ.
3078 1146 3202 1206 KZ'.

604 1236 775 1322 Vitas.
805 1264 862 1321 l.
896 1263 1103 1321 —-lloc
1137 1280 1356 1337 quoque
1390 1264 1590 1319 divinae
1621 1260 1814 1334 gratiae
1848 1276 2014 1332 opus,
2050 1265 2111 1314 ut

2281 1261 2432 1334 Στίχ.
2462 1267 2534 1318 α’.
2578 1289 2647 1301 -—
2692 1261 2803 1317 Kal
2830 1262 2991 1317 τοῦτο
3018 1263 3117 1335 τῆς
3145 1263 3295 1328 θείας
3335 1264 3546 1337 χάριτος
3573 1267 3722 1341 [mur

531 1357 758 1414 interim
799 1373 903 1430 ope
944 1358 1209 1414 Rebeccae
1251 1352 1460 1413 Iacobo
1496 1354 1937 1412 benedictionem
1981 1350 2073 1410 Sul

2210 1352 2299 1408 ἶνα
2328 1355 2387 1408 ὲν
2419 1353 2569 1426 μέσῳ
2598 1353 2791 1426 καιρὸς
2819 1354 3051 1427 γένηται
3070 1358 3138 1429 τῇ
3174 1356 3441 1429 Ῥεϐέκκα
3476 1358 3644 1429 κλέψαι
3670 1362 3725 1431 τῷ

533 1454 721 1525 ripere
748 1454 961 1511 liceret.

2225 1442 2421 1501 Ἰακὼϐ
2450 1446 2552 1519 τὴν
2574 1446 2845 1517 εὐλογίαν.

1084 1568 1240 1625 CAP.
1286 1564 1530 1624 XXVIII.

2790 1561 3049 1617 ΚΕΦᾹΛ.
3088 1561 3226 1617 κη’.

608 1682 778 1740 Vens.
802 1683 889 1739 18.
912 1715 983 1728 -
1011 1683 1337 1757 Superfudit
1354 1678 1527 1739 Iacob
1556 1682 1739 1739 oleum
1763 1681 1819 1736 in
1845 1694 2114 1736 cacumen

2285 1672 2433 1744 Στίχ.
2481 1680 2571 1746 ιη’.
2624 1704 2697 1715 -
2753 1674 3014 1745 Ἐπέχεεν
3057 1674 3086 1728 ὁ
3126 1673 3321 1729 Ἰακὼϐ
3367 1674 3537 1729 ἔλαιον
3578 1677 3654 1730 ἐπὶ
3686 1680 3727 1732 τὺ

536 1773 768 1844 lapidis,
802 1782 858 1830 et
887 1774 1104 1829 vocavit
1147 1775 1367 1839 locum,
1404 1773 1610 1828 Domus
1648 1771 1765 1827 Dei.
1796 1768 1900 1825 Hic
1929 1778 2078 1825 auter

2186 1824 2188 1835 ν
2213 1766 2383 1837 ἄκρον
2412 1765 2506 1819 τοῦ
2538 1764 2709 1832 λίθου,
2738 1765 2833 1821 καὶ
2860 1766 3085 1821 ἐκάλεσε
3114 1768 3206 1821 τὸν
3235 1761 3421 1833 τόπον,
3451 1764 3599 1833 Οἶκος
3614 1771 3728 1827 Θεοῦ.

539 1864 718 1937 ﬁgura
774 1864 1004 1923 Μηδοίοί
1036 1864 1409 1931 tabernaculi,
1443 1863 1592 1935 quod
1635 1869 2021 1918 constructum
2061 1875 2081 1917 ε

2213 1852 2324 1911 Ἦν
2352 1857 2411 1910 δὲ
2434 1856 2496 1911 τὸ
2526 1859 2760 1929 πρᾶγμα
2793 1857 2964 1925 τύπος
2985 1859 3088 1929 τῆς
3110 1856 3417 1930 Μωσαῖκῆς
3456 1861 3637 1932 σκηνῆς
3654 1880 3666 1895 ι
3685 1866 3730 1933 ἢν

538 1956 867 2015 aedificatum
892 1963 1195 2014 unxerunt.

2216 1950 2639 2016 κατασκευάσας
2672 1950 2773 2005 καὶ
2799 1952 3136 2022 ἀναστήσας,
3169 1950 3416 2023 ἔχραεν.

1145 2069 1302 2128 CAP.
1341 2068 1520 2126 XXX.

2813 2064 3068 2122 ΚΕΦΛΛ.
3109 2066 3190 2121 Λ’.

610 2186 892 2244 Vens.39.
933 2216 1009 2229 -
1033 2186 1270 2255 Quando
1316 2186 1378 2243 in
1425 2185 1822 2258 ﬂesopotamia
1877 2186 2120 2243 subaibae

2287 2180 2439 2252 Στίχ.
2469 2179 2570 2235 λθν.
2605 2210 2678 2222 -
2720 2176 2938 2252 Ἐπειδὴ
2970 2180 3027 2235 δὲ
3075 2181 3136 2235 ὲν
3183 2182 3249 2251 τῇ
3299 2180 3664 2254 Μεσοποταμίᾳ
3687 2186 3734 2237 τὰ

541 2292 683 2334 om
711 2285 1085 2348 queruntur,
1132 2278 1416 2349 nigraque
1454 2294 1670 2350 caprae,
1722 2278 1779 2333 in
1826 2276 2081 2333 Palazstin

2217 2272 2387 2327 λευκὰ
2416 2271 2657 2344 ζητεῖται
2685 2268 2956 2345 πρόϐατα,
2986 2272 3081 2328 καὶ
3105 2275 3161 2327 ai
3191 2272 3423 2344 μέλανες
3450 2269 3607 2343 αἶγες.
3631 2278 3674 2328 ὲν
3695 2278 3734 2330 δὲ

541 2375 728 2423 autem
788 2367 1133 2423 contrarium
1189 2368 1361 2435 valet,
1423 2368 1734 2425 commodis
1789 2367 2083 2425 inservieba

2216 2367 2285 2437 τῇ
2316 2362 2652 2437 Παλαιστίνῃ
2678 2365 2741 2419 τὸ
2769 2361 3034 2432 ἐναντίον,
3058 2362 3197 2439 πρὸς
3224 2366 3289 2420 τὸ
3311 2366 3423 2419 τῶν
3454 2366 3735 2441 πατριαρχῶν

540 2460 987 2532 patriarcharum
1009 2475 1098 2518 res
1125 2469 1252 2517 ante
1278 2461 1448 2517 dicta.

2219 2457 2500 2531 συμφέρον
2528 2456 2891 2530 οἰκονομεῖται
2916 2457 2986 2513 τὰ
3018 2452 3421 2531 προειρημένα.

1128 2573 1281 2630 CAP.
1318 2572 1536 2631 XXXII.

2795 2568 3050 2627 ΚΕΦΑΛ.
3096 2568 3221 2626 AB’.

616 2686 775 2744 Vers.
809 2688 860 2743 l.
892 2717 961 2729 —
986 2685 1195 2744 Iacobo
1218 2703 1249 2742 a
1275 2687 1462 2744 Laban
1486 2687 1726 2745 liberato
1752 2696 2122 2746 occurrerunt

2291 2689 2444 2761 Στίχ.
2488 2695 2559 2744 α’.
2594 2718 2665 2731 -
2692 2685 2802 2743 Τοῦ
2819 2687 3004 2742 Λάϐαν
3038 2688 3378 2757 ἀπαλλαγεὶς
3408 2688 3437 2740 ὀ
3467 2684 3651 2747 Ἰακὼϐ,
3670 2687 3739 2757 ὁρᾷ

545 2777 767 2849 angeli.
801 2777 1048 2848 profecto
1103 2794 1132 2832 a
1162 2777 1390 2835 Michael
1440 2779 1692 2850 principe
1742 2776 2087 2837 Israelitarur

2221 2782 2574 2855 παρεμϐολὴν
2606 2780 2884 2851 ἀγγέλων·
2922 2780 3143 2845 πάντως
3190 2800 3294 2835 που
3364 2781 3465 2851 τὴν
3499 2781 3740 2851 ὁρισθεῖσαν

544 2867 724 2927 missi.
757 2868 963 2939 quippe
991 2870 1085 2939 qui
1108 2870 1218 2925 illis
1245 2878 1503 2941 praet-at,
1535 2868 1754 2926 dicente
1778 2870 2004 2927 Gabriel
2053 2887 2083 2927 a

2226 2876 2365 2947 μετὰ
2391 2869 2613 2946 Μιχαὴλ
2631 2871 2737 2944 τοῦ,
2757 2873 3018 2944 ἄρχοντος
3039 2872 3136 2927 τοῦ
3167 2868 3300 2927 λαοῦ
3324 2874 3364 2926 ἰ
3373 2874 3539 2946 σραήλ
3553 2889 3566 2902 ·
3588 2873 3637 2935 ὃς
3653 2889 3741 2924 κατε

547 2957 825 3014 Danielem
863 2977 879 3013 :
930 2957 1162 3015 Michael
1206 2962 1448 3032 princeps
1475 2973 1641 3017 vester
1699 2961 1866 3033 (Dan.
1893 2979 1973 3028 ιι,
2002 2964 2089 3035 2|)

2222 2972 2356 3039 ἑστη
2412 2964 2580 3022 αὑτοῦ
2605 2964 2958 3038 προεστάναι,
2986 2965 3063 3030 ὼς
3095 2965 3336 3038 Γαϐριὴλ
3366 2983 3497 3034 φησι
3539 2965 3650 3034 πρὸς
3681 2963 3743 3015 τὸν

547 3050 780 3118 Quando
818 3050 964 3107 enim
997 3053 1139 3108 liber
1166 3068 1196 3108 a
1216 3052 1511 3110 formidine
1531 3052 1743 3116 Laban.
1770 3055 2006 3112 Esavnm
2037 3072 2089 3110 re

2225 3060 2446 3132 Δανιὴλ,
2484 3058 2727 3131 Μιχαὴλ
2764 3060 2797 3112 ὁ
2840 3057 3041 3128 ἄρχων
3089 3055 3276 3127 ὑμῶν.
3321 3056 3538 3126 Ἐπειδὴ
3580 3056 3744 3126 mres

548 3142 850 3199 formidare
875 3152 1137 3215 creperat,
1159 3144 1391 3204 docetur
1409 3144 1581 3203 Iacob
1599 3148 1667 3203 ab
1698 3150 2090 3205 occurrentibu

2227 3153 2325 3207 τοῦ
2350 3130 2538 3207 Ᾰάϐαν
2564 3149 2729 3220 φόϐον
2771 3148 3114 3221 ἀποθέμενος
3134 3189 3148 3212 ,
3183 3149 3474 3220 μετέθεικε
3518 3148 3605 3210 τὰς
3632 3165 3744 3217 φρυ-

551 3234 763 3305 angelis
785 3274 801 3299 ,
827 3249 896 3289 ne
924 3250 1223 3293 occursum
1269 3252 1461 3294 eorum
1491 3238 1683 3294 timeat
1714 3239 1808 3310 qui
1832 3239 1981 3296 circa
2014 3238 2093 3296 fra

2229 3247 2383 3311 τὶδας
2408 3247 2490 3309 εἰς
2517 3244 2586 3298 τὰ
2610 3243 2753 3299 κατά
2780 3240 2975 3306 Ἡσαῦ,
3001 3242 3278 3299 δείκνυται
3303 3244 3338 3313 ἡ
3362 3240 3655 3314 παρεμϐολὴ
3670 3240 3748 3292 τῶν

552 3334 696 3384 trem
733 3335 915 3385 erant.

2231 3336 2481 3409 ἀγγέλων
2500 3376 2516 3402 ,
2550 3332 2626 3400 ὡς
2686 3334 2754 3389 ἂν
2789 3334 2866 3406 μὴ
2912 3334 3130 3403 φοϐοῖτο
3180 3334 3279 3407 τὴν
3330 3333 3656 3407 παρεμϐολὴν
3674 3331 3748 3385 τῶν

2236 3431 2504 3485 συνόντων
2532 3426 2700 3483 αὐτοῦ
2734 3428 2813 3499 τῷ
2848 3426 3085 3498 ἀδελφῷ.

628 3535 787 3595 Vera.
829 3536 923 3597 24.
968 3569 1040 3580 -
1076 3535 1446 3595 Transmissis
1498 3539 1757 3597 omnibus
1807 3541 1925 3597 suis
1976 3548 2132 3601 trans

2306 3545 2455 3617 Στίχ.
2481 3544 2580 3600 κδ’.
2603 3574 2673 3588 --
2696 3541 2909 3606 Πάντας
2940 3542 3000 3596 δὲ
3023 3542 3151 3605 τοὺς
3173 3538 3343 3596 αὐτοῦ
3373 3536 3677 3612 παραγαγὼν
3690 3534 3746 3590 διὰ

557 3628 757 3685 flumen
780 3668 795 3694 ,
815 3629 969 3685 solus
992 3638 1128 3684 tunc
1158 3636 1409 3684 remanet
1432 3627 1624 3695 Iacob,
1655 3638 1710 3686 et
1740 3630 1982 3686 luctatur
2006 3647 2099 3687 cur

2234 3635 2330 3691 τοῦ
2363 3633 2613 3705 ποταμοῦ
2633 3676 2649 3701 ,
2681 3635 2779 3689 καὶ
2814 3633 2978 3697 αὐτὸς
3022 3632 3359 3704 ὑποληφθεὶς
3378 3673 3396 3696 ,
3434 3633 3549 3686 τότε
3590 3630 3747 3684 παλαίει

558 3721 796 3793 quodam
827 3720 933 3791 ipsi
973 3730 1294 3791 apparente.
1325 3720 1428 3776 Hic
1454 3731 1637 3778 autem
1668 3732 1819 3779 certe
1842 3739 1953 3778 non
1988 3725 2100 3780 aliu

2236 3726 2316 3798 τῷ
2347 3726 2588 3797 φανέντι.
2621 3726 2732 3779 Kal
2770 3718 2925 3787 οὗτος
2969 3719 3039 3795 ἦν
3085 3724 3196 3795 ἄρα
3237 3726 3267 3778 ὁ
3315 3723 3413 3777 ἐπὶ
3436 3722 3532 3793 τῆς
3553 3721 3748 3793 κλίμακος

559 3822 759 3886 ιιι-αξιοι·
793 3814 946 3869 illum
975 3814 1071 3884 qui
1101 3828 1268 3885 super
1309 3813 1512 3868 scalam
1562 3813 1917 3872 incumbebat
1946 3816 2001 3871 in
2034 3816 2101 3873 Be

2239 3814 2631 3888 ὲστηριγμένος
2670 3815 2772 3885 τῆς
2814 3815 2873 3869 ὲν
2912 3812 3115 3884 Βαιθὴλ
3160 3813 3429 3885 φανείσης
3459 3812 3612 3883 αὐτῷ.
3646 3808 3748 3864 Oli!

560 3906 674 3962 ιιιοΙ
696 3905 889 3960 visam.
939 3905 1132 3977 Angeli
1164 3914 1346 3961 autem
1381 3906 1477 3976 qui
1525 3906 1898 3962 ascendebant
1943 3919 1998 3967 ct
2039 3908 2102 3975 de

2239 3908 2460 3979 ἄγγελοι
2508 3906 2559 3960 οἱ
2598 3905 2981 3969 ἀναϐαῖνοντες
3024 3903 3121 3959 καὶ
3153 3902 3601 3967 καταϐαίνοντες,
3631 3903 3748 3971 ηπε-

563 3994 905 4050 scendebant
954 3994 1010 4050 in
1043 3994 1256 4062 eadem,
1284 4009 1395 4053 non
1440 3995 1647 4052 diversi
1698 3996 1769 4052 ab
1814 3998 1898 4055 eis
1936 3999 2105 4072 quibu

1063 3994 1256 4062 eadem,
1284 4009 1395 4053 non
1440 3995 1647 4052 diversi
1698 3996 1769 4052 ab
1814 3998 1898 4055 eis
1936 3999 2139 4072 quibus
2243 3999 2486 4073 ρεμϐολὴ
2516 3994 2605 4070 ἦν.

565 4096 905 4143 οαευηθηιι
2312 4112 2462 4185 Στίχ.
2484 4109 2583 4165 κε’.
2604 4138 2675 4151 -—-
2697 4104 2837 4164 Εἷδε
2859 4107 2948 4167 δὲ.
2977 4107 3165 4180 φησὶν,
3197 4105 3288 4161 ὅτι
3308 4108 3385 4162 οὐ
3413 4104 3638 4160 δύναται
3654 4097 3753 4167 πρέ(

637 4199 792 4255 Vers.
822 4200 913 4255 25.
941 4230 1014 4242 --
1047 4199 1191 4255 Vidit
1215 4210 1412 4268 autem,
1440 4203 1539 4267 ait,
1570 4204 1699 4275 quia
1722 4221 1827 4259 non
1858 4205 1995 4261 valet
2018 4223 2144 4277 erga

2244 4208 2433 4261 αὐτόν
2450 4222 2465 4237 ·
2499 4203 2599 4257 καὶ
2623 4202 2825 4271 ἥψατο
2850 4201 2957 4256 τοῦ
2975 4198 3244 4265 πλάτους
3268 4198 3379 4253 τοῦ
3392 4194 3583 4268 μηροῦ
3603 4189 3750 4247 αὑτοῦ.

565 4307 703 4355 eum,
734 4302 784 4346 et
813 4293 979 4364 tetigit
1004 4292 1342 4348 latitudinem
1365 4294 1582 4364 femoris
1608 4297 1745 4366 ejus.
1773 4306 1823 4352 et
1856 4298 2107 4364 obtorpuit

2246 4297 2345 4351 καὶ
2372 4285 2730 4366 ἐνὰρκησεν.
2778 4293 2837 4346 Ὁ
2871 4292 2973 4363 μὲν
3004 4290 3201 4345 Ἰακὼϐ
3228 4285 3390 4352 εἶϐεν,
3419 4290 3501 4344 ὅτι
3524 4288 3577 4341 οὐ
3599 4284 3752 4338 δύναται

565 4382 735 4437 Iacob
773 4381 910 4437 vidit
942 4383 1071 4453 quia
1112 4398 1222 4437 non
1269 4384 1412 4439 valet
1454 4400 1584 4456 erga
1611 4387 1888 4457 angelum,
1916 4390 2107 4459 angelu

2249 4390 2387 4460 πρὸς
2438 4378 2532 4441 τὸν
2568 4387 2822 4457 ἄγγελον,
2852 4382 2882 4439 ὁ
2902 4384 2961 4438 δὲ
2984 4383 3220 4453 ἄγγελος
3249 4378 3432 4453 ἥψατο
3470 4377 3558 4434 τοῦ
3585 4371 3752 4427 πλάτους

569 4480 750 4528 autem
778 4474 954 4544 tetigit
986 4474 1337 4531 latitudinem
1370 4475 1597 4534 femoris
1617 4478 1761 4548 ejus.

1238 4491 1337 4531 rem
1370 4475 1597 4534 femoris
1617 4478 1761 4548 ejus.
2172 4499 2222 4561 υ
2251 4480 2347 4535 τοῦ
2383 4478 2561 4551 μηροῦ
2589 4478 2780 4533 αὐτοῦ.

644 4585 799 4642 Vers.
838 4587 930 4643 26.
972 4616 1044 4628 -—
1077 4586 1197 4643 Non
1254 4588 1363 4642 alia
1407 4587 1475 4646 de
1514 4605 1682 4647 causa
1712 4591 1846 4647 dicit
1870 4592 2142 4662 angelus:

2322 4596 2472 4667 Στίχ.
2492 4595 2607 4661 κς’.
2636 4592 2710 4648 Τό
2744 4610 2806 4663 γε
2831 4593 2936 4666 μὴν
2954 4590 3043 4645 τὸν
3064 4587 3290 4659 ἄγγελον
3312 4585 3509 4647 εἰπεῖν,
3532 4581 3754 4638 Ἀπόστει-

571 4680 794 4737 Dimitte
816 4697 916 4745 me,
939 4696 1101 4751 quam
1142 4692 1203 4736 ut
1228 4679 1492 4737 Iacobum
1523 4678 1725 4739 excitet
1763 4684 1950 4755 illique
1986 4700 2113 4740 occa

2250 4688 2367 4742 λόν
2390 4703 2487 4756 με,
2519 4684 2963 4758 προτρεπομένου
2987 4675 3057 4755 ἦν
3075 4724 3091 4748 ,
3121 4681 3216 4737 καὶ
3259 4677 3570 4752 παρρησίαν
3590 4670 3756 4729 διδόντος

572 4773 784 4827 sionem
823 4771 1064 4843 prmbeat
1116 4772 1490 4843 respondendi
1537 4792 1552 4830 :
1610 4772 1737 4830 Non
1765 4784 1815 4831 te
1841 4776 2110 4833 dimittam

2250 4775 2331 4848 τῷ
2384 4757 2579 4831 Ἰακὼϐ
2626 4776 2799 4829 εἰπεῖν
2817 4814 2832 4839 ,
2863 4773 2952 4829 Οὐ
2965 4772 3047 4842 μή
3071 4787 3146 4827 σε
3171 4768 3535 4832 ἀποστείλω,
3558 4763 3603 4817 ει
3624 4757 3690 4828 μή
3708 4770 3757 4825 με

574 4860 683 4916 nisi
715 4876 796 4914 me
817 4859 1166 4916 benedixeris.

1075 4861 1166 4915 ris.
2252 4866 2617 4937 εὐλογήσῃς.

646 4968 804 5026 Vers.
838 4969 930 5025 27.
960 5001 1030 5010 -
1062 4968 1164 5026 Hic
1206 4979 1390 5029 autem
1435 4982 1594 5046 rogat
1625 4992 1637 5029 :
1673 4975 1829 5044 Quod
1852 4986 1931 5032 est
1963 4994 2152 5034 nomen

2325 4981 2474 5051 Στίχ.
2507 4980 2612 5044 κζ’.
2641 5012 2709 5022 -
2748 4980 2809 5034 '0
2846 4977 2903 5033 δὲ
2945 4976 3125 5050 ἐρωτᾷ
3148 5013 3163 5037 ,
3217 4973 3280 5028 Τί
3319 4970 3391 5026 τὸ
3443 4964 3618 5038 ὄνομά
3653 4972 3759 5018 σοιίέ

577 5067 770 5121 tuum?
795 5064 864 5120 At
894 5063 985 5121 ille
1017 5063 1155 5120 dixit
1181 5082 1201 5121 :
1229 5063 1417 5123 Iacob.
1452 5067 1521 5123 Et
1549 5069 1687 5124 dixit
1715 5072 1764 5125 ei
1795 5087 1814 5126 :
1847 5070 1972 5126 Non
1995 5089 2119 5127 voca

2256 5076 2291 5130 ὁ
2315 5074 2383 5129 δὲ
2404 5069 2592 5137 εἶπεν,
2622 5070 2835 5126 Ἰακώϐ.
2868 5065 3013 5126 Eine
3039 5067 3107 5120 δὲ
3136 5063 3318 5130 αὐτῷ,
3352 5062 3439 5116 Οὐ
3468 5055 3760 5126 κληθήσεται

578 5156 721 5210 bitur
749 5156 894 5210 ultra
916 5174 1102 5211 nomen
1132 5167 1280 5213 tuum
1300 5158 1492 5225 Iacob,
1524 5160 1615 5216 sed
1643 5160 1814 5217 Israel
1835 5165 1938 5218 erit
1966 5180 2117 5220 name

2256 5168 2325 5221 τὸ
2364 5163 2553 5235 ὄνομά
2600 5180 2718 5218 σου
2762 5161 2965 5217 Ἰακὼϐ
2978 5202 2993 5225 ,
3022 5157 3162 5215 ἀλλ’
3208 5156 3249 5225 ἢ
3293 5152 3535 5223 Ἰσραὴλ
3568 5150 3703 5203 ἔσται
3720 5141 3761 5235 td

581 5258 731 5304 tuam
761 5264 780 5303 :
814 5250 939 5319 quia
962 5251 1236 5306 invaluisti
1271 5270 1388 5306 cum
1418 5254 1562 5320 Deo,
1601 5264 1653 5310 et
1688 5272 1807 5310 cum
1853 5256 2123 5312 hominibu

2259 5257 2451 5327 ὄνομὰ
2469 5231 2598 5311 νσου
2625 5273 2639 5287 ’
2674 5255 2763 5308 ὅτι
2787 5253 3127 5323 ἑνίσχυσας
3157 5246 3308 5318 μετά
3337 5243 3488 5301 Θεοῦ
3506 5284 3521 5309 ,
3545 5238 3631 5295 καὶ
3663 5231 3765 5306 μετά

579 5354 763 5411 potens
791 5344 917 5397 eris.
953 5342 1244 5400 Sufficiens
1270 5345 1369 5401 tibi
1400 5345 1736 5411 benedictio,
1771 5347 1870 5413 ait,
1893 5349 2121 5404 collucta

2258 5350 2584 5420 ἀνθρώπων
2610 5346 2869 5412 δυνατὸς
2895 5346 3033 5414 ἔσῃ.
3068 5342 3247 5412 Ἱκανή
3274 5358 3375 5403 σοι,
3400 5338 3578 5410 φησιν,
3609 5329 3766 5420 εὐλογίξῑ

581 5437 662 5494 tio
690 5453 817 5494 cum
864 5437 1008 5505 Deo;
1039 5438 1339 5495 maximum
1372 5439 1471 5494 tibi
1508 5441 1794 5511 signorum
1830 5457 2034 5497 novum
2059 5458 2123 5498 no

2259 5442 2322 5496 τὸ
2356 5414 2619 5496 παλαῖσαι
2665 5438 2803 5510 μετὰ
2831 5436 2988 5491 Θεοῦ.
3023 5435 3134 5490 Kal
3172 5435 3396 5504 σημεῖον
3430 5431 3567 5484 ἔστω
3603 5441 3669 5478 σοι
3704 5414 3769 5511 μί’

583 5545 710 5585 men
739 5529 927 5597 Israel,
969 5532 1116 5603 quod
1148 5533 1545 5603 interpretatur
1566 5508 1723 5587 immo
1758 5533 1936 5589 videns
1965 5534 2125 5589 Deum

2261 5550 2447 5603 γιστον
2486 5532 2545 5586 τὸ
2592 5508 2807 5601 Ἰσραὴλ
2850 5523 3348 5599 μετονομασθῆναι,
3388 5522 3525 5590 ὅπερ
3558 5515 3676 5604 ἐστὶν

587 5617 733 5675 Sane
756 5620 804 5677 si
826 5602 1052 5693 angelus
1075 5637 1203 5679 vere
1231 5602 1425 5680 fuisset
1448 5624 1543 5695 qui
1567 5628 1845 5695 apparuit,
1873 5640 2129 5696 perper-an

2264 5602 2495 5692 θρωπος
2524 5620 2678 5689 ὀρῶν
2712 5618 2881 5671 θεόν.
2913 5616 3023 5669 Kal
3063 5613 3169 5685 μὴν
3203 5613 3251 5664 εἰ
3281 5611 3379 5679 τὴν
3409 5606 3567 5676 φύσιν

590 5722 883 5770 vocaretur
906 5713 1077 5772 Iacob
1101 5715 1421 5784 lsrael,cum
1444 5733 1635 5773 verum
1661 5715 1831 5771 Deum
1855 5731 1965 5771 non
1993 5717 2132 5773 vidis

2360 5716 2389 5768 ὁ
2429 5680 2618 5783 φανεὶς
2663 5708 2811 5779 αὐτῷ
2844 5749 2858 5769 ,
2906 5680 3136 5777 ψευδὼς⁷
3167 5700 3436 5771 ἀνεκλήθη
3483 5680 3768 5787 Ἰσραὶ-,λτάπξ

592 5815 694 5865 set.
740 5803 886 5864 Deus
933 5817 1048 5865 crat
1098 5769 1451 5881 igitur1idcm
1489 5825 1555 5866 ac
1599 5809 1763 5866 homo
1801 5816 1850 5867 et
1898 5809 2125 5881 angelus

2263 5769 2357 5861 τιοῦ
2386 5769 2476 5859 τὸν
2505 5769 2614 5858 οὐκ.
2640 5803 2769 5857 ὂντα
2783 5769 2932 5853 θεὸν.
2950 5794 3269 5867 ἑωρακέναι.
3310 5769 3517 5848 Οὖκοῦν
3540 5779 3651 5841 Θεὸς
3676 5769 3764 5841 ll”
