3904 6552
164 350 251 423 ιιι
1080 278 1091 303 Α
1307 334 1738 399 FRAGMENTA
1791 332 1873 389 IN
1898 333 2223 391 accncsnv.

3295 336 3402 394 ClG

174 466 337 527 αὐτὸς,
363 459 454 515 καὶ
496 458 807 530 ἄνθρωπος,
836 458 931 512 καὶ
971 456 1230 529 ἄγγελος’
1266 460 1444 513 πάντα
1472 457 1706 528 ἀληθῶς.

1831 454 1999 507 imnia
2031 468 2191 510 vere:
2213 453 2310 509 sed
2334 454 2522 520 homo,
2548 456 2677 527 quia
2706 456 3024 513 incarnatus
3046 474 3062 525 ;
3082 458 3313 528 angelus
3332 473 3403 512 ex

186 556 321 614 Ἀλλὰ
347 553 403 608 τὺ
428 553 547 624 μὲν,
577 554 675 625 τῆς
708 552 1179 623 ἐνανθρωπήσεως
1205 567 1218 581 ·
1256 553 1318 606 τὸ
1340 552 1417 615 δὲ,
1444 550 1545 623 τῆς
1572 551 1716 604 οἰκο-

177 648 361 723 νομίας·
398 645 457 698 τὸ
476 644 555 709 δὲ,
591 646 691 716 τῆς
718 644 951 713 φύσεως.

708 735 959 791 ΚΕΦΛΛ.
994 736 1130 792 MA'.

231 829 362 899 Στίχ.
393 832 452 880 ε’.
480 856 552 866 --
575 825 773 880 Κόνδυ
804 826 923 897 μὲν,
966 825 1027 879 τὸ
1067 825 1357 896 λεγόμενον
1386 825 1718 879 ἁπλοπότιον

169 922 326 992 λέγει·
348 918 405 971 τὸ
438 918 516 983 δὲ,
551 916 858 987 Οὶωνισμῷ
887 916 1213 977 οὶωνίζεται
1246 918 1318 971 ἐν
1344 916 1526 981 αὐτῷ,
1559 914 1719 968 τοῦτό

172 1031 342 1084 φησιν,
368 1011 445 1064 ὅτι
472 1009 754 1081 ἔγκριτον,
793 1008 868 1073 ὡς
916 1008 1203 1080 ἄρχοντος,
1249 1008 1408 1063 τοῦτό
1438 1012 1584 1062 ἐστιν
1618 1008 1717 1061 αύ-

165 1104 246 1158 τοῦ
270 1099 410 1173 παρὰ
430 1103 540 1164 τοῖς
564 1099 999 1171 συνεσθιομένοις
1022 1100 1151 1155 αὐτὸ
1178 1100 1239 1154 τὸ
1261 1102 1542 1172 ποτήριον.
1565 1100 1718 1171 Ἔχει

166 1195 319 1248 τοίνυν
350 1190 612 1262 σύμϐολον
636 1191 826 1264 ὥσπερ
853 1191 983 1245 αύτὸ
1011 1190 1110 1261 τῆς
1140 1190 1313 1263 ἀρχῆς
1343 1190 1507 1245 αὑτοῦ
1539 1190 1719 1261 πάσης

163 1282 452 1353 ὲπιῦουλήν.

714 1372 969 1428 ΚΕΦΑΛ.
1016 1372 1151 1429 ΜΘ’.

218 1467 357 1539 Στίχ.
390 1466 450 1521 δ’.
470 1496 539 1506 -—
566 1466 785 1538 Ἐπειδὴ
808 1465 917 1537 γὰρ
944 1465 1073 1518 ἴδιόν
1108 1466 1223 1518 ἐστι
1255 1462 1347 1519 τοῦ
1374 1463 1562 1526 ὓδατος
1594 1461 1721 1533 θερ-

162 1558 425 1634 μαίνεσθαὶ
459 1576 539 1622 τε,
572 1558 668 1613 τοῦ
696 1558 868 1631 πυρὸς
901 1558 1263 1629 ὑποκειμένου
1287 1599 1303 1626 ,
1329 1558 1424 1612 καὶ
1472 1555 1722 1610 ἀποτίθε-

156 1654 268 1708 σθαι
294 1651 387 1725 τὴν
428 1651 639 1723 θέρμην
676 1650 918 1721 ταχέως,
963 1650 1057 1704 τοῦ
1098 1650 1271 1722 πυρὸς
1309 1647 1719 1721 ἀφαιρεθέντος,

157 1745 225 1816 μὴ
255 1744 370 1797 κατ’
396 1743 608 1807 ἐκεῖνο,
658 1744 851 1814 φησὶν,
903 1740 1156 1797 άπόλλοιο
1181 1784 1197 1807 ,
1241 1742 1336 1797 καὶ
1365 1740 1723 1811 άφανισθείης

1817 545 2037 615 ollicio;
2068 548 2211 604 Deus
2235 555 2421 602 autem
2457 557 2682 604 natura.

2419 735 2573 793 CAP.
2613 735 2797 793 XLIV.

1796 872 1811 897 κν
1896 824 2051 884 Vcrs.
2084 828 2137 884 5.
2187 856 2259 868 —
2295 826 2480 899 Condg
2525 844 2630 885 vox
2679 830 2757 884 nil
2804 838 2997 899 prater
3034 830 3291 901 poculum
3321 830 3403 886 si-

1819 921 2063 991 gniticet.
2100 921 2165 975 At
2204 920 2369 987 illud,
2402 921 2643 991 Auguria
2670 932 2968 992 auguratur
2997 926 3050 975 in
3087 939 3167 986 eo,
3200 922 3405 976 indicat

1820 1014 1952 1067 illud
1983 1013 2155 1068 fuisse
2187 1014 2567 1083 praestantius.
2592 1024 2853 1084 tanquam
2876 1015 3161 1084 principis,
3196 1015 3297 1069 hoc
3320 1022 3406 1068 est

1818 1105 2079 1175 poculum
2111 1119 2223 1176 quo
2260 1106 2406 1160 inter
2436 1105 2705 1163 solemnia
2753 1106 3035 1160 utebatur.
3066 1105 3249 1161 lnnnit
3274 1123 3406 1178 ergo

1820 1210 1910 1252 res
1951 1211 2049 1252 eos
2079 1197 2164 1252 vel
2195 1196 2372 1266 ipsius
2402 1197 2638 1269 imperio
2669 1197 2960 1253 invidisse.

2410 1373 2565 1431 CAP.
2609 1372 2799 1429 XLlX.

1892 1464 2051 1522 Vers.
2079 1465 2133 1520 4.
2161 1496 2231 1507 -
2257 1466 2395 1522 Cum
2431 1482 2496 1522 ea
2536 1468 2609 1522 sit
2640 1482 2797 1537 aqua:
2832 1474 3031 1520 natura
3057 1505 3073 1531 ,
3101 1472 3161 1519 ut
3190 1464 3409 1518 admoto

1821 1555 1946 1629 igne
1983 1557 2343 1625 eil'erveSCat,
2382 1567 2439 1614 et
2485 1568 2699 1614 remoto
2733 1559 2856 1629 igne
2904 1558 3106 1613 bullire
3151 1556 3409 1626 protinus

1819 1650 2078 1716 desinat,
2107 1650 2300 1706 eadem
2334 1651 2548 1707 ratione
2571 1692 2588 1717 ,
2630 1653 2829 1725 inquit,
2860 1667 2929 1707 ne
2958 1664 3153 1722 pereas
3176 1689 3191 1713 ,
3232 1661 3410 1717 neque

1820 1752 1998 1798 morte
2026 1744 2256 1798 omnino
2285 1760 2610 1800 evanescas.
2645 1744 2761 1799 Hoc
2793 1744 2939 1800 enim
2980 1741 3222 1798 declarat
3251 1738 3407 1802 illud,

149 1841 223 1903 είς
266 1837 323 1891 τὸ
356 1836 624 1900 παντελὲς
664 1835 740 1908 τῷ
769 1835 1005 1907 θανάτῳ.
1040 1834 1211 1889 Τοῦτο
1256 1836 1366 1908 γάρ
1415 1834 1565 1904 λέγει
1591 1874 1606 1896 ,
1634 1833 1712 1898 ὼς

1831 1833 1954 1886 sicut
1983 1850 2123 1906 aqua
2150 1852 2253 1889 non
2268 1836 2595 1905 eﬂ'ervcscas.
2622 1836 2885 1904 Quamvis
2915 1843 3139 1906 peccato
3173 1843 3287 1896 tuo,
3310 1833 3410 1895 ait,

149 1930 293 1999 ὕδωρ
317 1930 404 1999 μὴ
436 1928 717 1998 ἐκζέσης.
742 1927 931 1999 Εἱγὰρ
964 1926 1059 1981 καὶ
1084 1926 1146 1979 τὸ
1170 1927 1493 1999 ἁμάρτημα,
1526 1925 1712 1996 φησιν1

1831 1927 2054 1981 exitium
2110 1928 2209 1983 tibi
2252 1931 2627 2000 promerueris
2652 1970 2669 1994 ,
2713 1945 2781 1985 ne
2814 1940 3000 1984 tamen
3056 1942 3272 1999 pereas,
3311 1940 3412 1981 nec

144 2025 284 2091 ἄξιόν
311 2025 463 2076 ἐστιν
494 2021 716 2094 ὄλεθρόν
756 2038 838 2075 σοι
883 2021 1218 2089 ἐπαγαγεῖν.
1258 2018 1393 2073 ἀλλὰ
1425 2017 1500 2090 μὴ
1550 2018 1712 2080 οὕτως

1831 2018 1999 2073 instar
2024 2035 2181 2091 aquae
2202 2021 2436 2087 tollaris,
2459 2037 2561 2076 nec
2580 2022 2851 2078 exstincto
2876 2036 2992 2093 quo
3019 2019 3185 2076 ardes
3204 2020 3409 2082 calore,

145 2114 410 2177 ἀπόλλοιο,
442 2114 579 2185 μηδὲ
611 2113 767 2183 δίκην
800 2110 991 2174 ὓδατος
1024 2109 1412 2183 διαφθαρείης,
1441 2110 1540 2181 τὴν
1572 2106 1712 2161 ἑνοῦ-

1831 2110 2085 2180 progenie
2101 2112 2329 2167 omnino
2345 2126 2563 2169 careas.

143 2225 237 2262 σαν
258 2194 604 2278 ἀποθέμενος
633 2205 864 2278 θέρμην,
898 2202 976 2276 τῷ
1004 2203 1258 2276 διαδοχὴν
1296 2204 1361 2257 ὲκ
1401 2203 1497 2257 σού
1546 2201 1720 2274 μηδε-

144 2303 263 2373 μίαν
296 2299 584 2370 γενέσθαι.

203 2395 353 2465 Στίχ.
390 2400 444 2449 ι’.
466 2390 803 2464 -Είρηκὼς
830 2392 892 2447 τὸ
917 2392 1017 2464 τῆς
1044 2391 1192 2457 ὄνου,
1214 2390 1381 2462 ἤγουν
1400 2389 1492 2443 τοῦ
1518 2388 1724 2455 πώλου,

136 2477 400 2558 ξφ⁹’ᾧπερ
443 2485 720 2556 ὲκαθέσθη
751 2486 857 2556 πρὸ
886 2485 980 2540 τοῦ
1009 2484 1211 2548 πάθους
1258 2486 1285 2538 ό
1337 2482 1543 2555 Κύριος
1565 2525 1578 2544 ,
1629 2484 1728 2535 ἐπ-

133 2578 250 2647 άγει
280 2577 379 2630 καὶ
398 2575 505 2631 τοῦ
557 2575 764 2640 πάθους
801 2576 902 2648 τὴν
950 2578 1202 2648 μήνυσιν.
1228 2573 1457 2629 Πλυνεῖ
1478 2574 1549 2628 ἐν
1582 2573 1727 2641 οἴνῳ

132 2668 242 2737 τὴν
271 2667 521 2735 στολὴν
552 2667 741 2721 αὑτοῦ
764 2705 781 2732 ,
809 2666 903 2721 καὶ
948 2668 1019 2721 τά
1065 2666 1215 2737 ἑξῆς.
1251 2666 1411 2727 Ἕθος
1436 2667 1503 2736 τῇ
1534 2665 1726 2737 Γραφῇ

135 2762 257 2833 οϊνῳ
286 2761 657 2833 παρεικάζειν
682 2760 779 2824 τὰς
814 2760 1083 2831 τιμωρίας
1133 2760 1227 2813 καὶ
1264 2758 1390 2823 τοὺς
1419 2758 1682 2822 θανάτους
1709 2774 1725 2789 ·

130 2854 201 2918 ὡς
226 2854 308 2918 τὸ,
338 2852 645 2922 Ποτήριον
681 2853 751 2906 ἐν
776 2851 926 2923 χειρὶ
949 2851 1170 2921 Κυρίου
1200 2851 1370 2905 οἴνου
1418 2849 1679 2920 ἀκράτου
1710 2866 1725 2881 ⁸

132 2948 215 3001 ἵνα
243 2946 376 3021 εἴπῃ
401 2986 417 3009 ,
450 2946 537 2999 ’ότι
574 2945 667 2998 ἐπὶ
708 2944 809 3015 τῆς
844 2944 1092 3011 ἐξουσίας
1135 2944 1252 2997 ἐστὶ
1297 2942 1401 3012 τῆς
1431 2941 1596 2997 αὑτοῦ
1628 2942 1712 3007 τὰς

1831 2942 2140 3015 est.pmnis
2180 2942 2421 3013 aﬂligere
2464 2956 2830 3015 quoscunque
2878 2942 3135 2998 voluerit.
3184 2941 3419 3008 Quando

125 3041 398 3111 τιμωρίας
422 3038 735 3106 ἐπαγαγεῖν
749 3034 832 3100 οἷς
851 3034 1121 3106 βούλεται.
1143 3034 1442 3089 Κάνταῦθα
1463 3034 1641 3088 τοίνυν
1667 3034 1712 3088 τί

1831 3035 1999 3106 igitur
2032 3036 2121 3092 hic
2147 3037 2463 3108 passionem
2486 3046 2542 3092 et
2573 3044 2807 3092 mortem
2834 3037 3022 3091 vinum
3064 3044 3248 3100 vocat,
3278 3036 3423 3091 bene

128 3132 295 3196 πάθος
326 3130 539 3185 καὶτὸν
553 3129 786 3183 θάνατον
803 3123 944 3181 οἶνον
962 3126 1153 3191 εἰπὼν,
1174 3126 1355 3191 καλῶς
1373 3126 1712 3198 προστέθεικε

1831 3129 2033 3200 adjecit
2085 3130 2140 3184 in
2188 3129 2459 3201 sanguine
2504 3145 2625 3184 uva:
2675 3130 3108 3187 esse"amietum
3154 3130 3311 3199 ejus.
3356 3137 3420 3183 ut

124 3226 181 3278 τὸ
203 3194 347 3280 εἶναι
372 3220 525 3293 αἷμα
550 3221 653 3293 τῆς
685 3220 959 3292 σταφυλῆς
975 3219 1074 3291 τὴν
1097 3218 1393 3292 περιϐολὴν
1418 3194 1585 3273 αὐτοῦ
1604 3234 1618 3248 σ
1651 3220 1712 3282 ὡς

1832 3222 2121 3294 sanguinis
2152 3224 2380 3279 nomine
2424 3223 2741 3294 passionem
2793 3223 3145 3280 manifestius
3168 3224 3422 3279 declara-

125 3317 189 3371 ἆν
216 3319 296 3391 τῷ
346 3318 450 3372 τοῦ
493 3319 732 3389 αἵματος
773 3314 1001 3385 ὀνόματι
1055 3313 1385 3385 σαφέστερον
1411 3310 1627 3384 δηλώσῃ
1667 3311 1712 3363 τε

1831 3325 1936 3372 ret.
1986 3316 2198 3373 Stolain
2240 3326 2421 3373 autem
2459 3318 2697 3389 appellat
2734 3328 3073 3388 assumptatn
3126 3319 3270 3375 servi
3302 3317 3419 3372 for-

122 3413 313 3477 πάθος.
348 3411 574 3483 Στολὴν
597 3410 696 3481 μὲν
722 3403 816 3462 οὖν
842 3405 1006 3461 αὑτοῦ
1030 3406 1284 3477 ὀνομάζει
1312 3406 1413 3477 τὴν
1430 3405 1712 3476 ληφθεῖσαι

1831 3426 1999 3465 mam.
2057 3409 2208 3466 Satis
2256 3417 2442 3466 autem
2484 3419 2714 3480 apparet
2750 3411 2881 3465 vino
2933 3420 3115 3467 vestes
3162 3411 3421 3466 mundari

120 3504 227 3557 τοῦδ
250 3505 450 3559 δούλου
492 3502 738 3576 μορφήν.
771 3498 1009 3571 Εθδηλον
1047 3499 1128 3562 δὲ,
1165 3498 1241 3563 ὡς
1275 3496 1404 3569 οἴνῳ
1432 3496 1705 3551 πλύνεσθα

1831 3519 1940 3559 non
1969 3518 2167 3574 posse;
2189 3502 2300 3558 imo
2322 3503 2452 3557 vino
2476 3503 2731 3573 protinus
2752 3502 2827 3557 ita
2848 3503 3196 3573 polluuntur,
3223 3512 3282 3557 ut
3304 3504 3421 3558 hate
3452 3562 3458 3571 ,

115 3598 322 3669 ἐσθῆτα
349 3599 461 3669 οὐχ
491 3592 611 3649 οἷόν
639 3610 719 3647 τεο
737 3592 1043 3648 τούναντίον
1071 3591 1128 3645 δὲ
1153 3591 1247 3645 καὶ
1280 3590 1568 3662 μολύνεται
1601 3590 1712 3662 οἴνο

1831 3598 2063 3668 pollutio
2103 3612 2213 3652 non
2246 3596 2355 3652 nisi
2392 3596 2715 3652 diﬂicillime
2743 3596 2912 3651 deleri
2956 3596 3156 3667 possit.
3194 3596 3263 3649 At
3291 3611 3419 3649 cum
3464 3582 3466 3585 ’

118 3693 307 3756 εὐθὺς,
346 3691 430 3755 ὡς
466 3692 573 3744 καὶ
603 3688 967 3742 δυσέκπλυτον
990 3681 1132 3740 εἶναι
1161 3685 1251 3739 τὸν
1280 3684 1340 3751 ἐξ
1372 3682 1535 3737 αὐτοῦ
1569 3683 1712 3755 μολυ-

1833 3691 2150 3747 hominibus
2188 3706 2338 3747 mors
2360 3691 2486 3745 vita:
2513 3689 2811 3760 depositio,
2842 3688 3075 3744 Domino
3102 3697 3283 3743 autem
3310 3704 3418 3743 non

114 3784 270 3854 σμόν.
333 3782 495 3838 Ἀλλ’
539 3781 730 3852 ἐπειδὴ
758 3782 786 3834 ό
821 3779 1051 3843 θάνατος
1094 3779 1230 3832 πᾶσι
1279 3777 1377 3848 μὲν
1424 3775 1712 3848 ἀνθρώποις

1833 3782 1960 3836 vita:
1999 3780 2304 3852 depositio,
2353 3780 2449 3835 sed
2498 3780 2791 3841 translatio
2835 3780 2905 3834 ad
2944 3780 3108 3834 aliam
3134 3781 3418 3835 meliorem

113 3875 379 3940 ἀπόθεσις
403 3876 537 3929 ἐστι
564 3874 731 3944 ζωῆς,
752 3872 832 3943 τῷ
851 3872 906 3926 δὲ
927 3871 1119 3943 Κυρίῳ
1147 3871 1246 3923 ούκ
1271 3869 1529 3933 ἀπόθεσις
1564 3869 1708 3940 ζωῆς

1834 3876 2025 3937 vitam,
2060 3888 2224 3942 quam
2255 3889 2285 3928 e
2323 3873 2558 3928 mortuis
2585 3888 2882 3944 resurgens
2915 3872 3147 3943 accepit,
3173 3872 3297 3927 ideo
3332 3872 3421 3927 di-

106 3967 242 4022 ἀλλὰ
279 3969 650 4041 μετάστασις
676 3966 813 4038 πρὸς
840 3966 1035 4036 ὲτέραν
1065 3965 1185 4019 τινὰ
1218 3964 1501 4032 κρείττονα
1541 3962 1712 4031 γέγονε

1836 3967 1911 4022 cit
1944 3986 1957 4022 :
1988 3965 2214 4021 Lavabit
2261 3966 2315 4019 in
2365 3967 2487 4020 uino
2532 3967 2724 4020 stolam
2767 3983 2921 4021 suam
2943 4006 2959 4031 ,
2994 3976 3049 4021 et
3081 3974 3299 4022 caetera.
3322 3964 3424 4021 llis

110 4059 277 4131 ζωὴν,
294 4062 385 4125 εἰς
406 4064 483 4133 ἢν
497 4061 574 4113 ὲκ
592 4058 801 4131 νεκρῶν
821 4057 1061 4121 ἀναστὰς
1084 4054 1414 4129 μετελήλυθε
1433 4070 1446 4084 °
1468 4054 1557 4109 διὰ
1575 4055 1712 4107 τοῦτα

1836 4058 1983 4114 enim
2048 4059 2324 4132 signiﬁcat
2372 4069 2604 4115 mortem
2659 4059 2886 4115 Christo
2932 4074 3041 4114 non
3086 4059 3154 4114 ad
3201 4072 3421 4130 patriam

104 4150 276 4221 λέγει,
300 4152 572 4208 Πλυνεῒ
591 4152 662 4205 ἐν
690 4152 835 4216 οϊνῳ
876 4149 993 4219 τὴν
1030 4147 1259 4217 στολὴν
1297 4148 1483 4202 αὑτοῦ
1503 4188 1518 4211 ,
1545 4146 1642 4201 καὶ
1666 4149 1712 4201 τέ

1838 4150 1981 4217 dari,
2018 4160 2080 4205 ut
2110 4153 2347 4218 caeteris,
2381 4152 2479 4209 sed
2507 4164 2567 4208 ut
2595 4152 2795 4208 exinde
2829 4151 3099 4209 illustrior
3138 4159 3423 4223 appareat,

106 4246 267 4318 ἑξῆς·
298 4247 395 4301 ἵνα
430 4245 620 4317 εἴπῃ,
664 4244 747 4298 ὅτι
780 4243 989 4309 δέξεται
1028 4242 1090 4296 τδ
1122 4240 1295 4304 πάθος
1324 4241 1426 4293 οὐκ
1451 4239 1543 4293 ἐπὶ
1572 4257 1712 4310 τιμω

1839 4244 2175 4300 immortalis
2209 4254 2265 4302 et
2299 4244 2740 4317 incorruptibilis
2770 4243 2972 4300 factus.

102 4330 221 4405 ρίᾳ.
241 4339 322 4395 ὥς
356 4339 415 4393 οί
445 4337 681 4401 λοιποὶ,
713 4336 829 4391 ἀλλ’
853 4336 929 4399 ὡς
959 4335 1094 4389 πολὺ
1133 4333 1519 4405 λαμπρότερος
1550 4331 1609 4398 ἐξ
1636 4331 1737 4384 αύ-

99 4422 195 4475 τοῦ
224 4425 491 4494 φανῆναι
515 4464 533 4487 .
576 4430 847 4494 ἀθάνατος
872 4430 965 4483 καὶ⁴
999 4426 1278 4499 ἄφθαρτος
1302 4425 1564 4497 γεγονώς.

166 4513 329 4585 Στίχ.
370 4514 472 4585 ιβ’.
511 4543 600 4556 -
626 4516 940 4585 χαροποιοι
974 4524 1028 4575 οι
1067 4520 1360 4590 ὀφθαλμοὶ
1398 4504 1585 4575 αὐτοῦ
1615 4521 1712 4575 ἀπε

1911 4519 2070 4577 Vers.
2111 4520 2197 4578 12.
2224 4551 2297 4562 -
2333 4519 2582 4593 (ἕναιὶβεὶ
2621 4522 2763 4577 oculi
2804 4522 2921 4592 ejus
2949 4536 3106 4591 super
3138 4521 3337 4585 vinum,
3370 4528 3422 4575 et

96 4607 272 4662 οἷνου
299 4648 317 4672 ,
375 4608 493 4662 καὶ
567 4609 779 4663 λευκοί
830 4614 883 4666 οὶ
937 4613 1181 4682 ὀδόντες
1229 4612 1416 4667 αὑτοῦ
1466 4613 1504 4683 ἢ
1556 4612 1711 4684 γάλα

1839 4615 2058 4670 candidi
2100 4615 2282 4670 dentes
2320 4616 2433 4685 ejus
2462 4632 2621 4686 quant
2665 4615 2771 4670 lac.
2805 4615 3037 4683 Quando
3062 4614 3207 4670 oculi
3241 4612 3420 4669 homi-

106 4700 338 4775 Ἐπειδὴ
382 4700 513 4773 γὰρ
548 4698 667 4755 τῶν
695 4701 824 4774 οἴνῳ
852 4705 1032 4778 πολλῷ
1048 4706 1413 4779 ⁸κεχρημένων
1439 4706 1559 4771 ἔθος
1580 4706 1710 4777 ὑφαί

1838 4725 1971 4763 num
2017 4710 2147 4764 vino
2178 4709 2489 4765 deditorum
2532 4710 2857 4765 subcruenti
2888 4710 3180 4771 videntur,
3215 4704 3424 4761 indicat

92 4807 230 4860 μους
282 4808 419 4855 πως
468 4785 633 4844 εἶναι
670 4792 797 4855 τοὺς
828 4793 1182 4866 ὀφθαλμοὺς,
1210 4794 1369 4849 τοῦτο
1415 4795 1602 4865 λέγει,
1652 4797 1711 4849 ὅτ

1839 4802 1927 4857 his
1964 4801 2251 4857 Chrismm
2293 4812 2417 4871 post
2467 4803 2782 4873 passionem
2835 4811 2889 4857 et
2936 4811 3170 4856 mortem
3222 4812 3419 4854 novam

88 4883 232 4939 κατά
270 4884 388 4955 μὲν
426 4882 501 4936 τὸ
543 4881 725 4946 πάθος
772 4884 866 4937 καὶ
906 4885 998 4939 τὸν
1028 4885 1257 4941 θανάτον
1296 4887 1580 4940 ἀλλοίωσίν
1613 4904 1712 4940 τινι

1839 4881 2081 4964 speciem
2105 4902 2481 4964 accepturum.
2514 4896 2666 4950 Adeo
2696 4904 2875 4950 autem
2904 4895 3130 4949 meliora
3158 4892 3425 4948 sortietur

86 4977 353 5042 φανεῖται
390 4973 757 5045 δεξάμενοςο
780 4977 1049 5047 τοσαύτην
1077 4978 1135 5032 δὲ
1166 4978 1278 5044 ἕξει
1322 4979 1415 5031 ἐπὶ
1450 4978 1513 5032 τὸ
1556 4982 1712 5050 κρεῖτ

1840 4993 1901 5040 ιιι
1947 4986 2091 5040 lacte
2140 4986 2766 5058 candidiorappareat.
2832 4986 2966 5040 Nam
3022 5003 3088 5041 ex
3138 4984 3421 5044 dentibus,

83 5083 173 5121 τον
209 5068 572 5141 μεταϐολὴν
599 5106 615 5131 ,
649 5068 723 5132 ὡς
767 5068 1041 5138 γάλακτος
1073 5073 1306 5143 φανῆναι
1332 5071 1709 5145 λαμπρότερος

1839 5085 2105 5149 tanquam
2142 5094 2208 5134 ex
2240 5089 2397 5150 parte
2422 5119 2438 5144 ,
2470 5088 2647 5135 totum
2681 5082 2794 5135 vult
2820 5079 3157 5150 signiﬁcare.
3193 5075 3425 5146 Insuper

94 5161 230 5214 Ἀπὸ
260 5162 386 5233 γὰρ
417 5160 555 5213 τῶν
592 5158 821 5214 ὀδόντων
848 5201 862 5225 ,
896 5162 971 5226 ὡς
1001 5162 1110 5218 ἀπὸ
1143 5164 1344 5236 μέρους
1364 5205 1379 5229 ,
1418 5166 1480 5218 τὸ
1513 5166 1623 5218 πᾶν
1651 5166 1733 5217 εἰ-

83 5256 208 5308 πεῖν
233 5252 565 5327 ὴόουλήθη
599 5269 615 5283 ⁸
645 5254 738 5308 καὶ
766 5254 1004 5325 μάλιστα
1032 5257 1220 5328 ἐπειδή
1250 5276 1366 5323 πως
1387 5259 1712 5328 άποκεκρυμ

1839 5274 2031 5334 aperto
2061 5280 2156 5319 ore
2183 5274 2487 5337 apparent;
2511 5266 2588 5319 ita
2616 5268 2782 5321 etiam
2814 5261 3022 5317 Christi
3049 5258 3258 5316 candor
3287 5266 3427 5313 tem-

81 5349 289 5418 μένους
330 5350 448 5421 μὲν
476 5343 643 5401 εἶναι
666 5349 778 5411 τοῖς
800 5347 1004 5419 χείλεσι
1028 5351 1154 5413 τοὺς
1178 5350 1397 5413 ὀδόντας
1424 5366 1487 5402 συ
1497 5349 1710 5420 μόαίνει

1839 5371 1973 5425 pore
1999 5357 2194 5413 mortis
2235 5359 2572 5424 occultatus,
2606 5364 2797 5427 postea
2823 5354 3081 5412 omnibus
3118 5367 3213 5423 per
3237 5366 3428 5407 resur-

74 5440 517 5512 ἀναφαίνεσθαι
569 5438 635 5491 δὲ
679 5439 1085 5510 διανοιγομὲνου
1128 5441 1223 5495 τοῦ
1264 5441 1553 5511 στόματος.
1582 5442 1712 5495 Οὖτο

1839 5447 2150 5503 rectionem
2183 5449 2492 5521 apparebit.

70 5533 129 5587 δέ
162 5552 290 5602 πως
351 5535 469 5591 καὶ
538 5535 585 5604 ἡ
642 5533 769 5605 περὶ
810 5534 975 5592 αὑτὸν
1021 5536 1343 5610 λαμπρότης
1392 5538 1753 5611 κεκρυμμένη
1808 5543 1950 5597 κατὰ
2001 5545 2093 5599 τὸν
2146 5545 2240 5600 τοῦ
2299 5545 2530 5602 θανάτου
2593 5544 2782 5616 καιρὸν
2836 5541 3245 5614 ἀναφανήσεται
3292 5539 3430 5595 πᾶσι

72 5629 160 5687 διὰ
189 5631 303 5707 τῆς
352 5626 781 5693 ἀναστάσεως.

1894 2386 2055 2445 Vers.
2090 2389 2175 2444 10.
2208 2418 2279 2429 -
2317 2386 2612 2444 Nominato
2655 2390 2815 2444 asino
2852 2403 2948 2445 seu
2986 2387 3159 2458 pullo,
3196 2388 3285 2443 eui
3321 2402 3417 2443 su-

1827 2483 2069 2553 persedit
2112 2480 2383 2537 Dominns
2427 2491 2557 2536 ante
2609 2481 2922 2553 passionem
2958 2496 3137 2544 suam,
3191 2495 3336 2535 nunc
3359 2488 3416 2536 et

1828 2574 1999 2644 ipsam
2036 2573 2349 2643 passionem
2393 2582 2686 2629 memorat.
2728 2571 2957 2626 Lacabit
2989 2573 3045 2626 in
3071 2573 3191 2626 vino
3218 2572 3414 2626 stolam

1826 2682 1979 2720 suam
1999 2706 2014 2731 ,
2047 2675 2101 2721 et
2134 2676 2351 2721 caetera.
2384 2664 2687 2736 Scripturze
2704 2681 2824 2720 mos
2854 2674 2941 2722 est
2974 2666 3107 2719 vino
3133 2680 3326 2736 pwnas
3360 2672 3417 2721 et

1827 2766 2060 2811 mortem
2094 2755 2356 2827 ﬁgurare,
2391 2756 2472 2811 uti
2496 2757 2552 2811 in
2576 2757 2671 2812 illo
2699 2776 2713 2812 :
2750 2753 2911 2811 Calix
2933 2757 2989 2811 in
3016 2773 3177 2810 manu
3206 2756 3417 2811 Domini

1826 2849 1935 2903 vini
1957 2849 2089 2903 meri
2116 2847 2291 2920 (Psal.
2320 2864 2509 2914 LXXIV,
2536 2849 2615 2921 8),
2640 2849 2803 2919 quasi
2830 2849 2979 2904 dicat
2999 2890 3013 2914 ,
3043 2848 3218 2905 Penes
3244 2848 3417 2904 Deum

1838 5171 2301 5243 quemadmodum
2353 5173 2547 5229 dentes
2583 5174 2746 5228 labiis
2798 5172 3147 5227 occultantur
3190 5177 3244 5224 et
3300 5167 3423 5222 dein
