3904 6522
492 380 499 393 κ
526 325 625 385 (H7

1697 329 2052 386 THEODORI
2085 328 2100 385 l

2209 326 2576 389 ’SUESTENI
3629 347 3635 355 ’
3664 344 3739 395 HS

1313 527 2143 619 FRAGMENTUM
2235 533 2360 620 IN
2448 529 3009 623 EXODUM.

1120 744 1271 801 CAP.
1314 746 1501 803 XXVI.

532 850 535 851 '
588 838 745 894 Vers.
773 838 865 894 55.
907 868 977 881 -
1017 838 1423 895 Candelabrum
1476 849 1597 896 erat
1637 843 1948 913 symbolum
1997 841 2107 897 diei
2182 832 2186 843 ’

516 946 544 984 a
591 930 699 985 Deo
727 930 981 999 perfecti.
1018 930 1174 987 Unde
1199 934 1365 985 etiam
1396 944 1605 1002 septem
1639 935 1903 989 lucernas
1940 935 2110 989 hahe-

514 1023 627 1086 bat,
655 1024 860 1093 quibus
893 1023 1192 1079 hebdomas
1219 1024 1433 1078 dierum
1472 1026 1834 1095 figurabatur.
1867 1026 1944 1080 Ita
1973 1028 2102 1096 qui-

513 1116 636 1171 dem
678 1117 1045 1171 coustitutum
1067 1125 1185 1171 erat
1212 1118 1367 1186 prius
1388 1118 1825 1172 tabernaculum.
1854 1119 1918 1171 At
1944 1119 2109 1173 simul

515 1211 697 1263 omnia
722 1209 892 1279 ﬁgura
915 1210 1263 1279 posterioris.
1287 1210 1424 1262 Nam
1458 1223 1583 1264 arca
1617 1210 1929 1265 testamenti
1969 1208 2110 1263 indi-

513 1305 679 1358 cabat
731 1305 938 1358 cultum
994 1313 1047 1357 et
1097 1304 1436 1371 agnitionem
1490 1301 1628 1369 Dei;
1677 1304 1875 1357 tabulae
1927 1312 2107 1357 autem

513 1397 830 1451 testamenti
876 1411 997 1466 qua:
1034 1397 1087 1449 in
1130 1411 1281 1458 arca,
1308 1405 1361 1449 et
1410 1398 1560 1464 virga
1605 1395 1787 1448 Aaron
1830 1394 2111 1463 significa-

504 1493 644 1545 ‘bant
664 1491 905 1543 divimnn
927 1490 1133 1543 cultum
1160 1492 1292 1561 legis
1309 1490 1697 1547 observatione
1721 1496 1775 1543 et
1797 1488 1972 1541 sacris
1995 1484 2111 1539 riti-

512 1583 616 1636 bus
643 1584 851 1653 perlici.
888 1580 1036 1635 Urna
1064 1598 1262 1636 manna
1302 1584 1511 1638 habens
1543 1579 1963 1637 commendabat
1995 1591 2111 1630 me-

510 1676 745 1728 moriam
783 1675 1069 1744 temporis,
1105 1690 1215 1743 quo
1248 1675 1322 1729 ita
1350 1692 1379 1729 a
1416 1674 1528 1729 Deo
1556 1672 1783 1735 eruditi,
1816 1684 2018 1725 manna
2054 1670 2110 1722 in

508 1765 733 1820 deserto
757 1765 1146 1819 vescebantur.
1176 1763 1509 1819 Deelarabat
1530 1765 1695 1818 etiam
1730 1775 1959 1815 aureum
1984 1759 2113 1812 thu-

513 1860 752 1914 ribulutn
806 1868 1021 1929 gratam
1071 1874 1196 1913 esse
1243 1858 1354 1913 Deo
1400 1867 1455 1913 et
1500 1866 1816 1927 accceptam
1850 1856 2109 1908 virtutem

510 1968 633 2022 qua:
664 1953 749 2006 his
795 1952 1107 2021 perficitur.
1151 1950 1420 2005 lnnuebat
1451 1966 1649 2005 aurum
1687 1964 1753 2004 ex
1778 1949 1926 2002 omni
1955 1954 2112 2017 parte

512 2049 651 2103 nihil
689 2048 747 2102 in
790 2047 958 2103 terris
994 2046 1106 2102 Deo
1145 2046 1321 2116 magis
1365 2046 1584 2116 placere
1613 2058 1779 2114 quam
1823 2041 2106 2094 hominum

2764 750 3009 806 ΚΕΦΑΛ.
3062 753 3208 820 Κςῖι.

2282 841 2430 911 Στίχ.
2459 842 2549 896 λε’.
2587 872 2656 882 --
2702 843 2765 895 Ἠ
2807 844 2864 897 δὲ
2892 844 3079 915 λυχνία
3111 842 3378 913 σύμϐολον
3418 840 3487 914 ἦν
3524 844 3612 914 τῆς
3643 846 3743 899 ἀπο·

2210 935 2539 1006 τελουμένης
2586 936 2737 1006 παρὰ
2774 936 2867 989 τοῦ
2894 936 3029 989 Θεοῦ
3074 937 3305 1007 ἡμέρας.
3342 936 3505 988 Ὀθεν
3542 939 3622 989 καὶ
3644 940 3745 991 ἑπτὰ

2208 1027 2335 1089 τοὺς
2357 1029 2541 1097 φωστῆ
2550 1046 2649 1099 ρας
2671 1024 2804 1098 εἶχε,
2826 1028 3090 1097 σύμϐολον
3112 1027 3209 1098 τῆς
3232 1027 3525 1095 ἑϐδομάδος
3542 1029 3631 1080 τῶν
3648 1032 3747 1100 ἠμῖς

2213 1120 2341 1190 ρῶν.
2363 1120 2517 1173 Οὕτω
2541 1123 2638 1191 μὲν
2661 1120 2754 1173 οὖν
2795 1118 2988 1192 εἶχενή
3013 1121 3204 1193 πρώτη
3229 1122 3423 1191 σκηνή.
3445 1122 3599 1187 Λέγει
3616 1122 3661 1174 δὲ
3681 1127 3745 1177 καὶ

2209 1212 2280 1264 τά
2296 1213 2395 1282 τῆς
2414 1213 2690 1283 δευτέρας.
2708 1214 2771 1265 Ἡ
2792 1215 2889 1282 μὲν
2916 1210 3009 1266 οῦν
3036 1213 3265 1277 κιϐωτὸς
3286 1213 3385 1282 τῆς
3401 1212 3746 1284 διαθήκῃπῆς

2209 1302 2304 1356 τοῦ
2330 1303 2486 1355 Θείου
2515 1304 2806 1376 θεραπείας
2826 1323 2884 1361 τε
2908 1306 3001 1359 καὶ
3024 1306 3375 1373 ἐπιγνώσεως
3401 1304 3650 1374 σὺμῦοὶον
3668 1303 3744 1376 ἦν·

2211 1396 2268 1448 αἱ
2291 1397 2346 1449 δὲ
2364 1398 2419 1447 ὲν
2451 1398 2588 1467 αὐτῇ
2621 1398 2828 1461 πλάκες
2848 1398 2947 1467 τῆς
2971 1397 3255 1469 διαθήκης,
3283 1402 3375 1452 καὶ
3402 1400 3435 1467 ἡ
3464 1397 3559 1449 τοῦ
3588 1399 3747 1469 Ἀαρὼν

2214 1491 2406 1562 ῥάϐδος
2426 1533 2439 1555 ,
2467 1492 2623 1545 τοῦτο
2660 1494 2957 1563 ἐσήμαινον
2978 1510 2992 1523 ο
3040 1494 3101 1547 τὸ
3135 1493 3232 1565 τὴν
3265 1495 3393 1564 περὶ
3431 1494 3525 1547 τὸν
3552 1494 3664 1547 Θεὸν
3686 1494 3748 1548 θε-

2216 1584 2446 1656 ραπείαν
2477 1583 2564 1638 διά
2589 1602 2647 1638 τε
2694 1586 2793 1654 τῆς
2824 1586 2930 1637 τῶν
2975 1585 3219 1656 νομίμων
3250 1585 3591 1657 πληροῦσθαι
3621 1587 3748 1655 φυλα-

2196 1675 2313 1744 κῆς
2336 1715 2349 1737 ,
2379 1675 2471 1728 καὶ
2501 1675 2597 1745 τῆς
2626 1672 2763 1728 κατὰ
2801 1674 2895 1745 τὴν
2928 1675 3199 1747 ἱερατείαν
3232 1674 3591 1746 λειτουργίας.
3632 1676 3680 1728 Ἡ
3707 1676 3748 1727 δὲ

2210 1766 2269 1819 τὸ
2299 1766 2472 1836 μάννα
2503 1766 2701 1836 ἔχουσα
2735 1768 2969 1838 στάμνος
2988 1811 3002 1833 ,
3033 1765 3333 1838 ὑπόμνημα
3362 1763 3429 1839 ἦν
3457 1766 3553 1819 τοῦ
3581 1766 3749 1837 καιροῦ,

2211 1859 2334 1912 καθ’
2371 1860 2430 1911 ὃν
2455 1858 2629 1912 ταῦτα
2654 1859 2805 1929 ’παρὰ
2830 1857 2924 1911 τοῦ
2951 1856 3087 1911 Θεοῦ
3123 1857 3529 1929 παιδευόμενοι,
3568 1859 3621 1909 τὸ
3653 1860 3753 1927 μάν-

2210 1968 2276 2003 να
2300 1950 2439 2003 κατὰ
2461 1951 2558 2022 τὴν
2586 1949 2794 2021 ἔρημον
2825 1947 3185 2020 διετρέφοντο.
3221 1950 3295 2001 Τὸ
3337 1949 3526 2019 μέντοι
3568 1948 3751 2018 χρυσοῦν

2210 2040 2596 2112 θυμιατήριον,
2628 2039 2896 2111 σύμϐολον
2927 2039 3020 2093 τοῦ
3054 2039 3239 2093 δεκτὸν
3278 2034 3418 2092 εἶναι
3461 2038 3543 2109 τῷ
3568 2039 3668 2111 Θεῷ
3687 2042 3754 2092 καὶ

510 2141 663 2194 circa
716 2140 972 2210 pietatem
1018 2139 1285 2194 studium.
1334 2136 1636 2193 Cherubim
1694 2149 1816 2207 quae
1871 2134 2100 2203 desuper

2209 2135 2305 2206 ἡδὺ
2364 2135 2463 2205 τὴν
2515 2133 2623 2187 ἀπὸ
2677 2132 2883 2186 τούτων
2939 2131 3320 2203 πληρουμένην
3381 2132 3605 2201 ἀρετήν.
3653 2131 3753 2198 Περὶ

509 2244 691 2297 erant,
724 2241 883 2288 erant
916 2234 1181 2287 memoria
1205 2232 1570 2287 invisibilium
1595 2241 1649 2286 et
1671 2229 2101 2283 ministratoria-

508 2341 632 2379 rum
681 2326 969 2379 virtutum.
1025 2324 1176 2391 Quas
1228 2325 1374 2379 inter
1426 2324 1597 2379 Deum
1632 2322 1843 2378 versari
1873 2319 2102 2374 decebat

508 2424 635 2473 cum
690 2418 1060 2474 invisibilibus
1106 2417 1446 2483 virtutibus,
1488 2428 1751 2489 tanquam
1806 2414 2096 2473 ministris.

508 2512 589 2564 uti
622 2511 854 2573 soleret,
887 2519 941 2564 et
979 2526 1078 2580 per
1113 2525 1176 2565 ea
1222 2521 1423 2565 cuncta
1452 2524 1712 2581 peragere
1742 2522 1865 2577 qute
1894 2506 1962 2560 ad
1990 2505 2099 2559 uti-

510 2604 714 2658 litatem
748 2604 1057 2657 animarum
1089 2611 1405 2658 nostrarum
1445 2604 1746 2673 pertinent.

2209 2230 2387 2284 πάντα
2420 2228 2477 2281 δὲ
2498 2226 2700 2299 χρυσὸς
2723 2268 2737 2290 ,
2770 2228 2849 2290 είς
2891 2227 3112 2297 μήνυμα
3150 2224 3243 2279 τοῦ
3271 2225 3497 2279 πάντων
3526 2220 3652 2276 εἶναι
3673 2223 3753 2273 τῶν

2208 2326 2301 2378 ἐπὶ
2328 2324 2429 2392 γῆς
2462 2322 2805 2394 τιμιωτέρων
2825 2320 2944 2391 Θεῷ
2968 2320 3064 2391 τὴν
3096 2322 3225 2391 περὶ
3250 2318 3426 2373 ταῦτα
3454 2319 3564 2371 τῶν
3586 2315 3753 2387 ἀνθρώ-

2207 2433 2324 2470 πων
2364 2416 2681 2486 ἐμμέλειαν.
2732 2414 2813 2467 Τὰ
2864 2414 2921 2466 δὲ
2970 2413 3226 2485 ὑπεράνω
3254 2412 3461 2465 τούτων
3499 2410 3755 2481 Χερουειμ,

2208 2509 2435 2579 μήνυμα
2472 2508 2581 2559 τῶν
2614 2507 2861 2579 ἀοράτων
2906 2506 3003 2561 καὶ
3048 2506 3439 2578 λειτουργικῶν
3475 2504 3754 2574 δυνάμεωνο

2200 2592 2279 2653 ’ὧν
2318 2601 2377 2652 ὲν
2428 2599 2577 2669 μέσῳ
2604 2597 2808 2651 τούτων
2838 2598 2926 2651 τὸν
2964 2596 3095 2650 Θεὸν
3121 2598 3487 2669 χρηματίζειν
3549 2595 3758 2649 συνέϐαι-

511 2710 631 2748 νενο
663 2697 849 2769 ἐπειδὴ
898 2698 992 2750 καὶ
1043 2700 1161 2760 ταῖς
1224 2698 1477 2769 ἁοράτοις
1524 2697 1830 2767 δυνάμεσι,
1901 2694 2167 2758 διακόνοις
2198 2694 2505 2765 κεχρῆσθαι
2569 2693 2647 2764 τῷ
2696 2692 2817 2764 Θεῷ
2870 2692 3031 2759 ἔθος,
3080 2692 3176 2747 καὶ
3228 2691 3316 2745 διὰ
3363 2691 3572 2744 τούτων
3617 2694 3757 2744 πάντα

510 2791 753 2863 πληροῦν
785 2793 851 2845 τὰ
892 2794 971 2856 εἰς
1009 2782 1276 2864 ὠφέλειαν
1307 2793 1648 2846 συντείνοντα
1674 2793 1783 2847 τῶν
1815 2794 2104 2865 ἡμετέρων
2144 2790 2352 2865 ψυχῶν.

1512 3076 2058 3170 EJUSDEM
2157 3076 2831 3195 THEQDORI.

1229 3295 2007 3411 EXPOSITIO
2128 3294 2275 3407 1N
2381 3292 3064 3455 PSALMo-s.

1112 3520 1189 3570 Ex
1231 3522 1408 3569 eatena
1444 3515 1742 3571 Corderisua
1768 3514 1817 3565 in
1844 3515 2087 3578 Psalmos,
2112 3516 2319 3567 insertis
2338 3530 2431 3567 suo
2450 3518 2563 3568 loco
2587 3519 2875 3583 fragmentis
2898 3521 3018 3572 alias
3040 3522 3206 3574 editis.

1092 3820 1424 3880 PSALMUS
1460 3822 1503 3878 Ι.

580 3914 748 3974 Vens.
777 3915 1522 3972 1.-Τ1ιεοάοτὶΑηῑὶοεΙιεηὶ,
1551 3916 1686 3972 Cum
1713 3913 1859 3971 Deus
1880 3912 2102 3987 pr0prie

511 4002 705 4067 beatus
728 4011 799 4065 sit
832 4008 1058 4080 [Paulus
1090 4009 1237 4064 enim
1263 4010 1340 4064 ait
1373 4029 1386 4065 :
1416 4009 1617 4064 Beatus
1648 4024 1709 4061 ac
1740 4008 1885 4062 solus
1916 4018 2099 4076 potens

512 4104 575 4175 (1
603 4103 739 4157 Tim.
785 4116 859 4166 Vl,
896 4099 1035 4173 45)],
1062 4098 1226 4171 hujus
1258 4116 1359 4155 nos
1394 4098 1775 4171 appellationis
1808 4098 2104 4169 participes

510 4195 727 4264 effecit,
790 4204 851 4250 ut
911 4196 1005 4265 qui
1055 4195 1219 4250 etiam
1264 4194 1444 4250 fidelis
1499 4194 1683 4249 dictus
1723 4193 1844 4248 sit:
1896 4189 2103 4245 Fidelis

510 4288 681 4351 enim,
722 4286 923 4355 inquit,
957 4284 1120 4350 Deus,
1150 4300 1243 4353 per
1277 4300 1430 4355 quem
1456 4284 1633 4337 vocati
1693 4282 1819 4337 estis
1880 4279 1931 4351 (l
1969 4279 2099 4337 Cor.

514 4395 553 4443 ι,
582 4378 660 4446 9).
705 4378 791 4443 Et,
827 4377 968 4431 Deus
997 4378 1197 4447 fidelis,
1228 4387 1279 4433 et
1320 4395 1424 4432 non
1458 4386 1536 4431 est
1574 4377 1832 4447 iniquitas
1878 4377 1933 4428 in
1982 4376 2097 4442 ipso

515 4470 699 4541 (Deut.
733 4486 904 4534 xxvii,
941 4470 1020 4541 4).
1050 4470 1143 4524 Sic
1168 4470 1333 4524 etiam
1358 4470 1491 4525 deos
1521 4478 1701 4535 vocat,
1736 4469 1897 4539 juxta
1920 4468 2097 4522 illud:

515 4550 626 4633 Ego
672 4564 787 4618 dixi
813 4581 830 4618 :
860 4563 951 4616 Dii
990 4564 1121 4617 estis
1162 4563 1340 4634 (Psal.
1391 4580 1591 4629 Lxxx1,
1621 4563 1699 4634 6).
1754 4561 1965 4616 Nomen
1994 4561 2098 4616 ita-

514 4672 619 4726 que
644 4658 802 4721 beati,
846 4656 1063 4711 fructus
1103 4666 1188 4711 est
1238 4656 1598 4727 perfectionis
1633 4658 1692 4712 in
1724 4657 1945 4713 virtute.

546 4736 549 4743 “
1089 4748 1410 4806 PSALMUS
1444 4742 1509 4806 ll.

582 4839 751 4897 Vens.
777 4842 829 4896 1.
860 4871 927 4883 ——
955 4841 1219 4897 Theodori
1238 4844 1571 4902 Antiocheni.
1610 4843 1730 4902 Non
1759 4847 1895 4902 dicit
1919 4857 2095 4919 gentes

2788 3822 3083 3879 ΨΑΛΜΟΣ
3118 3828 3198 3880 A'.

2281 3916 2431 3988 Στίχ.
2465 3923 2535 3971 α’.
2584 3947 2654 3957 -
2695 3917 2999 3986 Θεοδώρου
3042 3919 3421 3988 Ἀντιοχείας.
3479 3919 3693 3991 Κυρίως
3729 3918 3771 3970 ἃ

2209 4008 2483 4079 μακάριος
2511 4007 2587 4060 ὣν
2623 4009 2652 4061 ὁ
2691 4008 2824 4072 Θεὸς
2864 4007 3110 4077 (Παῦλος
3144 4010 3250 4081 γάρ
3280 4026 3484 4078 φησιν,
3531 4011 3594 4062 '0
3614 4008 3770 4079 μακά·

2199 4118 2331 4169 ριος
2373 4100 2473 4153 καὶ
2505 4101 2695 4169 μόνος
2726 4099 3116 4169 δυνάστης),
3156 4102 3435 4171 μετέδωκε
3477 4102 3677 4170 ταύτης
3698 4100 3773 4167 τῆς

2204 4193 2579 4267 προσηγορίας
2620 4194 2754 4263 ἡμῖν
2779 4233 2793 4257 ,
2820 4194 2895 4257 ὡς
2941 4196 3037 4247 καὶ
3081 4194 3275 4257 πιστὸς
3320 4194 3675 4264 καλούμενος.
3696 4194 3773 4244 Πιο

2204 4288 2352 4352 στος
2390 4287 2501 4357 γὰρ
2525 4326 2540 4348 ,
2573 4288 2767 4356 φησὶν,
2803 4289 2835 4340 ό
2869 4287 3015 4352 Θεὸς
3040 4328 3054 4353 ,
3095 4286 3171 4340 δι’
3205 4282 3279 4342 οὗ
3309 4286 3631 4353 ἐκλήθητε.
3664 4276 3771 4335 Καὶ,

2206 4380 2351 4447 Θεὸς
2376 4381 2624 4446 πιστὸς,
2660 4379 2761 4433 καὶ
2791 4381 2904 4435 οὐκ
2944 4379 3118 4433 ἔστιν
3149 4379 3349 4433 ἀδικία
3381 4380 3457 4429 ἐν·
3490 4368 3667 4434 αὐτῷ.
3689 4368 3772 4421 Οὖ-

2201 4490 2309 4536 τως
2356 4473 2451 4525 καὶ
2489 4472 2645 4534 θεοὺς
2692 4472 2883 4536 καλεῖ,
2929 4472 3072 4525 κατὰ
3116 4471 3215 4529 τὸ,
3264 4461 3413 4531 Ἐγὼ
3462 4458 3638 4525 εἶπα,
3674 4460 3772 4514 θείί

2204 4568 2366 4621 ἐστε.
2392 4568 2467 4619 Τὸ
2500 4562 2594 4621 οὖν
2618 4566 2912 4635 μακάριος
2952 4567 3143 4635 ὄνομα,
3174 4560 3275 4630 τῆς
3302 4558 3428 4611 κατ’
3457 4557 3665 4627 ἀρετὴν
3704 4572 3773 4607 τεο

2206 4658 2480 4731 λειότητος
2512 4660 2747 4731 ὑπάρχει
2771 4660 3001 4731 καρπός.

2798 4744 3093 4804 ΨΑΛΜΟΣ
3132 4746 3205 4800 B’.

2276 4846 2425 4917 Στίχ.
2461 4846 2532 4901 α’.
2563 4876 2631 4888 --
2661 4844 2964 4912 Θεοδώρου
3010 4839 3345 4907 Ἀντιοχέως
3369 4836 3477 4909 (l).
3524 4838 3601 4892 Οὐ
3628 4835 3773 4903 λέγει,

511 4928 780 5002 absolute,
805 4937 881 4991 ita
912 4945 972 4991 ut
1003 4938 1228 4994 omnino
1259 4954 1453 4995 omnes
1504 4941 1899 5011 comprehendi
1936 4950 2097 5013 pute-

2209 4942 2277 4997 τὰ
2300 4942 2469 5010 ἔθνη,
2486 4943 2625 5015 μετὰ
2645 4942 2738 5009 τοῦ
2763 4941 2987 5012 ἄρθρου,
3026 4939 3111 4991 ἵνα
3138 4936 3349 4997 πάντας
3384 4932 3775 5004 περιλαμϐάνει

579 5091 655 5161 (l)
690 5091 918 5161 Speravi
948 5093 1171 5167 quidem
1212 5095 1451 5167 majores
1479 5112 1567 5152 me
1598 5108 1784 5167 partes
1809 5097 2087 5153 editurum

2194 5115 2412 5177 semper
2446 5100 2677 5177 intelligi
2733 5098 3094 5177 Theodorum
3141 5096 3338 5177 illum,
3372 5094 3499 5177 qui
3531 5092 3639 5177 fuit
3684 5090 3781 5177 Mol-

508 5168 1037 5217 commentariorutn
1081 5164 1358 5221 Theodori
1397 5164 1774 5243 Mppsuestcni
1821 5171 1889 5223 ad
1912 5169 2093 5243 iPsal-
2195 5164 2461 5242 psuéstite
2486 5164 3197 5243 episEopus,_esploratutn
3226 5172 3334 5219 est.
3369 5164 3544 5243 Edita
3578 5166 3703 5243 iteut
3726 5164 3779 5213 ab

509 5248 677 5310 tnos;_
708 5243 1106 5310 verumtamen
1139 5253 1249 5291 non
1300 5240 1469 5310 semel
1525 5241 1770 5310 comperi
1824 5242 2092 5310 reliquias

509 5303 631 5372 ejus
667 5304 721 5357 in
752 5306 964 5359 catenis
984 5306 1198 5369 obvias.
1232 5307 1396 5362 modo
1420 5324 1544 5364 esse
1564 5303 1843 5364 'l‘heodori
1873 5303 2094 5375 inéerti,

510 5375 675 5428 modo
702 5377 867 5429 etiam
894 5375 1266 5449 Theodoreti;
1295 5386 1497 5449 przeter
1524 5381 1731 5436 multas
1764 5395 1794 5434 a
1824 5381 2096 5436 Corderio

508 5456 942 5518 praeoccupatas.
976 5446 1162 5517 itaque
1198 5464 1268 5502 ne
1297 5446 1441 5518 'quid
1476 5452 1799 5518 ambiguum
1844 5453 2089 5517 ederem,

508 5517 604 5593 illa
634 5525 847 5593 tantum
888 5518 1021 5571 mihi
1068 5517 1349 5587 segmenta
1384 5517 1660 5574 vindicavi
1715 5522 1778 5591 (i.
1810 5540 1856 5575 e.
1892 5523 2089 5593 fragm.

509 5587 564 5639 in
605 5588 743 5652 psal.
775 5602 839 5649 tt,
887 5603 973 5649 ιιι,
1004 5605 1059 5653 v,
1098 5606 1173 5651 γι,
1203 5606 1300 5655 vn,
1330 5606 1454 5655 νηί,
1490 5608 1565 5653 2x,
1600 5609 1676 5655 XI,
1710 5587 1813 5655 itit,
1845 5587 2090 5659 xiufxv,

509 5672 636 5731 )gvt,
667 5672 790 5731 _xvtt
813 5696 827 5720 ,
862 5674 987 5711 xxvi
1009 5699 1023 5721 ,
1056 5675 1227 5713 xxvut
1256 5701 1270 5725 ,
1303 5677 1435 5715 χχιχ
1457 5700 1472 5723 ,
1506 5678 1605 5728 η,
1658 5678 1805 5725 XLII,
1838 5680 1956 5731 qua:
1980 5666 2091 5718 suis

511 5728 1084 5801 locisinterseruimus.
1124 5731 1223 5784 En.
1266 5731 1492 5797 Pnn.),
1533 5748 1656 5801 qua!
1695 5728 1962 5788 Theodori
1991 5750 2091 5788 no-

511 5798 760 5852 minatim
812 5800 1127 5854 Antiocheni
1174 5818 1374 5858 nomen
1428 5798 1735 5873 gerebant,
1784 5820 1894 5875 quo
1930 5807 2093 5861 titulo

2198 5234 2324 5299 aliis
2342 5234 2647 5299 recudénda
2674 5234 2805 5307 non
2828 5234 3071 5309 iudicavi
3093 5255 3113 5309 ;7
3139 5245 3196 5291 et
3234 5246 3361 5309 cum
3398 5236 3526 5289 otio
3576 5234 3779 5289 minime

2198 5313 2497 5379 abundem,
2533 5318 2677 5369 duos
2700 5306 2916 5366 tantum
2942 5308 3120 5365 evolvi
3152 5306 3402 5379 codices.
3432 5320 3648 5375 nempe
3670 5319 3783 5371 prx-

2202 5392 2441 5441 stantem
2471 5376 2535 5439 ac
2570 5393 2809 5454 veterem
2845 5380 2971 5434 Vat.
2999 5380 3106 5454 “L54
3147 5376 3355 5454 (Alget
3385 5379 3781 5454 recentiorem.

2202 5455 2300 5509 sed
2354 5456 2527 5509 multo
2579 5453 2954 5525 coploﬁsiOrem
3006 5446 3323 5503 Vat.'4682
3379 5447 3493 5516 (Β).
3544 5446 3781 5525 Latinam

2200 5525 2438 5596 denique
2463 5519 2713 5596 brevium
2741 5524 2936 5596 horum
2962 5519 3783 5596 excerpto‘rumtranslationem

2203 5597 2328 5652 aliis
2349 5588 2418 5652 ἐἰ
2453 5598 2640 5651 volent
2695 5594 3003 5648 faciendam
3055 5588 3476 5662 permisi:Mihi
3530 5590 3781 5662 integrum

2204 5667 2262 5721 in
2313 5669 2612 5738 prophetas
2663 5658 3129 5738 commentarium
3174 5660 3244 5714 de
3285 5658 3782 5738 (“Irreconlfatiggn‘l

2204 5722 2583 5795 l'ecissc'satis
2622 5745 2728 5793 est.
2768 5733 3091 5805 (Manliibl.
3129 5747 3243 5787 nov.
3276 5728 3460 5797 Pam,
3490 5726 3609 5786 VII,
3642 5722 3777 5776 590.)
