3904 6522
178 367 263 421 αθ
1320 350 1687 409 EXPOSITIO
1722 350 1788 405 IN
1820 349 2157 407 PSALMOS.

3248 357 3354 441 εδει

174 486 275 537 σθαι
312 476 539 549 νομίσῃς,
572 476 708 538 ἀλλ’,
742 475 907 541 ἔθνη,
956 476 1044 527 ἐπὶ
1078 476 1301 545 μερικόν
1342 494 1394 529 τι
1420 478 1566 543 ἀγων
1598 476 1681 545 τὴη

1799 472 1868 526 tis
1891 512 1907 534 ,
1939 473 2033 527 sed
2078 482 2270 543 gentes,
2300 475 2589 543 quamdam
2636 478 3012 547 exceptionem
3046 477 3357 535 subintelli-

173 574 373 626 ἔννοιαν’
406 565 589 637 ἐπειδὴ
618 568 727 636 γάρ
772 568 821 617 οί
868 565 1108 617 Ἰουδαῖοι
1138 564 1389 627 λαϐόντες
1420 565 1531 635 [τὸν
1561 564 1690 635 Χρι-

174 662 314 732 στὸνῙ.
340 662 440 721 τοῖς
481 658 686 710 ἔθνεσιν
715 656 876 709 αὑτὸν
906 655 1193 722 ἐξέδωκαν,
1223 656 1307 709 διὰ
1334 655 1489 709 τοῦτο
1521 656 1693 709 ταῦτά

172 765 337 823 φησιν’
368 748 457 811 Τίς
486 748 517 819 ἡ
546 747 778 819 τοσαύτη
814 748 1020 816 αἱτία,ῆ
1045 748 1097 799 τί
1126 748 1185 800 τὸ
1221 748 1460 815 γεγονὸς,
1489 749 1565 811 ὼς
1598 748 1692 801 καὶ

168 844 273 905 τοὺς
298 840 443 902 λαοὺς
469 839 853 910 συγκινηθῆναι
884 839 1000 892 κατ’
1045 838 1231 900 αὐτοῦ,
1269 842 1362 892 καὶ
1389 841 1467 903 είς
1502 843 1690 909 χεῖρας

168 936 301 990 αὑτὸν
325 931 679 1001 παραδοθῆναι
727 930 834 983 τῶν
871 930 1073 993 ὲθνῶν;
1105 929 1177 982 Τὸ
1202 931 1276 996 δὲ,
1331 932 1701 999 Ἐφρὺαξανν

165 1024 263 1078 ἀντὶ
285 1021 385 1084 τοῦ,
419 1019 849 1086 Ἠλαζονεύοντο.

214 1137 341 1207 Στίχ.
373 1135 434 1199 ζ’.
464 1165 534 1175 -
569 1135 683 1203 Πρὸ
727 1133 937 1188 αἰώνων
985 1134 1134 1197 Υἱὸς,
1162 1134 1397 1205 σήμερον
1439 1133 1689 1199 γεννᾶται

163 1231 409 1299 γενόμενος
442 1226 539 1281 ἄνθ
546 1244 749 1299 ρωπος.

218 1340 344 1410 Στίχ.
367 1338 428 1392 θ’.
455 1370 522 1379 —
545 1339 655 1409 Οὐχ
680 1338 820 1392 ὥστε
847 1338 1106 1392 ἀπολέσαι
1144 1340 1237 1392 καὶ
1265 1338 1537 1392 ἀναλῶσαι
1566 1355 1687 1391 συν-

158 1430 323 1501 τρίϐει,
365 1428 476 1480 ἀλλ’
514 1427 653 1481 ὥστε
688 1429 995 1482 ἀναπλάσαι
1016 1444 1029 1456 ·
1083 1429 1218 1499 πρὸς
1242 1428 1397 1481 τοῦτο
1422 1428 1528 1496 γάρ
1565 1444 1689 1480 σκο-

160 1521 242 1583 πὸς
262 1520 332 1589 τῷ
359 1522 609 1591 κεραμεῖ,
632 1520 934 1593 συντρίϐειν
951 1520 1016 1573 τά
1035 1522 1207 1574 οἰκεῖα
1235 1520 1423 1589 σκεύη,
1459 1521 1585 1573 ὅταν
1613 1519 1687 1589 μὴ

158 1610 261 1678 ὑγιῆ
303 1610 389 1663 καὶ
412 1608 666 1679 ἀκέραιον
706 1608 854 1681 σώζῃ
890 1609 986 1663 τοῦ
1020 1610 1314 1681 καραμέως
1347 1609 1441 1679 τὴν
1464 1609 1687 1662 διάπλα-

155 1719 242 1763 σιν,
282 1700 482 1754 οὐδέπω
513 1701 647 1771 πυρὶ
676 1702 1132 1773 προσωμιληκότα
1152 1719 1166 1734 ·
1208 1702 1417 1765 τούτοις
1451 1702 1505 1755 δὲ
1544 1717 1684 1772 μαρ-

152 1796 281 1863 τυρεῖ
318 1793 405 1845 καὶ
435 1794 465 1845 ό
512 1794 776 1864 μακάριος
820 1794 1088 1865 Ἱερεμίας
1126 1795 1156 1846 ό
1206 1795 1487 1863 προφήτης
1515 1793 1683 1860 λέγων
1714 1829 1757 1886 Β

150 1885 212 1948 ὡς
234 1889 292 1938 ἐκ
322 1884 485 1938 Θεοῦ·
527 1888 593 1941 Ἠ
617 1885 810 1951 καθὼς
839 1888 871 1940 ό
896 1887 1184 1955 κεραμεὺς
1202 1883 1381 1952 οὗτος
1404 1888 1473 1939 οὐ
1504 1884 1685 1952 δυνή-

148 1988 303 2042 σομαι
329 1976 504 2029 τοῦτο
546 1974 795 2045 ποιῆσαι
826 1978 984 2047 ὑμῖν,
1020 1974 1183 2043 οἶκος
1220 1976 1493 2047 Ἰσραὴλ,
1524 1976 1684 2045 λέγει

147 2068 368 2133 Κι’Ῥιος;
389 2067 656 2131 τουτέστι,
679 2067 851 2131 οὕτως
872 2070 967 2122 καὶ
986 2069 1334 2133 διαπεσόντας
1355 2068 1680 2131 ἀναπλάσαι,

146 2159 223 2210 καὶ
251 2158 400 2211 πάλιν
430 2161 515 2223 είς
548 2162 609 2213 τὸ
642 2163 864 2233 ἀρχαῖον
880 2161 1345 2231 ἀποκαταστῆσαι.

201 2267 334 2336 Στίχ.
367 2274 459 2321 ια’.
489 2298 561 2309 -
602 2270 851 2324 Ἐπειδὰν
875 2270 983 2341 γὰρ
1010 2269 1333 2341 φοϐηθέντες
1360 2271 1448 2324 τὸν
1481 2271 1682 2324 Δεσπόο

142 2372 245 2426 την,
271 2357 333 2409 τὰ
360 2360 708 2429 προσήκοντα
733 2360 1184 2432 διαπραξώμεθα,
1210 2361 1467 2431 πλείστην
1488 2364 1551 2414 ὲκ
1578 2362 1683 2415 τῶν

142 2448 467 2517 πραχθέντων
509 2452 643 2520 ἡμῖν
688 2450 885 2522 ἔχομεν
913 2452 1010 2523 τὴν
1040 2452 1373 2523 εὐφροσύνην
1400 2453 1683 2525 ἐγγινομέ-

141 2554 242 2607 νην,
290 2539 380 2592 τοῦ
431 2542 733 2605 συνειδότος
774 2544 981 2611 ἀγαθοῦ
1032 2544 1128 2615 μὲν
1169 2545 1544 2614 τυγχάνοντος,
1584 2562 1683 2615 με·

137 2630 307 2702 γίστην
332 2631 387 2687 δὲ
417 2634 546 2706 ἐμοὶ
582 2634 772 2689 τούτου
814 2636 913 2705 τὴν
959 2635 1130 2707 χαρὰν
1164 2636 1555 2706 παρεχομένου.
1599 2637 1684 2689 Ἐν

137 2726 307 2792 τρόμῳ
350 2726 426 2790 δὲ,
469 2727 749 2783 τουτέστιν
788 2730 845 2781 ὲν
896 2728 1210 2794 κατανύξει.
1260 2730 1333 2798 μή
1368 2746 1496 2782 ποτε
1520 2733 1554 2799 ἡ
1588 2728 1683 2784 τοῦ

133 2812 252 2866 9εοῦ
288 2818 429 2886 χαρὰ
464 2820 548 2882 εἰς
577 2819 672 2891 τὴν
690 2819 783 2873 τοῦ
812 2819 1015 2890 κόσμου
1046 2820 1322 2893 μεταπέσῃ
1348 2820 1540 2891 χαράν.

196 2907 330 2977 Στίχ.
362 2908 447 2979 ιβ’.
478 2940 551 2951 -—
596 2912 788 2985 Ἀπρὶξ
812 2915 957 2983 ἡμᾶς
985 2911 1197 2983 ἔχεσθαι
1228 2912 1327 2984 τῆς
1362 2913 1455 2965 τοῦ
1483 2913 1683 2984 Κυρίου

130 3020 456 3090 διδασκαλίας
506 3026 828 3099 βουλόμενος
848 3071 863 3096 ,
900 3029 1120 3094 εἰκότως
1149 3034 1215 3105 τῇ
1263 3031 1355 3087 τοῦ
1387 3029 1685 3101 δράξασθε

133 3114 265 3183 φωνῇ
293 3114 581 3186 κέχρηται.

706 3231 999 3288 ΨΑΛΜΟΣ
1036 3232 1110 3286 Γ’.

188 3321 328 3392 Στίχ.
358 3330 427 3391 γ’.
452 3356 524 3364 —
561 3322 732 3378 Τοῦτο
761 3324 1136 3397 φανερώτερον
1159 3324 1447 3389 δείκνυσιν,
1475 3324 1565 3378 ἐπὶ
1590 3324 1683 3380 τοῦ

125 3413 270 3466 Δαυῖδ
302 3414 564 3483 λέγεσθαι
591 3416 702 3469 δεῖν
729 3416 819 3469 τὸν
860 3416 1092 3487 ψαλμόν.
1144 3416 1216 3468 Τὸ
1248 3416 1354 3487 γὰρ
1388 3417 1681 3470 ἐπανίστα-

128 3504 237 3557 σθαι
276 3508 483 3578 κυρίως
522 3509 741 3576 λέγεται
789 3509 882 3561 ἐπὶ
923 3507 1032 3561 τῶν
1080 3508 1338 3577 πρότερον
1364 3508 1462 3579 μὲν
1494 3510 1551 3561 ὲν
1580 3508 1683 3563 ὐπ-

127 3598 287 3657 ηκάων
326 3600 482 3666 τάξει
542 3600 919 3666 καθεστώτων,
950 3600 1087 3671 μετὰ
1131 3599 1187 3653 δὲ
1234 3599 1402 3654 ταῦτα
1451 3600 1684 3671 πόλεμον

125 3680 418 3753 ἀραμένων.
958 3728 963 3733 -
1579 3683 1615 3716 ⁷

700 3807 993 3862 ΨᾹΛΜΟΣ
1028 3808 1101 3861 Ε’.

181 3908 320 3979 Στίχ.
343 3912 488 3970 θ’.-
504 3918 602 3983 Τὸ,
622 3919 1063 3989 Ὀδήγησόνμε,
1083 3919 1175 3971 καὶ
1202 3918 1283 3983 τὸ,
1303 3918 1681 3971 Κατεύθυνον

115 3997 354 4057 ἐνώπιόν
375 4022 500 4061 σου
535 4010 653 4074 τὴν
677 4011 821 4065 ὀδόν
846 4029 988 4080 μου,
1004 4010 1065 4062 τὸ
1089 4010 1222 4064 αὐτὸ
1252 4009 1397 4077 λέγει
1421 4010 1543 4062 ἀντὶ
1561 4006 1677 4073 τοῦ,

126 4092 461 4167 Ἐπανάγαγε
485 4116 502 4130 ο
536 4100 596 4153 τὸ
624 4101 752 4174 γὰρ,
800 4102 1079 4157 Ἑνώπιόν
1102 4117 1239 4166 σου,
1267 4102 1386 4155 ἀντὶ
1405 4100 1519 4165 τοῦ,
1537 4100 1676 4171 Πρὸς

112 4186 164 4237 σέ
194 4206 288 4255 μου
325 4192 667 4247 κατεύθυνον
696 4195 793 4266 τὴν
841 4196 979 4259 ὁδὸν,
1017 4197 1103 4252 ἵνα
1131 4194 1408 4249 ἐπανέλθω
1444 4194 1579 4264 πρὸς
1617 4192 1676 4247 σὲ

109 4280 235 4333 κατά
262 4282 357 4353 τὴν
390 4286 696 4357 Ἰουδαῖκὴν
730 4289 1013 4358 ὑπόληψιν,
1055 4289 1131 4352 ὠς
1178 4290 1235 4341 ὲν
1276 4287 1355 4358 τῷ
1383 4287 1522 4341 Σιὼν
1561 4287 1675 4357 δρει

107 4368 188 4419 τοῦ
209 4369 341 4423 Θεοῦ
360 4375 670 4443 διάγοντος.
692 4377 765 4430 Τὸ
787 4373 899 4441 οὖν,
920 4380 1133 4431 Ἕνεκα
1160 4377 1275 4431 τῶν
1293 4375 1520 4445 ἐχθρῶν
1532 4393 1673 4444 μου.

105 4452 182 4507 διὰ
242 4463 415 4530 μέσου
477 4466 618 4535 πρὸς
671 4468 956 4539 ἀμφότερα
1008 4468 1128 4540 ἔχον
1178 4469 1276 4538 τὴν
1323 4468 1675 4521 ἀνταπόδοσιν

102 4546 501 4625 (Ἐπανάγαγε
542 4559 650 4627 γάρ
700 4577 788 4625 με,
821 4562 1005 4629 φησὶν,
1046 4561 1185 4613 ὥστε
1213 4560 1516 4626 ἀπαλλάξαι
1568 4560 1675 4613 τῶν

100 4646 427 4713 κατεχόντων
458 4650 690 4720 ἐχθρῶν,
716 4652 809 4705 καὶ
834 4653 1019 4723 ἐπειδὴ
1049 4651 1219 4713 εἶπεν,
1238 4655 1337 4707 Ἐν
1359 4653 1432 4721 τῇ
1457 4655 1676 4722 ducam-

94 4735 241 4804 σύνῃ
276 4756 421 4804 σου,
460 4745 741 4796 τουτέστιν
771 4745 951 4808 καθὼς
993 4747 1111 4810 ἔθος
1156 4748 1236 4800 σοί
1282 4751 1426 4800 ἐστιν
1470 4746 1675 4819 κρίνειν

97 4817 346 4900 δικαίως),
372 4834 658 4887 δείκνυσιν
706 4837 866 4899 εὐθὺς
901 4839 1046 4901 ὅπως
1095 4839 1253 4890 αὐτὸν
1296 4838 1675 4908 ἀπαλλαγῆναι

94 4908 284 4966 δίκα-ιω
340 4927 457 4977 τῶν
513 4928 758 4997 ὲχορῶν’
796 4930 903 4983 ἀπὸ
948 4930 1041 4982 τοῦ
1088 4930 1294 4983 ἐκείνοο
1328 4930 1530 5001 τρόπου
1575 4930 1673 4999 τὴν

93 5001 355 5069 ἀπόδειξιν
380 5019 736 5085 πυνδύμενος,

683 5126 971 5185 ‘rsmoz
1008 5135 1101 5195 ς’.

148 5229 296 5301 Στίχ.
324 5232 477 5302 52—-
507 5232 941 5303 Ἐξομολογείται
966 5241 1042 5308 τῷ
1058 5241 1214 5311 Θεῷὸ
1234 5246 1498 5313 μακάριος
1514 5245 1677 5301 Δαυῖδ

92 5322 204 5388 περὶ
232 5323 333 5392 τῆς
384 5324 538 5385 ἰδίας
586 5326 880 5395 ἁμαρτίας,
932 5329 999 5399 ἢν
1038 5333 1329 5401 εἰργάσατο
1378 5336 1676 5403 συγκαθευ-

87 5405 242 5477 δήσας
289 5416 360 5483 τῇ
418 5413 723 5483 Βερσαῦεέ.
764 5416 923 5484 Λέγει
965 5418 1021 5470 δὲ
1054 5420 1224 5476 ταῦτα
1271 5424 1328 5474 ὲν
1371 5428 1673 5496 συμφοραῖς

80 5499 166 5563 ὢν,
196 5505 256 5557 ἐν
284 5501 380 5568 αἷς
411 5506 518 5557 καὶ
548 5503 836 5576 ἐξητάζετο
863 5508 951 5562 διὰ
972 5511 1069 5580 τὴν
1093 5514 1384 5584 ἁμαρτίαν.

142 5594 214 5646 Τὸ
240 5596 382 5649 αὐτὸ
418 5593 694 5667 μειζόνως
718 5594 870 5652 εἶπεν
889 5617 902 5631 ⁸
944 5601 1003 5653 τὸ
1046 5601 1144 5671 μὲν
1168 5605 1297 5675 γὰρ,
1344 5608 1671 5677 Ἐταράχθη

76 5685 140 5735 τὰ
176 5686 332 5742 ὀστᾶ,
354 5706 515 5757 μου,
563 5689 622 5740 τὸ
662 5691 876 5760 ἰσχυρὸν
917 5691 1010 5743 τοῦ
1055 5694 1388 5765 συντριμμοῦ
1443 5699 1536 5751 καὶ
1577 5700 1673 5770 τῆς

74 5775 317 5847 ταραχῆς
375 5776 721 5847 παρίστησιν
741 5797 753 5808 ·
786 5780 848 5831 τὸ
877 5780 931 5832 δὲ
950 5824 964 5845 ,
994 5782 1100 5834 Καὶ
1134 5782 1172 5846 ἡ
1208 5785 1375 5853 ψυχή
1398 5803 1515 5853 μου
1540 5786 1671 5844 ἐτα-

405 5875 695 5935 ΡΑτιιοι.
740 5873 855 5934 Gn.
907 5875 1125 5937 LXVI.

1791 579 1924 633 gens
1950 582 1963 617 :
1995 580 2119 617 cum
2139 564 2310 619 Judaei
2336 565 2658 637 (Christum)
2685 570 3081 639 apprehensum
3103 571 3357 641 gentibus

1792 656 2137 721 tradiderint,
2167 667 2454 729 propterea
2478 660 2592 714 haec
2626 663 2842 731 inquit:
2872 662 3002 729 Quae
3032 664 3134 717 ista
3162 678 3352 727 causa,

1792 763 1883 805 aut
1915 752 2187 822 quodnam
2222 752 2446 815 factum,
2484 761 2539 806 ut
2573 756 2757 824 populi
2790 756 3178 825 contraipsum
3206 772 3355 809 eom-
3460 810 3465 813 Α

1793 854 2162 906 numerentur.
2213 854 2373 913 atque
2417 844 2473 898 in
2510 861 2704 899 manus
2738 848 2975 916 gentium
3006 848 3354 904 traderetur?

1793 931 2144 988 Fremuerunt
2168 941 2349 989 autem
2383 949 2480 1006 pro
2506 936 2721 1005 gloriati
2758 946 2907 992 sunt.

1860 1116 2027 1173 Vens.
2065 1119 2115 1171 7.
2141 1149 2209 1161 ——-
2244 1118 2346 1184 Qui
2384 1128 2509 1174 ante
2531 1121 2729 1175 szecula
2753 1130 2871 1175 erat
2929 1120 3123 1186 Filius,
3191 1124 3355 1180 hodie

1788 1212 2035 1265 nascitur
2065 1212 2227 1265 homo
2260 1212 2457 1266 iactus.

1859 1320 2023 1377 Vens.
2050 1324 2105 1378 9.
2127 1354 2193 1363 -—
2220 1323 2334 1378 Non
2365 1324 2430 1378 ad
2453 1324 2883 1380 destructionem
2902 1342 2965 1381 ac
2986 1327 3198 1382 ruinam
3222 1342 3355 1382 con-

1786 1410 1997 1483 fringit,
2034 1413 2125 1467 sed
2175 1415 2238 1467 ad
2286 1416 2740 1470 restaurationem
2776 1434 2789 1471 :
2826 1417 2893 1470 ad
2920 1420 3023 1474 hoc
3064 1421 3209 1474 enim
3242 1420 3355 1490 agit

1788 1506 2018 1575 figulus,
2064 1522 2195 1561 vasa
2253 1506 2553 1563 domestica
2616 1508 3008 1580 confringens,
3050 1525 3172 1563 cum
3216 1525 3355 1575 opus

1787 1596 2064 1667 figmenti,
2108 1603 2347 1653 nondum
2402 1602 2525 1670 igne
2557 1610 2773 1655 coctum
2800 1641 2814 1663 .
2852 1617 2953 1655 nec
2984 1602 3217 1683 solidum
3254 1618 3355 1657 nec

1788 1704 1981 1757 purum
2011 1691 2300 1744 salvaverit
2327 1710 2338 1744 :
2372 1693 2453 1747 Itis
2479 1694 2803 1748 testiﬁcatur
2821 1709 3038 1763 quoque
3059 1695 3249 1749 beatus
3267 1692 3355 1749 Je-

1788 1779 1988 1833 remias
2020 1780 2281 1849 propheta
2329 1797 2391 1835 ex
2441 1780 2549 1835 Deo
2597 1784 2827 1852 loquens
2874 1800 2887 1835 :
2925 1782 3176 1853 Nunquid
3218 1785 3354 1840 sicut

1785 1870 1975 1938 ﬁgulus
2003 1872 2101 1925 iste
2134 1890 2235 1926 non
2278 1884 2457 1942 potero
2502 1875 2597 1929 hoc
2645 1876 2818 1944 facere
2848 1876 3013 1937 vobis,
3048 1879 3234 1929 domus
3267 1876 3352 1931 Is-

1785 1962 1918 2023 ruel,
1953 1962 2080 2015 dicit
2112 1962 2370 2019 Dominus
2394 1967 2417 2017 ?
2443 1967 2578 2034 (Jer.
2601 1984 2757 2033 xvm,
2781 1967 2857 2039 6.)
2881 1967 2994 2022 Hoc
3023 1978 3107 2023 est
3139 1969 3351 2026 dirutos

1786 2062 2098 2109 restaurare
2124 2062 2177 2108 et
2206 2056 2259 2109 in
2292 2055 2584 2125 pristinum
2619 2067 2823 2114 statum
2864 2060 3172 2115 restituere.

1855 2258 2021 2317 Vsus.
2056 2261 2140 2315 Η.
2174 2292 2235 2302 --
2263 2262 2417 2327 Cum,
2449 2264 2732 2317 Dominum
2756 2266 3031 2327 timentes.
3058 2276 3203 2320 recte
3224 2280 3352 2338 aga-

1785 2366 1929 2416 mus,
1961 2353 2254 2420 plurimam
2280 2369 2343 2407 ex
2364 2355 2524 2409 factis
2550 2354 2751 2409 nostris
2774 2357 3011 2411 lzetitiam
3038 2356 3348 2426 referimus,

1784 2444 2122 2501 conscientia
2156 2445 2300 2500 bona
2338 2447 2636 2501 maximum
2677 2464 2895 2519 semper
2928 2450 3184 2520 gaudium
3216 2466 3349 2521 pra-

1782 2536 1965 2591 bente.
1989 2537 2048 2592 In
2079 2548 2301 2593 tremore
2329 2547 2533 2604 autem,
2563 2541 2669 2596 hoc
2702 2550 2786 2597 est
2818 2544 2870 2596 in
2904 2544 3347 2611 compunctione,

1784 2630 2076 2698 nequando
2126 2629 2219 2685 Dei
2266 2630 2524 2701 gaudium
2561 2634 2616 2688 in
2648 2632 2911 2704 gaudium
2961 2635 3151 2691 mundi
3209 2636 3349 2690 rela-

1785 2721 1963 2775 batur.

1854 2927 2019 2984 Vsns.
2054 2930 2142 2985 η.
2167 2961 2235 2972 -
2275 2930 2638 2988 Venementer
2662 2946 2764 2987 nos
2792 2931 3001 2986 Domini
3041 2932 3346 2990 doctrinam

1787 3023 2039 3093 amplecti
2074 3024 2286 3090 volens,
2315 3026 2510 3080 merito
2542 3039 2672 3079 voce
2699 3026 3068 3095 apprehendite
3098 3027 3287 3081 utitur.

2345 3225 2665 3283 PSALMUS
2700 3224 2788 3282 Ill.

1854 3318 2024 3374 Vens.
2047 3320 2099 3375 2.
2130 3351 2197 3362 --
2230 3317 2343 3375 lloc
2374 3320 2724 3376 manifestius
2754 3320 3061 3376 ostenditur
3103 3320 3203 3377 sub
3244 3316 3349 3375 Da-

1784 3408 1905 3464 vide
1941 3410 2087 3465 hunc
2117 3411 2387 3481 psalmum
2418 3412 2589 3467 fuisse
2616 3414 2901 3482 scriptum.
2948 3412 3063 3467 lloc
3094 3414 3238 3468 enim
3264 3416 3338 3468 in~

1781 3510 2003 3571 surgunt
2032 3503 2251 3573 proprie
2268 3502 2469 3557 dicitur
2489 3505 2556 3558 de
2578 3505 2664 3559 his
2695 3505 2810 3575 qui,
2847 3505 3081 3575 primum
3108 3506 3163 3559 iu
3190 3506 3350 3560 ditio~

1781 3605 1903 3646 nem
1945 3592 2219 3662 sapienter
2249 3593 2478 3659 redacti,
2513 3594 2711 3649 bellum
2741 3603 2931 3665 postea
2968 3606 3277 3653 moverunt.

2354 3796 2675 3855 PSALMUS
2707 3798 2771 3853 V.

1850 3909 2015 3965 Vens.
2045 3910 2097 3966 9.
2134 3940 2202 3954 ο·-
2239 3910 2419 3965 Deduc
2464 3928 2544 3965 me
2573 3920 2628 3967 et
2663 3912 2834 3982 dirige
2860 3914 2914 3967 in
2951 3924 3225 3986 conspectu
3260 3924 3348 3968 tuo

1776 4002 1914 4054 viam
1953 4019 2153 4066 meam,
2190 4003 2293 4057 hoc
2331 4003 2464 4057 dicit
2503 4019 2603 4073 pro
2646 4003 2831 4059 Reduc
2862 4020 2947 4060 me
2983 4024 2996 4059 :
3029 4008 3227 4061 etenim
3281 4004 3347 4066 In

1777 4105 2055 4163 conspectu
2104 4103 2192 4147 tuo
2230 4109 2327 4163 pro
2363 4094 2446 4148 Ad
2483 4106 2531 4151 te
2573 4096 2742 4165 dirige
2782 4097 2920 4151 viam
2950 4114 3139 4162 meum,
3171 4106 3231 4151 ut
3260 4114 3348 4153 re-

1776 4189 1931 4244 deam
1967 4187 2033 4241 ad
2066 4197 2117 4241 te
2149 4188 2450 4243 secundum
2483 4187 2765 4244 Judaicam
2815 4200 3047 4245 mentem
3069 4229 3084 4253 ,
3110 4192 3266 4259 quasi
3293 4192 3347 4247 in

1777 4288 2016 4334 montem
2059 4278 2190 4335 Sion
2237 4280 2542 4336 adduceute
2580 4282 2813 4336 Domino
2855 4300 2871 4338 :
2917 4293 3127 4351 propter
3167 4284 3346 4339 inimi-

1776 4387 1863 4424 cos
1903 4387 2041 4425 meos
2101 4372 2316 4425 interim
2373 4372 2572 4441 duplex
2626 4374 2759 4427 mihi
2825 4375 3120 4430 retributio
3162 4386 3281 4431 erat
3332 4395 3345 4435 :

1779 4460 1955 4516 Reduc
1986 4464 2132 4517 enim
2165 4479 2268 4525 me,
2300 4464 2503 4533 inquit,
2536 4465 2608 4518 ita
2635 4474 2693 4519 ut
2726 4466 2794 4519 ab
2824 4465 3060 4522 inimicis
3078 4468 3170 4537 qui
3191 4482 3349 4537 cepe-

1780 4563 1910 4607 runt
1941 4569 2026 4608 me
2056 4554 2243 4609 salvus
2279 4553 2398 4608 fiam
2422 4594 2436 4617 ,
2482 4565 2536 4610 et
2566 4566 2852 4626 postquam
2880 4558 3017 4613 dixit
3052 4557 3116 4612 In
3134 4558 3349 4626 justitia

1780 4655 1901 4707 tua,
1955 4646 2056 4700 hoc
2105 4656 2189 4701 est
2238 4649 2535 4703 secundum
2581 4664 2784 4703 morem
2833 4660 2986 4704 tuum
3031 4650 3345 4720 judicandi,

1777 4738 1959 4793 statim
2000 4738 2240 4793 ostendit
2273 4742 2550 4809 quomodo
2584 4743 2655 4797 sit
2681 4744 2891 4811 justum
2916 4758 2975 4799 se
3006 4758 3069 4799 ex
3106 4744 3346 4802 inimicis

1777 4829 2002 4895 salvari,
2038 4830 2199 4885 modo
2227 4846 2329 4885 suo
2364 4833 2627 4888 rationem
2656 4833 2913 4889 efferens.

2326 5120 2647 5177 PSALMUS
2696 5122 2788 5178 Vl.

1847 5232 2015 5288 Vsus.
2042 5234 2096 5287 Ξ.
2126 5264 2193 5274 --
2224 5234 2532 5291 Confitetur
2563 5236 2675 5294 Deo
2720 5238 2915 5292 beatus
2947 5236 3115 5291 David
3148 5237 3214 5290 de
3245 5250 3345 5290 suo

1773 5334 2001 5397 peccato
2051 5329 2194 5397 quod
2246 5328 2452 5382 fecerat
2512 5343 2637 5383 cum
2688 5328 2959 5385 Bersabee
3005 5328 3343 5382 dormiendo.

1773 5418 1898 5473 Haec
1938 5427 2118 5473 autem
2152 5419 2287 5474 dicit
2318 5435 2440 5475 cum
2472 5430 2619 5476 esset
2649 5423 2705 5475 in
2751 5421 3181 5477 adversitatibus
3223 5419 3345 5488 qui-

1774 5512 1874 5565 bus
1902 5522 2125 5582 propter
2153 5521 2438 5582 peceatum
2470 5512 2833 5583 probabatur.

1840 5600 1987 5656 ldem
2019 5602 2217 5659 fortius
2251 5604 2390 5657 dixit
2415 5622 2426 5657 :
2455 5605 2559 5659 hoc
2577 5618 2839 5672 namque,
2863 5601 3191 5657 Conturoata
3221 5607 3344 5653 sunt

1774 5710 1895 5747 ossa
1942 5712 2058 5748 mea
2082 5736 2095 5758 ,
2129 5693 2555 5766 magnitudinem
2588 5692 2937 5748 contritiouis
2966 5702 3018 5744 et
3048 5688 3346 5745 conturba-

1772 5788 1940 5843 tionis
1969 5786 2237 5843 ostendit:
2268 5784 2337 5843 ΕΙ
2366 5787 2542 5841 anima
2571 5801 2684 5841 mea
2715 5786 2923 5839 turbata
2953 5792 3028 5834 est
3048 5780 3216 5846 valde,
3242 5779 3346 5841 hoc

2951 5881 3019 5942 21
