3804 6542
529 335 632 393 651

1699 331 2051 389 THEODORI
2091 332 2570 390 MOPSUESTENI
3614 346 3690 399 652

529 458 650 513 est,
682 465 801 520 qua:
841 464 1037 519 corpus
1091 465 1268 503 meum
1312 449 1588 513 contrivit,
1623 463 1796 520 usque
1821 450 1890 504 ad
1919 449 2092 517 ipsam

2214 451 2381 519 πίχθη
2404 451 2657 520 σφόδρα,
2699 451 2961 518 τουτέστι,
2991 452 3331 523 Συντρίψασά
3358 470 3456 524 μου
3486 452 3540 504 τὸ
3563 453 3696 522 σῶμα,

536 540 766 592 animam
792 539 1089 608 penetravit
1119 541 1493 594 conturbatio.

1079 627 1402 687 PSALMUS
1433 630 1543 686 VII.

602 720 764 775 Vens.
798 722 851 775 4.
875 750 945 761 -
988 720 1048 775 Si
1087 722 1186 787 feci
1227 723 1370 776 istud
1399 723 1545 793 quod
1579 738 1727 777 nunc
1767 722 1970 792 patior,
1998 720 2098 774 hoc

533 821 634 874 est,
668 813 714 865 si
742 813 932 882 inique
961 814 1046 884 egi
1084 831 1096 866 :
1137 814 1281 867 unde
1312 816 1554 883 apertius
1590 813 1958 869 additdicens
1987 831 2001 867 :
2038 812 2097 866 Si

532 914 606 956 est
650 905 906 974 iniquitas
937 906 994 959 in
1030 908 1272 961 manibus
1300 909 1449 970 meis,
1483 908 1582 976 pr'o
1615 907 1661 961 si
1719 906 1905 974 inique
1933 917 2098 973 agens

532 1005 784 1051 iuventus
810 1011 956 1060 sum,
981 999 1026 1051 si
1053 998 1266 1052 reddidi
1293 997 1720 1052 retribuentibus
1742 996 1874 1050 mibi
1919 995 2058 1048 mala
2081 1011 2095 1049 :

532 1086 674 1154 quod
715 1089 892 1157 majus
929 1097 1012 1142 est
1047 1089 1291 1144 secundo
1341 1090 1462 1144 loco
1510 1103 1726 1158 semper
1751 1093 1875 1157 post
1913 1086 2097 1140 minus

532 1179 784 1233 ordinat:
811 1182 963 1249 atqui
992 1196 1103 1236 non
1127 1183 1370 1252 incipere
1398 1181 1724 1250 injustitias,
1751 1178 1898 1250 quod
1921 1177 2097 1248 majus

532 1281 614 1324 est
649 1284 812 1339 quam
859 1271 1044 1338 inique
1090 1281 1316 1340 agentes
1361 1272 1667 1332 sustinere,
1702 1269 1947 1325 secundo
1979 1270 2096 1323 loco

533 1359 687 1413 dicit.

597 1448 768 1504 Vens.
806 1450 854 1504 7.
896 1482 962 1492 --
989 1449 1108 1505 Non
1147 1451 1294 1522 quod
1347 1453 1462 1521 ipse
1489 1451 1779 1516 exaltatur,
1813 1466 1922 1505 non
1950 1450 2094 1505 enim

532 1541 861 1596 exultatione
889 1542 1118 1612 indiget,
1147 1543 1243 1597 sed
1274 1545 1419 1612 quod
1459 1544 1515 1597 in
1547 1550 1740 1598 nostro
1765 1543 2005 1612 cogitatu
2029 1541 2095 1596 de

531 1636 654 1700 i-pso
693 1633 814 1689 idea
847 1634 976 1689 talis
1009 1635 1184 1698 inest;
1219 1650 1341 1688 cum
1371 1635 1577 1705 aliquid
1603 1634 1846 1689 terribile
1881 1638 2093 1704 signum

533 1725 1035 1794 l'aciatzpropterea
1063 1727 1219 1785 dicit.
1262 1724 1324 1777 In
1365 1725 1557 1793 ﬁnibus
1592 1726 1921 1778 inimicorum
1957 1739 2094 1776 meo-

2201 541 2342 594 διέδυ
2361 541 2554 612 μέχρις
2583 543 2750 612 αὐτῆς
2772 543 2868 611 τῆς
2893 542 3068 612 ψυχῆς
3102 545 3133 613 ή
3158 545 3388 614 ταραχή.

2779 633 3068 686 ΨΑΛΜΟΣ
3106 636 3180 687 Z'.

2271 723 2414 793 Στίχ.
2445 723 2506 777 δ’.
2531 752 2596 762 κ-
2625 725 2692 777 ει
2723 724 2977 790 ἐποίησα
3006 725 3178 778 τοῦτο
3195 724 3224 776 ὃ
3247 724 3339 777 νῦν
3363 725 3564 795 πάσχω.
3585 743 3696 779 τουτ-

2200 815 2364 876 έστιν,
2395 817 2454 866 Ei.
2479 815 2709 884 ἠδίκησα
2730 830 2742 841 ·
2777 814 2897 868 ὅθεν
2931 813 3302 884 φανερώτερον
3327 814 3518 882 ἐπάγει
3543 815 3697 884 λέγων·
3801 843 3804 876 ε

2202 903 2267 958 El
2290 906 2457 959 ἔστιν
2480 905 2676 958 ἀδικία
2694 905 2762 958 ἐν
2789 907 2959 974 χερσί
2979 924 3118 974 μου,
3142 906 3261 958 ἀντὶ
3287 905 3403 967 τοῦ,
3423 906 3484 958 Εἰ
3517 906 3700 976 simiai

2196 1011 2247 1046 τι
2281 995 2459 1048 ἄδικον
2498 996 2886 1065 ἐργασάμενος,
2924 997 2971 1048 εί
3003 997 3356 1050 ἀνταπέδωκα
3382 999 3492 1060 τοῖς
3522 999 3700 1055 avrem-

2196 1084 2397 1136 διδοῦσί
2425 1103 2514 1154 μοι
2539 1086 2683 1139 κακά
2705 1102 2718 1116 ’
2747 1087 2831 1138 ἀεὶ
2858 1086 2919 1138 τὸ
2953 1088 3134 1156 μεῖζον
3170 1089 3420 1161 δεύτερον
3447 1091 3615 1144 τάττει
3637 1092 3701 1144 τοῦ

2197 1176 2506 1241 ἐλάττονος·
2547 1177 2730 1246 μεῖζον
2762 1178 2937 1233 τοίνυν
2972 1180 3030 1232 ὂν
3074 1179 3169 1233 τοῦ
3202 1181 3518 1243 ἀδικοῦντας
3552 1184 3704 1252 ὑποφέ-
3802 1209 3804 1214 ·

2199 1285 2331 1339 ρειν,
2366 1269 2424 1322 τὸ
2462 1270 2534 1338 μὴ
2563 1268 2720 1340 ἄρξαι
2752 1269 2984 1336 ἀδικίας,
3005 1270 3250 1341 δεύτερον
3282 1271 3447 1338 λέγει.

2266 1452 2411 1522 Στίχ.
2447 1450 2510 1514 ζ’.
2539 1481 2606 1491 -
2636 1451 2746 1521 Οὐχ
2768 1452 2847 1504 ὅτι
2883 1450 3040 1515 αὐτὸς
3075 1451 3299 1520 ὑψοῦται
3331 1452 3414 1517 (οὗ
3455 1450 3560 1522 γὰρ
3588 1468 3709 1521 προσ.

2195 1543 2359 1596 δεῖται
2390 1542 2688 1612 ὑψώσεως),
2717 1543 2829 1596 ἀλλ’
2849 1544 2929 1596 ὅτι
2958 1545 3014 1596 ἐν
3040 1546 3158 1606 ταῖς
3179 1544 3439 1606 διανοίαις
3466 1545 3608 1613 ήμῶν
3625 1562 3706 1595 τοι.
3802 1591 3804 1602 ,

2197 1634 2332 1705 αὐτη
2363 1634 2630 1703 ἐγγίνεται
2659 1635 2832 1687 ἔννοια
2857 1635 2985 1704 περὶ
3019 1633 3204 1698 αὺτοῦ,
3231 1635 3449 1687 ἐπειδάν
3479 1651 3530 1686 τι
3555 1637 3708 1705 ποιήσῃ
3802 1637 3804 1652 ⁵

2197 1726 2421 1797 φοϐερὸν
2451 1729 2673 1798 σημεῖον
2692 1743 2706 1756 ο
2739 1726 2827 1780 διὰ
2853 1726 3011 1779 τοῦτο
3048 1726 3217 1795 λέγει,
3260 1727 3358 1779 Ἐν
3390 1725 3517 1790 τοῖς
3538 1727 3706 1793 πέρασι

532 1831 684 1876 rum;
714 1815 813 1868 hoc
843 1823 947 1880 est,
975 1817 1185 1871 ultione
1217 1827 1308 1869 tua
1348 1832 1542 1872 onmes
1576 1817 1830 1870 inimicos
1861 1815 2094 1868 circum-

2214 1817 2310 1869 έῶν
2350 1817 2575 1886 ἐχθρῶν
2624 1835 2762 1887 μου,
2815 1818 3079 1880 τουτέστι,
3116 1819 3327 1880 Πάντας
3353 1817 3642 1888 περιλαϐὼν
3662 1819 3710 1885 τῇ

531 1906 687 1970 dans,
707 1915 890 1960 notam
904 1906 988 1962 fac
1006 1907 1431 1977 magnitudinem
1451 1918 1596 1962 tuam
1613 1915 1666 1961 et
1688 1905 2088 1960 fortitudinem:

532 1995 659 2052 inde
678 2000 822 2052 enim
845 1999 1077 2054 maxime
1097 1999 1495 2062 celebrabatur,
1534 1998 1590 2052 in
1613 2006 1802 2053 Omnes
1835 1998 2096 2051 ultionem

531 2087 857 2144 exercendo.

607 2178 771 2235 Vens.
804 2180 858 2236 8.
890 2209 960 2219 —
991 2181 1126 2236 Cum
1175 2181 1229 2235 in
1271 2181 1513 2250 seipsum
1555 2186 1803 2250 tempore
1837 2177 2096 2235 Absalom

533 2271 770 2325 divisum
786 2280 929 2326 esset
947 2287 1191 2342 regnum,
1217 2271 1338 2326 aliis
1364 2270 1574 2334 Davidi,
1591 2273 1712 2324 aliis
1730 2270 2094 2325 Absalomad-

536 2363 887 2428 haerentibus,
937 2372 1333 2434 consequenter
1369 2365 1526 2427 dixit,
1565 2363 1986 2434 insurgentibus
2042 2364 2097 2417 in

537 2470 624 2509 me
665 2453 871 2524 judicia
929 2458 1318 2511 exercentibus
1371 2456 1672 2512 secundum
1730 2463 1884 2508 tuum
1941 2467 2096 2507 man-

490 2587 494 2591 .
533 2545 762 2613 datum;
791 2561 1011 2602 rursum
1045 2553 1229 2604 autem
1259 2547 1744 2618 congregabuntur
1775 2546 2006 2616 (populi)
2042 2545 2097 2598 in

536 2654 728 2706 unum,
768 2638 982 2695 debitas
1013 2641 1112 2694 tibi
1137 2640 1426 2697 reddentes
1466 2641 1672 2710 gratias
1701 2655 1714 2691 :
1744 2648 1963 2710 propter
1994 2640 2097 2694 hoc

533 2728 681 2782 enim
705 2729 958 2786 excelsus
979 2730 1274 2786 videberis.

609 2911 772 2968 Vens.
805 2914 859 2968 9.
884 2942 957 2955 —
985 2911 1095 2968 Nec
1121 2913 1467 2969 innocentem
1489 2926 1589 2969 nec
1616 2913 1828 2983 justum
1855 2926 1916 2969 se
1942 2911 2096 2979 dicit,

518 3007 630 3059 .sed
648 3005 780 3060 nihil
802 3005 928 3059 mali
957 3006 1138 3076 egisse
1162 3024 1175 3060 :
1207 3019 1374 3076 porro
1394 3003 1876 3075 quemadmodum,
1895 3004 2098 3074 inquit,

2195 1910 2432 1980 τιμωρίᾳ
2472 1911 2593 1972 τοὺς
2637 1908 2882 1980 ἐχθροὺς,
2915 1908 3186 1979 γνώριμον
3216 1909 3418 1962 ἅπασιν
3448 1910 3516 1961 τὸ
3558 1910 3710 1978 ὑψηλόν

2199 2016 2291 2052 σου
2322 1999 2496 2052 καὶτὸ
2519 2001 2734 2072 ἰσχυρόν
2757 2015 2770 2030 ·
2821 1998 2980 2052 τοῦτο
3010 1999 3120 2070 γὰρ
3167 1999 3399 2070 μάλιστα
3436 1998 3712 2067 ἐγνωρὶξετο

2197 2092 2260 2144 ἐκ
2291 2090 2382 2142 τοῦ
2407 2091 2612 2151 πάντας
2642 2091 3038 2163 τιμωρηθῆναι.

2266 2183 2413 2254 Στίχ.
2433 2190 2502 2254 η’.
2530 2213 2602 2223 -—
2630 2183 2848 2254 Ἐπειδὴ
2891 2182 3117 2254 διῃρέθη
3149 2181 3284 2252 πρὸς
3314 2181 3518 2251 ἐαυτὴν
3545 2181 3624 2233 ἐπὶ
3645 2179 3712 2230 τώ

2211 2272 2555 2343 ’Δϐεσσαλὼμ
2583 2272 2898 2344 ήβασιλεία.
2922 2272 3030 2324 τῶν
3053 2271 3150 2341 μὲν
3175 2270 3251 2339 τῷ
3261 2269 3444 2331 Δανῖδ,
3468 2268 3574 2321 τῶν
3593 2267 3639 2318 δέ
3660 2265 3717 2334 τῷ

2211 2363 2556 2434 Ἀϐεσσαλὼμ
2576 2363 3002 2435 προσκειμένων,
3020 2361 3324 2424 ἀκολούθως
3347 2357 3526 2423 εἶπεν,
3541 2360 3610 2411 ὅτι
3629 2356 3716 2408 Τῶν

2199 2456 2609 2511 ἐπαναστάντων
2635 2473 2724 2526 μοι
2763 2455 2917 2525 δίκην
2946 2453 3256 2508 δεδωκότων
3283 2453 3424 2505 κατὰ
3444 2454 3512 2504 τὸ
3530 2452 3717 2522 πρόστα-

2197 2566 2312 2620 γμα
2351 2548 2412 2602 τὸ
2450 2549 2562 2614 σὸν,
2592 2548 2775 2602 ἆπασα
2807 2547 2905 2617 μὲν
2939 2542 3008 2616 ἦν
3039 2546 3132 2600 νῦν
3163 2546 3275 2609 τοῖς
3309 2545 3457 2607 λαοῖς
3500 2545 3714 2595 ὲνουσα...

2199 2641 2552 2712 παυθήσεται,
2578 2640 2996 2711 συναχθήσονται
3025 2638 3082 2691 δὲ
3111 2637 3269 2692 πάλιν
3295 2638 3376 2701 εἱς
3405 2637 3489 2700 ἐν,
3516 2636 3603 2698 τὰς
3621 2632 3719 2686 καθ-

2197 2735 2436 2806 ηκούσας
2462 2751 2542 2788 σοι
2580 2733 2924 2805 εὐχαριστίας
2953 2733 3288 2796 ἀποδιδόντες
3311 2748 3323 2761 ⁸
3353 2732 3441 2784 διὰ
3474 2732 3576 2801 γάρ
3601 2727 3720 2783 τοῦτο

2199 2827 2398 2897 ὑψηλὸς
2425 2825 2704 2897 δειχθήσῃ.

2269 2918 2413 2988 Στίχ.
2442 2917 2506 2970 θ’.
2540 2946 2608 2956 -
2645 2916 2902 2969 Ἀκακίαν
2931 2915 2987 2968 δέ
3013 2913 3134 2967 οὔτε
3165 2914 3265 2984 τὴν
3295 2913 3591 2984 ἁπλότητα,
3619 2908 3721 2963 am

2197 3007 2258 3062 τὸ
2286 3009 2447 3079 μηδὲν
2470 3007 2801 3078 ἐργάσασθαι
2823 3007 2989 3060 κακὸν
3010 3006 3176 3073 λέγει.
3200 3006 3410 3075 Ὥσπερ
3440 3004 3631 3062 τοίνυν,
3646 3018 3722 3067 φη-

534 3096 676 3150 male
705 3110 829 3149 eum
859 3096 969 3152 illis
997 3110 1108 3150 non
1137 3096 1225 3166 egi
1248 3138 1264 3162 ,
1299 3095 1503 3150 malum
1549 3109 1678 3150 vero
1717 3109 1864 3150 nunc
1894 3095 1963 3148 ab
1990 3093 2097 3148 illis

2214 3100 2304 3159 ςἰν,
2330 3097 2439 3166 ἐγὼ
2487 3098 2669 3162 κακῶς
2715 3098 2812 3165 μὲν
2856 3097 3052 3159 αὐτοὺς
3079 3096 3139 3148 οὐ
3184 3094 3427 3164 διέθηκα,
3462 3095 3643 3161 πάσχω
3681 3091 3721 3141 δὲ

535 3190 733 3257 patior,
769 3189 844 3242 ita
873 3203 958 3244 me
986 3187 1173 3257 iudica
1203 3189 1551 3243 innocentem
1574 3225 1589 3250 ,
1618 3187 1790 3258 gratis
1823 3202 1922 3242 nec
1950 3187 2097 3256 juste

2214 3188 2298 3242 νῦν
2315 3188 2404 3242 ὑπ’
2431 3188 2653 3241 ἐκείνων
2679 3185 2894 3266 κακῶς·
2926 3173 3073 3238 οὕτω
3103 3202 3191 3256 μοι
3216 3186 3399 3256 κρῖνον
3425 3179 3723 3252 ἀδικουμένῳ

536 3279 856 3348 patientem.

611 3369 776 3427 Vens.
810 3371 898 3426 10.
929 3399 999 3412 -
1031 3369 1180 3426 Loco
1207 3377 1556 3432 consumatur,
1588 3369 1888 3438 perﬁcietur
1921 3369 2099 3438 posuit

545 3461 925 3533 Symmachus.
953 3461 1080 3518 Sive
1107 3463 1319 3516 vanitas
1338 3462 1454 3516 sive
1478 3462 1681 3515 malum
1701 3460 1840 3515 male
1857 3461 2102 3516 viventes

537 3562 772 3621 maneat,
811 3554 1046 3610 studiosi
1075 3555 1296 3610 virtutis
1322 3554 1601 3618 cultores,
1634 3553 1832 3622 inquit,
1867 3554 1973 3608 sibi
2007 3554 2102 3608 bo-

538 3661 668 3700 num
697 3646 904 3701 exitum
932 3645 1228 3715 parabunt.

607 3829 771 3884 Vens.
807 3829 894 3883 17.
928 3858 996 3870 -
1030 3825 1154 3882 Haec
1184 3827 1316 3880 mihi
1348 3834 1537 3895 aperte
1564 3835 1727 3896 atque
1749 3825 1818 3881 de
1840 3825 2009 3880 verbo
2033 3825 2102 3881 ad

533 3920 758 3976 verbum
779 3919 836 3974 in
859 3917 1180 3987 Achitophel
1209 3917 1428 3987 impleta
1443 3932 1563 3972 esse
1586 3917 1857 3972 videntur.
1891 3916 2100 3971 Etenim

531 4028 658 4067 cum
688 4012 891 4068 Chusai
931 4013 1163 4068 consilio
1192 4027 1222 4066 e
1253 4026 1422 4081 scopo
1455 4025 1557 4065 suo
1586 4010 1833 4080 dejectus
1877 4009 2094 4071 fuisset,

530 4105 616 4159 vir
651 4104 798 4159 inter
842 4118 1032 4160 onmes
1076 4103 1414 4174 praeclarus,
1461 4102 1721 4157 invidiam
1771 4116 1879 4156 non
1925 4101 2101 4170 ponuit

531 4197 836 4260 sustinere,
889 4193 1058 4250 futuri
1089 4194 1418 4264 praevidendi
1452 4195 1696 4263 peritus,
1735 4193 2103 4262 Absalomque

531 4287 749 4356 prodita
781 4303 906 4342 esse
951 4289 1190 4358 negotia,
1225 4302 1395 4357 seque
1443 4301 1721 4356 nunquam
1771 4301 1802 4340 e
1845 4285 2101 4339 manibus

534 4378 756 4434 Davidis
785 4379 1130 4434 liberandum
1161 4392 1283 4433 esse
1317 4379 1681 4448 prospiciens,
1719 4377 1774 4431 in
1809 4377 1972 4432 domo
1998 4391 2100 4431 sua

535 4470 828 4539 suspendio
862 4470 1102 4538 seipsum
1133 4469 1324 4535 tradit,
1359 4485 1423 4524 ac
1453 4470 1638 4523 omnia
1668 4483 1792 4539 qua:
1821 4469 1938 4525 suis
1964 4483 2099 4524 con-

533 4562 674 4617 siliis
729 4568 1029 4631 genuerat,
1082 4561 1345 4631 colligens
1395 4576 1459 4615 ac
1515 4575 1857 4630 congregans
1908 4561 2097 4616 eadem

531 4655 801 4723 pravitate
850 4667 956 4722 qua
994 4660 1188 4705 contra
1215 4651 1490 4719 Davidem,
1527 4654 1580 4707 in
1615 4655 1834 4724 propria
1858 4652 2098 4723 pernicie

533 4744 844 4816 parturivit.
876 4741 1307 4810 Profundiorem,
1335 4744 1538 4815 inquit,
1571 4745 1745 4798 lacum
1774 4745 2002 4813 aperuit,
2029 4758 2094 4797 ex

533 4835 850 4905 metaphora
898 4833 1086 4888 dolum
1136 4835 1568 4907 alitudinemque
1620 4837 1839 4892 consilii
1883 4837 2093 4906 signiti-

530 4944 684 4984 cans.

602 5113 770 5169 Vens.
807 5115 893 5168 18.
926 5143 996 5153 -
1026 5112 1140 5185 Ego
1177 5122 1358 5168 autem
1406 5115 1569 5168 talem
1615 5129 1646 5168 a
1695 5113 1805 5169 Deo
1839 5121 2100 5184 expertus

532 5205 953 5274 providentiam,
977 5205 1082 5258 hoc
1106 5205 1429 5259 beneficium
1460 5205 1518 5258 in
1545 5213 1810 5260 aaternutn
1842 5204 2098 5270 cantabo,

529 5305 582 5349 et
611 5297 847 5350 narrabo
873 5295 1148 5365 justitiam
1176 5293 1510 5363 iudiciorum
1543 5294 1685 5363 ejus.

1067 5383 1392 5438 PSALMUS
1425 5383 1556 5438 VIII.

602 5475 770 5532 Vens.
799 5477 851 5530 5.
888 5507 954 5518 --
980 5476 1039 5528 1η
1072 5476 1175 5530 hoc
1209 5490 1426 5544 quoque
1456 5473 1744 5528 Christum
1784 5473 1944 5528 nobis
1974 5488 2095 5542 pro-

535 5569 720 5637 pbetat
747 5570 934 5623 beatus
962 5567 1151 5621 David.
1179 5566 1255 5620 Ex
1284 5567 1642 5635 inspiratione
1667 5564 1933 5636 Spiritus,
1965 5580 2102 5634 quo—

537 5659 697 5713 modo
747 5675 871 5712 eum
914 5660 1186 5714 laudaturi
1229 5637 1443 5712 sint.in
1483 5659 1684 5727 templo
1716 5657 1975 5718 infantes,
2023 5656 2104 5708 la-

536 5759 744 5807 ctentes
761 5753 1050 5822 exterique
1074 5751 1304 5822 parvuli,
1327 5750 1582 5820 przedicat
1611 5769 1622 5805 :
1649 5751 1867 5820 quidam
1891 5750 2103 5810 dicunt,

2129 4522 2178 4583 Ι)

2207 3281 2404 3352 μάτην,
2434 3281 2527 3332 καὶ
2552 3280 2624 3350 μὴ
2654 3278 2874 3341 δικαίως
2903 3279 3182 3347 πάσχοντι.

2273 3371 2418 3442 Στίχ.
2440 3376 2490 3426 ι’.
2513 3369 2738 3423 --’Λντὶ
2769 3369 2864 3422 τοῦ
2898 3365 3376 3433 συντελεσθήτω,
3397 3359 3725 3433 ἀπαρτισθιί-

2201 3479 2278 3516 τω
2318 3465 2346 3515 ό
2389 3461 2677 3533 Σύμμαχος
2711 3459 2981 3513 τέθεικεν’
3016 3458 3164 3530 Ἦ[ν]
3193 3458 3414 3530 ματαία,
3438 3459 3617 3527 φησιν,
3642 3455 3728 3506 δει-

2203 3551 2352 3622 χθείη
2377 3551 2483 3603 τῶν
2518 3550 2682 3621 κακία
2708 3549 2990 3614 συζώντων
3019 3551 3051 3620 ὴ
3085 3549 3336 3620 πονηρία,
3363 3548 3723 3608 σιτίοιιδιιιότεριδζ

2201 3642 2297 3716 [οἱ]
2337 3641 2435 3712 τῆς
2484 3642 2683 3714 ἀρετῆς
2725 3640 2976 3711 τρόφιμοι
3030 3640 3126 3710 τήν
3177 3639 3543 3710 προκειμένην
3582 3629 3726 3687 αὐτὰ

2201 3734 2422 3805 πορείαν
2447 3735 2776 3804 ποιήσονται.

2271 3823 2420 3892 Στίχ.
2458 3820 2544 3884 ιζ’.
2579 3847 2640 3860 ι-
2673 3819 2859 3875 Ταῦτά
2915 3838 3006 3892 μοι
3056 3820 3203 3873 δοκεῖ
3262 3816 3441 3890 ῥητῶς
3485 3814 3577 3867 καὶ
3620 3821 3728 3862 κατι

2201 3914 2342 3980 λέξιν
2381 3911 2770 3983 πεπληρῶσθαι
2802 3913 2894 3965 ἐπὶ
2917 3911 3007 3964 τοῦ
3045 3910 3342 3981 ’Λχιτόφελ.
3372 3901 3637 3970 Κατὰγάρ
3655 3899 3728 3964 τὴν

2200 4005 2294 4058 τοῦ
2326 4005 2494 4058 Χουσὶ
2517 4003 2840 4074 συμϐουλίαν
2868 4001 3112 4056 ἐκπεσὼν
3142 4002 3299 4061 αὐτὸς
3325 3996 3420 4049 τοῦ
3447 3989 3730 4051 σκοποῦ.ὼ;

2202 4097 2268 4150 ἂν
2296 4094 2808 4165 παρευδοκιμηθεὶς,
2830 4095 2925 4147 καὶ
2950 4095 3022 4164 μὴ
3039 4087 3146 4154 οἷός
3157 4107 3215 4143 τε
3239 4089 3423 4159 φέρειν
3441 4087 3532 4139 τὸν
3550 4082 3727 4152 φθόνων

2202 4187 2296 4242 καὶ
2331 4186 2597 4258 προορῶν,
2618 4188 2711 4240 ἆτε
2730 4187 2900 4250 δεινὸς
2919 4185 2996 4238 ὢν
3031 4179 3525 4251 καταστοχάζεσθαι
3549 4176 3607 4229 τὺ
3634 4171 3732 4244 pil-

2203 4279 2314 4343 λον,
2341 4279 2414 4342 ὡς
2441 4277 2753 4348 πρώέδοται
2806 4278 2874 4331 τὰ
2914 4276 3008 4330 τοῦ
3048 4273 3403 4340 Ἀὁεσσαλὼμ
3433 4269 3728 4338 πράγματα.

2205 4371 2387 4442 μέλλει
2408 4387 2466 4423 τε
2489 4370 2612 4422 ὅσον
2645 4371 2737 4424 καὶ
2775 4369 2934 4432 αὐτὸς
2964 4367 3116 4420 οὔπω
3157 4365 3260 4417 ὑπὸ
3284 4363 3378 4416 τοῦ
3408 4359 3565 4414 Δαυῖδ
3587 4354 3727 4410 ἁπαλ-

2203 4462 2512 4528 λάττεσθαι,
2540 4463 2828 4534 γενόμενος
2857 4463 2913 4514 ἐν
2934 4461 2997 4530 τῇ
3025 4457 3201 4527 οἰκείᾳ
3227 4453 3390 4507 αὑτοῦ
3418 4451 3618 4519 ἀγχόνῃ
3633 4449 3728 4496 ἑαυ-

2205 4555 2294 4609 τὸν
2334 4557 2716 4626 παραδίδωσιν,
2753 4555 2847 4608 καὶ
2885 4554 3061 4607 πάντα
3113 4551 3212 4603 ὅσα
3254 4548 3367 4608 τοῖς
3400 4541 3590 4596 ἑαυτοῦ
3622 4537 3732 4598 101'“

2205 4653 2361 4722 σμοῖς
2382 4650 2658 4720 ὠδίνησεν,
2686 4648 2929 4714 συνάγων
2954 4645 3045 4698 καὶ
3065 4639 3447 4710 συλλαμϐάνων
3474 4638 3534 4688 ἐν
3553 4635 3621 4725 ,τῇ

2203 4745 2295 4798 τοῦ
2329 4742 2582 4814 πονηρίᾳ,
2615 4741 2802 4810 ὥσπερ
2839 4738 2974 4808 μετὰ
3008 4733 3267 4804 πονηρίας
3298 4728 3437 4783 κατὰ
3463 4724 3559 4779 τοῦ
3585 4727 3732 4814 Δαυκ-

2203 4833 2373 4886 ταῦτα
2391 4811 2482 4885 ἐπ’⁷
2523 4811 2727 4900 ὀλέθρῳ
2748 4828 2824 4898 τῷ
2870 4825 3059 4879 ἑαυτοῦ
3095 4822 3378 4920 άπέτεκεν.
3409 4811 3734 4920 Βαθυτέξὲ

2205 4924 2390 4991 φησιν,
2437 4918 2755 4988 εἰργάσατο
2784 4916 2898 4984 τὴν
2917 4911 3264 4977 ἐπιϐουλὴν,
3289 4912 3353 4962 ἐκ
3379 4907 3671 4976 paucam;
3689 4907 3735 4935 τε*

2201 5017 2413 5087 δολερὸν
2452 5016 2544 5068 καὶ
2569 5013 2702 5084 βαθὺ
2729 5013 2827 5082 τῆς
2859 5009 3051 5081 βουλῆς
3078 5004 3441 5089 meaﬂﬁca‘:
3469 5078 3508 5089 Α
3577 5076 3602 5086 -

2273 5078 2422 5177 Στίχ.
2450 5113 2539 5175 ιη’.
2563 5078 2632 5145 ξ·-
2664 5078 2805 5172 Ἐγώ
2824 5078 2880 5156 δέ
2904 5098 3169 5180 coactum:
3194 5080 3440 5180 Ὗράξτοῦ
3464 5078 3604 5180 θεξῦ
3623 5089 3736 5174 πρίν

2202 5199 2349 5262 νοίας
2369 5174 2600 5264 -.τυχὼὴ
2654 5189 2880 5260 ὑμνήσω
2907 5188 2994 5234 τὸν
3023 5175 3311 5246 εὐεργέτην
3341 5174 3622 5242 διηνεκῶς,
3657 5180 3738 5230 της

2204 5289 2435 5359 κρίσεως
2457 5283 2518 5336 τὺ
2543 5281 2745 5334 δίκαιον
2777 5269 3146 5341 διηγούμενος.

2791 5360 3082 5418 ΨΑΛΜΟΣ
3116 5359 3217 5411 H'.‘

2279 5468 2424 5538 Στίχ.
2445 5460 2708 5533 itu—Kal.
2735 5461 2790 5511 ἐν
2817 5454 2987 5522 τούτῳ
3023 5453 3090 5505 τὰ
3117 5449 3255 5503 κατὰ
3269 5449 3358 5500 τὸν
3379 5441 3743 5538 Χριστὸν

2210 5528 2540 5634 προφήτευει
2556 5561 2583 5611 ὁ
2606 5553 2870 5625 μακάριος
2893 5545 3080 5599 Ααυῖδ³
3104 5539 3468 5614 προαναφωνεῖ
3499 5531 3694 5634 ἐπί-τ’ίῇ

2209 5653 2303 5706 τοῦ
2321 5651 2457 5702 Πνεύ
2467 5663 2630 5717 ματος
2657 5637 3002 5712 ἐνεργεία[ς],
3027 5638 3099 5699 ὡς
3118 5635 3182 5688 ἂν
3207 5634 3509 5702 ὑμνήσωσιν
3531 5628 3688 5680 αὺτόν
3704 5639 3744 5672 ευ

2212 5741 2289 5811 τῷ
2321 5737 2448 5811 ἱερῷ
2470 5738 2518 5791 οἱ
2548 5735 2754 5798 παῖδες,
2786 5732 2838 5784 οἵ
2873 5747 2929 5783 τε
2956 5726 3049 5801 [οἱ]
3081 5724 3361 5794 ὑπομάζιοι
3391 5720 3477 5773 καὶ
3513 5720 3566 5771 οἱ
3594 5718 3748 5784 ἐτεμέι
