3904 6556
188 368 282 425 653

1368 346 1740 406 EXPOSITIO
1779 346 1847 401 IN
1886 346 2223 404 PSALMOS.

3322 351 3427 408 654

187 491 348 558 νήπιοι
370 500 382 510 ’
426 482 558 552 quasi.
579 479 636 532 δέ
658 493 798 539 τινες
827 476 919 529 καὶ
947 473 1027 536 εἰς
1053 473 1145 525 τὸν
1172 472 1348 526 κοινὸν
1369 471 1622 543 εἰρῆσθαι
1643 471 1738 524 ἄν·

1867 477 1894 523 τι
1927 470 2042 525 haec
2081 480 2168 526 est
2203 469 2480 528 sententia
2509 471 2844 534 communis,
2880 470 3160 526 hominem
3192 473 3429 529 interro-

189 581 384 649 θρωπον
399 573 455 624 ὲν
470 573 534 641 τῇ
555 569 660 622 τῶν
678 566 1066 638 Σκηνοπηγίων
1085 566 1245 636 ἑορτῇ
1261 563 1447 618 τοῦτον
1473 560 1742 635 [λελέχθη]

1867 573 2032 633 gutum
2084 562 2256 618 fuisse
2307 565 2361 617 in
2398 562 2751 634 Scenopegiae
2783 563 2945 625 festo,
2979 563 3127 620 hunc
3149 566 3423 637 psalmum

186 664 500 738 τὸνψαλμδν
557 663 662 716 ὑπὸ
709 661 804 715 τοῦ
843 659 1109 732 μακαρίου
1157 655 1335 715 Δαυῒδ.
1371 655 1493 710 καθ’
1520 656 1604 725 δή
1638 653 1744 707 τῶν

189 758 398 833 καρπῶν
425 754 726 824 συγκομιδὴ
757 752 965 821 γίνεται
988 767 1000 780 ο
1026 751 1121 802 καὶ
1141 749 1229 801 διὰ
1261 746 1420 801 τοῦτο
1448 745 1744 816 ἐπιγέγρα-

191 870 324 918 πται,
348 849 514 917 Παρὰ
553 846 673 900 τῶν
705 844 933 914 ληνῶν.

749 957 1041 1011 ΨΑΛΜΟΣ
1076 955 1157 1009 Θ’.

248 1077 387 1145 Στίχ.
413 1073 478 1144 β’.
505 1070 746 1126 -Μετὰ
774 1069 884 1141 γὰρ
920 1068 1020 1138 τὴν
1054 1067 1304 1138 διήγησιν
1333 1065 1442 1118 τῶν
1477 1063 1585 1118 σῶν
1619 1062 1749 1115 θαυ-

189 1166 404 1239 μασίων,
441 1164 736 1235 προσέσται
768 1178 859 1233 μοι
891 1159 1069 1214 καὶτὸ
1101 1157 1486 1229 εὐφραίνεσθαι
1520 1157 1614 1208 ἐπὶ
1643 1155 1747 1221 σοὶ,

187 1257 714 1331 ἀναμιμνησκομένῳ
739 1255 840 1326 τῆς
871 1256 968 1325 σῆς
989 1251 1326 1323 εὐεργεσίας.

250 1352 396 1422 Στίχ.
431 1357 493 1403 ε’.
522 1379 592 1390 -
642 1345 1228 1418 Σύμμαχος,Ἕδρασε
1253 1343 1448 1412 κρίσει
1475 1339 1584 1394 τὸν
1614 1340 1748 1408 θρό-

184 1441 514 1506 νοναὺτοῦ,
560 1440 842 1504 τουτέστι,
901 1437 1132 1492 Βεϐαίαν
1177 1435 1277 1506 τὴν
1318 1433 1500 1505 κρίσιν
1548 1431 1750 1501 ταύτην

185 1536 488 1606 ἐποιήσατο,
536 1533 631 1586 καὶ
687 1529 991 1602 μεταϐολὴν
1049 1530 1118 1582 τὰ
1152 1528 1242 1581 ὐπ’
1299 1527 1463 1580 αὐτοῦ
1499 1525 1752 1596 κριθέντα

181 1630 272 1683 οὐκ
314 1627 622 1696 ἐπιδέχεται
662 1623 764 1693 (1).

242 1717 390 1788 Στίχ.
423 1723 474 1770 ι’.
514 1746 583 1756 -
617 1713 762 1769 Ἀντὶ
788 1712 906 1776 τοῦ,
937 1713 1047 1766 Καὶ
1097 1713 1382 1780 γενήσεται
1425 1710 1748 1779 καταφυγήο

1853 671 1880 708 a
1914 655 2328 716 Davidoll'uisse
2363 658 2733 726 compositum
2765 674 2864 726 pro
2893 667 3140 728 tempore
3173 675 3284 726 quo
3305 660 3426 715 fru-

1848 759 2036 805 ctuum
2085 749 2142 804 ﬁt
2173 750 2429 804 collectio
2462 771 2472 804 :
2510 752 2632 805 ideo
2677 751 2780 804 Pro
2835 752 3187 806 torcularibus
3227 754 3428 810 inscri-

1849 841 2016 896 bitur.

2411 951 2734 1007 PSALMUS
2765 953 2856 1006 IX.

1924 1060 2089 1118 Vens.
2115 1062 2171 1116 ‘2.
2204 1092 2274 1101 —
2297 1061 2511 1116 Etenim
2543 1073 2670 1132 post
2694 1063 3064 1119 narrationem
3094 1065 3427 1120 mirabilium

1851 1163 2112 1217 tuorum,
2161 1155 2292 1209 mihi
2347 1155 2740 1210 beneﬁciorum
2791 1164 3012 1210 tuorum
3053 1158 3428 1214 reminiscenti

1852 1248 2022 1302 laetari
2057 1262 2276 1318 quoque
2314 1257 2591 1316 superest.

1932 1341 2096 1397 Vens.
2126 1342 2253 1396 5.-
2275 1340 2642 1414 Symmachus
2665 1340 2878 1397 Iudicio
2898 1342 3156 1398 stabilivit
3183 1342 3430 1398 thronum

1853 1435 1988 1504 ejus,
2021 1435 2074 1489 id
2108 1444 2215 1494 est.
2246 1433 2494 1489 Firmum
2536 1435 2639 1489 hoc
2667 1435 2938 1504 judicium
2974 1433 3136 1491 fecit.
3166 1437 3429 1493 mutatio-

1851 1543 2088 1598 nemque
2113 1528 2321 1598 judicia
2355 1528 2504 1584 illius
2529 1543 2640 1583 non
2677 1539 2900 1583 norunt.

1928 1704 2092 1760 Vens.
2127 1707 2213 1762 10.
2253 1736 2324 1746 —
2358 1705 2501 1762 Loco
2540 1710 2629 1778 [iet
2660 1709 2954 1779 refugium,
2986 1711 3091 1765 hoc
3131 1712 3277 1766 enim
3309 1714 3430 1768 vult

181 1811 328 1864 τοῦτο
355 1809 463 1879 γὰρ
493 1810 527 1876 ἡ
577 1805 866 1861 ἀκολουθία
920 1804 1203 1875 βούλεται·
1253 1803 1576 1873 ὲνήλλακται
1613 1802 1670 1854 δὲ
1702 1803 1746 1854 ,ὁ

1867 1807 2168 1863 :ontextus,
2201 1809 2417 1871 tempus
2449 1811 2716 1856 mutatum
2744 1812 2848 1858 est.
2876 1801 3256 1873 Opportunum
3283 1806 3430 1860 enim

180 1904 383 1974 χρόνος.
414 1899 682 1971 Εὔκαιρος
731 1897 838 1970 γὰρ
867 1899 899 1968 ἡ
932 1897 1172 1969 βοήθεια,
1208 1896 1349 1950 κατὰ
1385 1895 1476 1946 τὸν
1504 1893 1604 1963 τῆς
1639 1893 1749 1946 θλί-

177 1997 312 2067 ψεως
353 1994 611 2064 γινομένη
639 2010 729 2047 και
739 1993 847 2062 ρόν.

238 2088 392 2157 Στίχ.
425 2085 506 2141 ιδ’.
534 2116 603 2126 ——
635 2085 926 2140 Κάνταῦθα
984 2083 1146 2137 πάλιν
1197 2081 1482 2152 ὐπαλλαγὴ
1533 2082 1747 2151 χρόνου,

174 2179 292 2234 ἀντὶ
317 2178 416 2231 τοῦ
450 2177 708 2247 Ἠλέησεν
728 2181 856 2248 7&9,
899 2175 1205 2242 Ἐλέησον,
1231 2173 1394 2243 φησίν
1415 2189 1427 2201 ·
1443 2171 1628 2235 ὀὕτως
1657 2173 1750 2225 καὶ

182 2268 414 2332 Ἀκύλας
444 2269 628 2337 φησίν·
665 2266 1038 2335 Ἐδωρήσατό
1069 2282 1191 2334 μοι’
1226 2265 1442 2332 Κύριος
1460 2259 1622 2317 εἶδεν
1649 2280 1751 2318 και

173 2363 428 2430 κουχίαν
449 2378 567 2430 μου
589 2377 600 2388 ·
632 2359 790 2411 τοῦτο
811 2358 868 2410 δὲ
899 2359 1046 2428 καὶὴ
1083 2355 1368 2410 ἀκολουθία
1405 2355 1748 2426 βούλεται.-

171 2454 370 2516 Τοῦτο,
399 2455 583 2523 φησὶν,
617 2453 733 2505 ἐστὶ
769 2451 828 2504 τὸ
852 2452 1002 2514 τέλος
1026 2449 1132 2502 τῶν
1158 2448 1398 2517 ἀγαθῶν,
1438 2451 1472 2518 ἡ
1503 2448 1602 2517 τῆς
1629 2448 1751 2516 φθο-

171 2548 265 2616 ρᾶς
295 2545 609 2614 ἀπαλλαγὴ,
633 2545 727 2597 καὶ
769 2543 863 2596 τοῦ
898 2542 1128 2596 θανάτου
1173 2541 1485 2608 κατάλυσις,
1515 2535 1582 2611 ἦς
1616 2541 1749 2592 ἁπο-

159 2639 387 2702 λύοντες
414 2641 492 2700 εἰς
516 2637 602 2690 ἀεὶ
625 2637 721 2698 τὰς
746 2635 844 2698 σὰς
869 2633 1184 2706 εὐεργεσίας
1219 2634 1572 2703 ὐμνήσωμεν.

235 2729 392 2797 Στίχ.
451 2733 531 2779 ιε’.
567 2756 637 2765 -
663 2725 868 2789 Πύλας
894 2722 1152 2778 θανάτου
1197 2721 1289 2774 τὸν
1321 2720 1564 2774 κίνδυνον
1597 2720 1752 2774 καλεῖ

159 2819 249 2872 τὸν
266 2819 479 2887 ἄγοντα
510 2817 602 2870 ἐπὶ
627 2817 719 2869 τὸν
741 2815 989 2870 θάνατον.
1013 2841 1083 2853 σ-
1108 2811 1261 2866 Σιὼν
1286 2812 1438 2864 καλεῖ
1465 2813 1565 2883 τὴν
1589 2813 1750 2866 ἐπου-

161 2915 346 2984 ράνιον
395 2910 566 2975 πόλιν,
592 2908 667 2972 ὼς
695 2910 722 2961 ὁ
742 2907 1010 2978 μακάριος
1041 2904 1249 2968 Παῦλος
1281 2904 1547 2970 ἐδίδαξεν·
1575 2904 1750 2967 πύλας

152 3003 210 3056 δὲ
238 3004 467 3072 ἐκείνης
494 3002 590 3064 τὰς
627 2996 938 3068 ἁπανταχοῦ
972 2997 1074 3066 γῆς
1106 2995 1452 3065 Ἐκκλησίας,
1483 2996 1549 3048 δι’
1565 2989 1640 3048 ὧν
1670 2998 1750 3059 εἰς

155 3090 382 3161 ἐκείνην
431 3088 664 3141 εἰσίασιν
718 3087 768 3139 οἱ
824 3085 1192 3148 πιστεύοντες.
1231 3085 1492 3138 Ἐνταῦθα
1546 3087 1746 3150 τοίνυν,

154 3183 347 3253 φησὶν,
383 3181 745 3250 ἀγαλλόμενοι
775 3180 868 3233 καὶ
898 3177 1216 3249 χορεύοντες
1238 3178 1331 3230 ἐπὶ
1376 3181 1496 3242 ταῖς
1535 3179 1748 3232 ἐλπίσιν
1775 3162 1823 3225 C

150 3276 252 3345 τῆς
282 3275 659 3338 ἀναστάσεως,
680 3273 771 3327 τὸν
794 3273 998 3327 τούτων
1030 3272 1288 3343 πρόξενον
1328 3268 1746 3344 ἀνυμνήσωμεν·

152 3367 244 3418 καὶ
269 3366 475 3437 ἐπειδὴ
498 3367 596 3436 τῆς
624 3365 719 3418 τοῦ
761 3365 992 3419 θανάτου
1023 3363 1376 3428 καταλύσεως
1404 3367 1750 3436 ἐμνημόνευ-

151 3477 266 3523 σεν,
327 3460 564 3524 εξκὸτως
616 3459 916 3530 ἐπήγαγεν.
941 3489 1008 3499 -
1035 3459 1110 3529 (2)
1151 3459 1249 3512 Διὰ
1291 3458 1390 3531 τὴν
1421 3459 1748 3532 ὑπερϐολὴν,

149 3553 343 3622 φησὶν,
402 3551 508 3619 τῆς
551 3551 925 3622 ὑπερηφανίας
969 3549 1137 3606 αὐτοῦ
1197 3552 1291 3605 καὶ
1327 3551 1423 3606 τοῦ
1452 3551 1625 3624 θυμοῦ
1653 3553 1749 3607 τοῦ

148 3644 296 3694 κατὰ
317 3644 438 3697 τῶν
465 3645 733 3715 πενήτων,
778 3645 878 3698 οὐκ
923 3643 1145 3716 ἐκζητεί
1173 3645 1264 3698 τὸν
1295 3645 1592 3716 Δεσπότην,
1629 3646 1750 3700 οὐδὲ

147 3735 262 3785 νοεῖ
292 3734 384 3786 ὅτι
413 3736 730 3806 ἁπαρέσκον
756 3735 904 3806 αύτῷ
939 3736 999 3789 τὸ
1031 3735 1336 3806 γινόμενον.
1361 3736 1746 3806 -Ἐναλλαγὴ

141 3823 445 3879 κάνταῦθα
495 3827 707 3897 χρόνου,
754 3829 876 3881 ἀντὶ
919 3845 1034 3894 του,
1076 3827 1512 3898 Κατακυριεύειο
1548 3828 1616 3882 τὸ
1641 3829 1750 3896 γὰρ

140 3918 488 3985 γινόμενον
531 3919 636 3972 ὐπὸ
676 3910 770 3973 τοῦ
807 3919 1117 3984 ἀδικοῦντος
1147 3921 1436 3990 διηγεῖται,
1481 3919 1604 3974 ἀντὶ
1628 3920 1745 3987 τοῦ,

133 4007 239 4061 διὰ
263 4009 463 4062 τοῦτο
487 4010 726 4064 πάντων
757 4013 976 4081 κρατεῖ,
1006 4014 1099 4066 καὶ
1140 4014 1344 4077 πάντας
1374 4013 1609 4082 ἀφειδῶς
1637 4012 1750 4066 ἀδι-

137 4101 249 4150 κεί.
275 4099 635 4171 Σαφὲστερον
673 4103 729 4155 δὲ
781 4103 1076 4174 Σύμμαχος
1121 4101 1302 4158 εἶπεν·
1329 4103 1586 4168 Πάντας*
1606 4103 1750 4170 τοὺς

1852 1902 1935 1948 est
1957 1894 2292 1962 adiutorium
2326 1897 2472 1966 quod
2505 1904 2752 1967 tempore
2787 1898 3163 1956 tribulationis
3185 1899 3426 1956 advenit.

1923 2078 2086 2135 Vens.
2121 2080 2208 2133 M.
2236 2107 2305 2118 -—
2335 2079 2539 2134 Deinde
2586 2079 2783 2134 iterum
2837 2079 3070 2134 mutatio
3116 2082 3426 2151 temporis;

1851 2173 1972 2228 loco
2000 2173 2146 2228 enim
2173 2173 2438 2227 misertus
2459 2179 2565 2236 est,
2593 2171 2836 2225 miserere
2859 2172 2995 2227 dicit
3021 2192 3034 2227 :
3061 2173 3142 2228 sic
3162 2181 3214 2228 et
3232 2173 3430 2243 Aquila

1851 2265 1987 2319 dicit
2003 2264 2221 2318 donavit
2241 2263 2402 2318 mihi:
2427 2262 2682 2318 Dominus
2701 2264 2830 2317 vidit
2847 2263 3201 2318 humilitatem
3220 2282 3388 2320 meam
3407 2279 3428 2318 :

1852 2358 1955 2412 hoc
1981 2359 2125 2413 enim
2161 2358 2282 2412 vult
2309 2371 2530 2428 quoque
2567 2365 2880 2411 contextus.
2914 2356 3074 2421 Illud,
3103 2357 3304 2427 inquit,
3343 2366 3430 2414 est

1850 2466 2067 2505 summa
2100 2450 2369 2505 bonorum
2394 2489 2411 2514 ,
2454 2449 2726 2503 malorum
2762 2449 3034 2514 remotio,
3066 2449 3428 2520 liberatioque

1850 2543 2046 2598 mortis
2083 2557 2114 2596 a
2161 2557 2268 2612 qua
2321 2541 2539 2597 liberati
2597 2541 2653 2595 in
2699 2548 2966 2596 aeternum
3020 2550 3113 2595 tua
3165 2542 3428 2598 beneﬁcia

1849 2633 2215 2690 cantabimus.

1921 2724 2086 2782 Vens.
2122 2726 2208 2779 15.
2237 2755 2306 2766 -—
2333 2725 2532 2781 Portas
2561 2728 2747 2780 mortis
2776 2727 3079 2796 periculum
3101 2727 3169 2781 ad
3195 2734 3426 2782 mortem

1851 2818 2061 2873 ducens
2087 2826 2268 2873 vocat.
2295 2815 2427 2873 Sion
2445 2827 2604 2872 vocat
2632 2816 2937 2874 Jerusalem
2959 2819 3257 2883 cmlestem,
3284 2818 3430 2874 sicut

1851 2909 2047 2964 beatus
2104 2906 2308 2964 Paulus
2356 2908 2565 2964 docuit.
2616 2909 2810 2966 Portas
2842 2918 3026 2966 autem
3065 2910 3230 2980 hujus
3275 2910 3428 2965 orbis

1852 3009 2123 3056 terrarum
2145 3000 2430 3065 ecclesias,
2454 3015 2552 3071 per
2571 3016 2708 3070 quas
2734 3002 2787 3056 in
2811 3002 2957 3056 illam
2978 3004 3182 3057 intrant
3208 3001 3428 3066 creden-

1854 3103 1936 3150 tes
1965 3113 1980 3147 :
2015 3094 2089 3149 ibi
2115 3094 2486 3164 ergo,inquit,
2513 3094 2767 3149 laetantes
2798 3102 2852 3150 et
2881 3095 3224 3151 exsultantes
3249 3095 3304 3149 in
3331 3110 3428 3165 spe

1855 3185 2300 3250 resurrectionis,
2343 3185 2536 3240 horum
2577 3186 2847 3241 bonorum
2893 3186 3125 3242 Domino
3174 3187 3427 3242 cantabi-

1854 3293 1978 3333 mus
2013 3296 2027 3332 :
2065 3291 2299 3346 cumque
2330 3275 2527 3333 mortis
2561 3277 2909 3332 liberationis
2945 3276 3046 3332 fuit
3078 3277 3424 3342 recordatus,

1853 3384 1955 3425 nos
2031 3369 2168 3424 bene
2233 3367 2481 3424 deduxit.
2551 3367 2784 3439 Propter
2848 3384 3175 3437 excessum,
3248 3372 3430 3444 inquit

1854 3460 2023 3531 (Psal.
2075 3476 2113 3514 ιι
2137 3460 2176 3530 ),
2205 3460 2476 3530 superbiae
2507 3460 2628 3530 ejus
2673 3469 2838 3530 atque
2876 3460 2972 3515 ira":
2991 3460 3257 3518 adversus
3294 3477 3430 3533 pau-

1853 3569 2050 3629 peres,
2101 3567 2210 3607 non
2263 3553 2464 3628 quaerit
2511 3552 2832 3616 Dominum,
2884 3568 2986 3609 nec
3037 3561 3191 3625 putat
3234 3555 3430 3626 displi-

1853 3660 1978 3701 cere
2007 3645 2083 3699 illi
2119 3645 2264 3715 quod
2290 3644 2492 3699 factum
2515 3653 2622 3700 est.
2655 3643 2755 3700 Hic
2786 3659 3007 3716 quoque
3038 3647 3270 3700 mutatio
3293 3653 3429 3701 tem-

1852 3737 2027 3809 poris,
2066 3737 2186 3792 loco
2212 3736 2617 3791 dominabitur:
2651 3732 2788 3807 quod
2826 3737 3029 3806 factum
3072 3746 3150 3792 est
3185 3739 3330 3793 enim
3360 3738 3430 3793 ab

1852 3830 2042 3900 iniquo
2067 3830 2290 3894 dicitur,
2317 3831 2436 3885 loco
2462 3839 2671 3898 propter
2703 3831 2799 3882 hoc
2829 3831 3060 3882 omnium
3100 3829 3426 3896 dominatur,

1851 3931 1906 3977 et
1949 3937 2144 3977 omnes
2178 3921 2366 3992 inique
2415 3921 2786 3990 persequitur.
2812 3921 3030 3974 Clarius
3057 3928 3239 3975 autem
3269 3918 3428 3990 Sym-

1853 4015 2080 4071 machus
2134 4014 2315 4081 dixit,
2349 4014 2540 4070 Omnes
2585 4013 2676 4066 hos
2725 4029 2846 4067 suos
2880 4013 3119 4066 inimicos
3161 4011 3424 4088 exsuﬂiat.

1851 4105 1990 4160 illud
2011 4106 2258 4174 apertius
2281 4104 2594 4174 explanavit
2620 4101 3004 4173 Symmachus,
3031 4098 3155 4154 Non
3188 4101 3430 4156 movebar

127 4190 416 4258 ἐχθροὺς
443 4193 630 4245 αὐτοῦ
661 4193 920 4262 ἐκφυσᾷ.
950 4227 1016 4235 -
1050 4195 1125 4265 (5)
1157 4195 1497 4269 Σαφέστερον
1531 4193 1688 4249 τοῦτο
1719 4197 1746 4248 ὁ

1867 4202 1906 4252 in
1952 4198 2338 4268 generationem
2383 4206 2433 4252 et
2480 4196 2900 4267 generationem,
2933 4210 3024 4248 nec
3081 4209 3170 4248 ero
3198 4195 3253 4248 in
3283 4197 3426 4248 malo

127 4282 462 4354 Σύμμαχος
479 4285 838 4356 ἡρμήνευσεν·
884 4289 966 4340 Οὐ
995 4285 1510 4356 περιτραπήσομαι
1537 4289 1623 4353 είς
1650 4305 1746 4357 τε·

1867 4289 1928 4360 μν.
1959 4290 2014 4359 6)
2051 4308 2064 4344 :
2103 4289 2317 4360 hacque
2348 4289 2460 4359 agit
2507 4287 2760 4348 audacia,
2791 4286 3124 4356 conliditque
3156 4286 3293 4341 nihil
3319 4293 3424 4342 ter-

119 4376 285 4429 νεὰν
332 4375 450 4428 καὶ
510 4377 746 4445 γενεὰν,
781 4379 919 4432 οὔτε
971 4379 1184 4448 ἔσομαι
1217 4379 1286 4431 ἐν
1321 4379 1580 4435 κακώσει
1605 4396 1618 4408 ⁸
1651 4382 1746 4434 καὶ

1867 4378 2012 4434 ribilc
2037 4394 2159 4434 esse
2189 4388 2674 4449 superventurum,
2704 4386 2824 4447 post
2851 4390 3045 4431 omnes
3069 4375 3287 4446 species
3314 4392 3426 4432 ma-

119 4468 314 4540 ταύτῃ
351 4468 634 4539 κέχρηται
661 4472 727 4540 τῇ
757 4468 1076 4540 θρασύτητι,
1098 4471 1192 4523 καὶ
1218 4472 1429 4540 ἡγεῖται
1454 4472 1619 4543 μηδὲν
1638 4471 1746 4526 δειε-

1872 4471 1982 4526 itiae
2011 4471 2302 4527 festinans.

113 4560 212 4614 νὺν
243 4560 703 4632 ὑποστήσεσθαι,
727 4562 904 4615 πάντα
931 4563 1129 4631 μετιὼν
1155 4563 1255 4633 τῆς
1285 4565 1482 4627 κακίας
1510 4565 1579 4619 τὰ
1603 4566 1737 4637 εἴδη.
1779 4560 1807 4562 ”
1893 4562 1904 4573 ’

189 4651 370 4722 Στίχ.
433 4657 532 4714 ις’.
561 4645 748 4714 -Οἷς
815 4650 890 4721 (4)
930 4654 1364 4724 ἐμηχανήσαντο,
1409 4655 1565 4724 φησὶ,
1614 4655 1737 4709 καθ’

108 4743 285 4811 ἡμῶν
322 4744 386 4795 οε
427 4737 698 4811 πολέμίοι,
729 4742 939 4806 τούτοις
978 4744 1224 4798 ἑάλωσαν
1250 4745 1425 4800 αὐτοί.
1445 4747 1592 4800 Ἀντὶ
1621 4746 1738 4812 τοῦ,

107 4829 315 4904 Ἀπερ
343 4832 698 4896 ἐσπούδαζον
723 4831 845 4885 καθ’
877 4833 1054 4904 ἡμῶν,
1076 4833 1248 4888 ταῦτα
1282 4836 1502 4892 ἔπαθον.

1941 4673 2098 4715 «επις.
2146 4659 2231 4713 16.
2267 4689 2335 4698 -
2376 4657 2469 4724 lis,
2501 4658 2699 4728 inquit,
2733 4675 2854 4729 quae
2883 4660 3178 4717 machinati
3211 4661 3426 4718 fuerant

1848 4763 2043 4810 contra
2082 4767 2184 4808 nos
2222 4751 2429 4805 inimici
2463 4750 2660 4817 nostri,
2707 4751 2898 4806 iisdem
2935 4753 3036 4823 ipsi
3072 4754 3215 4824 capti
3271 4764 3420 4811 sunt.

1849 4847 1909 4902 ld
1940 4853 2045 4906 est,
2082 4842 2154 4894 Ea
2185 4855 2306 4911 quae
2354 4847 2545 4895 contra
2577 4855 2680 4896 nos
2709 4841 3285 4907 comminiscebautur,
3321 4846 3424 4915 ipsi

39 5070 85 5132 ,ξ
686 5020 916 5074 Iram.
934 5019 1244 5074 'EBPAIK.
1851 4952 2001 5008 pas“
2035 4941 2182 4990 sum.
2406 5026 2612 5082 psac.
2649 5026 2866 5081 manu.
2959 5001 3007 5028 ”²

66 5121 80 5158 ⁵
179 5123 362 5193 Στὶχ.
403 5122 480 5174 δ’.
515 5121 688 5175 -Ἐν
728 5133 901 5202 τούτῳ
937 5133 1047 5204 γὰρ
1093 5134 1350 5203 μάλιστα,
1385 5136 1537 5205 φησὶ,
1587 5137 1743 5204 Παρι-

1913 5142 2083 5197 V'Eus.
2120 5142 2174 5194 4.
2213 5173 2283 5181 —
2312 5140 2413 5195 llic
2460 5141 2604 5196 enim
2655 5143 2889 5197 multum
2934 5143 3070 5198 dicit
3095 5142 3424 5197 exacerbavit

94 5217 326 5280 ὡξυνε
396 5213 522 5267 τὸν
559 5215 870 5283 Δεσπότην
898 5224 931 5272 ό
959 5225 1206 5291 ἀσεϐὴς,
1239 5227 1296 5278 ὲν
1351 5227 1429 5295 τῷ
1477 5227 1745 5298 τολμῆσαι

1867 5232 2134 5287 Dominum
2177 5233 2406 5300 impius,
2456 5246 2579 5284 cum
2621 5231 2689 5286 de
2732 5232 2853 5300 ipso
2901 5229 3058 5302 (Deo)
3089 5229 3207 5285 fore
3233 5239 3420 5284 utuou

89 5309 402 5380 ἐννοῆσαι
437 5307 574 5378 περὶ
618 5307 782 5361 αὐτοῦ
810 5311 890 5363 ὅτι
935 5313 1211 5386 ἐκδίκησιν
1244 5318 1351 5370 τῶν
1377 5319 1744 5389 ἀδικουμένων

1867 5325 2153 5381 ulciscatur
2180 5325 2365 5391 iniqua
2396 5332 2618 5392 agentes
2653 5325 2901 5390 cogitare
2931 5321 3116 5378 audet.
3214 5382 3222 5387 ν

89 5406 158 5456 οὐ
189 5403 509 5456 ποιεῖται.

1917 5597 1996 5665 (2)
2065 5596 2242 5652 Verba
2313 5598 2602 5668 sequentia
2680 5595 2999 5668 referenda
3036 5595 3292 5668 videntur
3349 5586 3419 5646 ad

1839 5669 1979 5735 psal.
2011 5683 2043 5721 x
2085 5665 2610 5731 secundum'Hebr"
2639 5682 2778 5723 vers.
2806 5667 2862 5732 2,
2891 5667 2942 5735 5,
2975 5665 3024 5721 6.
3084 5665 3241 5720 EDl’l‘.

1912 5738 1987 5803 (5)
2027 5735 2176 5793 Psal.
2211 5735 2373 5792 Hebr.
2406 5753 2578 5795 verss.
2611 5737 2663 5794 6.

1921 5806 1995 5877 (ei)
2026 5806 2100 5862 Ει
2135 5807 2416 5864 Corderio.

163 5589 257 5656 (ί)
286 5583 810 5664 Grammatical‘em
837 5595 1143 5664 temporum
1156 5593 1451 5664 penallagen
1475 5608 1618 5663 saepe
1636 5595 1732 5647 ad-

81 5657 342 5713 notavit
377 5655 546 5733 apud
575 5657 869 5733 prephetas
891 5655 1080 5733 noster
1104 5655 1444 5729 Theodorus,
1465 5655 1643 5733 quiet
1675 5666 1729 5717 in

81 5749 193 5784 sua
240 5729 637 5802 psalmorum
668 5728 1074 5802 explanatione,
1105 5742 1162 5785 ut
1203 5749 1349 5787 mlnc
1381 5744 1435 5787 ct
1469 5728 1730 5802 posthinc

79 5807 170 5864 tit,
198 5797 280 5855 d2:
322 5797 554 5853 eadem
587 5813 645 5852 se
674 5799 907 5856 lectores
940 5802 1290 5859 admonuisse
1315 5797 1524 5860 narrat.
1566 5803 1694 5859 Mm.
