3804 6518
512 367 621 427 655

1680 347 2032 403 TllEODORl
2067 336 2553 402 MOPSUESTENI
3598 347 3669 403 656
3776 366 3777 371 ‘

593 483 756 537 Vens.
788 481 873 533 14.
898 507 967 517 -
994 474 1118 529 Hzcc
1141 473 1305 529 verba
1337 478 1466 525 sunt
1488 450 1565 525 ex.
1586 469 1897 522 inversione
1928 487 1940 519 :
1967 467 2087 521 loco
2116 495 2128 529 λ

2262 465 2403 535 Στίχ.
2438 464 2586 519 ιδ’.--
2620 461 3009 535 Πρωθύστερόν
3033 462 3148 515 ἐστι
3174 460 3237 514 τὰ
3257 460 3473 531 ῥήματα·
3494 460 3671 532 enim

517 578 665 632 enim
707 573 954 643 quoniam
1001 567 1218 631 videns,
1266 567 1407 619 vides
1455 564 1693 632 legitur;
1723 577 1789 615 eo
1822 560 1968 629 quod
2011 560 2091 614 sic

2233 557 2442 622 οῦ,”οτι
2466 556 2699 626 βλέπεις,
2720 558 2915 621 κεῖται,
2928 554 3197 620 Βλέπεις
3211 554 3289 606 ὅτι
3306 552 3506 605 τοῦτοδὲ
3519 554 3671 624 ἀπὺτῇς

520 671 637 724 vult
659 675 841 720 textus
872 662 1216 717 Hebraicus:
1255 674 1379 711 cum
1415 657 1559 711 cnim
1584 656 1650 709 de
1683 654 1889 722 iniquis
1924 652 2091 706 dixit:

520 758 672 814 Dixit
700 757 837 811 enim
860 756 913 806 in
943 751 1096 805 corde
1123 766 1217 803 suo
1244 765 1261 802 :
1289 746 1411 801 Non
1441 747 1683 815 requiret.
1720 744 1969 802 adduxit,
2008 739 2097 792 Vi—

522 852 610 904 des
672 848 919 915 quoniam
980 854 1035 895 tu
1090 842 1322 895 laborem
1377 847 1425 891 et
1486 837 1719 890 dolorem
1772 832 2097 896 consideras,

523 942 678 1015 quasi
721 938 909 992 volens
949 936 1015 989 ad
1072 933 1237 987 Deum
1278 932 1460 985 dicere
1508 930 1756 998 iniquum
1810 941 1983 993 usque
2033 938 2098 977 eo

496 1032 503 1039 ”
523 1031 746 1086 venisse
776 1038 834 1083 ut
861 1028 1092 1088 diceret,
1130 1039 1236 1078 non
1260 1022 1359 1075 tibi
1389 1036 1513 1075 esse
1542 1033 1735 1073 curam
1774 1016 1841 1070 de
1875 1014 2097 1084 iniquis,

526 1140 627 1179 nec
661 1122 858 1176 delicta
890 1118 1194 1188 requirere,
1226 1129 1353 1169 cum
1389 1125 1578 1166 eorum
1610 1109 1853 1162 furorem
1885 1120 1947 1158 ac
1982 1119 2098 1157 ma-

527 1218 703 1270 litiam
733 1214 944 1276 videns,
976 1226 1086 1265 non
1114 1208 1224 1262 cito
1256 1206 1323 1260 ad
1355 1204 1617 1259 ultionem
1642 1214 1832 1262 exeas,
1863 1196 1955 1252 sed
1978 1211 2104 1248 con—

531 1313 758 1370 sideras,
783 1307 837 1361 id
871 1316 977 1369 est,
1009 1302 1248 1358 moraris
1271 1341 1286 1366 ,
1326 1296 1629 1368 usquedum
1661 1310 1726 1349 ex
1758 1289 2106 1345 multitudine

532 1404 857 1459 delictorum
892 1398 1103 1467 seipsos
1146 1395 1200 1447 in
1233 1403 1357 1446 tuas
1392 1404 1586 1444 manus
1636 1385 1879 1447 tradant,
1908 1382 2107 1451 iniqui-

534 1501 710 1548 tatum
746 1504 970 1546 suarum
1014 1499 1242 1540 numero
1276 1485 1333 1537 in
1366 1480 1580 1551 seipsos
1609 1477 1903 1533 vindictam
1934 1473 2111 1528 conci-

536 1594 733 1639 tante:
771 1583 874 1636 hoc
910 1580 1043 1634 dicit
1095 1593 1161 1632 cx
1211 1574 1529 1642 metaphora
1575 1585 1764 1625 eorum
1812 1567 1906 1637 qui
1941 1581 2112 1635 usque

538 1676 608 1731 ad
654 1691 821 1730 unum
854 1675 936 1727 vel
978 1669 1277 1725 secundum
1320 1665 1578 1720 delictum
1612 1678 1721 1716 non
1761 1662 1988 1720 sistunt.
2018 1658 2111 1712 sed

537 1782 683 1837 quos
724 1765 896 1819 multa
947 1762 1145 1817 delicta
1193 1759 1259 1813 ad
1299 1756 1596 1812 tribunalia
1628 1755 1856 1816 ducunt,
1888 1754 1981 1807 ubi
2010 1752 2114 1807 ini-

2202 649 2496 719 ἑρμηνείας
2518 648 2805 719 γεγένηται
2826 648 2920 701 τοῦ
2962 644 3264 714 Ἐὅραῖκοῦ·
3298 645 3471 715 ἐπειδὴ
3490 645 3575 716 γὰρ
3590 647 3671 715 περὶ
3776 696 3777 701 η

2202 741 2310 791 τῶν
2341 739 2667 792 ἀδικούντων
2697 735 2847 792 εἶπεν
2867 740 2925 793 τὸ
2944 782 2957 803 ,
2989 734 3171 791 Εἶπεν·
3192 736 3299 805 γὰρ
3318 736 3385 789 ἐν
3413 734 3583 802 καρδίᾳ
3608 739 3676 789 αὑ-

2203 830 2330 893 τοῦ,
2364 833 2483 883 Οὐκ
2504 828 2834 899 ἐκζητήσει,
2864 831 3141 901 ἐπήγαγεν
3167 829 3247 892 τὸ,
3275 826 3519 893 Βλέπεις,
3537 826 3603 880 ὅτι
3625 828 3676 880 σὺ

2208 924 2403 975 πόνον
2440 920 2538 974 καί
2573 923 2763 990 θυμὸν
2811 892 3141 984 κατανοεῖς,
3168 918 3323 971 τοῦτο
3350 917 3677 987 βουλόμενοςὼς
3776 892 3777 911 1

2208 1014 2344 1084 πρὸς
2370 1014 2458 1066 τὸν
2493 1013 2624 1066 Θεὸν
2645 1015 2837 1077 εἰπεῖν,
2851 1014 2932 1066 ὅτι
2954 1011 3208 1084 Προήχθη
3240 1010 3297 1063 δὲ
3322 1007 3678 1071 ὲκείνοςίοᾰδικος

2206 1109 2379 1159 ταῦτα
2402 1103 2738 1173 λογίσασθαι,
2765 1096 2844 1157 ὅτι
2878 1105 2951 1176 μὴ
2978 1105 3127 1176 μέλει
3164 1120 3245 1155 σοι
3275 1100 3511 1171 περὶτῶν
3534 1100 3682 1151 (16th-

2214 1199 2407 1269 μένων,
2435 1198 2568 1268 μηδὲ
2597 1197 2844 1268 ἐκζητεῖς
2865 1199 2933 1252 τὰ
2955 1197 3234 1268 γινόμενα,
3280 1194 3457 1263 ἐπειδὴ
3490 1192 3600 1265 ὀρῶν
3622 1194 3682 1245 αὑ·
3776 1188 3777 1225 ἰ

2213 1290 2318 1344 τῶν
2348 1291 2444 1362 τὴν
2478 1284 2646 1361 ὀργὴν
2700 1291 2790 1343 καί
2824 1290 2922 1360 τὴν
2965 1289 3249 1361 πονηρίαν,
3279 1287 3377 1340 οὐκ
3400 1287 3537 1348 εὐθὺς
3554 1285 3685 1354 ἐξέρχῃ

2213 1386 2324 1446 τοῖς
2376 1382 2699 1453 γινομένοις,
2748 1380 2884 1435 ἀλλὰ
2930 1380 3259 1445 κατανοεῖς,
3291 1377 3515 1431 τουτέστι
3544 1377 3683 1446 μένεις,

2214 1476 2317 1537 ἓως
2364 1473 2429 1526 ἂν
2467 1474 2532 1525 ὲκ
2583 1472 2677 1525 τοῦ
2714 1472 2947 1541 πλήθους
2993 1471 3101 1524 τῶν
3144 1470 3288 1521 ἰδίων
3332 1465 3501 1521 κακῶν
3534 1468 3685 1525 ἑαυτοὺς

2217 1568 2413 1618 ἐκεῖνοι
2465 1566 2586 1628 ταῖς
2618 1566 2737 1627 σαῖς
2766 1562 3077 1634 παραδῶσιν
3104 1561 3311 1632 χερσὶν,
3353 1559 3411 1611 τὸ
3442 1558 3603 1627 πλῆθος
3627 1561 3686 1624 τῆς

2219 1656 2423 1718 οἰκείας
2445 1656 2657 1718 ἀδικίας
2704 1655 3133 1725 ἐπισπασάμενοι
3170 1652 3291 1705 καθ’
3318 1650 3508 1704 ἑαυτῶν
3550 1649 3619 1717 τὴν
3636 1666 3688 1699 τι·

2223 1749 2431 1820 μωρίαν
2450 1765 2461 1777 ·
2488 1749 2645 1802 τοῦτο
2669 1749 2725 1802 δὲ
2750 1747 2899 1817 λέγει
2914 1750 2979 1801 ὲκ
3004 1749 3311 1817 μεταφορᾶς
3336 1744 3437 1797 τῶν
3458 1743 3606 1813 μέχρις
3630 1742 3689 1809 μὲν

540 1804 683 1837 quo.
724 1804 896 1819 .........
948 1804 1145 1817 νων-..
1193 1804 1259 1813 __
1301 1804 1596 1812 -.η---νη
1633 1804 1856 1816 ,ηπ-η,
1895 1804 1980 1807 ___

540 1872 774 1930 quorum
807 1852 1113 1923 frequentia
1144 1848 1296 1903 adest
1333 1866 1346 1900 :
1378 1846 1495 1900 vult
1524 1853 1708 1899 autem
1735 1842 1832 1898 Dei
1865 1840 2111 1912 longani-

2233 1841 2335 1903 ἑνὸς
2370 1840 2463 1893 καὶ
2496 1840 2747 1911 δευτέρου
2770 1838 2941 1893 κακοῦ
2970 1840 3043 1909 μὴ
3070 1837 3390 1907 ἱσταμένων,
3410 1836 3465 1887 τὸ
3484 1835 3531 1887 δὲ
3558 1832 3692 1900 rdiis;

543 1950 793 2003 nitatem
825 1943 1138 2000 ostendere.

624 2232 793 2288 Vsus.
828 2231 914 2285 17.
958 2258 1014 2268 ——
1055 2225 1389 2282 Desiderium
1433 2224 1523 2278 hic
1571 2236 1671 2292 pro
1717 2235 1864 2290 prece
1914 2217 2118 2288 posuit,

548 2326 681 2397 quia
705 2338 829 2394 quae
856 2319 1235 2397 desideramus
1266 2317 1406 2383 ﬁeri,
1442 2317 1500 2371 in
1534 2327 1724 2371 eorum
1753 2310 2124 2383 postulatione

506 2458 509 2459 ν
552 2418 842 2472 instamus.

1116 2540 1438 2599 PSALMUS
1470 2540 1558 2596 XI.

638 2682 795 2723 reas.
826 2664 880 2719 3.
912 2694 980 2705 —-
1021 2661 1168 2716 Vana
1199 2675 1300 2731 pro
1328 2658 1515 2713 dolosa
1540 2672 1558 2711 :
1583 2653 1954 2712 communiter
1982 2652 2126 2708 enim

554 2774 694 2815 vana
731 2764 888 2812 vocat
916 2757 1102 2810 omnia
1125 2769 1247 2825 quae
1272 2768 1380 2808 non
1414 2750 1639 2825 decent,
1676 2750 1818 2805 sicut
1840 2748 1980 2802 bona
2010 2760 2129 2815 quae

557 2853 627 2907 ab
646 2849 927 2923 agentibus
956 2854 1103 2904 recte
1123 2846 1278 2900 tiunt.
1307 2874 1375 2884 --
1399 2842 1535 2898 Cum
1558 2842 1706 2905 dolo,
1726 2839 1925 2909 inquit,
1957 2851 2129 2891 unus-

557 2943 794 3013 quisque
824 2939 1068 3010 loquitur
1095 2936 1159 2990 ad
1193 2935 1527 3005 proximum,
1557 2933 1747 3010 sicque
1778 2929 1939 2983 labiis
1970 2935 2130 2981 utens

558 3036 615 3090 in
645 3049 740 3090 cor
773 3032 1008 3104 proximi
1048 3028 1332 3084 mendacia
1380 3027 1630 3082 immittit
1661 3044 1673 3079 :
1700 3007 1898 3094 illeque
1933 3023 2128 3076 iterum

560 3126 814 3182 similiter
848 3124 1048 3180 similia
1073 3120 1327 3186 remittit,
1362 3118 1489 3173 inde
1513 3119 1784 3189 reliquum
1814 3125 1898 3172 est
1934 3124 1991 3169 ut
2022 3112 2131 3165 illis

562 3218 858 3273 vindictam
888 3216 1145 3270 minetur.

632 3307 800 3365 sts.
835 3309 889 3363 5.
918 3337 989 3347 —
1021 3308 1221 3363 Dicunt
1251 3305 1505 3369 scilicet,
1540 3300 1742 3372 inquit,
1774 3299 1831 3353 in
1866 3303 2136 3367 potestate

565 3407 758 3457 nostra
801 3415 925 3456 esse
970 3414 1090 3469 quae
1124 3399 1378 3453 volumus
1413 3395 1564 3465 loqui
1601 3413 1614 3449 :
1653 3407 1815 3464 quem
1852 3391 1997 3445 enim
2042 3388 2139 3443 do-

562 3494 775 3549 minum
836 3492 1101 3546 habemus
1144 3490 1238 3560 qui
1284 3489 1563 3543 timendus
1614 3484 1723 3540 sit?
1772 3482 1889 3536 Hoc
1955 3486 2137 3534 autem

564 3585 701 3643 dicit
752 3600 860 3638 non
910 3584 1069 3656 quasi
1107 3584 1187 3637 sic
1224 3582 1336 3636 illis
1372 3580 1597 3635 omnino
1629 3574 2012 3646 loquentibus,
2043 3569 2139 3624 sed

565 3676 778 3732 ratione
819 3676 1015 3746 agendi
1065 3672 1487 3730 ostendentibus
1533 3668 1717 3724 omnia
1746 3668 1827 3722 sic
1873 3664 1993 3720 sine
2026 3661 2140 3716 ullo

569 3768 765 3824 timore
792 3767 991 3832 facere,
1021 3767 1179 3837 quasi
1207 3765 1394 3819 nullus
1420 3768 1565 3818 esset
1583 3759 1774 3831 judex.

636 3879 804 3936 Vens.
830 3880 883 3935 9.
907 3909 974 3923 ——-
994 3878 1131 3932 Cum
1154 3876 1396 3945 undique
1416 3872 1484 3927 ab
1505 3869 1692 3942 impiis
1710 3865 2138 3927 circumdemur,

566 3973 892 4043 neutiquam
926 3969 1088 4025 aliter
1112 3968 1355 4033 liberari,
1388 3964 1494 4020 nisi
1531 3962 1641 4016 Deo
1668 3960 1981 4030 adiuvante,
2009 3969 2139 4025 pos-

568 4082 783 4124 sumus.

1100 4195 1424 4252 PSALMUS
1466 4192 1580 4247 XII.

640 4319 806 4374 Vens.
836 4318 891 4371 2.
928 4347 999 4359 --
1026 4316 1087 4369 In
1116 4312 1412 4369 solitudine
1451 4324 1553 4364 sua
1595 4308 1735 4361 bene
1788 4311 2023 4359 mentem
2074 4304 2143 4356 ad

572 4406 742 4463 Deum
771 4408 1039 4471 elevabat,
1076 4416 1241 4474 atque
1289 4403 1344 4456 in
1379 4401 1563 4454 animo
1591 4398 1829 4453 contrito
1860 4394 2143 4450 tremenda

573 4498 696 4568 ejus
725 4498 931 4567 judicia
968 4496 1338 4552 meditabatur
1366 4511 1379 4546 :
1403 4490 1542 4545 Num
1578 4490 1708 4544 mihi
1742 4488 2017 4560 pr0pitius
2042 4485 2144 4541 fuit

2220 1935 2327 1987 τῶν
2374 1933 2673 2004 γινομένων
2712 1932 2937 1996 ἑαυτοὺς
2980 1932 3221 2000 ἀγόντων
3261 1931 3339 1992 εἰς
3368 1930 3431 1982 τὰ
3458 1927 3693 1993 δικαστήρια

2218 2024 2278 2076 τὸ
2305 2023 2409 2076 τῶν
2438 2023 2808 2093 ἀδικουμένων
2834 2021 3036 2092 πλῆθος
3062 2036 3074 2050 ⁸
3125 2020 3373 2091 βούλεται
3399 2018 3452 2070 δὲ
3487 2012 3692 2079 δεῖξαιπῦ

2220 2116 2353 2169 Θεοῦ
2380 2116 2477 2187 τὴν
2509 2116 2907 2188 μακροθυμίαν.

2293 2232 2442 2303 Στίχ.
2492 2231 2576 2295 ιζ’.
2608 2262 2675 2272 -
2720 2230 3076 2299 Ἐπιθυμίαν·
3120 2228 3356 2283 ἐνταῦθα
3381 2228 3490 2282 ἀντὶ
3521 2225 3611 2288 τοῦ,
3637 2222 3696 2292 τὴν

2223 2326 2555 2397 προσευχὴν,
2574 2325 2718 2393 λέγει
2746 2339 2758 2353 ⁸
2784 2322 2973 2395 ἐπειδὴ
3013 2323 3155 2393 ἆπερ
3190 2321 3457 2392 ποθοῦμεν
3479 2316 3696 2388 γίγνεσθαι,

2222 2418 2397 2472 ταῦτα
2426 2418 2521 2472 καὶ
2560 2416 2812 2488 εὔχεσθαι
2845 2416 3128 2485 φιλοῦμεν.

2800 2543 3084 2598 ΨΑΛΜΟΣ
3114 2544 3217 2596 IA'.

2299 2662 2445 2731 Στίχ.
2468 2660 2538 2729 γ’.
2570 2689 2639 2699 —-—
2663 2658 2893 2713 Ma'tma
2919 2657 2995 2729 (l)
3028 2656 3149 2710 ἀντὶ
3180 2653 3301 2723 τοῦ,
3344 2653 3543 2725 δολερὰ·
3576 2646 3701 2709 κοινῶς

2229 2755 2283 2808 δὲ
2314 2754 2519 2824 μάταια
2579 2747 2720 2805 οἶδεν
2778 2752 2993 2805 ἅπαντα
3035 2748 3218 2801 καλεῖν
3256 2747 3325 2802 τὰ
3354 2747 3531 2808 ἄτοπα,
3556 2742 3703 2809 ὡςείκῆ
3776 2760 3777 2824 ξ

2230 2846 2381 2917 παρὰ
2430 2844 2535 2897 τῶν
2578 2843 2925 2915 πραττόντων
2979 2844 3260 2913 γινόμενα.
3298 2870 3369 2881 -
3412 2838 3549 2893 Μετὰ
3589 2836 3701 2894 δόλου,

2233 2938 2419 3007 φησὶν,
2445 2935 2693 3006 ἀλλήλοις
2723 2934 3221 3006 προσδιαλέγονται,
3248 2935 3346 2988 καὶ
3366 2933 3521 2996 οὕτως
3538 2931 3618 2991 τοῖς
3635 2926 3704 2996 χεί·
3776 2926 3777 2993 Ῐ

2231 3030 2347 3082 λεσι
2378 3026 2655 3100 χρώμενος
2698 3029 2777 3091 εἰς
2824 3028 2921 3098 τὴν
2949 3026 3043 3080 τοῦ
3083 3026 3252 3090 πέλας
3286 3025 3501 3095 καρδίαν
3524 3021 3577 3075 τὰ
3595 3015 3705 3088 ψευδῆ

2234 3120 2623 3191 παραπέμπειο
2664 3120 2910 3181 κάκεῖνος
2953 3119 3114 3172 πάλιν
3140 3119 3344 3189 ὁμοίως
3375 3114 3645 3183 ἀντιπέμπει
3667 3108 3707 3159 τὰ

2161 3230 2204 3286 c
2236 3214 2396 3284 ὅμοια
2416 3231 2428 3242 ·
2462 3210 2709 3265 ὲιντεῦθεν
2733 3210 2916 3264 λοιπὸν
2953 3209 3133 3275 αὐτοῖς
3164 3209 3379 3263 ἀπειλεῖ
3408 3209 3641 3278 τιμωρίαν.

2308 3304 2456 3373 Στίχ.
2486 3310 2548 3356 ε’.
2578 3334 2646 3343 -
2678 3301 2942 3370 Λέγουσιν
2971 3300 3100 3372 γὰρ,
3119 3301 3310 3372 φησὶν,
3342 3301 3420 3353 ὅτι
3444 3296 3519 3352 ἐπ’
3543 3291 3709 3361 ἐξουσίας

2238 3396 2552 3467 ἡμῶνὲστιν
2579 3393 2613 3447 ἃ
2640 3392 2943 3464 βουλόμεθα
2959 3390 3296 3461 φθέγγεσθαι
3314 3408 3327 3422 ·
3350 3390 3464 3445 τίνα
3479 3387 3569 3457 γὰρ
3583 3386 3710 3455 ἔχομεν

2235 3487 2520 3559 δεσπότην,
2551 3485 2609 3538 ὃν
2624 3486 2719 3538 καί
2740 3484 2911 3538 δεῖσαι
2936 3484 3016 3539 δεῖ
3035 3501 3051 3551 ;
3072 3482 3229 3538 τοῦτο
3252 3483 3312 3538 δὲ
3334 3481 3470 3555 [οὐχ]
3486 3480 3549 3541 ὡς
3569 3478 3711 3530 πάντως
3776 3480 3777 3487 ‘

2236 3578 2502 3645 λεγόντων
2526 3576 2751 3629 ἐκείνων
2805 3574 2992 3644 φησὶν,
3038 3573 3153 3629 ἀλλ’
3193 3573 3269 3639 ὡς
3296 3572 3374 3644 τῷ
3399 3563 3711 3644 πράγματιδε·

2239 3667 2478 3722 κνὺντων
2523 3668 2582 3719 τὸ
2624 3666 2796 3730 οὕτως
2842 3665 3009 3729 ἀδεῶς
3042 3664 3258 3720 ἅπαντα
3303 3650 3709 3737 ἰτράττσειν,ὼςτοδ³ι

2239 3761 2389 3825 ὄντος
2422 3758 2632 3831 κριτοῦ.

2308 3874 2460 3944 Στίχ.
2494 3873 2560 3927 θ’.
2590 3902 2659 3914 -
2701 3871 2918 3942 Ἐπειδὴ
2942 3870 3068 3933 τοὺς
3091 3869 3196 3923 ὑπὸ
3230 3869 3343 3923 τῶν
3372 3855 3713 3921 ἀσεϐῶνκνκὶω-

2239 3966 2433 4029 θέντας
2461 3967 2562 4020 οὑκ
2613 3964 2817 4017 ἔνεστιν
2868 3962 3070 4034 ἑτέρως
3116 3962 3215 4032 τὴν
3255 3962 3457 4015 τούτων
3486 3946 3713 4013 domm

2241 4057 2503 4131 εὕρασθαι
2528 4061 2602 4132 μὴ
2630 4058 2708 4130 τῷ
2737 4057 2855 4129 Θεῷ
2896 4054 3072 4127 βοηθῷ
3097 4051 3475 4127 χρώμενοῘυ]ς.

2812 4188 3098 4242 ΨΑΛΜΟΣ
3133 4186 3232 4241 lB'.

2317 4324 2462 4379 Ατιχ.
2488 4308 2624 4377 β¹.-
2640 4306 2796 4368 Εἰκὸς
2821 4302 2888 4375 ἦν
2908 4303 3072 4357 αὐτοῦ
3101 4301 3295 4355 τούτου
3325 4302 3477 4371 μόνον
3498 4303 3716 4368 φροντενσν

2245 4420 2311 4454 τα
2339 4400 2523 4453 τοῦτον
2561 4398 2693 4452 Θεὸν
2724 4396 2936 4469 ἔχει[νῖ,
2970 4397 3063 4449 καὶ
3091 4393 3521 4465 κατηλλαγμένον

2248 4491 2653 4560 διαλογίζεσθαι
2682 4465 3013 4559 φοέοὺ-μενον
3045 4489 3101 4541 ἐν
3131 4490 3197 4558 τῇ
3227 4487 3375 4557 ψυχῇ
3402 4499 3414 4511 ·
3446 4478 3570 4551 ’Ἄρα
3591 4465 3717 4559 κατῆλξ

574 4589 761 4645 Deus?
798 4589 937 4644 Num
970 4590 1050 4642 ira
1075 4588 1197 4657 ejus
1223 4585 1464 4655 quievit?
1496 4582 1746 4638 lratusne
1796 4591 1880 4637 est
1924 4579 2128 4634 adhuc?

2249 4585 2443 4637 λακταί
2493 4601 2581 4655 μοι
2637 4584 2665 4634 ὁ
2707 4582 2880 4645 Θεός;
2921 4576 3030 4651 ἆρα
3086 4578 3367 4632 πέπαυται
3410 4577 3499 4645 τῆς
3524 4551 3719 4657 κατ’

576 4682 793 4753 aliaque
838 4672 1175 4749 hujusniodi.
1221 4679 1312 4733 Sic
1345 4690 1477 4746 ergo
1528 4673 1773 4744 loquitur
1800 4693 1813 4729 :
1844 4671 2147 4742 Usquequo

576 4774 693 4828 hmc
734 4773 1071 4834 meditabor,
1117 4772 1404 4841 etfponam
1443 4768 1709 4823 consilia?
1743 4766 1913 4820 Donec
1954 4765 2146 4817 avertis

577 4870 787 4938 faciem.
812 4868 1007 4937 inquit,
1040 4865 1092 4919 id
1123 4874 1224 4927 est,
1252 4850 1507 4917 irasceris
1534 4869 1724 4915 contra
1768 4874 1853 4912 me
1873 4898 1888 4922 ,
1918 4868 2150 4911 necesse

576 4970 660 5016 est
683 4969 803 5030 post
822 4961 933 5013 haec
952 4958 1214 5029 cogitare,
1240 4956 1464 5025 haecque
1485 4951 1761 5008 meditari.
1787 4948 1935 5003 Loco
1957 4946 2127 5017 hujus

580 5049 942 5122 Symmachus
972 5049 1109 5102 dixit
1144 5068 1155 5101 :
1197 5047 1397 5102 Curam
1442 5046 1495 5098 in
1540 5043 1694 5097 corde
1739 5057 1850 5094 meo
1886 5038 2148 5117 quotidie.

579 5144 703 5198 llzec
730 5151 911 5197 autem
948 5142 1173 5211 scripsit
1207 5136 1560 5210 (Psalmist.)
1596 5134 1663 5188 ad
1694 5140 1936 5187 nostram
1964 5130 2155 5184 admo-

579 5236 861 5294 nitionem,
898 5234 1175 5302 quomodo
1220 5230 1483 5301 pmnitere
1511 5232 1762 5296 oporteat
1802 5228 2155 5293 peccatorum

580 5327 779 5382 docens
833 5327 917 5380 his
970 5326 1185 5389 verbis,
1234 5324 1435 5390 quibus
1478 5328 1537 5374 ut
1571 5317 1856 5372 medicinis
1891 5314 2155 5369 utendum

580 5426 685 5473 08L

656 5530 817 5584 Vens.
848 5532 896 5584 '5.
934 5559 1005 5571 —-
1034 5529 1142 5582 Deo
1188 5534 1415 5597 propter
1458 5532 1743 5594 peccatum
1774 5517 1887 5589 pati
1925 5533 2153 5572 consen-

587 5625 771 5684 tientc,
798 5624 966 5677 fortes
1006 5620 1223 5674 interim
1260 5626 1415 5672 erant
1447 5616 1649 5671 inimici
1688 5615 1954 5669 adversus
1982 5610 2156 5672 illum.

653 5804 729 5873 (ι)
772 5803 872 5855 Mai
903 5801 1033 5856 ibid.
1078 5818 1130 5871 p.
1169 5799 1292 5853 392.

2252 4676 2441 4748 ὀρίῆῇ
2473 4674 2505 4744 ἢ
2534 4673 2807 4744 ὀργίζεται
2840 4671 2953 4737 En;
2987 4672 3078 4723 καὶ
3121 4671 3219 4723 ὅσα
3252 4666 3490 4721 τοιαῦτα.
3522 4657 3648 4713 Τοῦτο
3668 4640 3721 4698 οὖν

2255 4742 2435 4836 (ῥηάίνο
2457 4742 2598 4828 Ἕως
2616 4764 2742 4816 πότε
2764 4762 2833 4815 τὰ
2852 4762 3073 4816 τοιαῦτα
3093 4746 3637 4830 ἔῑνθυμηθιίγσωμιιι,καὶ

2254 4829 2559 4929 λεῦσωμαι;
2580 4858 2763 4926 Μέχρι
2783 4851 3165 4922 ἀποστρέφῃς
3188 4868 3219 4904 τ
3221 4851 3251 4905 ὸ
3275 4852 3590 4929 πρόσωστΟῩ’
3606 4829 3721 4929 εἶφ’

2257 4952 2531 5005 τουτέστιν
2558 4947 2751 5019 ὀργίζῃ
2789 4943 2908 4997 κατ’
2930 4941 3063 5012 ἐμοῦ
3090 4981 3104 5005 ,
3139 4940 3352 5010 ἀνάγκη
3390 4955 3455 5009 με
3485 4928 3618 4985 gutta
3640 4918 3723 5019 νῦν

2260 5043 2476 5097 πτεύειν
2499 5041 2591 5093 καὶ
2610 5038 2779 5091 ταῦτα
2794 5033 3100 5103 λογίζεσθαι
3120 5050 3132 5061 ·
3158 5031 3275 5084 ἀνθ’
3301 5026 3363 5083 οῦ
3390 5008 3720 5102 muti-110;???

2261 5136 2561 5202 Μέριμναν
2582 5131 2649 5183 ἐν
2671 5127 2743 5195 τῇ
2778 5126 2989 5193 καρδίᾳ
3032 5142 3154 5193 μον
3176 5115 3305 5168 καθ’
3341 5112 3580 5182 ἡμέραν
3616 5111 3723 5197 “"1"

2260 5228 2318 5279 δὲ
2340 5188 2551 5295 ΞζὙβάιςιῖνη
2581 5188 2740 5293 πρὸς..
2774 5188 3051 5271 νοῦθεστίαν
3087 5208 3263 5279 ἡμῶν,
3290 5206 3406 5268 πῶς
3432 5204 3506 5255 δεῖ
3532 5188 3722 5268 μετανοεῖν

2263 5318 2348 5384 ἐφ’
2368 5290 2585 5384 ἆμαρτή
2595 5290 2757 5382 μασιν
2789 5304 3167 5361 ὲκδιδάσκοντα
3185 5300 3294 5361 τοῖς
3315 5293 3533 5366 παροῦσι
3548 5290 3724 5359 ῥήμασιν,

2264 5402 2350 5460 οἶα
2381 5406 2436 5457 δὲ
2470 5402 2777 5473 φαρμάκοις
2795 5392 3126 5467 χρωμένους.

2337 5516 2483 5586 Στίχ.
2521 5522 2585 5583 γ’.
2622 5542 2691 5552 --
2739 5508 2844 5561 Τοῦ
2896 5503 3029 5557 Θεοῦ
3071 5503 3296 5571 πάσχειν
3341 5482 3727 5578 συγκεχωρηκάτῆ

2266 5608 2352 5662 διὰ
2518 5602 2813 5675 ἁμαρτίαν,
2842 5596 3048 5668 ἰσχυροὶ
3074 5596 3170 5666 μὲν
3190 5588 3327 5663 ἦσαν
3351 5591 3399 5643 οἰ
3431 5584 3637 5651 πολέμιοι
3654 5583 3716 5623 κατ
